1942 3075
96 130 164 162 1οΊ9
484 132 603 164 EPIST.
625 132 676 163 AD
696 132 786 164 DOM.
805 132 1034 172 ROBOREUM,
1048 119 1156 166 CARD.
1172 135 1331 167 TAURIN.
1656 132 1724 166 1010

91 188 166 216 ferre
181 194 262 216 nemo
279 191 322 216 est
337 188 385 224 qui
402 189 519 224 ignoret.
540 190 608 218 Nam
625 190 690 225 quid
715 198 792 218 amor
815 190 881 218 aile-
897 195 919 222 Α
935 197 1008 220 recta
1036 193 1150 220 minime
1178 193 1236 220 ﬁeri
1262 197 1362 228 potest.
1379 191 1512 225 Quocirca
1530 197 1581 218 nec
1608 189 1634 217 Id
1657 197 1724 218 sane

93 236 150 261 etat
163 253 170 265 ,
186 233 252 272 quid
275 234 467 262 benevolentia
490 234 606 270 ﬂagitat,
620 235 747 271 ignorare
769 235 884 263 nimium
936 239 1129 274 negligendum
1146 247 1208 267 esse
1223 239 1316 266 censui
1334 248 1341 266 ;
1357 238 1428 273 quod
1444 236 1555 272 quidem
1574 235 1647 263 haud
1667 243 1723 261 me-

93 278 206 307 bebetis
222 287 299 313 sane,
317 280 434 308 nimium
450 281 576 309 vecordis
598 281 717 308 hominis
735 288 796 309 esse
818 289 885 309 con-
938 284 1069 312 diocriter
1085 285 1144 312 sine
1162 284 1247 312 dubio
1262 284 1342 311 nobis
1361 283 1485 311 conferet
1499 282 1533 310 ad
1550 281 1577 309 id
1594 281 1627 308 ad
1650 279 1723 314 quod

93 328 160 351 stat.
176 324 209 352 Et
224 325 250 352 id
263 326 335 359 quod
358 326 556 354 benevolentiae
571 328 640 354 ratio
651 327 785 362 postulat,
812 327 886 362 quod
939 330 1051 358 tendere
1064 330 1249 364 maximopere
1264 329 1400 363 cupimus.
1417 327 1581 358 Aristotelis,
1598 326 1721 360 inquam.

96 375 113 396 e
129 370 290 403 praecordiis
304 370 408 398 amoris
420 372 537 407 emergit
551 372 691 407 negligere
708 371 887 407 posthabere-
938 375 1014 402 illius
1029 376 1116 402 nostri
1139 374 1359 410 praestantissimi
1388 373 1544 408 philosophi
1571 370 1727 404 summique

97 420 151 447 que
164 414 225 448 eius
237 420 280 442 est
294 414 430 449 profecto,
458 417 502 444 cui
523 424 567 444 res
582 416 677 444 eadem
696 417 784 452 placet
805 421 887 451 atque
939 420 1053 447 artificis
1065 428 1148 455 opera
1161 420 1294 447 nonnulla
1308 421 1444 447 bonorum
1460 419 1583 446 omnium
1597 417 1654 444 sola
1666 423 1727 442 meo

96 466 151 486 non
180 459 284 494 placet,
303 461 408 496 quique
427 462 556 490 maximis
573 463 600 489 in
626 463 708 490 rebus
727 461 889 490 hunestissi-
936 465 1041 500 judicio
1064 465 1162 496 fontes,
1181 466 1254 493 unde
1284 465 1348 492 finis
1363 465 1500 492 humanus
1521 467 1641 494 emanat,
1672 461 1728 489 ele-

96 504 204 539 misque
231 510 327 541 suapte
355 511 453 541 sponte
475 508 622 543 delinquit.
653 507 758 536 Omitto
788 511 889 534 mutua:
939 511 1048 546 gantius
1064 508 1146 538 nunc
1172 511 1316 539 traducere
1345 511 1450 546 tibique
1477 509 1578 536 offerre
1602 507 1662 534 :ab
1693 513 1727 534 eo

97 548 297 577 δοηθνοΙθηιίῖθ
316 552 459 586 ωυιυῖαυθ
481 553 584 580 amoris
601 553 698 580 merita
712 553 828 588 ἱιιττιίιυθ
845 560 889 579 τε·
939 557 1112 592 potissimum
1139 557 1217 585 initio
1235 562 1356 592 sumpto,
1387 563 1442 591 quo
1458 555 1573 583 scientia
1590 553 1625 581 de
1638 553 1729 580 anima

97 594 170 622 ίθπθ
185 596 306 630 ιίιυίδυε
331 597 353 625 εί
379 598 515 632 (ιιιῑερῑτίω
542 599 634 633 quoad
649 600 724 626 Vires
738 603 889 633 δυρρειυιιι
941 603 1068 630 traditur.
1083 603 1143 636 Qua
1156 603 1238 638 plane
1253 610 1309 630 non
1326 602 1409 630 modo
1423 605 1586 629 ceterorum
1605 598 1729 626 omnium

79 642 173 670 .haud
203 643 381 678 respondeat,
396 644 602 679 ingratitudinis
614 644 750 672 obnoxius
761 644 891 678 iniquita—
940 648 1132 680 animantium,
1171 648 1218 675 sed
1242 652 1367 679 nostrum
1391 647 1474 674 etiam
1489 643 1663 672 exactissime
1684 650 1732 670 na~

97 688 168 715 tisve
181 689 292 716 crimini
306 697 360 716 nou
378 689 476 725 injuria
499 690 603 717 fuerit:
620 698 635 717 a
650 690 750 725 quibus
770 689 890 716 humana
942 697 1041 725 turam,
1072 682 1253 727 humanaeque
1278 692 1418 720 felicitatis
1449 690 1595 725 originem,
1623 695 1733 720 causas,

98 734 225 768 probitas
251 735 419 770 ingenuique
438 743 529 763 ntores
550 737 722 770 potissimum
739 736 889 763 abhorrere
941 738 1078 773 principia
1103 738 1249 772 fontesque
1274 737 1417 772 percipere
1442 741 1600 771 possumus.
1619 733 1686 761 Nam
1703 737 1734 760 ut

97 778 238 807 videntur.
252 780 294 808 Tu
304 780 367 808 vita:
378 781 462 808 talem
475 786 568 809 tenere
582 782 766 816 pulcherrime
779 788 889 809 cursum
942 788 969 810 te
989 790 1043 810 non
1061 783 1194 817 praeterit,
1212 788 1359 816 utrumque
1383 788 1455 808 cura:
1485 787 1539 808 non
1560 779 1662 814 injuria
1685 784 1738 804 no-

98 825 255 859 instituisti,
283 831 313 854 ut
325 827 484 855 domesticis
497 827 581 855 rebus
594 828 808 855 familiaribusve
821 828 890 854 bene
905 862 917 863 7
943 828 985 855 bis
999 836 1059 856 esse
1075 836 1083 855 :
1099 835 1150 855 nos
1173 828 1229 863 jam
1250 828 1295 854 ditt
1312 826 1460 854 statuimus
1485 834 1493 852 :
1512 831 1605 852 rerum
1622 823 1734 858 inquam

98 870 230 905 lauteque
248 871 390 906 dispositis
411 873 511 907 partim
533 872 696 907 amplissimi
714 862 928 906 magistratusB
942 875 1067 902 notitiam
1093 884 1100 901 :
1124 862 1178 901 tarn
1203 880 1301 900 earum
1328 879 1390 907 qua:
1412 871 1517 898 nullius
1541 874 1624 904 egent
1643 875 1735 902 opera:

100 915 191 943 oﬂicio
207 924 375 951 manereque
389 917 498 945 caeteris
509 917 669 945 horninibus
679 918 753 945 vivas
771 917 889 952 :partim
942 924 1044 948 nostra:
1067 929 1073 947 ε
1094 927 1176 954 quam
1203 926 1299 946 earum
1317 924 1436 952 quarum
1458 923 1509 944 nos
1535 919 1663 942 auctores
1687 920 1734 940 su-

100 961 130 989 in
143 962 298 990 litterarum
320 963 369 990 tibi
390 963 490 991 studiis
506 963 694 998 doctrinisque
711 963 892 991 nobiliSSimis
942 974 1003 993 mus
1018 972 1153 1000 :qquue
1165 965 1216 992 sub
1227 968 1364 999 potestate
1381 967 1478 990 nostra
1491 965 1557 989 sunt
1571 960 1710 988 collocatae
1724 966 1732 984 :

100 1007 268 1040 δεῑῖεῖθοῖθεν
294 1014 440 1044 utramque
463 1017 599 1037 summam
624 1009 735 1037 vivendi
755 1011 890 1037 rationem
942 1017 971 1040 et
982 1013 1148 1047 elegantiam
1161 1011 1262 1046 linguae
1278 1019 1285 1038 :
1302 1009 1412 1038 dicendi
1425 1009 1560 1036 rationem
1576 1015 1582 1034 :
1597 1006 1734 1034 delectum

101 1054 272 1088 complexus.
288 1054 316 1081 ln
334 1062 388 1090 qua
407 1055 457 1082 tibi
477 1062 521 1082 me
542 1062 652 1090 quoque
665 1055 792 1083 comitem
810 1060 892 1089 atque
942 1058 1090 1085 verborum
1107 1066 1114 1084 :
1130 1061 1272 1090 ornatum,
1291 1059 1466 1084 venustatem
1487 1061 1519 1081 ac
1533 1053 1641 1088 copiam
1657 1060 1664 1078 :
1681 1057 1737 1085 quo

101 1099 208 1127 socium
223 1100 366 1129 ascivisti:
382 1107 436 1128 non
453 1101 557 1129 inscius
567 1100 657 1128 studia
671 1101 771 1136 quibus
786 1101 892 1129 incum-
943 1111 991 1131 res
1006 1103 1209 1138 sententiaque
1230 1102 1345 1129 dictioni
1364 1110 1371 1128 :
1387 1105 1415 1129 et
1432 1100 1517 1128 rebus
1537 1097 1738 1130 sententiisque

102 1146 194 1174 bimus
213 1147 376 1181 expeditius,
389 1147 513 1175 exactius
530 1147 582 1174 hoc
594 1152 674 1182 pacto
688 1148 820 1176 meliusve
831 1148 891 1175 ﬁeri
943 1149 1028 1176 dictio
1045 1148 1081 1176 sit
1093 1147 1259 1176 conveniens
1273 1151 1355 1182 atque
1367 1144 1584 1176 accommodata,
1613 1143 1636 1170 si
1649 1140 1739 1169 sensis

97 1199 198 1234 (posse.
223 1192 279 1227 Ego
297 1192 344 1228 qui
370 1200 416 1220 res
442 1201 539 1220 omnes
556 1192 701 1227 humanas,
714 1194 818 1228 optimo
838 1193 892 1221 fine
944 1195 1080 1222 orationes
1093 1202 1100 1222 :
1113 1201 1191 1222 sensa
1203 1194 1287 1221 rebus
1296 1190 1528 1221 accommodanda
1541 1190 1608 1220 sint,
1637 1191 1666 1214 ut
1680 1190 1738 1213 tum

103 1238 221 1273 sublato,
238 1246 322 1265 vanas
344 1245 405 1266 esse
444 1238 525 1266 nihili
550 1238 762 1274 pendendasque
784 1247 894 1274 semper
943 1241 1065 1274 ipsorum
1080 1240 1151 1267 ratio
1167 1245 1321 1274 naturaque
1335 1259 1343 1270 ,
1359 1241 1417 1265 tum
1429 1235 1568 1265 institutio
1581 1233 1738 1276 sapientum

104 1284 198 1319 putavi
214 1292 221 1311 :
240 1284 321 1318 cujus
344 1283 388 1311 illa
404 1284 540 1311 sententia
556 1288 690 1320 perpetua
713 1284 764 1311 fuit
782 1285 892 1312 :homi-
944 1286 1086 1313 hominum
1096 1284 1348 1320 expetit,eﬂlagitat
1359 1289 1441 1318 atque
1449 1279 1653 1320 exposcit..Non
1666 1277 1739 1306 enim

103 1339 167 1359 nem
188 1332 334 1366 utriusque
355 1331 418 1359 vitae
441 1332 577 1360 rationem
595 1332 767 1367 complexum
784 1333 893 1361 :oculis
944 1332 963 1359 ii
979 1331 1061 1359 nobis
1087 1336 1120 1365 _ut
1136 1331 1307 1366 exemplaria
1334 1330 1392 1358 sint
1411 1326 1590 1364 proponendi,
1607 1334 1615 1353 ι
1630 1324 1677 1359 qui
1699 1322 1740 1350 vel

104 1378 229 1412 utrisque
259 1377 374 1412 praedito
392 1378 502 1412 corpori
518 1386 525 1405 :
541 1366 680 1406 carentem
701 1378 785 1406 altera
803 1378 890 1411 lusco,
944 1380 1044 1404 ornatu
1060 1376 1210 1404 verborum
1238 1379 1355 1403 utuntur
1371 1374 1432 1402 sine
1448 1372 1545 1400 n0titia
1562 1377 1654 1398 rerum
1675 1366 1740 1418 :ch

105 1423 296 1458 praestantiore
324 1423 421 1451 dextro
441 1428 552 1458 aspectu
581 1433 589 1451 :
605 1423 735 1451 inferiore
754 1423 866 1451 sinistro
883 1431 891 1450 :
944 1423 1060 1450 scientia
1075 1421 1182 1457 praediti
1194 1420 1271 1454 sunt,
1297 1420 1357 1447 sine
1378 1418 1476 1454 peritia
1490 1415 1606 1445 rationis
1619 1412 1740 1442 dicendi-

106 1474 246 1504 expertem
264 1470 408 1504 utriusque
423 1476 496 1496 caaco
514 1469 625 1504 penitus
640 1469 808 1504 persimilem
821 1477 892 1497 esse.
945 1467 1063 1502 Insignis
1090 1467 1214 1501 profecto
1237 1464 1418 1500 turpitudinis
1444 1466 1486 1490 est
1512 1466 1673 1494 utrumque,
1686 1462 1740 1504 tam

105 1501 156 1542 Cui
177 1514 273 1549 religio
291 1501 461 1542 sanctissima
484 1501 588 1547 nostra,
608 1501 687 1542 nobis
710 1514 801 1541 oblata
824 1514 892 1542 divi-
911 1525 933 1554 ο
948 1501 1018 1540 vane
1036 1520 1118 1547 quam
1149 1518 1232 1546 prave
1253 1510 1340 1545 loqui,
1366 1515 1523 1544 quanquam
1548 1506 1677 1555 alterum.
1699 1501 1743 1528 vel

107 1561 193 1594 nitus,
222 1561 274 1588 hac
296 1568 406 1595 quoque
425 1560 530 1588 ratione
552 1559 626 1594 quod
650 1564 811 1595 perornatus
833 1567 898 1595 per-
914 1550 933 1554 ’
952 1558 1120 1593 impotentia:
1145 1557 1218 1584 forte
1243 1555 1365 1587 fortuna,
1389 1554 1431 1582 vel
1457 1550 1586 1588 segnitiei
1610 1550 1741 1576 ratione:

108 1606 254 1641 fectosque
289 1607 416 1634 homines
445 1611 562 1640 utroque
594 1606 705 1633 vivendi
735 1606 817 1633 modo
842 1606 901 1633 suis
952 1603 1104 1632 secundum
1125 1602 1216 1638 potius
1243 1605 1287 1629 est
1310 1599 1511 1635 expetendum.
1535 1596 1744 1631 Conjungamus

112 1652 308 1686 pulcherrimis
321 1652 429 1687 legibus
442 1651 633 1686 institutisque
651 1651 766 1679 reddere
784 1656 837 1678 tam
855 1659 902 1679 na-
952 1658 1002 1678 nos
1015 1657 1047 1677 ea
1063 1656 1123 1684 qua:
1137 1646 1327 1683 cunjungenda
1343 1647 1457 1672 omnino
1474 1647 1549 1674 sunt,
1566 1648 1621 1668 non
1637 1647 1670 1667 ea
1683 1644 1745 1673 quae

111 1702 181 1724 turae
196 1705 278 1732 quam
300 1686 397 1732 Opiiici
410 1704 462 1724 suo
491 1701 617 1730 conatur,
647 1697 827 1724 vehementer
845 1697 903 1731 pla-
953 1696 1013 1723 sine
1031 1695 1165 1722 dedecore
1184 1700 1235 1720 suo
1256 1694 1349 1727 potest
1368 1696 1489 1724 unquam
1511 1686 1681 1722 conjungere
1697 1690 1744 1710 ne~

112 1747 157 1770 cet
175 1751 183 1770 :
199 1751 281 1778 quem
300 1743 420 1778 denique
434 1748 535 1778 praeter
549 1743 719 1770 honestatem
733 1743 846 1770 omnino
861 1750 904 1770 sa-
954 1749 1010 1774 mo,
1028 1748 1059 1768 ac
1074 1739 1236 1774 sapientiam
1253 1737 1287 1764 ab
1300 1736 1448 1771 elegantia,
1470 1735 1564 1768 lepore
1588 1732 1745 1778 venustate-

111 1789 276 1824 pientiaaque
287 1774 454 1816 studia-nihil
465 1789 584 1816 delectat
597 1798 604 1815 :
616 1788 682 1823 quid
693 1795 755 1823 erga
765 1792 790 1815 te
804 1788 902 1816 faciam
954 1794 1008 1822 que
1022 1785 1171 1814 verborum
1187 1783 1379 1817 orationisque
1403 1788 1458 1807 non
1475 1783 1648 1829 separemus.
1668 1774 1744 1802 lianc

113 1823 206 1870 quaeso
218 1834 284 1869 quid
294 1842 371 1869 agam
385 1842 392 1861 :
408 1834 481 1868 quod
492 1834 526 1861 ad
542 1838 673 1869 utrosque
683 1841 733 1862 nos
748 1841 903 1861 aceommo-
955 1833 1036 1868 igitur
1051 1827 1163 1866 cperam
1177 1830 1236 1864 ipse
1259 1836 1318 1856 mea
1340 1825 1476 1855 sententia
1491 1832 1546 1851 non
1556 1823 1743 1871 inhonestam,

114 1879 286 1907 datiSsittium
299 1879 383 1906 fuerit
398 1887 406 1906 :
422 1883 479 1906 tum
499 1879 632 1911 inStante,
653 1883 766 1914 urgente
781 1876 902 1912 oompel-
955 1886 1009 1906 non
1035 1877 1172 1908 inutilem,
1186 1883 1242 1902 non
1269 1872 1457 1909 iniucundam,
1485 1877 1539 1897 non
1566 1876 1580 1895 a
1604 1874 1744 1917 cam-munt

113 1923 245 1958 lcnteque
258 1931 352 1951 amore
371 1932 378 1950 :
397 1929 453 1950 tum
468 1923 596 1950 instituto
610 1923 674 1950 vita:
690 1922 806 1958 perinde
821 1926 904 1957 atque
955 1927 1050 1951 nostro
1067 1920 1209 1957 proposito
1225 1929 1231 1946 :
1246 1926 1324 1947 nona
1339 1922 1433 1945 mutua
1447 1920 1539 1944 nostra
1555 1913 1746 1962 beneVolentia

114 1973 212 1995 natura
244 1973 383 2001 movente,
397 1972 426 1994 et
442 1968 528 1994 veluti
553 1973 630 1994 reeta
652 1967 758 1994 ratione
779 1966 909 2001 jubente.‘
956 1968 1136 1996 dissidentem
1151 1973 1182 1993 ac
1202 1965 1399 1993 abhorrentem
1418 1971 1425 1989 :
1443 1961 1559 1988 dandam
1583 1966 1645 1986 esse
1667 1961 1746 1992 quasi

114 2014 211 2041 Nonne
229 2014 255 2040 id
280 2022 360 2041 omne
381 2014 454 2048 quod
471 2013 582 2041 affectas
601 2013 682 2040 modo
695 2013 774 2040 nobis
791 2012 905 2040 facultas
956 2015 1017 2049 lege
1034 2012 1152 2048 quadam
1173 2011 1313 2039 assiduam
1339 2017 1354 2037 a
1372 2016 1417 2036 me
1444 2007 1494 2035 tibi
1520 2006 1747 2040 frequentemque

116 2060 188 2087 adsit
208 2069 214 2088 :
229 2064 258 2087 ut
275 2068 329 2087 non
359 2060 443 2094 inepti
457 2059 607 2089 videamur,
623 2067 677 2085 non
692 2059 778 2094 ignari
797 2058 907 2093 penitus
957 2060 1065 2094 censui,
1081 2058 1165 2086 statui
1182 2056 1304 2088 definivi,
1320 2060 1403 2090 atque
1423 2053 1503 2085 adeo,
1519 2057 1550 2079 ut
1565 2051 1617 2078 nisi
1642 2054 1748 2076 natura:

116 2105 241 2137 rationis,
257 2105 309 2131 alia
329 2105 432 2140 quasvis
458 2103 607 2131 offerentes
633 2111 686 2130 non
704 2112 736 2131 ea
752 2103 853 2138 quibus
865 2111 883 2130 et

978 2105 1144 2137 ecessitudo,
1167 2104 1241 2131 nulla
1261 2102 1304 2130 vis
1323 2109 1384 2130 eam
1412 2099 1491 2128 nobis
1507 2099 1628 2126 adimere
1648 2094 1745 2140 possit.

116 2158 196 2186 opus.
209 2149 306 2177 Nonne
322 2139 349 2176 id
366 2157 447 2177 omne
460 2149 533 2183 quod
557 2149 590 2176 ad
606 2153 762 2183 exoptatum
787 2148 908 2176 hominis
942 2152 1024 2185 Quae
1037 2159 1099 2178 cum
1115 2150 1154 2177 ita
1167 2149 1234 2181 sint,
1250 2155 1318 2183 opus
1329 2145 1488 2174 Arisrotelis
1500 2144 1533 2171 de
1550 2143 1651 2173 anima,
1663 2139 1748 2167 veluti

118 2198 199 2223 finem
221 2196 301 2223 facile
315 2195 539 2230 consequendum
553 2195 602 2223 tibi
617 2195 771 2222 conducere
793 2199 881 2229 potest
897 2203 905 2221 :
923 2189 945 2216 Ι)
960 2202 1061 2224 nostra),
1075 2195 1223 2231 quamdam
1240 2201 1329 2229 operte
1351 2196 1469 2228 partem,
1485 2188 1639 2224 elegantius
1653 2186 1748 2213 ultima

117 2242 151 2269 ad
172 2249 254 2276 quem
277 2241 333 2275 jam
357 2241 414 2275 ipse
438 2245 494 2268 toto
516 2241 608 2269 studio
631 2246 786 2276 conatuque
806 2242 907 2276 pergis.
961 2251 1034 2270 nunc
1050 2241 1241 2269 emendatione
1255 2239 1408 2267 limatiusve
1423 2243 1505 2264 causa
1523 2235 1562 2262 tui
1582 2234 1748 2263 traductum.

118 2286 285 2314 Succurrere
306 2293 388 2321 porro
409 2285 502 2321 quoad
526 2286 598 2313 vires
615 2286 680 2312 mihi
707 2286 907 2320 suppeditant:
960 2287 1002 2315 uti
1027 2286 1154 2314 materies
1184 2285 1249 2318 fert,
1279 2284 1405 2318 ratioque
1431 2281 1586 2317 praescrihit
1613 2279 1749 2312 interpre-

118 2332 336 2368 praaclarissituis
356 2339 389 2359 ac
404 2331 608 2359 honestissimis
634 2331 687 2358 tuis
701 2331 801 2358 studiis
817 2339 824 2358 :
843 2339 909 2367 ope-
962 2333 1035 2360 tandi
1052 2333 1117 2367 (non
1138 2332 1212 2360 enim
1228 2332 1256 2358 in
1270 2331 1371 2358 talibus
1393 2329 1501 2363 amplus
1522 2333 1636 2361 campus
1651 2330 1751 2351 conce-

120 2386 233 2413 ramque
252 2378 302 2406 tibi
319 2378 384 2405 dare
397 2377 569 2412 frequentem
595 2385 602 2404 :
625 2377 732 2404 caeteris
757 2377 839 2404 rebus
859 2385 909 2404 ne-
961 2379 1047 2413 ditur)
1065 2378 1169 2413 tibique
1184 2385 1199 2404 a
1223 2377 1304 2404 nobis
1324 2376 1458 2406 oblatum,
1477 2374 1567 2409 legere
1591 2371 1750 2406 aggrediare
1775 2411 1779 2414 γ

123 2424 311 2459 glcctisatque
323 2423 488 2457 posthabitis
501 2431 508 2449 :
521 2430 611 2457 operm
624 2423 740 2457 pretium
751 2430 811 2450 esse
823 2423 908 2449 duxi:
961 2426 1031 2452 bona
1050 2424 1168 2451 fortuna.
1187 2422 1307 2450 Habebis
1321 2426 1349 2449 et
1365 2429 1414 2448 nos
1428 2421 1455 2463 i_n
1472 2420 1523 2446 hoc
1538 2419 1619 2446 etiam
1634 2415 1750 2452 legendo

120 2475 204 2504 atque
225 2469 273 2496 tibi
294 2469 353 2495 vias
377 2469 534 2503 itineraque
561 2468 662 2502 quibus
690 2468 723 2494 ad
748 2468 909 2495 felicitatem
961 2469 1206 2505 percipiendoqtte,
1223 2468 1353 2504 quoniam
1372 2467 1408 2494 ita
1425 2461 1563 2493 voluimus
1577 2471 1608 2490 ac
1628 2461 1750 2490 institui-

121 2516 268 2543 humanam
285 2514 537 2548 beatitudinemque
549 2519 622 2541 recta
636 2514 770 2548 pcrgitur,
795 2514 911 2541 demon-
961 2523 1032 2548 mus,
1050 2515 1173 2545 comites,
1190 2515 1329 2548 adjutores
1344 2521 1375 2540 ac
1392 2513 1486 2544 duces,
1507 2519 1561 2538 non
1577 2510 1670 2545 pigros
1685 2507 1748 2542 qui‘

123 2561 234 2589 stranda
246 2568 307 2588 esse
322 2560 427 2595 putavi.
441 2559 546 2586 Tecum
558 2567 613 2586 una
630 2560 695 2585 mihi
707 2559 837 2593 legendos
849 2566 910 2586 esse
962 2562 1034 2593 dent,
1047 2569 1101 2588 non
1112 2562 1227 2593 inertes,
1241 2568 1294 2587 non
1308 2567 1415 2595 segnes,
1427 2559 1473 2586 Sed
1489 2558 1522 2585 ad
1536 2563 1644 2585 omnem
1659 2561 1750 2589 prom-

125 2607 276 2641 scriptorcs
306 2610 334 2633 et
353 2611 479 2632 auctores
506 2604 639 2631 bonarum
662 2605 763 2632 artium
784 2605 911 2640 pervolu-
962 2606 1100 2641 ptissimos
1121 2605 1294 2632 subeundum
1320 2604 1454 2635 laborem,
1483 2603 1588 2629 fructus
1623 2599 1701 2632 cuius
1726 2599 1750 2625 is

124 2652 278 2685 tandosque
294 2651 400 2678 censui.
417 2651 591 2678 Evocandam
612 2651 639 2677 in
659 2651 746 2677 lucem
765 2658 827 2677 esse
838 2650 910 2677 veri-
961 2651 1174 2686 consequendus
1200 2656 1243 2678 est
1268 2651 1316 2677 tibi
1338 2650 1418 2682 linis,
1442 2649 1477 2676 ob
1497 2655 1578 2682 quem
1603 2650 1700 2672 natura
1723 2649 1750 2671 te

124 2702 209 2725 tatem
231 2698 257 2723 iu
278 2697 330 2725 illis
351 2697 486 2724 inclusam
509 2703 618 2724 omnem
636 2696 802 2723 existimavi.
820 2697 911 2723 Disse-
962 2697 1135 2732 procreavit,
1159 2696 1307 2732 opifexque
1327 2703 1420 2723 rerum
1446 2695 1517 2721 Deus
1543 2696 1583 2719 tot
1611 2690 1749 2724 tantisque

126 2742 204 2770 rendi
225 2742 343 2777 denique
361 2743 497 2771 facultatis
517 2743 650 2770 formulas
671 2751 703 2770 ac
727 2743 849 2770 rationes
864 2743 912 2770 de-
962 2743 1070 2770 viribus
1094 2743 1326 2778 facultatibusque
1351 2738 1556 2768 condecoravit.
1585 2737 1648 2765 Vale
1673 2736 1750 2771 plus-

127 2788 288 2823 gustandas,
316 2789 384 2815 haud
411 2788 615 2823 posthabendas
642 2796 702 2816 esse
736 2788 883 2823 dijudicavi
901 2797 907 2815 :
966 2797 1047 2824 quam
1064 2789 1206 2817 dimidium
1223 2790 1306 2816 animi
1325 2788 1390 2820 mei,
1409 2791 1437 2815 et
1461 2785 1510 2813 tibi
1529 2782 1664 2820 persuade
1681 2780 1752 2809 mild

129 2834 189 2862 sino
222 2834 323 2868 quibus
353 2835 523 2870 investigatio
555 2835 679 2864 veritatis
712 2834 907 2869 uerccptioque
964 2841 989 2864 te
1006 2833 1309 2869 charioreutuetniucm
1325 2841 1393 2862 esse.
