1942 3075
114 123 180 156 1037

677 126 896 156 REFUTATIO
918 126 1178 160 ARGYROPULL

1674 124 1740 162 1033

112 184 186 209 ἔστιν
201 182 339 214 ὑπόθεσις,
353 183 386 218 ἣν
406 183 466 217 μετ’
481 182 626 214 εὐλαϐείας
642 183 822 219 ἀποδέχεσθαι
837 185 901 219 χρὴ,
917 187 937 216 Α
953 186 1069 221 δύναμιν
1085 195 1091 201 ·
1108 187 1157 220 τῆς
1167 187 1221 221 γὰρ
1237 187 1324 220 αὐτῆς
1350 187 1443 219 οὐσίας
1460 188 1494 215 τὰ
1523 189 1667 222 πρόσωπα,
1693 178 1740 216 κοιὶ

112 229 144 254 οὑ
156 228 229 262 λόγῳ
243 228 346 261 ταύτην
359 228 522 263 ἀνθρωπίνῳ
545 228 752 263 διορθουμένους
781 238 901 264 παρανο-

115 274 174 306 μεῖν
188 274 228 305 εἰς
244 274 277 299 τὰ
309 273 436 308 μέγιστα,
466 274 512 300 καὶ
543 274 587 300 ἵνα
621 274 701 308 μόνον
727 274 756 301 ἓν
780 275 901 309 εἴπωμεν

115 318 195 352 μόνον
211 318 392 355 ὑποστατικὶν
407 318 453 345 τοῦ
468 318 575 354 Πατρὸς
590 318 639 354 τὴν
670 319 837 354 πατρότιητα,
854 319 902 347 καὶ

112 363 185 391 οὕτω
200 363 251 400 τὴν
269 364 404 400 προϐολὴν
420 365 436 400 ἢ
452 365 502 400 τὴν
526 364 639 392 πνεῦσιν
667 366 901 400 κοινοποιήσωμεν

112 410 151 445 τῷ
167 410 233 446 Υιῷ,
247 411 434 442 ὲπεισοδιῶδές
449 420 475 438 τι
488 411 536 438 καὶ
563 410 699 446 παρέλκον
725 410 810 446 αὐτὴν
833 411 902 438 ἀπο-

114 455 219 489 φαίνειν
230 464 237 472 ·
258 457 327 483 ὅπου
342 465 374 491 γε
393 456 453 484 οὐδὲ
470 457 533 489 τοὺς
546 456 723 488 διδασκάλους
736 456 902 492 εὑρίσκομεν

113 501 345 537 διακεκριμένως,
364 503 412 530 καὶ
425 503 463 535 ὡς
477 503 524 529 δύο
545 503 632 530 ταῦτα
646 503 773 534 νοοῦντας
803 504 832 530 ἰν
863 502 901 537 τῷ

113 548 212 582 Πατρί,
229 548 286 575 ἀλλ’
301 549 340 581 ὡς
353 549 418 584 μίαν
444 549 628 586 ὑποστατικὴν
646 549 776 584 ἰδιότητα,
787 549 804 584 ἢ
815 557 901 584 προσ-

112 595 220 630 ωπικὴν
246 595 415 630 τελειότητα,
431 595 606 627 ἀποδιδόντας
628 595 704 630 αὑτῷ
726 595 775 631 τὴν
799 595 902 630 πατρό-

112 649 195 676 τητα,
212 641 229 677 ἢ
249 640 300 677 τὴν
329 641 525 677 καρπογονίαν,
543 642 559 677 ἢ
577 642 627 677 τὴν
652 641 801 676 θεογονίαν,
814 642 831 677 ἢ
852 641 902 676 τὴν

114 687 214 719 αἰτίαν,
232 686 250 721 ἦ
265 695 291 713 τι
316 686 371 714 τῶν
394 687 508 715 λοιπῶν.
525 686 592 714 Οὐδὲ
606 687 660 722 γὰρ
675 687 734 721 εἰκῇ
753 686 902 722 Γρηγόριος

113 732 144 759 τὺ
159 733 252 768 Πατὴρ
267 732 353 767 ὄνομα
365 733 406 765 εἰς
418 733 568 768 γεννήτορα
578 732 728 765 ἀντέπτυξε
744 733 792 759 καί¹
805 732 903 768 προϐο-

113 778 173 807 λέα.
194 779 239 806 Ἐν
264 779 314 814 μὲν
326 779 381 814 γὰρ
394 780 427 815 τῇ
445 780 514 814 πρὸς
527 779 572 806 τὶν
585 779 648 806 Υἱδν
663 778 815 814 παραθέσει
829 779 903 814 δηλοί

112 826 160 852 τὸν
171 825 319 860 γεννῶντα·
333 825 398 852 ὅταν
414 825 444 852 δὲ
467 825 562 856 ἁπλῶς
590 825 703 860 λέγηται
728 824 836 860 Πατὴρ,
864 824 903 857 ὡς

113 872 210 904 αἴτιον,
223 871 301 908 φησὶ,
316 871 366 907 τῆς
380 872 409 899 ἐν
421 872 480 908 Υἰῷ
495 872 543 899 καὶ
558 872 696 907 Πνεύματι
712 871 901 908 θεωρουμένης

113 918 239 953 θεότητος
255 918 458 953 ἔκλαμϐάνεται
474 927 483 936 ’
498 918 542 946 διὰ
568 912 646 946 τοῦτο
664 918 712 945 καὶ
743 918 824 952 μόνος
846 918 902 944 Πα-

113 963 247 1000 τὴρ,ἥτοι
260 963 340 999 μόνος
353 964 440 997 αττιος
463 965 565 994 mbo?)
590 962 664 1000 ’μετὰ
684 964 824 998 συζυγίας.
858 963 902 996 Ὠς

113 1009 203 1036 τοίνυν
215 1009 369 1044 ὑφιστῶσαι
381 1010 412 1037 τὸ
438 1006 572 1044 τέατρικὸν
589 1011 745 1045 πρόσωπον,
764 1010 902 1046 πατρότης

113 1055 162 1081 καὶ
178 1055 310 1092 προὸολὴ,
324 1056 342 1083 ἃ
355 1056 388 1091 δὴ
405 1057 504 1088 κοινῶς
519 1054 597 1088 αὖθις
619 1057 671 1083 ὑπὸ
685 1058 724 1092 τῷ
738 1057 787 1092 τῆς
800 1057 902 1092 πατρό-

113 1107 205 1135 τητοςι
221 1101 238 1135 ἢ
255 1102 302 1128 καὶ
322 1101 414 1136 βούλει
430 1110 473 1135 γε,
493 1102 532 1137 τῷ
545 1103 595 1137 τῆς
609 1103 775 1137 ἁγεννησίας
789 1102 900 1137 ὀνόματι

114 1145 144 1171 τὸ
155 1146 291 1181 πατρικὸν
302 1147 537 1182 χαρακτηρίζουσι
553 1147 700 1183 πρόσωπον
711 1148 757 1174 καὶ
767 1147 901 1183 τελειότη-

114 1191 159 1222 τές
170 1191 225 1218 εἰσι
240 1192 288 1219 τοῦ
308 1192 444 1227 πατρικοῦ
466 1193 566 1228 τρόπον
588 1193 660 1226 τινὰ,
691 1194 722 1220 οὺ
743 1194 797 1228 γὰρ
821 1193 901 1227 μόνον

114 1236 163 1270 τῆς
175 1236 285 1271 φύσεως
307 1236 476 1275 τελειότηςῇ
493 1240 567 1266 ἐστιν
591 1239 685 1271 ἁπλῶς
709 1239 809 1272 ὁτιοῦν,
832 1239 902 1267 ἀλλὰ

114 1282 162 1309 καὶ
171 1282 221 1317 τῆς
246 1283 422 1316 ὑποστάσεως
448 1282 465 1321 ᾖ
481 1286 539 1311 ἐστι
554 1285 612 1312 τόδε
628 1294 654 1311 τι
671 1293 678 1301 ·
703 1285 743 1312 διὸ
762 1287 810 1313 καὶ
838 1285 902 1311 ἰδιό-

114 1333 200 1361 τητας
226 1328 252 1354 οἰ
280 1327 437 1356 διδάσκαλοι
462 1329 511 1361 τὰς
532 1328 583 1363 μὲν
612 1329 660 1363 τῆς
690 1328 764 1360 Θείας
790 1327 901 1354 καλοῦσι

115 1373 234 1406 φύσεως,
250 1373 300 1405 τὰς
315 1373 343 1400 6‘s
361 1373 481 1409 ἑκάστης
493 1374 547 1401 τῶν
572 1375 757 1402 ὑποστάσεων.
777 1375 819 1406 Ὠς
836 1375 901 1408 γοῦν

114 1419 283 1455 τελειότητές
296 1429 372 1452 τινες
401 1418 480 1448 οὖσαι
496 1422 524 1447 αἰ
547 1421 725 1448 ὑποστατικαὶ
759 1421 898 1455 ἰδιότητες,

114 1463 131 1503 ᾖ
147 1466 199 1493 εἰσι
215 1467 378 1494 συστατικαὶ
389 1467 553 1502 προσώπων,
568 1468 614 1494 καὶ
634 1468 718 1502 άρχαί
747 1468 801 1494 τῶν
824 1469 901 1501 ἐνερ-

115 1512 207 1546 γειῶν,
220 1514 274 1540 εἰσί
289 1515 336 1540 καὶ
351 1513 405 1540 τῶν
420 1513 562 1548 δυνάμεων
582 1514 629 1540 καὶ
645 1513 764 1548 προόδων
779 1513 831 1545 ἔτι,
846 1513 900 1540 εἴτε
915 1519 936 1548 c

117 1559 172 1585 τῶν
197 1558 392 1594 ἔνεργετικῶς,
409 1559 465 1586 εἴτε
477 1559 532 1585 τῶν
551 1558 711 1593 παθητικῶς
736 1559 900 1593 νοουμένων,

116 1605 163 1631 καὶ
178 1605 264 1637 οὕτως
280 1606 305 1632 εί
319 1605 348 1632 τὸ
360 1614 444 1640 πατρι
457 1606 505 1632 κδν
516 1605 647 1640 ὑφίστησι
660 1605 805 1639 πρόσωπον
819 1606 848 1632 ὲν
862 1605 903 1640 τῷ

117 1652 292 1687 ἀκοινωνήτῳ
305 1649 376 1678 εἰναι
391 1653 409 1687 ἡ
421 1652 546 1685 θεογονία
560 1651 607 1678 καὶ
620 1652 636 1684 ἡ
658 1651 806 1685 πατρότης,
823 1651 870 1678 καὶ
885 1652 902 1686 ἡ

116 1697 168 1732 τῆς
185 1696 312 1733 θεότητος
337 1697 408 1732 ἀρχὴ
424 1697 471 1724 καὶ
485 1697 515 1723 τὸ
528 1697 625 1730 αἴτιον,
643 1698 690 1723 καὶ
704 1697 719 1723 ὃ
739 1705 765 1723 τι
781 1696 903 1732 βούλοιτό

117 1752 159 1774 τις
174 1743 228 1770 τῶν
238 1744 466 1783 τοιουτοτρόπων,
481 1741 520 1770 ῶν
531 1743 647 1770 ἕκαστον
661 1743 809 1777 σαφηνείας
822 1742 903 1769 ἕνεκα

117 1790 158 1820 εἰς
184 1788 341 1824 πατρότητα
356 1789 403 1815 καὶ
422 1788 535 1815 πνεῦσιν
552 1787 721 1824 διαιροῦμεν,
738 1789 786 1819 τὰς
797 1787 904 1819 εἰδικῶς

118 1836 269 1870 λεγομένας
292 1835 337 1861 διὰ
362 1835 395 1861 τὰ
413 1835 600 1870 προαγόμενα.
618 1849 622 1854 -
637 1834 668 1860 Ἦ
682 1833 710 1860 δὲ
735 1833 904 1868 ὑποστατικὴ

121 1882 220 1916 ἰδιότης
235 1881 309 1916 ἀρχὴ
329 1881 383 1907 τῶν
398 1881 444 1908 τοῦ
461 1880 609 1915 προσώπου
623 1879 771 1914 ἐνεργειῶν
785 1880 842 1905 ἐστι
859 1879 905 1904 καὶ

118 1929 269 1963 δυνάμεων,
289 1925 408 1964 ᾗτοιάδε
436 1927 582 1962 πρόσωπόν
605 1927 674 1958 ἐστι,
699 1925 806 1959 ἐκείνης
822 1925 905 1960 οὒσης

120 1974 317 2010 ἁκοινωνήτου,
328 1974 470 2000 καὶταῦτα
481 1974 570 2001 πάντα
581 1973 751 2006 ἀκοινώνητα
762 1970 831 1998 εἶναι
840 1973 903 2007 χρή.

156 2021 214 2048 Καὶ
229 2022 284 2048 τῶν
302 2020 353 2055 μὲν
369 2020 510 2056 ίδιοτήτων
524 2021 574 2055 τῆς
597 2019 704 2052 φύσεως
726 2018 906 2053 κοινωνουμέο

118 2077 172 2095 νων
187 2069 243 2099 τοῖς
267 2068 298 2093 ὲκ
316 2066 429 2102 [Ιατρὸς,
457 2065 556 2101 ἀληθές
583 2066 657 2092 ἐστιν
680 2065 777 2096 εἰπεῖν,
806 2065 847 2091 ὅτι
869 2064 907 2099 τῷ

118 2115 212 2149 τρόπῳ
226 2114 366 2148 διενήνοχε
383 2113 461 2148 μόνον
477 2120 484 2128 ·
498 2114 546 2139 καὶ
570 2111 609 2146 τῷ
638 2112 688 2145 μὲν
709 2111 795 2144 Harp".
808 2111 907 2145 πηγαί-

118 2170 156 2192 ως
170 2160 217 2187 καὶ
243 2159 372 2190 ἀναιτίως
388 2159 435 2185 καὶ
449 2159 483 2185 τὰ
497 2158 621 2190 τοιαῦτα,
639 2157 776 2191 ἀγαθότης
791 2157 845 2192 γὰρ
860 2157 906 2183 καὶ

119 2206 201 2241 σοφία
214 2206 261 2233 καὶ
284 2206 470 2240 δημιουργικὴ
486 2205 601 2239 δύναμις
621 2204 668 2231 καὶ
681 2204 715 2230 τὰ
739 2203 850 2230 τοιαῦτα
873 2203 903 2230 ἒν
918 2198 943 2228 D

118 2254 188 2280 εἰσιν
207 2251 317 2286 ἀριθμῷ
333 2253 362 2277 έν
378 2252 465 2286 Πατρί
480 2252 527 2278 καὶ
540 2251 596 2286 Υἰῷ
626 2253 672 2278 καὶ
686 2251 756 2286 ἁγίῳ
777 2252 904 2287 Πνεύμα-

117 2308 154 2331 τι,
176 2298 246 2333 μετὰ
261 2298 363 2332 ταύτης
379 2297 472 2332 μέντοι
500 2297 551 2332 τῆς
577 2297 727 2332 εἰρημένης
759 2297 903 2332 διαφορᾶς,

117 2347 157 2373 ὅτι
182 2345 287 2372 ἐκεῖθέν
315 2345 385 2371 εἰσιν
413 2343 504 2375 αὐτοῖς
536 2345 667 2378 συμφυῶς
683 2352 689 2358 ·
709 2343 763 2370 τῶν
794 2343 824 2370 δὲ
854 2345 904 2379 τῆς

117 2391 294 2422 ὑποστάσεως
329 2391 403 2417 ἰδίων
433 2391 628 2426 άκοινωνήτωςπ
643 2390 728 2416 όντων
750 2391 779 2417 ὲν
793 2391 833 2426 τῷ
846 2391 902 2417 Πα·

116 2438 162 2473 τρὶ
189 2438 295 2472 κῦμπος
320 2436 399 2468 ἄλλος
409 2437 456 2463 καὶ
469 2436 571 2468 κτύπος
595 2437 676 2471 μόνον
697 2437 790 2464 ἐκεῖνα
816 2437 905 2464 πάντα

116 2483 153 2510 τὰ
183 2483 306 2519 ῥήματα,
335 2483 384 2509 ὅσα
417 2483 595 2517 συμφορήσας
624 2482 789 2509 ὲκτέθεικεν.
809 2481 905 2509 Ἔνθεν

117 2538 159 2556 τοι
184 2529 233 2556 καὶ
258 2528 296 2560 ὡς
319 2528 490 2564 ἐληλεγμένα
520 2529 567 2555 καὶ
595 2529 651 2559 τοῖς
686 2527 805 2562 πρόσθεν
827 2528 904 2563 εἰρη-

120 2576 224 2610 μένοις,
250 2575 344 2602 ιατέον
377 2575 444 2609 ἡμῖν
467 2576 541 2601 ἐστιν
570 2575 640 2601 αὑτᾶ
659 2575 807 2609 συντομίας
822 2582 904 2610 φρον-

118 2621 253 2653 τίζουσιν.

371 2689 654 2716 ΑΡΙῪΡΟΠΟΥΛΟΣ.

155 2757 291 2792 Παράγων
304 2757 396 2783 τοίνυν
412 2758 426 2784 ό
440 2757 536 2792 Πατὴρ
549 2756 594 2784 τὸν
610 2757 673 2783 Υἰδν
700 2757 807 2784 δίδωσιν
831 2757 906 2792 αὐτῷ

118 2804 169 2838 τὴν
185 2803 262 2830 θείαν
273 2803 378 2834 οὐσίαν,
397 2803 444 2829 καὶ
456 2804 516 2831 ὅσαι
536 2812 596 2835 πως
622 2803 708 2838 αὐτῆς
727 2803 922 2838 τελειότητες,-

118 2850 189 2878 ὥστε
202 2850 249 2878 καὶ
263 2849 312 2881 τὴν
332 2850 497 2882 γεννητικὴν
508 2851 555 2878 καὶ
570 2851 618 2883 τὴν
635 2849 820 2882 προδλητικὴν
847 2849 905 2883 ἅμα

953 235 1001 264 τὰς
1018 233 1102 264 αὑτὰς
1117 233 1173 268 ἔχει
1194 233 1328 267 δήπουθεν
1342 234 1526 270 τελειότητας.

1233 290 1460 318 ΛΓΑΛΛΙΑΝΟΣ.

995 347 1159 382 ’Υπέρευγε.
1177 349 1231 374 Καὶ
1244 349 1312 380 πῶς,
1323 346 1346 374 ὧ
1357 348 1504 383 θαυμάσιε,
1516 350 1672 383 γεννητικὴν
1686 349 1740 382 ἄρα

952 393 998 420 καὶ
1012 393 1194 428 προϐλητικδν
1209 394 1240 420 τὸ
1254 394 1400 429 πρόσωπον
1414 395 1461 421 τοῦ
1478 395 1543 421 Υἰοῡ
1555 396 1570 430 ἦ
1596 395 1642 421 τοῦ
1661 396 1740 428 ἁγίου

952 438 1110 473 Πνεύματος
1124 447 1131 473 ;
1149 439 1183 468 Ἣ
1198 438 1274 466 ἔσται
1291 448 1317 466 τι
1332 441 1495 476 γεννητικὴν
1518 441 1634 476 δύναμιν
1666 441 1737 476 ἕχον,

952 485 982 511 οὺ
997 485 1166 519 γεννητικὸν,
1179 485 1195 520 ἢ
1215 486 1372 521 γεννητικόν
1393 495 1419 512 τι
1439 486 1526 518 ἔσται,
1543 488 1571 512 ἐν
1586 488 1643 518 τοῖς
1657 487 1739 517 θείοις

953 531 1056 565 γεννῶν
1070 531 1099 558 δὲ
1113 532 1251 564 οὐδέποτε,
1267 532 1336 559 ἀλλὰ
1361 531 1459 566 ψεῦδός
1478 532 1537 558 ἐστι
1563 532 1594 559 τὸ
1611 532 1738 560 καθόλου.

955 577 1050 604 Δίδωσι
1064 578 1157 610 μέντοι
1169 577 1219 614 τὴν
1237 578 1313 605 θείαν
1329 578 1423 605 οὐσίαν
1437 578 1529 608 αὐτοῖς
1545 578 1559 603 ό
1575 578 1679 613 Πατὴρ,
1693 579 1740 604 καὶ

952 624 1013 651 ὅσαι
1023 623 1073 659 τῆς
1087 624 1195 658 φύσεως
1217 624 1396 659 τελειότητες,
1412 625 1441 652 οὗ
1465 626 1519 660 μὴν
1540 625 1590 660 τὴν
1617 633 1738 659 γεννητι-

953 670 1035 706 κὴνῆ
1057 670 1244 706 προδλητικὴν
1268 671 1384 706 δύναμιν
1401 679 1408 687 ·
1436 671 1467 698 οὐ
1491 671 1545 707 γάρ
1571 680 1601 697 τε
1630 670 1738 705 φύσεως

953 717 1047 748 ἅπλῶς
1064 718 1116 743 εἰσι
1128 716 1307 751 τελειότητες,
1322 717 1390 743 ἀλλὰ
1404 717 1451 743 τοῦ
1477 717 1614 752 πατρικοῦ
1630 717 1739 752 προσῶ-

954 769 1005 788 που
1022 760 1059 792 ὥς
1079 761 1178 795 ἰδιότης
1189 760 1272 787 αὐτοῦ
1286 769 1294 777 ·
1313 760 1355 787 διὸ
1377 761 1426 787 καὶ
1452 761 1642 796 ἁκοινωνήτως
1669 761 1740 788 εἰσὶν

954 807 983 833 ἔν
993 806 1032 840 τῷ
1048 806 1195 842 Πατρὶ,ὼς
1211 806 1355 834 δέδεικται,
1370 806 1411 832 Τὰ
1425 806 1479 841 γὰρ
1493 806 1633 841 θεοπρεπῆ
1661 807 1740 851 μιῆνρὲ

917 852 1000 889 Βόλῃ
1027 853 1060 887 τῇ
1078 851 1194 887 θεαρχίᾳ
1206 853 1347 887 πρόσεστι,
1363 853 1411 879 καὶ
1434 851 1468 878 τὰ
1497 851 1544 887 ὅλῃ
1566 853 1599 886 τῇ
1626 845 1740 886 (impivi;

953 897 1093 933 πρέποντα
1108 896 1185 923 ταῦτ’
1201 897 1236 924 ἂν
1256 894 1311 923 εἷεν
1325 898 1352 923 αἰ
1367 897 1530 931 θεοπρεπείς
1558 896 1738 930 τελειότητος.

954 944 1025 971 Ὅσα
1036 944 1065 971 δὲ
1080 941 1114 971 αὖ
1134 944 1172 979 μὴ
1186 943 1235 979 ὅλῃ
1252 943 1367 979 θεαρχίᾳ
1397 943 1540 977 πρόσεστι.
1566 942 1740 976 προσωπιχαί

953 990 1022 1018 εἰσιν
1039 990 1170 1025 ἰδιότητες
1183 997 1189 1004 ·
1207 991 1255 1016 καὶ
1271 989 1343 1025 άπερ
1356 989 1428 1021 ἰδίως
1441 989 1481 1015 ἑνὶ
1505 989 1607 1023 πρέπει
1630 986 1738 1022 προσώ-

953 1045 1007 1071 πῳ,
1022 1036 1072 1063 οὐκ
1086 1037 1119 1063 ἂν
1132 1036 1181 1070 τῆς
1196 1035 1306 1070 φύσεως
1329 1035 1451 1067 λέγοιντο
1481 1035 1662 1069 τελειότητες,
1680 1035 1740 1060 ἐπεὶ

951 1083 986 1110 τὰ
1003 1083 1063 1109 θεῖα
1084 1082 1219 1118 πρόσωπα
1244 1081 1333 1108 πάντα
1357 1081 1426 1116 αὕτη
1456 1080 1647 1116 διαλαμϐάνει,
1672 1080 1740 1107 ἀλλὰ

953 1128 1053 1163 μᾶλλον
1068 1128 1105 1159 ὡς
1116 1128 1144 1154 ὲν
1159 1127 1198 1162 τῷ
1212 1127 1352 1162 προσώπῳ
1371 1127 1440 1153 εἰσὶν
1457 1126 1563 1161 ἐκείνῳ,
1581 1127 1628 1153 καὶ
1653 1125 1739 1158 οὕτως

953 1174 986 1201 ἂν
997 1172 1052 1200 εἷεν
1077 1173 1177 1208 μᾶλλον
1195 1173 1381 1209 προσωπικαί.

1200 1241 1485 1268 ΑΡΓΥΡΟΠΟΥΛΟΣ.

995 1299 1074 1326 Ἀλλὰ
1092 1300 1146 1334 μὴν
1172 1299 1213 1325 ὅθ’
1244 1298 1309 1330 Υἰδς
1335 1299 1474 1334 παρήγετο
1509 1299 1540 1325 ἐκ
1567 1298 1682 1332 Πατρδς,
1709 1297 1739 1324 οὑ

953 1345 1052 1372 νοεῖται
1065 1344 1094 1370 τὸ
1108 1343 1221 1374 Πνεῦμα
1235 1345 1266 1370 τὸ
1279 1344 1357 1377 ἅγιον
1373 1344 1405 1370 ὲκ
1416 1343 1463 1369 τοῦ
1490 1343 1596 1377 Πατρδς
1624 1343 1661 1373 ὡς
1677 1351 1741 1376 προ-

952 1391 1053 1422 6ολέως
1072 1389 1246 1426 παράγεσθαι
1258 1398 1264 1405 ·
1281 1390 1487 1424 προεπινοεῖται
1501 1389 1556 1423 γὰρ
1570 1390 1584 1415 ό
1610 1388 1704 1423 Πατὴρ

953 1437 1060 1472 Πατὴρ,
1073 1436 1120 1463 τοῦ
1140 1436 1294 1471 προσολέως
1343 1435 1505 1470 προϐολεὺς,
1518 1436 1555 1467 ὡς
1567 1435 1686 1469 ἐλέγετο.

1234 1504 1461 1531 ΑΓΑΛΛΙΑΝΟΣ.

996 1561 1077 1588 Ἀλλὰ
1092 1560 1248 1587 τούναντίον
1262 1561 1404 1593 ἀπέδειξεν
1415 1561 1429 1586 ὁ
1441 1560 1528 1594 λόγος,
1546 1561 1586 1586 ὅτι
1609 1559 1655 1586 τοῦ
1676 1559 1739 1585 Υἰοῦ

953 1609 1095 1644 προϊόντος
1107 1609 1139 1634 ἐκ
1156 1606 1204 1633 τοῦ
1221 1607 1325 1640 Πατρὸς
1385 1607 1525 1641 γεννήτωρ
1549 1607 1622 1632 ἐστὶν
1649 1607 1662 1632 ό
1687 1607 1741 1632 Παη

952 1656 1016 1690 τὴρ,
1032 1654 1090 1688 ἅμα
1102 1654 1147 1680 καὶ
1161 1653 1191 1679 τδ
1206 1652 1317 1686 Πνεῦμα
1333 1653 1363 1679 τὸ
1382 1652 1459 1685 ἆγιον
1470 1653 1502 1679 ἐκ
1515 1651 1561 1678 τοῦ
1574 1651 1657 1679 αὑτοῦ
1684 1653 1741 1678 Πα-

953 1701 1016 1737 τρὸς
1029 1701 1067 1732 ὠς
1081 1700 1235 1734 προϐολέως
1248 1699 1368 1734 πρόεισι.
1383 1700 1437 1726 Καὶ
1451 1700 1480 1725 ἐν
1502 1698 1540 1734 τῷ
1574 1699 1660 1733 Πατρί
1691 1698 1740 1733 μὲν

953 1749 967 1774 ὁ
991 1747 1132 1781 γεννήτωρ
1160 1746 1191 1772 οὐ
1214 1747 1415 1780 προεπινοεὴαι
1487 1745 1516 1770 ὲν
1543 1744 1642 1778 Πατρί,
1672 1743 1740 1770 ἀλλᾶ

954 1793 1020 1820 διότι
1033 1793 1080 1819 τὸν
1092 1792 1156 1818 Υίδν
1173 1791 1220 1818 τοῦ
1239 1792 1396 1825 Πνεύματος
1413 1789 1628 1826 προεπινοοῦμεν
1642 1790 1674 1816 ἐκ
1691 1789 1740 1823 τῆς

953 1840 1007 1866 τῶν
1039 1839 1181 1873 ὀνομάτων
1209 1838 1371 1868 ἀκολουθίας
1397 1837 1444 1864 τοῦ
1476 1836 1610 1871 πατρικοῦ
1633 1845 1662 1862 τε
1693 1837 1741 1862 καὶ
1788 1872 1791 1874 _

955 1885 1043 1912 υἱικοῦ
1053 1884 1252 1919 συνελκομένης
1266 1884 1315 1916 τῆς
1332 1883 1444 1918 γενικῆς
1455 1883 1502 1910 τοῦ
1519 1882 1625 1917 ΙΙατρὺς
1651 1890 1741 1916 σημα-

956 1931 1028 1962 σίας,
1041 1930 1058 1965 ἢ
1074 1930 1203 1965 σημαίνει
1216 1929 1262 1956 τὸν
1283 1929 1380 1961 αἴτιον,
1397 1929 1438 1960 εἰς
1452 1929 1501 1962 τὴν
1518 1927 1629 1962 ,εἰδικὴν
1679 1927 1739 1961 βού-

955 1977 1085 2003 λεταιτδν
1100 1976 1250 2010 γεννῶντα.
1284 1974 1427 2001 Ἐντεῦθεν
1454 1974 1502 2001 καὶ
1522 1973 1568 1999 τὸν
1589 1972 1741 2007 γεννήτορα.

955 2022 1003 2050 τοῦ
1018 2023 1175 2058 προεολέως
1191 2020 1419 2057 προεπινοοῦμεν,
1436 2021 1482 2047 Δεῖ
1505 2020 1559 2054 γὰρ
1574 2015 1596 2052 ᾧ
1620 2018 1688 2053 πρὸς
1710 2018 1741 2044 τὸ

957 2068 1149 2101 ὲπινοούμενον
1163 2069 1177 2095 ὁ
1193 2067 1288 2103 Πατὴρ
1309 2067 1457 2102 πρόσωπον
1472 2066 1649 2100 ἀναφέρεται,
1662 2063 1741 2090 τοῦτο

957 2115 1004 2142 καὶ
1015 2115 1044 2141 ὲν
1055 2115 1094 2150 τῷ
1113 2115 1199 2150 Πατρί
1216 2113 1391 2150 προεπινοεϊν
1403 2113 1476 2147 ἡμᾶς
1503 2112 1551 2138 τοῦ
1569 2108 1590 2144 ᾧ
1620 2111 1689 2146 πρὸς
1711 2109 1742 2135 τὸ

957 2161 1051 2188 λοιπὸν
1064 2161 1243 2195 ἀναφέρεται,
1258 2160 1295 2191 ὡς
1318 2159 1352 2186 ἂν
1367 2159 1476 2190 οἰκείως
1490 2158 1580 2184 πάντα
1608 2157 1742 2184 ἀποδιδοῖ-

956 2216 997 2239 το,
1014 2208 1066 2233 κάν
1079 2207 1139 2238 ταῖς
1157 2205 1345 2241 προεπινοίαις
1357 2205 1464 2236 αὖταξς.
1480 2205 1534 2230 Καὶ
1557 2203 1641 2238 μηδὲν
1669 2203 1742 2236 άπᾷ-
1770 2208 1775 2212 ⁵

957 2253 1002 2280 δον
1015 2254 1075 2284 ταῖς
1089 2252 1203 2286 ἰδιότησι
1216 2252 1271 2286 τῶν
1295 2252 1448 2287 προσώπων
1479 2249 1622 2284 συμϐαίνει
1643 2249 1686 2275 διὰ
1714 2249 1743 2274 τὸ

959 2299 997 2332 μὴ
1014 2297 1144 2324 δύνασθαι
1163 2297 1197 2323 τὰ
1213 2298 1270 2332 ἃμα
1282 2297 1346 2323 ὄντα
1377 2297 1424 2323 καὶ
1441 2296 1572 2330 προϊόντα
1589 2296 1660 2320 νοεῖν
1686 2294 1744 2328 ἅμα

958 2343 1005 2368 καὶ
1018 2342 1119 2376 λέγειν,
1137 2340 1195 2368 ἀλλ’
1211 2341 1322 2375 ἐφεξῆς,
1336 2341 1365 2372 ὃς
1376 2341 1449 2367 ἐστιν
1462 2342 1476 2367 ό
1495 2340 1597 2375 τρόπος
1609 2339 1658 2374 τῆς
1677 2340 1745 2373 ἡμε-

958 2389 1042 2422 τέρας
1059 2388 1190 2423 νοήσεως,
1205 2387 1235 2414 οὐ
1251 2387 1295 2413 διὰ
1310 2387 1341 2413 τὸ
1363 2386 1413 2422 τὴν
1439 2386 1603 2420 γεννητικὴν
1628 2385 1744 2418 δύναμιν

959 2435 1070 2470 φθάνειν
1085 2435 1115 2460 ὲν
1139 2433 1179 2469 τῷ
1206 2433 1293 2468 Πατρὶ
1312 2433 1501 2468 τελειουμένην
1521 2431 1560 2463 τῷ
1581 2432 1654 2466 ἔργῳ
1679 2432 1744 2466 πρὶν

959 2478 992 2504 ἂν
1007 2478 1034 2504 ἐν
1043 2477 1130 2513 αὐτῷ,
1146 2477 1224 2512 καὶὴ
1245 2476 1414 2512 προϐλητικὴ
1441 2476 1514 2511 ἔργῳ
1537 2476 1678 2510 τελειωθῇ.
1714 2475 1744 2501 Ὀ

958 2525 986 2552 δὲ
1002 2524 1120 2551 πέπονθε
1133 2524 1285 2559 θαυμάσιον
1299 2522 1355 2550 οἷον
1369 2531 1377 2540 ο
1394 2523 1551 2557 προεπινοεῖ
1567 2522 1621 2556 γὰρ
1644 2522 1672 2547 έν
1689 2521 1742 2547 Πα-

958 2571 1004 2605 τρὶ
1017 2570 1067 2605 τὴν
1084 2569 1239 2606 πατρότητα
1255 2570 1303 2605 τῆς
1323 2569 1469 2603 προϐολῆς,
1484 2568 1522 2600 ὡς
1537 2569 1585 2594 καὶ
1602 2568 1630 2592 ὲν
1655 2566 1744 2600 Πατρί

957 2617 997 2652 τῷ
1015 2616 1141 2652 προτέρῳ
1163 2616 1211 2642 καὶ
1222 2615 1329 2651 ὑστέρῳ
1351 2613 1559 2649 διακρινομένας
1583 2613 1682 2646 δήπου,
1696 2611 1744 2638 καὶ

959 2664 1034 2697 τάξει
1048 2664 1098 2698 τὴν
1115 2664 1164 2699 μὲν
1187 2662 1378 2699 προηγεῖσθαι,
1391 2662 1440 2697 τὴν
1454 2661 1476 2687 δ’
1504 2659 1675 2694 ἐπιγίνεσθαι
1699 2668 1744 2685 πι-

959 2710 1050 2738 στεύει
1062 2710 1216 2741 ἀκολούθως
1229 2711 1262 2745 τῇ
1277 2708 1352 2740 τάξει
1368 2709 1423 2734 τῶν
1445 2706 1588 2741 δυνάμεων
1615 2705 1663 2731 καὶ
1690 2704 1744 2731 τῶν

959 2757 1105 2792 ἐνεργειῶν
1119 2756 1179 2783 κατ’
1205 2756 1299 2788 αὑτιν,
1327 2755 1393 2791 ὅπερ
1418 2752 1562 2787 ἐξέϐαλλεν
1584 2750 1675 2783 αὺτλν
1702 2749 1744 2781 εἰς

958 2804 988 2830 τὺ
1001 2803 1069 2838 μηδὲ
1085 2803 1142 2836 ἄμα
1161 2801 1229 2829 εἶναι
1256 2801 1414 2836 πατρότητα
1447 2799 1494 2826 καὶ
1515 2797 1651 2833 προῆολὴι
1677 2796 1744 2823 ἁπο-

960 2848 1114 2883 φχίνεσθαι,
1130 2848 1174 2875 διά
1195 2849 1224 2874 τὸ
1249 2847 1287 2882 μὴ
1314 2846 1433 2877 εὐσεῆῶς
1457 2846 1544 2873 ἐκεῖνο
1562 2843 1662 2870 τιθέναι
1680 2851 1688 2860 σ
1713 2839 1744 2870 οὗ
