1942 3075
137 134 204 168 1041

681 128 685 133 ’
696 133 910 164 BEFUTATIO
929 132 1181 163 ARGYROPULI.
1214 129 1225 138 ⁶

1677 131 1744 164 1062

135 193 201 220 αὐτὸ
220 192 315 228 ἐτίρας
326 192 430 225 οὐσίας,
446 190 604 224 λειπόμενον
618 190 666 224 τῆς
682 189 775 224 κοινῆς
799 189 914 223 δυνάμε-
928 189 950 216 Δ
964 188 1070 223 θεότης.
1086 189 1139 215 Καὶ
1152 190 1165 215 6
1181 191 1267 223 μέγας
1282 190 1438 222 Ἀθανάσιος
1454 191 1483 216 ἐν
1492 190 1531 226 τῷ
1549 191 1628 218 Κατὰ
1639 191 1746 226 Ἀρεια-

135 248 181 270 ως.
198 239 252 266 Καὶ
266 239 310 266 διὰ
322 238 401 265 τοῦτο
414 237 489 264 οὐδὲν
505 236 591 264 δεινὸν
603 237 635 263 ἐκ
649 236 729 270 μόνου
744 235 790 262 τοῦ
808 236 913 271 Πατρδς

135 284 227 319 λέγειν
238 285 267 311 τὸ
281 284 392 319 Πνεῦμα
405 283 435 310 τὸ
450 283 527 317 ἅγιον
543 291 551 299 ·
570 281 662 317 ἐπειδὴ
686 282 717 308 τὸ
741 281 913 316 προϐάλλειν,

135 329 228 365 ὥσπερ
243 330 287 356 καὶ
300 331 329 356 τὸ
340 329 438 364 γεννᾷν
454 329 493 363 τῷ
522 328 608 361 Πατρὶ
639 327 712 362 μόνῳ
739 327 871 361 προσήκει
896 327 913 362 ἢ

134 376 274 411 ὰγεννήτῳ
284 376 331 402 καὶ
346 375 462 410 θεογόνῳ
472 375 519 401 καὶ
535 374 606 409 ἀρχῇ
623 373 668 399 καὶ
680 373 708 399 εί
730 381 755 398 τι
771 372 890 398 τοιοῦτον
905 379 913 388 ·

134 422 163 448 οὐ
176 421 229 456 γὰρ
241 419 278 452 εἷς
293 421 381 452 αῐτιος
395 422 412 455 ἡ
430 420 526 455 Τριὰς,
538 419 612 446 ἔνδον
629 419 659 445 ἐν
675 419 707 453 τῇ
738 417 845 452 θεότητι
868 417 913 452 δη-

133 465 200 500 λαδὴ
217 465 254 496 ὠς
270 461 310 495 εἷς
325 464 491 499 δημιουργὸς
505 464 553 498 τῆς
568 464 692 495 κτίσεως,
712 461 756 488 διὰ
774 462 853 488 τοῦτο
875 459 915 493 εἷς

134 510 220 540 αἴτιος
236 511 249 536 6
262 510 356 544 Πατὴρ
369 510 449 544 μόνος
463 517 473 526 ο
486 508 517 535 οὐ
529 508 583 543 γὰρ
600 507 670 543 μετὰ
692 507 822 541 συζυγίας
845 506 915 534 κατὰ

134 557 180 583 τὸν
190 557 321 590 Θεολόγον
340 556 499 592 Γρηγόριον,
511 552 654 588 ἁλλόῦτος
669 556 718 591 τὴν
730 555 855 582 ἐναντίαν
870 555 915 590 δὴ-

134 608 185 631 που
200 600 256 631 τοῖς
270 599 357 634 ἁγίοις
370 602 530 636 φερόμενος.

384 655 668 684 ΔΡΓΥΡΟΠΟΥΛΟΣ.

170 709 238 735 Οὐδὶ
253 709 308 744 γὰρ
332 710 364 735 ἐκ
380 710 462 744 μόνου
479 710 594 745 Πατρὸς,
619 710 662 736 ῖνα
686 709 722 745 μὴ
740 709 876 744 νομίζοιτο
901 711 915 737 6

138 751 199 783 Υίὸς
210 752 286 786 αὐτῷ
301 752 439 788 ἀνόμοιος,
452 753 490 788 μὴ
500 753 550 785 τὰς
563 753 647 786 αὐτὰς
663 754 733 789 ἔχων
743 755 915 789 τελειότητας

135 797 174 832 τῷ
192 798 289 833 Πατρί.
304 799 360 825 Καὶ
376 798 420 825 διὰ
437 799 518 826 τοῦτο
531 800 592 834 μηδ’
606 800 758 835 ὁμοούσιος,
778 801 845 836 ὅπερ
867 802 914 827 οὐ-

134 843 227 878 δαμῶς
241 842 353 871 ἀπέοικε
367 846 399 879 τῇ
416 845 464 872 τοῦ
484 845 590 880 Ἀρείου
602 846 707 880 αἱρέσει
724 846 771 873 τὸν
789 846 853 874 Υίὺν
871 847 917 874 ὰλ-
932 852 955 882 Β

135 887 279 924 λοτριούσῃ
292 888 343 924 τῆς
360 888 436 921 θείας
453 889 560 924 φύσεως
572 890 619 917 τοῦ
641 891 757 926 Πατρός.

410 947 640 993 ΑΓΔΔΙΠΑΝΟΣ.

176 1001 257 1037 Ἀλλ’,
288 999 310 1029 ὦ
323 1002 395 1036 ’τὰν,
409 1003 441 1030 οὐ
457 1003 503 1031 τὸν
516 1004 581 1031 Υἰὺν
604 1004 746 1040 ἡλλοτρίου
766 1005 848 1040 μόνον
867 1005 916 1040 τῆς

136 1047 210 1077 θείας
225 1049 239 1075 6
252 1048 360 1084 Ἄρειος
376 1049 493 1083 φύσεως,
506 1050 574 1077 ἀλλὰ
591 1050 638 1077 καὶ
654 1051 684 1078 τὸ
699 1051 776 1085 ἆγιον
793 1051 914 1086 Πνεῦμα.

137 1092 302 1126 Μακεδόνιος
324 1094 353 1121 δὲ
373 1095 449 1121 οὐδὲν
474 1092 556 1131 ἦττον
578 1096 713 1131 αῑριτικδς
739 1096 756 1132 ἢ
776 1097 789 1123 6
807 1096 917 1132 ’Ἄρειος

137 1140 202 1174 περὶ
223 1139 271 1166 τοῦ
288 1141 446 1176 Πνεύματος
462 1141 544 1176 μόνου
558 1140 639 1168 τοῦτο
653 1141 749 1169 νοσῶν.
766 1142 853 1177 Είπερ
870 1142 916 1169 οῦν

137 1186 217 1219 ἡμεῖς
236 1186 369 1220 Ἀρειανοὶ
384 1187 430 1213 καὶ
445 1183 650 1222 συγχωροῦντες
666 1188 705 1223 τῷ
728 1187 787 1223 Υίῷ
805 1188 854 1219 τὰς
869 1187 916 1215 τοῦ

137 1232 243 1266 Πατρδς
262 1232 445 1268 τελειότητας,
462 1234 495 1266 ἃς
509 1234 573 1266 ῐσως
593 1234 640 1273 καὶ
653 1234 771 1269 φυσικὰς
788 1232 856 1261 εἶναι
872 1243 916 1261 πι-

137 1278 252 1309 στεύεις,
269 1278 310 1305 σοὶ
326 1279 436 1311 πάντως
455 1280 504 1315 οὐχ
528 1279 701 1307 ὑπολείπεται
725 1280 804 1314 λόγος
824 1277 846 1314 ᾧ
858 1281 916 1308 δια-

136 1324 246 1358 δράσεις
271 1325 322 1360 τὴν
350 1325 515 1354 Μακεδονίου
538 1327 648 1362 μανίαν.
675 1326 745 1353 Ἀλλ’
759 1327 825 1362 ἡμῖν
845 1327 918 1354 εὐλό-

138 1378 202 1403 γους
222 1371 377 1398 ἀποδιδοῦσι
399 1373 462 1404 τοὺς
484 1372 548 1407 περὶ
565 1372 659 1400 τούτου
671 1372 775 1407 λόγους,
791 1374 845 1401 κάκ
862 1374 917 1401 τῶν

136 1416 222 1450 ἁγίων
236 1418 430 1452 κυρουμένους,
446 1418 534 1444 ἔνεστι
550 1418 649 1454 ῥᾳδίως
663 1418 694 1445 τὸ
713 1419 840 1454 ἔγκλημα
861 1419 918 1446 δια-

135 1460 279 1488 λύσασθαι.
295 1462 331 1489 Σὺ
349 1461 377 1488 δέ
397 1462 510 1499 τοιαύτῃ
530 1462 604 1489 θέσει
621 1463 796 1498 ἐνισχημένος
811 1464 857 1491 καὶ
871 1463 917 1490 οὖ-

966 234 1018 260 νῶν
1043 234 1162 269 πρώτῳ,
1182 245 1190 260 ι
1209 236 1276 269 Φέρε
1304 236 1390 263 τοίνυν
1418 236 1528 271 ἴδωμεν,
1550 237 1626 272 φησὶ,
1642 237 1675 263 τὰ
1698 236 1745 263 τοῦ

967 280 1084 314 Πατρδς,
1099 280 1144 306 ἵνα
1166 281 1212 307 καὶ
1240 281 1289 315 τὴν
1315 282 1407 309 εἰκόνα
1432 282 1589 316 ἐπιγνῶμεν
1613 283 1636 308 εἰ
1662 282 1745 308 αὑτοῦ

965 325 1051 353 ἐστιν,
1074 325 1171 356 ’Δΐδιός
1192 326 1266 353 ἐστιν
1291 327 1304 353 6
1331 327 1435 362 Πατὴρ;
1451 327 1594 360 ἀθάνατος,
1609 327 1745 362 βασιλεὺς,

963 369 1085 402 δυνατὸς,
1100 370 1169 404 φῶς,
1186 372 1395 406 παντοκράτωρ.
1411 373 1488 405 Θεὸς,
1506 373 1617 406 Κύριος,
1633 373 1746 406 κτίστης

965 415 1011 442 καὶ
1026 417 1152 452 ποιητής.
1172 417 1266 444 Ταῦτα
1280 417 1321 444 δεῖ
1331 416 1401 445 εἶναι
1421 419 1449 444 ἐν
1465 420 1496 453 τῇ
1514 419 1608 450 εἰκόνι,
1625 419 1668 446 ἵνα
1683 419 1747 454 ἀλη-

965 460 1020 492 θῶς
1034 462 1048 487 6
1059 461 1104 487 τὸν
1122 462 1185 489 Υίδν
1200 463 1328 497 ἑωρακὼς
1346 463 1387 498 ἴδῃ
1403 463 1448 490 τὸν
1466 464 1587 498 Πατέρα.

1001 506 1032 532 El
1045 503 1092 533 οῦν
1104 507 1213 542 ᾔδεισαν
1222 508 1247 534 οῑ
1261 508 1334 542 ἅγιοι
1347 509 1496 540 ἀκινδύνως
1508 510 1583 544 ἔχειν
1595 509 1624 536 τὸ
1634 509 1720 537 αἴτιον
1729 510 1746 545 ἢ

965 556 1102 583 συναίτιον
1119 557 1157 592 τῷ
1175 557 1264 593 Πατρὶ
1281 558 1420 585 πιστεύειν
1434 559 1479 585 τὸν
1495 559 1570 592 Υίδν,
1581 559 1630 585 καὶ
1644 560 1675 585 ἐκ
1688 558 1749 585 τού-

964 611 1010 630 του
1021 603 1211 638 περιγίνεσθαι
1225 604 1299 639 αὐτῷ
1310 604 1359 639 τὴν
1372 598 1482 639 ίσότητα
1493 605 1542 631 καὶ
1553 604 1750 639 δμοουσιότητα

964 650 1032 685 πρδς
1054 649 1100 676 τὸν
1120 650 1238 684 Πατέρα,
1256 649 1286 676 ἐν
1303 649 1377 676 τίσιν
1392 650 1482 680 ἄλλοις
1505 649 1594 683 ἀγῶσι
1613 649 1701 684 τούτῳ
1716 649 1749 676 ἂν

964 694 1117 729 ἐχρήσαντο
1129 702 1138 727 ;
1153 694 1169 728 ἢ
1187 694 1268 720 πόθεν
1283 695 1392 721 ἂλλοθεν
1407 695 1436 722 ἐν
1447 695 1503 726 τοῖς
1516 694 1587 721 κατὰ
1599 693 1748 728 Νεστορίου

963 739 1053 773 λόγοις
1075 739 1232 774 ἐπεχείρουν
1251 740 1285 766 ἂν
1298 739 1428 775 πρότερόν
1440 748 1470 766 τε
1489 740 1536 766 καὶ
1562 739 1751 774 γενναιότερον

965 785 982 820 ἢ
1004 786 1037 812 ἐκ
1055 785 1167 819 τούτων’,
1194 785 1263 812 Ἀλλ’
1280 785 1397 820 οὐδαμοῦ
1423 785 1477 812 τῶν
1504 785 1636 812 τοιούτων
1663 785 1751 818 λόγων

968 831 1074 858 πολλῶν
1088 832 1173 858 ὄντων
1190 831 1313 858 τοιοῦτόν
1326 840 1353 858 τι
1368 831 1537 865 εὑρίσκεται,
1555 831 1570 857 6
1585 831 1633 866 οὐχ
1654 831 1691 862 ὼς
1706 831 1753 857 ἀν-

969 877 1080 913 ίσχυρον
1097 876 1245 912 παρώφθη,
1260 876 1315 903 οὐδ’
1329 877 1366 908 ὡς
1389 877 1417 903 ἐν
1438 876 1568 911 παρέργῳ
1583 876 1633 910 τῆς
1656 876 1750 911 χρείας
1800 884 1805 887 λ

968 924 1008 950 6v.
1021 923 1053 950 El
1066 922 1121 958 γὰρ
1133 921 1167 958 ἦν
1183 922 1293 958 ἀληθὲς,
1310 923 1419 950 πάντων
1435 921 1468 949 ἂν
1483 919 1517 957 ἦν
1532 921 1706 956 ίσχνρότερόν
1721 930 1750 948 τε

968 970 1016 996 καὶ
1037 969 1274 1004 προύργιαίτερον.
1293 968 1377 995 Ἀλλα
1390 968 1418 995 δέ
1439 968 1524 1003 μυρία
1538 976 1579 1000 τις
1595 968 1706 1003 εὑρήσει
1721 968 1752 994 ἐν

967 1016 1029 1046 ταῖς
1049 1014 1104 1042 τῶν
1119 1014 1205 1048 ἁγίων
1220 1014 1352 1050 γραφαῖς,
1369 1013 1388 1041 δ.
1404 1013 1434 1040 τὺ
1452 1012 1594 1046 όμοούσιον
1615 1014 1650 1048 τῇ
1667 1013 1751 1047 ὑπερ-

968 1063 1050 1098 ουσίῳ
1066 1062 1161 1096 Τριάδι
1180 1060 1433 1093 κατασκευάζουσιν
1448 1060 1502 1087 ἀπὺ
1518 1059 1572 1086 τῶν
1590 1058 1751 1093 θεοπρεπῶν
1788 1093 1792 1095 γ

969 1107 1131 1142 ἀξιωμάτων
1147 1105 1243 1132 κοινῶν
1259 1106 1355 1139 ὄντων,
1372 1104 1491 1139 οὐδαμοῦ
1505 1103 1533 1130 δὲ
1549 1103 1603 1130 ἀπδ
1616 1103 1671 1130 τῶν
1684 1103 1751 1130 ὑπο-

970 1150 1105 1178 πατικῶν
1128 1150 1306 1185 τελειοτήτων
1331 1150 1380 1177 καὶ
1401 1150 1455 1177 τῶν
1473 1149 1632 1184 ίδιοτήτων·
1654 1148 1684 1174 οὐ
1700 1148 1754 1183 γὰρ

970 1195 1108 1230 πεφύκασι
1123 1194 1350 1221 κοινοποιεῖσθαι·
1373 1194 1473 1229 μᾶλλον
1488 1194 1537 1228 μὲν
1552 1193 1598 1220 οῦν
1622 1193 1755 1228 αἱρέσεων

970 1242 1016 1268 καὶ
1035 1240 1211 1276 βλασφημίας
1224 1240 1314 1274 ἔδοξεν
1328 1241 1401 1276 ἁρχὴ
1414 1239 1494 1266 τοῦτο
1508 1241 1565 1272 τοῖς
1578 1240 1679 1274 ἁγίοις,
1693 1239 1755 1266 ὅθεν

971 1287 1019 1314 καὶ
1033 1286 1133 1318 πάντες
1148 1287 1327 1322 ἀπεπήδησαν
1338 1286 1432 1313 τούτου
1449 1286 1486 1318 ὡς
1498 1286 1552 1313 ἀπὺ
1566 1286 1662 1321 πυρός.

1005 1332 1038 1359 El
1056 1332 1148 1359 τοίνυν
1173 1332 1241 1367 μόνη
1265 1331 1342 1367 πηγὴ
1367 1331 1416 1366 τῆς
1441 1331 1603 1364 ὐπερονσίου
1629 1331 1755 1366 θεότητός

971 1379 1046 1405 ἐστιν
1060 1378 1073 1404 6
1086 1378 1181 1413 Πατὴρ
1195 1378 1244 1405 καὶ
1262 1377 1362 1412 ἰδιότης
1376 1376 1459 1404 αὐτοῦ
1474 1377 1533 1403 ἐστι
1549 1377 1579 1403 τὸ
1596 1375 1667 1403 εἶναι
1682 1377 1755 1412 ἁρχὴ

971 1424 1018 1453 καὶ
1044 1424 1119 1451 αἰτία
1139 1423 1191 1459 τῆς
1207 1424 1237 1450 ἐν
1260 1423 1317 1458 Υίῷ
1343 1422 1391 1450 καὶ
1406 1423 1548 1458 Πνεύματι
1563 1422 1756 1457 θεωρουμένης

972 1471 1109 1507 θεότητος,
1124 1472 1172 1498 καὶ
1187 1471 1268 1506 μόνος
1281 1471 1369 1502 αῖτιος
1384 1470 1563 1506 κηρύττεται,
1582 1470 1612 1502 ἐξ
1626 1470 1709 1496 αὐτοῦ
1728 1469 1758 1496 δέ

137 1514 192 1555 τξιτς
208 1507 282 1555 ἔχειν
295 1507 422 1555 οἰόμενος
443 1507 482 1555 ἀξξ
505 1508 638 1555 ὑποτίθης
657 1509 721 1540 τοὺς
742 1509 848 1543 λόγους,
868 1511 918 1546 οὺχ
934 1525 956 1555 c
971 1519 1029 1544 ἐστι
1044 1517 1075 1544 τδ
1089 1517 1200 1552 Πνεῦμα
1215 1517 1260 1544 καὶ
1277 1517 1327 1552 οὐχ
1339 1517 1489 1552 ἑτέρωθεν,
1507 1518 1539 1544 ἐκ
1556 1516 1605 1543 τοῦ
1621 1516 1685 1543 Υίοῦ
1702 1516 1757 1550 γὰρ

137 1548 192 1583 οἶός
207 1561 236 1578 τε
252 1552 302 1589 ἐσῃ
315 1553 380 1579 ποιέ
399 1553 444 1580 τὸν
455 1553 661 1588 Μακεδονισμδν
674 1555 815 1589 ἐκφυγεῖν.

172 1598 258 1629 Αὐτὸς
278 1598 332 1633 γὰρ
353 1598 513 1634 ἀπεφήνατο
529 1599 673 1635 πρότερον,
694 1600 731 1632 ὡς
744 1598 781 1628 ὢν
795 1602 822 1628 αί
843 1601 921 1630 δυνά-

140 1651 201 1677 μεις
219 1644 354 1678 διάφοροι,
372 1644 419 1671 καὶ
432 1644 500 1671 αὐτὰ
519 1644 552 1672 ἂν
565 1643 621 1671 εῐεν
631 1646 690 1677 ταῖς
707 1645 812 1678 οὐσίαις
826 1647 921 1681 διάφο-

141 1696 186 1722 ρα.
201 1686 286 1715 Είοῦν
301 1688 385 1720 ὅντως
398 1690 449 1716 οῐει
461 1689 516 1716 δεῖν
531 1691 672 1724 προσεῖναι
684 1690 722 1726 τῷ
738 1691 795 1726 Υἱῷ
810 1692 861 1723 τὰς
875 1692 923 1718 δυ-

139 1735 235 1768 νάμεις
255 1735 302 1762 καὶ
321 1735 492 1770 τελειότητας
511 1735 559 1762 τοῦ
584 1735 701 1771 Πατρὺς,
719 1737 794 1763 πᾶσα
816 1737 922 1772 ἀνάγκη

140 1783 280 1816 προσεῖναι
294 1782 342 1809 καὶ
355 1782 393 1817 τῷ
410 1782 559 1818 Πνεύματι.
573 1780 641 1809 Εἶτα
656 1782 733 1809 ἔσται
750 1784 764 1810 6
778 1784 844 1815 Υίδς
858 1792 922 1818 γεν-

140 1827 250 1862 νητικὸς
267 1828 313 1854 καὶ⁹
328 1828 521 1863 προϐλητικός.
541 1827 656 1863 Ὀμοίως
669 1828 696 1855 δέ
709 1829 755 1856 καὶ
768 1829 798 1856 τὸ
812 1829 924 1865 Πνεῦμα

142 1875 301 1909 γεννητικὸν
318 1873 365 1901 καὶ
377 1874 570 1910 προδλητικὺν,
588 1875 639 1903 κᾶν
653 1875 678 1901 εί
694 1874 732 1911 μὴ
745 1875 806 1911 είκῆ
822 1876 924 1911 γεννῶν

143 1921 274 1955 ἑκάτερον
289 1920 336 1947 καὶ
351 1920 514 1956 προϐάλλον.

179 1968 209 1993 El
224 1967 252 1993 δὲ
270 1967 284 1993 6
301 1966 364 1999 Υἱὸς
380 1967 523 2002 ἐνεργήσει
543 1968 615 1996 κατὰ
629 1968 678 2003 τὴν
693 1969 838 2004 ἑκατέραν,
853 1968 884 1995 τὸ
896 1968 925 1996 δὲ

144 2013 257 2048 Πνεῦμα
285 2013 344 2043 κατ’
366 2013 522 2050 οὐδετέραν,
543 2014 558 2040 6
576 2015 604 2041 δὲ
628 2015 723 2050 Πατὴρ
748 2014 810 2042 κατ’
830 2014 924 2050 ἄμφω,

144 2059 183 2089 ὦν
197 2061 225 2088 δὲ
238 2061 267 2089 αί
280 2061 418 2097 ἐνέργειαι
433 2061 569 2097 διάφοροι,
586 2062 634 2089 καὶ
657 2062 728 2090 αὐτὰ
751 2062 784 2089 ἂν
803 2062 847 2096 εἴη
866 2062 926 2093 ταῖς

144 2108 251 2140 οὐσίαις
266 2108 393 2144 διάφορα,
411 2108 459 2135 καὶ
474 2107 564 2142 πολλῷ
579 2107 681 2142 μᾶλλον
699 2107 738 2139 ὡς
751 2107 799 2135 καὶ
815 2107 869 2134 τῶν
881 2107 927 2134 δυ-

144 2154 264 2188 νὰμεων,
279 2153 360 2180 ἐνεκά
375 2161 407 2188 γε
420 2153 474 2180 τῶν
482 2153 628 2189 ἐνεργειῶν
639 2152 744 2180 οὐσῶν·
760 2152 868 2184 σκόπει,
880 2153 927 2179 ποῖ

972 1564 1001 1591 τὸ
1017 1563 1130 1598 Πνεῦμα
1144 1563 1173 1589 οὐ
1185 1563 1303 1597 λέγομεν
1314 1571 1320 1578 ·
1333 1563 1392 1589 δέον
1408 1563 1486 1589 οὐδέν
1503 1564 1581 1589 ἐστιν
1594 1561 1705 1596 εὔλογον
1719 1563 1757 1597 μὴ

971 1609 1114 1645 νομισθείη
1139 1618 1182 1640 τις
1203 1609 1397 1644 Ἀρειανὸς,ἐκ
1415 1608 1463 1635 τοῦ
1487 1608 1594 1644 Πατρδς
1613 1609 1696 1643 μόνου
1715 1607 1759 1634 λέ-

972 1664 1028 1690 γων
1045 1655 1242 1690 ἐκπορεύεσθαι
1258 1655 1287 1681 τὸ
1298 1654 1410 1689 Πνεῦμα
1422 1655 1452 1680 τὸ
1467 1654 1545 1688 ἅγιον
1555 1673 1563 1681 .

1008 1702 1072 1734 Πῶς
1087 1701 1142 1737 γὰρ
1155 1702 1178 1728 εἰ
1190 1701 1237 1728 καὶ
1253 1700 1314 1727 λίαν
1327 1700 1438 1732 εὐσεῦὲς
1449 1699 1497 1726 καὶ
1516 1701 1549 1734 τῇ
1559 1698 1614 1725 τῶν
1632 1698 1760 1725 διδασκά-

973 1749 1027 1776 λων
1036 1748 1161 1783 θεολογίᾳ
1173 1748 1321 1783 σύμφωνον
1333 1747 1364 1773 τὸ
1376 1746 1524 1781 λεγόμενον
1536 1754 1544 1779 ;
1560 1745 1646 1777 Αὐτὸς
1661 1745 1689 1771 δέ
1705 1745 1759 1777 ἄρα

973 1796 988 1823 6
999 1794 1058 1822 λίαν
1074 1793 1169 1825 δεδιὼς
1186 1794 1232 1821 καὶ
1243 1792 1378 1820 ἐκκλίνων
1403 1792 1433 1818 τδ
1446 1792 1496 1827 τῆς
1509 1791 1605 1822 οὐσίας
1621 1790 1759 1824 ἀνόμοιον,

975 1842 1021 1869 καὶ
1048 1841 1110 1867 λίαν
1135 1840 1174 1875 τῷ
1198 1839 1313 1875 τοιούτῳ
1337 1837 1455 1874 κρημνῷ
1471 1838 1506 1865 δι’
1520 1835 1558 1865 ὦν
1582 1836 1761 1872 ἐπινενόηκας

975 1895 1010 1914 πε
1014 1887 1203 1924 ριπέπτωκας.

1223 1941 1513 1970 ΔΡΓΥΡΟΠΟΥΔΟΣ.

1013 2002 1063 2029 Διὰ
1086 2002 1165 2029 τοῦτο
1188 2001 1213 2028 οι
1239 2000 1288 2036 τῆς
1310 2000 1475 2036 Ἐκκλησίας
1491 2000 1659 2033 διδάσκαλοι,
1682 1998 1728 2027 καὶ
1744 2000 1761 2033 ἡ

975 2048 1107 2081 καθολικὴ
1123 2047 1145 2079 ζ’
1167 2046 1275 2078 σύνοδος
1302 2047 1334 2073 ἐκ
1357 2046 1405 2073 τοῦ
1424 2046 1531 2081 Πατρὸς
1549 2046 1710 2081 ἀπεφήνατο
1729 2043 1763 2071 δι’

975 2094 1043 2121 Υἱοῦ
1060 2094 1090 2121 τὺ
1102 2093 1180 2128 ἅγιον
1196 2093 1395 2128 ἐκπορεύεσθαι
1411 2091 1536 2127 Πνεῦμα,
1552 2092 1601 2126 οὐχ
1621 2091 1658 2122 ὡς
1676 2090 1764 2118 αίτίου

977 2137 1023 2164 τοῦ
1037 2137 1102 2164 Υίοῦ
1120 2137 1206 2170 δντος,
1220 2137 1276 2164 οὐδ’
1285 2137 1324 2169 ὠς
1339 2137 1426 2173 ἀρχῆς
1441 2137 1536 2168 ἁπλῶς
1549 2136 1595 2163 καὶ
1607 2136 1765 2171 προὸολέως

145 2181 308 2235 τίπρᾶὲμα
317 2181 388 2235 ἧξεᾷ
401 2199 483 2227 ,Ὥστε
507 2181 538 2226 οδ
551 2181 557 2188 -
567 2198 646 2234 μόνον
670 2198 843 2230 Μακεδόνιοῇ
860 2181 927 2225 ἆλλᾶ
943 2191 964 2219 D
1038 2182 1084 2235 τοῦ
1097 2182 1265 2235 Πνεύματ-ος
1275 2183 1462 2235 ὑποστάσεως,
1484 2181 1543 2210 ἀλλ’
1565 2182 1603 2214 ὡς
1626 2181 1765 2209 συναιτίου

145 2247 193 2273 καὶ
206 2247 315 2282 ’Δρειος
328 2245 409 2276 αὐτὸς
423 2245 610 2280 ἀναπέφηνας,
627 2245 675 2272 καὶ
686 2244 774 2277 οὐδεὶς
790 2245 928 2280 ἐξαιρήσε-

145 2292 191 2319 ταί
208 2301 237 2318 σε
252 2291 330 2326 λόγος
340 2290 387 2317 τοῦ
404 2291 491 2318 δεινοῦ
502 2290 609 2318 τούτου.

186 2338 283 2373 Ἡμεῖς
292 2337 321 2365 δέ
336 2337 366 2364 τό
379 2345 409 2364 τε
424 2337 522 2373 γεννᾷν
537 2338 586 2364 καὶ
600 2336 631 2364 τὸ
652 2336 814 2372 προϐάλλειν
829 2336 930 2364 τελειό-

146 2392 232 2419 τητας
246 2382 430 2414 ὐποστατικάς
445 2391 537 2418 φαμεν
550 2381 597 2409 τοῦ
616 2383 752 2418 πατρικοῦ
768 2382 929 2418 προσώπου,

148 2430 186 2461 ὡς
199 2431 234 2465 τῇ
248 2430 328 2466 οὐσίᾳ
345 2429 383 2464 μὴ
399 2429 532 2461 συνούσας
551 2429 598 2456 τοῦ
615 2429 733 2465 Πατρὺς,
748 2429 805 2456 ἀλλ’
821 2426 839 2466 ᾗ
856 2429 931 2457 ἐστιν

147 2475 177 2502 ὲν
202 2475 290 2510 Πατρὶ
310 2474 391 2510 αῦτη,
407 2475 527 2510 ίδιότητα
539 2475 622 2502 αὐτοῦ
642 2475 711 2510 πρὸς
723 2475 779 2502 τῶν
799 2475 932 2510 θεολόγων

148 2522 292 2554 ἀκούοντες
308 2521 358 2557 τὴν
372 2522 470 2557 ἀρχὴν,
486 2521 533 2548 καὶ
548 2522 579 2548 τὸ
589 2521 724 2556 Θεογόνον,
737 2522 784 2548 καὶ
799 2521 849 2557 τὴν
865 2530 933 2557 καρ‹

149 2570 288 2603 πογονίαν,
309 2569 339 2595 ἐν
364 2566 405 2600 οίς
427 2568 525 2603 γεννᾷν
541 2568 588 2595 καὶ
607 2567 771 2603 προϐάλλειν
796 2568 866 2600 ἐστὶ,
885 2568 933 2595 καὶ

151 2615 195 2641 διὰ
210 2614 288 2642 τοῦτο
298 2615 403 2648 ἀνάγκη
424 2613 569 2649 μηδέτερον
586 2613 699 2647 τούτων,
717 2613 734 2647 ἢ
753 2612 817 2647 γοῦν
828 2613 859 2639 τὸ
873 2622 934 2647 γεν-

150 2663 200 2696 νᾷν
227 2662 244 2697 ἢ
270 2662 300 2689 τδ
318 2661 503 2696 ιπροὸἀλλειν,
531 2659 593 2696 μηδ’
613 2659 700 2695 ἑτέρῳ
724 2659 934 2687 κοινοποιείσθαι

151 2707 206 2734 τῶν
237 2707 266 2738 ἐξ
288 2706 371 2733 αὐτοῦ
401 2705 568 2740 προσώπων,
583 2703 640 2732 ἀλλ’
663 2705 737 2740 αὐτῷ
752 2705 826 2740 μόνῳ
847 2713 934 2740 προσ-

152 2755 233 2780 εῖναι.
245 2753 284 2779 Τὰ
300 2753 353 2788 γὰρ
365 2753 503 2789 θεοπρεπῆ
515 2753 604 2780 πάντα.
616 2754 649 2788 τῇ
661 2753 709 2789 ὅλῃ
723 2752 839 2788 θεαρχία
850 2752 934 2788 πρόσ-

154 2808 239 2830 εστιν.
255 2797 294 2830 οἷς
310 2798 453 2834 σύμφωνος
471 2799 620 2835 Γρηγόριος
635 2798 724 2826 κοινὸν
745 2799 832 2836 λέγων
848 2800 935 2835 Πατρὶ

157 2845 204 2874 καὶ
220 2845 277 2882 Υῑῷ
297 2845 343 2873 καὶ
361 2846 432 2881 ἁγίῳ
444 2846 581 2881 Πνεύματι
595 2846 625 2873 τὸ
643 2845 680 2882 μὴ
697 2847 838 2881 γεγονέναι
851 2847 897 2875 καὶ
918 2848 933 2882 ἡ

980 2229 1028 2257 καὶ
1040 2229 1128 2265 ἀρχῆς
1144 2228 1192 2256 καὶ
1208 2229 1239 2262 ἐξ
1253 2229 1352 2265 ἀρχῆς.

1256 2285 1487 2313 ΔΓΔΛΛῙΔΝΟΣ.

1015 2344 1071 2372 Καὶ
1089 2344 1176 2371 ταῦτα
1193 2344 1239 2370 ἐπὶ
1256 2345 1425 2380 συκοφαντίᾳ
1439 2343 1493 2372 τῶν
1507 2343 1676 2372 διδασκάλων
1690 2343 1767 2378 εῐρη-

979 2399 1024 2417 ται
1046 2390 1092 2418 καὶ¹
1112 2390 1163 2425 τῆς
1185 2390 1208 2423 ζ’
1226 2390 1335 2417 συνόδου
1347 2399 1354 2407 ·
1372 2391 1434 2418 ἐπεὶ
1448 2391 1502 2426 γὰρ
1517 2389 1575 2417 οὒτ’
1590 2390 1689 2425 ἀρχὴν,
1704 2387 1768 2416 οὐτε

982 2436 1120 2463 συναίτιον
1135 2435 1180 2461 τὸν
1200 2435 1264 2462 Υίὸν
1277 2434 1324 2462 τοῦ
1340 2435 1419 2470 ἁγίου
1440 2434 1599 2470 Πνεύματος
1615 2434 1769 2470 ἐφρόνησαν

981 2482 998 2518 ἢ
1014 2479 1075 2508 εῐπέ
1088 2489 1131 2513 τις
1142 2480 1198 2508 τῶν
1213 2481 1312 2516 ἁγίων,
1324 2481 1361 2513 ὼς
1372 2480 1404 2508 ἐκ
1417 2489 1450 2515 γε
1464 2481 1519 2508 τῶν
1533 2480 1688 2516 εἰρημένων
1703 2480 1769 2505 ἀπο-

981 2526 1128 2559 δέδεικται,
1146 2525 1276 2558 πῶςόἷόν
1289 2527 1313 2553 τ’
1327 2527 1361 2554 ἂν
1382 2524 1417 2562 ἦν
1432 2527 1462 2552 ὲν
1475 2526 1515 2560 τῷ
1540 2525 1575 2552 δι’
1591 2524 1656 2552 Υῖοῠ
1679 2524 1770 2550 συναί-

983 2581 1041 2600 τιον
1054 2573 1094 2609 τῷ
1109 2573 1198 2609 Πατρὶ
1212 2573 1258 2600 τὸν
1270 2572 1334 2600 Υιδν
1346 2573 1417 2600 νοεῖν
1433 2571 1480 2599 τοῦ
1494 2572 1575 2606 ἁγίου
1592 2570 1748 2604 Πνεύματος
1761 2578 1769 2603 ;

990 2618 1060 2646 Ἀλλ’
1074 2620 1114 2646 ὅτι
1131 2620 1181 2655 μέν
1195 2628 1268 2651 τινες
1282 2618 1336 2646 τῶν
1345 2618 1513 2646 διδασκάλων
1531 2617 1595 2652 περὶ
1615 2617 1665 2651 τῆς
1681 2615 1770 2642 ἀϊδίου

986 2665 1132 2700 ὑπάρξεως
1145 2665 1193 2692 τοῦ
1208 2665 1368 2700 Πνεύματος
1385 2663 1573 2698 θεολογοῦντες
1589 2662 1628 2696 τῷ
1649 2661 1684 2688 δι’
1704 2660 1769 2687 Υίοῦ

985 2711 1148 2746 ἐχρήσαντο,
1166 2712 1214 2738 καὶ
1226 2712 1268 2744 τίς
1282 2709 1316 2747 ἧν
1330 2713 1344 2738 6
1358 2709 1471 2745 εὐσεϐὴς
1487 2708 1591 2735 τούτων
1607 2707 1679 2741 νοῦς,
1694 2707 1770 2734 ἄλλοι

986 2758 1040 2791 πρὸ
1056 2757 1135 2792 ἡμῶν
1159 2757 1328 2793 ἐξηγήσαντο
1339 2765 1347 2773 σ
1368 2756 1462 2791 χαρίεν
1473 2754 1495 2781 δ’
1511 2754 1544 2781 ἂν
1559 2752 1604 2788 ἦν,
1621 2754 1645 2780 εἰ
1662 2754 1770 2780 Λατῖνοι

987 2803 1073 2829 αἴτιον
1095 2803 1188 2834 ἁπλῶς
1215 2803 1261 2829 καὶ
1281 2803 1368 2837 ἀρχὴν
1389 2801 1480 2834 ἔλεγον
1496 2800 1542 2826 τὸν
1558 2799 1631 2831 Υίὸν,
1655 2799 1698 2826 ἵνα
1721 2799 1769 2825 καὶ

988 2848 1079 2882 χεῖρον
1104 2849 1212 2876 πάντων
1239 2847 1384 2880 αἱρετικῶν
1410 2844 1579 2874 ἐδυσσέόουν.
1611 2844 1695 2872 Τοῦτο
1713 2844 1769 2873 γὰρ
