1942 3075
90 129 92 133 ’
135 146 203 177 ιοιτ

660 128 669 137 Χ
717 149 917 180 THEODORI
940 149 1153 180 AGALLIANI

1700 146 1767 181 10εὸ

135 205 197 239 μὲν,
215 206 265 233 οὐκ
278 205 361 237 οὓσας
374 206 414 238 δὲ,
430 206 494 232 ὥστ’
514 206 592 234 οὐδὲν
621 207 723 242 μᾶλλον
745 208 860 236 λύεσθαι
878 209 927 240 τάς
943 211 966 240 Α
980 208 1058 242 οὗτος
1073 210 1293 245 ἀναγκαζόμενος
1308 210 1460 245 ὁμολογεῖν,
1475 210 1549 244 λέγει
1569 209 1618 245 τὴν
1645 218 1769 245 γεννητιο

133 251 264 285 ἀπορίας,
282 251 298 287 ἢ
317 252 470 279 συνδείσθαι
488 253 705 288 καρτερώτερον.
724 254 779 282 Καὶ
794 255 862 290 πρὸς
874 254 923 289 μὲν

134 297 184 332 τὴν
194 298 308 332 πρώτην
322 298 377 325 τῶν
393 298 527 334 ἀποριῶν,
542 299 576 334 ἦν
592 301 640 327 καὶ
655 299 809 336 φθάσαντες
821 301 868 328 νῦν
881 301 923 335 ἐξ·

134 342 263 377 εθέμεθα,
275 343 354 370 λύσιν
366 345 513 372 ἀποδίδωσι
525 345 638 381 ταύτην.

146 400 149 402 ’
388 401 676 430 ΑΡΓΥΡΟΠΟΥΛΟΣ.

171 457 227 484 Τοῦ
243 448 349 491 Πατρδς
361 458 407 485 τὸν
421 458 485 486 Υίδν
496 459 656 493 γεννῶντος,
672 461 706 496 τῇ
719 462 866 496 γεννητικῇ
881 462 925 488 δυ-

135 502 231 537 νάμεις
251 503 376 538 καθάπερ
388 504 528 539 ἐλέγομεν,
553 505 570 540 ή
587 506 716 541 γέννησις
739 507 876 542 συνῆπται
891 509 924 543 τῇ

138 549 237 582 ἑαυτῆς
250 549 365 585 δυνάμει
379 549 395 585 ἢ
411 551 425 577 δ
440 550 514 584 Υἱὸς,
530 552 576 578 καὶ
591 552 626 578 τὰ
641 552 716 588 ἐξῆς.

420 607 651 637 ΑΓΑΛΛΙΑΝΟΣ.

174 661 247 696 Πρδς
272 662 290 689 ἃ
307 661 340 697 δὴ
359 662 407 689 καὶ
426 663 506 697 ἡμεῖς
521 649 784 700 ἀνταποκρινόμεθα
800 665 927 700 λέγοντες

138 704 224 737 οὕτως
236 714 242 720 ·
260 707 333 733 Μίαν
345 707 474 742 γέννησιν
489 707 557 734 οἶδεν
569 710 582 735 ὁ
595 709 673 743 λόγος
689 711 783 737 καλεῖν
799 712 828 738 ἐν
841 712 928 747 [Ιατρὶ

140 752 187 777 καὶ
201 751 270 786 Υὶῷ,
286 753 336 788 οὐχ
350 753 482 784 ὡσαύτως
496 755 525 781 ἐν
547 755 650 791 ἀμφοῖν
671 755 874 792 θεωρουμένην.
896 757 928 785 'H

141 797 191 829 μὲν
208 799 261 832 γὰρ
276 798 329 824 ἀπὸ
343 798 388 825 τοῦ
402 800 502 834 γεννᾷν
516 800 670 836 είλημμένη
684 803 849 839 ἐνεργητική
869 804 927 830 ἐστι

140 842 188 868 καὶ
210 843 362 878 συνᾴδουσα
381 844 420 878 τῷ
438 846 679 882 συμπεπλεγμένῳ
696 849 870 885 γνωριστικῷ
888 849 928 885 τῷ

977 256 1028 291 κὴν
1041 255 1156 290 δύναμιν
1166 255 1284 283 δίδοσθαι
1303 256 1341 290 τῷ
1358 255 1426 290 Υίῷ,
1438 255 1487 290 οὐχ
1502 255 1539 286 ὡς
1560 255 1690 288 δύναμιν,
1708 255 1768 281 ἀλλ’

976 302 1015 333 ὡς
1039 301 1209 335 τελειότητα.
1229 302 1321 336 Ἀρκεῖ
1336 302 1386 337 μὲν
1405 299 1452 329 οὖν
1465 301 1532 332 ἴσως
1552 301 1593 327 ὅτι
1617 301 1664 326 καὶ
1687 300 1769 331 αὑτὶς

977 347 1112 382 ὡμολόγει
1140 348 1178 383 μὴ
1202 348 1240 379 ὡς
1257 348 1374 382 δύναμιν
1396 349 1445 383 τὴν
1460 346 1624 382 γεννητικὴν
1647 346 1768 373 δίδοσθαι

978 393 1017 428 ἰᾦ
1034 394 1102 428 Υῑῷ,
1120 394 1179 420 ἀλλ’
1193 394 1230 425 ὡς
1245 394 1403 429 τελειότητα
1416 402 1424 410 ⁶
1443 394 1520 427 ἔλεγε
1537 393 1559 420 δ’
1573 393 1648 427 ὅμως
1663 393 1691 423 ἐς
1707 392 1770 418 δεῦ-

979 448 1022 473 ρο,
1041 439 1082 465 ὅτι
1105 439 1154 473 τὴν
1178 438 1342 475 γεννητικὴν
1365 439 1480 474 δύναμιν
1507 439 1562 474 ἔχει
1590 439 1691 471 όΥίὺς,
1709 439 1770 473 ἦτοι

978 485 1027 520 τὴν
1045 485 1092 512 τοῦ
1109 486 1217 520 γεννᾷν,
1233 486 1409 521 ἀντιφάσκων
1430 485 1537 520 ἐαυτῷσ
1563 486 1609 512 καὶ
1630 486 1660 512 οὐ
1686 485 1769 520 μέχρι

979 531 1087 563 τούτου,
1103 531 1170 558 ἀλλά
1191 532 1238 558 καὶ
1260 531 1299 565 τῷ
1322 531 1463 566 Πνεύματι
1490 530 1680 565 μεταδίδοσθαί
1702 539 1770 564 φησι

950 583 953 585 ‘
979 576 1029 610 τῆς
1043 576 1208 611 γεννητικῆς
1229 585 1259 602 τε
1283 576 1331 603 καὶ
1359 576 1556 611 προϐλητικῆς,
1577 577 1627 602 οὐκ
1641 574 1690 602 οἵδ’
1706 576 1720 602 ὅ
1742 585 1771 602 τι

980 621 1075 649 παθὼν
1091 622 1138 648 καὶ
1150 623 1233 649 πόθεν
1247 623 1368 657 κινηθεὶς
1383 623 1422 654 είς
1439 623 1576 655 τοσαύτην
1590 622 1707 648 ἀτοπίαν
1722 624 1770 655 ἑμ-

980 670 1086 700 πεσεῖν,
1112 671 1159 696 καὶ
1173 669 1220 700 τὰς
1246 669 1321 701 θείας
1344 669 1507 700 ὑποστάσεις
1526 668 1613 699 οὕτως
1635 668 1770 701 ἀτιμάσαι

981 715 1126 750 δυνάμεων
1154 716 1345 751 ἀνενεργήτων
1373 715 1519 745 κοινωνοὺς
1543 714 1662 747 ἀξιώσας
1684 713 1772 744 αὑτὰς

982 762 1080 793 εἰπεῖν,
1106 761 1136 788 ὃν
1150 761 1250 796 τρόπον
1274 761 1322 787 καὶ
1346 761 1377 787 τὸ
1398 761 1498 796 βρέφος
1519 759 1637 794 λέγομεν
1656 759 1772 793 δυνάμει

981 807 1188 842 γραμματικὸν,
1205 806 1242 838 ὡς
1257 807 1288 834 τδ
1307 806 1420 841 Πνεῦμα
1435 804 1468 833 αὖ
1485 807 1518 832 ἐκ
1536 805 1678 840 δυνάμεως
1705 813 1772 839 προ·

982 853 1080 886 ελθεῖν,
1106 851 1252 891 ᾗδυνάμει
1273 853 1317 881 ὅτε
1341 854 1470 887 ἐγεννᾶτο
1498 854 1513 880 ό
1531 852 1607 885 Υιδς,
1630 851 1707 889 οὔπω
1721 851 1771 886 τὴν

141 887 237 924 Πατὴρ
249 889 373 924 ὀνόματιο
387 890 403 925 ἡ
419 890 447 917 δὲ
462 891 516 917 ἀπὸ
535 892 580 918 τοῦ
595 893 743 926 γεννᾶσθαι
759 895 806 921 καὶ
818 904 930 930 συμφω-
946 889 968 916 Β
983 887 1124 935 ἐνέργειαν
1139 887 1239 935 ἐχούσῃ
1255 899 1434 934 συνημμένην
1454 899 1535 934 αὐτῇ,
1551 897 1620 925 ἀλλὰ
1632 887 1687 924 ’τοῦ
1705 897 1771 923 Υξοῦ

140 933 224 960 νοῦσα
239 935 278 970 τῷ
293 935 357 967 Υίὺς
379 936 494 970 ὀνόματι
513 939 647 973 γεννητὴν
661 939 811 967 ὑπόστασιν
829 942 930 976 σημαί-

140 988 225 1014 νοντι,
239 981 271 1007 οὑ
287 983 462 1018 γεννητικήν.

183 1026 323 1060 Ὠσαύτως
333 1028 380 1056 οὖν
392 1029 439 1056 καὶ
453 1030 469 1065 ή
481 1029 596 1066 δύναμις
606 1031 623 1066 ἡ
638 1031 706 1067 πρὸς
720 1032 750 1058 τὺ
764 1034 862 1068 γεννᾷν
875 1033 930 1060 δια-

143 1071 221 1107 φέρει
235 1073 285 1108 τῆς
300 1075 369 1109 πρὸς
383 1076 414 1102 τὸ
429 1077 576 1110 γεννᾶσθαι
595 1077 750 1112 δυνάμεως.
774 1075 823 1105 Ὧν
843 1081 860 1115 ἡ
881 1081 931 1115 μὲν

142 1117 216 1144 ἐστιν
233 1118 263 1146 ἐν
284 1119 323 1154 τῷ
337 1120 434 1155 Πατρὶ,
451 1121 468 1156 ἡ
491 1121 519 1148 δὲ
533 1122 564 1148 ἐν
581 1122 620 1158 τῷ
638 1123 706 1158 Υίῷ.
726 1124 782 1151 Καὶ
805 1125 931 1161 καθάπερ

141 1164 173 1191 τὺ
189 1161 259 1192 εἶναι
274 1164 322 1192 τοῦ
337 1166 445 1201 [ἰατρὸς
458 1167 550 1194 καὶτὸ
574 1167 644 1196 εἶναι
663 1169 709 1196 τοῦ
735 1169 801 1197 Υἱοῦ
823 1171 854 1198 ἓν
874 1173 931 1198 ἐστι

142 1212 189 1237 καὶ
207 1212 301 1246 ταυτδ,
316 1211 376 1252 ἀλλ’
393 1213 424 1239 οὺ
450 1214 586 1249 προσήκει
609 1214 648 1249 τῷ
662 1215 719 1251 Υίῷ
743 1214 813 1243 εἶναι
834 1217 931 1252 Πατρὶ,

143 1256 204 1283 οὐδέ
215 1257 247 1283 τδ
258 1251 394 1285 ἀνάτὲαλιν
407 1267 414 1276 ·
428 1258 515 1291 οὕτως
531 1260 553 1286 εί
570 1260 618 1286 καὶ
632 1260 688 1292 τοῖς
701 1260 793 1293 ἄλλοις
804 1262 872 1288 πᾶσι
884 1251 932 1298 θή-

144 1310 227 1337 σομεν
241 1301 315 1335 εῐναι
339 1304 390 1339 τὴν
412 1305 577 1339 γεννητικὴν
591 1306 707 1340 δύναμιν
727 1308 755 1333 ἐν
773 1307 861 1343 Πατρὶ
885 1307 933 1333 καὶ

143 1347 202 1383 Υἰῷ
215 1349 262 1375 καὶ
277 1349 327 1385 τὴν
340 1350 478 1386 γέννησιν,
496 1350 565 1378 ἀλλὰ
582 1352 640 1383 τοῖς
661 1352 735 1387 ὅροις
757 1353 932 1388 διαφέρουσιν

143 1393 316 1428 ἀναφορικῶς
324 1395 551 1430 διακρινομένοις,
564 1397 602 1428 ὡς
610 1398 657 1423 καὶ
676 1400 710 1425 τά
722 1399 788 1425 ἄλλα
801 1399 889 1426 πάντα
904 1400 933 1427 ἓν

144 1439 219 1465 ἐστιν
233 1440 263 1465 ἐν
283 1441 370 1474 Πατρὶ
388 1441 434 1467 καὶ
445 1441 520 1476 ,Υίῷ,
535 1442 604 1476 πλὴν
619 1442 657 1477 τῷ
676 1443 727 1478 μὲν
742 1445 812 1471 κατά
822 1445 872 1477 τὴν
885 1445 931 1472 τοῦ

143 1484 261 1516 διδόντος
273 1485 423 1520 ἀναφορὰν,
436 1487 474 1521 τῷ
487 1487 514 1513 δὲ
524 1488 595 1515 κατά
610 1489 660 1524 τὴν
674 1489 721 1516 τοῦ
736 1490 930 1525 λαμὸἀνοντοςο

143 1529 193 1555 καὶ
215 1529 302 1561 οὕτως
318 1529 379 1557 οὔτε
394 1531 444 1567 τὴν
461 1533 489 1559 ἐν
504 1533 543 1568 τῷ
559 1534 647 1569 Πατρὶ
663 1534 789 1569 γέννησιν
807 1536 823 1570 ἢ
837 1536 864 1562 ἐν
879 1536 931 1562 [Ια-

143 1574 190 1609 τρὶ
205 1575 246 1601 δεῖ
269 1573 337 1602 εἶναι
353 1577 382 1603 ἐν
399 1577 437 1610 τῷ
459 1577 526 1612 Υίῷ,
543 1578 586 1605 ἵνα
602 1580 640 1614 μὴ
657 1580 750 1615 Πατὴρ
772 1582 786 1607 ό
800 1581 862 1614 Υιὸς
878 1583 932 1617 εἴη,

143 1619 206 1646 οὕτε
218 1621 267 1655 τὴν
285 1622 314 1648 ἐν
332 1622 371 1656 τῷ
385 1621 443 1658 Υίῷ
458 1623 474 1658 ἦ
493 1624 566 1650 ἐστιν
586 1625 615 1651 ἐν
630 1625 686 1660 Υῐῷ
701 1625 742 1651 δεῖ
757 1623 826 1652 εἶναι
846 1627 875 1653 ἐν
894 1626 933 1662 τῷ

127 1681 130 1684 ι
145 1667 244 1703 Πατρὶ,
263 1667 307 1694 ἵνα
325 1669 363 1704 μὴ
381 1669 447 1701 Υἱὸς
459 1670 473 1696 ὁ
490 1670 583 1706 Πατὴρ
596 1671 720 1707 γένηται.

400 1727 686 1756 ΑΡΓΥΡΟΠΟΥΛΟΣ.

186 1783 231 1816 Ὠς
247 1783 276 1811 δέ
290 1784 340 1812 καὶ
356 1785 405 1819 τὴν
417 1785 534 1822 δύναμιν
553 1787 603 1821 τὴν
615 1788 791 1823 γεννητικήν.

424 1843 656 1871 ΑΓΔΛΛΙΑΝΟΣ.

182 1899 214 1925 El
231 1899 280 1934 μὲν
295 1897 342 1927 οὖν
354 1900 368 1926 ό
384 1900 479 1936 Πατὴρ
491 1901 578 1929 ἐδίδου
601 1902 641 1934 τῷ
658 1902 716 1937 Υίῷ
730 1902 780 1938 τὴν
795 1903 933 1939 γέννησιν,

146 1940 164 1981 ᾖ
182 1944 276 1980 γεννᾷ,
298 1946 345 1972 καὶ
361 1947 410 1981 τὴν
426 1947 493 1982 πρὸς
509 1948 595 1983 αὐτὴν
615 1948 740 1983 δύναμιν,
755 1949 810 1976 ἔδει
831 1949 864 1976 ἂν
887 1950 936 1977 καὶ

145 1990 192 2015 τὸν
206 1989 272 2017 Υίδν
286 1991 398 2026 γεννᾷν·
417 1993 442 2019 εί
457 1992 486 2018 δὲ
502 1994 540 2028 μὴ
554 1994 636 2029 γεννᾷ
653 1994 667 2019 ὁ
679 1994 753 2027 Υἱὸς,
771 1994 831 2021 οὐδὲ
842 1995 933 2022 τοιαύ-

145 2043 196 2070 την
216 2035 291 2071 αὐτῷ
305 2035 398 2064 δίδωσι
413 2036 529 2073 δύναμιν
546 2039 592 2066 καὶ
605 2039 755 2074 ἐνέργειαν,
773 2039 832 2067 ἀλλ’
847 2040 863 2076 ἢ
879 2040 934 2076 ἄρα

146 2082 201 2109 τῶν
211 2082 409 2118 ἀντικειμένων
426 2092 496 2117 πως,
509 2085 593 2119 ἤγουν
604 2084 653 2120 τὴν
664 2085 710 2112 τοῦ
726 2086 873 2120 γεννᾶσθαι
889 2086 934 2113 δύ-

146 2137 240 2164 ναμιν,
256 2130 303 2156 καὶ
318 2130 368 2165 τὴν
384 2130 540 2165 παθητικὴν
554 2131 692 2166 γέννησιν.
707 2132 810 2159 Τούτου
825 2130 872 2160 οὖν
892 2133 934 2160 λέ-

145 2182 240 2208 γοντος
264 2175 306 2202 ὅτι
327 2176 344 2210 ἠ
359 2175 486 2209 γέννησις
504 2177 642 2210 συνῆπται
657 2179 690 2212 τῇ
706 2178 805 2210 ἑαυτῆς
820 2178 933 2214 δυνάμει

982 945 1158 980 γεννηθέντος
1173 945 1275 982 ταύτην
1288 946 1421 980 λαϐούσῃ,
1438 944 1486 972 καὶ
1507 944 1557 971 ὅσα
1574 943 1687 970 τοιαῦτα
1713 944 1772 970 ἐτε-

983 993 1123 1028 ρατεύετο.

1018 1039 1149 1074 Νομίσειε
1162 1039 1185 1066 δ’
1203 1040 1235 1067 ἀν
1251 1049 1293 1072 τις
1310 1039 1376 1072 ἴσως
1391 1040 1442 1072 ὃτι,
1459 1039 1503 1066 ἵνα
1517 1038 1555 1074 μὴ
1577 1039 1594 1072 ἡ
1612 1039 1661 1073 τῆς
1676 1036 1772 1068 οὐσίας

983 1085 1079 1122 ἑνότης
1092 1086 1276 1122 διασπασθείη
1290 1086 1385 1118 δεδιὼς
1399 1086 1446 1113 τὸν
1466 1086 1545 1120 λόγον
1569 1085 1640 1112 οὕτω
1655 1084 1771 1115 διέθετο,

981 1131 1031 1159 καὶ
1054 1132 1103 1163 τὰς
1121 1131 1252 1168 δυνάμεις
1267 1132 1373 1163 ταύτας
1389 1132 1563 1167 τελειότητας
1587 1132 1636 1166 τῆς
1663 1131 1773 1164 φύσεως

982 1176 1145 1213 ἡγούμενος,
1160 1178 1259 1213 ἐπίσης
1285 1179 1318 1213 τῇ
1344 1177 1404 1212 θείᾳ
1430 1177 1485 1204 τῶν
1499 1176 1655 1212 προσώπων
1676 1175 1772 1209 Τριάδι

982 1223 1154 1258 διενείματο*
1170 1223 1230 1250 ἀλλ’
1249 1223 1299 1250 οὐκ
1324 1222 1434 1257 ἐπίσης,
1453 1222 1533 1255 εἴπερ
1548 1221 1588 1256 τῷ
1609 1221 1698 1254 Πατρὶ
1723 1220 1774 1254 μὲν

984 1270 1058 1305 μόνῳ
1075 1270 1143 1305 μετὰ
1156 1270 1205 1304 τῆς
1217 1270 1370 1304 ἐνεργείας,
1383 1270 1439 1300 τοῖς
1450 1269 1478 1296 δὲ
1490 1268 1594 1302 λοιποῖς
1609 1267 1770 1302 ἀπράκτους

983 1315 1031 1342 καὶ
1044 1315 1136 1347 κοινὰς
1154 1315 1263 1343 δίδωσι·
1288 1315 1329 1342 διὸ
1349 1315 1398 1342 καὶ
1417 1315 1522 1351 σφόδρα
1545 1313 1773 1349 περιπέπτωκεν,

982 1362 1043 1389 ὅθεν
1057 1362 1118 1389 λίαν
1138 1362 1279 1397 ἐξέφευγε.
1296 1362 1358 1394 Πῶς
1376 1361 1432 1397 γὰρ
1447 1362 1481 1389 ἀν
1502 1360 1553 1396 τῆς
1567 1361 1653 1396 αὐτῆς
1668 1359 1711 1394 εἵη
1727 1359 1775 1386 οὑ-

983 1408 1055 1442 σὶας,
1072 1408 1107 1435 τὰ
1122 1408 1160 1444 μὴ
1179 1410 1212 1444 τῇ
1228 1409 1297 1444 αὐτῇ
1312 1409 1463 1442 τελειότητι
1474 1408 1573 1443 ἐπίσης
1590 1405 1772 1442 ἐνεργοῦντας

983 1455 1014 1481 El
1029 1455 1059 1481 δὲ
1079 1455 1161 1489 ἀρκεῖ
1177 1455 1245 1490 πρὸς
1264 1455 1316 1490 τὴν
1332 1455 1446 1489 ἑνότητα
1461 1453 1512 1488 τῆς
1528 1453 1624 1485 οὐσίας
1642 1453 1673 1480 τὸ
1694 1452 1770 1487 ἐχειν

982 1500 1029 1527 τὸν
1041 1501 1107 1528 Υῑδν
1123 1501 1172 1536 τὴν
1185 1501 1350 1537 γεννητικὴν
1364 1501 1429 1528 ἄνευ
1442 1501 1593 1536 ἐνεργείας,
1610 1500 1679 1527 διότι
1692 1499 1772 1526 συνέ-

984 1547 1098 1580 ζευκται
1112 1549 1145 1583 τῇ
1161 1547 1298 1583 γεννήσει,
1311 1548 1342 1575 τὺ
1355 1548 1384 1574 δὲ
1398 1548 1512 1583 Πνεῦμα
1522 1548 1552 1575 τδ
1563 1547 1640 1582 ἅγιον
1651 1547 1713 1582 ἔχει·
1723 1546 1774 1574 καὶ

986 1594 1144 1629 ἀμφοτέρας
1170 1594 1232 1629 δίχα
1263 1594 1311 1621 καὶ
1331 1594 1396 1622 αὐτὸ
1425 1595 1480 1621 τῶν
1504 1594 1662 1629 ἐνεργειῶν,
1685 1593 1727 1625 τίς
1754 1595 1773 1629 ἠ

985 1640 1091 1674 ἀνάγκη
1117 1640 1165 1667 τοῦ
1190 1640 1261 1676 ἔχειν
1281 1639 1327 1667 τδν
1347 1641 1411 1667 Υίδν
1427 1640 1477 1676 τὴν
1492 1639 1678 1675 προϐλητικὴν
1702 1640 1774 1674 μετὰ

983 1685 1032 1720 τῆς
1049 1686 1202 1720 ἐνεργείας,
1219 1686 1325 1712 πολλῶν
1338 1685 1467 1712 ἐντεῦθεν
1482 1686 1592 1713 ἀτόπων
1607 1685 1752 1720 φυομένων
1765 1693 1772 1716 ;

990 1732 1123 1763 Ἔσώζετο
1134 1733 1188 1767 γὰρ
1211 1732 1245 1759 ἂν
1257 1733 1303 1759 καὶ
1316 1732 1402 1764 οὕτως
1419 1733 1436 1767 ἠ
1458 1732 1508 1766 τῆς
1529 1731 1622 1763 οὐσίας
1642 1731 1736 1766 ἑνότης
1756 1727 1775 1768 ᾖ

985 1776 1219 1810 συναγωνίζεσθαι
1235 1777 1317 1809 δοκεῖ,
1331 1777 1400 1811 πρὸς
1418 1777 1456 1810 τῷ
1481 1777 1530 1803 καὶ
1553 1775 1588 1803 τὰ
1604 1776 1693 1803 ἄτοπα
1711 1784 1775 1802 σιω-

985 1823 1099 1849 πᾶσθαι.
1117 1822 1197 1848 Ἀλλὰ
1213 1822 1315 1856 μᾶλλον
1327 1823 1351 1848 εί
1362 1823 1487 1849 σύνεστιν
1497 1823 1514 1857 ἠ
1526 1822 1654 1858 γέννησις
1666 1823 1700 1858 τῇ
1712 1822 1775 1849 ἐαυ-

983 1869 1033 1903 τῆς
1044 1868 1170 1903 δυνάμει,
1182 1869 1199 1905 ἡ
1215 1869 1243 1895 δὲ
1255 1869 1381 1904 γέννησις
1397 1868 1457 1896 κατ’
1471 1869 1612 1903 ἐνέργειαν
1627 1868 1657 1895 οὐ
1667 1867 1774 1896 δέδοται

983 1914 1022 1949 τῷ
1041 1914 1096 1949 Υίῷ
1113 1914 1173 1941 οὐδὲ
1190 1914 1228 1949 τῷ
1244 1915 1394 1950 Πνεύματι,
1411 1914 1472 1941 οὐδὲ
1497 1915 1514 1950 ἡ
1534 1914 1650 1949 δύναμις
1676 1913 1774 1946 αὐτῆς,

984 1960 1044 1987 οὐδέ
1062 1960 1100 1995 τῷ
1116 1960 1173 1994 Υἱῷ
1189 1961 1242 1995 ἄρα
1259 1961 1318 1996 ἅμα
1332 1960 1371 1996 τῷ
1388 1960 1522 1995 προῖόντι,
1540 1960 1578 1992 ὡς
1599 1961 1613 1986 ό
1628 1959 1708 1994 λόγος
1729 1959 1775 1986 διὰ

984 2007 1038 2034 τῶν
1049 2007 1136 2041 ἀγίων
1153 2007 1282 2042 ἀπεδόθη.
1728 2019 1734 2023 ·

1019 2051 1078 2080 Εἶθ’
1095 2052 1189 2088 ὥσπερ
1214 2053 1294 2084 αὐτὸς
1313 2052 1410 2080 ἐαυτὸν
1426 2053 1597 2088 ἀνατρέπων,
1618 2053 1662 2084 Ὠς
1691 2060 1776 2087 μετα-

983 2098 1085 2132 δίδωσι,
1102 2099 1195 2134 φησὶν,
1220 2099 1234 2126 ὁ
1261 2099 1356 2134 Πατὴρ
1380 2100 1435 2131 τοῖς
1460 2099 1490 2133 ἐξ
1514 2098 1596 2126 αὐτοῦ
1621 2098 1677 2125 τῶν
1693 2098 1775 2126 δυνάν

986 2153 1069 2180 μεων,
1104 2145 1141 2177 ὡς
1167 2145 1344 2181 τελειοτήτων
1367 2145 1459 2181 μόνον,
1483 2145 1533 2181 οὐχ
1558 2146 1597 2177 ὡς
1619 2145 1774 2181 δυνάμεων.

985 2191 1040 2218 Καὶ
1062 2191 1104 2223 τίς
1119 2191 1152 2219 διν
1169 2192 1212 2226 εῐη
1227 2192 1366 2227 τελειότης
1382 2193 1412 2219 ἐν
1426 2191 1464 2226 τῷ
1481 2191 1551 2227 Θεῷ,
1570 2192 1607 2227 μὴ
1628 2193 1675 2218 καὶ
1699 2191 1775 2227 ἔργῳ

147 2217 164 2257 ᾖ
181 2220 273 2273 ρτιδς,
283 2222 413 2273 ravim
427 2220 519 2273 eaeng
536 2221 654 2273 ιιςςτρξτς.
669 2223 788 2273 ξιοτέραν
803 2223 930 2273 γέννησιν
946 2231 971 2261 υ
983 2217 1643 2273 “haughgg'4015:05ng’ggeggr;
1659 2217 1676 2272 ἢ
1699 2217 1776 2271 σε

147 2266 191 2293 καὶ
209 2267 326 2302 ποτέραν
339 2267 456 2303 δύναμιν
466 2267 508 2295 δεῖ
522 2268 592 2295 νοεῖν
604 2269 653 2304 τὴν
667 2269 852 2304 ἐνεργητικῶς
866 2270 934 2306 λαμ-

95 2320 102 2324 ·
145 2312 309 2347 ὁανομένην,
325 2312 341 2347 ἢ
357 2313 407 2344 τὴν
424 2314 602 2349 παθητικῶς;
614 2315 661 2351 Μὴ
677 2314 868 2351 διορισαμένου
880 2317 934 2352 γάρ

145 2357 255 2391 τούτου,
270 2359 371 2394 ἄπορος
390 2360 500 2392 πάντως
525 2362 539 2387 ό
554 2361 632 2395 λόγος
655 2361 741 2390 ἐστίν.
763 2362 844 2390 Ἀλλά
863 2363 935 2390 κατά

145 2402 210 2436 τοὺς
225 2404 368 2439 Θεμελίους
386 2405 437 2440 τῆς
452 2406 584 2440 πίστεως,
601 2408 648 2434 καὶ
665 2407 702 2440 ὡς
721 2408 889 2444 ὑπαγορεύει
904 2409 934 2436 τδ

146 2449 257 2484 ἀληθὲς,
272 2451 384 2483 εὺσεὸἐς
395 2451 428 2479 ἂν
442 2452 486 2487 εἴη
504 2452 594 2487 λέγειν
608 2453 646 2485 ὡς
665 2454 729 2481 ὅταν
743 2455 757 2481 ό
771 2455 849 2490 λόγος
867 2456 934 2490 πρὸς

145 2497 192 2524 τὸν
214 2497 328 2533 Πατέρα
345 2498 394 2534 τὴν
419 2499 571 2534 ἀπόϐλεψιν
597 2500 659 2536 ἔχῃ,
680 2501 865 2536 ἐκλαμϐάνειν
893 2502 935 2529 δεῖ

145 2543 196 2578 τὴν
209 2544 325 2580 δύναμιν
353 2545 401 2572 καὶ
424 2547 474 2582 τὴν
495 2546 623 2582 γέννησιν
641 2548 843 2584 ἐνεργητικῶς·
867 2548 934 2576 [διον

146 2589 200 2624 γάρ
215 2590 274 2616 ἐστι
293 2590 340 2616 τοῦ
357 2590 464 2627 Πατρδς
488 2593 520 2619 τὺ
535 2594 651 2629 γεννᾷν·
668 2594 733 2621 ὅταν
752 2594 781 2621 δὲ
801 2594 870 2631 πρὸς
887 2595 934 2622 τὸν

146 2635 221 2668 Υἰδν,
234 2638 281 2664 καὶ
297 2637 413 2673 δύναμιν
431 2639 479 2666 καὶ
491 2639 618 2675 γέννησιν
631 2640 787 2676 παθητικὴν
800 2641 842 2667 δεῖ
853 2643 932 2668 νοεῖνο

146 2683 213 2709 ἴδιον
225 2684 280 2719 γὰρ
294 2685 375 2712 αὑτοῦ
390 2686 421 2712 τὸ
439 2686 586 2720 γεννᾶσθαι
603 2688 673 2714 κατὰ
688 2687 752 2718 τοὺς
770 2687 911 2721 θεολόγονς
925 2695 932 2703 ·

145 2729 316 2764 γεννώμενος
337 2732 402 2767 γὰρ,
421 2732 451 2759 τὸ
462 2730 681 2768 εἶναι’λαμϐάνει
703 2733 747 2760 διὰ
768 2734 932 2768 γεννήσεως,

147 2776 193 2801 καὶ
207 2776 252 2803 διὰ
264 2778 343 2804 τοῦτο
359 2778 434 2810 Υἱός.

183 2822 238 2848 Οὐκ
253 2823 363 2856 εὐσεϐὲς
382 2824 405 2851 δ’
417 2826 450 2852 ἂν
466 2827 508 2861 εἴη
526 2826 623 2860 λέγειν,
640 2827 680 2853 ὅτι
703 2827 732 2853 τὸ
753 2828 849 2863 γεννᾷν
866 2828 933 2862 λαμ-

150 2868 225 2895 ῡαιει
242 2870 286 2897 διὰ
301 2873 463 2908 γεννήσεως,
481 2875 510 2901 οὺ
526 2874 579 2909 γὰρ
601 2876 646 2904 καὶ
663 2876 769 2911 Πατήρ.
791 2877 823 2903 "U
839 2875 871 2911 δὴ
886 2876 932 2903 κλὶ

985 2283 1047 2316 γειά
1077 2283 1153 2316 ἐστι;
1172 2283 1289 2318 Πότερον
1316 2281 1362 2311 οὖν
1388 2281 1422 2319 ἦν
1445 2284 1549 2319 βέλτιον
1572 2284 1620 2315 τὰς
1643 2293 1777 2318 προακτι-

985 2327 1037 2360 κάς
1057 2327 1187 2363 δυνάμεις
1206 2328 1261 2356 τῶν
1288 2329 1368 2357 θείων
1391 2330 1547 2364 προσώπων
1568 2330 1608 2356 ἑνὶ
1634 2331 1776 2365 προσώπῳ

984 2373 1023 2409 τῷ
1055 2374 1181 2410 πατρικῷ
1202 2375 1352 2411 ἀφορίζειν,
1377 2376 1411 2402 ῐν*
1435 2377 1523 2402 ἐκεῖνο
1544 2376 1624 2412 μόνον
1655 2374 1673 2415 ᾗ
1707 2385 1777 2411 προ-

985 2419 1063 2455 άγον,
1077 2420 1111 2448 τά
1127 2420 1156 2446 δέ
1170 2420 1255 2447 λοιπὰ
1286 2421 1464 2456 προαγόμενα
1489 2422 1538 2447 καὶ
1561 2421 1590 2447 ἐν
1607 2421 1678 2456 ἀρχῇ
1694 2419 1775 2455 ἔλεγε

985 2465 1076 2498 καλῶς
1102 2466 1182 2493 τοῦτο
1204 2466 1303 2501 λέγων,
1321 2467 1371 2498 τὰς
1385 2467 1407 2493 δ’
1425 2467 1696 2501 ἀνταποκρινομένας
1720 2475 1776 2492 πα-

985 2510 1099 2546 θητικάς
1116 2511 1269 2539 ἀποδιδόναι
1295 2511 1411 2545 τούτοις,
1441 2511 1490 2547 οὐχ
1517 2510 1598 2548 ἧττον
1622 2512 1777 2547 δυναμένας

984 2557 1025 2587 εἰς
1037 2556 1083 2582 τὸν
1097 2556 1148 2591 τῆς
1165 2557 1288 2592 ἰσότητος
1305 2556 1394 2591 λόγον,
1412 2557 1488 2584 οὐδὲν
1501 2559 1555 2592 γὰρ
1571 2558 1612 2589 είς
1626 2558 1710 2592 τιμὴν
1726 2557 1776 2584 τοῦ

985 2603 1114 2638 γεννῆσαι
1127 2602 1195 2629 Θεὸν
1213 2603 1243 2629 τὸ
1259 2603 1292 2630 ἐκ
1307 2603 1374 2630 Θεοῦ
1392 2603 1569 2638 γεννηθῆναι,
1589 2603 1721 2635 ὡσαύτως
1745 2604 1776 2630 δὲ

985 2648 1108 2684 καὶπερὶ
1129 2649 1176 2676 τοῦ
1193 2649 1367 2684 Πνεύματος·
1385 2649 1402 2685 ἢ
1420 2649 1463 2676 ἴνα
1477 2649 1560 2683 μόνον
1581 2650 1629 2676 καὶ
1645 2650 1690 2676 τὸν
1710 2651 1776 2677 Υξδν

985 2693 1121 2728 προϐολέα
1146 2695 1342 2730 κατασκευάσῃ
1364 2695 1412 2726 τὰς
1436 2695 1607 2729 προακτικάς
1632 2695 1775 2729 δυνάμεις,

984 2739 1013 2766 αἳ
1037 2740 1228 2775 ὡς,ίδιότητες
1258 2741 1464 2773 ὐποστατικαὶ,Δ
1480 2742 1529 2767 καὶ
1560 2741 1607 2768 τοῦ
1636 2743 1775 2776 πατρικοῦ

986 2786 1132 2820 προσώπου
1154 2788 1325 2820 συστατικαὶ,
1345 2788 1393 2814 καὶ
1404 2787 1441 2821 τῷ
1455 2787 1545 2822 Πατρὶ
1563 2789 1637 2823 μόνῳ
1652 2788 1776 2823 λογίζον-

985 2841 1039 2862 ται,
1052 2832 1142 2859 δοῦναι
1162 2833 1217 2864 τοῖς
1231 2831 1261 2865 ἐξ
1272 2833 1355 2860 αὑτοῦ
1371 2833 1465 2867 προϊοῦ
1473 2843 1506 2864 τι,
1523 2835 1570 2862 καὶ
1590 2836 1659 2869 μετά
1675 2836 1706 2862 τὸ
1727 2837 1775 2862 τὸν

986 2878 1095 2913 Πατέρα
1118 2880 1246 2915 στερῆσαι
1263 2879 1315 2907 τῶν
1331 2879 1448 2915 hung-3;
1465 2880 1532 2908 Τότε
1552 2882 1597 2909 καὶ
1616 2882 1663 2914 τὰς
1682 2882 1711 2914 ἐξ
1727 2884 1774 2910 αὑ-
