1942 3075
188 151 258 184 1055

843 147 983 178 BARTH.
1002 147 1053 178 DE
1072 147 1167 178 JANO

1748 147 1819 182 1056

187 206 338 233 existimem
353 205 379 232 in
403 204 456 232 hoc
472 202 536 231 vitm
551 206 623 231 statu
635 223 643 236 ,
661 210 742 238 quam
759 207 864 238 tempus
880 203 977 238 partim
992 218 999 235 Α

1039 203 1172 239 τροῦργου
1187 202 1237 231 νῦν
1257 204 1287 232 ἐν
1301 203 1395 239 τοιῷδε
1419 203 1508 238 καιρῷ
1525 202 1573 230 καὶ
1587 203 1718 240 σχήματι,
1736 206 1761 232 et
1777 206 1817 241 μὴ

188 253 214 279 in
232 252 307 279 hisce
322 248 525 284 inrestigandis.
538 253 618 283 atque
630 248 656 276 in
674 248 776 276 orando
789 253 878 276 terere
893 248 976 283 (quod

189 296 290 323 utinam
315 298 342 321 et
366 293 457 321 caeteri
479 292 627 320 Christiani
656 292 827 327 prastarent)
846 292 977 325 reliquum

187 341 252 368 duxi
263 347 294 368 ex
304 340 443 367 beatorum
462 339 574 366 Patrum
582 342 666 373 atque
681 339 823 366 doctorum
836 339 978 365 sententiis

188 387 329 421 plusquam
367 385 566 413 sufﬁcientibus
597 388 658 419 post
681 384 798 418 primum
830 390 979 418 verumque

190 433 280 459 lumen
305 431 460 458 illuminans
484 437 591 458 omnem
618 430 755 458 hominem
780 430 933 458 venientem
951 430 978 456 in

191 479 264 504 hunc
279 477 431 514 mundum,
446 477 519 504 illius
540 477 621 504 verba
646 481 754 505 aeternae
773 476 851 509 vitae,
867 483 899 503 ac
912 483 980 510 prm-

190 527 268 557 cepta
286 522 432 553 illustrare,
448 525 474 549 et
484 521 727 556 quomodocunque
741 527 790 556 ego
798 527 906 555 quoque
918 520 979 548 illo-

191 577 251 596 rqu
270 569 395 603 precibus
413 567 509 601 ﬁdens,
533 572 611 602 putre
631 573 798 601 parvumque
817 566 916 593 mentis
931 573 981 593 na-

191 615 292 648 vigium
302 614 329 640 in
346 613 455 649 pelagus
465 612 614 646 splrilualis
627 619 720 640 eorum
730 611 852 640 scientia:
864 611 978 646 impuli:

192 660 322 695 quocirca
338 659 450 686 illorum
467 658 579 686 utilibus
592 663 619 685 et
640 658 844 693 prrgrandibus
864 657 930 685 oleis
941 656 979 692 (Ι)

193 713 226 732 ac
248 705 378 732 oneribus
404 709 476 731 tutus
505 704 561 739 jam
584 710 702 730 excurro
730 703 878 737 rapideque
894 702 978 730 feror.

195 751 270 778 Dicat
296 755 386 778 autem
415 751 476 784 quis
496 757 503 776 :
527 748 676 783 elegantior
700 748 815 775 forsitan
843 746 980 774 nonnullis

192 797 328 831 videbitur
361 796 495 823 recentior
520 795 564 822 hic
585 798 677 822 noster
703 793 835 820 tractandi
875 793 979 820 modus.

195 842 403 877 Sapientissimo
417 841 501 874 igitur
528 839 630 867 rectori
661 838 828 872 Dominoque
841 837 982 866 universo-

195 897 254 915 rum
274 889 326 915 Deo
337 887 458 914 conﬁsus
478 893 549 918 sum,
571 886 683 920 ejusque
698 884 797 918 Verbo,
812 889 840 912 et
853 883 918 918 ipsis
933 883 983 911 ad-
996 880 1021 910 B

195 934 339 967 ministris.
358 934 457 967 quibus
485 937 612 966 tanquam
638 930 829 958 instrumentis
846 930 941 963 utitur,
957 933 985 956 et

196 981 312 1008 rationis
327 979 465 1014 animique
476 978 562 1006 nostri
576 978 660 1005 duces
674 981 755 1012 atque
765 977 894 1004 custodes
911 981 985 1010 sunt,

195 1032 277 1061 atque
300 1026 428 1053 secundis
459 1024 557 1058 ventis,
585 1031 635 1052 nec
652 1031 705 1052 non
734 1023 835 1051 auilio
854 1027 882 1050 et
897 1023 984 1058 gratia

196 1073 282 1100 sancti
296 1072 426 1107 Spiritus,
452 1071 531 1106 cujus
556 1071 657 1098 virtute
676 1070 840 1105 illorumque
858 1069 985 1104 precibus

197 1119 223 1145 in
242 1123 348 1153 portum
364 1118 492 1145 devectus
516 1116 553 1143 fui
578 1121 631 1143 tam
651 1123 732 1151 opere
750 1123 831 1150 quam
858 1123 985 1142 sermone

136 1171 141 1174 '
198 1165 295 1191 divina:
324 1163 480 1190 voluntatis.
506 1162 582 1189 Unde
604 1169 658 1188 non
687 1166 741 1188 tam
766 1161 845 1188 facile
862 1160 922 1195 quis
936 1168 986 1187 nos

197 1209 348 1242 damnabit,
357 1209 378 1236 si
390 1209 454 1244 quid
470 1212 544 1235 tanta
556 1208 653 1234 fiducia
667 1207 837 1242 protulimus,
850 1211 876 1234 et
888 1207 987 1241 longis,

199 1255 394 1290 multiplicibus
412 1254 578 1289 utilibusque
592 1258 747 1280 sanctorum
759 1253 870 1279 Patrum
887 1259 992 1280 sermo-

154 1304 158 1310 '
200 1302 283 1328 nibus
304 1305 364 1335 post
397 1300 675 1335 multos1etoptitnos,
687 1299 731 1333 qui
749 1298 837 1326 adhuc
852 1298 912 1327 illos
927 1299 991 1326 sub-

200 1348 284 1375 secuti
307 1352 380 1379 sunt,
398 1352 425 1373 et
443 1354 493 1373 nos
509 1346 610 1380 aliquid
627 1345 795 1372 suﬂ'ecimus.

239 1522 279 1558 (t)
302 1522 484 1549 Instrumenta
499 1521 597 1556 quibus
614 1527 696 1548 naves
710 1521 908 1548 subducuntur.

1029 249 1109 277 τάσδε
1127 249 1207 283 μόνον
1223 250 1251 275 ὲν
1266 250 1349 284 εὐχῆς
1368 249 1446 284 μέρει
1469 249 1644 283 ποιούμενος.
1662 249 1773 277 Γινοιτο
1786 251 1816 278 δὲ

1030 296 1078 323 καὶ
1105 296 1189 322 πᾶσιν
1214 295 1315 330 ὁμοίως
1329 296 1385 327 τοῖς
1407 295 1462 323 ἀπὺ
1478 295 1598 329 Χριστοῦ
1626 296 1817 332 καλουμένοις.

1030 342 1124 368 λοιπδν
1147 342 1194 368 ἐπὶ
1207 343 1267 374 ταῖς
1283 341 1339 369 τῶν
1354 342 1500 378 μακαρίων
1524 341 1653 377 Πατὲρων
1672 343 1721 369 καὶ
1743 342 1817 370 διδα-

1030 388 1138 415 σκάλων
1150 389 1250 422 φωναῖς
1259 387 1434 422 ἁποχρώσαις
1449 388 1519 421 μετὰ
1530 387 1561 413 τὸ
1576 387 1683 422 πρῶτον
1693 387 1740 415 καὶ
1752 387 1820 422 ἁλη-

1031 435 1104 461 θινὸν
1131 434 1189 469 φῶς
1204 434 1235 461 τὸ
1250 434 1369 468 φωτίζον
1393 434 1482 461 πάντα
1510 432 1653 467 ἄνθρωπον
1671 434 1821 469 ἐρχόμενον

1029 481 1070 512 εις
1094 480 1140 507 τὸν
1159 480 1274 515 κόσμον,
1296 480 1344 506 καὶ
1366 480 1400 507 τὰ
1412 478 1518 506 ἐκείνου
1537 478 1612 514 ζωῆς
1629 479 1741 506 αἰωνίου
1768 480 1819 514 ῥή-

1031 535 1105 562 ματα
1127 526 1176 554 καὶ
1200 526 1354 561 ἐντάλματα
1370 525 1488 559 φωτίσαι
1508 525 1555 552 καὶ
1580 525 1713 558 ὁντινοῦν,
1734 525 1814 559 κάγὼ

1029 573 1090 604 ταῖς
1103 572 1198 606 εὺχαῖς
1212 571 1325 598 ἐκείνων
1341 569 1521 606 τεθαρρηκὼς
1535 570 1566 596 τὸ
1584 569 1685 605 σαθρὸν
1701 571 1750 597 καὶ
1768 578 1816 605 μι-

1031 618 1097 653 κρὸν
1112 618 1232 649 διανοίας
1248 617 1361 644 ἀκάτιον
1374 616 1442 651 πρὸς
1453 616 1484 643 τὺ
1503 616 1622 650 πέλαγος
1643 616 1751 651 καθῆκα
1766 617 1817 650 τῆς

1022 662 1123 690 αὐτῶν
1145 663 1335 698 πνευματικῆς
1362 663 1501 695 γνώσεως,
1525 661 1567 696 ἐφ’
1581 657 1604 696 ᾦ
1626 662 1686 693 ταῖς
1712 661 1818 688 τούτων

1031 709 1163 744 χρησταῖς
1173 708 1220 735 καὶ
1233 707 1408 743 μυριοφόροις
1418 707 1514 734 ὁλκάσι
1525 708 1572 734 καὶ
1582 707 1717 742 φορτίσιν.
1730 707 1820 742 ἀσφα-

1031 755 1084 786 λῶς
1109 753 1313 788 συμπαραθέειν
1334 761 1364 778 τε
1389 752 1437 779 καὶ
1464 751 1659 786 συμπέτεσοαι.
1689 750 1768 777 Είποι
1794 751 1822 778 δ’

1032 799 1064 826 ἄν
1076 808 1130 831 τις,
1146 801 1183 830 ὡς
1197 800 1278 830 ἐνίοις
1295 799 1366 830 δόξει
1385 798 1455 833 τάχα
1472 798 1505 832 δὴ
1522 797 1691 832 κομψότερον
1703 797 1733 823 τδ
1746 796 1818 831 inde

1034 854 1123 881 τερον,
1150 845 1191 871 ὅτι
1220 853 1271 871 που
1298 845 1344 870 καὶ
1364 844 1464 878 τρόπον
1487 844 1657 878 καινότερον.
1675 843 1720 878 Τῷ
1744 842 1821 878 αὑτῷ

1036 891 1112 925 σοφῷ
1128 890 1283 925 κυϐερνήτῃ
1299 889 1346 916 καὶ
1364 889 1473 916 πάντων
1489 890 1612 925 Δεσπότῃ
1626 888 1768 924 θαρρήσας
1782 888 1822 922 τῷ

1035 937 1094 972 Θεῷ
1110 937 1156 964 καὶ
1168 936 1257 972 Λόγῳ,
1270 936 1317 963 καὶ
1334 936 1390 966 τοῖς
1403 935 1495 965 αὐτοῖς
1511 935 1652 969 συνεργοῖς
1666 933 1713 960 καὶ
1727 934 1823 966 ὅπλοις

1038 982 1086 1009 καὶ
1105 981 1216 1008 σκεύεσι
1242 982 1299 1012 τοῖς
1324 980 1372 1007 τοῦ
1387 981 1467 1013 λόγου
1495 979 1664 1015 προστάταις
1689 980 1736 1006 καὶ
1766 979 1823 1006 τῶν

1037 1027 1132 1062 ψυχῶν
1155 1027 1244 1063 ἡμῶν,
1260 1027 1360 1062 φύλαξι
1387 1027 1434 1054 καὶ
1455 1027 1489 1062 τῇ
1515 1026 1586 1062 αὐτῇ
1605 1026 1659 1053 τῶν
1675 1026 1704 1058 ἐξ
1727 1026 1826 1061 οὐρίας

1037 1073 1148 1108 ἀνέμων
1170 1073 1327 1108 ἐπικουρίᾳ,
1345 1074 1378 1109 τῇ
1400 1072 1511 1108 βοηθείᾳ
1523 1072 1570 1099 καὶ
1587 1072 1680 1107 χάριτι
1692 1071 1739 1099 τοῦ
1753 1080 1826 1098 παν-

1039 1121 1117 1153 αγίου
1144 1119 1314 1154 Πνεύματος,
1332 1116 1362 1146 οὗ
1387 1120 1421 1154 τῇ
1441 1118 1554 1153 δυνάμει
1580 1118 1627 1144 καὶ
1649 1118 1708 1148 ut;
1736 1118 1827 1150 λιταῖς

1040 1165 1154 1192 ἐκείνων
1174 1166 1214 1196 εἰς
1240 1165 1337 1199 λιμένα
1352 1164 1495 1199 κατήχθην
1516 1164 1564 1191 καὶ
1579 1165 1607 1190 ὲν
1625 1163 1714 1196 λόγοις
1731 1163 1779 1190 καὶ
1798 1165 1828 1190 ὲν

1041 1211 1132 1245 ἔργοις
1152 1211 1199 1237 τοῦ
1217 1211 1290 1239 θείου
1309 1210 1471 1246 θελήματος.
1489 1209 1571 1236 Ὅθεν
1590 1210 1641 1236 οὐκ
1654 1209 1687 1236 ἄν
1701 1217 1743 1240 τις
1759 1209 1829 1240 ἴσως

1043 1256 1142 1291 ῥᾳδίως
1161 1256 1238 1291 ἡμῶν
1264 1255 1426 1290 καταγνοίη,
1446 1255 1471 1281 εί
1488 1255 1557 1290 πρὸς
1572 1255 1650 1281 τόσον
1671 1262 1702 1281 τε
1722 1253 1830 1288 τόλμης

1042 1301 1239 1336 ὲξηνέχθημεν,
1260 1302 1308 1328 καὶ
1330 1301 1367 1336 μὴ
1392 1302 1452 1332 ταῖς
1468 1301 1589 1335 μακραῖς
1610 1300 1656 1326 καὶ
1673 1299 1830 1326 πολυειδέσι

1046 1347 1093 1374 καὶ
1110 1348 1242 1382 χρησταῖς
1269 1347 1389 1381 ὁμιλίαις
1413 1347 1467 1374 τῶν
1495 1346 1575 1374 θείων
1605 1345 1735 1381 Πατέρων
1758 1344 1831 1379 μετὰ

1046 1393 1151 1419 πολλῶν
1176 1392 1224 1418 καὶ
1245 1392 1336 1419 καλῶν
1364 1392 1418 1421 τῶν
1447 1391 1505 1428 μετ’
1531 1392 1651 1424 ἐκείνους
1674 1391 1724 1419 καὶ
1748 1391 1831 1425 ἡμεῖς

1045 1438 1231 1474 ὴρκέσθημεν.

1826 1466 1840 1478 L

231 1605 1823 1634 ὥ

329 1702 1172 1815 BABTHOLOM/EI
1234 1722 1375 1810 DE
1444 1717 1721 1810 ,ΙΑΝο

837 1921 999 1952 0RDINIS
1019 1919 1204 1951 MINOBUM

405 2054 697 2103 EPISTOLA
737 2054 810 2098 DE
848 2052 1268 2098 CRUDELITATE
1306 2048 1633 2097 TURCARUM

642 2178 692 2214 (Ex
711 2176 772 2204 cod.
790 2175 858 2204 H50
874 2175 1048 2204 bibliotheca:
1065 2174 1095 2202 S.
1118 2174 1260 2202 Michaelis
1275 2173 1406 2207 Venetas.)

246 2329 399 2358 Venerabili
414 2327 549 2362 Religioso
567 2334 598 2354 ac
613 2325 788 2354 Prredicatori
802 2324 902 2352 eximio
917 2323 996 2352 fratri
1010 2328 1032 2357 (ι
1049 2322 1206 2357 ρτωιίίςοιίο
1232 2326 1288 2349 tua.
1316 2320 1392 2348 Nunc
1419 2323 1512 2347 autem
1538 2318 1694 2346 vehementi
1708 2325 1837 2353 cuperem

211 2377 323 2404 Alherto
340 2375 372 2401 dc
384 2373 510 2400 Sartiauo
525 2372 628 2399 ordinis
643 2371 775 2399 Minorqu
793 2369 913 2398 Venetiis
929 2377 998 2405 prae-

213 2421 325 2452 dicanti.
340 2420 409 2455 patri
431 2426 482 2448 suo
499 2420 527 2446 in
551 2417 661 2446 Christo
679 2417 742 2446 Jesu
761 2417 906 2452 plurimum
921 2423 1001 2452 pera-

213 2469 322 2496 mando.

247 2514 366 2546 iamdiu,
393 2512 546 2540 venerande
572 2511 608 2538 mi
635 2516 732 2546 pater,
760 2509 870 2542 videre,
900 2507 1000 2542 alloqui

213 2562 323 2596 pariter,
336 2564 362 2587 et
371 2554 518 2594 amplexari
532 2557 749 2586 tlesideravcram
759 2563 901 2591 personam
914 2558 998 2587 tuam,

211 2607 258 2635 sed
280 2607 398 2634 nondum
427 2606 484 2632 haec
509 2604 574 2631 mihi
593 2611 722 2632 concessa
745 2602 896 2637 estgratia.
930 2601 997 2628 Nam

212 2652 278 2678 dum
300 2659 352 2686 ego
375 2650 402 2677 in
428 2649 584 2677 Occidentis
612 2649 735 2683 partibus
760 2654 864 2680 versor,
901 2654 948 2673 vos
964 2647 997 2673 ad

210 2698 349 2726 Orientem
366 2696 496 2731 pergitis;
514 2695 541 2722 iu
552 2694 663 2722 Oriente
680 2701 728 2721 vos
742 2700 878 2728 quaerens,
897 2692 930 2719 ad
947 2691 998 2719 0c-

212 2742 328 2770 ciilentis
356 2742 471 2776 patriam
502 2740 640 2768 remeatis.
670 2739 722 2766 Sed
750 2739 802 2766 hoc
836 2743 920 2766 totum
950 2737 998 2765 Dei

213 2789 326 2816 consilio
349 2787 448 2815 factum
472 2793 572 2822 putem.
601 2793 675 2818 eum,
699 2789 727 2812 ut
750 2785 843 2812 auditu
878 2784 997 2819 percepi,

213 2842 266 2861 non
278 2842 381 2869 parum,
408 2838 438 2862 ut
464 2833 543 2868 solet,
572 2832 644 2861 utilis
661 2831 843 2860 fuilVenetiis
861 2831 911 2860 hoc
926 2839 998 2859 anno

1048 2368 1198 2400 desiderio,
1225 2367 1288 2395 dum
1311 2371 1402 2394 tamen
1429 2365 1538 2393 favente
1563 2364 1679 2392 Domino
1693 2364 1839 2399 utriusque

1048 2414 1177 2442 Ecclesiae
1194 2413 1257 2440 unio
1269 2412 1431 2444 celebretur,
1446 2419 1495 2439 vos
1515 2411 1579 2438 istas
1590 2415 1618 2439 et
1632 2411 1779 2438 ulteriores
1795 2411 1838 2438 vi-

1048 2461 1131 2489 sitare
1143 2463 1245 2495 partes,
1256 2459 1339 2486 solito
1353 2458 1550 2494 praedicationis
1562 2462 1614 2484 tuae
1625 2461 1705 2491 atque
1715 2456 1839 2484 scientiae

1049 2508 1150 2542 pariter
1166 2511 1193 2534 et
1217 2506 1278 2533 vitae
1297 2504 1613 2540 magisterio..quoniam
1638 2504 1838 2538 permaximum

1051 2554 1203 2581 auiiuarum
1227 2552 1345 2580 fructum
1375 2551 1413 2578 ibi
1441 2550 1579 2578 cernimus
1609 2549 1666 2576 fieri
1692 2557 1774 2584 posse
1790 2557 1840 2585 per

1050 2601 1160 2627 fratres.
1187 2598 1292 2627 Omissa
1325 2597 1397 2624 enim
1421 2596 1548 2629 Graecia.
1583 2600 1637 2623 tota
1667 2595 1785 2630 insuper
1813 2599 1841 2622 et

1051 2646 1180 2678 Turchia,
1207 2653 1267 2680 quae
1290 2644 1357 2672 alias
1383 2643 1445 2670 Asia
1463 2642 1620 2673 vocabatur,
1640 2641 1685 2668 ubi
1708 2645 1773 2668 sunt
1789 2641 1841 2668 illa

1050 2698 1152 2728 septem
1180 2691 1315 2722 ecclesiae,
1329 2698 1390 2725 quas
1411 2690 1438 2717 in
1457 2688 1615 2723 Apocalypsi
1633 2687 1842 2721 leguntur,ubi-

1051 2746 1104 2773 que
1117 2738 1244 2765 inimicris
1257 2736 1357 2764 Christi
1367 2734 1471 2762 Teucer
1481 2733 1659 2768 principatur,
1671 2733 1704 2758 ad
1719 2738 1841 2763 praesens

1052 2783 1265 2812 innumerabiles
1282 2782 1371 2810 adhuc
1389 2784 1496 2808 restant
1513 2778 1603 2815 populi
1624 2777 1776 2805 Christiani
1802 2778 1843 2803 ul-

1052 2834 1093 2858 tra
1108 2829 1230 2858 Maurum
1261 2835 1346 2862 mare,
1377 2834 1407 2855 se
1429 2825 1481 2854 sub
1506 2823 1661 2852 Graecorum
1679 2823 1734 2850 ritu
1755 2829 1841 2857 uSquo
