1942 3075
141 86 205 144 idsi

714 105 834 136 EPIST.
854 103 1004 134 CONTRA
1025 102 1186 134 TURCAS.

1692 96 1760 129 1058

139 170 217 198 hodie
255 169 448 203 gubernantcs.
472 163 688 199 Georgiaoorum
714 162 819 196 primo,
837 160 863 187 id
884 161 1062 193 estAputat,
1090 158 1217 194 quoniam
1245 165 1316 184 anno
1339 157 1460 192 quolibet
1488 163 1540 183 non
1567 155 1654 182 minus
1681 162 1763 189 quani

137 215 258 251 Georgia
270 221 384 249 regnum
412 219 465 239 non
488 218 599 246 parvum
626 213 678 241 est,
705 208 750 235 ubi
769 207 923 234 Alexander

139 270 183 289 rex
199 261 279 288 hodie
290 260 458 295 principatur
469 279 476 290 ,
493 257 563 283 ultra
578 255 795 289 Trapesundaiu.
810 253 924 280 [tussia—

126 298 232 334 ἰιηι-ιιιιι
246 305 359 338 patriam
375 309 402 331 et
414 302 603 329 Rutbenorum
619 300 670 328 sub
682 307 733 326 axe
744 298 805 333 quis
820 305 925 333 peram-

140 352 231 379 bulare
255 355 343 385 potest
371 356 456 383 usque
480 348 513 374 ad
536 345 648 382 paludes
673 344 820 378 Mcotides,
850 343 922 378 quod

139 405 213 424 mare
228 396 377 423 Abbachuc
399 395 510 425 dicitur,
522 393 686 427 explicatam
699 392 711 418 ‘i
724 391 824 419 Omitto
848 390 925 417 Chir-

138 442 253 470 cassiam
281 449 312 468 ac
336 439 496 474 Vogai'iam,
522 437 706 472 Miiigrilliam,
737 435 924 466 Walachiaiii,

138 487 321 522 Patrasjuxta
337 493 422 518 utare,
437 489 554 511 attamen
570 483 621 511 sub
641 483 692 510 ritu
704 483 872 510 Graicorum.
889 480 926 507 De

138 533 264 561 Arnieitis
279 537 356 559 taceo
367 551 375 564 ,
394 538 462 565 quos
484 531 516 556 ad
543 536 662 563 praesens
678 535 756 562 spero
772 528 805 554 atl
821 526 925 554 Italiam

138 579 230 606 venire
253 577 378 605 videbitis
396 576 476 603 simul
500 583 561 603 cum
578 580 674 601 nostro
687 579 763 608 patre
778 573 863 600 fratre
879 573 928 599 Ja-

139 625 205 652 cobo
221 625 255 651 ad
278 624 357 650 fidem
375 622 547 650 Catholicam
565 620 747 653 reducendos,
766 619 845 654 longe
859 618 927 646 faci-

139 672 215 698 lioris
239 669 430 697 conversionis
446 673 474 695 et
494 667 616 694 Veritatis
636 665 773 701 capiendis
793 665 926 692 avidiores

139 717 201 743 aliis
217 716 390 746 nationibus.
415 718 496 748 atque
519 712 792 740 beiiei'olentissiiiios
816 710 928 737 Latino-

139 771 208 789 rum.
232 761 402 789 Christianos
428 760 538 794 insuper
561 758 722 786 innumeros
738 758 766 784 iii
790 756 928 784 tuentibus

138 809 242 839 Cassiis.
260 814 341 842 atque
356 808 383 834 iii
400 807 491 834 Persia
503 811 531 833 et
544 805 655 841 Scythia
669 805 732 831 hinc
746 804 807 831 inde
822 803 928 838 disper-

977 206 1069 233 decem
1095 205 1135 232 vel
1166 204 1320 238 quindecim
1347 203 1449 234 millia,
1476 203 1605 237 pauciora
1631 201 1710 237 dico,
1735 205 1767 226 ut

976 252 1082 284 credas,
1111 250 1261 278 animarum
1284 249 1391 284 rapiat?
1423 249 1542 276 Dicerem
1570 246 1764 281 quinquaginta

978 297 1073 330 millia,
1094 297 1116 324 si
1131 297 1268 327 crederes,
1283 302 1364 330 atque
1376 295 1513 322 Christum
1529 293 1621 321 Jcsiim
1642 297 1669 320 et
1684 292 1766 318 initiis

976 349 1002 372 et
1018 343 1155 370 blanditiis
1176 349 1275 376 negare
1313 341 1472 375 compellat?
1492 339 1590 367 Verum
1612 347 1664 365 non
1682 345 1764 372 parva

977 390 1041 417 mihi
1060 389 1198 423 consurgit
1212 388 1366 419 admiratio,
1381 387 1402 414 si
1417 387 1500 414 etiam
1513 393 1583 413 unus
1595 385 1767 413 Christianus

978 436 1131 470 amplitisin
1151 435 1204 462 illis
1224 435 1347 469 partibus
1369 434 1513 468 reperitur.
1530 432 1596 458 Nam
1618 430 1765 458 Corinthus

977 481 1033 508 sola
1050 480 1194 515 pedagiuiii
1211 480 1378 514 captivorum
1396 480 1427 505 dc
1439 478 1562 512 Gallipoli
1579 478 1605 504 iit
1619 476 1764 504 Turcliiaui

979 526 1176 553 transeuntium
1194 526 1314 560 quolibet
1334 533 1406 552 anno
1428 525 1528 552 emittit
1542 523 1623 550 millia
1640 528 1666 550 et
1684 522 1765 548 millia

977 573 1151 600 ducatorum.
1171 572 1210 600 0b
1243 571 1326 605 igitur
1348 576 1458 605 peccata
1483 570 1700 597 Christianorum
1713 576 1768 603 quo

979 618 1104 646 tenditis?
1133 626 1187 653 quo
1207 625 1255 644 vos
1277 617 1444 649 coudueitis,
1467 624 1521 650 qua
1549 616 1691 647 servitute,
1713 623 1768 650 quo

977 663 1124 698 opprobrio
1142 671 1190 690 vos
1204 662 1346 696 subjaccre
1361 661 1545 694 compellitis?
1562 661 1615 688 Sed
1628 660 1693 695 quid
1710 667 1768 686 mo.

979 717 1024 736 ror
1031 710 1157 744 amplius,
1167 709 1361 736 humanissime
1376 709 1467 740 Pater,
1476 708 1540 742 quid
1553 707 1648 734 ilill'cro
1661 713 1768 738 novam,

979 763 1031 782 non
1049 763 1158 787 novam,
1171 756 1216 783 sed
1232 755 1331 790 sacpius
1349 755 1475 781 usitatam
1501 754 1715 782 Christianorum
1728 761 1771 779 ca-

978 801 1132 829 lamitosain
1148 807 1196 827 str’
1207 809 1264 828 ἠειιι
1278 800 1450 834 llebilemque
1464 807 1593 831 narrare,
1606 807 1686 834 quam
1699 799 1770 824 vidi-

138 862 195 885 sos,
212 853 256 880 tibi
274 858 431 880 nostrorum
448 851 566 879 fratrum
590 850 648 877 loca
668 849 801 876 fratribus
813 853 925 875 vacuata
941 840 963 870 Β
979 855 1038 873 nius
1058 846 1100 873 his
1113 847 1208 873 diebus
1219 862 1225 872 ε
1238 845 1339 872 Tremit
1354 853 1460 876 manus,
1471 846 1577 879 plorant
1591 844 1771 875 oculi,liorret

138 898 307 928 consistunt,
337 896 426 923 adhuc
451 896 530 924 hodie
557 894 739 929 cogitaveritis
763 894 833 920 inter
853 894 926 927 ipsos

139 942 267 970 Tartarea
290 942 454 970 habitantes.
476 941 533 974 Qua
546 941 580 968 de
596 947 626 967 re
642 947 695 966 non
718 939 854 971 inutilem,
875 939 929 965 into

90 1020 93 1023 Α
138 988 399 1024 opportunissimam
417 993 514 1022 reputo
524 991 551 1014 et
565 991 694 1017 vestram,
710 989 740 1012 ct
751 984 834 1011 vestri
849 984 927 1011 simi-

139 1035 205 1062 lium
219 1033 386 1069 personasin
405 1032 528 1067 partibus
543 1032 607 1064 illis,
623 1038 701 1059 sacra
714 1035 804 1058 tamen
818 1030 930 1060 unione,

139 1081 162 1108 si
180 1080 251 1107 Deus
273 1079 441 1115 permiserit,
467 1078 594 1113 primitus
614 1076 763 1105 cele’brata.
780 1077 844 1108 Sed,
859 1076 929 1103 hi-u!

140 1126 208 1154 lteiil
226 1125 289 1161 quid
315 1126 366 1153 ista
381 1131 574 1157 commemoro,
592 1132 653 1151 cum
664 1123 743 1158 longe
757 1123 850 1158 potius
867 1121 933 1150 ﬂere

140 1172 235 1204 libeat,
247 1179 328 1207 quam
343 1171 446 1205 aliquid
467 1170 530 1197 boui
552 1177 601 1204 per
619 1170 775 1205 supradicta
794 1167 930 1203 sperare?

141 1217 229 1249 Flere,
248 1218 369 1251 inquam,
383 1224 416 1243 ex
439 1215 543 1242 intimis
556 1215 647 1242 cordis
667 1214 731 1247 mei,
746 1218 774 1241 et
789 1213 822 1240 ad
840 1213 929 1240 sidera

141 1270 227 1296 usque
238 1263 366 1295 clamare,
384 1268 413 1289 ut
428 1262 486 1289 istis
509 1261 633 1296 partibus
649 1260 806 1291 liberaitdis,
820 1260 845 1286 iii
863 1267 932 1294 qua-

141 1317 200 1336 rutu
219 1309 308 1336 medio
326 1309 401 1343 quasi
426 1315 534 1339 sumus,
558 1306 720 1341 quandoque
738 1306 872 1332 miserans
886 1312 932 1331 su-

141 1355 313 1389 pci'iiitendat
330 1354 497 1386 Altissimus,
512 1360 562 1379 nec
574 1352 665 1379 taiidiu
676 1347 786 1386 peccata
804 1351 931 1385 respiciat

139 1400 319 1435 populorum,
351 1406 491 1433 quousque
521 1397 738 1425 Christianitatis
774 1404 871 1423 nomen
903 1397 929 1423 iu

139 1447 258 1474 Orientis
283 1451 312 1474 et
337 1444 539 1480 Septeiitrionis
573 1444 697 1478 partibus
724 1443 925 1477 cxstiuguatur.

139 1493 286 1525 Deliciuiit,
315 1492 382 1520 lieul
412 1490 536 1525 quotidie
557 1490 721 1522 Christiani,
744 1494 771 1516 et
798 1493 930 1524 augentur

141 1539 238 1567 diaboli
254 1543 405 1566 sectatores
417 1557 425 1570 ,
441 1543 468 1564 et
485 1544 599 1564 numero
617 1539 644 1563 et
658 1535 758 1563 virtute
777 1542 928 1562 armorum.

140 1585 210 1612 Nam
228 1584 270 1611 vix
283 1589 323 1611 est
346 1584 455 1614 civitas,
486 1588 606 1609 castrum
634 1582 675 1608 vel
699 1581 772 1613 villa,
784 1585 811 1608 et
829 1580 871 1606 vix
888 1585 931 1607 est

141 1632 211 1664 dics,
228 1631 254 1658 iu
267 1638 319 1665 qua
334 1634 362 1658 et
380 1630 406 1657 iii
421 1629 552 1661 Turcliia,
570 1628 634 1656 etin
648 1627 764 1658 Grmcia.
779 1634 832 1654 iiou
850 1626 930 1653 modo

141 1679 239 1705 timore
257 1678 298 1704 vel
327 1677 419 1709 mittis,
443 1683 538 1702 verum
560 1674 645 1702 multo
675 1674 761 1708 magis
785 1673 890 1700 deliciis
904 1677 932 1700 et

143 1725 246 1751 honore
261 1723 363 1750 Cltristi
385 1729 482 1750 nomen
504 1720 708 1748 sanctissimum
734 1727 787 1746 non
808 1725 930 1754 negetur,

141 1775 171 1797 et
190 1770 328 1797 Maliiimet
351 1768 450 1796 diaboli
474 1767 543 1794 lilius
569 1770 692 1801 portetur
703 1766 737 1793 ad
756 1772 862 1793 summa
877 1773 884 1798 ;
902 1768 932 1792 et

142 1817 214 1851 quod
227 1816 298 1843 forte
314 1815 469 1848 miraberis,
490 1815 525 1843 ab
546 1814 588 1841 his
612 1813 787 1848 quandoque,
804 1813 849 1847 qui
865 1811 933 1838 divi-

146 1864 204 1894 tiis,
222 1867 248 1889 et
268 1863 381 1893 honore,
406 1863 434 1887 et
457 1860 600 1894 prudentia
626 1859 716 1887 saeculi
739 1860 930 1894 fungebantur.

143 1908 197 1936 Sed
215 1912 245 1935 ut
270 1909 406 1942 praeterita
426 1906 520 1934 sileam
545 1905 625 1939 mala,
657 1906 689 1933 ad
714 1913 774 1939 quin
796 1906 931 1932 narranda

145 1956 246 1983 nullam
263 1960 326 1988 puto
342 1953 460 1988 linguam
475 1951 600 1980 sulllcere
612 1959 701 1986 posse,
721 1956 827 1986 tangant
843 1950 933 1978 brevi-

144 2008 196 2035 ter,
209 2001 279 2036 quod
309 2007 395 2034 nuper
414 1998 500 2026 oculis
529 1998 597 2026 meis
613 1999 669 2033 ipse
688 1997 803 2032 inspexi,
822 2002 851 2024 ut
864 2001 891 2024 et
905 2002 932 2024 tu

142 2050 217 2077 scias
235 2053 261 2075 et
274 2054 349 2074 tuseu
357 2055 382 2074 in
397 2045 520 2081 plangas,
539 2050 566 2073 et
590 2045 612 2073 si
627 2052 695 2080 quos
708 2045 846 2072 inveneris
859 2044 932 2070 omni

144 2103 198 2123 iiou
211 2095 311 2130 pietate
336 2094 463 2126 nudatos,
483 2093 558 2127 ipsos
583 2092 666 2119 etiam
685 2091 751 2118 flere
772 2091 931 2126 compellas.

181 2140 283 2168 Memor
292 2147 353 2167 esse
363 2143 450 2173 potes,
467 2143 496 2165 ut
507 2138 598 2169 credo,
613 2137 710 2164 dilecte
718 2136 809 2169 Pater,
823 2137 932 2171 quando

981 895 1075 919 charta
1101 897 1128 920 et
1143 893 1264 920 calamus
1289 892 1339 920 ista
1370 899 1477 920 notare.
1492 892 1542 919 Ubi
1555 896 1596 919 est
1611 892 1657 918 ille
1675 891 1773 918 llicre~

982 940 1051 966 mias
1067 939 1208 973 propheta,
1226 939 1272 974 qui
1290 946 1342 966 non
1361 946 1440 966 unam
1459 938 1544 965 solam
1562 938 1659 965 deﬂeat
1677 938 1773 964 civita-

981 989 1048 1018 tem,
1060 985 1107 1012 sed
1121 991 1187 1018 tres,
1208 985 1255 1012 sed
1275 989 1404 1020 quatuor,
1428 985 1476 1012 sed
1497 990 1588 1012 castra
1603 990 1684 1019 atque
1697 985 1774 1010 villas

980 1029 1149 1070 innumeras,
1178 1037 1303 1064 magnam
1329 1030 1391 1058 dico
1415 1037 1448 1057 ac
1475 1030 1623 1057 notabilem
1646 1029 1772 1063 puti-iam,

982 1075 1182 1103 habitatoribus
1210 1081 1237 1102 et
1262 1076 1366 1104 divitiis
1381 1077 1627 1110 opulentissimam,
1651 1076 1708 1110 jam
1726 1076 1774 1102 de-

981 1125 1111 1148 structam
1130 1123 1157 1149 in
1182 1122 1358 1157 cineremque
1374 1123 1524 1156 redactam,
1545 1123 1578 1150 de
1597 1129 1690 1149 mense
1700 1122 1774 1148 vitic-

981 1168 1046 1196 licet
1064 1168 1177 1203 Augusti
1190 1171 1336 1204 praesentis
1351 1170 1431 1202 anni;
1449 1171 1565 1206 patriam
1581 1171 1641 1198 dico
1655 1169 1772 1197 fidelium

980 1216 1155 1250 populorum,
1182 1216 1228 1250 qui
1260 1215 1383 1243 Saxones
1411 1221 1605 1251 nuncupantur
1627 1217 1656 1243 in
1684 1217 1772 1250 patria

981 1260 1180 1295 Transylvaita,
1194 1268 1266 1296 quae,
1298 1266 1327 1288 itt
1340 1261 1425 1288 frater
1446 1261 1512 1288 ntilti
1531 1266 1622 1288 narrat
1636 1268 1667 1288 ex
1683 1262 1772 1295 praeda

983 1307 1151 1341 redemptus,
1171 1313 1235 1334 octo
1258 1307 1364 1334 dierum
1389 1307 1558 1343 longitudine
1570 1312 1599 1334 et
1615 1307 1695 1334 trium
1712 1307 1772 1333 lati-

983 1353 1076 1381 tudine
1096 1354 1270 1385 tciidebatur,
1295 1361 1354 1388 qua!
1375 1355 1450 1389 prius
1467 1353 1646 1389 Septeinsoiia
1662 1353 1770 1380 diccba-

983 1405 1036 1433 tiir,
1051 1407 1123 1427 nunc
1149 1407 1213 1427 vero
1236 1400 1299 1434 quid
1327 1401 1487 1427 nominetur
1510 1400 1616 1435 ignoro,
1636 1399 1688 1426 nisi
1702 1398 1772 1426 forte

982 1446 1059 1474 locus
1082 1446 1284 1474 laineittationis
1310 1453 1336 1473 et
1361 1447 1497 1481 planctus.
1525 1446 1593 1480 Quis
1616 1453 1681 1481 ergo
1698 1445 1773 1472 dabit

956 1519 964 1530 ‘
982 1492 1067 1526 capiti
1084 1500 1144 1520 meo
1178 1500 1286 1526 aquam,
1310 1498 1338 1519 ut
1366 1495 1468 1527 plorem
1496 1493 1539 1520 die
1564 1500 1596 1520 ac
1608 1498 1697 1524 nocte,
1718 1499 1772 1518 non

983 1546 1075 1566 muros
1087 1544 1114 1565 et
1124 1537 1242 1573 parietes
1260 1539 1420 1570 destructas.
1436 1540 1484 1566 sed
1499 1539 1656 1566 innumeras
1666 1537 1772 1565 ai.i:ua~t

981 1590 1151 1618 exportatas,
1164 1590 1192 1612 et
1215 1585 1268 1620 jam
1293 1585 1401 1612 diabolo
1430 1586 1546 1612 traditas
1559 1586 1590 1612 ad
1608 1585 1771 1615 vorandum,

982 1639 1052 1666 qum,
1065 1635 1094 1658 ut
1114 1631 1223 1663 dicitur,
1254 1631 1287 1658 ad
1315 1632 1438 1667 triginta,
1456 1637 1482 1659 et
1501 1631 1571 1658 forte
1592 1630 1771 1666 quadraginta

982 1677 1094 1704 iitilliiiiit
1107 1685 1248 1705 numerum
1264 1678 1466 1705 extenduntur?
1483 1677 1540 1705 0h!
1558 1677 1620 1711 quis
1635 1677 1701 1704 mihi
1717 1677 1772 1707 dot,

985 1731 1038 1750 non
1051 1723 1180 1756 Maronis,
1192 1730 1245 1750 non
1255 1723 1335 1750 Tullii
1347 1723 1529 1758 eloquentiam
1543 1722 1771 1753 adscribendum,

983 1776 1044 1803 qua:
1059 1769 1086 1796 in
1100 1769 1143 1796 his
1160 1769 1282 1804 profecto
1303 1769 1505 1802 succumberet,
1530 1769 1577 1796 sed
1594 1769 1684 1803 potius
1701 1767 1771 1794 toni.

983 1815 1037 1841 ιιιυὶ
1071 1823 1166 1841 vocem
1195 1819 1222 1842 et
1246 1823 1348 1849 pennas
1383 1820 1523 1842 ventorum
1553 1815 1712 1847 ascendere,
1741 1822 1774 1840 ac

983 1869 1065 1896 Super
1078 1861 1297 1888 Christianorum
1311 1861 1427 1895 patriam
1439 1861 1566 1893 volitare,
1582 1868 1637 1889 non
1653 1866 1682 1887 ut
1694 1862 1774 1887 modo

983 1906 1065 1934 Corda
1083 1906 1200 1941 lapidea,
1218 1913 1310 1933 verum
1328 1906 1379 1940 ipsi
1397 1912 1504 1933 montes
1524 1912 1552 1933 et
1575 1906 1658 1933 valles
1671 1914 1686 1933 a
1700 1907 1774 1934 vocis

984 1952 1176 1987 magnitudine
1193 1952 1365 1979 terreantur?
1383 1951 1441 1979 Non
1466 1953 1582 1980 audiunt
1606 1953 1657 1980 ista
1681 1952 1773 1980 miseri

983 1997 1142 2031 Christiani,
1157 2002 1185 2025 et
1202 1997 1327 2026 fortassis
1341 1998 1435 2025 audita
1463 2006 1516 2026 non
1532 1999 1653 2026 credent.
1672 1999 1775 2026 Audie-

985 2049 1058 2075 ruiit,
1069 2044 1162 2077 credo,
1179 2050 1206 2072 et
1224 2045 1353 2072 libentius
1366 2045 1551 2076 crediderunt,
1563 2045 1698 2074 Teucrum
1713 2053 1775 2073 esse

983 2091 1244 2128 coittlictuiii;qitod
1266 2100 1321 2120 non
1349 2093 1386 2120 sit
1412 2100 1520 2125 verum,
1551 2093 1602 2120 hoc
1631 2093 1775 2121 manifeste

983 2139 1164 2170 demonstrat.
1176 2139 1248 2173 quod
1262 2138 1317 2173 jam
1336 2139 1378 2166 bis
1394 2139 1436 2167 vel
1451 2143 1492 2167 ter
1513 2148 1601 2175 usque
1620 2140 1701 2168 modo
1716 2145 1776 2175 post

145 2194 161 2212 a
179 2185 291 2212 Domino
304 2190 400 2212 nostro
412 2192 480 2219 papa
492 2184 665 2212 sanctissimo
675 2183 802 2210 destinati
818 2186 851 2211 ad
868 2191 931 2218 par-
948 2190 971 2220 ι)
986 2185 1101 2212 reditum
1113 2187 1146 2213 ad
1160 2186 1222 2214 illas
1244 2191 1337 2221 partes
1352 2187 1504 2214 exercitum
1523 2187 1681 2216 destinavit.
1697 2188 1774 2221 Quod

145 2238 188 2260 tes
203 2232 286 2264 istas,
301 2240 315 2258 a
331 2230 452 2259 Venetiis
468 2231 663 2261 discessimus,
684 2229 729 2257 ubi
747 2234 774 2257 et
794 2235 820 2257 tu
842 2231 932 2257 subito

145 2278 181 2305 ab
198 2275 367 2304 Hierusalem
387 2276 495 2304 rediens
511 2275 675 2310 applicuisti.
688 2276 824 2310 quomodo
837 2275 932 2309 vulga-

145 2325 224 2352 bat-tr
252 2324 351 2351 ibidem
380 2323 477 2350 diebus
503 2323 649 2357 proximis,
675 2321 816 2356 llungaros
843 2322 932 2356 aliqua

144 2370 313 2397 Teucrorum
349 2369 455 2404 navigia
486 2368 682 2402 combussisse,
709 2375 759 2395 nec
782 2370 932 2395 nonetiam

143 2416 278 2450 plurimos
297 2415 430 2441 occidisse
451 2413 571 2440 illorum.
597 2413 672 2445 llaec,
700 2413 821 2448 inquam,
842 2413 933 2440 omnia

144 2468 208 2488 vera
226 2460 343 2486 fuerunt.
368 2459 433 2491 Sed,
458 2460 479 2486 si
503 2459 675 2494 pestiiiodum
696 2459 810 2486 audistis
826 2459 933 2494 ignoro,

144 2509 215 2542 quod
234 2514 265 2534 cx
283 2507 333 2534 hoc
351 2507 455 2534 Teucer
480 2506 537 2539 ipse
558 2506 657 2536 iratus,
676 2505 740 2532 illuc
754 2514 814 2532 cum
836 2513 933 2540 magno

143 2554 264 2581 cwrcilu
276 2553 456 2588 personaliter
469 2552 613 2584 accedens,
635 2551 777 2585 plusquam
795 2551 933 2586 sexaginta

143 2600 241 2632 millia,
261 2607 289 2626 ut
305 2600 417 2631 dicitur,
446 2599 599 2626 animarum
630 2598 779 2632 asportavit
803 2599 836 2624 de
852 2606 934 2632 regno

146 2643 246 2677 Rasia‘,
272 2644 418 2680 lluugariac
448 2644 610 2675 conviciuo;
637 2651 764 2678 quarum,
788 2643 811 2670 si
829 2644 934 2677 quaead

145 2697 266 2724 pratseus
291 2691 370 2716 etiam
393 2690 494 2718 Christi
525 2690 715 2722 recordentur,
732 2689 864 2716 incertum
882 2695 934 2716 est.

145 2736 254 2762 Miraris
274 2735 347 2762 hoc?
367 2736 420 2763 Sed
446 2737 531 2764 multo
551 2737 639 2771 magis
663 2737 772 2764 mireris
789 2742 815 2764 et
833 2737 934 2769 doleas,

143 2782 216 2816 quod
244 2789 261 2808 ιι
284 2782 376 2817 viginti
405 2783 526 2817 quinque
551 2790 584 2810 ac
613 2783 722 2818 triginta
752 2783 832 2811 annis
856 2783 934 2815 citra,

145 2837 227 2858 uuam
245 2836 299 2856 non
324 2836 407 2861 parvo
433 2830 532 2856 dauuto
557 2830 607 2856 sibi
625 2835 652 2857 et
676 2830 845 2859 verecundia:
860 2838 936 2858 cont-

287 2878 417 2908 PA’I‘HUL.
446 2877 504 2907 Gtt.
526 2877 655 2908 CLVlll.

985 2233 1007 2259 si
1021 2236 1049 2260 et
1063 2240 1156 2260 verum
1176 2237 1219 2260 est
1234 2233 1335 2260 multos
1354 2241 1388 2260 ex
1406 2235 1461 2260 suis
1477 2242 1529 2262 non
1544 2242 1605 2261 csse
1619 2235 1775 2268 defunctos,

985 2277 1075 2312 potius
1101 2277 1204 2309 labore,
1231 2284 1320 2313 peste,
1348 2279 1430 2311 fame,
1460 2287 1541 2314 quam
1567 2280 1668 2315 gladio,
1696 2281 1774 2315 quid,

985 2332 1087 2359 quaso,
1107 2324 1204 2364 mirum
1217 2329 1259 2351 est
1272 2324 1298 2351 iu
1314 2326 1435 2353 exercitu
1452 2331 1638 2354 tercentoium
1661 2328 1774 2354 millium

987 2371 1126 2398 hominum
1143 2371 1250 2405 aliquos
1264 2372 1342 2404 mori,
1353 2380 1419 2406 quos
1433 2373 1513 2399 etiam
1523 2381 1572 2408 pro
1588 2374 1682 2408 majori
1700 2379 1776 2410 parte

987 2417 1095 2444 noveris
1128 2417 1319 2444 Christianos?
1353 2418 1409 2450 Qua
1434 2419 1468 2446 de
1495 2427 1533 2453 rc,
1559 2428 1721 2455 quocunque
1748 2426 1774 2448 te

986 2467 1087 2496 vertas,
1120 2464 1204 2490 babes
1232 2464 1373 2491 materiam
1406 2465 1522 2493 dellciiili
1555 2467 1704 2501 cupiosam.
1723 2468 1772 2496 libi

987 2517 1058 2536 iiuiic
1075 2510 1158 2544 igitur
1173 2511 1290 2545 amplius
1303 2512 1427 2539 ecclesiae
1446 2512 1472 2539 in
1487 2513 1573 2548 patria
1589 2515 1645 2547 illa,
1667 2522 1773 2546 cruces,

986 2556 1099 2587 calices,
1111 2556 1241 2589 niissalia,
1266 2559 1441 2592 parameiita?
1466 2560 1511 2586 ubi
1537 2566 1693 2588 sanctorum
1714 2562 1775 2590 reli-

986 2599 1075 2634 ψιίίιιῖ
1089 2602 1197 2635 etquod
1216 2601 1305 2635 majus
1321 2607 1362 2630 est
1376 2605 1516 2637 omnibus,
1532 2605 1559 2632 in
1574 2605 1640 2633 locis
1652 2606 1775 2641 pluribus

986 2654 1086 2680 corpus
1102 2647 1206 2675 Domini
1221 2651 1431 2677 consecratum?
1448 2651 1521 2678 lleul
1540 2660 1594 2686 quo
1616 2654 1773 2687 opprobrio,

987 2700 1041 2726 quo
1055 2693 1155 2726 derisu,
1172 2699 1273 2729 quanta
1287 2701 1352 2723 sunt
1368 2697 1495 2725 illusioue
1510 2698 1625 2732 dejecta,
1643 2708 1674 2726 ac
1695 2702 1773 2735 pcdi-

988 2738 1038 2766 bus
1051 2740 1231 2767 conculcata?
1245 2741 1293 2768 Ubi
1305 2748 1347 2769 est
1363 2750 1434 2769 iiuitc
1452 2742 1496 2770 ille
1509 2742 1580 2770 Deus
1592 2745 1773 2778 omnipotens,

988 2785 1102 2820 quiregi
1117 2786 1274 2815 Baltliassar
1298 2789 1433 2816 irascatur
1458 2790 1530 2818 vasis
1551 2792 1641 2826 templi
1668 2792 1774 2820 Domini

991 2833 1108 2868 turpiter
1125 2835 1270 2863 abuteiiti?
1290 2837 1381 2869 Certe,
1399 2841 1427 2864 ut
1443 2838 1584 2865 manifeste
1600 2846 1722 2875 app-.ict,
1739 2841 1775 2868 si-

1580 2886 1617 2916 34
