1942 3075
172 103 239 136 1059

815 102 951 136 mam
976 103 1025 145 DE
1046 104 1140 136 uno

1272 66 1276 69 ‘
1292 66 1347 84 31.!"
1356 62 1408 72 “"’"
1440 63 1451 66 ’

1729 100 1798 136 ιοθθ

169 171 220 199 gna
236 166 329 190 nostra
347 170 400 190 non
420 163 546 193 vidimus,
564 162 619 197 jam
636 170 689 190 non
711 167 751 190 cst.
771 165 914 198 propheta,
929 169 956 191 ct
974 169 993 196 Α
1011 170 1084 191 turas
1109 165 1167 191 [ore
1190 171 1219 190 St‘.
1234 164 1358 195 credttnt,
1389 168 1469 198 atque
1494 162 1644 190 creduntur
1673 162 1707 189 ab
1723 162 1795 194 aliis,

169 217 219 236 nos
235 216 286 235 non
311 207 449 243 cognoscit
472 208 588 241 amplius
612 208 697 240 Dens;
725 214 751 235 et
773 209 880 241 merito,
896 217 956 237 cum

171 259 198 281 et
217 262 265 282 nos
282 254 368 288 ipsum
385 261 434 281 nec
445 253 559 287 amplius
576 255 777 288 cognoscimus.
796 254 848 281 Sed
865 262 958 289 prose-

171 308 286 334 quamur
300 300 448 334 inceptutn.
466 299 534 327 Tres
552 300 642 335 magni
661 306 766 327 montes
779 301 896 334 capitum
915 308 958 326 oc-

170 348 290 373 e’sorum
322 345 462 373 hominum
491 346 552 372 facti
584 352 646 373 sunt
669 347 715 379 ibi,
737 347 780 380 qni
799 355 828 373 se
847 347 958 380 paciﬁce

171 398 265 417 eorum
280 390 406 418 manibus
428 390 534 418 tradere
556 390 712 420 noluerunt,
727 390 886 424 corporibus
905 398 952 424 per

172 444 291 464 convexa
310 437 445 463 montium
463 436 600 468 rotulatis,
626 435 696 470 lupis
710 440 736 461 et
751 435 865 463 canibus
877 440 958 470 atque

173 483 267 510 avibus
282 483 417 510 horrenda
441 483 561 516 cibatio;
586 482 752 514 sacerdotcs,
774 482 903 517 religiosi,
917 482 960 516 ju-

172 539 255 558 venes
267 535 294 558 ct
309 531 421 564 antiqui,
450 530 513 557 dum
530 535 619 557 tamen
640 530 779 556 ambulare
795 534 915 564 possent.
931 530 957 556 itt

173 577 276 603 cntcnis
293 576 389 604 l'errcis
401 577 520 611 perducti
546 580 610 604 sunt
635 576 666 602 ad
694 575 794 603 caudas
807 583 959 611 equorum;

174 621 306 654 reliquum
323 629 387 648 vero
405 621 501 655 vulgus
524 629 585 648 cum
616 621 707 655 pueris
716 625 743 647 et
760 620 917 648 mulieribus
931 625 960 648 ut

173 675 272 701 pecora
290 675 304 694 a
316 667 431 695 canibus
447 667 560 702 impulsa
574 672 647 700 sunt,
666 667 767 701 absque
787 666 839 694 ulla
856 667 961 694 miseri-

174 713 267 740 cordia
281 712 320 739 vel
343 713 462 747 pietate;
485 720 599 747 quorum
614 712 636 739 si
656 712 716 745 quis
735 712 838 744 labore,
858 711 901 738 siti
919 711 960 738 vel

173 760 267 785 dolore
289 760 377 794 potius
389 759 582 786 inambulando
593 758 751 790 tardaverit,
765 766 781 784 ο
794 758 863 785 botte
877 757 959 785 Jesul

174 806 297 840 protinus
311 806 337 831 in
350 805 417 832 duas
429 804 531 831 d.visus
544 809 631 839 partes
644 804 679 830 ibi
693 803 773 831 vitam
789 811 849 830 cum
865 803 957 830 labore

1013 210 1177 243 videremus,
1196 209 1236 237 vel
1248 209 1316 237 forte
1329 209 1484 237 videremur
1500 208 1694 236 miserabiliter
1706 208 1800 235 ruina-
1837 242 1842 247 ’

1012 262 1064 285 tos.
1073 257 1198 289 Mentior,
1207 257 1229 283 si
1245 263 1298 283 non
1311 256 1403 290 plures
1414 255 1474 282 n0vi
1488 263 1522 282 ex
1535 254 1650 282 diversis
1657 254 1800 282 ordinibus

1013 302 1153 337 religiosos
1163 302 1241 329 lto-.Iie
1251 301 1391 328 Christum
1402 299 1602 328 ferventissime
1610 298 1800 334 prmdicantes,

1014 355 1076 375 cras
1100 355 1162 374 vero
1187 347 1274 381 ipsum
1296 346 1410 381 turpiter
1433 346 1609 380 abnegarent.
1624 344 1714 377 Quare
1732 343 1799 371 nulli

1014 393 1040 419 in
1057 400 1087 420 se
1107 392 1244 420 ildendum
1261 396 1312 424 est,
1328 391 1454 418 omnibus
1467 397 1532 418 vero
1546 390 1695 418 timendum
1707 389 1800 417 utilius

1015 443 1090 473 puto.
1107 438 1160 465 Sed
1177 438 1321 466 redeamus
1336 437 1369 464 ad
1386 437 1484 472 prima.

1051 483 1104 511 Nos
1131 484 1222 519 igitur,
1253 483 1298 518 qui
1327 483 1354 510 in
1374 483 1433 510 istis
1455 481 1577 518 partibus
1593 481 1801 513 hahitamus,et

1014 529 1168 563 supradicta
1184 528 1274 556 orn-tia
1289 535 1351 555 vera
1364 535 1426 555 esse
1441 532 1469 554 et
1485 527 1587 554 scimus
1602 531 1629 553 et
1654 527 1799 560 tangimus,

1014 578 1040 601 et
1057 581 1134 608 aeque
1154 573 1259 609 majora
1277 578 1306 600 et
1325 574 1426 609 pejora,
1450 580 1531 607 quam
1545 580 1694 604 narremus,
1708 572 1800 606 qualia

1014 627 1075 648 esse
1089 620 1230 648 existimas
1249 621 1330 647 corda
1350 619 1463 646 nostra?
1478 618 1588 650 Fateor,
1605 623 1696 645 tantus
1712 618 1801 648 dolor,

1021 672 1095 694 tanta
1110 666 1208 693 mentis
1226 665 1361 700 angustia,
1379 668 1454 692 tanta
1478 672 1561 698 super
1579 671 1629 691 nos
1649 663 1803 690 amaritudo

1015 711 1162 743 convaluit,
1181 711 1300 745 ntlongo
1312 710 1368 743 jam
1388 716 1509 746 tempore
1525 718 1574 738 nec
1586 711 1664 738 cibus
1678 710 1730 741 ori,
1750 716 1802 736 nec

1015 765 1126 786 somnus
1144 757 1229 784 oculis
1255 756 1306 785 nisi
1338 757 1424 784 tristis
1449 761 1587 791 appareat.
1614 757 1675 791 ipse
1693 762 1803 790 quoque

1017 804 1083 831 solis
1094 807 1229 838 aspectus,
1247 807 1328 837 atque
1347 803 1523 830 viridantium
1549 803 1687 838 regionum
1704 807 1732 830 et
1746 809 1804 828 ma-

175 851 271 878 linivit.
289 851 409 884 Qui-rum
436 855 509 877 tanta
530 854 572 877 est
594 850 796 882 umltiludo,nt,
815 854 882 876 teste
894 857 959 876 cou-
976 844 997 872 Β
1014 850 1052 877 ris
1067 855 1095 877 et
1112 854 1201 881 terrae,
1216 849 1352 884 planctum
1375 849 1464 884 potius
1484 849 1615 881 excitant,
1638 855 1720 882 quam
1733 847 1804 874 sola-

174 897 299 927 scientia,
317 897 444 930 pra-dicto
461 896 546 923 fratre
574 900 702 922 narrante
725 895 844 930 percepi,
861 894 964 922 delibe-

175 950 239 969 rans
251 943 276 969 in
290 950 318 970 se
329 949 379 977 pro
390 941 511 977 quolibet
525 942 653 969 defuncto
662 942 752 968 dicere
766 941 802 967 De
812 940 964 975 profundis,

170 994 202 1016 -et
217 996 270 1016 non
286 988 378 1016 valens
406 996 460 1023 prte
478 988 650 1016 multitudine
674 988 840 1019 occisorum,
858 987 964 1014 tandem

173 1034 325 1062 orationem
349 1034 421 1061 illam
451 1034 555 1061 lncliua
578 1035 752 1070 lacrymando
776 1033 893 1061 dicebat.
911 1033 966 1061 Nec

177 1082 205 1108 iu
225 1082 276 1108 ltoc
293 1089 345 1108 uno
364 1082 432 1108 forte
448 1081 518 1115 loco,
549 1086 578 1107 ut
610 1081 709 1116 aliquis
723 1081 900 1112 existimaret,
917 1079 964 1107 scd

177 1135 224 1162 per
238 1127 333 1162 viginti
349 1127 489 1155 diaetarum
514 1128 641 1162 spatium,
654 1128 723 1154 unde
738 1127 858 1162 praedicti
875 1131 964 1153 trans-

177 1175 266 1200 ierant
293 1172 432 1206 captivati,
447 1178 473 1199 et
488 1180 568 1207 quant
585 1172 701 1199 maxime
722 1172 748 1199 iu
762 1171 964 1206 Hadrianopoli,

179 1218 223 1245 ubi
251 1223 327 1245 extra
355 1218 507 1244 habitacula
539 1222 613 1244 tanta
643 1225 786 1251 corporntn
820 1216 965 1244 multitudo

180 1268 340 1298 consumpta
354 1264 435 1299 jacet,
450 1269 504 1290 tum
517 1264 615 1298 partim
629 1267 771 1297 corrupta,
789 1263 885 1296 partim
902 1270 965 1290 ωτο

181 1318 195 1336 a
217 1310 330 1337 canibus
348 1311 488 1342 devorata,
509 1314 537 1335 ut
558 1309 715 1336 incredibile
737 1309 864 1343 cuiquam
883 1307 964 1339 foret,

181 1356 231 1383 uisi
245 1357 364 1390 propriis
378 1356 464 1383 oculis
493 1356 654 1389 aspexissct.
681 1354 865 1389 Projiciuntur
879 1355 965 1380 inter-

179 1403 241 1428 dum
263 1402 347 1436 aliqui
373 1403 522 1429 morientes
553 1402 579 1427 itt
608 1406 791 1428 mercatorum
809 1401 964 1427 Latinorum

180 1452 339 1482 conspectu,
354 1455 421 1482 quos
440 1448 461 1474 si
480 1447 540 1482 quis
559 1447 599 1474 vel
618 1447 745 1481 svpelire,
765 1447 806 1473 vel
819 1447 882 1474 inde
892 1453 965 1473 amo-

180 1502 255 1528 vere,
274 1495 360 1523 solum
377 1494 475 1522 foetore
487 1495 577 1529 potius
592 1502 672 1529 quam
683 1494 795 1528 pietate,
808 1494 963 1527 teutaverit,
979 1510 1000 1540 ο

180 1549 230 1568 nec
246 1541 307 1572 hoe.
321 1541 374 1568 nisi
398 1541 471 1575 prius
499 1542 586 1575 pretio
612 1541 686 1572 dato,
706 1540 784 1567 liceat
809 1539 861 1566 ullo
876 1546 964 1574 pacto.

179 1587 220 1615 0h
237 1587 244 1614 !
262 1587 354 1614 beatos
378 1586 439 1614 illos
463 1586 581 1621 appello,
597 1585 648 1613 uisi
665 1584 734 1614 forte
755 1585 891 1620 desperati
904 1585 967 1612 dor-

180 1633 300 1660 mierint.
314 1632 381 1659 Nam
397 1633 451 1659 alia
465 1640 541 1663 voce,
556 1632 690 1668 ﬂebilique
710 1633 783 1660 luctu
800 1633 967 1666 clamabant,

179 1679 243 1706 diuit
276 1679 464 1713 capiebantur.
493 1679 710 1713 impellebantur,
735 1679 931 1707 occidebantur
943 1684 970 1707 et

182 1726 258 1760 pueri
274 1731 300 1752 et
315 1725 459 1758 lactentes,
477 1724 592 1760 juvenes
612 1730 640 1753 et
655 1726 785 1761 virgines,
799 1727 849 1753 viri
866 1731 892 1754 et
906 1734 967 1753 nm-

179 1771 272 1798 lieres.
300 1771 323 1798 0
352 1776 390 1803 tu,
421 1771 467 1806 qui
496 1771 522 1798 in
540 1772 617 1798 cmlis
640 1772 901 1807 ltabitas,nutnquid
916 1773 967 1800 ista

180 1816 361 1844 consideras?
378 1824 441 1844 nutu
455 1816 496 1843 vel
519 1817 653 1844 tuodicuttt
675 1818 772 1852 picutte
793 1818 910 1845 utoveris
923 1819 934 1845 7
947 1819 969 1846 0

182 1862 263 1896 Virgo
280 1863 367 1895 beata,
383 1870 402 1893 ,ο
419 1862 504 1889 sancti
528 1868 685 1897 sanctaque
700 1863 759 1895 Dei.
776 1863 819 1890 ubi
836 1871 907 1898 spes,
924 1864 967 1890 ubi

180 1909 343 1936 conﬁdentia
354 1914 446 1936 nostra
463 1909 489 1935 in
507 1909 603 1936 vobis?
620 1911 659 1936 An
671 1910 741 1936 forte
756 1910 846 1944 potius
863 1910 967 1945 decepti

181 1963 286 1986 stttuus,
302 1955 365 1990 quia
378 1959 469 1982 nostra
482 1955 550 1982 fides
570 1956 657 1982 inanis
668 1961 694 1982 ct
710 1955 776 1983 falsa
791 1956 850 1983 est?
860 1956 967 1990 Beatos,

181 2002 302 2036 inquam,
320 2002 436 2029 dixerim
453 2002 524 2034 illos,
550 2002 571 2029 si
599 2003 735 2036 patienter
757 2003 915 2030 sustulerint
928 2003 970 2030 fa-

183 2055 264 2078 luem,
281 2049 366 2080 sitim,
382 2048 512 2079 laborem,
529 2048 660 2082 dolorem,
678 2050 871 2076 servitudinem
889 2055 970 2084 atque

183 2100 309 2121 mortem.
331 2094 385 2121 Sed
401 2102 453 2129 qua
471 2095 576 2122 ratione
593 2095 687 2122 beatos
710 2095 770 2122 illos
790 2095 889 2129 dicam,
907 2103 968 2122 cum

183 2141 313 2168 continuo
327 2141 459 2176 abnegeut
475 2141 579 2168 Christi
596 2141 686 2173 tidem,
700 2143 816 2168 maxime
828 2142 968 2176 utriusque

1017 903 1090 927 men.
1123 903 1173 923 nec
1203 903 1236 922 ex
1258 902 1312 929 quo
1339 895 1365 922 in
1397 895 1456 922 istis
1476 894 1601 929 partibus
1626 893 1737 925 fuimus,
1761 893 1804 920 vel

1015 942 1097 970 unius
1121 942 1216 970 saltem
1237 942 1311 969 horae
1341 941 1480 975 potuimus
1511 941 1611 968 habere
1632 940 1751 975 quietem
1768 946 1804 966 cx

1017 989 1071 1020 his,
1088 995 1148 1023 qua).
1175 987 1301 1015 continue
1328 987 1468 1019 audimus,
1500 991 1528 1015 et
1546 994 1600 1014 non
1622 986 1722 1017 minus,
1743 993 1804 1020 qua:

1015 1035 1104 1062 oculis
1119 1034 1267 1061 cernimus.
1289 1033 1390 1061 Sumus
1416 1033 1488 1060 enim
1514 1033 1541 1060 in
1556 1032 1804 1066 Constantinopoli,

1015 1080 1231 1108 eminentissimo
1248 1080 1317 1112 loco,
1345 1079 1371 1106 in
1394 1078 1504 1113 Capella
1532 1078 1657 1105 videlicet
1669 1077 1805 1105 Constan-

1018 1127 1066 1153 tiol
1081 1127 1159 1161 juxta
1181 1125 1311 1160 palatium
1331 1125 1400 1160 ejus,
1422 1132 1503 1160 quam
1520 1125 1605 1152 sancti
1623 1124 1806 1159 Hieronymus

1017 1177 1043 1200 et
1060 1172 1226 1206 Augustinus
1251 1177 1278 1198 et
1303 1171 1433 1199 Nieolaus
1451 1178 1511 1197 cum
1536 1170 1650 1204 reliquis
1675 1170 1805 1198 terceutis

1016 1218 1163 1245 octodecim
1177 1217 1302 1245 Patribus
1324 1217 1561 1244 Chalcedonensis
1586 1216 1694 1243 concilii
1708 1222 1806 1243 conse-

1017 1269 1140 1296 crarunt,
1159 1265 1230 1291 unde
1255 1271 1337 1298 supra
1366 1263 1503 1298 speculam
1529 1264 1708 1290 ascendentes
1722 1261 1805 1289 facile

1017 1318 1162 1346 possumus
1179 1316 1263 1338 totam
1289 1310 1443 1345 prospicere
1467 1310 1617 1342 civitatem,
1637 1309 1700 1336 olim
1720 1309 1806 1336 totius

1017 1359 1091 1385 orbis
1105 1357 1376 1389 excellentissimam,
1399 1363 1470 1383 nunc
1483 1364 1548 1383 vero
1563 1361 1637 1382 tanta
1650 1355 1805 1382 calamitate

1016 1403 1160 1438 deiectam,
1177 1407 1207 1429 ut
1218 1401 1281 1428 ﬂere
1303 1402 1392 1436 potius
1413 1401 1505 1432 libeat,
1525 1409 1604 1436 quam
1620 1400 1725 1433 mirari,
1741 1408 1805 1426 cum

1017 1455 1070 1477 tam
1089 1457 1122 1477 ex
1135 1450 1200 1479 situ,
1218 1457 1298 1484 quam
1315 1457 1346 1476 ex
1363 1449 1486 1476 aediliciis
1506 1453 1533 1475 et
1547 1449 1654 1475 caeteris
1672 1453 1805 1482 opportu-

1018 1499 1060 1524 nis
1089 1496 1157 1524 alter
1184 1495 1341 1523 deliciarum
1385 1495 1470 1522 fuisse
1495 1495 1639 1530 paradisus
1664 1499 1807 1529 appareat,

1019 1549 1113 1578 totque
1128 1542 1258 1570 ecclesias
1270 1547 1296 1569 et
1310 1542 1476 1568 monasteria
1493 1541 1706 1576 stupendissima
1728 1541 1807 1567 ruina

1018 1589 1136 1624 collapsa
1153 1589 1226 1615 intus
1240 1593 1268 1616 et
1282 1594 1358 1615 cura
1376 1595 1457 1622 quam
1477 1589 1605 1621 ntaxime,
1621 1593 1650 1615 ut
1664 1591 1808 1615 monaste-

1018 1635 1120 1662 riorum
1150 1635 1252 1670 sylvatn
1279 1635 1371 1669 potius
1395 1634 1521 1668 primitus
1546 1634 1747 1666 existimasses,
1780 1634 1807 1660 in

1018 1687 1132 1715 quorum
1157 1680 1279 1713 quolibet
1305 1684 1332 1707 et
1362 1680 1470 1708 ducenti
1494 1685 1522 1707 et
1549 1681 1676 1713 tercenti,
1691 1685 1718 1706 et
1733 1680 1810 1707 mille

1019 1727 1145 1754 monachi
1175 1726 1338 1758 residebant,
1357 1726 1451 1754 laudes
1474 1726 1615 1754 Altissimo
1632 1727 1809 1754 decantauit-3

1020 1773 1046 1800 in
1059 1778 1112 1800 tant
1129 1772 1282 1800 dulcissima
1302 1772 1430 1805 melodis,
1447 1774 1516 1807 quod
1540 1773 1596 1807 ipse
1612 1780 1658 1799 aer
1674 1773 1700 1799 in
1717 1773 1806 1799 noctis

1020 1818 1109 1845 medio
1140 1818 1353 1853 circumquaque
1385 1820 1529 1846 resonabat
1555 1819 1632 1852 quasi
1656 1818 1808 1853 angelicam

1022 1864 1204 1892 harmoniam.
1223 1864 1300 1891 Nunc
1324 1872 1398 1896 vero,
1418 1865 1485 1898 proh
1513 1865 1604 1892 dolor!
1630 1869 1658 1892 et
1681 1865 1766 1899 spina:
1783 1869 1810 1891 et

1020 1917 1115 1944 vepres
1131 1917 1214 1945 super
1222 1919 1314 1938 nturos
1327 1912 1487 1943 ascendunt,
1502 1917 1530 1939 et
1542 1912 1577 1939 ibi
1590 1916 1717 1939 resonant
1730 1912 1811 1939 ululte

1020 1960 1047 1983 et
1077 1957 1210 1983 bubones.
1229 1956 1326 1984 Verum
1357 1958 1378 1984 si
1401 1958 1461 1992 quis
1490 1958 1614 1986 civitates
1643 1958 1809 1990 destructas,

1020 2002 1084 2029 olim
1100 2002 1248 2036 mirabiles,
1266 2007 1294 2029 ut
1310 2003 1446 2030 Chalcedo
1462 2008 1489 2030 et
1507 2003 1610 2036 Nicaea,
1627 2004 1705 2038 quasi
1719 2005 1810 2031 conti-

1021 2055 1087 2082 guas
1103 2048 1145 2075 isti
1161 2048 1231 2085 urbi,
1248 2055 1281 2075 ac
1293 2049 1359 2076 alias
1373 2049 1516 2083 plurimas,
1537 2057 1650 2083 quarunt
1664 2058 1713 2076 nec
1731 2050 1810 2075 modo

1022 2094 1100 2129 signa
1121 2099 1263 2129 apparent,
1280 2096 1426 2130 aspiceret,
1451 2103 1505 2123 non
1525 2102 1590 2130 puto
1616 2102 1705 2131 posset
1721 2096 1810 2123 comi-

1025 2147 1088 2166 uere
1102 2147 1131 2167 se
1146 2147 1162 2166 a
1185 2139 1260 2173 ﬂetu,
1277 2148 1336 2175 quae
1361 2149 1408 2176 per
1426 2142 1575 2169 intidelium
1601 2149 1695 2168 ntatms
1717 2143 1809 2168 Omnia

184 2194 267 2214 sexus
282 2187 406 2221 juvenes,
428 2186 474 2218 qui
497 2191 570 2213 tanta
596 2186 726 2213 facilitate
743 2192 937 2222 pervertuntur
953 2195 967 2214 a
987 2184 1008 2212 Ι)
1024 2185 1161 2213 destructa
1178 2192 1251 2214 sunt.
1269 2187 1331 2214 Haec
1349 2187 1448 2222 saepius
1471 2188 1618 2222 loquimur,
1634 2188 1689 2214 haec
1706 2188 1811 2223 plangi-

186 2233 247 2264 tide,
263 2237 290 2259 et
304 2232 335 2259 ad
348 2231 565 2260 Christianorum
579 2232 746 2262 inimicitiam
762 2238 971 2267 convertuntur,

185 2279 250 2312 quia
266 2279 379 2306 credere
403 2278 478 2313 quasi
505 2278 644 2312 incipiant,
661 2280 684 2305 si
709 2278 766 2306 ﬁeri
779 2283 879 2313 potest,
900 2285 929 2306 ut
944 2281 971 2307 in

187 2332 307 2351 errorem
325 2324 489 2351 inducantur
504 2329 531 2351 ct
555 2324 647 2352 electi.
666 2324 688 2351 0
705 2324 820 2352 altitudo
833 2326 972 2360 sapientiai

186 2374 215 2396 et
233 2371 351 2397 scicntia:
364 2369 423 2404 Dei,
437 2377 518 2405 quam
545 2371 829 2405 incomprehensibilia
847 2376 910 2398 sunt
925 2371 972 2405 ju-

186 2417 256 2444 dicia
280 2416 339 2450 ejus
367 2421 395 2443 ct
424 2416 627 2451 investigabiles
655 2418 705 2444 vite
727 2417 807 2451 ejus!
825 2417 846 2444 0
865 2422 931 2452 quot
946 2422 974 2444 et

186 2467 303 2498 quantos
317 2470 378 2490 esse
391 2465 473 2490 credo
488 2463 512 2490 itt
529 2464 641 2496 mundo,
656 2465 702 2498 qui
720 2464 845 2491 videntur
863 2470 888 2491 et
906 2471 934 2491 re
946 2468 973 2491 et

187 2510 296 2537 nomine
313 2509 472 2542 Christiani,
487 2517 555 2544 quos
567 2509 656 2540 si,vel
676 2511 813 2537 modicum
835 2511 893 2538 hac
911 2518 971 2545 per-

186 2557 335 2585 secutionis
362 2557 457 2591 pruina
480 2558 619 2585 decoxerit
645 2558 687 2585 Vel
704 2558 795 2592 potius
816 2558 973 2585 demulserit

186 2603 276 2630 carnis
292 2604 389 2630 blanda
408 2603 522 2630 dulcedo
535 2623 542 2636 ,
567 2603 648 2630 facile
668 2608 766 2638 negent
782 2603 932 2635 Christum,
947 2609 973 2631 ct

179 2650 279 2686 dicant
295 2656 356 2676 cum
373 2649 452 2676 Petro
471 2657 478 2676 :
496 2649 554 2676 Non
576 2650 639 2676 novi
661 2656 733 2676 curn.
749 2649 771 2675 Ο
794 2650 896 2675 utinam
911 2650 973 2677 talis

188 2695 320 2729 probatio,
338 2694 398 2721 talis
415 2694 593 2729 experientia,
620 2694 681 2721 talis
695 2693 794 2722 foruax
809 2702 861 2721 non
883 2695 975 2722 veniat

188 2748 270 2775 super
286 2748 347 2773 nos,
372 2741 393 2768 si
418 2745 611 2775 consumptnra
632 2739 713 2773 foret,
741 2749 792 2768 non
817 2742 972 2774 probatura,

189 2794 276 2821 neque
291 2787 316 2813 in
330 2788 496 2821 temporibus
523 2788 636 2820 nostris,
670 2787 743 2815 salva
759 2788 864 2815 Domini
879 2788 975 2815 volun-

190 2839 260 2866 tate;
289 2833 417 2868 quoniam
432 2834 519 2868 multi,
541 2835 586 2869 qui
608 2834 748 2863 columnas
764 2834 917 2863 immobiles
931 2835 974 2862 fu-

1025 2240 1095 2264 mus,
1114 2232 1140 2258 in
1159 2232 1201 2260 his
1220 2238 1247 2260 et
1261 2233 1399 2260 similibus
1414 2234 1594 2260 lamentandis
1615 2233 1743 2268 temporis
1754 2241 1810 2260 nou

1023 2286 1134 2312 parvam
1156 2284 1259 2313 partem
1270 2280 1466 2311 consumimus,
1483 2280 1574 2314 potius
1583 2284 1711 2314 optantes
1726 2280 1809 2312 mori,

1024 2332 1106 2358 quam
1123 2325 1219 2351 ultima
1238 2325 1330 2351 videre
1347 2325 1427 2357 mala,
1443 2325 1562 2359 quotidie
1576 2329 1749 2359 augmentum
1766 2332 1811 2352 su-

1023 2370 1123 2397 nteutia
1137 2376 1235 2397 nostra:
1254 2372 1351 2404 gentis.
1373 2370 1403 2396 Et
1420 2371 1491 2405 quod
1513 2371 1572 2404 plus
1593 2371 1714 2397 dolorem
1729 2378 1812 2404 exag-

1022 2422 1099 2452 gerat
1108 2421 1189 2452 atque
1199 2417 1351 2449 coulirmat,
1361 2424 1422 2443 cam
1431 2416 1528 2450 quibus
1537 2416 1594 2442 haec
1605 2416 1812 2442 communicare

1023 2470 1050 2491 et
1069 2472 1175 2500 pmnam
1189 2465 1316 2491 alleviare
1326 2465 1471 2499 possimus,
1483 2464 1589 2498 penitus
1602 2470 1655 2490 non
1668 2463 1810 2490 habemus.

1024 2510 1090 2537 Nam
1104 2511 1125 2538 si
1140 2512 1185 2545 qui
1205 2511 1232 2537 in
1251 2511 1293 2538 his
1310 2511 1433 2545 partibus
1447 2509 1486 2536 vel
1504 2514 1654 2540 lllOl'Iﬂllll',
1673 2508 1713 2535 vel
1727 2509 1812 2535 adve-

1024 2558 1102 2584 uiunt
1121 2557 1281 2590 Christiani,
1299 2561 1372 2584 tanta
1396 2555 1553 2589 temporalis
1576 2554 1645 2582 lucri
1663 2554 1814 2587 cupiditate

1024 2605 1216 2635 cxsrdescunl,
1232 2608 1260 2630 ut
1275 2603 1318 2630 vel
1337 2610 1389 2629 non
1408 2603 1459 2630 ista
1474 2601 1659 2631 considerent,
1673 2601 1726 2631 vel,
1740 2601 1813 2635 quod

1024 2651 1190 2678 horrendum
1210 2656 1252 2677 cst
1272 2650 1374 2682 dicere,
1399 2650 1515 2676 latenter
1538 2652 1677 2682 exoptem.
1693 2646 1762 2675 Ecce
1779 2655 1813 2674 es

1025 2698 1192 2724 Teucrorum
1221 2696 1306 2723 lucris
1336 2695 1432 2722 bursas
1462 2694 1586 2729 implent,
1604 2698 1632 2721 et
1656 2694 1762 2728 scipsos
1779 2702 1813 2720 ex

1024 2743 1241 2770 Christianorum
1257 2742 1389 2776 sanguine
1414 2740 1598 2774 Ioeupletant;
1618 2739 1664 2765 sed
1679 2747 1728 2773 pro
1745 2739 1814 2765 tanti

1026 2790 1126 2816 doloris
1145 2788 1280 2815 levamiue
1304 2787 1476 2820 subiunctum
1497 2790 1548 2818 est,
1567 2785 1637 2820 quod
1657 2785 1815 2820 nuperrime

1029 2837 1198 2864 verissimum
1214 2834 1384 2867 audivimus;
1401 2837 1461 2868 post
1484 2832 1599 2860 reditum
1622 2839 1743 2866 namque
1758 2838 1813 2857 taa—
