1942 3075
157 122 224 159 ιοθι

740 129 862 163 EPIST.
885 129 1037 160 CONTRA
1055 110 1215 165 Tuucas.

1720 127 1788 161 1062

157 184 200 216 κιιὶ
219 182 355 210 exercitus
367 182 532 210 Teucrorum
546 182 637 211 subito
652 190 684 211 ex
699 191 740 212 ets
755 184 848 220 viginti
864 185 947 213 millia
963 190 983 218 Α
1001 188 1045 214 vix
1063 195 1145 215 unum
1166 188 1289 222 reperies
1308 186 1506 214 Christianttm.
1522 185 1556 214 Et
1574 189 1664 213 tamen
1680 191 1788 212 constat

158 228 200 256 vel
219 229 293 256 circa
317 229 475 261 retroversi,
501 229 642 264 Hungaros
657 231 734 265 quasi
760 230 816 264 jam
833 238 945 259 secures

158 273 345 307 repentissime
362 273 521 301 invaserunt
536 274 562 300 in
579 273 696 308 quadam
717 275 868 309 provincia,
885 281 947 309 qua;

158 318 260 346 dicitur
276 317 442 351 Siculorum,
456 319 535 351 quasi
566 318 593 346 in
625 319 714 347 medio
732 318 895 353 Hungarize;
912 327 945 347 ex

159 365 269 398 quibus.
283 369 314 392 ut
338 364 436 399 fertur,
462 359 577 399 iriginta
602 365 677 393 mille
703 366 808 393 animas
821 372 947 402 portave-

160 414 232 437 runt.
255 409 350 437 Testes
366 416 441 442 sunt,
457 411 502 444 qui
521 411 648 438 viderunt
659 418 711 438 non
731 411 812 438 modo
826 412 948 446 captivos

158 456 233 489 duci,
247 464 340 484 verum
357 456 474 491 plurium
493 456 625 484 nobilittm
641 463 670 484 et
685 457 839 492 principum
856 458 946 492 capita

159 503 281 530 abscissa
296 502 389 537 projici
408 507 471 529 ante
494 502 576 536 pedes
599 503 775 537 imperatoris
790 510 882 530 eorum
899 511 948 537 per

157 547 336 582 Capitanenm
354 549 439 581 illum,
453 548 498 583 qui
516 550 565 575 ista
579 549 691 583 peregit,
704 553 732 576 et
744 550 794 577 hoc
811 550 843 576 de
855 557 948 577 mense

158 592 336 626 S:-ptcmbris.
352 593 509 627 lternmque
521 594 606 620 alium
628 593 728 621 direxit
745 594 771 621 in
793 593 853 628 ipso
863 593 948 621 Octo-

158 639 221 666 brio
233 640 396 672 exercitum;
417 639 438 666 si
454 638 517 674 quid
538 639 600 666 ntali
615 636 720 669 fecerit,
737 647 790 667 non
809 643 947 672 narratur,

162 689 193 711 et
208 685 248 712 sic
266 690 370 719 terque,
387 689 547 719 quaterque,
570 685 714 719 deciesque
731 685 756 711 in
781 692 862 717 anno,
877 693 949 713 nunc

161 730 226 762 hnc,
243 738 315 757 nunc.
333 731 406 763 illuc,
423 731 595 758 formicarum
624 738 699 758 more
726 736 822 758 euntes
846 736 872 758 et
887 732 950 759 red—

160 781 268 809 euntes,
285 784 446 810 semperque
474 776 549 804 lucra
569 781 717 810 portantes,
739 784 771 804 ac
802 778 824 803 si
842 785 948 804 onmem

161 822 382 849 Christianorum
398 827 499 849 terram
516 822 586 849 Deus
600 823 641 850 eis
655 823 797 850 tradiderit
807 823 949 857 possiden-

162 867 234 894 dam.
252 866 393 902 Tantaque
418 872 479 895 sunt
497 868 643 895 securitate
670 869 769 895 ﬁrmati
785 873 811 896 et
827 869 945 896 roborati
966 857 986 885 Β

162 912 302 947 victoriis,
334 918 467 948 tantaque
499 914 622 941 lucrandi
654 915 804 949 cupiditate
838 915 946 942 accensi

161 966 259 987 omnes
276 960 390 995 pariter,
403 962 474 995 quod
491 961 677 988 indubitanter
693 968 723 988 se
735 962 846 989 credant
862 967 946 988 teram

163 1007 399 1035 Christianitatem
414 1009 440 1035 in
453 1015 536 1043 parvo
559 1013 682 1044 tempore
693 1009 893 1036 destructurOs.
917 1009 948 1036 Et

162 1054 236 1089 quis,
256 1061 359 1089 qmcso,
376 1055 426 1082 ista
443 1062 498 1082 non
516 1057 649 1086 crederct,
665 1056 686 1083 si
701 1064 760 1091 qua:
776 1056 906 1088 videmus,
921 1061 949 1084 et

163 1100 223 1135 ipse
234 1101 358 1128 videret?
370 1100 499 1130 Videmus
524 1109 640 1137 namque
657 1103 684 1129 in
697 1103 817 1130 exercitu
832 1103 950 1130 transire

166 1154 221 1174 non
245 1147 333 1175 solum
351 1148 467 1175 rusticos
481 1152 508 1175 et
526 1152 648 1183 pastores
663 1149 790 1182 inermes,
808 1150 865 1176 solo
885 1157 948 1176 arcu

167 1193 208 1222 vel
223 1201 291 1222 ense
313 1194 443 1228 munitos,
459 1195 506 1222 sed
527 1195 628 1230 possint
647 1202 726 1223 senes
738 1200 765 1223 et
779 1202 876 1223 curvos
896 1203 950 1230 pra:

161 1249 179 1269 ,ιτ
197 1242 254 1268 mia
271 1242 433 1276 antiquitate
450 1241 532 1269 asella
549 1242 687 1275 devectos,
702 1246 764 1277 post
778 1242 835 1270 dies
850 1249 951 1277 paucos

159 1287 311 1315 redeuntes
329 1291 384 1314 tres
401 1288 442 1315 vel
465 1291 581 1322 quatuor
596 1287 711 1322 juvenes
734 1287 805 1315 collo
822 1292 850 1314 et
866 1289 951 1314 mani-

166 1334 217 1361 bus
229 1338 290 1368 post
310 1338 383 1368 terga
409 1334 506 1368 ligatos
530 1341 622 1361 secum
649 1333 749 1362 ducere
773 1342 820 1368 per
835 1334 950 1361 mediam

160 1377 441 1413 COnstantinopolim.
466 1384 493 1407 et
514 1380 632 1407 transire
655 1380 680 1406 in
699 1384 846 1414 conspectu
865 1379 952 1407 Vene-

164 1430 255 1452 torutn
270 1431 298 1452 et
311 1425 488 1453 Januensium
502 1431 697 1453 mercatorum.
709 1426 748 1454 lbi
765 1427 791 1453 in
806 1431 951 1461 conspectu

167 1472 290 1498 omnium
318 1472 454 1498 interdum
480 1471 577 1500 sistere
603 1471 715 1505 iacitmt,
741 1476 770 1498 ut
795 1479 890 1500 omnes
914 1473 954 1500 vi-

166 1519 261 1551 deant,
276 1525 376 1553 eosque
401 1518 509 1552 injuriis
535 1522 563 1545 et
585 1517 744 1545 verberibus
766 1517 950 1552 colaphizant,
967 1536 989 1564 ο

169 1566 205 1592 ita
220 1569 249 1592 ut
265 1572 345 1592 nemo
358 1564 457 1592 audent
476 1565 683 1597 contradicere;
702 1565 724 1592 si
744 1571 858 1599 pensare
878 1565 953 1595 velit.

161 1616 200 1640 ,ut
210 1611 312 1639 veritas
328 1618 358 1639 se
377 1611 479 1639 habet?
497 1611 560 1645 quia
580 1611 624 1644 qui
644 1618 715 1638 anno
729 1611 867 1645 praeterito
881 1611 954 1638 ducti

169 1663 235 1686 sunt
247 1658 359 1692 captivi.
373 1658 423 1685 hoc
442 1665 513 1685 anno
528 1657 639 1689 Teucri,
656 1656 878 1691 Teucrorumque
893 1664 955 1684 oni-

172 1705 247 1732 nium
267 1704 433 1732 crudeliores
449 1703 550 1736 eﬂ‘ccti,
571 1704 597 1731 in
623 1704 743 1732 exercitu
770 1703 860 1738 primi,
873 1704 955 1730 auda-

163 1751 214 1778 ~eia
241 1755 268 1778 et
292 1750 452 1778 fortitudine
484 1751 684 1785 promptiores.
708 1750 786 1785 quasi
815 1749 956 1784 religionis

171 1797 272 1832 pietate
287 1797 363 1830 moti,
387 1802 415 1824 ut
444 1797 569 1829 credunt,
591 1796 668 1824 Fidei
697 1798 811 1825 veritate
836 1801 954 1830 reperta,

175 1844 310 1878 propriam
335 1844 448 1879 patriam
481 1845 588 1871 tradere
613 1844 758 1876 festinant;
776 1843 828 1871 hoc
849 1851 958 1878 quoque

172 1890 345 1925 potissimum
363 1890 434 1917 inter
456 1891 547 1917 omnia
573 1895 676 1925 optent,
699 1895 812 1925 patrem,
831 1894 956 1921 matrem,

172 1935 272 1962 fratres
279 1940 305 1962 et
315 1943 432 1967 sorores,
448 1941 613 1969 eteterosquc.
622 1935 837 1969 consanguineos
847 1943 956 1969 capere,

171 1987 200 2010 et
209 1983 242 2010 ad
255 1982 343 2009 lumen
355 1982 451 2009 ducere
464 1981 595 2009 veritatis.
605 1981 626 2008 0
635 1982 808 2015 stnpendutn,
817 1989 834 2008 o
846 1980 959 2015 profun-

170 2030 236 2057 dum
258 2029 390 2064 judicium
413 2028 471 2059 Dei,
484 2028 531 2055 sed
544 2029 648 2055 nonnisi
660 2029 773 2063 justum,
786 2028 905 2063 quandiu
919 2027 957 2055 ira

171 2085 221 2103 sua
234 2083 318 2110 super
329 2082 379 2103 nos
396 2074 543 2103 desaeviet?
555 2076 674 2109 quandiu
694 2075 959 2102 nostriobliviscetur

170 2122 346 2150 Altissimus?
361 2121 469 2149 Utinam
485 2121 576 2148 nonin
589 2121 687 2148 tinem!
704 2120 783 2154 Vere,
798 2128 872 2152 vere,
882 2124 960 2155 pater

173 2168 371 2200 amantissime.
389 2169 537 2196 timendum
549 2172 602 2200 est,
615 2176 648 2195 ne
659 2169 779 2202 peccatis
793 2168 891 2196 nostris
900 2168 957 2195 exi-

997 234 1143 267 praedictas
1157 240 1252 262 omnes
1270 233 1352 260 fuisse
1371 232 1474 268 patrias
1488 231 1716 259 Christianorum.
1733 230 1788 258 Sed

1000 277 1124 313 haecjam
1145 278 1233 313 sopita
1259 283 1322 305 sunt
1348 276 1519 311 longitudine
1537 276 1679 311 temporis.
1697 275 1789 304 Redeo

999 324 1032 351 ad
1053 324 1112 352 dies
1135 329 1255 351 nostros.
1277 323 1439 357 Octuaginta
1462 323 1504 349 vel
1529 322 1609 356 paulo
1623 321 1714 357 plures
1726 321 1788 348 anni

1000 374 1074 402 sunt,
1092 370 1162 404 quod
1178 377 1227 398 nec
1237 378 1308 398 unus
1321 370 1426 398 Teucer
1436 369 1621 404 reperiebatur
1634 368 1659 395 in
1672 368 1786 396 Graecia.

1001 415 1186 444 Transierunt
1201 416 1282 443 etiam
1295 416 1329 443 ab
1349 416 1416 451 ipsis
1434 415 1597 444 Christianis
1618 414 1733 446 advecti,
1750 418 1790 440 to-

1000 467 1113 496 tamque
1126 462 1197 489 illam
1211 462 1326 496 patriam
1342 461 1501 496 implevere,
1517 469 1577 496 quae
1593 461 1646 489 nisi
1659 461 1692 488 de
1706 461 1789 489 celeri

1002 507 1177 542 providentur
1202 508 1334 540 remedio,
1363 507 1496 536 efﬁcietur
1520 508 1577 535 cito
1601 508 1671 535 sicut
1689 507 1789 535 Arabia

1000 553 1041 580 vel
1053 553 1194 589 Egyptus.
1213 554 1330 581 Patriam
1348 554 1409 582 dico
1428 554 1520 586 latam,
1550 554 1716 588 populosam,
1733 554 1791 588 glo-

1000 599 1160 627 riosissimis
1187 600 1344 627 civitatibus
1367 600 1536 633 decoratum,
1560 608 1621 635 qua:
1646 607 1741 626 amnes
1756 598 1789 626 ad

1000 652 1132 680 praesens,
1149 651 1178 673 ut
1204 646 1244 673 sic
1272 646 1371 678 dicam,
1399 646 1432 673 ad
1452 646 1563 673 nihilum
1587 646 1702 673 redacta:
1716 650 1788 676 sunt,

1000 691 1200 719 habitatoribus
1218 697 1355 725 vacuatae;
1380 693 1423 719 ubi
1449 692 1601 719 Alexander
1615 691 1790 726 Magnnsim-

1001 738 1122 771 paravit;
1154 738 1200 765 ubi
1233 739 1366 770 Athenae,
1395 738 1541 770 Corinthi,
1576 738 1789 772 Spartanorum.

1004 784 1301 817 Thessalonicensium,
1327 784 1539 818 I’hilippensium
1561 784 1698 817 civitates,
1722 789 1790 818 quas

1003 832 1083 858 modo
1099 831 1220 866 aspicere
1235 831 1323 857 luctus
1337 834 1387 857 est.
1404 830 1503 857 Parnm
1520 834 1570 860 est.
1586 830 1657 863 quod
1670 829 1736 862 dixi,
1750 836 1791 856 re-

1002 882 1098 912 spectu
1119 877 1291 911 sequentium
1308 881 1332 903 et
1353 875 1485 903 factorum
1503 880 1530 902 et
1555 875 1716 908 ﬁendornm,
1738 875 1789 902 nisi

1003 920 1130 957 respiciat
1142 927 1172 950 et
1191 927 1346 949 succurrat.
1362 922 1411 948 llbi
1439 929 1521 952 nunc,
1534 929 1637 956 quaeso,
1647 926 1689 949 est
1704 921 1790 956 patria

1004 967 1152 999 Dalmatiae,
1183 967 1311 999 Croatiaa,
1334 966 1452 1000 Bosnite,
1496 966 1618 998 “asciae,
1642 966 1790 1001 Bulgarizc,

1003 1014 1133 1047 Albaniae,
1161 1013 1318 1046 Walachiac,
1342 1021 1424 1048 regna
1450 1022 1503 1041 non
1533 1021 1628 1048 parva.
1649 1013 1674 1040 in
1699 1013 1792 1048 paucis

1003 1061 1083 1089 annis
1096 1061 1296 1088 habitatoribus
1311 1060 1449 1094 spoliata?
1462 1060 1500 1087 Ad
1518 1060 1683 1094 llnngariam
1700 1059 1791 1091 venio,

1003 1109 1037 1135 de
1051 1115 1115 1143 qua,
1132 1111 1162 1135 ut
1176 1107 1284 1141 dicitur,
1298 1115 1314 1135 ι
1338 1106 1434 1134 diebus
1456 1114 1510 1133 non
1535 1106 1626 1134 multis
1649 1106 1791 1141 plusquam

1005 1158 1126 1180 tercenta
1154 1152 1247 1184 millia,
1272 1152 1362 1180 verius
1388 1152 1518 1180 dixissem
1545 1157 1675 1179 sexcenta
1709 1152 1792 1179 millia

1004 1200 1156 1226 animarum
1184 1203 1291 1232 portata
1313 1202 1385 1225 sunt.
1413 1197 1546 1225 Credisne
1570 1205 1635 1232 ergo
1663 1190 1794 1232 possibile

1006 1246 1074 1279 fore,
1101 1246 1172 1280 quod
1201 1245 1294 1277 timeo,
1319 1252 1355 1271 ne
1383 1244 1489 1272 scilicet
1513 1245 1587 1277 justo
1611 1243 1656 1270 Dei
1675 1242 1791 1279 judicio,

1006 1297 1110 1319 tantum
1125 1291 1194 1326 ignis
1207 1291 1259 1318 iste
1280 1290 1421 1324 procedat,
1441 1295 1470 1317 ut
1486 1296 1620 1324 occupare
1642 1289 1727 1323 possit
1740 1292 1794 1316 tero

1007 1338 1097 1365 minos
1120 1337 1311 1365 Christianos?
1327 1337 1397 1370 Quid
1422 1336 1504 1371 igitur
1527 1343 1598 1363 nunc
1618 1335 1724 1363 faciunt
1741 1335 1794 1362 mi-

1007 1385 1061 1412 seri
1078 1383 1224 1411 Christiani
1237 1384 1248 1410 ?
1263 1384 1326 1416 quid
1343 1391 1437 1410 eorum
1454 1383 1589 1418 principes
1600 1382 1611 1408 ?
1622 1381 1686 1416 quid
1702 1386 1794 1416 pasto-

1007 1438 1051 1458 res
1083 1429 1229 1457 Eeclesizc?
1246 1429 1433 1462 Dormiuntne,
1461 1436 1494 1456 an
1522 1427 1673 1463 lethargum
1702 1427 1795 1462 potius

1007 1476 1157 1512 patiuntur,
1178 1481 1207 1502 ttt
1237 1475 1367 1510 paulatim
1381 1478 1539 1509 exspectent
1561 1473 1793 1501 Christianitatetn

1007 1522 1154 1549 consumi?
1170 1522 1279 1549 Ludttnt
1301 1522 1327 1548 in
1349 1522 1433 1549 hastis
1457 1526 1485 1548 et
1505 1521 1622 1553 choreis,
1641 1519 1683 1547 vel
1707 1519 1795 1553 potius

1006 1568 1129 1595 lacerant
1145 1568 1317 1602 semetlpsos.
1331 1566 1442 1594 Interim
1458 1567 1563 1594 Teucer
1577 1565 1680 1593 Christi
1697 1572 1795 1592 nomen

999 1614 1168 1649 exstinguit,
1201 1614 1257 1649 jam
1273 1613 1386 1649 juravit,
1417 1612 1472 1647 jam
1500 1620 1529 1640 se
1548 1612 1602 1639 Deo
1622 1619 1671 1639 suo
1686 1610 1795 1638 devovit

1007 1661 1080 1688 nullo
1101 1666 1179 1695 pacto
1208 1660 1363 1694 quiescere,
1392 1660 1448 1686 nisi
1475 1666 1555 1693 quam
1581 1659 1663 1686 citius
1688 1658 1714 1685 in
1741 1661 1794 1684 tota

1007 1706 1154 1741 Hnngarita
1182 1705 1287 1732 cantari
1320 1705 1404 1733 faciat
1430 1705 1522 1732 Iaudes
1547 1703 1720 1731 Mahumetis.
1737 1701 1795 1730 Heu

1008 1752 1072 1784 heu,
1092 1759 1146 1780 non
1165 1752 1240 1779 tnulti
1257 1751 1320 1778 anni
1333 1755 1407 1783 sunt,
1422 1751 1493 1784 quod
1509 1757 1558 1777 nec
1575 1749 1692 1776 Teucros
1708 1748 1796 1775 nunti-

1009 1798 1126 1826 nabatur
1143 1798 1170 1825 in
1192 1799 1302 1830 mundo,
1323 1797 1373 1825 nisi
1396 1801 1517 1832 pastores
1537 1797 1611 1830 juxta
1632 1795 1796 1823 DatnaSt-um

1009 1845 1035 1872 in
1054 1844 1218 1879 quibusnam
1234 1845 1328 1872 nescio
1354 1844 1491 1871 montibus
1507 1843 1672 1874 habitantes,
1689 1841 1794 1873 rustici,

1008 1890 1123 1922 indocti,
1144 1890 1293 1922 silvestres,
1321 1889 1379 1917 sine
1391 1889 1488 1917 litteris
1501 1909 1508 1921 ,
1524 1889 1583 1916 sine
1600 1889 1714 1916 scientia
1728 1887 1794 1919 ulla,

1009 1940 1039 1962 ut
1054 1940 1116 1962 sunt
1133 1936 1215 1963 etiam
1233 1942 1322 1970 usque
1339 1935 1430 1963 modo.
1449 1935 1527 1963 Nunc
1546 1942 1611 1962 vero
1626 1942 1692 1962 auro
1705 1934 1795 1961 vestiti

1009 1985 1036 2008 et
1049 1982 1174 2015 genttnis,
1191 1982 1300 2016 regibus
1317 1987 1345 2009 et
1370 1982 1581 2016 imperatoribus
1597 1981 1794 2017 principantnr.

1011 2035 1060 2055 nec
1073 2028 1131 2056 suis
1144 2028 1269 2055 laborant
1282 2029 1418 2060 manibus,
1438 2028 1484 2056 sed
1507 2034 1635 2063 tanquam
1653 2028 1754 2055 domini
1770 2028 1795 2054 in

1011 2074 1078 2108 ipsis
1096 2075 1192 2108 tapetis
1205 2075 1295 2102 aureis
1312 2080 1340 2101 et
1361 2074 1488 2102 mollibus
1508 2074 1694 2109 pulvinaribus
1715 2082 1797 2100 accn-

1011 2120 1088 2152 bant,
1115 2128 1266 2155 eorumque
1288 2120 1404 2148 luxurils
1428 2121 1552 2156 turpibus
1582 2126 1610 2149 et
1638 2121 1795 2153 immundis,

1011 2166 1076 2192 olitn
1092 2165 1208 2197 nobiles,
1223 2174 1295 2194 nunc
1313 2166 1403 2194 Sclavi
1425 2166 1592 2194 famulantur
1607 2167 1699 2194 miseri
1716 2166 1798 2193 Chri-

172 2216 314 2251 εριιιὶὺιιε,
333 2223 392 2250 qua:
417 2221 541 2242 crescere
556 2215 678 2248 quotidie
695 2214 844 2246 cernimus,
864 2214 956 2249 potius
975 2215 996 2242 ἰ)
1009 2211 1101 2239 etiani.
1114 2210 1181 2238 Nam
1194 2213 1272 2244 pauci
1285 2213 1405 2247 ipsorum
1417 2217 1491 2244 sunt,
1508 2212 1554 2247 qui
1570 2216 1632 2240 orto
1643 2211 1683 2239 vel
1693 2212 1795 2245 decem,

170 2270 252 2297 quam
262 2263 358 2295 minui,
366 2267 469 2290 tantum
477 2262 516 2289 ira
525 2260 741 2295 divinaejustitias
750 2261 918 2293 exardeScat,
927 2265 957 2286 ut

172 2310 206 2337 ad
225 2310 294 2336 lines
317 2316 406 2344 usque
420 2312 553 2336 terrarum
578 2312 692 2342 occupet
708 2307 776 2342 ignis
790 2308 850 2341 iste,
870 2307 956 2341 quiin

174 2357 233 2384 dies
246 2356 354 2384 extendi
371 2356 501 2387 cernitur,
523 2360 551 2382 et
574 2356 661 2389 spatia
684 2354 782 2382 latiora
802 2354 957 2389 complecti.

172 2403 244 2430 Ecce
258 2403 365 2430 ducenti
382 2403 425 2430 vel
440 2403 513 2430 circa
528 2402 591 2429 anni
606 2406 681 2434 sunt,
696 2403 806 2438 quando
824 2406 878 2429 tota
895 2401 957 2429 Asia

171 2456 258 2484 usque
271 2449 304 2475 ad
328 2447 500 2475 Antiochiam
511 2451 539 2476 et
566 2448 646 2480 ultra,
669 2448 884 2475 Christianorum
900 2453 959 2474 crat

171 2495 277 2530 ιονιιιὶσ
287 2495 422 2527 habitata;
438 2500 584 2521 uuncvero
602 2494 730 2529 paulatim
741 2494 787 2521 tali
808 2494 868 2529 igne
885 2501 959 2521 com-

171 2541 250 2568 busta
266 2544 318 2571 est.
334 2545 364 2567 ut
387 2547 488 2573 paucos
505 2539 541 2566 ibi
557 2539 686 2573 .reperias
707 2537 891 2570 Christianos,
906 2539 957 2566 nisi

172 2588 242 2616 forte
252 2587 365 2615 Sclavos
374 2586 504 2620 obsequio
513 2585 681 2613 Teucrorum
695 2585 847 2619 deputatas.
857 2585 958 2612 Omitto

175 2635 293 2670 Syriam,
308 2635 420 2662 Terram
443 2637 577 2665 sanctam,
592 2633 760 2664 Armeniam,
775 2633 913 2664 Arabiam.
931 2639 959 2660 et

175 2689 259 2714 usque
279 2681 312 2708 ad
326 2680 516 2708 Alexandriam
531 2679 634 2714 patrias
651 2679 871 2712 circumstantes,
889 2687 958 2713 quas

173 2734 269 2754 onmes
290 2726 507 2754 Christianorum
525 2726 611 2754 fuisse
631 2733 680 2759 pro
697 2725 793 2760 majori
810 2730 886 2760 parte
905 2732 957 2752 non

172 2772 255 2806 longo
282 2773 337 2808 jam
374 2777 495 2806 tempore
529 2772 703 2800 manifestum
733 2777 785 2799 est.
824 2772 914 2799 Taceo
927 2772 959 2800 de

172 2817 302 2853 Egypto,
313 2817 462 2853 Ethiopia,
475 2819 577 2850 Persia.
594 2824 621 2845 et
636 2819 707 2854 quod
722 2817 807 2852 majus
818 2823 859 2846 est
871 2816 960 2845 om'ni-

173 2866 235 2898 bus,
252 2869 308 2892 tota
325 2864 425 2897 Africa,
446 2865 491 2891 ubi
508 2866 558 2893 nisi
570 2864 640 2892 forte
658 2865 763 2900 aliquos
778 2870 956 2898 mercatores,

1011 2258 1101 2293 tuagni
1121 2266 1186 2285 vero
1211 2259 1322 2294 triginta
1337 2264 1365 2286 et
1381 2263 1508 2292 centum;
1534 2259 1635 2286 minimi
1654 2266 1716 2286 vero
1729 2259 1797 2286 duos

1010 2304 1052 2331 vel
1069 2311 1125 2332 tres
1140 2305 1173 2332 ad
1191 2306 1279 2332 minus
1291 2306 1405 2333 Sclavos
1414 2313 1466 2333 non
1484 2306 1602 2333 habeant
1615 2305 1795 2334 Christianos.

1009 2351 1114 2384 Quibus
1126 2359 1174 2379 eos
1187 2351 1353 2386 opprobriis,
1363 2359 1416 2386 quo
1428 2352 1531 2385 derisu,
1544 2353 1643 2387 quibus
1654 2353 1761 2388 injuriis
1771 2358 1798 2380 et

1009 2398 1171 2426 verberibus
1188 2399 1371 2433 Iyrannizent,
1398 2404 1510 2426 narrent
1539 2400 1577 2432 hi,
1596 2400 1642 2434 qui
1665 2400 1795 2430 sentiunt.

1010 2445 1103 2472 dicant
1118 2444 1281 2472 Christiani.
1295 2444 1403 2472 Utinam
1416 2446 1480 2472 talia
1499 2447 1656 2480 probarent,
1667 2447 1712 2481 qui
1729 2447 1796 2474 tanti

1010 2497 1073 2520 sunt
1089 2500 1170 2519 causa
1204 2492 1280 2525 mali,
1309 2501 1398 2528 neque
1425 2501 1486 2521 cum
1516 2499 1625 2528 possent
1639 2495 1796 2526 subvenire,

1010 2544 1166 2573 procurant.

1047 2584 1180 2614 Deﬂccrct
1207 2585 1271 2613 mihi
1301 2591 1420 2621 tempus,
1443 2588 1636 2615 humanissime
1659 2587 1750 2621 Pater,
1772 2589 1794 2616 si

1009 2638 1105 2661 cuncta
1123 2633 1220 2660 vellem
1244 2633 1463 2661 Christianorum
1485 2635 1582 2661 damna
1608 2640 1636 2661 et
1651 2635 1796 2668 opprobria

1011 2685 1190 2714 pertractare,
1216 2686 1278 2714 quae
1302 2680 1440 2707 cernimus
1467 2680 1492 2706 in
1520 2681 1642 2714 partibus
1663 2681 1732 2714 istis,
1747 2689 1796 2708 nec

1012 2724 1180 2752 millesimam
1200 2732 1294 2752 eorum
1322 2730 1426 2760 partem
1452 2723 1619 2752 suil'tcienter
1642 2726 1796 2759 exprimere

1011 2779 1053 2798 me
1071 2779 1150 2807 posse
1176 2773 1293 2799 cortiido.
1324 2773 1459 2807 Exsurgat
1483 2772 1570 2806 potius
1593 2772 1727 2807 Josephus
1751 2773 1796 2801 ille

1011 2819 1103 2845 rhetor
1121 2818 1268 2851 excellens,
1293 2824 1420 2853 exsurgat
1446 2817 1590 2850 Homerus,
1606 2825 1632 2846 et
1647 2819 1727 2846 unius
1740 2827 1794 2847 non

1012 2865 1086 2892 utbls
1104 2865 1202 2898 solum,
1225 2869 1253 2891 ut
1285 2864 1334 2897 illi,
1361 2865 1409 2892 sed
1441 2866 1534 2893 decem
1560 2871 1586 2893 et
1612 2866 1794 2898 centum,st
