1942 3075
159 117 227 150 1063

811 118 955 150 BARTH.
977 118 1024 150 DE
1047 118 1143 150 JAth

1710 116 1780 151 ποθι

157 175 242 207 mille,
258 174 303 202 sed
321 175 400 202 trium
423 178 450 203 et
461 179 578 210 quatuor
605 174 729 208 millium,
746 175 801 203 imo
834 176 941 210 triginta
959 182 980 210 Α
998 175 1035 202 ris
1052 174 1131 206 forte,
1150 173 1284 208 (promodo
1302 178 1328 200 et
1347 169 1466 200 Venetia:
1480 179 1507 201 et
1530 173 1615 202 lanna
1629 180 1657 202 et
1673 181 1782 203 creterte

157 227 183 248 et
209 221 388 256 quadraginta
414 228 572 256 regnorum,
604 221 627 249 si
652 226 779 256 possunt,
799 222 892 249 ruinas
916 226 943 248 et

157 266 328 294 calamitates
342 271 479 294 enarrem.
501 266 638 301 Exsurgat
649 275 711 295 cum
729 268 769 295 eis
784 267 866 295 simul
879 267 942 295 Hie-

157 313 267 344 remias,
280 319 306 340 et
320 311 408 340 flendo
423 313 551 347 suspiret,
568 318 594 340 et
611 314 684 341 dicat
700 313 857 346 :Qnomodo
868 313 945 340 sedet

157 360 214 387 sola
227 359 420 387 Cbristianitas
434 360 511 394 plena
529 361 644 395 populis,
666 360 737 387 facta
753 364 796 387 est
812 360 889 393 quasi
905 360 943 386 vi-

155 407 207 432 dua
226 407 333 433 domina
351 406 486 440 gentium,
503 406 630 441 princeps
656 405 857 440 provinciarum
873 405 942 433 facta

155 457 197 479 est
214 453 268 480 sub
297 453 414 480 tributo?
428 452 541 480 Plorans
561 453 674 487 ploravit
700 453 727 479 in
755 457 844 484 nocte,
860 456 886 478 et
904 451 942 478 la-

154 506 255 534 t-rymte
285 499 311 525 in
340 499 457 525 maxillis
477 499 554 533 ejus:
577 506 628 525 non
651 504 693 526 est
724 499 769 531 qui
789 498 943 525 consoletur

154 550 213 570 eam
232 551 264 571 ex
291 544 417 571 omnibus
445 544 538 571 charis
560 544 632 577 ejus.
656 545 759 572 Omnes
790 543 870 570 amici
885 543 944 575 ejus

153 593 318 623 spreverunt
334 596 407 620 eam,
434 595 462 616 et
488 590 560 624 quod
586 589 663 624 pejus
694 594 746 622 est,
765 589 828 616 facti
842 594 904 616 sunt
919 589 942 613 ei

154 633 280 662 inimici?
292 633 349 661 Vite
366 634 431 661 Sion
456 642 519 662 vere
535 636 614 662 modo
632 636 737 670 lugent,
752 642 785 662 eo
800 635 872 669 quod
891 643 942 661 non

155 679 210 710 sit,
223 679 269 713 qui
286 679 378 706 veniat
391 680 424 706 ad
449 679 660 717 solemnitatem,
673 686 727 708 etc.
756 679 874 712 Miraris,
889 680 943 707 fra—

156 729 206 754 ter.
226 726 287 759 quia
304 726 359 752 disi
385 726 493 760 triginta
510 726 551 753 vel
570 726 749 762 quadraginta
769 734 914 762 regnorum
933 735 940 758 ;

153 773 280 804 obsecro,
296 780 328 799 ne
345 772 462 804 mireris,
481 773 609 806 quoniam
635 773 692 801 haec
704 779 731 801 et
752 775 847 801 eadem
872 776 941 802 mala

153 823 180 845 et
196 825 274 853 mque
286 819 327 845 his
344 818 458 854 majora,
479 827 539 854 qua:
555 819 652 847 Teucri
675 819 800 848 fecerunt
814 820 842 848 in
858 822 942 855 parti-

154 865 205 892 bus
221 865 290 897 istis,
303 864 412 892 Tartari
428 870 454 892 et
470 866 574 900 operati
598 871 672 899 sunt,
685 872 714 894 et
730 867 860 894 continue
873 875 939 901 ope-

154 917 251 938 rantur
280 912 305 938 in
340 912 462 944 partibus
483 913 553 939 ultra
583 913 705 946 remotis,
730 918 759 940 et
784 918 813 940 ut
827 919 940 942 caeteras

157 959 280 984 tnuittam
296 958 407 992 patrias,
425 966 484 993 quae
497 959 663 986 dinumerari
677 961 718 987 vix
732 965 852 995 possent,
868 966 939 987 tanta

156 1004 278 1038 quotidie
293 1004 363 1031 mala
378 1004 497 1031 inferunt
520 1005 547 1032 in
574 1005 684 1038 Russia,
699 1006 770 1041 quod
795 1006 883 1033 nullus
900 1011 942 1033 cst

151 1053 252 1081 anuus,
267 1051 332 1084 quin
347 1050 456 1085 triginta
479 1056 506 1078 et
521 1051 612 1085 plures
630 1060 712 1079 naves
731 1051 839 1080 Sclavis
855 1053 942 1088 plena:

154 1097 416 1132 Constantinopolim
437 1105 490 1124 non
518 1097 639 1130 veniant,
657 1097 702 1131 qtti
728 1106 741 1124 a
761 1097 883 1126 Tartaris
897 1105 941 1126 ve-

155 1145 290 1170 nundatur
308 1149 336 1171 ut
356 1152 453 1178 pecora
482 1145 510 1171 in
532 1144 696 1177 Moucastro,
715 1145 741 1172 itt
765 1145 839 1172 Tana
865 1150 892 1173 et
914 1145 940 1172 in

153 1190 267 1218 civitate
290 1189 374 1221 Cafte,
398 1198 449 1218 nec
473 1191 500 1217 bi
523 1195 586 1217 sunt
607 1191 710 1218 decima
729 1191 771 1217 vri
790 1192 940 1219 centesima

154 1244 227 1269 pars,
240 1237 284 1270 qui
299 1237 444 1270 capiuntur
469 1238 503 1264 ab
527 1237 575 1264 eis.
603 1236 785 1271 Singulari-iter
805 1238 858 1264 isto
869 1244 941 1264 anno

154 1282 182 1309 in
197 1281 284 1314 Tana.
301 1282 326 1309 itt
355 1290 409 1317 quo
439 1288 513 1310 tanta
537 1283 696 1323 Sclavorum
726 1283 867 1310 multitudo
879 1290 941 1310 ven-

154 1330 240 1356 denda
256 1329 387 1364 perducta
405 1334 456 1361 est,
471 1335 500 1356 ut
516 1337 568 1364 ego
588 1331 645 1364 ipse
673 1330 707 1357 ab
727 1329 782 1363 illo,
799 1330 845 1365 qui
861 1329 940 1362 vidit,

155 1375 261 1408 :Ittt‘Cpl,
294 1375 365 1413 quod
399 1383 446 1408 pro
472 1381 600 1410 quatuor,
626 1380 654 1402 et
686 1383 744 1408 sex,
758 1381 786 1403 et
799 1376 892 1404 decem
906 1377 939 1403 ad

155 1421 213 1451 tius
226 1420 242 1447 ll
253 1422 338 1448 irenis
353 1421 433 1448 etiam
450 1421 533 1448 millia
547 1421 677 1455 juvenutn
692 1429 784 1449 emere
798 1422 938 1456 potuisset.

155 1466 207 1493 Sed
234 1473 282 1500 pro
308 1466 480 1493 multitudine
508 1471 535 1494 et
565 1467 637 1494 fame
657 1467 752 1500 rejecti
774 1472 849 1500 sunt,
870 1471 897 1496 et
912 1472 940 1495 ut

154 1513 239 1547 magis
252 1513 283 1539 de
293 1513 512 1540 Christianorum
526 1513 614 1547 gloria
631 1514 750 1548 gaudeas
764 1518 793 1542 et
807 1514 938 1548 exsultcs,

154 1559 262 1586 noveris
273 1580 280 1591 ,
296 1560 368 1594 quod
388 1560 422 1587 dt.-
437 1559 536 1595 Cayro,
557 1560 591 1588 de
603 1560 777 1594 Alexandria,
795 1566 822 1588 et
836 1567 867 1588 ex
884 1561 943 1589 aliis

152 1607 277 1641 partibus
285 1605 404 1634 Orientis
413 1606 540 1634 Saraceni
551 1614 714 1635 mercatores
723 1608 869 1635 adveniunt
876 1616 943 1642 quo-

155 1655 218 1680 lil-et
231 1661 312 1685 anno,
335 1654 496 1689 quandoque
512 1662 524 1680 a
541 1653 654 1681 Sullano
668 1655 773 1687 directi,
785 1655 818 1682 ad
837 1654 941 1687 Cafam,

153 1700 186 1726 ad
201 1698 305 1727 Tanain
321 1705 348 1728 ct
361 1700 490 1728 Illoncastt
499 1708 553 1733 um,
565 1706 592 1728 et
605 1700 638 1728 ad
651 1701 718 1728 alias
728 1701 942 1729 Christianorum

155 1753 251 1779 terras,
265 1752 291 1774 et
305 1747 341 1774 ibi
361 1755 374 1774 a
390 1747 554 1774 Christianis
565 1747 736 1775 Christianos
747 1752 841 1775 emunt
856 1750 942 1782 pretio

154 1801 265 1828 magno,
295 1801 430 1828 superque
460 1793 678 1821 Christianorum
708 1801 793 1822 naves
819 1798 940 1829 portant,

154 1840 218 1874 quia
233 1839 282 1873 ipsi
312 1847 364 1867 non
391 1839 502 1872 habent,
534 1839 566 1866 ad
596 1839 710 1873 patriam
735 1847 824 1871 suam,
846 1844 875 1866 ut
888 1848 941 1867 nun

155 1886 234 1913 modo
246 1885 360 1913 Sclavos
374 1886 503 1918 habeant,
526 1885 572 1913 sed
591 1891 619 1912 ut
637 1886 765 1914 libentius
779 1886 879 1914 faciant
890 1886 941 1914 Sa-

156 1939 278 1965 racenos,
308 1933 526 1960 Christianorum
548 1932 718 1967 postmodum
744 1933 879 1960 inimicos.
900 1932 940 1960 Olt

154 1979 248 2006 divina
278 1979 395 2014 justitia,
424 1983 498 2006 certe
524 1978 621 2005 ntirnm
645 1982 699 2010 est,
722 1986 807 2013 quare
835 1983 940 2006 tantum

154 2026 271 2053 sustinet
284 2025 470 2053 Christianos!
490 2025 536 2052 sed
556 2025 677 2060 quotidie
697 2026 855 2060 mysterium
876 2032 942 2060 ope-

154 2078 241 2100 ratur.
260 2073 391 2107 I‘Ixspecta
419 2080 574 2107 parumper,
589 2072 751 2099 venerabilis
767 2078 852 2107 pater,
868 2073 939 2099 aliud

154 2119 251 2146 audire
269 2119 402 2151 mirabile,
416 2118 630 2153 delectabileque
652 2126 703 2146 non
722 2126 827 2153 parum.
843 2117 940 2146 Teucri

155 2172 208 2192 non
227 2165 326 2191 habent
340 2172 424 2197 arma,
443 2169 473 2191 ut
490 2164 606 2195 dicitur;
628 2165 649 2191 si
676 2170 703 2191 tu
720 2164 809 2192 credis
822 2165 872 2192 hoc
887 2166 939 2192 im-

995 221 1118 248 civitates
1135 220 1218 248 Italia:
1233 221 1409 255 quatiuntur!
1427 220 1508 248 Certe
1522 222 1609 256 magis
1627 222 1780 249 mirandum

994 271 1047 300 est,
1063 274 1148 302 quare
1170 275 1222 294 non
1249 268 1356 301 penitus
1379 267 1436 295 sint
1462 269 1568 296 deletae.
1589 268 1711 296 Vidimus
1737 270 1781 297 Itis

995 314 1090 342 diebus
1105 314 1283 349 quadraginta
1299 317 1388 340 mutos
1411 314 1525 347 chalybe
1536 320 1665 342 oneratos
1679 315 1713 342 ab
1728 315 1781 342 hae

995 360 1106 388 civitate
1121 361 1154 387 ad
1169 360 1388 394 Hadrianopolim
1411 355 1482 394 duci,
1495 368 1548 395 quo
1565 366 1593 389 et
1615 361 1664 395 ipsi
1681 361 1780 388 Teucri

996 408 1119 434 derident
1134 407 1248 442 turpiter
1272 407 1444 434 Christianos
1467 412 1560 442 aperte
1578 407 1718 435 dicentes:
1735 408 1782 434 Vi-

994 453 1065 486 dete,
1087 453 1190 484 miseri,
1208 453 1358 480 caecitatem
1388 458 1528 486 vestram;
1556 460 1620 481 ecce
1638 461 1686 480 vos
1703 454 1782 481 nobis

994 505 1069 525 arma
1086 498 1237 533 porrigitis,
1254 504 1284 525 ut
1297 502 1354 526 vos‘
1371 499 1478 533 penitus
1499 500 1669 527 occidamus.
1685 499 1780 532 Qualia

995 544 1045 571 ista
1060 544 1106 571 tibi
1125 545 1260 577 videntur,
1273 545 1371 572 dilecte
1389 545 1495 572 frater?
1515 552 1600 580 quare
1614 552 1667 572 non
1682 553 1713 572 ex
1729 546 1781 572 hac

993 590 1076 617 etiant
1092 590 1150 618 sola
1163 598 1244 618 causa
1257 591 1284 617 in
1298 591 1420 621 civitate,
1445 591 1471 617 in
1489 598 1542 624 qua
1558 591 1700 625 praedicas,
1717 598 1781 624 pro-

995 637 1107 664 nuntias
1132 637 1172 664 cis
1190 636 1336 665 manifeste
1366 638 1495 665 ruinam?
1519 639 1572 665 Sed
1598 638 1782 665 indubitanter

994 683 1061 714 scio,
1081 683 1151 716 quod
1166 682 1244 709 facis.
1261 682 1379 715 Clamas,
1399 689 1426 710 et
1442 692 1493 710 non
1507 684 1621 710 audiris.
1641 684 1693 710 Sed
1703 684 1782 711 adest

993 728 1126 763 flagellum
1139 728 1195 762 Dei,
1205 729 1356 763 qttodjttste
1372 730 1495 756 verberat
1510 730 1707 765 delinquentes.
1724 730 1778 757 Sed

993 774 1035 801 vis
1051 781 1198 809 parumper
1212 779 1381 802 revertamur
1400 776 1432 802 ad
1446 775 1585 804 Tartaros.

1033 819 1110 847 Anno
1140 819 1193 847 isto
1220 820 1254 848 de.
1285 829 1379 848 mense
1392 821 1520 856 Augusti.
1550 823 1658 856 quando
1677 822 1780 850 Teucer

992 865 1147 893 destruebat
1166 865 1341 901 Hungariatn,
1369 874 1455 894 novus
1484 867 1638 901 imperator
1661 867 1778 901 electus,

995 916 1024 938 ut
1042 911 1086 939 hic
1113 919 1127 939 a
1155 912 1278 946 pluribus
1304 912 1401 945 fertur,
1431 921 1484 939 non
1513 912 1629 945 allirmo,
1648 914 1779 948 quianon

994 958 1067 991 vidi;
1084 964 1110 985 tu
1127 959 1225 986 tnelius
1254 959 1307 986 ista
1339 966 1499 994 cognosces,
1524 967 1586 986 cntu
1602 959 1712 987 Polonis
1731 968 1782 994 pu-

992 1011 1077 1039 gnans
1089 1012 1138 1039 pro
1153 1012 1236 1039 regno
1251 1003 1405 1038 Hungarite,
1422 1005 1494 1038 ipsos
1512 1005 1670 1038 debellavit,
1699 1006 1780 1032 intui-

993 1058 1138 1084 merosqne
1153 1050 1263 1083 occidit,
1281 1050 1400 1085 intellige
1422 1051 1602 1079 Christianos.
1618 1052 1693 1079 Tunc
1713 1051 1782 1079 Tar-

993 1097 1044 1123 tari
1062 1097 1200 1124 cornicini
1214 1096 1322 1124 Polonis
1339 1097 1462 1125 videntes
1480 1098 1649 1125 Christianos
1667 1100 1782 1133 populos

992 1147 1140 1177 occupatos
1166 1143 1192 1170 in
1213 1143 1303 1176 bellis,
1333 1143 1469 1170 Poloniam
1497 1145 1630 1172 invasere.
1657 1145 1727 1178 Quid
1743 1146 1780 1173 ibi

993 1188 1118 1221 fecerint,
1134 1196 1264 1216 enarrare
1279 1197 1331 1216 non
1353 1189 1467 1217 sufﬁcio.
1491 1189 1565 1225 Ipsos
1592 1191 1738 1225 interroga,
1758 1192 1781 1218 si

992 1236 1038 1271 qui
1056 1236 1117 1263 inde
1131 1240 1273 1263 venerunt.
1285 1235 1360 1262 Talia
1375 1241 1438 1263 sunt
1450 1236 1598 1263 tnunitnina
1616 1237 1780 1271 principum,

993 1282 1058 1309 talia
1076 1281 1199 1313 consili.
1213 1281 1276 1309 talis
1296 1286 1338 1310 est
1353 1282 1450 1309 militia
1476 1287 1571 1310 contra
1589 1283 1702 1317 populos
1717 1283 1782 1309 inti-

992 1327 1076 1354 tleles.
1095 1326 1153 1354 Heu
1171 1328 1290 1359 miseris,
1305 1328 1351 1362 qui
1373 1333 1400 1355 et
1424 1328 1523 1356 debent
1536 1333 1564 1356 et
1580 1333 1698 1363 passunt
1713 1330 1783 1356 sub-

992 1376 1083 1403 venire
1095 1380 1122 1403 et
1143 1383 1196 1402 non
1223 1375 1335 1403 faciunt.
1367 1375 1422 1403 Nec
1447 1376 1513 1410 ipsis
1531 1375 1617 1402 defuit
1646 1376 1782 1403 advisatio

993 1427 1055 1450 ante
1080 1427 1198 1457 tempus.
1225 1422 1291 1450 Nam
1317 1428 1345 1450 et
1368 1430 1417 1457 ego
1441 1431 1473 1449 ex
1497 1429 1574 1458 parte
1594 1423 1726 1456 majorum
1755 1427 1784 1450 et

993 1469 1092 1496 fratres
1111 1468 1208 1502 direxi,
1238 1473 1265 1496 et
1294 1469 1397 1496 litteras
1423 1468 1563 1504 plusquam
1588 1469 1697 1504 triginta
1714 1476 1783 1496 cnu-

995 1515 1090 1548 scripsi
1108 1515 1152 1542 diu
1177 1520 1241 1543 ante
1263 1515 1295 1542 de
1321 1523 1414 1542 mense
1439 1515 1591 1549 Decembri,
1615 1516 1724 1550 quando
1737 1515 1784 1543 ille

999 1561 1111 1595 parabat
1125 1563 1273 1589 exercituum
1291 1567 1384 1589 contra
1403 1563 1492 1596 ipsos;
1510 1568 1537 1589 et
1550 1563 1598 1589 has
1611 1563 1644 1589 ad
1660 1563 1781 1596 impera-

998 1612 1083 1635 torem
1096 1613 1123 1635 et
1135 1608 1221 1635 duces
1236 1609 1310 1640 misi,
1322 1615 1389 1643 quas
1402 1613 1430 1635 et
1442 1609 1595 1635 habtterunt
1608 1615 1634 1635 et
1645 1609 1781 1643 legerunt,

998 1660 1048 1680 nec
1064 1659 1240 1686 curaverunt,
1254 1659 1335 1689 prout
1349 1654 1438 1681 exitus
1452 1654 1509 1689 ipse
1527 1654 1705 1681 demonstrat.
1720 1655 1784 1682 Cla-

998 1699 1089 1727 mabat
1104 1700 1185 1727 etiam
1201 1700 1226 1727 in
1243 1705 1387 1735 conspectu
1403 1701 1475 1736 regis
1506 1705 1533 1728 et
1547 1701 1698 1735 principum
1717 1701 1781 1727 tuba

998 1745 1041 1773 illa
1057 1745 1104 1773 Dei
1119 1745 1203 1774 frater
1216 1745 1334 1774 Iacobus
1346 1751 1451 1778 noster,
1468 1747 1562 1781 eisque
1576 1746 1603 1773 in
1621 1745 1716 1773 faciem
1735 1746 1780 1773 in-

994 1792 1083 1828 jnrias
1116 1792 1275 1827 irrogabat:
1294 1792 1373 1824 Ecce,
1401 1793 1503 1825 dicens,
1536 1793 1640 1825 miseri,
1664 1793 1779 1826 patriam

997 1827 1114 1866 vestram
1129 1839 1210 1866 alieni
1221 1839 1348 1873 spoliant,
1359 1847 1458 1867 uxores
1471 1844 1576 1867 vestras
1591 1839 1617 1866 in
1631 1845 1781 1874 conspectu

996 1890 1088 1912 vestro
1107 1885 1271 1919 vituperant,
1290 1889 1318 1912 et.
1339 1885 1441 1912 dttcnnt
1460 1889 1488 1912 et
1507 1884 1605 1912 fratres
1619 1888 1647 1912 et
1669 1885 1738 1912 lilios
1754 1885 1780 1912 in

996 1930 1112 1962 catenis,
1128 1937 1177 1958 nec
1200 1931 1314 1958 curatis.
1339 1930 1393 1965 Ipsi
1419 1938 1483 1958 vero
1505 1931 1562 1958 haec
1578 1936 1607 1959 et
1620 1932 1717 1959 similia
1734 1940 1783 1959 au-

995 1975 1101 2003 dientes
1119 1980 1146 2003 et
1174 1976 1305 2008 ridentes,
1335 1977 1508 2006 insensibiles
1542 1978 1712 2005 videbantur.
1746 1979 1781 2007 Et

994 2022 1065 2057 quod
1086 2022 1146 2057 plus
1161 2027 1212 2054 est,
1235 2022 1361 2050 dominus
1380 2028 1474 2051 noster
1502 2031 1571 2058 papa
1589 2025 1781 2052 sanctissimus

995 2075 1108 2095 munera
1139 2068 1278 2096 eis‘misit
1305 2073 1418 2101 attenta,
1454 2070 1648 2104 indulgentiam
1675 2071 1781 2099 scilicet

994 2117 1179 2149 peccatorum,
1199 2114 1221 2141 si
1237 2115 1283 2148 qni
1300 2120 1394 2142 contra
1409 2115 1532 2144 inﬁdeles
1555 2124 1631 2144 arma
1647 2118 1780 2152 sumpsis-

994 2161 1192 2193 sent.Quando
1216 2161 1308 2196 igitur,
1338 2162 1447 2197 quando
1473 2163 1664 2191 excitabantur
1687 2165 1780 2192 miseri

155 2210 282 2246 possibile
295 2210 363 2242 fore,
387 2217 448 2237 cum
483 2213 573 2237 tantas
599 2210 815 2237 Christianorum
841 2212 941 2245 patrias
958 2213 982 2242 υ
995 2204 1193 2234 οὴτίειίεηίῖο
1212 2207 1322 2242 quando
1350 2209 1402 2235 erit
1430 2213 1535 2243 tempus
1551 2209 1670 2237 illttd‘t’si
1685 2211 1781 2238 videro

155 2258 386 2291 exspoliaverint;
413 2264 476 2284 ecce
499 2257 656 2284 veniuntde
681 2256 756 2284 ltalia
778 2261 942 2284 mercatores

154 2303 254 2336 Latini,
268 2308 295 2331 et
311 2304 417 2335 Veneti,
431 2308 458 2331 et
476 2303 636 2334 .lauuenses,
647 2308 674 2331 et
689 2304 824 2335 caeteri,et
838 2311 869 2330 ex
887 2311 943 2330 tua-

155 2359 204 2384 glta
218 2350 336 2384 ipsorum
352 2349 454 2384 pietate
479 2353 506 2376 et
530 2350 617 2384 gratia
635 2353 730 2375 contra
754 2348 794 2376 fas
816 2352 843 2375 et
857 2348 942 2380 nefas,

154 2397 245 2428 calcas
277 2401 303 2423 et
327 2403 409 2423 naves
437 2396 541 2430 plenas,
572 2403 624 2422 nan
651 2395 791 2428 ferro,sed
816 2395 942 2429 chalybe,

155 2447 264 2476 portant
275 2443 300 2468 itt
311 2442 476 2469 abundantia
492 2446 576 2474 tanta,
587 2445 617 2469 ut
631 2443 673 2468 vix
688 2443 796 2469 credam
809 2442 834 2468 in
852 2442 941 2476 aliqua

155 2488 266 2515 civitate
277 2488 361 2515 italiae
388 2489 414 2515 in
444 2495 498 2515 tam
527 2489 595 2515 bono
612 2488 669 2515 foro
685 2494 712 2515 et
728 2489 754 2515 in
772 2492 845 2515 tanta
864 2489 941 2523 copia

155 2535 280 2568 reperiri,
299 2539 400 2569 quanta
414 2533 441 2561 in
460 2534 595 2569 Gallipoli,
615 2533 681 2561 Pera
700 2539 726 2561 et
747 2533 940 2569 lladrianopoli

157 2584 310 2617 reperitur;
326 2583 452 2615 utentior,
472 2582 494 2609 si
521 2590 574 2609 non
596 2581 650 2609 vidi
675 2581 761 2608 oculis
776 2581 939 2614 meis;etin

157 2629 251 2664 galeis,
269 2629 368 2664 quibus
380 2629 514 2655 venimus.
530 2627 582 2655 Sed
606 2627 679 2658 audi,
707 2628 841 2662 quomodo
856 2635 941 2654 excu-

157 2675 272 2702 santur?
285 2683 338 2701 non
351 2674 464 2701 Teucris
479 2674 609 2702 vendunt.
627 2673 673 2700 sed
685 2672 784 2701 Iudaeis
792 2678 819 2700 et
829 2672 941 2705 Graecis.

157 2720 238 2747 etilli
256 2719 426 2754 postmodum
453 2719 506 2745 illis
533 2719 651 2753 propnis
681 2718 806 2745 manibus
823 2718 943 2752 largiun—

160 2773 213 2791 llll'.
228 2765 260 2792 Et
275 2765 335 2797 hoc,
352 2770 380 2791 ut
407 2765 543 2791 acutiores
566 2764 669 2798 gladios
697 2763 797 2791 faciant
814 2763 846 2790 ad
862 2763 942 2790 Chri-

162 2811 311 2838 stianorqu
325 2811 429 2838 viscera
446 2811 617 2838 eﬂ'undenda.
632 2809 654 2837 Ο
671 2810 715 2838 Dei
729 2809 825 2845 pietas,
840 2814 941 2843 quanta

162 2857 299 2884 sustinet!
315 2862 417 2891 quanto
435 2857 527 2885 diﬂ‘crs
543 2863 664 2893 tempore
684 2857 839 2885 vindicare!
860 2857 940 2884 mira—

995 2252 1081 2279 ocnlis
1097 2253 1175 2284 meis,
1190 2259 1334 2288 antequaut
1352 2254 1460 2281 moriar.
1476 2254 1539 2283 llaec
1555 2256 1620 2283 tnihi
1642 2264 1714 2291 spes.
1732 2258 1782 2285 sed

996 2299 1074 2326 valde
1090 2300 1199 2332 debilis,
1213 2300 1261 2328 sed
1275 2301 1352 2328 valde
1370 2307 1474 2329 remota
1490 2307 1545 2335 est,
1558 2308 1585 2330 et
1597 2310 1666 2338 pene
1684 2304 1783 2338 despe-

996 2346 1095 2373 rationi
1111 2346 1166 2382 jam
1189 2347 1321 2382 proxima.
1341 2348 1391 2376 Ubi
1411 2356 1482 2376 nunc
1498 2354 1540 2377 est
1570 2356 1681 2385 regnum
1698 2350 1784 2378 Frau—

993 2393 1043 2419 ciaa
1057 2392 1214 2427 gloriosum,
1228 2394 1299 2428 quod
1311 2394 1365 2429 jam
1377 2395 1488 2427 antiquo
1501 2400 1621 2430 tempore
1629 2395 1783 2424 Saracenos

994 2445 1027 2465 ex
1041 2437 1170 2472 Hispania
1185 2439 1309 2474 depulit?
1339 2439 1382 2467 ubi
1415 2441 1562 2475 Anglorum
1590 2442 1709 2476 potentia
1725 2450 1785 2469 ma-

994 2485 1065 2518 gna?
1095 2485 1157 2513 Haec
1179 2485 1233 2513 duo
1262 2486 1294 2512 ad
1316 2486 1430 2514 invicem
1458 2493 1619 2522 consumpta
1642 2492 1716 2516 sunt.
1731 2489 1783 2518 Ubi

996 2538 1067 2558 nunc
1085 2531 1239 2566 Aragonum
1252 2539 1311 2564 rex,
1326 2532 1475 2559 infidelium
1493 2534 1596 2567 pavor?
1610 2534 1655 2561 ubi
1668 2535 1783 2570 reliqua:

994 2577 1123 2612 potentiae
1152 2582 1179 2604 et
1201 2578 1291 2606 caeteri
1318 2579 1454 2614 principes
1475 2579 1642 2608 Christiani?
1656 2582 1784 2610 Alatnani

994 2622 1082 2650 odiosi
1095 2627 1157 2651 sunt
1179 2622 1314 2657 Iluugaris
1327 2628 1353 2651 et
1369 2622 1506 2651 Bohemis.
1524 2624 1642 2660 Hungari
1655 2633 1716 2653 cum
1730 2626 1785 2653 Po-

994 2670 1063 2697 lonis
1092 2675 1220 2704 pugnant.
1251 2669 1377 2697 Ecclesiae
1399 2675 1521 2705 pastores
1546 2679 1606 2699 cum
1629 2673 1786 2707 pastoribus

993 2721 1056 2743 sunt
1070 2717 1158 2748 divisi,
1177 2716 1290 2744 barones
1311 2724 1372 2744 cum
1403 2718 1561 2749 barouibus,
1584 2718 1706 2746 civitates
1720 2727 1786 2746 cum

994 2764 1150 2791 civitatibus
1175 2764 1291 2791 invicem
1305 2771 1335 2791 se
1357 2771 1532 2797 consumunt,
1559 2766 1595 2793 ita
1614 2772 1652 2798 ut,
1669 2767 1690 2794 si
1708 2767 1786 2794 nulla

994 2810 1027 2836 ab
1042 2810 1196 2836 extrinscco
1224 2810 1307 2837 altera
1336 2811 1487 2845 persecutio
1514 2811 1655 2843 inferatur,
1673 2812 1784 2839 sibimet

994 2856 1128 2884 sulliciaut
1142 2857 1175 2884 ad
1191 2857 1309 2884 ruittattt.
1325 2856 1356 2885 Et
1368 2862 1395 2885 ut
1410 2858 1520 2886 silentcr
1532 2859 1677 2891 insinuem,
1691 2860 1786 2892 timeo.
