1942 3075
157 156 226 188 1065

740 159 865 192 EPIST.
888 161 1038 191 CONTRA
1059 161 1222 192 TURCAS.

1715 162 1785 194 1066

153 216 249 248 frater,
264 215 346 243 timeo
370 224 403 244 ne
420 216 475 250 jam
509 221 616 252 tempus
640 217 743 244 ultimm
759 218 942 246 tribulationis
959 224 978 250 Α
996 218 1109 245 tendere
1126 219 1159 245 ad
1175 218 1337 246 nocendum.
1351 220 1442 252 Quare
1452 221 1649 248 cordialissime
1667 228 1786 249 exoran-

151 261 301 288 advenerit.
318 260 500 289 Vehementer
528 262 682 297 angustior,
704 261 803 290 dilecte
828 263 875 295 mi,
889 263 941 291 ista

151 306 301 338 revolvere,
329 314 390 334 eum
421 311 448 334 et
475 308 590 341 plurima
617 313 723 335 restent
747 315 825 342 aque
836 308 940 343 majora

151 352 299 387 praedictis,
326 361 385 387 qua:
406 361 440 381 ex
466 354 527 388 ipso
549 354 714 382 narrationis
732 354 813 382 taedio
831 359 943 388 przeter—

150 399 239 426 mitto.

190 446 252 474 Haac
267 451 355 474 autem
385 454 480 481 pauca,
509 454 570 481 quae
589 447 622 473 de
646 448 738 475 multis
752 446 829 481 quasi
851 446 943 481 prmli-

154 493 255 524 bando,
272 501 326 520 non
355 493 518 528 explicando
546 494 704 527 perstrinxi,
736 501 785 528 pro
801 498 877 520 tanto
894 493 943 520 tibi

154 538 310 573 signiﬁcare
323 539 429 571 curavi,
448 543 476 565 ut
503 539 592 574 primo
616 539 673 566 haec
695 543 824 573 tanquam
842 546 856 565 a
870 537 943 566 lideli

153 589 280 611 narrante
296 591 357 612 esse
371 591 435 611 vera
448 592 611 619 cognoscas,
630 585 820 619 cognoscendo
838 585 941 612 condo.

152 630 220 660 leas,
241 635 267 657 et
283 631 346 658 aliis
375 631 546 665 pmdicando
569 631 726 663 denunties,
750 631 797 666 qui
819 631 871 658 ista
890 638 943 658 non

152 676 277 708 credunt,
297 681 377 710 atque
390 676 483 704 ﬁdeles
504 677 623 709 animas,
639 677 661 703 si
681 685 740 711 qme
760 677 942 710 reperiuntur,

153 721 180 748 in
197 721 297 749 mundo
305 726 441 755 gestantes
455 723 559 750 viscera
569 723 687 756 pietatis,
702 731 795 755 orare,
813 723 943 757 clamare,

152 772 179 794 et
192 767 255 794 llere
268 773 331 794 ante
350 768 431 802 pedes
454 769 553 796 divinae
570 769 719 803 illajestatis
730 769 856 803 inducas,
876 771 944 796 utin

151 819 228 841 tanto
243 814 366 848 periculo
383 814 441 842 suis
454 814 592 846 ﬁdelibus,
609 815 651 841 vel
667 815 761 842 saltem
777 822 828 842 suo
840 815 943 842 nomini

153 860 300 887 subvenire
329 860 469 895 dignetur.
495 860 562 887 Nam
594 861 616 888 si
628 860 661 887 ab
693 861 751 896 ipso
775 861 942 894 adjutorium

153 911 274 934 nostrum
286 914 338 934 non
352 907 455 939 veniat,
467 906 567 934 frustra
583 911 761 942 exspectatur
770 907 805 934 ab
818 907 939 940 homine,

154 953 181 980 in
196 960 250 987 quo
265 957 306 980 est
322 960 390 980 vana
411 953 497 984 salus,
518 957 546 980 et
573 953 617 988 qui
642 957 734 988 sperat
751 954 777 980 in
793 960 836 985 co,
850 954 939 987 potius

153 998 323 1026 maledictus.
337 998 391 1026 Sed
415 1005 442 1026 et.
463 1000 520 1027 bare
538 1000 676 1034 potissima
704 1007 785 1028 causa
808 1005 860 1032 est,
881 1006 941 1034 quae

154 1053 197 1072 me
211 1045 257 1072 tibi
274 1046 307 1072 ad
321 1046 370 1074 ista
384 1045 526 1074 scribenda
543 1047 700 1078 commovit,
715 1051 744 1074 ut
758 1051 785 1074 tu
802 1046 939 1079 videlicet,

154 1092 200 1126 qui
213 1092 314 1120 Christi
330 1093 431 1127 pietate
445 1098 473 1120 et
493 1094 645 1120 animarum
663 1094 720 1121 zelo
735 1101 882 1122 succensus
899 1101 940 1127 es,

153 1139 254 1172 quiquo
269 1139 381 1166 scientia
396 1144 423 1167 et
436 1140 589 1174 eloquentia
606 1140 702 1173 tiores,
722 1141 841 1167 litteram
860 1140 940 1167 istam

154 1191 235 1218 quam
250 1185 296 1211 tibi
326 1186 452 1218 conﬁcio,
480 1187 583 1222 dirigas
607 1191 635 1214 et
652 1195 778 1219 exornes,
806 1194 837 1214 ac
851 1187 941 1213 debita

155 1234 256 1265 pietate
272 1236 300 1258 et
316 1233 449 1267 gravitate
463 1241 612 1268 componas
623 1251 632 1264 ,
649 1238 783 1268 quatenus
798 1233 879 1268 digna
896 1233 943 1260 fiat

153 1276 181 1303 in
211 1282 357 1312 conspectu
385 1286 477 1312 regum
513 1284 539 1306 et
566 1279 719 1314 principum
745 1285 885 1312 apparere.
919 1278 942 1306 si

153 1322 225 1350 iorte
239 1324 351 1350 audiant
366 1329 394 1351 et
406 1330 604 1352 convertantur
617 1325 781 1360 quandoque
794 1326 827 1352 ad
842 1324 944 1352 Christi

153 1368 217 1397 .lesu
237 1369 361 1404 iujnriam
381 1370 583 1398 vindicandam.
597 1371 655 1398 Nisi
671 1371 760 1406 potius
776 1379 791 1399 e
803 1371 943 1400 contrario

152 1416 329 1452 jndicaverls,
348 1421 424 1444 tanto
438 1417 472 1443 ad
495 1417 547 1444 sibi
568 1417 647 1445 fidem
664 1418 833 1451 praebendam
856 1418 943 1452 aptio-

153 1469 210 1498 rem
219 1470 289 1494 esse,
300 1469 403 1497 quanto
414 1471 465 1493 non
476 1463 639 1497 composito,
651 1471 704 1490 non
720 1469 815 1490 ornato
824 1463 943 1498 eloquio,

154 1509 201 1536 sed
218 1509 287 1543 stylo
300 1508 416 1542 simplici
432 1509 616 1543 conscriptam
638 1509 754 1542 quisque
765 1508 942 1541 cognoverit;

155 1556 227 1589 quod
244 1560 328 1582 totum
343 1559 435 1582 vestro
450 1554 554 1588 judicio
570 1555 740 1588 derelinqno.
760 1553 842 1581 Facio
863 1554 941 1581 fidem

155 1602 258 1634 verbis,
273 1609 326 1628 non
346 1601 483 1637 lacrymis,
496 1609 550 1629 non
570 1600 667 1633 dolori,
678 1608 737 1635 quae
751 1600 839 1635 potius
853 1600 944 1635 quoii.

156 1648 201 1676 die
219 1652 396 1680 renovantur,
413 1655 505 1681 orans,
522 1652 548 1675 et
564 1651 717 1681 protrstans
731 1651 756 1673 te
773 1654 821 1681 per
840 1646 942 1673 viscera

154 1693 218 1720 .lesu
232 1693 345 1726 Christi,
363 1698 392 1721 ut
408 1693 465 1720 hare
488 1693 602 1725 scribas,
625 1693 681 1720 Inec
700 1693 783 1726 dicas,
801 1693 858 1720 haec
876 1699 944 1726 pra:-

156 1740 231 1767 dices
247 1740 295 1767 toti
312 1740 422 1773 mundo,
439 1743 466 1767 et
486 1740 576 1774 parvis
599 1744 626 1767 et
648 1739 751 1773 magnis
771 1738 892 1766 duminis
917 1742 943 1765 et

157 1787 393 1822 prwlatisnitqni
420 1791 532 1821 possunt
560 1787 714 1821 pugnando,
740 1786 784 1820 qui
810 1793 863 1812 non
881 1792 944 1818 pas-

159 1838 234 1866 sunt,
248 1834 351 1861 saltem
372 1834 476 1862 orando
495 1833 669 1861 subveniant.
686 1832 763 1866 Quod
787 1832 808 1859 si
833 1832 942 1863 vellent,

158 1879 271 1906 Domino
292 1879 475 1913 permittente,
508 1885 562 1907 tam
582 1879 659 1907 facile
685 1880 755 1906 foret
783 1886 944 1906 succurrere

158 1930 234 1953 tanto
260 1925 366 1959 merbo,
391 1931 522 1960 quantum
550 1927 573 1953 ei
598 1926 644 1960 qui
660 1925 773 1960 praefata
787 1924 942 1960 perlegerit,

157 1971 326 2005 incredibile,
342 1972 396 1998 i-uo
409 1971 575 2006 impossibile
588 1971 733 1998 videretur.

194 2017 233 2045 De
250 2022 360 2050 caetero,
383 2016 479 2050 frater,
493 2023 649 2052 compatere
675 2017 765 2049 nobis,
781 2017 826 2052 qui
844 2023 943 2051 supra-

157 2064 229 2091 dicta
255 2065 375 2099 quotidie
395 2064 517 2092 videmus
547 2069 575 2091 et
606 2065 761 2098 tangimus;
788 2069 944 2098 compulere

158 2111 246 2145 magis
273 2110 379 2138 miseris
407 2111 563 2146 captivatis,
588 2118 703 2146 quorum
723 2109 808 2137 multo
834 2109 944 2144 gravius

159 2161 200 2184 est
214 2156 363 2191 periculum
380 2158 543 2189 animarum,
568 2163 648 2191 quam
669 2156 726 2191 ipsa
742 2156 866 2189 corporis
883 2162 944 2183 ser-

159 2203 262 2230 vitudo.
275 2202 326 2230 Sed
348 2203 467 2230 maxime
482 2201 680 2236 compassionis
695 2201 796 2236 pietate
810 2201 943 2235 liquescat

995 264 1059 291 dum
1087 269 1139 296 est,
1170 268 1198 291 ut
1226 265 1249 292 si
1278 265 1429 293 obsidionis
1458 273 1538 293 casus
1558 266 1699 298 acciderit,
1727 267 1786 301 ipse

994 309 1104 343 adjuvet
1121 309 1201 340 Deus.
1218 309 1346 344 quoniam
1370 311 1404 338 de
1427 310 1512 344 Italia,
1528 311 1601 338 unde
1628 311 1665 338 illi
1681 311 1784 339 civitati

995 355 1118 382 succurri
1132 355 1243 383 forsitan
1261 356 1406 389 timuisset,
1425 358 1541 384 maxime
1563 365 1577 384 a
1593 357 1703 386 Venetis
1715 377 1723 390 ,
1737 365 1786 392 pe—

982 401 1068 441 ‘nitns
1082 406 1124 428 est
1141 410 1271 435 serurus;
1299 411 1330 430 ex
1355 411 1410 437 quo
1434 411 1486 430 non
1512 404 1632 431 creditur
1655 408 1711 431 toto
1729 411 1784 430 sure

995 452 1115 481 tempore
1131 448 1190 474 vitae
1204 449 1275 475 hunc
1306 447 1392 476 fuisse
1423 453 1478 476 tam
1501 449 1607 476 fortiter
1622 449 1782 482 animatum,

996 496 1104 527 tamque
1130 493 1289 528 di<positnm
1323 494 1354 521 ad
1380 494 1442 526 hoc,
1472 495 1608 530 quomodo
1634 503 1705 522 nunc
1725 501 1782 526 est;

996 538 1068 573 quod
1090 544 1118 566 et
1138 539 1189 566 alia
1208 539 1264 574 jam
1285 540 1364 568 dictis
1385 540 1481 568 indicia
1507 541 1649 569 manifesta
1672 542 1786 568 demou-

996 589 1095 612 strant.
1122 585 1189 612 Nam
1208 586 1318 621 triginta
1347 587 1430 614 millia
1458 587 1597 622 piconum,
1620 587 1785 622 totidemque

996 630 1157 658 malleorum
1170 636 1252 665 atque
1265 632 1387 667 palarum
1400 632 1433 659 de
1447 633 1518 660 ferro
1532 641 1689 668 magnarum
1705 634 1785 660 modo

996 677 1085 710 parari
1103 676 1177 704 fecit.
1206 677 1246 704 Tu
1275 682 1377 711 autem,
1394 679 1427 706 ad
1450 679 1513 714 quid
1537 679 1609 706 ista?
1629 679 1783 706 considero.

996 721 1109 756 Insuper
1126 729 1263 757 nunquam
1285 724 1442 757 manducat,
1467 728 1494 751 et
1515 732 1578 752 raro
1591 733 1653 752 cum
1674 725 1731 752 suis
1746 727 1785 751 lo--

995 767 1099 801 quitur,
1129 768 1238 802 quando
1261 768 1356 796 civitas
1388 769 1693 806 Constantinopolitana
1720 779 1784 798 cum

995 814 1114 848 suspirio
1124 814 1278 849 proferatur
1301 816 1328 842 in
1361 816 1488 844 medium.
1514 816 1547 844 Et
1559 825 1613 844 non
1632 818 1784 849 immerito;

997 867 1058 886 cum
1074 867 1121 895 per
1137 861 1224 895 ipsam
1240 861 1322 888 etiam
1339 862 1420 889 maris
1436 863 1584 898 potentiam
1600 863 1677 890 facile
1695 869 1786 898 posset

959 903 1142 940 Bac-quirere.
1169 908 1255 940 Adde,
1288 909 1310 935 si
1335 909 1399 943 quid
1425 910 1553 944 ponderis
1582 914 1634 942 est,
1662 910 1733 944 quod
1753 911 1785 937 dc

991 953 1116 980 omnibus
1131 953 1210 986 villis,
1227 954 1384 982 civitatibus
1402 960 1429 982 et
1448 955 1566 982 rastellis
1590 963 1639 981 suo
1653 956 1786 990 subjectis

992 998 1117 1032 imperio,
1135 1006 1195 1033 quia
1213 999 1283 1027 forte
1308 1005 1417 1027 eentum
1446 1001 1528 1027 millia
1555 1006 1630 1033 sunt,
1648 1001 1783 1028 decimam

991 1051 1139 1079 puerorum
1161 1049 1263 1080 partem
1283 1045 1318 1073 de
1329 1045 1506 1077 Christianis,
1526 1047 1597 1081 quod
1621 1046 1696 1081 prius
1713 1055 1784 1073 nuu-

992 1098 1072 1125 quam
1088 1090 1198 1124 fecerat,
1213 1099 1299 1126 nuper
1324 1092 1434 1127 accepit
1449 1100 1463 1119 a
1480 1092 1572 1120 decem
1595 1100 1681 1127 usque
1694 1093 1727 1120 ad
1747 1093 1786 1118 νὶ-

993 1136 1059 1170 ginti
1074 1137 1161 1164 relatis
1174 1144 1274 1169 annos,
1294 1145 1363 1172 quos
1386 1145 1451 1165 suos
1474 1138 1608 1173 speciales
1632 1138 1742 1166 Sclavos
1759 1144 1787 1166 ιιι

992 1182 1161 1216 Arinigeros,
1188 1188 1214 1210 et
1236 1185 1308 1217 quod
1332 1184 1409 1218 pejus
1427 1189 1481 1217 est,
1517 1185 1669 1213 Saracenos
1684 1185 1783 1212 effecit.

994 1226 1070 1255 Unde
1088 1228 1231 1256 manifeste
1251 1235 1372 1264 apparet.
1388 1235 1415 1257 nt
1429 1237 1561 1257 summam
1577 1231 1697 1258 omnium
1713 1231 1786 1258 brevi

993 1275 1077 1302 verbo
1097 1276 1269 1308 concludam,
1297 1284 1369 1303 nunc
1398 1276 1586 1304 infallihiliter
1603 1278 1705 1304 instare
1720 1282 1787 1304 trur-

994 1329 1070 1357 pora,
1090 1327 1119 1350 ut
1138 1329 1184 1350 aut
1202 1323 1259 1357 ipse
1273 1323 1397 1351 destruat
1409 1324 1590 1355 Christianos,
1608 1329 1657 1352 aut
1673 1332 1686 1351 a
1707 1323 1788 1352 Chri-

994 1369 1092 1396 stianis
1129 1370 1240 1404 penitus
1266 1369 1399 1403 deleatur,
1424 1379 1537 1404 quorum
1569 1371 1684 1405 primum
1707 1371 1787 1397 vehe-

994 1421 1101 1443 menter
1114 1423 1245 1450 expaveo,
1261 1417 1377 1443 alterum
1393 1417 1481 1450 potius
1491 1417 1562 1444 Dens
1576 1418 1632 1451 ipse
1643 1417 1783 1444 eoncedu‘.

995 1463 1072 1496 Quod
1090 1467 1180 1490 tamen
1207 1471 1257 1491 nec
1284 1464 1485 1499 desperandum
1511 1470 1563 1492 est.
1587 1464 1655 1491 Nam
1680 1465 1784 1499 publica

996 1510 1068 1536 inter
1081 1508 1234 1536 Saracenos
1248 1513 1274 1536 et
1288 1509 1406 1536 Teucros
1420 1509 1489 1536 fama
1502 1509 1637 1544 divulgata
1656 1509 1784 1538 defertur.

957 1574 978 1603 ο
998 1555 1103 1582 instare
1119 1560 1226 1590 tempus
1241 1556 1433 1583 destructionls
1447 1562 1593 1590 eorum,et
1607 1556 1661 1590 jam
1676 1561 1786 1589 prauor-

995 1601 1069 1633 lisse,
1083 1605 1112 1627 ut
1138 1608 1232 1629 eorum
1249 1601 1371 1636 quadam
1386 1602 1534 1636 prophetize
1555 1603 1703 1630 declarant.
1731 1602 1784 1629 Sed

992 1655 1025 1675 ex
1041 1655 1134 1675 eorum
1151 1649 1335 1683 eleemosynis
1351 1653 1377 1675 et
1391 1648 1492 1683 pietate
1509 1648 1535 1675 in
1555 1656 1701 1683 pauperes,
1713 1650 1791 1684 quod.

993 1701 1087 1721 verum
1118 1697 1170 1727 est,
1196 1699 1223 1721 et
1254 1702 1286 1721 ex
1315 1699 1471 1721 nostrorum
1503 1695 1689 1729 castigatione,
1713 1695 1784 1729 quod

994 1740 1085 1767 verius
1098 1744 1151 1773 est,
1172 1747 1256 1774 usque
1273 1739 1299 1766 in
1313 1747 1434 1775 pra-scus
1448 1747 1509 1767 esse
1521 1740 1645 1773 dilatum,
1661 1745 1685 1768 et
1697 1741 1786 1768 adhuc

994 1791 1020 1811 et
1034 1785 1135 1812 diutius
1149 1785 1342 1812 differendum.

1029 1830 1051 1858 0
1063 1830 1069 1856 ι
1081 1831 1125 1858 tibi
1143 1839 1214 1858 nunc
1224 1836 1267 1859 cst.
1283 1832 1335 1859 dux
1355 1832 1399 1858 ille
1416 1831 1679 1863 Christianissimus,
1694 1833 1783 1864 furtis,

994 1876 1055 1911 pius
1069 1876 1255 1910 Guttofrcdus,
1271 1876 1362 1904 Boxon
1385 1878 1444 1911 (sic)
1456 1897 1464 1909 ,
1481 1877 1627 1905 Balduinns
1643 1884 1669 1905 et
1687 1879 1784 1913 reliqui

996 1922 1135 1956 priniipes
1153 1930 1200 1957 per
1216 1923 1319 1950 infinita
1336 1923 1434 1950 saecula
1459 1923 1589 1958 gloriosi?
1607 1924 1651 1958 qui
1679 1924 1780 1951 Christi

968 1978 973 1985 ε
995 1969 1059 1996 Jesu
1074 1969 1229 2003 sepulcrum
1249 1970 1282 1996 de
1303 1969 1451 1996 infidelium
1470 1970 1596 1996 manli-us
1613 1969 1785 1996 liberarunt?

995 2021 1022 2042 et
1039 2020 1066 2042 ut
1082 2015 1162 2050 paulo
1176 2015 1256 2043 altius
1279 2022 1409 2049 repetam,
1428 2016 1472 2043 uhi
1494 2015 1606 2043 Carolus
1623 2017 1668 2043 ille
1686 2015 1784 2042 nobilis

997 2060 1162 2088 Francorum
1189 2068 1247 2093 rex,
1269 2061 1345 2096 cujus
1373 2061 1512 2089 cielestem
1530 2066 1558 2088 ct
1581 2066 1708 2088 a'lt‘rllttltl
1726 2062 1784 2096 glo—

996 2107 1063 2134 riam
1083 2107 1153 2133 nulla
1167 2107 1267 2134 delchit
1286 2111 1362 2139 aetas,
1382 2108 1510 2142 nullaque
1535 2108 1654 2135 oblivio”!
1669 2109 1714 2142 qui
1729 2116 1782 2135 non

996 2151 1076 2178 modo
1104 2151 1263 2179 fortitudine
1290 2157 1317 2179 et
1347 2153 1442 2184 armis,
1473 2160 1567 2180 verum
1595 2156 1680 2180 multo
1698 2155 1783 2188 magis

995 2198 1138 2233 prudentia
1151 2202 1179 2225 et
1197 2199 1296 2232 pietate
1315 2197 1420 2226 Christi
1437 2198 1501 2226 Jesu
1518 2199 1643 2234 injuriaiu
1660 2200 1783 2227 vindicu-

159 2255 240 2283 supra
267 2247 385 2282 reliquos
408 2247 589 2278 Christianos,
611 2253 680 2280 quos
705 2251 779 2272 tanta
806 2246 944 2273 cernimus
962 2254 983 2282 ι)
1000 2250 1042 2271 tus
1057 2247 1108 2277 eet,
1126 2245 1258 2280 cujusque
1271 2245 1348 2272 fidem
1366 2250 1392 2272 et
1407 2246 1506 2272 cultum
1526 2246 1553 2273 in
1574 2245 1730 2274 Occidentis
1755 2253 1785 2273 ct-

161 2294 313 2321 miseranda
328 2293 448 2327 perditos
469 2293 600 2320 caecitate.
617 2292 758 2320 Postremo
771 2291 881 2323 fratres,
897 2292 943 2326 qui

159 2348 265 2367 mecmn
279 2344 342 2366 sunt
355 2347 450 2366 novem
476 2347 589 2366 numero
609 2339 681 2367 inter
701 2339 818 2366 novitios
837 2343 864 2365 et
879 2346 944 2372 pro-

161 2385 256 2417 fessos,
269 2385 322 2412 tuis
333 2390 359 2412 et
374 2385 486 2412 aliorum
503 2390 608 2419 patrum
635 2385 806 2412 orationibus
824 2391 854 2411 se
868 2391 944 2411 corn-

161 2432 302 2459 meudant.
323 2430 408 2464 Quam
428 2432 544 2458 maxime
561 2436 652 2458 autem
669 2438 748 2458 orare
761 2430 944 2465 complaceat,

160 2484 192 2504 ac
214 2476 274 2504 aliis
301 2477 492 2504 commendare
517 2477 656 2504 civitatem
677 2477 768 2509 istam,
798 2483 858 2510 qua:
870 2474 944 2502 Teu-

159 2531 236 2550 cruin
263 2529 311 2557 pro
340 2530 412 2550 anno
442 2522 567 2557 sequenti
591 2521 827 2550 vehementissime
857 2521 944 2553 timet,

157 2571 318 2606 judicioque
331 2570 453 2598 omnium
482 2569 561 2596 valde
588 2569 736 2596 timendum
751 2573 803 2602 est,
816 2569 943 2602 quoniam

160 2618 211 2644 tria
230 2617 311 2644 millia
336 2622 362 2644 et
379 2624 412 2643 eo
434 2615 550 2650 amplius
573 2615 700 2650 juventun
725 2615 944 2643 Christianorum

159 2660 192 2688 ad
216 2667 292 2688 mare
307 2661 447 2693 conduxit,
477 2667 579 2695 eosque
600 2660 734 2687 instruere
757 2659 821 2687 fecit
842 2659 945 2694 optime

161 2706 305 2739 remigare,
334 2707 478 2741 galeasque
500 2706 629 2734 continue
656 2711 734 2740 parat
754 2706 787 2733 ad
816 2713 944 2741 pugnam.

159 2751 236 2784 Quod
256 2751 277 2778 si
295 2751 372 2778 istam
387 2753 522 2779 civitatem
537 2752 649 2787 ceperit,
662 2753 733 2787 quod
744 2752 814 2780 Dens
829 2756 944 2784 avertat,

159 2798 209 2824 heu
222 2797 228 2823 ι
241 2796 291 2824 heu
303 2797 308 2822 !
321 2797 683 2833 ueterisChristianis,qiios
697 2799 729 2825 de
743 2797 814 2825 facili
829 2803 946 2833 postmo-

158 2846 221 2871 (lllill
238 2851 393 2878 oppugnare
407 2844 519 2877 poterit,
533 2849 558 2870 ei
577 2852 625 2879 per
641 2852 712 2870 litare
729 2850 755 2871 cl
774 2852 821 2880 per
834 2850 944 2876 terrain,

157 2898 218 2919 tum
237 2890 270 2919 ad
288 2897 408 2926 prsescns
424 2890 538 2919 alteram
561 2891 645 2919 solam
668 2899 776 2919 manum
796 2891 881 2927 possit
897 2898 944 2920 cx-

997 2291 1115 2319 Orientis
1124 2291 1247 2325 partibus
1256 2291 1404 2326 ampliavit,
1413 2295 1542 2325 tantaque
1551 2297 1577 2318 et
1587 2293 1628 2319 sui
1638 2297 1665 2319 et
1673 2300 1783 2319 suornin

997 2337 1085 2364 adhuc
1097 2341 1142 2363 est
1152 2337 1246 2370 gloria.
1263 2342 1292 2364 ut
1307 2336 1394 2372 ipsum
1410 2336 1576 2364 Francorum
1590 2345 1686 2364 nomen
1701 2339 1782 2365 etiam

998 2382 1126 2409 Barbaris
1156 2382 1278 2409 terribile
1305 2383 1439 2414 videatur,
1467 2391 1615 2417 omnesque
1634 2384 1782 2412 Christiani

996 2428 1211 2456 Occidentalium
1232 2428 1371 2462 regionum
1385 2436 1432 2463 per
1448 2434 1532 2456 totum
1545 2429 1680 2456 Orientem
1697 2429 1786 2457 Fran-

996 2483 1089 2502 eorum
1129 2475 1239 2502 nomine
1273 2475 1454 2510 appellentur.
1481 2474 1503 2503 0
1536 2476 1620 2510 igitur
1647 2484 1724 2512 rcges
1756 2481 1783 2504 et

995 2521 1134 2556 principes
1148 2521 1308 2554 Christiani,
1325 2521 1427 2556 surgite
1442 2522 1508 2557 jam,
1530 2524 1592 2556 quia
1613 2527 1718 2556 tempus
1730 2529 1780 2549 est.

996 2568 1079 2596 Adest
1105 2567 1270 2601 exemplum,
1290 2567 1367 2594 adest
1403 2567 1499 2598 honor,
1523 2568 1599 2594 adest
1620 2568 1786 2598 necessitas.

997 2615 1121 2641 hortatur
1146 2613 1264 2647 justitia,
1293 2613 1403 2648 religio,
1431 2613 1514 2645 fides;
1540 2621 1603 2641 cccc
1628 2616 1780 2640 communis

997 2660 1085 2688 hostis
1100 2660 1126 2687 in
1141 2665 1287 2695 conspectu
1304 2665 1358 2692 est,
1378 2660 1424 2695 qni
1445 2665 1538 2687 contra
1552 2659 1689 2688 Christum
1702 2665 1787 2694 caput.

996 2707 1092 2739 erexit,
1107 2706 1185 2734 fortis
1207 2706 1234 2734 iu
1261 2707 1378 2737 timidos,
1397 2706 1423 2732 in
1444 2706 1560 2732 audaces
1573 2704 1697 2739 pavidus,
1718 2705 1787 2740 quid.

997 2753 1096 2788 agitis?
1111 2752 1200 2784 Vires,
1221 2759 1279 2787 qua:
1296 2758 1350 2778 non
1375 2751 1453 2778 modo
1471 2751 1503 2777 ad
1523 2749 1701 2778 resistendum
1733 2758 1782 2784 pu-

997 2800 1086 2835 ganis,
1104 2807 1197 2826 verum
1219 2799 1250 2825 ad
1274 2798 1376 2825 Christi
1393 2805 1489 2824 nomen
1513 2797 1695 2832 ampliandum
1710 2796 1782 2822 sufli-

996 2850 1099 2876 cerent,
1125 2844 1227 2871 in.vos
1253 2842 1421 2874 consumitis,
1444 2842 1566 2876 bellaque
1589 2841 1653 2875 gcri‘
1670 2841 1780 2875 placuit,

997 2891 1084 2920 nullos
1099 2890 1221 2919 habitura
1236 2889 1396 2924 trimuphos.
1413 2889 1498 2923 Unde,
1514 2896 1615 2925 quisse,
1631 2889 1786 2916 Alexandro
