1942 3075
155 167 166 196 1
172 166 223 198 067

616 160 772 195 NICOLAI
798 162 968 192 BARBARI
989 161 1162 192 PATRICII
1187 160 1322 191 VENETI

1720 158 1789 190 1068

153 224 190 251 illi
206 222 304 258 Magno
320 226 393 250 tanta
411 219 515 256 gloria?
539 220 609 247 unde
625 218 769 247 Hannibali
784 219 860 252 Afro,
877 219 938 246 Sci-
954 221 975 250 Α
990 219 1096 255 pulsate
1111 218 1247 253 suspiriis,
1281 221 1392 245 sanctos
1409 220 1572 252 sanctasque
1601 216 1727 251 precibus
1745 216 1788 243 in~

153 270 239 305 pioni,
255 268 434 303 Ca-sarique?
449 266 585 299 Profecto,
603 274 657 293 non
677 267 740 300 quia
764 266 833 294 bella
847 266 943 294 claris-

154 316 224 342 sima
241 319 398 349 gesserunt.
418 314 465 341 sed
486 313 548 348 quia
571 313 690 340 externis
709 319 740 340 ea
757 312 884 346 gentibus
901 312 944 339 in-

154 361 413 393 tulere;sed,heul
447 360 514 394 proh
542 359 636 386 dolor!
667 363 740 386 tanta
776 358 944 393 principibus

155 407 256 434 nostris
276 407 308 432 ad
322 413 442 440 prwsens
469 405 625 432 dominandi
643 404 732 431 'iibido
745 409 797 436 est,
813 410 841 430 ut
857 411 944 435 neque

156 453 218 480 flJci
230 453 327 479 damna
339 460 425 485 neque
436 451 544 486 propria
558 451 677 486 pericula
688 451 816 478 sentiant.
828 450 945 478 Tument

158 500 186 524 in
199 506 228 525 se
240 499 330 533 ipsos;
342 498 388 525 sed
397 502 494 525 exeant
505 504 650 532 parumper
661 497 687 524 iu
699 504 834 530 campum,
849 501 876 524 et
886 503 946 530 qua

157 544 193 571 sit
212 551 307 571 eorum
319 544 413 575 virtus,
429 543 543 570 doceant
559 543 689 569 barbaras
703 543 845 573 nationes;
872 541 944 576 quod

159 589 182 615 si
198 596 247 616 nec
260 589 344 616 altera
364 596 444 616 causa
461 588 587 615 invitaret
602 589 635 615 ad
651 596 726 615 arma
742 588 884 620 sumenda,
900 593 945 615 ut-

159 640 221 669 pote
242 634 315 666 fidei,
326 635 458 662 libertatis
471 639 497 661 et
509 633 612 666 gloriut,
626 634 724 661 mirum
736 639 811 662 certe
822 635 843 661 si
857 635 943 668 ipsutn

160 679 307 712 temporale
323 679 427 705 lucrum
446 681 526 706 corda
544 687 596 706 non
612 680 734 713 replitet,
750 685 810 706 eum
826 679 867 706 ha:
881 687 944 714 gen-

162 730 212 756 tes,
224 725 257 750 de
269 725 366 757 quibus
381 725 481 759 agitur,
501 731 569 751 auro
584 729 612 751 et
641 729 754 758 argento
776 724 860 758 plena:
882 729 946 751 sunt

160 773 186 796 et
199 769 333 804 lapidibus
347 770 490 804 pretiosis;
523 770 583 804 ipsi,
605 771 782 805 ipsorumque
796 778 875 805 quam
890 778 945 798 ma-

160 816 232 843 xime
244 816 370 843 mulieres
389 817 495 844 nonnisi
522 816 617 844 sericis
636 817 794 850 induantur,
815 821 842 844 et
859 824 945 852 usque

164 863 196 889 ad
211 862 290 896 pedes
300 863 420 889 oneratis
439 862 565 890 incedant
587 863 741 898 margaritis
766 868 795 890 et
807 856 944 898 geminis;

163 914 245 941 atque
261 915 313 935 non
341 908 428 936 solum
458 908 568 943 scyphis
590 914 617 936 et
636 909 833 944 paropsidibusI
854 916 947 937 verum

162 953 261 980 tabulis
291 954 426 988 argenteis
455 959 483 982 et
510 955 629 987 scriniis,
658 955 797 990 frenisque
818 960 845 982 et
875 956 949 983 sellis

161 1000 251 1027 aureis
268 1001 424 1034 abutantur,
443 1005 481 1034 et,
501 1002 572 1034 quod
599 1001 694 1029 audire
710 1002 876 1029 horrendum
896 1008 949 1034 est,

162 1055 257 1073 uorum
272 1048 407 1075 innumeri
435 1048 542 1075 nonnisi
567 1048 686 1075 aureatis
708 1048 838 1076 calicibus
856 1049 950 1075 bibunt

164 1101 179 1119 ιι
207 1093 313 1126 templis
341 1094 558 1121 Christianorum
579 1094 707 1127 acceptis,
732 1094 759 1122 in
784 1094 948 1128 vituperium

164 1139 275 1172 Christi,
292 1145 320 1167 et
336 1141 361 1166 in
388 1147 482 1167 corum
509 1140 684 1168 exaltatione.
703 1140 771 1173 Quid
786 1141 869 1174 igitur
887 1148 947 1168 am-

163 1184 233 1218 plius
257 1185 536 1213 demoraumrTEcce
560 1186 630 1220 quod
656 1186 788 1220 quaeritis.
814 1185 867 1213 Sed
883 1185 948 1220 quid

164 1239 189 1255 ιιι
207 1231 304 1257 talibus
317 1236 343 1257 et
361 1236 467 1266 tempus
488 1237 515 1259 et
538 1231 620 1259 verba
639 1232 795 1258 consumo?
811 1231 877 1258 Cum
893 1232 946 1258 nisi

164 1276 222 1309 ipsc
234 1276 304 1303 Deus
319 1285 411 1304 eoi-mu
425 1278 517 1306 oculos
533 1278 676 1309 illmuinet,
693 1283 720 1305 et
734 1279 816 1306 corda
828 1285 949 1305 commo-

164 1328 234 1355 vent,
253 1331 330 1351 cassa
354 1324 445 1352 omnis
463 1325 617 1352 exhortatio
637 1324 755 1351 hominis
771 1329 823 1353 est.
843 1324 899 1358 Qua
916 1326 949 1351 de

164 1376 206 1402 re,
227 1377 242 1396 ο
265 1374 354 1404 patres
366 1376 393 1397 et
422 1371 520 1398 fratres
545 1370 609 1402 mei,
623 1377 684 1397 eum
702 1372 734 1398 ad
751 1378 831 1398 aures
845 1376 949 1399 vestras

164 1415 215 1442 ista
237 1417 416 1450 pervenerint,
428 1417 543 1451 pulsate,
555 1423 656 1450 quaeso,
673 1416 756 1442 Deum
770 1416 948 1450 clamoribus,

999 266 1150 301 terpellate,
1166 265 1313 293 discurrite
1332 271 1380 300 per
1393 264 1520 292 civitates
1535 267 1564 291 et
1576 268 1678 294 castra,
1693 267 1794 290 vocate.

996 312 1135 347 populum,
1150 311 1269 339 aduuate
1283 316 1396 344 emtum,
1412 318 1556 345 parvorum
1578 313 1660 344 atque
1673 315 1788 344 magno-

997 365 1056 384 rum
1085 364 1167 392 super
1195 356 1240 384 his
1267 357 1350 384 corda
1375 357 1560 390 compungite,
1576 359 1604 382 ut
1629 363 1642 381 a
1670 354 1791 389 peccatis

998 403 1146 438 aliquando
1163 403 1332 435 abstineant,
1346 401 1516 429 oratiunibus
1532 400 1632 428 sedulis
1647 400 1786 432 insistant,

995 457 1024 479 et
1044 451 1189 479 intendant
1204 459 1252 487 pro
1277 458 1358 486 posse
1371 450 1500 485 operibus
1518 450 1636 485 pietatis,
1651 455 1790 484 quatenus

997 498 1054 533 ipse
1078 499 1138 532 pius
1165 501 1194 525 et
1225 497 1380 526 misericors
1409 496 1480 524 Dens
1509 501 1621 531 propter
1647 495 1789 523 hominum

996 548 1106 578 peccata
1128 548 1279 571 commotus
1301 544 1333 570 ad
1358 543 1438 577 iram,
1460 543 1526 578 ipsis
1555 549 1571 570 ο
1593 547 1688 570 contra
1709 542 1793 569 bouis

997 589 1123 623 operibus
1139 590 1290 624 mitigetur,
1305 595 1331 617 et
1347 589 1427 616 oculo
1441 589 1550 624 pietatis
1571 593 1653 623 atque
1668 588 1791 615 clemen-

997 635 1042 662 tia:
1056 635 1241 662 Christianum
1259 635 1385 669 populqu
1408 641 1554 670 parumper
1571 634 1695 669 aspiciat,
1717 634 1791 661 cari-

998 686 1080 708 tatem
1098 681 1220 708 infundat
1235 682 1373 714 cordibns,
1387 681 1504 716 praelatis
1521 686 1603 716 atque
1619 680 1796 716 principibus-

1000 731 1122 754 sanctatn
1148 727 1232 754 donet
1267 727 1395 754 unionem
1423 731 1450 754 et
1461 734 1567 761 pacem,
1599 731 1628 752 ut
1655 725 1789 752 malorum

997 772 1118 801 omnium
1141 773 1266 800 inventor
1283 777 1365 808 atque
1384 773 1508 800 incentor
1533 771 1668 802 diabolus,
1686 771 1731 806 qui
1749 775 1791 799 tot

997 820 1025 847 in
1039 819 1140 847 Christi
1154 819 1277 847 Ecclesia
1296 826 1383 853 usque
1400 819 1480 846 modo
1492 817 1618 845 scandala
1632 817 1788 850 seminavit,

997 865 1127 892 confusus
1155 865 1310 892 retrudatur
1339 865 1365 891 in
1391 868 1504 896 tartara,
1533 864 1670 891 exsultent
1695 862 1791 889 ﬁdeles

965 907 987 936 Β
1002 911 1142 944 Ecclesiae,
1168 911 1331 939 erubescant
1359 914 1387 938 et
1411 909 1613 938 confundantur
1632 913 1659 936 et
1676 913 1788 944 pareant

1000 957 1136 989 inﬁdeles,
1155 957 1200 992 qui
1217 965 1304 992 usque
1321 957 1402 985 hodie
1416 956 1556 984 Christum
1571 961 1598 983 et
1617 955 1789 982 Christianos

999 1003 1123 1031 derident
1137 1008 1171 1030 et.
1181 1003 1360 1031 subsannant.
1373 1002 1462 1036 Quod,
1480 1003 1521 1035 si,
1536 1001 1644 1029 favente
1660 1002 1786 1033 Domino,

1000 1050 1057 1077 haac
1072 1057 1150 1077 sacra
1177 1049 1241 1076 unio
1270 1049 1433 1082 celebretur,
1463 1055 1558 1076 secure
1580 1047 1688 1079 fratres,
1715 1047 1794 1082 (diro

1000 1097 1070 1129 aptis
1097 1101 1125 1123 et
1153 1095 1325 1130 voluntariis)
1353 1103 1426 1123 mare
1452 1095 1576 1126 transite,
1608 1093 1736 1128 quoniam
1761 1094 1789 1119 in

1000 1147 1149 1177 conspectu
1167 1146 1258 1170 vestro
1273 1142 1357 1169 multa
1368 1146 1409 1169 est
1427 1147 1511 1172 terra,
1522 1141 1674 1168 exuberans
1693 1139 1797 1166 fructi--

1001 1189 1052 1216 hus
1067 1188 1254 1222 sempiternis.
1281 1187 1319 1215 Te
1342 1192 1444 1220 autem,
1468 1186 1564 1214 dilecte
1591 1186 1683 1218 frater,
1706 1185 1796 1212 invito

1003 1239 1078 1262 tanto
1094 1234 1232 1266 fidentius,
1249 1239 1351 1269 quanto
1366 1233 1457 1261 cordis
1473 1234 1510 1260 tui
1528 1236 1632 1260 secreta
1647 1231 1792 1266 dignosco.

1002 1281 1099 1308 Aureli.

1037 1326 1076 1354 Ex
1106 1326 1339 1360 Constantinopoli
1367 1333 1403 1354 xtl
1433 1325 1493 1353 dec.
1510 1323 1794 1352 M.CCGCXXXVI|I.

1038 1371 1112 1399 Tuus
1138 1373 1274 1407 siquidem
1299 1377 1373 1400 totus
1402 1373 1487 1399 frater
1513 1371 1729 1399 Bartholomzeus
1757 1370 1795 1397 de

1001 1417 1081 1451 Jano,
1099 1418 1204 1446 ordinis
1216 1418 1430 1450 Minormn,licet
1445 1418 1582 1452 indignus.

426 1487 1788 1508 Lm

474 1564 922 1654 NICOLAI
993 1563 1479 1654 BARBARI

851 1734 988 1758 ΡΑτκιειι
1007 1735 1121 1758 VENETI

167 1823 435 1856 EPDEMERIDES
463 1823 514 1854 DE
541 1823 892 1855 CONSTANTINOPOLI
913 1821 1107 1852 ANN01453
1129 1822 1293 1854 OBSESSA
1322 1823 1447 1859 ATQUE
1477 1823 1710 1854 EXPUGNATA
1737 1823 1793 1864 (ι),

206 1964 253 1991 Est
267 1963 315 1990 ista
331 1963 451 1990 narratio
465 1969 535 1997 opus
546 1963 597 1990 viri
611 1964 668 1998 qui,
681 1971 742 1997 qua:
756 1965 813 1999 ipse
831 1962 895 1990 vidit
918 1970 950 1991 eo
965 1966 1088 1998 tempore
1101 1971 1155 1998 quo
1172 1963 1331 1998 Byzantium
1344 1972 1358 1991 a
1374 1964 1470 1991 Turcis
1483 1963 1670 1994 obsidebatur.
1686 1970 1795 1992 summa

169 2020 234 2040 cura
255 2012 355 2040 rcferrc
373 2012 488 2039 videtur.
512 2011 685 2046 Quaecunque
705 2011 776 2038 enim
793 2011 855 2040 inde
869 2019 884 2038 a
909 2011 925 2038 5
946 2010 1048 2046 Aprilis
1065 2019 1151 2046 usque
1166 2011 1199 2038 ad
1215 2012 1249 2040 29
1269 2011 1332 2039 Maii
1357 2017 1518 2045 evenerunt,
1543 2013 1577 2039 ab
1606 2018 1717 2039 auctore
1745 2021 1797 2046 per

171 2060 276 2086 dierum
303 2063 462 2086 notatorutn
480 2059 602 2086 ordinem
621 2063 674 2086 tant
698 2063 794 2087 exacte
810 2059 948 2086 memoriae
972 2059 1077 2094 prodita
1095 2065 1169 2092 sunt,
1188 2065 1217 2086 ut
1231 2060 1351 2088 nesciam
1371 2067 1405 2086 an
1429 2060 1463 2088 ab
1488 2059 1542 2086 alio
1563 2060 1699 2088 exactius.
1724 2060 1796 2089 Hinc

170 2105 258 2131 visum
275 2109 315 2131 est
332 2105 515 2132 narrationem
534 2104 643 2132 Barbari
658 2105 753 2133 ordine
769 2105 963 2140 chronologico
981 2105 1006 2133 in
1027 2106 1145 2134 medium
1161 2106 1297 2140 proferre,
1310 2107 1346 2133 ita
1363 2111 1465 2138 tamen,
1488 2111 1517 2134 ut
1538 2107 1564 2133 in
1578 2113 1632 2140 quo
1648 2113 1663 2132 a
1681 2106 1789 2133 caeteris

170 2159 260 2179 rerum
278 2150 456 2179 Turricarum
472 2152 651 2186 scriptoribus
662 2152 762 2186 differt,
781 2154 929 2181 lectoribus
951 2153 979 2181 in
998 2159 1115 2182 mentem
1133 2162 1304 2183 revocamus.
1317 2155 1346 2182 Id
1362 2155 1451 2182 obiter
1467 2155 1590 2182 dicamus
1613 2155 1685 2190 quod
1707 2154 1798 2188 Ephe-

172 2199 284 2227 merides
301 2197 425 2230 Barbari,
441 2197 551 2232 antiqua
570 2197 734 2225 Venetorum
751 2198 868 2226 dialecto
889 2199 1008 2234 scripta),
1025 2207 1040 2227 a
1059 2199 1148 2235 lingua
1166 2200 1235 2228 bene
1259 2201 1374 2228 ltaliana
1390 2200 1503 2228 multum
1515 2202 1682 2235 discrepant.
1702 2199 1797 2234 Quare

171 2247 305 2275 traductio
322 2250 448 2274 accurat-1
462 2253 551 2277 eaque
574 2245 664 2273 Italica
688 2246 767 2281 hujus
786 2247 943 2275 documenti
961 2248 1031 2275 inter
1049 2255 1091 2275 res
1115 2249 1233 2276 maxime
1258 2249 1390 2284 optandas
1421 2248 1545 2283 pauenda
1565 2248 1643 2274 nobis
1669 2247 1789 2276 videtur.

170 2295 198 2322 id
228 2301 336 2328 quoque
352 2301 403 2320 non
431 2293 540 2320 silentio
558 2293 703 2327 praeteribo
727 2294 800 2329 quod
817 2299 918 2330 printer
945 2294 1055 2322 dialecti
1085 2293 1280 2329 differentiarum,
1311 2300 1407 2322 auctor
1427 2293 1569 2327 patricius,
1585 2292 1705 2321 Veneriis
1722 2293 1795 2328 ipsis

169 2341 310 2372 oriundus,
324 2339 475 2373 saepissime
489 2344 583 2366 contra
601 2339 733 2374 quidquid
749 2341 782 2366 ad
797 2339 921 2367 Genuam
934 2338 1091 2375 (Zenonem,
1105 2344 1134 2367 ut
1150 2341 1207 2375 ipse
1223 2339 1354 2375 loquitur)
1369 2339 1475 2372 attinet,
1490 2338 1632 2366 tnanifesta
1661 2338 1703 2365 ira
1719 2339 1799 2366 inve-

171 2390 254 2419 ltitur,
269 2388 295 2414 in
312 2394 366 2422 quo
384 2394 434 2414 nec
448 2385 602 2414 Iustiniano
617 2386 667 2421 ipsi
691 2387 797 2422 parcit;
812 2394 896 2422 quare
912 2393 1010 2414 auctor
1037 2393 1130 2415 noster
1145 2393 1223 2415 caute
1240 2388 1371 2422 legendus
1392 2387 1461 2418 erit,
1481 2385 1526 2412 ubi
1543 2386 1577 2413 de
1608 2384 1800 2414 Cannensibus

170 2441 260 2462 sermo
274 2438 325 2460 est.
344 2433 535 2468 Ephetneridcs
550 2440 660 2460 causam
677 2439 703 2460 et
717 2433 874 2468 praeludiqu
894 2433 955 2460 belli
971 2441 1020 2468 pro
1035 2434 1157 2461 auctoris
1173 2434 1288 2461 arbitrio
1305 2431 1463 2468 particulari
1480 2430 1612 2459 referunt.

207 2541 286 2569 “5‘2.
305 2540 411 2568 Martio.
425 2540 593 2568 Mahometes
611 2540 701 2568 sultan
724 2541 883 2576 (Machamet
902 2541 956 2576 δή)
971 2544 993 2575 c
1009 2542 1140 2576 perducto
1161 2540 1277 2568 duormn
1298 2539 1331 2566 ab
1345 2528 1509 2572 imperatore
1529 2537 1624 2565 Grarro
1648 2537 1801 2572 legatorum

171 2598 234 2617 cum
254 2589 289 2615 40
305 2590 415 2615 navium
425 2587 642 2623 classeCallipoli
656 2588 750 2616 relicta
764 2589 789 2615 in
804 2588 952 2622 Bosporum
1008 2588 1096 2622 capita
1116 2587 1238 2622 prtecidit
1261 2591 1288 2613 et
1313 2586 1351 2613 sic
1366 2585 1465 2613 bellum
1484 2584 1631 2612 inchoat'it.
1655 2583 1724 2610 Hinc
1738 2591 1802 2610 cum

171 2638 248 2671 (bona
262 2638 294 2665 da
314 2645 374 2663 mar
389 2636 489 2670 mazor)
510 2643 540 2663 se
563 2635 679 2666 confert,
707 2635 846 2662 castellum
871 2635 957 2667 Boga-
1009 2634 1096 2661 50000
1111 2633 1168 2660 mil.
1190 2634 1312 2660 exercitu
1340 2639 1389 2666 per
1415 2637 1470 2659 tres
1496 2631 1554 2658 dies
1579 2630 1674 2656 urbem
1704 2630 1800 2664 cingit.

171 2692 231 2712 smn
251 2683 327 2716 Kcs.,
357 2683 374 2710 6
394 2683 459 2709 mill.
476 2681 537 2709 ltal.
564 2689 580 2708 tt
598 2681 831 2713 Constantinopoli
853 2682 958 2708 distans

171 2734 388 2756 constructnrus.

206 2775 294 2802 Medio
308 2775 370 2802 dciu
393 2775 514 2809 Augusto
532 2773 619 2800 sultan
641 2772 666 2799 iu
685 2771 797 2799 castello
820 2772 852 2798 ad
878 2772 959 2798 tlncm

1010 2679 1075 2708 Mari
1102 2687 1212 2714 quoque
1245 2679 1339 2705 eodem
1372 2683 1493 2712 tempore
1517 2676 1616 2704 classis
1646 2675 1802 2710 Callipolim

1011 2725 1118 2758 repetit,
1136 2724 1246 2750 ineunte
1261 2722 1431 2757 Septembre.

1047 2768 1116 2796 Nov.
1131 2767 1177 2796 26'.
1192 2767 1273 2795 Navis
1284 2767 1393 2794 Antonii
1412 2765 1493 2798 llizii,
1504 2773 1518 2792 a
1533 2764 1619 2791 Ponto
1637 2764 1744 2791 Euxino
1760 2772 1803 2799 το-

205 2846 240 2870 ill
255 2845 368 2870 Giorrmfe
380 2845 436 2871 {Ie/1‘
447 2844 541 2870 πκδράὶο
555 2844 581 2870 di
604 2843 791 2871 Coslmttinono'i
811 2843 868 2867 H53
887 2843 912 2868 di
935 2842 1022 2868 Nicolo
1046 2841 1160 2870 Barbara,
1179 2847 1239 2865 cura
1261 2838 1362 2865 Ilcnra'ci
1378 2840 1474 2864 Comet.
1499 2844 1531 2862 ex
1552 2843 1596 2860 ms.
1617 2835 1700 2860 radice
1718 2834 1761 2866 qui
1778 2834 1802 2871 in

174 2865 545 2902 ΙἱΙιΙἿὶὸιῆολξιιμὲῘιῖἧῖτίᾑίῗξνιινιῖι
555 2865 815 2900 disserat-iiirimi-iniu;
829 2865 885 2898 txiiﬁ
896 2865 990 2898 άιιὶὶιὲζ
1000 2865 1022 2892 ζ
1038 2865 1169 2902 ὶξμὶιινηιείι
1191 2873 1285 2901 damus,
1302 2871 1387 2896 Latine
1398 2875 1550 2897 conversam,
1571 2874 1644 2898 quam
1671 2865 1801 2890 tertiaculo

174 2912 287 2931 sermone
300 2909 437 2937 germanico
450 2907 554 2932 Conl'ccit
572 2908 601 2932 υ*
612 2910 639 2933 Α.
656 2906 762 2932 Lilisscn
779 2908 802 2931 in
815 2905 940 2930 Artccdolis
953 2905 1053 2930 (Liosiat
1070 2904 1146 2933 18237).
