1942 3075
147 160 216 194 1060

536 159 778 190 EPHEMERID.
801 159 850 189 DE
866 159 998 190 CPOLIS
1015 159 1326 192 E'XPUGNATiONE.

1705 157 1774 190 1070

145 218 300 253 versatquia
310 215 499 244 salutationem
510 214 767 248 militaremomisit,
779 214 936 242 bombardte
951 219 974 246 Α
1027 213 1108 243 Febr.
1121 215 1167 242 26.
1183 213 1242 242 Una
1269 213 1375 240 navium
1396 212 1559 240 Venetarum
1578 221 1637 246 qua:
1655 213 1678 241 vi
1704 214 1774 248 pacti

146 263 362 300 grandiorisictu
377 261 526 297 mergitur;
541 261 687 289 nauclerus
705 266 767 296 post
782 260 932 288 “dierum

146 310 332 345 captivitatem
347 308 445 335 sultani
463 307 542 342 jussu
555 307 588 334 ad
601 307 690 342 palum
701 306 830 341 adigitur,
845 307 934 334 accito

147 356 219 383 inter
228 356 362 389 palatinos
371 352 474 386 scriba,
491 353 622 380 Dominici
634 351 737 379 Maistri
750 352 816 385 ﬁlio;
831 353 932 386 nautis,

148 404 240 437 paucis
262 401 394 435 exceptis,
417 400 461 434 qui
486 398 739 432 Constantinopolin
761 398 837 425 missi
859 403 939 431 sunt,

148 457 223 477 serra
240 456 288 483 per
313 447 430 474 medium
446 452 545 479 corpus
561 443 665 471 divisis.
680 443 750 470 Sunt
776 444 821 477 qui
843 443 935 470 dicant

148 501 257 522 causam
280 492 363 519 fuisse
376 490 440 518 belli
458 495 551 516 ctmtra
568 489 682 516 Venetos
692 488 772 515 Fabr.
785 488 935 516 Cornerum

149 540 249 568 infecta
278 546 307 566 re
322 535 554 570 Constantinopoli
577 543 727 563 reversum.

188 584 266 611 H55.
279 583 349 610 Hinc
359 582 422 610 inde
431 582 567 609 Barbarus
578 588 620 608 res
634 582 763 613 quasdam
776 585 851 608 extra
867 585 935 608 tem-

150 630 224 664 poris
241 629 373 656 rationem
401 632 505 655 narrat.
523 626 614 653 Mense
638 625 699 653 Jan.
717 626 785 654 “5'5
797 627 862 654 sttit.
881 627 936 653 vim

151 675 304 708 pedestrem
329 680 361 700 ac
393 673 517 700 navalem
548 672 694 699 maximam
712 671 773 699 urbi
799 673 936 700 admovet.

151 719 245 747 Mense
256 719 406 747 Februario
430 723 575 751 tormenta,
586 717 680 745 decem
697 717 809 745 millium
824 717 938 745 cohorte

152 766 373 800 stipante,prope
388 765 483 792 urbem
496 764 615 792 adducit.
626 764 726 792 Eodem
743 771 837 792 mense
851 764 939 793 Cruci

151 819 212 837 cum
239 810 324 838 tribus
342 809 457 844 navigiis
481 809 609 837 Turciam
634 810 753 842 intrant,
769 816 803 836 ac
818 809 939 843 captivos

151 855 389 890 Constantinopoli
405 855 537 888 vendunt,
549 856 650 884 sultani
662 856 730 883 iram
747 855 939 884 accendentes.

189 902 268 929 1452.
282 901 382 928 Montio
395 901 509 928 duarum
526 901 677 928 triremium
696 901 859 929 Venetorum
871 900 939 927 duce

153 948 278 976 Gabriele
302 947 452 975 Trevisano
468 948 563 982 Cpolln
579 947 750 981 appulsarum
762 967 770 980 ,
788 954 848 982 quae
861 946 939 980 jussu

152 999 266 1022 senatus
293 994 385 1022 Veneti
412 995 464 1021 tria
486 993 591 1028 navigia
606 994 731 1020 oueraria
760 1001 774 1019 a
792 993 859 1020 mari
872 993 940 1020 Aza-

153 1041 213 1068 vico
239 1039 360 1075 profecta
376 1039 680 1068 comitabantur.Navis
701 1039 765 1066 item
789 1038 942 1066 Genuensis

154 1094 168 1112 a
199 1093 267 1120 papa
298 1086 382 1112 missa
414 1089 581 1112 memoratur
609 1085 742 1112 lsidorum
769 1083 937 1112 cardinalcm

152 1133 188 1168 (ei
209 1133 337 1168 gat-dena!
360 1133 391 1159 de
418 1131 511 1167 Rosia)
537 1137 648 1167 gestans
672 1135 702 1159 ut
729 1135 873 1165 utramque
890 1130 941 1159 Ec-

152 1178 265 1205 clesiant
297 1177 477 1210 conciliaret,
501 1177 555 1204 200
585 1177 734 1212 sagittariis
763 1176 940 1212 stipantibus,

152 1223 198 1257 qui
214 1224 308 1249 urbem
330 1225 401 1250 male
425 1222 549 1253 ,habitam
574 1223 774 1255 defenderent;
791 1227 853 1250 octo
876 1222 941 1249 item

153 1276 239 1296 naves
256 1276 317 1295 cum
337 1272 489 1295 commeatu
500 1275 516 1295 e
529 1267 610 1296 Creta
622 1267 749 1296 aderant.

189 1314 256 1341 Nov.
268 1314 312 1341 10.
323 1314 379 1341 Duo
391 1322 487 1349 magna
502 1314 608 1348 navigia
618 1323 633 1342 e
646 1313 817 1341 Chersoneso
825 1313 940 1341 Taurica

150 1361 294 1388 venientia
326 1361 394 1388 duce
423 1359 590 1396 Hieronymo
613 1360 752 1388 Morosiuo
776 1359 942 1396 (Jeroluemo

149 1406 301 1441 Rorexini)
318 1406 416 1433 Turcis
425 1413 440 1433 e
453 1406 567 1434 rastello
575 1406 759 1434 clamantibus
769 1410 797 1433 ut
805 1405 942 1433 anchoras

147 1453 292 1487 jacerent,
305 1451 448 1486 aegerrime
466 1451 622 1479 obedientes
635 1457 749 1479 tuortem
764 1457 856 1479 tamen
871 1452 942 1479 εσυ-

148 1503 261 1534 gerunt.
278 1497 342 1525 Haec
357 1497 402 1524 ubi
427 1496 562 1524 Barbarus
578 1498 680 1529 rettulit.
707 1498 802 1524 ordine
817 1497 942 1531 protinus

150 1544 351 1578 chronologico
368 1549 397 1571 ut
412 1547 492 1571 antea
509 1544 694 1578 progreditur.

190 1591 254 1618 Dec.
266 1590 295 1618 2.
315 1590 426 1618 Castelli
441 1589 549 1617 Turcici
572 1590 672 1617 milites
688 1589 849 1624 praesidiarii
865 1590 945 1617 trirep

149 1645 224 1665 metu
240 1637 370 1665 Venetam
394 1635 453 1664 Jac.
470 1635 542 1664 Coeo
562 1636 629 1664 duce
644 1636 816 1671 Trapezunte
832 1636 938 1671 (Trabe-

149 1683 254 1718 zanda)
266 1683 419 1710 venientem
435 1683 505 1710 tnale
514 1685 650 1715 tractant;
665 1690 725 1717 qua:
736 1688 824 1710 tamen
837 1683 944 1710 incolu-

151 1729 207 1757 mis
222 1729 318 1763 Cpolin
337 1728 472 1763 pervenit.

190 1775 270 1802 1452.
285 1775 347 1802 Dee.
365 1775 400 1802 12
413 1779 440 1802 et
466 1776 510 1803 15.
526 1775 657 1803 Ecclesia
676 1775 819 1810 utriusque
834 1775 900 1803 unio
917 1775 943 1802 in

151 1822 183 1849 S.
202 1821 312 1856 Sophim
325 1821 440 1848 ecclesia
457 1822 617 1849 solemniter
632 1821 806 1848 conﬁrmata.
824 1821 930 1856 Impera

150 1873 208 1900 tor,
244 1867 392 1894 cardinalis
420 1867 582 1898 Russorunt.
611 1868 756 1902 episcopus
797 1867 941 1903 Mitylencs

155 1912 334 1947 (Leanardus
346 1911 484 1947 Cbiensis)
499 1918 526 1940 et
537 1911 694 1940 Grecorum
711 1913 829 1941 barones
845 1914 872 1940 in
891 1921 939 1941 ea-

151 1961 217 1988 dem
243 1960 359 1987 ecclesia
376 1961 410 1987 de
436 1961 601 1988 necessitate
626 1961 778 1989 deliberant
795 1969 878 1989 naves
892 1961 944 1989 Ve-

150 2011 232 2034 netas
251 2006 278 2033 in
291 2006 426 2033 auxilium
445 2007 519 2034 urbis
535 2007 682 2034 retinendi.

189 2048 254 2076 Dec.
265 2049 309 2076 Η.
319 2050 447 2084 Sequitur
456 2050 586 2085 quidquid
603 2051 662 2078 viva
677 2059 741 2080 voce
751 2059 783 2079 ac
796 2052 897 2087 scripto
907 2061 948 2079 tn-

149 2102 193 2124 ter
204 2096 383 2129 cardinaletn,
393 2097 550 2132 episcopum
566 2097 785 2133 Mityleneusem.
806 2100 946 2134 magistra-

148 2147 197 2169 ttts
213 2141 334 2176 Graecos,
353 2148 496 2177 putorem
511 2142 655 2172 Venetam.
673 2145 817 2173 nauclerus
850 2153 882 2173 ac
911 2145 942 2173 2|

146 2188 368 2222 spectatissimos
382 2189 409 2216 iu
423 2189 490 2216 urbe
513 2188 589 2224 Cpoli
617 2190 732 2218 Venetos
762 2190 944 2218 deliberatum

958 898 978 925 Β

957 1573 980 1604 0

991 262 1068 289 abire
1079 268 1132 288 non
1142 260 1288 292 debebant,
1303 259 1384 286 ducta
1399 266 1414 285 a
1425 259 1455 286 ι).
1468 258 1593 286 Davanzo
1603 266 1665 286 cum
1675 259 1690 286 6
1700 259 1776 286 navi-

993 308 1042 335 bus
1055 305 1232 341 emporeticis
1242 309 1323 332 vcnto
1332 304 1452 332 secundo
1465 304 1557 338 adjnta
1565 313 1579 331 e
1592 310 1669 339 portu
1678 305 1775 333 evasit.

1029 353 1107 380 Mart.
1127 352 1167 378 (Α.
1183 351 1344 386 imperatori
1371 351 1423 378 hoc
1449 351 1605 378 soliici-tuttti
1624 352 1676 378 dux
1697 352 1777 378 trire-

994 400 1076 427 mium
1089 398 1255 426 Tanensium
1274 399 1390 432 remiges
1406 405 1469 425 Suos
1489 398 1521 424 ad
1545 398 1666 425 locorum
1685 398 1777 424 muni-

992 448 1093 474 tionem
1115 451 1142 472 et
1159 445 1191 472 ad
1216 444 1348 480 palatium
1366 452 1449 479 prope
1465 449 1570 478 portam
1590 444 1775 480 cynt-geticant

992 490 1257 518 circnmvallandum
1277 489 1449 516 adhibendos
1470 490 1563 516 tradit.

1028 536 1110 563 Mart.
1129 536 1175 563 5|.
1204 535 1304 562 Eodem
1322 543 1404 569 porro
1419 536 1506 562 sancti
1525 535 1636 562 Sabbati
1657 535 1710 567 (lie,
1733 535 1778 568 qui

993 583 1103 618 quidem
1122 590 1184 609 cntn
1209 582 1244 609 29
1265 582 1338 615 Maii,
1355 581 1401 616 qui
1422 582 1515 608 Martis
1539 582 1596 608 dies
1612 587 1682 614 erat,
1703 590 1777 608 con-

993 629 1078 664 gruit,
1104 628 1228 662 remiges,
1248 628 1361 662 jubente
1377 627 1470 660 liiedo,
1487 627 1565 654 navis
1592 631 1717 661 patrono,
1735 635 1781 654 co-

994 683 1051 703 ram
1068 675 1232 708 imperatore
1250 679 1276 700 el
1292 673 1464 708 magnatibus
1479 673 1565 701 fessas
1580 673 1695 700 faciunt.

1029 720 1130 754 Aprilis
1138 720 1165 747 2.
1176 719 1296 746 Barthttl.
1307 719 1598 754 Soligns,.imperatore
1610 720 1647 747 ita
1657 719 1779 754 jubentc,

995 770 1089 800 portus
1112 765 1212 792 ostium
1229 764 1325 799 Cpolin
1349 764 1420 791 inter
1446 772 1478 791 ac
1496 766 1590 792 Peratn
1609 766 1711 792 [annosa
1728 766 1780 792 ista

994 819 1090 840 catena
1099 812 1187 840 ferrea
1200 812 1271 847 (qual
1284 817 1381 839 exacte
1391 812 1565 847 describitur)
1578 812 1708 839 oecindit.

1030 858 1192 892 imperator,
1206 864 1324 893 quatuor
1338 858 1501 885 Venetorum
1521 858 1658 885 nobilibus
1672 858 1724 884 hoc
1739 865 1782 883 ro-

994 905 1132 939 gantibus,
1142 908 1258 938 quatuor
1271 905 1467 938 prmripnarnm
1483 903 1557 930 urbis
1571 908 1708 937 portarum
1722 911 1782 929 ver-

994 959 1042 978 sus
1053 949 1238 977 continentem
1252 949 1404 977 custodiam
1421 949 1513 980 tradit,
1535 953 1640 983 portam
1653 948 1782 975 Crcsratu

995 995 1154 1031 (χρυσῆνῗ)
1175 995 1304 1022 Catarino
1332 994 1499 1027 Contarino;
1529 994 1674 1021 secntulam
1701 993 1782 1019 ["abr.

994 1044 1131 1075 Curuaro;
1147 1042 1256 1069 tertium
1279 1049 1339 1075 quae
1353 1041 1403 1075 τῆς
1426 1041 1519 1075 limi;
1537 1040 1702 1071 nominatur,
1725 1039 1782 1066 Nic.

995 1088 1144 1123 Murenigo,
1159 1087 1371 1114 liiachernarum
1389 1086 1505 1120 denique
1516 1090 1620 1119 portam
1638 1085 1783 1120 Dolphino.

1031 1135 1189 1168 Sequuntur
1205 1133 1313 1160 nomina
1342 1132 1376 1160 68
1397 1132 1527 1159 nobilium
1546 1132 1710 1160 Venetorum
1737 1132 1783 1166 qui

996 1180 1056 1208 urbi
1078 1181 1197 1207 obsessa:
1219 1180 1344 1210 aderant,
1365 1178 1437 1205 inter
1452 1186 1520 1212 quos
1536 1184 1632 1204 auctor
1649 1177 1785 1212 Ephcmc-

996 1226 1083 1252 ridum
1107 1225 1266 1252 nominatttr
1284 1223 1410 1250 medicus
1428 1223 1536 1249 navium
1552 1221 1730 1249 Tanensium.

1031 1270 1119 1304 April.
1139 1270 1167 1297 5.
1180 1269 1312 1296 Sultanns
1325 1269 1493 1296 Maltuntctes
1509 1276 1570 1294 cum
1586 1268 1638 1294 160
1653 1267 1785 1295 militibus

993 1316 1012 1343 2
1034 1315 1082 1351 lﬂ
1100 1314 1167 1341 ntill.
1187 1313 1245 1340 Ital.
1264 1314 1297 1340 ab
1313 1313 1379 1340 urbe
1391 1317 1481 1340 castra
1498 1317 1626 1338 metatur.

1031 1361 1118 1395 April.
1141 1361 1167 1388 6.
1185 1359 1256 1387 llinc
1271 1362 1303 1386 ad
1324 1359 1440 1386 tuiiliare
1462 1367 1544 1384 unum
1563 1358 1595 1385 ad
1611 1365 1704 1384 muros
1717 1358 1784 1384 mari

995 1406 1118 1442 objectos
1134 1406 1260 1441 procedit
1278 1411 1305 1432 ct
1323 1405 1404 1440 paulo
1420 1405 1520 1432 abhinc
1540 1405 1565 1431 itt
1584 1405 1694 1439 regione
1711 1404 1785 1430 urbis

996 1452 1159 1480 occidentali
1177 1452 1239 1479 inde
1256 1461 1270 1479 a
1284 1457 1359 1486 porta
1377 1452 1467 1478 Aurea
1483 1458 1569 1485 usque
1592 1450 1625 1477 ad
1639 1451 1785 1485 Cynegeti-

997 1508 1055 1526 cam
1071 1507 1117 1533 per
1130 1499 1228 1539 G‘mill.
1246 1499 1308 1526 Ital.
1326 1503 1417 1525 castra
1436 1498 1521 1531 ponit.

1033 1545 1090 1573 Sub
1104 1545 1201 1572 eodem
1217 1545 1260 1572 die
1276 1545 1425 1579 imperator
1447 1552 1508 1571 cntn
1537 1543 1632 1570 multis
1651 1543 1787 1570 nobilibus

997 1591 1190 1625 equitibusque
1203 1589 1234 1616 ad
1248 1594 1354 1624 portam
1365 1591 1500 1624 Auream;
1522 1596 1621 1624 praeter
1633 1596 1722 1618 autem
1740 1591 1788 1618 Mi—

997 1641 1088 1663 nottns
1099 1643 1159 1662 cum
1175 1634 1300 1669 plurimis
1310 1634 1420 1662 Venetis
1435 1635 1632 1663 mercatoribus
1646 1636 1671 1662 iu
1687 1636 1787 1670 palatio

998 1681 1174 1716 imperatorio
1187 1681 1246 1707 loca
1254 1688 1302 1707 sua
1316 1687 1464 1715 occupasse
1478 1682 1633 1708 traduntur.
1653 1681 1786 1715 Legimus

996 1728 1108 1762 insuper
1124 1726 1196 1762 quod
1215 1734 1331 1761 magnus
1347 1726 1415 1759 Dux,
1433 1727 1551 1761 pritnttm
1570 1727 1720 1753 secundum
1739 1727 1787 1752 im-

996 1779 1150 1808 peratorem
1172 1774 1260 1801 locum
1291 1778 1389 1801 tenens
1417 1773 1507 1809 portui
1533 1773 1652 1807 praefuit,
1675 1773 1789 1801 ubi-100

995 1821 1021 1848 ci
1042 1821 1105 1855 equi
1123 1820 1209 1855 parati
1223 1820 1353 1852 stabant;
1367 1820 1439 1855 quod
1458 1819 1527 1847 muri
1541 1819 1670 1847 maritimi
1696 1826 1788 1847 Cllalo-

993 1867 1041 1894 .dia
1055 1867 1197 1894 tuonachis
1210 1867 1278 1894 duce
1291 1865 1415 1893 Manuele
1428 1866 1545 1900 Gingaro
1557 1866 1681 1900 (Ἰιγροει
1696 1865 1783 1893 σι’-ναι

996 1911 1146 1947 appellant)
1161 1919 1193 1939 ac
1212 1910 1353 1946 Neophyto
1379 1909 1515 1938 Rhodensi
1545 1909 1689 1938 commissa
1721 1909 1787 1941 fuit;

996 1958 1067 1993 quod
1080 1958 1197 1992 denique
1210 1957 1262 1984 alia
1274 1957 1396 1991 quaedam
1413 1956 1487 1984 urbis
1500 1956 1572 1991 regio
1585 1956 1715 1991 Dorganot
1729 1957 1786 1990 (qni

997 2004 1090 2039 procul
1113 2004 1195 2032 dubio
1216 2004 1284 2031 idem
1306 2008 1349 2031 est
1370 2011 1431 2031 cum
1458 2003 1580 2037 principe
1606 2003 1745 2035 Orcbauo)
1762 2008 1790 2030 ct

998 2050 1232 2078 mercenariorum
1243 2050 1349 2078 cohorti
1362 2050 1512 2078 'l‘nrcarum
1528 2050 1574 2085 qui
1590 2057 1604 2077 a
1620 2051 1729 2077 sultano
1743 2050 1789 2076 dc-

996 2098 1130 2128 l'ecerant.
1147 2097 1324 2125 custodienda
1341 2096 1390 2123 l‘nit
1404 2097 1501 2124 tradita
1515 2105 1522 2124 :
1541 2105 1602 2132 qutr
1615 2096 1706 2124 omnia
1718 2096 1791 2123 sirus

997 2144 1050 2171 alia
1066 2150 1127 2178 qum
1142 2143 1220 2171 modo
1237 2143 1390 2175 retulimus,
1409 2150 1474 2170 cum
1496 2142 1640 2170 Phrantza:
1657 2142 1789 2170 relatione

997 2197 1162 2225 comparare
1177 2197 1208 2217 ac
1227 2190 1368 2218 discutere
1386 2190 1610 2225 supersedemus.

148 2235 220 2267 fuit,
239 2234 416 2270 additumque
443 2236 586 2264 decretum
602 2241 630 2264 ut
648 2242 805 2265 memorata:
818 2238 945 2266 triremes
959 2242 985 2273 Ῑ)
1035 2235 1134 2263 Eodem
1150 2236 1194 2263 die
1219 2236 1370 2270 imperator
1382 2235 1544 2264 classiarios
1570 2237 1616 2271 cui
1636 2242 1691 2265 tres
1707 2246 1790 2272 supra

148 2280 317 2316 Byzantium
345 2289 379 2308 ne
397 2281 595 2316 relinquerent.
610 2281 701 2318 (Conf.
717 2281 847 2310 Pbrantz.
868 2283 944 2318 Ι258.)

186 2327 255 2354 Dte.
279 2326 373 2354 17-80.
398 2326 542 2355 Duodecim
565 2327 617 2355 viri
638 2328 768 2355 nobilium
781 2328 945 2357 Venetorum

147 2377 216 2409 post
229 2377 362 2400 maturam
375 2373 598 2401 deliberationem
611 2373 763 2401 decerttttnt
775 2382 828 2409 qua
841 2375 947 2402 ratione

147 2428 184 2448 ac
203 2420 286 2446 modo
307 2425 403 2447 recens
423 2420 532 2447 decreta
552 2420 661 2447 senatui
678 2419 783 2448 Veneto
798 2420 947 2448 deferenda

145 2467 219 2495 sint.

186 2511 273 2540 “55.
291 2510 354 2539 Jan.
367 2510 413 2538 26.
428 2510 526 2539 Veneti
539 2519 602 2540 eum
619 2512 786 2548 imperatore
799 2512 946 2547 paciscun-

146 2565 205 2590 tur,
229 2566 262 2586 ea
278 2558 338 2593 iege
354 2562 385 2584 ut
404 2558 524 2592 ipsorum
537 2566 622 2587 naves
636 2559 696 2586 sine
710 2559 791 2594 hujus
809 2559 945 2594 permissu

144 2606 248 2632 urbem
265 2612 297 2631 ne
308 2605 449 2636 deserant,
464 2609 491 2632 et
506 2610 536 2632 ut
546 2607 680 2634 onerandi
692 2613 741 2634 eas
752 2610 834 2641 atque
845 2613 948 2634 emne-

145 2650 231 2679 randi
247 2649 364 2677 facultas
381 2651 421 2677 eis
434 2657 542 2685 semper
558 2657 660 2687 praesto
671 2653 717 2681 sit.

183 2696 294 2724 Eodem
321 2696 365 2724 die
391 2697 575 2731 Justinianus,
597 2698 690 2726 Genua
718 2699 860 2734 profectus
884 2708 945 2728 cum

145 2743 263 2772 duobus
295 2742 410 2776 navigiis
433 2749 460 2771 et
477 2745 529 2772 700
546 2745 677 2772 militibus
696 2746 859 2780 auxiliariis,
873 2747 947 2774 venit

143 2789 263 2826 Cpolin,
277 2792 304 2814 et
321 2789 356 2816 ab
372 2789 537 2823 imperatore
552 2791 607 2818 dux
621 2791 760 2826 copiarum
780 2791 946 2826 pedestrium

144 2841 175 2864 ει
194 2831 347 2870 prtefectus
369 2833 444 2861 urbis
461 2834 642 2864 occidentalis
662 2836 697 2864 ab
713 2836 836 2865 exercitu
863 2837 947 2865 sulta-

148 2884 215 2912 uico
233 2884 397 2915 oppugnata
410 2881 576 2910 declaratur.

998 2283 1086 2310 dictas
1099 2280 1265 2309 Venetorum
1286 2282 1417 2309 triremes
1432 2282 1586 2316 Tanenses,
1609 2289 1638 2310 ut
1668 2288 1694 2310 et
1722 2286 1790 2311 duas

997 2329 1075 2361 alias,
1085 2328 1182 2361 quibus
1195 2328 1359 2355 Trevisauus
1368 2334 1497 2363 praeerat,
1511 2330 1617 2364 agmine
1636 2330 1708 2357 facto
1724 2338 1788 2364 pro-

998 2375 1095 2403 cedere
1107 2374 1202 2409 jussit.
1215 2379 1245 2402 ut
1256 2380 1283 2402 et
1296 2375 1372 2402 urbis
1386 2375 1484 2403 int-olis
1498 2376 1619 2404 annulum
1633 2377 1746 2404 adderet
1761 2381 1788 2404 et

999 2422 1125 2450 hostibus
1144 2427 1246 2449 metuttt
1263 2421 1401 2457 injiceret.

1035 2469 1098 2504 Apr.
1121 2468 1148 2496 9.
1174 2467 1312 2496 Concione
1339 2473 1487 2495 c0uvoeata
1511 2469 1546 2495 de
1562 2468 1648 2496 classe
1662 2468 1731 2497 bene
1748 2460 1789 2496 at-

997 2522 1050 2549 que
1080 2515 1183 2541 utiliter
1215 2513 1369 2540 adhibenda
1403 2514 1564 2542 deliberant.
1598 2513 1663 2541 ιηδιω
1690 2523 1789 2542 novem

997 2566 1044 2588 aut
1077 2555 1170 2587 decem
1202 2567 1285 2587 naves
1316 2560 1475 2594 grandiores
1503 2569 1555 2587 una
1586 2568 1647 2587 cum
1676 2561 1788 2588 ducibus

997 2607 1191 2634 nominantur:
1212 2606 1240 2641 (5
1265 2605 1436 2639 Genuenses,
1453 2608 1470 2635 5
1495 2607 1651 2637 Cretenses.
1670 2606 1681 2632 1
1699 2608 1788 2634 Anco-

999 2653 1103 2685 neusis,
1118 2653 1131 2680 l
1153 2653 1362 2688 imperatoria);
1384 2661 1445 2688 quae
1467 2661 1562 2681 omnes
1580 2653 1721 2681 certamini
1746 2654 1787 2681 tu-

998 2707 1059 2728 turo
1076 2700 1220 2728 destinatae
1241 2708 1368 2734 magnam
1387 2705 1481 2735 portus
1495 2704 1620 2726 catenam
1653 2699 1790 2734 cingunt,

997 2747 1059 2774 dtnn
1075 2746 1101 2773 in
1118 2746 1252 2781 superiori
1273 2751 1366 2780 portus
1377 2746 1487 2780 regione
1503 2745 1534 2771 l7
1555 2745 1616 2772 alia:
1644 2753 1788 2773 reservan-

998 2797 1056 2825 tur;
1071 2793 1142 2820 inter
1154 2800 1201 2820 eus
1215 2792 1232 2819 5
1247 2793 1373 2820 triremes
1386 2792 1525 2819 Tanenses
1535 2800 1596 2819 cutn
1608 2793 1714 2820 duabus
1725 2792 1787 2820 aliis

999 2836 1165 2865 Venetorum
1201 2837 1338 2864 comnnmi
1366 2837 1507 2865 securitati
1531 2842 1708 2870 consecratae,
1726 2838 1787 2865 e15

999 2883 1183 2919 imperatoria:
1197 2882 1268 2912 malo
1286 2882 1426 2920 armisque
1443 2884 1586 2912 denudch
1599 2889 1785 2913 recensentur.
