1942 3075
164 154 228 186 1071

622 153 779 184 NICOLAI
800 146 972 183 BARBARI
994 151 1163 183 PATlllCIl
1185 150 1326 182 VENETi

1726 147 1796 181 1072

201 212 290 247 April.
318 212 362 240 ll.
380 211 512 239 Su‘tanus
528 217 664 240 tormenta
678 218 741 240 ante
763 221 854 241 muros
884 213 953 240 mari
968 216 992 245 Α
1009 212 1125 239 tantibus
1137 211 1242 239 duabus
1256 211 1414 238 triremibus
1425 214 1523 237 armat.
1540 210 1593 237 Sed
1605 210 1792 238 Genuensinm

163 259 303 294 Oppositus
322 259 519 293 quadripartito
541 259 618 293 ponit
649 259 698 294 (cf.
726 259 888 293 Phrantzes,
904 260 948 294 qui

163 306 279 333 scribit:
296 305 342 331 Ἐν
359 305 453 336 τόποις
466 305 598 341 τέσσαρσι
614 306 661 332 καὶ
679 305 745 332 δέκα
758 305 792 331 τὰ
805 306 882 341 τείχη
899 307 948 340 τῆς

166 352 274 383 Πόλεως
286 351 424 387 ἔτυπτον).
442 352 509 379 Tres
524 352 623 379 deinde
641 352 795 380 bombardae
812 354 844 379 ad
861 353 950 387 impe-

165 398 266 425 ratoris
289 398 420 433 palatium
445 397 659 431 Blaehernense;
678 399 748 429 item
780 403 836 425 tres
854 403 949 425 contra

165 449 271 478 portam
288 445 340 479 τῆς
361 445 475 479 Πηγῆςς
493 446 554 472 durae
581 445 610 471 in
641 449 745 478 portam
766 445 895 478 Auream,
922 450 950 474 et

165 495 280 522 quatuor
297 490 322 517 in
337 489 366 517 S.
382 489 497 516 Rouinni
516 493 618 523 portam
631 490 742 517 directa:
756 495 839 524 sunt;
855 498 869 517 e
888 491 950 524 qui-

165 536 215 563 bus
235 536 329 570 ingens
346 535 390 562 illa
406 534 476 562 1200
492 535 621 562 librarum
638 540 665 563 et
683 536 736 563 alia
750 536 802 564 800
818 536 948 564 librarum

166 587 359 608 memorantur.

200 627 285 660 April.
299 627 393 654 13-17.
408 627 572 654 Duotleeimo
583 627 626 654 die
641 627 705 662 Apr.
719 627 786 662 (sec.
797 628 950 656 Phrantzen

165 674 260 708 quinto
276 673 392 707 decimo)
415 673 512 701 classis
534 672 684 700 Turcarnm
701 681 716 700 θ
732 674 842 708 regione
857 679 951 708 portus

165 723 300 757 Cpolitani
322 723 456 750 anchoras
478 723 562 758 jacit;
588 722 677 757 cujus,
693 720 813 748 liarbaro
827 725 950 751 auctore,

167 776 297 795 numerus
307 768 357 795 fuit
365 768 427 800 145,
437 776 452 795 e
461 769 556 802 quibus
567 767 600 794 l2
609 767 732 793 triremes
744 765 821 800 plane
829 769 950 798 armate,

167 812 253 840 70-80
267 813 382 840 liburnae
405 813 535 848 majoros.
550 812 634 839 20-25
653 811 822 846 paramlariaa
841 811 951 847 (onera-

167 860 215 885 vize
239 859 265 886 in
291 858 354 886 belli
380 859 483 894 nsum),
514 859 619 885 cmlera:
646 858 775 885 actuaria:
798 858 951 884 traduntur.

1009 259 1105 286 Peram
1128 258 1305 285 habitantium
1337 255 1478 291 prtrft-ctus
1505 263 1535 283 ea
1552 256 1586 282 de
1611 263 1640 283 re
1654 256 1794 283 sultannm

1005 305 1149 332 certiorem
1161 303 1224 331 facit
1236 313 1243 336 ;
1254 302 1450 330 aeGenuenses
1459 302 1520 336 ipsi,
1534 301 1658 328 homines
1668 300 1794 335 perﬁdis-

1005 350 1077 382 simi,
1089 357 1151 378 cum
1168 349 1282 376 ducibus
1302 347 1412 375 Venetis
1423 350 1504 374 hosce
1517 351 1675 382 permovent
1691 352 1718 373 ut
1728 354 1793 380 pro-

1005 396 1122 430 positum
1138 402 1270 422 conamen
1289 394 1334 420 alii
1360 393 1432 420 nocti
1455 396 1635 424 reservarem,
1661 392 1792 419 auxilium

1005 449 1083 470 suum
1102 441 1264 476 pollicendo.
1278 448 1307 467 re
1322 447 1383 467 vera
1399 443 1488 466 autem
1498 438 1594 465 Turcis
1613 438 1740 466 omnibus
1753 438 1794 464 vi-
1812 434 1817 462 ζ

1005 488 1082 515 ribus
1095 487 1223 514 auxilium
1243 486 1334 514 laturi.
1812 475 1816 489 ³

1007 541 1013 546 ·
1039 534 1126 569 April.
1152 532 1247 560 25-27.
1275 533 1330 558 Hoc
1353 530 1482 565 temporis
1499 529 1642 557 intervallo
1672 535 1726 564 quo
1749 529 1789 556 nil

1004 583 1155 607 memoratu
1167 579 1277 613 digitum
1291 578 1398 610 accidit,
1414 576 1547 604 Barbarus
1559 575 1705 602 infortunia
1722 574 1794 602 ulte-

1004 627 1075 654 riora
1104 625 1231 652 Numinis
1255 618 1339 651 divini
1369 623 1497 650 ultionem
1523 628 1583 648 esse
1605 621 1732 655 opinatur
1757 621 1794 647 ob

1005 675 1115 706 peccata
1141 678 1254 705 quorum
1269 674 1334 696 aetas
1351 669 1400 696 ista
1420 675 1464 695 rea
1479 670 1563 694 esset.

1041 717 1125 753 April.
1140 717 1185 745 ‘28.
1204 716 1239 743 Ea
1251 721 1329 743 nocte
1342 715 1401 742 duae
1413 714 1538 741 triremes
1547 713 1630 741 Gabr.
1645 712 1795 740 Trevisano

1006 771 1031 792 et
1049 764 1120 791 Hier.
1137 763 1271 791 Morosino
1292 761 1382 796 equite
1404 764 1485 794 atque
1501 759 1561 786 Jac.
1579 759 1653 786 Coeo
1667 758 1793 790 ducibus,

1005 810 1156 838 Turcarnm
1172 814 1254 835 naves
1270 807 1297 834 in
1314 810 1392 840 portu
1407 805 1468 839 igne
1479 805 1617 832 cremandi
1639 812 1689 839 spe
1708 803 1794 831 desti.

1007 860 1132 883 tuunlur.
1148 853 1246 881 Fusius
1262 852 1287 879 id
1303 858 1435 878 conamen
1450 849 1588 877 Barbarus
1603 857 1684 884 quam
1701 849 1793 877 caeteri

169 905 226 931 lluc
242 903 312 931 addo
332 904 468 938 navigium
479 904 635 931 onerarium
651 903 733 930 anteis
746 903 833 938 globis
844 902 952 937 (verisi-
971 907 992 935 Β
1008 907 1103 928 omnes
1127 903 1234 926 narrat.

167 950 258 977 rnilius
273 955 365 977 autem
388 949 520 983 lapidibus
537 948 747 984 projectilibus),
763 948 877 975 materie
895 947 952 975 hel-

167 997 218 1023 lica
235 1002 361 1023 onustum
386 995 545 1030 Sinopense.
567 995 670 1023 Classis
687 994 802 1021 Turcica
822 994 900 1028 lange
919 993 953 1021 ab

167 1042 234 1069 urbe
243 1042 317 1069 littus
325 1041 497 1068 Anatolicum
509 1045 593 1069 tenet.
605 1041 656 1073 Qui
673 1042 698 1068 in
712 1041 781 1068 urbe
794 1041 954 1068 obsidentur

168 1090 369 1125 aggressionem
386 1090 502 1117 hostium
519 1089 545 1116 in
563 1090 646 1115 armis
658 1089 768 1116 assiduo
780 1093 952 1122 exspectant.

166 1136 242 1164 lotus
274 1141 372 1170 praeter
411 1140 546 1164 tormenta
576 1135 760 1163 indesinenter
792 1135 900 1169 explosa
928 1139 955 1161 et

170 1184 241 1210 leves
262 1187 355 1209 contra
378 1180 544 1210 J.-nissarios
573 1189 676 1217 pugnas
704 1181 772 1208 nihil
803 1185 954 1208 memoratu

173 1229 201 1253 Iit
218 1227 339 1261 «tignum.

202 1273 288 1308 April.
301 1273 344 1300 18.
360 1273 396 1300 Ea
410 1280 470 1307 quae
484 1273 554 1300 diem
569 1272 670 1306 Aprilis
684 1272 818 1299 decimum
829 1275 954 1299 octavum

169 1320 307 1354 prtcccssil
320 1324 399 1347 nocte
408 1319 548 1354 aggressio
559 1318 711 1346 Turcarum
723 1318 810 1352 pritno
825 1325 840 1343 a
853 1316 956 1344 Graecis

170 1365 307 1398 paululum
324 1365 490 1392 tremefactis
515 1365 675 1400 repellitur;
706 1364 832 1391 occidere
861 1362 957 1390 Turcm

169 1413 311 1445 plusquam
325 1412 447 1437 ducenti.

204 1456 293 1490 April.
302 1456 346 1483 ΕΟ.
358 1456 646 1484 Vicesimoobsidimtis
657 1455 700 1482 die
709 1461 823 1490 quatuor
832 1456 957 1485 Genuen-

170 1502 239 1527 siuut
261 1508 342 1528 navos
364 1500 510 1528 auxiliares
533 1499 736 1534 Hellespontum
765 1500 878 1533 intrant,
899 1509 958 1536 qum

171 1553 230 1583 post
239 1547 332 1575 2.xut5
340 1549 464 1575 horarum
474 1547 747 1583 ptignam'l‘urcarum
758 1547 957 1582 aggressionem

171 1596 279 1621 fortuna
300 1593 386 1629 adjuti
403 1594 553 1628 repellunt;
570 1593 625 1620 sole
638 1593 698 1620 dein
715 1593 854 1620 occidente
866 1593 958 1620 obses-

171 1648 262 1667 sorum
279 1641 404 1667 triremes
419 1639 608 1667 Genuensibus
625 1638 711 1666 obvia:
727 1638 777 1665 hos
794 1645 854 1664 cum
873 1638 957 1674 iubilo

172 1692 203 1712 ac
219 1686 338 1712 musices
355 1689 492 1712 concentu
508 1685 533 1711 in
550 1690 658 1719 portum
675 1683 870 1710 inti-omittunt.

207 1731 306 1766 Aprilis
320 1731 367 1758 ‘21.
389 1731 554 1758 Mahnmetes
571 1738 632 1757 cum
659 1729 746 1756 l0000
768 1729 905 1764 equitibus
923 1729 957 1756 ad

173 1777 287 1804 classem
301 1777 432 1811 procedit,
451 1778 477 1804 in
492 1777 632 1811 copiarum
649 1776 784 1802 navalium
802 1774 956 1810 praefectum

173 1825 270 1852 acerbe
286 1824 422 1851 invehitur
447 1828 473 1850 et
487 1824 541 1850 vita
568 1822 694 1850 incolumi
715 1829 813 1848 mttnus
833 1821 958 1848 abdicare

172 1870 265 1905 jubet;
290 1871 332 1898 cui
350 1871 423 1898 Petri
444 1870 596 1898 Laurcdani
623 1869 693 1896 ﬁlius
713 1867 886 1903 jactabuntla:
903 1875 959 1894 nte-

176 1919 267 1945 morite
286 1918 411 1954 (fortasse
432 1918 470 1946 rei
487 1917 596 1945 Venetae
611 1917 736 1944 desertor
751 1915 861 1950 aliquis)
877 1915 956 1943 classi

174 1964 330 1998 praeficitur.

212 2011 250 2038 Atl
270 2011 394 2038 comdent
413 2010 484 2037 diem
499 2010 557 2037 dira
576 2008 693 2036 vastatio
710 2008 743 2035 ab
755 2008 874 2035 hostium
894 2014 958 2042 pro-

172 2058 308 2093 jectilihus
338 2058 364 2084 in
383 2057 492 2092 regione
516 2055 677 2083 occidentali
696 2055 780 2087 facta,
813 2054 898 2081 turris
921 2055 954 2080 ad

175 2104 204 2131 S.
218 2104 331 2131 Romani
346 2109 449 2139 portam
466 2104 524 2130 sine
548 2103 646 2136 ruina;
665 2101 809 2129 conamina
833 2099 960 2127 obsesso-

175 2159 234 2177 rmn
249 2151 281 2178 ad
303 2151 477 2177 reficiendum
505 2150 633 2176 damnum
650 2148 816 2175 referuntur.

211 2197 311 2230 Aprilis
326 2196 372 2222 2‘2.
400 2196 446 2222 Die
461 2196 537 2222 lium.
562 2194 712 2221 Turcarum
739 2193 790 2220 hoc
807 2193 851 2220 die
875 2199 958 2219 naves

1043 945 1128 980 April.
1141 944 1187 972 29.
1201 943 1357 970 Navarchus
1377 941 1478 969 Diedus
1491 941 1587 968 ducem
1597 939 1717 967 triremis
1726 938 1795 966 Tra-

1006 991 1158 1028 peznntinaz
1174 991 1200 1017 in
1214 989 1278 1017 Coei
1290 988 1413 1016 destituti
1426 988 1513 1015 locum
1527 986 1689 1021 Dolphinum
1705 986 1794 1012 nomi-

1006 1045 1072 1070 nat;
1099 1038 1141 1065 cui
1171 1037 1197 1064 in
1212 1035 1390 1063 custodienda
1407 1033 1618 1061 Blacliernarum
1646 1036 1725 1066 porta
1748 1030 1792 1059 30.

1005 1084 1182 1112 Lauredanus
1210 1081 1393 1109 substituitur.
1411 1079 1476 1112 Quae
1506 1079 1604 1105 damna
1630 1077 1791 1104 obsidentes

1010 1128 1135 1155 obsessis
1151 1127 1281 1158 inferunt,
1298 1125 1332 1152 ab
1348 1125 1421 1151 hisce
1442 1123 1518 1150 illico
1533 1126 1706 1156 reparantur.
1721 1120 1795 1148 Nihil

1007 1178 1139 1209 praeterea
1149 1173 1219 1207 quod
1230 1172 1361 1198 memoria
1375 1169 1485 1203 digitum
1499 1167 1544 1201 sit,
1558 1172 1648 1195 actum
1662 1166 1689 1192 in
1702 1173 1796 1193 mense

1008 1220 1098 1254 aprili.

1044 1267 1115 1294 Maii.
1128 1266 1153 1296 l.
1165 1265 1192 1292 2.
1206 1265 1277 1292 idem
1288 1264 1321 1291 de
1331 1263 1435 1291 duobus
1444 1262 1520 1289 hisce
1529 1261 1624 1289 diebus
1637 1259 1794 1287 dicendurm.

1008 1314 1202 1341 Alimentorum
1217 1312 1243 1338 in
1256 1311 1323 1338 urbe
1334 1309 1459 1345 penuria.

1043 1359 1107 1386 Maii
1123 1359 1149 1390 3.
1161 1359 1188 1385 ι,
1206 1357 1340 1392 Cpolitani
1356 1355 1480 1383 hostibus
1497 1354 1523 1380 in
1538 1358 1616 1388 portu
1633 1352 1702 1379 duas
1716 1351 1797 1378 bom-

1008 1406 1107 1434 bardas
1122 1408 1269 1438 opponunt;
1285 1403 1381 1430 Turcae
1395 1401 1462 1428 duas
1477 1400 1599 1434 ejusdem
1610 1398 1724 1432 generis
1735 1404 1796 1423 ma-

1008 1451 1102 1479 chinas
1114 1455 1223 1484 ponunt.
1243 1448 1293 1476 Per
1308 1448 1400 1475 decem
1416 1446 1477 1473 dein
1492 1446 1550 1472 dies
1563 1451 1595 1471 ac
1610 1443 1723 1470 totidem
1746 1450 1799 1470 no-

1010 1502 1069 1524 ctes
1087 1496 1216 1530 utrinque
1234 1498 1369 1522 tormenta
1384 1494 1483 1520 sudant
1499 1491 1558 1518 sine
1576 1490 1677 1517 effectu
1694 1496 1800 1516 memo-

1012 1541 1100 1569 rabili.
1117 1540 1291 1575 Imperatoris
1304 1539 1381 1574 jussu
1399 1537 1474 1564 navis
1492 1535 1614 1563 actuaria
1631 1541 1724 1561 versus
1741 1533 1799 1560 Ne-

972 1575 994 1604 c
1012 1586 1137 1621 groponti
1162 1585 1280 1612 insulam
1299 1583 1425 1612 mittitur.
1443 1581 1605 1608 Venetorum
1619 1579 1733 1606 classem
1747 1585 1799 1605 ex-

1012 1634 1144 1668 qnisitura
1166 1637 1194 1659 et
1211 1639 1225 1657 a
1243 1630 1268 1657 J.
1289 1628 1450 1656 Lauredano
1466 1626 1634 1663 postnlatura
1650 1630 1679 1652 ut
1694 1625 1754 1652 urbi
1770 1625 1798 1652 iu

1014 1678 1145 1706 extremis
1174 1677 1263 1712 agenti
1293 1676 1354 1703 sine
1378 1682 1452 1701 mora
1481 1676 1666 1700 succurreret.
1689 1671 1722 1697 Et
1739 1671 1799 1698 hrec

1013 1724 1121 1759 quidem
1142 1723 1192 1750 sub
1205 1721 1307 1749 vexillo
1322 1720 1438 1748 Turcico
1453 1724 1480 1747 et
1501 1719 1629 1746 simulato
1644 1718 1798 1745 Turcarum

1017 1771 1181 1798 vestimento
1203 1767 1413 1803 Archipclagum
1433 1765 1566 1801 pervadit.
1583 1764 1631 1792 sed
1648 1771 1676 1792 re
1694 1762 1799 1790 infecta

1013 1817 1108 1852 Cpolin
1129 1816 1284 1844 revertitur.

1049 1863 1112 1890 Maii
1126 1863 1152 1890 5.
1169 1862 1262 1889 Turcaz
1277 1860 1367 1895 plores
1382 1859 1546 1886 bombnrdas
1561 1858 1589 1884 in
1605 1862 1698 1884 monte
1722 1855 1801 1883 Peras

1013 1910 1173 1937 imminente
1195 1909 1306 1939 sistunt,
1328 1911 1409 1942 atque
1434 1905 1495 1932 inde
1522 1904 1644 1931 hostium
1665 1909 1750 1929 naves
1771 1901 1800 1928 in

1013 1961 1092 1991 portu
1110 1962 1155 1990 per
1169 1958 1252 1981 totam
1266 1957 1368 1980 catena:
1387 1958 1491 1985 magnae
1512 1949 1709 1984 longitudinem
1735 1953 1795 1974 tor-

1016 2001 1113 2029 mentis
1126 2003 1228 2035 petunt.
1242 1998 1276 2026 Et
1289 1998 1385 2026 tertius
1398 1997 1506 2032 quidem
1523 2002 1617 2022 aeneus
1628 1994 1723 2028 globus
1735 2001 1800 2028 pro-

1012 2049 1100 2083 jectus
1117 2046 1286 2074 Genuensem
1313 2051 1410 2071 navem
1426 2042 1562 2070 mercibus
1590 2048 1623 2068 ac
1646 2044 1801 2067 commeatu

1017 2095 1123 2129 plenam
1141 2093 1167 2119 in
1183 2091 1266 2118 maris
1282 2091 1334 2117 ima
1351 2089 1483 2117 detrudit.
1499 2087 1718 2115 Christianorum
1738 2086 1802 2112 inde

1015 2147 1098 2167 nares
1114 2139 1188 2165 Pera;
1203 2138 1302 2164 moenia
1315 2143 1369 2163 non
1384 2136 1444 2162 sine
1457 2135 1555 2162 damno
1573 2136 1709 2166 repetunt.
1726 2131 1802 2158 Tur-

1017 2193 1057 2213 cte
1087 2190 1228 2220 postquam
1258 2183 1352 2210 eadem
1385 2185 1517 2209 tormenta
1543 2179 1682 2214 Kynegion
1706 2185 1803 2205 versus

175 2245 192 2270 5
206 2244 273 2269 tnill.
292 2243 351 2270 Ital.
376 2241 472 2268 itinere
490 2240 612 2268 terrestri
635 2247 649 2266 a
668 2239 787 2274 Bosporo
804 2240 830 2266 in
851 2244 958 2273 portum
978 2248 1002 2277 υ
1016 2233 1076 2259 sine
1091 2231 1186 2258 etfeclu
1202 2229 1377 2260 direxisset“.
1403 2232 1539 2261 postremo
1555 2226 1587 2252 iis
1609 2232 1670 2259 quae
1697 2224 1802 2251 moenia

176 2290 347 2324 Cpolitnnttm
363 2293 592 2323 transportantur.
608 2287 710 2314 Auctor
725 2291 882 2314 nosternon
899 2285 958 2312 sine

177 2336 258 2362 animi
271 2328 430 2369 tegritudiue
444 2335 535 2366 refert,
550 2333 582 2361 72
596 2341 678 2361 naves
689 2337 810 2360 armatas
824 2331 955 2367 cylindris

177 2382 319 2417 impositas
330 2389 377 2416 per
392 2385 510 2408 montem
528 2380 571 2406 cui
588 2378 655 2406 Pera
679 2378 712 2405 ad
741 2377 959 2412 septentrionem

172 2427 287 2460 insidet,
305 2435 318 2453 a
335 2427 395 2453 lixis
411 2431 437 2453 ct
462 2425 599 2460 plebecula
615 2424 734 2452 Turcica
756 2423 880 2450 ntanibus
900 2426 963 2449 tra-

177 2480 236 2500 ctas
248 2474 342 2500 fuisse.
356 2472 489 2507 Cpolitani
502 2471 527 2498 iu
546 2471 611 2498 urbe
626 2469 733 2502 inclusi,
746 2477 859 2503 quorum
870 2468 963 2503 paucis

178 2520 292 2547 navibus
313 2520 439 2552 utrinque
455 2518 604 2552 periculum
628 2516 662 2543 ab
680 2515 798 2552 hostium
811 2516 898 2542 classe
912 2514 962 2541 itit-

179 2566 272 2598 miuet,
304 2565 440 2591 triremem
458 2570 540 2589 unum
569 2561 690 2596 prmsidii
720 2560 779 2588 loco
804 2561 837 2587 ad
865 2561 962 2586 fretum

177 2613 248 2647 quod
264 2611 338 2638 Pera!
353 2610 456 2645 adiacet
476 2613 588 2642 ponunt,
605 2608 693 2634 navali
710 2607 837 2642 praefecto
850 2606 958 2641 signum

178 2659 314 2690 daturam,
324 2657 367 2683 ubi
380 2657 472 2683 hostes
488 2655 558 2682 forte
573 2654 774 2689 aggressionem
787 2656 962 2680 conarentur.

214 2705 313 2740 Aprilis
327 2704 372 2731 Ξῖ).
389 2705 418 2730 1η
433 2703 490 2730 uade
510 2702 538 2729 S.
557 2701 649 2729 Maria:
664 2701 856 2735 (Hodegetrim,
875 2703 903 2725 ut
921 2699 961 2725 vi~

181 2752 272 2786 dt‘lttr)
290 2751 339 2778 viri
361 2751 394 2777 ad
411 2751 462 2777 hoc
489 2748 630 2776 convocati
652 2748 805 2775 deliberant
826 2745 962 2781 quomodo

180 2798 297 2824 hostium
315 2805 420 2824 narcse
441 2802 519 2830 portu
536 2795 676 2831 ejiciendze
697 2793 793 2820 forent.

216 2843 316 2876 Aprdis
339 2843 384 2870 ιλιι.
411 2842 528 2870 Donmus
555 2841 612 2869 Jac.
637 2840 734 2872 Cocus,
753 2839 870 2866 triremis
893 2837 964 2864 illius

181 2886 386 2920 Trapezuntinae
395 2893 534 2922 patronus,
544 2887 610 2914 duas
625 2891 801 2921 navesonera
807 2884 869 2916 rios,
880 2882 964 2910 comi-

1018 2278 1146 2306 interiora
1160 2275 1301 2310 tegebant,
1319 2275 1456 2302 addidere.

1054 2323 1115 2350 Maii
1131 2322 1158 2349 6.
1175 2322 1230 2349 Hac
1241 2328 1349 2356 quoque
1364 2319 1503 2346 Dominica
1526 2317 1571 2344 die
1586 2321 1721 2344 tormenta
1741 2322 1805 2349 pcr-

1016 2375 1098 2405 petno
1114 2368 1270 2395 fttlmittant.

1052 2415 1114 2442 Maii
1132 2415 1158 2441 'l.
1173 2411 1316 2448 Aggressio
1330 2416 1462 2439 nocturna
1474 2417 1488 2437 a
1505 2408 1593 2437 30000
1613 2406 1711 2434 Turcis
1727 2406 1804 2433 facta

1017 2461 1124 2489 fortiter
1156 2460 1314 2494 repellitur;
1330 2458 1357 2484 in
1383 2464 1435 2492 qua
1460 2457 1592 2483 clamores
1613 2454 1740 2487 stupendi
1768 2454 1804 2480 ad

1014 2508 1192 2537 Anatolicum
1212 2512 1298 2540 usque
1328 2511 1404 2531 mare
1429 2503 1606 2537 pervadentes
1634 2501 1759 2528 fecerunt
1775 2505 1806 2526 nt

1016 2556 1092 2583 urhis
1108 2553 1266 2581 defensores
1278 2557 1348 2578 terra
1362 2550 1484 2583 marique
1499 2548 1533 2575 ad
1544 2554 1661 2582 pugnam
1674 2553 1703 2573 se
1711 2547 1807 2573 accin-

1015 2605 1122 2636 gerent.
1132 2600 1173 2627 Nil
1186 2604 1276 2626 tamen
1290 2605 1306 2624 a
1317 2596 1415 2623 Turcis
1426 2595 1494 2621 ultra
1513 2599 1657 2623 tentatum.
1668 2593 1721 2619 nisi
1730 2593 1806 2627 quod

1015 2646 1194 2675 ablturientes
1206 2645 1294 2678 ignem
1313 2645 1399 2676 portae
1416 2640 1546 2667 Palatina:
1569 2639 1705 2670 subdunt;
1721 2645 1806 2671 quam

1014 2694 1113 2722 deinde
1126 2691 1212 2719 Graeci
1230 2697 1308 2716 muro
1321 2690 1478 2716 obstruunt.
1508 2686 1596 2713 Naves
1618 2685 1702 2719 priori
1730 2684 1807 2711 circa

1015 2745 1137 2768 catenam
1155 2737 1274 2765 statione
1287 2736 1378 2770 potita:
1393 2737 1467 2760 sunt.

1053 2785 1114 2812 Maii
1130 2785 1158 2811 8.
1174 2784 1316 2812 Decretum
1335 2789 1349 2807 a
1377 2779 1590 2807 Duodecimviris
1609 2782 1650 2805 est
1677 2781 1707 2804 ut
1724 2777 1808 2804 trire-

1016 2840 1074 2860 mes
1085 2832 1224 2859 Tanenses
1249 2832 1405 2856 exonerata
1418 2828 1445 2853 in
1461 2823 1703 2852 armamentarium
1718 2828 1808 2849 trans-

1017 2883 1201 2915 portarentur.
1227 2875 1346 2903 Navibus
1359 2873 1398 2901 sic
1411 2870 1593 2900 exonerandis
1604 2872 1712 2897 armata
1724 2875 1808 2896 manu
