1942 3075
136 161 207 194 1073

523 163 766 194 EPHEMEHID.
791 164 839 195 DE
861 165 998 196 CPOLIS
1019 166 1336 199 EXPUGNATIONE.

1696 167 1764 199 1074

135 218 283 251 obsistunt,
307 226 340 246 ne
362 219 412 247 sub
427 220 570 247 arbitrium
592 220 748 247 Graecorum
776 220 924 253 caderent,
941 225 964 253 Α
979 228 1107 257 quantam
1125 225 1286 259 sagittarum
1307 225 1404 251 mutent
1426 224 1451 251 in
1467 225 1559 252 urbem
1578 225 1768 260 proiecerunt,

135 265 263 294 triremes
278 265 398 293 dicentes
407 266 458 294 sibi
471 273 520 300 pro
530 267 655 294 domibus
681 274 744 294 esse
757 275 765 300 ;
783 267 861 298 mari,
877 274 925 294 ue-

136 319 190 347 que
209 319 273 340 vero
288 313 314 339 itt
335 313 482 341 continenti
499 314 550 341 sibi
567 313 712 340 vivendum
729 317 777 340 aut
803 313 925 340 merien-

137 359 202 385 dum
216 366 287 387 esse.
297 357 360 386 Haec
380 361 514 387 sententia
530 360 612 393 vicit;
625 365 652 387 et
666 360 716 394 ipsi
731 364 758 387 et
771 361 925 387 uavarcbus

139 405 166 431 itt
179 404 270 431 liuore
287 404 411 432 Peratico
429 410 582 434 remanent.
598 404 744 432 Tortnenta
761 406 833 432 circa
857 414 923 441 por—

139 455 193 477 tam
210 451 240 477 S.
252 451 366 478 Romani
382 456 513 486 perpetuo
527 451 621 487 globos
636 451 794 486 projiciunt.

173 496 236 524 Maii
252 497 279 525 9.
298 498 469 533 Dom.,Gabr.
485 499 649 527 Trevisanus
658 507 690 526 ex
702 500 840 527 voluntate
852 500 926 526 Dun-

139 542 349 570 decimrirorum
363 545 403 572 sic
416 544 569 579 jubentium
595 544 647 572 400
665 545 768 572 milites
788 553 803 572 θ
819 546 925 572 duabus

140 589 296 617 triremibus
320 592 467 618 arcessitos
493 598 571 618 tnuro
600 592 721 618 terrestri
745 591 926 619 custodiendo

139 634 282 668 impendit.

176 679 237 707 Maii
255 680 297 708 l0.
318 679 346 707 in
367 681 498 708 concione
517 681 608 709 habita
624 689 637 709 a
652 682 797 710 duodecim
816 683 882 710 viris
898 683 924 710 in

140 726 198 753 :rde
209 726 237 754 S.
248 726 339 754 Maria:
350 726 427 754 Dom.
439 727 537 754 Diedns
552 728 705 755 navarchns
718 728 812 757 classis
822 737 853 756 ea
868 730 925 764 lege

140 772 308 806 designatur,
325 778 353 799 ut
371 778 464 808 portus
476 775 614 809 totiusque
626 775 662 802 rei
675 776 819 803 maritume
831 783 924 803 curam

139 826 189 845 ttro
207 819 284 846 libito
300 825 387 853 gerat.
547 819 552 829 '

175 867 236 894 Maii
253 868 295 894 ll.
311 868 383 895 Idem
401 873 594 896 tormentorum
610 870 733 897 funestus
745 870 832 898 labor.

179 914 239 940 Itlaii
258 914 298 942 l2.
315 914 412 942 Turea':
431 914 520 942 50000
536 924 596 942 cum
613 917 702 943 solitis
716 917 881 946 clamoribus
899 925 927 946 et

141 960 254 993 strepitu
281 965 471 995 tympanorum
504 961 690 996 tibiarumque
707 961 818 989 dissono
847 963 926 991 clan-

141 1014 206 1039 gare
222 1013 329 1032 murum
345 1006 418 1033 circa
434 1006 566 1041 palatium
585 1007 666 1033 situm
685 1008 864 1042 adoriuntur;
879 1009 925 1036 sed

142 1051 328 1078 llliSCl‘lt'Ol’liiil
348 1050 414 1079 .lesu
429 1052 531 1079 Chriin
558 1053 705 1088 perniciem
726 1060 876 1082 extremam
893 1056 927 1083 ab

143 1098 209 1125 urbe
231 1098 280 1124 hac
297 1100 356 1126 vice
372 1099 480 1132 avertit,
495 1099 568 1133 quia,
587 1104 615 1126 ιιι
632 1099 768 1127 Barbarus
790 1101 926 1135 opinalttrI

144 1143 237 1178 Cpolis
269 1145 403 1171 exciditur)
429 1146 576 1172 secundum
595 1145 623 1172 S.
643 1146 738 1178 imper.
757 1146 927 1173 Constantini

142 1190 311 1224 pt‘ttpltetinltt
330 1198 381 1216 nott
396 1191 532 1224 praesenti,
545 1191 591 1217 sed
609 1191 731 1218 ulteriori
755 1193 824 1219 luna:
852 1193 927 1227 phasi

144 1239 310 1261 reservatum
326 1240 409 1262 esset.
919 1263 922 1269 ,

180 1280 240 1307 Maii
259 1280 301 1307 15.
317 1281 393 1308 Dom.
407 1281 573 1309 Trevisanns
592 1282 689 1309 classis
705 1282 849 1316 pt'zefectn:
865 1290 926 1310 cum

143 1327 275 1354 militibus
301 1328 357 1355 suis
375 1329 407 1354 ad
429 1334 527 1356 terram
554 1329 653 1356 moenia
674 1328 836 1355 defensurus
865 1328 927 1356 lmsa

143 1373 263 1408 appellit.
281 1373 319 1400 Eo
333 1374 392 1401 loco
407 1375 439 1400 ad
455 1380 635 1409 expugnatam
658 1383 743 1410 usque
761 1376 855 1402 urbem
875 1382 927 1402 non

143 1420 413 1449 recedil.Secuudnnt
423 1420 584 1447 Pbrantzetn
595 1420 666 1448 inter
676 1421 811 1456 Kynegiou
821 1426 846 1448 et
857 1421 930 1454 pala-

144 1469 208 1495 tittm
216 1467 368 1495 Caesareum
379 1471 511 1502 pastorem
521 1474 617 1498 se,non
629 1473 763 1494 moreenat
771 1470 824 1493 inut
834 1467 926 1501 gessit.

178 1513 386 1541 Tormentorum
414 1521 462 1548 per
474 1514 499 1540 id
530 1518 636 1548 tempus
667 1521 720 1540 non
760 1513 929 1547 interruptus

143 1559 214 1595 ignis
230 1565 324 1586 cotttra
345 1567 449 1586 murum
462 1558 669 1586 occidentalem.

180 1606 240 1634 Maii
254 1606 297 1633 14.
308 1605 415 1639 Tun-ac,
428 1610 456 1633 ut
467 1606 523 1640 jam
535 1605 662 1637 vidimus,
672 1608 804 1631 tormenta
815 1612 829 1631 a
839 1610 929 1632 monte

149 1652 242 1686 Ἀγίου
258 1652 395 1687 Θεοδώρου
408 1659 455 1686 per
469 1650 564 1678 Pcram
580 1657 688 1678 versum
715 1652 851 1685 Κυνηγιου
866 1658 927 1684 por-

144 1705 198 1727 tant
214 1707 229 1727 c
241 1700 350 1734 regione
366 1703 462 1733 portus
477 1699 588 1726 trahunt
609 1703 636 1724 et
666 1698 837 1733 postmodum
860 1704 930 1732 pone

144 1751 250 1782 portam
267 1746 296 1773 S.
314 1746 428 1772 Romani
455 1748 567 1779 ponunt,
586 1744 630 1772 ubi
645 1751 739 1770 murus
760 1743 877 1778 pessime
890 1743 929 1770 la-

143 1793 268 1822 borabat.
278 1792 401 1826 quamvis
417 1791 520 1818 obsessi
545 1789 650 1817 damnis
667 1790 750 1817 illatis
765 1797 813 1824 pro
827 1790 929 1818 viribus

144 1839 252 1867 mederi
263 1840 413 1866 studerent.
437 1837 565 1864 Trecenti
582 1837 632 1864 viri
661 1837 804 1862 maximam
820 1840 927 1869 partem

144 1885 338 1920 pyrotechnitte
353 1889 380 1911 et
393 1883 525 1919 sagittarii
552 1883 631 1910 istaut
651 1887 754 1917 portam
781 1887 927 1916 oreupant,

144 1940 239 1961 ontnes
250 1931 395 1966 peregrini,
410 1930 531 1964 exceptis
546 1929 658 1962 Griecis,
673 1937 789 1964 quarunt
814 1929 927 1964 pusilla-

143 1980 293 2007 nimitatetu
309 1983 402 2004 auctor
414 1983 504 2004 noster
515 1984 609 2003 severe
625 1977 752 2011 castigat.

180 2025 240 2053 Maii
256 2025 297 2052 15.
312 2024 520 2051 Tormentorum
535 2021 680 2055 irrequieta
694 2021 815 2056 cxplosro
825 2025 852 2048 et
863 2028 928 2057 par-

144 2073 211 2100 tiunt
228 2073 290 2099 inde
306 2071 429 2098 lazsarum
446 2069 539 2097 sedula
565 2067 700 2102 reparatio
715 2075 722 2100 ;
743 2073 869 2109 caeterum
888 2067 929 2095 itt-

143 2120 240 2147 ducite.

178 2165 241 2193 “aii
257 2165 297 2192 l6.
316 2163 466 2190 Turcarum
488 2161 592 2196 aliquot
611 2168 693 2188 naves
710 2160 840 2187 actuariae
856 2164 928 2187 cate-

143 2221 183 2241 nze
200 2213 272 2239 circa
290 2214 396 2246 portum
414 2207 634 2243 appropinquant
651 2211 677 2233 ct
691 2207 865 2233 obsessorum
880 2213 928 2234 na—

978 273 1006 294 ut
1017 268 1060 300 qul
1078 268 1149 295 intus
1158 274 1248 296 essent
1262 274 1386 297 extremo
1398 270 1496 297 timore
1507 270 1690 298 allicerentur.

1015 314 1076 340 Maii
1092 314 1136 341 l9.
1155 313 1211 342 Hoc
1235 315 1343 342 demunt
1371 321 1492 351 tempore
1516 324 1583 351 pons
1611 315 1764 349 conjunctis

977 352 1091 388 navibus
1113 360 1251 387 rorffectus
1267 369 1281 387 a
1296 360 1391 388 Galata
1419 361 1451 388 ad
1476 362 1615 396 Kynegion
1630 363 1764 389 exsistere

976 405 1070 439 coepit.
1094 411 1122 432 ut
1148 405 1284 434 Barbarus
1308 407 1394 440 dicit;
1423 407 1569 434 secundmtt
1600 408 1762 434 Pltranlzem

977 458 1042 478 vero
1058 457 1117 486 post
1137 461 1219 480 naves
1241 457 1440 487 transportatas
1470 454 1559 481 locu-.n
1578 453 1715 483 habuerit.
1734 457 1764 479 ιιι

976 500 1117 525 taceamus
1132 498 1336 532 chronologiam
1359 500 1544 526 contusiorem
1559 499 1704 530 Leonardi,
1717 499 1761 532 qui

976 551 1037 570 eum
1059 549 1122 571 ante
1136 551 1250 578 pugnant
1270 545 1392 572 navalem
1409 545 1509 572 factum
1526 554 1588 573 esse
1603 554 1665 573 cum
1681 547 1762 572 totius

977 588 1078 616 mensis
1106 589 1258 616 diﬂerentia
1279 595 1381 617 censet.
1409 590 1489 618 Certe
1510 591 1596 617 Ducas
1618 591 1668 617 hac
1694 592 1719 617 ιιι
1735 598 1763 617 te

976 642 1038 661 cum
1058 634 1178 662 Bai-baro
1193 641 1287 662 nostro
1300 636 1410 671 propius
1426 637 1576 664 cortScntit.
1600 636 1696 663 Turcze
1707 636 1765 671 glo-

977 682 1026 708 bos
1040 688 1124 708 aereos
1143 681 1169 708 in
1183 682 1276 709 hostes
1293 686 1422 716 torquere
1438 688 1465 709 et
1493 691 1582 710 aerem
1598 683 1764 711 clamoribus

978 727 1081 760 replere
1096 734 1148 754 non
1168 726 1304 755 desistunt
1319 736 1326 761 ;
1343 729 1446 756 obsessi
1467 730 1564 756 datttna
1590 729 1665 756 illata
1683 737 1762 764 repa-

977 777 1048 799 falli.

1012 818 1074 846 Maii
1091 819 1137 847 20.
1158 819 1292 847 Barbarus
1310 820 1477 847 inclusorum
1497 827 1610 848 conatus
1627 826 1657 848 ιιι
1672 828 1764 848 muros

979 865 1084 893 hiantes
1097 866 1240 894 reﬁcerent
1256 866 1349 898 refert.
1366 868 1409 894 cui
1425 868 1500 901 operi
1521 868 1659 900 mulieres,
1675 869 1763 901 pueri,

945 918 964 944 ις
978 919 1067 943 senes.
1083 913 1260 940 ecclesiastici
1278 914 1350 940 vires
1363 921 1426 940 suas
1437 914 1640 947 impendebant.
1653 913 1765 940 Mentio-

980 967 1040 985 ιιι-ιιι
1055 965 1182 994 prta-terea
1199 959 1314 994 ingentis
1324 960 1397 987 illius
1408 960 1539 987 machinae
1549 959 1611 986 facit
1625 959 1691 986 l2ll0
1701 960 1763 986 libr.

979 1005 1081 1039 lapides
1095 1007 1256 1038 cmittentis,
1269 1012 1296 1034 et
1317 1015 1369 1042 qua
1398 1007 1562 1033 inﬂammata
1587 1014 1639 1032 non
1665 1007 1763 1032 mtenia

980 1054 1096 1083 tamnm,
1112 1052 1157 1077 sed
1176 1051 1253 1078 urbis
1270 1053 1454 1086 pavimentum
1474 1059 1504 1078 ac
1519 1059 1603 1078 naves
1631 1051 1657 1077 in
1685 1057 1764 1085 porttt

979 1097 1220 1124 vehementissime
1231 1098 1465 1125 concutiebantur.

1014 1142 1075 1169 Maii
1089 1143 1133 1169 21.
1153 1142 1220 1169 Tota
1235 1143 1329 1170 classis
1349 1143 1466 1170 hostium
1484 1142 1530 1170 ditt
1558 1148 1621 1169 ante
1637 1142 1702 1169 solis
1721 1150 1766 1170 or-

980 1193 1036 1215 tum
1058 1189 1260 1223 aggressionem
1280 1190 1415 1222 minatur;
1433 1194 1575 1224 p0stquam
1599 1193 1689 1215 autem
1713 1189 1766 1215 (ιι).

979 1242 1118 1261 sessorum
1140 1236 1246 1269 navigia
1265 1236 1297 1262 ad
1314 1236 1488 1271 pugnantium
1503 1240 1597 1272 parata
1618 1235 1690 1262 circa
1708 1242 1765 1261 uta-

980 1287 1059 1314 gnam
1073 1286 1195 1308 catenam
1208 1282 1350 1315 vidissent,
1365 1282 1431 1308 nihil
1449 1287 1598 1312 tentarunt,
1610 1281 1663 1308 imo
1674 1288 1767 1308 reces-

980 1331 1084 1354 Seruut.

1015 1373 1099 1399 Iidem
1116 1374 1271 1400 cuniculum
1293 1381 1306 1400 a
1320 1373 1417 1400 Turcis
1434 1373 1577 1401 saltussunt
1593 1374 1638 1400 ubi
1649 1373 1768 1401 detexis-

980 1423 1040 1444 sent
1056 1425 1139 1453 prope
1150 1426 1254 1453 portam
1269 1419 1442 1452 Caligariam.
1456 1421 1662 1449 obstruxerunt.
1677 1419 1765 1446 fosso-

982 1471 1078 1498 rcsque
1097 1465 1279 1492 trucidarunt.
1304 1466 1392 1493 Nihilo
1418 1466 1506 1493 secius
1536 1466 1618 1493 hocce
1638 1466 1681 1493 die
1707 1474 1766 1492 tutt-

981 1518 1029 1538 rus
1047 1516 1073 1538 et
1089 1512 1172 1539 turris
1189 1513 1238 1546 ipsi
1257 1513 1424 1547 propinquus
1441 1512 1585 1540 admodum
1612 1512 1675 1539 laesa
1690 1518 1765 1544 sunt,

982 1562 1008 1584 et
1024 1565 1069 1592 qut
1088 1558 1157 1584 intra
1176 1559 1270 1585 ttrbem
1297 1563 1386 1590 erant,
1417 1558 1550 1585 indefesso
1571 1558 1662 1586 labore
1683 1563 1766 1593 atque

981 1603 1110 1630 :crumnis
1125 1605 1244 1629 membra
1260 1610 1330 1638 a'gra
1356 1603 1501 1630 habebant.

1018 1649 1077 1676 Maii
1093 1649 1139 1676 22.
1151 1649 1299 1676 Cutticttlus
1315 1657 1397 1684 prope
1413 1656 1518 1684 portatu
1536 1649 1700 1684 Caligariam
1719 1651 1766 1678 de-

980 1702 1035 1722 nuo
1050 1695 1207 1722 obstructus
1227 1703 1302 1730 spettt
1321 1696 1456 1723 fossorum
1473 1696 1578 1724 fefellit.
1594 1696 1662 1724 Miro
1677 1701 1765 1724 autent

981 1742 1085 1770 cmlesti
1100 1742 1255 1777 spectaculo
1271 1748 1417 1776 conspecto
1429 1742 1576 1777 (Barbarus
1593 1751 1765 1771 communem

981 1789 1050 1815 luna:
1067 1789 1182 1822 ellipsim
1200 1789 1360 1823 nuncupat),
1373 1789 1521 1822 Cpulitaui,
1535 1790 1681 1824 prophetiae
1695 1791 1767 1818 Con-

980 1834 1091 1861 stantini
1115 1834 1179 1869 imp.
1197 1842 1345 1868 metueres,
1365 1835 1474 1869 signum
1490 1836 1576 1863 ruina:
1589 1837 1764 1870 imminentis,

980 1881 1075 1908 Tureze
1093 1881 1212 1908 victoria:
1233 1882 1330 1916 pignus
1350 1882 1485 1909 viderunt.

1017 1926 1077 1953 Maii
1090 1927 1135 1953 25.
1151 1926 1259 1954 Tertius
1276 1935 1354 1961 porro
1369 1928 1512 1955 cuniculus
1524 1935 1611 1964 prope
1623 1929 1765 1964 Caligariae

981 1978 1084 2007 portatu
1099 1978 1125 2000 et
1139 1974 1267 2008 palatium
1281 1975 1453 2008 imperatoris
1470 1975 1597 2002 inventus
1614 1984 1696 2003 causa
1714 1976 1765 2004 fuit

980 2027 1029 2046 cur
1042 2019 1227 2047 machinarum
1245 2021 1403 2047 bellicarum
1417 2021 1535 2048 artilices
1555 2021 1659 2055 aliquot
1683 2031 1764 2049 tttantt

983 2071 1164 2100 caperentur;
1181 2066 1226 2100 qtti
1241 2071 1385 2101 postquam
1400 2066 1467 2101 jussi
1487 2067 1618 2094 dixissent
1635 2068 1678 2094 ubi
1695 2069 1763 2095 loco-

981 2119 1040 2138 rum
1053 2111 1096 2138 alii
1109 2113 1226 2139 cuniculi
1240 2113 1334 2140 structi
1351 2118 1456 2144 csscnt,
1471 2113 1600 2140 abscissis
1629 2114 1765 2149 capitibus

980 2166 1028 2193 per
1044 2167 1136 2186 muros
1154 2159 1180 2186 itt
1192 2159 1345 2186 'l‘urearum
1363 2160 1644 2194 castradejectisunt.
1658 2175 1693 2180 —
1709 2161 1766 2188 lloe

980 2206 1074 2233 eodem
1099 2205 1141 2232 die
1163 2206 1240 2233 navis
1254 2207 1385 2238 actuaria,
1399 2211 1495 2240 quarto
1511 2206 1571 2240 ejus
1588 2207 1689 2234 mensis
1708 2207 1765 2240 die,

142 2268 188 2289 ves
202 2260 360 2287 adoriuntur
374 2266 382 2290 -,
400 2256 490 2283 subito
510 2259 600 2282 autem
616 2259 687 2280 metu
707 2261 739 2280 ne
762 2253 928 2288 repellantur
945 2260 965 2287 ο
981 2251 1013 2278 ad
1023 2253 1196 2285 quaerendam
1207 2252 1373 2279 Venetorum
1388 2253 1503 2278 classem
1520 2252 1547 2279 in
1558 2252 1765 2288 Archipelagum

141 2305 228 2338 inviti,
244 2310 316 2331 retro
336 2303 447 2330 abettnt.
468 2299 590 2327 Cuniculi
606 2307 620 2326 a
635 2298 732 2327 Turcis
752 2299 842 2327 ellossi
853 2300 925 2326 circa

140 2357 244 2387 portam
254 2350 415 2384 Kaligariam
423 2356 437 2375 a
445 2347 541 2382 Magno
551 2347 618 2374 duce
629 2347 726 2374 detecti
736 2346 925 2380 frustratique.

176 2398 235 2426 Maii
262 2398 305 2424 ΓΙ.
328 2396 453 2430 Quinque
481 2394 633 2421 Turcarum
658 2401 740 2421 naves
766 2392 926 2427 explorandi

138 2452 204 2478 ergo
230 2444 264 2470 ad
292 2447 414 2469 catenam
445 2447 532 2475 usque
557 2444 652 2474 portus
684 2439 846 2474 procedunt.
879 2438 926 2466 sed

138 2490 173 2518 70
187 2489 286 2517 ictibus
304 2487 391 2522 iisque
408 2487 492 2514 irritis
507 2487 614 2520 excepti
631 2493 683 2521 qua
710 2485 827 2512 maxima
846 2489 925 2520 pote-

138 2541 201 2564 rant
228 2535 368 2563 celeritate
395 2533 545 2568 autogiuut.
568 2532 603 2560 At
624 2539 718 2559 omnes
743 2536 868 2558 metuunt
893 2538 927 2558 ne

139 2583 226 2610 hostis
237 2582 301 2609 totis
310 2581 413 2608 viribus
423 2580 516 2607 urbem
529 2580 680 2610 adoriatur,
688 2578 732 2605 cui
746 2578 836 2606 resisti
846 2584 927 2612 posse

139 2636 233 2657 omnes
247 2629 438 2663 desperabant.

174 2675 235 2702 Maii
251 2675 294 2702 18.
309 2675 404 2702 Turca:
416 2682 462 2709 per
479 2674 566 2700 noctis
583 2672 698 2708 spatium
712 2671 853 2700 machinas
867 2671 927 2700 illas

139 2722 262 2753 turritas,
276 2729 289 2746 a
304 2721 424 2747 Barbaro
438 2726 548 2754 quoque
563 2723 656 2746 nostro
667 2726 727 2746 cum
746 2717 926 2754 admiratioiie

139 2772 314 2799 memoratas,
326 2767 475 2794 coniiciunt
489 2775 496 2800 ;
510 2774 560 2793 nec
572 2766 640 2792 satis
654 2765 746 2792 tnirari
758 2766 845 2800 potuit
856 2763 926 2791 Tur-

139 2821 186 2841 cas
199 2813 226 2840 id
241 2818 357 2848 quatuor
379 2813 452 2839 horis
468 2812 619 2839 confecisse
638 2812 709 2846 quod
726 2818 822 2838 omnes
846 2811 926 2838 (211τί-

139 2859 220 2887 stiani
233 2858 326 2893 (Spolia
352 2858 504 2886 habitantes
513 2858 596 2885 totius
609 2858 710 2884 mensis
721 2856 808 2891 spatio
837 2856 926 2883 facere

140 2906 335 2942 nequivissent.
351 2906 386 2934 De
416 2914 520 2934 summa
545 2906 593 2932 hac
621 2913 682 2933 arce
699 2902 924 2934 Turcmimutane

964 2328 970 2339 1
982 2298 1076 2330 missa,
1091 2297 1268 2324 Tur-cicurum
1284 2298 1393 2324 navium
1417 2298 1528 2324 insidias
1544 2298 1635 2332 elapsa
1659 2299 1685 2325 itt
1705 2307 1768 2334 μοις

982 2349 1037 2370 tum
1056 2345 1211 2371 revertitur.
1228 2359 1262 2364 —
1279 2343 1349 2372 Urbs
1368 2346 1498 2371 continuo
1514 2349 1712 2372 tortnentorunt
1728 2345 1767 2373 la-

952 2400 959 2409 ·
980 2390 1045 2417 bore
1065 2390 1219 2417 infestatur.

1015 2432 1077 2464 Maii
1094 2437 1141 2464 Ἡ.
1159 2438 1276 2469 Quartus
1294 2445 1374 2472 quem
1392 2439 1481 2466 denuo
1511 2447 1595 2473 prope
1623 2439 1766 2473 Caligarite

979 2485 1140 2511 detexerunt
1154 2489 1257 2519 portam
1285 2484 1429 2512 cuniculus
1455 2492 1564 2512 murum
1583 2485 1653 2512 haud
1669 2493 1764 2519 parum

979 2529 1059 2557 laesit.
1081 2529 1168 2557 Ferox
1182 2531 1243 2557 inde
1257 2538 1271 2556 a
1289 2529 1438 2556 Turcarum
1451 2532 1549 2556 castris
1559 2531 1662 2557 clamor
1678 2537 1709 2556 ac
1723 2532 1766 2564 jn-

981 2576 1077 2603 hilatio
1094 2582 1202 2611 propter
1221 2584 1338 2612 pugnata
1356 2576 1514 2604 aleatorium
1537 2577 1648 2612 jamjam
1665 2577 1765 2602 instau'

979 2626 1043 2649 tem.
1064 2622 1179 2650 Ultimus
1197 2623 1338 2650 cuniculus
1353 2631 1436 2658 prope
1449 2631 1531 2658 supra
1546 2623 1646 2650 dictant
1659 2627 1763 2657 portam

979 2674 1103 2702 repertus
1117 2669 1143 2695 iu
1158 2669 1225 2696 urbe
1240 2669 1359 2696 inelttsos
1373 2669 1490 2696 maxime
1498 2668 1644 2696 terrefeeit.
1663 2683 1692 2689 —
1709 2669 1764 2696 Ma-

978 2715 1065 2742 china:
1079 2716 1181 2743 bellica:
1204 2717 1292 2751 ignem
1309 2724 1340 2743 ac
1355 2716 1459 2751 lapides
1477 2716 1502 2742 in
1522 2716 1617 2742 urbem
1636 2718 1763 2744 emittere

978 2770 1031 2789 non
1047 2767 1165 2790 οεδεειιιι.

1017 2809 1078 2836 Maii
1091 2810 1137 2836 96.
1151 2809 1228 2844 Ignes
1246 2809 1308 2836 festi
1337 2809 1391 2836 late
1408 2814 1532 2843 patentes
1546 2814 1570 2836 el
1590 2808 1717 2843 jubilatio
1735 2810 1763 2837 in

978 2855 1126 2882 Turcarum
1140 2856 1238 2883 castris
1248 2859 1356 2890 proriter
1367 2856 1460 2883 urbem
1470 2855 1595 2890 proximo
1604 2856 1647 2883 die
1661 2855 1684 2882 vi
1700 2857 1764 2883 ado-

980 2901 1112 2929 rrcndatn.
1130 2901 1263 2936 (Zpolitani
1280 2901 1421 2937 lleiparant
1438 2901 1562 2938 precibus
1577 2909 1608 2930 ac
1623 2901 1764 2937 Suppliciis
