1942 3075
212 148 281 180 10Ἱὸ

523 147 676 178 NICULAI
696 147 866 178 BABBARI
889 147 1060 178 PATRlCll
1083 147 1224 179 VENETI
1243 147 1533 178 EPBEMERIDES.

1762 147 1837 178 1076

193 231 195 234 ,
209 205 309 232 adeunt
324 208 353 231 ut
370 211 384 229 a
401 204 541 237 gentilium
555 203 648 231 furore
660 204 852 231 liberarentur.
867 219 899 224 —
916 203 994 231 0mi-
1008 215 1031 240 Α
1046 203 1084 231 illi
1098 204 1187 232 scalas
1211 205 1295 232 inuris
1312 205 1456 232 admovere
1479 209 1620 237 conantes.
1640 205 1741 241 ingenti
1767 213 1835 232 cum

211 258 275 277 nosa
291 249 432 282 trepidatio
448 250 474 276 in
490 250 604 277 navibus
619 249 752 277 Turcicis.

242 296 277 324 27
288 296 362 323 Maii.
374 295 482 323 Domin.
493 295 603 324 Postera
619 304 726 331 quoque
742 304 793 324 nor
807 295 882 324 festis
893 295 996 323 Turca-

206 347 268 367 rum
291 340 442 368 illustratur
467 341 584 374 ignibus.
601 341 740 368 Clamores
755 341 851 368 sublati
868 341 996 369 obsesso-

208 396 266 414 rum
280 395 360 415 aures
371 388 541 422 obstrepunt,
553 389 585 414 ad
597 388 668 415 Asitc
681 396 765 422 usque
775 388 864 415 littora
878 387 993 422 profusi.

207 433 328 468 lugentia
347 434 415 461 muri
431 433 546 461 labentis
563 436 660 461 rudera
685 442 747 461 cum
774 433 881 469 fragore
906 434 995 469 proci-

207 481 284 509 dunt.
299 479 342 506 cui
365 479 402 506 rei
417 479 516 506 mederi
532 479 665 514 Cpolitani
690 480 716 507 in
732 488 831 508 vauutn
847 484 991 507 conantur.

243 525 304 551 Maii
318 525 363 553 28.
381 526 510 553 Sullanus
526 526 559 552 ad
576 526 695 561 tympani
717 533 814 553 sonum
839 533 887 561 per
903 530 993 553 castra

206 571 274 598 edici
293 571 370 606 jubet
385 577 415 599 ut
429 579 478 599 suo
493 572 608 607 quisque
636 574 697 599 loco
720 577 852 605 maneret,
879 576 992 598 mortem

207 618 327 644 minatus
352 617 376 644 ei
399 618 444 652 qui
471 618 549 645 aliter
567 617 673 650 fecerit.
695 619 730 646 ob
758 619 853 646 urbem
881 622 991 652 postero

205 671 286 691 tuane
313 665 440 692 omnibus
472 665 577 692 viribus
606 666 792 699 premendam.
816 665 876 692 Jam
907 664 992 699 igitur

205 710 276 737 2000
293 710 373 737 scalae
401 710 590 738 admoventur.
610 710 637 738 In
660 711 812 739 Turcarum
839 711 936 738 castris
947 710 993 737 alii

206 755 273 782 alios
286 756 382 790 praeda:
396 757 599 790 exspectatione
621 755 791 783 inﬂammant
806 765 812 782 :
829 756 929 791 quippe
941 755 987 790 qui

207 806 246 828 tot
262 801 415 829 Christiana
429 803 563 836 mancipia
580 802 740 837 prehensuri
755 803 809 829 sint
831 806 860 829 ut
875 809 928 829 uno
945 808 993 827 au-

206 855 250 875 reo
263 849 316 876 duo
326 849 382 876 sint
391 848 521 876 habituri.
533 849 689 877 Grecorum
701 849 800 876 barbas
814 848 919 884 laqueis
932 853 993 876 tor-

1048 251 1148 278 damno
1168 250 1346 285 repelluntur,
1358 251 1404 278 sed
1421 251 1454 278 ab
1466 251 1672 286 insequentibus
1688 257 1761 281 tanta
1775 253 1836 279 vio-

1048 296 1129 324 lentia
1144 296 1176 323 ad
1201 304 1292 324 muros
1306 297 1462 330 adiguntur,
1480 302 1510 324 ut
1526 305 1580 324 uno
1595 297 1636 324 vel
1650 298 1735 324 altero
1752 298 1835 324 modo

1048 342 1216 376 pereundmn
1239 343 1304 377 ipsis
1327 348 1410 370 esset.
1429 343 1464 371 Ut
1480 342 1617 370 Barbarus
1633 349 1734 375 monet,
1749 344 1837 371 sulta-

1047 396 1098 415 nus
1113 387 1282 415 Christianos
1299 389 1365 415 istos
1381 394 1524 424 propterea
1545 389 1572 416 in
1586 389 1672 423 pritna
1688 389 1746 417 acie
1767 398 1838 417 con-

1046 434 1173 462 stituerat
1201 439 1230 461 ttt
1251 435 1410 462 certissimae
1422 435 1499 462 morti
1517 442 1730 469 exponerentur.
1757 436 1831 462 Tur-

1047 488 1139 507 carum
1153 482 1241 508 autem
1256 481 1316 508 vitae
1330 486 1464 515 parceret,
1481 485 1507 508 et
1524 486 1552 508 ut
1562 488 1610 516 per
1624 489 1715 508 eorum
1737 481 1781 508 vel
1795 481 1835 508 ir-

1047 525 1126 552 ritam
1157 525 1361 559 aggressionem
1387 526 1540 554 defensores
1556 527 1632 553 urbis
1648 525 1791 561 fatigaret;
1806 527 1834 553 id

1046 571 1116 605 quod
1134 578 1162 598 re
1177 571 1233 605 ipsa
1252 572 1344 598 evenit
1357 572 1483 598 secunda:
1497 571 1564 599 aciei
1581 573 1756 607 processione
1770 573 1835 600 licet

1046 624 1060 642 a
1081 617 1230 650 sagittariis
1244 622 1271 644 et
1289 617 1486 644 bambardariis
1503 618 1579 645 urbis
1597 618 1681 645 ntulto
1692 626 1753 646 cum
1767 626 1836 646 san-

1045 663 1126 697 guine
1143 663 1300 698 repellatur.
1319 663 1420 691 Deinde
1439 664 1518 691 tertia
1545 665 1645 692 sultani
1661 666 1733 693 acies
1753 666 1835 693 novis

1045 709 1147 737 viribus
1161 713 1189 737 et
1203 717 1263 737 cum
1275 710 1393 737 clamore
1407 710 1485 746 longe
1502 711 1608 746 lateque
1621 713 1726 745 audito.
1739 712 1832 747 janis-

1045 757 1108 782 sarii
1128 761 1155 783 et
1169 757 1252 783 robur
1267 757 1403 784 exercitus
1418 757 1526 784 leonum
1541 757 1626 785 instar
1639 764 1833 793 prorumpunt.

1044 799 1102 826 Non
1127 801 1297 828 obstantibus
1331 802 1513 831 multitudinis
1540 804 1659 836 urbana}.
1683 805 1833 838 pratsertitn

1046 846 1199 881 mulierum,
1211 847 1336 882 precibus
1353 856 1386 875 ac
1401 848 1652 882 lamentationibus,
1668 855 1695 877 et
1708 851 1835 884 quamvis

204 895 321 929 quendis
350 902 381 922 se
408 895 579 923 adhibituros
593 902 654 923 esse
669 895 843 929 jocabantur.
859 895 930 922 unde
947 903 993 923 ca-
1009 886 1029 915 ⁸
1044 898 1260 927 propugnatores
1272 893 1296 920 in
1311 901 1402 921 muros
1412 894 1557 921 fortissime
1566 900 1714 928 certarent,
1725 896 1834 923 oriente

204 949 254 968 nes
263 948 327 967 suos
336 941 490 974 alligarent.
498 956 534 961 —
547 940 679 968 Machina:
687 948 809 968 extremo
818 941 915 968 ardore
928 941 993 976 lapi-

205 986 253 1012 des
271 991 412 1013 evomunt.
423 985 558 1014 Barbarus
569 985 728 1013 Cra-corum
737 986 878 1013 avaritiam
889 993 920 1014 ac
932 994 994 1021 per-

205 1033 362 1060 versitatem
377 1037 490 1060 strenuo
512 1034 663 1067 vituperat.
681 1032 740 1059 Non
759 1032 833 1060 enint
861 1033 913 1060 nisi
930 1033 992 1060 data

206 1079 318 1112 pecunia
326 1079 455 1106 auxilium
468 1079 650 1106 vendiderunt
660 1086 746 1113 eaque
758 1086 787 1106 re
797 1079 857 1106 urbi
874 1079 993 1106 immane

205 1130 336 1159 quantum
349 1125 439 1152 damni
463 1125 619 1152 intulerunt.
639 1138 674 1145 —
688 1125 806 1152 lubente
834 1125 897 1152 dein
920 1132 991 1160 prae-

205 1171 288 1202 fecto,
312 1169 410 1198 Veneti
429 1171 462 1197 ad
477 1178 584 1197 murum
602 1170 760 1198 interiorem
785 1170 939 1198 causistunt
964 1176 993 1198 ut

205 1216 257 1251 (sic
270 1217 342 1243 cnim
355 1216 497 1250 prutfcctus
513 1224 606 1243 eorum
623 1217 761 1250 monebat)
778 1223 825 1250 per
839 1215 922 1242 Deum
941 1215 992 1242 im-

207 1260 362 1294 mortalem,
377 1266 456 1289 terra:
468 1261 584 1288 salutem
600 1265 627 1288 et
640 1261 762 1288 omnium
772 1261 990 1288 Christianorum

206 1307 334 1333 honorem
349 1307 649 1333 vivantetmoriantur.
663 1321 696 1329 -—
711 1306 766 1333 Nec
778 1307 867 1333 minus
879 1306 991 1334 classia-

206 1353 240 1379 rii
255 1353 326 1379 circa
343 1359 467 1387 magnam
483 1357 576 1386 portus
590 1357 714 1379 catenam
732 1351 764 1378 ad
775 1359 891 1385 pugnam
906 1358 935 1378 se
945 1358 990 1378 ac-

204 1399 375 1432 cingunt.—
389 1397 497 1424 Interim
525 1397 648 1424 sultanus
670 1404 731 1424 cum
758 1396 845 1424 10000
861 1396 992 1423 militibus

204 1445 238 1472 ad
259 1444 374 1472 classem
390 1444 549 1478 provehitur
570 1447 597 1470 et
615 1448 757 1478 postquam
777 1450 838 1470 cum
855 1443 990 1470 navarcho

204 1495 233 1518 ιιι
248 1490 352 1517 raeteris
368 1489 548 1523 polemarcbis
565 1489 672 1516 Baccho
687 1489 840 1523 largissime
855 1489 887 1516 ad
901 1488 990 1515 ebrie-

205 1540 287 1562 tatem
305 1543 390 1569 usquc
402 1535 570 1569 indulsisset,
587 1535 612 1561 in
626 1539 715 1561 castra
727 1534 881 1562 revertitur.
891 1549 925 1554 ——
940 1534 990 1561 Per

204 1585 290 1608 totum
303 1580 382 1607 istmn
396 1580 465 1607 diem
478 1588 560 1615 grave
575 1579 721 1607 Turcicum
745 1584 902 1614 tympanum
916 1587 990 1607 reso-

205 1632 254 1655 nat
269 1632 297 1654 ct
312 1635 366 1654 nox
379 1627 526 1662 insequens
540 1626 616 1654 festis
629 1626 736 1662 ignibus
752 1627 869 1654 maxime
882 1626 991 1661 conspi-

204 1682 254 1701 cna
269 1679 311 1702 est
324 1679 351 1702 et
364 1674 527 1701 clamoribus
541 1674 588 1708 qui
608 1673 713 1702 auctori
725 1677 821 1701 nostro
837 1680 870 1700 ex
885 1673 990 1701 imoiu-

205 1722 281 1748 t'erno
298 1721 390 1748 venire
406 1721 543 1752 videntur,
558 1726 685 1752 resonat;
702 1724 729 1746 et
744 1720 807 1747 dum
835 1720 931 1748 Turcte
944 1719 990 1747 diu

203 1773 340 1802 noctuque
352 1767 538 1795 Mohamcdetn
549 1767 676 1802 precibus
688 1774 737 1801 pro
748 1767 893 1794 obtinenda
908 1767 992 1794 victo-

204 1814 242 1841 ria
254 1814 398 1849 przedaquc
416 1812 540 1848 fatigant,
562 1812 709 1840 Christiani
726 1817 789 1840 ante
806 1812 948 1846 Delparam
964 1815 992 1839 et

201 1867 297 1887 omnes
321 1864 430 1887 sanctos
447 1859 583 1894 provoluti
600 1867 661 1886 cum
689 1859 789 1893 getnitu
810 1866 842 1885 ac
860 1857 989 1893 laerymis

202 1905 392 1933 liberationem
410 1912 425 1932 e
439 1905 565 1932 manibus
582 1905 724 1940 gentilium
742 1905 864 1939 impense
886 1903 990 1938 clllagi-

204 1957 273 1980 tant.
287 1952 352 1979 Atat
369 1951 440 1979 Deus
455 1952 585 1979 Dominus
597 1957 689 1979 noster
711 1959 759 1986 pro
773 1951 911 1979 voluntate
941 1957 989 1976 sua

201 1998 364 2026 inexorabili
380 1998 502 2026 decrevit
517 2003 548 2026 ut
563 2006 596 2026 eo
611 1998 669 2033 ipso
681 1998 725 2026 die
737 2003 820 2034 caput
831 1997 987 2025 Graecorum

201 2047 229 2072 in
245 2052 339 2072 manus
356 2044 518 2071 Multametis
530 2045 636 2072 veniret
654 2044 688 2078 (et
712 2050 802 2072 nostra
819 2044 917 2079 Signor
939 2045 988 2071 Dio

200 2095 234 2120 de
257 2094 283 2120 la
298 2101 377 2127 aspra
393 2092 523 2131 sententia
538 2097 630 2118 contra
644 2091 746 2124 Griexi,
763 2092 809 2119 cite
821 2092 845 2118 ei
861 2092 929 2118 salse
943 2092 989 2119 cite

199 2145 293 2174 questa
307 2140 371 2166 aittt‘z
386 2139 498 2166 nudasse
513 2139 539 2165 in
558 2146 646 2174 questo
663 2147 745 2166 zorno
763 2140 789 2166 in
807 2147 868 2166 man
882 2139 913 2165 tle
927 2137 989 2165 Μα-

199 2187 308 2220 cantet).

1045 939 1101 966 Sole
1116 937 1210 966 'l'urcer
1227 939 1336 974 pulvere
1353 947 1368 967 e
1394 944 1528 967 tormento
1546 940 1590 967 illo
1608 941 1726 968 maximo
1741 941 1833 968 eﬂl-ita

1045 985 1143 1012 obtecti
1161 985 1273 1012 trecenti
1287 985 1374 1020 prituo
1390 993 1483 1013 tnttros
1502 987 1663 1021 transgressi
1689 993 1760 1014 sunt.
1777 988 1832 1015 Se-l

1044 1035 1187 1065 postquam
1208 1036 1235 1057 et
1251 1031 1278 1058 hi
1304 1031 1355 1065 ipsi
1382 1031 1524 1058 audaciam
1556 1037 1642 1059 morte
1662 1033 1831 1066 expiassent,

1044 1076 1170 1111 idemque
1193 1081 1359 1112 stratagema
1383 1083 1540 1104 renovatum
1558 1077 1667 1108 fuisset.
1691 1084 1831 1115 postremo

1043 1123 1077 1150 ad
1092 1122 1180 1151 30000
1195 1123 1294 1151 milites
1307 1131 1354 1158 per
1369 1123 1498 1158 disjectas
1515 1123 1587 1151 circa
1601 1123 1630 1152 S.
1643 1123 1758 1152 Romani
1771 1133 1833 1158 por<

1045 1174 1098 1196 tam
1115 1169 1185 1197 tnuri
1211 1174 1303 1204 partes
1315 1177 1375 1197 cum
1393 1171 1509 1204 impetu,
1523 1170 1611 1205 qualis
1626 1171 1745 1198 ferarum
1770 1179 1833 1197 esse

1043 1218 1123 1249 solet,
1139 1215 1166 1242 in
1189 1216 1283 1242 urbem
1298 1216 1465 1250 irruperunt.
1486 1215 1537 1242 Tot
1549 1223 1613 1243 vero
1629 1215 1655 1242 in
1683 1224 1713 1242 ea
1740 1221 1833 1250 strage

1043 1261 1138 1290 Turcte
1162 1261 1337 1292 ceciderunt,
1353 1266 1391 1294 ut,
1412 1262 1434 1288 si
1461 1261 1581 1288 Barbaro
1608 1261 1729 1294 lidesJO
1745 1270 1830 1289 navas

1042 1307 1173 1333 oneraria:
1186 1307 1362 1334 cadaveribus
1376 1307 1593 1341 transportandis
1602 1308 1644 1335 vix
1661 1308 1830 1335 sulfecerint.

1042 1350 1113 1378 Idem
1130 1351 1214 1378 refert
1243 1357 1373 1387 pravterea
1392 1351 1575 1380 Justiuianum
1603 1354 1773 1380 vulneratum
1791 1359 1829 1385 et,

1042 1397 1145 1424 Tutcas
1164 1398 1220 1432 jam
1236 1397 1302 1424 urbe
1321 1398 1400 1433 potiri
1413 1398 1588 1430 clamantem.
1613 1399 1681 1432 fuga:
1701 1400 1828 1426 omnibus

1041 1451 1151 1470 causam
1175 1444 1321 1471 exstitisse.
1340 1443 1369 1471 In
1386 1445 1452 1471 urbe
1477 1444 1500 1471 vi
1529 1449 1607 1479 capta
1629 1443 1726 1472 Turce
1756 1445 1828 1471 nulla

1041 1490 1129 1517 :etatis
1145 1497 1282 1525 sexusque
1297 1490 1401 1518 ratione
1416 1491 1509 1518 habita
1527 1491 1683 1526 sanguinem
1700 1490 1828 1523 fundunt,

1003 1556 1025 1586 ε
1043 1537 1128 1565 donec
1144 1538 1272 1586 inermes,
1289 1538 1360 1565 inter
1373 1546 1442 1573 quos
1460 1543 1628 1565 mercatores
1645 1538 1763 1577 Yenetos
1781 1538 1829 1573 qui

1043 1584 1070 1611 in
1089 1584 1166 1612 cellis
1183 1592 1212 1612 se
1232 1576 1405 1617 abdiderant,
1419 1584 1507 1619 prclio
1532 1576 1754 1612 venderesatius
1769 1592 1830 1612 esse

1040 1629 1197 1663 judicarint.
1221 1629 1314 1657 Sancti
1336 1629 1417 1657 Marci
1444 1634 1471 1657 et
1491 1630 1663 1665 imperamris
1685 1630 1793 1657 vexillis
1815 1638 1831 1657 e

1044 1676 1162 1702 torribus
1195 1676 1307 1710 direptis
1336 1676 1715 1709 imperatoris.substituitur
1750 1676 1829 1703 canis

1043 1721 1150 1749 Turcici
1178 1723 1395 1757 ut'uummpant.
1411 1722 1492 1750 Urbis
1509 1723 1601 1757 itaque
1625 1722 1831 1757 expugnatione

1042 1769 1150 1800 cognita
1170 1768 1325 1803 quicunque
1345 1769 1378 1796 ⁸ῖο
1406 1777 1486 1797 naves
1507 1770 1533 1796 in
1558 1775 1637 1804 portu
1658 1769 1787 1795 tenebant
1802 1774 1830 1796 et

1043 1822 1140 1849 magna
1154 1814 1251 1842 classis
1269 1822 1316 1849 per
1333 1814 1538 1849 Hellespontum
1561 1814 1657 1846 adfuit,
1686 1823 1719 1841 ue
1736 1813 1830 1849 pncda

1042 1861 1143 1896 ingenti
1159 1861 1368 1893 frustrarentur,
1385 1868 1445 1895 qmc
1462 1868 1494 1888 eo
1520 1861 1580 1896 ipso
1597 1864 1736 1888 momento
1758 1865 1829 1887 teut-

1041 1908 1116 1943 poris
1134 1907 1247 1943 navigiis
1261 1907 1364 1942 imponi
1383 1912 1471 1942 coepta
1486 1913 1556 1934 erat.
1574 1907 1669 1934 Refert
1690 1907 1828 1933 Barbarus

1041 1955 1113 1988 quod
1137 1954 1233 1981 Turcaa
1259 1954 1333 1981 omni
1358 1954 1461 1986 domui.
1478 1953 1655 1985 monasterio,
1671 1953 1829 1981 ccclesiznve

1040 2009 1120 2037 quam
1140 2001 1252 2036 ingressi
1275 2005 1363 2033 erant,
1379 1999 1531 2027 vexillolum
1556 1999 1730 2034 praefuerunt
1758 1999 1828 2032 quod

1040 2055 1088 2076 eos
1103 2048 1146 2081 qui
1168 2047 1304 2082 pra-dandi
1334 2054 1416 2074 causa
1430 2047 1668 2081 subsequebantur
1695 2045 1730 2072 ab
1757 2044 1828 2072 ulte-

1041 2096 1096 2122 rius
1113 2094 1283 2128 procedendo
1304 2093 1446 2121 avocabat.
1471 2092 1535 2120 Plus
1556 2092 1664 2120 200000
1691 2090 1827 2126 ejusmodi

1039 2139 1187 2175 signaculis
1196 2147 1243 2174 per
1254 2145 1336 2166 lotam
1350 2139 1441 2166 urbem
1454 2139 1530 2166 alIixa
1542 2138 1626 2166 fuisse
1641 2137 1777 2169 videntur.
1791 2138 1829 2164 si-

1039 2187 1148 2221 quidem
1160 2194 1254 2221 tnagna
1267 2193 1330 2220 pars
1343 2185 1471 2212 domuum
1485 2185 1578 2212 decem
1591 2184 1726 2217 ejusmodi
1741 2183 1828 2218 signis

237 2232 300 2260 Maii
313 2233 357 2260 29.
371 2232 507 2260 Barbarus
515 2231 641 2266 antiquas
653 2233 686 2259 de
699 2233 806 2260 excidio
816 2233 986 2268 rcgniGratci
1005 2239 1027 2266 ο
1042 2231 1170 2259 decorata
1186 2235 1256 2258 erat.
1276 2231 1492 2258 Christianorum
1508 2230 1605 2258 deinde
1623 2234 1730 2264 strages
1752 2235 1826 2256 tanta

201 2279 357 2313 prophetias
370 2282 543 2310 rememorat.
552 2284 666 2312 quarum
677 2278 832 2312 adimpletio
841 2279 988 2306 secundum

201 2325 316 2358 plurima
327 2324 427 2351 indicia
444 2323 506 2351 huic
522 2324 573 2358 ipsi
593 2323 645 2351 dict
661 2329 798 2350 reservata
814 2323 905 2351 fuerit.
920 2323 988 2351 Ter-

201 2373 238 2399 tia
251 2377 314 2399 ante
334 2372 400 2399 solis
417 2376 510 2398 ortum
527 2372 591 2398 hora
607 2370 729 2398 sultanus
741 2371 827 2398 trinos
836 2371 985 2404 exercitus,

199 2426 316 2454 quorum
333 2417 517 2452 unusquisque
536 2416 624 2444 50000
646 2422 764 2444 artnatos
791 2416 917 2449 haberet,
944 2425 989 2443 ur-

202 2467 264 2494 bem
280 2471 375 2491 versus
391 2463 538 2498 procedere
547 2463 634 2497 jubet.
653 2462 741 2490 Prima
760 2463 872 2497 quidem
887 2463 988 2490 cohors

199 2511 366 2539 Christianis
384 2510 527 2538 constabat
544 2517 612 2544 quos
629 2508 726 2537 Turcae
742 2510 774 2537 ad
791 2518 885 2545 pugna:
897 2510 987 2537 socie~

200 2562 282 2585 tatem
301 2559 466 2590 coegerant;
483 2555 602 2582 secunda
621 2555 698 2584 turba
713 2555 815 2583 imbelli
831 2555 915 2590 (zente
937 2563 988 2582 me.

199 2604 283 2637 nuda,
298 2603 343 2630 soé
359 2595 456 2629 vilanie
474 2602 512 2628 tal
536 2602 673 2637 zentaia);
692 2602 770 2628 tertia
797 2608 887 2629 autem
902 2601 989 2637 janis-

199 2650 280 2678 sariis
289 2657 317 2677 et
324 2650 461 2678 exercitus
474 2649 571 2676 robore
583 2649 734 2683 composita
747 2653 806 2676 erat
819 2657 827 2682 ;
843 2654 904 2683 post
918 2657 989 2684 quos

201 2698 309 2725 tandem
321 2697 445 2724 sultanus
461 2697 549 2724 locum
565 2702 644 2722 suum
662 2695 823 2730 occupabat.
841 2695 880 2722 Ac
908 2695 988 2730 primi

237 2767 275 2801 (ι)
293 2775 302 2791 ι
320 2765 357 2792 De
370 2765 608 2802 l‘imperadorrmai
622 2772 675 2802 non
690 2772 718 2792 se
731 2764 792 2802 pote
802 2772 882 2802 saver
893 2765 988 2802 novela

201 2802 227 2827 di
244 2802 302 2828 fatti
318 2802 368 2833 soi.
385 2801 412 2827 ni
438 2809 510 2832 vivo,
529 2801 555 2828 ui
571 2800 660 2828 murto
674 2809 681 2833 ;
700 2808 742 2827 ma
755 2800 845 2833 alguni
863 2801 925 2828 dixe
937 2801 988 2827 clte

200 2836 227 2862 el
241 2836 352 2864 fo‘risto
373 2837 399 2863 in
413 2837 454 2863 uel
469 2844 581 2863 numero
594 2836 618 2863 di
636 2835 710 2868 curui
728 2835 807 2862 morti
822 2844 828 2867 ;
845 2835 869 2863 el
883 2836 946 2870 qual
961 2837 987 2861 l'o

202 2872 268 2903 dito.
280 2871 328 2899 cbe
341 2872 403 2900 clse
419 2872 511 2907 soicga
538 2871 561 2899 al
579 2871 648 2900 intra
666 2871 715 2899 the
729 2871 788 2899 fcxe
801 2871 809 2899 i
822 2871 922 2900 Turchi
938 2872 986 2899 ala

1043 2276 1092 2304 fuit
1108 2282 1136 2304 ut
1152 2277 1200 2303 via:
1212 2277 1324 2312 publica:
1343 2277 1383 2303 vel
1398 2281 1458 2311 post
1474 2276 1587 2303 imbrem
1605 2275 1693 2311 aquis,
1706 2275 1748 2302 sic
1767 2282 1831 2302 san-

1040 2323 1121 2357 guine
1135 2323 1340 2355 inundat-antur.
1350 2327 1376 2350 et
1384 2324 1516 2349 cadavera
1525 2330 1551 2349 In
1560 2320 1753 2356 Propontidem
1763 2329 1830 2356 pm-

1037 2369 1108 2403 jccta
1138 2376 1279 2403 pomorum
1293 2369 1377 2395 instar
1392 2368 1420 2395 in
1436 2376 1544 2402 aequore
1567 2373 1703 2394 natarent.
1724 2368 1830 2394 Auctor

1041 2421 1133 2443 noster
1145 2415 1179 2443 de
1194 2417 1247 2443 vita
1264 2420 1290 2442 et
1308 2419 1393 2442 morte
1408 2414 1580 2449 imperatoris
1591 2414 1658 2440 nihil
1672 2414 1740 2441 certi
1749 2421 1830 2441 com-

1041 2467 1145 2497 pertum
1164 2469 1223 2490 esse
1234 2461 1312 2494 dicit,
1329 2461 1382 2488 nisi
1402 2462 1486 2496 quod,
1502 2465 1530 2488 ut
1553 2461 1636 2495 aliqui
1662 2465 1828 2494 memorant,

1040 2517 1139 2544 corpus
1156 2510 1214 2544 ejus
1235 2510 1306 2536 inter
1334 2516 1382 2536 eos
1399 2509 1538 2535 inventum
1564 2513 1606 2535 est
1622 2508 1666 2541 Qui
1683 2514 1698 2534 a
1729 2506 1830 2535 Turcis

1040 2556 1189 2592 portatus.
1206 2556 1320 2583 Romani
1344 2555 1510 2583 intrantibus
1536 2556 1660 2589 oppressi
1687 2554 1764 2582 fuere
1778 2556 1829 2591 (ί).

1040 2602 1069 2631 1d
1086 2611 1192 2638 quoque
1207 2603 1288 2630 refert
1300 2603 1435 2630 Barbarus
1450 2604 1521 2636 qttod
1535 2601 1676 2630 Venetiani
1693 2604 1828 2637 supersti-

1041 2655 1081 2678 tes
1096 2651 1121 2678 id
1136 2655 1251 2685 egerunt
1265 2654 1295 2677 ut
1308 2658 1352 2677 res
1362 2657 1435 2681 suas.
1449 2649 1602 2683 praesertim
1617 2657 1711 2681 naves.
1726 2650 1754 2676 in
1770 2654 1830 2676 toto

1039 2695 1214 2724 collocarent.
1228 2695 1299 2723 Inter
1310 2702 1358 2722 eos
1372 2695 1502 2729 quisalva
1518 2695 1572 2722 vita
1589 2700 1748 2727 evaserunt.
1760 2703 1829 2728 pra:-

1040 2769 1116 2800 porta
1129 2764 1162 2792 de
1184 2771 1234 2800 san
1258 2763 1390 2790 Romano.
1411 2773 1420 2789 ι
1449 2762 1477 2789 1η
1505 2764 1627 2797 margine
1647 2772 1701 2791 ms.
1730 2763 1826 2800 Veneti

1040 2801 1162 2835 legitur:
1180 2808 1190 2825 ι
1211 2799 1400 2832 L‘tmperator,
1419 2806 1541 2835 pregavar
1565 2800 1614 2826 che
1644 2799 1660 2826 li
1687 2801 1746 2826 suoi
1775 2799 1826 2826 l‘a-

1041 2834 1174 2865 mazassc,
1195 2839 1222 2861 et
1247 2835 1269 2861 si
1285 2841 1373 2860 messe
1389 2835 1456 2860 tiella
1490 2834 1560 2861 furia
1577 2842 1625 2860 con
1644 2835 1667 2861 la
1684 2836 1777 2868 spada,
1797 2839 1825 2861 et

1041 2878 1132 2906 casco,
1149 2876 1176 2898 et
1197 2869 1291 2901 rilevo.
1313 2869 1358 2904 poi
1374 2874 1501 2906 rccasco‘;
1520 2876 1545 2897 et
1564 2870 1620 2897 ecsi
1641 2869 1721 2898 nimi.
1740 2880 1747 2897 ι
