4052 6200
340 355 414 396 νη

1525 342 1625 423 Dr,
1666 340 2056 400 MICHAELE
2097 339 2334 401 GLYCA

3469 357 3568 395 Vill

343 470 474 525 tam,
502 459 701 527 quibus
731 461 949 516 Lamins
979 462 1263 532 sulijunxit
1294 461 1504 526 longam
1526 463 1588 513 de
1612 460 1790 513 carnis
1821 472 1906 508 re-
1934 460 1981 517 Α
2009 456 2333 512 monachum
2369 456 2662 528 interprete
2717 456 2996 515 Dominico
3049 459 3341 526 Bncuccio;
3384 461 3433 528 ι,
3466 462 3566 517 dis-

340 553 663 603 surrectione
702 552 1159 621 disputationem;
1191 553 1223 606 8
1254 563 1308 606 et
1341 551 1394 617 9,
1424 552 1489 605 ad
1513 551 1711 605 isaiam
1733 563 1919 602 mona-

2020 559 2137 619 put.
2167 548 2305 615 XVI,
2327 551 2393 604 ad
2426 554 2697 606 eumdem.
2716 582 2785 592 —
2810 552 2948 607 Add.
2976 552 3177 610 Oudin.
3213 556 3248 607 Ι.
3275 572 3324 609 c.
3352 572 3406 624 p.
3437 557 3568 610 2527

340 650 539 707 plnum;
600 644 688 706 10.
741 647 902 715 epist.
949 662 1014 700 ex
1077 644 1343 715 Gregorio
1393 644 1661 715 Nysseno,
1712 640 1916 712 Cyrillo
2020 658 2139 713 sqq.
2173 643 2261 697 ubi
2314 643 2366 696 in
2400 659 2519 713 cap.
2553 644 2587 697 ἓ
2627 645 2845 715 copiose
2886 646 3047 702 aﬂ'ert
3089 657 3255 718 atque
3301 649 3569 702 examinat

338 736 710 790 Alexandrino
736 738 890 793 etJo.
935 737 1263 792 Datnasceno
1325 738 1582 803 conﬂata,
1617 749 1743 791 cum
1789 750 1914 788 vcr-

343 828 499 880 sionc
528 826 660 880 Bon.
698 827 964 881 Vulcanii.
1025 829 1132 883 illis
1181 828 1503 884 Franciscus
1564 824 1799 882 Fontani
1857 825 1913 879 in

338 917 497 971 Novis
524 920 845 972 eruditorum
879 918 1116 981 Deliciis,
1154 919 1393 974 Floreat.
1431 920 1588 985 1785,
1619 921 1672 986 8,
1706 917 1914 973 addidit

339 1009 435 1062 Gr.
471 1009 1108 1081 etl.at.qttatuorGlye:e
1132 1010 1486 1066 Grammatici
1510 1012 1795 1083 disputatt.
1831 1012 1913 1074 εἰς

335 1104 427 1163 τὰς
452 1103 682 1171 ἀπορίας
708 1103 806 1171 τῆς
839 1102 989 1166 θείας
1013 1104 1253 1174 Γραφῆς,
1281 1106 1336 1158 in
1384 1106 1571 1159 diuina:
1619 1104 1913 1171 Scriptura:

335 1193 517 1261 dubia,
553 1208 602 1247 s.
643 1192 928 1261 epistolas,
957 1209 1185 1262 quarum
1224 1203 1400 1249 tamen
1435 1198 1570 1249 duas
1595 1195 1771 1251 lucem
1796 1192 1910 1263 jam

338 1285 568 1346 vidisse,
611 1284 864 1339 observat
900 1286 1163 1351 Fontani;
1192 1302 1389 1354 nempe
1419 1288 1646 1341 alteram
1676 1300 1780 1358 ope
1815 1286 1913 1340 La-

335 1377 449 1436 mii,
480 1377 533 1430 in
577 1386 722 1430 tomo
760 1376 871 1431 Vill
903 1376 1135 1446 Operam
1174 1376 1413 1444 Meursii,
1437 1394 1488 1447 p.
1513 1380 1608 1434 261
1636 1396 1651 1446 ;
1681 1379 1906 1433 alteram

338 1483 463 1518 \ern
493 1482 652 1535 opera
692 1467 951 1523 Dominici
985 1469 1255 1536 Becueeii,
1291 1471 1383 1537 qui
1418 1486 1534 1524 eam
1570 1486 1692 1524 cum
1724 1471 1906 1524 ortho-

335 1560 483 1615 iloais
523 1559 873 1627 dogmatibus,
910 1577 1026 1629 qua:
1082 1560 1185 1617 SS.
1251 1564 1472 1631 apostoli
1528 1573 1905 1632 exposuerunt,

338 1647 581 1709 Florent.
613 1650 772 1713 1768,
804 1651 1068 1721 vulgavit,
1103 1653 1305 1723 quibus
1333 1671 1461 1709 vero
1485 1653 1708 1709 Foutani
1748 1666 1905 1710 notas

337 1739 561 1805 adjecit.
596 1740 733 1793 Sunt
764 1757 889 1795 vero
917 1759 930 1795 :
974 1742 1025 1803 1.
1059 1743 1357 1813 disputatio
1390 1745 1529 1808 Xlll,
1583 1747 1649 1800 ad
1696 1745 1902 1816 Grego-

2016 734 2385 803 qnidscribat
2408 733 2534 789 Car.
2564 736 2637 790 du
2671 736 2877 793 Fresne
2915 736 2972 792 in
3005 737 3164 793 Praei.
3190 738 3257 792 ad
3278 737 3569 796 Historiam

2014 825 2101 883 ιο.
2138 826 2382 890 Ζοιιιπιιι,
2420 826 2593 881 Paris.
2622 826 2778 893 1686,
2808 828 2904 884 fol.
2933 830 3001 885 de
3031 831 3274 901 epistolis
3314 847 3441 886 mss.
3475 849 3569 887 no-

2017 917 2163 971 mine
2190 915 2276 971 .lo.
2305 916 2529 975 Zonaras
2563 928 2616 972 et
2643 916 2923 975 Michaelis
2950 918 3127 990 Glycie
3158 920 3473 990 inscriptis;
3516 922 3570 976 in

2014 1024 2135 1078 cap.
2166 1010 2327 1064 tertio
2352 1009 2419 1064 de
2443 1025 2569 1081 epp.
2613 1010 2777 1066 editis
2803 1020 2858 1067 et
2889 1026 3072 1067 earum
3104 1012 3263 1066 codd.
3289 1012 3380 1068 ubi
3430 1010 3568 1083 prte-

2014 1100 2174 1171 cipue
2203 1100 2482 1161 Lambecii
2536 1102 2803 1172 judicium
2852 1101 3079 1173 locaque
3128 1090 3356 1174 repetit;
3407 1115 3459 1159 et
3515 1107 3567 1160 in

2012 1200 2135 1263 cap.’
2155 1204 2347 1264 quarto
2377 1195 2446 1249 de
2474 1194 2718 1264 ejusdem
2750 1195 2999 1264 epistolis
3028 1204 3083 1251 et
3113 1195 3291 1268 Glyca:
3308 1212 3438 1251 mss.
3470 1197 3566 1250 ito-

2013 1283 2181 1338 miliis
2208 1299 2255 1339 s.
2292 1286 2658 1345 sermonibus.
2688 1301 2808 1340 cum
2843 1284 3114 1340 Lambecii
3164 1296 3327 1353 atque
3388 1286 3566 1338 Allatii

2011 1377 2417 1432 narrationibus
2457 1393 2520 1432 ac
2542 1377 2784 1448 judiciis.
2820 1374 3064 1448 Denique
3084 1378 3187 1432 cel.
3220 1377 3281 1431 (Σ.
3316 1377 3376 1440 F.
3431 1377 3565 1432 Mat-

2013 1468 2136 1520 tluei
2169 1468 2224 1521 in
2259 1468 2392 1521 edit.
2430 1467 2705 1535 Isocratis,
2738 1469 2997 1524 Demetrii
3022 1468 3228 1540 Cydon.
3261 1480 3317 1524 et
3338 1468 3567 1522 Mirharl

2008 1557 2446 1629 Glycznxaliquot
2497 1559 2889 1630 epistolarum,
2943 1570 3073 1625 etc.,
3116 1560 3347 1631 Mosqme
3406 1554 3563 1626 1776.

2008 1667 2081 1703 ιιι.
2115 1652 2168 1714 8,
2202 1668 2253 1720 p.
2283 1654 2350 1706 47
2379 1669 2499 1721 sqq.
2539 1669 2603 1707 ex
2651 1653 2772 1708 cod.
2827 1652 3137 1724 Mosqucnsi
3186 1654 3354 1711 edidit
3381 1653 3566 1712 Graece

2008 1736 2171 1797 Micli.
2230 1744 2575 1800 Grammatici
2636 1746 2813 1816 Glyca:
2865 1756 2975 1802 tres
3036 1746 3328 1815 epistolas:
3386 1748 3434 1809 t,
3494 1747 3562 1799 ad

336 1832 475 1883 rium
507 1832 905 1899 Acropolitam,
950 1849 1072 1887 cum
1125 1835 1376 1890 versione
1432 1836 1641 1902 Latnii;
1671 1838 1726 1901 2,
1787 1838 1898 1893 dis-
1937 1803 1973 1857 Β
2004 1834 2163 1889 Joan.
2196 1836 2487 1902 Tricitatu;
2531 1839 2587 1903 2,
2619 1840 2686 1893 ad
2730 1838 3080 1894 Charitonem
3111 1843 3473 1905 monachum;
3505 1842 3557 1904 3,

334 1930 448 1987 put.
482 1920 621 1988 XIV,
650 1940 753 1991 qua
790 1925 857 1978 de
901 1939 1063 1987 causa
1104 1924 1247 1982 Deus
1272 1927 1361 1981 die
1390 1938 1583 1997 quarto
1607 1929 1896 1981 luminaria

335 2016 478 2084 (τοὺς
509 2014 824 2085 φωστῆρας)
850 2016 1184 2082 condiderit;
1210 2018 1265 2081 5,
1292 2019 1434 2088 disp.
1453 2017 1570 2084 XV,
1598 2020 1666 2074 ad
1701 2018 1898 2081 lsaiam

2006 1930 2071 1981 ad
2134 1927 2442 1983 Ncctarium
2500 1932 2855 1991 monachum.
2906 1930 3045 1989 Add.
3102 1942 3219 1987 not.
3278 1947 3398 2002 pag.
3442 1932 3557 1987 168.

2008 2017 2222 2090 (Hann)

1244 2422 2041 2541 JOANNIS
2114 2425 2652 2539 LAMII

1135 2684 1317 2803 DE
1431 2684 2154 2813 MICHAELE
2258 2684 2731 2802 GLYCA

1580 2904 1660 2973 Ε]
1672 2904 1930 2979 USQUE
1977 2905 2328 2970 SCRIPTIS

1542 3085 2377 3180 DISSERTATIO.

1301 3278 1528 3346 (Deliciae
1556 3275 1893 3338 Eruditorum,
1919 3282 2039 3329 tom.
2067 3278 2104 3338 l,
2130 3279 2398 3338 Florentia
2425 3280 2587 3346 1756.)

1897 3449 1975 3474 'l"

399 3608 622 3664 Michael
677 3605 1091 3678 cognominatus
1154 3616 1240 3659 est
1309 3607 1503 3677 Glycas
1532 3648 1548 3676 ,
1624 3608 1767 3678 quod
1821 3618 1886 3661 ex
1917 3609 1961 3670 (ζ
1993 3615 2156 3671 retur,
2188 3605 2348 3658 donec
2376 3603 2519 3659 Sixti
2561 3604 2812 3675 IV-jussu
2841 3622 2901 3660 ac
2944 3606 3173 3671 decreto,
3208 3607 3446 3661 omnibus
3489 3619 3545 3663 ut

323 3705 663 3775 Siycetarnm
730 3700 933 3753 familia
994 3706 1182 3762 esset,
1250 3711 1307 3753 ut
1364 3716 1605 3765 versus,
1655 3701 1747 3773 qui
1826 3700 1880 3754 in

329 3796 489 3865 rariis
540 3793 816 3848 codicibus
873 3791 993 3865 ejus
1026 3791 1315 3855 Arruntium
1375 3809 1507 3847 mss.
1564 3803 1884 3859 occurrunt,

326 3887 613 3957 manifeste
646 3885 885 3953 indicant
912 3900 929 3938 :
969 3883 1019 3936 in
1050 3884 1119 3938 iis
1152 3885 1298 3937 enim
1330 3885 1600 3940 habetur:

434 3977 526 4037 “ii;
562 3977 623 4026 ἐκ
656 3975 845 4041 γένους
876 3972 1078 4042 ἔσχηκε
1108 3973 1394 4043 Γλυκετῶν
1425 3974 1588 4043 λάχος

441 4049 497 4098 ὐ
527 4043 925 4114 συγγεγραφὼς
962 4042 1182 4113 Μιχαὴλ
1212 4044 1271 4095 τὸ
1305 4042 1535 4113 βιϐλίον.

430 4157 534 4213 (tui
570 4171 633 4207 ex
658 4170 838 4222 genere
875 4154 1057 4207 habuit
1093 4153 1431 4222 Glyceturum
1463 4166 1657 4209 sortem

430 4225 502 4290 ls,
530 4226 618 4293 qui
644 4225 977 4291 conscripsit,
1005 4224 1247 4290 Michael,
1276 4226 1412 4278 hunc
1438 4225 1703 4280 libellum.

392 4340 573 4404 Quare
632 4336 837 4390 fallitur
863 4335 948 4391 Jo.
993 4336 1115 4391 Alb.
1141 4336 1446 4397 Fabricius.
1468 4336 1560 4406 qui
1583 4352 1885 4406 cognomen

325 4434 453 4499 illud
485 4432 554 4483 ab
581 4444 647 4481 eo
684 4432 935 4493 ascitum,
968 4444 1091 4481 eum
1124 4429 1485 4482 monastieum
1520 4428 1766 4482 habitum
1799 4430 1885 4482 in-

323 4524 549 4591 duisset,
587 4520 734 4585 nullo
756 4520 1098 4590 antiquitatis
1127 4529 1508 4587 monumento,
1537 4519 1683 4574 nulla
1704 4520 1887 4575 histo-

325 4622 415 4681 t‘i.L‘
447 4618 569 4679 title,
605 4617 923 4669 arbitratur.

396 4694 609 4777 Siculus
637 4717 818 4763 autem
838 4707 1057 4779 natione
1080 4704 1201 4769 fuit,
1229 4708 1307 4779 μ)
1336 4707 1478 4777 quod
1507 4722 1573 4761 ex
1606 4707 1886 4760 codicibus

326 4820 455 4856 mss.
483 4804 697 4855 elucet:
730 4814 859 4853 eum
892 4801 1038 4853 enim
1074 4798 1409 4868 Σικελιώτην
1440 4808 1753 4854 constanter
1785 4814 1884 4867 ap-

326 4897 545 4964 pellant,
566 4906 623 4947 ut
649 4891 1051 4946 eruditissimus
1079 4890 1490 4959 l’liil.yLabbeus
1516 4892 1570 4945 in
1598 4890 1884 4944 Annalium

324 4991 501 5058 Glyco:
558 4985 880 5055 Fraglatiqne
946 4993 1194 5055 testatur.
1262 4983 1373 5039 Nec
1435 4983 1718 5038 abluderet
1788 4983 1884 5036 τοῦ

325 5080 506 5134 ι’λυκᾶ
546 5091 870 5145 cognomen,
914 5076 1088 5146 siqua
1149 5076 1197 5139 is
1235 5077 1368 5131 vixit
1422 5086 1601 5143 aetate,
1669 5075 1883 5131 Siculos

326 5173 515 5225 Dorica
548 5169 728 5223 adhuc
751 5167 985 5223 dialecto
1015 5183 1145 5231 usos
1176 5166 1350 5222 fuisse
1388 5178 1696 5233 constaret;
1738 5166 1883 5237 quod

326 5278 504 5327 tamen
535 5276 632 5315 cur
673 5275 781 5315 non
815 5259 1102 5314 credamus
1159 5259 1306 5327 nulla
1358 5273 1522 5312 causa
1570 5256 1791 5331 subest:
1822 5256 1885 5319 In

324 5356 575 5414 Calabria
607 5356 747 5409 enim
797 5366 845 5410 et
871 5355 928 5409 in
957 5354 1077 5408 aliis
1121 5351 1465 5420 Neapolitani
1492 5354 1636 5423 regni
1659 5353 1886 5423 regioni-

324 5452 438 5513 bus,
462 5459 616 5517 atque
632 5449 686 5501 in
717 5446 929 5512 Sicilia,
948 5447 1019 5499 ad
1040 5445 1285 5514 proxima
1311 5460 1474 5513 usque
1490 5444 1685 5498 sarcula
1704 5443 1885 5500 Gra'ca

325 5542 502 5610 lingua
538 5540 781 5605 obtinuit,
818 5551 871 5592 ut
902 5553 1003 5589 non
1035 5535 1235 5605 plebeia
1271 5534 1443 5588 solum
1470 5552 1589 5598 usu,
1611 5537 1702 5589 sed
1724 5536 1884 5588 etiam

323 5633 692 5699 ecclesiastico,
719 5632 774 5685 in
798 5628 976 5698 ofﬁciis
1009 5627 1119 5679 suis
1139 5624 1326 5680 (ἔνευσα
1351 5626 1532 5697 lingua
1587 5628 1883 5697 frequenta-

1911 4944 1965 5006 D

1988 3702 2173 3756 Latine
2195 3704 2540 3771 persolverent
2563 3704 2739 3773 of/icia
2786 3706 3044 3772 provisum
3073 3713 3183 3768 est;
3241 3718 3363 3772 qua:
3420 3712 3549 3757 sunt

1986 3794 2149 3863 verba
2167 3794 2465 3850 doctissimi
2484 3793 2897 3849 Montisialconii
2920 3794 3068 3848 Diar.
3088 3794 3216 3849 Ital.
3240 3797 3414 3863 capite
3458 3794 3545 3849 l5.

1989 3886 2180 3941 Simile
2227 3895 2410 3940 tamen
2445 3894 2863 3956 cognomentum
2896 3887 3059 3939 etiam
3122 3886 3363 3954 Byzantii
3411 3884 3543 3949 init;

1987 3995 2111 4032 nam
2140 3978 2376 4042 Joannes
2398 3976 2589 4049 Glyuys
2628 3976 2973 4045 Byzantinus,
3008 3976 3167 4044 hujus
3198 3975 3345 4028 urbis
3381 3978 3546 4044 patri-

1986 4070 2171 4135 archa,
2204 4067 2399 4123 claruit
2457 4083 2601 4120 anno
2648 4064 2803 4126 1516,
2860 4065 2927 4118 de
2959 4078 3067 4131 quo
3104 4063 3374 4117 videndus
3406 4063 3542 4117 liob.

1987 4159 2183 4215 Gerius
2212 4158 2451 4230 Append.
2497 4159 2565 4219 ad
2588 4158 2725 4220 Hist.
2776 4157 2937 4209 litter.
2966 4156 3147 4225 script.
3198 4156 3379 4216 certes.
3419 4156 3542 4211 Gul.

1987 4251 2527 4323 Caveizquanquam
2590 4247 2828 4303 Joannes
2890 4247 3084 4320 Glycas
3134 4247 3419 4305 Duiresnio
3470 4249 3547 4301 di-

1987 4344 2148 4397 citur.
3030 4328 3031 4335 ‘

2058 4437 2305 4490 Privatus
2343 4453 2413 4490 an
2433 4439 2485 4490 in
2511 4436 2848 4505 magistratu,
2875 4435 3123 4490 laudatus
3167 4434 3415 4489 Labbcus
3464 4433 3547 4486 inn

1987 4529 2126 4598 quit,
2158 4537 2249 4580 aut
2280 4528 2540 4597 dignitate
2566 4527 2750 4596 aliqua
2792 4528 3027 4596 publica,
3076 4527 3323 4589 militari,
3371 4526 3545 4578 aulica

1989 4617 2250 4686 forensive
2280 4624 2542 4677 ornatus;
2589 4616 2928 4683 conjugatus,
2983 4630 3053 4664 an
3098 4612 3278 4664 rwlcbs
3336 4610 3545 4669 vixerit.

1988 4707 2146 4779 plane
2172 4705 2384 4768 nescio:
2409 4720 2499 4761 nec
2543 4719 2759 4770 aspersa
2787 4702 3006 4772 singulis
3037 4703 3142 4771 {ere
3170 4703 3376 4771 paginis
3410 4700 3547 4762 υἱοῦ,

1988 4801 2179 4851 τέκνου
2208 4800 2303 4849 καὶ
2325 4796 2609 4866 ἀγαπητοῦ
2637 4797 2911 4861 vocabula,
2935 4804 3139 4863 patrem
3175 4796 3367 4860 potius,
3392 4809 3547 4863 quam

1990 4894 2243 4946 seniorem
2283 4908 2347 4944 ac
2373 4891 2711 4961 magistrum,
2746 4887 2991 4957 discipuli
3016 4896 3110 4939 aut
3145 4887 3305 4939 amici
3344 4873 3561 4967 juvenis;

1991 4986 2168 5056 gratia
2199 5001 2327 5053 opus
2354 4983 2483 5036 illud
2518 4982 2925 5043 elucubrantem,
2951 4980 3239 5049 designant.
3271 4978 3551 5033 Gramma-

1995 5080 2158 5131 ticum
2198 5086 2378 5131 tamen
2413 5075 2756 5145 professione
2803 5073 2971 5128 fuisse
3005 5082 3326 5142 argumento
3353 5079 3437 5125 est
3469 5070 3560 5151 ἰη-Δ

1992 5168 2217 5236 scriptio
2246 5168 2486 5237 epistolae
2520 5167 2732 5237 primae,
2774 5176 2829 5221 ut
2864 5166 2916 5219 in
2959 5164 3147 5219 codice
3189 5161 3550 5218 lticcardiano

1992 5274 2100 5328 quo
2128 5258 2211 5311 usi
2243 5273 2453 5322 sumus,
2491 5257 2757 5322 trahetur;
2793 5270 2913 5325 qua:
2955 5254 3175 5323 quidem
3218 5268 3280 5307 ea
3312 5264 3396 5308 est
3432 5269 3552 5324 qua:

1991 5338 2289 5419 Sequitur:
2358 5351 2759 5421 Γραμματικοῦ
2811 5348 3036 5418 Μιχαὴλ
3092 5346 3184 5400 τοῦ
3235 5347 3418 5401 Fluxa
3477 5344 3551 5414 τῷ

1990 5445 2307 5514 τιμιωτάτῳ
2335 5442 2560 5513 μοναχῷ
2616 5442 2711 5496 καὶ
2759 5440 2979 5510 στυλιτῃ
3025 5441 3178 5511 κυρῷ
3212 5439 3429 5511 Ἰωάννῃ
3474 5436 3551 5506 τῷ

1990 5535 2213 5605 Σιναῖτῃ
2271 5553 2323 5589 κ.
2365 5552 2414 5591 τ.
2456 5537 2505 5591 λ.
2557 5534 2825 5590 Michaelis
2868 5531 3043 5605 Glgcre
3094 5533 3439 5604 grammatici,
3484 5532 3553 5584 ad

1992 5630 2219 5683 maxime
2245 5631 2597 5684 venerandum
2649 5629 2958 5691 monachum
3007 5638 3054 5682 et
3104 5627 3346 5699 Stylitam
3392 5622 3554 5697 Joan-

385 5789 455 5859 (1)
486 5787 617 5835 lianc
669 5786 952 5851 opinionem
1003 5783 1286 5835 retractavit
1330 5789 1498 5846 postca
1531 5782 1739 5833 Lamias.
1776 5784 1894 5834 νεαρ
1930 5784 2050 5835 inita
2084 5786 2172 5835 rel.
2216 5800 2317 5845 xix.
