4052 6200
462 358 521 399 tx
1759 344 2099 405 IDANNES
2143 344 2453 404 LAMEUS.
3679 350 3713 395 κ

464 474 582 511 mm
620 455 914 521 Sinaitam,
949 466 1054 514 etc.
1088 458 1240 536 Quod
1274 458 1490 528 quidam
1539 457 1887 513 Grammatici
1940 473 2035 521 no-
2074 462 2111 514 Α
2144 455 2239 506 τοῦ
2274 455 2478 518 Duxi,
2512 472 2565 508 κ.
2600 470 2646 507 τ.
2685 454 2734 507 λ.
2781 452 3171 523 Snpicntissimi
3212 461 3259 506 ct
3310 449 3723 521 eloquentissimi

465 567 588 603 tnctt
625 550 987 618 professionis
1014 567 1266 607 essenon
1315 561 1401 606 est
1446 567 1544 606 cur
1594 551 1933 617 dubitemus,
1984 559 2038 602 et

467 641 631 709 quod,
656 642 820 697 etiam
853 632 1139 711 postquam
1177 642 1535 698 monasticam
1566 641 1729 695 vitam
1754 641 2039 710 amplexus

472 746 649 800 esset,
717 735 956 803 retinere
1009 736 1214 803 potuit,
1252 736 1296 790 si
1334 734 1559 805 quidem
1618 751 1733 801 cam
1805 748 2039 802 unquam

483 829 755 897 amplexus
788 839 907 883 est:
965 845 1115 896 nam,
1157 840 1218 884 ut
1241 828 1376 894 dixi,
1402 829 1548 897 omni
1580 828 1820 891 historiae
1849 837 2040 894 aucto—

482 923 629 974 ritate
658 922 955 1003 destitutus
992 922 1069 988 id,
1103 938 1207 979 una
1240 938 1361 985 cum
1391 920 1665 1000 Fabricio,
1693 924 1814 991 quis
1848 922 2040 979 crede-

478 1026 553 1066 ret
578 1013 600 1065 ?
624 1013 692 1067 Et
721 1014 942 1084 quidem
964 1014 1213 1074 monachi
1234 1014 1457 1085 passim,
1481 1013 1679 1081 aliique
1705 1016 1755 1066 in
1781 1011 2041 1067 eminenti

472 1106 733 1177 dignitate
761 1106 1071 1182 constituti,
1110 1123 1274 1180 super
1303 1106 1624 1177 theologicis
1676 1104 2043 1178 gravissimis-

468 1216 575 1266 qtae
606 1201 991 1257 controversiis
1024 1216 1147 1255 eum
1198 1198 1582 1263 ecusulebant,
1617 1209 1675 1253 ut
1704 1215 1767 1253 ex
1828 1197 2043 1275 Episto-

470 1291 558 1352 lis,
616 1307 710 1346 seu
768 1292 1283 1360 dissertationibus,
1346 1309 1482 1364 quas
1549 1292 1784 1359 edimus,
1827 1300 2040 1345 certum

471 1384 923 1459 exploratumque
949 1397 1053 1440 est.
1087 1385 1219 1451 Quis
1248 1398 1430 1441 autem
1458 1387 1615 1440 facile
1645 1386 1921 1455 opinetur,
1943 1385 2043 1439 ho-

448 1474 686 1540 iminem
720 1478 881 1529 sacris
912 1486 965 1529 et
1000 1474 1249 1538 castioris
1293 1476 1528 1551 alicujus
1567 1487 1731 1533 secta:
1777 1476 2043 1537 institutis

433 1568 573 1636 imi.
602 1567 710 1621 iane
755 1568 1049 1635 addictum.
1080 1569 1174 1623 sed
1212 1584 1242 1623 e
1297 1568 1478 1623 medio
1526 1567 1749 1641 populo,
1807 1584 1928 1623 cum
1965 1578 2045 1623 tot

471 1659 723 1728 episeOpi
779 1659 1246 1729 ecclesiasticique
1300 1669 1665 1729 praeceptores
1715 1658 1877 1730 vulgo
1910 1672 2043 1735 sup-

448 1733 744 1819 peterent,
774 1754 845 1807 ab
874 1752 955 1807 eis
998 1752 1053 1823 in
1089 1752 1367 1821 religionis
1395 1751 1827 1822 dogmatumque
1878 1733 2043 1806 Chri-

478 1846 783 1901 stianorum
842 1847 1060 1916 negotio
1137 1849 1449 1904 consultum
1526 1852 1665 1902 adeo
1726 1848 2048 1921 frequenter

485 1938 692 1993 fuisse?
726 1936 847 1993 Non
900 1954 987 2003 me
1025 1939 1240 2010 quidem
1288 1939 1440 2006 latet,
1474 1954 1621 1993 mere
1669 1940 1835 1994 etiam
1869 1940 2038 1994 laicos

492 2030 770 2099 aliquando
793 2029 849 2083 in
882 2028 1125 2085 Ecclesia
1155 2030 1429 2097 docuisse,
1457 2042 1511 2086 et
1533 2032 1793 2087 habuisse
1824 2033 2049 2086 concio-

489 2138 596 2185 nes,
622 2132 675 2175 ut
702 2138 769 2175 ex
800 2123 1040 2177 Eusebio
1068 2123 1135 2178 de
1159 2123 1392 2199 Origene
1416 2125 1594 2180 adhuc
1622 2124 1820 2195 juvene
1849 2125 2042 2196 liquet;

483 2224 532 2267 et
565 2214 797 2285 Prosper
836 2215 1142 2285 Aquitanus
1190 2215 1383 2279 multa,
1445 2233 1566 2287 quae
1614 2216 1748 2287 ipsis
1792 2217 2053 2273 ecclesia-

476 2307 595 2359 stici
645 2306 854 2361 ordinis
904 2306 1176 2377 magistris
1234 2307 1401 2369 ardua
1449 2317 1500 2363 et
1564 2308 1837 2367 salebrosa
1874 2309 2050 2365 videri

474 2407 773 2465 poterant,
828 2400 880 2453 in
935 2414 995 2453 re
1046 2400 1347 2470 theologica
1410 2400 1568 2456 docte
1602 2411 1657 2464 et
1715 2401 2051 2472 praeclariter

474 2490 857 2559 pertractavit;
894 2500 1137 2547 attamen
1174 2493 1356 2549 isthuc
1406 2494 1584 2564 ipsum
1620 2495 1674 2548 in
1717 2509 1775 2559 re
1812 2504 1919 2551 tam
1955 2496 2054 2550 ob-

476 2600 641 2637 scura
676 2592 727 2637 et
759 2584 1009 2651 ambigua
1049 2584 1237 2640 nescio
1263 2585 1390 2655 quid
1427 2585 1759 2654 suspicionis
1796 2587 2054 2655 inducere

473 2674 925 2730 dissimulandum
957 2677 1376 2746 haudquaquam
1407 2677 1685 2732 existimo.
1728 2677 2052 2734 Coum-mari

474 2768 527 2820 id
570 2769 733 2821 etiam
768 2777 950 2839 posset
977 2768 1463 2825 animadvertendo
1496 2770 1547 2824 in
1580 2770 1768 2826 codice
1802 2771 2054 2827 Caesareo

473 2860 644 2929 κηρὸν
687 2860 908 2932 Glycam
937 2861 1233 2931 appellari;
1288 2878 1395 2932 quo
1457 2861 1720 2917 vocabulo
1771 2872 2054 2931 contracto

477 2950 734 3021 monachi
786 2954 1129 3029 praesertim,
1172 2954 1520 3025 aequioribus
1570 2954 1807 3018 sacculis,
1861 2954 2057 3025 indigi-

480 3047 770 3099 ta‘antur:
817 3060 920 3099 non
970 3061 1128 3101 secus
1183 3046 1400 3120 quidem
1460 3052 1623 3125 atque
1682 3061 1781 3113 nos
1839 3047 2056 3117 damnas

2147 547 2417 603 ΛίέυΙιαρΙίε
2449 546 2647 616 Glycrr,
2676 554 2805 613 clc.;
2832 555 2883 599 et
2915 562 2975 599 ex
3002 544 3455 616 inscriptionibus
3474 543 3724 598 codicum

2149 642 2434 707 Annalium
2474 639 2809 695 Vallieellani
2854 647 2909 693 et
2972 636 3530 698 Fontisebraldensis,
3588 649 3726 704 quas

2144 733 2310 803 paulo
2342 728 2596 800 superius
2628 731 2933 786 attulimus.
2968 730 3033 784 Et
3074 730 3291 800 quidem
3325 729 3379 784 in
3426 745 3618 800 magna
3653 727 3725 780 ch

2146 823 2451 880 doctrinam
2479 822 2885 877 existimatione
2922 820 3091 875 fuisse
3122 819 3544 891 indicantetiam
3572 820 3727 884 lucu-

2143 917 2321 972 lenter
2338 916 2458 987 ejus
2476 930 2530 984 (διν
2547 914 2739 976 istolac,
2765 929 2883 983 quae
2912 913 3196 967 monachis
3214 914 3413 983 passim
3468 913 3723 980 aliisque,

2144 1010 2236 1081 qui
2279 1025 2404 1064 eum
2437 1010 2506 1065 de
2535 1008 2929 1080 quaestionibus
2962 1005 3295 1061 diﬂicillimis
3338 1003 3723 1062 consulebant.

2145 1103 2456 1169 mittuntur,
2490 1109 2549 1156 ttt
2587 1116 2685 1173 per
2714 1116 2777 1155 ea
2807 1108 3054 1169 tempora
3088 1108 3282 1151 omnes
3331 1092 3445 1151 fere
3499 1091 3564 1145 ad
3595 1105 3719 1144 eum

2141 1195 2402 1262 doctrina:
2430 1209 2617 1259 causa,
2635 1208 2730 1249 seu
2764 1206 3010 1256 accessu,
3032 1204 3127 1253 seu
3147 1185 3362 1251 litteris,
3390 1182 3724 1239 conﬂuxisse

2145 1288 2454 1343 videantur.

2217 1381 2335 1448 Qua
2370 1391 2529 1436 aetate
2576 1379 2768 1451 Glycas
2843 1385 3031 1431 noster
3078 1373 3295 1435 vixerit,
3348 1378 3469 1446 post
3517 1384 3713 1424 novatn

2147 1471 2503 1539 eruditissimi
2536 1470 2705 1543 Leon.
2744 1466 2921 1522 Allatii
2951 1464 3289 1549 opinionem,
3323 1476 3482 1531 quam
3514 1457 3635 1512 Casi
3664 1476 3717 1510 ν.

2147 1564 2401 1635 Oudinus
2430 1579 2530 1627 suo
2562 1561 2775 1625 calculo
2805 1559 3149 1633 cpmprohat,
3190 1556 3242 1610 in
3281 1551 3573 1608 sententiis
3615 1560 3721 1605 est.

2146 1654 2403 1726 Plerique
2440 1663 2621 1724 tamen
2659 1662 2853 1723 omnes
2886 1649 3068 1714 saeculi
3117 1664 3193 1716 sti
3238 1645 3558 1715 scriptorem
3594 1659 3718 1695 cum

2151 1748 2491 1813 existimant,
2534 1742 2897 1810 Jo.Zonara:,
2945 1741 3165 1812 Georgii
3216 1739 3472 1807 Cedrcni,
3534 1736 3724 1792 (Ζοιιρι.

2156 1836 2419 1915 Manassis
2452 1842 2771 1917 σύγχρονον,
2802 1839 3140 1906 aliorumque
3186 1835 3465 1893 similium.
3507 1831 3574 1885 Et
3609 1828 3728 1897 qui-

2153 1936 2277 1990 dem
2308 1951 2462 1990 suam
2494 1932 2813 1999 Historiam,
2855 1946 3016 2000 quam
3049 1930 3117 1983 ah
3139 1928 3270 1982 orbe
3306 1925 3528 1980 condito
3566 1937 3724 1976 exor-

2153 2029 2324 2093 ditur,
2357 2042 2527 2098 usque
2553 2027 2619 2091 ad
2645 2026 2852 2079 obitunt
2900 2022 3072 2076 Alexii
3105 2019 3396 2082 Comneni,
3429 2027 3485 2072 et
3517 2031 3725 2071 annum

2155 2122 2355 2178 Christi
2386 2118 2544 2185 1118,
2573 2116 2814 2174 deducit.
2843 2115 2979 2170 llinc
3022 2130 3050 2167 a
3096 2112 3160 2181 G._
3205 2111 3290 2167 Jo.
3318 2110 3530 2175 Vossio,
3564 2108 3657 2161 lih.
3689 2122 3724 2177 it

2158 2207 2233 2261 De
2251 2209 2433 2261 histor.
2467 2204 2798 2275 Crwc.,cap.
2830 2205 2920 2268 27,
2953 2202 3019 2256 ad
3045 2217 3247 2256 annum
3278 2200 3409 2254 1120
3459 2200 3723 2259 refertur;

2154 2300 2613 2372 quemadmodum
2667 2308 2722 2353 et
2760 2314 2789 2352 a
2825 2296 3023 2353 Guliel.
3068 2296 3267 2356 Caveo,
3302 2294 3355 2349 in
3391 2292 3527 2345 "ist.
3561 2286 3724 2344 litter.

2153 2395 2336 2464 script.
2370 2391 2554 2446 eccles.
2588 2390 2690 2446 Ph.
2729 2389 2948 2444 Labbeo
2976 2387 3273 2443 verisimile
3303 2394 3408 2448 est,
3433 2398 3554 2437 eum
3582 2382 3725 2444 circa

2157 2499 2359 2538 annum
2392 2483 2529 2540 H50
2551 2482 2841 2539 ﬂoruisse:
2882 2482 2967 2536 cui
3000 2480 3219 2551 epochae
3242 2478 3330 2533 alii
3355 2492 3568 2547 quoque
3598 2476 3729 2529 asti~

2155 2577 2432 2647 putantur,
2473 2576 2519 2632 si
2546 2577 2801 2631 Allatium
2836 2564 2891 2630 et
2928 2575 3206 2630 Oudinum
3233 2573 3479 2627 laudatos
3506 2583 3733 2637 excepe-.

2156 2670 2257 2735 ris.
2288 2669 2378 2725 llle
2415 2671 2562 2725 enim
2610 2670 2827 2742 Glycam
2860 2668 3042 2724 saeculi
3089 2682 3158 2722 xv
3206 2665 3531 2735 scriptorem
3573 2676 3720 2723 esse,

2156 2768 2207 2819 et
2234 2778 2378 2825 anno
2407 2762 2545 2819 H30
2603 2778 2668 2818 ac
2693 2764 2953 2833 deinceps
2984 2760 3268 2824 claruisse,
3304 2755 3604 2829 pertendit,
3642 2768 3728 2806 ra-

2159 2857 2363 2927 tioque,
2394 2873 2501 2928 qua
2542 2858 2812 2925 innititur,
2846 2866 2953 2924 est,
2987 2855 3133 2928 quod
3173 2871 3238 2910 ex
3276 2854 3452 2926 Glycae
3482 2850 3736 2923 epistolis

2158 2950 2341 3023 plures
2368 2950 2435 3005 ad
2457 2950 2744 3013 Maximum
2777 2949 3135 3014 Smeniotem,
3160 2959 3213 3003 et
3245 2947 3441 3003 Isaiam
3468 2944 3723 3015 Cyprium

2158 3041 2511 3109 monachum,
2540 3041 2633 3112 qui
2686 3050 2817 3096 tunc
2868 3043 3127 3111 temporis
3176 3040 3454 3104 vivebant,
3512 3036 3735 3105 scriptae

484 3136 779 3190 monachos
812 3137 1033 3192 honoris
1063 3149 1223 3192 causa
1258 3153 1659 3209 nuncupatous,
1699 3138 1844 3207 quod
1892 3138 2054 3207 latius
2077 3143 2122 3218 (ζ
2156 3142 2299 3204 sunt,
2344 3131 2593 3197 Oudinus
2618 3134 2770 3188 addit
2823 3132 3007 3206 Glycae
3054 3140 3335 3213 syntagma
3399 3132 3725 3188 historicum

478 3244 545 3281 ac
576 3230 860 3285 dilucidius
890 3231 943 3284 in
980 3229 1203 3286 scholiis
1232 3230 1299 3284 ad
1334 3220 1779 3299 dissertationem
1816 3229 2049 3305 primam

475 3319 817 3387 cxpedimus,
849 3330 905 3376 et
944 3320 1295 3375 classicorum
1350 3321 1681 3391 scriptorum
1723 3323 2050 3394 testimoniis

476 3414 529 3482 in
561 3412 799 3466 medium
829 3410 1084 3467 adductis
1112 3411 1547 3482 comprobainns.
1580 3413 1719 3479 Quid
1759 3416 1903 3486 quod
1956 3431 2051 3478 co-

480 3509 575 3557 dex
636 3521 741 3558 ms.
777 3504 1066 3558 Annalium
1094 3503 1269 3575 Glycae
1304 3503 1693 3560 Vallicellanus
1735 3507 2046 3577 hujusmodi

490 3590 693 3663 titplnm
757 3598 1018 3668 praefert?
1069 3597 1177 3651 Τοῦ
1222 3598 1559 3665 λογιωτάτου
1613 3599 1708 3651 καὶ
1765 3617 2052 3670 μακαριω-

480 3692 639 3742 τέιτου
706 3690 880 3759 κυροῦ
916 3690 1130 3760 Μιχαὴλ
1162 3691 1256 3743 τοῦ
1283 3689 1466 3743 Γλυκᾶ
1498 3692 1785 3760 Χρονικδν,
1818 3709 1871 3746 κ.
1904 3710 1954 3744 τ.
1996 3693 2046 3747 λ.

478 3782 921 3853 Etoquentissimi
952 3793 998 3836 et
1029 3783 1318 3837 beatissimi
1345 3785 1526 3837 domui
1552 3782 1822 3839 Michaelis
1873 3785 2049 3855 Glyca:

477 3877 801 3941 Chronicon,
835 3887 972 3939 elc.,
1008 3876 1099 3945 qui
1136 3876 1274 3930 forte
1307 3892 1414 3930 non
1445 3885 1551 3929 tam
1603 3892 1814 3931 morum
1864 3877 2051 3948 probi-

479 3968 645 4035 tatv‘ttt
677 3978 731 4021 et
772 3969 1216 4037 sanctitudincm,
1248 3985 1411 4038 quam
1443 3969 1797 4023 monasticam
1842 3969 2050 4040 profes-

480 4062 692 4113 sionem
744 4060 1029 4131 designare
1080 4075 1238 4129 posse
1288 4060 1558 4115 videatur.
1594 4060 1776 4115 Codex
1831 4077 2048 4131 quoque

487 4153 796 4219 monasterii
852 4142 1385 4226 Fontisehraldrnsis
1438 4155 1626 4223 paucis
1684 4153 1903 4208 mutatis
1968 4156 2050 4210 sic

491 4244 707 4311 incipit:
760 4233 865 4307 Τοῦ
920 4244 1235 4325 σοφωτάτου
1295 4243 1391 4317 καὶ
1433 4245 1878 4319 μακαριωτᾴτου,
1913 4254 2044 4312 etc.,

486 4336 873 4401 Snpientissimi
900 4347 949 4390 et
986 4336 1297 4405 beatissimi,
1323 4345 1431 4409 etc,

560 4426 825 4497 Quidquid
860 4440 1041 4482 autem
1074 4426 1164 4492 sit,
1191 4425 1324 4481 illud
1350 4425 1643 4496 exploratae
1677 4425 1796 4489 lidei
1827 4440 1929 4490 est,
1965 4426 2048 4489 vi-

2151 3227 2302 3297 olcre
2336 3226 2602 3295 Graeciam
2626 3222 3084 3293 recentissimam,
3117 3225 3264 3297 quod
3294 3225 3385 3281 ille
3412 3225 3497 3281 vel
3548 3236 3735 3282 morte.

2152 3316 2235 3379 vel
2266 3317 2497 3391 negotiis
2532 3326 2833 3391 occupatus
2884 3316 3025 3372 ultra
3062 3333 3264 3372 annum
3301 3318 3437 3374 1118
3486 3333 3598 3373 non
3628 3333 3725 3372 ex—

2152 3410 2408 3466 tendet-it.
2440 3410 2624 3481 Itaque
2650 3410 2802 3482 juxta
2834 3422 3169 3468 memoratos
3199 3412 3496 3483 scriptores
3529 3411 3723 3483 Glycas

2152 3502 2449 3579 σύγχρονος
2490 3500 2685 3558 fuisset
2736 3502 2956 3559 Macarii
3009 3503 3286 3574 Ancyrani
3340 3502 3721 3572 metropolitan,

2152 3593 2357 3648 Nicolai
2388 3593 2678 3663 Selengiaa,
2708 3592 2792 3649 Jo.
2823 3594 3004 3658 Ducaa,
3043 3594 3381 3663 aliorumque
3414 3591 3573 3661 hujus
3598 3601 3726 3647 arta-.-

2153 3688 2222 3741 tis
2251 3687 2513 3753 virorum,
2532 3687 2625 3767 qui
2658 3684 3127 3757 lucubrationibus
3152 3686 3314 3741 editis
3337 3700 3536 3740 nomen
3560 3699 3718 3758 suum

2151 3781 2453 3852 posteritati
2481 3779 3023 3847 commendaverunt.
3065 3777 3264 3834 Verum
3296 3778 3371 3841 id,
3406 3777 3547 3848 quod
3572 3776 3720 3845 litem

2151 3890 2367 3929 omnem
2396 3874 2624 3941 dirimit,
2661 3883 2789 3931 sunt
2837 3870 3090 3942 Epistulae
3122 3871 3299 3943 Glyca:
3328 3871 3417 3934 55,
3448 3870 3518 3925 56
3548 3879 3603 3924 et
3632 3870 3721 3945 41,

2150 3984 2271 4037 qua:
2326 3966 2393 4021 ad
2455 3966 2837 4037 imperatorem
2886 3964 3309 4032 Constantinum
3398 3963 3719 4035 Paiaelogutu

2150 4060 2369 4129 scriptae
2393 4068 2549 4124 sunt;
2583 4067 2795 4125 constat
2822 4069 3003 4111 autem
3038 4072 3102 4111 ex
3142 4051 3453 4112 verioribhs
3492 4055 3723 4121 Clll‘OﬂO':

2149 4151 2286 4222 legis
2335 4150 2754 4205 Constantinum
2817 4148 3172 4220 Palaeologum
3230 4165 3339 4203 non
3412 4158 3538 4203 ante
3620 4163 3721 4203 ana

2150 4258 2278 4295 nom
2336 4239 2492 4305 1415,
2526 4239 2610 4294 vel
2659 4240 2813 4311 juxta
2848 4240 2987 4293 alios
3024 4237 3184 4302 1148,
3224 4238 3512 4308 imperium
3534 4251 3723 4298 susce:

2151 4335 2295 4409 pisse
2322 4331 2580 4399 Orientis,
2607 4332 2749 4402 quod
2780 4347 2924 4387 anno
2958 4331 3117 4394 1455,
3165 4332 3216 4385 in
3258 4329 3723 4399 Constantinopo;

2153 4428 2319 4482 litana
2375 4426 2531 4499 clade
2579 4426 2907 4490 exstinctus,
2958 4424 3163 4486 amisit,
3201 4438 3325 4476 cum
3369 4422 3528 4476 annis
3552 4420 3606 4485 8,
3635 4418 3725 4487 vel

481 4536 600 4571 rum
633 4521 772 4574 hunc
801 4509 1103 4575 litterarum
1124 4520 1322 4579 studiis
1352 4522 1585 4575 maxime
1614 4520 1879 4592 deditum,
1903 4520 2050 4592 φιλῤ-
2076 4499 2128 4562 Ῑ)
2149 4521 2301 4593 juxta
2361 4520 2498 4575 alios
2546 4519 2578 4574 5
2632 4518 2732 4573 etsi
2792 4532 2904 4571 non
2940 4514 3163 4585 integris
3216 4514 3556 4583 imperasset.
3600 4511 3719 4567 .lam

482 4630 641 4664 mm
692 4612 783 4663 καὶ
827 4612 1125 4683 φιλομαθῆ,
1177 4611 1346 4677 fuisse
1395 4614 1716 4683 cunctisque
1753 4613 1893 4668 adeo
1934 4613 2046 4683 fere

477 4704 780 4771 tltst'lplitlls
810 4704 1124 4758 eruditum:
1161 4704 1358 4771 passim
1397 4704 1540 4758 enim
1573 4703 1627 4757 in
1652 4703 1765 4758 suis
1790 4705 2048 4773 operibus

479 4798 790 4864 thmlogum
812 4795 994 4859 simul,
1012 4808 1291 4861 sacrarum
1316 4793 1643 4851 Litterarum
1663 4794 2045 4864 interpretem,

477 4887 750 4941 medicum
784 4888 1154 4957 naturalisque
1183 4888 1430 4943 scientiae
1460 4887 1835 4957 indagatorem
1868 4887 2044 4942 soler-

479 4980 768 5045 tissimum,
809 4980 1311 5058 peritissimumque
1361 4994 1419 5033 se
1464 4979 1646 5049 prodit
1696 4974 2043 5047 historicum.

483 5071 587 5126 {Nec
618 5072 941 5140 eloquentiae
968 5071 1187 5141 quidem
1221 5070 1381 5125 laude
1411 5080 1583 5135 earet,
1617 5081 1673 5126 et
1720 5071 1859 5125 facili
1909 5087 2042 5140 qua-

485 5164 599 5216 dam
629 5179 694 5217 ac
724 5163 880 5237 plana
909 5162 1124 5217 dicendi
1156 5162 1365 5218 ratione
1400 5164 1659 5218 lectorem
1693 5163 1933 5217 oblectat
1982 5178 2045 5229 ac

482 5255 707 5319 detinet,
774 5254 845 5308 ita
890 5262 949 5308 ut
987 5248 1299 5324 eloquentia
1338 5269 1461 5309 cum
1515 5255 1720 5325 ingenii
1784 5254 2047 5310 facilitate

475 5358 692 5400 certare
720 5346 988 5401 videatur.
1019 5345 1205 5413 Itaque
1238 5346 1309 5401 ob
1339 5346 1461 5415 ejus
1485 5347 1751 5403 doctrinae
1779 5357 2045 5416 praestan-

477 5441 606 5492 tiam
648 5439 846 5491 merito
893 5437 1222 5504 λογιώτατος
1255 5438 1349 5493 καὶ
1379 5438 1695 5507 σοφώτατος
1743 5438 2045 5509 appellatus

474 5539 580 5595 est,
617 5538 677 5583 ut
720 5543 787 5582 ex
838 5529 955 5595 ejus
998 5528 1365 5598 Epistolarum
1417 5531 1653 5599 generali
1689 5531 2046 5600 inscriptione

477 5627 532 5675 in
600 5624 787 5678 codice
841 5622 1089 5677 Caesareo
1160 5627 1301 5695 apud
1362 5626 1421 5681 P.
1482 5627 1851 5688 Lambecium,
1920 5626 2042 5681 cod.

481 5715 718 5786 theolog.
796 5716 920 5775 159,
954 5715 1315 5787 intelligitur;
1378 5731 1459 5776 est
1534 5722 1678 5774 enim
1749 5737 1849 5783 ea,
1928 5736 2046 5787 qua:

484 5808 767 5875 sequitur:
805 5808 906 5861 Τοῦ
968 5808 1273 5876 σοφωτάτου
1312 5816 1402 5866 καὶ
1455 5814 1783 5881 λογιωτάτων
1824 5813 1876 5867 Μ
1906 5812 2043 5881 xain

2151 4622 2568 4666 memoratarum
2601 4608 2960 4681 Epistolarum
2994 4606 3379 4677 inscriptiones
3412 4604 3463 4658 in
3489 4604 3596 4660 alio
3628 4620 3724 4660 vo-,

2148 4700 2354 4758 lumine
2387 4718 2487 4757 una
2513 4719 2633 4758 cmn
2669 4702 2896 4755 aliarum
2925 4698 3097 4754 titulis
3121 4697 3441 4761 adoremus,
3471 4706 3527 4751 et
3558 4712 3625 4769 ex_
3659 4697 3735 4767 iis,

2146 4797 2347 4850 veritas
2371 4795 2458 4849 illa
2481 4811 2641 4865 quam
2657 4792 2948 4849 astruimus
2965 4791 3246 4848 evidenter
3271 4788 3523 4861 elucebit.
3542 4787 3722 4860 Caro].

2147 4887 2368 4957 quidem
2414 4886 2752 4949 Dulresnius,
2796 4885 2876 4938 vir
2909 4882 3283 4946 doctissimus,
3303 4881 3355 4935 in
3387 4879 3725 4961 praefatione,
3758 4951 3767 4961 ι

2146 4996 2311 5051 quam
2343 4979 2599 5048 operibus
2634 4977 2720 5031 Jo.
2756 4975 2982 5030 Zonarae
3015 4976 3301 5045 praemisit,
3337 4960 3460 5029 cum
3500 4971 3554 5027 in
3602 4989 3720 5027 eam

2148 5058 2472 5145 sententiam
2509 5070 2872 5135 ὀίεοιιδείεδρι,
2924 5085 3045 5138 quae
3090 5067 3204 5135 vult
3254 5069 3415 5146 hasce
3454 5067 3730 5137 Epistolas,

2147 5178 2269 5219 esse
2294 5163 2377 5218 Jo.
2417 5160 2647 5216 Zonarae
2703 5160 2898 5223 fetum,
2933 5170 2992 5214 ut
3014 5160 3233 5214 evincat
3264 5174 3379 5227 eas,
3415 5160 3499 5214 vel
3532 5173 3718 5212 earum

2147 5253 2338 5308 saltem
2369 5252 2599 5322 aliquas,
2631 5266 2753 5305 esse
2787 5252 3018 5321 scriptas
3047 5266 3110 5305 ea
3152 5259 3334 5317 aetate,
3369 5267 3474 5322 qua
3524 5252 3612 5303 ille
3645 5250 3729 5309 vi-_

2146 5345 2327 5407 vebat,
2350 5344 2558 5397 clarum
2586 5355 3045 5414 perspectumque
3064 5354 3186 5398 esse
3204 5344 3299 5409 ait,
3331 5339 3721 5405 nonnullarum

2147 5445 2448 5498 auctorem,
2510 5436 2556 5489 si
2599 5450 2706 5487 non
2752 5435 3020 5500 omnium,
3065 5436 3264 5491 vixisse
3319 5435 3421 5489 sub
3467 5432 3723 5488 Mahuele

2146 5528 2463 5593 Conmeno;
2499 5542 2622 5581 nam
2653 5527 2941 5597 epistolam
2970 5528 3037 5581 ’58
3070 5529 3122 5582 in
3147 5528 3325 5581 indice
3351 5525 3718 5583 Lambeciano

2145 5622 2412 5676 Manuelis
2427 5623 2690 5676 (Jomneni
2714 5622 3056 5690 imperatoris
3074 5635 3193 5674 esse
3211 5619 3527 5686 arbitratur,
3548 5638 3717 5692 quare

2148 5725 2203 5767 et
2236 5716 2578 5782 subsequens
2626 5712 3141 5779 Antapologcticum.
3181 5714 3323 5765 quod
3357 5713 3574 5772 qttitlcm
3608 5723 3718 5766 sta—

2151 5810 2245 5861 tim
2280 5807 2378 5861 sub
2402 5809 2527 5859 ‘itur
2557 5807 2608 5859 in
2643 5824 2681 5847 σι
