4052 6200
331 350 390 391 δεῖ
1553 342 1649 401 DE
1692 338 2074 402 MlCllifSLE
2115 343 2347 402 GLYCA
3482 357 3558 397 xu

325 456 515 518 siettsi,
548 453 741 509 eodeni
784 464 1029 523 tempore
1068 455 1324 525 srriptum
1362 471 1482 509 esse
1529 457 1717 511 infert.
1766 461 1891 512 Eam
1927 467 1966 521 Α
1998 459 2335 528 aliorumque
2366 457 2585 526 vestigia
2623 473 2684 510 ac.
2735 471 2872 526 pene
2910 456 3072 512 verba
3103 473 3116 510 ε
3181 458 3273 528 qui
3336 460 3556 528 quidem

323 557 536 597 nantem
570 548 731 599 etiam
761 548 936 615 arguit
968 564 1027 601 ev
1065 548 1191 600 viris
1234 550 1510 618 primariis
1555 552 1690 623 aula:
1754 552 1892 605 Cott-

324 639 848 707 S'aotinopolitanze,
875 641 1067 705 quibus
1096 640 1572 709 aliquotfepistnlm
1595 643 1889 696 inscribitu-

327 738 448 781 tur:
486 744 648 798 atque
696 732 747 784 in
789 734 851 785 iis
878 731 1084 786 Joanne
1115 733 1258 786 Dura
1300 750 1491 793 magno
1540 736 1892 789 hctatriarclia

324 832 374 873 et
410 829 648 887 schasto,
685 825 839 889 cujus
867 842 975 892 pra:
999 827 1212 879 cmteris
1246 827 1450 878 mentio
1483 828 1723 880 occurrit
1749 828 1892 896 apud

322 911 565 966 Niret-atn
602 916 652 967 in
691 916 877 968 Alexio
908 915 1177 969 Manuclis
1208 915 1314 977 lil.,
1341 927 1393 970 et
1438 914 1685 969 Manucle
1732 916 1891 971 Com-

325 1024 468 1060 neno
499 1008 952 1068 seliastocratore,
997 1008 1086 1076 qtti
1117 1023 1224 1060 non
1257 1009 1391 1061 alius
1419 1019 1505 1062 est
1529 1008 1595 1062 ab
1624 1025 1711 1071 eo,
1735 1010 1891 1078 cujus

323 1102 525 1167 pariter
551 1101 850 1153 Cinnamus
878 1101 1126 1153 meminit
1160 1100 1253 1153 lib.
1296 1118 1351 1155 γ.
1391 1099 1495 1154 Sed
1530 1111 1675 1155 recte
1705 1101 1893 1155 obser-

325 1204 411 1244 vat
443 1192 565 1244 Cas.
624 1192 874 1243 Ontlinus
936 1192 1127 1245 falsum
1166 1208 1287 1246 esse
1342 1192 1709 1252 Duh-csnium.
1761 1194 1889 1247 dum

324 1283 543 1332 censuit
581 1280 866 1348 epistolam
904 1282 971 1334 58
1030 1284 1095 1334 ad
1131 1280 1379 1351 Alypium
1407 1282 1736 1335 monachum
1771 1297 1890 1337 esse

323 1372 589 1426 Manuelis
613 1372 898 1435 Comneni,
930 1390 1052 1427 cum
1082 1390 1205 1427 vere
1238 1374 1413 1444 Glyca:
1447 1376 1518 1426 sit
1564 1375 1888 1428 monachum

324 1464 472 1515 illum
510 1464 577 1516 ab
621 1464 928 1533 astrologia:
978 1465 1156 1518 studio
1204 1465 1588 1520 tlehortautis:
1642 1466 1890 1519 concedit

322 1566 529 1607 tantum
566 1556 1053 1625 Antapologetieum
1105 1571 1228 1610 esse
1278 1557 1543 1610 Manuelis
1596 1557 1884 1620 Cotnncni,

318 1651 473 1716 cuius
507 1648 726 1715 quidem
761 1664 957 1701 nomen
992 1649 1228 1717 praefert,
1262 1660 1314 1701 et
1344 1665 1575 1703 numero
1602 1650 1685 1704 39-
1722 1649 1888 1703 collo-

321 1749 494 1793 ratur.
565 1738 699 1791 Cum
746 1741 891 1792 enim
936 1740 1159 1808 Alypius
1213 1738 1264 1791 in
1300 1738 1604 1807 astrologia:
1649 1738 1885 1791 studium

1999 566 2189 603 omnes
2216 566 2351 618 opus
2384 564 2473 603 sex
2513 550 2742 605 dierum.
2773 549 2915 618 quod
2964 549 3150 604 Grzera
3203 565 3333 605 voce
3389 550 3563 605 llexa-

1997 653 2218 689 etneron
2249 636 2429 690 dicere
2457 636 2715 701 solemus,
2734 636 2994 708 singulari
3018 639 3298 707 diligentia
3330 642 3561 695 concin-

1996 739 2212 782 narttnt.
2240 727 2343 783 Sed
2375 730 2499 797 quia
2538 740 2757 784 notatur
2786 745 2815 783 a
2878 729 2983 787 Th.
3031 729 3368 800 Dempstero,
3397 732 3495 786 lib.
3545 750 3557 787 I

2002 820 2241 888 l’aralip.
2272 827 2337 874 ad
2369 821 2641 885 Resinam,
2682 838 2802 891 cap.
2840 822 2888 885 l,
2918 824 3070 891 quasi
3101 823 3249 893 leges
3301 823 3563 879 historico

1996 911 2343 979 priescriptas
2375 928 2483 965 non
2516 912 2839 977 servaverit,
2875 913 2963 965 hic
3000 914 3319 981 tempestive
3354 915 3560 968 descri-

1996 1003 2170 1056 benda
2204 1004 2458 1059 videnlur
2500 1009 2662 1057 verba
2704 1003 3012 1057 Leunclavii
3058 1005 3321 1071 promittit)
3354 1005 3406 1058 in
3436 1005 3559 1077 Cly-

1996 1110 2071 1149 cze
2104 1095 2371 1149 Annales:
2403 1097 2554 1160 Quod
2592 1099 2637 1148 si
2668 1098 2782 1163 quis
2817 1096 3134 1158 arbitratur,
3188 1098 3378 1165 inquit,
3427 1100 3560 1152 hisce

1994 1187 2058 1236 de
2091 1185 2241 1236 rebus
2274 1187 2486 1238 minime
2523 1186 2882 1239 disserendum
2914 1185 2992 1240 vel
3034 1187 3090 1240 in
3115 1189 3354 1254 historia,
3391 1188 3469 1243 vel
3505 1191 3559 1243 in

1994 1279 2332 1331 adnotatione
2361 1289 2646 1344 temporum
2675 1319 2689 1342 ,
2720 1278 2763 1331 is
2794 1279 2947 1341 sciat,
2974 1278 3202 1345 primum
3242 1280 3351 1332 ha'c
3381 1278 3563 1347 junio-

1994 1374 2134 1423 rtbus
2164 1387 2274 1423 esse
2304 1372 2617 1438 perscripta,
2648 1388 2867 1439 quorum
2889 1372 3092 1425 animos
3113 1374 3265 1423 rectis
3291 1374 3559 1425 sententiis

1995 1462 2073 1530 (ut
2105 1461 2266 1531 paulo
2283 1472 2406 1514 ante
2427 1461 2875 1531 signiﬁcabantus)
2906 1462 3067 1515 imbui
3086 1464 3361 1533 permagni
3380 1465 3556 1533 refert.

1993 1554 2191 1608 Deinde
2223 1556 2374 1609 t'elim
2400 1555 2572 1624 Glyco:
2596 1567 2771 1607 nostra
2803 1556 2880 1609 vel
2912 1556 3061 1610 illaut
3117 1555 3179 1611 ob
3215 1573 3435 1610 causam
3490 1558 3559 1610 sit

1991 1647 2211 1717 aequior,
2252 1647 2389 1715 quod
2423 1647 2673 1716 pleraque
2701 1665 2800 1701 non
2833 1650 2908 1701 ita
2939 1649 3163 1717 prolixe,
3202 1650 3555 1723 nec‘confnse,

1993 1740 2290 1804 tradiderit,
2324 1750 2377 1792 ut
2410 1739 2702 1794 Cedrenum
2728 1750 2776 1793 et
2809 1740 2943 1794 alios
2978 1742 3252 1810 factitasse
3286 1743 3516 1795 uidemus
3540 1761 3558 1796 :

323 1838 436 1882 toto
465 1830 703 1897 pondere
729 1831 985 1896 ferretur,
1016 1850 1114 1886 nec
1140 1833 1313 1902 Glycze
1340 1831 1583 1885 consiliis
1615 1842 1669 1885 et
1705 1833 1885 1886 horta-
1917 1838 1962 1898 Β
1991 1833 2079 1903 qui
2111 1834 2413 1901 compendia
2436 1833 2678 1901 quardam
2707 1834 3094 1901 promittentes,
3116 1833 3379 1886 volumina
3413 1850 3559 1902 pror-

322 1920 566 1975 tionibus
596 1922 990 1991 acquiesceret,
1017 1934 1073 1976 ut
1098 1924 1333 1977 studium
1364 1939 1519 1975 suum
1554 1922 1887 1985 defenderet,

326 2015 457 2067 nihil
493 2016 608 2082 ipso
642 2018 889 2086 regessit,
944 2020 1036 2070 sed
1068 2017 1245 2069 aliena
1290 2015 1587 2083 scriptione
1620 2029 1749 2068 usus
1784 2022 1889 2079 est,

321 2106 543 2160 mittens
580 2123 677 2175 pro
710 2112 1071 2176 responsione
1103 2107 1593 2178 Antapologeticum
1629 2105 1893 2160 Manuelis

319 2194 583 2248 Conmeni
625 2196 692 2249 ab
739 2196 897 2249 annis
948 2196 1168 2249 circiter
1201 2196 1304 2249 500
1354 2195 1407 2247 in
1440 2193 1671 2265 gratiam
1713 2201 1892 2247 astro-

321 2284 495 2353 logias,
542 2301 647 2353 qua
698 2284 1088 2346 delectabatur,
1130 2283 1533 2352 conscriptum;
1587 2282 1668 2338 vel
1726 2283 1891 2335 alium

322 2376 627 2429 Manueletn
684 2375 1025 2430 Coninenuni
1080 2375 1248 2429 fuisse
1307 2374 1638 2444 suspicatur.
1698 2374 1777 2426 Ad
1829 2386 1891 2426 ea

324 2485 454 2522 vero
484 2485 604 2541 qua:
631 2469 952 2525 Dufresnius
986 2470 1053 2525 de
1102 2470 1375 2539 primariis
1409 2468 1544 2522 aula:
1573 2464 1891 2522 Constantb-

324 2561 650 2629 nopolitanre
681 2561 813 2616 viris
843 2561 1087 2624 adducit,
1144 2561 1218 2614 ita
1252 2560 1500 2613 laudatus
1537 2558 1779 2614 Oudinus
1810 2571 1894 2611 rc-

321 2654 557 2721 Spontlct
586 2673 597 2709 :
626 2652 743 2706 Non
767 2652 845 2706 his
877 2653 1172 2706 nominibus
1204 2662 1396 2705 veteres
1419 2650 1473 2704 hi
1503 2649 1890 2720 intelliguntur,

272 2788 275 2799 λ
320 2746 412 2797 sed
458 2748 770 2799 recentiores
816 2747 1052 2815 ejusdem
1102 2746 1328 2799 nominis
1365 2754 1411 2798 et
1456 2743 1755 2814 dignitatis,
1800 2742 1892 2810 qui

322 2856 461 2893 anno
502 2840 709 2892 circiter
744 2838 988 2907 iiSO‘in
1035 2838 1259 2907 imperio
1301 2835 1564 2892 Orientali
1611 2834 1703 2888 sub
1741 2832 1891 2889 Con-

320 2934 552 2985 stantino
609 2932 927 3002 Pnlwologo,
977 2931 1164 2985 ultimo
1196 2931 1497 2988 Cra'corum
1552 2932 1889 3000 imperatore,

325 3027 669 3096 dignitatibus
691 3027 768 3079 Itis
797 3026 1193 3096 fungebantur:
1240 3034 1297 3077 ut
1330 3033 1535 3078 constat
1584 3039 1647 3076 ex
1686 3021 1892 3077 Joanne

330 3120 495 3179 Dura,
526 3120 675 3186 cujus
702 3117 977 3171 historiam
1004 3118 1058 3170 in
1093 3119 1331 3170 manibus
1361 3116 1608 3183 habemus
1630 3131 1651 3169 :
1683 3113 1772 3185 qui
1794 3111 1894 3166 Mi-

1996 1926 2360 1994 susingentia,
2400 1942 2613 1994 tutorque
2656 1929 2769 1978 sine
2821 1926 2972 1978 taedio
3026 1924 3221 1995 perlegi
3279 1936 3556 1994 nequeunt,

1996 2019 2214 2088 posteris
2242 2017 2691 2088 reliquerediujus
2721 2019 2906 2087 operis
2941 2017 3133 2072 titulus
3175 2020 3229 2070 in
3281 2018 3560 2071 codicibus

1996 2108 2345 2163 Vallicellano
2410 2121 2462 2164 et
2519 2109 3016 2164 Fontisebraldensi
3070 2109 3140 2162 ita
3196 2109 3402 2163 habet:
3453 2110 3559 2162 'l'o)

1994 2202 2329 2268 λογιωτάτου
2378 2206 2470 2253 καὶ
2515 2201 2941 2269 μακαριωτάτου
2989 2200 3163 2271 κυροῦ
3215 2199 3431 2271 Μιχαὴλ
3460 2202 3557 2253 τοῦ

1996 2294 2176 2347 Γλυκᾶ
2222 2294 2472 2365 χρονικξν
2523 2294 2630 2345 ἀπὸ
2683 2292 2914 2355 κτίσεως
2966 2293 3173 2361 κόσμου
3218 2293 3556 2358 συνοπτικὺν,

1994 2380 2190 2448 διεξιὸν
2224 2382 2347 2433 κατ’
2379 2382 2647 2451 ἐπιτομὴν
2671 2381 2798 2452 περί
2822 2398 2881 2434 τε
2927 2380 3018 2434 τοῦ
3067 2381 3297 2450 οὐρανοῦ
3327 2384 3422 2436 καὶ
3459 2384 3555 2451 τῆς

1995 2476 2123 2545 γῆς,
2163 2474 2371 2544 περίτε
2404 2473 2498 2525 τοῦ
2540 2472 2951 2541 φωτὸς,¹αὺτοῦ,
2990 2464 3086 2527 nati.
3123 2477 3341 2529 πάντων
3373 2474 3555 2535 ἁπλῶς

1996 2569 2103 2622 τῶν
2134 2569 2235 2622 ὑπὸ
2266 2568 2402 2621 Θεοῦ
2435 2568 2955 2637 δημιουργηθέντων
3002 2569 3059 2621 ἐν
3090 2568 3328 2640 ἡμέραις
3362 2567 3433 2633 ς’⁶
3469 2587 3561 2620 πε-

1998 2663 2051 2730 ρί
2075 2678 2133 2713 τε
2161 2660 2265 2728 τῆς
2294 2660 2545 2721 πλάσεως
2575 2660 2669 2712 τοῦ
2700 2659 2894 2730 Ἀδὰμ.
2920 2660 3013 2715 καὶ
3038 2661 3145 2715 τῶν
3173 2661 3374 2713 λοιπῶν
3400 2661 3559 2713 italis.

1998 2751 2113 2821 ξῆς.
2173 2751 2595 2822 Eloquentissimi
2630 2760 2679 2804 et
2740 2751 3029 2805 beatissimi
3062 2751 3241 2804 damni
3288 2749 3561 2805 Michaelis

1996 2842 2177 2915 Clyra:
2235 2842 2528 2897 Cbronicon
2578 2841 3026 2911 compendiariam
3056 2842 3123 2895 ab
3160 2840 3281 2894 orbe
3324 2840 3551 2898 condito,

1995 2936 2217 2990 breviter
2232 2952 2539 3003 percurrens
2566 2951 2647 2997 ea,
2670 2950 2786 3002 qua:
2813 2934 3036 2987 attinent
3057 2935 3233 2987 celum
3264 2943 3310 2985 et
3335 2939 3553 2997 terram,

1995 3026 2265 3097 lucemque
2298 3026 2435 3092 eius,
2471 3034 2519 3079 et
2556 3026 2753 3087 omnia,
2785 3030 2843 3078 ut
2868 3040 2970 3079 uno
2999 3024 3147 3079 verbo
3176 3023 3367 3083 dicam,
3393 3038 3423 3073 a
3450 3019 3556 3073 Deo

1997 3136 2087 3175 sex
2108 3120 2285 3173 diebus
2312 3098 2630 3190 fabrefacta,
2660 3116 2951 3188 Adamique
2974 3116 3258 3183 ﬁctionem,
3277 3123 3327 3169 et
3348 3124 3557 3173 cetera,

327 3211 517 3273 rhttelis
543 3210 718 3282 Glyco:
748 3212 1036 3281 σύγχρονςι
1058 3227 1172 3263 cum
1203 3210 1422 3279 fuerint,
1454 3209 1525 3261 ad
1563 3208 1678 3261 illos
1700 3207 1895 3275 episto-
1916 3187 1963 3251 Ο
1996 3229 2112 3284 qum
2137 3187 2377 3280 deinceps
2410 3187 2757 3281 contigerunt,

327 3302 407 3365 lus
442 3303 644 3357 dedisse
678 3304 808 3359 nihil
864 3306 1054 3358 mirum
1091 3302 1372 3354 videbitur.
1415 3302 1591 3369 Atque
1644 3300 1714 3353 ita
1770 3298 1893 3369 qui-

327 3395 449 3451 dem
495 3395 604 3450 ille.
670 3395 757 3458 Et,
796 3404 853 3448 ut
878 3394 1108 3457 videtur,
1141 3392 1382 3450 Joannes
1409 3392 1599 3450 Ducas.
1637 3390 1893 3447 illeidctn

328 3499 434 3552 est,
472 3489 564 3557 qui
593 3487 813 3557 scripsit
856 3486 1149 3541 llistoriatn
1199 3486 1890 3556 ConStantinOpolitanam,

327 3580 549 3649 quando
576 3578 1080 3647 ConstantinOpolis
1113 3597 1141 3631 a
1167 3576 1477 3632 Mahumete
1511 3576 1555 3629 ll
1589 3574 1892 3629 Turcarum

333 3673 659 3741 imperatore
690 3678 998 3741 expugnata
1034 3680 1137 3730 est,
1184 3684 1357 3738 caque
1402 3668 1507 3721 illis
1534 3665 1747 3734 impetii
1773 3680 1895 3718 esse

329 3765 489 3817 sedes
528 3763 713 3833 erepit,
744 3761 891 3831 quod
934 3760 1037 3817 luit
1089 3777 1236 3815 anno
1274 3761 1487 3831 llegirzc
1526 3759 1649 3822 857,
1688 3756 1892 3812 Christi

328 3869 509 3927 autem
537 3858 694 3919 MSS,
727 3873 837 3928 quo
874 3856 1088 3910 vivebat
1122 3856 1209 3909 ille
1244 3855 1417 3909 Dums
1447 3870 1512 3908 ex
1548 3852 1748 3921 inclyta
1782 3850 1894 3903 Du-

328 3968 520 4007 carum
552 3949 756 4006 familia
791 3948 1082 4005 oriundus.
1129 3947 1227 4001 llic
1274 3948 1343 4002 de
1376 3947 1542 4018 gestis
1592 3944 1893 3998 Turcarum

328 4043 589 4109 adversus
611 4041 847 4106 Graecos,
879 4050 935 4096 et
957 4038 1432 4109 Constantinopoli
1459 4038 1706 4101 subacta,
1742 4050 1895 4090 com-

330 4136 632 4189 mentarius
660 4144 843 4190 exstat
905 4150 1010 4189 ms.
1066 4133 1252 4189 Graice
1286 4133 1338 4186 in
1372 4129 1705 4185 Bibliotheca
1735 4128 1898 4183 Chri-

326 4227 647 4283 Stianissiuti
675 4228 1010 4282 Francorum
1045 4228 1207 4297 regis,
1237 4240 1397 4295 quem
1428 4240 1532 4277 una
1564 4239 1687 4278 cum
1727 4214 1892 4277 inter-4

329 4322 635 4391 pretatione
681 4335 777 4373 sua
823 4319 1010 4373 Latina
1045 4320 1169 4373 lsm.
1204 4318 1500 4372 Bullialdus
1554 4318 1606 4369 in
1666 4329 1895 4383 corpore

332 4412 641 4483 Byzantina:
676 4412 921 4467 historiae
955 4410 1231 4485 edendum
1282 4410 1534 4470 curavit.
1584 4418 1639 4463 ct
1686 4407 1754 4462 de
1789 4421 1897 4475 quo

2068 3302 2271 3359 Prteter
2304 3303 2537 3356 Annales
2566 3300 2786 3372 scripsit
2831 3299 3021 3372 Glycas
3052 3299 3327 3369 Epistolas
3382 3298 3557 3367 pluri-

1999 3413 2137 3462 mas,
2176 3399 2547 3464 interrogatus
2578 3411 2609 3450 a
2638 3395 2867 3451 diversis
2905 3409 3067 3463 super
3110 3391 3275 3446 variis
3305 3390 3562 3460 quastio-

2001 3492 2161 3547 uibus
2197 3489 2537 3561 theologieis,
2567 3489 2851 3559 dubiisque
2871 3491 2934 3542 ad
2974 3484 3276 3542 caelestium
3310 3482 3561 3550 Scriptu-

1998 3600 2181 3639 rarum
2264 3583 2668 3638 enarrationem
2745 3579 3115 3643 rcsolveudis;
3189 3591 3327 3648 quas
3403 3574 3561 3630 solita

1997 3676 2216 3732 dicendi
2240 3676 2499 3731 facilitate
2557 3684 2612 3731 et
2634 3674 2933 3746 multiiugis
2952 3672 3277 3729 eruditionis
3309 3668 3560 3726 illecebra

1998 3778 2052 3821 et
2102 3767 2417 3822 amoenitate
2449 3767 2793 3837 conscripsit.
2827 3766 2960 3832 Quae
2978 3765 3210 3844 quidem
3251 3779 3436 3829 earum
3470 3775 3561 3815 ex-

1998 3871 2161 3925 stant,
2186 3859 2327 3931 qnod
2354 3862 2547 3925 sciam,
2571 3860 2639 3915 56
2667 3876 2957 3916 numerum
2980 3859 3219 3929 explent.
3244 3853 3563 3910 Lambecius

2000 3964 2179 4007 tamen
2242 3955 2296 4006 in
2345 3953 2535 4008 codice
2591 3952 2825 4022 theolog.
2885 3950 3030 4015 235,
3082 3949 3176 4003 lib.
3231 3963 3263 4002 v
3322 3947 3562 4004 Comm,

1999 4044 2253 4098 observat
2282 4045 2337 4098 in
2368 4044 2471 4099 hoc
2498 4044 2690 4099 codice
2711 4043 2869 4096 aliter
2892 4039 3163 4110 Epistolas
3184 4037 3362 4103 Circa:
3380 4036 3561 4105 dispo-

2000 4137 2078 4202 ni,
2116 4146 2226 4191 tam
2262 4152 2513 4199 numero,
2547 4150 2709 4206 quam
2744 4132 2959 4196 ordine,
3011 4129 3152 4184 adeo
3189 4137 3249 4183 ut
3300 4144 3389 4191 ea,
3442 4143 3565 4197 qua:

1999 4231 2054 4285 in
2088 4229 2209 4285 aliis
2256 4230 2532 4285 codicibus
2571 4237 2655 4282 est
2685 4226 2774 4291 55,
2814 4226 2868 4279 in
2920 4224 3022 4279 hoc
3065 4221 3252 4278 codice
3307 4222 3381 4276 sit
3406 4219 3474 4276 64
3511 4227 3565 4274 et

2001 4321 2211 4385 ultima,
2259 4319 2351 4373 Ha:
2384 4335 2576 4375 omnes
2615 4319 2759 4373 enim
2794 4319 3037 4389 quinque
3103 4315 3388 4371 codicibus
3427 4330 3561 4368 mss.

2000 4412 2350 4469 Bibliotheca:
2369 4412 2629 4468 Caesarea:
2643 4412 3014 4476 continentur,
3034 4418 3091 4464 ut
3121 4409 3261 4479 apud
3287 4405 3565 4461 Pet.Lam-

328 4507 455 4568 βων.
488 4503 572 4567 Ju.
602 4504 847 4567 Vossius.
874 4503 968 4559 lib.
999 4520 1050 4559 tv
1099 4505 1171 4556 De
1202 4502 1401 4555 Ηίδιονο
1440 4500 1632 4563 Creo.
1657 4514 1778 4567 cap-
1806 4497 1892 4553 19-
1929 4530 1969 4587 ο
2002 4506 2216 4562 becium
2250 4505 2481 4561 codicih.
2514 4497 3567 4576 Tttcotog.159,160,252.235et355

330 4600 557 4665 Exstant
589 4599 736 4655 inter
768 4597 1047 4668 Epistolas
1097 4594 1377 4650 Michaelis
1420 4593 1595 4662 Glyctc
1652 4590 1896 4662 epistola:

326 4696 445 4751 duae
478 4694 539 4745 ad
579 4694 724 4748 hunc
758 4692 1024 4767 Joannem
1058 4690 1281 4752 Ducam,
1308 4703 1504 4756 nempe
1525 4688 1584 4743 Ἦ
1624 4698 1677 4741 et
1710 4686 1796 4741 5‘2.
1826 4687 1897 4739 Dc

326 4784 535 4855 Joanne
558 4793 741 4839 autem
773 4784 914 4836 Duca
939 4782 1093 4852 plura
1126 4779 1360 4835 videnda
1395 4780 1535 4849 apud
1571 4783 1696 4833 (las.
1730 4778 1899 4832 Oudi-

327 4894 458 4931 num
494 4877 559 4931 ad
592 4890 792 4929 annum
825 4874 983 4939 1460,
1013 4884 1069 4945 et
1104 4872 1158 4926 in
1194 4872 1279 4926 .lo.
1318 4871 1549 4926 Zonara.

396 4971 593 5037 Opera,
632 4983 752 5036 qua:
787 4965 984 5037 Glycas
1014 4965 1260 5036 scripsit,
1294 4973 1425 5019 sunt
1460 4966 1511 5017 in
1543 4964 1736 5034 primis
1785 4962 1897 5017 An-

331 5066 497 5131 nales,
539 5062 998 5133 patriarcharum,
1052 5078 1240 5132 regum
1279 5070 1446 5132 atque
1501 5064 1898 5130 imperatorum

328 5178 416 5217 res
442 5169 639 5232 gestas,
673 5159 1072 5230 historiamque
1107 5176 1327 5215 omnem
1361 5158 1668 5220 Judaicam,
1697 5152 1899 5209 Roma-

332 5269 455 5319 nam
506 5267 570 5307 ac
604 5251 1288 5322 Constantinopolitanam,
1338 5250 1413 5305 ita
1448 5247 1898 5317 complcctentes,

334 5359 392 5399 ut
436 5345 625 5401 eodem
680 5353 941 5401 contextu
987 5355 1373 5400 controversas
1432 5341 1573 5396 inter
1619 5338 1902 5406 theologos

336 5437 797 5508 philosophosque
849 5439 1182 5507 qumstiones
1207 5435 1517 5508 agitaverit,
1550 5450 1613 5488 ac
1646 5436 1713 5488 de
1740 5432 1902 5487 rebus

337 5533 617 5597 omnibus,
655 5548 777 5603 qua:
806 5531 861 5585 in
902 5532 1063 5598 cado,
1096 5546 1243 5594 aere,
1290 5538 1433 5584 terra
1467 5543 1531 5582 ac
1574 5527 1708 5582 mari
1745 5526 1900 5586 ﬁunt,

334 5625 399 5676 de
428 5625 643 5691 avibus,
667 5625 928 5694 piscibus,
954 5623 1302 5686 animalibus,
1341 5623 1584 5686 homine,
1611 5629 1773 5689 atque
1803 5635 1902 5672 an-

336 5712 485 5781 gelis,
507 5714 850 5777 disseruerit,
870 5722 1091 5769 secutus
1110 5721 1354 5765 veterum
1374 5711 1593 5765 Patrum
1610 5707 1835 5764 Eustath
1864 5709 1897 5765 i.

337 5805 538 5873 Basilii,
607 5808 857 5879 Nysseni,
911 5806 1311 5875 Chrysostotui,
1380 5804 1623 5867 Sinaitie,
1685 5801 1898 5871 Pisidas,

2002 4595 2189 4649 videre
2231 4603 2336 4648 est.
2368 4592 2546 4663 Glyra:
2587 4590 2803 4662 quidem
2833 4590 3088 4661 Epistula:
3119 4604 3314 4660 magno
3359 4587 3411 4640 itt
3444 4601 3569 4655 pre-

2003 4687 2077 4739 tio
2114 4685 2311 4737 habita:
2350 4693 2480 4737 sunt
2537 4699 2565 4737 a
2602 4683 2734 4737 viris
2768 4682 2963 4744 doctis,
3002 4690 3058 4736 ct
3111 4680 3351 4750 plerique
3404 4679 3567 4733 etiam

2002 4777 2371 4850 publicijuris
2403 4776 2580 4832 facere
2610 4778 2793 4831 conati
2844 4785 3009 4841 sunt;
3063 4774 3156 4829 sed
3209 4773 3292 4827 vel
3343 4772 3569 4841 integris

2002 4871 2282 4926 codicibus
2309 4869 2570 4933 destituti,
2604 4868 2689 4923 vel
2722 4878 2896 4922 morte
2928 4865 3212 4936 prmventi,
3252 4864 3334 4919 vel
3365 4864 3470 4918 alia
3504 4862 3569 4916 de

2001 4981 2167 5023 causa
2198 4965 2462 5035 impediti,
2503 4963 2555 5017 id
2587 4975 2847 5033 prmstare
2878 4977 2985 5014 non
3029 4968 3340 5029 potuerunt.
3374 4958 3571 5011 Earum

2002 5060 2224 5128 quidem
2249 5060 2491 5114 codicem
2522 5056 2720 5127 Georg.
2771 5056 2948 5110 Dousa
2978 5050 3455 5119 Constantinopoli
3488 5058 3572 5102 at-

2004 5149 2222 5216 tulerat,
2254 5149 2345 5204 sed
2390 5147 2592 5203 recenti
2627 5156 2682 5201 et
2742 5160 2933 5216 parum
2990 5142 3093 5196 ﬁda
3142 5155 3329 5201 manu,
3362 5149 3421 5194 ttt
3459 5139 3573 5208 ipse

2005 5253 2257 5307 testatur,
2294 5243 2643 5311 exscriptum,
2709 5242 2818 5294 into
2867 5248 2924 5292 et
2970 5233 3217 5288 mutilum
3272 5230 3571 5296 interdum,

2005 5349 2062 5391 ut
2094 5352 2161 5390 ex
2190 5335 2420 5405 epistola
2454 5334 2543 5397 15,
2575 5346 2738 5403 quam
2786 5345 2850 5384 ex
2880 5343 2947 5383 eo
2978 5326 3164 5381 codice
3203 5322 3339 5378 Bon.
3376 5323 3571 5377 Vulca-

2004 5431 2131 5483 nius
2164 5428 2353 5493 edidit,
2384 5436 2551 5487 natet.
2582 5424 2714 5479 Nam
2742 5421 2878 5475 Bon.
2914 5417 3231 5482 Vulcanius,
3270 5432 3394 5472 cum
3432 5417 3570 5469 Dou-

2006 5538 2079 5577 sa:
2107 5519 2348 5576 codicem
2381 5531 2570 5573 nactus
2598 5524 2768 5579 esset,
2803 5524 2915 5568 tres
2941 5527 3006 5567 ex
3044 5511 3154 5566 illis
3182 5510 3431 5581 epistolis
3458 5504 3575 5560 edi-

2005 5615 2088 5669 dit
2120 5628 2226 5667 una
2251 5628 2375 5667 cum
2402 5627 2501 5666 sua
2526 5609 2718 5664 Latina
2761 5606 3220 5678 interpretatione
3251 5605 3303 5657 in
3324 5600 3477 5655 Notis
3506 5597 3576 5652 ad

2007 5709 2062 5762 S.
2086 5707 2365 5777 Cyrillum,
2388 5705 2583 5757 Contra
2603 5701 3183 5771 Anthropomorphitas.
3205 5710 3326 5751 cum
3354 5688 3573 5746 interim

2009 5800 2248 5855 omnium
2275 5800 2465 5854 harum
2492 5796 2856 5868 Epistolarum
2879 5795 3173 5852 editionem
3197 5785 3573 5846 meditaretur,
