  <div class='ocr_page' id='page_1' title='image "/cluster/home/n/w/nwhite01/storage/ocr_20150623/158/hvd.32044073502676/016.png"; bbox 0 0 4052 6200; ppageno 0'>
   <div class='ocr_carea' id='block_1_1' title="bbox 367 278 473 319">
    <p class='ocr_par' dir='ltr' id='par_1_1' title="bbox 367 278 473 319">
     <span class='ocr_line' id='line_1_1' title="bbox 367 278 473 319; baseline -0.009 -2"><span class='ocrx_word' id='word_1_1' title='bbox 367 278 473 319; x_wconf 67' lang='lat' dir='ltr'><strong>Illi</strong></span> 
     </span>
    </p>
   </div>
   <div class='ocr_carea' id='block_1_2' title="bbox 1436 259 2327 320">
    <p class='ocr_par' dir='ltr' id='par_1_2' title="bbox 1436 259 2327 320">
     <span class='ocr_line' id='line_1_2' title="bbox 1436 259 2327 320; baseline 0.002 -2"><span class='ocrx_word' id='word_1_2' title='bbox 1436 263 1450 287; x_wconf 89' lang='lat'><strong>’</strong></span> <span class='ocrx_word' id='word_1_3' title='bbox 1638 259 1979 319; x_wconf 82' lang='lat' dir='ltr'><strong>JOANNES</strong></span> <span class='ocrx_word' id='word_1_4' title='bbox 2020 259 2327 320; x_wconf 64' lang='lat' dir='ltr'><strong>LAMIUS.</strong></span> 
     </span>
    </p>
   </div>
   <div class='ocr_carea' id='block_1_3' title="bbox 3523 263 3608 303">
    <p class='ocr_par' dir='ltr' id='par_1_3' title="bbox 3523 263 3608 303">
     <span class='ocr_line' id='line_1_3' title="bbox 3523 263 3608 303; baseline -0.024 -1"><span class='ocrx_word' id='word_1_5' title='bbox 3523 263 3608 303; x_wconf 73' lang='lat' dir='ltr'><strong>XW</strong></span> 
     </span>
    </p>
   </div>
   <div class='ocr_carea' id='block_1_4' title="bbox 373 364 3612 443">
    <p class='ocr_par' dir='ltr' id='par_1_4' title="bbox 373 364 3612 443">
     <span class='ocr_line' id='line_1_4' title="bbox 373 364 3612 443; baseline -0.005 -8"><span class='ocrx_word' id='word_1_6' title='bbox 373 395 438 435; x_wconf 92' lang='lat' dir='ltr'><strong>ut</strong></span> <span class='ocrx_word' id='word_1_7' title='bbox 473 382 527 433; x_wconf 90' lang='lat' dir='ltr'><strong>iu</strong></span> <span class='ocrx_word' id='word_1_8' title='bbox 560 377 797 432; x_wconf 76' lang='lat' dir='ltr'><strong>laudatis</strong></span> <span class='ocrx_word' id='word_1_9' title='bbox 824 375 971 429; x_wconf 86' lang='lat' dir='ltr'><strong>notis</strong></span> <span class='ocrx_word' id='word_1_10' title='bbox 996 374 1244 428; x_wconf 84' lang='lat' dir='ltr'><strong>atlirmat.</strong></span> <span class='ocrx_word' id='word_1_11' title='bbox 1281 372 1413 428; x_wconf 84' lang='lat' dir='ltr'><strong>Tres</strong></span> <span class='ocrx_word' id='word_1_12' title='bbox 1448 383 1625 427; x_wconf 84' lang='lat' dir='ltr'><strong>autem</strong></span> <span class='ocrx_word' id='word_1_13' title='bbox 1661 372 1938 443; x_wconf 82' lang='lat' dir='ltr'><strong>Epistulae.</strong></span> <span class='ocrx_word' id='word_1_14' title='bbox 1973 375 2017 430; x_wconf 82' lang='grc' dir='ltr'><strong>Α</strong></span> <span class='ocrx_word' id='word_1_15' title='bbox 2048 383 2101 426; x_wconf 84' lang='lat' dir='ltr'><strong>et</strong></span> <span class='ocrx_word' id='word_1_16' title='bbox 2150 366 2771 442; x_wconf 49' lang='lat' dir='ltr'><strong>iutegrze&#39;perlcgentur.</strong></span> <span class='ocrx_word' id='word_1_17' title='bbox 2818 369 3054 439; x_wconf 85' lang='lat' dir='ltr'><strong>Denique</strong></span> <span class='ocrx_word' id='word_1_18' title='bbox 3084 364 3400 435; x_wconf 78' lang='lat' dir='ltr'><strong>fragmentis</strong></span> <span class='ocrx_word' id='word_1_19' title='bbox 3427 379 3612 419; x_wconf 80' lang='lat' dir='ltr'><strong>earum</strong></span> 
     </span>
    </p>
   </div>
   <div class='ocr_carea' id='block_1_5' title="bbox 372 465 1941 541">
    <p class='ocr_par' dir='ltr' id='par_1_5' title="bbox 372 465 1941 541">
     <span class='ocr_line' id='line_1_5' title="bbox 372 465 1941 541; baseline -0.004 -16"><span class='ocrx_word' id='word_1_20' title='bbox 372 489 514 541; x_wconf 68' lang='lat' dir='ltr'><strong>quas</strong></span> <span class='ocrx_word' id='word_1_21' title='bbox 564 469 708 541; x_wconf 81' lang='lat' dir='ltr'><strong>typis</strong></span> <span class='ocrx_word' id='word_1_22' title='bbox 753 466 1031 522; x_wconf 85' lang='lat' dir='ltr'><strong>mandavit</strong></span> <span class='ocrx_word' id='word_1_23' title='bbox 1069 466 1379 528; x_wconf 86' lang='lat' dir='ltr'><strong>Vulcanius,</strong></span> <span class='ocrx_word' id='word_1_24' title='bbox 1432 466 1625 520; x_wconf 80' lang='lat' dir='ltr'><strong>ordine</strong></span> <span class='ocrx_word' id='word_1_25' title='bbox 1669 475 1796 519; x_wconf 90' lang='lat' dir='ltr'><strong>sunt</strong></span> <span class='ocrx_word' id='word_1_26' title='bbox 1856 465 1941 527; x_wconf 86' lang='lat' dir='ltr'><strong>l0,</strong></span> 
     </span>
    </p>
   </div>
   <div class='ocr_carea' id='block_1_6' title="bbox 380 554 1946 627">
    <p class='ocr_par' dir='ltr' id='par_1_6' title="bbox 380 554 1946 627">
     <span class='ocr_line' id='line_1_6' title="bbox 380 554 1946 627; baseline -0.006 -10"><span class='ocrx_word' id='word_1_27' title='bbox 380 564 467 627; x_wconf 74' lang='lat' dir='ltr'><strong>l5,</strong></span> <span class='ocrx_word' id='word_1_28' title='bbox 500 561 591 616; x_wconf 71' lang='grc'><strong>52.</strong></span> <span class='ocrx_word' id='word_1_29' title='bbox 627 558 744 613; x_wconf 80' lang='lat' dir='ltr'><strong>Jac.</strong></span> <span class='ocrx_word' id='word_1_30' title='bbox 781 572 994 627; x_wconf 89' lang='lat' dir='ltr'><strong>quoque</strong></span> <span class='ocrx_word' id='word_1_31' title='bbox 1042 557 1321 611; x_wconf 77' lang='lat' dir='ltr'><strong>Pontanus</strong></span> <span class='ocrx_word' id='word_1_32' title='bbox 1351 555 1487 610; x_wconf 88' lang='lat' dir='ltr'><strong>duas</strong></span> <span class='ocrx_word' id='word_1_33' title='bbox 1516 570 1581 609; x_wconf 87' lang='lat' dir='ltr'><strong>ex</strong></span> <span class='ocrx_word' id='word_1_34' title='bbox 1620 555 1767 609; x_wconf 80' lang='lat' dir='ltr'><strong>hisce</strong></span> <span class='ocrx_word' id='word_1_35' title='bbox 1802 554 1946 607; x_wconf 88' lang='lat' dir='ltr'><strong>litte-</strong></span> 
     </span>
    </p>
   </div>
   <div class='ocr_carea' id='block_1_7' title="bbox 378 648 1946 723">
    <p class='ocr_par' dir='ltr' id='par_1_7' title="bbox 378 648 1946 723">
     <span class='ocr_line' id='line_1_7' title="bbox 378 648 1946 723; baseline -0.005 -14"><span class='ocrx_word' id='word_1_36' title='bbox 378 658 479 717; x_wconf 86' lang='lat' dir='ltr'><strong>ris,</strong></span> <span class='ocrx_word' id='word_1_37' title='bbox 510 668 650 723; x_wconf 80' lang='lat' dir='ltr'><strong>quas</strong></span> <span class='ocrx_word' id='word_1_38' title='bbox 681 651 747 705; x_wconf 87' lang='lat' dir='ltr'><strong>ab</strong></span> <span class='ocrx_word' id='word_1_39' title='bbox 774 650 987 704; x_wconf 81' lang='lat' dir='ltr'><strong>Andrea</strong></span> <span class='ocrx_word' id='word_1_40' title='bbox 1024 649 1253 703; x_wconf 80' lang='lat' dir='ltr'><strong>Scltouo</strong></span> <span class='ocrx_word' id='word_1_41' title='bbox 1289 648 1572 708; x_wconf 85' lang='lat' dir='ltr'><strong>habuerat,</strong></span> <span class='ocrx_word' id='word_1_42' title='bbox 1609 648 1798 702; x_wconf 90' lang='lat' dir='ltr'><strong>Latine</strong></span> <span class='ocrx_word' id='word_1_43' title='bbox 1828 664 1855 700; x_wconf 88' lang='lat' dir='ltr'><strong>a</strong></span> <span class='ocrx_word' id='word_1_44' title='bbox 1888 660 1946 701; x_wconf 90' lang='lat' dir='ltr'><strong>se</strong></span> 
     </span>
    </p>
   </div>
   <div class='ocr_carea' id='block_1_8' title="bbox 381 737 1953 807">
    <p class='ocr_par' dir='ltr' id='par_1_8' title="bbox 381 737 1953 807">
     <span class='ocr_line' id='line_1_8' title="bbox 381 737 1953 807; baseline -0.004 -11"><span class='ocrx_word' id='word_1_45' title='bbox 381 758 673 797; x_wconf 83' lang='lat' dir='ltr'><strong>conversas</strong></span> <span class='ocrx_word' id='word_1_46' title='bbox 695 740 1041 794; x_wconf 85' lang='lat' dir='ltr'><strong>excudendas</strong></span> <span class='ocrx_word' id='word_1_47' title='bbox 1058 739 1291 803; x_wconf 83' lang='lat' dir='ltr'><strong>curavit,</strong></span> <span class='ocrx_word' id='word_1_48' title='bbox 1312 753 1430 807; x_wconf 68' lang='lat' dir='ltr'><strong>qure</strong></span> <span class='ocrx_word' id='word_1_49' title='bbox 1456 739 1615 792; x_wconf 84' lang='lat' dir='ltr'><strong>hodie</strong></span> <span class='ocrx_word' id='word_1_50' title='bbox 1632 737 1685 792; x_wconf 89' lang='lat' dir='ltr'><strong>in</strong></span> <span class='ocrx_word' id='word_1_51' title='bbox 1710 737 1953 791; x_wconf 72' lang='lat' dir='ltr'><strong>Maxima-</strong></span> 
     </span>
    </p>
   </div>
   <div class='ocr_carea' id='block_1_9' title="bbox 398 826 1949 896">
    <p class='ocr_par' dir='ltr' id='par_1_9' title="bbox 398 826 1949 896">
     <span class='ocr_line' id='line_1_9' title="bbox 398 826 1949 896; baseline -0.005 -10"><span class='ocrx_word' id='word_1_52' title='bbox 398 834 608 887; x_wconf 74' lang='lat' dir='ltr'><strong>Patrnm</strong></span> <span class='ocrx_word' id='word_1_53' title='bbox 650 829 992 894; x_wconf 74' lang='lat' dir='ltr'><strong>Bibliotheca,</strong></span> <span class='ocrx_word' id='word_1_54' title='bbox 1021 838 1076 882; x_wconf 89' lang='lat' dir='ltr'><strong>et</strong></span> <span class='ocrx_word' id='word_1_55' title='bbox 1106 829 1158 880; x_wconf 91' lang='lat' dir='ltr'><strong>in</strong></span> <span class='ocrx_word' id='word_1_56' title='bbox 1194 826 1481 881; x_wconf 76' lang='lat' dir='ltr'><strong>Annalium</strong></span> <span class='ocrx_word' id='word_1_57' title='bbox 1509 827 1683 896; x_wconf 70' lang='lat' dir='ltr'><strong>Glyco:</strong></span> <span class='ocrx_word' id='word_1_58' title='bbox 1706 826 1949 881; x_wconf 76' lang='lat' dir='ltr'><strong>editione</strong></span> 
     </span>
    </p>
   </div>
   <div class='ocr_carea' id='block_1_10' title="bbox 398 920 1945 990">
    <p class='ocr_par' dir='ltr' id='par_1_10' title="bbox 398 920 1945 990">
     <span class='ocr_line' id='line_1_10' title="bbox 398 920 1945 990; baseline -0.003 -11"><span class='ocrx_word' id='word_1_59' title='bbox 398 922 676 979; x_wconf 80' lang='lat' dir='ltr'><strong>Parisiensi</strong></span> <span class='ocrx_word' id='word_1_60' title='bbox 712 938 738 974; x_wconf 91' lang='lat' dir='ltr'><strong>a</strong></span> <span class='ocrx_word' id='word_1_61' title='bbox 795 920 1049 990; x_wconf 78' lang='lat' dir='ltr'><strong>Philippo</strong></span> <span class='ocrx_word' id='word_1_62' title='bbox 1086 920 1301 975; x_wconf 86' lang='lat' dir='ltr'><strong>Labbeo</strong></span> <span class='ocrx_word' id='word_1_63' title='bbox 1335 920 1595 975; x_wconf 83' lang='lat' dir='ltr'><strong>adornata</strong></span> <span class='ocrx_word' id='word_1_64' title='bbox 1640 920 1945 974; x_wconf 82' lang='lat' dir='ltr'><strong>habentur:</strong></span> 
     </span>
    </p>
   </div>
   <div class='ocr_carea' id='block_1_11' title="bbox 389 1010 1947 1082">
    <p class='ocr_par' dir='ltr' id='par_1_11' title="bbox 389 1010 1947 1082">
     <span class='ocr_line' id='line_1_11' title="bbox 389 1010 1947 1082; baseline -0.004 -13"><span class='ocrx_word' id='word_1_65' title='bbox 389 1018 483 1069; x_wconf 79' lang='lat' dir='ltr'><strong>sed</strong></span> <span class='ocrx_word' id='word_1_66' title='bbox 511 1031 611 1070; x_wconf 86' lang='lat' dir='ltr'><strong>nec</strong></span> <span class='ocrx_word' id='word_1_67' title='bbox 646 1024 854 1069; x_wconf 80' lang='lat' dir='ltr'><strong>textum</strong></span> <span class='ocrx_word' id='word_1_68' title='bbox 889 1012 1136 1068; x_wconf 77' lang='lat' dir='ltr'><strong>Grzecum</strong></span> <span class='ocrx_word' id='word_1_69' title='bbox 1184 1013 1476 1082; x_wconf 85' lang='lat' dir='ltr'><strong>apposuit,</strong></span> <span class='ocrx_word' id='word_1_70' title='bbox 1506 1020 1563 1066; x_wconf 92' lang='lat' dir='ltr'><strong>et</strong></span> <span class='ocrx_word' id='word_1_71' title='bbox 1601 1010 1825 1066; x_wconf 85' lang='lat' dir='ltr'><strong>alterius</strong></span> <span class='ocrx_word' id='word_1_72' title='bbox 1858 1011 1947 1064; x_wconf 79' lang='lat' dir='ltr'><strong>vix</strong></span> 
     </span>
    </p>
   </div>
   <div class='ocr_carea' id='block_1_12' title="bbox 386 1103 1947 1175">
    <p class='ocr_par' dir='ltr' id='par_1_12' title="bbox 386 1103 1947 1175">
     <span class='ocr_line' id='line_1_12' title="bbox 386 1103 1947 1175; baseline -0.001 -16"><span class='ocrx_word' id='word_1_73' title='bbox 386 1107 602 1160; x_wconf 86' lang='lat' dir='ltr'><strong>dimidia</strong></span> <span class='ocrx_word' id='word_1_74' title='bbox 633 1122 754 1175; x_wconf 83' lang='lat' dir='ltr'><strong>pars</strong></span> <span class='ocrx_word' id='word_1_75' title='bbox 786 1114 894 1170; x_wconf 85' lang='lat' dir='ltr'><strong>est,</strong></span> <span class='ocrx_word' id='word_1_76' title='bbox 926 1120 1089 1173; x_wconf 87' lang='lat' dir='ltr'><strong>quam</strong></span> <span class='ocrx_word' id='word_1_77' title='bbox 1117 1104 1307 1168; x_wconf 85' lang='lat' dir='ltr'><strong>edidit,</strong></span> <span class='ocrx_word' id='word_1_78' title='bbox 1338 1104 1473 1158; x_wconf 86' lang='lat' dir='ltr'><strong>adeo</strong></span> <span class='ocrx_word' id='word_1_79' title='bbox 1497 1118 1748 1159; x_wconf 88' lang='lat' dir='ltr'><strong>mancum</strong></span> <span class='ocrx_word' id='word_1_80' title='bbox 1779 1112 1832 1157; x_wconf 89' lang='lat' dir='ltr'><strong>et</strong></span> <span class='ocrx_word' id='word_1_81' title='bbox 1859 1103 1947 1157; x_wconf 85' lang='lat' dir='ltr'><strong>de-</strong></span> 
     </span>
    </p>
   </div>
   <div class='ocr_carea' id='block_1_13' title="bbox 386 1196 1946 1266">
    <p class='ocr_par' dir='ltr' id='par_1_13' title="bbox 386 1196 1946 1266">
     <span class='ocr_line' id='line_1_13' title="bbox 386 1196 1946 1266; baseline -0.001 -15"><span class='ocrx_word' id='word_1_82' title='bbox 386 1209 698 1253; x_wconf 78' lang='lat' dir='ltr'><strong>trunr-atum</strong></span> <span class='ocrx_word' id='word_1_83' title='bbox 742 1198 909 1252; x_wconf 90' lang='lat' dir='ltr'><strong>fuisse</strong></span> <span class='ocrx_word' id='word_1_84' title='bbox 942 1206 1159 1266; x_wconf 84' lang='lat' dir='ltr'><strong>oportet</strong></span> <span class='ocrx_word' id='word_1_85' title='bbox 1211 1196 1476 1262; x_wconf 81' lang='lat' dir='ltr'><strong>codicem,</strong></span> <span class='ocrx_word' id='word_1_86' title='bbox 1507 1211 1618 1265; x_wconf 89' lang='lat' dir='ltr'><strong>quo</strong></span> <span class='ocrx_word' id='word_1_87' title='bbox 1662 1211 1792 1250; x_wconf 88' lang='lat' dir='ltr'><strong>usus</strong></span> <span class='ocrx_word' id='word_1_88' title='bbox 1842 1205 1946 1250; x_wconf 89' lang='lat' dir='ltr'><strong>est.</strong></span> 
     </span>
    </p>
   </div>
   <div class='ocr_carea' id='block_1_14' title="bbox 382 1287 1951 1358">
    <p class='ocr_par' dir='ltr' id='par_1_14' title="bbox 382 1287 1951 1358">
     <span class='ocr_line' id='line_1_14' title="bbox 382 1287 1951 1358; baseline -0.002 -16"><span class='ocrx_word' id='word_1_89' title='bbox 382 1291 631 1345; x_wconf 83' lang='lat' dir='ltr'><strong>Tandem</strong></span> <span class='ocrx_word' id='word_1_90' title='bbox 664 1290 775 1345; x_wconf 92' lang='lat' dir='ltr'><strong>Leo</strong></span> <span class='ocrx_word' id='word_1_91' title='bbox 804 1289 1034 1343; x_wconf 84' lang='lat' dir='ltr'><strong>Allatius</strong></span> <span class='ocrx_word' id='word_1_92' title='bbox 1074 1290 1147 1343; x_wconf 85' lang='lat' dir='ltr'><strong>De</strong></span> <span class='ocrx_word' id='word_1_93' title='bbox 1173 1290 1435 1344; x_wconf 85' lang='lat' dir='ltr'><strong>Consensu</strong></span> <span class='ocrx_word' id='word_1_94' title='bbox 1466 1290 1739 1358; x_wconf 83' lang='lat' dir='ltr'><strong>utriusque</strong></span> <span class='ocrx_word' id='word_1_95' title='bbox 1772 1287 1951 1340; x_wconf 61' lang='lat' dir='ltr'><strong>Ecclev</strong></span> 
     </span>
    </p>
   </div>
   <div class='ocr_carea' id='block_1_15' title="bbox 376 1379 1950 1450">
    <p class='ocr_par' dir='ltr' id='par_1_15' title="bbox 376 1379 1950 1450">
     <span class='ocr_line' id='line_1_15' title="bbox 376 1379 1950 1450; baseline -0.002 -14"><span class='ocrx_word' id='word_1_96' title='bbox 376 1386 494 1447; x_wconf 75' lang='lat' dir='ltr'><strong>sire,</strong></span> <span class='ocrx_word' id='word_1_97' title='bbox 521 1390 706 1435; x_wconf 76' lang='lat' dir='ltr'><strong>contra</strong></span> <span class='ocrx_word' id='word_1_98' title='bbox 735 1382 1130 1450; x_wconf 76' lang='lat' dir='ltr'><strong>Creigthonem;</strong></span> <span class='ocrx_word' id='word_1_99' title='bbox 1156 1381 1230 1433; x_wconf 87' lang='lat' dir='ltr'><strong>De</strong></span> <span class='ocrx_word' id='word_1_100' title='bbox 1253 1380 1399 1434; x_wconf 78' lang='lat' dir='ltr'><strong>libris</strong></span> <span class='ocrx_word' id='word_1_101' title='bbox 1426 1380 1784 1434; x_wconf 74' lang='lat' dir='ltr'><strong>ecclesiasticis</strong></span> <span class='ocrx_word' id='word_1_102' title='bbox 1804 1379 1950 1433; x_wconf 73' lang='lat' dir='ltr'><strong>Gre:-</strong></span> 
     </span>
    </p>
   </div>
   <div class='ocr_carea' id='block_1_16' title="bbox 374 1473 1946 1545">
    <p class='ocr_par' dir='ltr' id='par_1_16' title="bbox 374 1473 1946 1545">
     <span class='ocr_line' id='line_1_16' title="bbox 374 1473 1946 1545; baseline -0.003 -17"><span class='ocrx_word' id='word_1_103' title='bbox 374 1493 521 1541; x_wconf 83' lang='lat' dir='ltr'><strong>cor.;</strong></span> <span class='ocrx_word' id='word_1_104' title='bbox 557 1476 648 1528; x_wconf 87' lang='lat' dir='ltr'><strong>lib.</strong></span> <span class='ocrx_word' id='word_1_105' title='bbox 677 1477 739 1528; x_wconf 86' lang='lat' dir='ltr'><strong>de</strong></span> <span class='ocrx_word' id='word_1_106' title='bbox 774 1474 1053 1545; x_wconf 76' lang='lat' dir='ltr'><strong>Pnrgator.</strong></span> <span class='ocrx_word' id='word_1_107' title='bbox 1080 1483 1135 1528; x_wconf 86' lang='lat' dir='ltr'><strong>et</strong></span> <span class='ocrx_word' id='word_1_108' title='bbox 1168 1474 1258 1527; x_wconf 84' lang='lat' dir='ltr'><strong>lib.</strong></span> <span class='ocrx_word' id='word_1_109' title='bbox 1282 1474 1532 1526; x_wconf 82' lang='lat' dir='ltr'><strong>adversus</strong></span> <span class='ocrx_word' id='word_1_110' title='bbox 1559 1473 1946 1543; x_wconf 83' lang='lat' dir='ltr'><strong>Hottingerum,</strong></span> 
     </span>
    </p>
   </div>
   <div class='ocr_carea' id='block_1_17' title="bbox 377 1554 1947 1638">
    <p class='ocr_par' dir='ltr' id='par_1_17' title="bbox 377 1554 1947 1638">
     <span class='ocr_line' id='line_1_17' title="bbox 377 1554 1947 1638; baseline -0.003 -16"><span class='ocrx_word' id='word_1_111' title='bbox 377 1572 556 1622; x_wconf 79' lang='lat' dir='ltr'><strong>hasce</strong></span> <span class='ocrx_word' id='word_1_112' title='bbox 585 1554 835 1637; x_wconf 76' lang='lat' dir='ltr'><strong>epistolas</strong></span> <span class='ocrx_word' id='word_1_113' title='bbox 863 1581 1006 1634; x_wconf 61' lang='lat' dir='ltr'><strong>saepe</strong></span> <span class='ocrx_word' id='word_1_114' title='bbox 1027 1566 1229 1630; x_wconf 83' lang='lat' dir='ltr'><strong>laudat,</strong></span> <span class='ocrx_word' id='word_1_115' title='bbox 1260 1574 1318 1621; x_wconf 89' lang='lat' dir='ltr'><strong>et</strong></span> <span class='ocrx_word' id='word_1_116' title='bbox 1340 1566 1638 1638; x_wconf 86' lang='lat' dir='ltr'><strong>fragmenta</strong></span> <span class='ocrx_word' id='word_1_117' title='bbox 1689 1564 1947 1633; x_wconf 92' lang='lat' dir='ltr'><strong>plurima,</strong></span> 
     </span>
    </p>
   </div>
   <div class='ocr_carea' id='block_1_18' title="bbox 374 1656 1945 1725">
    <p class='ocr_par' dir='ltr' id='par_1_18' title="bbox 374 1656 1945 1725">
     <span class='ocr_line' id='line_1_18' title="bbox 374 1656 1945 1725; baseline 0.001 -15"><span class='ocrx_word' id='word_1_118' title='bbox 374 1674 483 1711; x_wconf 88' lang='lat' dir='ltr'><strong>nec</strong></span> <span class='ocrx_word' id='word_1_119' title='bbox 506 1656 902 1711; x_wconf 87' lang='lat' dir='ltr'><strong>contemnenda</strong></span> <span class='ocrx_word' id='word_1_120' title='bbox 934 1657 1173 1725; x_wconf 85' lang='lat' dir='ltr'><strong>quidem,</strong></span> <span class='ocrx_word' id='word_1_121' title='bbox 1217 1671 1405 1711; x_wconf 88' lang='lat' dir='ltr'><strong>earum</strong></span> <span class='ocrx_word' id='word_1_122' title='bbox 1441 1657 1659 1711; x_wconf 89' lang='lat' dir='ltr'><strong>adducit</strong></span> <span class='ocrx_word' id='word_1_123' title='bbox 1686 1672 1699 1719; x_wconf 90' lang='lat'><strong>;</strong></span> <span class='ocrx_word' id='word_1_124' title='bbox 1753 1656 1861 1711; x_wconf 91' lang='lat' dir='ltr'><strong>imo</strong></span> <span class='ocrx_word' id='word_1_125' title='bbox 1890 1657 1945 1711; x_wconf 91' lang='lat' dir='ltr'><strong>in</strong></span> 
     </span>
    </p>
   </div>
   <div class='ocr_carea' id='block_1_19' title="bbox 374 1748 1943 1819">
    <p class='ocr_par' dir='ltr' id='par_1_19' title="bbox 374 1748 1943 1819">
     <span class='ocr_line' id='line_1_19' title="bbox 374 1748 1943 1819; baseline 0.003 -19"><span class='ocrx_word' id='word_1_126' title='bbox 374 1750 708 1819; x_wconf 83' lang='lat' dir='ltr'><strong>quibusdam</strong></span> <span class='ocrx_word' id='word_1_127' title='bbox 744 1748 877 1803; x_wconf 91' lang='lat' dir='ltr'><strong>locis</strong></span> <span class='ocrx_word' id='word_1_128' title='bbox 898 1749 1186 1803; x_wconf 88' lang='lat' dir='ltr'><strong>nonnullas</strong></span> <span class='ocrx_word' id='word_1_129' title='bbox 1209 1748 1374 1803; x_wconf 92' lang='lat' dir='ltr'><strong>etiam</strong></span> <span class='ocrx_word' id='word_1_130' title='bbox 1393 1749 1633 1819; x_wconf 87' lang='lat' dir='ltr'><strong>integras</strong></span> <span class='ocrx_word' id='word_1_131' title='bbox 1659 1749 1943 1805; x_wconf 88' lang='lat' dir='ltr'><strong>describit.</strong></span> 
     </span>
    </p>
   </div>
   <div class='ocr_carea' id='block_1_20' title="bbox 451 1839 1946 1910">
    <p class='ocr_par' dir='ltr' id='par_1_20' title="bbox 451 1839 1946 1910">
     <span class='ocr_line' id='line_1_20' title="bbox 451 1839 1946 1910; baseline 0.001 -18"><span class='ocrx_word' id='word_1_132' title='bbox 451 1842 559 1893; x_wconf 57' lang='lat' dir='ltr'><strong>Nos</strong></span> <span class='ocrx_word' id='word_1_133' title='bbox 591 1839 758 1908; x_wconf 79' lang='lat' dir='ltr'><strong>igitur</strong></span> <span class='ocrx_word' id='word_1_134' title='bbox 815 1840 1012 1893; x_wconf 88' lang='lat' dir='ltr'><strong>horum</strong></span> <span class='ocrx_word' id='word_1_135' title='bbox 1068 1840 1307 1894; x_wconf 86' lang='lat' dir='ltr'><strong>virorum</strong></span> <span class='ocrx_word' id='word_1_136' title='bbox 1371 1841 1946 1910; x_wconf 70' lang='lat' dir='ltr'><strong>prmstantissimorum</strong></span> 
     </span>
    </p>
   </div>
   <div class='ocr_carea' id='block_1_21' title="bbox 383 1928 1947 2005">
    <p class='ocr_par' dir='ltr' id='par_1_21' title="bbox 383 1928 1947 2005">
     <span class='ocr_line' id='line_1_21' title="bbox 383 1928 1947 2005; baseline 0 -22"><span class='ocrx_word' id='word_1_137' title='bbox 383 1930 722 1997; x_wconf 87' lang='lat' dir='ltr'><strong>propositum</strong></span> <span class='ocrx_word' id='word_1_138' title='bbox 756 1929 1032 1984; x_wconf 78' lang='lat' dir='ltr'><strong>laudabile</strong></span> <span class='ocrx_word' id='word_1_139' title='bbox 1060 1932 1254 1994; x_wconf 83' lang='lat' dir='ltr'><strong>secuti,</strong></span> <span class='ocrx_word' id='word_1_140' title='bbox 1287 1930 1582 2005; x_wconf 86' lang='lat' dir='ltr'><strong>nonnullas</strong></span> <span class='ocrx_word' id='word_1_141' title='bbox 1609 1928 1787 2001; x_wconf 80' lang='lat' dir='ltr'><strong>Glycae</strong></span> <span class='ocrx_word' id='word_1_142' title='bbox 1819 1929 1947 2000; x_wconf 87' lang='lat' dir='ltr'><strong>Epi-</strong></span> 
     </span>
    </p>
   </div>
   <div class='ocr_carea' id='block_1_22' title="bbox 393 2021 1947 2088">
    <p class='ocr_par' dir='ltr' id='par_1_22' title="bbox 393 2021 1947 2088">
     <span class='ocr_line' id='line_1_22' title="bbox 393 2021 1947 2088; baseline 0.002 -15"><span class='ocrx_word' id='word_1_143' title='bbox 393 2022 553 2075; x_wconf 86' lang='lat' dir='ltr'><strong>stolas</strong></span> <span class='ocrx_word' id='word_1_144' title='bbox 573 2022 624 2075; x_wconf 90' lang='lat' dir='ltr'><strong>in</strong></span> <span class='ocrx_word' id='word_1_145' title='bbox 652 2021 837 2075; x_wconf 89' lang='lat' dir='ltr'><strong>lucem</strong></span> <span class='ocrx_word' id='word_1_146' title='bbox 871 2021 1036 2076; x_wconf 89' lang='lat' dir='ltr'><strong>edere</strong></span> <span class='ocrx_word' id='word_1_147' title='bbox 1062 2025 1301 2076; x_wconf 89' lang='lat' dir='ltr'><strong>animum</strong></span> <span class='ocrx_word' id='word_1_148' title='bbox 1349 2023 1683 2088; x_wconf 74' lang='lat' dir='ltr'><strong>indusimus,</strong></span> <span class='ocrx_word' id='word_1_149' title='bbox 1724 2030 1947 2076; x_wconf 66' lang='lat' dir='ltr'><strong>nostrae-</strong></span> 
     </span>
    </p>
   </div>
   <div class='ocr_carea' id='block_1_23' title="bbox 400 2113 1949 2184">
    <p class='ocr_par' dir='ltr' id='par_1_23' title="bbox 400 2113 1949 2184">
     <span class='ocr_line' id='line_1_23' title="bbox 400 2113 1949 2184; baseline 0.002 -19"><span class='ocrx_word' id='word_1_150' title='bbox 400 2129 500 2181; x_wconf 84' lang='lat' dir='ltr'><strong>que</strong></span> <span class='ocrx_word' id='word_1_151' title='bbox 545 2113 841 2165; x_wconf 72' lang='lat' dir='ltr'><strong>dvstth</strong></span> <span class='ocrx_word' id='word_1_152' title='bbox 898 2113 1237 2168; x_wconf 86' lang='lat' dir='ltr'><strong>collectiouis</strong></span> <span class='ocrx_word' id='word_1_153' title='bbox 1280 2115 1432 2169; x_wconf 88' lang='lat' dir='ltr'><strong>velut</strong></span> <span class='ocrx_word' id='word_1_154' title='bbox 1480 2115 1537 2169; x_wconf 90' lang='lat' dir='ltr'><strong>in</strong></span> <span class='ocrx_word' id='word_1_155' title='bbox 1594 2114 1713 2184; x_wconf 86' lang='lat' dir='ltr'><strong>ipsa</strong></span> <span class='ocrx_word' id='word_1_156' title='bbox 1770 2113 1949 2171; x_wconf 83' lang='lat' dir='ltr'><strong>fronte</strong></span> 
     </span>
    </p>
   </div>
   <div class='ocr_carea' id='block_1_24' title="bbox 395 2207 1951 2277">
    <p class='ocr_par' dir='ltr' id='par_1_24' title="bbox 395 2207 1951 2277">
     <span class='ocr_line' id='line_1_24' title="bbox 395 2207 1951 2277; baseline 0.002 -18"><span class='ocrx_word' id='word_1_157' title='bbox 395 2208 751 2268; x_wconf 80' lang='lat' dir='ltr'><strong>constituere;</strong></span> <span class='ocrx_word' id='word_1_158' title='bbox 784 2221 911 2261; x_wconf 85' lang='lat' dir='ltr'><strong>cum</strong></span> <span class='ocrx_word' id='word_1_159' title='bbox 936 2207 1008 2260; x_wconf 90' lang='lat' dir='ltr'><strong>ob</strong></span> <span class='ocrx_word' id='word_1_160' title='bbox 1041 2218 1419 2277; x_wconf 79' lang='lat' dir='ltr'><strong>argumentum</strong></span> <span class='ocrx_word' id='word_1_161' title='bbox 1454 2207 1635 2263; x_wconf 86' lang='lat' dir='ltr'><strong>nobile</strong></span> <span class='ocrx_word' id='word_1_162' title='bbox 1667 2216 1722 2262; x_wconf 88' lang='lat' dir='ltr'><strong>et</strong></span> <span class='ocrx_word' id='word_1_163' title='bbox 1773 2207 1951 2263; x_wconf 85' lang='lat' dir='ltr'><strong>excel-</strong></span> 
     </span>
    </p>
   </div>
   <div class='ocr_carea' id='block_1_25' title="bbox 386 2299 1949 2370">
    <p class='ocr_par' dir='ltr' id='par_1_25' title="bbox 386 2299 1949 2370">
     <span class='ocr_line' id='line_1_25' title="bbox 386 2299 1949 2370; baseline 0.003 -20"><span class='ocrx_word' id='word_1_164' title='bbox 386 2302 520 2362; x_wconf 83' lang='lat' dir='ltr'><strong>lens,</strong></span> <span class='ocrx_word' id='word_1_165' title='bbox 571 2309 760 2368; x_wconf 88' lang='lat' dir='ltr'><strong>utpote</strong></span> <span class='ocrx_word' id='word_1_166' title='bbox 801 2299 1207 2370; x_wconf 77' lang='lat' dir='ltr'><strong>theologicam,</strong></span> <span class='ocrx_word' id='word_1_167' title='bbox 1264 2308 1377 2353; x_wconf 85' lang='lat' dir='ltr'><strong>tum</strong></span> <span class='ocrx_word' id='word_1_168' title='bbox 1426 2300 1481 2354; x_wconf 92' lang='lat' dir='ltr'><strong>in</strong></span> <span class='ocrx_word' id='word_1_169' title='bbox 1522 2306 1949 2355; x_wconf 87' lang='lat' dir='ltr'><strong>memoratorum</strong></span> 
     </span>
    </p>
   </div>
   <div class='ocr_carea' id='block_1_26' title="bbox 381 2395 1946 2467">
    <p class='ocr_par' dir='ltr' id='par_1_26' title="bbox 381 2395 1946 2467">
     <span class='ocr_line' id='line_1_26' title="bbox 381 2395 1946 2467; baseline 0.003 -22"><span class='ocrx_word' id='word_1_170' title='bbox 381 2396 716 2463; x_wconf 74' lang='lat' dir='ltr'><strong>scriptorum</strong></span> <span class='ocrx_word' id='word_1_171' title='bbox 781 2395 954 2449; x_wconf 87' lang='lat' dir='ltr'><strong>laudis</strong></span> <span class='ocrx_word' id='word_1_172' title='bbox 1010 2403 1063 2449; x_wconf 91' lang='lat' dir='ltr'><strong>et</strong></span> <span class='ocrx_word' id='word_1_173' title='bbox 1113 2396 1483 2451; x_wconf 81' lang='lat' dir='ltr'><strong>venerationis</strong></span> <span class='ocrx_word' id='word_1_174' title='bbox 1544 2406 1946 2467; x_wconf 88' lang='lat' dir='ltr'><strong>argumentum.</strong></span> 
     </span>
    </p>
   </div>
   <div class='ocr_carea' id='block_1_27' title="bbox 376 2479 1950 2556">
    <p class='ocr_par' dir='ltr' id='par_1_27' title="bbox 376 2479 1950 2556">
     <span class='ocr_line' id='line_1_27' title="bbox 376 2479 1950 2556; baseline 0.004 -18"><span class='ocrx_word' id='word_1_175' title='bbox 376 2479 516 2540; x_wconf 72' lang='lat' dir='ltr'><strong>tium</strong></span> <span class='ocrx_word' id='word_1_176' title='bbox 572 2489 723 2541; x_wconf 84' lang='lat' dir='ltr'><strong>enim</strong></span> <span class='ocrx_word' id='word_1_177' title='bbox 770 2488 820 2540; x_wconf 92' lang='lat' dir='ltr'><strong>in</strong></span> <span class='ocrx_word' id='word_1_178' title='bbox 868 2503 971 2545; x_wconf 92' lang='lat' dir='ltr'><strong>ms.</strong></span> <span class='ocrx_word' id='word_1_179' title='bbox 1030 2488 1374 2543; x_wconf 70' lang='lat' dir='ltr'><strong>bibliotheca:</strong></span> <span class='ocrx_word' id='word_1_180' title='bbox 1421 2488 1811 2556; x_wconf 77' lang='lat' dir='ltr'><strong>lticcardianze,</strong></span> <span class='ocrx_word' id='word_1_181' title='bbox 1862 2491 1950 2545; x_wconf 91' lang='lat' dir='ltr'><strong>cui</strong></span> 
     </span>
    </p>
   </div>
   <div class='ocr_carea' id='block_1_28' title="bbox 375 2578 1949 2651">
    <p class='ocr_par' dir='ltr' id='par_1_28' title="bbox 375 2578 1949 2651">
     <span class='ocr_line' id='line_1_28' title="bbox 375 2578 1949 2651; baseline 0.003 -20"><span class='ocrx_word' id='word_1_182' title='bbox 375 2595 651 2648; x_wconf 57' lang='lat' dir='ltr'><strong>prrsum,</strong></span> <span class='ocrx_word' id='word_1_183' title='bbox 669 2578 907 2635; x_wconf 85' lang='lat' dir='ltr'><strong>codicem</strong></span> <span class='ocrx_word' id='word_1_184' title='bbox 928 2580 1121 2649; x_wconf 88' lang='lat' dir='ltr'><strong>quinto</strong></span> <span class='ocrx_word' id='word_1_185' title='bbox 1140 2580 1354 2635; x_wconf 89' lang='lat' dir='ltr'><strong>decimo</strong></span> <span class='ocrx_word' id='word_1_186' title='bbox 1371 2580 1612 2651; x_wconf 89' lang='lat' dir='ltr'><strong>quidem,</strong></span> <span class='ocrx_word' id='word_1_187' title='bbox 1643 2590 1702 2637; x_wconf 89' lang='lat' dir='ltr'><strong>ut</strong></span> <span class='ocrx_word' id='word_1_188' title='bbox 1716 2582 1949 2649; x_wconf 89' lang='lat' dir='ltr'><strong>videtur,</strong></span> 
     </span>
    </p>
   </div>
   <div class='ocr_carea' id='block_1_29' title="bbox 372 2671 1951 2745">
    <p class='ocr_par' dir='ltr' id='par_1_29' title="bbox 372 2671 1951 2745">
     <span class='ocr_line' id='line_1_29' title="bbox 372 2671 1951 2745; baseline 0.003 -21"><span class='ocrx_word' id='word_1_189' title='bbox 372 2671 606 2736; x_wconf 63' lang='lat' dir='ltr'><strong>saeculo,</strong></span> <span class='ocrx_word' id='word_1_190' title='bbox 653 2672 746 2726; x_wconf 87' lang='lat' dir='ltr'><strong>sed</strong></span> <span class='ocrx_word' id='word_1_191' title='bbox 798 2673 1014 2743; x_wconf 76' lang='lat' dir='ltr'><strong>egregie</strong></span> <span class='ocrx_word' id='word_1_192' title='bbox 1063 2680 1366 2742; x_wconf 85' lang='lat' dir='ltr'><strong>exacteque</strong></span> <span class='ocrx_word' id='word_1_193' title='bbox 1418 2673 1753 2745; x_wconf 88' lang='lat' dir='ltr'><strong>descriptum</strong></span> <span class='ocrx_word' id='word_1_194' title='bbox 1813 2676 1951 2729; x_wconf 88' lang='lat' dir='ltr'><strong>inci-</strong></span> 
     </span>
    </p>
   </div>
   <div class='ocr_carea' id='block_1_30' title="bbox 380 2765 1948 2837">
    <p class='ocr_par' dir='ltr' id='par_1_30' title="bbox 380 2765 1948 2837">
     <span class='ocr_line' id='line_1_30' title="bbox 380 2765 1948 2837; baseline 0.004 -21"><span class='ocrx_word' id='word_1_195' title='bbox 380 2765 614 2828; x_wconf 83' lang='lat' dir='ltr'><strong>dissem,</strong></span> <span class='ocrx_word' id='word_1_196' title='bbox 669 2780 778 2831; x_wconf 90' lang='lat' dir='ltr'><strong>quo</strong></span> <span class='ocrx_word' id='word_1_197' title='bbox 836 2766 1028 2820; x_wconf 87' lang='lat' dir='ltr'><strong>harum</strong></span> <span class='ocrx_word' id='word_1_198' title='bbox 1085 2765 1457 2835; x_wconf 81' lang='lat' dir='ltr'><strong>Epistolarum</strong></span> <span class='ocrx_word' id='word_1_199' title='bbox 1532 2768 1948 2837; x_wconf 90' lang='lat' dir='ltr'><strong>quatuordecim</strong></span> 
     </span>
    </p>
   </div>
   <div class='ocr_carea' id='block_1_31' title="bbox 377 2857 1952 2929">
    <p class='ocr_par' dir='ltr' id='par_1_31' title="bbox 377 2857 1952 2929">
     <span class='ocr_line' id='line_1_31' title="bbox 377 2857 1952 2929; baseline 0.006 -20"><span class='ocrx_word' id='word_1_200' title='bbox 377 2857 754 2922; x_wconf 82' lang='lat' dir='ltr'><strong>continentur,</strong></span> <span class='ocrx_word' id='word_1_201' title='bbox 782 2858 882 2913; x_wconf 85' lang='lat' dir='ltr'><strong>has</strong></span> <span class='ocrx_word' id='word_1_202' title='bbox 908 2859 1098 2914; x_wconf 86' lang='lat' dir='ltr'><strong>saltem</strong></span> <span class='ocrx_word' id='word_1_203' title='bbox 1126 2860 1343 2929; x_wconf 90' lang='lat' dir='ltr'><strong>publico</strong></span> <span class='ocrx_word' id='word_1_204' title='bbox 1396 2875 1504 2916; x_wconf 91' lang='lat' dir='ltr'><strong>non</strong></span> <span class='ocrx_word' id='word_1_205' title='bbox 1560 2862 1803 2918; x_wconf 89' lang='lat' dir='ltr'><strong>invidere</strong></span> <span class='ocrx_word' id='word_1_206' title='bbox 1840 2878 1952 2918; x_wconf 89' lang='lat' dir='ltr'><strong>me-</strong></span> 
     </span>
    </p>
   </div>
   <div class='ocr_carea' id='block_1_32' title="bbox 376 2942 1949 3024">
    <p class='ocr_par' dir='ltr' id='par_1_32' title="bbox 376 2942 1949 3024">
     <span class='ocr_line' id='line_1_32' title="bbox 376 2942 1949 3024; baseline 0.006 -22"><span class='ocrx_word' id='word_1_207' title='bbox 376 2942 511 3003; x_wconf 57' lang='lat' dir='ltr'><strong>eum</strong></span> <span class='ocrx_word' id='word_1_208' title='bbox 551 2952 666 3018; x_wconf 86' lang='lat' dir='ltr'><strong>ipse</strong></span> <span class='ocrx_word' id='word_1_209' title='bbox 693 2947 1016 3016; x_wconf 82' lang='lat' dir='ltr'><strong>deliberavi,</strong></span> <span class='ocrx_word' id='word_1_210' title='bbox 1048 2951 1292 3023; x_wconf 86' lang='lat' dir='ltr'><strong>adeoque</strong></span> <span class='ocrx_word' id='word_1_211' title='bbox 1321 2952 1584 3024; x_wconf 83' lang='lat' dir='ltr'><strong>exscripsi</strong></span> <span class='ocrx_word' id='word_1_212' title='bbox 1638 2971 1756 3011; x_wconf 88' lang='lat' dir='ltr'><strong>mea</strong></span> <span class='ocrx_word' id='word_1_213' title='bbox 1785 2971 1949 3011; x_wconf 91' lang='lat' dir='ltr'><strong>manu</strong></span> 
     </span>
    </p>
   </div>
   <div class='ocr_carea' id='block_1_33' title="bbox 377 3040 1951 3117">
    <p class='ocr_par' dir='ltr' id='par_1_33' title="bbox 377 3040 1951 3117">
     <span class='ocr_line' id='line_1_33' title="bbox 377 3040 1951 3117; baseline 0.008 -29"><span class='ocrx_word' id='word_1_214' title='bbox 377 3040 700 3108; x_wconf 76' lang='lat' dir='ltr'><strong>diligenter,</strong></span> <span class='ocrx_word' id='word_1_215' title='bbox 730 3051 786 3096; x_wconf 87' lang='lat' dir='ltr'><strong>et</strong></span> <span class='ocrx_word' id='word_1_216' title='bbox 813 3042 868 3097; x_wconf 88' lang='lat' dir='ltr'><strong>in</strong></span> <span class='ocrx_word' id='word_1_217' title='bbox 894 3041 1149 3098; x_wconf 88' lang='lat' dir='ltr'><strong>Latinam</strong></span> <span class='ocrx_word' id='word_1_218' title='bbox 1179 3043 1416 3114; x_wconf 81' lang='lat' dir='ltr'><strong>linguam</strong></span> <span class='ocrx_word' id='word_1_219' title='bbox 1444 3044 1633 3101; x_wconf 84' lang='lat' dir='ltr'><strong>sedulo</strong></span> <span class='ocrx_word' id='word_1_220' title='bbox 1680 3062 1780 3117; x_wconf 90' lang='lat' dir='ltr'><strong>pro</strong></span> <span class='ocrx_word' id='word_1_221' title='bbox 1805 3047 1951 3103; x_wconf 80' lang='lat' dir='ltr'><strong>virili</strong></span> 
     </span>
    </p>
   </div>
   <div class='ocr_carea' id='block_1_34' title="bbox 379 3134 1949 3205">
    <p class='ocr_par' dir='ltr' id='par_1_34' title="bbox 379 3134 1949 3205">
     <span class='ocr_line' id='line_1_34' title="bbox 379 3134 1949 3205; baseline 0.005 -19"><span class='ocrx_word' id='word_1_222' title='bbox 379 3141 758 3201; x_wconf 68' lang='lat' dir='ltr'><strong>accurateque</strong></span> <span class='ocrx_word' id='word_1_223' title='bbox 779 3135 1041 3191; x_wconf 87' lang='lat' dir='ltr'><strong>converti.</strong></span> <span class='ocrx_word' id='word_1_224' title='bbox 1083 3134 1259 3205; x_wconf 84' lang='lat' dir='ltr'><strong>Hujus</strong></span> <span class='ocrx_word' id='word_1_225' title='bbox 1289 3146 1472 3191; x_wconf 91' lang='lat' dir='ltr'><strong>autem</strong></span> <span class='ocrx_word' id='word_1_226' title='bbox 1515 3151 1649 3193; x_wconf 71' lang='lat' dir='ltr'><strong>mete</strong></span> <span class='ocrx_word' id='word_1_227' title='bbox 1694 3138 1949 3195; x_wconf 83' lang='lat' dir='ltr'><strong>editionis</strong></span> 
     </span>
    </p>
   </div>
   <div class='ocr_carea' id='block_1_35' title="bbox 379 3225 1952 3298">
    <p class='ocr_par' dir='ltr' id='par_1_35' title="bbox 379 3225 1952 3298">
     <span class='ocr_line' id='line_1_35' title="bbox 379 3225 1952 3298; baseline 0.003 -20"><span class='ocrx_word' id='word_1_228' title='bbox 379 3227 664 3293; x_wconf 85' lang='lat' dir='ltr'><strong>specimen</strong></span> <span class='ocrx_word' id='word_1_229' title='bbox 692 3225 946 3282; x_wconf 86' lang='lat' dir='ltr'><strong>dederam</strong></span> <span class='ocrx_word' id='word_1_230' title='bbox 979 3228 1036 3281; x_wconf 87' lang='lat' dir='ltr'><strong>in</strong></span> <span class='ocrx_word' id='word_1_231' title='bbox 1066 3227 1379 3298; x_wconf 82' lang='lat' dir='ltr'><strong>Appendice</strong></span> <span class='ocrx_word' id='word_1_232' title='bbox 1413 3228 1633 3284; x_wconf 90' lang='lat' dir='ltr'><strong>illorum</strong></span> <span class='ocrx_word' id='word_1_233' title='bbox 1659 3228 1952 3285; x_wconf 85' lang='lat' dir='ltr'><strong>Commen-</strong></span> 
     </span>
    </p>
   </div>
   <div class='ocr_carea' id='block_1_36' title="bbox 381 3319 1949 3389">
    <p class='ocr_par' dir='ltr' id='par_1_36' title="bbox 381 3319 1949 3389">
     <span class='ocr_line' id='line_1_36' title="bbox 381 3319 1949 3389; baseline 0.003 -16"><span class='ocrx_word' id='word_1_234' title='bbox 381 3321 673 3382; x_wconf 84' lang='lat' dir='ltr'><strong>tariorum,</strong></span> <span class='ocrx_word' id='word_1_235' title='bbox 731 3319 931 3388; x_wconf 81' lang='lat' dir='ltr'><strong>quibus</strong></span> <span class='ocrx_word' id='word_1_236' title='bbox 972 3319 1050 3374; x_wconf 87' lang='lat' dir='ltr'><strong>De</strong></span> <span class='ocrx_word' id='word_1_237' title='bbox 1084 3328 1227 3374; x_wconf 84' lang='lat' dir='ltr'><strong>recta</strong></span> <span class='ocrx_word' id='word_1_238' title='bbox 1281 3320 1703 3376; x_wconf 81' lang='lat' dir='ltr'><strong>Christianarum</strong></span> <span class='ocrx_word' id='word_1_239' title='bbox 1760 3323 1817 3377; x_wconf 91' lang='lat' dir='ltr'><strong>in</strong></span> <span class='ocrx_word' id='word_1_240' title='bbox 1866 3340 1949 3389; x_wconf 91' lang='lat' dir='ltr'><strong>eo,</strong></span> 
     </span>
    </p>
   </div>
   <div class='ocr_carea' id='block_1_37' title="bbox 380 3410 1947 3481">
    <p class='ocr_par' dir='ltr' id='par_1_37' title="bbox 380 3410 1947 3481">
     <span class='ocr_line' id='line_1_37' title="bbox 380 3410 1947 3481; baseline 0.006 -21"><span class='ocrx_word' id='word_1_241' title='bbox 380 3410 521 3480; x_wconf 81' lang='lat' dir='ltr'><strong>quod</strong></span> <span class='ocrx_word' id='word_1_242' title='bbox 546 3411 853 3480; x_wconf 67' lang='lat' dir='ltr'><strong>mysterium</strong></span> <span class='ocrx_word' id='word_1_243' title='bbox 884 3411 1076 3465; x_wconf 75' lang='lat' dir='ltr'><strong>divina:</strong></span> <span class='ocrx_word' id='word_1_244' title='bbox 1102 3410 1381 3467; x_wconf 76' lang='lat' dir='ltr'><strong>Trinitatis</strong></span> <span class='ocrx_word' id='word_1_245' title='bbox 1414 3414 1625 3479; x_wconf 76' lang='lat' dir='ltr'><strong>attinet,</strong></span> <span class='ocrx_word' id='word_1_246' title='bbox 1661 3416 1947 3481; x_wconf 73' lang='lat' dir='ltr'><strong>sententia,</strong></span> 
     </span>
    </p>
   </div>
   <div class='ocr_carea' id='block_1_38' title="bbox 390 3503 1951 3578">
    <p class='ocr_par' dir='ltr' id='par_1_38' title="bbox 390 3503 1951 3578">
     <span class='ocr_line' id='line_1_38' title="bbox 390 3503 1951 3578; baseline 0.008 -25"><span class='ocrx_word' id='word_1_247' title='bbox 390 3503 598 3555; x_wconf 78' lang='lat' dir='ltr'><strong>titulum</strong></span> <span class='ocrx_word' id='word_1_248' title='bbox 672 3503 823 3569; x_wconf 88' lang='lat' dir='ltr'><strong>feci,</strong></span> <span class='ocrx_word' id='word_1_249' title='bbox 881 3514 1306 3561; x_wconf 87' lang='lat' dir='ltr'><strong>memoratarum</strong></span> <span class='ocrx_word' id='word_1_250' title='bbox 1364 3505 1731 3578; x_wconf 88' lang='lat' dir='ltr'><strong>Epistolarum</strong></span> <span class='ocrx_word' id='word_1_251' title='bbox 1792 3509 1951 3565; x_wconf 89' lang='lat' dir='ltr'><strong>tertia</strong></span> 
     </span>
    </p>
   </div>
   <div class='ocr_carea' id='block_1_39' title="bbox 400 3592 1951 3672">
    <p class='ocr_par' dir='ltr' id='par_1_39' title="bbox 400 3592 1951 3672">
     <span class='ocr_line' id='line_1_39' title="bbox 400 3592 1951 3672; baseline 0.008 -27"><span class='ocrx_word' id='word_1_252' title='bbox 400 3592 566 3651; x_wconf 61' lang='lat' dir='ltr'><strong>Graec</strong></span> <span class='ocrx_word' id='word_1_253' title='bbox 588 3612 654 3652; x_wconf 91' lang='lat' dir='ltr'><strong>ac</strong></span> <span class='ocrx_word' id='word_1_254' title='bbox 686 3597 882 3652; x_wconf 84' lang='lat' dir='ltr'><strong>Latine</strong></span> <span class='ocrx_word' id='word_1_255' title='bbox 909 3598 1111 3667; x_wconf 86' lang='lat' dir='ltr'><strong>publici</strong></span> <span class='ocrx_word' id='word_1_256' title='bbox 1136 3598 1275 3666; x_wconf 88' lang='lat' dir='ltr'><strong>juris</strong></span> <span class='ocrx_word' id='word_1_257' title='bbox 1304 3599 1481 3655; x_wconf 87' lang='lat' dir='ltr'><strong>facta:</strong></span> <span class='ocrx_word' id='word_1_258' title='bbox 1512 3600 1695 3672; x_wconf 89' lang='lat' dir='ltr'><strong>ibique</strong></span> <span class='ocrx_word' id='word_1_259' title='bbox 1720 3602 1833 3671; x_wconf 88' lang='lat' dir='ltr'><strong>jam</strong></span> <span class='ocrx_word' id='word_1_260' title='bbox 1863 3617 1951 3658; x_wconf 88' lang='lat' dir='ltr'><strong>me</strong></span> 
     </span>
    </p>
   </div>
   <div class='ocr_carea' id='block_1_40' title="bbox 392 3688 1950 3760">
    <p class='ocr_par' dir='ltr' id='par_1_40' title="bbox 392 3688 1950 3760">
     <span class='ocr_line' id='line_1_40' title="bbox 392 3688 1950 3760; baseline 0.007 -23"><span class='ocrx_word' id='word_1_261' title='bbox 392 3688 517 3740; x_wconf 77' lang='lat' dir='ltr'><strong>nlim</strong></span> <span class='ocrx_word' id='word_1_262' title='bbox 551 3701 781 3744; x_wconf 76' lang='lat' dir='ltr'><strong>czeteras</strong></span> <span class='ocrx_word' id='word_1_263' title='bbox 813 3704 1030 3759; x_wconf 85' lang='lat' dir='ltr'><strong>quoque</strong></span> <span class='ocrx_word' id='word_1_264' title='bbox 1052 3731 1071 3756; x_wconf 90' lang='lat'><strong>,</strong></span> <span class='ocrx_word' id='word_1_265' title='bbox 1119 3704 1256 3760; x_wconf 87' lang='lat' dir='ltr'><strong>quas</strong></span> <span class='ocrx_word' id='word_1_266' title='bbox 1284 3691 1629 3759; x_wconf 80' lang='lat' dir='ltr'><strong>habuissem,</strong></span> <span class='ocrx_word' id='word_1_267' title='bbox 1671 3693 1950 3748; x_wconf 91' lang='lat' dir='ltr'><strong>editurum</strong></span> 
     </span>
    </p>
   </div>
   <div class='ocr_carea' id='block_1_41' title="bbox 386 3781 1951 3849">
    <p class='ocr_par' dir='ltr' id='par_1_41' title="bbox 386 3781 1951 3849">
     <span class='ocr_line' id='line_1_41' title="bbox 386 3781 1951 3849; baseline 0.004 -17"><span class='ocrx_word' id='word_1_268' title='bbox 386 3795 741 3849; x_wconf 80' lang='lat' dir='ltr'><strong>receperam:</strong></span> <span class='ocrx_word' id='word_1_269' title='bbox 806 3794 975 3849; x_wconf 87' lang='lat' dir='ltr'><strong>quare</strong></span> <span class='ocrx_word' id='word_1_270' title='bbox 1030 3796 1177 3837; x_wconf 88' lang='lat' dir='ltr'><strong>nunc</strong></span> <span class='ocrx_word' id='word_1_271' title='bbox 1209 3781 1367 3836; x_wconf 86' lang='lat' dir='ltr'><strong>ﬁdem</strong></span> <span class='ocrx_word' id='word_1_272' title='bbox 1401 3781 1594 3838; x_wconf 89' lang='lat' dir='ltr'><strong>libero.</strong></span> <span class='ocrx_word' id='word_1_273' title='bbox 1648 3784 1795 3837; x_wconf 87' lang='lat' dir='ltr'><strong>Inter</strong></span> <span class='ocrx_word' id='word_1_274' title='bbox 1853 3784 1951 3838; x_wconf 88' lang='lat' dir='ltr'><strong>has</strong></span> 
     </span>
    </p>
   </div>
   <div class='ocr_carea' id='block_1_42' title="bbox 378 3873 1949 3945">
    <p class='ocr_par' dir='ltr' id='par_1_42' title="bbox 378 3873 1949 3945">
     <span class='ocr_line' id='line_1_42' title="bbox 378 3873 1949 3945; baseline 0.003 -22"><span class='ocrx_word' id='word_1_275' title='bbox 378 3873 598 3941; x_wconf 85' lang='lat' dir='ltr'><strong>quidem</strong></span> <span class='ocrx_word' id='word_1_276' title='bbox 635 3889 745 3926; x_wconf 89' lang='lat' dir='ltr'><strong>non</strong></span> <span class='ocrx_word' id='word_1_277' title='bbox 797 3887 895 3927; x_wconf 86' lang='lat' dir='ltr'><strong>eas</strong></span> <span class='ocrx_word' id='word_1_278' title='bbox 954 3882 1158 3927; x_wconf 82' lang='lat' dir='ltr'><strong>tantum</strong></span> <span class='ocrx_word' id='word_1_279' title='bbox 1192 3873 1492 3942; x_wconf 89' lang='lat' dir='ltr'><strong>proferam,</strong></span> <span class='ocrx_word' id='word_1_280' title='bbox 1525 3890 1643 3945; x_wconf 73' lang='lat' dir='ltr'><strong>qua:</strong></span> <span class='ocrx_word' id='word_1_281' title='bbox 1674 3874 1949 3929; x_wconf 84' lang='grc' dir='ltr'><strong>ἀνέκδοτοι</strong></span> 
     </span>
    </p>
   </div>
   <div class='ocr_carea' id='block_1_43' title="bbox 381 3967 1948 4040">
    <p class='ocr_par' dir='ltr' id='par_1_43' title="bbox 381 3967 1948 4040">
     <span class='ocr_line' id='line_1_43' title="bbox 381 3967 1948 4040; baseline 0.003 -21"><span class='ocrx_word' id='word_1_282' title='bbox 381 3976 533 4034; x_wconf 87' lang='lat' dir='ltr'><strong>sunt,</strong></span> <span class='ocrx_word' id='word_1_283' title='bbox 561 3968 655 4022; x_wconf 85' lang='lat' dir='ltr'><strong>sed</strong></span> <span class='ocrx_word' id='word_1_284' title='bbox 692 3977 751 4022; x_wconf 91' lang='lat' dir='ltr'><strong>ut</strong></span> <span class='ocrx_word' id='word_1_285' title='bbox 779 3983 920 4039; x_wconf 90' lang='lat' dir='ltr'><strong>opus</strong></span> <span class='ocrx_word' id='word_1_286' title='bbox 946 3967 1246 4038; x_wconf 88' lang='lat' dir='ltr'><strong>perfectum</strong></span> <span class='ocrx_word' id='word_1_287' title='bbox 1291 3978 1345 4023; x_wconf 92' lang='lat' dir='ltr'><strong>et</strong></span> <span class='ocrx_word' id='word_1_288' title='bbox 1392 3970 1725 4035; x_wconf 89' lang='lat' dir='ltr'><strong>absolutum,</strong></span> <span class='ocrx_word' id='word_1_289' title='bbox 1771 3972 1948 4040; x_wconf 90' lang='lat' dir='ltr'><strong>quoad</strong></span> 
     </span>
    </p>
   </div>
   <div class='ocr_carea' id='block_1_44' title="bbox 383 4060 1949 4135">
    <p class='ocr_par' dir='ltr' id='par_1_44' title="bbox 383 4060 1949 4135">
     <span class='ocr_line' id='line_1_44' title="bbox 383 4060 1949 4135; baseline 0.005 -25"><span class='ocrx_word' id='word_1_290' title='bbox 383 4060 499 4112; x_wconf 77' lang='lat' dir='ltr'><strong>fieri</strong></span> <span class='ocrx_word' id='word_1_291' title='bbox 525 4069 723 4128; x_wconf 88' lang='lat' dir='ltr'><strong>potest,</strong></span> <span class='ocrx_word' id='word_1_292' title='bbox 760 4061 1008 4126; x_wconf 81' lang='lat' dir='ltr'><strong>exsistat,</strong></span> <span class='ocrx_word' id='word_1_293' title='bbox 1060 4063 1129 4120; x_wconf 86' lang='lat' dir='ltr'><strong>iis</strong></span> <span class='ocrx_word' id='word_1_294' title='bbox 1181 4081 1282 4121; x_wconf 87' lang='lat' dir='ltr'><strong>suo</strong></span> <span class='ocrx_word' id='word_1_295' title='bbox 1322 4064 1440 4119; x_wconf 75' lang='grc' dir='ltr'><strong>Ιοου</strong></span> <span class='ocrx_word' id='word_1_296' title='bbox 1470 4074 1524 4117; x_wconf 90' lang='lat' dir='ltr'><strong>ct</strong></span> <span class='ocrx_word' id='word_1_297' title='bbox 1556 4063 1691 4129; x_wconf 91' lang='lat' dir='ltr'><strong>illas,</strong></span> <span class='ocrx_word' id='word_1_298' title='bbox 1728 4080 1847 4135; x_wconf 73' lang='lat' dir='ltr'><strong>qua:</strong></span> <span class='ocrx_word' id='word_1_299' title='bbox 1881 4063 1949 4118; x_wconf 86' lang='lat' dir='ltr'><strong>ab</strong></span> 
     </span>
    </p>
   </div>
   <div class='ocr_carea' id='block_1_45' title="bbox 386 4153 1945 4227">
    <p class='ocr_par' dir='ltr' id='par_1_45' title="bbox 386 4153 1945 4227">
     <span class='ocr_line' id='line_1_45' title="bbox 386 4153 1945 4227; baseline 0.006 -26"><span class='ocrx_word' id='word_1_300' title='bbox 386 4153 517 4204; x_wconf 84' lang='lat' dir='ltr'><strong>aliis</strong></span> <span class='ocrx_word' id='word_1_301' title='bbox 544 4154 697 4205; x_wconf 63' lang='lat' dir='ltr'><strong>editae</strong></span> <span class='ocrx_word' id='word_1_302' title='bbox 728 4154 965 4221; x_wconf 87' lang='lat' dir='ltr'><strong>fuerunt,</strong></span> <span class='ocrx_word' id='word_1_303' title='bbox 1001 4155 1321 4212; x_wconf 87' lang='lat' dir='ltr'><strong>interseram</strong></span> <span class='ocrx_word' id='word_1_304' title='bbox 1353 4174 1367 4210; x_wconf 88' lang='lat'><strong>:</strong></span> <span class='ocrx_word' id='word_1_305' title='bbox 1407 4156 1703 4227; x_wconf 85' lang='lat' dir='ltr'><strong>fragmenta</strong></span> <span class='ocrx_word' id='word_1_306' title='bbox 1760 4156 1945 4222; x_wconf 89' lang='lat' dir='ltr'><strong>etiam,</strong></span> 
     </span>
    </p>
   </div>
   <div class='ocr_carea' id='block_1_46' title="bbox 386 4243 1948 4319">
    <p class='ocr_par' dir='ltr' id='par_1_46' title="bbox 386 4243 1948 4319">
     <span class='ocr_line' id='line_1_46' title="bbox 386 4243 1948 4319; baseline 0.003 -23"><span class='ocrx_word' id='word_1_307' title='bbox 386 4243 754 4312; x_wconf 84' lang='lat' dir='ltr'><strong>undecunque</strong></span> <span class='ocrx_word' id='word_1_308' title='bbox 827 4247 1117 4303; x_wconf 88' lang='lat' dir='ltr'><strong>corradere</strong></span> <span class='ocrx_word' id='word_1_309' title='bbox 1168 4250 1403 4319; x_wconf 83' lang='lat' dir='ltr'><strong>licuerit,</strong></span> <span class='ocrx_word' id='word_1_310' title='bbox 1443 4248 1737 4317; x_wconf 83' lang='lat' dir='ltr'><strong>adjiciam:</strong></span> <span class='ocrx_word' id='word_1_311' title='bbox 1772 4258 1826 4301; x_wconf 90' lang='lat' dir='ltr'><strong>et</strong></span> <span class='ocrx_word' id='word_1_312' title='bbox 1857 4246 1948 4302; x_wconf 88' lang='lat' dir='ltr'><strong>ubi</strong></span> 
     </span>
    </p>
   </div>
   <div class='ocr_carea' id='block_1_47' title="bbox 380 4338 1947 4408">
    <p class='ocr_par' dir='ltr' id='par_1_47' title="bbox 380 4338 1947 4408">
     <span class='ocr_line' id='line_1_47' title="bbox 380 4338 1947 4408; baseline 0.003 -20"><span class='ocrx_word' id='word_1_313' title='bbox 380 4338 515 4406; x_wconf 88' lang='lat' dir='ltr'><strong>plus</strong></span> <span class='ocrx_word' id='word_1_314' title='bbox 541 4347 792 4404; x_wconf 71' lang='lat' dir='ltr'><strong>prrestare</strong></span> <span class='ocrx_word' id='word_1_315' title='bbox 824 4355 930 4393; x_wconf 90' lang='lat' dir='ltr'><strong>non</strong></span> <span class='ocrx_word' id='word_1_316' title='bbox 968 4340 1209 4405; x_wconf 88' lang='lat' dir='ltr'><strong>dabitur,</strong></span> <span class='ocrx_word' id='word_1_317' title='bbox 1241 4341 1430 4394; x_wconf 87' lang='lat' dir='ltr'><strong>saltem</strong></span> <span class='ocrx_word' id='word_1_318' title='bbox 1480 4339 1813 4408; x_wconf 85' lang='lat' dir='ltr'><strong>reliquarum</strong></span> <span class='ocrx_word' id='word_1_319' title='bbox 1841 4356 1947 4392; x_wconf 80' lang='lat' dir='ltr'><strong>uu-</strong></span> 
     </span>
    </p>
   </div>
   <div class='ocr_carea' id='block_1_48' title="bbox 1980 1720 2021 1775">
    <p class='ocr_par' dir='ltr' id='par_1_48' title="bbox 1980 1720 2021 1775">
     <span class='ocr_line' id='line_1_48' title="bbox 1980 1720 2021 1775; baseline 0 0"><span class='ocrx_word' id='word_1_320' title='bbox 1980 1720 2021 1775; x_wconf 83' lang='grc' dir='ltr'><strong>Β</strong></span> 
     </span>
    </p>
   </div>
   <div class='ocr_carea' id='block_1_49' title="bbox 1975 3074 2021 3139">
    <p class='ocr_par' dir='ltr' id='par_1_49' title="bbox 1975 3074 2021 3139">
     <span class='ocr_line' id='line_1_49' title="bbox 1975 3074 2021 3139; baseline 0 0"><span class='ocrx_word' id='word_1_321' title='bbox 1975 3074 2021 3139; x_wconf 90' lang='lat' dir='ltr'><strong>C</strong></span> 
     </span>
    </p>
   </div>
   <div class='ocr_carea' id='block_1_50' title="bbox 2050 453 3616 529">
    <p class='ocr_par' dir='ltr' id='par_1_50' title="bbox 2050 453 3616 529">
     <span class='ocr_line' id='line_1_50' title="bbox 2050 453 3616 529; baseline -0.005 -10"><span class='ocrx_word' id='word_1_322' title='bbox 2050 474 2105 519; x_wconf 87' lang='lat' dir='ltr'><strong>et</strong></span> <span class='ocrx_word' id='word_1_323' title='bbox 2138 466 2308 519; x_wconf 88' lang='lat' dir='ltr'><strong>titulis</strong></span> <span class='ocrx_word' id='word_1_324' title='bbox 2372 465 2501 518; x_wconf 89' lang='lat' dir='ltr'><strong>illud</strong></span> <span class='ocrx_word' id='word_1_325' title='bbox 2534 464 2658 518; x_wconf 84' lang='lat' dir='ltr'><strong>novi</strong></span> <span class='ocrx_word' id='word_1_326' title='bbox 2695 464 2886 518; x_wconf 86' lang='lat' dir='ltr'><strong>saltem</strong></span> <span class='ocrx_word' id='word_1_327' title='bbox 2915 462 3159 528; x_wconf 84' lang='lat' dir='ltr'><strong>accedet,</strong></span> <span class='ocrx_word' id='word_1_328' title='bbox 3191 459 3482 529; x_wconf 83' lang='lat' dir='ltr'><strong>quodcum</strong></span> <span class='ocrx_word' id='word_1_329' title='bbox 3516 453 3616 511; x_wconf 78' lang='lat' dir='ltr'><strong>La-</strong></span> 
     </span>
    </p>
   </div>
   <div class='ocr_carea' id='block_1_51' title="bbox 2053 550 3614 626">
    <p class='ocr_par' dir='ltr' id='par_1_51' title="bbox 2053 550 3614 626">
     <span class='ocr_line' id='line_1_51' title="bbox 2053 550 3614 626; baseline -0.006 -15"><span class='ocrx_word' id='word_1_330' title='bbox 2053 558 2161 611; x_wconf 85' lang='lat' dir='ltr'><strong>tina</strong></span> <span class='ocrx_word' id='word_1_331' title='bbox 2195 557 2651 626; x_wconf 87' lang='lat' dir='ltr'><strong>interpretatione</strong></span> <span class='ocrx_word' id='word_1_332' title='bbox 2686 555 3007 624; x_wconf 86' lang='lat' dir='ltr'><strong>prodibuut.</strong></span> <span class='ocrx_word' id='word_1_333' title='bbox 3052 550 3200 609; x_wconf 82' lang='lat' dir='ltr'><strong>Adde</strong></span> <span class='ocrx_word' id='word_1_334' title='bbox 3236 550 3380 622; x_wconf 89' lang='lat' dir='ltr'><strong>quod</strong></span> <span class='ocrx_word' id='word_1_335' title='bbox 3413 560 3614 618; x_wconf 49' lang='lat' dir='ltr'><strong>oppor-</strong></span> 
     </span>
    </p>
   </div>
   <div class='ocr_carea' id='block_1_52' title="bbox 2053 647 3610 715">
    <p class='ocr_par' dir='ltr' id='par_1_52' title="bbox 2053 647 3610 715">
     <span class='ocr_line' id='line_1_52' title="bbox 2053 647 3610 715; baseline -0.007 -11"><span class='ocrx_word' id='word_1_336' title='bbox 2053 660 2180 704; x_wconf 92' lang='lat' dir='ltr'><strong>tuna</strong></span> <span class='ocrx_word' id='word_1_337' title='bbox 2221 650 2423 705; x_wconf 85' lang='lat' dir='ltr'><strong>scholia</strong></span> <span class='ocrx_word' id='word_1_338' title='bbox 2470 649 2764 703; x_wconf 89' lang='lat' dir='ltr'><strong>identidem</strong></span> <span class='ocrx_word' id='word_1_339' title='bbox 2796 647 3170 715; x_wconf 88' lang='lat' dir='ltr'><strong>ascripsimus,</strong></span> <span class='ocrx_word' id='word_1_340' title='bbox 3201 653 3254 699; x_wconf 89' lang='lat' dir='ltr'><strong>et</strong></span> <span class='ocrx_word' id='word_1_341' title='bbox 3286 652 3610 713; x_wconf 89' lang='lat' dir='ltr'><strong>perpetumu</strong></span> 
     </span>
    </p>
   </div>
   <div class='ocr_carea' id='block_1_53' title="bbox 2030 737 3609 812">
    <p class='ocr_par' dir='ltr' id='par_1_53' title="bbox 2030 737 3609 812">
     <span class='ocr_line' id='line_1_53' title="bbox 2030 737 3609 812; baseline -0.006 -16"><span class='ocrx_word' id='word_1_342' title='bbox 2030 758 2218 812; x_wconf 85' lang='lat' dir='ltr'><strong>prope</strong></span> <span class='ocrx_word' id='word_1_343' title='bbox 2242 740 2695 797; x_wconf 90' lang='lat' dir='ltr'><strong>commentarium</strong></span> <span class='ocrx_word' id='word_1_344' title='bbox 2740 738 3097 794; x_wconf 78' lang='lat' dir='ltr'><strong>attexuimus.</strong></span> <span class='ocrx_word' id='word_1_345' title='bbox 3138 738 3192 791; x_wconf 88' lang='lat' dir='ltr'><strong>ld</strong></span> <span class='ocrx_word' id='word_1_346' title='bbox 3224 737 3368 805; x_wconf 88' lang='lat' dir='ltr'><strong>quod</strong></span> <span class='ocrx_word' id='word_1_347' title='bbox 3410 749 3609 787; x_wconf 86' lang='lat' dir='ltr'><strong>novum</strong></span> 
     </span>
    </p>
   </div>
   <div class='ocr_carea' id='block_1_54' title="bbox 2050 831 3615 905">
    <p class='ocr_par' dir='ltr' id='par_1_54' title="bbox 2050 831 3615 905">
     <span class='ocr_line' id='line_1_54' title="bbox 2050 831 3615 905; baseline -0.008 -13"><span class='ocrx_word' id='word_1_348' title='bbox 2050 836 2240 892; x_wconf 88' lang='lat' dir='ltr'><strong>saltem</strong></span> <span class='ocrx_word' id='word_1_349' title='bbox 2260 836 2365 891; x_wconf 90' lang='lat' dir='ltr'><strong>erit</strong></span> <span class='ocrx_word' id='word_1_350' title='bbox 2385 836 2439 891; x_wconf 89' lang='lat' dir='ltr'><strong>in</strong></span> <span class='ocrx_word' id='word_1_351' title='bbox 2475 836 2544 890; x_wconf 91' lang='lat' dir='ltr'><strong>iis</strong></span> <span class='ocrx_word' id='word_1_352' title='bbox 2574 850 2709 905; x_wconf 89' lang='lat' dir='ltr'><strong>quas</strong></span> <span class='ocrx_word' id='word_1_353' title='bbox 2739 834 2849 889; x_wconf 90' lang='lat' dir='ltr'><strong>Leo</strong></span> <span class='ocrx_word' id='word_1_354' title='bbox 2874 834 3100 886; x_wconf 83' lang='lat' dir='ltr'><strong>Allatius</strong></span> <span class='ocrx_word' id='word_1_355' title='bbox 3129 831 3333 891; x_wconf 86' lang='lat' dir='ltr'><strong>edidit;</strong></span> <span class='ocrx_word' id='word_1_356' title='bbox 3368 846 3489 884; x_wconf 85' lang='lat' dir='ltr'><strong>nam</strong></span> <span class='ocrx_word' id='word_1_357' title='bbox 3524 846 3615 881; x_wconf 78' lang='lat' dir='ltr'><strong>cas</strong></span> 
     </span>
    </p>
   </div>
   <div class='ocr_carea' id='block_1_55' title="bbox 2050 920 3611 993">
    <p class='ocr_par' dir='ltr' id='par_1_55' title="bbox 2050 920 3611 993">
     <span class='ocr_line' id='line_1_55' title="bbox 2050 920 3611 993; baseline -0.008 -10"><span class='ocrx_word' id='word_1_358' title='bbox 2050 937 2103 983; x_wconf 91' lang='lat' dir='ltr'><strong>et</strong></span> <span class='ocrx_word' id='word_1_359' title='bbox 2127 929 2313 984; x_wconf 87' lang='lat' dir='ltr'><strong>Graece</strong></span> <span class='ocrx_word' id='word_1_360' title='bbox 2337 939 2391 983; x_wconf 91' lang='lat' dir='ltr'><strong>et</strong></span> <span class='ocrx_word' id='word_1_361' title='bbox 2422 927 2631 993; x_wconf 90' lang='lat' dir='ltr'><strong>Latine,</strong></span> <span class='ocrx_word' id='word_1_362' title='bbox 2664 937 2718 982; x_wconf 87' lang='lat' dir='ltr'><strong>et</strong></span> <span class='ocrx_word' id='word_1_363' title='bbox 2746 926 3214 992; x_wconf 79' lang='lat' dir='ltr'><strong>castigatissimas,</strong></span> <span class='ocrx_word' id='word_1_364' title='bbox 3244 938 3364 993; x_wconf 77' lang='lat' dir='ltr'><strong>qua:</strong></span> <span class='ocrx_word' id='word_1_365' title='bbox 3392 923 3492 975; x_wconf 85' lang='lat' dir='ltr'><strong>fuit</strong></span> <span class='ocrx_word' id='word_1_366' title='bbox 3517 920 3611 972; x_wconf 72' lang='lat' dir='ltr'><strong>viri</strong></span> 
     </span>
    </p>
   </div>
   <div class='ocr_carea' id='block_1_56' title="bbox 2050 1014 3613 1090">
    <p class='ocr_par' dir='ltr' id='par_1_56' title="bbox 2050 1014 3613 1090">
     <span class='ocr_line' id='line_1_56' title="bbox 2050 1014 3613 1090; baseline -0.008 -13"><span class='ocrx_word' id='word_1_367' title='bbox 2050 1021 2330 1090; x_wconf 75' lang='lat' dir='ltr'><strong>diligentia</strong></span> <span class='ocrx_word' id='word_1_368' title='bbox 2391 1030 2446 1075; x_wconf 91' lang='lat' dir='ltr'><strong>et</strong></span> <span class='ocrx_word' id='word_1_369' title='bbox 2492 1020 2748 1085; x_wconf 83' lang='lat' dir='ltr'><strong>eruditio,</strong></span> <span class='ocrx_word' id='word_1_370' title='bbox 2784 1017 3079 1089; x_wconf 80' lang='lat' dir='ltr'><strong>evolgavit.</strong></span> <span class='ocrx_word' id='word_1_371' title='bbox 3115 1015 3229 1071; x_wconf 81' lang='lat' dir='ltr'><strong>Non</strong></span> <span class='ocrx_word' id='word_1_372' title='bbox 3262 1016 3403 1083; x_wconf 85' lang='lat' dir='ltr'><strong>quod</strong></span> <span class='ocrx_word' id='word_1_373' title='bbox 3443 1014 3613 1066; x_wconf 77' lang='lat' dir='ltr'><strong>tmslri</strong></span> 
     </span>
    </p>
   </div>
   <div class='ocr_carea' id='block_1_57' title="bbox 2049 1106 3614 1199">
    <p class='ocr_par' dir='ltr' id='par_1_57' title="bbox 2049 1106 3614 1199">
     <span class='ocr_line' id='line_1_57' title="bbox 2049 1106 3614 1199; baseline -0.01 -30"><span class='ocrx_word' id='word_1_374' title='bbox 2049 1113 2314 1186; x_wconf 89' lang='lat' dir='ltr'><strong>propositi</strong></span> <span class='ocrx_word' id='word_1_375' title='bbox 2375 1129 2501 1184; x_wconf 86' lang='lat' dir='ltr'><strong>pars</strong></span> <span class='ocrx_word' id='word_1_376' title='bbox 2544 1113 2635 1177; x_wconf 89' lang='lat' dir='ltr'><strong>sit,</strong></span> <span class='ocrx_word' id='word_1_377' title='bbox 2682 1113 2819 1199; x_wconf 83' lang='lat' dir='ltr'><strong>adeo</strong></span> <span class='ocrx_word' id='word_1_378' title='bbox 2868 1108 3168 1189; x_wconf 80' lang='lat' dir='ltr'><strong>frequentia</strong></span> <span class='ocrx_word' id='word_1_379' title='bbox 3226 1117 3281 1162; x_wconf 79' lang='lat' dir='ltr'><strong>et</strong></span> <span class='ocrx_word' id='word_1_380' title='bbox 3327 1106 3614 1175; x_wconf 71' lang='lat' dir='ltr'><strong>prolixiora</strong></span> 
     </span>
    </p>
   </div>
   <div class='ocr_carea' id='block_1_58' title="bbox 2050 1201 3618 1276">
    <p class='ocr_par' dir='ltr' id='par_1_58' title="bbox 2050 1201 3618 1276">
     <span class='ocr_line' id='line_1_58' title="bbox 2050 1201 3618 1276; baseline -0.01 -12"><span class='ocrx_word' id='word_1_381' title='bbox 2050 1209 2210 1265; x_wconf 85' lang='lat' dir='ltr'><strong>etiam</strong></span> <span class='ocrx_word' id='word_1_382' title='bbox 2244 1208 2449 1264; x_wconf 87' lang='lat' dir='ltr'><strong>scholia</strong></span> <span class='ocrx_word' id='word_1_383' title='bbox 2501 1208 2566 1261; x_wconf 88' lang='lat' dir='ltr'><strong>ad</strong></span> <span class='ocrx_word' id='word_1_384' title='bbox 2597 1223 2659 1263; x_wconf 87' lang='lat' dir='ltr'><strong>ea</strong></span> <span class='ocrx_word' id='word_1_385' title='bbox 2695 1221 2881 1276; x_wconf 77' lang='lat' dir='ltr'><strong>Opera,</strong></span> <span class='ocrx_word' id='word_1_386' title='bbox 2914 1220 3037 1273; x_wconf 69' lang='lat' dir='ltr'><strong>qum</strong></span> <span class='ocrx_word' id='word_1_387' title='bbox 3082 1203 3133 1256; x_wconf 89' lang='lat' dir='ltr'><strong>iu</strong></span> <span class='ocrx_word' id='word_1_388' title='bbox 3167 1201 3488 1255; x_wconf 83' lang='lat' dir='ltr'><strong>collectione</strong></span> <span class='ocrx_word' id='word_1_389' title='bbox 3522 1216 3618 1251; x_wconf 87' lang='lat' dir='ltr'><strong>no-</strong></span> 
     </span>
    </p>
   </div>
   <div class='ocr_carea' id='block_1_59' title="bbox 2050 1290 3618 1371">
    <p class='ocr_par' dir='ltr' id='par_1_59' title="bbox 2050 1290 3618 1371">
     <span class='ocr_line' id='line_1_59' title="bbox 2050 1290 3618 1371; baseline -0.01 -15"><span class='ocrx_word' id='word_1_390' title='bbox 2050 1311 2159 1358; x_wconf 89' lang='lat' dir='ltr'><strong>stra</strong></span> <span class='ocrx_word' id='word_1_391' title='bbox 2195 1302 2396 1371; x_wconf 85' lang='lat' dir='ltr'><strong>publici</strong></span> <span class='ocrx_word' id='word_1_392' title='bbox 2428 1301 2569 1370; x_wconf 89' lang='lat' dir='ltr'><strong>juris</strong></span> <span class='ocrx_word' id='word_1_393' title='bbox 2603 1299 2795 1354; x_wconf 76' lang='lat' dir='ltr'><strong>facturi</strong></span> <span class='ocrx_word' id='word_1_394' title='bbox 2839 1314 3048 1359; x_wconf 90' lang='lat' dir='ltr'><strong>sumus,</strong></span> <span class='ocrx_word' id='word_1_395' title='bbox 3083 1291 3464 1354; x_wconf 83' lang='lat' dir='ltr'><strong>commentari,</strong></span> <span class='ocrx_word' id='word_1_396' title='bbox 3524 1290 3618 1343; x_wconf 83' lang='lat' dir='ltr'><strong>sed</strong></span> 
     </span>
    </p>
   </div>
   <div class='ocr_carea' id='block_1_60' title="bbox 2051 1383 3619 1459">
    <p class='ocr_par' dir='ltr' id='par_1_60' title="bbox 2051 1383 3619 1459">
     <span class='ocr_line' id='line_1_60' title="bbox 2051 1383 3619 1459; baseline -0.009 -13"><span class='ocrx_word' id='word_1_397' title='bbox 2051 1393 2106 1446; x_wconf 88' lang='lat' dir='ltr'><strong>in</strong></span> <span class='ocrx_word' id='word_1_398' title='bbox 2143 1392 2381 1446; x_wconf 90' lang='lat' dir='ltr'><strong>editione</strong></span> <span class='ocrx_word' id='word_1_399' title='bbox 2414 1392 2606 1445; x_wconf 84' lang='lat' dir='ltr'><strong>harum</strong></span> <span class='ocrx_word' id='word_1_400' title='bbox 2634 1389 2998 1459; x_wconf 85' lang='lat' dir='ltr'><strong>Epistolarum</strong></span> <span class='ocrx_word' id='word_1_401' title='bbox 3024 1387 3073 1457; x_wconf 79' lang='lat' dir='ltr'><strong>id</strong></span> <span class='ocrx_word' id='word_1_402' title='bbox 3103 1383 3474 1440; x_wconf 86' lang='lat' dir='ltr'><strong>necessariqu</strong></span> <span class='ocrx_word' id='word_1_403' title='bbox 3499 1398 3619 1435; x_wconf 87' lang='lat' dir='ltr'><strong>esse</strong></span> 
     </span>
    </p>
   </div>
   <div class='ocr_carea' id='block_1_61' title="bbox 2051 1475 3621 1550">
    <p class='ocr_par' dir='ltr' id='par_1_61' title="bbox 2051 1475 3621 1550">
     <span class='ocr_line' id='line_1_61' title="bbox 2051 1475 3621 1550; baseline -0.009 -13"><span class='ocrx_word' id='word_1_404' title='bbox 2051 1484 2349 1539; x_wconf 73' lang='lat' dir='ltr'><strong>arbitratus</strong></span> <span class='ocrx_word' id='word_1_405' title='bbox 2377 1499 2521 1538; x_wconf 90' lang='lat' dir='ltr'><strong>sum.</strong></span> <span class='ocrx_word' id='word_1_406' title='bbox 2555 1483 2692 1537; x_wconf 89' lang='lat' dir='ltr'><strong>Cum</strong></span> <span class='ocrx_word' id='word_1_407' title='bbox 2726 1482 2870 1535; x_wconf 85' lang='lat' dir='ltr'><strong>enim</strong></span> <span class='ocrx_word' id='word_1_408' title='bbox 2900 1481 3094 1550; x_wconf 81' lang='lat' dir='ltr'><strong>lecas</strong></span> <span class='ocrx_word' id='word_1_409' title='bbox 3130 1488 3320 1533; x_wconf 90' lang='lat' dir='ltr'><strong>noster</strong></span> <span class='ocrx_word' id='word_1_410' title='bbox 3350 1475 3621 1543; x_wconf 85' lang='lat' dir='ltr'><strong>sequiori—</strong></span> 
     </span>
    </p>
   </div>
   <div class='ocr_carea' id='block_1_62' title="bbox 2052 1568 3619 1644">
    <p class='ocr_par' dir='ltr' id='par_1_62' title="bbox 2052 1568 3619 1644">
     <span class='ocr_line' id='line_1_62' title="bbox 2052 1568 3619 1644; baseline -0.009 -13"><span class='ocrx_word' id='word_1_411' title='bbox 2052 1576 2153 1631; x_wconf 87' lang='lat' dir='ltr'><strong>bus</strong></span> <span class='ocrx_word' id='word_1_412' title='bbox 2184 1576 2396 1631; x_wconf 62' lang='lat' dir='ltr'><strong>saeculis</strong></span> <span class='ocrx_word' id='word_1_413' title='bbox 2433 1575 2649 1635; x_wconf 77' lang='lat' dir='ltr'><strong>vixerit,</strong></span> <span class='ocrx_word' id='word_1_414' title='bbox 2694 1583 2748 1629; x_wconf 91' lang='lat' dir='ltr'><strong>et</strong></span> <span class='ocrx_word' id='word_1_415' title='bbox 2775 1575 2993 1644; x_wconf 86' lang='lat' dir='ltr'><strong>quando</strong></span> <span class='ocrx_word' id='word_1_416' title='bbox 3022 1572 3189 1626; x_wconf 66' lang='grc' dir='ltr'><strong>δι’ωοί</strong></span> <span class='ocrx_word' id='word_1_417' title='bbox 3227 1570 3477 1624; x_wconf 89' lang='lat' dir='ltr'><strong>homines</strong></span> <span class='ocrx_word' id='word_1_418' title='bbox 3502 1568 3619 1620; x_wconf 86' lang='lat' dir='ltr'><strong>sine</strong></span> 
     </span>
    </p>
   </div>
   <div class='ocr_carea' id='block_1_63' title="bbox 2050 1661 3622 1739">
    <p class='ocr_par' dir='ltr' id='par_1_63' title="bbox 2050 1661 3622 1739">
     <span class='ocr_line' id='line_1_63' title="bbox 2050 1661 3622 1739; baseline -0.008 -15"><span class='ocrx_word' id='word_1_419' title='bbox 2050 1670 2209 1738; x_wconf 80' lang='lat' dir='ltr'><strong>nugis</strong></span> <span class='ocrx_word' id='word_1_420' title='bbox 2268 1679 2323 1724; x_wconf 90' lang='lat' dir='ltr'><strong>et</strong></span> <span class='ocrx_word' id='word_1_421' title='bbox 2368 1669 2587 1739; x_wconf 88' lang='lat' dir='ltr'><strong>ineptiis</strong></span> <span class='ocrx_word' id='word_1_422' title='bbox 2650 1668 2737 1721; x_wconf 83' lang='lat' dir='ltr'><strong>vix</strong></span> <span class='ocrx_word' id='word_1_423' title='bbox 2771 1667 3071 1734; x_wconf 88' lang='lat' dir='ltr'><strong>quidquam</strong></span> <span class='ocrx_word' id='word_1_424' title='bbox 3100 1664 3340 1719; x_wconf 88' lang='lat' dir='ltr'><strong>scribere</strong></span> <span class='ocrx_word' id='word_1_425' title='bbox 3385 1661 3622 1732; x_wconf 74' lang='lat' dir='ltr'><strong>aggressi</strong></span> 
     </span>
    </p>
   </div>
   <div class='ocr_carea' id='block_1_64' title="bbox 2054 1753 3624 1830">
    <p class='ocr_par' dir='ltr' id='par_1_64' title="bbox 2054 1753 3624 1830">
     <span class='ocr_line' id='line_1_64' title="bbox 2054 1753 3624 1830; baseline -0.008 -13"><span class='ocrx_word' id='word_1_426' title='bbox 2054 1770 2199 1825; x_wconf 89' lang='lat' dir='ltr'><strong>sunt,</strong></span> <span class='ocrx_word' id='word_1_427' title='bbox 2237 1762 2357 1829; x_wconf 86' lang='lat' dir='ltr'><strong>ejus</strong></span> <span class='ocrx_word' id='word_1_428' title='bbox 2393 1760 2709 1830; x_wconf 90' lang='lat' dir='ltr'><strong>opinionum</strong></span> <span class='ocrx_word' id='word_1_429' title='bbox 2771 1759 3044 1814; x_wconf 83' lang='lat' dir='ltr'><strong>licentiam</strong></span> <span class='ocrx_word' id='word_1_430' title='bbox 3105 1766 3159 1811; x_wconf 92' lang='lat' dir='ltr'><strong>et</strong></span> <span class='ocrx_word' id='word_1_431' title='bbox 3212 1753 3624 1822; x_wconf 70' lang='grc' dir='ltr'><strong>τδςπαρὰδοξον</strong></span> 
     </span>
    </p>
   </div>
   <div class='ocr_carea' id='block_1_65' title="bbox 2052 1848 3623 1923">
    <p class='ocr_par' dir='ltr' id='par_1_65' title="bbox 2052 1848 3623 1923">
     <span class='ocr_line' id='line_1_65' title="bbox 2052 1848 3623 1923; baseline -0.007 -15"><span class='ocrx_word' id='word_1_432' title='bbox 2052 1867 2403 1923; x_wconf 88' lang='lat' dir='ltr'><strong>compescere</strong></span> <span class='ocrx_word' id='word_1_433' title='bbox 2454 1851 2726 1906; x_wconf 89' lang='lat' dir='ltr'><strong>interdum</strong></span> <span class='ocrx_word' id='word_1_434' title='bbox 2785 1850 3049 1919; x_wconf 81' lang='lat' dir='ltr'><strong>Oportuit,</strong></span> <span class='ocrx_word' id='word_1_435' title='bbox 3099 1864 3162 1902; x_wconf 88' lang='lat' dir='ltr'><strong>ac</strong></span> <span class='ocrx_word' id='word_1_436' title='bbox 3219 1848 3385 1902; x_wconf 85' lang='lat' dir='ltr'><strong>certis</strong></span> <span class='ocrx_word' id='word_1_437' title='bbox 3452 1848 3623 1900; x_wconf 78' lang='lat' dir='ltr'><strong>frenis</strong></span> 
     </span>
    </p>
   </div>
   <div class='ocr_carea' id='block_1_66' title="bbox 2055 1941 3621 2013">
    <p class='ocr_par' dir='ltr' id='par_1_66' title="bbox 2055 1941 3621 2013">
     <span class='ocr_line' id='line_1_66' title="bbox 2055 1941 3621 2013; baseline -0.009 -12"><span class='ocrx_word' id='word_1_438' title='bbox 2055 1960 2331 2009; x_wconf 86' lang='lat' dir='ltr'><strong>coercere,</strong></span> <span class='ocrx_word' id='word_1_439' title='bbox 2363 1944 2738 2013; x_wconf 82' lang='lat' dir='ltr'><strong>theologorum</strong></span> <span class='ocrx_word' id='word_1_440' title='bbox 2796 1943 2993 1996; x_wconf 88' lang='lat' dir='ltr'><strong>melius</strong></span> <span class='ocrx_word' id='word_1_441' title='bbox 3043 1941 3453 2012; x_wconf 87' lang='lat' dir='ltr'><strong>sapientiusque</strong></span> <span class='ocrx_word' id='word_1_442' title='bbox 3501 1942 3621 2007; x_wconf 82' lang='lat' dir='ltr'><strong>opi-</strong></span> 
     </span>
    </p>
   </div>
   <div class='ocr_carea' id='block_1_67' title="bbox 2056 2030 3624 2104">
    <p class='ocr_par' dir='ltr' id='par_1_67' title="bbox 2056 2030 3624 2104">
     <span class='ocr_line' id='line_1_67' title="bbox 2056 2030 3624 2104; baseline -0.006 -12"><span class='ocrx_word' id='word_1_443' title='bbox 2056 2037 2304 2092; x_wconf 87' lang='lat' dir='ltr'><strong>nantium</strong></span> <span class='ocrx_word' id='word_1_444' title='bbox 2358 2034 2607 2090; x_wconf 85' lang='lat' dir='ltr'><strong>consulta</strong></span> <span class='ocrx_word' id='word_1_445' title='bbox 2664 2048 2695 2088; x_wconf 90' lang='lat' dir='ltr'><strong>e</strong></span> <span class='ocrx_word' id='word_1_446' title='bbox 2757 2034 3003 2104; x_wconf 78' lang='lat' dir='ltr'><strong>regione,</strong></span> <span class='ocrx_word' id='word_1_447' title='bbox 3065 2041 3123 2086; x_wconf 94' lang='lat' dir='ltr'><strong>ut</strong></span> <span class='ocrx_word' id='word_1_448' title='bbox 3160 2032 3234 2087; x_wconf 90' lang='lat' dir='ltr'><strong>ita</strong></span> <span class='ocrx_word' id='word_1_449' title='bbox 3266 2030 3467 2090; x_wconf 82' lang='lat' dir='ltr'><strong>dicam.</strong></span> <span class='ocrx_word' id='word_1_450' title='bbox 3511 2040 3624 2083; x_wconf 50' lang='lat' dir='ltr'><strong>sta.</strong></span> 
     </span>
    </p>
   </div>
   <div class='ocr_carea' id='block_1_68' title="bbox 2057 2120 3623 2197">
    <p class='ocr_par' dir='ltr' id='par_1_68' title="bbox 2057 2120 3623 2197">
     <span class='ocr_line' id='line_1_68' title="bbox 2057 2120 3623 2197; baseline -0.008 -14"><span class='ocrx_word' id='word_1_451' title='bbox 2057 2128 2280 2190; x_wconf 82' lang='lat' dir='ltr'><strong>tuendo,</strong></span> <span class='ocrx_word' id='word_1_452' title='bbox 2315 2134 2572 2197; x_wconf 88' lang='lat' dir='ltr'><strong>tanquam</strong></span> <span class='ocrx_word' id='word_1_453' title='bbox 2602 2125 2867 2180; x_wconf 88' lang='lat' dir='ltr'><strong>adversus</strong></span> <span class='ocrx_word' id='word_1_454' title='bbox 2898 2138 3021 2177; x_wconf 90' lang='lat' dir='ltr'><strong>eum</strong></span> <span class='ocrx_word' id='word_1_455' title='bbox 3051 2122 3221 2178; x_wconf 89' lang='lat' dir='ltr'><strong>aciem</strong></span> <span class='ocrx_word' id='word_1_456' title='bbox 3265 2120 3623 2176; x_wconf 79' lang='lat' dir='ltr'><strong>instructissi-</strong></span> 
     </span>
    </p>
   </div>
   <div class='ocr_carea' id='block_1_69' title="bbox 2057 2213 3624 2289">
    <p class='ocr_par' dir='ltr' id='par_1_69' title="bbox 2057 2213 3624 2289">
     <span class='ocr_line' id='line_1_69' title="bbox 2057 2213 3624 2289; baseline -0.008 -13"><span class='ocrx_word' id='word_1_457' title='bbox 2057 2236 2222 2287; x_wconf 89' lang='lat' dir='ltr'><strong>mam,</strong></span> <span class='ocrx_word' id='word_1_458' title='bbox 2278 2227 2441 2289; x_wconf 81' lang='lat' dir='ltr'><strong>atque</strong></span> <span class='ocrx_word' id='word_1_459' title='bbox 2496 2218 2570 2271; x_wconf 89' lang='lat' dir='ltr'><strong>ita</strong></span> <span class='ocrx_word' id='word_1_460' title='bbox 2628 2218 2929 2287; x_wconf 72' lang='lat' dir='ltr'><strong>legentium</strong></span> <span class='ocrx_word' id='word_1_461' title='bbox 2986 2224 3150 2270; x_wconf 62' lang='lat' dir='ltr'><strong>recta)</strong></span> <span class='ocrx_word' id='word_1_462' title='bbox 3219 2213 3506 2277; x_wconf 63' lang='lat' dir='ltr'><strong>sementim</strong></span> <span class='ocrx_word' id='word_1_463' title='bbox 3570 2222 3624 2264; x_wconf 82' lang='lat' dir='ltr'><strong>et</strong></span> 
     </span>
    </p>
   </div>
   <div class='ocr_carea' id='block_1_70' title="bbox 2057 2297 3623 2367">
    <p class='ocr_par' dir='ltr' id='par_1_70' title="bbox 2057 2297 3623 2367">
     <span class='ocr_line' id='line_1_70' title="bbox 2057 2297 3623 2367; baseline -0.01 -6"><span class='ocrx_word' id='word_1_464' title='bbox 2057 2304 2334 2361; x_wconf 88' lang='lat' dir='ltr'><strong>securitati</strong></span> <span class='ocrx_word' id='word_1_465' title='bbox 2391 2301 2699 2359; x_wconf 88' lang='lat' dir='ltr'><strong>consulere.</strong></span> <span class='ocrx_word' id='word_1_466' title='bbox 2742 2298 2863 2355; x_wconf 82' lang='lat' dir='ltr'><strong>Non</strong></span> <span class='ocrx_word' id='word_1_467' title='bbox 2914 2301 3061 2355; x_wconf 91' lang='lat' dir='ltr'><strong>enim</strong></span> <span class='ocrx_word' id='word_1_468' title='bbox 3120 2314 3359 2367; x_wconf 21' lang='lat' dir='ltr'><strong>semper,</strong></span> <span class='ocrx_word' id='word_1_469' title='bbox 3389 2297 3623 2366; x_wconf 75' lang='lat' dir='ltr'><strong>optimas</strong></span> 
     </span>
    </p>
   </div>
   <div class='ocr_carea' id='block_1_71' title="bbox 2057 2390 3623 2469">
    <p class='ocr_par' dir='ltr' id='par_1_71' title="bbox 2057 2390 3623 2469">
     <span class='ocr_line' id='line_1_71' title="bbox 2057 2390 3623 2469; baseline -0.01 -14"><span class='ocrx_word' id='word_1_470' title='bbox 2057 2408 2311 2469; x_wconf 87' lang='lat' dir='ltr'><strong>ratasque</strong></span> <span class='ocrx_word' id='word_1_471' title='bbox 2337 2397 2661 2457; x_wconf 90' lang='lat' dir='ltr'><strong>sententias.</strong></span> <span class='ocrx_word' id='word_1_472' title='bbox 2696 2394 3126 2464; x_wconf 58' lang='lat' dir='ltr'><strong>ct‘autiquorum</strong></span> <span class='ocrx_word' id='word_1_473' title='bbox 3158 2394 3372 2447; x_wconf 84' lang='lat' dir='ltr'><strong>Patrum</strong></span> <span class='ocrx_word' id='word_1_474' title='bbox 3400 2390 3623 2460; x_wconf 77' lang='lat' dir='ltr'><strong>placita,</strong></span> 
     </span>
    </p>
   </div>
   <div class='ocr_carea' id='block_1_72' title="bbox 2058 2472 3623 2564">
    <p class='ocr_par' dir='ltr' id='par_1_72' title="bbox 2058 2472 3623 2564">
     <span class='ocr_line' id='line_1_72' title="bbox 2058 2472 3623 2564; baseline -0.01 -15"><span class='ocrx_word' id='word_1_475' title='bbox 2058 2494 2288 2564; x_wconf 84' lang='lat' dir='ltr'><strong>seligere</strong></span> <span class='ocrx_word' id='word_1_476' title='bbox 2309 2491 2682 2562; x_wconf 77' lang='lat' dir='ltr'><strong>etamplexari</strong></span> <span class='ocrx_word' id='word_1_477' title='bbox 2714 2489 2963 2555; x_wconf 85' lang='lat' dir='ltr'><strong>videtur;</strong></span> <span class='ocrx_word' id='word_1_478' title='bbox 2998 2490 3092 2545; x_wconf 89' lang='lat' dir='ltr'><strong>sed</strong></span> <span class='ocrx_word' id='word_1_479' title='bbox 3125 2489 3193 2543; x_wconf 85' lang='lat' dir='ltr'><strong>de</strong></span> <span class='ocrx_word' id='word_1_480' title='bbox 3225 2489 3369 2557; x_wconf 84' lang='lat' dir='ltr'><strong>regia</strong></span> <span class='ocrx_word' id='word_1_481' title='bbox 3406 2472 3623 2555; x_wconf 83' lang='lat' dir='ltr'><strong>opinio-</strong></span> 
     </span>
    </p>
   </div>
   <div class='ocr_carea' id='block_1_73' title="bbox 2058 2579 3623 2654">
    <p class='ocr_par' dir='ltr' id='par_1_73' title="bbox 2058 2579 3623 2654">
     <span class='ocr_line' id='line_1_73' title="bbox 2058 2579 3623 2654; baseline -0.008 -11"><span class='ocrx_word' id='word_1_482' title='bbox 2058 2602 2187 2643; x_wconf 88' lang='lat' dir='ltr'><strong>num</strong></span> <span class='ocrx_word' id='word_1_483' title='bbox 2220 2586 2306 2640; x_wconf 88' lang='lat' dir='ltr'><strong>via</strong></span> <span class='ocrx_word' id='word_1_484' title='bbox 2331 2584 2405 2639; x_wconf 89' lang='lat' dir='ltr'><strong>ita</strong></span> <span class='ocrx_word' id='word_1_485' title='bbox 2433 2583 2677 2654; x_wconf 86' lang='lat' dir='ltr'><strong>quaedam</strong></span> <span class='ocrx_word' id='word_1_486' title='bbox 2701 2582 2768 2637; x_wconf 92' lang='lat' dir='ltr'><strong>ad</strong></span> <span class='ocrx_word' id='word_1_487' title='bbox 2791 2581 3023 2636; x_wconf 89' lang='lat' dir='ltr'><strong>divortia</strong></span> <span class='ocrx_word' id='word_1_488' title='bbox 3059 2579 3346 2636; x_wconf 77' lang='lat' dir='ltr'><strong>deflectere</strong></span> <span class='ocrx_word' id='word_1_489' title='bbox 3378 2579 3623 2649; x_wconf 85' lang='lat' dir='ltr'><strong>aliquau-</strong></span> 
     </span>
    </p>
   </div>
   <div class='ocr_carea' id='block_1_74' title="bbox 2058 2672 3625 2748">
    <p class='ocr_par' dir='ltr' id='par_1_74' title="bbox 2058 2672 3625 2748">
     <span class='ocr_line' id='line_1_74' title="bbox 2058 2672 3625 2748; baseline -0.01 -12"><span class='ocrx_word' id='word_1_490' title='bbox 2058 2682 2146 2748; x_wconf 92' lang='lat' dir='ltr'><strong>do,</strong></span> <span class='ocrx_word' id='word_1_491' title='bbox 2180 2689 2239 2734; x_wconf 89' lang='lat' dir='ltr'><strong>ut</strong></span> <span class='ocrx_word' id='word_1_492' title='bbox 2270 2678 2430 2733; x_wconf 89' lang='lat' dir='ltr'><strong>facile</strong></span> <span class='ocrx_word' id='word_1_493' title='bbox 2462 2678 2637 2746; x_wconf 86' lang='lat' dir='ltr'><strong>possit</strong></span> <span class='ocrx_word' id='word_1_494' title='bbox 2664 2690 2695 2730; x_wconf 89' lang='lat' dir='ltr'><strong>a</strong></span> <span class='ocrx_word' id='word_1_495' title='bbox 2724 2674 3136 2730; x_wconf 83' lang='lat' dir='ltr'><strong>delicatioribus</strong></span> <span class='ocrx_word' id='word_1_496' title='bbox 3171 2672 3491 2742; x_wconf 82' lang='lat' dir='ltr'><strong>quibusdam</strong></span> <span class='ocrx_word' id='word_1_497' title='bbox 3528 2688 3625 2723; x_wconf 80' lang='lat' dir='ltr'><strong>nn-</strong></span> 
     </span>
    </p>
   </div>
   <div class='ocr_carea' id='block_1_75' title="bbox 2057 2764 3621 2838">
    <p class='ocr_par' dir='ltr' id='par_1_75' title="bbox 2057 2764 3621 2838">
     <span class='ocr_line' id='line_1_75' title="bbox 2057 2764 3621 2838; baseline -0.009 -11"><span class='ocrx_word' id='word_1_498' title='bbox 2057 2773 2240 2828; x_wconf 81' lang='lat' dir='ltr'><strong>vitatis</strong></span> <span class='ocrx_word' id='word_1_499' title='bbox 2277 2778 2333 2827; x_wconf 91' lang='lat' dir='ltr'><strong>et</strong></span> <span class='ocrx_word' id='word_1_500' title='bbox 2374 2768 2708 2838; x_wconf 78' lang='grc' dir='ltr'><strong>αὐτομολίας</strong></span> <span class='ocrx_word' id='word_1_501' title='bbox 2780 2766 3109 2822; x_wconf 83' lang='lat' dir='ltr'><strong>insimulari.</strong></span> <span class='ocrx_word' id='word_1_502' title='bbox 3164 2766 3242 2819; x_wconf 82' lang='lat' dir='ltr'><strong>Ad</strong></span> <span class='ocrx_word' id='word_1_503' title='bbox 3299 2765 3400 2818; x_wconf 85' lang='lat' dir='ltr'><strong>hoc</strong></span> <span class='ocrx_word' id='word_1_504' title='bbox 3456 2764 3621 2832; x_wconf 79' lang='lat' dir='ltr'><strong>igitur</strong></span> 
     </span>
    </p>
   </div>
   <div class='ocr_carea' id='block_1_76' title="bbox 2056 2857 3621 2920">
    <p class='ocr_par' dir='ltr' id='par_1_76' title="bbox 2056 2857 3621 2920">
     <span class='ocr_line' id='line_1_76' title="bbox 2056 2857 3621 2920; baseline -0.008 -3"><span class='ocrx_word' id='word_1_505' title='bbox 2056 2863 2247 2917; x_wconf 86' lang='lat' dir='ltr'><strong>saltem</strong></span> <span class='ocrx_word' id='word_1_506' title='bbox 2301 2875 2436 2915; x_wconf 85' lang='lat' dir='ltr'><strong>meae</strong></span> <span class='ocrx_word' id='word_1_507' title='bbox 2485 2859 2903 2914; x_wconf 84' lang='lat' dir='ltr'><strong>observationes</strong></span> <span class='ocrx_word' id='word_1_508' title='bbox 2956 2857 3297 2920; x_wconf 85' lang='lat' dir='ltr'><strong>inservient,</strong></span> <span class='ocrx_word' id='word_1_509' title='bbox 3359 2864 3417 2909; x_wconf 89' lang='lat' dir='ltr'><strong>ut</strong></span> <span class='ocrx_word' id='word_1_510' title='bbox 3478 2865 3621 2905; x_wconf 69' lang='grc' dir='ltr'><strong>ι’ΝῚζΙ</strong></span> 
     </span>
    </p>
   </div>
   <div class='ocr_carea' id='block_1_77' title="bbox 2055 2947 3617 3027">
    <p class='ocr_par' dir='ltr' id='par_1_77' title="bbox 2055 2947 3617 3027">
     <span class='ocr_line' id='line_1_77' title="bbox 2055 2947 3617 3027; baseline -0.011 -15"><span class='ocrx_word' id='word_1_511' title='bbox 2055 2954 2234 3027; x_wconf 77' lang='lat' dir='ltr'><strong>Glyca:</strong></span> <span class='ocrx_word' id='word_1_512' title='bbox 2258 2953 2531 3009; x_wconf 86' lang='lat' dir='ltr'><strong>sententia</strong></span> <span class='ocrx_word' id='word_1_513' title='bbox 2560 2952 2806 3021; x_wconf 90' lang='lat' dir='ltr'><strong>apertius</strong></span> <span class='ocrx_word' id='word_1_514' title='bbox 2834 2950 3237 3017; x_wconf 87' lang='lat' dir='ltr'><strong>dilucidlusque</strong></span> <span class='ocrx_word' id='word_1_515' title='bbox 3264 2947 3617 3017; x_wconf 85' lang='lat' dir='ltr'><strong>percipiatur,</strong></span> 
     </span>
    </p>
   </div>
   <div class='ocr_carea' id='block_1_78' title="bbox 2056 3039 3618 3116">
    <p class='ocr_par' dir='ltr' id='par_1_78' title="bbox 2056 3039 3618 3116">
     <span class='ocr_line' id='line_1_78' title="bbox 2056 3039 3618 3116; baseline -0.01 -11"><span class='ocrx_word' id='word_1_516' title='bbox 2056 3056 2111 3105; x_wconf 87' lang='lat' dir='ltr'><strong>et</strong></span> <span class='ocrx_word' id='word_1_517' title='bbox 2142 3064 2254 3104; x_wconf 89' lang='lat' dir='ltr'><strong>non</strong></span> <span class='ocrx_word' id='word_1_518' title='bbox 2290 3046 2448 3102; x_wconf 89' lang='lat' dir='ltr'><strong>facile</strong></span> <span class='ocrx_word' id='word_1_519' title='bbox 2478 3046 2856 3116; x_wconf 87' lang='lat' dir='ltr'><strong>cujuscunque</strong></span> <span class='ocrx_word' id='word_1_520' title='bbox 2917 3042 3400 3096; x_wconf 87' lang='lat' dir='ltr'><strong>criminationibus</strong></span> <span class='ocrx_word' id='word_1_521' title='bbox 3430 3042 3481 3091; x_wconf 89' lang='lat' dir='ltr'><strong>in</strong></span> <span class='ocrx_word' id='word_1_522' title='bbox 3516 3039 3618 3100; x_wconf 77' lang='lat' dir='ltr'><strong>his,</strong></span> 
     </span>
    </p>
   </div>
   <div class='ocr_carea' id='block_1_79' title="bbox 2053 3131 3619 3213">
    <p class='ocr_par' dir='ltr' id='par_1_79' title="bbox 2053 3131 3619 3213">
     <span class='ocr_line' id='line_1_79' title="bbox 2053 3131 3619 3213; baseline -0.01 -16"><span class='ocrx_word' id='word_1_523' title='bbox 2053 3142 2109 3197; x_wconf 89' lang='lat' dir='ltr'><strong>in</strong></span> <span class='ocrx_word' id='word_1_524' title='bbox 2144 3140 2347 3213; x_wconf 89' lang='lat' dir='ltr'><strong>quibus</strong></span> <span class='ocrx_word' id='word_1_525' title='bbox 2403 3138 2628 3193; x_wconf 87' lang='lat' dir='ltr'><strong>minimc</strong></span> <span class='ocrx_word' id='word_1_526' title='bbox 2681 3146 2945 3199; x_wconf 84' lang='lat' dir='ltr'><strong>meretur,</strong></span> <span class='ocrx_word' id='word_1_527' title='bbox 2984 3133 3253 3188; x_wconf 87' lang='lat' dir='ltr'><strong>obnoxius</strong></span> <span class='ocrx_word' id='word_1_528' title='bbox 3308 3131 3523 3186; x_wconf 86' lang='lat' dir='ltr'><strong>evadat.</strong></span> <span class='ocrx_word' id='word_1_529' title='bbox 3566 3132 3619 3183; x_wconf 89' lang='grc' dir='ltr'><strong>ιιι</strong></span> 
     </span>
    </p>
   </div>
   <div class='ocr_carea' id='block_1_80' title="bbox 2051 3226 3621 3305">
    <p class='ocr_par' dir='ltr' id='par_1_80' title="bbox 2051 3226 3621 3305">
     <span class='ocr_line' id='line_1_80' title="bbox 2051 3226 3621 3305; baseline -0.01 -15"><span class='ocrx_word' id='word_1_530' title='bbox 2051 3233 2378 3305; x_wconf 88' lang='lat' dir='ltr'><strong>quibusdam</strong></span> <span class='ocrx_word' id='word_1_531' title='bbox 2409 3229 2659 3286; x_wconf 87' lang='lat' dir='ltr'><strong>excusari</strong></span> <span class='ocrx_word' id='word_1_532' title='bbox 2691 3237 2785 3284; x_wconf 85' lang='lat' dir='ltr'><strong>aut</strong></span> <span class='ocrx_word' id='word_1_533' title='bbox 2809 3226 3026 3284; x_wconf 88' lang='lat' dir='ltr'><strong>defendi</strong></span> <span class='ocrx_word' id='word_1_534' title='bbox 3056 3241 3164 3279; x_wconf 92' lang='lat' dir='ltr'><strong>non</strong></span> <span class='ocrx_word' id='word_1_535' title='bbox 3200 3230 3401 3294; x_wconf 87' lang='lat' dir='ltr'><strong>potest.</strong></span> <span class='ocrx_word' id='word_1_536' title='bbox 3432 3232 3621 3293; x_wconf 79' lang='lat' dir='ltr'><strong>utpote</strong></span> 
     </span>
    </p>
   </div>
   <div class='ocr_carea' id='block_1_81' title="bbox 2052 3314 3641 3385">
    <p class='ocr_par' dir='ltr' id='par_1_81' title="bbox 2052 3314 3641 3385">
     <span class='ocr_line' id='line_1_81' title="bbox 2052 3314 3641 3385; baseline -0.01 -2"><span class='ocrx_word' id='word_1_537' title='bbox 2052 3325 2224 3383; x_wconf 57' lang='lat' dir='ltr'><strong>Graeci</strong></span> <span class='ocrx_word' id='word_1_538' title='bbox 2266 3322 2578 3381; x_wconf 88' lang='lat' dir='ltr'><strong>schismatis</strong></span> <span class='ocrx_word' id='word_1_539' title='bbox 2602 3321 2790 3382; x_wconf 85' lang='lat' dir='ltr'><strong>homo,</strong></span> <span class='ocrx_word' id='word_1_540' title='bbox 2830 3327 2884 3374; x_wconf 91' lang='lat' dir='ltr'><strong>et</strong></span> <span class='ocrx_word' id='word_1_541' title='bbox 2920 3317 3277 3373; x_wconf 90' lang='lat' dir='ltr'><strong>erraticarum</strong></span> <span class='ocrx_word' id='word_1_542' title='bbox 3316 3314 3461 3369; x_wconf 88' lang='lat' dir='ltr'><strong>illius</strong></span> <span class='ocrx_word' id='word_1_543' title='bbox 3488 3332 3641 3385; x_wconf 41' lang='lat' dir='ltr'><strong>gens</strong></span> 
     </span>
    </p>
   </div>
   <div class='ocr_carea' id='block_1_82' title="bbox 2052 3409 3619 3486">
    <p class='ocr_par' dir='ltr' id='par_1_82' title="bbox 2052 3409 3619 3486">
     <span class='ocr_line' id='line_1_82' title="bbox 2052 3409 3619 3486; baseline -0.009 -14"><span class='ocrx_word' id='word_1_544' title='bbox 2052 3418 2124 3473; x_wconf 91' lang='lat' dir='ltr'><strong>tis</strong></span> <span class='ocrx_word' id='word_1_545' title='bbox 2154 3414 2475 3486; x_wconf 90' lang='lat' dir='ltr'><strong>opinionum</strong></span> <span class='ocrx_word' id='word_1_546' title='bbox 2518 3412 2809 3483; x_wconf 90' lang='lat' dir='ltr'><strong>aliquando</strong></span> <span class='ocrx_word' id='word_1_547' title='bbox 2841 3416 3237 3481; x_wconf 84' lang='lat' dir='ltr'><strong>propugnator,</strong></span> <span class='ocrx_word' id='word_1_548' title='bbox 3276 3417 3335 3462; x_wconf 89' lang='lat' dir='ltr'><strong>ut</strong></span> <span class='ocrx_word' id='word_1_549' title='bbox 3362 3409 3619 3461; x_wconf 77' lang='lat' dir='ltr'><strong>ostendo-</strong></span> 
     </span>
    </p>
   </div>
   <div class='ocr_carea' id='block_1_83' title="bbox 2055 3502 3621 3571">
    <p class='ocr_par' dir='ltr' id='par_1_83' title="bbox 2055 3502 3621 3571">
     <span class='ocr_line' id='line_1_83' title="bbox 2055 3502 3621 3571; baseline -0.008 -7"><span class='ocrx_word' id='word_1_550' title='bbox 2055 3519 2142 3565; x_wconf 91' lang='lat' dir='ltr'><strong>tur</strong></span> <span class='ocrx_word' id='word_1_551' title='bbox 2173 3508 2426 3565; x_wconf 88' lang='lat' dir='ltr'><strong>inferius.</strong></span> <span class='ocrx_word' id='word_1_552' title='bbox 2480 3504 2599 3561; x_wconf 80' lang='lat' dir='ltr'><strong>Non</strong></span> <span class='ocrx_word' id='word_1_553' title='bbox 2638 3515 2819 3560; x_wconf 90' lang='lat' dir='ltr'><strong>tamen</strong></span> <span class='ocrx_word' id='word_1_554' title='bbox 2856 3504 2982 3558; x_wconf 92' lang='lat' dir='ltr'><strong>ideo</strong></span> <span class='ocrx_word' id='word_1_555' title='bbox 3016 3502 3366 3571; x_wconf 81' lang='lat' dir='ltr'><strong>Spernendus</strong></span> <span class='ocrx_word' id='word_1_556' title='bbox 3428 3514 3621 3555; x_wconf 83' lang='lat' dir='ltr'><strong>anetor</strong></span> 
     </span>
    </p>
   </div>
   <div class='ocr_carea' id='block_1_84' title="bbox 2053 3596 3623 3667">
    <p class='ocr_par' dir='ltr' id='par_1_84' title="bbox 2053 3596 3623 3667">
     <span class='ocr_line' id='line_1_84' title="bbox 2053 3596 3623 3667; baseline -0.009 -7"><span class='ocrx_word' id='word_1_557' title='bbox 2053 3606 2143 3661; x_wconf 90' lang='lat' dir='ltr'><strong>hic</strong></span> <span class='ocrx_word' id='word_1_558' title='bbox 2171 3603 2444 3666; x_wconf 86' lang='lat' dir='ltr'><strong>videatur;</strong></span> <span class='ocrx_word' id='word_1_559' title='bbox 2486 3616 2609 3654; x_wconf 89' lang='lat' dir='ltr'><strong>nam</strong></span> <span class='ocrx_word' id='word_1_560' title='bbox 2641 3607 2698 3654; x_wconf 90' lang='lat' dir='ltr'><strong>et</strong></span> <span class='ocrx_word' id='word_1_561' title='bbox 2732 3614 2797 3654; x_wconf 85' lang='lat' dir='ltr'><strong>ex</strong></span> <span class='ocrx_word' id='word_1_562' title='bbox 2845 3598 2931 3653; x_wconf 89' lang='lat' dir='ltr'><strong>his</strong></span> <span class='ocrx_word' id='word_1_563' title='bbox 2962 3596 3230 3667; x_wconf 90' lang='lat' dir='ltr'><strong>sequioris</strong></span> <span class='ocrx_word' id='word_1_564' title='bbox 3259 3596 3357 3650; x_wconf 79' lang='lat' dir='ltr'><strong>:evi</strong></span> <span class='ocrx_word' id='word_1_565' title='bbox 3393 3597 3623 3663; x_wconf 79' lang='lat' dir='ltr'><strong>scripto~</strong></span> 
     </span>
    </p>
   </div>
   <div class='ocr_carea' id='block_1_85' title="bbox 2052 3689 3620 3763">
    <p class='ocr_par' dir='ltr' id='par_1_85' title="bbox 2052 3689 3620 3763">
     <span class='ocr_line' id='line_1_85' title="bbox 2052 3689 3620 3763; baseline -0.007 -12"><span class='ocrx_word' id='word_1_566' title='bbox 2052 3697 2204 3751; x_wconf 89' lang='lat' dir='ltr'><strong>ribus</strong></span> <span class='ocrx_word' id='word_1_567' title='bbox 2228 3691 2431 3751; x_wconf 64' lang='lat' dir='ltr'><strong>Graecis</strong></span> <span class='ocrx_word' id='word_1_568' title='bbox 2462 3707 2710 3763; x_wconf 86' lang='lat' dir='ltr'><strong>magnam</strong></span> <span class='ocrx_word' id='word_1_569' title='bbox 2734 3690 3018 3747; x_wconf 65' lang='lat' dir='ltr'><strong>catholicae</strong></span> <span class='ocrx_word' id='word_1_570' title='bbox 3041 3689 3297 3745; x_wconf 75' lang='lat' dir='ltr'><strong>Ecclesiae</strong></span> <span class='ocrx_word' id='word_1_571' title='bbox 3328 3689 3620 3743; x_wconf 87' lang='lat' dir='ltr'><strong>utilitatem</strong></span> 
     </span>
    </p>
   </div>
   <div class='ocr_carea' id='block_1_86' title="bbox 2050 3783 3617 3860">
    <p class='ocr_par' dir='ltr' id='par_1_86' title="bbox 2050 3783 3617 3860">
     <span class='ocr_line' id='line_1_86' title="bbox 2050 3783 3617 3860; baseline -0.007 -15"><span class='ocrx_word' id='word_1_572' title='bbox 2050 3791 2342 3860; x_wconf 87' lang='lat' dir='ltr'><strong>provenire</strong></span> <span class='ocrx_word' id='word_1_573' title='bbox 2368 3786 2736 3857; x_wconf 84' lang='lat' dir='ltr'><strong>cognoscitur,</strong></span> <span class='ocrx_word' id='word_1_574' title='bbox 2764 3786 2879 3840; x_wconf 84' lang='lat' dir='ltr'><strong>sive</strong></span> <span class='ocrx_word' id='word_1_575' title='bbox 2906 3794 2965 3840; x_wconf 90' lang='lat' dir='ltr'><strong>ut</strong></span> <span class='ocrx_word' id='word_1_576' title='bbox 2993 3784 3221 3839; x_wconf 87' lang='lat' dir='ltr'><strong>historia</strong></span> <span class='ocrx_word' id='word_1_577' title='bbox 3250 3783 3617 3837; x_wconf 80' lang='lat' dir='ltr'><strong>ecclesiastica</strong></span> 
     </span>
    </p>
   </div>
   <div class='ocr_carea' id='block_1_87' title="bbox 2050 3866 3619 3952">
    <p class='ocr_par' dir='ltr' id='par_1_87' title="bbox 2050 3866 3619 3952">
     <span class='ocr_line' id='line_1_87' title="bbox 2050 3866 3619 3952; baseline -0.006 -15"><span class='ocrx_word' id='word_1_578' title='bbox 2050 3883 2369 3952; x_wconf 85' lang='lat' dir='ltr'><strong>locupletior</strong></span> <span class='ocrx_word' id='word_1_579' title='bbox 2423 3866 2773 3949; x_wconf 82' lang='lat' dir='ltr'><strong>exactiorque</strong></span> <span class='ocrx_word' id='word_1_580' title='bbox 2827 3878 3116 3945; x_wconf 86' lang='lat' dir='ltr'><strong>habeatur,</strong></span> <span class='ocrx_word' id='word_1_581' title='bbox 3174 3876 3290 3930; x_wconf 87' lang='lat' dir='ltr'><strong>sive</strong></span> <span class='ocrx_word' id='word_1_582' title='bbox 3353 3886 3411 3929; x_wconf 91' lang='lat' dir='ltr'><strong>ut</strong></span> <span class='ocrx_word' id='word_1_583' title='bbox 3447 3876 3619 3930; x_wconf 50' lang='lat' dir='ltr'><strong>Grarci</strong></span> 
     </span>
    </p>
   </div>
   <div class='ocr_carea' id='block_1_88' title="bbox 2050 3967 3623 4031">
    <p class='ocr_par' dir='ltr' id='par_1_88' title="bbox 2050 3967 3623 4031">
     <span class='ocr_line' id='line_1_88' title="bbox 2050 3967 3623 4031; baseline -0.007 -1"><span class='ocrx_word' id='word_1_584' title='bbox 2050 3975 2362 4031; x_wconf 90' lang='lat' dir='ltr'><strong>schismatis</strong></span> <span class='ocrx_word' id='word_1_585' title='bbox 2417 3987 2634 4027; x_wconf 88' lang='lat' dir='ltr'><strong>errores</strong></span> <span class='ocrx_word' id='word_1_586' title='bbox 2689 3970 2905 4026; x_wconf 89' lang='lat' dir='ltr'><strong>facilius</strong></span> <span class='ocrx_word' id='word_1_587' title='bbox 2972 3969 3329 4026; x_wconf 86' lang='lat' dir='ltr'><strong>refellantur.</strong></span> <span class='ocrx_word' id='word_1_588' title='bbox 3393 3967 3507 4019; x_wconf 86' lang='lat' dir='ltr'><strong>sive</strong></span> <span class='ocrx_word' id='word_1_589' title='bbox 3565 3977 3623 4019; x_wconf 86' lang='lat' dir='ltr'><strong>ut</strong></span> 
     </span>
    </p>
   </div>
   <div class='ocr_carea' id='block_1_89' title="bbox 2051 4060 3617 4136">
    <p class='ocr_par' dir='ltr' id='par_1_89' title="bbox 2051 4060 3617 4136">
     <span class='ocr_line' id='line_1_89' title="bbox 2051 4060 3617 4136; baseline -0.01 -13"><span class='ocrx_word' id='word_1_590' title='bbox 2051 4076 2363 4123; x_wconf 88' lang='lat' dir='ltr'><strong>nostrorum</strong></span> <span class='ocrx_word' id='word_1_591' title='bbox 2393 4074 2699 4136; x_wconf 89' lang='lat' dir='ltr'><strong>temporum</strong></span> <span class='ocrx_word' id='word_1_592' title='bbox 2730 4062 2951 4119; x_wconf 86' lang='lat' dir='ltr'><strong>sectarii</strong></span> <span class='ocrx_word' id='word_1_593' title='bbox 2986 4062 3245 4115; x_wconf 82' lang='lat' dir='ltr'><strong>falsarum</strong></span> <span class='ocrx_word' id='word_1_594' title='bbox 3298 4060 3617 4128; x_wconf 85' lang='lat' dir='ltr'><strong>opinionum</strong></span> 
     </span>
    </p>
   </div>
   <div class='ocr_carea' id='block_1_90' title="bbox 2051 4150 3616 4227">
    <p class='ocr_par' dir='ltr' id='par_1_90' title="bbox 2051 4150 3616 4227">
     <span class='ocr_line' id='line_1_90' title="bbox 2051 4150 3616 4227; baseline -0.011 -10"><span class='ocrx_word' id='word_1_595' title='bbox 2051 4168 2430 4227; x_wconf 90' lang='lat' dir='ltr'><strong>certorumque</strong></span> <span class='ocrx_word' id='word_1_596' title='bbox 2455 4158 2941 4212; x_wconf 85' lang='lat' dir='ltr'><strong>deliramentorum</strong></span> <span class='ocrx_word' id='word_1_597' title='bbox 2999 4154 3075 4207; x_wconf 87' lang='lat' dir='ltr'><strong>rei</strong></span> <span class='ocrx_word' id='word_1_598' title='bbox 3114 4151 3403 4205; x_wconf 86' lang='lat' dir='ltr'><strong>manifeste</strong></span> <span class='ocrx_word' id='word_1_599' title='bbox 3432 4150 3616 4203; x_wconf 83' lang='lat' dir='ltr'><strong>revin—</strong></span> 
     </span>
    </p>
   </div>
   <div class='ocr_carea' id='block_1_91' title="bbox 2050 4240 3616 4319">
    <p class='ocr_par' dir='ltr' id='par_1_91' title="bbox 2050 4240 3616 4319">
     <span class='ocr_line' id='line_1_91' title="bbox 2050 4240 3616 4319; baseline -0.01 -12"><span class='ocrx_word' id='word_1_600' title='bbox 2050 4261 2243 4308; x_wconf 89' lang='lat' dir='ltr'><strong>cantur</strong></span> <span class='ocrx_word' id='word_1_601' title='bbox 2269 4269 2282 4304; x_wconf 87' lang='lat'><strong>:</strong></span> <span class='ocrx_word' id='word_1_602' title='bbox 2308 4250 2362 4304; x_wconf 89' lang='lat' dir='ltr'><strong>id</strong></span> <span class='ocrx_word' id='word_1_603' title='bbox 2393 4249 2537 4319; x_wconf 87' lang='lat' dir='ltr'><strong>quod</strong></span> <span class='ocrx_word' id='word_1_604' title='bbox 2561 4256 2748 4317; x_wconf 88' lang='lat' dir='ltr'><strong>aperte</strong></span> <span class='ocrx_word' id='word_1_605' title='bbox 2775 4247 2953 4301; x_wconf 89' lang='lat' dir='ltr'><strong>elucet</strong></span> <span class='ocrx_word' id='word_1_606' title='bbox 2980 4260 3044 4297; x_wconf 80' lang='lat' dir='ltr'><strong>ex</strong></span> <span class='ocrx_word' id='word_1_607' title='bbox 3070 4242 3156 4298; x_wconf 81' lang='lat' dir='ltr'><strong>Jo.</strong></span> <span class='ocrx_word' id='word_1_608' title='bbox 3189 4241 3409 4302; x_wconf 86' lang='lat' dir='ltr'><strong>Morini,</strong></span> <span class='ocrx_word' id='word_1_609' title='bbox 3446 4240 3616 4293; x_wconf 85' lang='lat' dir='ltr'><strong>Leon.</strong></span> 
     </span>
    </p>
   </div>
   <div class='ocr_carea' id='block_1_92' title="bbox 2054 4334 3622 4407">
    <p class='ocr_par' dir='ltr' id='par_1_92' title="bbox 2054 4334 3622 4407">
     <span class='ocr_line' id='line_1_92' title="bbox 2054 4334 3622 4407; baseline -0.008 -10"><span class='ocrx_word' id='word_1_610' title='bbox 2054 4344 2257 4407; x_wconf 81' lang='lat' dir='ltr'><strong>Allatii,</strong></span> <span class='ocrx_word' id='word_1_611' title='bbox 2290 4342 2433 4396; x_wconf 86' lang='lat' dir='ltr'><strong>Petri</strong></span> <span class='ocrx_word' id='word_1_612' title='bbox 2468 4340 2712 4405; x_wconf 82' lang='lat' dir='ltr'><strong>Arcudii,</strong></span> <span class='ocrx_word' id='word_1_613' title='bbox 2741 4339 2830 4394; x_wconf 88' lang='lat' dir='ltr'><strong>Fr.</strong></span> <span class='ocrx_word' id='word_1_614' title='bbox 2898 4334 3236 4398; x_wconf 85' lang='lat' dir='ltr'><strong>Combelisii,</strong></span> <span class='ocrx_word' id='word_1_615' title='bbox 3284 4335 3622 4400; x_wconf 86' lang='lat' dir='ltr'><strong>aliorumque</strong></span> 
     </span>
    </p>
   </div>
   <div class='ocr_carea' id='block_1_93' title="bbox 377 4412 1948 4495">
    <p class='ocr_par' dir='ltr' id='par_1_93' title="bbox 377 4425 1944 4495">
     <span class='ocr_line' id='line_1_93' title="bbox 377 4425 1944 4495; baseline 0.002 -17"><span class='ocrx_word' id='word_1_616' title='bbox 377 4427 486 4479; x_wconf 88' lang='lat' dir='ltr'><strong>dos</strong></span> <span class='ocrx_word' id='word_1_617' title='bbox 517 4425 816 4495; x_wconf 90' lang='lat' dir='ltr'><strong>titulos(l),</strong></span> <span class='ocrx_word' id='word_1_618' title='bbox 845 4438 902 4484; x_wconf 89' lang='lat' dir='ltr'><strong>ut</strong></span> <span class='ocrx_word' id='word_1_619' title='bbox 930 4444 1026 4485; x_wconf 90' lang='lat' dir='ltr'><strong>eos</strong></span> <span class='ocrx_word' id='word_1_620' title='bbox 1062 4428 1388 4484; x_wconf 88' lang='lat' dir='ltr'><strong>Lambecius</strong></span> <span class='ocrx_word' id='word_1_621' title='bbox 1412 4436 1659 4485; x_wconf 89' lang='lat' dir='ltr'><strong>recenset</strong></span> <span class='ocrx_word' id='word_1_622' title='bbox 1690 4441 1745 4484; x_wconf 89' lang='lat' dir='ltr'><strong>et</strong></span> <span class='ocrx_word' id='word_1_623' title='bbox 1789 4430 1944 4483; x_wconf 82' lang='lat' dir='ltr'><strong>exhi-</strong></span> 
     </span>
    </p>
   </div>
   <div class='ocr_carea' id='block_1_94' title="bbox 2051 4412 3622 4495">
    <p class='ocr_par' dir='ltr' id='par_1_94' title="bbox 2051 4424 3622 4491">
     <span class='ocr_line' id='line_1_94' title="bbox 2051 4424 3622 4491; baseline -0.011 0"><span class='ocrx_word' id='word_1_624' title='bbox 2051 4436 2492 4491; x_wconf 87' lang='lat' dir='ltr'><strong>doctissimorum</strong></span> <span class='ocrx_word' id='word_1_625' title='bbox 2524 4432 2809 4486; x_wconf 88' lang='lat' dir='ltr'><strong>hominum</strong></span> <span class='ocrx_word' id='word_1_626' title='bbox 2838 4426 3338 4486; x_wconf 88' lang='lat' dir='ltr'><strong>lucubrationibus,</strong></span> <span class='ocrx_word' id='word_1_627' title='bbox 3368 4440 3507 4490; x_wconf 88' lang='lat' dir='ltr'><strong>quos</strong></span> <span class='ocrx_word' id='word_1_628' title='bbox 3542 4424 3622 4475; x_wconf 56' lang='lat' dir='ltr'><strong>in-</strong></span> 
     </span>
    </p>
   </div>
   <div class='ocr_carea' id='block_1_95' title="bbox 380 4518 1949 4591">
    <p class='ocr_par' dir='ltr' id='par_1_95' title="bbox 380 4518 1949 4591">
     <span class='ocr_line' id='line_1_95' title="bbox 380 4518 1949 4591; baseline 0.001 -20"><span class='ocrx_word' id='word_1_629' title='bbox 380 4522 498 4578; x_wconf 86' lang='lat' dir='ltr'><strong>bet.</strong></span> <span class='ocrx_word' id='word_1_630' title='bbox 532 4518 587 4571; x_wconf 89' lang='lat' dir='ltr'><strong>in</strong></span> <span class='ocrx_word' id='word_1_631' title='bbox 624 4520 856 4574; x_wconf 89' lang='lat' dir='ltr'><strong>medium</strong></span> <span class='ocrx_word' id='word_1_632' title='bbox 909 4522 1197 4576; x_wconf 86' lang='lat' dir='ltr'><strong>adducam.</strong></span> <span class='ocrx_word' id='word_1_633' title='bbox 1228 4521 1545 4591; x_wconf 87' lang='lat' dir='ltr'><strong>Quanquam</strong></span> <span class='ocrx_word' id='word_1_634' title='bbox 1588 4532 1642 4577; x_wconf 91' lang='lat' dir='ltr'><strong>et</strong></span> <span class='ocrx_word' id='word_1_635' title='bbox 1670 4538 1782 4585; x_wconf 86' lang='lat' dir='ltr'><strong>eas,</strong></span> <span class='ocrx_word' id='word_1_636' title='bbox 1830 4536 1949 4591; x_wconf 71' lang='lat' dir='ltr'><strong>quae</strong></span> 
     </span>
    </p>
   </div>
   <div class='ocr_carea' id='block_1_96' title="bbox 377 4609 1944 4682">
    <p class='ocr_par' dir='ltr' id='par_1_96' title="bbox 377 4609 1944 4682">
     <span class='ocr_line' id='line_1_96' title="bbox 377 4609 1944 4682; baseline 0.001 -20"><span class='ocrx_word' id='word_1_637' title='bbox 377 4611 522 4662; x_wconf 84' lang='lat' dir='ltr'><strong>alias</strong></span> <span class='ocrx_word' id='word_1_638' title='bbox 548 4609 709 4662; x_wconf 74' lang='lat' dir='ltr'><strong>editae</strong></span> <span class='ocrx_word' id='word_1_639' title='bbox 735 4610 910 4674; x_wconf 87' lang='lat' dir='ltr'><strong>fuere,</strong></span> <span class='ocrx_word' id='word_1_640' title='bbox 960 4611 1300 4678; x_wconf 74' lang='grc' dir='ltr'><strong>ἀνεκδότους,</strong></span> <span class='ocrx_word' id='word_1_641' title='bbox 1334 4621 1389 4666; x_wconf 89' lang='lat' dir='ltr'><strong>et</strong></span> <span class='ocrx_word' id='word_1_642' title='bbox 1419 4628 1567 4666; x_wconf 89' lang='lat' dir='ltr'><strong>nunc</strong></span> <span class='ocrx_word' id='word_1_643' title='bbox 1620 4613 1856 4682; x_wconf 78' lang='lat' dir='ltr'><strong>primum</strong></span> <span class='ocrx_word' id='word_1_644' title='bbox 1887 4611 1944 4664; x_wconf 90' lang='lat' dir='ltr'><strong>in</strong></span> 
     </span>
    </p>
   </div>
   <div class='ocr_carea' id='block_1_97' title="bbox 376 4702 1948 4774">
    <p class='ocr_par' dir='ltr' id='par_1_97' title="bbox 376 4702 1948 4774">
     <span class='ocr_line' id='line_1_97' title="bbox 376 4702 1948 4774; baseline 0.001 -21"><span class='ocrx_word' id='word_1_645' title='bbox 376 4702 664 4771; x_wconf 86' lang='lat' dir='ltr'><strong>publicum</strong></span> <span class='ocrx_word' id='word_1_646' title='bbox 691 4702 911 4770; x_wconf 84' lang='lat' dir='ltr'><strong>prodire</strong></span> <span class='ocrx_word' id='word_1_647' title='bbox 940 4705 1119 4759; x_wconf 88' lang='lat' dir='ltr'><strong>visum</strong></span> <span class='ocrx_word' id='word_1_648' title='bbox 1152 4705 1218 4758; x_wconf 90' lang='lat' dir='ltr'><strong>iri</strong></span> <span class='ocrx_word' id='word_1_649' title='bbox 1256 4706 1701 4774; x_wconf 88' lang='lat' dir='ltr'><strong>prudentioribus</strong></span> <span class='ocrx_word' id='word_1_650' title='bbox 1754 4718 1948 4773; x_wconf 89' lang='lat' dir='ltr'><strong>spero;</strong></span> 
     </span>
    </p>
   </div>
   <div class='ocr_carea' id='block_1_98' title="bbox 380 4793 1949 4866">
    <p class='ocr_par' dir='ltr' id='par_1_98' title="bbox 380 4793 1949 4866">
     <span class='ocr_line' id='line_1_98' title="bbox 380 4793 1949 4866; baseline 0.001 -22"><span class='ocrx_word' id='word_1_651' title='bbox 380 4809 507 4845; x_wconf 78' lang='lat' dir='ltr'><strong>nam</strong></span> <span class='ocrx_word' id='word_1_652' title='bbox 554 4793 641 4846; x_wconf 88' lang='lat' dir='ltr'><strong>vel</strong></span> <span class='ocrx_word' id='word_1_653' title='bbox 672 4795 978 4850; x_wconf 82' lang='lat' dir='ltr'><strong>exactiores</strong></span> <span class='ocrx_word' id='word_1_654' title='bbox 1005 4806 1060 4849; x_wconf 88' lang='lat' dir='ltr'><strong>et</strong></span> <span class='ocrx_word' id='word_1_655' title='bbox 1088 4796 1518 4862; x_wconf 89' lang='lat' dir='ltr'><strong>emendatiores,</strong></span> <span class='ocrx_word' id='word_1_656' title='bbox 1551 4796 1635 4849; x_wconf 88' lang='lat' dir='ltr'><strong>vel</strong></span> <span class='ocrx_word' id='word_1_657' title='bbox 1690 4794 1949 4866; x_wconf 82' lang='lat' dir='ltr'><strong>integrio-</strong></span> 
     </span>
    </p>
   </div>
   <div class='ocr_carea' id='block_1_99' title="bbox 385 4884 1949 4959">
    <p class='ocr_par' dir='ltr' id='par_1_99' title="bbox 385 4884 1949 4959">
     <span class='ocr_line' id='line_1_99' title="bbox 385 4884 1949 4959; baseline 0.003 -25"><span class='ocrx_word' id='word_1_658' title='bbox 385 4899 499 4948; x_wconf 84' lang='lat' dir='ltr'><strong>res,</strong></span> <span class='ocrx_word' id='word_1_659' title='bbox 532 4886 620 4939; x_wconf 86' lang='lat' dir='ltr'><strong>vel</strong></span> <span class='ocrx_word' id='word_1_660' title='bbox 647 4887 969 4956; x_wconf 88' lang='lat' dir='ltr'><strong>primigenia</strong></span> <span class='ocrx_word' id='word_1_661' title='bbox 1001 4903 1098 4942; x_wconf 91' lang='lat' dir='ltr'><strong>sua</strong></span> <span class='ocrx_word' id='word_1_662' title='bbox 1125 4890 1328 4959; x_wconf 89' lang='lat' dir='ltr'><strong>lingua,</strong></span> <span class='ocrx_word' id='word_1_663' title='bbox 1380 4904 1486 4957; x_wconf 90' lang='lat' dir='ltr'><strong>qua</strong></span> <span class='ocrx_word' id='word_1_664' title='bbox 1549 4897 1783 4941; x_wconf 66' lang='lat' dir='ltr'><strong>exarata:</strong></span> <span class='ocrx_word' id='word_1_665' title='bbox 1830 4884 1949 4940; x_wconf 88' lang='lat' dir='ltr'><strong>fue-</strong></span> 
     </span>
    </p>
   </div>
   <div class='ocr_carea' id='block_1_100' title="bbox 397 4976 1946 5037">
    <p class='ocr_par' dir='ltr' id='par_1_100' title="bbox 397 4976 1946 5037">
     <span class='ocr_line' id='line_1_100' title="bbox 397 4976 1946 5037; baseline 0.006 -16"><span class='ocrx_word' id='word_1_666' title='bbox 397 4983 528 5037; x_wconf 86' lang='lat' dir='ltr'><strong>runt,</strong></span> <span class='ocrx_word' id='word_1_667' title='bbox 561 4976 908 5032; x_wconf 89' lang='lat' dir='ltr'><strong>emittentnr.</strong></span> <span class='ocrx_word' id='word_1_668' title='bbox 946 4980 1083 5033; x_wconf 86' lang='lat' dir='ltr'><strong>Ecce</strong></span> <span class='ocrx_word' id='word_1_669' title='bbox 1108 4980 1253 5033; x_wconf 89' lang='lat' dir='ltr'><strong>enim</strong></span> <span class='ocrx_word' id='word_1_670' title='bbox 1290 4978 1567 5033; x_wconf 83' lang='lat' dir='ltr'><strong>Pontanus</strong></span> <span class='ocrx_word' id='word_1_671' title='bbox 1597 4978 1787 5031; x_wconf 90' lang='lat' dir='ltr'><strong>Latine</strong></span> <span class='ocrx_word' id='word_1_672' title='bbox 1822 4988 1946 5031; x_wconf 89' lang='lat' dir='ltr'><strong>tan-</strong></span> 
     </span>
    </p>
   </div>
   <div class='ocr_carea' id='block_1_101' title="bbox 398 5069 1948 5140">
    <p class='ocr_par' dir='ltr' id='par_1_101' title="bbox 398 5069 1948 5140">
     <span class='ocr_line' id='line_1_101' title="bbox 398 5069 1948 5140; baseline 0.005 -25"><span class='ocrx_word' id='word_1_673' title='bbox 398 5073 522 5128; x_wconf 87' lang='lat' dir='ltr'><strong>tum,</strong></span> <span class='ocrx_word' id='word_1_674' title='bbox 550 5069 889 5140; x_wconf 85' lang='lat' dir='ltr'><strong>alteramque</strong></span> <span class='ocrx_word' id='word_1_675' title='bbox 928 5072 1170 5125; x_wconf 86' lang='lat' dir='ltr'><strong>mutilam</strong></span> <span class='ocrx_word' id='word_1_676' title='bbox 1216 5072 1473 5126; x_wconf 80' lang='lat' dir='ltr'><strong>excudit:</strong></span> <span class='ocrx_word' id='word_1_677' title='bbox 1532 5072 1648 5139; x_wconf 90' lang='lat' dir='ltr'><strong>ipse</strong></span> <span class='ocrx_word' id='word_1_678' title='bbox 1701 5069 1948 5124; x_wconf 64' lang='lat' dir='ltr'><strong>Graecum</strong></span> 
     </span>
    </p>
   </div>
   <div class='ocr_carea' id='block_1_102' title="bbox 384 5163 1953 5233">
    <p class='ocr_par' dir='ltr' id='par_1_102' title="bbox 384 5163 1953 5233">
     <span class='ocr_line' id='line_1_102' title="bbox 384 5163 1953 5233; baseline 0.006 -27"><span class='ocrx_word' id='word_1_679' title='bbox 384 5169 691 5215; x_wconf 81' lang='lat' dir='ltr'><strong>contextum</strong></span> <span class='ocrx_word' id='word_1_680' title='bbox 726 5178 1019 5231; x_wconf 87' lang='lat' dir='ltr'><strong>apponam,</strong></span> <span class='ocrx_word' id='word_1_681' title='bbox 1049 5172 1105 5217; x_wconf 92' lang='lat' dir='ltr'><strong>et</strong></span> <span class='ocrx_word' id='word_1_682' title='bbox 1133 5178 1470 5233; x_wconf 60' lang='lat' dir='ltr'><strong>quascunque</strong></span> <span class='ocrx_word' id='word_1_683' title='bbox 1507 5163 1705 5217; x_wconf 90' lang='lat' dir='ltr'><strong>desunt</strong></span> <span class='ocrx_word' id='word_1_684' title='bbox 1768 5178 1833 5216; x_wconf 88' lang='lat' dir='ltr'><strong>ex</strong></span> <span class='ocrx_word' id='word_1_685' title='bbox 1862 5178 1953 5216; x_wconf 90' lang='lat' dir='ltr'><strong>co-</strong></span> 
     </span>
    </p>
   </div>
   <div class='ocr_carea' id='block_1_103' title="bbox 375 5244 1951 5326">
    <p class='ocr_par' dir='ltr' id='par_1_103' title="bbox 375 5244 1951 5326">
     <span class='ocr_line' id='line_1_103' title="bbox 375 5244 1951 5326; baseline 0.006 -24"><span class='ocrx_word' id='word_1_686' title='bbox 375 5250 511 5304; x_wconf 84' lang='lat' dir='ltr'><strong>dice</strong></span> <span class='ocrx_word' id='word_1_687' title='bbox 562 5254 925 5311; x_wconf 82' lang='lat' dir='ltr'><strong>Riccardiano</strong></span> <span class='ocrx_word' id='word_1_688' title='bbox 984 5255 1268 5326; x_wconf 87' lang='lat' dir='ltr'><strong>supplebo.</strong></span> <span class='ocrx_word' id='word_1_689' title='bbox 1314 5254 1612 5314; x_wconf 83' lang='lat' dir='ltr'><strong>Bonavent.</strong></span> <span class='ocrx_word' id='word_1_690' title='bbox 1657 5244 1951 5311; x_wconf 75' lang='lat' dir='ltr'><strong>Vulcanius</strong></span> 
     </span>
    </p>
   </div>
   <div class='ocr_carea' id='block_1_104' title="bbox 372 5341 1950 5419">
    <p class='ocr_par' dir='ltr' id='par_1_104' title="bbox 372 5341 1950 5419">
     <span class='ocr_line' id='line_1_104' title="bbox 372 5341 1950 5419; baseline 0.004 -25"><span class='ocrx_word' id='word_1_691' title='bbox 372 5341 567 5400; x_wconf 69' lang='lat' dir='ltr'><strong>Graece</strong></span> <span class='ocrx_word' id='word_1_692' title='bbox 597 5348 822 5415; x_wconf 88' lang='lat' dir='ltr'><strong>quidem</strong></span> <span class='ocrx_word' id='word_1_693' title='bbox 857 5364 921 5402; x_wconf 91' lang='lat' dir='ltr'><strong>ac</strong></span> <span class='ocrx_word' id='word_1_694' title='bbox 976 5348 1167 5402; x_wconf 87' lang='lat' dir='ltr'><strong>Latine</strong></span> <span class='ocrx_word' id='word_1_695' title='bbox 1199 5363 1326 5403; x_wconf 87' lang='lat' dir='ltr'><strong>suas</strong></span> <span class='ocrx_word' id='word_1_696' title='bbox 1351 5349 1607 5419; x_wconf 85' lang='lat' dir='ltr'><strong>vulgavit,</strong></span> <span class='ocrx_word' id='word_1_697' title='bbox 1643 5348 1740 5403; x_wconf 83' lang='lat' dir='ltr'><strong>sed</strong></span> <span class='ocrx_word' id='word_1_698' title='bbox 1793 5363 1950 5402; x_wconf 88' lang='lat' dir='ltr'><strong>men-</strong></span> 
     </span>
    </p>
   </div>
   <div class='ocr_carea' id='block_1_105' title="bbox 366 5438 1953 5511">
    <p class='ocr_par' dir='ltr' id='par_1_105' title="bbox 366 5438 1953 5511">
     <span class='ocr_line' id='line_1_105' title="bbox 366 5438 1953 5511; baseline 0.003 -21"><span class='ocrx_word' id='word_1_699' title='bbox 366 5438 514 5491; x_wconf 86' lang='lat' dir='ltr'><strong>doso</strong></span> <span class='ocrx_word' id='word_1_700' title='bbox 570 5442 762 5495; x_wconf 87' lang='lat' dir='ltr'><strong>codice</strong></span> <span class='ocrx_word' id='word_1_701' title='bbox 817 5456 967 5507; x_wconf 89' lang='lat' dir='ltr'><strong>usus,</strong></span> <span class='ocrx_word' id='word_1_702' title='bbox 1030 5457 1190 5495; x_wconf 91' lang='lat' dir='ltr'><strong>unam</strong></span> <span class='ocrx_word' id='word_1_703' title='bbox 1242 5445 1405 5495; x_wconf 81' lang='lat' dir='ltr'><strong>etiam</strong></span> <span class='ocrx_word' id='word_1_704' title='bbox 1459 5442 1732 5511; x_wconf 79' lang='grc' dir='ltr'><strong>ἀκέφαλον</strong></span> <span class='ocrx_word' id='word_1_705' title='bbox 1790 5443 1953 5498; x_wconf 88' lang='lat' dir='ltr'><strong>edere</strong></span> 
     </span>
    </p>
   </div>
   <div class='ocr_carea' id='block_1_106' title="bbox 364 5534 1948 5599">
    <p class='ocr_par' dir='ltr' id='par_1_106' title="bbox 364 5534 1948 5599">
     <span class='ocr_line' id='line_1_106' title="bbox 364 5534 1948 5599; baseline 0.003 -14"><span class='ocrx_word' id='word_1_706' title='bbox 364 5541 605 5586; x_wconf 85' lang='lat' dir='ltr'><strong>coactus</strong></span> <span class='ocrx_word' id='word_1_707' title='bbox 634 5543 717 5588; x_wconf 88' lang='lat' dir='ltr'><strong>est</strong></span> <span class='ocrx_word' id='word_1_708' title='bbox 744 5551 758 5587; x_wconf 91' lang='lat'><strong>:</strong></span> <span class='ocrx_word' id='word_1_709' title='bbox 825 5534 879 5587; x_wconf 89' lang='lat' dir='ltr'><strong>in</strong></span> <span class='ocrx_word' id='word_1_710' title='bbox 917 5534 1016 5588; x_wconf 88' lang='lat' dir='ltr'><strong>hac</strong></span> <span class='ocrx_word' id='word_1_711' title='bbox 1049 5535 1289 5588; x_wconf 87' lang='lat' dir='ltr'><strong>editione</strong></span> <span class='ocrx_word' id='word_1_712' title='bbox 1320 5545 1374 5589; x_wconf 89' lang='lat' dir='ltr'><strong>et</strong></span> <span class='ocrx_word' id='word_1_713' title='bbox 1404 5536 1706 5589; x_wconf 51' lang='lat' dir='ltr'><strong>emendatae</strong></span> <span class='ocrx_word' id='word_1_714' title='bbox 1736 5552 1948 5599; x_wconf 86' lang='lat' dir='ltr'><strong>omnes,</strong></span> 
     </span>
    </p>
   </div>
   <div class='ocr_carea' id='block_1_107' title="bbox 983 5642 1017 5653">
    <p class='ocr_par' dir='ltr' id='par_1_107' title="bbox 983 5642 1017 5653">
     <span class='ocr_line' id='line_1_107' title="bbox 983 5642 1017 5653; baseline 0 0"><span class='ocrx_word' id='word_1_715' title='bbox 983 5642 1017 5653; x_wconf 67' lang='lat'><strong>-</strong></span> 
     </span>
    </p>
   </div>
   <div class='ocr_carea' id='block_1_108' title="bbox 2048 4512 3620 4592">
    <p class='ocr_par' dir='ltr' id='par_1_108' title="bbox 2048 4512 3620 4592">
     <span class='ocr_line' id='line_1_108' title="bbox 2048 4512 3620 4592; baseline -0.012 -10"><span class='ocrx_word' id='word_1_716' title='bbox 2048 4538 2131 4582; x_wconf 85' lang='lat' dir='ltr'><strong>ter</strong></span> <span class='ocrx_word' id='word_1_717' title='bbox 2156 4524 2542 4580; x_wconf 89' lang='lat' dir='ltr'><strong>memorandus</strong></span> <span class='ocrx_word' id='word_1_718' title='bbox 2588 4522 2861 4592; x_wconf 78' lang='lat' dir='ltr'><strong>praecipue</strong></span> <span class='ocrx_word' id='word_1_719' title='bbox 2910 4517 3078 4572; x_wconf 85' lang='lat' dir='ltr'><strong>Nicol.</strong></span> <span class='ocrx_word' id='word_1_720' title='bbox 3112 4516 3426 4570; x_wconf 83' lang='lat' dir='ltr'><strong>Comucnus</strong></span> <span class='ocrx_word' id='word_1_721' title='bbox 3482 4512 3620 4579; x_wconf 83' lang='lat' dir='ltr'><strong>l&#39;ap-</strong></span> 
     </span>
    </p>
   </div>
   <div class='ocr_carea' id='block_1_109' title="bbox 2048 4605 3622 4687">
    <p class='ocr_par' dir='ltr' id='par_1_109' title="bbox 2048 4605 3622 4687">
     <span class='ocr_line' id='line_1_109' title="bbox 2048 4605 3622 4687; baseline -0.009 -16"><span class='ocrx_word' id='word_1_722' title='bbox 2048 4616 2370 4687; x_wconf 78' lang='lat' dir='ltr'><strong>padOpolus,</strong></span> <span class='ocrx_word' id='word_1_723' title='bbox 2400 4617 2493 4682; x_wconf 90' lang='lat' dir='ltr'><strong>qui</strong></span> <span class='ocrx_word' id='word_1_724' title='bbox 2556 4630 2698 4669; x_wconf 89' lang='lat' dir='ltr'><strong>anno</strong></span> <span class='ocrx_word' id='word_1_725' title='bbox 2724 4612 2860 4669; x_wconf 76' lang='lat'><strong>1697</strong></span> <span class='ocrx_word' id='word_1_726' title='bbox 2908 4612 3106 4665; x_wconf 88' lang='lat' dir='ltr'><strong>librum</strong></span> <span class='ocrx_word' id='word_1_727' title='bbox 3160 4606 3302 4676; x_wconf 80' lang='lat' dir='ltr'><strong>typis</strong></span> <span class='ocrx_word' id='word_1_728' title='bbox 3341 4605 3622 4658; x_wconf 86' lang='lat' dir='ltr'><strong>mandavit</strong></span> 
     </span>
    </p>
   </div>
   <div class='ocr_carea' id='block_1_110' title="bbox 2051 4698 3621 4775">
    <p class='ocr_par' dir='ltr' id='par_1_110' title="bbox 2051 4698 3621 4775">
     <span class='ocr_line' id='line_1_110' title="bbox 2051 4698 3621 4775; baseline -0.008 -12"><span class='ocrx_word' id='word_1_729' title='bbox 2051 4709 2279 4775; x_wconf 87' lang='lat' dir='ltr'><strong>Patavii,</strong></span> <span class='ocrx_word' id='word_1_730' title='bbox 2305 4710 2379 4762; x_wconf 86' lang='lat' dir='ltr'><strong>ita</strong></span> <span class='ocrx_word' id='word_1_731' title='bbox 2426 4708 2798 4775; x_wconf 87' lang='lat' dir='ltr'><strong>inscriptum:</strong></span> <span class='ocrx_word' id='word_1_732' title='bbox 2860 4704 3217 4759; x_wconf 69' lang='lat' dir='ltr'><strong>Pra’notioncs</strong></span> <span class='ocrx_word' id='word_1_733' title='bbox 3252 4698 3621 4769; x_wconf 77' lang='lat' dir='ltr'><strong>myslagogica’</strong></span> 
     </span>
    </p>
   </div>
   <div class='ocr_carea' id='block_1_111' title="bbox 2054 4794 3619 4870">
    <p class='ocr_par' dir='ltr' id='par_1_111' title="bbox 2054 4794 3619 4870">
     <span class='ocr_line' id='line_1_111' title="bbox 2054 4794 3619 4870; baseline -0.007 -17"><span class='ocrx_word' id='word_1_734' title='bbox 2054 4816 2115 4854; x_wconf 77' lang='lat' dir='ltr'><strong>ea;</strong></span> <span class='ocrx_word' id='word_1_735' title='bbox 2136 4801 2264 4870; x_wconf 84' lang='lat' dir='ltr'><strong>jure</strong></span> <span class='ocrx_word' id='word_1_736' title='bbox 2286 4801 2564 4864; x_wconf 87' lang='lat' dir='ltr'><strong>canonico,</strong></span> <span class='ocrx_word' id='word_1_737' title='bbox 2601 4801 2707 4853; x_wconf 82' lang='lat' dir='ltr'><strong>sive</strong></span> <span class='ocrx_word' id='word_1_738' title='bbox 2734 4798 3000 4867; x_wconf 84' lang='lat' dir='ltr'><strong>Responsa</strong></span> <span class='ocrx_word' id='word_1_739' title='bbox 3036 4811 3146 4860; x_wconf 76' lang='lat' dir='ltr'><strong>sex,</strong></span> <span class='ocrx_word' id='word_1_740' title='bbox 3195 4795 3249 4847; x_wconf 87' lang='lat' dir='ltr'><strong>in</strong></span> <span class='ocrx_word' id='word_1_741' title='bbox 3283 4794 3473 4863; x_wconf 75' lang='lat' dir='ltr'><strong>quibus</strong></span> <span class='ocrx_word' id='word_1_742' title='bbox 3514 4808 3619 4843; x_wconf 84' lang='lat' dir='ltr'><strong>una</strong></span> 
     </span>
    </p>
   </div>
   <div class='ocr_carea' id='block_1_112' title="bbox 2056 4884 3615 4965">
    <p class='ocr_par' dir='ltr' id='par_1_112' title="bbox 2056 4884 3615 4965">
     <span class='ocr_line' id='line_1_112' title="bbox 2056 4884 3615 4965; baseline -0.008 -18"><span class='ocrx_word' id='word_1_743' title='bbox 2056 4894 2366 4965; x_wconf 83' lang='lat' dir='ltr'><strong>proponitur</strong></span> <span class='ocrx_word' id='word_1_744' title='bbox 2415 4891 2668 4945; x_wconf 78' lang='lat' dir='ltr'><strong>Ecclesia:</strong></span> <span class='ocrx_word' id='word_1_745' title='bbox 2716 4891 3003 4959; x_wconf 84' lang='lat' dir='ltr'><strong>utriusque,</strong></span> <span class='ocrx_word' id='word_1_746' title='bbox 3056 4886 3255 4940; x_wconf 69' lang='grc' dir='ltr'><strong>(ἔταττε</strong></span> <span class='ocrx_word' id='word_1_747' title='bbox 3285 4896 3333 4939; x_wconf 86' lang='lat' dir='ltr'><strong>et</strong></span> <span class='ocrx_word' id='word_1_748' title='bbox 3386 4884 3615 4945; x_wconf 70' lang='lat' dir='ltr'><strong>Latium,</strong></span> 
     </span>
    </p>
   </div>
   <div class='ocr_carea' id='block_1_113' title="bbox 2056 4976 3617 5055">
    <p class='ocr_par' dir='ltr' id='par_1_113' title="bbox 2056 4976 3617 5055">
     <span class='ocr_line' id='line_1_113' title="bbox 2056 4976 3617 5055; baseline -0.009 -16"><span class='ocrx_word' id='word_1_749' title='bbox 2056 4984 2366 5055; x_wconf 70' lang='lat' dir='ltr'><strong>suffragium</strong></span> <span class='ocrx_word' id='word_1_750' title='bbox 2404 4982 2467 5036; x_wconf 86' lang='lat' dir='ltr'><strong>de</strong></span> <span class='ocrx_word' id='word_1_751' title='bbox 2494 4983 2582 5043; x_wconf 84' lang='lat' dir='ltr'><strong>iis,</strong></span> <span class='ocrx_word' id='word_1_752' title='bbox 2634 4997 2749 5051; x_wconf 75' lang='lat' dir='ltr'><strong>qua:</strong></span> <span class='ocrx_word' id='word_1_753' title='bbox 2808 4980 3020 5033; x_wconf 86' lang='lat' dir='ltr'><strong>omnino</strong></span> <span class='ocrx_word' id='word_1_754' title='bbox 3076 4976 3445 5043; x_wconf 75' lang='lat' dir='ltr'><strong>prwmittenda</strong></span> <span class='ocrx_word' id='word_1_755' title='bbox 3497 4983 3617 5026; x_wconf 83' lang='lat' dir='ltr'><strong>sunt</strong></span> 
     </span>
    </p>
   </div>
   <div class='ocr_carea' id='block_1_114' title="bbox 2055 5066 3618 5139">
    <p class='ocr_par' dir='ltr' id='par_1_114' title="bbox 2055 5066 3618 5139">
     <span class='ocr_line' id='line_1_114' title="bbox 2055 5066 3618 5139; baseline -0.007 -13"><span class='ocrx_word' id='word_1_756' title='bbox 2055 5072 2322 5126; x_wconf 85' lang='lat' dir='ltr'><strong>ordinibus</strong></span> <span class='ocrx_word' id='word_1_757' title='bbox 2345 5071 2534 5134; x_wconf 83' lang='lat' dir='ltr'><strong>sacris,</strong></span> <span class='ocrx_word' id='word_1_758' title='bbox 2566 5079 2726 5139; x_wconf 85' lang='lat' dir='ltr'><strong>atque</strong></span> <span class='ocrx_word' id='word_1_759' title='bbox 2754 5069 2917 5123; x_wconf 82' lang='lat' dir='ltr'><strong>obiter</strong></span> <span class='ocrx_word' id='word_1_760' title='bbox 2937 5077 2984 5120; x_wconf 88' lang='lat' dir='ltr'><strong>et</strong></span> <span class='ocrx_word' id='word_1_761' title='bbox 3012 5066 3217 5120; x_wconf 64' lang='lat' dir='ltr'><strong>Gracia</strong></span> <span class='ocrx_word' id='word_1_762' title='bbox 3249 5066 3495 5118; x_wconf 81' lang='lat' dir='ltr'><strong>adversus</strong></span> <span class='ocrx_word' id='word_1_763' title='bbox 3531 5082 3618 5117; x_wconf 83' lang='lat' dir='ltr'><strong>ca-</strong></span> 
     </span>
    </p>
   </div>
   <div class='ocr_carea' id='block_1_115' title="bbox 2018 5155 3616 5232">
    <p class='ocr_par' dir='ltr' id='par_1_115' title="bbox 2018 5155 3616 5232">
     <span class='ocr_line' id='line_1_115' title="bbox 2018 5155 3616 5232; baseline -0.007 -13"><span class='ocrx_word' id='word_1_764' title='bbox 2018 5165 2394 5219; x_wconf 87' lang='lat' dir='ltr'><strong>’lumniatores</strong></span> <span class='ocrx_word' id='word_1_765' title='bbox 2446 5163 2767 5232; x_wconf 78' lang='lat' dir='ltr'><strong>defenditur,</strong></span> <span class='ocrx_word' id='word_1_766' title='bbox 2802 5172 2849 5215; x_wconf 90' lang='lat' dir='ltr'><strong>et</strong></span> <span class='ocrx_word' id='word_1_767' title='bbox 2900 5160 3178 5231; x_wconf 66' lang='lat' dir='ltr'><strong>principum</strong></span> <span class='ocrx_word' id='word_1_768' title='bbox 3234 5155 3616 5211; x_wconf 83' lang='lat' dir='ltr'><strong>Photianorum</strong></span> 
     </span>
    </p>
   </div>
   <div class='ocr_carea' id='block_1_116' title="bbox 2051 5249 3616 5327">
    <p class='ocr_par' dir='ltr' id='par_1_116' title="bbox 2051 5249 3616 5327">
     <span class='ocr_line' id='line_1_116' title="bbox 2051 5249 3616 5327; baseline -0.005 -18"><span class='ocrx_word' id='word_1_769' title='bbox 2051 5258 2264 5325; x_wconf 72' lang='lat' dir='ltr'><strong>ineptire</strong></span> <span class='ocrx_word' id='word_1_770' title='bbox 2285 5254 2618 5327; x_wconf 76' lang='lat' dir='ltr'><strong>refelluntur.</strong></span> <span class='ocrx_word' id='word_1_771' title='bbox 2648 5254 2726 5308; x_wconf 85' lang='lat' dir='ltr'><strong>Ibi</strong></span> <span class='ocrx_word' id='word_1_772' title='bbox 2760 5254 3027 5309; x_wconf 87' lang='lat' dir='ltr'><strong>innumeri</strong></span> <span class='ocrx_word' id='word_1_773' title='bbox 3064 5252 3362 5322; x_wconf 88' lang='lat' dir='ltr'><strong>scriptores</strong></span> <span class='ocrx_word' id='word_1_774' title='bbox 3422 5249 3616 5309; x_wconf 81' lang='lat' dir='ltr'><strong>Graeci,</strong></span> 
     </span>
    </p>
   </div>
   <div class='ocr_carea' id='block_1_117' title="bbox 2053 5343 3615 5417">
    <p class='ocr_par' dir='ltr' id='par_1_117' title="bbox 2053 5343 3615 5417">
     <span class='ocr_line' id='line_1_117' title="bbox 2053 5343 3615 5417; baseline -0.006 -16"><span class='ocrx_word' id='word_1_775' title='bbox 2053 5347 2403 5417; x_wconf 86' lang='lat' dir='ltr'><strong>proximioris</strong></span> <span class='ocrx_word' id='word_1_776' title='bbox 2428 5349 2734 5417; x_wconf 59' lang='lat' dir='ltr'><strong>praesertim</strong></span> <span class='ocrx_word' id='word_1_777' title='bbox 2767 5348 2966 5411; x_wconf 61' lang='lat' dir='ltr'><strong>aetatis,</strong></span> <span class='ocrx_word' id='word_1_778' title='bbox 3003 5347 3055 5401; x_wconf 89' lang='lat' dir='ltr'><strong>in</strong></span> <span class='ocrx_word' id='word_1_779' title='bbox 3086 5346 3327 5401; x_wconf 88' lang='lat' dir='ltr'><strong>medium</strong></span> <span class='ocrx_word' id='word_1_780' title='bbox 3365 5343 3615 5400; x_wconf 74' lang='lat' dir='ltr'><strong>falleren-</strong></span> 
     </span>
    </p>
   </div>
   <div class='ocr_carea' id='block_1_118' title="bbox 2053 5432 3619 5512">
    <p class='ocr_par' dir='ltr' id='par_1_118' title="bbox 2053 5432 3619 5512">
     <span class='ocr_line' id='line_1_118' title="bbox 2053 5432 3619 5512; baseline -0.008 -16"><span class='ocrx_word' id='word_1_781' title='bbox 2053 5453 2160 5505; x_wconf 90' lang='lat' dir='ltr'><strong>tur,</strong></span> <span class='ocrx_word' id='word_1_782' title='bbox 2189 5442 2280 5512; x_wconf 89' lang='lat' dir='ltr'><strong>qui</strong></span> <span class='ocrx_word' id='word_1_783' title='bbox 2311 5442 2542 5497; x_wconf 87' lang='lat' dir='ltr'><strong>maxima</strong></span> <span class='ocrx_word' id='word_1_784' title='bbox 2575 5458 2700 5511; x_wconf 89' lang='lat' dir='ltr'><strong>pars</strong></span> <span class='ocrx_word' id='word_1_785' title='bbox 2731 5441 2897 5511; x_wconf 86' lang='lat' dir='ltr'><strong>ignoti</strong></span> <span class='ocrx_word' id='word_1_786' title='bbox 2929 5441 3083 5495; x_wconf 85' lang='lat' dir='ltr'><strong>nobis</strong></span> <span class='ocrx_word' id='word_1_787' title='bbox 3115 5447 3293 5502; x_wconf 88' lang='lat' dir='ltr'><strong>erant,</strong></span> <span class='ocrx_word' id='word_1_788' title='bbox 3328 5446 3388 5490; x_wconf 92' lang='lat' dir='ltr'><strong>ut</strong></span> <span class='ocrx_word' id='word_1_789' title='bbox 3427 5432 3619 5486; x_wconf 73' lang='lat' dir='ltr'><strong>St‘l‘llltl</strong></span> 
     </span>
    </p>
   </div>
   <div class='ocr_carea' id='block_1_119' title="bbox 2052 5526 3616 5604">
    <p class='ocr_par' dir='ltr' id='par_1_119' title="bbox 2052 5526 3616 5604">
     <span class='ocr_line' id='line_1_119' title="bbox 2052 5526 3616 5604; baseline -0.006 -16"><span class='ocrx_word' id='word_1_790' title='bbox 2052 5536 2538 5604; x_wconf 54' lang='lat' dir='ltr'><strong>praestantissimus</strong></span> <span class='ocrx_word' id='word_1_791' title='bbox 2568 5532 2993 5589; x_wconf 78' lang='lat' dir='ltr'><strong>Monsfalconius</strong></span> <span class='ocrx_word' id='word_1_792' title='bbox 3028 5528 3316 5586; x_wconf 80' lang='lat' dir='ltr'><strong>Diar.ItaI.</strong></span> <span class='ocrx_word' id='word_1_793' title='bbox 3352 5541 3473 5594; x_wconf 89' lang='lat' dir='ltr'><strong>cap.</strong></span> <span class='ocrx_word' id='word_1_794' title='bbox 3526 5526 3616 5578; x_wconf 64' lang='grc' dir='ltr'><strong>ξω.</strong></span> 
     </span>
    </p>
   </div>
   <div class='ocr_carea' id='block_1_120' title="bbox 440 5709 2212 5777">
    <p class='ocr_par' dir='ltr' id='par_1_120' title="bbox 440 5709 2212 5777">
     <span class='ocr_line' id='line_1_120' title="bbox 440 5709 2212 5777; baseline 0.001 -16"><span class='ocrx_word' id='word_1_795' title='bbox 440 5710 516 5765; x_wconf 79' lang='lat' dir='ltr'><strong>tl)</strong></span> <span class='ocrx_word' id='word_1_796' title='bbox 543 5709 605 5760; x_wconf 84' lang='lat' dir='ltr'><strong>Et</strong></span> <span class='ocrx_word' id='word_1_797' title='bbox 638 5712 728 5761; x_wconf 77' lang='lat' dir='ltr'><strong>hoc</strong></span> <span class='ocrx_word' id='word_1_798' title='bbox 755 5713 903 5764; x_wconf 86' lang='lat' dir='ltr'><strong>etiam</strong></span> <span class='ocrx_word' id='word_1_799' title='bbox 950 5726 1042 5762; x_wconf 82' lang='lat' dir='ltr'><strong>non</strong></span> <span class='ocrx_word' id='word_1_800' title='bbox 1088 5717 1334 5774; x_wconf 67' lang='lat' dir='ltr'><strong>praestitit,</strong></span> <span class='ocrx_word' id='word_1_801' title='bbox 1385 5715 1514 5776; x_wconf 88' lang='lat' dir='ltr'><strong>quod</strong></span> <span class='ocrx_word' id='word_1_802' title='bbox 1563 5716 1669 5777; x_wconf 81' lang='lat' dir='ltr'><strong>ejus</strong></span> <span class='ocrx_word' id='word_1_803' title='bbox 1695 5714 1803 5764; x_wconf 90' lang='lat' dir='ltr'><strong>loco</strong></span> <span class='ocrx_word' id='word_1_804' title='bbox 1825 5715 2049 5766; x_wconf 87' lang='lat' dir='ltr'><strong>fecimus.</strong></span> <span class='ocrx_word' id='word_1_805' title='bbox 2078 5714 2212 5764; x_wconf 77' lang='lat' dir='ltr'><strong>Eutr.</strong></span> 
     </span>
    </p>
   </div>
  </div>
