4052 6200
382 305 498 353 1m

1663 298 2000 361 JOANNES
2045 296 2354 363 LAMIUS.

3486 309 3619 351 XVI"

376 424 652 473 exaratos.
683 414 846 470 Primi
877 421 1059 469 autem
1122 413 1309 469 titulus
1364 414 1436 467 ita
1474 413 1675 469 habet:
1714 416 1947 485 Χριστσ-
1979 422 2022 473 Α
2052 431 2191 476 mus.
2222 415 2575 485 perscrutari,
2609 415 2805 485 quibus
2858 414 2948 471 ille
2979 413 3303 470 Christianm
3342 412 3622 483 religionis

378 510 569 562 δούλου
629 506 869 578 μοναχοῦ
930 506 1074 561 κατὰ
1127 505 1400 559 Ἰουδαίων
1465 505 1621 575 λόγος
1678 506 1748 561 α’.
1799 505 1953 562 Chri-

377 597 570 652 stoduli
602 597 846 651 monachi
870 594 1118 654 adversus
1173 596 1386 652 Iudaeos
1435 613 1603 651 sermo
1651 592 1702 650 Ι.
1759 594 1954 663 Incipit

380 704 548 744 vero:
583 689 702 742 Οὐκ
751 684 849 741 οἷδ’
886 688 1147 758 ὁπότερον
1201 688 1419 741 κάλλιον
1469 688 1625 758 φαῖεν
1670 688 1735 742 ἄν
1787 703 1953 751 τινες,

381 780 695 851 ἐπιγράψας
738 779 817 849 τῷ
843 779 1071 850 τοιούτῳ
1116 780 1461 851 συντάγματι
1501 782 1642 834 κατὰ
1680 770 1957 834 Ἰουδαίων

390 876 507 943 ἄρα,
530 874 563 942 ἦ
600 871 803 943 μᾶλλον
828 872 968 942 ὑπὲρ
1001 870 1204 937 αὐτῶν,
1242 890 1298 926 κ.
1329 890 1383 928 τ.
1414 871 1463 927 λ.
1497 873 1594 928 Est
1640 873 1695 927 in
1742 873 1850 927 fine
1903 879 1959 926 et

393 967 520 1021 aliud
549 966 820 1036 perbreve
847 963 1195 1034 opusculum,
1229 963 1335 1019 alia
1378 978 1599 1034 quoque
1653 979 1843 1031 manu,
1900 974 1959 1019 ut

390 1058 619 1119 videtur,
649 1055 1006 1126 exscriptum,
1034 1056 1119 1113 cui
1152 1055 1449 1127 praetigitur
1471 1073 1488 1110 :
1510 1056 1768 1127 Δόγματα
1797 1055 1957 1127 ὀρθό-

385 1149 526 1214 Ευξα,
552 1150 696 1219 ἅπερ
726 1148 973 1213 ἐξέθεντο
1020 1150 1071 1203 οι
1113 1150 1260 1219 ἅγιοι
1310 1151 1620 1217 ἀπόστολοι,
1644 1151 1738 1205 καὶ
1762 1153 1962 1215 πάντες

384 1240 432 1291 ot
463 1240 608 1308 ἅγιοι
640 1241 905 1311 Πατέρες,
935 1240 1032 1296 καὶ
1060 1243 1431 1313 οἰκουμενικοὶ
1454 1242 1785 1299 διδάάκαλοι.
1816 1240 1962 1314 Dog-

384 1344 526 1386 mata
572 1333 859 1387 orthodoxa
892 1349 1011 1403 qua:
1041 1344 1390 1404 exposuerunt
1421 1335 1595 1389 sancti
1635 1334 1878 1403 apostoli,
1912 1342 1962 1388 et

385 1442 565 1480 omnes
628 1426 794 1479 sancti
820 1424 1034 1491 Patres,
1089 1434 1138 1481 et
1183 1426 1491 1481 aecumenici
1546 1429 1805 1482 doctores.
1856 1426 1965 1482 lni-

383 1517 524 1578 rium
548 1527 729 1572 autem
769 1516 883 1586 eius
916 1526 1001 1572 cst
1045 1535 1060 1572 :
1111 1516 1448 1588 Πιστεύομεν
1470 1558 1488 1585 ,
1518 1517 1703 1583 καθὼς
1735 1518 1967 1572 ἐϐαπτί-

387 1608 630 1679 σθημεν,
665 1610 743 1671 si;
771 1609 1014 1678 Πατέρα,
1046 1608 1143 1661 καὶ
1196 1607 1326 1661 Υῑὸν
1375 1609 1473 1663 καὶ
1519 1607 1679 1678 ἃγιον
1720 1610 1967 1680 Πνεῦμα,

393 1702 491 1755 τὸν
517 1702 613 1756 ἕνα
644 1700 796 1766 Θεὸν,
824 1718 876 1755 κ.
908 1717 962 1755 τ.
991 1699 1044 1756 λ.
1075 1699 1271 1756 Omnia
1309 1711 1490 1756 tamen
1516 1701 1633 1756 haec
1661 1714 1826 1770 opera
1860 1715 1960 1756 saa-

384 1794 513 1851 culo
547 1809 618 1849 xv
648 1792 926 1863 descripta
951 1806 1079 1848 esse
1127 1792 1405 1858 videnlur,
1450 1793 1548 1848 etsi
1577 1792 1770 1848 nullibi
1798 1792 1952 1859 anni,

390 1886 474 1941 vel
496 1884 782 1955 temporis,
813 1899 923 1955 quo
942 1883 1145 1955 scripta
1173 1884 1418 1949 fuerunt,
1437 1885 1720 1940 adnotatio
1742 1893 1954 1955 pareat.

390 1978 561 2049 Glycse
587 1984 773 2031 autem
798 1975 1059 2047 Epistolas
1082 1989 1295 2043 omnes,
1332 1991 1453 2046 qua:
1482 1976 1586 2031 hoc
1615 1974 1808 2031 codice
1862 1975 1960 2029 had

400 2071 606 2133 bentur,
636 2067 1053 2139 quatuordecim
1088 2075 1295 2123 tantum
1337 2076 1488 2132 sunt,
1518 2081 1747 2137 quarum
1783 2065 1958 2137 prima

406 2158 466 2212 ad
493 2156 752 2213 Joannem
802 2157 1069 2213 Sinaitam
1103 2157 1308 2228 scripta
1336 2167 1443 2224 est,
1492 2168 1656 2229 prout
1683 2158 1737 2212 in
1773 2156 1959 2213 Indice

400 2251 777 2316 Lambeciano,
819 2259 875 2305 et
916 2260 1123 2306 craterae
1172 2251 1338 2306 etiam
1391 2250 1584 2307 eodem
1640 2249 1833 2306 ordine
1887 2264 1953 2305 ac

392 2344 553 2407 serie,
576 2336 680 2413 qua
698 2343 755 2397 in
775 2351 1077 2398 memorato
1098 2343 1277 2399 indice
1322 2342 1765 2415 progrediuntur.
1782 2341 1964 2399 Unum

392 2445 604 2490 tantum
638 2434 909 2507 singulare
956 2434 1120 2491 habet
1162 2435 1255 2491 hic
1305 2443 1499 2504 codex,
1541 2434 1687 2507 quod
1746 2434 1960 2491 numeri

392 2526 682 2583 aduotatio
715 2525 934 2593 iudicat,
962 2540 1081 2581 eam
1127 2526 1415 2598 epistolam
1449 2541 1559 2583 non
1610 2541 1732 2583 esse
1784 2526 1964 2599 Glycte

398 2616 652 2687 primam,
682 2614 1055 2682 sedtertiam;
1087 2614 1163 2671 ita
1198 2622 1257 2670 ut
1285 2623 1477 2686 quarta
1511 2614 1720 2675 decima
1754 2613 1964 2672 decima

393 2723 570 2775 sexta,
602 2722 833 2767 numero
860 2708 1120 2781 ascripto,
1156 2708 1515 2781 significetur.
1573 2709 1844 2767 Caeterum
1879 2716 1967 2766 est

392 2805 686 2861 admodum
712 2811 993 2860 correctus
1034 2810 1089 2858 et
1111 2803 1431 2859 emendatus
1452 2841 1470 2870 ,
1514 2804 1725 2875 integer
1746 2816 1966 2874 quoque

393 2909 449 2953 et
482 2896 761 2970 eleganter
802 2905 1081 2963 exoratus,
1123 2905 1181 2953 ut
1212 2896 1438 2968 plurimi
1496 2895 1787 2955 faciendus
1841 2910 1966 2954 esse

400 2989 670 3045 videatur.

2055 508 2323 577 dogmatis
2348 508 2656 562 censendus
2677 508 2767 571 sit,
2792 508 2933 578 quod
2957 508 3175 578 quidem
3202 514 3268 561 ex
3298 505 3469 576 ipsius
3492 505 3625 558 scri-

2057 601 2166 669 ptis
2185 602 2483 656 crnendum
2511 602 2742 657 videtur.
2764 602 2981 673 Glycam
3006 602 3227 671 quidem
3258 599 3623 653 orthodoxam

2057 694 2195 751 Phil.
2226 693 2470 748 Labbcus
2514 694 2808 749 arbitratur
2834 736 2847 759 ,
2896 694 2990 748 sed
3018 694 3291 749 evidentia
3342 692 3459 761 ipsa
3492 706 3627 743 cono

2060 786 2287 841 trarium
2330 786 2748 841 demonstravit.
2776 786 3073 854 Antiquam
3101 785 3250 838 enim
3280 783 3519 841 schistna
3572 789 3628 833 ct

2062 878 2176 947 ipse
2230 876 2439 942 fovens,
2483 876 2727 946 quaedam
2784 885 2971 930 contra
3018 874 3236 929 Latinos
3299 870 3625 940 composuit.

2061 966 2195 1021 Nam
2248 967 2470 1037 scripsit
2510 965 2746 1033 primum
2803 965 2871 1019 ad
2930 964 3224 1018 Maximum
3270 960 3629 1019 Snzeniotom,

2064 1057 2250 1130 Εἰχρὴ
2281 1059 2571 1129 προσέχειν
2593 1058 2704 1121 τοῖς
2724 1057 2999 1125 λέγουσιν,
3030 1056 3112 1108 ὅτι
3142 1052 3321 1106 λαϐὼν
3350 1053 3377 1104 ὀ
3395 1051 3631 1122 Χριστὸς

2063 1150 2275 1221 ἄζυμον
2301 1151 2358 1204 ὲν
2381 1154 2446 1222 τῇ
2489 1150 2700 1220 ἑσπέρᾳ
2725 1149 2823 1219 τῆς
2858 1148 3101 1217 μεγάλης
3126 1148 3385 1215 ιῖἐμπτης
3415 1145 3487 1207 ὡς
3522 1144 3631 1196 τῶν

2064 1244 2163 1314 τῆς
2193 1243 2386 1314 ἑορτῆς
2411 1242 2504 1295 τοῦ
2534 1243 2742 1311 Πάσχα,
2768 1238 3069 1308 τηνικαῦτα
3090 1238 3248 1309 δῆθεν
3270 1239 3379 1299 τοῖς
3412 1236 3632 1295 οἰκείοις

2067 1337 2126 1389 τὸ
2163 1337 2359 1406 Πάσχα
2397 1334 2667 1388 ἐτέλεσεν·
2704 1333 2787 1386 Au
2844 1332 3133 1387 dicentibus
3167 1330 3535 1384 attendendum
3565 1324 3631 1380 sit

2067 1428 2334 1482 Christum
2359 1442 2567 1494 vespere
2602 1441 2809 1497 magum
2840 1425 2987 1494 feria:
3020 1440 3073 1486 ν,
3122 1439 3237 1476 cum
3264 1422 3475 1475 Pascha
3500 1419 3633 1472 relc-

2069 1520 2329 1585 braretur,
2363 1519 2618 1586 accepisse
2644 1533 2914 1587 azymum,
2957 1526 3003 1569 et
3029 1515 3102 1568 sic
3140 1513 3249 1567 suis
3291 1521 3397 1565 tum
3432 1511 3634 1564 Pascha

2071 1611 2373 1667 tradidisse.
2441 1608 2774 1679 Principium
2825 1618 3005 1661 autem
3058 1614 3181 1660 est:
3248 1601 3307 1656 '0
3352 1604 3478 1673 stth
3526 1604 3635 1653 τῶν

2070 1702 2297 1773 ἀζύμων
2333 1702 2510 1770 λόγος,
2532 1693 2575 1755 ὧ
2600 1699 2722 1753 θεία
2756 1699 2849 1753 καὶ
2880 1696 3004 1768 ιερὰ
3031 1695 3265 1766 κεφαλὴ,
3298 1694 3390 1748 καὶ
3426 1693 3635 1754 πολλοῖς

2058 1794 2282 1866 ἔφθασε.
2312 1791 2545 1864 Scripsit
2576 1791 2772 1847 deinde
2799 1790 2937 1860 napi
2974 1798 3136 1843 τινων
3183 1788 3451 1859 χρήσεων,
3478 1785 3636 1837 ὅτιὲις

2062 1887 2225 1959 μόνου
2257 1884 2352 1940 τοῦ
2400 1882 2631 1952 Πατρδς,
2682 1882 2741 1935 οὐ
2773 1881 2880 1950 μὴν
2904 1880 2960 1933 δὲ
3018 1881 3111 1932 καὶ
3143 1879 3207 1931 ὲκ
3256 1877 3347 1929 τοῦ
3398 1874 3525 1927 Υἱοῦ
3576 1874 3637 1924 τὸ

2062 1976 2286 2047 Πνεῦμα
2321 1975 2384 2029 τδ
2412 1976 2566 2044 ἅγιον
2599 1973 2995 2043 ἐκπορεύεται,
3043 1971 3139 2024 καὶ
3192 1971 3277 2025 ὅτι
3332 1970 3393 2022 οὐ
3441 1968 3635 2020 ταυτὸν

2061 2069 2335 2141 ἀποστολὴ
2356 2070 2451 2122 καὶ
2483 2067 2839 2137 ἐκπόρευσις’
2881 2065 2957 2119 De
3002 2062 3273 2118 nonnullis
3309 2059 3529 2115 Patrum
3563 2070 3637 2112 te-

2063 2163 2346 2225 stimoniis,
2377 2160 2558 2232 quibus
2582 2159 2849 2229 probatur,
2877 2173 2942 2212 ea:
2976 2156 3086 2210 solo
3118 2154 3306 2220 Patre“,
3333 2165 3435 2207 non
3464 2162 3639 2205 autent

2065 2265 2113 2311 et
2144 2272 2206 2310 ea:
2224 2254 2382 2319 Filio,
2418 2252 2675 2321 Spiritum
2701 2258 2943 2305 sanctum
2966 2248 3243 2317 procedere
3266 2263 3283 2302 :
3313 2257 3362 2300 et
3389 2262 3488 2298 non
3528 2260 3639 2298 esse

2063 2348 2200 2404 idem
2232 2346 2533 2402 missionem
2579 2351 2629 2398 et
2670 2342 3073 2413 processiouem.
3119 2338 3476 2409 Principium,
3500 2336 3640 2390 TI'o‘é

2068 2456 2152 2494 σοι
2186 2430 2282 2493 καὶ
2311 2437 2561 2509 περὶτῆς
2600 2436 2843 2508 ἀρρήτου
2872 2434 2967 2487 τοῦ
3000 2431 3271 2501 τιαναγίου
3323 2430 3640 2497 Πνεύματος

2066 2529 2469 2602 ὲκπορεύσεως.
2508 2527 2713 2585 Verum
2749 2537 2929 2583 tamen
2967 2536 3053 2581 est
3111 2534 3234 2581 cum
3266 2539 3367 2596 pro
3431 2523 3641 2577 Latinis

2066 2639 2282 2698 quoque
2312 2632 2497 2680 contra
2544 2637 2670 2680 suos
2697 2621 2917 2679 Graecos
2979 2619 3270 2690 scripsisse
3326 2617 3394 2673 ad
3448 2616 3642 2671 Isaiam

2068 2716 2415 2785 monachum,
2480 2716 2618 2787 Ile-pl
2660 2714 2756 2769 τοῦ
2808 2717 2990 2770 ὁποῖον
3054 2713 3271 2783 ἀπαντᾷ
3318 2712 3472 2775 τέλος
3521 2711 3643 2771 ταῖς

2067 2803 2267 2877 ψυχαῖς
2296 2802 2699 2877 χωριζομέναις
2745 2802 2841 2858 τοῦ
2879 2802 3154 2873 σώματος,
3182 2802 3276 2855 καὶ
3315 2801 3451 2854 ὅπου
3481 2790 3644 2853 αῦταὶ

2068 2895 2426 2967 ἀπέρχονται.
2453 2893 2591 2961 Quid
2620 2895 2688 2950 sit
2721 2893 2787 2950 de
2818 2894 3118 2956 animabus.
3141 2904 3421 2963 postquam
3454 2893 3643 2962 fuerint

2071 3006 2105 3044 α
2135 3002 2349 3057 corpore
2371 2995 2651 3058 separate,
2685 2967 2735 3040 et
2762 3001 2864 3057 quo
2896 2987 3005 3041 illa
3028 2988 3263 3042 abeant?
3290 2985 3645 3054 Principium,

480 3080 591 3136 Sed
622 3083 730 3154 iam
772 3082 825 3139 in
853 3083 960 3143 alia
990 3081 1166 3155 Glycse
1194 3096 1359 3154 opera
1396 3080 1756 3154 inquiramus,
1790 3080 1965 3153 deque

2072 3080 2182 3137 Καὶ
2204 3080 2334 3152 περὶ
2354 3080 2465 3136 τῶν
2501 3079 2599 3150 μὲν
2619 3078 2865 3146 δικαίων,
2897 3078 2955 3131 τί
2981 3079 3088 3150 χρὴ
3122 3082 3219 3133 καὶ
3250 3078 3455 3147 λέγειν.
3505 3076 3645 3129 lnibi

408 3170 477 3227 iis
511 3171 811 3242 loquentem
838 3174 1126 3230 audiamus
1170 3174 1298 3231 Cas.
1328 3174 1601 3230 Oudinum
1663 3173 1721 3229 in
1759 3172 1967 3246 Glyca:

406 3256 559 3320 Inter
581 3281 704 3319 mss.
738 3267 960 3333 codices,
994 3265 1191 3337 inquit,
1232 3265 1535 3323 Bodleiana:
1562 3266 1827 3323 Oxouiiin
1864 3264 1972 3320 An-

398 3356 506 3424 glia
528 3354 850 3411 bibliotheca:
878 3356 993 3412 cod.
1021 3355 1145 3423 που,
1180 3357 1234 3410 in
1264 3372 1387 3412 mss.
1420 3356 1681 3411 codicibus
1704 3355 1972 3413 Guiltelmi

401 3444 571 3499 Laudi
598 3446 707 3500 litt.
732 3462 779 3499 c.
803 3447 923 3502 coit.
941 3446 1030 3513 77,
1062 3446 1241 3504 erce
1264 3453 1474 3502 exstant
1495 3446 1768 3502 Michaelis
1799 3444 1972 3517 δινσιε

407 3552 662 3591 sermones
698 3538 834 3593 varii
854 3554 874 3593 :
903 3548 953 3594 et
990 3540 1179 3595 ibidem
1213 3541 1329 3596 cod.
1363 3541 1467 3597 725
1496 3542 1552 3596 in
1597 3540 1970 3611 manuscriptis

414 3630 661 3685 codicibus
682 3631 915 3701 ejusdem
932 3631 1121 3687 ibidem
1144 3633 1259 3687 cod.
1278 3633 1367 3701 91»,
1388 3648 1441 3686 n.
1465 3632 1521 3701 Ξ,
1542 3641 1711 3688 exstat
1738 3632 1972 3687 Michae-

409 3721 470 3775 lis
492 3720 670 3793 (κνοω
689 3732 981 3800 tractatus,
999 3725 1089 3795 qui
1117 3724 1172 3778 iu
1193 3726 1343 3779 varia
1371 3726 1550 3794 capita
1573 3724 1827 3779 diuiditur
1849 3734 1968 3791 etc.,

403 3812 491 3880 qui
538 3811 671 3867 liber
704 3827 848 3866 anno
876 3827 997 3868 terte
1042 3812 1360 3869 Cra-conicae
1410 3813 1551 3871 6978
1601 3814 1826 3883 scriptus
1866 3830 1975 3870 esse

401 3902 615 3967 dicitur,
656 3904 758 3957 hoc
789 3910 887 3968 est,
914 3918 1054 3957 anno
1082 3903 1278 3960 Christi
1303 3904 1417 3959 uati
1450 3904 1607 3960 1470.
1645 3904 1883 3973 Denique
1917 3906 1974 3959 iu

401 3992 643 4063 catalogo
690 3992 1018 4048 bibliothecae
1069 3992 1388 4065 Marquardi
1430 3996 1623 4063 Gudii,
1682 3996 1771 4066 qui
1817 3996 1974 4067 regite

402 4083 892 4153 majestatisDanite
907 4087 1241 4145 consiliarius
1257 4089 1355 4159 fuit
1382 4089 1437 4143 in
1458 4104 1700 4159 supremo
1719 4087 1973 4143 tribunali

410 4177 624 4230 ducatus
658 4175 1025 4246 Sleswiceusis,
1065 4196 1207 4235 anno
1242 4180 1379 4236 1706
1423 4179 1628 4235 Kilonii
1655 4180 1793 4234 edito
1823 4180 1880 4237 in
1912 4180 1970 4245 4,

412 4268 558 4335 apud
583 4267 920 4326 Bartholdum
943 4270 1284 4339 Reutherum,
1325 4289 1448 4344 pag.
1481 4273 1607 4338 533,
1661 4273 1796 4328 inter
1841 4289 1967 4331 mss.

406 4359 612 4416 codices
634 4361 833 4420 Grccos
858 4365 916 4420 in
946 4366 1000 4432 4,
1032 4365 1150 4421 cod.
1185 4366 1277 4431 50,
1317 4364 1593 4423 Michaelis
1628 4365 1803 4437 οἶμαι
1854 4383 1971 4421 ser~

2075 3174 2271 3247 probat
2301 3171 2733 3229 luculentissima
2767 3170 2825 3227 in
2855 3170 3053 3228 omium
3090 3182 3182 3225 eas
3215 3169 3418 3224 deferri
3445 3210 3459 3236 ,
3489 3168 3644 3223 ideo-

2074 3283 2182 3339 que
2216 3273 2515 3339 prteseutes
2543 3264 2712 3322 Deum
2749 3264 3041 3319 manifeste
3092 3261 3317 3328 intueri,
3343 3272 3509 3332 atque
3570 3262 3646 3315 ita

2076 3370 2291 3417 summa
2315 3354 2577 3414 beatitate
2628 3355 2910 3428 gaudere:
2952 3364 3012 3411 ut
3038 3354 3170 3410 hinc
3213 3364 3410 3425 arguas
3456 3366 3647 3408 omnes

2075 3452 2386 3510 Grarcorum
2411 3463 2649 3514 errores,
2678 3448 2813 3518 ipsis
2841 3448 3007 3503 etiam
3031 3446 3257 3513 Graecis,
3282 3445 3376 3515 qui
3409 3445 3647 3500 scliisnia

2075 3544 2350 3608 foverunt,
2399 3557 2511 3598 non
2548 3541 2741 3597 eodem
2804 3540 2924 3597 loco
2962 3539 3153 3596 fuisse.
3189 3537 3291 3594 Hic
3338 3549 3647 3610 postremus

2076 3649 2258 3695 sermo
2297 3634 2526 3692 decimae
2550 3644 2758 3690 octava
2800 3631 3046 3704 epistolae
3102 3631 3285 3685 locum
3325 3629 3538 3685 obtinet
3594 3630 3645 3681 in

2074 3729 2260 3786 Indice
2285 3726 2673 3794 Lambeciano,
2704 3740 2865 3796 aqua
2915 3738 3028 3780 non
3079 3722 3311 3778 multum
3365 3722 3649 3777 dissimilis

2075 3819 2382 3893 argumenti
2419 3817 2636 3875 videtur
2659 3832 2779 3874 esse
2805 3832 2892 3881 ea,
2942 3831 3063 3887 qua:
3103 3817 3377 3887 sequitur,
3418 3817 3649 3870 undevi-

2075 3913 2302 3980 cesima,
2331 3911 2514 3969 eidem
2561 3910 2832 3967 monacho
2872 3909 3095 3979 scripta.
3151 3909 3257 3963 Alii
3297 3918 3481 3963 autem
3539 3910 3649 3962 duo

2077 4014 2343 4061 tractatus
2368 4005 2636 4060 adversus
2658 4000 2883 4057 Latinos
2919 4009 3049 4055 sunt
3077 3999 3338 4055 vicesima
3392 4000 3645 4069 septima,

2075 4107 2132 4153 et
2155 4095 2638 4161 dubdetricesima,
2671 4093 2917 4167 epistola:
2978 4092 3033 4147 in
3082 4091 3265 4148 Indice
3327 4100 3646 4153 mentorum,

2072 4202 2236 4263 quem
2265 4184 2673 4257 postepistolas
2703 4184 2772 4238 ad
2802 4182 2987 4253 operis
3010 4182 3238 4247 calcem,
3272 4191 3328 4241 ut
3361 4182 3471 4252 jam
3503 4183 3648 4236 dixi-

2073 4295 2219 4345 mus,
2270 4292 2397 4335 cum
2440 4275 2560 4334 aliis
2623 4273 2948 4348 fragmentis
2976 4312 2994 4341 ,
3047 4274 3374 4345 tempestive
3423 4275 3645 4331 exhibe-

2074 4376 2275 4433 bimus.

403 4470 611 4520 mones,
644 4457 914 4514 chus-taceo
958 4459 1135 4513 codice
1183 4458 1332 4515 bona:
1378 4468 1537 4527 notte,
1587 4476 1738 4531 quem
1781 4452 1968 4514 titulus
2000 4447 2047 4504 ι)
2138 4454 2265 4525 Jam
2292 4481 2424 4525 νει-ο
2459 4464 2595 4538 quid
2625 4465 2694 4521 de
2720 4465 2898 4538 Glycge
2937 4466 3269 4532 eruditione,
3297 4456 3535 4538 judicio,
3560 4465 3643 4518 ἀί.

400 4544 716 4613 σοφώτατον
769 4550 866 4603 καὶ
903 4550 1233 4619 λογιώτατον
1268 4552 1478 4619 laudat,
1537 4553 1625 4608 ubi
1659 4562 1969 4624 argumenta

397 4651 697 4691 sermonum
760 4649 1096 4695 recensentur
1152 4644 1479 4711 summatim,
1518 4644 1737 4715 singulis
1772 4661 1863 4714 per
1885 4661 1973 4699 or-

399 4729 577 4783 dinem
616 4732 760 4797 operi
782 4732 1083 4800 pramissis.
1122 4734 1245 4791 Haec
1284 4738 1501 4807 quidem
1532 4736 1646 4792 ille.
1686 4737 1794 4794 Sed
1855 4739 1971 4794 haec

400 4819 516 4877 fere
537 4822 723 4876 omnia
763 4823 839 4877 nil
873 4823 1021 4878 aliud
1045 4825 1174 4879 mihi
1208 4842 1326 4881 esse
1352 4827 1627 4898 videntur,
1658 4844 1816 4901 quam
1845 4830 1972 4901 ipsa:

402 4910 577 4981 Glycm
647 4913 934 4983 Epistulae,
986 4931 1107 4986 quae
1160 4917 1346 4985 Λόγοι,
1369 4917 1644 4977 Sermones
1696 4920 1970 4976 interdum

406 5003 800 5074 inscribuntur,
834 5018 894 5063 ut
932 5010 1154 5080 quidem
1213 5010 1511 5082 aliquando
1560 5011 1620 5067 fit
1672 5011 1726 5066 in
1778 5011 1971 5068 codice

411 5092 783 5153 Riccardiano.
817 5098 961 5156 Guil.
987 5102 1206 5171 quidem
1234 5102 1448 5159 Caveus
1478 5103 1532 5158 in
1551 5119 1646 5160 sua
1673 5102 1966 5159 Litteraria

417 5188 710 5256 scriptorum
744 5191 1219 5248 ecclesiasticarum
1277 5194 1514 5250 Historia
1538 5196 1802 5268 scriptum
1834 5196 1969 5252 reli-

410 5280 538 5348 quit,
564 5282 759 5337 codice
785 5285 1161 5357 pbiIOSOphico
1194 5287 1294 5343 105
1320 5289 1664 5346 bibliothecae
1688 5291 1969 5356 Ctesarete,

408 5376 662 5431 nonnulla
695 5375 872 5447 Glycae
900 5380 1075 5451 capita
1105 5380 1476 5452 philosophica
1510 5386 1781 5440 asservari
1808 5364 1822 5441 ξ
1876 5388 1971 5443 sed

407 5466 514 5533 eius
536 5468 799 5524 inimicus
820 5479 876 5526 et
892 5473 1191 5529 insectator
1208 5475 1531 5543 acerrimus,
1553 5462 1677 5533 Cas.
1704 5477 1970 5546 Oudiuus,

408 5557 454 5611 ul
484 5558 604 5615 falsi
634 5561 819 5634 arguit
872 5562 1227 5638 afﬁrmatque,
1264 5582 1386 5624 cum
1416 5570 1799 5636 consuluisset,
1835 5573 1970 5628 nihil

407 5663 464 5706 se
500 5654 604 5710 tale
635 5657 911 5727 reperisse

474 5742 593 5801 tam
626 5756 865 5823 tempus,
904 5766 1055 5828 cum‘
1088 5757 1155 5812 de
1184 5756 1360 5825 Glycze
1409 5758 1626 5824 scriptis
1655 5759 1763 5817 late
1796 5760 1971 5829 egeri-

2074 4560 2293 4632 ligentla
2329 4569 2387 4615 et
2443 4557 2800 4630 opinionibus
2854 4558 3146 4617 dicendum
3199 4566 3253 4614 et
3293 4559 3643 4615 sentiendum

2074 4654 2164 4721 sit,
2184 4652 2335 4718 alibi,
2363 4652 2493 4715 licet
2515 4651 2886 4725 perfunctorie
2903 4660 2958 4708 et
2983 4651 3181 4719 obiter,
3204 4651 3613 4708 enuntiavimns
3632 4694 3646 4717 ,

2074 4761 2242 4817 quare
2272 4745 2387 4801 haec
2422 4745 2477 4800 in
2504 4744 2790 4815 prmsentia
2818 4744 3068 4814 pluribus
3097 4743 3356 4799 diducere
3391 4758 3491 4814 pro
3517 4744 3645 4797 inu—

2079 4838 2155 4894 tili
2206 4852 2272 4895 ac
2322 4851 2729 4910 supervacaneo
2777 4836 2967 4893 haberi
3030 4845 3233 4908 posset.
3284 4836 3381 4893 llic
3436 4844 3646 4892 tantum

2076 4931 2348 4989 ascribere
2391 4946 2423 4986 e
2450 4945 2511 4987 re
2555 4929 2675 4987 fore
2707 4930 2945 4985 arbitror
2992 4930 3303 5001 catalogum
3335 4939 3648 4993 auctorum,

2075 5023 2167 5096 qui
2195 5022 2248 5078 in
2276 5022 2453 5095 Glycat
2478 5022 2770 5093 operibus,
2800 5037 2922 5078 cum
2953 5021 3235 5093 Epistolis,
3263 5031 3374 5077 tum
3422 5021 3650 5076 Annali-

2075 5114 2198 5182 bus,
2227 5116 2485 5184 citantur,
2524 5122 2580 5171 et
2606 5130 2675 5170 ex
2725 5114 2924 5185 quibus
2973 5112 3161 5170 omnia
3218 5128 3314 5169 sua
3363 5112 3646 5183 collegisse

2079 5208 2380 5277 compilans
2406 5206 2498 5264 ille
2519 5207 2756 5274 videtur,

2149 5297 2428 5369 Floriferis
2468 5307 2524 5351 ut
2556 5315 2677 5366 apes
2702 5300 2756 5353 iu
2780 5299 2999 5354 saltibus
3031 5299 3208 5353 omnia
3245 5299 3432 5354 libant.

2148 5391 2304 5447 llunc
2328 5393 2547 5462 quidem
2574 5403 2770 5463 praeter
2787 5394 3004 5449 brevem
3040 5393 3189 5449 illum
3212 5403 3522 5450 auctorum,
3554 5391 3646 5457 qui

2078 5485 2133 5541 in
2164 5484 2416 5556 Epistolis
2442 5485 2757 5553 laudantur,
2788 5502 2946 5555 quem
2971 5489 3131 5556 paulo
3158 5484 3408 5554 superius
3440 5480 3617 5535 desert

2077 5576 2308 5646 psitnus,
2341 5576 2431 5630 alii
2462 5592 2680 5647 quoque
2706 5577 3107 5632 concinnarunt
3132 5592 3146 5638 ;
3176 5575 3293 5637 sed,
3332 5586 3492 5641 quem
3528 5570 3647 5639 ipse

2075 5668 2357 5735 contexui,
2385 5670 2747 5741 copiosiorem
2771 5670 3269 5736 absolutioremque
3290 5680 3410 5721 esse
3436 5663 3645 5719 inﬁcia-

2073 5761 2222 5819 bitur
2257 5778 2443 5823 nemo.
