4052 6200
262 355 358 394 XVI

1558 342 1750 401 JUAN
1766 343 1807 402 Ν
1823 343 1910 400 ES
1952 343 2264 404 LAMIUS.

3413 355 3527 398 κιιιι

257 457 504 526 alicujus
540 469 662 510 esse
691 470 799 508 non
829 451 1128 524 poterunt?
1151 456 1482 524 Argumenta
1512 468 1572 512 ιιι
1603 459 1655 512 id
1689 462 1836 512 evin-
1871 469 1916 518 Α
1946 461 2186 528 ipsorum
2228 463 2410 532 lingua
2445 464 2750 530 absolvere,
2782 475 2840 520 ut
2873 464 3066 522 scribit
3099 463 3392 529 Baronius,
3418 465 3523 516 An-

259 561 422 606 catur
447 549 649 607 all'erre
682 562 908 602 necesse
939 557 1040 601 est.
1097 546 1202 601 Pro
1232 547 1393 619 Glyca
1427 561 1533 604 stat
1593 552 1843 606 codicum

263 656 401 697 mss.
460 640 785 706 inscriptio;
841 648 948 693 stat
987 640 1134 707 quod
1187 639 1403 709 illarum
1476 641 1846 712 Epistolarum

263 735 454 803 plures
485 731 609 797 ejus
655 745 870 797 quoque
915 730 1214 784 Annalibus
1257 732 1480 786 totidetn
1530 734 1708 788 verbis
1759 734 1846 787 itt-

269 835 428 878 serta:
454 833 614 886 sunt;
649 829 758 875 stat
793 822 933 874 idem
967 821 1160 892 stylns,
1186 823 1374 876 eadem
1399 824 1846 891 Scriptionisma-

280 917 461 976 teries,
481 915 668 968 eadem
688 913 1062 982 diSpositionis
1091 925 1143 967 et
1174 913 1608 968 ratiocinationis
1639 917 1849 968 metho-

286 1004 403 1056 dus.
438 1004 560 1068 Quae
596 1000 818 1070 quidem
846 1002 1027 1054 omnia
1059 1002 1220 1055 simul
1264 1002 1490 1055 collecta
1521 1011 1576 1056 et
1607 1017 1846 1071 expensa

275 1089 566 1159 pmvalere
595 1090 850 1142 videntur
877 1091 1080 1157 jejunae
1116 1091 1192 1143 illi
1225 1091 1550 1144 dubitationi
1581 1107 1596 1146 :
1629 1091 1766 1156 Quid
1802 1091 1847 1145 si

272 1179 530 1248 Epistola:
563 1180 679 1232 mist
699 1182 817 1233 clla:
849 1182 1019 1236 sunt?
1049 1180 1202 1247 Quod
1231 1183 1275 1237 si
1303 1181 1481 1253 Glycae
1528 1183 1696 1237 dictio
1746 1183 1850 1236 ele-

268 1287 404 1342 gans
455 1281 511 1324 et
559 1270 748 1325 ﬂorida
787 1281 890 1338 est,
941 1287 1052 1326 non
1101 1273 1226 1327 ideo
1273 1274 1474 1328 szeculo
1550 1289 1617 1326 xv
1667 1275 1848 1328 minus

265 1364 564 1432 congruit,
611 1379 718 1432 quo
759 1363 1103 1433 exploratum
1157 1365 1461 1427 habemus,
1514 1365 1846 1428 PlethOnes,

265 1456 630 1511 Bessariones
655 1496 669 1521 ,
713 1456 1110 1527 Trapezuntios
1131 1501 1146 1522 ,
1194 1455 1368 1512 Gazas
1389 1499 1405 1524 ,
1449 1457 1846 1528 Argyropylos,

231 1549 560 1660 ‘Lascares,
585 1548 1064 1621 Chalcocondylas,
1086 1551 1357 1618 Musuros,
1381 1559 1437 1604 et
1465 1549 1684 1605 Graecos
1710 1551 1848 1605 alios

265 1648 564 1660 μηνί---.ιλιι
591 1637 965 1660 λε---ιξ,.-ε-,ς--
1027 1655 1211 1660 __.._-..-
1241 1639 1561 1660 -I.,_-___-.!_
1604 1648 1820 1660 -..---ι.ι-

227 1637 565 1730 ξςωιςθιιιος
585 1637 988 1701 disertissimos,
1022 1655 1214 1694 omnes
1237 1639 1564 1709 eloquentia:
1585 1648 1843 1704 ornatus,

266 1736 322 1780 et
356 1726 615 1780 dictionis
646 1727 916 1795 phaleras,
976 1729 1297 1797 copiamque
1329 1729 1576 1793 uberem,
1626 1730 1679 1781 iu
1729 1732 1844 1783 suis

268 1817 712 1871 instructissimis
732 1821 1140 1873 commentariis
1162 1829 1216 1874 et
1238 1821 1490 1890 epistolis
1512 1821 1851 1878 exhibuisse.

267 1907 408 1972 Quit
441 1917 620 1962 autent
653 1909 858 1963 habent
887 1910 975 1962 alii
1003 1909 1070 1963 de
1109 1911 1288 1980 (ilyrze
1320 1921 1480 1966 :ntate
1520 1913 1678 1966 aliter
1724 1928 1850 1967 sen-

278 1999 494 2060 tientes,
523 2015 634 2068 quo
662 2015 819 2054 suam
850 2000 1166 2070 opinionem
1198 2003 1468 2058 Inlciant?
1496 2003 1634 2057 Illud
1680 2018 1846 2057 unum

281 2090 442 2142 nimis
471 2091 744 2144 incertum
774 2099 829 2143 et
856 2091 1038 2150 fallax.
1077 2091 1298 2162 Clycam
1331 2107 1461 2148 suos
1489 2092 1731 2148 Annales
1777 2093 1848 2147 ad

286 2183 530 2234 saxulum
575 2197 650 2234 xu
711 2189 922 2235 tantum
986 2183 1302 2240 deduxisse.
1360 2184 1526 2241 Multa
1580 2187 1634 2240 in
1685 2202 1849 2242 causa

275 2287 391 2328 esse
421 2281 665 2342 potuere,
694 2287 793 2325 cur
821 2274 1049 2328 ulterius
1070 2275 1304 2330 Amiales
1326 2275 1520 2346 Glycas
1581 2280 1848 2348 non’pro-

268 2363 516 2426 duceret,
549 2375 609 2418 ut
637 2364 765 2420 alibi
800 2367 1244 2431 observavimus;
1270 2380 1326 2422 et
1371 2368 1632 2422 lectorem
1665 2384 1850 2424 exem-

265 2455 370 2523 plis
431 2456 669 2510 obruere
719 2471 953 2526 possem,
1003 2453 1108 2511 nisi
1168 2458 1424 2513 brevitati
1467 2462 1842 2523 consulerem,

263 2564 492 2611 eorum,
521 2549 615 2617 qui
647 2547 770 2602 licet
800 2550 979 2603 serius
1024 2551 1278 2615 vixerint,
1333 2563 1617 2622 susceptas
1666 2563 1846 2607 tamen

265 2643 536 2698 historias
567 2644 632 2698 ad
663 2660 815 2699 suam
845 2661 1019 2714 usque
1065 2656 1277 2701 atatem
1321 2663 1432 2701 non
1482 2647 1843 2701 deduxerunt.

276 2734 340 2788 Iit
375 2735 497 2788 lucc
535 2735 781 2803 quidem,
807 2735 1145 2805 coniecturis
1173 2736 1634 2804 probabilioribns
1667 2736 1848 2789 indul-

269 2841 443 2896 gens;
505 2842 631 2880 cum
684 2836 864 2882 tamen
902 2827 1121 2896 plurimi
1151 2827 1346 2882 faciant
1383 2827 1449 2882 de
1482 2827 1660 2900 Glycte
1687 2837 1849 2882 {etate

270 2918 696 2983 dubitationem,
732 2935 838 2988 qua
864 2919 948 2972 vir
979 2917 1329 2974 doctissimus
1361 2933 1516 2989 mque
1547 2935 1610 2974 ac
1632 2920 1848 2974 amicis-

271 3009 448 3063 simus
481 3025 539 3062 se
570 3010 624 3062 in
656 3025 716 3064 ea
749 3009 982 3064 traducit
1021 3011 1356 3081 ambiguum.
1418 3009 1534 3064 Non
1591 3021 1777 3066 tamen
1819 3027 1848 3066 a

269 3099 490 3154 Boiviui
521 3099 784 3155 sententia
809 3101 970 3172 longe
1015 3101 1329 3158 recesserint
1361 3103 1411 3156 in
1446 3118 1511 3158 eo
1546 3103 1690 3173 quod
1724 3101 1852 3172 σιν.
1877 3141 1923 3203 C

266 3209 392 3246 cam
419 3192 765 3262 Byzantinuui
796 3203 951 3264 putet
975 3210 990 3257 ;
1024 3209 1053 3247 a
1079 3209 1166 3249 me
1195 3195 1340 3248 enim
1361 3195 1472 3264 jam
1501 3194 1846 3248 animadver-

268 3304 389 3342 sum
431 3287 536 3340 l’uit
565 3285 911 3357 Glycetarum
943 3286 1203 3340 familiam
1245 3287 1408 3341 etiam
1454 3287 1846 3342 Lonstautino-

271 3381 378 3449 poli
439 3380 640 3446 (nise,
693 3391 747 3434 et
789 3378 1053 3433 Joannem
1099 3377 1326 3449 Glycyn,
1371 3395 1468 3432 seu
1514 3378 1739 3450 Glycan.
1790 3388 1848 3434 ut

272 3471 595 3525 Dniresnius
617 3471 870 3540 appellat,
899 3471 1261 3540 patriarcham
1285 3469 1390 3525 (ΞΡ.
1413 3470 1676 3528 claruisse
1701 3487 1847 3524 anno

283 3563 424 3619 ιδιϋ.
451 3565 614 3626 Item,-
654 3564 842 3617 Dauiel
872 3563 1067 3634 Glycyl
1103 3579 1245 3618 unus
1273 3573 1356 3618 est
1387 3579 1450 3618 ex
1485 3566 1572 3623 i’s.
1614 3563 1678 3618 ad
1709 3579 1847 3632 quos

278 3655 551 3726 Georgius,
590 3671 687 3708 seu
731 3654 1020 3726 Gregorius
1057 3655 1290 3727 Cyprius
1347 3657 1654 3727 patriarcha
1710 3655 1842 3718 CP.,

269 3748 356 3814 qui
381 3763 528 3802 anno
568 3746 706 3801 I285
757 3748 1004 3813 ﬂorebat,
1034 3751 1242 3815 scribit,
1284 3759 1341 3802 ut
1387 3750 1531 3820 apud
1593 3749 1656 3803 L.
1703 3749 1846 3804 Alla-

269 3841 401 3890 tium
445 3839 516 3891 De
553 3837 801 3908 Georgii:
858 3841 1042 3895 videre
1094 3849 1195 3907 est,
1247 3850 1303 3895 et
1347 3856 1416 3896 ex
1463 3841 1652 3896 eadem
1705 3841 1844 3893 forte

269 3929 473 3981 Iatuilia
506 3939 570 3982 ac
603 3929 848 3984 Joannes
895 3931 1018 3986 fuit.
1057 3934 1125 3984 At
1162 3949 1270 3987 non
1307 3939 1573 4002 repugnat
1623 3931 1842 4000 Glycam

267 4029 515 4070 nostrum
546 4019 759 4089 origine
785 4019 1447 4091 Constantinopolitanum
1478 4021 1668 4083 fuisse,
1690 4021 1842 4073 inco-

269 4112 385 4163 latu
423 4110 853 4187 vero’Siculutn,
892 4115 1164 4184 praecipue
1193 4115 1237 4167 si
1276 4115 1578 4168 monachus
1612 4121 1749 4173 eral.
1785 4123 1844 4167 nt

271 4199 558 4256 Fabricius
599 4204 918 4259 arbitratur.
953 4203 1107 4257 Patet
1135 4204 1280 4258 enim
1342 4206 1378 4256 S
1400 4195 1578 4257 czliam
1607 4214 1660 4258 et
1687 4203 1843 4257 Cala-

267 4290 450 4344 briam
478 4289 674 4346 Griecis
701 4292 1096 4346 Basilianorum
1133 4295 1527 4347 monachorum
1571 4291 1839 4346 ccenobiis

270 4383 504 4435 rrlenas
537 4383 721 4445 fuisse,
753 4393 808 4438 et
849 4385 903 4436 in
933 4383 998 4437 iis
1021 4400 1128 4435 non
1159 4385 1274 4436 Itali
1334 4393 1573 4446 tantum,
1641 4383 1737 4436 sed
1787 4392 1842 4435 et

1957 550 2158 605 nalium
2197 569 2397 622 parens
2423 557 2922 611 ciiiinentissimns.
2963 555 3118 622 Quod
3153 555 3373 623 quidem
3407 569 3531 614 suc-

1954 641 2280 697 Cedentibus
2308 645 2640 713 temporibus
2672 661 2843 714 usque
2863 647 2928 700 ad
2962 661 3116 698 suam
3142 653 3386 706 :etatem,
3425 644 3530 698 hoc

1953 743 2061 798 est,
2092 750 2261 804 usque
2294 736 2360 790 ad
2386 752 2588 790 annum
2624 738 2758 792 1640
2811 748 2867 791 et
2891 737 3034 806 quod
3057 736 3322 801 excurrit,
3347 751 3534 789 scrva-

1957 835 2070 878 tum
2099 842 2219 882 esse
2269 836 2499 882 testatur
2543 827 2762 882 Rochus
2791 829 3046 898 Pyrrhus,
3078 829 3253 882 Netini
3282 828 3526 882 euanaliii

1957 915 2214 970 Basiliani
2271 919 2458 983 abbas,
2509 919 2764 975 laudatus
2807 921 2968 974 notit.
3018 921 3040 972 I
3099 919 3223 972 libri
3279 937 3353 980 tv,
3407 934 3531 971 cum

1955 1021 2063 1074 quo
2112 1009 2299 1062 nescio
2350 1011 2624 1078 quomodo
2671 1011 2964 1065 conciliare
3021 1010 3530 1079 pt':cs_tatttissimtttit

1958 1099 2519 1165 Montetnfalconiutu,
2570 1103 2664 1170 qui
2702 1118 2826 1170 cap.
2862 1102 2931 1174 _l5
2979 1102 3152 1156 Dtarii
3187 1101 3366 1154 Italici
3397 1101 3534 1154 scri-

1959 1189 2056 1252 bit,
2085 1191 2137 1242 in
2171 1189 2442 1255 Calabria,
2471 1201 2527 1246 et
2560 1191 2682 1244 aliis
2713 1191 3058 1260 Neapolitani
3096 1191 3251 1259 regni
3290 1190 3532 1260 regioni-

1959 1282 2083 1340 bus,
2110 1293 2274 1350 atque
2306 1282 2358 1335 in
2388 1283 2595 1347 Sicilia,
2620 1281 3040 1352 linguaeGr-azcae
3060 1281 3114 1334 in
3139 1279 3534 1334 ecclesiasticis

1959 1375 2152 1428 olliciis
2192 1390 2349 1428 usum
2405 1375 2598 1434 fuisse,
2642 1374 2814 1428 donec
2862 1371 3052 1427 Sixtus
3103 1370 3170 1426 IV
3225 1372 3417 1431 vetuit,
3466 1385 3536 1422 ne

1956 1469 2080 1538 quis
2105 1465 2206 1518 nisi
2239 1465 2432 1519 Latine
2496 1464 2680 1517 ditiua
2745 1462 2927 1516 ofﬁcia
2986 1460 3369 1530 persolveret;
3426 1457 3534 1512 nisi

1955 1559 2198 1610 dicamus
2248 1554 2388 1607 Sixti
2441 1552 2508 1606 IV
2569 1554 2806 1607 edictum
2881 1553 2946 1605 ad
3006 1549 3308 1604 monachos
3371 1551 3533 1602 etiam

1959 1647 2258 1700 Basilianos
2328 1655 2611 1699 extensum
2675 1660 2786 1698 non
2879 1643 3078 1708 fuisse,
3163 1642 3258 1696 sed
3325 1652 3536 1695 tantum

1960 1733 2189 1787 clericos
2218 1732 2525 1794 saeculares,
2572 1733 2813 1801 aliosque
2845 1733 3074 1784 aliorum
3117 1731 3375 1785 ordinum
3422 1746 3536 1782 mo-

1889 1818 1925 1870 B
1958 1823 2164 1876 nachos
2196 1822 2522 1889 respexisse.
2563 1823 2624 1875 Et
2675 1823 2898 1890 quidem
2931 1819 3019 1874 Jo.
3057 1819 3406 1874 Mabillonius
3430 1818 3532 1872 Iti-

1954 1929 2076 1965 nere
2111 1911 2302 1965 Italico
2337 1913 2502 1965 tradit
2538 1912 2838 1966 monachos
2879 1911 3116 1965 ca‘nobii
3159 1909 3375 1980 Cryptze
3405 1907 3536 1962 Fer-

1955 2009 2104 2061 rataa,
2133 1997 2458 2052 duodecimo
2487 1997 2554 2052 ab
2584 1999 2719 2051 urbe
2753 1997 2932 2065 lapide
2983 1997 3261 2060 distantis,
3315 1995 3532 2048 missam

1953 2090 2138 2144 Grmce
2167 2090 2470 2153 celebrare,
2503 2090 2595 2143 sed
2622 2088 2870 2143 Romano
2903 2088 3030 2142 ritui
3063 2102 3290 2158 prorsus
3319 2101 3536 2142 accom-

1954 2184 2250 2238 modatam.
2280 2180 2398 2238 Jam
2439 2199 2570 2240 vero
2599 2199 2724 2238 cum
2757 2183 2870 2238 haec
2903 2184 2978 2238 ita
3010 2198 3070 2237 se
3099 2185 3361 2254 habeant,
3405 2185 3532 2252 quis

1955 2293 2061 2328 non
2095 2275 2277 2330 videat
2306 2275 2525 2331 facilem
2561 2284 2616 2330 et
2645 2291 2755 2329 non
2787 2276 3058 2346 ingratum
3093 2275 3297 2330 Graecis
3327 2279 3394 2330 ad
3421 2278 3531 2330 lttl'c

1953 2367 2133 2422 Sicula
2164 2368 2412 2422 comobia
2443 2365 2730 2422 transitura
2755 2367 2942 2434 fuisse,
2974 2367 3287 2437 multosque
3313 2368 3532 2422 illorum

1955 2461 2010 2513 in
2043 2476 2104 2512 ea
2137 2459 2312 2514 insula
2348 2461 2710 2514 austeriorcm
2742 2459 2908 2514 vitam
2942 2467 3162 2528 sumpto
3187 2474 3344 2514 sacro
3367 2459 3532 2512 sche-

1954 2563 2097 2607 mate
2121 2553 2360 2622 proﬁteri
2390 2556 2634 2622 potuisse
2655 2571 2670 2616 ;
2694 2568 3000 2622 eorumque
3025 2568 3190 2607 unum
3215 2551 3529 2606 Michaelem

1953 2645 2172 2715 Glycam
2207 2644 2346 2699 forte
2381 2644 2590 2699 fuisse?
2645 2645 2779 2704 Quis
2824 2645 2970 2697 enim
3007 2644 3222 2712 ignorat
3252 2643 3529 2697 laudatum

1953 2737 2242 2791 Baronium
2275 2737 2490 2791 tradere
2533 2737 2634 2790 sub
2665 2735 2849 2790 Leone
2876 2751 3098 2805 quoque
3136 2735 3394 2788 Armenio
3429 2735 3533 2786 itu-

1955 2841 2230 2900 pcratorc,
2276 2843 2558 2882 sacrarum
2613 2827 2913 2895 imaginum
2951 2829 3129 2890 hoste,
3189 2827 3530 2880 orthodox-os

1955 2919 2253 2973 monachos
2282 2917 2775 2984 Constantinopoli,
2801 2927 2855 2970 et
2890 2932 2957 2971 ex
2984 2917 3108 2971 aliis
3131 2916 3372 2971 Orientis
3407 2931 3532 2986 par-

1957 3009 2102 3064 tibus
2146 3015 2365 3061 exactns
2415 3016 2469 3059 et
2518 3013 2770 3060 extorres
2821 3006 2878 3059 in
2927 3007 3137 3060 Italiam
3195 3017 3246 3060 et
3303 3006 3527 3059 Romam

1956 3096 2301 3169 confugisse?
2325 3097 2430 3151 Sed
2461 3094 2730 3164 exemplis
2762 3095 2929 3149 etiam
2968 3095 3022 3150 id
3048 3095 3376 3150 conﬁrma'e
3403 3111 3531 3164 pro-

1956 3194 2092 3250 clive
2125 3201 2228 3258 est,
2265 3206 2330 3246 ex
2368 3205 2428 3244 ea
2457 3190 2677 3245 circiter
2705 3197 2888 3251 mtate,
2921 3203 2984 3242 ac
3011 3188 3272 3257 deinceps
3320 3187 3529 3256 petitis,

1954 3302 2058 3356 qua
2091 3284 2314 3353 Clytum
2359 3283 2560 3337 vixisse
2604 3280 3180 3352 voroquantsitnillime
3231 3282 3526 3336 credimus.

1957 3379 2093 3434 Ecce
2137 3377 2418 3433 Bessarion
2475 3374 2770 3430 cardinalis
2796 3415 2808 3434 .
2858 3375 3032 3444 patria
3079 3373 3478 3444 'l‘rapczuntius
3509 3412 3528 3441 .

1953 3488 2098 3527 anno
2134 3471 2265 3526 Iuli
2320 3484 2382 3522 ac
2410 3468 2688 3537 deinceps,
2733 3467 3158 3522 architnamlrita
3187 3477 3304 3521 erat
3337 3481 3525 3522 mona-

1953 3563 2104 3618 sterii
2137 3560 2317 3616 Sancti
2351 3559 2650 3613 Salvatoris
2685 3559 2902 3628 Lingtne
2950 3558 3109 3612 Phari
3145 3557 3401 3612 bIeSsante
3423 3599 3437 3622 ,
3472 3569 3529 3612 et

1954 3652 2271 3706 monasterii
2333 3651 2430 3706 SS.
2473 3650 2618 3704 Petri
2651 3660 2704 3704 et
2743 3651 2892 3705 Pauli
2943 3652 3010 3706 de
3045 3653 3209 3722 Agro,
3251 3658 3304 3706 et
3341 3650 3524 3704 Sancti

1952 3743 2185 3814 Philippi
2226 3743 2464 3814 Majoris,
2493 3752 2550 3798 ct
2598 3741 2781 3798 Sancti
2821 3744 3010 3812 Angeli
3058 3743 3126 3797 de
3177 3741 3356 3802 Brolo,
3400 3758 3524 3795 cum

1953 3839 2177 3907 inSiiper
2225 3849 2367 3891 esset
2403 3846 2682 3904 protector
2717 3836 2956 3890 universi
2992 3836 3208 3889 ordinis
3241 3834 3524 3894 Basiliam.

1949 3939 2012 3985 ut
2049 3929 2286 4000 Pyrrhus
2315 3929 2518 3984 citatus
2544 3931 2820 3983 memoriae
2854 3927 3116 3997 prodidit.
3171 3926 3333 3978 Anno
3384 3925 3516 3980 155l

1950 4021 2232 4076 Anatolius
2252 4019 2888 4089 Constantinopolitanus
2919 4019 3239 4083 monachus,
3271 4033 3378 4072 una
3397 4033 3523 4074 cum

1950 4113 2221 4166 monacho
2240 4115 2442 4179 pariter
2462 4110 2650 4166 Grmco
2677 4111 2948 4164 Basili-ano
2975 4111 3196 4169 Davide.
3224 4122 3276 4164 et
3302 4113 3529 4180 presby-

1954 4216 2070 4258 tero
2107 4204 2340 4274 quodam
2392 4202 2672 4255 societatis
2711 4201 2841 4256 Jesu
2869 4239 2883 4261 .
2933 4203 2984 4254 in
3033 4200 3164 4256 Sicil
3196 4221 3223 4252 a
3287 4202 3520 4270 diploma

1925 4285 2166 4366 ’ltngerii
2205 4297 2344 4365 regis
2383 4309 2528 4346 anno
2565 4295 2703 4348 1145
2727 4311 3070 4359 COtlt'eSSlltll,
3105 4312 3214 4365 quo
3249 4312 3341 4348 rex
3390 4312 3524 4348 con-

1951 4393 2131 4442 tirmat
2191 4386 2557 4442 Athanasium
2613 4387 3141 4449 hierotnonaclnnu,
3209 4387 3518 4442 secundum

264 4470 442 4522 Graeci
473 4471 572 4536 ipsi
603 4475 931 4541 (quanquam
966 4469 1154 4526 Sicilia
1179 4474 1306 4526 tllllll
1338 4484 1392 4527 et
1422 4472 1694 4533 Calabria,
1720 4487 1840 4541 qua:
1876 4498 1917 4550 ι)
1948 4482 2200 4534 abbatem
2253 4479 2486 4534 cmnobii
2521 4477 2580 4533 S.
2634 4478 2865 4547 Philippi
2920 4480 3136 4546 Majoris
3165 4523 3178 4540 ,
3238 4479 3519 4536 describit,

263 4563 453 4633 stagna
484 4562 688 4617 Gracia
722 4580 941 4633 quoque
971 4566 1112 4619 dicta
1136 4575 1252 4630 eat,
1283 4565 1680 4620 Grtecissantcs
1715 4581 1842 4634 pro-

265 4654 461 4708 vinciae
513 4656 694 4727 erant)
751 4656 1149 4726 philosophiam
1199 4657 1563 4712 Christianam
1620 4661 1842 4724 protite-

267 4748 487 4800 bantur.
523 4746 742 4800 llochus
777 4747 1019 4818 Pyrrhus
1052 4749 1105 4800 in
1147 4765 1259 4802 suae
1307 4749 1507 4801 Siciliae
1541 4749 1720 4801 Sacra:
1781 4749 1846 4801 li-

267 4837 363 4892 bro
417 4853 468 4890 tv
515 4837 739 4908 triginta
791 4838 1184 4893 Basilianornm
1243 4839 1494 4893 cmmbia
1558 4843 1608 4891 in
1663 4839 1844 4892 Sicilia

272 4931 587 4985 exsistentia
617 4943 1047 5001 recensctatque
1073 4933 1346 4992 describit.
1367 4948 1597 5001 quorum
1618 4933 1844 5002 plurima

277 5021 370 5076 sub
399 5024 766 5078 Constantino
793 5023 1143 5094 Copronymo
1185 5025 1422 5080 excitata
1453 5023 1622 5079 fuisse
1656 5025 1848 5076 υἱώ-η-

274 5128 378 5176 tur,
439 5135 562 5172 cum
642 5117 852 5173 scilicet
910 5119 999 5172 ille
1053 5119 1255 5188 impius
1312 5120 1606 5188 imperator
1663 5119 1844 5172 edicto

266 5210 608 5280 promulgata
663 5221 912 5265 vetuerat
971 5227 1092 5266 esse
1156 5213 1448 5265 monachos
1493 5211 1546 5266 in
1596 5210 1841 5264 Oriente.

268 5297 424 5351 Tunc
450 5299 598 5351 enim
630 5299 822 5368 ingens
848 5304 1244 5354 monachorum
1275 5301 1622 5356 orientalium
1655 5303 1842 5354 multi-

263 5391 400 5444 tudo
458 5405 582 5445 sese
611 5391 665 5444 in
712 5393 900 5446 urbem
960 5403 1018 5446 et
1073 5393 1279 5446 Italiam
1337 5392 1556 5457 infudit,
1608 5409 1840 5463 quorum

264 5497 392 5534 cum
427 5479 615 5537 Graeca
641 5483 822 5554 lingua
849 5493 994 5538 esset
1021 5484 1332 5553 peculiaris,
1364 5484 1584 5540 eosdem
1615 5487 1667 5537 itt
1729 5500 1844 5538 mo-

263 5574 528 5626 nasteriis
586 5573 884 5628 relict-atus
915 5575 1088 5629 voluit
1122 5577 1324 5630 Paulus
1369 5578 1386 5632 I
1420 5592 1556 5646 papa
1607 5593 1668 5632 ea
1703 5594 1838 5646 pra»

262 5674 435 5728 Stare,
466 5679 587 5732 qua
607 5669 1025 5718 consuevisst-nt
1059 5667 1110 5720 in
1141 5671 1484 5723 monasteriis
1503 5669 1762 5730 Orientis.
1789 5678 1843 5722 et

272 5756 610 5828 psalmorum
635 5768 853 5823 cautus,
884 5759 1092 5828 aliatpte
1119 5763 1289 5815 otiicia
1318 5761 1694 5817 ecclesiastica
1742 5776 1838 5816 sna

595 5851 864 5915 PATROL.
899 5853 1014 5917 Gn.
1057 5855 1316 5919 CLVIII.

1948 4569 2092 4639 quod
2134 4570 2189 4623 in
2222 4569 2392 4622 libros
2424 4567 2586 4638 regize
2611 4566 2954 4620 cancellaria:
3005 4566 3362 4621 transfertur.
3406 4567 3519 4619 lino

1947 4677 2057 4714 non
2084 4660 2440 4714 dubitandum
2467 4659 2662 4729 lingua:
2687 4639 2891 4712 (irier-te
2917 4667 3279 4727 pratccptores
3304 4658 3522 4725 aliquos

1950 4754 2004 4807 in
2055 4751 2372 4807 memoratis
2427 4751 2776 4804 monasteriis
2827 4765 2924 4819 per
2972 4767 3035 4804 ca
3091 4760 3334 4817 ten'pora
3376 4764 3518 4809 csso,

1951 4845 2254 4916 prtesertim
2327 4861 2450 4897 cum
2509 4844 2561 4896 itt
2637 4843 2819 4897 Sit-ilia
2890 4853 2946 4898 et
3013 4842 3262 4898 Calabria
3338 4843 3519 4896 Italica

1951 4939 2131 5010 lingua
2183 4939 2381 5007 passim
2424 4934 2760 4996 itn'alnisst't.
2817 4947 2872 4990 et
2916 4937 3090 5006 major
3127 4937 3520 4989 monachorum

1951 5047 2214 5085 numerus
2242 5040 2372 5082 tunc
2416 5030 2676 5096 temporis
2728 5033 2891 5083 Italus
2946 5030 3174 5093 luisset;
3219 5040 3274 5083 ιιι
3315 5031 3521 5082 (irateis

1947 5124 2146 5178 litteris
2175 5123 2361 5176 animo
2387 5122 2801 5190 comprehensis
2837 5123 3090 5176 monachi
3113 5122 3299 5176 Gra‘ca
3334 5123 3516 5192 lingua

1949 5218 2015 5271 de
2071 5230 2223 5269 more
2263 5213 2630 5270 ecclesiastica
2674 5214 2858 5268 ofticia
2905 5214 3249 5283 perlicerent.
3311 5215 3389 5268 Ex
3435 5213 3520 5266 his

1945 5324 2065 5364 esse
2114 5308 2291 5378 potuit
2329 5307 2554 5362 Michael
2588 5307 2803 5378 Glycas,
2837 5309 2926 5376 qui
2965 5307 3017 5361 in
3069 5307 3256 5360 codice
3292 5307 3516 5359 Iiiccar-

1946 5404 2112 5455 diano
2135 5401 2257 5456 ideo
2294 5402 2429 5454 forte
2468 5400 2860 5454 Grammaticus
2892 5400 3111 5453 dicitur.
3147 5399 3214 5452 Et
3240 5409 3387 5454 certe
3414 5400 3517 5449 hu-

1943 5493 2182 5564 jusmodi
2257 5501 2628 5562 princeptores
2675 5493 3016 5547 necessarios
3084 5491 3257 5544 fuisse
3310 5488 3518 5541 evincit

1947 5586 2110 5640 ctiam
2141 5585 2213 5650 id,
2245 5585 2392 5653 quod
2427 5584 2626 5639 deinde
2649 5594 3006 5638 consecutum
3029 5593 3111 5637 est
3133 5621 3148 5644 ,
3182 5597 3327 5634 anno
3360 5579 3516 5632 vidc-

1946 5673 2071 5728 ltet-t
2126 5674 2253 5727 MGI
2294 5683 2545 5728 senatum
2602 5672 3006 5727 Messanensem
3053 5685 3081 5724 a
3125 5669 3221 5722 Pio
3258 5669 3300 5722 ll
3358 5680 3513 5738 pont.

1947 5780 2090 5819 nias.
2143 5765 2384 5834 petiisse,
2439 5776 2493 5820 et
2538 5765 2866 5830 obtinuisse,
2907 5773 2963 5817 ut
2999 5763 3279 5832 gymnasia
3331 5762 3514 5817 Graeca

3141 5860 3178 5924 ὁ

4039 5713 4041 5730 Ι

4039 5841 4041 5854 l

4039 5855 4041 5882 l

4039 5887 4041 5910 Α
