4052 6200
502 343 651 392 »31111

1692 336 1703 343 ”
1730 342 1831 400 DE
1879 334 2273 401 MICHAELE
2312 338 2547 401 GLYCA

3613 346 3762 394 'mv

496 447 776 509 Messana:
825 465 926 523 pro
988 448 1270 508 monachis
1324 450 1522 507 Graecis
1547 491 1562 516 ,
1620 464 1715 506 seu
1770 451 2047 522 Calogeris
2072 492 2086 514 ,
2122 458 2159 511 Α
2192 449 2441 505 Grzecum
2477 450 2770 506 Annalium
2804 451 2998 522 ‘Glycae
3030 449 3275 507 codicem
3307 463 3408 504 ms.
3466 448 3519 502 in
3556 448 3763 504 Biblio-

510 545 803 601 consti'uta
835 546 1158 616 praeceptori
1203 558 1380 598 annua
1408 543 1659 598 mercede
1688 559 1980 598 aureorum
2020 544 2087 598 80

513 632 582 686 de
613 648 826 687 camera
881 633 1143 689 solvenda
1169 649 1196 686 a
1228 631 1578 687 monasteriis
1608 630 1920 694 Basilianis,
1974 634 2087 686 eri-

511 736 798 791 gerentur;
832 726 975 795 quod
1009 724 1351 779 exsccntioni
1382 724 1750 778 mandandum
1798 723 2085 779 Bessarion

510 809 733 869 Ordinis
767 824 1046 883 protector
1099 817 1297 871 litteris
1351 817 1533 871 Roma:
1583 833 1727 871 anno
1777 819 2084 889 insequenti

507 900 651 957 datis
704 904 913 970 edixit,
969 908 1273 961 Athanasio
1334 908 1593 976 episcopo
1659 907 1970 964 Hieraccnsi
2032 919 2087 963 et

506 993 831 1062 quibusdam
872 996 1161 1052 abbatibus
1223 1000 1491 1057 scribens.
1516 1000 1665 1058 ‘Hinc
1682 1000 2087 1057 Constantinus

508 1082 755 1141 Lascaris
811 1086 916 1141 (ΞΡ.
961 1102 1026 1141 ex
1060 1088 1255 1145 litteris
1302 1094 1628 1161 protectoris
1666 1093 1892 1149 Ordinis
1946 1095 2086 1150 datis

504 1172 698 1230 Romae
729 1177 907 1246 pridie
929 1178 1069 1235 'ldus
1108 1181 1420 1238 Decembris
1458 1183 1621 1251 “67,
1667 1202 1788 1241 cum
1836 1187 2086 1241 mercede

507 1280 691 1320 annua
719 1276 1065 1323 scutatorum
1090 1271 1183 1334 80,
1214 1288 1334 1341 qua:
1373 1276 1587 1331 solvere
1622 1284 1940 1331 tenerentur
1966 1293 2085 1331 mo-

508 1357 749 1413 nasteria
811 1359 1001 1416 Graeca
1067 1362 1292 1430 Sicilitn,
1326 1367 1583 1422 ducendas
1632 1368 1827 1438 lingua:
1885 1370 2087 1426 Graecae

509 1448 822 1516 pnelicitur.
859 1454 1019 1509 Anno
1056 1456 1187 1512 H78
1218 1459 1615 1515 Constantinus
1632 1459 1876 1516 Lascaris
1906 1463 2086 1519 adhuc

506 1540 562 1592 in
590 1539 776 1596 Sicilia
814 1542 1067 1613 docebat,
1121 1556 1174 1602 et
1203 1548 1310 1604 hoc
1341 1564 1508 1615 anno,
1538 1550 1692 1620 jussu
1742 1552 1941 1621 κλεειἰάἱί
1980 1553 2086 1608 Ro-

509 1633 650 1686 mani
683 1633 895 1691 abbatis
925 1639 1241 1694 monasterii
1269 1640 1371 1697 SS.
1390 1640 1539 1697 Petri
1565 1654 1618 1698 et
1646 1643 1793 1698 Pauli
1825 1645 1891 1700 de
1906 1645 2083 1717 ‘Agro,

502 1737 541 1776 e
571 1722 768 1782 Graeco
796 1726 1133 1785 in‘Latinum
1169 1734 1439 1788 convertit
1472 1736 1793 1804 primaevum
1840 1735 2081 1807 diploma

508 1812 845 1872 laudationis
883 1827 939 1873 et
966 1818 1261 1878 dotationis
1290 1822 1436 1879 illius
1469 1826 1701 1880 cmnobii
1740 1826 1927 1882 datum
1983 1844 2082 1881 an-

508 1922 582 1959 no
610 1908 796 1962 mundi
833 1909 997 1977 6625,
1029 1911 1332 1968 indictione
1375 1915 1429 1970 9.
1467 1917 1627 1969 Auno
1674 1918 1884 1986 pariter
1939 1918 2079 1974 H99

498 1994 661 2050 fidem
697 1995 948 2054 Lascaris
1000 1998 1203 2056 Latine
1269 2003 1776 2061 reddiditGraecum
1816 2006 2077 2078 Diploma

506 2086 730 2154 Roget-ii
764 2091 1004 2157 comitis,
1042 2107 1150 2161 quo
1181 2092 1227 2147 is
1255 2099 1485 2149 testatur
1515 2107 1665 2166 parta
1691 2097 1757 2152 de
1793 2097 2083 2153 Saracenis

507 2179 738 2236 victoria
768 2181 1036 2253 templum
1080 2193 1136 2238 et
1183 2185 1496 2241 ctrnobium
1532 2186 1748 2243 Sanctae
1801 2188 1979 2246 Mariae
2016 2191 2083 2246 de

508 2270 623 2325 Mili
642 2272 959 2341 aediﬁcasse,
978 2282 1033 2329 et
1058 2276 1106 2330 ei
1128 2275 1441 2332 Michaelem
1466 2279 1715 2345 abbatem
1750 2283 2081 2351 praeterisse,

508 2362 695 2419 datum
732 2380 877 2419 anno
907 2366 1096 2422 mundi
1130 2368 1287 2434 6600,
1320 2369 1407 2424 die
1437 2371 1503 2425 10
1549 2372 1883 2441 Decembris,
1940 2376 2082 2431 indi-

503 2454 690 2510 Ctione
724 2455 811 2523 H,
844 2456 1046 2514 Christi
1084 2458 1245 2514 1092.
1284 2460 1387 2516 Sed
1436 2463 1521 2516 vix
1554 2463 1807 2520 dubitare
1839 2482 2081 2536 possunt,

507 2549 638 2615 quin
675 2548 762 2602 hic
796 2550 912 2619 ipse
940 2549 1187 2608 Lascaris
1222 2562 1275 2608 et
1312 2563 1439 2608 ante
1470 2554 1583 2609 haec
1618 2564 1860 2625 tempora
1894 2558 1948 2611 in
1995 2558 2082 2613 Si-

504 2636 630 2691 eilia
662 2648 717 2692 et
748 2639 997 2695 Calabria
1032 2652 1281 2698 versatus
1312 2644 1403 2712 sit,
1456 2660 1579 2700 cum
1611 2648 1824 2704 videam
1852 2665 1980 2704 eum
2016 2651 2085 2705 li-

509 2730 667 2783 brum
702 2730 774 2786 De
818 2731 1064 2788 Calabris
1095 2746 1144 2789 et
1187 2734 1385 2791 Siculis
1417 2740 1759 2808 scriptoribus
1812 2758 2084 2806 exarasse,

505 2828 561 2873 et
598 2820 880 2892 Alphouso
911 2825 1213 2897 Neapuleos
1247 2829 1381 2900 regi,
1417 2830 1507 2900 qui
1540 2846 1687 2887 anno
1717 2833 1853 2887 MSS
1880 2843 2087 2889 natura:

506 2917 805 2999 concessit,
842 2924 1284 2990 nuncupavisse;
1340 2922 1597 2989 quiliher
1660 2925 1893 2980 habetur
1943 2928 2087 2997 apud

502 3005 843 3075 Fabricium,
902 3018 1033 3066 tom.
1079 3010 1193 3065 XIV
1228 3011 1568 3068 Bibliotheca:
1626 3012 1846 3069 συπρα).
1909 3016 2087 3087 Atque

2192 542 2350 597 theca
2380 543 2660 599 Saibantis
2693 541 2921 598 Veronae
2950 541 3242 604 asservari,
3276 548 3335 594 ut
3363 539 3547 609 prodit
3579 539 3634 593 in
3664 555 3764 594 sua

2204 632 2407 685 Verona
2434 633 2700 687 illustrata
2733 632 2814 689 vir
2832 632 3096 688 doctrina!
3119 641 3172 687 et
3192 628 3514 686 eruditionis
3537 630 3769 685 immen-

2189 736 2263 777 sae
2288 723 2477 793 Scipio
2507 721 2753 780 Maﬂ'eius
2774 725 3038 779 ntarchio.
3704 776 3717 787 ,

2259 812 2438 883 Glyca:
2487 812 2740 883 Epistulae
2770 815 2926 885 juxta
2987 814 3302 869 Fabricium
3357 826 3650 867 numerum
3694 811 3763 868 50

2186 906 2429 976 explent,
2461 916 2596 976 quot
2626 905 2716 961 ille
2746 906 2975 961 credita
3000 905 3290 961 Lambecio
3329 906 3638 971 recenseri;
3664 906 3758 961 sed

2189 989 2360 1053 multo
2393 998 2600 1068 [plures
2641 998 2732 1055 ille
2777 1007 3085 1065 memorat,
3137 1007 3192 1052 et
3238 997 3303 1052 ad
3349 1010 3641 1051 numerum
3674 996 3761 1053 64

2186 1092 2479 1147 ascendere
2503 1092 2754 1157 amrmat,
2775 1102 2829 1146 ut
2845 1092 2953 1161 jam
2978 1091 3030 1144 in
3053 1091 3227 1161 prima
3250 1089 3567 1159 praefatione
3587 1091 3756 1148 anim-

2186 1184 2416 1239 adverti.
2451 1184 2592 1251 Quin
2655 1185 2772 1255 ipse
2814 1184 3097 1239 Fabricius
3164 1184 3418 1240 observat
3449 1183 3673 1241 Parisiis
3702 1186 3754 1241 in

2187 1275 2512 1331 bibliotheca
2550 1276 2715 1348 Regia
2740 1276 2999 1346 epistolas
3021 1276 3089 1332 92
3112 1274 3389 1330 Michaelis
3422 1275 3601 1347 Glycaa
3623 1293 3757 1334 mss.

2186 1368 2488 1432 asservari;
2524 1367 2640 1437 ipse
2667 1382 2796 1423 vero
2829 1368 3129 1422 addiderim
3158 1366 3339 1439 Glyeaz
3388 1367 3757 1432 Epistolarum

2186 1459 2451 1525 codicem,
2488 1474 2651 1514 manu
2684 1469 2991 1522 exaratum.
3022 1460 3187 1528 quiin
3218 1460 3527 1530 Augustana
3551 1459 3756 1515 Βίὺιὶετ-

2188 1553 2342 1606 theca
2391 1559 2590 1616 exstat,
2642 1560 2699 1606 et
2743 1552 2899 1621 cujus
2952 1549 3082 1605 alibi
3136 1550 3471 1605 mentionem
3494 1550 3755 1615 iecimus.

2170 1628 2321 1695 mihi
2348 1641 2575 1695 missum
2597 1649 2651 1697 et
2681 1641 3087 1696 commodatum
3121 1640 3211 1704 iri,
3243 1640 3288 1694 si
3331 1640 3515 1704 velim,
3553 1650 3611 1696 ut
3642 1656 3760 1696 οη·-

2189 1747 2286 1786 nes
2343 1731 2671 1799 describam,
2730 1748 2881 1802 spem
2918 1732 3115 1788 fecisse
3143 1734 3225 1786 vir
3250 1733 3584 1789 clarissimus
3635 1733 3752 1789 Jac.

2186 1819 2461 1877 Brukerus
2514 1822 2886 1894 Augustanus,
2951 1822 3346 1894 Caul'byrensis
3401 1823 3650 1878 minister
3699 1834 3753 1878 et

2183 1913 2503 1967 scholarcba
2553 1913 2798 1969 doctrina
2842 1914 2995 1983 juxta
3063 1929 3127 1968 ac
3167 1914 3501 1969 humanitate
3535 1914 3752 1982 praecel-

2184 2003 2337 2072 lens;
2368 2021 2530 2076 quem
2562 2006 2782 2076 quidem
2801 2007 3043 2061 nundum
3077 2017 3328 2061 senatum
3348 2006 3500 2060 illum
3529 2005 3751 2076 amplis-

2183 2096 2382 2151 simum
2416 2098 2572 2168 petii,
2599 2097 2745 2169 quod
2777 2114 2970 2154 omnes
3004 2099 3110 2154 illa:
3139 2098 3225 2154 bis
3252 2097 3571 2154 Deliciarum
3606 2114 3756 2153 mea-

2184 2203 2302 2241 rum
2330 2190 2598 2258 angustiis
2625 2190 3019 2260 comprehendi
3041 2207 3147 2246 non
3173 2192 3404 2260 possint,
3431 2202 3487 2245 ut
3505 2189 3757 2245 materia-

2184 2300 2303 2337 rum
2340 2283 2571 2339 varietas
2597 2284 2651 2338 in
2686 2284 2755 2339 iis
2785 2284 3055 2354 promissa
3085 2293 3355 2339 servetur.
3404 2281 3753 2337 Memorabile

2183 2388 2239 2433 et
2264 2378 2481 2450 insigne
2506 2379 2839 2449 exemplum,
2867 2378 3010 2448 quod
3044 2379 3246 2433 multos
3269 2377 3467 2448 patrize-
3490 2376 3753 2447 ingratos,

2185 2469 2383 2525 litteris
2417 2470 2691 2536 exitiales,
2748 2470 2962 2541 sibique
3010 2479 3067 2525 et
3116 2485 3230 2524 sua:
3293 2467 3449 2523 famae
3499 2466 3754 2523 inimicos

2188 2562 2602 2627 llOlllUllt‘iOIlcs,
2630 2564 2721 2632 qui
2750 2561 2818 2616 ad
2854 2561 3077 2616 inutiles
3096 2560 3201 2615 sibi
3232 2574 3361 2613 suas
3395 2557 3757 2613 bibliothecas

2184 2655 2321 2709 viris
2358 2654 2534 2709 doctis
2579 2655 2786 2709 aditum
2830 2653 3163 2722 praecludere
3204 2650 3519 2716 sustinent,
3567 2649 3761 2705 merito

2186 2746 2395 2818 pudore
2436 2745 2739 2802 suﬂ'undat.
2798 2745 3054 2815 Epistolas
3108 2744 3142 2798 5
3194 2743 3407 2813 Glycz,
3461 2757 3597 2813 quas
3651 2742 3757 2797 hoc

2188 2836 2466 2892 volumine
2491 2837 2694 2908 publici
2714 2838 2854 2908 juris
2881 2837 3042 2903 iacio,
3066 2835 3261 2906 partim
3290 2833 3483 2889 Joanni
3520 2832 3759 2902 Aspiottn

2189 2926 2480 2994 monacho,
2508 2927 2704 2995 partim
2740 2927 2895 2981 Isaiae
2949 2926 3155 2996 pariter
3204 2925 3473 2979 monacho
3504 2921 3757 2978 scribun-

2193 3028 2301 3074 tur.
2328 3017 2461 3085 Quis
2499 3018 2568 3072 sit
2593 3017 2835 3073 Joannes
2882 3018 2973 3072 ille
3010 3016 3264 3088 Aspiotas
3296 3018 3485 3087 ignoro
3514 3029 3753 3086 prorsus.

509 3102 626 3153 haec
661 3101 842 3170 quoad
896 3102 1074 3176 Glyca:
1114 3114 1330 3160 aatatem
1366 3116 1419 3160 et
1480 3107 1708 3176 patriam
1759 3109 1901 3162 dieta
1953 3110 2081 3164 sint.
2112 3127 2158 3186 ρ
2189 3110 2337 3165 Idem
2378 3108 2681 3180 proferrem
2712 3108 2779 3164 de
2825 3109 3099 3163 monacho
3146 3108 3321 3175 Isaia,
3348 3108 3459 3163 nisi
3490 3106 3615 3162 Cas.
3645 3106 3759 3161 Ou-

509 3188 689 3256 Nunc,
716 3191 877 3247 aliam
918 3193 1292 3263 praelationem
1319 3201 1488 3252 etiam
1529 3197 1582 3251 in
1618 3199 1721 3253 hoc
1751 3199 2080 3268 suppleturi,

510 3282 939 3337 memorabimus
968 3284 1252 3341 Michaelis
1289 3287 1465 3358 Glyea:
1504 3287 1579 3343 De
1614 3288 1935 3344 Paenitentia
1972 3292 2084 3346 Sa-

510 3371 739 3426 lomonis
799 3382 1140 3441 tractatum,
1193 3392 1363 3431 unum
1424 3379 1637 3433 illorum
1696 3382 2084 3451 upusculorum

515 3461 711 3527 fuisse,
755 3479 878 3534 qua:
933 3465 1164 3521 Allatius
1204 3468 1344 3523 libro
1376 3485 1433 3524 tv
1486 3485 1711 3525 suorum
1762 3469 2088 3542 Symuticton

506 3552 757 3611 inserere
788 3557 1178 3627 meditabatur,
1207 3572 1266 3615 ut
1295 3561 1437 3632 apud
1471 3562 1779 3619 Fabricium
1804 3564 2084 3619 laudatum

510 3648 679 3705 citato
729 3658 877 3707 tumo
924 3651 1117 3708 videre
1144 3662 1269 3716 est;
1310 3654 1402 3724 qui
1455 3654 1597 3709 forte
1654 3656 1727 3708 nil
1784 3656 1931 3709 aliud
1978 3665 2084 3717 est,

511 3756 674 3811 quam
718 3759 823 3800 una
853 3759 921 3800 ex
967 3742 1145 3816 Glyca:
1192 3745 1473 3816 Epistolis.
1523 3747 1753 3818 Insuper
1801 3763 2086 3803 monemus

539 3973 846 3989 *κ’-

2186 3201 2350 3255 dinus
2388 3200 2601 3269 opinari
2652 3200 2934 3255 videretur
2984 3214 3108 3253 esse
3158 3200 3410 3253 eumdem
3460 3213 3524 3252 ac
3559 3197 3755 3252 Isaiam

2183 3295 2357 3359 illum,
2384 3292 2540 3363 cujus
2586 3293 2881 3363 Epistulam
2913 3301 3102 3346 contra
3138 3290 3419 3345 Nicolaum
3453 3289 3755 3358 Sclengiam

2185 3386 2267 3440 De
2313 3385 2640 3453 processioue
2687 3382 2915 3453 Spiritus
2978 3383 3172 3445 sancti,
3225 3380 3479 3451 producit
3526 3379 3755 3433 Allatius

2187 3485 2319 3530 tum.
2356 3476 2377 3530 ι
2415 3474 2636 3529 Gracia:
2686 3474 3027 3539 orthodoxae;
3057 3483 3114 3527 et
3142 3473 3236 3541 qui
3284 3487 3427 3526 anno
3459 3470 3593 3525 H30
3634 3485 3758 3537 pru-

2184 3568 2438 3622 babiliter
2465 3567 2711 3630 ﬂorebat,
2741 3576 2796 3620 ut
2821 3566 3121 3621 observant
3153 3564 3449 3619 Wartonus
3486 3572 3541 3616 ct
3573 3559 3762 3614 Fabri-

2183 3660 2325 3712 cius.
2363 3659 2461 3712 Hic
2491 3658 2655 3711 Isaias
2688 3658 2999 3727 appellatur
3034 3657 3203 3711 etiam
3257 3670 3433 3710 mona-
3455 3653 3560 3707 bus
3590 3661 3645 3708 et
3666 3651 3763 3707 do~

2186 3749 2467 3815 mesticus,
2507 3759 2567 3803 ut
2603 3750 2713 3818 jam
2749 3750 3052 3804 innuimus.

1667 4147 2623 4266 DISSERTATIO

1232 4371 1339 4432 DE
1376 4370 1669 4435 ΕΤΛΤΕ
1706 4374 1807 4433 ΕΤ
1852 4373 2199 4436 SCRIPTIS
2250 4374 2690 4437 MICHAELIS
2730 4373 3045 4438 GLYCE.

1438 4538 1563 4601 (Cas.
1597 4539 1768 4591 Ottont.
1803 4540 1868 4591 De
1893 4538 2065 4603 script.
2087 4538 2278 4601 (σείει,
2315 4542 2430 4591 tom.
2464 4539 2549 4599 Ill,
2584 4541 2679 4591 col.
2713 4537 2876 4600 2531.)

1104 4838 1422 4896 PROLOGU
1434 4840 1489 4895 S.

591 4933 818 4989 Michael
852 4932 1065 5005 Glycas,
1104 4934 1325 4986 natione
1355 4928 1595 4994 Siculus,
1638 4909 1743 4983 non
1784 4930 1888 4983 sub
1906 4928 2095 4984 Alexio

523 5036 574 5083 et
607 5025 818 5082 Joanne
877 5025 1170 5081 Comnenis
1236 5023 1654 5094 inperatoribus
1710 5021 2099 5077 Constantino-

524 5120 779 5192 politanis
809 5121 1019 5184 vivens,
1058 5128 1119 5174 ut
1149 5118 1305 5188 vulgo
1360 5117 1620 5181 creditur,
1674 5115 1767 5170 sed
1815 5116 1918 5171 sub
1949 5116 2096 5170 Con-

524 5212 763 5267 stantino
787 5210 1087 5278 Palmologo
1113 5211 1301 5265 ultimo
1360 5209 1451 5263 illo
1486 5209 1812 5278 imperatore
1869 5208 1937 5261 ad
1998 5223 2098 5261 an-

525 5321 654 5359 num
685 5305 822 5360 “50
854 5305 1055 5371 clarus,
1104 5302 1321 5373 scripsit
1349 5314 1494 5357 anno
1538 5300 1878 5369 incomperto
1906 5302 2093 5352 Anna-

525 5403 596 5452 ιω
626 5398 1065 5471 quadripartitos,
1127 5411 1263 5465 opus
1331 5408 1440 5447 non
1490 5392 1650 5445 modo
1715 5392 2096 5459 theologicum,

526 5493 622 5546 sed
653 5501 709 5546 et
744 5490 1026 5562 physicum
1059 5495 1115 5543 et
1142 5486 1488 5541 historicum.
1548 5481 1730 5537 Prima
1777 5491 1929 5552 parte
1988 5482 2098 5552 agit

527 5585 597 5638 de
631 5598 798 5653 opere
829 5598 921 5638 sex
965 5580 1196 5635 dierum.
1250 5578 1434 5631 Altera
1482 5575 1550 5631 de
1596 5576 1760 5631 rebus
1811 5574 1979 5643 gestis
2030 5574 2098 5628 ab

526 5674 659 5729 orbe
711 5673 932 5727 condito
958 5685 1130 5741 usque
1159 5669 1224 5723 ad
1249 5668 1530 5723 Christum
1554 5676 1764 5722 natum.
1797 5664 1977 5719 Tertia
2012 5679 2097 5717 res

531 5774 710 5835 gestas
741 5779 769 5817 a
802 5764 1022 5820 Christo
1049 5777 1219 5834 usque
1286 5760 1356 5817 ad
1384 5760 1799 5816 Constantinum
1852 5758 2097 5829 Magnum

2118 4839 2171 4898 Ι)
2198 4838 2782 4910 ρτοεθίιυίιυτίριιειτια
2814 4851 2899 4892 res
2922 4844 3114 4891 tractat
3143 4832 3558 4904 Byzantinorum
3586 4834 3766 4904 impr-

2195 4942 2435 4987 ratorum
2461 4945 2629 5000 usque
2657 4930 2723 4983 ad
2753 4929 2966 4982 obitum
2986 4927 3158 4983 Alexii
3189 4927 3473 4990 Comneni,
3503 4928 3593 4998 qui
3622 4943 3768 4981 anno

2202 5024 2333 5079 1118
2358 5025 2618 5086 moriens.
2680 5021 2949 5077 Joannem
2997 5019 3335 5073 Comnenum
3390 5034 3764 5074 successorem

2197 5115 2400 5169 habuit.
2438 5114 2640 5167 Exinde
2666 5127 2837 5181 usque
2863 5111 2930 5165 ad
2958 5122 3169 5178 captam
3200 5125 3227 5159 a
3263 5109 3468 5162 Latinis
3497 5109 3768 5163 Constan-

2196 5205 2473 5275 tinopolim
2501 5203 2811 5273 perstringit
2842 5216 2928 5255 res
2966 5199 3287 5269 Byzantinas
3307 5198 3547 5254 Joannes
3586 5199 3771 5255 Leun-

2202 5296 2425 5359 clavius,
2454 5295 2545 5365 qui
2577 5302 2628 5346 et
2654 5294 2861 5361 primus
2892 5290 3068 5360 Glyca:
3121 5290 3628 5360 interpretationem
3663 5309 3770 5345 no-

2199 5387 2282 5443 bis
2312 5386 2475 5449 dedit,
2520 5384 2764 5450 Basilere,
2801 5381 3119 5446 annolb'li,
3148 5382 3203 5434 in
3231 5380 3283 5446 8,
3321 5383 3457 5453 typis
3491 5383 3771 5454 Episc0pii

2197 5480 2420 5534 editam.
2457 5476 2696 5530 Habetur
2725 5484 2905 5528 autem
2966 5474 3153 5527 eadem
3202 5473 3435 5529 Historia
3474 5473 3661 5529 Graece
3713 5486 3775 5533 et

2201 5570 2388 5626 Latine
2418 5569 2471 5623 in
2525 5566 2656 5620 folio
2694 5567 2833 5620 inter
2871 5565 3178 5621 Historicos
3237 5566 3562 5638 Byzantinos
3604 5567 3768 5622 Pari-

2199 5663 2297 5718 siis
2324 5677 2389 5715 ex
2422 5658 2774 5730 typograpltia
2809 5657 2995 5727 Regia,
3048 5673 3170 5713 cum
3221 5657 3662 5726 interpretatione
3715 5670 3773 5715 et

2200 5755 2341 5809 notis
2374 5751 2607 5822 Philippi
2643 5749 2867 5817 Labbci,
2903 5750 2969 5807 de
3004 5765 3112 5821 quo
3144 5758 3252 5804 tam
3288 5765 3430 5820 sa'pe
3468 5749 3766 5817 loquimur.
