4052 6200
308 305 457 345 χιιι.

304 499 458 560 eius,
499 509 731 565 quorum
783 491 931 561 prior
960 489 1227 559 Epistolas
1263 506 1315 553 ι,
1348 489 1485 543 alter
1508 504 1593 542 ιιι
1624 488 1890 552 continet,

307 587 636 643 Michaelem
662 583 883 655 Glycam
906 592 1189 638 auctorem
1250 581 1567 648 prtcl'crunt,
1621 582 1725 635 hoc
1760 582 1895 634 Ιθιιιο

310 690 461 733 litate
491 695 503 729 :
539 676 644 729 Τοῦ
692 675 1005 743 σοφωτάτου
1037 676 1132 726 καὶ
1185 672 1520 741 λογιωτάτου
1564 670 1735 742 χυροῦ
1762 672 1894 738 ⁴Νι·-

305 767 453 836 χοιὴλ
513 764 604 817 τοῦ
651 764 834 815 Γλυκᾶ
867 764 948 825 εἰς
1001 763 1100 823 τὰς
1128 761 1365 831 ἀπορίας
1412 763 1509 831 τῆς
1562 762 1712 823 θείαις
1753 760 1893 828 Γραι-

310 860 447 927 φῆς.
488 855 803 910 Laudantur
818 855 981 909 etiam
1004 870 1032 907 a
1053 854 1297 908 Gesnero
1320 853 1423 908 sub
1442 853 1662 907 nomine.
1693 852 1890 922 Glyear,

316 959 456 1004 utet
486 951 557 1003 ab
586 947 893 1002 lltesehelio
947 962 1010 1001 ex
1053 945 1380 999 bibliotheca
1426 946 1745 1014 Augustana
1799 958 1891 997 eo-

311 1041 438 1095 dem
465 1040 644 1102 titulo,
687 1050 739 1092 et
765 1055 793 1091 a
823 1037 1029 1091 Jacobo
1063 1036 1332 1098 Pontano,
1359 1035 1451 1105 qui
1494 1036 1704 1105 priores
1758 1036 1894 1091 duas

309 1124 506 1187 Latine
538 1130 793 1186 reddidit.
833 1128 939 1183 Sed
972 1139 1025 1183 et
1057 1128 1121 1181 ad
1150 1127 1355 1181 calcem
1432 1126 1640 1180 codicis
1708 1138 1893 1194 poste-

310 1226 487 1277 rioris
551 1221 785 1276 Cmsarei
849 1221 967 1274 ha-c
1021 1219 1390 1273 scribuntur:
1462 1217 1633 1270 Τοῦτο
1691 1216 1894 1285 βιϐλίον

307 1300 555 1383 ὑπάρχει
591 1312 809 1383 Μιχαὴλ
838 1312 935 1363 τοῦ
988 1311 1185 1363 Γλυκᾶ.
1226 1309 1540 1364 Promiscue
1568 1324 1696 1364 vero
1728 1309 1893 1363 hasce

306 1406 588 1474 Fpistolas
611 1407 712 1457 sub
745 1402 967 1456 nomine
1016 1401 1244 1455 Zonara:
1300 1402 1416 1455 sive
1447 1401 1621 1471 Glyco:
1676 1416 1893 1469 semper

303 1499 494 1551 laudat
522 1496 752 1550 Allatius
776 1495 867 1549 lib.
904 1511 941 1549 ιι
998 1495 1071 1546 De
1097 1510 1347 1546 consensu
1382 1493 1657 1562 utriusque
1703 1492 1891 1546 Eccle-

299 1589 423 1651 θεῶν,
466 1602 589 1655 cap.
624 1585 706 1649 l8,
737 1600 889 1638 intui.
945 1584 1047 1647 i7;
1096 1585 1188 1636 lib.
1228 1598 1309 1646 ιιι,
1347 1597 1471 1651 cap.
1530 1583 1617 1646 15,
1650 1598 1802 1636 num.
1835 1583 1889 1649 8,

300 1678 556 1748 cep.16.
611 1694 765 1731 num.
793 1678 885 1743 24,
944 1692 1064 1746 cap.
1104 1676 1187 1740 18,
1250 1692 1402 1729 num.
1451 1676 1505 1739 8,
1575 1686 1630 1731 et
1699 1686 1888 1732 contra

1680 286 1834 346 (ΖΑΒ.
1881 287 2253 350 UUDIXUS.

308 407 409 459 Lb.
470 419 501 456 v
555 399 1096 455 Commentariorum
1162 397 1255 452 fol.
1298 398 1365 451 30
1437 394 1621 449 laudat
1668 397 1868 452 Lanbe
1929 403 1974 460 Α

3464 300 3575 337 XXX

2077 399 2183 452 Nec
2215 400 2434 466 jmatnr
2474 396 2636 450 etiam
2668 397 2719 449 in
2748 396 3062 465 conjectura
3126 411 3220 449 sua
3258 396 3310 448 in
3350 396 3599 449 Zunzuie

2001 491 2225 561 gratiam
2260 489 2395 544 facta
2432 508 2445 542 :
2483 489 2562 541 Er
2588 491 2711 542 viris
2744 489 3015 559 primariis
3067 487 3208 541 aula!
3271 485 3575 541 Constanti-

2000 584 2347 652 nopolitanae,
2406 582 2589 651 quibus
2644 582 2841 651 aliquot
2894 580 3249 632 inscribuntur
3306 595 3324 633 :
3368 578 3577 632 Joanne

2001 675 2145 727 Duca
2172 691 2357 743 magno
2390 674 2728 726 lmtwriarchu
2752 683 2798 725 et
2856 673 3080 736 scbasto,
3134 673 3282 739 cujus
3312 686 3423 740 pra:
3471 687 3574 724 ca:-

1999 767 2144 828 leris,
2172 776 2226 818 ut
2257 767 2386 817 alios
2412 766 2641 828 omittat,
2666 766 2858 818 mentio
2889 765 3113 821 occurrit
3148 764 3292 832 apud
3333 763 3599 817 Nicetamv

1998 859 2049 910 in
2099 858 2289 910 Alexio
2313 856 2579 910 Manut-lis
2641 857 2749 911 lilio
2779 872 2934 909 nutu.
2988 859 3021 911 7
3052 865 3105 909 ct
3139 856 3196 920 9,
3228 865 3275 908 et
3332 854 3574 908 Manuele
3606 926 3609 931 γ

1997 950 2266 1003 Comneno
2288 951 2723 1013 sebastoct’atore,
2784 950 2874 1019 qui
2913 964 3015 1003 non
3076 950 3213 1002 alius
3253 959 3328 1002 est
3363 949 3428 1000 ab
3489 965 3569 1005 eo.

1995 1040 2147 1109 cujus
2179 1042 2382 1109 pariter
2420 1042 2708 1095 Cinnamus
2735 1042 2971 1094 meminit
3005 1040 3138 1093 libro
3168 1056 3198 1093 v
3233 1057 3379 1094 num.
3415 1040 3480 1092 N
3524 1049 3593 1092 σοι

1997 1132 2083 1184 15.
2113 1130 2226 1183 Non
2260 1130 2407 1183 enim
2441 1130 2523 1184 his
2552 1130 2867 1185 nominibus
2901 1137 3115 1184 veteres
3143 1129 3197 1182 lii
3251 1129 3567 1197 intelligun-

1996 1233 2108 1283 tur,
2144 1222 2237 1275 sed
2272 1224 2608 1276 recentiores
2640 1221 2885 1291 ejusdem
2922 1221 3159 1274 nominis
3196 1220 3569 1289 t-tdiguitatis,

1995 1316 2087 1382 qui
2139 1331 2283 1368 anno
2316 1316 2536 1369 circiter
2579 1313 2715 1369 1450
2766 1313 2818 1368 in
2873 1312 3105 1381 imperio
3156 1311 3416 1367 Orientali
3473 1313 3572 1364 sub

1993 1402 2358 1458 Constantino
2394 1402 2722 1473 Palzeologo,
2758 1403 2950 1458 ultimo
2970 1404 3281 1458 Graecorum
3334 1402 3573 1471 impera-

1997 1504 2134 1557 tore,
2191 1492 2551 1563 dignitatibus
2616 1495 2699 1548 his
2752 1495 3124 1562 fungebantur
3179 1510 3193 1546 :
3251 1501 3311 1547 ut
3360 1501 3575 1547 constat

1992 1598 2057 1637 cx
2083 1582 2297 1637 Joanne
2334 1583 2501 1649 Duca,
2533 1587 2687 1654 cujus
2724 1586 3006 1639 historiam
3035 1586 3090 1640 in
3121 1585 3371 1641 manibus
3404 1584 3567 1639 habe-

1992 1688 2114 1727 mus
2147 1674 2280 1741 :qui
2312 1673 2559 1730 Michaeli
2594 1676 2774 1748 Glycm
2829 1678 3127 1747 synchroni
3186 1693 3309 1732 cum
3345 1677 3573 1739 iuerint,

298 1771 691 1840 Creigthonem
721 1784 843 1837 pag.
883 1768 980 1821 5M
1040 1777 1093 1821 et
1129 1767 1251 1821 544.
1304 1767 1358 1820 ιιι
1422 1768 1623 1835 quibus
1663 1768 1882 1836 quidem
1922 1754 1961 1808 Β
1994 1766 2061 1819 ad
2088 1765 2207 1820 illos
2247 1768 2506 1836 epistolas
2559 1769 2776 1826 dedisse
2822 1772 2960 1825 nihil
3015 1772 3214 1825 mirum
3274 1771 3569 1827 videbitur.

300 1862 444 1915 locis
475 1863 738 1931 quasdam
769 1877 834 1915 ex
865 1862 937 1915 iis
964 1862 1202 1929 integras
1233 1860 1542 1927 descripsit,
1570 1859 1644 1913 ita
1678 1869 1734 1914 ut
1756 1876 1878 1915 cum

301 1956 602 2017 scribebat,
658 1955 817 2020 cujus
839 1963 1020 2008 essent
1043 1969 1152 2006 non
1182 1951 1408 2006 omnino
1457 1952 1558 2021 ipsi
1596 1967 1693 2021 pro
1721 1953 1884 2005 indu-

304 2047 475 2099 bitate
507 2048 821 2100 haberetur.
870 2043 927 2099 ld
973 2044 1237 2099 duntaxat
1296 2052 1534 2107 constat,
1590 2043 1885 2097 nonnulla.

308 2155 430 2190 rum
473 2146 778 2201 auctorem,
820 2136 866 2191 si
895 2152 1002 2190 non
1053 2136 1322 2199 omnium,
1374 2135 1572 2189 vixisse
1611 2135 1715 2189 sub
1768 2135 1882 2189 Ma-

306 2230 469 2283 "lit‘ie
526 2228 830 2295 Coruncno,
889 2237 1001 2282 tum
1053 2244 1119 2282 ex
1183 2227 1671 2298 Autapologctico.
1724 2229 1883 2297 cujus

297 2322 675 2382 meliiinimus.
721 2332 835 2375 tum
893 2338 955 2376 ex
1001 2320 1133 2375 viris
1202 2321 1481 2390 primariis
1538 2322 1675 2375 aulae
1741 2321 1882 2376 Con-

296 2412 857 2482 stantinopolitan:c,
910 2414 1112 2484 quibus
1189 2413 1398 2481 aliquot
1461 2414 1880 2469 inscribuntur:

294 2515 467 2574 atque
500 2508 554 2558 in
589 2508 679 2570 iis,
728 2506 936 2560 Joanne
992 2505 1134 2560 Duca
1164 2521 1360 2575 magno
1422 2505 1786 2559 hetaeriarcha
1832 2519 1886 2560 et

295 2597 553 2661 sebasto,
583 2597 738 2665 cujus
765 2610 871 2665 prie
902 2596 1135 2659 caeteris,
1172 2605 1231 2648 ut
1253 2595 1389 2650 alios
1428 2596 1700 2655 omittam.
1735 2611 1883 2649 men-

295 2689 379 2742 tio
411 2689 659 2742 occurrit
690 2688 830 2757 apud
867 2686 1108 2742 Nicetam
1161 2687 1213 2740 in
1255 2685 1437 2740 Alexio
1466 2685 1733 2742 Manuelis
1770 2689 1881 2758 (ilio

294 2796 457 2832 num.
506 2781 535 2831 Ἰ
569 2792 618 2831 et
644 2780 697 2843 9,
730 2790 785 2833 et
818 2778 1065 2832 Manuclc
1094 2776 1377 2833 Comneno
1415 2781 1876 2844 sebastocratore,

291 2871 397 2937 qui
426 2885 539 2923 non
576 2871 717 2923 alius
743 2878 826 2923 est
857 2869 925 2922 ab
955 2882 1044 2933 eo,
1103 2869 1260 2938 cujus
1312 2869 1517 2937 pariter
1580 2867 1881 2924 Cinnamus

294 2960 558 3014 lucttinit
585 2960 725 3013 libro
758 2975 811 3025 v,
844 2977 995 3012 num.
1040 2960 1105 3012 14
1139 2971 1192 3012 el
1222 2959 1308 3015 l5.

1991 1857 2114 1913 Haec
2140 1859 2402 1915 adversus
2434 1862 2791 1929 conjecturas
2848 1862 3090 1918 Dufrenii
3116 1879 3213 1933 pro
3252 1864 3461 1918 Zonara
3489 1863 3571 1917 la-

1988 1958 2124 2001 ctas.
2175 1949 2377 2003 Contra
2439 1962 2622 2006 autem
2681 1953 2894 2007 illorum
2967 1954 3216 2024 plurimze
3290 1954 3572 2011 Michaelis

1986 2039 2167 2109 Glyca:
2196 2055 2392 2095 nomen
2428 2058 2753 2113 expressum
2821 2045 3048 2110 habent,
3110 2046 3384 2116 inscriptae
3430 2063 3569 2101 non-

1988 2132 2150 2186 nulla:
2178 2132 2383 2188 discite
2412 2134 2759 2189 Constantino
2794 2135 3094 2207 Palirologo
3120 2138 3450 2207 imperatori,
3478 2142 3566 2208 qui

1986 2224 2056 2276 ab
2077 2239 2223 2278 anno
2257 2225 2389 2279 1444
2411 2226 2476 2280 ad
2512 2226 2651 2282 1455
2712 2229 3001 2299 imperium
3051 2230 3247 2295 tenuit,
3298 2231 3416 2286 ali:c
3449 2233 3572 2288 aliis

1986 2315 2230 2386 ejusdem
2267 2319 2532 2388 temporis
2567 2320 2697 2375 \iris
2720 2320 3045 2376 illustribus.

2484 2453 2715 2510 CAPUT
2737 2453 3069 2512 TERTIUM.

1987 2562 2126 2641 Quid
2156 2566 2222 2619 de
2249 2567 2819 2641 hisepistoliseditum
2846 2571 3026 2640 fuerit,
3061 2572 3153 2641 qui
3177 2573 3381 2627 codices
3442 2593 3566 2630 mss.

2057 2635 2639 2711 i_l_larum_int1iv_ersis
2673 2635 3025 2703 bibliothecis,
3073 2635 3139 2696 ac
3197 2650 3259 2696 de
3284 2646 3391 2697 illis
3442 2648 3570 2711 quid

2060 2704 2246 2758 Petrus
2276 2704 2580 2761 Lambecius
2609 2712 2810 2762 scribat
2839 2721 2889 2763 et
2934 2712 3130 2766 sentiat
3167 2712 3317 2768 libris
3370 2733 3422 2769 tv
3453 2704 3505 2769 ct
3539 2734 3565 2768 v

2058 2774 2574 2858 Commentariorum
2621 2778 2944 2836 bibliotheca
2990 2780 3248 2837 Cwsarea:
3314 2784 3569 2840 Vindobo-

2059 2860 2257 2899 nensts.

2056 2960 2311 3027 Ejusdem
2355 2961 2625 3016 Michaelis
2683 2962 2862 3035 Clycaz
2912 2968 3389 3037 disputatiunculae
3449 2974 3568 3027 dum

368 3047 594 3106 Falsum
624 3065 785 3119 porro
812 3061 916 3111 est.
946 3050 1089 3120 quod
1120 3050 1315 3104 scribit
1339 3049 1636 3106 Duirenius
1660 3052 1879 3119 allatus,
1909 3078 1951 3134 ο
1989 3050 2179 3104 Latine
2208 3050 2363 3106 iactae
2394 3068 2490 3121 per
2508 3051 2771 3109 Jacobum
2806 3054 3117 3113 Pontanum
3142 3076 3257 3116 soc.
3293 3062 3444 3127 Jesu,
3483 3064 3571 3119 ln-

291 3144 595 3212 (‘pielOlam
622 3158 818 3209 nempe
852 3143 921 3197 38
985 3144 1144 3213 hujus
1188 3144 1529 3199 collectionis
1588 3159 1711 3200 esse
1766 3144 1879 3201 Ma-

288 3234 479 3289 nuclis
506 3237 766 3290 Comneni
798 3236 1146 3305 imperatoris
1160 3236 1225 3289 ad
1249 3235 1497 3306 Alypium
1528 3236 1878 3302 monachum,

292 3344 461 3397 quem
498 3343 527 3381 a
560 3328 743 3383 studio
779 3328 1087 3399 astrologia
1119 3338 1369 3383 avertere
1418 3326 1732 3383 omnimode
1754 3329 1880 3383 niti-

295 3430 437 3473 tur:
474 3419 724 3489 nihilque
779 3419 834 3473 in
874 3419 975 3473 hoc
1024 3417 1398 3485 Collectaneo,
1459 3418 1605 3486 quod
1665 3426 1879 3487 spectet

299 3512 367 3563 ad
410 3511 801 3581 “turpet-storem
829 3511 995 3577 hunc,
1051 3526 1210 3580 quam
1250 3510 1732 3578 Antapologeticus.
1785 3510 1875 3579 qui

305 3616 503 3655 nurnen
536 3602 659 3671 ejus
681 3600 919 3671 prtel'crt,
976 3611 1029 3656 et
1060 3601 1178 3657 loco
1207 3603 1275 3657 39
1333 3603 1659 3658 collocatur.
1706 3603 1878 3657 Porro

296 3709 422 3745 cum
452 3694 1007 3764 Alypiusastrologia
1050 3696 1247 3749 mirum
1281 3696 1334 3747 in
1378 3697 1600 3749 modum
1636 3694 1878 3750 allicere-

292 3797 407 3847 tur,
438 3801 540 3839 nec
595 3786 837 3840 studium
879 3787 998 3856 ejus
1042 3786 1296 3841 hortante
1364 3787 1627 3843 Michaele
1687 3788 1873 3859 Glyca,

286 3877 427 3929 licet
446 3880 718 3931 monacho
745 3878 925 3933 minus
953 3880 1291 3934 conveniens
1326 3880 1633 3950 relinquere
1668 3883 1827 3936 vellet
1858 3898 1870 3935 :

290 3970 552 4035 bipistolae
585 3970 862 4025 Michaelis
921 3971 1121 4041 Glycze.
1187 3988 1256 4025 ne
1295 3972 1443 4026 illum
1499 3984 1875 4042 exasperaret,

284 4060 629 4126 respondere
675 4060 888 4123 nolens,
924 4075 1024 4131 pro
1074 4061 1431 4131 responsione
1465 4062 1640 4123 uAsit.
1675 4062 1741 4116 ad
1786 4066 1870 4119 sui

282 4151 761 4219 justiticationem,
794 4151 1285 4223 Antapologeticum
1314 4150 1580 4207 Manuelis
1613 4150 1871 4207 Conmeni

286 4244 651 4308 imperatoris,
679 4258 841 4312 quem
875 4244 1016 4298 inter
1059 4244 1275 4298 codices
1306 4258 1435 4299 suos
1489 4243 1747 4307 habebat,
1806 4243 1873 4298 ab

284 4335 456 4387 annis
483 4335 696 4388 circiter
720 4334 823 4390 300
845 4335 1217 4405 conscriptum
1270 4334 1325 4387 in
1364 4335 1591 4405 gratiam
1641 4336 1873 4390 astrolo-

1986 3143 2261 3214 golstadii,
2285 3160 2432 3199 anno
2455 3145 2607 3215 1601,
2633 3148 2686 3201 in
2709 3148 2760 3214 4,
2782 3165 2902 3204 cum
2939 3149 3159 3221 Dioptra
3184 3153 3416 3224 Philippi
3435 3155 3566 3210 Soli-

1987 3235 2131 3300 tarii,
2157 3251 2278 3305 qua:
2303 3236 2489 3293 Graaee
2516 3254 2735 3309 quoque
2764 3256 2892 3296 mss.
2916 3252 3131 3297 exstant
3154 3246 3211 3299 in
3236 3245 3568 3303 bibliotheca

1980 3325 2227 3381 Caesarea
2264 3325 2550 3385 Viennensi
2599 3341 2655 3386 et
2690 3333 2743 3386 in
2797 3334 3110 3404 Augustana
3153 3339 3278 3392 cod.
3312 3338 3379 3393 57
3411 3356 3425 3392 :
3462 3339 3567 3393 Μία
3644 3349 3656 3363 '

1982 3418 2175 3472 chaelis
2194 3418 2370 3489 Glyca:
2389 3422 2759 3491 explicationes
2789 3427 3124 3481 obscurorum
3152 3428 3585 3491 locorumsacm,
3668 3434 3687 3445 ¹

1981 3507 2271 3577 Scriptura:
2302 3527 2321 3566 :
2349 3514 2431 3567 vel
2464 3523 2520 3568 ut
2554 3516 2605 3568 iu
2632 3516 3006 3585 imperatoria,
3034 3520 3279 3588 ejusdem
3305 3520 3566 3585 Quaestio-

1982 3618 2070 3655 nes
2115 3611 2163 3655 et
2196 3605 2551 3660 dubitationes
2607 3608 2661 3661 in
2712 3607 3072 3680 Scriptorum,
3120 3628 3241 3682 quae
3298 3614 3566 3676 nondum,

1979 3696 2123 3764 quod
2166 3697 2361 3763 sciam,
2427 3700 2710 3770 impressa:
2746 3712 2873 3756 sunt
2907 3720 2921 3756 :
2957 3703 3023 3757 de
3079 3705 3281 3773 quibus
3332 3706 3569 3771 loquitur

1977 3789 2248 3843 Antonius
2285 3789 2786 3849 Possevinustomo
2816 3792 2867 3847 11
2896 3796 3200 3863 Apparatus
3239 3800 3408 3860 sacri,
3440 3816 3565 3870 pag.

1981 3880 2101 3933 “2.
2131 3880 2371 3936 Joannes
2398 3882 2642 3952 Baptista
2680 3883 2985 3943 Cotelcrius
3021 3887 3072 3941 iu
3116 3891 3261 3945 notis
3286 3891 3356 3944 ad
3387 3890 3564 3959 Opera

1976 3968 2076 4025 SS.
2111 3970 2355 4035 Patrum,
2390 3975 2482 4043 qui
2518 3977 2855 4043 temporibus
2887 3980 3206 4046 apestolicis
3231 3979 3560 4049 ﬂoruerunt,

1979 4063 2088 4115 Col.
2126 4063 2214 4130 77,
2248 4065 2329 4117 lit.
2392 4064 2430 4117 Ε
2479 4065 2703 4135 inquit:
2749 4067 2876 4132 Quia
2922 4070 3086 4122 etiam
3146 4071 3272 4122 citat
3337 4072 3566 4125 Michael

1977 4151 2168 4224 Clycas
2200 4157 2251 4209 in
2277 4156 2412 4209 libro
2439 4159 2728 4224 posteriore
2783 4162 2949 4229 aperis
2982 4162 3074 4224 Ei;
3119 4161 3187 4214 τὰ
3220 4164 3400 4233 ἄπορα
3463 4166 3563 4236 τῆς

1978 4246 2226 4317 Γραφῆς,
2259 4263 2377 4316 cap.
2406 4247 2497 4301 52.
2535 4247 2798 4305 Exstatid
2822 4267 2953 4321 opus
3013 4270 3111 4307 ms.
3153 4255 3207 4307 in
3258 4255 3564 4311 bibliotheca

1980 4338 2227 4403 Thuana,
2278 4343 2731 4413 compositumque
2764 4352 2839 4396 est
2905 4359 2969 4397 ea:
3016 4346 3305 4401 orthodoxa
3357 4348 3460 4416 ﬁde
3503 4346 3560 4402 S.

286 4432 413 4499 giae,
451 4445 556 4497 qua
581 4429 974 4483 delectabatur.
1045 4429 1222 4498 Atque
1253 4427 1355 4482 hoc
1412 4428 1576 4481 modo
1628 4428 1867 4483 studium
1906 4428 1948 4482 D
1976 4430 2198 4483 Joannis
2236 4430 2567 4497 Damasceui,
2595 4434 2814 4504 adjectis
2860 4435 3128 4490 nonnullis
3158 4437 3389 4491 aliorum
3455 4440 3564 4493 Ρη·-

286 4538 453 4575 suum
489 4520 895 4576 commendavit
949 4519 1267 4587 instantius,
1323 4536 1485 4590 quam
1523 4522 1566 4574 si
1608 4521 1723 4590 ipse
1786 4537 1871 4573 re-

286 4615 647 4679 sponsionem
674 4615 949 4684 propriam
992 4612 1241 4669 Michaeli
1294 4612 1471 4683 Glycte
1529 4613 1868 4667 adornasset.

288 4706 425 4759 Nam
460 4708 564 4761 hoc
600 4708 762 4761 modo
783 4707 1129 4777 astrologiam
1162 4707 1337 4761 multo
1370 4708 1542 4777 magis
1586 4721 1871 4760 commen-

290 4803 475 4861 dabat,
512 4817 675 4869 quam
705 4801 1003 4869 imperator
1031 4798 1251 4854 Gnaeus
1286 4808 1412 4854 ante
1454 4808 1735 4853 trecentos
1765 4813 1866 4851 au-

292 4911 393 4945 ims
424 4894 748 4946 defenderat
786 4893 1054 4946 adversus
1115 4892 1519 4961 vituperatores
1575 4901 1633 4943 et
1686 4906 1873 4943 mona-

292 4988 450 5037 rhum
484 4985 775 5055 quemdam
828 4985 902 5037 illi
958 4984 1331 5037 insultantem.
1376 4982 1869 5051 Antapologcticum.

291 5078 454 5146 igitur
496 5093 613 5131 esse
646 5077 910 5132 Maunelis
944 5076 1207 5131 Comucni
1241 5076 1617 5146 agnoscimus,
1652 5082 1706 5127 at
1749 5075 1868 5144 epi-

287 5170 482 5225 stolam
510 5169 578 5223 58
613 5172 1006 5237 prmi-edentem
1040 5168 1229 5239 Alypio
1276 5168 1547 5221 monacho
1603 5168 1863 5236 scriptam

288 5264 459 5315 fuisse
498 5278 525 5314 a
571 5261 836 5315 Michaele
875 5260 1038 5331 Glyca
1076 5262 1336 5313 Adversus
1389 5259 1691 5329 astrologia:
1748 5269 1862 5314 stu-

287 5357 437 5405 aium
470 5365 705 5408 constat.
737 5354 885 5407 Nihil
922 5354 1084 5423 igitur
1108 5352 1350 5408 occurrit
1381 5352 1434 5405 in
1467 5353 1552 5405 bis
1594 5352 1862 5421 epistolis,

287 5463 398 5511 quo
426 5448 687 5515 probetur
719 5447 840 5500 illas
862 5447 928 5500 ad
961 5445 1231 5499 Joannem
1265 5445 1531 5500 Zonaram
1558 5445 1862 5515 pertinere,

284 5538 377 5605 qui
410 5540 641 5594 maxime
681 5540 784 5593 sub
816 5539 1002 5593 Alexio
1027 5539 1326 5604 Comneno,
1383 5538 1474 5608 qui
1529 5552 1673 5591 anno
1727 5534 1864 5590 1118

288 5634 547 5686 uortuus
610 5633 832 5703 legitur,
893 5632 1096 5695 lloruit,
1157 5647 1219 5686 ac
1282 5632 1471 5700 paucis
1527 5640 1647 5699 post
1701 5628 1861 5684 annis

287 5720 502 5776 Joanne
524 5726 696 5779 Μοκῆ
725 5726 832 5781 ﬁlio
878 5725 1180 5793 imperante
1214 5724 1335 5778 latis
1365 5723 1549 5778 CCSall.

1979 4532 2144 4576 trum.
2197 4523 2416 4591 Aliquot
2456 4524 2621 4577 ctiam
2675 4535 2939 4581 tractatus
2995 4527 3260 4585 hactenus
3324 4534 3562 4586 lnt‘dilos

1980 4621 2231 4666 recenset
2265 4611 2375 4671 Leo
2411 4613 2639 4667 Allatius
2667 4613 2746 4667 De
2775 4631 3025 4669 consensu
3061 4617 3337 4687 utriusque
3385 4619 3564 4673 Eccle-

1976 4704 2093 4769 siae,
2129 4704 2221 4759 lib.
2246 4721 2303 4768 tl,
2338 4721 2459 4774 cap.
2497 4705 2583 4772 18,
2615 4721 2828 4778 paragr.
2859 4706 2946 4772 17,
2990 4723 3188 4779 nempe
3218 4708 3431 4762 Librum
3492 4714 3564 4766 ad

1979 4795 2275 4850 Maximum
2307 4796 2619 4851 Sineniotem
2660 4799 2723 4851 de
2757 4802 3081 4868 processione
3142 4801 3383 4870 Spiritus
3436 4820 3563 4857 san-

1976 4889 2067 4950 cti,
2094 4890 2254 4956 cujus
2288 4890 2650 4957 fragmentum
2681 4890 2847 4944 habet
2869 4891 3073 4945 ibidem
3109 4893 3201 4947 lib.
3240 4910 3325 4957 ιιι,
3351 4911 3470 4965 cap.
3500 4895 3554 4963 2,

1978 4982 2095 5052 §3.
2132 4983 2210 5035 Ad
2258 4982 2517 5045 eumdem,
2569 5001 2638 5037 an
2682 4982 2922 5039 Christus
2978 4984 3165 5055 azyma
3211 4988 3262 5040 in
3311 5004 3557 5055 suprema

1972 5088 2119 5127 caena
2180 5091 2305 5128 usus
2358 5076 2449 5129 sit.
2488 5076 2567 5128 Ad
2610 5075 2815 5129 Isaiam
2878 5082 3193 5131 monachum
3242 5081 3303 5133 de
3346 5082 3553 5135 aninm-

1972 5167 2065 5220 bus
2094 5184 2125 5219 a
2155 5184 2371 5236 corpore
2404 5171 2692 5237 separatis.
2733 5170 2933 5225 Verum
2968 5172 3019 5224 hi
3061 5186 3254 5227 omnes
3289 5182 3555 5230 tractatus

1973 5258 2050 5311 nil
2076 5258 2219 5311 aliud
2248 5259 2379 5313 mihi
2406 5275 2525 5314 esse
2555 5260 2827 5328 videntur,
2862 5278 3022 5332 quam
3046 5265 3292 5335 epistola:
3318 5264 3555 5320 Michae-

1971 5351 2036 5403 lis
2071 5348 2269 5420 Glycae,
2302 5352 2574 5420 inquibus
2613 5353 2911 5423 Scriptura;
2939 5356 3054 5410 loca
3079 5357 3298 5425 quidem
3322 5358 3552 5413 obscura

1973 5442 2054 5497 vel
2090 5457 2446 5499 controversa
2507 5447 2766 5516 explicat.
2819 5446 3050 5519 Scripsit
3084 5450 3231 5504 enim
3289 5449 3552 5520 epistolas

1972 5535 2177 5604 plures,
2211 5552 2274 5591 ex
2296 5539 2495 5606 quibus
2523 5540 2753 5609 plurima
2785 5540 3113 5611 fragmenta,
3171 5558 3272 5597 nec
3299 5551 3549 5596 contem-

1969 5628 2143 5682 nenda
2167 5628 2407 5697 quidem,
2427 5645 2531 5683 nou
2572 5647 2681 5683 uno
2701 5632 2751 5683 in
2784 5630 2903 5685 loco
2931 5633 3152 5687 adducit
3173 5631 3281 5685 Leo
3299 5630 3550 5697 Allatius,

1970 5721 2020 5773 in
2059 5735 2218 5788 opere
2248 5719 2320 5773 Dc
2350 5737 2595 5774 consensu
2630 5722 2901 5789 utriusque
2942 5718 3187 5773 Ecclesia‘
3228 5717 3540 5779 Occidenta:
