4052 6200
376 266 579 307 λχκτζι-

1180 253 1725 314 EPISTOLARU‘M
1776 250 2148 310 RECENSIO
2193 253 2291 311 EX
2333 252 2495 314 COD.
2542 252 2822 313 CBSAR.

3456 263 3630 302 Χὶκὶνε

371 370 525 425 κατά
580 384 725 421 τιναο
753 366 916 420 τόπον
962 365 1401 436 ἀναπαυόμεναι,
1450 364 1510 417 οὐ
1550 362 1761 417 δέονται
1789 364 1950 415 αὐτο·-
1983 373 2021 425 Α
2058 380 2132 423 σι.
2172 366 2267 417 καὶ
2312 362 2400 417 διά
2445 363 2662 417 πάντων
2693 363 2721 417 ὀ
2752 361 3001 426 διάὸσλός
3035 363 3161 416 ἐστι
3192 361 3521 434 πρωταίτιος
3564 365 3621 415 έν

373 460 696 531 προσώπως
743 458 888 527 ὑπὲρ
926 456 1083 527 ἡμῶν
1118 454 1193 527 τῷ
1249 455 1471 526 Χριστῷ
1517 454 1945 526 παριστάμεναι,

372 555 506 607 οὐτε
532 554 645 615 τοῖς
692 549 931 605 ἐνταῦθα
981 550 1120 612 ὅλως
1168 549 1512 616 ἐφίστανται,
1556 548 1653 599 καὶ
1683 548 1812 617 ’περὶ⁸
1846 547 1949 616 ψυ-

372 647 504 713 χῆς.
527 644 593 697 Oi
613 641 946 702 ἀπελθόντες
963 639 1132 707 ἅγιοι,
1152 637 1339 700 καθὼς
1359 636 1719 708 ἐδιδάχθημεν
1740 635 1817 706 (1)
1839 646 1947 691 etc.

385 737 652 790 Vicesima
687 751 705 789 :
738 732 828 805 Τῷ
878 732 1196 803 τιμιωτάτῳ
1250 729 1469 800 μοναχῷ
1522 729 1676 802 κυρῷ
1714 727 1952 799 Ἀλυπίῳ

376 829 458 900 τῷ
497 828 802 896 ὲγκλείστῳ
859 828 990 893 περὶ
1043 822 1137 876 τοῦ
1193 822 1312 885 πῶς
1462 822 1793 890 μετάστασις
1849 819 1949 890 τῆς

390 918 783 988 ’Δειπαρθένου
844 918 1058 985 γέγονε,
1126 916 1221 970 καὶ
1288 916 1336 967 εί
1397 904 1615 985 άληθῶς
1675 916 1736 966 ἐκ
1778 913 1951 982 τάφου

377 1012 686 1081 ἐγήγερται
725 1010 867 1061 κατά
930 1008 1029 1077 τὴν
1086 1008 1150 1061 ὲκ
1200 1006 1414 1076 νεκρῶν
1466 1004 1559 1058 τοῦ
1618 1004 1822 1073 Κυρίου
1856 1006 1951 1057 καὶ

378 1101 636 1169 Σωτῆρος
668 1098 825 1169 ἡμῶν
855 1099 1094 1170 ἔγερσιν.
1128 1099 1266 1166 Περὶ
1293 1097 1352 1149 δὲ
1381 1098 1491 1150 τῶν
1523 1097 1952 1166 συμϐεϐηκότων

374 1199 443 1264 τῇ
487 1191 860 1261 ’Δειπαρθένῳ
912 1190 1005 1243 τοῦ
1060 1190 1267 1257 Κυρίου
1324 1187 1510 1258 Μητρὶ
1559 1186 1702 1239 κατά
1738 1203 1801 1255 γε
1852 1185 1951 1257 τὴν

375 1284 554 1352 αὐτῆς
583 1283 845 1351 κοίμησιν
870 1290 979 1334 etc.
1023 1280 1274 1333 Vicesima
1315 1280 1489 1349 prima
1528 1295 1544 1331 :
1580 1277 1670 1346 Τῷ
1716 1278 1950 1347 μεγαλο-

376 1374 654 1442 εοξοτάτῳ
721 1371 948 1439 μεγάλῳ
1006 1370 1338 1440 ἑταιριάρχῃ
1389 1367 1543 1437 κυρῷ
1596 1368 1820 1440 Ἰωάννῃ
1873 1368 1953 1437 τῷ

384 1464 581 1516 Δουκί.
618 1462 679 1515 Ei
708 1464 735 1514 ό
760 1461 996 1532 Χριστὸς
1042 1460 1141 1530 τὴν
1170 1460 1266 1511 ἐπὶ
1305 1458 1512 1511 δώδεκα
1546 1457 1752 1527 θρόνων
1785 1458 1951 1512 καθέ-

378 1557 520 1626 δραν
554 1555 823 1623 ὑπέσχετο
853 1554 1037 1605 δοῦναι
1085 1555 1197 1614 τοῖς
1248 1551 1540 1621 μαθηταῖς,
1574 1550 1954 1622 συμπαρόντος

376 1650 571 1711 αὐτοῖς
608 1648 706 1700 καὶ¹
732 1646 824 1699 τοῦ
856 1645 1120 1714 προδότου
1159 1643 1367 1706 Ἰούδας
1402 1642 1631 1712 Μήποτε
1660 1640 1720 1695 τδ
1759 1639 1956 1709 μέλλον

2050 455 2185 524 ἡμῖν
2215 454 2324 507 τῷν
2368 454 2581 509 κακῶν.
2618 455 2739 509 Ὅτι
2777 455 2876 525 μὲν
2917 450 3034 522 οὐν,
3065 454 3367 525 ήγιασμένε
3399 470 3490 523 μοι
3511 453 3623 508 Ili-

2053 562 2171 615 τερ,
2209 547 2445 617 σπορεὺς
2492 547 2593 616 τῆς
2644 547 2844 612 κακίας
2870 557 2979 604 etc.
3042 547 3328 603 Tricesima
3360 562 3379 601 :
3412 545 3503 616 Τῷ
3528 546 3628 599 αύ-

2023 636 2153 708 κτῷ,
2188 637 2335 700 τίνος
2383 639 2571 692 ἕνεκεν
2614 640 2641 691 ὁ
2682 640 2936 711 Χριστὸς,
3010 639 3107 693 καὶ
3137 641 3228 695 διὰ
3276 639 3330 694 τί
3375 640 3527 709 παρά
3556 642 3623 709 τῇ

2052 730 2248 802 Γραφῇ
2275 730 2421 796 λίθος
2452 732 2700 785 καλεῖται
2727 734 2823 785 καὶ
2860 734 3170 804 μάργαρος.
3205 734 3318 788 Καὶ
3345 732 3493 795 λίθος
3527 733 3628 801 μὲν

2052 822 2242 886 ἁπλῶς
2304 823 2449 876 οὕτω
2497 824 2744 876 καλεῖται
2777 834 2886 880 etc.
2948 824 3229 880 Tricrsima
3282 826 3455 895 prima
3491 842 3509 878 :
3534 823 3661 892 Τῷ

2054 910 2227 975 αὐτῷ.
2266 908 2347 963 Τὰ
2380 910 2436 962 δὲ
2471 911 2617 965 κατά
2670 912 2761 967 τδν
2796 912 3106 983 ἀδάμαντα,
3148 913 3265 977 πῶς
3298 899 3665 982 ὲκληπτέον.ι

2058 1001 2215 1053 Ἐστι
2251 1002 2345 1055 καὶ⁸
2396 1002 2541 1065 λίθος
2573 1003 2791 1069 ἀδάμας
2822 1004 2964 1058 οὕτω
2999 1005 3334 1076 καλούμενος
3363 1016 3469 1062 etc.
3508 1007 3627 1061 Tri-

2056 1092 2248 1144 cesima
2297 1094 2525 1147 secunda
2554 1111 2571 1149 :
2600 1095 2690 1166 Τῷ
2722 1096 2892 1166 αὐτῷ.
2929 1096 2994 1149 Τί
3035 1096 3081 1151 δ’
3122 1097 3187 1151 ἄν
3230 1115 3315 1162 τις
3359 1098 3490 1169 είπῃ
3534 1100 3629 1150 καὶ

2056 1181 2184 1249 περὶ
2223 1183 2323 1253 τῆς
2360 1185 2728 1254 μαγνήτιδοςς
2778 1187 2922 1257 Ὅρα
2978 1189 3072 1241 καὶ
3118 1188 3307 1258 ἔτερόν
3350 1205 3404 1241 τι
3444 1190 3627 1259 παρά*

2056 1273 2206 1339 δοξον
2251 1284 2359 1329 etc.
2395 1275 2676 1331 Tricesima
2715 1280 2870 1333 tertia
2906 1297 2925 1334 :
2954 1280 3045 1350 Τῷ
3085 1280 3256 1349 αὐτῷ.
3293 1280 3359 1333 Τί
3404 1281 3511 1351 χρὴ
3539 1280 3643 1332 λέ·-Δ

2058 1382 2177 1431 γειν
2207 1365 2305 1434 τὴν
2339 1366 2431 1419 τοῦ
2468 1367 2678 1436 Κυρίου
2711 1370 2970 1437 γενέσθαι
3005 1370 3292 1442 σύλληψιν.
3340 1373 3449 1426 Καὶ
3470 1370 3631 1434 τοῦτο
3662 1412 3667 1416 .

2060 1456 2197 1523 μετά
2233 1458 2340 1509 τῷν
2373 1457 2545 1511 ἄλλων
2578 1460 2778 1516 ειδέναι
2797 1478 2855 1514 σε
2888 1463 3018 1533 χρὴ,
3046 1462 3313 1516 θεοείκελα
3341 1463 3495 1532 ἄνερ,
3518 1470 3628 1517 etc.

2058 1546 2338 1601 Ti'icesinza
2363 1560 2559 1619 quarta
2588 1568 2607 1605 :
2639 1551 2729 1621 Τῷ
2767 1552 2938 1623 αὐτῷ.
2965 1554 3088 1616 Πῶς
3120 1554 3175 1607 δὲ
3202 1554 3502 1625 ὲκληπτέον
3533 1552 3632 1608 καὶ

2059 1640 2120 1691 τὸ
2149 1640 2242 1691 τοῦ
2268 1641 2328 1693 ὲν
2355 1641 2530 1711 ἁγίοις
2557 1643 2837 1715 Θεοδώρου
2865 1645 2959 1698 τοῦ
2986 1647 3272 1700 Στουδίτου
3309 1649 3628 1716 τροπάριον,

376 1741 659 1809 ῆγνοησες
715 1733 835 1790 Κάν
884 1735 1061 1805 τούτῳ
1108 1733 1520 1805 διαπορουμένῃ
1576 1735 1642 1803 τῇ
1701 1732 1952 1801 εὐγενείᾳ
1985 1726 2025 1781 Β
2056 1728 2115 1779 τὸ
2148 1730 2349 1785 οὑτωσὶ
2379 1732 2574 1799 λέγων·
2604 1734 2773 1787 Βάθει
2800 1734 2909 1788 τῶν
2936 1737 3227 1806 κριμάτων
3260 1753 3375 1796 σου,
3402 1736 3633 1805 Χριστὲ,

382 1849 483 1884 σου
512 1840 622 1885 etc.
703 1828 961 1883 Vicesima
996 1827 1224 1881 secunda
1260 1840 1278 1877 :
1316 1824 1408 1894 Τῷ
1439 1827 1756 1894 τιμιωτάτῳ
1790 1841 1953 1893 μονα-

379 1922 463 1992 χῷ
503 1921 600 1973 καὶ
641 1920 951 1989 δομεστίκῳ
993 1918 1147 1987 κυρῷ
1194 1915 1414 1986 Ἡσαΐᾳ.
1450 1914 1513 1967 Ei
1562 1919 1703 1968 κατά
1740 1915 1800 1967 τὸ
1826 1914 1955 1983 ὡρι-

386 2013 611 2080 σμένον,
647 2012 723 2074 ὡς
758 2011 1100 2079 γέγραπται,
1134 2006 1270 2076 πρὸς
1299 2006 1361 2059 τὸ
1397 2007 1567 2068 πάθος
1599 2006 1739 2059 ἑκὼν
1760 2005 1953 2075 ἐλήλυ-

390 2105 482 2156 θεν
514 2104 541 2155 δ
583 2102 820 2173 Χριστὸς
850 2102 939 2155 διά
970 2101 1068 2170 τὴν
1104 2099 1198 2152 τοῦ
1232 2099 1440 2167 κόσμου
1476 2097 1777 2166 σωτηρίαν,
1808 2097 1954 2158 τίνος

387 2194 575 2245 ἕνεκεν
616 2194 921 2261 ἀγανακτεῖ
960 2190 1103 2245 κατὰ
1151 2192 1260 2243 τῶν
1300 2188 1735 2257 σταυρωσάντων
1766 2186 1950 2251 αὐτὸν,

382 2287 480 2338 καὶ
513 2284 601 2339 διὰ
644 2287 699 2338 τί
739 2282 836 2336 τοῦ
876 2284 1087 2352 Πατρδς
1132 2284 1335 2347 δέεται,
1382 2282 1594 2350 λέγων’
1633 2298 1652 2331 ι
1694 2280 1957 2349 ’Δνάστη-

384 2378 486 2428 σόν
518 2392 609 2446 με,
644 2376 741 2428 καὶ
770 2375 1137 2428 ἀνταποδώσω
1166 2375 1373 2436 αὐτοῖς.
1412 2391 1430 2423 ι
1471 2373 1593 2425 Ὅτι
1625 2371 1724 2442 μὲν
1759 2370 1853 2425 οὖν
1884 2369 1954 2422 δι’

374 2469 536 2538 ἡμᾶς
566 2470 593 2520 ό
626 2468 759 2530 Θεὸς
794 2467 966 2534 Λόγος
999 2466 1289 2536 ἅνθρωπος
1321 2464 1510 2532 γέγονε
1545 2472 1653 2520 etc.
1696 2462 1953 2519 Vicesima

378 2563 545 2614 tertia
602 2575 620 2613 :
669 2559 757 2629 Τῷ
810 2559 1127 2629 τιμιωτάτῳ
1177 2556 1329 2628 κυρῷ
1366 2556 1586 2627 μοναχῷ
1650 2557 1954 2627 Ὀνουφρίῳ

373 2652 521 2719 περὶ
562 2649 656 2703 τοῦ
688 2648 742 2702 τί
789 2653 896 2719 χρῆ
955 2650 1048 2701 καὶ
1078 2648 1261 2715 λέγειν
1291 2646 1383 2698 ἐπὶ
1429 2646 1537 2699 τῶν
1575 2645 1821 2698 ἀπίστων
1855 2645 1955 2715 μὲν

374 2743 578 2804 ὄντων,
614 2742 1001 2812 πορευομένων
1025 2740 1078 2793 δὲ
1107 2740 1254 2809 ὅμως
1286 2739 1409 2791 κατ’
1441 2738 1683 2808 ἐντολήν.
1722 2738 1779 2790 Ὀ
1812 2736 1955 2799 θεῖος

391 2833 754 2895 Ἀιαστάσιος
788 2834 922 2902 περὶ
951 2832 1143 2883 τούτου
1177 2832 1274 2885 καὶ
1306 2832 1432 2884 τάδε
1459 2830 1624 2899 φησὶν
1659 2837 1766 2885 etc.
1807 2827 1957 2883 Viae.

374 2928 521 2978 sima
564 2934 754 2995 quarta
787 2942 807 2980 :
867 2923 957 2995 Τῷ
1003 2922 1319 2989 οἰκειοτάτῳ
1371 2921 1646 2994 ἀνθρώπῳ
1685 2920 1780 2974 τοῦ
1823 2938 1959 2991 κρα-

371 3016 544 3070 ταιοῦ
576 3019 669 3070 καὶ
700 3016 857 3084 ἁγίου
884 3014 1037 3084 ὑμῶν
1064 3014 1323 3068 αὐθέντου
1358 3015 1452 3066 καὶ
1478 3012 1766 3083 βασιλέως,
1802 3011 1955 3083 κυρῷ
1980 3055 2022 3113 c

376 3111 692 3181 Νικηφόρῳ
753 3110 831 3180 τῷ
880 3110 1124 3180 Σιναῖτῃ.
1200 3108 1261 3160 Εί
1314 3106 1422 3177 χρὴ
1482 3107 1777 3177 προσέχειν
1838 3106 1953 3168 τοῖς

378 3206 638 3273 λέγουσιν
669 3207 751 3258 ὅτι
800 3206 862 3258 τὸ
918 3204 1118 3257 διδόναι
1166 3203 1274 3257 τῷν
1312 3203 1519 3254 λοιπῶν
1562 3200 1821 3254 εὐποιιῶν
1860 3202 1956 3253 καὶ

379 3296 715 3367 προσφορῶν
770 3298 1042 3367 κρεῖττον,
1103 3296 1200 3348 καὶ
1248 3295 1333 3346 ὅτι
1391 3293 1518 3355 τοὺς
1578 3290 1953 3362 ἐλεημοσύνην

381 3387 679 3448 ποιοῦντας
702 3386 765 3438 οὐ
798 3386 905 3457 χρὴ
946 3383 1089 3439 κατά
1120 3401 1172 3436 τι
1210 3379 1679 3455 παρατηρεῖσθαι,
1703 3380 1779 3443 ὡς
1807 3381 1953 3433 έκεῖ-

384 3481 466 3531 νοί
494 3497 653 3547 φασι.
682 3480 744 3531 Ei
776 3478 829 3530 δὲ
865 3478 980 3541 καὶ,
1018 3476 1189 3530 Παντὶ
1210 3474 1287 3547 τῷ
1311 3473 1555 3528 αἰτοῦντί
1583 3490 1641 3525 σε
1669 3473 1813 3526 δίδου
1842 3480 1949 3528 etc.

394 3574 638 3627 Vicesima
672 3574 856 3642 quinta
886 3586 903 3623 :
933 3569 1022 3639 Τῷ
1053 3567 1222 3638 αὑτᾷ.
1266 3567 1388 3619 Ἔτι
1427 3567 1519 3619 καὶ
1550 3564 1707 3618 τοῦτο
1738 3564 1953 3633 ἠπόρη-

380 3682 496 3729 ται,
532 3666 579 3716 εί
610 3664 677 3715 τὰ
712 3661 854 3731 μετά
884 3659 982 3731 τὴν
1011 3658 1375 3713 δωδεκαετίαν
1415 3656 1613 3709 αὐτίκα
1638 3654 1769 3723 παρ’
1795 3653 1954 3723 ἡμῶν

380 3752 861 3824 πλημμελούμενα
900 3752 982 3813 είς
1037 3750 1223 3823 κρίσιν
1280 3748 1634 3819 ἀχθήσονται.
1689 3746 1810 3798 Ὀτι
1854 3743 1955 3815 μὲν

376 3846 478 3898 οὖν
519 3847 546 3897 δ
603 3845 869 3914 ἡμέτερος
917 3839 1042 3903 νοῦς
1100 3839 1241 3911 μετά
1290 3840 1389 3908 τὴν
1444 3833 1812 3890 δωδεκαετίαν
1843 3844 1950 3888 etc.

2057 1820 2352 1888 πανσόιρως
2412 1823 2731 1893 προώρισας
2796 1826 3028 1880 ἑκάστου
3088 1826 3277 1889 τέλους
3339 1825 3485 1895 ζωῆς
3538 1827 3632 1877 τδν

2056 1909 2219 1960 τόπον
2253 1913 2347 1963 καὶ
2372 1915 2463 1965 τὸν
2493 1914 2712 1984 τρόπον·
2737 1917 2817 1969 διδ
2834 1917 2924 1979 οὓς
2954 1918 3192 1986 ἐκάλυψε
3208 1922 3375 1986 τάφος
3394 1920 3450 1971 ὲν
3483 1917 3634 1989 πάσῃ
3658 1975 3673 1989 π

2059 1999 2232 2070 χώρᾳ,
2256 2001 2314 2053 ὲν
2346 2004 2413 2071 τῇ
2446 2004 2629 2073 κρίσει
2683 2006 2883 2074 σῶσον,
2916 2011 3361 2076 πανοικτίρμων.
3397 2009 3541 2079 Πρδς
3569 2008 3632 2061 τὸ

2057 2093 2450 2165 εὐσεϐέστερον
2491 2096 2652 2167 δῆθεν
2693 2102 2842 2163 τινὲς
2893 2101 3281 2166 ἀποκλίνοντες
3315 2113 3423 2157 etc.
3460 2101 3634 2157 Trice-

2058 2184 2193 2239 sima
2219 2185 2403 2253 quinta
2428 2202 2448 2239 :
2480 2188 2571 2258 Τῷ
2605 2192 2964 2262 πανσεσάστῳ
2998 2192 3250 2264 σεϐαστῷ
3280 2193 3434 2265 κυρῷ
3480 2195 3638 2249 Κων-

2060 2278 2331 2350 σταντίνῳ
2365 2278 2444 2349 τῷ
2491 2282 2865 2356 Παλαιολόγῳ.
2904 2286 2968 2339 Et
3018 2286 3125 2359 χρὴ
3175 2288 3469 2359 προσέχειν
3519 2291 3634 2351 τοῖς

2056 2368 2332 2437 λέγουσιν,
2352 2373 2436 2425 ὅτι
2469 2375 2862 2445 προωρισμένα
2881 2376 2989 2429 εἶσὶ
3018 2378 3086 2430 τὰ
3109 2378 3234 2431 καθ’
3255 2380 3399 2448 ἡμᾶς
3434 2379 3632 2444 πάντα,

2058 2463 2114 2513 αἱ
2142 2462 2360 2531 ἀρεταὶ,
2396 2466 2450 2517 αί
2488 2466 2809 2539 εύπραγίαι,
2864 2470 2916 2523 oi
2965 2470 3243 2541 περασμοὶ
3276 2473 3370 2526 καὶ
3406 2471 3568 2535 «ora;
3605 2474 3635 2522 ὁ

2061 2553 2317 2618 θάνατος.
2365 2558 2429 2611 Ei
2455 2557 2512 2613 δὲ
2547 2560 2642 2614 καὶ
2671 2560 3035 2624 ἀπαιδεύτους
3068 2562 3132 2616 τά
3165 2561 3286 2614 θεία
3330 2564 3423 2614 καὶ
3457 2563 3637 2633 ἀμυή-

2056 2664 2185 2711 τους
2214 2648 2368 2712 τινάς
2391 2660 2500 2706 etc.
2522 2651 2597 2705 Ex
2625 2653 2727 2706 hac
2758 2669 2894 2709 sane
2924 2654 3165 2725 Epistola
3195 2656 3265 2710 55
3294 2666 3348 2710 et
3372 2658 3626 2726 sequenti

2057 2737 2126 2794 56
2175 2749 2229 2796 et
2257 2740 2320 2795 ιι
2373 2742 2440 2797 ad
2483 2743 2868 2814 imperatorem
2911 2744 3331 2802 Constantinum
3376 2747 3636 2805 Palmolo-

2058 2846 2209 2901 gum.
2242 2848 2474 2902 quarum
2533 2836 2783 2891 ultimam
2833 2837 3000 2892 refert
3036 2838 3145 2893 Leo
3180 2839 3412 2895 Allatius
3448 2840 3637 2900 Graece

2059 2934 2115 2977 et
2184 2923 2379 2979 Latine
2439 2927 2586 2981 lib.l
2631 2928 2708 2982 De
2746 2944 2995 2983 consensu
3060 2933 3333 3003 utriusque
3386 2933 3665 2990 Ecclesia

2058 3009 2351 3067 Orientalis
2378 3024 2426 3067 et
2460 3013 2833 3080 Occidentalis,
2862 3032 2986 3088 cap.
3016 3018 3072 3084 4,
3105 3019 3133 3090 §
3166 3020 3220 3085 4,
3257 3021 3366 3076 col.
3401 3023 3493 3089 42,
3519 3025 3634 3081 cla—

2061 3103 2177 3159 rius
2208 3102 2334 3157 luce
2376 3104 2681 3158 meridiana
2738 3114 2978 3170 constat,
3010 3116 3401 3177 quo-tempore
3433 3109 3638 3167 ﬂoruee

2058 3194 2128 3248 rit
2177 3193 2406 3250 Michael
2441 3194 2657 3265 Glycas,
2682 3211 2828 3252 anno
2856 3192 3117 3253 nimirum
3144 3198 3281 3254 H50
3308 3210 3365 3256 et
3398 3216 3643 3273 aequest-

2059 3284 2234 3347 tibus.
2272 3300 2379 3338 non
2416 3299 2562 3340 anno
2600 3285 2757 3351 “20,
2806 3294 2867 3340 ut
2915 3289 2982 3341 ab
3033 3290 3293 3345 omnibus
3350 3291 3636 3363 hucusque

2055 3375 2324 3445 scriptum
2362 3386 2466 3430 est.
2500 3377 2679 3447 Atque
2717 3378 2764 3433 si
2799 3378 3127 3437 Guillelmus
3169 3382 3350 3439 Cavus
3389 3385 3479 3455 qui
3508 3401 3633 3440 sex-

2055 3469 2230 3523 centis
2273 3469 2407 3525 locis
2458 3470 2693 3525 Leonem
2760 3473 3017 3528 Allatium
3066 3475 3199 3529 citat
3256 3476 3311 3530 in
3369 3477 3525 3532 libris
3558 3480 3633 3535 Ds

2056 3576 2309 3616 consensu
2375 3560 2625 3618 Ecclesia:
2684 3565 2998 3637 utriusque,
3054 3568 3268 3623 tantilla
3325 3572 3634 3627 attentione

2056 3652 2303 3721 legisset,
2338 3654 2487 3708 nullo
2528 3654 2747 3726 negotio
2793 3670 2953 3712 suum
2988 3671 3232 3713 errorem
3266 3662 3667 3732 «ignovisset.

2057 3741 2195 3798 Illud
2227 3760 2447 3814 quoque
2476 3760 2777 3815 agnoscere
2806 3749 2986 3819 potuit
3016 3763 3083 3803 ex
3116 3751 3308 3805 eodem
3349 3752 3547 3809 Allalio
3576 3754 3634 3808 in

2059 3836 2306 3891 Diatriba
2355 3839 2421 3892 de
2473 3837 2783 3895 Simeonem
2829 3843 3065 3914 scriptis,
3106 3858 3230 3916 pag.
3258 3843 3348 3911 36,
3378 3847 3469 3901 ubi
3504 3848 3639 3901 citat

383 3937 643 3990 Vicesima
666 3945 814 3988 sexta
842 3950 859 3987 :
896 3932 986 4002 Τῷ
1014 3932 1188 4000 αὐτῷ.
1216 3929 1337 3982 Ἔτι
1370 3930 1461 3981 καὶ
1492 3924 1651 3980 τοῦτο
1681 3926 1953 3995 ἠπόρηται

2060 3925 2383 3984 Michac-lem
2428 3927 2650 4001 Glycam
2711 3939 2837 4000 post
2888 3932 3256 4003 Nicephorum
3310 3927 3665 4000 Callistum-

380 4031 517 4098 περὶ
554 4029 660 4079 τῶν
689 4025 959 4094 γιγάντων
1010 4023 1235 4075 ἐκείνων
1260 4062 1275 4086 ,
1311 4020 1419 4073 εἴτε
1475 4020 1633 4086 μόνον
1679 4016 1956 4079 εὐσθενεῖς

2057 4034 2221 4087 quem
2282 4019 2403 4087 ejus
2450 4022 2806 4077 continuatur
2833 4021 3108 4079 Warthon
3146 4038 3290 4079 anno
3327 4026 3467 4080 1553
3499 4028 3639 4081 assi.

382 4124 652 4190 ὑπῆρχον,
690 4118 801 4171 εἴτε
834 4115 1191 4185 ὑπερμεγέθη
1240 4113 1468 4181 σώματα
1500 4111 1715 4179 ἔφερον.
1758 4109 1816 4161 '0
1854 4108 1952 4175 μὲν

2060 4111 2269 4181 gnavit.
2307 4110 2461 4163 lllum
2514 4112 2662 4165 enim
2712 4112 2841 4169 huic
2884 4114 3051 4168 dubio
3082 4115 3269 4185 procul
3303 4115 3528 4173 Callisto
3559 4121 3637 4173 ci-

380 4206 485 4264 m'w
514 4210 778 4271 θειότατος
834 4206 1128 4278 Κύριλλος,
1172 4207 1267 4259 καὶ
1316 4206 1416 4274 τὴν
1467 4202 1528 4266 ἐξ
1581 4200 1761 4270 ἀρχῆς
1786 4199 1957 4269 αὐτῆς

2061 4212 2173 4258 tato
2207 4203 2562 4272 prmtulisset,
2590 4205 2636 4259 si
2690 4221 2839 4262 anno
2874 4206 3029 4262 “20-
3060 4207 3393 4264 scribentem
3420 4210 3507 4264 vel
3535 4210 3636 4265 ﬂo-

382 4302 498 4353 τῶν
560 4303 832 4368 γιγάντων
884 4297 1111 4350 ἐκείνων
1161 4293 1491 4365 ἀναγράφων
1556 4291 1797 4360 γένεσιν,
1831 4299 1951 4345 etc.

2062 4303 2275 4348 reutcm
2322 4296 2676 4352 credidisset.
2737 4297 2882 4353 Idem
2941 4299 3222 4369 colligitur
3280 4301 3338 4355 in
3383 4300 3631 4371 Epistula

387 4397 645 4449 Vicesinm
693 4395 918 4463 septima
962 4407 980 4445 :
1023 4388 1116 4459 Τῷ
1162 4385 1477 4457 τιμιωτάτῳ
1530 4383 1748 4454 μοναχῷ
1801 4380 1957 4451 κυρῷ

2063 4388 2311 4458 ejusdem
2353 4390 2421 4443 ad
2472 4388 2739 4445 Joannem
2791 4403 3158 4462 cognomento
3221 4394 3452 4458 Ducam,
3512 4410 3639 4457 qua:

381 4487 629 4556 Μαξίμῳ
661 4486 741 4556 τῷ
772 4482 1081 4555 Σμενιώτῃ.
1113 4480 1174 4533 Et
1221 4480 1329 4550 χρὴ
1386 4479 1675 4548 προσέχειν
1709 4477 1823 4537 τοῖς
1872 4473 1959 4526 λέ-

381 4598 600 4649 γουσιν,
631 4581 714 4634 ὅτι
756 4579 939 4631 λαὸὼν
970 4580 998 4630 ὁ
1031 4577 1267 4645 Χριστὸς
1312 4572 1523 4641 ἄζυμον
1564 4572 1623 4623 ὲν
1646 4571 1709 4639 τῇ
1746 4566 1957 4639 ἑσπέρᾳ

382 4677 488 4742 τῆς
533 4674 779 4741 μεγάλης
830 4672 1091 4742 Πέμπτης
1118 4668 1222 4731 ἕως
1249 4666 1349 4733 τῆς
1378 4664 1571 4733 ἑορτῆς
1615 4665 1706 4716 τοῦ
1740 4663 1955 4732 Πάσχα,

384 4765 693 4834 τηνικαῦτα
740 4762 902 4832 δῆθεν
943 4763 1054 4823 τοῖς
1102 4758 1323 4820 οἰκείοις
1366 4757 1560 4824 Πάσχα
1580 4754 1853 4808 ἐτέλεσεν.
1898 4752 1958 4811 Ὀ

388 4855 648 4926 περὶτῶν
674 4854 901 4921 ἀζύμων
923 4851 1103 4918 λόγος,
1124 4846 1169 4905 ὦ
1201 4849 1321 4902 θεία
1357 4847 1452 4902 καὶ
1477 4847 1595 4927 ἱερά
1615 4849 1826 4915 κεφαλὴ
1848 4855 1973 4901 etc-

399 4947 655 5002 Vicesima
691 4955 876 4999 octaua
911 4961 928 4999 .'
962 4942 1053 5014 Τῷ
1100 4941 1269 5011 αὐτῷ.
1328 4938 1462 5009 Περὶ
1497 4936 1746 5008 χρήσεών
1770 4954 1953 4999 τινων,

390 5042 473 5092 ὅτι
503 5043 567 5093 ὲκ
595 5041 758 5111 μόνου
795 5037 888 5090 τοῦ
916 5036 1151 5106 ιιατρδς,
1180 5035 1241 5085 οὐ
1278 5032 1386 5102 μὴν
1408 5031 1465 5084 δὲ
1491 5032 1556 5082 ὲκ
1583 5029 1677 5083 τοῦ
1709 5028 1864 5093 Υίοῦ,
1896 5029 1958 5080 τὺ

395 5132 612 5198 Πνεῦμα
665 5131 728 5183 τὸ
763 5133 915 5196 ἅγιον
969 5124 1347 5197 ἐκπορεύεται,
1401 5124 1494 5176 καὶ
1533 5121 1613 5175 δτι
1658 5122 1720 5175 οὐ
1759 5121 1956 5174 ταυτὸν

388 5222 661 5291 ἀποστολὴ
694 5225 791 5272 καὶ
825 5219 1174 5291 ἐκπόρευσις.
1214 5216 1277 5268 Ei
1326 5214 1381 5265 δέ
1418 5230 1501 5265 σοι
1548 5214 1641 5267 καὶ
1693 5212 1821 5281 περὶ
1859 5212 1957 5279 τῆς

391 5315 634 5385 ἀρρήτου
685 5313 782 5366 τοῦ
838 5310 1106 5379 παναγίου
1171 5306 1491 5375 Πνεύματος
1554 5303 1961 5373 ἐκπορεύσεως.

396 5405 649 5459 Vicesima
682 5423 822 5460 rwna
848 5421 864 5458 :
893 5404 983 5473 Τῷ
1004 5402 1320 5473 τιμιωτάτῳ
1352 5395 1571 5466 μοναχῷ
1602 5395 1753 5466 κυρῷ
1782 5397 1963 5447 Ὀνου-

394 5496 560 5564 φρίφ.
600 5494 660 5547 Et
702 5497 809 5565 χρὴ
854 5493 1145 5563 προσέχειν
1174 5490 1287 5551 τοῖς
1321 5488 1593 5555 λέγουσιν,
1626 5486 1707 5538 ὅτι
1739 5485 1830 5537 ἐπὶ
1858 5483 1966 5536 πᾶ-

468 5664 543 5732 (l)
577 5663 727 5719 llanc
773 5663 949 5721 edidit
998 5664 1147 5718 caril.
1200 5660 1299 5715 Mai
1354 5675 1437 5715 ex.
1469 5657 1688 5715 seltedis
1732 5656 2018 5711 Allatianis

2062 4481 2132 4535 52
2163 4491 2239 4535 est
2296 4482 2348 4537 in
2394 4482 2689 4553 Epistolis;
2730 4483 2891 4538 annis
2933 4487 3081 4538 eiiim
3119 4484 3208 4539 ille
3240 4486 3378 4541 1450
3407 4496 3463 4541 et
3504 4488 3633 4544 lt60

2062 4571 2264 4628 ﬂoruit.
2296 4571 2581 4627 Tricesima
2631 4583 2781 4628 sexta
2811 4591 2827 4631 :
2860 4574 2953 4646 Τῷ
2990 4574 3164 4645 αὐτῷ.
3225 4575 3287 4628 Et
3316 4577 3424 4647 χρὴ
3462 4596 3633 4647 προσ-

2064 4664 2212 4734 έχειν
2243 4666 2356 4727 τοῖς
2400 4663 2678 4732 λέγουσιν,
2722 4666 2805 4719 ὅτι
2834 4667 2947 4736 δριρ
2976 4666 3263 4719 ὑπόκειται
3297 4668 3328 4735 ὴ
3362 4669 3476 4731 ἐνὸς
3508 4671 3641 4725 ἑκά-

2065 4771 2193 4807 στου
2218 4754 2327 4806 τῷν
2362 4754 2667 4825 ἀνθρώπων
2694 4754 2832 4825 ζωή.
2869 4756 2995 4809 Ὀτι
3033 4757 3133 4825 μὲν
3164 4751 3260 4810 οὖν
3290 4757 3391 4810 οὐκ
3411 4758 3643 4821 εὐσεϐὲς

2064 4841 2207 4900 εἶναι
2241 4846 2391 4899 δοκεῖ
2435 4856 2544 4900 etc.
2575 4846 2861 4900 Tricesima
2893 4848 3115 4915 septima
3147 4862 3166 4901 :
3199 4845 3290 4918 Τῷ
3312 4852 3633 4919 τιμιωτάτῳ

2070 4934 2290 5007 μοναχῷ
2315 4936 2464 5005 κυρῷ
2491 4935 2749 5006 Στεφάνῳ
2783 4937 3217 5008 διαπορουμένῳ,
3255 4937 3373 5001 πῶς
3399 4940 3458 5003 ἐξ
3489 4941 3636 4993 ἀντι-

2066 5028 2319 5096 φράξεως
2348 5025 2444 5081 τοῦ
2481 5027 2737 5097 οὐρανίου
2776 5026 3032 5097 σώματος
3064 5028 3157 5081 τὸν
3187 5029 3632 5100 ἐναποληφθέντα

2065 5119 2218 5182 ἐντὸς
2265 5119 2409 5189 ἀέρα
2462 5118 2654 5181 σκότος
2691 5117 2827 5187 βαθὺ
2873 5118 3165 5184 διεδέξατο.
3210 5120 3334 5173 Ὅτι
3373 5120 3476 5189 μὲν
3514 5116 3629 5188 οὖν,

2058 5213 2323 5265 ὁσιώτατε
2385 5211 2539 5282 ἆνερ,
2582 5210 2820 5281 ἀπορίαν
2891 5214 2952 5265 ού
3016 5214 3116 5281 τὴν
3167 5212 3441 5284 τυχοῦσαν
3499 5215 3631 5281 ἡμῖν

2062 5304 2258 5371 ἐνῆκεν
2312 5306 2340 5356 δ
2397 5304 2576 5374 μέγας
2606 5302 2890 5367 Βασίλειος
2929 5315 3034 5359 etc.
3066 5304 3351 5359 Tricesima
3402 5318 3586 5382 octaua
3611 5316 3630 5353 :

2062 5395 2151 5464 Τῷ
2187 5396 2504 5466 τιμιωτάτῳ
2542 5394 2762 5467 μοναχῷ
2817 5396 2970 5467 κυρῷ
3014 5398 3252 5467 Ἀλυπίιρ
3296 5395 3381 5465 τῷ
3414 5392 3631 5460 ἐγκλεί-

2066 5505 2197 5557 στῳ.
2238 5486 2300 5541 Ei
2331 5487 2438 5560 χρὴ
2474 5489 2573 5559 τὴν
2612 5487 3005 5559 μαθηματικὴν
3042 5487 3359 5557 ἐπιστήμην
3389 5482 3627 5555 ἀποτρόο
