4052 6200
446 250 489 309 .3
1591 241 1797 300 PHlL.
1841 238 2117 297 LABBEI
2158 239 2581 302 PRAEFATIO.
3670 243 3713 306 ’4

456 356 765 427 obstricti,
805 363 861 417 et
894 374 1100 418 recens
1137 354 1297 417 illud
1325 372 1676 435 quanquam
1710 351 1984 413 omnium
2032 368 2348 411 commune
2404 353 2584 428 pacis
2640 350 3021 433 beneﬁcium,
3070 353 3251 415 nobis
3294 353 3556 433 proprie
3588 353 3719 413 col»

453 459 654 521 latum
687 457 1106 535 agnoscimus.
1144 454 1295 515 Cum
1328 455 1490 513 enim
1523 452 1809 514 instituti
1839 449 2049 511 nostri
2081 449 2190 520 sit,
2224 457 2283 508 et
2310 448 2688 527 optimarum
2715 451 2955 512 artium
2999 447 3375 528 disciplinas
3402 448 3717 528 proﬁteri,

452 572 721 634 quarum
753 552 984 614 studiis
1016 548 1178 611 nihil
1210 560 1298 610 est
1326 567 1649 610 armorum
1677 548 1953 625 strepitu
1982 544 2280 624 infestius
2302 584 2319 614 ,
2378 554 2434 605 et
2486 545 2844 607 excolendis
2874 546 3193 607 hominum
3238 543 3522 604 moribus
3578 554 3720 605 stu-

453 652 621 722 dere,
655 646 1185 728 proﬂigandxque
1216 647 1554 725 impietati,
1594 664 1728 723 quae
1772 643 2092 722 impunius
2126 642 2294 702 inter
2322 639 2481 703 bella
2530 654 2862 720 grassatur
2894 664 2913 703 :
2956 643 3049 702 Tu
3082 640 3427 702 constituta
3446 658 3630 719 pace,
3663 648 3721 700 et

453 748 819 825 languentes
848 764 920 804 ac
946 762 1144 825 prope
1175 744 1570 805 semianimes
1603 743 1852 803 litteras
1887 739 2218 808 excitasti,
2263 746 2323 797 et
2352 736 2649 814 neglectis
2704 757 2776 798 ac
2824 737 3019 798 veluti
3052 739 3347 816 profugis
3377 736 3722 797 virtutibus

452 852 779 926 Europam
816 849 1268 925 omnem’quasi
1307 845 1607 925 templum
1643 841 1903 923 aliquod
1942 840 2277 922 aperuisti,
2308 828 2400 900 lin
2446 857 2565 918 quo
2598 839 2802 917 quiete
2839 839 3129 917 deinceps
3159 856 3232 898 ac
3283 836 3529 916 placide
3561 835 3723 897 cole‘

446 956 697 1006 rentur.
736 943 819 1005 Et
850 944 1095 1005 habebit
1130 954 1335 1005 tamen
1373 945 1441 1003 in
1472 941 1586 1003 illa
1619 939 2085 1019 tranquillitate
2124 938 2339 998 hostes
2401 955 2549 996 suos
2598 936 2849 1015 religio,
2903 940 3110 998 minus
3153 937 3398 1015 quidem
3434 936 3722 1013 furentes

448 1042 751 1103 audacter
773 1087 789 1115 ,
837 1042 944 1103 sed
972 1059 1097 1102 non
1127 1043 1333 1103 minus
1370 1040 1612 1102 idcirco
1645 1036 2004 1099 metuendos
2037 1056 2057 1095 :
2087 1032 2337 1096 habebit
2368 1043 2424 1094 et
2474 1051 2621 1093 suos
2653 1035 2917 1095 societas
2943 1041 3188 1109 nostra,
3241 1033 3344 1094 cui
3384 1050 3515 1093 non
3548 1030 3727 1094 inde-

447 1157 668 1199 corum
710 1146 822 1210 est,
875 1138 1141 1210 eosdem,
1210 1157 1248 1196 a
1296 1136 1525 1216 quibus
1576 1132 1858 1195 Ecclesia
1903 1140 2199 1203 vexatur,
2255 1131 2690 1199 adversarios;
2746 1130 3043 1202 eumdem,
3100 1149 3292 1210 a-quo
3336 1128 3588 1209 defensa
3631 1138 3723 1189 est

444 1233 699 1311 religio,
732 1232 1044 1294 vindicem
1089 1235 1171 1293 Te
1202 1251 1272 1292 ac
1300 1240 1645 1311 patronum
1678 1230 1986 1309 experiri.
2020 1228 2241 1305 Perge,
2273 1228 2571 1306 princeps
2601 1228 3101 1302 eminentissime,
3152 1227 3225 1289 de
3271 1234 3540 1305 utraque
3570 1226 3721 1288 bene

443 1333 729 1393 mereri:
761 1333 853 1392 sic
886 1332 1003 1392 tibi
1032 1332 1312 1393 vicissim
1345 1340 1635 1408 utraque,
1673 1329 1841 1409 quod
1866 1345 2170 1388 summum
2199 1326 2406 1399 habet,
2448 1328 2813 1405 gratissimo
2858 1328 3077 1388 animo
3123 1326 3468 1407 rependat;
3513 1327 3723 1387 altera

446 1428 817 1506 dignitatem
855 1428 1027 1488 orbis
1060 1436 1380 1488 terrar-um
1415 1444 1792 1505 supremam,
1839 1432 2037 1485 altera
2077 1423 2329 1502 plenam
2374 1426 2706 1504 religionis
2748 1427 3104 1505 amorisque
3156 1426 3594 1487 reverentiam.
3630 1427 3723 1486 Hi

444 1526 950 1603 sunt,princeps
976 1526 1478 1597 eminentissime,
1511 1525 1830 1586 societatis
1871 1529 2103 1582 nostra:
2141 1538 2381 1594 sensus,
2438 1539 2593 1600 quos
2629 1522 2933 1600 profiteri
2975 1538 3091 1600 per
3119 1540 3212 1581 me
3258 1521 3487 1582 voluit.
3538 1522 3721 1582 Inter

443 1622 569 1682 hac
602 1622 736 1701 ejus
760 1630 906 1681 vota
934 1630 992 1681 et
1023 1628 1341 1682 terrarum
1372 1622 1649 1682 omnium
1677 1618 2157 1698 gratulationes,
2192 1627 2409 1696 patere
2462 1617 2577 1679 hoc
2635 1618 2755 1680 tibi
2807 1617 3089 1697 quamvis
3117 1626 3302 1679 tenue
3355 1617 3716 1689 donarium,

445 1717 591 1778 dum
623 1719 863 1798 majora
898 1715 1321 1793 exsolvamus,
1354 1715 1652 1797 appendi.
1676 1715 2063 1777 Laudabunt
2094 1715 2231 1789 alii,
2262 1714 2417 1787 scio,
2471 1716 2539 1776 in
2596 1712 3084 1793 quadripertitis
3122 1715 3340 1776 nostri
3360 1713 3586 1786 dicam,
3635 1732 3719 1774 an

439 1814 661 1892 potius
695 1814 816 1887 tui,
857 1833 886 1873 e
911 1815 1138 1875 Sicilia
1171 1815 1457 1887 oriundi,
1492 1812 1824 1874 Michaelis
1855 1810 2067 1889 Glyca:
2093 1810 2470 1881 Annalibus,
2504 1798 2811 1874 Historiae
2845 1828 3040 1871 sacra:
3069 1830 3140 1872 ac
3171 1811 3457 1891 profana:
3514 1810 3716 1870 mira-

444 1909 557 1971 bili
586 1909 962 1971 dexteritate
994 1912 1295 1972 insertam
1343 1908 1752 1987 ‘theologia‘m,
1798 1897 2158 1969 divinarum
2190 1908 2580 1968 Litterarum
2635 1907 3224 1985 interpretationem
3280 1915 3338 1966 et
3390 1904 3717 1967 assiduum

442 2014 807 2066 sanctorum
838 2005 1102 2067 Patrum
1130 2024 1312 2065 usum
1342 2023 1479 2065 cum
1506 2002 1825 2065 medicina:
1852 2003 2117 2066 scientia
2146 2022 2217 2065 ac
2246 2022 2459 2065 rerum
2476 2001 2867 2064 naturalium
2894 2003 3253 2081 cognitione
3276 2005 3709 2083 'conjunctum,

440 2104 803 2183 principum
830 2105 1045 2164 Romae
1072 2112 1131 2164 et
1164 2102 1718 2180 Constantinopoli
1770 2101 2216 2179 imperantium
2271 2099 2513 2178 sibique
2560 2099 2827 2159 invicem
2881 2097 3103 2160 ordine
3156 2098 3639 2171 succedentium,
3674 2116 3712 2156 a

443 2197 619 2259 Julio
658 2199 897 2259 Ccesare
926 2198 1008 2259 ad
1045 2198 1265 2261 Alexii
1295 2200 1599 2261 Comneni
1629 2196 1893 2271 obitum,
1924 2214 2028 2259 res
2065 2195 2373 2275 praeclare
2407 2203 2613 2273 gestas
2643 2195 2963 2275 ingeniose
3001 2214 3339 2267 connexus,
3373 2203 3713 2256 certantem

446 2318 586 2359 cum
631 2300 988 2379 eloquentia
1031 2302 1275 2379 ingenii
1315 2301 1700 2382 felicitatem,
1741 2318 2119 2361 cumrerum
2170 2300 2478 2360 varietate
2525 2288 2889 2360 incredibili
2909 2318 3056 2379 ,non
3089 2299 3532 2361 inconcinnam
3571 2297 3710 2359 bre-

444 2396 723 2469 vitatem,
761 2396 1181 2475 digressiones
1211 2396 1475 2475 denique
1500 2393 1584 2456 ad
1614 2393 1940 2457 levandum
1984 2394 2242 2458 lectoris
2292 2396 2545 2458 txdium
2594 2396 2730 2457 suis
2788 2405 2936 2474 apte
2986 2396 3141 2458 locis
3169 2397 3534 2459 collocatas.
3567 2395 3706 2475 Ego

445 2511 591 2553 vero
620 2512 815 2574 neque
850 2496 914 2555 in
940 2497 1076 2568 hoc,
1109 2513 1303 2575 neque
1330 2496 1398 2556 in
1424 2494 1594 2567 aliis,
1646 2511 1779 2574 qua:
1835 2491 1953 2553 tibi
1997 2512 2037 2552 a
2088 2492 2270 2555 nobis
2323 2491 2548 2573 offerri
2592 2502 2872 2571 possent,
2924 2492 3313 2568 muneribus,
3371 2492 3709 2573 quidquam

445 2604 760 2665 magnum,
801 2598 976 2667 teque
1016 2590 1298 2668 dignum,
1331 2589 1636 2650 xstimare
1666 2588 1889 2662 statui,
1922 2586 2053 2649 nisi
2084 2586 2190 2647 cui
2219 2596 2289 2647 tu
2319 2584 2615 2647 laudator
2646 2592 2703 2646 et
2731 2585 3128 2664 approbator
3147 2587 3510 2648 accesseris.
3543 2586 3701 2660 Vale,

448 2691 506 2743 et
541 2685 611 2745 in
635 2684 866 2747 multos
890 2703 1094 2747 annos
1120 2686 1283 2766 felix
1314 2685 1472 2747 vive.

527 2786 758 2849 Dabam
804 2785 1064 2848 Lutetiae
1096 2784 1476 2847 Parisiorum
1501 2783 1637 2846 Kal.
1690 2784 1995 2849 Decemb.
2028 2782 2181 2847 anni
2221 2799 2473 2844 unum.
2566 2856 2569 2861 ί

842 2886 1215 2948 Eminentiae
1270 2893 1394 2949 tum

2225 2977 2709 3042 Addictissimus
2765 2976 3096 3059 Philippus
3142 2979 3389 3053 Laena,

2494 3082 2654 3145 .Soc.
2700 3081 2850 3144 Jesu
2884 3080 3244 3161 presbyter.

823 3461 971 3548 AD
1046 3458 1614 3553 OPTIMUM
1707 3461 1862 3552 ET
1947 3462 2597 3553 ERUDITUM
2674 3460 3322 3554 LECTOREM

1676 3673 2475 3792 PBZEFATIO.

523 4025 844 4091 Michaelis
877 4026 1088 4107 Glycaa
1116 4026 1412 4100 Annales,
1447 4042 1615 4089 nunc
1641 4027 1914 4108 primum
1942 4033 2213 4106 utraque
2245 4027 2457 4106 lingua
2491 4029 2629 4090 orbi
2661 4029 2977 4109 cognitos,
3010 4047 3152 4094 cum
3176 4031 3289 4095 tibi
3312 4032 3506 4111 regiis
3536 4033 3705 4113 typis

447 4130 856 4207 reprmsento,
887 4127 1129 4203 optime
1162 4123 1390 4199 lector,
1420 4123 1616 4185 nolim
1648 4123 1966 4187 existimes
1995 4126 2184 4187 unius
2208 4125 2508 4188 duntaxat
2528 4125 2821 4189 Historiae
2856 4136 2963 4211 aut
2985 4128 3279 4193 Chronici
3305 4133 3700 4213 scriptorem,

446 4220 665 4300 quales
704 4219 927 4281 eodem
967 4219 1101 4280 fere
1140 4227 1428 4299 tempore
1483 4219 1806 4281 uberrimo
1853 4227 2173 4301 proventu
2225 4221 2448 4284 extulit
2494 4223 2758 4295 Graecia,
2792 4226 3102 4287 Joannem
3133 4229 3457 4301 Zonaram,
3508 4230 3707 4291 Geor-

445 4318 614 4394 gium
673 4315 1057 4389 Cedrenum,
1109 4316 1585 4377 Constantinum
1616 4319 1986 4391 Manassem,
2043 4318 2445 4401 similesque,
2500 4319 2611 4383 sed
2666 4319 3035 4402 theologum
3094 4324 3315 4400 simul,
3380 4344 3702 4390 sacrarum

443 4416 817 4475 Litterarum
862 4412 1301 4491 interpretem,
1353 4413 1689 4485 medicum,
1739 4414 2172 4495 naturalisque
2228 4415 2512 4479 scientia
2569 4417 3003 4496 indagatorem
3058 4418 3536 4483 solertissimum
3588 4438 3704 4484 ex-

444 4508 667 4570 hiberi.
721 4508 811 4570 Ita
858 4507 1032 4569 enim
1082 4507 1160 4569 ab
1193 4510 1347 4569 orbe
1402 4508 1684 4581 condito,
1743 4510 1917 4589 quod
1969 4518 2031 4573 et
2087 4512 2193 4573 alii
2246 4511 2456 4574 facere
2505 4513 2785 4591 aggressi
2835 4520 3003 4591 sunt,
3061 4534 3267 4597 usque
3314 4517 3393 4579 ad
3457 4517 3701 4579 obitum

443 4605 641 4667 Alexii
689 4602 993 4667 Comneni
1048 4609 1109 4664 et
1156 4620 1394 4686 annum
1442 4603 1663 4665 Christi
1717 4622 1961 4667 ucxvm
2010 4608 2531 4686 patriarcharum,
2582 4627 2824 4689 regum,
2853 4618 3047 4691 atque
3094 4613 3545 4693 imperatorum
3600 4631 3704 4676 res

444 4708 671 4779 gestas,
706 4700 1161 4779 historiamque
1192 4717 1446 4763 omnem
1475 4702 1820 4776 Iudaicam,
1870 4705 2240 4777 Romanam,
2292 4722 2364 4767 ac
2414 4706 3176 4788 Constantinopolitanam
3218 4712 3575 4791 pertexuit,
3629 4719 3703 4774 ut

445 4799 673 4861 eodem
705 4805 1001 4860 contextu
1042 4802 1479 4860 controversas
1508 4799 1674 4860 inter
1702 4798 2037 4878 theologos
2075 4799 2627 4883 phi1050phosque
2670 4805 3056 4884 quaestiones
3101 4808 3447 4884 agitaverit,
3498 4825 3571 4870 ac
3617 4807 3701 4870 de

444 4898 637 4959 rebus
677 4894 994 4969 omnibus,
1032 4912 1172 4973 qum
1200 4893 1268 4955 in
1306 4894 1492 4964 coelo,
1532 4912 1701 4969 aere,
1738 4901 1923 4967 terra,
1978 4914 2050 4959 ac
2087 4897 2243 4958 mari
2293 4899 2471 4971 ﬁunt,
2521 4899 2599 4961 de
2647 4901 2886 4975 avibus,
2941 4901 3241 4982 piscibus,
3296 4902 3701 4977 animalibus,

445 4992 728 5066 homine,
775 4996 962 5070 atque
1008 4989 1249 5068 angelis
1299 4990 1707 5064 disseruerit;
1770 4999 2024 5054 secutus
2061 5001 2342 5056 veterum
2399 4997 2651 5059 Patrum
2714 4999 3046 5075 Eustathii,
3113 5000 3346 5075 Basilii,
3399 4999 3698 5079 Nysseni.

446 5087 895 5166 Chrysostomi,
930 5086 1204 5161 Sinaitoe,
1258 5087 1507 5162 Pisidae,
1558 5087 1957 5169 aliorumque
2007 5091 2269 5170 vestigia
2317 5109 2389 5181 ac
2438 5111 2601 5172 pene
2630 5096 2843 5171 verba,
2903 5091 3013 5176 qui
3052 5114 3219 5176 opus
3256 5114 3371 5168 sex
3425 5096 3699 5169 dierum,

446 5184 616 5265 quod
647 5184 857 5245 Graeca
887 5199 1042 5245 voce
1071 5183 1511 5243 Hexaemeron
1565 5184 1776 5247 dicere
1819 5185 2120 5262 solemus,
2163 5187 2465 5267 singulari
2516 5189 2841 5268 diligentia
2886 5193 3373 5254 concinnarunt.

524 5284 793 5347 Patriam
825 5283 1058 5348 docent
1087 5300 1239 5344 mss.
1267 5282 1544 5358 codices,
1581 5286 1691 5366 qui
1729 5297 2057 5367 Σικελιώτην
2088 5296 2454 5353 constanter
2488 5292 2815 5373 appellant
2851 5310 3009 5355 :nec
3041 5292 3368 5355 abluderet
3408 5293 3699 5356 additum
3777 5302 3782 5306 '

444 5387 539 5441 τοῦ
606 5388 786 5442 Γλυκᾶ
831 5395 1212 5456 cognomen,
1246 5380 1296 5438 si
1331 5378 1581 5442 labente
1614 5382 1994 5449 duodecimo
2026 5386 2253 5450 Christi
2304 5385 2562 5459 saeculo,
2608 5405 2737 5468 quo
2792 5389 3022 5451 vixisse
3070 5390 3234 5451 circa
3283 5408 3517 5451 annum
3577 5407 3701 5450 MCL

446 5477 712 5551 videtur,
746 5476 992 5537 Siculos
1025 5474 1244 5534 Dorica
1276 5474 1481 5537 adhuc
1510 5476 1777 5543 dialecto
1811 5500 1960 5544 usos
1988 5482 2181 5545 fuisse
2216 5491 2552 5547 constaret.
2586 5485 2888 5558 Privatus,
2925 5503 3006 5548 an
3038 5488 3104 5547 in
3145 5489 3540 5564 magistratu,
3591 5493 3702 5547 aut

449 5572 747 5650 dignitate
785 5573 990 5650 aliqua
1024 5567 1299 5647 publica,
1333 5570 1608 5650 militari,
1648 5578 1873 5652 aulica,
1907 5574 2224 5643 forensive
2265 5588 2560 5653 ornatus;
2616 5582 3008 5661 conjugatus,
3059 5602 3136 5646 an
3186 5584 3414 5645 cmlcbs
3445 5582 3693 5655 vixerit,
3762 5648 3769 5654 ,

450 5668 633 5749 plane
668 5667 883 5729 nescio
926 5684 937 5695 ·
977 5681 1094 5725 nec
1157 5682 1405 5744 aspersa
1454 5672 1716 5749 singulis
1756 5675 1884 5737 fere
1944 5696 2050 5756 pag

2095 5674 2187 5738 nis
2228 5689 2367 5755 υἱοῦ,
2409 5690 2599 5743 τέκνου
2636 5691 2727 5744 καὶ
2753 5691 3041 5761 ἀγαπητοῦ
3088 5678 3390 5743 vocabula
3450 5686 3695 5758 patrem
