4052 6200
309 267 374 327 29

1558 261 1964 323 ANNALiUM
2003 261 2196 321 PARS
2231 262 2281 320 ῐ.

3475 267 3545 327 30

306 380 448 446 χεῖαν
478 375 582 429 ἰδού
647 392 728 428 σοι
793 378 888 429 καὶ
945 377 1147 447 ταύτην
1179 378 1275 446 τὴν
1341 375 1521 446 βίϐλον
1558 376 1860 446 συντίθημι.

1977 379 2219 434 tionibus
2273 392 2435 434 aures
2498 375 2780 431 hominum
2831 374 3056 430 obrutas
3111 375 3268 431 taedio
3314 379 3550 446 quodam

370 560 480 628 Πρὸ
523 556 744 610 πάντων
789 552 881 610 οὖν
912 557 1112 610 ειδέναι
1156 575 1214 611 σε
1245 557 1397 624 ἄξιον
1431 560 1512 611 ὅτι
1544 559 1603 609 ὲν
1635 557 1693 623 ἓξ
1732 557 1867 627 ὴμέ-

305 669 417 722 ραις
464 652 685 721 ἐποίησε
732 650 923 704 τοῦτον
971 650 1062 704 τὸν
1111 651 1316 721 κόσμον
1357 652 1385 704 6
1418 650 1572 715 Θεὸς,
1610 651 1669 703 ὲν
1699 650 1756 703 δὲ
1794 652 1862 720 τῇ

302 744 494 816 ἑϐδόμῃ
538 745 886 796 κατέπαυσεν
921 744 1028 797 ἀπὸ
1071 745 1290 798 πάντων
1330 743 1439 797 τῶν
1475 743 1655 812 ἔργων
1695 743 1862 796 αὑτοῦ

304 826 372 885 ὧν
405 834 679 900 ἐποίησεν.
716 832 978 886 Ἥδύνατο
1018 829 1110 887 οὖν
1144 835 1202 885 ὲν
1237 835 1337 904 μιᾷ
1361 834 1546 905 ἡμέρᾳ
1575 834 1644 886 τά
1686 834 1864 888 πάντα

303 926 658 988 παραγαγεῖν,
687 926 917 994 οὐρανὸν
961 926 1223 994 δηλονότι,
1278 929 1382 996 γῆν
1431 929 1524 982 καὶ
1569 929 1863 993 θάλατταν,

306 1014 502 1083 ίχθύας,
531 1017 600 1069 τά
642 1033 702 1068 τε
749 1018 970 1072 πετεινά
999 1020 1094 1072 καὶ
1136 1019 1203 1072 τὰ
1241 1021 1545 1091 τετράποδα
1593 1023 1682 1074 καὶ
1729 1023 1866 1093 πρὸς

299 1104 495 1167 τούτοις
529 1106 623 1158 τὺν
666 1108 978 1178 ἄνθρωπον.
1023 1110 1165 1162 Ἀλλ’
1212 1112 1298 1165 ἵνα
1341 1113 1415 1182 μὴ
1455 1113 1714 1184 ἀφορμῆς
1746 1115 1866 1166 ὲπι-

299 1195 568 1263 δράξονται
613 1199 663 1250 οἱ
701 1199 757 1264 ἐξ
804 1200 1113 1270 αὐτομάτου
1171 1202 1239 1254 τὰ
1292 1203 1470 1256 πάντα
1513 1203 1864 1274 παραχθῆναι

300 1289 559 1354 λέγοντες,
618 1292 845 1362 ἡμερῶν
898 1295 1094 1364 ἐδεήθη
1152 1295 1212 1361 ἒξ
1275 1297 1367 1348 ἐπὶ
1424 1299 1488 1364 τῇ
1550 1300 1861 1366 παραγωγῇ

299 1381 436 1433 τοῦδε
462 1383 557 1435 τοῦ
602 1386 808 1454 κόσμου
859 1387 887 1438 6
922 1387 1263 1457 Δημιουργὺς
1297 1389 1455 1459 ὴμῶν
1476 1392 1569 1442 καὶ
1607 1389 1759 1453 Θεὸς,
1790 1389 1867 1452 ὡς

297 1475 322 1525 6
353 1476 755 1544 χρυσορρήμων
807 1477 1064 1548 Ἰωάννης
1117 1481 1304 1550 φησιν.
1340 1481 1404 1532 El
1437 1479 1544 1552 γὰρ
1595 1481 1689 1534 καὶ
1722 1480 1866 1533 οὕτω

293 1564 394 1616 τῶν
446 1567 774 1635 ποιημάτων
829 1569 1281 1638 ἀπαρτισθέντων
1336 1571 1626 1639 αὐτόματα
1689 1570 1866 1624 ταῦτά

297 1671 426 1717 τινες
465 1656 908 1728 ὲφαντάσθησαν,
946 1660 1125 1730 πολλῷ
1156 1661 1361 1730 μᾶλλον
1406 1663 1564 1731 εἰπερ
1596 1663 1733 1732 ὁμοῦ
1769 1662 1865 1716 καὶ

296 1747 424 1799 κατὰ
448 1748 626 1801 ταῦτα
659 1750 742 1814 είς
771 1751 830 1804 τὸ
869 1748 1006 1806 εἶναι
1044 1754 1430 1824 παρήχθησαν.
1465 1755 1555 1808 Ἑν
1589 1755 1648 1818 ἓξ
1681 1756 1736 1808 δὲ
1766 1754 1860 1808 καὶ

299 1837 473 1903 μόναις
502 1839 760 1908 ἡμέραις,
798 1844 890 1894 καὶ
924 1843 985 1895 οὐ
1021 1843 1240 1898 πλέοσιν
1273 1843 1305 1914 ὴ
1339 1844 1611 1908 ἐλάττοσι,
1641 1845 1858 1898 τουτονὶ

297 1929 637 1998 παραχθῆναι
680 1933 773 1983 τὸν
819 1934 1026 2003 κόσμον
1076 1936 1400 2006 ηὐδόκησεν,
1432 1938 1521 1990 ἵνα
1573 1937 1668 1990 καὶ
1700 1939 1862 2006 ἡμεῖς

295 2018 624 2090 διδαχθῶμεν
684 2023 938 2077 ἐντεῦθεν
999 2025 1058 2089 ἐξ
1115 2028 1328 2098 ἡμέρας
1387 2027 1488 2097 τῆς
1563 2027 1861 2097 ἑϐδομάδος

296 2111 633 2179 ἐργάζεσθαι,
668 2117 731 2186 τῇ
786 2115 843 2168 δὲ
895 2116 1101 2189 ἐϐδόμῃ
1147 2119 1452 2189 κεχρῆσθαι
1497 2118 1636 2188 πρὸς
1689 2119 1860 2188 μόνην

297 2198 594 2271 ὃοξολογίαν
626 2206 914 2262 Θεοῦ.’Διά
945 2209 1052 2279 γὰρ
1100 2210 1258 2263 τοῦτο
1310 2212 1406 2264 καὶ
1450 2212 1478 2264 6
1516 2212 1858 2281 Δημιουργὸς

290 2296 345 2371 ’ἐν
384 2299 448 2365 τῇ
503 2299 707 2372 ἑϐδόμῃ
742 2302 1082 2356 κατέπαυσεν
1127 2304 1235 2357 ἀπὸ
1280 2305 1501 2359 πάντων
1537 2305 1650 2359 τῶν
1678 2305 1859 2374 ἔργων

294 2382 361 2441 ὧν
411 2390 621 2459 ήρξατο
669 2395 862 2446 ποιεῖν.
899 2394 959 2446 Ei
1007 2395 1064 2448 δὲ
1107 2398 1134 2448 6
1173 2396 1378 2466 Κύριος
1418 2398 1476 2449 ὲν
1503 2396 1859 2465 Εὑαγγελίοις

296 2479 517 2551 εὕρηται
555 2482 754 2550 λέγων,
783 2504 799 2536 ι
822 2486 878 2537 '0
906 2487 1098 2556 Πατήρ
1125 2505 1226 2557 μου
1253 2489 1355 2550 ἓως
1384 2489 1508 2555 ἄρτι
1541 2489 1856 2558 ἐργάζεται,

299 2574 442 2640 κάγὼ
481 2575 817 2648 ἐργάζομαι,
869 2598 888 2632 ι
934 2581 1008 2652 μὴ
1051 2582 1324 2652 Θαύμαζε.
1369 2583 1503 2636 Τότε
1545 2583 1646 2652 μὲν
1689 2583 1800 2652 γὰρ
1831 2584 1859 2636 6

295 2665 434 2728 Θεὸς,
462 2667 543 2730 ὡς
573 2671 600 2721 6
626 2670 860 2739 χρυσοῦς
889 2673 990 2742 τὴν
1023 2673 1272 2742 γλῶττάν
1321 2692 1478 2746 φησι,
1511 2675 1859 2730 κατέπαυσεν

293 2758 390 2810 ἀπὸ
435 2759 661 2813 πάντων
713 2762 811 2814 τῶν
854 2764 1058 2833 ἔργων,
1095 2767 1371 2820 τουτέστιν
1420 2767 1549 2838 ἔστη
1615 2768 1712 2820 τοῦ
1763 2768 1858 2839 δη-

296 2853 574 2920 μιουργεῖν
603 2865 617 2881 ⁸
674 2855 813 2922 μετὰ
846 2856 954 2926 γὰρ
980 2857 1080 2928 τὴν
1129 2860 1298 2929 ἕκτην
1335 2860 1488 2913 οὐδὲν
1516 2859 1628 2914 ἀπὸ
1655 2859 1750 2914 τοῦ
1781 2862 1857 2931 μὴ

291 2939 433 3004 ὄντος
474 2944 559 3017 είς
609 2943 670 2997 τὸ
718 2941 858 2998 εἶναι
903 2950 1250 3019 παρήγαγεν.
1294 2949 1515 3021 Ἐπειδὴ
1547 2951 1605 3004 δὲ
1649 2951 1716 3005 τὰ
1767 2952 1860 3022 δη-

1894 1729 1935 1784 Β

293 3032 696 3133 μιρυργηθέντα
749 3037 988 3108 συνέχων
1043 3039 1233 3093 ἔκτοτε
1298 3042 1393 3095 καὶ
1451 3042 1740 3113 συντηρῶν
1794 3042 1856 3096 οὑ
1886 3074 1930 3133 C

288 3124 554 3179 διέλειπεν
593 3129 662 3197 (εἰ
709 3130 816 3198 γὰρ
863 3131 937 3200 μὴ
986 3129 1131 3184 οὕτω
1182 3133 1354 3187 ποιῶν
1397 3129 1484 3204 ἦν,
1529 3135 1630 3187 οὐκ
1671 3135 1737 3188 ἂν
1767 3135 1859 3186 ἐπὶ

287 3216 556 3282 τοσούτοις
592 3220 750 3273 αίῶσι
775 3221 846 3274 τά
887 3221 1110 3275 τοιαῦτα
1139 3224 1442 3294 διήρκεσε),
1476 3227 1567 3279 καὶ
1610 3225 1730 3280 λίαν
1773 3227 1862 3280 εὑ-

290 3306 449 3375 λόγως
479 3311 579 3364 καὶ
605 3313 845 3383 τήμερον
876 3315 1206 3384 ἐργάζεσθαι
1231 3317 1469 3386 λέγεται.

351 3402 455 3455 Καὶ
482 3405 552 3472 τῇ
590 3405 690 3472 μὲν
739 3404 931 3476 πρώτῃ
971 3408 1157 3480 ήμέρᾳ
1208 3409 1431 3479 ἐποίησε
1489 3410 1582 3464 τὸν
1629 3411 1860 3483 οὐρανὸν

288 3490 373 3542 καὶ
418 3494 522 3563 τὴν
555 3495 680 3563 γῆν,
703 3496 932 3567 οὐρανὸν
967 3503 1177 3554 ἐκεῖνον
1216 3501 1306 3554 τὸν
1335 3503 1575 3573 πρῶτον,
1624 3507 1716 3558 τὸν
1755 3521 1861 3558 πε-

291 3585 510 3660 ρικαλλῆ
563 3607 622 3644 τε
666 3590 760 3645 καὶ
806 3589 1100 3665 ἇναστρον,
1131 3597 1255 3664 περὶ
1294 3589 1354 3648 οὗ
1401 3595 1496 3649 καὶ
1549 3599 1578 3650 ὀ
1627 3597 1860 3666 εὐαγγε-

287 3678 464 3750 λιστὴς
517 3682 772 3754 Ἰωάννης
803 3685 860 3737 ἐν
899 3688 965 3755 τῇ
1006 3686 1376 3756 ’Δποκαλύψει
1409 3687 1575 3741 αὑτοῦ
1601 3689 1732 3759 περὶ
1763 3691 1860 3758 τῆς

288 3774 416 3839 μετὰ
476 3775 661 3828 ταῦτα
708 3779 1097 3841 καταστάσεως
1165 3778 1420 3845 διεξιὼν,
1479 3779 1622 3832 οὕτω
1671 3782 1859 3850 φησὶν,

290 3882 307 3914 ι
347 3862 496 3920 Εἶδον
535 3868 763 3938 οὐρανὸν
812 3870 999 3924 καινὸν
1039 3870 1132 3924 καὶ
1176 3871 1281 3942 γῆν
1306 3871 1522 3943 καινὴν,
1566 3871 1662 3927 καὶ
1687 3875 1720 3942 ὴ
1758 3873 1857 3927 θά-

283 3956 446 4013 λασσα
478 3961 585 4013 οὐκ
613 3961 763 4015 ἐστιν
792 3961 894 4017 ἔτι.
931 3981 949 4014 ι

352 4071 370 4102 ι
422 4054 512 4106 Ἔν
542 4055 684 4124 ἀρχῇ
709 4056 969 4127 ἐποίησεν
1007 4059 1035 4111 6
1073 4057 1207 4122 Θεὸς
1238 4058 1330 4112 τδν
1361 4059 1594 4130 οὐρανὸν
1629 4062 1727 4115 καὶ
1757 4063 1858 4133 τὴν

279 4144 399 4211 γῆν.
439 4163 456 4195 ι
500 4146 770 4218 Πρόσεχε,
823 4148 1097 4218 ἀγαπητὲ,
1147 4149 1230 4204 ὅτι
1283 4151 1377 4202 καὶ
1419 4149 1582 4203 τοῦτο
1626 4150 1858 4204 ἐνταῦθα

280 4235 576 4307 ἠπόρηται,
607 4239 726 4302 πῶς
757 4239 982 4309 ἐποίησε
1032 4241 1122 4293 τὸν
1152 4241 1385 4311 οὐρανὸν
1418 4242 1709 4311 πρότερον,
1737 4239 1857 4294 εἶτα

279 4331 371 4394 τὴν
421 4332 550 4400 γῆν.
601 4332 822 4402 Ἐπειδὴ
871 4333 979 4402 γὰρ
1023 4334 1088 4386 τὰ
1141 4334 1371 4402 Θεμὲλια
1426 4333 1857 4388 καταϐάλλονται

1968 469 2130 524 allici.

2038 562 2177 615 Ante
2211 562 2396 615 omnia
2443 575 2574 615 vero
2626 560 2768 616 scire
2799 559 2966 614 debes
3006 558 3172 614 Deum
3202 576 3297 615 sex
3339 562 3554 617 dierum

1967 653 2147 722 spatio
2184 653 2448 706 mundum
2478 653 2623 706 hunc
2654 651 2967 706 condidisse
2995 692 3009 714 ,
3068 667 3132 706 ac
3176 651 3267 706 die
3319 655 3553 722 septima

1968 760 2152 800 rerum
2189 743 2451 798 creationi
2490 743 2595 797 ﬁne
2639 744 2896 812 imposito
2929 743 3220 812 quievisse.
3249 746 3299 813 2
3339 745 3554 801 Poterat

1968 837 2191 904 quidem
2223 852 2332 890 uno
2359 836 2448 890 die
2488 851 2578 889 res
2613 836 2899 894 universas
2927 836 2979 890 in
3013 845 3193 890 ortum
3224 838 3550 906 producere,

1969 929 2231 982 nimirum
2266 928 2500 988 caelum,
2535 936 2735 980 terram
2760 966 2774 991 ,
2811 943 2961 980 mare
2988 967 3002 991 ,
3038 928 3236 996 pisces,
3276 930 3550 994 volucres,

1968 1019 2353 1089 quadrupedes
2385 1019 2589 1074 bestias
2616 1057 2630 1081 ,
2681 1027 2739 1072 et
2769 1019 2824 1072 in
2880 1019 2966 1072 his
2997 1019 3273 1074 hominem
3319 1021 3495 1090 ipsum
3534 1040 3550 1076 :

1968 1112 2062 1167 sed
2093 1127 2160 1166 ne
2191 1111 2536 1166 occasionem
2587 1112 2793 1165 erroris
2838 1109 2966 1165 hinc
2995 1111 3078 1165 sui
3109 1112 3417 1181 arriperent
3457 1117 3550 1184 qui

1969 1201 2198 1254 fortuito
2232 1215 2358 1254 casu
2411 1209 2527 1253 orta
2575 1200 2870 1269 perhibent
2923 1201 3145 1263 omnia,
3204 1199 3400 1254 diebus
3458 1218 3552 1257 scx

1967 1294 2234 1348 mundum
2286 1292 2436 1346 hunc
2493 1293 2781 1347 absolvere
2821 1292 3033 1358 voluit,
3087 1293 3551 1362 quemadmodum

1967 1400 2170 1439 aureus
2200 1393 2384 1437 orator
2426 1383 2516 1437 ille
2544 1385 2784 1438 Joannes
2819 1384 3004 1438 tradit.
3041 1383 3169 1437 Nam
3195 1387 3238 1438 si
3264 1386 3366 1440 hoc
3388 1389 3551 1440 etiam

1973 1479 2134 1531 modo
2164 1477 2367 1532 creatis
2399 1477 2775 1545 absolutisque
2808 1478 2996 1540 rebus,
3039 1479 3154 1531 ausi
3179 1478 3397 1547 quidam
3426 1489 3554 1532 sunt

1968 1569 2255 1640 imaginari
2293 1584 2422 1623 casu
2477 1570 2714 1638 quodam
2755 1577 2930 1634 ortas,
2958 1570 3134 1623 multo
3170 1570 3342 1636 magis
3388 1571 3437 1624 id
3469 1571 3556 1625 fc-

1967 1659 2194 1723 cissent,
2229 1659 2272 1713 si
2306 1659 2513 1728 pariter
2546 1659 2852 1730 eodemque
2877 1668 3122 1727 tempore
3153 1661 3387 1713 conditae
3423 1661 3558 1714 fuis-

1964 1759 2106 1805 sent.
2143 1751 2357 1805 Placuit
2387 1752 2576 1805 itidem
2631 1752 2744 1805 Deo
2791 1766 2885 1805 sex
2931 1759 3140 1805 tantum
3191 1751 3410 1813 diebus.
3445 1770 3552 1806 non

1963 1843 2216 1912 pluribus
2266 1858 2370 1897 nec
2421 1842 2777 1912 paucioribus
2818 1842 3100 1911 opiﬁcium
3135 1843 3324 1896 mundi
3386 1843 3554 1914 hujus

1962 1933 2272 1996 absolvere,
2303 1943 2362 1986 ut
2391 1934 2661 1987 sciremus
2691 1933 2852 1987 nobis
2876 1948 3096 2002 quoque
3131 1948 3222 1987 sex
3259 1933 3553 2004 cujuslibet

1962 2024 2286 2092 septimanae
2331 2025 2527 2079 diebus
2556 2023 2939 2086 laborandum,
2975 2025 3378 2094 septimumque
3403 2025 3549 2078 dit-nt

1962 2115 2064 2169 soli
2104 2115 2462 2170 celebrationi
2495 2115 2697 2170 divinat
2745 2115 3197 2185 impendendum.
3226 2116 3359 2170 Nam
3383 2132 3446 2170 ea
3483 2117 3554 2170 de

1963 2222 2127 2262 causa
2173 2206 2367 2276 Opifex
2406 2223 2626 2277 quoque
2657 2217 2845 2262 noster
2874 2206 2944 2261 ab
2984 2206 3244 2262 omnibus
3289 2208 3553 2276 operibus

1962 2299 2080 2352 suis
2131 2298 2368 2367 septimo
2398 2298 2488 2352 die
2523 2298 2754 2368 quievit.
2791 2299 2904 2354 Nec
2948 2308 3035 2353 est
3069 2300 3215 2368 quod
3260 2299 3552 2353 Dominum

1963 2390 2018 2444 in
2059 2390 2353 2460 Evangelia
2400 2391 2588 2446 dicere
2660 2393 2883 2446 tnireris
2922 2410 2936 2446 :
2982 2411 2999 2443 ι
3033 2393 3198 2447 Pater
3235 2407 3390 2446 meus
3422 2407 3559 2460 0pc-

1963 2492 2116 2537 ratur
2149 2482 2438 2547 hactenus,
2471 2492 2526 2538 et
2563 2483 2680 2552 ipse
2737 2498 2937 2552 Operor
2973 2484 3012 2536 ³.
3051 2501 3069 2532 ι
3100 2483 3233 2536 Nam
3274 2491 3386 2534 tum
3424 2482 3558 2550 qui-

1962 2574 2086 2630 dem
2118 2575 2413 2645 temporis,
2452 2583 2512 2628 ut
2569 2575 2997 2644 Chrysostomus
3028 2575 3128 2639 ait,
3186 2574 3253 2628 ab
3287 2576 3554 2643 Operibus

1964 2667 2241 2722 universis
2291 2665 2522 2735 quievit,
2587 2665 2692 2719 hoc
2740 2673 2826 2720 est
2865 2680 3057 2720 creare
3102 2666 3312 2720 desiit:
3346 2666 3554 2735 quippe

1963 2770 2089 2830 post
2120 2770 2334 2815 sextum
2371 2760 2516 2813 diem
2578 2758 3007 2828 haudquaquam
3060 2758 3114 2812 iu
3145 2767 3324 2811 ortum
3352 2758 3421 2810 de
3462 2757 3552 2810 ni-

1964 2852 2080 2906 hilo
2105 2851 2407 2920 quidquam
2468 2851 2748 2920 produxit.
2791 2849 2928 2916 Quia
2967 2864 3102 2904 vero
3158 2848 3461 2903 secundum
3493 2847 3548 2900 id

1962 2953 2148 2999 creata
2174 2958 2506 2998 conservare
2556 2957 2667 2996 non
2692 2942 2949 3004 cessavit,
2978 2941 3186 3010 absque
3225 2955 3336 3010 quo
3366 2940 3509 2994 foret
3530 2979 3547 3004 ,

1964 3036 2017 3088 in
2057 3034 2390 3088 hodiernum
2442 3033 2530 3087 illa
2594 3031 2740 3086 diem
2792 3045 2899 3084 non
2949 3030 3286 3095 durassent,
3341 3030 3552 3085 idcirco

1961 3125 2127 3181 etiam
2165 3123 2329 3178 modo
2369 3139 2478 3178 non
2507 3123 2606 3176 abs
2643 3137 2700 3178 re
2729 3121 2947 3194 operari
2980 3120 3203 3176 dicitur.

2037 3401 2332 3456 Enimvero
2367 3397 2545 3470 primo
2574 3397 2668 3454 die
2696 3398 2897 3454 caelum
2933 3413 2997 3454 ac
3025 3406 3224 3453 terram
3256 3397 3548 3463 condidit,
3586 3402 3591 3406 '

1963 3495 2163 3550 ctelum
2194 3534 2206 3557 ,
2248 3494 2473 3563 inquam
2497 3532 2512 3557 ,
2571 3492 2706 3547 illud
2756 3491 3014 3562 princeps
3037 3530 3053 3555 ,
3110 3491 3500 3561 perpulchrum
3529 3530 3544 3556 ,

1962 3587 2236 3642 sideribus
2261 3600 2481 3650 carens,
2504 3584 2572 3640 de
2627 3583 2788 3654 cujus
2829 3584 3068 3655 imagine
3120 3582 3353 3638 Ioannes
3377 3598 3550 3638 evan-

1962 3679 2152 3750 gelica:
2178 3688 2374 3732 auctor
2414 3676 2683 3740 historiae,
2713 3676 2782 3731 de
2813 3683 3069 3732 secutura
3101 3673 3404 3729 secundum
3433 3674 3552 3728 haec

1961 3787 2146 3825 rerum
2207 3769 2609 3826 instauratione
2654 3769 2888 3838 loquens
2935 3767 2989 3821 in
3039 3765 3392 3821 Revelatione
3424 3780 3546 3832 sua,

1962 3861 2044 3916 sic
2075 3862 2171 3915 ait.
2215 3879 2232 3912 ι
2273 3860 2538 3915 Videbam
2591 3859 2796 3914 coelum
2846 3871 3052 3911 novum
3111 3864 3422 3924 terramque
3451 3872 3551 3910 no-

1959 3968 2108 4019 vam,
2142 3961 2199 4006 et
2236 3967 2386 4006 mare
2413 3952 2568 4021 prius
2599 3963 2868 4019 nusquam
2901 3955 3021 4002 erat
3043 3949 3084 4000 '.
3120 3963 3142 3997 ι

2039 4063 2056 4095 ι
2122 4044 2269 4097 Deus
2295 4083 2310 4107 ,
2377 4060 2395 4092 ι
2424 4043 2502 4096 ait
2536 4056 2707 4096 sacrae
2749 4039 2994 4094 historia!
3041 4037 3303 4106 scriptor,
3333 4056 3351 4088 ι
3387 4037 3548 4092 initio

1960 4134 2163 4190 malum
2219 4142 2276 4187 et
2307 4145 2507 4188 terram
2541 4130 2752 4187 creavit
2798 4132 2840 4182 ³.
2900 4147 2918 4180 ι
2980 4128 3373 4183 Animadverte
3397 4169 3411 4192 ,
3443 4129 3546 4194 lili,

1961 4227 2192 4282 dubium
2235 4225 2342 4280 hoc
2395 4225 2518 4279 loco
2567 4221 2831 4292 quiddam
2863 4220 3144 4285 incidere,
3195 4220 3291 4290 qui
3339 4228 3544 4275 emtum

1961 4320 2116 4388 prius
2167 4316 2513 4379 condiderit,
2575 4329 2640 4370 ac
2677 4312 2879 4368 deinde
2921 4320 3147 4366 terram.
3209 4311 3348 4365 Cum
3392 4310 3542 4365 enim

281 4423 570 4493 πρότερον,
611 4419 714 4475 εἷθ’
743 4423 914 4486 οὕτως
944 4427 971 4478 6
1005 4426 1226 4493 ὄροφος,
1261 4425 1368 4478 ἔδει
1409 4424 1629 4489 πάντως
1678 4441 1858 4495 παρα-

1967 4413 2152 4482 priore
2194 4411 2315 4465 loco
2338 4408 2693 4464 fundamenta
2721 4406 3016 4476 jaciantur,
3047 4413 3214 4473 atque
3245 4405 3317 4457 ita
3341 4403 3544 4457 deinde

280 4511 468 4580 χθῆναι
524 4513 625 4584 τὴν
678 4517 783 4583 γῆν
831 4518 926 4568 καὶ
973 4516 1094 4568 τότε
1146 4518 1238 4568 τὸν
1291 4517 1543 4586 οὐρανόν.
1584 4516 1743 4570 Ἀλλά
1780 4516 1855 4587 μὴ

1967 4513 2171 4558 tectum
2205 4503 2519 4572 imponatur
2558 4499 2830 4560 aediﬁciis.
2862 4497 3088 4552 omnino
3119 4505 3263 4550 terra
3289 4496 3445 4564 prius
3486 4496 3540 4549 in

281 4602 527 4671 Θαύμαζε
582 4603 778 4657 τούτου
828 4605 1036 4659 ἕνεκεν.
1098 4606 1319 4679 Ἐπειδὴ
1374 4607 1484 4676 γὰρ
1531 4607 1708 4661 πάντα
1762 4606 1856 4660 τοῦ

278 4693 404 4748 Θεοῦ
437 4697 585 4766 ὑπὲρ
619 4696 782 4764 φύσιν
824 4697 942 4750 ἐστὶ
976 4699 1070 4751 καὶ
1107 4699 1309 4770 τέχνης
1353 4699 1696 4764 ἀκολουθίαν,
1734 4716 1856 4753 και-

280 4787 359 4838 νὸν
412 4790 638 4851 πάντως
683 4789 868 4855 οὐδὲν,
907 4790 1019 4858 εἴγε
1083 4792 1178 4844 καὶ
1228 4792 1321 4844 ἐπὶ
1371 4791 1469 4860 τῆς
1517 4792 1611 4844 τοῦ
1643 4791 1854 4862 κόσμου

278 4879 463 4933 τούτου
491 4884 839 4951 παραγωγῆς
869 4882 960 4934 τὸν
1012 4882 1243 4951 οὐρανὸν
1279 4883 1508 4951 ἐποίησε
1559 4883 1850 4953 πρότερον,

281 4967 394 5024 εἶτα
421 4973 524 5040 τὴν
552 4974 676 5042 γῆν.
710 4974 819 5025 Καὶ
849 4972 990 5025 οὕτω
1024 4973 1122 5042 μὲν
1163 4976 1190 5025 6
1235 4972 1512 5034 θειότατος
1554 4971 1811 5040 Ἰωάννης
1835 4986 1849 5001 ·

281 5063 451 5131 ἕτεροι
482 5065 542 5117 δέ
573 5083 740 5134 φασιν
775 5066 856 5118 ὅτι
899 5069 926 5119 6
962 5065 1354 5136 ἀριστοτέχνης
1397 5065 1530 5128 Θεὸς
1568 5067 1662 5117 τὸν
1689 5064 1852 5134 οὖρα-

278 5154 365 5207 νὸν
386 5157 652 5226 πρότερον
691 5156 1056 5225 παραγαγὼν,
1092 5152 1214 5210 εἶτα
1255 5157 1354 5228 τὴν
1382 5160 1506 5227 γῆν,
1541 5157 1858 5227 ἀπόρρητον

281 5245 444 5301 αὑτοῦ
477 5249 667 5316 σοφίαν
689 5249 787 5302 καὶ
821 5250 1015 5320 τέχνην
1046 5250 1412 5319 παρέστησεν.
1463 5247 1684 5318 Ἐπειδὴ
1722 5246 1855 5316 γάρ,

1964 4605 2146 4649 ortum
2181 4593 2534 4663 producenda
2571 4601 2688 4646 erat
2715 4633 2730 4656 ,
2787 4605 2851 4644 ac
2903 4597 3019 4643 tum
3060 4587 3281 4642 demum
3340 4587 3540 4641 cmlum

1964 4701 2186 4756 quoque
2233 4684 2555 4739 creandum.
2583 4684 2786 4738 Verum
2833 4682 2996 4736 aliter
3029 4682 3204 4750 egisse
3240 4681 3411 4735 Deum
3449 4697 3546 4734 ne-

1965 4793 2240 4849 quaquam
2291 4776 2390 4830 tibi
2441 4778 2642 4830 mirum
2693 4774 2968 4830 videatur.
3016 4773 3152 4827 Nam
3199 4789 3323 4828 cum
3374 4789 3540 4844 Opera

1968 4872 2142 4942 ipsius
2171 4869 2353 4929 omnia
2386 4877 2598 4923 natura:
2627 4868 2774 4938 leges
2803 4864 3074 4921 excedant
3102 4873 3158 4920 et
3189 4879 3408 4920 omnem
3449 4882 3542 4920 ar-

1965 4965 2034 5020 tis
2063 4963 2287 5027 seriem,
2321 4961 2458 5015 nihil
2504 4975 2706 5014 novum
2730 4997 2746 5024 ,
2774 4958 2819 5012 si
2853 4959 3017 5012 etiam
3054 4957 3108 5010 in
3159 4958 3349 5011 mundi
3385 4973 3542 5012 crea-

1962 5059 2111 5112 tione
2139 5056 2338 5109 ccelum
2373 5053 2560 5123 priore
2591 5051 2733 5113 loco,
2765 5057 2966 5104 terram
2997 5049 3241 5103 secundo
3270 5048 3537 5104 condidit.

1962 5151 2076 5205 Hoc
2110 5148 2274 5204 modo
2301 5147 2524 5202 divinus
2559 5143 2650 5199 ille
2680 5143 2919 5199 Joannes
2961 5143 3104 5196 hanc
3138 5141 3539 5196 dubitationem

1957 5243 2278 5313 explicavit.
2329 5241 2432 5295 Alii
2463 5255 2594 5295 vero
2627 5239 2820 5294 dicunt
2859 5239 3033 5292 Deum
3085 5250 3362 5291 summum
3409 5236 3541 5287 τιτιὶ-

281 5339 351 5401 ὼς
381 5344 406 5392 6
440 5341 509 5393 τὰ
541 5341 658 5393 Θεῖα
694 5342 857 5410 σοφὸς
902 5341 1204 5412 Γρηγόριος
1241 5345 1268 5394 6
1315 5340 1543 5408 Νύσσης
1578 5341 1743 5411 φησὶν
1772 5340 1853 5392 ὅτι

1965 5338 2113 5394 licem
2146 5337 2383 5407 primum
2417 5335 2558 5389 cmlo
2590 5332 2814 5388 condito
2839 5329 3038 5386 deinde
3069 5337 3264 5382 terram
3296 5342 3533 5388 creasse,

280 5428 364 5481 διὰ
411 5430 512 5500 τῆς
567 5432 749 5496 ὀξείας
807 5433 1074 5501 κινήσεως
1126 5432 1220 5485 τοῦ
1279 5432 1537 5502 οὐρανίου
1598 5431 1852 5500 σώματος

278 5520 562 5588 ἑδράζεται
619 5524 762 5575 κατά
829 5521 1010 5593 χώρας
1070 5523 1102 5593 ἠ
1154 5524 1225 5590 γῆ
1286 5524 1380 5575 καὶ
1447 5520 1849 5588 συσφίγγεται,

394 5680 549 5739 Joau.
587 5703 640 5748 ν,
675 5685 759 5741 17.
841 5689 861 5718 ⁸
888 5689 1058 5755 Apoc.
1095 5701 1205 5753 xxi,
1239 5686 1287 5738 l.
1367 5688 1385 5718 ³
1423 5686 1559 5740 Gen.
1595 5701 1632 5750 ι,
1674 5683 1723 5737 l.

1955 5441 2013 5485 ut
2047 5430 2154 5484 hoc
2186 5429 2303 5498 ipso
2333 5426 2661 5483 iuellabilem
2707 5423 3031 5494 sapientiam
3067 5432 3351 5489 artemque
3378 5432 3534 5471 suum

1951 5523 2278 5579 declararet.
2333 5520 2467 5575 Nam
2503 5535 2627 5576 cum
2672 5519 2740 5574 dc
2786 5515 3060 5572 sententia
3094 5512 3344 5581 Gregorii
3395 5509 3542 5579 Nys--
