4052 6200
335 327 398 419 33
703 401 712 408 ,
846 402 850 406 _
1443 415 1448 419 _
1606 313 2378 408 ANN.\I.lliMPARSI._
2625 290 2638 302 ’
3499 322 3563 383 at

336 435 582 522 συστολὴν
634 434 726 490 τοῦ
782 436 958 505 φωτὸς
1014 435 1196 505 χώραν
1243 437 1440 490 αὐτίκα
1493 437 1678 500 λαϐὸν,
1713 441 1890 492 έκεῖνο

2010 422 2194 500 ιὶεέει,
2235 438 2414 492 lucem
2472 435 2694 506 quidem
2745 422 3048 503 appellasse
3089 431 3274 495 diem,
3309 433 3566 486 tenebras

333 527 486 582 νύκτα
518 528 762 582 ἐκάλεσε.
803 547 823 579 ι
861 530 967 583 Καὶ
992 529 1208 596 ἐγένετο
1233 548 1250 580 ι
1285 529 1392 599 γάρ
1421 547 1586 600 φησιν
1614 550 1630 581 ι
1657 530 1884 600 ἑσπέρα,

332 623 418 674 καὶ
467 609 708 694 ἐγένετο
743 620 887 690 πρωῒ
941 622 1122 692 ἡμέρα
1170 622 1288 690 μία.
1342 642 1360 673 ι
1397 623 1509 676 Καὶ
1567 621 1754 675 πείθου
1811 623 1888 691 τῷ

334 711 542 791 μεγάλῳ
594 712 857 780 Βασιλείῳ
907 713 1117 782 λέγοντι
1159 715 1241 767 ὅτι
1279 716 1446 785 ῆπρδ
1492 716 1591 783 τῆς
1623 714 1886 782 γενέσεως

329 805 414 857 τοῦ
454 806 626 872 φωτὸς
671 808 727 856 έν
767 805 843 875 τῷ
895 806 1084 876 κόσμῳ
1113 808 1448 870 κατάστασις
1495 809 1618 876 οὐχὶ
1665 806 1758 872 νὺξ
1798 802 1885 875 ἦν,

330 893 455 946 ἀλλὰ
481 893 687 955 σκέτος.
724 893 808 969 Τὸ.
826 895 1011 962 μέντοι
1040 895 1322 948 διασταλὲν
1349 895 1488 964 πρὸς
1521 894 1618 964 τὴν
1651 895 1884 962 ἡμέραν,

331 983 478 1060 τοῦτο
511 984 604 1050 νὺξ
654 985 976 1056 ὠνομάσθη,
1009 987 1148 1055 ὅπερ
1186 987 1460 1054 νεωτέρας
1514 986 1889 1056 προσηγορίας

333 1076 457 1144 μετά
521 1077 619 1147 τὴν
683 1078 900 1147 ἡμέραν
960 1077 1283 1146 τετύχηκεν.
1341 1076 1550 1129 Οὐκοῦν
1613 1076 1646 1146 ἡ
1706 1077 1890 1146 ἡμέρα

333 1161 775 1234 προηγεῖταιτῆς
811 1167 1026 1230 νυκτός.
1058 1167 1130 1219 Τὸ
1171 1166 1277 1236 γὰρ
1323 1166 1438 1236 φῶς
1491 1169 1669 1220 ἐκεῖνο
1709 1168 1890 1220 διακε-

333 1257 552 1324 χυμένον
600 1255 658 1307 ὃι
705 1255 1020 1326 ἁπανταχοῦ
1079 1257 1454 1309 συνεστέλλετο
1498 1258 1743 1310 κελεύσει
1795 1258 1890 1310 τοῦ

337 1344 738 1410 παραγαγόντος
782 1346 914 1398 αὐτὸ
948 1345 1570 1415 Θεοῦ,’συστελλόμενον
1625 1349 1682 1402 δὲ
1730 1350 1893 1419 πάρα)-

332 1435 412 1486 δον
439 1435 611 1488 ἐδίδου
643 1440 708 1508 τῇ
741 1440 921 1502 νυκτὶ,
959 1438 1104 1492 καθά
1143 1457 1308 1508 φησιν
1348 1439 1631 1503 ἰουστῖνος
1681 1443 1708 1494 ὁ
1743 1442 1894 1508 φιλό-

336 1541 484 1594 σοφος
528 1527 558 1578 ὁ
605 1530 696 1580 καὶ
761 1529 970 1598 μάρτυς
1013 1530 1275 1600 Χριστοῦ,
1310 1530 1403 1583 καὶ
1459 1531 1576 1601 μετ’
1621 1533 1833 1584 ἐκεῖνον
1866 1535 1893 1584 ὁ

337 1621 497 1685 μέγας
543 1621 852 1689 Βασίλειος.Δ
888 1623 1084 1680 Ἔνθεν
1120 1642 1203 1678 τοι
1257 1625 1353 1678 καὶ⁵
1391 1627 1450 1679 τὸ
1487 1626 1663 1697 μῆκος
1711 1629 1892 1696 ἀμφο-

334 1712 494 1780 τέρων
560 1716 946 1769 ὲπισυνάπτων
1013 1713 1059 1768 ὀ’
1095 1714 1291 1786 Μωσῆς
1344 1717 1440 1771 καὶ
1491 1719 1622 1787 μίαν
1683 1721 1896 1790 ἡμέραν

2001 545 2132 583 vero
2163 540 2382 586 noctem
2414 572 2427 596 ,
2458 530 2654 584 mirum
2697 528 2750 582 id
2779 537 2960 582 tamen
2991 540 3336 596 nequaquam
3369 524 3463 578 tibi
3489 525 3559 578 vi-

1998 621 2212 674 deatur.
2251 620 2466 691 Quippe
2483 637 2591 676 non
2611 621 2897 692 caliginem
2925 619 3072 672 illam
3088 619 3350 686 priorem,
3379 632 3567 687 quem-

1999 714 2293 766 admodum
2351 713 2406 767 in
2474 713 2632 767 libris
2672 712 2958 782 Originum
3010 710 3126 765 suis
3177 711 3383 764 sentire
3417 708 3594 764 lose?

1999 807 2141 875 phus
2174 805 2414 868 videtur,
2453 804 2546 859 sed
2595 819 2714 857 eam
2750 819 2870 872 quae
2898 812 3021 872 post
3049 802 3428 857 collectionem
3480 789 3568 854 liu-

2000 902 2080 950 cis
2139 911 2299 950 suum
2365 910 2487 948 mox
2551 895 2728 948 locum
2763 893 3018 963 accepit,
3077 905 3294 947 noctem
3331 891 3568 944 vocavit.

2003 987 2145 1042 Sunt
2186 973 2335 1043 enim
2373 988 2490 1042 haec
2521 988 2684 1041 verba
2714 987 2877 1040 Mosis
2909 1005 2921 1040 :
2967 1004 2984 1035 ι
3049 985 3214 1039 Facto
3241 997 3475 1052 vespere
3509 998 3572 1035 ac

2002 1092 2163 1131 mane
2204 1078 2322 1132 dies
2379 1092 2522 1131 unus
2569 1074 2802 1130 exstitit.
2846 1093 2862 1124 ι
2923 1072 3131 1126 Idcirco
3156 1071 3341 1140 potius
3375 1080 3572 1137 magno

2003 1170 2204 1223 Basilio
2234 1169 2396 1224 ﬁdem
2426 1169 2584 1230 habe,
2620 1168 2713 1236 qui
2747 1167 2823 1220 ait
2854 1178 2977 1218 cum
3010 1172 3212 1217 statum
3249 1169 3454 1220 rerum,
3475 1158 3568 1226 qui

2001 1271 2126 1314 ante
2153 1262 2291 1315 lucis
2321 1270 2502 1315 ortum
2535 1260 2590 1330 in
2625 1261 2829 1312 mundo
2852 1256 3147 1318 exstiterit,
3185 1269 3290 1306 non
3331 1259 3572 1315 noctein,

2001 1354 2092 1406 sed
2126 1357 2385 1407 tenebras
2407 1351 2602 1416 fuisse,
2627 1367 2752 1405 cum
2786 1351 2836 1404 id
2869 1347 3014 1419 quod
3047 1346 3156 1400 diei
3186 1343 3386 1400 deinde
3408 1357 3574 1410 oppo-

2001 1445 2166 1499 situm
2217 1444 2383 1497 fuerit
2413 1483 2427 1506 ,
2460 1446 2640 1498 noctis
2675 1458 2876 1496 nomen
2925 1439 3219 1507 acceperit,
3251 1435 3574 1504 appellatio-

2003 1547 2128 1586 nem
2188 1533 2400 1588 scilicet
2438 1532 2546 1586 diei
2603 1548 2740 1586 voi-e
2796 1532 3181 1585 recentiorem.
3229 1528 3577 1593 QuaprOpter

2003 1633 2220 1678 noctem
2263 1625 2381 1679 dies
2415 1623 2696 1692 prwcedit.
2728 1623 2860 1676 Nam
2911 1622 3001 1674 lux
3043 1619 3131 1672 illa
3164 1618 3292 1671 hinc
3318 1613 3446 1668 inde
3473 1611 3577 1666 dil-

2004 1717 2121 1771 fusa
2151 1716 2513 1786 colligebatur
2537 1715 2793 1768 mandato
2829 1713 2962 1777 Dei,
2998 1711 3091 1779 qui
3136 1724 3253 1763 eam
3306 1704 3574 1760 condide-

335 1803 640 1880 ἀποκαλῶν,
672 1805 813 1858 οὕτω
839 1807 936 1876 τὴν
967 1807 1302 1876 ὲκμὲτρησιν
1340 1809 1450 1862 τῶν
1485 1809 1695 1880 χρόνων
1729 1815 1894 1878 ποιεῖ,

2010 1819 2086 1862 rat
2119 1827 2131 1871 ;
2170 1809 2399 1863 collecta
2435 1822 2584 1872 vero,
2617 1815 2675 1859 ut
2697 1807 2894 1860 .lustini
2920 1801 3226 1873 philosophi
3258 1796 3575 1863 Christique

342 1875 484 1948 (Καὶ
518 1897 741 1964 ἐγένετο
781 1918 798 1950 ι
825 1875 1006 1966 ’λέγων
1096 1901 1325 1971 ἑσπέρα,
1353 1904 1446 1955 καὶ
1486 1875 1714 1970 έγένετο
1751 1875 1899 1974 πρωί

334 1985 506 2055 ἡμέρα
552 1988 672 2056 μία.
732 2009 752 2041 ι
799 1988 1093 2058 Ἐπίγνωθι
1127 1989 1239 2056 οὖν,
1271 1992 1545 2062 ἀγαπητὲ,
1580 1993 1656 2058 ὡς
1697 1996 1810 2063 εἴγε
1842 1998 1902 2047 τὸ

339 2073 518 2136 σκότος
564 2066 744 2128 ἐκεῖνο
775 2079 1073 2146 προηγεῖτο
1118 2077 1222 2146 τῆς
1266 2079 1505 2150 ἡμέρας,
1537 2082 1750 2135 ἐκεῖθεν
1783 2083 1849 2136 ἂν
1874 2085 1930 2136 ὁ*

335 2163 528 2234 Μωσῆς
578 2169 673 2218 καὶ
717 2166 812 2237 τὴν
859 2169 967 2221 τῶν
1017 2171 1241 2240 ἡμερῶν
1272 2173 1506 2226 ἐποιεῖτο
1543 2173 1900 2244 ὲκμέτρησιν.

335 2255 504 2308 Ταῦτα
535 2257 639 2326 μὲν
666 2255 759 2311 οὖν
795 2251 1102 2314 ἐπιϐεϐαιοῖ
1129 2264 1220 2314 καὶ
1277 2244 1439 2327 αὐτὸς
1467 2267 1493 2317 ὁ
1521 2264 1619 2333 τὴν
1649 2266 1902 2332 γλῶτταν

335 2346 580 2414 χρυσσῧς.
617 2349 703 2400 Ἐν
738 2350 846 2416 γὰρ
887 2354 952 2419 τῇ
993 2356 1072 2412 είς
1099 2353 1197 2420 τὴν
1241 2350 1579 2424 Ἐξαὴμερον
1617 2357 1776 2427 τρίτῃ
1803 2358 1905 2409 αὺ-

335 2437 415 2505 τοῦ
449 2439 639 2509 ὁμιλίᾳ
667 2442 828 2509 φησὶν
855 2441 938 2493 ὅτι
974 2443 1143 2496 εἰπὼν
1179 2446 1205 2498 ὁ
1233 2445 1464 2514 Μωσῆς,
1496 2465 1514 2496 ι
1549 2448 1659 2500 Καὶ
1687 2449 1905 2515 ἐγένετο

335 2530 530 2600 ἑσπέρα
565 2534 662 2584 καί
691 2533 906 2599 ἐγένετο
935 2534 1080 2603 πρωῒ
1103 2534 1297 2605 ¹ἡμέρα
1329 2541 1483 2606 μίση
1513 2537 1680 2603 ἔδειξε
1713 2541 1903 2608 σαφῶς

333 2617 405 2670 ὅτι
439 2618 498 2670 τὸ
538 2619 688 2680 τέλος
714 2622 808 2690 τῆς
831 2622 1026 2684 νυκτὸς
1053 2622 1328 2693 πλήρωμα
1352 2625 1450 2694 τῆς
1480 2627 1691 2695 ἡμέρας
1715 2629 1864 2680 ἐστίν
1887 2646 1901 2661 ·

333 2699 416 2759 ἐπὶ
462 2709 574 2779 γὰρ
622 2711 796 2781 τούτῳ
849 2714 943 2767 καὶ
990 2715 1315 2784 ἀμφοτέρων
1356 2716 1418 2768 τὸ
1470 2717 1642 2787 μῆκος
1681 2720 1901 2790 ἡμέραν

338 2797 454 2865 μίαν
478 2799 712 2863 εἰκότως
755 2801 1035 2858 ἐκάλεσεν.
1079 2803 1238 2856 Οὕτω
1286 2804 1384 2874 μὲν
1413 2801 1505 2859 οὖν
1539 2809 1565 2859 ὀ
1596 2807 1768 2876 μέγας
1798 2809 1904 2862 Βα-

337 2891 521 2954 dilator,
577 2895 707 2962 περὶ
745 2893 839 2946 τοῦ
878 2895 1124 2958 Μωσέως
1158 2897 1344 2964 φησὶν,
1373 2897 1461 2950 ἵνα
1509 2897 1576 2950 τὰ
1639 2899 1904 2968 πρεσϐεῖα

335 2981 427 3048 τῆς
467 2983 739 3048 γενέσεως
797 2984 981 3053 ἀποδῷ
1017 2987 1084 3056 τῇ
1134 2970 1630 3058 ἡμέρῳ-πρότερον
1679 2984 1802 3043 εἰπε
1844 2991 1906 3044 τὸ

338 3073 499 3141 πέρας
529 3073 633 3144 τῆς
659 3076 894 3146 ἡμέραςς
923 3072 1042 3131 εἶτα
1063 3077 1162 3148 τῆς
1193 3080 1413 3147 νυκτὸς,
1445 3079 1520 3145 ὡς
1555 3082 1900 3154 ὲφεπομένης

335 3155 430 3232 τῆς
464 3165 657 3229 νυκτὸς
691 3171 756 3240 τῇ
791 3171 997 3240 ἡμέρᾳ.
1033 3171 1204 3240 Ἀφες
1237 3171 1424 3226 λοιπδν
1461 3173 1529 3226 τὰ
1578 3175 1672 3226 τοῦ
1717 3175 1902 3246 Ἰωσὴ-

338 3271 462 3308 που·
515 3260 745 3324 σκότους
795 3261 903 3334 γὰρ
954 3263 1162 3328 ἐκεῖνος
1204 3265 1280 3328 ὼς
1339 3264 1591 3328 Ἰουδαῖος
1639 3265 1900 3336 ὑπάρχων

343 3353 530 3419 μεστὸς
567 3353 872 3424 ἀναϐλέψαι
908 3357 1045 3427 πρὸς
1075 3358 1134 3410 τὸ
1168 3357 1282 3426 φῶς
1314 3357 1412 3409 οὐκ
1457 3357 1746 3428 ἠθέλησεν.
1777 3360 1902 3410 Ἕν-

339 3433 421 3498 θεν
455 3463 537 3502 τοι
563 3451 658 3502 καὶ
679 3451 782 3520 τὴν
811 3451 981 3504 νύκτα
1004 3452 1102 3522 τῆς
1135 3453 1345 3524 ἡμέρας
1367 3451 1654 3522 προέταξε.

2007 1902 2162 1953 testis
2198 1915 2261 1952 ac
2293 1898 2548 1952 eumdem
2601 1898 2776 1953 secuti
2817 1895 2998 1950 Basilii
3033 1892 3218 1947 verbis
3251 1899 3392 1951 utar,
3425 1885 3572 1940 nocti

2003 1992 2156 2044 velut
2197 1991 2408 2045 aditum
2465 1990 2754 2059 quemdam
2809 1985 3192 2056 patefaciebat.
3245 1982 3362 2046 Quo
3421 1977 3480 2032 ﬁt
3517 1986 3576 2030 ut

2005 2084 2246 2151 spatium
2285 2082 2572 2152 utriusque
2623 2081 2961 2150 conjungens
2992 2077 3190 2138 Moses,
3224 2075 3389 2142 idque
3427 2071 3573 2123 diem

2005 2175 2288 2243 appellans
2337 2189 2528 2233 unum,
2591 2171 2858 2240 temporis
2913 2182 3224 2222 mensuram
3282 2165 3574 2235 quamdam

2008 2267 2278 2330 instituat,
2314 2280 2438 2318 cum
2472 2264 2570 2326 ait,
2635 2283 2650 2312 ι
2693 2263 2857 2316 Facto
2910 2274 3136 2329 vespere
3179 2274 3240 2312 ac
3271 2270 3431 2310 mane
3459 2254 3577 2309 dies

2006 2372 2150 2410 unus
2217 2356 2443 2411 exstitit.
2505 2376 2522 2407 ι
2571 2354 2938 2422 Quamobrem
2999 2349 3448 2410 animadvertito,
3487 2347 3575 2401 di-

2006 2449 2144 2504 lecte
2185 2450 2258 2504 ﬁli
2293 2488 2308 2514 ,
2341 2450 2488 2518 quod
2541 2451 2584 2503 si
2637 2449 2812 2517 caligo
2850 2463 2914 2500 ea
2974 2446 3119 2500 diem
3162 2444 3532 2513 pra‘cessisset
3559 2481 3576 2507 ,

2005 2543 2232 2596 omnino
2289 2541 2466 2596 Moses
2521 2542 2737 2596 dierum
2784 2541 2909 2594 inde
2960 2553 3274 2610 mensuram
3330 2537 3577 2590 facturus

2007 2635 2198 2688 fuerit.
2264 2633 2566 2689 Conﬁrmat
2623 2635 2739 2689 hac
2789 2635 2954 2688 etiam
3007 2647 3206 2686 aureus
3263 2639 3450 2683 orator
3489 2627 3579 2684 ille
3657 2673 3682 2688 .,

2005 2736 2218 2781 noster.
2255 2724 2396 2780 Sunt
2442 2728 2590 2780 enim
2628 2727 2743 2781 haec
2791 2725 2963 2796 ipsius
3009 2725 3176 2778 verba
3208 2723 3457 2777 oratione
3503 2721 3580 2774 De

2007 2831 2098 2869 sex
2123 2817 2338 2870 dierum
2375 2817 2638 2886 Oper-ibus
2673 2817 2831 2870 tertia
2888 2836 2901 2868 :
2953 2835 2968 2866 ι
2998 2814 3135 2871 Cum
3184 2815 3319 2869 dicit
3354 2812 3531 2867 Moses
3562 2830 3576 2865 :

2011 2905 2176 2960 Facto
2214 2922 2441 2976 vespere
2477 2923 2539 2960 ac
2583 2919 2744 2961 mane
2795 2906 2912 2960 dies
2970 2923 3116 2961 unus
3162 2905 3410 2968 exstitit,
3457 2919 3583 2973 per-

2010 2999 2200 3067 spicue
2242 2997 2625 3060 demonstrat,
2687 2997 2850 3050 ﬁnem
2892 2997 3071 3050 noctis
3123 2997 3394 3066 integrum
3435 2994 3578 3074 diem

2009 3089 2316 3144 absolvere.
2349 3087 2481 3143 Nam
2519 3105 2637 3145 eam
2675 3089 2746 3143 ob
2777 3103 2994 3143 causam
3027 3088 3314 3156 utriusque
3343 3088 3578 3155 spatium

2007 3191 2156 3237 recte
2177 3183 2320 3236 diem
2340 3196 2506 3236 unum
2533 3181 2844 3250 appellavit.
2871 3200 2888 3231 ι
2925 3179 3129 3234 Eodem
3164 3180 3322 3232 modo
3351 3195 3581 3247 magnus

2010 3272 2176 3327 etiam
2212 3272 2446 3324 Basilius
2483 3271 2661 3340 inquit
2688 3271 2910 3333 lilosem,
2940 3280 2998 3324 ut
3025 3272 3238 3338 priores
3269 3279 3426 3324 ortus
3455 3286 3582 3339 par-

2015 3371 2094 3418 tes
2123 3363 2230 3417 diei
2285 3364 2574 3426 tribueret,
2609 3362 2845 3432 primum
2879 3361 2984 3414 diei
3015 3363 3175 3415 ﬁnem
3209 3363 3579 3430 expressisse,

2011 3455 2212 3511 deinde
2286 3448 2498 3519 noctis,
2549 3461 2806 3523 tanquam
2863 3467 3026 3509 nocte
3081 3453 3225 3508 diem
3292 3463 3580 3523 sequente.

346 3538 522 3610 [Quin
582 3540 659 3612 (l‘)
694 3543 859 3596 etiam
901 3543 1268 3620 Damascenus
1314 3542 1406 3596 ille
1438 3542 1696 3608 Joannes,
1732 3543 1911 3612 capite
1953 3543 2305 3599 Decretorum
2374 3558 2598 3597 suorum
2663 3543 2754 3606 20,
2787 3543 2867 3598 sic
2913 3543 2978 3598 de
3013 3543 3115 3598 hac
3141 3545 3440 3614 quaestione
3471 3545 3586 3600 dis-

344 3631 464 3686 serit
497 3650 510 3686 :
551 3652 570 3684 ‹
609 3635 770 3688 Prior
798 3621 1011 3690 exstitit
1039 3635 1191 3702 dies,
1223 3651 1286 3689 ac
1337 3651 1440 3690 nox
1471 3634 1767 3704 posterior.
1795 3635 1982 3705 Itaque
2015 3651 2124 3690 nox
2161 3636 2304 3690 diem
2370 3636 2639 3705 sequitur,
2670 3646 2726 3690 et
2794 3637 2862 3689 ab
2933 3637 3090 3690 initio
3147 3636 3256 3692 diei
3305 3639 3584 3706 noctisque

344 3741 698 3800 numeratur._
737 3750 755 3782 ι
789 3730 808 3804 ]
847 3732 1210 3798 Quamobrem
1285 3733 1366 3801 in.
1391 3732 1495 3786 hac
1550 3741 1702 3803 parte
1769 3733 1995 3788 missum
2033 3733 2165 3788 mihi
2206 3732 2504 3802 Josephum
2557 3733 2756 3794 facito,
2790 3734 3036 3802 quicum
3065 3773 3079 3796 ,
3127 3739 3185 3786 ut
3225 3732 3443 3787 natione
3490 3731 3586 3784 Ju-

346 3827 505 3894 dmus,
539 3817 800 3898 caliginis.
822 3827 1015 3899 plenus
1054 3827 1262 3893 fuerit,
1313 3828 1378 3883 ad
1429 3830 1606 3882 lucem
1638 3828 1916 3898 suspicere
1956 3829 2152 3896 noluit,
2215 3845 2388 3900 eaque
2446 3831 2514 3884 de
2541 3835 2703 3883 cauSa
2734 3840 2948 3884 noctem
2985 3841 3108 3883 ante
3140 3829 3283 3883 diem
3331 3843 3585 3881 uulnera-

347 3935 439 3980 Vll.

412 4017 515 4068 Καὶ
573 4016 794 4083 ἐγένετο
853 4017 1083 4086 ἑσπέρα.
1139 4017 1234 4070 καὶ
1276 4016 1491 4084 ἐγένετο
1547 4016 1692 4087 πρωῒ
1739 4019 1919 4088 ἡμέρα

351 4111 460 4176 μία.
501 4108 658 4172 Τίνος
697 4109 882 4161 ἕνεκεν
911 4108 1143 4161 ἐνταῦθα
1170 4103 1322 4161 εἷπεν
1347 4111 1529 4178 ἡμέρα
1561 4109 1678 4178 μία,
1706 4110 1797 4160 καὶ
1819 4110 1918 4161 οὐκ

349 4197 512 4268 εἶπεν,
548 4202 736 4270 ἡμέρα
763 4201 988 4270 πρώτης
1027 4202 1220 4254 Καίτοι
1246 4217 1308 4267 γε
1344 4199 1499 4252 τοῦτο
1533 4195 1601 4268 ἦν
1627 4200 1918 4253 ἀκολουθο-

345 4308 517 4360 τερον,
545 4293 661 4358 εἴγε
693 4290 829 4359 μετά
863 4292 1033 4344 ταῦτα
1063 4291 1256 4360 ἔμελλε
1280 4291 1483 4358 λέγειν,
1519 4311 1536 4343 ι
1565 4293 1670 4345 Καὶ
1707 4295 1921 4362 ἐγένετο

2091 4018 2292 4072 Verum
2334 4034 2432 4071 cur
2467 4034 2630 4071 unum
2668 4017 2810 4070 diem
2862 4018 3052 4079 Moses,
3097 4031 3201 4068 non
3239 4016 3472 4084 primum
3502 4017 3584 4070 di-

2021 4111 2118 4174 xit,
2151 4126 2274 4166 Cum
2305 4113 2382 4164 ait
2419 4129 2430 4164 :
2463 4130 2478 4160 ι
2538 4109 2700 4164 Facto
2743 4127 2966 4178 vespere
3000 4126 3060 4161 ac
3091 4126 3247 4163 unaue
3296 4110 3414 4162 dies
3443 4125 3585 4163 unus

2018 4201 2267 4257 exstitit?
2307 4222 2324 4254 ›
2359 4201 2408 4271 5
2439 4200 2571 4262 Cur,
2613 4202 2859 4268 inquam,
2895 4215 3000 4254 non
3033 4199 3216 4268 potius
3263 4199 3399 4253 dixit
3424 4241 3438 4261 ,
3468 4197 3586 4252 dies

2022 4294 2230 4362 primus
2271 4293 2524 4346 exstitit?
2557 4290 2766 4345 Etenim
2806 4291 2909 4345 hoc
2941 4289 3140 4344 rationi
3166 4291 3337 4361 magis
3360 4304 3588 4344 consen-

347 4383 571 4453 ἑσπέρα,
608 4385 702 4435 καὶ
745 4363 964 4449 ἐγένετο
1013 4382 1157 4448 πρωῒ
1201 4384 1383 4454 ἡμέρα
1437 4384 1706 4451 δευτέρα·
1751 4404 1767 4436 ι
1819 4386 1904 4453 τῆς

2027 4397 2242 4436 laneum
2280 4384 2491 4444 fuisset,
2548 4383 2766 4451 quando
2811 4385 3109 4437 secundum
3173 4381 3286 4436 hac
3344 4382 3589 4434 dicturus

344 4475 448 4544 γὰρ
493 4475 758 4544 δευτέρας
809 4477 902 4529 καὶ
953 4475 1054 4544 τῆς
1088 4475 1278 4546 τρίτης
1333 4475 1394 4540 ἐξ
1439 4477 1686 4546 ἀνάγκης
1724 4477 1916 4546 πρώτη

347 4568 608 4639 κατάρχει
647 4585 706 4621 τε
741 4569 833 4621 καὶ
879 4570 1228 4637 προηγεῖται,
1263 4565 1431 4621 Εἶπεν
1480 4569 1572 4622 οὖν
1603 4569 1786 4638 ἡμέρα
1820 4570 1918 4637 μία

347 4660 402 4712 τὸ
456 4654 654 4732 μέτρον
721 4660 933 4730 ἡμέρας
1005 4662 1094 4714 και⁵
1160 4661 1352 4724 νυκτὸς
1418 4659 1769 4731 περιορίζων,
1827 4662 1920 4714 καὶ

353 4754 641 4805 συνάπτων
683 4749 776 4802 τοῦ
819 4751 1218 4822 ἡμερονυκτίου
1273 4752 1364 4806 τὸν
1424 4753 1636 4820 χρόνον,
1684 4752 1757 4814 ὡς
1811 4753 1918 4804 τῶν

337 4843 812 4914 ,εἰκοσιτεσσάρων
860 4831 1022 4914 ὡρῶν
1082 4843 1210 4912 μιᾶς
1258 4843 1654 4912 ὲκπληρουσῶν
1706 4845 1918 4914 ἡμέρας

351 4935 646 5005 διάστημα,
673 4937 1187 5007 συνυπακουομένης
1218 4939 1284 5007 τῇ
1329 4937 1511 5006 ἡμέρᾳ
1556 4937 1795 5006 δηλονότι
1830 4939 1922 4988 καὶ

353 5030 444 5095 τῆς
479 5029 707 5091 νυκτός·
742 5031 834 5080 καὶ
873 5030 977 5097 γὰρ
1008 5031 1042 5092 ἡ
1071 5029 1163 5080 τοῦ
1207 5027 1442 5098 οὐρανοῦ
1477 5028 1583 5080 ἀπὸ
1627 5027 1718 5079 τοῦ
1752 5029 1916 5080 αὐτοῦ

355 5121 573 5188 σημείου
627 5124 720 5172 ἐπὶ
771 5123 829 5173 τὸ
865 5121 996 5173 αὐτὸ
1033 5121 1194 5174 πάλιν
1236 5120 1683 5181 ἀποκατάστασις
1720 5121 1776 5171 έν
1822 5123 1919 5189 μιᾷ

356 5213 535 5283 ἡμέρᾳ
561 5213 791 5280 γίνεται.

422 5393 536 5444 Καὶ
575 5396 704 5463 περὶ
753 5394 851 5463 μὲν
886 5394 981 5463 τῆς
1016 5391 1207 5453 οὐσίας
1245 5389 1338 5442 τοῦ
1374 5389 1604 5459 οὐρανοῦ
1648 5391 1812 5444 πλέον
1860 5395 1922 5444 οὐ

425 5569 668 5644 (ηριιῐη
716 5573 873 5644 etiarn
936 5568 1294 5644 Damascenus
1347 5563 1438 5617 ille
1498 5565 1754 5630 Joannes,
1817 5576 1926 5644 etc.

357 5635 520 5698 Deest
543 5635 692 5698 locus
717 5642 806 5694 ille
831 5637 1146 5693 Damasceni
1179 5637 1232 5689 in
1259 5645 1491 5702 utroque
1524 5644 1715 5688 nostro
1739 5635 1930 5688 codice

359 5717 781 5769 Claroniontano
837 5712 889 5762 in
919 5707 970 5760 Ξῖ.
1009 5717 1067 5761 et
1097 5705 1159 5758 ν.
1209 5721 1327 5758 cum
1359 5714 1560 5768 tamen,
1598 5715 1654 5758 ut
1686 5721 1748 5758 ex
1810 5721 1926 5757 ver-

597 5809 869 5867 PATROL.
910 5804 1028 5864 Gn.
1085 5800 1344 5864 CLVIII.

2021 4485 2158 4537 erat,
2191 4475 2495 4545 «Facloque
2528 4489 2752 4543 vespere
2794 4489 2857 4528 ac
2897 4489 3055 4528 mane
3105 4473 3222 4526 dies
3249 4473 3386 4526 alter
3423 4473 3592 4526 exsti-
3665 4459 3668 4464 ’

2026 4571 2111 4622 tit.
2149 4590 2166 4621 ο
2201 4570 2342 4635 Quin
2384 4570 2548 4621 etiam
2589 4568 2994 4621 sccundum‘et
3037 4565 3259 4619 tertium
3299 4565 3444 4618 diem
3482 4564 3593 4634 pri-

2022 4675 2143 4711 mus
2194 4657 2504 4712 necessario
2563 4656 2840 4724 praecedit.
2903 4655 3174 4708 Nimirum
3225 4655 3371 4706 diem
3422 4670 3589 4706 unum

2021 4752 2180 4810 dixit,
2204 4763 2517 4802 mensuram
2555 4747 2663 4801 diei
2701 4747 2988 4814 noctisque
3021 4746 3308 4810 delinieus,
3350 4754 3404 4798 et
3431 4745 3590 4812 spatii

2022 4841 2204 4894 diui-ni
2262 4837 2630 4909 nocturnique
2679 4847 2901 4893 cu'rsum
2937 4839 3292 4908 conjuugens,
3338 4848 3594 4903 tanquam

2023 4932 2368 5002 explentibus
2397 4932 2742 4985 intervallum
2785 4946 2848 4984 ac
2883 4942 3093 4998 tempus
3137 4932 3242 4984 diei
3300 4932 3479 5000 (nocte
3508 4931 3592 4982 iu-

2025 5027 2184 5079 terim
2237 5025 2338 5078 sub
2371 5024 2482 5077 diei
2529 5024 2796 5076 vocabulo
2843 5023 3264 5091 comprehensa)
3301 5021 3488 5089 viginti
3541 5029 3597 5073 et

2026 5125 2262 5184 quatuor
2293 5115 2464 5170 horis.
2495 5115 2626 5168 Nam
2653 5115 2772 5168 caeli
2815 5115 2884 5166 ab
2917 5130 3024 5166 uno
3060 5116 3361 5180 coli-mque
3397 5120 3620 5180 puucto'

2029 5207 2156 5260 moti
2191 5207 2256 5260 ad
2304 5207 2445 5260 idem
2479 5207 2721 5259 reversio
2757 5206 2866 5259 dici
2910 5207 3072 5258 unius
3104 5206 3279 5274 spatio
3313 5205 3426 5255 ﬁeri
3467 5221 3598 5255 t'uu-

2032 5299 2232 5351 suevit.
2283 5279 2302 5301 ⁸

2103 5388 2174 5442 De
2204 5389 2325 5444 θα)Ιί
2357 5400 2538 5442 autem
2570 5392 2806 5446 essentia
2857 5393 3158 5458 naturaque
3189 5388 3404 5442 curiose
3436 5383 3597 5452 (ιεῖῗιΙ-

2028 5565 2183 5618 sioue
2210 5566 2508 5636 colligitur,
2532 5582 2639 5619 non
2675 5569 2916 5622 abfuerit
2948 5584 2974 5622 a
3009 5567 3197 5620 endiee
3247 5562 3558 5636 Leoni-lavii
3586 5579 3598 5624 ς

2164 5638 2312 5689 enim
2357 5635 2605 5689 'variant
2676 5640 3009 5707 cxclnplaria
3057 5636 3227 5688 nostri
3282 5635 3600 5698 chronologi

2057 5735 2070 5754 .
2101 5721 2224 5757 vae.
2621 5737 2636 5750 -

2057 5721 2224 5758 IIVCIE-

3228 5799 3268 5855 ‘2
