4052 6200
398 286 469 345 35

1673 285 2087 345 menaeus
2125 266 2382 343 GLYC/E

3578 285 3646 348 36

395 409 546 477 piam
580 404 784 474 inquiri
814 404 1050 474 amplius
1086 404 1229 459 haud
1272 411 1488 473 oportet
1517 376 1682 473 quam
1712 402 1859 475 quod
1887 406 1951 455 va

2078 401 2161 454 δεῖ
2208 400 2707 471 πολυπραγμονεῖν,
2759 402 2871 469 εἴγε
2916 403 3006 487 καὶ
3049 401 3251 471 μᾶλλον
3293 402 3320 455 ὁ
3360 404 3648 491 προφήτης

398 507 481 550 tcs
528 496 698 550 lsaias
748 497 955 561 dixit“,
988 495 1183 551 carlum
1220 509 1248 547 a
1307 494 1417 548 Deo
1460 504 1714 564 tanquam
1765 495 1972 547 fumum

395 584 691 654 quemdam
732 583 1034 639 stabilitum
1074 599 1232 650 esse;
1264 585 1465 654 quibus
1506 583 1689 637 verbis
1727 582 1846 651 ejus
1877 596 1976 635 na-

286 681 301 691 ‘
395 644 872 729 t'ura'dec'l‘aratur
922 688 1047 730 esse
1094 644 1385 730 admodum
1424 675 1629 729 tenuis.
1672 673 1822 727 Plato
1849 671 1972 727 C(Bli

395 766 690 820 essentiam
722 774 974 820 constare
1005 767 1171 821 tradit
1197 782 1265 820 ex
1290 775 1443 835 parte
1465 773 1704 836 quatuor
1729 765 1971 820 elemen-

400 867 576 911 torum
606 857 723 911 sive
752 856 1155 927 principiorum
1186 856 1456 912 lucidiore
1476 896 1491 922 ,
1529 866 1692 924 atque
1732 855 1821 910 illa
1853 855 1969 925 ipsa

398 961 460 999 re
491 946 706 1002 caeteris
735 963 766 1001 a
805 946 1132 1016 corporibus
1165 946 1423 1002 secundis
1466 945 1717 1010 differre;
1746 960 1869 999 nam
1903 960 1969 1000 ea

393 1038 462 1091 de
500 1050 655 1107 parte
690 1038 965 1093 crassiore
1005 1048 1129 1095 orta
1185 1057 1327 1097 esse.
1370 1041 1605 1097 Secutus
1657 1050 1741 1097 est
1783 1049 1966 1097 autem

393 1130 491 1183 has
526 1131 814 1200 opiniones
850 1131 1004 1186 Plato
1039 1142 1326 1202 propterea
1358 1132 1501 1204 quod
1534 1132 1814 1188 materiem
1848 1146 1969 1187 cor-

392 1222 544 1290 poris
575 1229 853 1291 expertem
891 1224 1273 1291 prmexsistere
1326 1232 1567 1294 putaret,
1599 1223 1667 1279 de
1696 1238 1804 1293 qua
1831 1222 1962 1277 oriri

390 1311 611 1365 volebat
664 1312 935 1366 elementa
974 1312 1062 1372 illa
1094 1322 1351 1383 quatuor,
1378 1328 1445 1369 ex
1477 1314 1679 1384 quibus
1729 1314 1966 1368 mundus

390 1402 482 1455 hic
514 1402 805 1456 universus
848 1412 1153 1459 constaret.
1196 1404 1397 1460 Verum
1432 1404 1717 1459 enimvero
1748 1404 1965 1459 valeant

390 1492 493 1557 illi,
532 1503 593 1547 ut
629 1493 861 1563 insignis
916 1495 1021 1549 viri
1075 1494 1291 1550 Maximi
1346 1495 1532 1551 verbis
1573 1503 1715 1559 utar,
1769 1494 1864 1564 qui
1895 1494 1964 1550 de

388 1582 564 1636 nihilo
596 1582 896 1653 quidquam
950 1593 1133 1638 ortum
1170 1594 1394 1656 negant.
1425 1585 1539 1640 Nos
1562 1586 1704 1641 enim
1736 1584 1961 1655 proﬁte-

389 1689 515 1727 mur
548 1673 735 1727 itidem
765 1713 779 1735 ,
815 1683 876 1729 ut
934 1676 1189 1747 majestas
1243 1684 1299 1729 et
1348 1675 1650 1745 amplitudo
1686 1675 1960 1731 Creatoris

388 1763 554 1817 nullis
582 1764 654 1817 sit
686 1764 896 1819 inclusa
924 1767 1308 1835 dcscriptaque
1344 1765 1613 1829 terminis,
1646 1767 1719 1821 ita
1746 1782 1847 1821 nec
1872 1782 1959 1820 sa-

385 1854 653 1922 pientiam
682 1856 802 1925 ejus
829 1872 927 1909 nec
967 1867 1289 1924 potestatem
1323 1858 1526 1927 percipi
1549 1873 1727 1926 posse.
1756 1858 1963 1911 Aristo-

385 1947 525 2001 teles
559 1959 740 2001 autem
766 1948 995 2002 alterius
1026 1950 1309 2019 cujusdam
1342 1950 1595 2005 essentiae
1618 1948 1813 2003 caalum
1837 1963 1959 2003 esse

386 2047 545 2104 putat
571 2048 625 2091 et
656 2039 905 2106 quintum
960 2054 1162 2109 corpus
1207 2042 1463 2109 appellat.
1494 2039 1660 2093 Addit
1692 2055 1814 2093 esse
1844 2054 1957 2094 c03-

386 2128 500 2180 lum
552 2127 779 2181 alterius
817 2129 1105 2194 essentia,
1144 2129 1404 2184 nimirum
1457 2131 1525 2185 ab
1560 2130 1796 2184 essentia
1828 2146 1961 2198 qua-

388 2226 515 2270 tuor
544 2218 943 2272 elementorum
977 2219 1230 2286 diversaz,
1262 2230 1487 2291 propter
1519 2222 1664 2277 illam
1697 2238 1913 2278 causam
1942 2262 1957 2284 .

389 2307 536 2376 quod
568 2298 858 2362 amborum
892 2317 1073 2364 motus
1117 2311 1319 2365 diversi
1352 2314 1484 2367 sint.
1520 2314 1654 2368 Nam
1692 2314 1957 2368 elementa

387 2406 625 2465 quatuor
666 2399 863 2467 partim
900 2408 960 2453 ut
1006 2400 1143 2454 levia
1192 2415 1408 2456 sursum
1450 2402 1721 2468 feruntur,
1758 2403 1956 2472 partim

384 2500 447 2543 ut
481 2492 667 2558 gravia
698 2489 779 2545 sic
801 2507 830 2544 a
860 2498 1054 2546 natura
1090 2502 1400 2560 comparata
1431 2504 1580 2558 sunt,
1616 2504 1673 2548 ut
1699 2494 1956 2548 deorsum

384 2591 538 2636 motu
591 2596 693 2636 suo
732 2592 981 2652 vergant.
1014 2599 1139 2637 cum
1174 2584 1395 2638 interim
1434 2585 1634 2640 malum
1687 2585 1741 2638 in
1769 2586 1956 2639 orbem

383 2674 615 2728 feratur.
651 2674 723 2727 De
771 2688 882 2742 quo
911 2675 1065 2743 sequi
1113 2688 1335 2728 necesse
1387 2674 1457 2729 sit
1498 2686 1557 2729 ut
1601 2677 1875 2730 diversum
1927 2692 1957 2730 a

383 2773 625 2834 quatuor
681 2765 979 2820 elementis
1017 2781 1136 2820 esse
1185 2766 1446 2834 quiddam
1499 2776 1789 2823 statuatur.
1835 2768 1958 2823 Haec

382 2861 514 2908 sunt
541 2853 736 2906 horum
779 2852 1091 2923 opiniones.
1141 2854 1252 2913 Nos
1311 2864 1495 2909 autem
1547 2856 1688 2911 facta
1724 2856 1831 2911 illis
1862 2874 1957 2927 po-

383 2952 579 2998 testate
615 2943 829 3012 seipsos
865 2942 1146 2997 evertendi
1203 2960 1267 2997 ac
1293 2945 1592 3014 lapidandi,
1630 2946 1763 3002 Mosi
1794 2946 1954 3003 ﬁdem

2088 492 2319 555 Ἡσαΐας
2350 491 2485 545 ὡσεὶ
2512 490 2717 545 καπνὸν
2750 483 3318 573 αὑτδνείτερεωθῆναί
3350 509 3516 562 φησιν
3543 483 3647 544 ὐπὸ

2074 580 2230 647 Θεοῦ,
2250 583 2347 653 τὴν
2374 583 2535 651 φύσιν
2560 582 2813 636 ἐντεῦθεν
2835 583 3001 636 αὐτοῦ
3032 583 3339 654 παριστῶν,
3363 585 3445 637 ὅτι
3469 583 3644 653 λεπτὴ

2073 672 2192 728 λίαν
2240 672 2407 727 ἐστίν.
2464 675 2526 727 '0
2576 658 2634 727 δὲ
2699 673 2926 729 Πλάτων
2978 673 3306 744 οὐσιωθῆναι
3357 672 3505 742 λέγει
3553 673 3645 726 τὸν

2071 763 2300 834 οὐρανὸν
2336 768 2403 817 ὲκ
2451 762 2552 835 τῆς
2594 762 3043 835 αὐτοειδεστέρας
3074 765 3271 836 μοίρας
3297 764 3405 818 τῶν
3448 760 3645 817 τεσσάι-

2075 872 2183 926 ρων
2229 856 2531 927 στοιχείων,
2579 857 2683 910 κάν
2730 855 2908 926 τούτῳ
2962 855 3238 926 διαφέρειν
3278 857 3387 910 τῶν
3436 854 3640 908 λοιπῶν

2072 945 2342 1014 σωμάτων
2377 943 2539 999 αὐτόν
2562 962 2577 977 ο
2607 936 2783 999 ταῦτα
2824 946 2931 1017 γὰρ
2966 946 3030 998 ὲκ
3059 945 3158 1016 τῆς
3190 945 3505 1015 παχυτέρας
3547 961 3644 1015 με-

2072 1035 2215 1105 ρίδος
2268 1036 2369 1104 τὴν
2422 1033 2637 1102 γένεσιν
2683 1035 2937 1105 ἔσχηκεν.
2985 1036 3172 1090 Ταῦτα
3212 1035 3270 1088 δὲ
3300 1036 3549 1098 ’πάντως
3606 1037 3638 1087 ὁ

2069 1123 2296 1177 Πλάτων
2347 1108 2621 1187 ἐδόξαζεν,
2671 1124 2860 1194 ἐπειδὴ
2910 1127 3287 1195 προϋπάρχειν
3341 1123 3479 1195 ᾤετο
3537 1123 3638 1193 τὴν

2066 1216 2357 1285 ἀσώματον
2402 1214 2555 1286 ὕλην,
2585 1214 2678 1285 ἀφ’
2706 1211 2774 1288 ἦς
2804 1214 2909 1285 ἄρα
2953 1217 3022 1269 τὰ
3074 1216 3316 1286 τέσσαρα
3372 1218 3633 1285 στοιχεῖα.

2079 1305 2217 1360 Ἀλλ’
2258 1304 2590 1376 ἐρῤέτωσαν,
2632 1305 2707 1369 ὡς
2752 1307 2925 1376 μέγας
2977 1306 3113 1377 φησὶ
3155 1307 3430 1377 Μάξιμος,
3470 1307 3518 1359 οί
3547 1307 3633 1357 λέ-

2064 1411 2251 1463 γοντες
2293 1397 2373 1449 ὅτι
2408 1396 2560 1450 οὐδὲν
2598 1396 2658 1461 ἐξ
2685 1397 2784 1451 οὐκ
2821 1398 2992 1452 ὄντων
3021 1398 3241 1466 ἐγένετο
3265 1414 3279 1429 ·
3321 1398 3482 1467 ἡμεῖς
3523 1396 3632 1464 γάρ

2064 1504 2269 1558 φαμεν,
2316 1486 2507 1559 ὥσπερ
2552 1491 2652 1558 τῆς
2703 1488 3080 1560 μεγαλοσύνης
3124 1488 3222 1542 τοῦ
3268 1489 3632 1559 πεποιηκότος

2062 1577 2164 1653 οὐκ
2215 1577 2332 1631 ἔστι
2377 1577 2574 1647 πέρας,
2602 1576 2777 1638 οὕτως
2815 1577 2941 1631 οὐδὲ
2962 1578 3062 1647 τῆς
3098 1576 3293 1646 σοφίας
3333 1570 3499 1630 αὑτοῦ
3540 1576 3636 1627 καὶ

2062 1670 2342 1739 δυνάμεως
2366 1670 2695 1740 κατάληψις.
2735 1670 2795 1723 Ὀ
2816 1669 2873 1722 δὲ
2918 1666 3295 1740 Ἀριστοτέλης
3320 1664 3631 1736 ἑτερούσιον

1995 1735 2033 1789 Β
2062 1759 2153 1814 τὸν
2181 1735 2407 1831 οὐρανὸν
2439 1762 2534 1815 καὶ
2559 1735 2811 1832 πέμπτον
2837 1735 2996 1830 σῶμα
3023 1760 3195 1813 καλεῖ.
3236 1735 3491 1812 Καλεῖίδὲ
3528 1756 3630 1808 αὐ-

2060 1850 2152 1903 τὸν
2190 1850 2501 1922 ἑτερούσιον
2552 1852 2646 1904 καὶ
2694 1850 2823 1905 ἄλλο
2863 1849 3111 1918 τιαταρὰ
3152 1846 3220 1900 τὰ
3247 1848 3514 1916 τέσσαρα,
3542 1847 3624 1898 ὅτι

2062 1946 2153 1999 καὶ
2200 1947 2233 2016 ἠ
2286 1945 2501 2011 κίνησις
2542 1944 2871 2013 ἀμφοτέρων
2902 1942 3037 2011 ἄλλη
3086 1942 3179 1995 xal
3219 1942 3372 2010 ἄλλη.
3414 1942 3494 1995 Τὰ
3528 1942 3626 2009 μὲν

2061 2038 2170 2106 κὰρ
2202 2037 2312 2089 ἄνω
2348 2036 2604 2103 φέρονται
2639 2037 2713 2097 ὡς
2746 2034 3031 2103 κοῦφα,τὰ
3062 2035 3117 2086 δὲ
3152 2035 3313 2087 πάλιν
3341 2038 3414 2096 ὡς
3448 2035 3621 2105 βαρέα

2060 2127 2187 2179 ὄντα
2233 2128 2383 2180 κάτω
2446 2129 2712 2195 κέκτηται
2767 2126 2869 2194 τὴν
2932 2126 3140 2196 φοράνο
3199 2129 3224 2178 ὁ
3277 2125 3333 2176 δὲ
3396 2126 3624 2196 οὐρανὸς

2059 2218 2325 2286 κυκλικὴν
2349 2216 2462 2287 ἔχει
2490 2218 2588 2287 τὴν
2623 2217 2861 2287 κίνησιν,
2898 2218 2982 2284 ἐφ’
3027 2211 3069 2282 ᾧ
3109 2217 3204 2268 καὶ
3237 2216 3366 2269 ἄλλο
3391 2234 3441 2268 τι
3475 2216 3625 2284 παρὰ

2058 2312 2128 2361 τὰ
2179 2310 2421 2379 τέσσαρα
2463 2309 2676 2375 δοξάζει
2717 2309 2901 2363 αὐτόν.
2946 2310 3057 2363 Kal
3101 2304 3248 2363 οὗτοι
3298 2311 3395 2381 μὲν
3430 2308 3624 2394 eanec.

2070 2402 2260 2467 Ἡμεῖς
2319 2401 2376 2452 δὲ
2431 2402 2867 2455 καταῦἀλλεσθαι
2934 2402 3027 2454 ὑπ’
3085 2403 3332 2474 ἀλλήλων
3396 2402 3625 2472 ἀφέντες

2059 2488 2276 2551 αὐτοὺς,
2308 2486 2386 2555 τῷ
2441 2488 2644 2560 θεόπτῃ
2675 2488 2751 2559 (2)
2796 2489 3107 2559 πεισθῶμεν
3140 2492 3331 2545 Μωσεί
3368 2491 3581 2559 λέγοντι
3604 2506 3618 2519 °

2064 2598 2084 2629 ι
2107 2578 2194 2631 Ἐν
2214 2580 2355 2649 ἀρχῇ
2380 2580 2630 2649 ἐποίησεν
2647 2582 2675 2633 ὁ
2697 2580 2830 2644 Θεὸς
2854 2583 2945 2635 τὸν
2971 2582 3198 2652 οὐρανὸν
3218 2584 3309 2635 καὶ
3325 2586 3422 2651 τὴν
3446 2582 3573 2651 γῆν.
3597 2601 3616 2634 ι

2057 2671 2367 2725 Κάντεῦθεν
2402 2673 2468 2725 ὲκ
2496 2673 2590 2725 τοῦ
2616 2674 2844 2737 κάλλους
2865 2674 2973 2727 τῶν
3006 2674 3298 2745 ὁρωμένων
3329 2675 3421 2726 τὸν
3455 2675 3624 2743 ὑπέρ-

2057 2763 2223 2816 καλον
2249 2761 2588 2834 ὲννοώμεοα,
2622 2765 2881 2827 ὡσαύτως
2908 2767 2971 2818 ἐκ
3013 2766 3107 2819 τοῦ
3142 2766 3409 2835 μεγέθους
3438 2768 3621 2820 αὐτῶν
3689 2781 3692 2784 ’

2057 2853 2509 2923 ἀναλογιζώμεθα
2544 2855 2636 2906 τὸν
2666 2856 3023 2924 ὑπερμεγέθη
3058 2859 3152 2908 καὶ
3190 2857 3451 2926 ἄπειρονο
3481 2858 3624 2910 κατὰ

2056 2946 2165 3016 γὰρ
2199 2951 2287 2998 τον
2325 2946 2488 3014 σοφὸν
2519 2945 2843 3015 Σολομῶντα
2883 2948 2946 2999 ὲκ
2980 2946 3244 3017 μεγέθους
3293 2947 3390 3000 καὶ
3425 2946 3625 3000 καλλο-

380 3034 706 3098 habeamus,
750 3043 809 3088 ut
840 3035 932 3103 qui
960 3034 1125 3089 rebus
1160 3034 1294 3105 ipsis
1324 3037 1393 3090 ab
1433 3053 1490 3091 se
1539 3038 1840 3107 perspeCtis
1872 3039 1954 3093 di-

2056 3040 2149 3109 νῆς
2194 3038 2517 3108 κτισμάτων
2563 3040 2592 3092 ὁ
2639 3041 3026 3110 γενεσιουργὸς
3084 3041 3265 3096 αὐτῶν
3312 3043 3617 3113 Θεωρείται.

378 3126 520 3180 sciit
561 3143 575 3179 :
611 3144 629 3176 ‹
666 3125 832 3180 Initio
877 3126 1021 3180 Deus
1070 3126 1267 3181 malum
1298 3141 1364 3182 ac
1400 3136 1601 3181 terram
1656 3130 1879 3184 creavit.
1923 3148 1943 3183 ι

380 3218 645 3285 Adeoque
702 3215 967 3284 deinceps
1004 3231 1066 3270 ex
1121 3217 1364 3284 ipsarum
1421 3233 1604 3272 rerum
1649 3220 1749 3274 sub
1794 3236 1953 3291 aspe-

378 3317 531 3361 ctum
559 3306 874 3361 cadentium
906 3307 1315 3374 pulchritudine
1345 3306 1777 3377 pulcherrimum
1800 3313 1948 3366 illum

384 3410 570 3451 rerum
599 3406 888 3451 auctorum
926 3396 1110 3450 animo
1154 3398 1602 3467 complectamur,
1626 3401 1855 3471 perinde
1889 3418 1953 3459 ac

381 3490 449 3541 de
481 3487 860 3557 magnitudine
903 3496 1213 3542 creatorum
1263 3489 1580 3545 corumdem
1613 3493 1949 3561 conditorem

380 3579 628 3649 ipsorum
659 3580 1015 3650 percipimus.
1063 3579 1129 3636 Et
1180 3580 1311 3650 quid
1346 3582 1536 3637 multis
1584 3583 1764 3639 verbis
1814 3599 1951 3655 opus

382 3677 468 3724 est
487 3669 510 3723 ?
530 3668 607 3725 De
642 3678 880 3739 quatuor
906 3670 1126 3741 quidem
1155 3670 1440 3727 elementis
1468 3673 1650 3726 omnia
1683 3674 1951 3744 producta

380 3769 530 3826 sunt,
566 3776 754 3815 verum
796 3776 904 3816 non
942 3776 1008 3816 ex
1044 3761 1135 3815 illa
1178 3762 1406 3817 materie
1455 3764 1702 3832 corporis
1728 3776 1951 3836 experte

380 3859 632 3907 naturam
662 3852 1067 3922 essentiamque
1096 3868 1256 3947 suan:
1284 3854 1557 3909 elementa
1580 3869 1949 3926 acceperunt,

2055 3132 2168 3184 Kal
2203 3131 2253 3183 τί
2287 3131 2392 3200 χρὴ
2435 3129 2605 3183 πολλὰ
2650 3130 2870 3199 λέγειν;
2932 3131 3025 3185 Ἐκ
3070 3132 3357 3203 τεσσάρων
3402 3132 3501 3202 μὲν
3531 3131 3623 3185 οὖν

2056 3223 2339 3293 στοιχείων
2389 3223 2458 3275 τὰ
2497 3222 2775 3293 κτίσματα
2828 3225 3183 3295 συνέστησαν,
3212 3226 3353 3296 πλὴν
3404 3225 3503 3278 οὐκ
3557 3227 3621 3279 ἐκ

2052 3316 2149 3383 τῆς
2197 3314 2494 3385 ἀσωμάτου
2535 3314 2671 3386 ὕλης
2701 3315 2769 3369 τὰ
2817 3318 3058 3387 στοιχεῖα
3092 3317 3152 3369 τὸ
3180 3312 3320 3371 εἶναι
3363 3318 3618 3388 εἰλήφασι

2052 3405 2195 3458 κατὰ
2224 3408 2349 3470 τοὺς
2388 3406 2609 3477 ἔξωθεν,
2656 3407 2771 3461 ἀλλ’
2821 3410 2880 3475 ἐξ
2923 3410 3089 3464 αὑτοῦ
3124 3410 3217 3464 τοῦ
3268 3414 3488 3467 πάντων
3531 3413 3620 3481 δη-

2057 3499 2321 3569 μιουργοῦ
2365 3501 2461 3553 καὶ
2505 3500 2637 3556 Θεοῦ
2660 3516 2674 3531 ο
2707 3502 2766 3556 ὲν
2801 3503 2866 3573 τῇ
2899 3501 3089 3575 πρώτῃ
3138 3502 3246 3573 γὰρ
3284 3504 3467 3575 ἡμέρᾳ
3495 3502 3619 3558 καθ’

2052 3592 2119 3661 ἢν
2162 3592 2219 3656 ἐξ
2252 3593 2350 3667 oux
2396 3593 2566 3646 ὄντων
2621 3593 2914 3665 παρήγαγε
2962 3597 3053 3649 τὸν
3100 3588 3337 3666 οὐρανὸν
3379 3598 3472 3649 καὶ
3518 3598 3620 3667 τὴν

2056 3659 2159 3753 γῆν
2199 3686 2226 3736 ὀ
2263 3659 2414 3747 Θέὸς,
2443 3659 2872 3754 τηνικαῦτα-καί
2921 3688 3060 3742 αὐτὰ
3110 3659 3516 3759 συνμπαρήγαγε
3550 3659 3618 3742 τὰ

2054 3776 2315 3843 στοιχεῖα,
2351 3774 2425 3837 ὡς
2459 3774 2714 3829 ἐντεῦθεν
2760 3776 2939 3831 πάντα
2974 3776 3108 3848 πρὸς
3150 3779 3213 3832 τὺ
3261 3775 3617 3849 εἶναιςπαρά-

2051 3865 2266 3929 γεσθαῑ.
2298 3866 2407 3918 Καὶ
2441 3868 2569 3936 περὶ
2608 3866 2708 3922 μὲν
2738 3865 2832 3920 τοῦ
2871 3868 3106 3938 οὐρα.νοῦ
3132 3871 3380 3927 τοιαῦτα.

378 3960 501 4033 qua:
523 3946 887 4002 extrariorum
931 3955 1016 4003 est
1078 3946 1500 4005 sententiazsie
1541 3960 1722 4013 tamen
1793 3952 1909 4009 haec
1987 3956 2389 4029 intelligantur,
2451 3971 2510 4015 ut
2553 3962 2736 4017 omnia
2790 3977 2973 4017 rerum
3020 3962 3087 4018 ab
3136 3964 3329 4033 Opiﬁce
3377 3964 3618 4033 profecta

376 4028 667 4093 fateamur.
703 4039 759 4109 6
787 4039 919 4094 Nam
949 4040 1037 4095 die
1061 4041 1262 4110 primo,
1296 4055 1407 4111 quo
1469 4042 1667 4097 coelum
1724 4058 1788 4099 ac
1825 4056 2024 4101 terram
2073 4048 2141 4103 de
2178 4052 2348 4108 nihilo
2374 4053 2424 4106 in
2453 4065 2634 4109 ortum
2670 4055 2965 4125 produxit,
3015 4055 3127 4125 ipsa
3164 4058 3324 4113 simul
3353 4060 3619 4114 elementa

377 4135 647 4200 condidit,
681 4142 740 4188 ut
773 4136 897 4189 inde
934 4152 1097 4205 porro
1131 4148 1330 4192 caetera
1363 4139 1744 4208 provenirent.
1780 4146 1958 4211 Atque
1990 4144 2256 4202 hactenus
2279 4157 2337 4202 et
2364 4148 2677 4219 hujusmodi
2707 4150 2776 4206 de
2798 4151 2941 4219 otelo
2967 4151 3111 4207 dicta
3149 4164 3333 4209 sunto.

444 4231 672 4285 Terram
710 4231 851 4284 scire
879 4230 1046 4286 debes
1067 4233 1120 4286 in
1144 4235 1517 4290 universitatis
1546 4250 1727 4291 rerum
1762 4241 1965 4293 medio

375 4321 530 4390 quasi
563 4334 881 4389 suspensam
911 4336 1066 4384 esse;
1100 4324 1245 4391 quod
1278 4324 1453 4394 ipsum
1506 4327 1633 4381 licet
1672 4328 1741 4382 de
1800 4329 1944 4383 side-

375 4426 494 4463 rum
522 4419 672 4463 motu
712 4422 1026 4479 cognoscas.
1074 4414 1211 4466 Nam
1258 4430 1320 4469 ea
1366 4416 1524 4471 nobis
1586 4434 1706 4473 esse
1740 4422 1945 4489 magni-

371 4499 579 4556 tudinis
635 4500 877 4569 ejusdem
929 4503 1186 4557 videntur
1255 4508 1458 4571 omnia,
1523 4508 1636 4562 sive
1696 4510 1944 4564 oriantur

2126 4245 2259 4313 Περὶ
2287 4245 2343 4297 δὲ
2369 4246 2468 4314 τῆς
2498 4246 2602 4314 γῆς
2636 4247 2836 4301 εἰδέναι
2869 4249 3107 4316 ὀφείλεις
3146 4249 3226 4303 ὅτι
3272 4250 3439 4319 μέσον
3476 4250 3618 4321 αὕτη

2049 4334 2142 4388 τοῦ
2186 4337 2385 4400 παντὸς
2435 4337 2787 4408 ἀπῃώρηται.
2842 4340 2950 4392 Καὶ
2998 4339 3155 4393 τοῦτο
3200 4343 3384 4411 γνοίης
3441 4345 3505 4397 ἂν
3551 4346 3617 4396 ἐκ

2046 4426 2143 4491 τῆς
2198 4427 2308 4480 τῶν
2356 4430 2569 4497 ἄστρων
2618 4433 2907 4498 κινήσεως.
2979 4432 3292 4502 ’ἰσομεγέθη
3356 4436 3449 4488 καὶ
3505 4436 3616 4503 γὰρ

2022 4516 2339 4585 ’σύμπαντα
2375 4519 2622 4583 φαίνεται
2681 4522 2813 4590 ἡμῖν
2857 4522 3212 4577 ἀνατέλλοντα
3266 4528 3359 4579 καὶ
3412 4543 3613 4593 μεσου-

373 4588 488 4641 sive
517 4592 697 4645 medio
724 4593 831 4647 sint
865 4595 920 4646 in
948 4595 1083 4648 cwlo
1114 4596 1225 4648 sive
1281 4596 1553 4650 oceidant.
1612 4600 1789 4667 Atque
1842 4600 1944 4653 hoc

2056 4608 2316 4672 ρανοῦντα
2379 4610 2472 4661 καὶ
2532 4610 2778 4665 δύνοντα.
2837 4613 2944 4666 Kal
3004 4614 3162 4668 τοῦτό
3214 4617 3361 4669 ἐστιν
3401 4620 3538 4687 ὅπερ
3585 4621 3613 4671 ὁ

369 4679 505 4731 iiluJ
532 4690 615 4734 est
639 4684 784 4751 quod
824 4700 1050 4753 magnus
1086 4696 1271 4739 noster
1299 4684 1531 4740 Basilius
1587 4688 1638 4740 in
1700 4689 1946 4744 oratione

373 4778 525 4821 sexta
555 4769 622 4823 de
651 4769 1016 4826 luminaribus
1036 4774 1130 4839 ait,
1180 4776 1455 4828 neminem
1488 4775 1585 4829 soli
1640 4777 1943 4844 proximum

372 4870 495 4925 esse
536 4873 636 4914 nec
666 4875 693 4912 a
723 4860 837 4914 sole
869 4861 1185 4932 longissime
1222 4865 1448 4927 distare.
1494 4865 1586 4919 sed
1614 4882 1739 4919 eum
1774 4868 1942 4919 inter-

372 4949 515 5003 vallo
556 4952 671 5019 pari
727 4952 793 5006 ad
822 4954 1045 5023 quasvis
1092 4962 1252 5008 terra:
1318 4965 1500 5024 partes
1578 4955 1943 5010 inhabitantes

334 5082 339 5089 .
374 5040 655 5095 accedere.
685 5041 1051 5106 Quamobrem
1079 5049 1192 5098 lucc
1225 5045 1384 5097 velim
1416 5054 1591 5098 tecum
1627 5046 1795 5113 ipsius
1815 5059 1938 5101 ante

373 5131 709 5186 consideres.
740 5134 869 5187 Nam
906 5136 949 5189 si
989 5137 1224 5188 medium
1283 5135 1442 5204 hujus
1494 5137 1734 5191 υιιίνυιύἱ
1762 5137 1938 5191 locum

378 5229 523 5271 terra
559 5238 665 5275 non
725 5225 1049 5294 ol.tinerct,.
1074 5227 1230 5293 sequi
1305 5241 1524 5278 necesse
1563 5226 1711 5278 foret
1749 5239 1805 5282 ut
1871 5228 1938 5281 ad

374 5324 755 5382 quamcunque
805 5325 1015 5384 partem
1043 5317 1180 5369 forte
1242 5316 1466 5382 propius
1512 5317 1839 5372 aeccderent
1870 5321 1945 5374 si—

376 5400 528 5463 dera,
568 5403 687 5456 istic
710 5410 913 5473 majora
941 5407 1277 5469 viderentur,
1331 5421 1358 5458 τι
1391 5408 1587 5473 qnibus
1622 5422 1801 5463 autem
1829 5413 1943 5465 lon-

445 5540 464 5567 ⁵
492 5539 595 5593 lsa.
632 5557 718 5605 χι,
742 5541 831 5592 ‘22.

2049 4698 2219 4765 μέγας
2260 4700 2541 4763 Βασίλειος
2580 4703 2636 4753 ἐν
2670 4705 2735 4772 τῇ
2772 4706 2900 4773 περὶ
2935 4708 3238 4776 φωστήρων
3274 4709 3406 4780 ἕκτῃ
3434 4708 3602 4761 αὐτοῦ

2042 4790 2228 4858 ὁμιλίᾳ
2274 4793 2428 4859 φησι,
2461 4809 2480 4843 ‹
2527 4793 2617 4863 Τῴ
2650 4795 2705 4847 δὲ
2755 4796 2888 4866 ἡλίῳ
2935 4798 3111 4860 οὐδείς
3145 4800 3292 4852 ἐστιν
3322 4801 3609 4868 ἐγγυτάτω

2043 4881 2137 4932 καὶ
2179 4881 2350 4943 οὐδεὶς
2386 4886 2742 4954 πορρωτάτω,
2774 4887 2892 4940 ἀλλ’
2924 4888 2983 4953 ἐξ
3027 4889 3144 4942 ἴσου
3179 4890 3273 4942 τοῦ
3298 4891 3606 4961 διαστήμα-

2040 4981 2129 5028 τος
2173 4969 2284 5029 τοῖς
2320 4970 2457 5022 κατὰ
2510 4972 2617 5023 πᾶν
2666 4974 2831 5042 μέρος
2877 4976 2975 5045 τῆς
3023 4977 3126 5044 γῆς
3179 4981 3612 5047 κατῳκισμένοις

2042 5056 2391 5123 προσϐάλλει.
2427 5078 2443 5107 ι
2481 5061 2718 5130 Πρόσεχε
2770 5059 2884 5116 οὖν.
2926 5065 2986 5116 Et
3036 5066 3145 5135 γὰρ
3193 5047 3607 5137 παρήλλαξενοή

2041 5142 2111 5209 γῆ
2161 5143 2257 5211 τὴν
2302 5147 2593 5214 μεσότητα,
2645 5151 2810 5219 ὲχρῆν
2853 5153 3096 5223 ὁποτέρῳ
3147 5154 3245 5223 μὲν
3291 5170 3611 5226 apes-zelo)-

2048 5233 2205 5302 ρήκει
2250 5235 2357 5299 τῶν
2406 5236 2569 5307 πέριξ
2607 5242 3007 5308 μερῶν,ὲκείσε
3035 5246 3101 5297 τὰ
3137 5245 3313 5316 ἄστρα
3343 5246 3608 5313 γινόμενοι

2048 5325 2178 5394 ὀρᾷν
2210 5326 2449 5394 μείζονα,
2482 5330 2573 5396 ἀφ’
2605 5324 2677 5383 ὧν
2709 5332 2765 5383 δὲ
2810 5333 3089 5403 διέστηκεν
3116 5336 3279 5406 αὕτη,
3312 5339 3369 5389 ἐν
3396 5337 3611 5398 τούτοις

2048 5417 2309 5468 ἐλάσσονα
2364 5420 2532 5472 ταῦτα
2582 5424 2937 5506 ἀορεῑνυΝὖν
2982 5427 3036 5479 δὲ
3088 5429 3461 5499 ἁπανταχόθεν
3513 5432 3607 5480 ἴσα

445 5655 953 5725 (ὴΑὐτόπτῃιυίεῖι
1000 5656 1365 5716 Leunclavius
1388 5678 1486 5731 pro
1539 5664 1774 5736 Θεὸπτη,
1852 5670 1939 5736 qui

2056 5686 2146 5721 ‘um
2197 5671 2339 5726 cidit.

562 5867 600 5899 ἦ

634 5924 659 5951 \
