4052 6200
444 366 516 427 3'!

1709 354 2115 417 ANNALIUM
2157 334 2348 415 rans
2392 340 2440 413 Ι.

3621 350 3691 409 38

449 476 704 546 ὁρώμενα
765 472 981 527 δίδωσιν
1029 472 1164 543 ἡμῖν
1210 470 1409 524 ἐννοεῖν
1468 468 1549 521 ὅτι
1615 468 1780 538 μέσον
1846 469 1878 537 ἡ
1955 467 2015 534 γῆ

2135 467 2243 535 gius
2282 466 2554 527 abessent,
2586 454 2640 516 in
2676 460 2740 516 iis
2778 460 2989 515 minora
3016 456 3505 528 conspicerentur.
3535 456 3697 511 Nunc

447 570 541 619 τοῦ
595 564 794 626 παντὸς
837 562 1189 634 ἀπῃὼρηται.
1224 562 1333 613 Καὶ
1382 559 1489 630 γὰρ
1534 561 1581 611 εί
1622 559 1695 629 μὴ
1729 557 1891 611 τοῦτο
1924 553 2013 627 ἦν,

448 659 496 708 εἰ
550 656 625 726 μὴ
670 656 923 725 καθάπερ
970 654 1216 718 εἴπομεν,
1249 652 1626 723 ἀπῃωρημένη
1662 649 1800 719 αὕτη
1846 650 2021 719 παρή-

452 764 584 814 γετο
641 746 763 799 κατ’
813 746 1011 815 ἀρχὰς,
1039 745 1139 798 οὑκ
1168 744 1233 797 ἂν
1274 745 1331 795 αἱ
1365 744 1509 795 κατὰ
1541 743 1737 803 τόπους
1772 740 2021 810 κινήσεις

452 840 628 906 αὐτῆς
677 838 765 891 ὑπ’
812 839 1029 901 ἀνέμων
1083 837 1348 905 ἐγίνοντο.
1396 837 1579 897 Αῐτιος
1636 832 1736 903 μὲν
1778 832 1886 901 γὰρ
1928 831 2021 883 τοῦ

458 927 681 997 σεισμοῦ
736 930 761 979 ό
816 927 949 988 Θεὸς
1003 926 1143 978 κατά
1197 926 1288 978 τὸν
1332 925 1552 976 εἰπόντα
1600 923 1890 993 προφήτην
1923 918 2024 974 «Ὀ

457 1017 765 1070 ἐπιϐλέπων
794 1018 883 1069 ἐπὶ
914 1017 1012 1087 τὴν
1045 1020 1150 1086 γῆν
1191 1016 1282 1070 καὶ
1310 1016 1480 1068 ποιῶν
1509 1014 1680 1085 αὐτὴν
1712 1014 1964 1083 τρέμειν,
2000 1032 2017 1063 ›

456 1111 516 1162 τὸ
568 1109 625 1161 δὲ
677 1107 901 1177 συνεχὲς
945 1106 1137 1160 τούτου
1184 1109 1393 1174 γίνεται
1451 1110 1545 1159 καὶ
1596 1106 1750 1177 παρὰ
1790 1105 1888 1177 τὴν
1915 1106 2026 1157 τῶν

460 1202 732 1269 ὑπογείων
805 1201 1026 1270 ἀνέμων
1100 1200 1339 1270 κίνησιν.
1395 1199 1493 1252 Διὰ
1560 1202 1668 1270 γὰρ
1719 1197 1876 1252 τοῦτο
1931 1199 2027 1250 καὶ

460 1293 722 1345 ἐπιόντων
776 1292 1026 1361 μεγάλων
1093 1291 1336 1360 σεισμῶν
1391 1291 1581 1357 ἄνεμοι
1640 1288 1718 1357 τῷ
1761 1288 1884 1340 τότε
1928 1288 2029 1340 οὑκ

462 1383 619 1446 είσὶν,
650 1382 727 1445 ὡς
764 1379 1163 1449 ὲγκλειομένων
1217 1380 1397 1433 αὑτῶν
1450 1380 1707 1433 ὑποκάτω
1754 1380 1898 1432 κατά
1938 1378 2027 1430 τό·

465 1488 597 1533 πους
627 1471 722 1522 καὶ
756 1469 956 1540 μᾶλλον
989 1468 1314 1537 ὑπάντρους.

534 1645 598 1697 Εἰ
632 1645 687 1698 δὲ
728 1644 822 1698 καὶ
854 1646 905 1698 τί
942 1648 1088 1699 ἔστιν
1122 1646 1149 1697 ὁ
1188 1646 1385 1714 ἄνεμος
1408 1643 1708 1715 ἐπιζητεῖς,
1741 1646 1837 1700 καὶ
1870 1608 2032 1699 πόθεν

466 1733 579 1804 ἔχει
612 1739 711 1805 τὴν
746 1736 980 1803 γένεσιν,
1015 1732 1212 1787 είδέναι
1244 1733 1482 1804 ὀφείλεις
1515 1736 1596 1787 ὃτι
1628 1736 1772 1798 τινὲς
1809 1735 1907 1804 μὲν
1939 1734 2031 1787 τὸν

468 1827 603 1895 ἀέρα
634 1827 766 1896 φασὶ
797 1825 1114 1896 κινούμενον
1143 1826 1240 1889 τὰς
1268 1826 1374 1879 τῶν
1403 1826 1622 1896 ἀνέμων
1654 1826 1827 1896 αὔρας
1859 1826 2030 1895 παρέ·
2062 1806 2105 1863 Β

469 1934 584 1984 χειν
613 1920 766 1986 ἡμῖν,
791 1917 968 1987 ἕτεροι
995 1915 1052 1969 δὲ
1080 1917 1242 1969 πάλιν
1270 1919 1335 1971 ὲκ
1360 1917 1461 1988 τῆς
1492 1918 1806 1981 καπνώδους
1834 1918 2032 1971 ἀναθυ-

472 2008 709 2076 μιάσεως
754 2008 1044 2076 γεννᾶσθαι
1085 2007 1175 2061 τὸν
1217 2008 1418 2079 ἄνεμον
1465 2009 1788 2076 φάσκουσιν.
1831 2004 1925 2072 Οἷς
1968 2008 2032 2078 δὴ

470 2099 564 2149 καὶ
606 2099 895 2168 προσέχειν
931 2116 991 2151 σε
1036 2098 1199 2152 πλέον
1233 2099 1519 2168 βούλομαι.
1560 2099 1623 2151 Ἦ
1667 2099 1764 2168 μὲν
1797 2098 1906 2166 γὰρ
1938 2097 2032 2150 τοῦ

468 2191 628 2261 ἀέρος
655 2190 866 2259 κίνησις
893 2190 1118 2254 ἔκλυτος
1145 2192 1379 2263 ὑπάρχει
1408 2191 1504 2244 καὶ
1532 2190 1767 2261 χαλαρὰ,
1794 2191 1824 2260 ἡ
1853 2188 1909 2241 δὲ
1936 2188 2031 2241 τοῦ

470 2285 674 2351 ἀνέμου
718 2282 998 2355 βιαιοτέρα
1032 2301 1091 2338 τε
1136 2286 1231 2339 καὶ
1270 2286 1594 2356 τυραννική.
1632 2283 1743 2337 Καὶ
1783 2282 1941 2353 δῆλον
1975 2283 2033 2349 ἐξ

469 2374 650 2428 αὐτῶν
678 2376 784 2428 τῶν
818 2378 1055 2445 σεισμῶν
1081 2395 1096 2411 ο
1135 2378 1286 2431 οὐδὲν
1318 2378 1427 2449 γὰρ
1459 2378 1646 2448 ἕτερόν
1676 2379 1823 2428 ἐστιν
1853 2376 1880 2426 ό
1916 2391 2032 2427 σειο

473 2466 611 2536 σμὸς
656 2467 707 2520 εί
742 2466 822 2537 μὴ
867 2468 1123 2535 ὑπόγειος
1166 2470 1390 2538 ἄνεμος.
1441 2468 1739 2535 Τεσσάρων
1773 2466 1828 2520 δὲ
1866 2465 2035 2520 ὄντων

467 2556 547 2621 ὡς
589 2557 766 2613 εἰπεῖν
810 2557 1113 2615 καθολικῶν
1156 2561 1395 2630 ἀνέμων,
1437 2560 1756 2631 ἀπηλιώτης
1801 2560 1898 2630 μὲν
1941 2559 2036 2612 καὶ

469 2649 705 2720 ζέφυρος
735 2651 835 2705 οὑκ
867 2652 979 2705 εἰσὶ
1008 2652 1390 2722 σφοδρότατοι,
1429 2654 1631 2723 βορρᾶς
1662 2650 1719 2706 δὲ
1753 2655 1848 2707 καὶ
1881 2651 2033 2714 νότος

468 2740 969 2808 τυραννικώτατοι,
1004 2742 1139 2797 διότι
1170 2747 1230 2795 ἐν
1268 2744 1367 2811 μὲν
1402 2743 1481 2813 τῷ
1515 2744 1712 2815 βορείῳ
1745 2746 1841 2798 καὶ
1873 2745 2036 2816 νοτίῳ

470 2829 642 2900 πόλῳ,
669 2830 792 2884 ὅθεν
817 2833 845 2884 ό
877 2831 1079 2902 βορρᾶς
1108 2833 1200 2887 καὶ
1228 2836 1256 2887 ό
1286 2834 1435 2898 νότος
1469 2836 1613 2896 πνεῖ,
1643 2837 1717 2904 μὴ
1749 2836 2036 2905 γινόμενος

469 2921 499 2971 ὁ
537 2921 686 2989 ἥλιος
720 2921 780 2973 οὑ
816 2921 1100 2991 θερμαίνει
1134 2923 1202 2975 τὰ
1237 2924 1419 2976 ἐκεῖσε
1454 2925 1628 2994 χωρία
1651 2965 1665 2989 ,
1702 2925 1839 2977 ἀλλὰ
1882 2926 2034 2991 μένει

470 3009 675 3079 ψυχρὰ,
698 3011 881 3081 ψυχρὰ
906 3012 961 3065 δὲ
985 3012 1109 3065 ὄντα
1133 3013 1218 3064 ἀεὶ
1244 3013 1442 3083 ἐνικμά
1465 3016 1622 3079 εἰσιν,
1649 3015 1789 3068 ὥστε
1814 3015 2036 3085 ὄμϐρων

477 3101 689 3153 πολλῶν
718 3104 1027 3171 γενομένων
1056 3104 1142 3157 διὰ
1170 3103 1268 3174 τὴν
1294 3104 1486 3170 ψῦξιν,
1518 3102 1639 3160 εἶτα
1666 3107 1764 3177 τῆς
1792 3111 1895 3176 γῆς
1921 3107 2037 3159 δια-
2064 3137 2104 3194 C

474 3192 674 3264 βρόχου
721 3195 1057 3265 γενομένης,
1110 3196 1279 3265 πολλὴ
1331 3196 1621 3268 καπνώδης
1670 3194 2066 3266 ἀναθυμίασις’

470 3286 778 3341 ἀναδίδοται
798 3327 813 3353 ,
846 3290 942 3341 καὶ
972 3288 1058 3341 διὰ
1088 3288 1246 3341 τοῦτο
1283 3290 1503 3361 σφοδροὶ
1534 3289 1727 3359 ἄνεμοι
1757 3290 2033 3356 γίνονται,

471 3377 503 3429 ὅ
528 3395 585 3429 τε
616 3377 817 3448 βορρᾶς
848 3382 943 3433 καὶ
969 3380 995 3430 ό
1026 3380 1199 3441 νότος.
1232 3379 1321 3432 Ἐν
1347 3381 1403 3433 δὲ
1429 3382 1543 3443 τοῖς
1572 3380 1910 3443 ἀνατολικοῖς
1942 3376 2038 3431 καὶ

471 3469 710 3530 δυτικοῖς
735 3471 957 3540 χωρίοις
984 3470 1303 3540 κινούμενος
1327 3474 1355 3525 ό
1379 3471 1527 3542 ἥλιος
1552 3473 1650 3524 οὐκ
1678 3472 1741 3541 ἐᾷ
1764 3470 1922 3539 ψῦξιν
1945 3484 2037 3538 γε·

472 3561 660 3613 νέσθαι
691 3562 909 3634 πολλὴν,
942 3564 1036 3617 καὶ
1061 3563 1148 3617 διὰ
1178 3564 1336 3616 τοῦτο
1364 3561 1489 3616 οὔτε
1518 3562 1682 3625 πολὺς
1713 3562 1864 3625 ὑετὸς
1891 3561 2037 3628 γίνε-

471 3667 562 3703 ται
602 3650 722 3703 οὔτε
764 3652 931 3723 πολλὴ
971 3654 1005 3721 ἡ
1047 3651 1336 3720 καπνώδης
1375 3652 1758 3721 ἀναθυμίασις,
1801 3649 1896 3703 am
1937 3649 2037 3719 τῆς

470 3740 577 3807 τῆς
629 3740 700 3807 μὴ
743 3738 1194 3810 διαίρεχομένης.
1220 3740 1414 3793 Ἔνθεν
1450 3758 1534 3793 τοι
1577 3740 1671 3794 καὶ
1710 3742 1771 3793 οὑ
1817 3728 2037 3809 σφοδροὶ

471 3830 715 3895 γίνονται
759 3830 969 3898 ἄνεμοι.
1011 3831 1171 3883 Ἀλλὰ
1216 3831 1310 3883 καὶ
1354 3831 1559 3901 ἐτήσιοι
1603 3830 1804 3902 βόρειοι
1846 3832 2035 3899 ἄνεμοι

472 3920 719 3984 γίνονται
766 3920 885 3988 μεθ’
914 3920 1126 4001 ἡμέρας
1172 3922 1345 3973 εἴκοσι
1390 3921 1485 3990 τῆς
1533 3920 1751 3991 θερινῆς
1792 3921 2032 3991 τροπῆς,

476 4011 616 4076 μετά
647 4009 745 4079 τὴν
779 4010 870 4062 τοῦ
915 4012 1219 4080 κυνὰστρου
1259 4012 1536 4082 ἐπιτολήν.
1572 4011 1886 4080 Τηνικαῦτα
1929 4012 2036 4080 γὰρ

473 4104 573 4167 τῆς
606 4102 780 4171 χιόνος
815 4103 1077 4172 λυομένης
1106 4097 1269 4171 αὖραι
1299 4103 1539 4170 γίνονται
1567 4102 1777 4173 ψυχραὶ
1811 4102 2034 4172 βόρειοι.

473 4193 587 4245 Καὶ
620 4194 808 4245 τούτου
844 4194 1004 4265 χάριν
1036 4196 1084 4247 οἱ
1117 4193 1497 4264 διαληφθέντες
1531 4194 1720 4265 ἄνεμοι
1754 4194 1830 4264 τῷ
1862 4192 2038 4262 καιρῷ

470 4284 651 4354 τούτῳ
706 4285 825 4337 καθ’
857 4286 1086 4339 ἕκαστον
1136 4285 1255 4347 ἔτος
1306 4286 1641 4357 ἀπάρχονται
1701 4286 1874 4338 πνεῖν.
1928 4282 2039 4336 Καὶ

471 4377 605 4444 περὶ
656 4377 755 4445 μὲν
791 4377 997 4431 τούτων
1035 4377 1247 4449 οὑτωςῆ
1271 4378 1505 4447 Ἄνεμον
1544 4377 1601 4430 δὲ
1643 4377 1772 4447 παρ’
1816 4377 2037 4447 Ὁμήρῳ

2124 571 2253 611 vero
2279 571 2402 610 cum
2435 554 2725 623 quibusvis
2754 566 2819 607 ex
2841 551 3097 621 partibus
3120 558 3415 620 appareant
3440 548 3692 617 mqualia,

2124 647 2474 719 cogitandum
2501 645 2662 699 nobis
2714 644 3033 713 relinquunt
3089 651 3292 696 terram
3347 641 3401 695 in
3437 640 3697 695 universo

2125 736 2309 790 medio
2350 733 2609 805 pendere.
2666 732 2802 787 Nam
2854 732 3061 801 absque
3100 731 3193 785 illo
3226 731 3385 793 foret,
3450 731 3557 785 hoc
3588 738 3695 790 est,

2126 829 2229 882 nisi
2258 827 2437 880 locum
2469 825 2632 879 istum
2694 822 2854 878 initio
2896 836 3079 877 rerum
3102 823 3317 891 ;sortita
3371 832 3541 887 esset,
3587 838 3698 877 non

2126 919 2288 973 etiam
2312 930 2410 986 per
2444 924 2637 970 ventos
2674 913 2840 969 certis
2864 913 2917 966 in
2946 914 3081 968 locis
3107 923 3447 982 quateretur.
3482 915 3698 969 Etenim

2129 1020 2289 1065 terrai
2326 1008 2584 1063 motionis
2623 1024 2787 1063 causa
2816 1007 3035 1077 quidem
3076 1019 3162 1062 est
3201 1007 3365 1072 Deus,
3397 1008 3698 1063 secundum

2132 1102 2264 1157 illud
2286 1104 2424 1157 vatis
2458 1102 2685 1156 verbum
2722 1117 2738 1153 :
2773 1118 2790 1152 ι
2835 1099 2936 1166 Qui
2978 1111 3178 1154 terram
3233 1100 3435 1167 aspicit
3478 1110 3534 1167 et
3579 1115 3698 1153 eam

2129 1194 2256 1248 facit
2281 1201 2538 1254 tremere,
2571 1210 2589 1242 ι
2646 1205 2839 1246 verum
2884 1191 3208 1260 plerumque
3253 1197 3542 1245 ventorum
3571 1193 3701 1246 sul)-

2086 1310 2095 1317 ι
2132 1295 2504 1343 terraneorum
2538 1282 2622 1339 vis
2653 1282 2884 1340 accedit.
2943 1283 3242 1349 Propterea
3279 1283 3701 1337 vehementibus

2131 1378 2184 1430 in
2212 1374 2665 1431 succussionibus
2694 1384 2854 1430 terra!
2894 1374 3027 1428 nulli
3056 1381 3186 1428 sunt
3209 1375 3379 1435 venti,
3444 1383 3700 1443 tanquam

2132 1469 2356 1523 inclusis
2390 1468 2472 1523 eis
2503 1467 2640 1521 infra
2673 1474 2898 1528 terram,
2957 1464 3091 1519 locis
3147 1463 3451 1533 presertim
3511 1481 3703 1519 caver-

2133 1562 2299 1615 nosis.

2201 1653 2402 1719 Quodsi
2438 1653 2602 1706 etiam
2631 1666 2964 1722 cognoscere
2996 1650 3097 1713 vis,
3132 1648 3264 1718 quid
3295 1649 3367 1703 sit
3398 1657 3593 1702 ventus
3648 1660 3703 1702 et

2134 1746 2278 1800 unde
2323 1745 2553 1810 oriatur,
2608 1743 2747 1798 scito
2801 1743 3097 1797 nonnullos
3148 1741 3361 1796 tradere
3411 1740 3555 1810 quod
3611 1756 3704 1794 aer

2137 1846 2315 1890 motus
2338 1842 2625 1888 ventorum
2658 1833 2819 1887 nobis
2842 1843 3003 1885 auras
3028 1831 3287 1900 praebeat.
3317 1831 3422 1884 Alii
3473 1845 3601 1884 vero
3636 1831 3703 1883 de

2136 1927 2315 1981 fumea
2358 1926 2512 1995 quasi
2549 1924 2782 1994 quadam
2841 1922 3238 1992 evaporatione:
3275 1931 3494 1977 ventum
3554 1922 3701 1992 gigni

2136 2018 2344 2081 dicunt,
2367 2017 2567 2086 quibus
2620 2015 2822 2069 habere
2857 2024 2907 2068 te
2963 2013 3123 2067 [idem
3175 2010 3320 2067 volo.
3379 2011 3512 2067 Nam
3563 2013 3704 2067 aeris

2138 2106 2305 2158 motio
2336 2103 2577 2172 quietior
2596 2111 2678 2157 est
2708 2117 2771 2156 ac
2802 2102 3042 2165 mollior,
3072 2102 3383 2166 venti;vero
3406 2103 3703 2157 vehemens

2137 2195 2264 2258 tier,
2303 2195 2508 2265 majore
2538 2194 2589 2247 vi
2619 2202 2783 2261 atque
2818 2192 3024 2262 impetu
3074 2192 3309 2246 ruentis.
3360 2189 3547 2246 PotcSt
3602 2192 3706 2245 hoc

2136 2284 2268 2355 ipsis
2297 2300 2363 2340 ex
2395 2286 2636 2339 motibus
2666 2295 2825 2340 terrae
2864 2287 3124 2354 cognosci
3156 2301 3168 2335 :
3200 2284 3337 2338 nihil
3386 2284 3531 2338 enim
3556 2284 3705 2338 aliud

2137 2387 2219 2431 est
2255 2387 2593 2432 terrazmotus
2621 2393 2782 2447 quam
2834 2379 3513 2441 ventus;subterreaneus.
3564 2376 3703 2432 Cum

2138 2478 2320 2522 autem
2387 2478 2624 2539 quatuor
2683 2469 2793 2522 sint
2835 2470 2919 2537 (ut
2974 2469 3047 2523 ita
3093 2468 3307 2538 loquar)
3362 2469 3705 2523 universales

2136 2557 2310 2619 venti,
2342 2555 2670 2612 subsolanus
2701 2556 2922 2626 quidem
2972 2571 3035 2611 ac
3065 2556 3315 2610 favonius
3358 2572 3466 2610 non
3518 2556 3701 2608 admo-

2136 2648 2266 2703 dum
2299 2647 2651 2703 vehementes
2680 2658 2827 2713 sunt,
2860 2649 3045 2717 aquilo
3080 2662 3209 2701 vero
3268 2658 3323 2702 et
3367 2657 3554 2702 auster
3597 2648 3703 2701 im-

2136 2749 2263 2810 petu
2295 2755 2359 2794 ac
2390 2741 2438 2793 vi
2466 2741 2695 2795 maxima
2731 2749 2914 2795 ruunt.
2962 2740 3094 2794 Nam
3145 2756 3266 2794 cum
3304 2739 3438 2795 locis
3493 2740 3704 2808 aquilo-

2140 2831 2249 2884 nali
2274 2830 2611 2898 australique
2670 2829 2799 2899 polo
2838 2829 3126 2899 subjectis,
3185 2825 3335 2882 unde
3374 2840 3479 2882 tam
3520 2829 3703 2899 aquilo

2137 2936 2296 2991 quam
2319 2929 2503 2974 auster
2533 2921 2807 2984 oriuntur,
2834 2921 2964 2976 solis
2987 2921 3447 2990 desitfprzesentia,
3477 2938 3703 2979 necesse

2137 3020 2218 3065 est
2244 3027 2305 3064 ca
2336 3009 2520 3063 minus
2541 3009 2895 3071 incalescere,
2953 3024 3277 3079 semperque
3313 3022 3426 3064 tum
3484 3012 3703 3081 frigoris

2138 3102 2292 3171 copia
2329 3111 2444 3154 tum
2481 3100 2727 3155 humoris
2776 3100 3079 3155 abundare.
3129 3101 3248 3167 Quo
3273 3103 3329 3156 iit
3365 3111 3425 3156 ut
3477 3115 3702 3172 propter

2139 3191 2493 3261 frigiditatem
2530 3193 2739 3246 exortis
2794 3192 3110 3262 frequenter
3142 3193 3411 3247 imbribus
3452 3194 3706 3265 irrigata-

2136 3299 2241 3353 que
2269 3284 2566 3353 plurimum
2592 3293 2734 3339 terra
2766 3284 2974 3353 copiosi
2999 3283 3278 3353 fumeique
3321 3300 3552 3355 vapores
3577 3288 3702 3342 iStic

2138 3378 2459 3443 ascendant,
2487 3376 2555 3431 de
2591 3376 2794 3447 quibus
2827 3378 3011 3446 aquilo
3041 3387 3096 3431 et
3122 3386 3326 3443 auster,
3366 3379 3512 3437 venti
3541 3381 3702 3451 longe

2135 3468 2601 3524 vehementissimi
2629 3470 2947 3538 gignuntur.
2975 3468 3016 3523 E
3039 3469 3261 3525 diverso
3315 3487 3437 3525 cum
3473 3473 3526 3526 in
3570 3476 3704 3529 locis

2137 3559 2493 3613 orientalibus
2514 3559 2563 3628 7
2582 3560 3073 3615 etoccidentalibus
3090 3573 3354 3631 perpetuo
3374 3564 3451 3617 sol
3478 3580 3702 3619 movea-

2140 3657 2250 3716 tur,
2282 3666 2536 3721 magnum
2574 3652 2699 3705 istic
2723 3650 2895 3721 frigus
2930 3653 3058 3706 oriri
3094 3669 3199 3706 non
3237 3656 3457 3723 patitur.
3492 3656 3607 3724 Qua
3632 3658 3701 3712 de

2140 3756 2303 3795 causa
2343 3757 2443 3796 nec
2470 3742 2786 3811 frequentes
2816 3742 2889 3798 lbi
2930 3743 3127 3812 pluvia:
3158 3756 3305 3811 sunt,
3362 3763 3462 3801 nec
3506 3764 3705 3818 evapo-

2140 3834 2378 3889 rationes
2402 3834 2515 3888 istm
2560 3834 2711 3888 fumo
2740 3835 3053 3891 consimiles
3081 3837 3410 3901 excitantur,
3437 3854 3557 3891 cum
3587 3840 3705 3907 ipsa

2137 3925 2301 3977 etiam
2325 3936 2468 3978 terra
2513 3941 2623 3980 non
2652 3927 2941 3981 admodum
2983 3927 3053 3981 sit
3087 3927 3311 3996 irrigua.
3372 3927 3523 3982 Unde
3547 3932 3704 3997 sequi

2139 4016 2527 4069 animadvertis
2553 4032 2660 4069 non
2685 4032 2837 4071 acres
2877 4019 3281 4086 impetuososve
3334 4029 3525 4073 ventos
3580 4021 3705 4075 inde

2140 4106 2447 4175 provenire.
2524 4106 2790 4162 Praeterea
2846 4110 2991 4163 venti
3046 4110 3265 4178 quidam
3320 4111 3703 4177 anniversarii,

2140 4212 2279 4265 quos
2303 4197 2503 4251 etesias
2542 4198 2835 4266 appellant,
2886 4199 3032 4269 iique
3058 4200 3326 4266 boreales,
3389 4203 3581 4257 diebus
3637 4207 3706 4259 ah

2139 4286 2323 4341 mstiva
2346 4287 2476 4341 solis
2509 4288 2866 4342 conversione
2896 4289 3110 4359 viginti,
3142 4295 3245 4345 sub
3293 4293 3474 4347 canini
3509 4296 3707 4349 sideris

2141 4382 2319 4427 ortum
2346 4374 2609 4429 exsistere
2631 4376 2825 4429 solent.
2861 4376 2996 4429 Nam
3026 4392 3151 4431 cum
3181 4377 3233 4431 id
3265 4382 3529 4447 temporis
3553 4382 3707 4436 nives

472 4467 812 4536 καλούμενον
853 4468 1079 4521 θύελλαν
1118 4471 1146 4520 ὁ
1176 4467 1559 4538 ’Ἀριστοτέλης
1597 4466 1817 4536 τυφῶνα
1856 4466 2031 4527 καλεῖ,

2139 4463 2550 4532 colliquescant,
2597 4479 2743 4518 aurae
2796 4464 3041 4534 quaedam
3096 4465 3302 4535 frigida:
3351 4483 3415 4522 ac
3455 4470 3706 4525 boreales

470 4559 563 4610 διὰ
595 4559 655 4610 τὸ
690 4561 836 4628 παχὺ
872 4556 1010 4612 εἶναι
1041 4560 1100 4611 τὸ
1137 4559 1355 4628 πνεῦμα
1390 4559 1485 4610 καὶ
1518 4559 1680 4610 οίονεὶ
1710 4556 1935 4609 τύπτειν
1967 4555 2034 4623 τῇ

474 4648 630 4713 φωνῇ
666 4647 726 4697 τὸ
771 4646 1102 4715 παρατυχόν.
1140 4646 1297 4697 Attia
1341 4644 1396 4697 δὲ
1429 4643 1522 4696 τοὺ
1554 4641 2034 4711 τοιούτουζάνέμου

477 4742 645 4808 ἀτμὶς
672 4743 871 4810 παχεῖα
902 4740 1107 4792 ἀνωθεν
1134 4738 1240 4792 ἀπὸ
1265 4738 1372 4791 τῶν
1394 4737 1571 4803 νεφῶν
1597 4736 1898 4809 φερομένη,
1928 4734 2036 4787 εἴτε

478 4834 625 4884 κατά
659 4832 762 4899 γῆς
798 4831 905 4881 εἴτε
943 4831 1081 4881 κατὰ
1117 4829 1427 4895 θαλάσσης,
1462 4827 1584 4894 ἥτις
1624 4825 2037 4896 προσπταίουσά

477 4940 585 4975 τινι
631 4919 910 4989 ἀντιτύπῳ
957 4919 1170 4987 σώματι
1221 4918 1586 4971 ἀναπάλλεται
1635 4918 1712 4977 εἰς
1757 4915 2034 4981 τούπίσω,

481 5020 599 5066 ἐπεὶ
628 5014 682 5066 δὲ
710 5013 768 5064 τὸ
798 5010 1237 5078 ἀναπαλλόμενον
1263 5008 1529 5060 κωλύεται
1557 5008 1636 5070 εἰς
1664 5008 1906 5059 τοὺπίσω
1926 5002 2040 5075 χω-

480 5109 593 5173 ρείν
623 5105 726 5157 ὑπὸ
754 5104 847 5155 τοῦ
876 5102 1099 5155 ὄπισθεν
1133 5100 1618 5162 ἐπακολουθοῦντος
1636 5139 1648 5161 ,
1684 5103 1775 5155 ἐπὶ
1804 5100 1870 5153 τὰ
1898 5101 2038 5152 πλάο

476 5213 571 5263 για
604 5195 917 5255 διακλᾶται,
948 5188 1066 5244 εἶτα
1097 5194 1316 5244 κάκεῖσε
1348 5191 1626 5257 ἀντιτύπῳ
1660 5191 2036 5257 συναντήσασι

475 5280 637 5339 πάλιν
658 5286 1119 5355 διασκορπίζεται,
1150 5285 1241 5336 καὶ
1265 5285 1472 5349 γίνεται
1501 5282 1733 5351 ὲλιξίτης
1760 5280 2037 5348 συστροφὴ

472 5371 569 5424 τοῦ
617 5372 839 5439 ἀνέμου,
890 5370 1295 5439 μετεωρίζουσα
1349 5371 1442 5421 καὶ
1490 5370 1596 5420 ἀπὸ
1640 5371 1741 5438 γῆς
1790 5369 1883 5419 καὶ
1927 5369 2035 5419 ἀπὸ

471 5464 747 5531 Οὐάσσης
779 5463 846 5514 τὰ
886 5463 1271 5531 παρατυχόντα
1315 5463 1564 5528 σώματα.
1597 5462 1787 5511 Ἔνθεν
1820 5476 1902 5511 τοι
1944 5460 2035 5512 καὶ

473 5559 685 5618 σιφωνα
718 5556 809 5605 τὸν
841 5554 1081 5606 τοιοῦτον
1115 5553 1313 5620 ἄνεμον
1348 5553 1611 5604 καλοῦσι·
1656 5554 1794 5603 κατά
1838 5552 2037 5603 κύκλον

467 5664 528 5696 τε
567 5648 672 5712 γὰρ
706 5647 929 5697 εἱλεῖται
965 5648 1092 5717 περὶ
1123 5647 1218 5715 τὴν
1251 5647 1373 5713 γῆν.
1409 5646 1500 5695 καὶ
1537 5642 1669 5711 πρὸς
1702 5642 1798 5711 τὴν
1830 5644 2035 5695 οἰκείαν

470 5735 625 5798 αὖθις
652 5737 1073 5798 ἑπανακάμπτει
1104 5740 1300 5799 ἀρχὴν,
1332 5738 1452 5788 ὅθεν
1485 5736 1577 5787 καὶ
1607 5733 1782 5797 λίθους
1815 5734 2034 5801 tam.

2137 4553 2468 4609 etiiciuutar.
2506 4553 2634 4621 Qua:
2658 4568 2819 4609 causa
2850 4564 2933 4610 est
2963 4565 3021 4609 ut
3047 4564 3159 4609 tum
3193 4558 3364 4625 venti,
3397 4575 3536 4629 quos
3562 4562 3708 4615 iudi-

2138 4645 2398 4709 cavimus,
2426 4645 2557 4700 ﬂare
2597 4647 2825 4716 singulis
2844 4648 3002 4702 annis
3041 4647 3324 4717 incipiant.
3379 4653 3556 4720 Atque
3591 4654 3707 4709 haec

2138 4735 2204 4789 de
2230 4736 2313 4789 his
2343 4736 2486 4789 dicta
2518 4721 2725 4788 'suntn.
2773 4735 3040 4790 Cmterum
3099 4750 3318 4792 ventum
3356 4738 3506 4793 illum
3545 4757 3705 4811 quem

2139 4825 2391 4894 thyellam
2424 4825 2691 4880 llomerus
2714 4826 2970 4895 appellat,
2992 4826 3307 4895 Typhonem
3325 4845 3479 4885 vocat
3496 4834 3705 4901 Aristo.

2139 4916 2270 4968 tcles
2304 4915 2501 4980 (Latini
2544 4915 2857 4982 turbinem),
2902 4925 3188 4983 propterea
3224 4919 3367 4985 quod
3394 4922 3553 4975 ﬂatus
3590 4923 3705 4990 ipse

2140 5023 2353 5060 crassus
2383 5007 2473 5072 sit,
2505 5010 2767 5076 quasique
2802 5024 2935 5061 sono
2966 5026 3063 5064 suo
3113 5013 3362 5065 verberet
3394 5015 3445 5068 id
3475 5016 3528 5068 in
3556 5017 3701 5085 quod

2142 5098 2351 5153 incidit.
2382 5098 2509 5169 Ejus
2529 5100 2675 5153 venti
2712 5114 2873 5153 causa
2902 5112 2984 5154 est
3030 5117 3195 5171 vapor
3217 5104 3436 5177 «pidam
3465 5122 3702 5169 crassus,

2140 5206 2354 5242 sursum
2396 5206 2425 5243 e
2457 5192 2691 5245 nubibus
2713 5192 2944 5257 delatus,
2977 5194 3090 5247 sive
3136 5194 3237 5248 hoc
3267 5204 3408 5250 terra
3443 5197 3535 5251 ﬁat
3588 5199 3705 5251 sive

2143 5284 2299 5345 mari,
2335 5282 2425 5349 qui
2454 5283 2670 5350 quidem
2706 5300 2873 5351 vapor
2904 5285 2957 5337 in
2988 5300 3187 5354 corpus
3219 5287 3437 5355 aliquod
3467 5289 3700 5341 solidum

2140 5384 2193 5426 et
2222 5372 2495 5426 obsistens
2526 5374 2692 5427 illisus
2718 5385 2862 5428 retro
2901 5384 3196 5444 torquetur.
3226 5379 3290 5430 Et
3321 5381 3442 5447 quia
3463 5386 3558 5445 per
3587 5379 3695 5431 vim

2142 5478 2286 5515 t‘t'er
2318 5470 2474 5514 actus
2528 5462 2616 5516 hic
2662 5458 2831 5532 vapor
2881 5465 3075 5517 cedere
3140 5470 3344 5533 nequit,
3391 5468 3692 5523 obsistente

2142 5555 2282 5607 illico
2314 5554 2457 5623 quod
2483 5569 2512 5608 a
2541 5562 2691 5623 terge
2720 5557 2969 5622 sequitur
2989 5565 3151 5623 atque
3201 5559 3463 5628 imminet.
3494 5560 3703 5617 idcino

2141 5646 2306 5698 veluti
2341 5645 2541 5700 fractus
2570 5646 2622 5698 in
2658 5654 3029 5699 transversum
3061 5648 3257 5713 agitur.
3296 5647 3395 5700 Ubi
3428 5653 3699 5711 consimili

2143 5737 2303 5790 modo
2339 5749 2899 5801 exceptusacoruore
2945 5736 3198 5795 quoniam
3248 5740 3423 5792 Stilltln
3482 5760 3699 5799 mrsu",

3492 6009 3501 6018 I
3565 5963 3601 6005 ο
