4052 6200
464 238 536 302 tt
1702 309 1706 311 ς
1748 239 2156 299 ANNALIUM
2200 224 2414 298 mas
2439 240 2479 300 [ι
3653 236 3721 298 42

462 345 659 418 δρόσου
684 363 778 399 του
808 345 1062 419 οὑρανοῦ.
1101 367 1120 401 ι
1155 348 1296 404 Δὺτδ
1323 348 1479 402 τοῦτο
1510 349 1605 404 καὶ
1634 349 1660 401 6
1688 349 2046 417 Δαμασκηνὸς

2162 348 2357 412 ntali";
2395 369 2410 398 ι
2476 349 2625 412 item,
2668 368 2684 399 ι
2724 349 3008 419 Largiatur
3063 348 3156 404 tibi
3213 349 3478 404 Dominus
3546 364 3728 402 rorem

476 437 730 509 Ἰωάννης
768 437 845 509 (3)
880 437 939 492 ὲν
970 437 1046 508 τῷ
1079 439 1312 509 εἰκοστῷ
1352 439 1517 492 αὑτοῦ
1554 439 1840 510 κεφαλαίῳ
1881 439 2049 507 παρί-

466 545 659 598 στησι,
695 532 848 600 τρεῖς
889 527 1025 584 εἶναι
1069 531 1244 600 λέγων
1278 531 1576 602 οὐρανοὺς,
1614 531 1813 584 αὐτίκα
1855 531 1948 583 τὸν
1992 530 2052 597 ἐξ

467 620 576 673 οὑκ
611 620 784 674 ὅντων
813 619 870 688 ἐξ
908 621 1083 692 ἀρχῆς
1116 622 1469 693 παραχθέντα
1492 663 1505 687 ,
1536 622 1628 676 τὸν
1657 622 1716 686 ἐξ
1749 622 1958 676 ὑδάτων
1992 637 2051 673 τε

467 711 708 767 λαϐόντα
731 713 830 784 τὴν
856 713 1115 768 σύστασιν
1142 715 1239 768 καὶ
1267 715 1430 768 αὑτὸν
1456 716 1547 768 τὸν
1576 716 1735 784 ἀέρα.
1768 715 1879 768 Καὶ
1904 713 2054 782 δηλοί

465 805 626 858 τοῦτο
654 807 688 876 ἡ
716 806 910 877 Γραφὴ
938 807 1175 874 λέγουσα
1210 827 1227 861 ι
1263 809 1330 861 τὰ
1359 807 1584 863 πετεινὰ
1609 804 1702 860 τοῦ
1735 806 1988 877 οὐρανοῦ.
2028 823 2046 856 ι

467 897 714 968 Πρόσεχε
756 892 870 952 οὖν.
908 899 969 953 Ὀ
1020 899 1236 968 πρῶτος
1285 899 1384 968 μὲν
1424 899 1531 967 γὰρ
1575 897 1824 968 οὐρανὸς,
1859 899 1886 950 6
1913 889 2053 967 ὑπὲρ

467 989 715 1061 κεφαλῆς
750 991 885 1062 ἡμῖν
919 991 1322 1062 ὑφηπλωμένος
1359 993 1504 1063 ἀὴρ,
1541 991 1792 1062 δεύτερος
1831 990 1960 1042 αὑτὸ
1992 990 2053 1042 τὸ

471 1083 784 1150 στερέωμα,
813 1081 909 1136 καὶ
938 1083 1119 1154 τρίτος
1146 1085 1173 1135 ό
1205 1083 1262 1150 ἐξ
1290 1084 1390 1136 οὑκ
1418 1085 1588 1136 ὄντων
1617 1083 1738 1136 κατ’
1758 1081 1933 1152 ἀρχὰς
1963 1098 2055 1149 γε·

471 1170 665 1238 γονὼς,
703 1175 782 1237 είς
820 1175 876 1227 ὃν
910 1176 973 1242 δὴ
1013 1179 1107 1230 καὶ
1142 1179 1171 1230 ὁ
1209 1177 1514 1248 πάμμεγας
1547 1179 1778 1246 ἡρπάγη
1817 1175 2049 1235 Παῦλος-

471 1265 536 1317 Εἰ
568 1265 623 1317 δὲ
659 1267 752 1320 καὶ
786 1267 1002 1330 πλείους
1038 1269 1299 1338 οὐρανοὺς
1330 1270 1358 1321 6
1389 1268 1558 1321 Δαὸὶδ
1590 1267 1925 1336 ὑπεμφαίνει
1961 1267 2052 1318 λέ-

471 1372 586 1419 γων
623 1375 641 1408 ι
680 1360 891 1411 Αἰνεῖτε
928 1361 1091 1412 αὑτὸν
1122 1361 1172 1412 οί
1205 1361 1423 1429 οὐρανοὶ
1455 1361 1563 1412 τῶν
1595 1360 1842 1428 οὐρανῶν
1865 1400 1880 1422 ,
1920 1377 1938 1409 ›
1979 1358 2055 1427 μὴ

473 1445 724 1513 θαύμαζε
748 1465 760 1477 ·
792 1450 823 1518 ἡ
855 1449 963 1520 γὰρ
997 1449 1218 1517 Ἐϐραῖς
1247 1452 1462 1518 γλῶττα
1491 1451 1870 1520 πληθυντικῶς
1899 1451 2057 1518 ἐντρέ-

477 1554 594 1604 ρειν
620 1538 778 1592 εἴωθε
808 1543 874 1594 τά
906 1543 1083 1606 ἑνικὰ,
1118 1543 1193 1604 ὠς
1222 1546 1248 1596 6
1280 1544 1514 1615 χρυσοῦς
1545 1544 1643 1613 τὴν
1672 1544 1921 1613 γλῶτταν
1954 1560 2058 1612 φη-

472 1630 580 1683 σίν.
614 1630 768 1684 Οὕτω
806 1635 906 1702 μὲν
937 1633 1028 1686 οὑν
1061 1637 1277 1704 νοήσεις
1309 1637 1405 1688 καὶ
1436 1636 1563 1688 ἔνθα
1594 1635 1741 1702 λέγει
1781 1652 1799 1684 ι
1840 1634 1928 1701 Τῷ
1953 1650 2056 1685 κα·

470 1719 768 1776 ταόιελόντι
802 1724 901 1794 τὴν
934 1726 1202 1797 Ἐρυθρὰν
1239 1728 1514 1781 θάλασσαν
1541 1731 1615 1791 εἰς
1655 1727 1950 1794 διαιρέσεις
1976 1742 1988 1755 ·
2036 1743 2052 1775 ι

472 1811 575 1878 μία
619 1813 724 1884 γὰρ
776 1816 954 1870 ἐκεῖσε
1003 1818 1271 1889 διαίρεσις
1318 1821 1532 1888 γέγονε,
1579 1822 1671 1873 καὶ
1718 1821 1780 1872 οὑ
1837 1817 2052 1872 πολλαί.

473 1899 643 1952 Καλεῖ
677 1901 733 1954 δὲ
770 1905 862 1956 τὸν
903 1905 1157 1977 δεύτερον
1195 1908 1424 1978 οὐρανὸν
1463 1911 1751 1980 στερέωμα
1794 1909 1825 1977 ἡ
1861 1909 2053 1977 Γραφὴ

473 1992 611 2062 πρὸς
636 1995 1048 2071 ἀντιδιαστοῖὴν
1075 2001 1170 2054 τοῦ
1201 2002 1471 2074 προτέρου
1504 2001 1735 2072 οὐρανοῦ
1765 2002 1857 2054 καὶ
1887 2000 2050 2053 αὑτοῦ

470 2083 568 2136 τοῦ
601 2083 794 2150 ὕδατος
820 2105 835 2119 ’
868 2090 1014 2152 είκὸς
1051 2093 1158 2163 γὰρ
1190 2094 1280 2145 τὸν
1313 2095 1518 2147 ἐκεῖνον
1551 2093 2052 2161 λεπτομερέστερον

475 2174 637 2244 σῶμα
677 2183 968 2251 τυγχάνειν
1006 2187 1098 2238 καὶ⁵
1138 2186 1614 2257 είλικρινέστερον.
1656 2185 1766 2238 Καὶ
1801 2184 1959 2252 δῆλον
1996 2183 2055 2246 ὲξ

471 2257 550 2320 ὧν
577 2269 606 2322 ό
638 2270 866 2338 Ἡσαΐας
895 2277 1058 2344 φησὶν
1094 2297 1112 2329 ι
1135 2277 1194 2330 ’0
1223 2279 1529 2346 στερεὼσας
1561 2279 1650 2330 τὸν
1667 2278 1894 2347 οὑρανὶν
1923 2277 2054 2329 ὡσεὶ

471 2363 703 2416 καπνόν.
743 2381 761 2414 ι
805 2367 1080 2432 Ὡσαύτως
1109 2371 1201 2423 καὶ
1232 2371 1292 2423 τὸ
1321 2369 1466 2440 ὕδωρ
1495 2371 1625 2423 αὑτὸ
1657 2369 1844 2439 ἀραιόν
1872 2386 1928 2421 τε
1960 2368 2055 2420 καὶ

474 2452 724 2520 μαλακὸν
754 2458 886 2527 πρὸς
915 2461 1045 2513 αὑτὸ
1077 2463 1507 2532 συγκρινόμενον
1533 2463 1595 2513 τδ
1628 2461 1936 2531 στερέωμα.

2153 437 2276 492 cmli
2303 438 2343 489 ⁷.
2388 457 2404 488 ι
2447 437 2635 491 'l'radit
2669 438 2772 492 hoc
2808 441 2985 508 ipsum
3040 446 3093 492 et
3157 439 3397 493 Joannes
3441 439 3731 491 Damasce-

2154 547 2260 585 nus
2284 547 2404 600 cap.
2445 532 2534 594 (ΞΟ,
2604 534 2745 601 quod
2810 543 2889 586 est
2941 535 3005 586 de
3033 534 3198 600 malo;
3256 549 3363 602 quo
3420 531 3640 599 quidem
3681 533 3730 583 in

2154 624 2329 694 capite
2383 625 2550 677 cmlos
2599 639 2720 677 esw
2757 634 2866 678 tres
2902 626 2994 690 ait,
3059 627 3314 678 nimirum
3378 625 3508 678 illud
3556 625 3775 693 primo-

2154 718 2378 776 emlum,
2408 716 2552 784 quod
2591 733 2771 769 rerum
2816 719 2971 771 initio
2997 719 3063 772 de
3100 719 3274 771 nihilo
3304 717 3587 771 conditum
3618 715 3737 768 fue-
3829 785 3834 790 .

2155 811 2225 865 rit
2261 809 2497 874 ;dcindc
2518 811 2749 862 alterum
2805 825 2868 864 cx
2905 811 3060 877 aquis
3115 810 3314 863 factum
3349 827 3363 872 ;
3402 809 3562 863 tertio
3616 807 3735 859 loco
3799 795 3824 864 ξ

2157 904 2335 973 ipsum
2372 919 2517 966 aera,
2558 902 2623 955 de
2668 918 2776 970 quo
2838 902 3248 971 intelligendum
3279 917 3463 954 sacras
3496 899 3732 953 Litteras

2157 996 2344 1066 loqui,
2413 1011 2534 1050 cmn
2597 995 2717 1047 (δινιί
2775 994 3058 1046 volucrum
3115 993 3448 1046 mentionem
3505 993 3734 1043 fat-iuni.

2156 1088 2212 1158 9
2294 1088 2480 1156 itaque
2538 1086 2697 1140 vi-lim
2759 1085 3164 1138 animadvertas
3223 1085 3420 1136 cmlum
3498 1084 3734 1152 primum

2158 1196 2279 1234 esse
2325 1180 2471 1234 hunc
2499 1195 2623 1232 aera
2666 1194 2827 1247 supra
2885 1185 3048 1244 caput
3088 1185 3332 1229 nostrum
3385 1176 3734 1244 explicatum.

2157 1270 2455 1323 secundum
2493 1269 2558 1321 ab
2598 1268 2689 1321 illo
2725 1269 2897 1334 ipsimi
2964 1267 3386 1330 firmamentum,
3419 1267 3634 1318 terl'um
3683 1265 3734 1315 id

2157 1364 2302 1433 quod
2341 1363 2406 1414 de
2436 1362 2606 1415 nihilo
2662 1361 2930 1431 principio
2991 1361 3272 1414 conditum
3307 1360 3426 1422 fuit,
3486 1358 3536 1410 in
3591 1359 3736 1426 quod

2158 1456 2318 1510 etiam
2352 1469 2578 1524 magnus
2610 1453 2698 1507 ille
2731 1454 2931 1507 Paulus
2975 1461 3054 1506 est
3088 1453 3365 1521 abreptus.
3423 1452 3610 1518 Neque
3641 1449 3743 1501 mi-

2161 1564 2282 1602 rum
2330 1547 2430 1600 tibi
2507 1546 2755 1599 videatur
2792 1546 3048 1599 υοιῖιίιιιιι
3102 1546 3273 1598 videri
3334 1545 3517 1612 plures
3579 1543 3739 1594 etiam

2161 1639 2330 1693 ccelos
2365 1647 2627 1692 statuere,
2679 1652 2802 1688 eum
2835 1639 3013 1704 inquit
3051 1654 3061 1687 :
3101 1655 3117 1685 ι
3158 1635 3262 1705 Ipsi
3291 1634 3557 1688 malorum
3593 1631 3743 1690 cudi.

2165 1729 2452 1781 Dominum
2483 1727 2752 1780 celebrate
2778 1726 2821 1775 ⁸.
2864 1745 2880 1775 ι
2940 1726 3074 1779 Ν.ιιιι
3121 1724 3379 1778 llebraica
3419 1722 3601 1790 lingua
3654 1737 3746 1770 vo—

2163 1834 2254 1873 ces
2288 1820 2450 1873 etiam
2479 1818 2786 1886 singulares
2828 1832 3058 1869 numero
3106 1816 3477 1870 multitudinis
3544 1812 3744 1865 efferre.

2163 1909 2470 1971 Consuevit,
2505 1918 2559 1959 ut
2592 1909 3021 1976 Chrysostomus
3054 1911 3150 1961 ait.
3221 1907 3310 1961 Sic
3340 1917 3393 1959 et
3429 1906 3562 1958 illud
3603 1904 3747 1954 arei~

2162 2004 2282 2073 pies
2316 2001 2464 2072 quod
2497 2000 2729 2054 Davides
2765 1999 2906 2052 idem
2955 2000 3093 2053 dixit
3123 2017 3135 2050 :
3168 1999 3268 2065 Qui
3305 1998 3453 2050 Ruhr
3498 2013 3546 2048 ιιι
3594 2011 3744 2047 mare.

2163 2097 2348 2151 divisit
2380 2097 2432 2149 in
2467 2095 2736 2149 sr-ctiones
2761 2095 2838 2151 τ’.»
2879 2093 3010 2146 Nam
3051 2094 3218 2147 sectio
3246 2101 3452 2145 tantmn
3487 2107 3590 2145 uaa
3623 2092 3744 2149 fuit.

2163 2203 2270 2240 non
2306 2187 2510 2256 plures.
2549 2187 2616 2241 Et
2659 2193 2856 2241 vocant
2890 2186 3290 2238 firmamentum
3327 2184 3544 2238 Litterae
3579 2200 3747 2236 sacrm.

2163 2279 2363 2332 ςωιιιιιι
2399 2278 2701 2332 secundum
2739 2276 2806 2330 ad
2859 2276 3060 2346 prioris
3123 2277 3246 2329 cadi
3299 2275 3746 2330 distinctionem.

2160 2378 2215 2425 et
2266 2369 2438 2438 ipsius
2494 2370 2658 2422 etiam
2716 2385 2891 2438 aquae.
2925 2370 3067 2423 Vero
3119 2369 3264 2421 enim
3317 2379 3749 2421 consentaneum

2163 2468 2246 2513 est
2272 2461 2472 2514 cadum
2503 2460 2633 2514 illud
2667 2461 2822 2529 prius
2850 2475 2972 2514 esse
3002 2459 3260 2513 subtilius
3290 2459 3566 2528 quoddam
3622 2475 3748 2512 cor-

471 2560 579 2615 pus
609 2561 675 2601 ac
705 2551 917 2618 purius.
954 2551 1144 2606 Patere
1173 2551 1394 2607 videtur
1443 2553 1492 2606 id
1559 2553 1626 2606 dc
1662 2552 1848 2606 verbis
1906 2549 2061 2606 Isaiae
2101 2547 2338 2605 dicentis
2366 2568 2380 2604 :
2421 2570 2438 2602 ι
2465 2550 2568 2617 Qui
2613 2551 2813 2605 malum
2847 2550 2997 2604 fumo
3025 2551 3312 2605 consimile
3344 2550 3693 2604 stabilivit”.
3723 2570 3739 2599 ι

473 2638 572 2696 Sic
624 2650 680 2696 et
739 2657 936 2713 aquam
993 2644 1167 2714 ipsam
1205 2662 1378 2698 raram
1431 2645 1759 2713 mollemque
1801 2658 1923 2697 cum
1978 2642 2315 2697 condidisset
2372 2643 2534 2709 Deus,
2599 2642 2665 2697 ad
2724 2643 3160 2704 firmamentum,
3183 2639 3458 2707 collatam,
3504 2644 3624 2714 gelu
3697 2649 3747 2700 ei

470 2737 858 2803 circumdedit,
917 2755 978 2794 ac
1039 2739 1320 2794 humidam
1385 2749 1548 2809 atque
1589 2739 1829 2809 pluviam
1897 2735 2152 2800 reddidit,
2219 2747 2275 2790 ut
2346 2745 2504 2792 teme
2558 2736 2748 2791 usibus
2787 2747 2970 2806 aptam
3035 2736 3304 2801 efficeret,
3361 2752 3482 2806 qua:
3531 2735 3597 2789 de
3625 2752 3771 2789 rore-

475 2829 778 2899 plurimum
810 2832 1251 2903 utilitatis-capit.

558 2925 618 2978 ’0
648 2926 747 2994 μὲν
774 2921 864 2978 οὖν
897 2923 1055 2997 Ἰώση
1069 2944 1159 2990 πος
1190 2929 1244 2979 ὲν
1272 2929 1335 2997 τῇ
1365 2927 1486 2981 κατ’
1512 2927 1673 2979 αὑτὸν
1704 2925 2054 2996 ἀρχαιολογίᾳ

474 3014 644 3086 φησὶν
671 3016 753 3069 ότι
785 3017 844 3070 1:6
877 3020 1166 3090 στερέωμα
1197 3021 1540 3089 παραγαγὼν
1567 3021 1592 3072 6
1623 3019 1754 3082 Θεὸς
1785 3019 2058 3089 κρύσταλ-

477 3109 574 3161 λον
601 3110 746 3180 αὑτῷ
776 3113 1097 3182 περιέπηξε,
1127 3113 1303 3168 νότιόν
1333 3131 1384 3167 τι
1417 3115 1512 3167 καὶ
1543 3113 1772 3176 ὑετῶδες
1802 3113 1936 3182 πρὸς
1963 3111 2060 3182 τὴν

475 3202 590 3256 ἀπὸ
613 3203 720 3256 τῶν
745 3205 954 3274 δρόσων
977 3206 1248 3272 ὠρέλειαν
1273 3205 1548 3278 ἁρμοδίως
1573 3209 1705 3260 αὑτό
1732 3211 1794 3278 τῇ
1825 3211 1894 3278 γῇ
1925 3209 2062 3278 ἔμη-

477 3296 777 3366 χανήσατο.
810 3297 924 3350 Οὑκ
956 3297 1070 3366 ἔχει
1100 3298 1157 3350 δὲ
1189 3299 1284 3351 καὶ
1311 3300 1379 3352 τὰ
1409 3301 1506 3370 τῆς
1535 3301 1796 3368 ἀληθείας
1819 3339 1833 3363 ,
1868 3302 1941 3363 ὡς
1978 3296 2059 3353 οἷ-

479 3404 612 3456 μαι,
657 3389 803 3442 κατὰ
841 3389 932 3440 τὸν
975 3391 1184 3442 ἐκείνου
1230 3392 1632 3456 σκοπόν.Τένος
1681 3393 1867 3446 ἕνεκεν
1894 3411 1908 3458 ;
1934 3395 2059 3447 ’Ὁτι

476 3478 662 3549 δρόσοι
689 3481 786 3534 καὶ
809 3479 958 3534 ὑετοὶ
983 3484 1186 3550 πάχναι
1212 3500 1268 3534 τε
1295 3483 1388 3536 καὶ
1417 3483 1650 3554 χάλαζαι
1679 3485 1772 3539 καὶ
1800 3487 1973 3557 χιόνες
2001 3489 2060 3554 ἐξ

479 3572 897 3642 ἀναθυμιάσεως
941 3573 1190 3642 λέγονται
1224 3574 1334 3628 τῶν
1368 3576 1498 3646 περὶ
1531 3577 1634 3646 γῆν
1670 3577 1878 3632 ὑδάτων
1916 3579 2062 3631 συνί-

481 3665 734 3720 στασθαι.
780 3666 889 3720 Καὶ
936 3667 1172 3738 πρόσεχε
1216 3668 1294 3736 τῷ
1345 3669 1567 3740 μεγάλῳ
1613 3671 1882 3741 Βασιλείῳ
1931 3674 2062 3742 περὶ

479 3760 686 3813 τούτων
699 3757 874 3822 οὕτως
892 3762 950 3815 ὲν
967 3764 1030 3832 τῇ
1047 3761 1212 3832 Ἐξαη
1222 3763 1374 3832 μέρῳ
1391 3763 1556 3816 αὑτοῦ
1575 3761 1846 3828 διεξιόντιο
1868 3782 1884 3814 ι
1907 3764 2060 3835 Καλὴ

483 3851 582 3922 μὲν
609 3850 703 3904 οὖν
733 3852 766 3921 ή
795 3849 1042 3906 θάλασσά
1072 3856 1212 3918 ἐστι,
1241 3854 1340 3907 καὶ
1372 3853 1454 3907 ὅτι
1486 3855 1600 3917 τοῖς
1629 3855 1838 3924 ἀερίοις
1870 3854 2063 3910 ὕδασιν

479 3944 622 4015 ἀρχή
656 3945 741 4008 τίς
775 3946 892 3998 ἐστι
925 3946 1021 3998 καὶ
1055 3949 1207 4015 πηγὴ
1231 3986 1246 4010 ,
1284 3931 1601 4018 θαλπομένη
1641 3948 1740 4016 μὲν
1773 3951 1838 4020 τῇ
1879 3951 2060 4003 ἀκτῖνι

487 4037 578 4091 τοῦ
608 4037 762 4108 ἡλίου
780 4079 795 4103 ,
823 4038 1188 4109 ἀποτιθεμένη
1223 4040 1278 4092 δὲ
1307 4041 1368 4092 τὸ
1400 4039 1598 4094 λεπτὸν
1624 4042 1722 4096 τοῦ
1752 4042 1946 4107 ὓδατος
1973 4044 2064 4097 διὰ

484 4131 592 4185 τῶν
617 4133 809 4202 ἀτμῶν
833 4149 848 4165 ο
878 4130 1016 4202 ὅπερ
1045 4131 1304 4186 ἑλκυσθὲν
1335 4135 1415 4196 είς
1445 4134 1536 4187 τὸν
1565 4136 1678 4190 ἀνω
1705 4135 1869 4189 τόπον
1896 4175 1911 4201 ,
1942 4131 2063 4189 εἶτα

487 4222 830 4294 καταψυχθὲν
852 4222 942 4276 διὰ
968 4224 1028 4276 τὸ
1057 4223 1391 4294 ὑψηλότερον
1420 4226 1675 4294 γενέσθαι
1701 4230 1801 4298 τῆς
1830 4227 1940 4282 ἀπὸ
1968 4228 2062 4282 τοῦ

486 4317 716 4386 ἐδάφους
746 4317 1099 4382 ἀνακλάσεως
1129 4318 1237 4371 τῶν
1269 4321 1506 4374 ἀκτίνων
1527 4361 1543 4386 ,
1577 4321 1671 4376 καὶ
1699 4323 1835 4392 ὁμοῦ
1867 4323 1964 4394 τῆς
1999 4326 2062 4378 ὲκ

2237 2923 2317 2976 Αιι
2347 2939 2454 2977 non
2480 2923 2594 2978 haec
2631 2925 2702 2977 ita
2736 2939 2793 2979 se
2828 2938 3017 2978 revera
3050 2924 3296 2978 habent?
3328 2939 3480 2978 rores
3509 2930 3657 2976 certe
3689 2933 3753 2971 ae

2173 3012 2400 3074 imbres,
2427 3013 2653 3082 pruinze,
2702 3013 3018 3082 grandines,
3053 3013 3212 3067 nives
3234 3015 3301 3067 dc
3334 3029 3600 3082 aquarum
3643 3021 3780 3064 terg

2168 3109 2421 3162 restrium
2482 3109 2831 3163 exhalatione
2869 3110 3006 3162 oriri
3059 3113 3368 3164 traduntur.
3434 3112 3610 3178 Atque
3667 3108 3753 3159 hic

2167 3200 2301 3253 mihi
2349 3201 2526 3271 magni
2561 3200 2744 3254 Basilii
2792 3200 2975 3256 verbis
3025 3201 3320 3266 attendito,
3382 3200 3475 3270 qui
3540 3201 3606 3254 de
3669 3199 3754 3251 his

2166 3293 2271 3348 hoc
2303 3293 2462 3347 modo
2492 3294 2716 3348 disserit
2744 3309 2810 3348 eo
2843 3294 2981 3348 libro
3012 3310 3175 3363 quem
3209 3293 3276 3348 de
3311 3310 3404 3348 sex
3447 3293 3751 3362 primoqu

2166 3386 2234 3441 ab
2287 3396 2411 3440 ortu
2448 3387 2634 3439 mundi
2665 3386 2878 3440 dierum
2908 3386 3173 3457 operibus
3233 3388 3565 3456 composuit.
3620 3385 3753 3437 Pul-

2165 3480 2383 3545 chrum,
2415 3480 2514 3545 ait,
2576 3479 2834 3550 quiddam
2880 3489 2961 3534 est
2989 3485 3153 3548 :mare
3215 3479 3299 3532 vel
3336 3495 3397 3531 ca
3451 3477 3517 3532 de
3563 3493 3749 3538 causa,

2165 3571 2312 3642 quod
2341 3571 2668 3642 principium
2701 3581 2756 3628 et
2807 3572 2929 3626 fons
2980 3580 3065 3625 est
3127 3570 3403 3624 aeriarum
3464 3584 3748 3638 aquarum.

2165 3663 2375 3734 Quippe
2399 3679 2522 3719 cum
2549 3681 2575 3716 a
2604 3664 2775 3718 radiis
2804 3664 2936 3718 solis
2968 3662 3272 3726 incalescit,
3324 3677 3422 3731 per
3448 3661 3751 3714 exhalatio-

2167 3771 2263 3811 ues
2287 3773 2485 3825 aquam
2523 3771 2677 3811 suam
2707 3755 3084 3810 tenuissimam
3130 3754 3369 3818 amittit;
3416 3769 3536 3822 qua:
3587 3768 3754 3820 supe-

2166 3849 2312 3903 riora
2337 3848 2390 3902 in
2422 3848 2540 3903 loca
2571 3847 2751 3903 delata
2773 3847 3084 3918 frigoreque
3117 3846 3442 3909 constricta,
3466 3854 3752 3914 propterea

2165 3941 2313 4009 quod
2349 3939 2402 3993 in
2439 3939 2675 3994 sublime
2708 3946 2940 3994 attracta
2973 3938 3191 4008 longius
3229 3947 3342 3990 tum
3401 3952 3428 3990 a
3461 3949 3603 3990 terra
3639 3945 3752 3987 tum

2166 4032 2426 4083 solarium
2461 4030 2735 4083 radiorum
2770 4031 3035 4084 fraetione
3060 4028 3226 4092 absit,
3249 4028 3362 4097 ipsa
3393 4029 3558 4080 etiam
3589 4027 3754 4080 nubis

2168 4127 2359 4182 umbra
2400 4127 2573 4197 frigus
2599 4127 2918 4180 intendente
2954 4125 3010 4180 lit
3057 4125 3263 4196 pluvia,
3301 4135 3618 4193 terramque
3671 4125 3753 4178 fe-

2167 4221 2486 4276 cundiorem
2524 4219 2721 4275 reddit.
2755 4219 2866 4274 lloc
2899 4228 3050 4274 vates
3087 4220 3322 4274 Amosus
3386 4234 3576 4272 verum
3632 4231 3753 4272 csse

2149 4323 2417 4384 testatur,
2448 4329 2570 4368 cum
2603 4312 2782 4382 inquit
2813 4329 2828 4368 :
2862 4330 2880 4364 ι
2920 4313 3183 4368 Dominus
3210 4321 3294 4367 est
3325 4312 3419 4382 qui
3471 4322 3524 4363 et
3549 4310 3676 4365 facit
3701 4319 3756 4362 et

483 4408 576 4463 τοῦ
604 4411 806 4480 νέφους.
830 4411 986 4474 σκιᾶς
1008 4410 1106 4481 τὴν
1128 4411 1290 4480 ψῦξιν
1313 4413 1713 4484 ἐπιτεινούσης,
1740 4415 1894 4476 ὑετὸς
1920 4416 2057 4484 γίνε-

2169 4406 2419 4458 immutat
2460 4402 2697 4458 vicissim
2723 4405 2938 4471 omnia;
2966 4403 3058 4473 qui
3092 4419 3286 4473 aquam
3323 4403 3589 4456 marinam
3629 4418 3754 4456 sur-

439 4497 465 4586 ,τι
481 4519 571 4555 ται
607 4501 701 4555 καὶ
734 4503 936 4555 πιαίνει
965 4502 1064 4572 τὴν
1093 4503 1218 4572 γῆν.
1257 4523 1275 4555 ι
1316 4505 1422 4558 Καὶ
1457 4505 1666 4574 μάρτυς
1696 4506 1805 4560 τῶν
1837 4507 2066 4578 λεγομέ-

455 4599 590 4654 ᾼνων
635 4600 665 4651 ό
712 4599 998 4668 προφήτης
1028 4597 1212 4668 ’Λμὼς
1261 4597 1439 4663 λέγων
1468 4615 1484 4632 ο
1518 4616 1535 4649 ι
1566 4599 1768 4668 Κύριος
1816 4599 1844 4651 ό
1896 4601 2065 4653 ποιῶν

483 4691 662 4740 πάντα
706 4689 802 4742 καὶ
847 4689 1296 4758 μετασκευάζων,
1339 4689 1368 4740 ὁ
1412 4688 1632 4754 ἀνάγων
1675 4687 1735 4740 τό
1778 4687 1920 4757 ὕδωρ
1965 4687 2064 4756 τῆς

481 4776 764 4848 θαλάσσης
793 4780 887 4830 καὶ
909 4778 1116 4848 ἑκχέων
1142 4779 1276 4832 αὑτὸ
1305 4780 1408 4838 ἐπὶ1
1432 4765 1727 4848 πρόσωπον
1755 4778 1854 4846 τῆς
1879 4779 2000 4848 γῆς.
2040 4797 2058 4829 ›

485 4869 609 4922 Ὀτι
646 4868 703 4922 δὲ
741 4869 805 4922 τὸ
840 4857 1167 4940 λεπτότερόν
1205 4889 1265 4924 τε
1306 4870 1406 4924 καὶ
1445 4869 1824 4939 ποτιμώτερον
1865 4871 1928 4922 ἐκ
1967 4871 2066 4938 τῆς

482 4960 756 5033 θαλάττης
787 4961 1052 5030 ἀνάγεται
1085 4964 1150 5031 τῇ
1185 4963 1278 5016 τοῦ
1313 4962 1466 5034 ἡλίου
1507 4961 1845 5032 θερμότητι,
1884 4963 2065 5024 οὐδεὶς

487 5053 551 5104 ὃν
583 5052 942 5124 ἀπιστήσειεν
974 5054 1100 5116 τοὺς
1136 5055 1575 5123 ὑποκαιομένους
1610 5054 1844 5124 λέϐητας
1881 5056 2066 5124 ὲννοήυ

484 5159 608 5209 σας,
633 5147 682 5199 οἳ
710 5145 943 5219 πλήρεις
969 5147 1123 5212 ὄντες
1149 5148 1320 5218 ὑγροῦ
1350 5149 1617 5212 πολλάκις
1644 5149 1792 5203 κενοὶ
1822 5149 2069 5201 κατελεί-

2167 4510 2288 4552 sum
2314 4494 2530 4558 attollit,
2555 4505 2610 4549 et
2633 4510 2753 4550 eam
2780 4495 2830 4548 in
2857 4504 3014 4549 terra:
3039 4493 3635 4564 superficiemetiundit
3656 4493 3750 4545 ¹¹.ι

2166 4585 2284 4641 Jam
2364 4595 2576 4656 partem
2650 4585 2798 4640 illam
2857 4586 3023 4642 maris
3077 4585 3420 4640 subtiliorem
3473 4585 3756 4654 magisque

2171 4680 2337 4734 veluti
2365 4680 2661 4750 potabilem
2692 4697 2794 4755 pet;
2818 4682 3056 4736 calorem
3083 4679 3214 4736 solis
3245 4677 3376 4732 ferri
3425 4693 3642 4731 sursum
3674 4678 3758 4732 in-

2169 4776 2435 4833 credibile
2469 4777 2674 4833 nemini
2709 4778 2884 4834 videri
2924 4778 3108 4843 debet,
3149 4776 3242 4846 qui
3277 4775 3550 4831 lebetibns
3573 4775 3748 4845 ignea:

2170 4867 2367 4940 subjici
2394 4871 2614 4927 viderit.
2640 4871 2855 4924 Etenim
2889 4871 2966 4924 illi
2993 4871 3145 4939 prius
3173 4883 3315 4938 aqua
3373 4869 3567 4938 repleti
3600 4869 3757 4923 dein-

2167 4978 2300 5032 ceps
2388 4963 2621 5018 humore
2678 4963 2890 5031 dilapso
2940 4976 3082 5030 srepe
3137 4962 3295 5016 vacui
3343 4961 3752 5031 relinquuntur,

2168 5070 2308 5125 aqua
2341 5065 2493 5110 cocta
2552 5070 2779 5125 prorsus
2807 5055 3118 5109 exhalante.
3175 5053 3436 5110 Videmus
3495 5065 3550 5109 et
3578 5057 3753 5124 ipsam

2167 5163 2362 5216 aquam
2424 5149 2690 5202 marinam
2749 5147 2818 5202 ab
2851 5148 2915 5203 iis
2985 5148 3146 5219 coqui
3197 5148 3292 5218 qui
3341 5147 3757 5218 tempestatibus

483 5235 719 5304 φθησαν,
755 5239 835 5300 είς
867 5237 1044 5308 ἀτμὸν
1074 5239 1289 5302 πάντως
1319 5239 1411 5292 τοῦ
1445 5239 1718 5310 ἑψομένου
1751 5238 2057 5308 διακριθέν-

2162 5241 2472 5310 iactantur;
2521 5241 2755 5310 indeque
2789 5241 2988 5296 fieriut
3042 5257 3238 5298 eorum
3290 5243 3410 5298 usui
3467 5241 3628 5311 paulo
3685 5240 3757 5292 sit

477 5339 594 5385 τος.
627 5323 787 5378 Ἀλλὰ
821 5329 919 5379 καὶ
955 5327 1088 5381 αὑτὸ
1125 5327 1184 5382 τὸ
1216 5330 1315 5399 τῆς
1355 5329 1627 5402 θαλάττης
1661 5328 1807 5400 ὕδωρ
1843 5329 1940 5383 ίδοι
1976 5347 2058 5393 τις

2168 5333 2630 5390 accommodatior
2663 5351 2676 5386 :
2711 5350 2830 5389 nam
2866 5338 3110 5409 spongiis
3142 5351 3372 5408 vapores
3427 5333 3754 5390 ebullientcs

479 5556 511 5591 γ
551 5473 613 5593 ⁶ὲ
631 5469 770 5527 Psal.
799 5475 920 5541 vni,
946 5474 998 5530 9.
1105 5477 1124 5508 ⁷
1156 5476 1290 5532 Gen.
1321 5478 1604 5543 xxvn,39.
1698 5478 1720 5510 ⁸
1762 5480 1905 5536 Psal.
1951 5493 2165 5545 chvm,
2202 5481 2253 5534 ιι.
2358 5482 2377 5510 ⁹
2407 5480 2549 5534 Psal.
2588 5498 2784 5547 cxxxv,
2825 5483 2906 5537 l5.
3011 5485 3054 5515 ¹⁰
3081 5483 3183 5537 lsa.
3216 5496 3284 5546 ιι,
3315 5482 3398 5535 f5.
3509 5479 3549 5509 "
3584 5480 3753 5550 Amos

553 5671 628 5740 ('5)
659 5673 813 5728 Αὑτό
849 5675 1042 5730 τοῦτο.
1087 5716 1100 5730 .
1129 5713 1144 5730 .
1178 5718 1192 5732 .
1225 5676 1331 5732 τοῦ
1387 5679 1672 5746 οὐρανοῦ.
1734 5680 2056 5749 Suppletum

2187 5678 2376 5734 codice
2403 5679 2773 5736 Vallicellano.
3750 5681 3777 5701 ‘
