4052 6200
385 222 450 284 63

1648 216 2066 275 MICHAEHS
2109 215 2365 275 GLYCE

3548 205 3617 268 44

344 346 347 347 ⁷
378 336 676 403 excipiunt,
726 334 925 402 quibus
960 333 1013 386 in
1045 344 1197 400 aqua!
1222 326 1474 397 potabilis
1515 325 1742 393 penuria
1802 323 1938 377 sitim

2050 324 2114 375 ἂν
2155 325 2258 378 ὑπὸ
2290 326 2399 378 τῶν
2435 327 2862 397 ναυτιλλομένων
2898 323 3161 393 ἑψόμενον
3197 321 3488 377 κάντεῦθεν
3518 319 3622 392 τὴν

378 424 744 492 restinguunt.
769 424 1109 491 Quapropter
1138 429 1283 474 recte
1314 417 1519 470 dictum
1546 424 1630 469 est
1650 430 1680 468 a
1717 421 1834 468 vate
1853 431 1947 465 no-

381 524 498 567 stro
537 530 552 567 ε
593 534 610 565 ι
642 515 742 579 Qui
785 529 979 582 aquam
1024 511 1289 565 marinam
1327 508 1430 576 ιθ
1456 521 1672 561 sursum
1698 505 1842 559 tollit
1891 514 1947 561 ct

374 603 573 656 camin
623 612 780 656 terra:
838 598 1182 669 superﬁciem
1232 596 1485 655 eﬂ‘undit.
1517 615 1535 646 ι
1590 596 1804 650 Etenim
1852 608 1946 662 per

372 693 748 747 exhalationes
808 702 955 744 ortas
1010 690 1076 743 de
1111 688 1245 742 locis
1295 686 1647 741 inferioribus
1688 686 1946 741 densatus

371 799 469 837 aer
491 790 668 853 guttas
699 782 961 851 quasdam
999 778 1259 842 demittit,
1305 778 1481 846 iisque
1513 785 1710 830 terram
1752 774 1942 828 fecim-

372 872 466 926 dat
522 887 585 925 ac
616 872 968 942 pinguelacit.
1005 869 1199 923 Itidem
1254 878 1307 921 et
1356 869 1456 929 sol,
1529 883 1651 921 cum
1699 866 1945 936 partibus

369 962 699 1015 australibus
732 961 995 1016 absolutis
1019 958 1082 1012 ad
1110 959 1361 1013 boreales
1381 973 1438 1011 se
1463 957 1675 1010 confert
1697 971 1760 1010 ac
1789 966 1947 1009 msta~

370 1060 475 1101 tum
511 1052 694 1114 edicit,
750 1066 857 1102 non
916 1049 1090 1102 solum
1135 1062 1304 1116 aquas
1365 1047 1548 1098 haurit
1595 1054 1649 1097 et
1705 1044 1941 1098 aridiora

364 1161 595 1214 corpora
624 1151 805 1197 nostra
866 1141 1067 1204 reddit,
1126 1139 1219 1194 sed
1284 1151 1676 1206 nonnunquam
1748 1136 1943 1189 ﬂuvios

362 1236 530 1290 etiam
578 1234 817 1286 minores
849 1231 1110 1286 exsiccat.
1172 1229 1371 1283 Eadem
1434 1228 1641 1282 ratione
1693 1226 1773 1293 ﬁt}
1795 1226 1940 1295 quod

364 1328 547 1381 Nilum
572 1325 853 1379 cxundare
908 1323 1129 1398 tradunt
1188 1336 1295 1375 non
1334 1329 1594 1375 consueto
1626 1318 1942 1372 ﬂuminibus

362 1410 577 1471 ofL-teris
605 1424 867 1484 tempore,
898 1414 994 1469 sed
1027 1422 1214 1470 aestate
1262 1412 1440 1466 media
1473 1409 1763 1480 [Egyptum
1811 1423 1942 1463 coo-

363 1514 565 1583 perire,
620 1526 729 1581 quo
790 1520 1034 1578 tempore
1070 1508 1149 1564 sol
1199 1507 1440 1562 caelestis
1495 1505 1694 1574 cinguli
1736 1512 1940 1573 partem

360 1603 722 1673 aquilonalem
763 1610 1026 1670 permeat,
1060 1609 1113 1654 et
1143 1599 1353 1653 czeteris
1375 1597 1592 1669 quidem
1644 1595 1825 1649 ﬂuviis
1855 1610 1943 1648 ca-

358 1694 476 1749 lore
506 1710 605 1749 suo
638 1695 899 1748 molestus
946 1701 1053 1751 est.
1106 1692 1177 1746 ab
1231 1691 1335 1745 hoc
1374 1691 1583 1758 autemi
1621 1688 1938 1759 longissime

360 1787 535 1841 abest.
574 1787 691 1855 Ipsa
738 1800 998 1853 vaporum
1038 1792 1233 1838 natura
1279 1782 1414 1836 nihil
1468 1790 1552 1836 est
1589 1779 1737 1834 aliud
1775 1794 1935 1849 quam

356 1887 636 1933 attenuata
678 1878 888 1932 scilicet
948 1888 1111 1945 aqua.
1148 1875 1211 1928 lli
1266 1890 1396 1943 ergo
1446 1888 1572 1927 cum
1610 1873 1936 1926 attractione

356 1970 511 2034 solis,
542 1970 828 2024 utdietum
893 1978 999 2029 est.
1032 1968 1088 2025 in
1143 1965 1381 2022 sublime
1442 1964 1711 2019 tolluntur
1754 1973 1809 2017 et
1843 1977 1937 2018 aer

354 2060 482 2113 inle
500 2060 780 2125 densatur,
801 2059 1019 2128 pluviae,
1041 2058 1216 2122 nives,
1239 2056 1533 2127 grandines
1551 2056 1762 2124 aliaque
1786 2053 1932 2121 talia,

355 2151 423 2203 de
449 2150 771 2225 h'umoribus
796 2149 1053 2202 nimirum
1087 2156 1227 2210 orta,
1272 2146 1622 2201 delabuntur.
1652 2147 1728 2201 Ac
1756 2145 1823 2199 de
1853 2143 1936 2201 his

354 2239 574 2309 quidem
620 2240 672 2294 in
706 2240 851 2295 hunc
883 2240 1105 2295 modum
1141 2239 1425 2293 hactenus.

429 2510 543 2565 Non
579 2510 771 2565 dubito
805 2522 1007 2572 autem,
1059 2508 1254 2565 dilecte
1319 2508 1415 2572 ﬁli,
1483 2517 1534 2562 te
1580 2517 1933 2578 posteaquam

354 2618 502 2656 nunc
527 2617 557 2655 a
590 2601 736 2656 Mosc
787 2603 1099 2670 conscripta
1160 2610 1274 2655 tum
1318 2599 1387 2654 de
1416 2599 1555 2654 coelo
1586 2600 1763 2669 primo
1820 2610 1933 2652 tum

354 2695 420 2747 dc
446 2694 638 2758 altero,
672 2693 935 2747 nimirum
965 2692 1032 2748 de
1064 2692 1405 2747 ﬁrmamento
1428 2700 1484 2747 et
1523 2693 1936 2761 comprehensis

353 2784 494 2838 inter
523 2784 689 2839 bosce
713 2785 853 2839 duos
877 2784 1044 2839 caelos
1069 2784 1249 2853 aquis,
1283 2784 1646 2853 percurreris,
1688 2783 1931 2847 omnino,

352 2890 474 2945 quae
507 2883 596 2926 tua
640 2873 905 2927 sedulitas
960 2880 1044 2927 est
1109 2873 1467 2941 discendique
1515 2871 1781 2934 studium,
1838 2873 1930 2941 qui

2052 415 2239 485 χρείαν
2296 415 2531 485 μετρίως
2577 413 3116 486 παραμυθούμενον·
3165 410 3471 479 τηνικαῦτα
3513 410 3619 480 γὰρ

2052 506 2312 571 σπόγγοις
2366 505 2752 575 ὑποδεχόμενοι
2799 505 2924 566 τοὺς
2977 501 3354 569 ἀναγομένους
3407 501 3620 552 ἐκεῖθεν

2049 595 2256 665 ἀτμοὺς
2301 596 2439 665 ῐαμα
2482 596 2643 666 δίψης
2693 600 2751 649 ἐν
2795 598 2915 658 ταῖς
2964 595 3235 660 ἀνάγκαις
3280 590 3619 661 εὑρίσκουσι.

2049 686 2243 749 Καλῶς
2275 682 2367 739 οῦν
2395 690 2422 741 6
2455 690 2738 758 προφήτης
2770 687 2957 754 ἔλεγεν
2994 706 3011 737 ι
3045 685 3105 737 '0
3138 682 3356 750 ἀνάγων
3382 682 3442 733 τὸ
3474 679 3618 750 ὕδωρ

2046 781 2146 848 τῆς
2186 779 2463 849 Θαλάσσης
2504 781 2598 832 καὶ
2641 781 2846 848 ὲκχέων
2883 778 3013 831 αὐτὸ
3058 778 3151 829 ἐπὶ
3192 776 3486 845 πρόσωπον
3520 776 3618 841 τῆς

2046 870 2149 937 γῆς
2178 885 2194 899 '
2234 888 2252 921 ι
2308 873 2334 922 6
2369 872 2478 939 γὰρ
2513 869 2618 940 ἀὴρ
2654 873 2774 927 ταῖς
2812 869 3058 922 κάτωθεν
3090 865 3491 935 ἀναθυμιάσεσι
3525 881 3621 916 κα-

2045 961 2489 1030 ταπυκνούμενος
2517 962 2783 1028 σταγόνας
2810 960 3003 1027 ἀφίησι
3032 959 3124 1011 καί⁵
3149 956 3499 1011 καταπιαίνει
3522 953 3618 1023 τὴν

2045 1054 2168 1121 γῆν.
2195 1053 2353 1105 Κατά
2381 1053 2539 1106 τοῦτο
2570 1052 2663 1105 καὶ
2692 1055 2719 1106 6
2749 1053 2898 1122 ἥλιος
2930 1051 3092 1121 ἡνίκα
3120 1050 3188 1103 τὰ
3220 1048 3372 1101 νότια
3404 1048 3615 1117 παρεά·

2047 1160 2143 1206 σας
2178 1143 2269 1195 ἐπὶ
2303 1143 2372 1195 τά
2408 1143 2594 1212 βόρεια
2632 1143 2776 1212 μέρη
2811 1141 2996 1210 τρέχει
3032 1142 3126 1193 καὶ
3158 1139 3218 1191 τὸ
3255 1138 3413 1207 θέρος
3448 1138 3617 1207 ἐργά-

2046 1218 2229 1298 ζεται,
2262 1233 2543 1287 ἀναλίσκει
2574 1233 2642 1286 τὰ
2676 1232 2842 1285 ὕδατα
2871 1233 2966 1285 καὶ
2992 1234 3060 1284 τὰ
3093 1231 3337 1300 ἡμέτερα
3373 1227 3617 1297 ξηραίνει

2045 1326 2293 1394 σώματα.
2325 1326 2432 1378 Καὶ
2461 1325 2645 1393 μέντοι
2675 1324 2769 1394 καὶ
2796 1324 2921 1385 τοὺς
2947 1321 3227 1390 ποταμοὺς
3255 1319 3615 1388 μικροτέρους

2044 1415 2191 1469 ἔστιν
2230 1416 2379 1469 ἰδεῖν.
2415 1416 2605 1487 Τούτῳ
2648 1416 2833 1485 μέντοι
2868 1413 2944 1483 τῷ
2983 1414 3126 1489 λόγῳ
3167 1414 3261 1465 καὶ
3296 1412 3386 1463 τὸν
3422 1410 3615 1462 Νεῖλον

2044 1508 2209 1561 αὐτὸν
2241 1509 2300 1561 οὐ
2338 1509 2478 1562 κατά
2506 1510 2597 1561 τὸν
2627 1508 2791 1561 αὐτὸν
2821 1508 2933 1569 τοῖς
2966 1504 3145 1568 ἄλλοις
3180 1505 3313 1573 φασὶ
3348 1504 3614 1573 πλημμυ-

2047 1599 2163 1665 ρεϊν
2195 1596 2417 1666 καιρὸν,
2449 1596 2585 1649 ἀλλὰ
2620 1594 2916 1665 μεσοῦντος
2945 1592 3038 1647 τοῦ
3072 1592 3268 1661 θέρους
3301 1590 3616 1653 ἐπικλύζειν

2044 1689 2142 1759 τὴν
2172 1690 2478 1757 Αίγυπτον,
2507 1689 2582 1750 ὡς
2608 1687 2701 1753 τοῦ
2731 1704 2794 1756 γε
2825 1684 2977 1759 ἡλίου
3013 1684 3105 1754 τὴν
3138 1683 3484 1753 βορειοτέραν
3515 1698 3615 1748 τη-

2041 1778 2273 1832 νικαῦτα
2296 1779 2602 1841 διαθέοντος
2627 1777 2827 1848 ζώνην,
2852 1777 2947 1831 καὶ
2972 1778 3081 1839 τοῖς
3108 1776 3290 1837 ἄλλοις
3316 1774 3415 1843 μὲν
3439 1789 3611 1825 ποτα-

2042 1873 2164 1941 μοῖς
2213 1870 2587 1939 ἐνοχλοῦντος,
2636 1868 2828 1922 τούτου
2878 1869 2934 1921 δὲ
2986 1868 3239 1920 πλεῖστον
3290 1865 3609 1935 ἀπέχοντος.

2048 1962 2115 2015 Ἡ
2145 1963 2329 2032 μέντοι
2354 1962 2462 2015 τῶν
2488 1960 2678 2031 ἀτμῶν
2707 1959 2864 2028 φύσις
2894 1958 3046 2011 οὐδὲν
3073 1957 3199 2012 ἄλλο
3230 1957 3377 2009 ἐστὶν
3404 1958 3436 2022 ἢ
3466 1956 3614 2007 λελε-

2024 2034 2346 2121 πτυσμένον
2376 2051 2541 2121 ὕδωρ.
2576 2051 2953 2121 Ἀναγομένων
2987 2044 3102 2115 οὖν,
3135 2050 3209 2111 ὡς
3238 2049 3473 2117 εἴρηται,
3508 2049 3610 2098 αὐ-

2038 2146 2146 2199 τῶν
2176 2146 2241 2215 τῇ
2272 2144 2365 2197 τοῦ
2399 2145 2549 2213 ἡλίου
2580 2144 2711 2213 ὁλκῇ
2739 2183 2753 2207 ,
2783 2142 3077 2194 κάντεῦθεν
3107 2157 3313 2193 πυκνου
3324 2140 3483 2207 μένου
3516 2135 3609 2189 τοῦ

2037 2234 2221 2304 ἀέρος,
2250 2234 2396 2286 ὑετοὶ
2426 2234 2913 2303 καταρῤήγνυνται
2943 2232 3117 2301 χιόνες
3145 2246 3202 2281 τε
3236 2230 3327 2281 κα)⁸
3356 2226 3610 2296 χάλαζαι,

2036 2326 2133 2379 καὶ
2177 2327 2276 2379 ὅσα
2320 2328 2420 2397 τῆς
2464 2326 2639 2396 ὐργᾶς
2688 2324 2922 2395 ὑπάρχει
2973 2323 3190 2392 φύσεως
3243 2322 3460 2390 ἔγγονα.
3504 2317 3615 2372 Καὶ

2037 2419 2165 2488 περὶ
2198 2418 2297 2487 μὲν
2322 2418 2527 2471 τούτων
2552 2416 2748 2480 οὕτως.

2107 2506 2237 2561 ora:
2269 2509 2344 2573 δὲ,
2376 2509 2660 2579 άγαπητὲ,
2687 2509 2769 2561 ὅτι
2805 2508 2928 2561 καθ’
2965 2507 3210 2579 ἱστορίαν
3242 2504 3548 2559 ἐπελθοῦσα
3573 2504 3607 2573 ἡ

2038 2602 2105 2670 σὴ
2143 2599 2469 2670 φιλομάθεια
2495 2602 2563 2654 τὰ
2599 2600 2750 2670 ποιρά
2779 2600 3024 2661 Μωσέως
3056 2599 3347 2670 γραφέντα
3386 2598 3515 2667 περί
3546 2611 3610 2649 τε

2036 2692 2129 2744 τοῦ
2174 2692 2389 2762 πρώτου
2427 2691 2660 2762 οὐρανοῦ
2691 2692 2817 2761 περί
2852 2707 2912 2743 τε
2938 2690 3032 2744 τοῦ
3063 2689 3341 2760 δευτέρου,
3377 2687 3611 2759 στερεώ-
3694 2738 3709 2759 ,

2039 2800 2207 2850 ματος
2236 2781 2461 2851 δηλαδὴ,
2497 2785 2591 2836 καὶ
2638 2784 2769 2852 περὶ
2810 2781 2921 2836 τῶν
2963 2781 3452 2851 ὲναπειλημμένων
3479 2779 3609 2832 ὑδά-

2036 2886 2145 2922 των
2181 2870 2344 2939 μὲσον
2377 2871 2486 2923 τῶν
2514 2870 2608 2924 δύο
2648 2870 2852 2923 τούτων
2876 2869 3145 2941 οὐρανῶν,
3181 2867 3513 2921 ὲκλαϐἐσθαι
3540 2867 3609 2920 τὰ

354 2964 644 3019 sublimius
679 2965 935 3034 quiddam
967 2980 1033 3020 ex
1063 2964 1150 3019 his
1175 2964 1300 3018 elici
1330 2964 1501 3033 possit
1525 2964 1928 3034 iudagaturum.

2041 2960 2261 3013 τοιαῦτα
2314 2962 2407 3013 καὶ
2451 2962 2592 3014 κατά
2632 2963 2923 3034 ἀναγωγὴν
2974 2964 3240 3034 ἐπιζητεῖ.
3291 2963 3478 3034 Ταύτῃ
3526 2977 3608 3014 τοι

352 3058 428 3111 Ea
454 3057 523 3110 de
571 3071 736 3111 causa
784 3056 882 3109 tibi
938 3055 1186 3116 divinum
1236 3053 1537 3116 hominem,
1580 3053 1931 3109 Anastasium

352 3150 506 3207 illum
555 3150 800 3205 Sinaiten
835 3148 1075 3217 profero,
1106 3148 1350 3216 quicum
1401 3162 1467 3200 ex
1495 3146 1667 3202 Paulo
1702 3148 1742 3177 “
1780 3162 1936 3202 acce-

353 3244 526 3312 pisset
556 3257 746 3296 omnes
775 3255 863 3295 res
889 3251 996 3295 tam
1021 3241 1273 3295 cmlcstes
1318 3256 1479 3308 quam
1538 3249 1826 3295 terrestres
1858 3241 1936 3295 sic

353 3332 527 3387 factas
566 3347 687 3386 esse
714 3343 771 3384 ut
798 3329 1000 3385 Christi
1042 3331 1244 3400 ﬁguras
1277 3338 1333 3384 et
1378 3330 1645 3398 imagines
1670 3330 1934 3400 quasdam

356 3431 770 3493 repraesentem,
803 3422 1067 3491 pleraque
1098 3421 1277 3491 prisco
1307 3424 1360 3474 in
1386 3419 1595 3476 [cedere
1630 3424 1935 3491 perscripta

355 3528 521 3567 sensu
570 3511 868 3582 allegorice
924 3520 1008 3567 est
1089 3511 1502 3579 interpretatus.
1559 3511 1931 3575 Quamobrem

354 3605 481 3659 audi
517 3603 648 3673 quid
679 3605 746 3658 de
780 3602 933 3659 caelis
955 3602 1105 3657 hisce
1163 3602 1383 3657 duobus
1434 3602 1631 3656 tradat.
1678 3600 1937 3670 Superio-

354 3697 451 3762 ris,
509 3696 708 3765 iuquit,
771 3695 895 3751 cmli
957 3704 1153 3749 natura
1202 3694 1361 3749 nobis
1423 3694 1938 3764 incomprehensilis

360 3788 643 3843 continere
693 3787 829 3842 mihi
891 3786 1117 3857 ﬁguram
1168 3785 1458 3855 quamdam
1532 3784 1939 3855 inaspectabilis

354 3880 507 3935 illius
575 3891 632 3935 et
720 3878 1240 3948 incomprehensilis
1319 3876 1623 3934 divinitatis
1696 3881 1935 3944 Videtur,

354 3971 818 4040 quemadmodum
876 3970 1278 4025 ﬁrmamentum
1336 3969 1567 4024 inferius
1605 3970 1859 4025 humana:
1884 3973 1936 4024 in

355 4064 574 4120 Christo
599 4070 808 4117 naturae
842 4060 1258 4117 similitudinem
1306 4060 1493 4125 habet,
1534 4076 1698 4131 quam
1749 4062 1840 4117 ille
1870 4062 1938 4117 de

357 4160 493 4215 locis
562 4158 753 4213 inferis
781 4158 1119 4226 assumpsit;
1180 4170 1303 4211 cum
1354 4155 1573 4210 interim
1642 4171 1784 4226 aqua
1845 4155 1935 4210 illa

328 4250 590 4303 ‘duorum
622 4249 886 4302 cmlorum
912 4249 965 4302 in
989 4246 1177 4302 medio
1192 4247 1588 4317 comprehensa
1626 4246 1784 4300 nobis
1814 4247 1937 4299 ani-

359 4353 501 4393 mam
535 4339 653 4408 ejus
685 4338 865 4392 omnis
890 4337 1049 4407 plane
1072 4335 1216 4392 labis
1240 4344 1520 4407 expertem
1553 4346 1932 4405 reprmsentet,

359 4447 465 4502 qua
494 4430 733 4485 medium
783 4429 941 4499 quasi
975 4429 1232 4499 quiddam
1285 4429 1541 4485 estinter
1593 4428 1935 4483 divinitatem

357 4534 412 4578 ct
446 4523 629 4578 carnis
654 4521 978 4578 crassitiem.
1016 4521 1156 4577 Ecce
1186 4523 1356 4586 enim,
1423 4520 1621 4575 coelum
1674 4519 1807 4574 illud
1844 4534 1936 4574 su-

359 4613 545 4681 perius
567 4611 838 4680 principio
863 4611 1062 4666 coelum
1094 4610 1427 4680 appellatum
1464 4617 1569 4671 est,
1605 4617 1660 4663 et
1712 4609 1931 4677 quidem

364 4704 708 4768 naturaliter,
750 4703 1208 4773 quemadmodum
1238 4702 1403 4758 etiam
1436 4702 1579 4755 Deus
1628 4701 1717 4757 ille
1748 4716 1931 4756 sermo

360 4798 609 4853 ab'initio
654 4796 795 4852 Deus
847 4805 950 4851 est.
996 4796 1064 4851 At
1092 4796 1493 4849 ﬁrmamentum
1520 4794 1651 4847 illud
1710 4794 1937 4848 inferius

361 4900 417 4944 et
455 4888 735 4944 materiale
776 4902 882 4943 non
910 4888 977 4943 ab
1006 4888 1186 4950 initio,
1241 4886 1336 4941 sed
1382 4896 1502 4955 post
1528 4870 1957 4955 capulatiouem‘

363 4998 484 5036 cum
516 4982 610 5035 illo
641 4981 925 5049 superiore
956 4978 1082 5033 coeli
1120 4992 1315 5031 nomen
1367 4978 1601 5045 accepit,
1640 4978 1858 5046 quando
1886 4988 1939 5032 et

361 5081 765 5127 sal’rosanctum
800 5068 1168 5125 illud'Christi
1200 5083 1400 5137 corpus
1468 5078 1691 5137 propter
1723 5068 1942 5122 deiﬁca-

366 5166 570 5218 tioncm
606 5174 660 5217 ct
686 5163 943 5217 unionem
977 5160 1119 5215 Deus
1142 5175 1263 5215 esse
1286 5160 1508 5226 dicitur,
1551 5174 1660 5211 non
1690 5174 1719 5212 a
1750 5168 1940 5212 natura

366 5256 609 5324 propria.
641 5254 897 5308 Testatur
928 5252 1033 5306 hoc
1068 5261 1121 5306 ct
1181 5268 1406 5322 magnus
1439 5251 1525 5305 ille
1589 5251 1807 5315 Paulus,
1837 5253 1933 5320 ιι

2038 3051 2131 3107 καὶ
2164 3053 2255 3103 τὸν
2297 3053 2547 3122 Σιναῖτην
2582 3053 2689 3106 ίδοὺ
2732 3056 2967 3124 παράγω
3022 3072 3105 3107 σοι
3160 3054 3302 3107 θεῖον
3343 3052 3606 3105 Ἀναστά-

2039 3159 2187 3195 σιον’
2219 3146 2246 3196 6
2282 3144 2388 3213 γὰρ
2420 3145 2558 3207 θεῖος
2581 3138 2735 3209 οὗτος
2770 3146 2909 3214 ἀνὴρ
2956 3147 3197 3210 ἀκούσας
3238 3144 3331 3198 τοῦ
3366 3145 3607 3215 μεγάλου

2040 3235 2254 3289 Παύλου
2304 3237 2553 3305 λέγοντος
2593 3240 2673 3290 ὅτι
2718 3238 2894 3291 πάντα
2942 3242 3021 3301 είς
3064 3239 3301 3308 Χριστὸν
3342 3237 3606 3307 προτετύ-

2038 3345 2237 3392 πωται,
2268 3328 2335 3381 τὰ
2395 3330 2451 3380 ὲν
2494 3329 2705 3399 οὐρανῷ
2747 3331 2840 3383 καὶ
2890 3331 2956 3382 τὰ
3004 3330 3096 3384 ἐπὶ
3130 3331 3225 3400 τῆς
3253 3331 3377 3400 γῆς,
3414 3330 3604 3383 τούτου

2040 3420 2197 3489 χάριν
2246 3421 2622 3490 ἀλληγορικῶς
2665 3421 2732 3473 τὰ
2782 3421 2951 3476 πλείω
2997 3423 3099 3491 τῆς
3143 3423 3389 3484 Παλαιᾶς
3430 3422 3615 3488 ἐξελά-

2039 3512 2185 3567 θετο.
2221 3513 2330 3565 Καὶ
2381 3512 2543 3567 ἄκουε
2589 3512 2643 3567 τί
2692 3530 2824 3583 φησι
2869 3513 2998 3581 περὶ
3041 3512 3150 3566 τῶν
3192 3512 3437 3583 οὐρανῶν
3470 3516 3609 3571 τέως

2039 3606 2219 3658 αὐτῶν
2246 3620 2261 3635 ·
2306 3623 2323 3655 ι
2360 3605 2439 3675 ,Ἠ
2475 3604 2567 3657 τοῦ
2621 3606 2893 3675 άνωτέρου
2942 3604 3171 3675 οὐρανοῦ
3226 3604 3613 3673 άκατάληπτος

2041 3694 2201 3764 φύσις
2250 3696 2374 3765 ἐμοὶ
2415 3695 2566 3749 δοκεῖ
2617 3695 2785 3749 τύπον
2828 3696 3046 3766 ἐπέχειν
3090 3698 3192 3763 τῆς
3241 3695 3476 3763 ἀοράτου
3513 3698 3608 3750 καὶ

2039 3789 2428 3858 ἀκαταλήπτου
2481 3787 2640 3855 λόγου
2703 3788 2976 3858 θεότητος,
3005 3789 3063 3841 τὸ
3104 3788 3162 3841 δὲ
3220 3789 3507 3860 στερέωμα
3551 3788 3613 3840 τὸ

2040 3881 2284 3934 κάτωθεν
2329 3880 2551 3935 ἀνελθὸν
2599 3879 2765 3933 τύπον
2815 3881 3034 3951 ἐπέχειν
3084 3882 3186 3950 τῆς
3226 3881 3319 3933 τοῦ
3368 3877 3609 3948 Χριστοῦ

2020 3970 2462 4042 ’ἀνθρωπότητος
2514 3971 2579 4039 ἦν
2635 3969 2796 4025 ἔλαϐε
2838 3971 3103 4024 κάτωθεν.
3141 3970 3215 4024 Τὸ
3262 3972 3317 4024 δὲ
3366 3970 3509 4040 ὕδωρ
3549 3972 3610 4022 τὸ

2044 4064 2225 4133 μέσων
2265 4063 2373 4116 τῶν
2404 4062 2497 4115 δύο
2531 4061 2941 4133 ὲμπεριληφθὲν
2968 4063 3151 4115 είκόνα
3188 4062 3480 4134 διαγράφει
3513 4062 3613 4130 τῆς

2040 4156 2313 4225 ἀχράντου
2360 4153 2528 4206 αὐτοῦ
2567 4152 2747 4225 ψυχῆς
2801 4152 3195 4224 μεσιτευούσης
3255 4152 3471 4222 θεότητι
3517 4153 3615 4205 καὶ

2050 4245 2252 4315 σαρκὸς
2314 4248 2611 4315 παχύτητι,
2644 4246 2789 4316 Ὅρα
2833 4246 2941 4315 γὰρ
2990 4246 3072 4299 ὅτι
3120 4247 3149 4298 6
3196 4244 3299 4314 μὲν
3344 4244 3615 4314 ἀνώτερος

2039 4340 2271 4408 οὐρανὸς
2309 4338 2472 4407 φύσει
2506 4337 2600 4389 ἀπ’
2629 4338 2803 4408 ἀρχῆς
2826 4336 3055 4407 οὐρανὸς
3086 4336 3313 4404 ἐκλήθη,
3341 4335 3483 4388 καθά
3518 4335 3614 4387 καὶ

2036 4431 2064 4483 ὁ
2089 4430 2220 4492 Θεὸς
2251 4432 2407 4498 λόγος
2438 4430 2533 4484 ἀπ’
2566 4431 2740 4500 ἀρχῆς
2774 4431 2907 4492 Θεὸς
2941 4429 3084 4494 ἐστὶ,
3115 4430 3177 4481 τὸ
3223 4428 3281 4481 δὲ
3316 4428 3608 4497 στερέωμα

2034 4522 2094 4575 τὸ
2126 4522 2370 4576 κάτωθεν
2405 4523 2498 4574 καὶ
2525 4521 2707 4574 ὑλικὸν
2746 4521 2846 4572 οὐκ
2891 4521 2986 4574 ἀπ’
3022 4522 3217 4590 ἀρχῆς,
3256 4519 3392 4587 μετά
3419 4519 3477 4571 δὲ
3510 4519 3612 4585 τὴν

2036 4609 2174 4679 πρὸς
2202 4611 2293 4663 xcv
2341 4608 2611 4679 ἀνώτερον
2657 4609 2850 4663 ἕνωσιν
2897 4609 3129 4679 οὐρανὸς
3177 4609 3401 4681 ἐκλήθη,
3427 4607 3613 4678 ἐπειδὴ

2042 4702 2139 4759 καὶ
2168 4703 2229 4752 τὸ
2258 4702 2414 4768 ᾰγιον
2463 4700 2556 4753 τοῦ
2590 4699 2825 4769 Χριστοῦ
2872 4699 3033 4768 σῶμα
3067 4704 3130 4772 τῇ
3163 4700 3355 4753 θεὼσει
3408 4700 3502 4753 καὶ
3544 4701 3609 4768 τῇ

2044 4792 2234 4845 ὲνώσει
2277 4793 2495 4859 λέγεται
2543 4792 2705 4854 Θεὸς
2748 4792 2809 4845 οὐ
2857 4792 2966 4863 μὴν
3009 4794 3074 4864 τῇ
3122 4793 3295 4862 οἰκείᾳ
3354 4795 3533 4858 φύσει.
3588 4810 3607 4843 ι

2040 4885 2437 4954 Συμμαρτυρεῖ
2477 4884 2531 4935 δὲ
2568 4881 2725 4934 τοῦτο
2760 4886 2787 4936 ό
2836 4889 3137 4953 πάμμεγας
3185 4884 3414 4951 Παῦλος,
3450 4903 3615 4937 κατα-

2042 4977 2301 5043 πέτασμα
2333 4974 2507 5043 λέγων
2549 4976 2647 5046 τὴν
2677 4976 2841 5043 ἁγίαν
2863 4974 2958 5029 τοῦ
2986 4976 3228 5045 Χριστοῦ
3261 4976 3458 5045 σάρκα,
3490 4978 3612 5045 ἣτις

2044 5067 2291 5120 κάτωθεν
2335 5069 2433 5139 καὶ
2470 5069 2529 5134 ἐξ
2576 5068 2828 5136 αἱμάτων
2880 5069 3183 5140 συνεπάγη,
3216 5067 3361 5121 καθὰ
3408 5068 3472 5137 δὴ
3518 5072 3614 5119 καὶ

2044 5160 2176 5212 αὐτὸ
2214 5165 2274 5211 τὸ
2309 5152 2594 5228 στερέωμα
2624 5162 2687 5213 ἐκ
2722 5161 2829 5212 τῶν
2859 5162 3010 5214 κάτω
3039 5162 3279 5214 νοτίὸων.
3304 5162 3413 5214 Kz‘t
3440 5160 3613 5212 ταῦτα

2048 5250 2147 5320 μὲν
2178 5250 2363 5303 τοῦτον
2398 5250 2512 5322 ἔχει
2549 5252 2642 5305 τὸν
2676 5253 2895 5321 τρόπον.

365 5362 488 5400 cum
514 5352 755 5400 sanctam
784 5342 984 5398 Christi
1012 5358 1231 5398 carnem
1267 5342 1624 5396 velamentum
1671 5345 1927 5410 appellat,
1967 5356 2089 5410 qua!
2109 5356 2236 5393 eam
2298 5343 2527 5398 inferius
2579 5355 2854 5415 assumpta
2877 5356 2960 5401 est
2979 5348 3044 5401 de
3069 5349 3307 5419 Virginis
3329 5348 3612 5417 sanguine,

369 5435 831 5508 quemadmodum
869 5435 1270 5491 ﬁrmamentum
1321 5436 1521 5491 factum
1553 5445 1636 5490 est
1691 5451 1755 5491 cx
1824 5434 1978 5505 aquis
2000 5434 2228 5490 ’mleris.
2270 5434 2448 5492 llabes
2509 5436 2651 5506 quod
2708 5438 2805 5491 hac
2842 5439 2892 5492 in
2931 5452 3081 5507 parte
3136 5441 3230 5495 tibi
3269 5441 3614 5496 sentiendum

372 5544 477 5586 85L

446 5627 486 5657 ”
523 5625 539 5679 l
577 5625 701 5681 Cor.
740 5641 788 5687 κ,
832 5626 883 5677 6.
