4052 6200
1068 197 1089 202 γ-
1100 198 1137 205 σ-.

409 270 484 334 65

940 386 1182 441 ΗΜΕΡΔ
1235 386 1470 439 TPITH.

484 477 565 546 Τῇ
608 474 666 528 δὲ
726 474 887 546 τρίτῃ
949 475 1132 546 ἡμέρᾳ
1184 475 1253 529 τά
1305 475 1472 528 ὕδατα
1530 475 1711 529 πάντα
1762 476 1843 537 είς
1896 474 1996 536 τὰς

412 565 626 621 tantth
659 565 987 633 συναγωγὰς
1027 565 1378 636 συνήχθησαν
1426 567 1569 619 κατὰ
1619 565 1768 619 Θείαν
1802 566 1995 619 κέλευ-

413 674 524 721 σιν,
556 657 650 711 καὶ
673 655 847 720 οὕτως
880 656 1056 725 ἐφάνη
1078 659 1113 727 ἡ
1136 657 1299 727 ξηρά.
1329 657 1461 711 Τότε
1492 657 1555 727 δὴ
1586 657 1680 713 καὶ
1713 656 1996 727 παντοίοις

411 752 557 821 αὕτη
592 753 781 819 φυτοῖς
830 768 889 803 τε
922 720 1016 806 καὶ
1043 720 1292 822 δένδρεσι
1335 720 1661 823 παραδόξως
1688 720 1998 807 ὲκαλλωπίέ

412 843 561 909 ζετο.
594 844 684 913 Τῷ
730 846 840 914 γὰρ
879 843 1010 914 θείῳ
1054 845 1439 915 δυναμωθεϊσα
1497 845 1824 916 βουλήματι,
1855 845 1931 909 ὡς
1968 848 1997 899 6

413 938 638 1005 Νύσσης
667 936 861 1006 φησὶν,
898 936 1095 1007 ἀθρόον
1146 937 1463 1007 ἀπεκύησεν
1499 937 1740 1003 ἅπαντα,
1766 939 1828 992 ού
1870 938 1999 1007 χρά-

417 1046 510 1082 νου
546 1028 801 1098 δεηθεῖσα
856 1027 994 1098 πρὸς
1027 1029 1259 1099 αὔξησιν
1284 1030 1395 1082 τῶν
1444 1030 1506 1094 ἐξ
1545 1031 1717 1100 αὐτῆς
1749 1031 1997 1085 ἀναδιδο-

419 1124 617 1192 μένων,
676 1122 795 1175 ἀλλ“
840 1120 977 1190 ὁμοῦ
1027 1123 1140 1185 τοῖς
1172 1122 1364 1176 ἄνθεσι
1417 1124 1511 1177 καὶ
1571 1124 1700 1182 τοὺς
1750 1125 1994 1194 καρποὺς

416 1214 835 1285 ὲκὸλαστήσασα
886 1214 1069 1284 θέαμά
1132 1233 1187 1268 τι
1248 1215 1590 1285 τερψίθυμον
1638 1214 1725 1287 ἦν.
1779 1218 1843 1271 Ei
1890 1219 1997 1286 γὰρ

413 1304 579 1372 ἀηδές
605 1321 663 1356 τι
695 1306 935 1374 πρᾶγμα
964 1309 1059 1359 καὶ
1095 1306 1433 1378 παρεκτικὸν
1461 1308 1659 1378 ὀδύνης
1697 1310 1730 1379 ἡ
1760 1308 1994 1369 ἄκανθα,

415 1394 533 1446 ἀλλ’
571 1394 673 1446 ούκ
722 1395 780 1458 ἐξ
824 1395 1003 1465 ἀρχῆς
1037 1396 1277 1468 αύτῆς·ἡ
1326 1398 1401 1466 γῆ
1442 1398 1540 1450 καί
1566 1398 1771 1465 ταύτην
1799 1398 1998 1451 ἀνέδω-

412 1503 531 1550 κεν,
577 1486 707 1539 ἀλλ”
746 1487 914 1556 ἡνίκα
969 1489 1108 1556 μετὰ
1169 1488 1271 1559 τὴν
1322 1490 1639 1560 παράϐασιν
1689 1490 1923 1559 ἤκουσεν
1968 1491 1996 1542 6

425 1578 599 1647 ’Δδὲμ
651 1597 670 1630 ι
706 1578 1135 1650 Ἐπικατάρατος
1182 1583 1216 1652 η
1274 1583 1345 1650 γῆ
1404 1583 1461 1635 ἐν
1506 1584 1617 1646 τοῖς
1666 1584 1850 1652 ἔργοις
1901 1600 1996 1635 σου

412 1669 658 1733 ἀκάνθας
693 1672 790 1723 κα)⁸
823 1671 1108 1742 τριϐόλους
1138 1674 1395 1727 ἀνατελεῖ
1427 1690 1531 1729 σοι.
1573 1693 1593 1726 ι
1625 1675 1741 1727 ἰνα
1770 1675 1880 1744 γὰρ
1916 1672 1995 1742 τῷ

1688 266 1783 328 AN
1797 263 2097 328 NALIUM
2141 265 2336 326 PARS
2383 266 2430 324 I‘.

2022 390 2068 443 Α

3594 264 3664 323 έϐ

2647 380 2801 434 DIES
2842 378 3121 434 Teum.
3168 366 3175 369 “

2177 477 2273 530 Die
2314 476 2474 530 tertia
2506 484 2711 529 coactas
2759 483 2890 528 sunt
2921 489 3074 542 aqua:
3108 486 3300 526 omnes
3354 473 3398 525 vi
3443 474 3681 529 mandati

2102 566 2275 623 divini
2305 582 2437 620 suas
2489 563 2557 618 ad
2614 563 2992 625 collectiones,
3033 578 3210 630 eoque
3265 562 3427 615 modo
3477 563 3681 616 siceum

2101 660 2388 728 apparuit;
2425 655 2571 727 quod
2626 655 2846 724 quidem
2903 670 3027 708 mox
3072 655 3470 709 admirabiliter
3502 655 3683 708 omnis

2099 752 2320 823 generis
2355 750 2555 819 plantis
2600 758 2654 803 ct
2706 747 2999 803 arboribus
3033 746 3424 801 cxoruabatur.
3468 747 3681 815 Quippe

2101 854 2244 898 terra
2277 841 2477 895 divina:
2506 840 2804 893 voluntatis
2827 838 3067 893 ellicaria
3090 837 3467 900 corroborata,
3486 853 3683 906 quem-
3749 864 3771 883 ι

2099 932 2395 987 admodum
2450 930 2739 1001 Nysseusis
2801 929 3031 983 antistes
3067 928 3311 998 scripsit,
3348 929 3464 984 haec
3495 931 3678 983 omnia

2099 1024 2285 1080 subito
2328 1028 2484 1094 quasi
2533 1022 2765 1092 peperit,
2808 1038 2916 1076 non
2974 1025 3236 1091 temporis
3291 1038 3458 1093 egens
3505 1022 3680 1078 inter-

2099 1117 2244 1170 vallo
2273 1116 2340 1170 ad
2397 1116 2799 1169 incrementum
2850 1130 3043 1167 eorum
3084 1131 3205 1184 quae
3240 1115 3306 1169 de
3340 1117 3453 1185 ipsa
3496 1116 3677 1171 exori-

2102 1218 2297 1263 rentur
2333 1227 2346 1262 :
2388 1207 2484 1263 sed
2524 1224 2627 1262 una
2658 1223 2781 1262 cum
2832 1208 3062 1261 lloribus
3100 1208 3265 1262 etiam
3305 1208 3515 1263 [ructus
3550 1226 3678 1278 pro-

2099 1299 2306 1363 ferens,
2330 1298 2635 1368 jucundum
2658 1298 3330 1368 quoddamspcctaCuluin
3370 1300 3670 1368 praebebat.

2099 1391 2303 1456 Quodsi
2339 1391 2465 1459 quis
2514 1389 2662 1445 dicat
2717 1393 2932 1462 spinam
2974 1408 3095 1445 esse
3142 1408 3255 1446 rem
3294 1392 3519 1446 minime
3556 1395 3678 1462 pulo

2099 1483 2285 1537 chram
2317 1491 2480 1551 atque
2514 1482 2679 1536 etiam
2714 1482 3026 1544 molestam.
3083 1483 3128 1538 is
3170 1485 3308 1538 sciat
3339 1499 3457 1538 eam
3490 1500 3676 1540 rerum

2100 1576 2257 1630 initio
2308 1591 2339 1630 e
2369 1587 2513 1631 terra
2565 1592 2673 1629 non
2731 1576 3071 1644 provenisse,
3118 1575 3212 1629 sed
3253 1588 3378 1645 post
3434 1576 3677 1630 mandati
3748 1638 3759 1644 _

2100 1670 2340 1739 primum
2391 1669 2559 1723 divini
2622 1668 3012 1734 violationem,
3072 1684 3198 1723 cum
3260 1670 3375 1724 haec
3435 1669 3678 1724 Adamus

410 1762 634 1831 τερπνῷ
669 1762 770 1833 τὴν
813 1763 990 1833 λύπην
1013 1767 1425 1836 παρακειμένην
1455 1765 1694 1835 ἔχωμεν,
1739 1768 1850 1819 κάκ
1870 1764 1993 1818 τού-

2101 1760 2352 1819 audiret:
2382 1762 2692 1818 «Infelicem
2720 1762 2798 1816 tui
2822 1762 3038 1817 labores
3067 1770 3267 1818 terram
3299 1764 3676 1833 experiantur,

410 1870 510 1906 του
531 1853 630 1924 τὴν
664 1856 951 1925 ἁμαρτίαν
981 1857 1451 1927 μνημονεύωμεν,
1482 1858 1556 1922 ὠς
1581 1861 1609 1911 6
1652 1858 1825 1928 μέγας
1860 1857 1997 1927 φησὶ

414 1945 721 2011 Βασίλειος,
753 1947 844 2001 διά
872 1948 1031 2001 τοῦτο
1074 1949 1368 2019 προσεφύη
1411 1949 1491 2020 τῷ
1529 1952 1669 2021 ῥόδῳ
1699 1953 1732 2022 ἡ
1761 1950 1996 2006 ἄκανθα.

415 2036 658 2106 Πρόσεχε
676 2037 806 2092 ⁴οὗν.
844 2039 909 2092 Ei.
939 2040 1014 2109 μὴ
1046 2039 1156 2112 γάρ
1188 2040 1421 2110 ἦκουσεν
1453 2041 1483 2093 6
1523 2041 1696 2109 ’Λδάμ
1728 2060 1746 2094 ι
1770 2042 1999 2096 Ἐπικα-

414 2127 652 2195 τάρατος
701 2130 734 2199 ἡ
786 2128 859 2197 γῆ
905 2130 963 2181 ἐν
994 2131 1104 2195 τοῖς
1151 2130 1337 2200 ἔργοις
1376 2148 1495 2195 σου,
1533 2151 1552 2183 ι
1594 2132 1734 2202 τάχα
1765 2131 1831 2185 ἂν
1866 2132 1998 2201 ήγῆ

416 2219 515 2271 καὶ
553 2216 708 2281 αὖθις
753 2220 898 2289 φυτά
932 2222 1163 2292 παρεῖχέ
1213 2239 1296 2275 σοι
1334 2222 1593 2292 ἔγκαρπα
1644 2222 1719 2292 μὴ
1765 2222 1997 2292 δεόμενα

415 2308 611 2377 χρόνου
638 2309 774 2380 πρὸς
805 2310 1056 2382 αὔξησιν.
1090 2313 1224 2367 Τότε
1257 2314 1357 2383 μὲν
1381 2314 1513 2384 γὰρ,
1553 2313 1662 2385 πρὸ
1689 2315 1791 2384 τῆς
1822 2332 2000 2384 παρα-

416 2399 632 2464 ϐάσεως
682 2401 948 2473 δηλονότι,
989 2403 1065 2467 ὡς
1098 2406 1128 2459 6
1176 2407 1359 2475 μέγας
1410 2405 1543 2475 φησὶ
1595 2388 1898 2471 Βασίλειος,
1939 2409 1998 2459 ὲν

417 2494 687 2565 ἀκαριαίᾳ
728 2495 926 2565 χρόνου
959 2499 1102 2568 ῥοπῇ
1154 2497 1264 2551 ἀπὸ
1306 2501 1410 2570 τῆς
1451 2497 1799 2568 βλαστήσεως
1829 2499 2000 2569 ἀρξα-

420 2580 561 2650 μένη
585 2584 621 2652 η
647 2583 742 2651 γῆ,
767 2583 853 2636 ἴνα
890 2586 1102 2657 φυλάξῃ
1131 2588 1257 2650 τοὺς
1293 2588 1495 2657 νόμους
1542 2587 1639 2642 τοῦ
1682 2589 1995 2650 κτίσαντος.

416 2675 602 2727 πᾶσαν
641 2675 787 2729 ίδέαν
823 2676 1107 2747 αὐξήσεως
1145 2677 1517 2744 διεξελθοῦσα,
1555 2679 1719 2741 εὐθὺς
1764 2679 1902 2749 πρὸς
1938 2681 1999 2733 τὸ

418 2763 631 2819 τέλειον
675 2767 854 2836 ἠγαγε
896 2768 966 2821 τὰ
1021 2767 1403 2837 βλαστήματα.
1441 2770 1555 2824 Καὶ
1586 2769 1855 2840 λειμῶνες
1900 2771 1999 2839 μὲν

417 2857 532 2925 γάρ
576 2853 717 2929 ἦσαν
759 2857 946 2928 βαθεῖς
1001 2862 1069 2930 τῇ
1123 2859 1360 2932 ἀφθονίᾳ
1403 2862 1496 2916 τοῦ
1536 2862 1758 2934 χόρτου,
1789 2863 1900 2917 τῶν
1941 2864 2000 2916 δὲ

418 2949 619 3001 πεδίων
676 2952 745 3005 ea
788 2949 1044 3023 εὖκαρπα
1092 2953 1350 3027 βρίθοντα
1409 2955 1525 3017 τοῖς
1580 2956 1757 3025 ληϊοις
1813 2956 2001 3011 είκόνα

2096 1862 2283 1907 sentes
2312 1861 2476 1922 atque
2508 1852 2743 1907 carduos
2780 1853 2878 1907 tibi
2933 1863 3190 1921 procreet
3227 1853 3293 1909 ”.
3328 1872 3347 1905 ι
3396 1852 3672 1906 Nimirum

2100 1955 2161 1999 ut
2190 1944 2462 2013 voluptati
2492 1942 2740 2000 dolorem
2778 1944 3101 2019 adjunctuin
3137 1944 3468 2008 habeamus,
3501 1961 3677 2014 eaque

2096 2052 2157 2092 re
2183 2036 2395 2106 peccati
2456 2035 2629 2089 nostri
2675 2034 2839 2089 nobis
2894 2035 3091 2090 subeat
3150 2037 3484 2103 recordatio,
3534 2039 3678 2094 sicut

2096 2129 2329 2185 Basilius
2347 2128 2447 2193 ait,
2477 2126 2681 2182 idcirco
2702 2126 2873 2196 spina:
2906 2126 3046 2181 rosis
3075 2127 3273 2182 addita:
3311 2136 3460 2183 sunt.
3486 2130 3678 2199 Itaque

2097 2220 2257 2275 velim
2276 2218 2406 2273 mihi
2420 2218 2845 2284 animadvertas,
2863 2217 3009 2287 quod
3027 2219 3132 2273 nisi
3149 2220 3391 2275 Adamus
3405 2220 3675 2284 audisset.

2104 2328 2123 2360 ε
2160 2307 2440 2364 Infelicem
2488 2307 2565 2361 tui
2595 2308 2813 2363 labores
2837 2316 3040 2362 terram
3084 2311 3464 2379 experiantur,
3501 2329 3521 2362 ι
3559 2311 3680 2367 for-

2098 2410 2244 2455 tasse
2301 2399 2566 2470 deinceps
2625 2413 2847 2469 quoque
2903 2398 3199 2468 frugiferas
3248 2399 3677 2472 nobis-plantas

2101 2494 2476 2566 produxisset,
2510 2492 2581 2547 ad
2645 2494 3052 2548 incrementum
3098 2492 3185 2547 sui
3234 2493 3387 2548 nullo
3417 2493 3681 2564 temporis

2098 2587 2280 2657 spatio
2316 2585 2651 2655 indigentes.
2691 2584 2826 2639 Nam
2857 2594 2986 2639 ante
3018 2583 3255 2655 lapsum,
3294 2595 3354 2639 ut
3392 2584 3539 2640 idem
3575 2586 3682 2639 Ba.

2100 2678 2262 2735 silius
2316 2677 2519 2747 inquit,
2570 2684 2852 2731 momento
2893 2677 3156 2747 temporis
3223 2678 3681 2747 agerminatione

2103 2768 2286 2832 tellus,
2336 2775 2397 2820 ut
2450 2764 2665 2836 legibus
2725 2765 2944 2836 opiﬁcis
2993 2775 3232 2835 pareret,
3274 2766 3468 2836 quavis
3514 2781 3682 2836 θυεε-

2100 2858 2291 2915 scendi
2347 2856 2531 2927 Specie
2602 2857 2895 2922 absoluta,
2957 2872 3084 2911 mox
3144 2857 3359 2912 fructus
3429 2868 3681 2911 maturos

2100 2950 2435 3021 proferebat.
2488 2949 2679 3018 Itaque
2709 2958 2866 3018 prata
2910 2949 3135 3018 copioso
3172 2950 3392 3019 altoque
3429 2934 3677 3019 gramine

420 3039 696 3107 πελάγους
726 3044 1086 3113 κυμαίνοντος
1115 3048 1175 3101 ὲν
1194 3049 1261 3118 τῇ
1303 3047 1520 3117 κινήσει
1558 3048 1667 3101 τῶν
1706 3047 1999 3117 ἀσταχύων

2103 3041 2480 3107 abundabant,
2514 3048 2572 3096 et
2613 3040 2793 3111 campi
2844 3039 3092 3110 frugiferi
3140 3041 3418 3111 segetibus
3466 3042 3680 3096 onerati

418 3128 697 3193 ἀπέσωζε.
750 3134 862 3186 Καὶ
915 3135 1093 3189 ταῦτα
1159 3138 1278 3207 μὲν,
1329 3139 1495 3209 ἡνίκα
1551 3137 1737 3206 ἔλεγεν
1793 3139 1820 3190 6
1866 3138 1999 3201 Θεὸς

425 3235 446 3269 ε
484 3218 852 3289 Βλαστησάτω
880 3224 916 3293 ἠ
945 3226 1016 3295 γῆ
1055 3226 1288 3297 βοτάνην
1319 3228 1516 3298 χόρτου
1544 3244 1557 3259 ·
1611 3248 1632 3283 ι
1670 3231 1908 3299 ὁπηνίκα
1945 3230 2002 3284 δὲ

422 3312 742 3379 προσετίθει
793 3334 812 3368 ι
874 3317 985 3371 Καὶ
1035 3318 1192 3385 ξύλον
1224 3319 1507 3390 κάρπιμον
1545 3321 1735 3375 ποιοῦν
1765 3323 1999 3393 καρπὸν,

418 3396 495 3458 οὗ.
520 3404 583 3458 τὺ
621 3407 846 3479 σπέρμα
875 3410 1043 3463 αὐτοῦ
1073 3414 1131 3466 ὲν
1164 3412 1341 3483 αὐτῷ,
1369 3414 1514 3468 κατά
1549 3415 1708 3483 γένος
1745 3418 1838 3470 καὶ
1879 3415 2002 3469 καθ’

419 3497 740 3568 ὁμοιότητα,
770 3501 863 3553 ἐπὶ
888 3503 989 3573 τῆς
1026 3504 1149 3574 γῆς,
1183 3525 1202 3557 ι
1247 3507 1371 3560 τότε
1412 3506 1499 3576 δὴ,
1538 3507 1662 3560 τότε
1700 3508 1871 3561 πᾶσαι
1904 3509 2005 3576 μὲν

423 3588 625 3659 λόχμαι
656 3594 1124 3661 κατεπυκνοῦντο,
1155 3599 1335 3652 πάντα
1384 3599 1441 3651 δὲ
1486 3600 1749 3669 ἀνέτρεχε
1786 3599 2001 3671 δένδρα,

422 3680 616 3736 ἐλάται
662 3685 757 3737 καὶ
810 3685 1016 3755 κέδροι,
1052 3686 1254 3741 πεῦκαι
1288 3706 1347 3742 τε
1388 3689 1485 3742 καὶ
1529 3690 1881 3759 κυπάρισσοι,
1907 3690 2004 3742 καὶ

422 3773 526 3825 ὅσα
580 3777 827 3839 τοιαῦτα,
882 3778 944 3829 a't'
989 3795 1049 3829 τε
1112 3779 1371 3846 ροδωνιαὶ
1427 3780 1525 3832 καὶ
1593 3781 1854 3848 μυρσίναι
1907 3779 2004 3831 καὶ

422 3863 643 3931 δάφναι,
679 3870 859 3923 πάντα
906 3872 967 3923 ἐν
1003 3875 1104 3943 μιᾷ
1137 3872 1334 3940 καιροῦ
1368 3874 1534 3943 ῥοπῇ,
1576 3873 1677 3925 ούκ
1704 3874 1836 3925 ὅντα
1867 3872 2000 3943 πρό-

424 3972 609 4025 τερον,
646 3960 727 4023 είς
759 3960 820 4012 τὸ
851 3957 993 4015 εἶναι
1025 3966 1288 4035 παρήχθη
1318 3963 1459 4035 μετά
1490 3965 1589 4035 τῆς
1618 3965 1829 4029 οίκείας
1869 3966 2003 4019 ὲκάο

428 4066 559 4103 στου
596 4052 878 4121 ἰδιότητος.

499 4141 590 4212 Μὴ
639 4143 887 4214 θαύμαζε
944 4146 1000 4200 δὲ
1056 4149 1217 4218 είπερ
1266 4130 1327 4203 αἱ
1390 4150 1614 4219 βοτάναι
1675 4151 1848 4207 πᾶσαι
1899 4152 2002 4206 οὐκ

2106 3141 2272 3196 motis
2308 3155 2497 3196 earum
2550 3139 2748 3196 culmis
2784 3138 3079 3210 imaginem
3128 3134 3450 3195 ﬂuctuantis
3502 3142 3680 3210 pelagi

2103 3233 2441 3290 referebant.
2480 3233 2544 3288 Et
2572 3233 2689 3287 hac
2719 3231 2945 3302 quidem
2981 3242 3101 3285 orta
3132 3240 3282 3298 sunt,
3312 3248 3436 3287 cum
3469 3233 3684 3288 diceret

2104 3326 2249 3381 Deus
2273 3345 2288 3381 :
2326 3344 2344 3379 ι
2374 3325 2514 3380 Edat
2537 3325 2740 3378 humus
2762 3324 3075 3395 gramineas
3104 3323 3303 3379 herbas
3330 3325 3393 3378 ¹⁶.
3422 3344 3440 3376 ι
3482 3323 3681 3378 Verum

2104 3424 2458 3486 posteaquam
2520 3414 2724 3485 adjecit
2777 3430 2793 3469 :
2854 3434 2871 3466 ι
2919 3414 2984 3468 Et
3053 3415 3281 3469 arbores
3345 3414 3683 3478 fructiferas.

2104 3523 2225 3576 quae
2262 3522 2364 3562 suo
2412 3522 2646 3578 quaeque
2686 3507 2741 3560 in
2776 3521 2980 3577 genere
3014 3522 3202 3560 semen
3234 3522 3394 3561 suum
3428 3510 3479 3561 in
3518 3508 3682 3563 terris

2105 3598 2367 3663 habeant,
2407 3618 2425 3651 ι
2467 3608 2581 3653 tum
2617 3614 2749 3654 vero
2798 3599 2909 3655 luci
2967 3599 3345 3654 deusabantur
3395 3601 3683 3672 etquazvis

2103 3692 2333 3747 arbores
2397 3692 2744 3758 oriebantur,
2815 3694 3047 3760 abietes,
3102 3694 3285 3755 cedri.‘
3341 3695 3526 3765 pinus,
3582 3711 3682 3750 cu-

2106 3783 2304 3852 pressi,
2345 3796 2578 3840 creterae.
2642 3786 2913 3840 Praeterea
2961 3802 3210 3841 rosarum
3270 3799 3685 3858 myrtorumque

2104 3875 2354 3939 frutices,
2418 3891 2481 3930 ac
2531 3876 2671 3930 lauri
2730 3892 2840 3929 uno
2895 3876 3160 3945 temporis
3225 3889 3505 3930 momento
3559 3894 3677 3945 pri»

2105 3965 2285 4023 ductae
2337 3978 2487 4033 sunt,
2550 3967 2666 4021 suis
2723 3966 2983 4036 quaelibet
3036 3981 3161 4021 cum
3222 3965 3681 4034 pmprietatibus,

2105 4073 2229 4114 cum
2266 4068 2427 4113 antea
2464 4072 2572 4113 non
2603 4058 2957 4113 exsisterent.

2174 4150 2287 4206 Nec
2326 4150 2527 4204 mirum
2557 4149 2657 4205 tibi
2692 4149 2865 4205 videri
2894 4149 3061 4207 debet
3095 4166 3217 4206 non
3248 4165 3441 4207 omnes
3482 4150 3684 4208 herbas

422 4232 693 4304 ἐδώδιμοι.
744 4236 826 4289 Τά
868 4237 977 4308 γάρ
1028 4240 1105 4310 μὴ
1140 4244 1553 4317 χρησιμεύοντα
1602 4243 1682 4315 τῷ
1727 4244 1999 4317 ἀνθρώπῳ

2104 4243 2418 4299 esculentas
2451 4257 2595 4298 esse.
2623 4241 2758 4298 Nam
2781 4243 2826 4298 si
2851 4257 2975 4313 qua;
3025 4244 3235 4299 homini
3277 4246 3514 4301 maxime
3570 4260 3681 4299 non

421 4327 674 4398 χρήσιμά
701 4329 820 4381 ἐστι
845 4332 958 4395 τοῖς
983 4331 1054 4383 δι’
1091 4332 1255 4385 αὑτὸν
1295 4316 1689 4407 γεγενημένοις
1720 4335 1908 4400 ζῴοις,
1937 4316 1999 4390 Et

2107 4341 2239 4389 sunt
2273 4332 2421 4399 usui,
2466 4333 2831 4388 nihilominus
2877 4332 3001 4388 aliis
3053 4333 3425 4391 animantibus
3467 4333 3682 4389 condu-

418 4415 482 4469 δὲ
536 4418 631 4469 καὶ
689 4418 998 4490 δηλητήρια
1047 4422 1334 4491 πρόσεισιν
1395 4425 1610 4491 αὑταῖς,
1661 4427 1786 4481 οὐδὲ
1843 4427 1999 4482 τοῦτο

2105 4432 2261 4489 cunt,
2295 4439 2418 4494 qua:
2453 4433 2680 4494 pr0pter
2707 4424 2989 4480 hominem
3022 4425 3246 4481 condita
3276 4435 3427 4481 sunt.
3472 4426 3575 4494 12
3605 4425 3684 4479 Ne

420 4507 730 4574 ξενίζεσθαι
775 4512 906 4581 χρή.
941 4512 1209 4578 Πολλάκις
1262 4515 1373 4586 γάρ
1428 4517 1525 4571 καί⁵
1575 4517 1752 4571 ταῦτα
1808 4518 1999 4574 παθῶν

2110 4514 2163 4569 id
2214 4515 2438 4584 quidem
2500 4529 2706 4570 novum
2760 4515 3128 4580 existimabis,
3178 4498 3300 4573 esse
3358 4517 3575 4571 illarum
3628 4516 3682 4569 in

422 4602 648 4672 ίατήρια
684 4602 960 4669 γίνονταιο
992 4607 1376 4676 κεραννύμενα
1430 4608 1540 4680 γάρ
1583 4611 1804 4681 ἑτέραις
1844 4610 1999 4679 βοτά-

2107 4620 2339 4660 numero
2386 4606 2651 4676 quasdam
2697 4615 3020 4662 venenatas.
3070 4607 3285 4662 Etenim
3319 4608 3409 4664 illa
3461 4623 3683 4678 quoque

420 4709 545 4756 ναις
565 4692 865 4758 ἀλεξίκακα
890 4695 1103 4765 γίνεται
1132 4697 1229 4752 καὶ
1252 4698 1444 4767 ὑγείας
1474 4703 1808 4771 παρεκτικά.
1837 4701 1996 4756 Οὕτω

2104 4713 2488 4768 saepenumero
2537 4698 2709 4754 certis
2750 4698 2959 4753 morbis
3000 4698 3331 4765 medentur;
3389 4715 3512 4753 nam
3561 4700 3685 4755 aliis

423 4784 526 4852 μὲν
555 4778 649 4839 οὖν
684 4786 781 4839 καὶ
815 4789 844 4840 6
878 4790 1054 4857 μέγας
1086 4790 1372 4855 Βασίλειός
1421 4808 1588 4861 φησιν
1632 4793 1716 4846 ὅτι
1753 4792 1863 4846 τῶν
1905 4793 1999 4863 δη-

421 4874 877 4947 λητηρίωνούδὲν
914 4880 1102 4951 ἀργῶς
1129 4882 1253 4934 οὐδὲ
1282 4884 1579 4953 ἀχρήστως
1617 4886 1998 4955 γεγενημένον

423 4964 599 5032 ιστὶν,
652 4968 715 5020 ei.
760 4970 854 5023 καὶ
913 4973 1051 5036 τοὺς.
1101 4972 1438 5044 ἀχαρίστους
1493 4977 1641 5045 ἡμᾶς
1703 4978 1845 5032 κατά
1907 4977 2001 5032 τοῦ

426 5056 791 5125 πεποιηκότος
848 5062 1279 5131 παρασκευάζειν
1320 5067 1561 5134 φρονεῖν.
1602 5066 1684 5120 Ta
1748 5067 1850 5135 μὲν
1893 5069 2003 5139 γάρ

425 5147 608 5200 αὐτῶν
651 5150 684 5219 ἢ
729 5153 939 5225 τροφὴν
982 5156 1214 5226 παρέχει
1260 5157 1370 5210 τινὶ
1412 5157 1523 5210 τῶν
1561 5158 1795 5229 ἀλόγων,
1836 5161 1869 5231 ἢ
1906 5163 2003 5217 καὶ

427 5237 564 5306 ἡμῖν
587 5237 769 5304 αὐτοῖς
795 5243 949 5313 παρά
986 5245 1082 5313 τῆς
1113 5245 1367 5312 ίατρικῆς
1398 5246 1595 5317 τέχνης
1624 5249 1703 5311 είς
1738 5234 2001 5319 παραμυξ

428 5327 552 5380 θίαν
600 5330 761 5385 τινῶν
808 5334 1261 5405 ἀρρωστημάτων
1313 5335 1624 5407 ἐξεύρηται.
1658 5338 1732 5391 Τὸ
1761 5340 1859 5408 μὲν
1894 5340 2001 5411 γάρ

426 5418 658 5474 κώνειον
700 5425 750 5476 οἱ
796 5423 967 5495 ψᾶρες
1009 5426 1320 5495 βόσκονται,
1361 5427 1452 5480 διὰ
1508 5429 1607 5499 τὴν
1655 5431 2003 5502 κατασκευὴν

421 5508 522 5562 τοῦ
570 5514 819 5581 σώματος
868 5517 965 5588 τὴν
1005 5518 1070 5569 ὲκ
1116 5516 1211 5570 τοῦ
1260 5517 1592 5589 δηλητηρίου
1636 5519 1843 5591 βλάόην
1870 5522 2003 5575 ἀπο-

400 5670 407 5677 ’
503 5686 545 5715 ’³
576 5683 711 5739 Gen.
742 5686 937 5755 "1,17.
1019 5688 1061 5720 ⁸³
1089 5687 1228 5744 Gen.
1268 5686 1423 5756 1,“.

2098 4806 2225 4846 cum
2262 4791 2450 4847 herbis
2502 4793 2679 4848 mistze
2728 4792 3098 4848 valetudinem
3148 4804 3390 4849 nostram
3435 4804 3661 4850 tuentur

2100 4884 2159 4938 In
2189 4884 2332 4939 hanc
2362 4884 2693 4939 sententiam
2718 4885 2965 4940 Basilius
2994 4886 3191 4941 scribit
3213 4888 3423 4942 nullam
3455 4890 3683 4944 herbam

2100 4978 2424 5030 venenatam
2458 4977 2578 5031 sine
2610 4975 2792 5031 fructu
2830 4975 3069 5045 quodam
3120 4992 3242 5031 esse
3282 4978 3507 5044 factam,
3562 4991 3685 5033 mut.

2103 5081 2206 5120 nos
2247 5065 2461 5136 ingrati»
2488 5082 2583 5123 eas
2620 5066 2908 5123 intuentes
2967 5069 3134 5138 impie
3172 5069 3241 5123 de
3274 5085 3456 5124 rerum
3489 5070 3685 5139 opiﬁcc

2101 5158 2430 5214 sentiamus.
2485 5158 2687 5213 Partim
2749 5173 2987 5229 namque
3036 5161 3217 5216 brutis
3274 5161 3553 5231 aliquibus
3581 5161 3684 5215 ali-

2104 5258 2349 5305 mentum
2408 5249 2675 5320 przebent,
2733 5250 2932 5320 partim
2979 5252 3142 5307 nobis
3186 5253 3320 5323 ipsis
3358 5270 3456 5324 per
3510 5263 3682 5308 artem

2103 5340 2373 5396 medicam
2438 5340 2506 5395 ad
2566 5349 2842 5396 certorum
2918 5344 3235 5399 morborum
3303 5345 3683 5415 depulsionem

2102 5441 2266 5502 atque
2295 5433 2600 5488 remedium
2641 5435 2909 5489 serviunt.
2968 5437 3187 5491 Etenim
3236 5436 3415 5492 cicuta
3459 5445 3682 5505 propter

2104 5523 2440 5593 peculiarem
2466 5524 2761 5595 quamdam
2813 5528 2901 5583 sui
2941 5526 3192 5599 corporis
3233 5527 3683 5584 constitutionem
