4052 6200
960 188 985 219 \

440 217 507 279 47
960 192 985 219 ‘
1688 210 2004 277 ,MlCllAE

2105 213 2138 271 s
2171 211 2428 279 cum
3605 192 3677 253 48

440 326 618 384 sturni
661 334 979 388 vescuntur,
1012 339 1138 387 nec
1168 322 1481 393 quidquam
1536 323 1601 374 ab
1653 320 1773 389 ejus
1827 323 2004 377 herba:

2111 324 2496 392 διδράσκοντες
2521 336 2534 353 ο
2586 317 2819 379 λεπτοὺς
2856 314 2964 384 γὰρ
3000 313 3211 382 ἔχοντες
3247 310 3369 369 τοὺς
3404 304 3534 374 περὶ⁸
3576 299 3672 355 τιν

442 431 653 472 veneno
682 417 983 470 laeduntur:
1018 415 1218 482 quippe
1242 428 1364 467 cum
1412 420 1622 464 meatus
1656 411 1807 465 cordi
1838 411 2004 464 vir-ini

2106 415 2330 485 καρδίαν
2370 414 2597 484 πόρους,
2636 411 2932 481 φθάνουσιν
2982 395 3218 472 ἐκπέψαι
3262 401 3322 453 τὸ
3366 396 3671 452 καταποθὲν

439 523 703 577 perquam
737 508 788 561 in
816 508 898 561 eis
921 506 1023 559 arti
1055 505 1183 567 sint,
1227 503 1390 557 citius
1428 502 1675 555 haustam
1715 517 1833 555 eam
1870 516 2004 554 con-

440 611 686 669 coquunt
730 614 891 668 quam
954 597 1072 665 ejus
1126 594 1395 663 frigiditas
1445 594 1741 659 caateroqui
1790 592 2008 645 lethalis

438 705 639 745 nocere
673 690 859 756 possit.
896 687 1084 740 ltidem
1124 685 1401 739 elleborus
1446 685 1789 738 coturnicum
1852 684 2008 737 cibus

439 792 555 844 est,
599 782 735 835 nihil
782 795 845 833 ex
898 795 963 832 eo
1017 779 1330 833 detrimenti
1391 777 1725 844 capientium
1784 787 2005 845 prOpter

438 872 715 941 peculiare
753 870 886 939 ipsis
916 877 1409 937 temperamentum
1435 867 1531 935 (4).
1563 866 1841 921 Interdum
1877 883 2007 920 usu-

437 960 592 1015 venit
616 969 671 1013 ut
696 961 898 1013 eaedem
924 960 1109 1012 herba:
1128 957 1287 1011 nobis
1310 971 1528 1024 quoque
1554 957 1663 1010 sint
1697 957 1851 1021 usui;
1884 972 2002 1009 nam

408 1043 536 1121 'per
571 1053 983 1120 mandragoram
1021 1064 1272 1104 somnum
1328 1048 1525 1103 medici
1566 1048 1881 1109 conciliant,
1912 1064 2007 1117 per

436 1159 659 1199 succum
695 1160 725 1197 e
770 1141 1059 1211 papaveris
1100 1157 1261 1210 scapo
1303 1141 1477 1194 inciso
1531 1155 1853 1209 expressum
1902 1140 2006 1194 do-

436 1235 585 1289 lores
623 1249 778 1289 acres
824 1234 1286 1302 vehementesque
1338 1232 1583 1301 sopiunt.
1638 1230 1826 1285 Cicuta
1874 1247 2008 1285 non-

437 1324 620 1379 nullos
648 1325 871 1378 insanas
899 1325 1064 1378 etiam
1101 1323 1464 1393 appetitiones
1501 1322 1827 1376 exstinxisse
1848 1336 2007 1376 acce-

436 1418 639 1487 pimus,
658 1426 712 1471 et
726 1417 966 1471 elleboro
981 1419 1178 1471 multos
1194 1417 1480 1469 diuturnos
1500 1414 1721 1469 morbos
1736 1415 2005 1483 abegisse.

2106 509 2237 578 πρὶν
2267 508 2362 578 τὴν
2399 508 2494 561 ἀπ’
2526 504 2687 559 αὐτοῦ
2718 505 2876 574 ψύξιν
2898 501 3006 555 τῶν
3037 498 3269 566 καιρίων
3297 490 3670 559 καθάψασθαι.

2120 598 2433 668 Ἐλλέδορος
2483 599 2538 650 δὲ
2576 598 2823 667 ὀρτύγων
2875 594 2990 647 ἐστὶ
3041 591 3241 663 τροφὴ,
3285 586 3508 654 ἰδιότητι
3543 580 3675 650 κρατὶ

2110 708 2247 754 σεως
2281 691 2380 760 τὴν
2422 690 2627 759 βλάϐην
2658 687 3103 755 ἀποφευγόντων.
3134 680 3290 733 Ἔστι
3323 678 3377 730 δὲ
3408 676 3499 727 καὶ
3537 675 3673 728 αύτᾶ

2112 781 2285 834 ταῦτα
2322 781 2379 832 ὲν
2410 779 2586 848 καιρῷ
2640 777 2769 830 ποτὲ
2801 775 3057 857 καὶνήμῖν
3112 771 3394 853 χρῆσιμαο
3446 765 3532 818 διὰ
3581 762 3676 832 μὲν

2108 871 2216 939 γὰρ
2255 870 2349 922 τοῦ
2383 868 2757 939 μανδραγόρου
2790 865 2959 917 ὕπνον
2994 856 3041 915 σι
3081 860 3255 929 ίατροὶ
3287 856 3674 910 καταπάτσου-

2112 976 2213 1023 σιν,
2246 959 2384 1027 ὀπίῳ
2416 957 2472 1009 δὲ
2522 957 2618 1019 τὰς
2664 953 2898 1022 σφοδρὰς
2945 949 3139 1012 ὀδύνας
3171 943 3671 1013 κατακοιμίζουσιν.

2111 1052 2253 1121 Ἤδη
2310 1052 2365 1104 δέ
2417 1068 2559 1114 τινες
2614 1050 2690 1119 τῷ
2738 1048 2946 1117 κωνείῳ
2998 1045 3095 1098 καὶ
3150 1043 3212 1096 τὸ
3256 1041 3525 1100 λυσσῶδες
3572 1039 3678 1090 τῶν

2104 1143 2338 1214 ὀρέξεων
2366 1143 2776 1211 κατεμάραναν,
2812 1144 2905 1193 καὶ
2940 1138 3017 1207 τῷ
3063 1135 3335 1203 ἐλλεϐόρῳ
3368 1133 3539 1186 πολλὰ
3568 1131 3677 1182 τῶν

2106 1237 2335 1306 χρονίων
2371 1237 2560 1291 παθῶν
2585 1235 3002 1305 ὲξεμόχλευσαν,
3032 1230 3171 1283 ὥστε
3202 1228 3231 1281 ὃ
3258 1227 3508 1295 ἐνόμιζες
3531 1227 3676 1293 ἔχειν

2105 1329 2246 1381 κατὰ
2285 1329 2378 1382 τοῦ
2408 1331 2695 1389 κτίσαντος
2727 1326 3004 1394 ἔγκλημα,
3043 1324 3205 1376 τοῦτο
3238 1324 3317 1385 είς
3351 1317 3676 1388 προσθήκην

2106 1420 2459 1487 εὐχαριστίας
2496 1406 2901 1487 περιελήλυθεν.

437 1508 562 1577 Quo
591 1508 647 1562 fit
679 1517 738 1562 ut
772 1506 916 1578 quod
953 1507 1463 1576 reprehendendum
1492 1508 1545 1559 in
1583 1516 1830 1561 creatore
1879 1508 2132 1573 putabas,
2181 1513 2352 1581 magis
2398 1522 2451 1567 te
2473 1514 2792 1566 cohortetur
2834 1526 2944 1580 quo
2978 1524 3105 1580 erga
3144 1508 3321 1577 ipsum
3354 1512 3540 1575 gratus
3578 1502 3675 1555 sis'.

509 1598 655 1652 inter
682 1606 907 1653 exteras
940 1608 1120 1653 autem
1146 1598 1373 1653 arbores
1408 1612 1639 1668 quarum
1670 1598 2003 1652 mentionem
2041 1603 2081 1656 Β

438 1688 691 1755 fecimus,
727 1690 891 1744 etiam
925 1690 1045 1743 vitae
1091 1688 1510 1760 prudentiaeque
1538 1701 1651 1744 tum
1677 1697 1849 1744 ortam
1886 1705 2005 1744 esse

439 1783 695 1836 arborem
722 1781 994 1851 Josepbus
1015 1782 1108 1847 ait,
1136 1797 1232 1851 per
1258 1797 1420 1851 quam
1454 1782 1585 1850 quid
1617 1782 1845 1847 bonum,
1874 1782 2004 1851 quid

376 1916 381 1921 .
442 1873 645 1926 malum
674 1883 834 1936 esset,
866 1874 1297 1943 dignosceretur.
1338 1873 1539 1927 Verum
1587 1873 1713 1927 mali
1763 1873 2006 1941 bonique

439 1965 805 2035 c0gnitionem
855 1964 1015 2018 aliter
1063 1963 1485 2034 Chrysostomus
1539 1972 1753 2018 noster
1783 1963 2003 2033 accipit,

440 2057 521 2110 uti
560 2057 720 2125 paulo
746 2065 864 2125 post
894 2054 1187 2126 intelliges.

509 2146 629 2201 Jam
681 2147 749 2201 de
799 2148 1230 2217 proprietatibus
1278 2163 1339 2203 ac
1386 2147 1707 2202 discrimine
1748 2148 2003 2201 arborum

439 2253 604 2307 quam
638 2239 795 2309 longa
831 2239 1045 2292 institui
1086 2242 1262 2293 oratio
1297 2240 1505 2309 possit?
1538 2255 1646 2308 quo
1676 2250 1832 2307 pacto
1857 2252 2007 2307 quie—

440 2331 566 2385 dam
606 2330 674 2384 ab
705 2331 821 2385 sole
844 2340 1273 2400 percoquantur,
1303 2331 1550 2400 quaedam
1593 2330 1732 2384 intra
1770 2330 2007 2385 cortices

438 2422 639 2477 abditze
665 2421 1000 2477 adolescant.
1048 2422 1494 2489 Quarum-tener
1542 2422 1751 2477 fructus
1781 2431 1884 2485 est,
1927 2435 2007 2475 eae

437 2508 697 2567 foliorum
746 2521 961 2581 tegmen
1020 2510 1295 2580 quoddam
1352 2526 1596 2565 crassum
1650 2510 1876 2573 habent,
1946 2519 2007 2564 ut

442 2604 578 2660 licus
608 2620 622 2657 :
654 2619 888 2672 quarum
944 2609 1137 2658 contra
1171 2602 1384 2656 fructus
1423 2602 1670 2665 solidior,
1708 2603 1773 2655 iis
1801 2603 2005 2657 leviora

438 2705 567 2748 sunt
598 2695 747 2760 folia,
779 2694 924 2763 quod
973 2695 1043 2747 in-
1077 2694 1308 2749 nucibus
1347 2703 1431 2748 est
1473 2694 1679 2748 videre.
1736 2693 2003 2747 Nimirum

440 2786 519 2840 illi
553 2795 779 2856 propter
807 2785 1147 2839 debilitatem
1178 2798 1331 2839 suam
1365 2782 1615 2838 subsidio
1662 2784 1850 2856 majori
1877 2797 2004 2852 ege-

437 2878 607 2941 bant;
643 2877 729 2932 bis
749 2876 974 2931 densius
1000 2876 1347 2944 crassiusque
1376 2883 1743 2945 tegumentum
1779 2885 2001 2945 pr0pter

441 2967 691 3022 umbram
767 2967 991 3021 noxium
1046 2981 1261 3036 quoque
1330 2966 1539 3020 fuisset.
1598 2967 1810 3019 Folium
1876 2967 2004 3021 ritis

438 3060 603 3119 etiam
636 3074 843 3113 sectum
862 3067 963 3123 est,
1016 3067 1074 3111 ut
1125 3073 1266 3112 aeris
1316 3058 1530 3128 injuriis
1553 3059 1819 3112 obsistere
1850 3073 2005 3111 race-

440 3165 563 3204 mus
598 3151 769 3219 possit
795 3159 851 3201 et
912 3164 1007 3218 per
1040 3149 1203 3201 rimas
1248 3149 1362 3202 illas
1404 3150 1533 3202 solis
1572 3150 1752 3202 radios
1784 3149 2003 3218 largiter

438 3240 705 3309 recipere.

511 3329 778 3384 Praeterea
827 3337 1108 3384 merentur
1166 3329 1585 3383 admirationem
1634 3331 1858 3385 arbores
1892 3347 2000 3385 non

437 3420 615 3473 solum
661 3429 892 3489 propter
937 3419 1165 3482 diversi,
1205 3434 1394 3472 verum
1440 3420 1606 3473 etiam
1634 3421 1879 3490 ejusdem
1908 3437 2004 3491 ge—

437 3509 589 3562 neris
624 3507 901 3564 fructuum
922 3510 1265 3565 discrimina.
1294 3510 1509 3566 Etenim
1539 3511 1673 3566 alias
1699 3513 1751 3566 in
1788 3527 2005 3568 mascu-

437 3598 527 3660 lis,
568 3598 703 3652 alias
752 3599 805 3652 in
848 3599 1067 3655 feminis
1104 3600 1383 3654 fructuom
1424 3611 1581 3653 notas
1613 3609 1916 3669 agnoscunt
1965 3602 2001 3654 ii

438 3687 534 3755 qui
578 3689 833 3740 arborum
898 3689 1252 3741 serendarum
1309 3688 1469 3755 periti
1512 3697 1659 3743 sunt.
1716 3690 1772 3743 ln
1811 3690 2003 3758 palmis

436 3789 588 3832 certe
617 3778 752 3832 alias
800 3793 995 3841 mares,
1034 3779 1166 3848 alias
1213 3778 1442 3833 feminas
1475 3794 1593 3833 esse
1649 3779 1891 3833 tradunt.
1934 3780 2002 3843 Et

436 3869 584 3940 quod
616 3869 924 3924 inauditum
955 3871 1213 3940 quiddam
1255 3886 1317 3925 ac
1350 3886 1551 3925 novum
1585 3872 1822 3942 est,.l3
1850 3888 2002 3927 amor

436 3963 492 4017 in
528 3963 611 4017 eis
640 3963 910 4019 naturalis
937 3964 1176 4018 exsistit.
1228 3962 1440 4033 Quippe
1473 3962 1747 4017 submittit
1776 3979 1833 4018 se
1865 3965 1999 4019 mari

433 4056 661 4122 femina,
700 4056 866 4111 veluti
927 4056 1154 4111 libidine
1207 4056 1442 4125 quadam
1492 4056 1714 4111 incitata
1767 4067 1821 4121 et
1854 4072 2001 4111 eom—

434 4147 656 4216 plexum
691 4156 995 4215 expetens:
1029 4147 1230 4203 deinde
1262 4148 1414 4217 quasi
1458 4151 1701 4203 sentiens
1749 4150 1999 4203 evenisse

2190 1604 2314 1657 Ἑπὶ
2368 1606 2554 1671 μέντοι
2604 1604 2712 1664 τοῖς
2774 1601 3197 1671 προειρημένοις
3246 1598 3430 1664 φυτοῖς
3487 1594 3578 1647 καὶ
3617 1584 3677 1644 th

2109 1693 2206 1761 τῆς
2241 1692 2385 1759 ζωῆς
2413 1695 2440 1746 ό
2484 1692 2746 1760 Ἰώσηπος
2777 1691 2873 1743 καὶ
2904 1691 2963 1743 τὸ
2995 1690 3094 1757 τῆς
3126 1687 3443 1757 φρονήσεως
3470 1685 3673 1754 ἔφησεν

2109 1785 2430 1853 ἀναδοθῆναι
2456 1788 2642 1854 φυτὸν,
2671 1779 2713 1851 ᾧ
2744 1784 3162 1851 διαγιγνώσκειν
3190 1780 3242 1832 τί
3276 1796 3333 1833 τε
3368 1780 3429 1831 τὸ
3464 1777 3675 1844 ἀγαθὸν

2108 1879 2192 1948 εἴη
2227 1880 2317 1931 καὶ
2351 1880 2401 1930 τί
2430 1879 2489 1931 τὸ
2538 1880 2723 1936 κακὸν,
2754 1880 2802 1930 εἰ
2838 1874 2931 1929 καὶ
2959 1873 3081 1927 καθ’
3128 1872 3313 1940 ἕτερον
3343 1869 3677 1936 ὲκλαμδάνςι

2111 1968 2310 2020 σκοπὸν
2362 1970 2390 2020 δ
2438 1969 2536 2037 τὴν
2584 1968 2830 2033 γλῶτταν
2874 1965 3111 2035 χρυσοῦς
3138 1964 3197 2014 τὸ
3231 1963 3473 2030 γνωστὸν
3505 1960 3673 2013 καλοῦ

2109 2064 2202 2114 καὶ
2232 2060 2494 2131 πονηροῦ,
2529 2060 2672 2113 καθὰ
2700 2061 2762 2130 δὴ
2799 2059 3020 2129 μαθήσῃ
3059 2058 3195 2127 μετά
3229 2055 3400 2125 βραχύ
3429 2054 3532 2123 (5).

2186 2154 2315 2223 Περὶ
2347 2154 2402 2206 δὲ
2437 2155 2534 2223 τῆς
2567 2153 2828 2220 ἰδιότητος
2860 2152 2954 2203 καὶ
2984 2150 3247 2218 διαφορᾶς
3281 2148 3387 2200 τῶν
3412 2148 3670 2216 δένδρων,

2107 2244 2160 2297 τί
2184 2243 2249 2297 ἄν
2268 2262 2349 2305 τις
2365 2243 2507 2296 εἴποι
2537 2242 2655 2304 πῶς
2684 2241 2807 2295 τινὰ
2841 2240 2941 2309 μὲν
2973 2244 3236 2291 πέπτεται
3265 2237 3341 2307 τῷ
3369 2237 3526 2307 ἡλίῳ,
3551 2236 3676 2289 τινὰ

2108 2336 2163 2388 δὲ
2191 2336 2250 2387 ὲν
2274 2334 2515 2403 ἐλύτροις
2544 2332 2937 2400 κεκαλυμμένα
2971 2329 3306 2399 πληροῦται;
3334 2329 3442 2380 Καὶ
3465 2320 3538 2379 ὧν
3573 2329 3675 2394 μὲν

2109 2424 2315 2486 ἁπαλὸς
2361 2426 2390 2477 ό
2436 2424 2665 2493 καρπὸς,
2700 2423 2847 2489 παχὺ
2887 2420 2981 2473 τοῦ
3023 2419 3224 2487 φύλλου
3265 2418 3327 2470 τὸ
3363 2416 3677 2483 σκεπαστήέ

2112 2518 2347 2586 ριον,ὠς
2400 2515 2491 2567 ἐπὶ
2540 2513 2640 2582 τῆς
2691 2513 2884 2574 συκῆς,
2916 2505 2991 2563 ὧν
3031 2510 3089 2563 δὲ
3125 2510 3175 2562 οί
3226 2507 3430 2577 καρποὶ
3481 2522 3677 2572 στεγα-

2109 2607 2353 2677 νώτεροι,
2382 2604 2598 2673 ἐλαφρὰ
2643 2603 2752 2655 τῶν
2806 2602 3020 2669 φύλλων
3065 2602 3097 2670 ὴ
3148 2598 3407 2668 προϐολὴ,
3456 2596 3530 2658 ὡς
3580 2599 3677 2649 ἐπὶ

2106 2701 2206 2766 τῆς
2242 2696 2473 2768 καρύας,
2503 2699 2583 2749 ὅτι
2622 2697 2810 2748 ἐκεῖνα
2848 2694 2943 2763 μὲν
2972 2693 3058 2745 διὰ
3089 2692 3150 2743 τὸ
3175 2691 3401 2751 ἀσθενὲς
3425 2690 3676 2751 πλείονος

2107 2791 2277 2842 ἐδεῖτο
2324 2789 2424 2856 τῆς
2480 2786 2753 2856 βοηθείας,
2790 2784 3001 2845 τούτοις
3062 2782 3107 2835 δ’
3160 2782 3227 2834 ἂν
3280 2782 3415 2850 πρὸς
3470 2774 3676 2848 βκᾶϐην

2108 2879 2325 2946 ἐγένετο
2370 2876 2649 2947 παχυτέρα
2698 2877 2729 2943 ή
2785 2871 3151 2946 περιϐολὴνὲκ
3198 2871 3298 2935 τῆς
3342 2871 3440 2923 ἀπ’
3492 2870 3675 2922 αὐτῶν

2109 2973 2287 3032 σκιᾶς.
2318 2969 2440 3031 Πῶς
2489 2967 2844 3035 κατέσχισται
2888 2964 2988 3034 τῆς
3036 2961 3285 3030 ἀμπέλου
3329 2961 3389 3013 τὸ
3427 2959 3669 3029 φύλλονς

2108 3063 2225 3115 ’Ἰνα
2258 3061 2351 3114 καὶ
2398 3060 2533 3128 πρὸς
2573 3059 2674 3120 τὰς
2719 3062 2783 3111 ὲκ
2838 3055 2932 3109 τοῦ
2966 3056 3125 3125 ἀέρος
3176 3051 3381 3123 βλάϐας
3406 3055 3436 3106 ὁ
3478 3052 3673 3121 βότρυς

2103 3154 2305 3223 ἀντέχῃ
2333 3153 2426 3205 καὶ
2449 3151 2545 3218 τὴν
2577 3152 2770 3203 ἀκτῖνα
2795 3148 2888 3201 τοῦ
2920 3147 3069 3217 ἡλίου
3101 3146 3188 3199 διὰ
3217 3146 3317 3215 τὴς
3339 3146 3670 3215 ἀραιότητος

2102 3244 2340 3313 δαψιλῶς
2377 3242 2721 3311 ὑποδέχηται.

2173 3336 2473 3406 Θαυμαστὰ
2524 3335 2579 3386 δὲ
2629 3334 2822 3402 δένδρα
2852 3331 2947 3386 καὶ
2992 3333 3053 3386 ού
3103 3334 3261 3402 μόνον
3294 3332 3361 3386 δι’
3387 3334 3451 3403 ἢν
3487 3333 3673 3401 ἔχουσι

2104 3430 2240 3497 πρὸς
2271 3428 2337 3480 τὰ
2371 3424 2663 3495 ἑτερογενῆ
2698 3425 2807 3479 τῶν
2840 3424 3067 3494 καρπῶν
3097 3423 3382 3493 διαφορὰν,
3408 3424 3539 3475 ἀλλὰ
3574 3424 3674 3474 καὶ

2104 3518 2239 3588 πρὸς
2269 3514 2411 3570 αὐτὰ
2458 3515 2658 3586 δηλαδὴ
2691 3520 2759 3568 τὰ
2792 3513 3051 3584 ὁμογενῆ.
3084 3515 3191 3568 Καὶ
3236 3517 3343 3585 γὰρ
3376 3515 3534 3577 ἄλλος
3554 3514 3671 3582 ’μὲν

2103 3606 2388 3676 χαρακτὴρ
2429 3606 2521 3657 τοῦ
2546 3605 2759 3671 καρποῦ
2802 3604 2910 3658 τῶν
2949 3605 3217 3675 ἀρρένων,
3266 3605 3425 3667 ἄλλος
3469 3604 3525 3656 δὲ
3558 3605 3672 3656 τῶν

2103 3697 2331 3765 θηλειῶν
2382 3696 2534 3765 παρὰ
2588 3698 2699 3759 τοῖς
2758 3698 3084 3765 φυτουργοῖς
3142 3696 3508 3766 διακέκριται.
3558 3697 3671 3748 Καὶ

2103 3789 2298 3850 αὐτοὺς
2333 3788 2439 3858 γὰρ
2470 3789 2596 3851 τοὺς
2627 3788 2879 3858 φοίνικας
2909 3789 2989 3849 είς
3033 3789 3271 3859 ἄρρενας
3320 3790 3414 3840 καὶ
3441 3787 3667 3857 θηλείας

2101 3878 2376 3932 διιστῶσι·
2421 3882 2518 3932 καὶ
2567 3880 2626 3931 τὸ
2672 3879 2994 3949 παράδοξον,
3049 3880 3190 3947 ἔρως
3245 3882 3473 3946 φυσικὸς
3532 3881 3668 3945 παρ’

2057 4042 2066 4051 “
2103 3972 2307 4034 αὐτοῖς.
2336 3971 2672 4024 ’Υποκύπτει
2703 3970 2811 4038 γὰρ
2838 3972 2870 4040 ἡ
2899 3970 3087 4039 θήλεια
3120 3971 3195 4039 τῷ
3227 3971 3419 4041 ἄρρενι
3447 3970 3670 4040 ὀργῶσᾶ

2101 4065 2302 4134 τρόπον
2363 4062 2485 4115 τινὰ
2539 4063 2635 4115 καὶ⁵
2684 4061 2782 4131 τῆς
2843 4061 3161 4131 συμπλοκῆς
3226 4062 3509 4132 ὲφιεμένη.
3571 4065 3671 4115 καὶ

2102 4155 2273 4216 οὓτως
2307 4148 2418 4206 οἷον
2471 4155 2529 4206 ἐν
2577 4152 2830 4221 αἰσθήσει
2865 4153 2964 4221 τῆς
3000 4152 3359 4215 ἀπολαύσεως
3408 4153 3668 4219 γεγονυῖα

433 4238 538 4293 sibi
574 4237 891 4291 fruitionem
925 4238 1044 4307 ejus
1068 4239 1211 4306 quod
1232 4238 1541 4307 expetebat,
1572 4254 1788 4293 rursum
1819 4254 1999 4292 ramos

2105 4246 2198 4296 καὶ
2236 4242 2554 4313 ἁνορθοῦται
2610 4243 2773 4296 πάλιν
2819 4245 2947 4307 τοὺς
2999 4244 3228 4307 κλάδους
3278 4246 3371 4298 καὶ
3422 4246 3558 4315 πρδς
3606 4244 3671 4298 τὸ

432 4327 685 4396 erigitac
717 4327 955 4394 priorem
983 4327 1049 4381 ad
1093 4327 1321 4382 formam
1375 4329 1537 4383 redit.
1592 4328 1779 4385 Solent
1805 4340 1862 4384 et
1899 4345 1996 4383 cu-

2109 4338 2371 4405 πρότερον
2392 4336 2825 4390 ἀποκαθίσταται
2854 4335 3062 4405 σχῆμα.
3108 4334 3254 4388 Ἀλλ’
3285 4337 3335 4388 oi
3359 4336 3467 4389 τῶν
3493 4334 3673 4388 τοιού-

435 4426 647 4471 ratores
692 4416 951 4470 arborum
997 4416 1127 4474 ﬁcos
1171 4418 1448 4474 silvestres
1501 4420 1857 4475 hortensibus
1905 4418 1999 4475 ad-

2105 4446 2215 4481 των
2272 4428 2603 4498 θεραπευταὶ
2663 4430 2758 4483 καὶ
2816 4429 2990 4490 συκᾶς
3035 4429 3228 4497 ἀγρίας
3270 4432 3390 4491 ταῖς
3441 4429 3673 4498 ἡμέροις

429 4510 679 4580 iungere,
705 4523 814 4577 quo
837 4508 1051 4569 fructus
1079 4525 1267 4565 earum
1301 4510 1428 4567 inde
1451 4510 1663 4566 dulcior
1689 4512 1950 4567 reddatur
1980 4529 1993 4566 :

430 4614 556 4653 nam
618 4599 666 4654 si
718 4598 848 4669 quid
900 4599 954 4653 in
1010 4600 1363 4655 hortensibus
1407 4610 1489 4654 est
1546 4602 1883 4667 acerbitatis,
1939 4602 1993 4656 id

431 4691 668 4747 obscura
701 4693 935 4761 quadam
986 4694 1199 4747 ratione
1237 4692 1305 4746 ad
1338 4692 1616 4747 silvestres
1653 4699 1804 4747 velut
1853 4695 2002 4748 able-

429 4793 608 4853 gatur.
646 4784 837 4839 Itidem
890 4784 1024 4839 ficos
1085 4785 1404 4839 immaturos
1450 4784 1565 4838 sive
1608 4798 1827 4852 grossos
1875 4783 2002 4838 alli-

431 4886 626 4947 gantes
656 4877 930 4947 frugiferis
964 4885 1020 4932 et
1050 4876 1403 4931 hortensibus
1426 4877 1729 4939 medentur,
1764 4892 1874 4945 quo
1908 4879 2006 4931 mi-

432 4976 539 5024 nus
566 4984 757 5027 earum
789 4968 1003 5024 fructus
1025 4968 1347 5023 delabantur
1368 4979 1531 5037 atque
1552 4977 1799 5037 pereant.
1828 4970 2004 5039 Atque

431 5061 549 5117 hare
567 5060 679 5115 ﬁeri
702 5060 884 5130 opifex
899 5062 1001 5116 hoc
1023 5059 1182 5114 modo
1202 5058 1393 5123 voluit,
1410 5059 1739 5113 abhorrente
1760 5062 1993 5129 quadam

430 5154 640 5208 ratione
688 5153 759 5206 ab
826 5153 1107 5206 hominum
1159 5150 1453 5219 Opinione,
1509 5157 1567 5203 ut
1628 5160 1682 5203 et
1741 5168 1842 5208 nos
1898 5154 1993 5207 ali-

430 5243 651 5313 quando
681 5244 887 5298 nostris
941 5244 1010 5298 ab
1054 5240 1383 5298 adversariis
1434 5241 1501 5295 ad
1535 5240 1757 5296 virtutis
1789 5244 1997 5298 cultum

431 5338 757 5393 excitemur.
815 5336 948 5391 Nam
983 5336 1165 5391 videre
1199 5346 1283 5390 est
1330 5351 1439 5389 non
1467 5337 1688 5405 'paucos
1735 5350 1801 5390 ex
1863 5335 1995 5407 legis

500 5483 577 5548 (ι)
602 5478 889 5534 Lucretius
921 5497 934 5532 :

539 5553 805 5604 Prwterea
847 5548 1005 5604 nobis‘
1020 5558 1283 5604 veratrum
1336 5556 1409 5601 est
1439 5560 1558 5600 acre
1592 5559 1882 5612 venenum;

537 5623 603 5677 At
631 5622 802 5677 capris
833 5622 1007 5687 adipes
1040 5630 1087 5673 et
1111 5620 1461 5673 coturnicibus
1490 5622 1644 5664 nmw

2106 4517 2719 4589 napacpuudouctv,di;
2773 4517 3031 4572 ἐντεῦθεν
3072 4517 3164 4571 τὸν
3215 4518 3427 4588 καρπὸν
3481 4514 3671 4573 αὐτῶν

2104 4610 2439 4679 γλυκύτερον
2490 4607 2737 4675 γίνεσθαι
2762 4626 2778 4643 ⁸
2827 4610 2881 4664 εί
2906 4629 2959 4663 τι
2994 4612 3089 4665 καὶ
3137 4610 3261 4679 γὰρ
3291 4612 3400 4674 τοῖς
3437 4612 3670 4682 ἡμέροις

2100 4702 2429 4772 δριμύτερον
2486 4705 2778 4770 πρόσεστι,
2841 4700 2977 4769 πρὸς
3043 4701 3144 4763 τὰς’
3200 4701 3407 4770 ἀγρίας
3458 4702 3669 4770 ἀδήλως

2101 4792 2469 4860 ἐκπέμπεται.
2508 4790 2617 4843 Καὶ
2667 4790 2792 4850 τοὺς
2844 4788 3101 4851 ὀλύνθους
3157 4788 3213 4842 δὲ
3263 4790 3668 4858 προσδήσαντες

2102 4883 2211 4935 τῶν
2270 4882 2566 4953 εὐκάρπων
2626 4880 2984 4950 καὶηήμὲρων
3050 4883 3399 4949 συκῶνντὴνν
3440 4881 3666 4933 ἀτονίαν

2109 4974 2315 5038 ἰῶνται,
2350 4973 2541 5044 ῥέοντα
2578 4971 2680 5042 ἤδη
2714 4972 2807 5023 καὶ
2850 4971 3280 5039 σκεδαννύμενον
3322 4971 3415 5024 τὸν
3452 4972 3668 5039 καρπὸν

2101 5068 2212 5129 τοῖς
2253 5065 2493 5127 ὀλύνθοις
2534 5065 2840 5132 ἐπέχοντες.
2895 5062 3213 5131 Ταύταζμὲν
3239 5057 3333 5116 οὖν
3370 5064 3396 5115 ὁ
3431 5065 3666 5132 ποιητὴς

2102 5156 2282 5210 αὐτῶν
2308 5154 2450 5209 οὕτω
2492 5154 2812 5225 παραδόξως
2834 5153 3081 5221 γίνεσθαι
3124 5153 3570 5224 συγκεχώρηκεν,
3589 5154 3666 5216 ὡς

2106 5248 2200 5300 καὶ
2223 5249 2369 5316 ἡμᾶς
2405 5249 2663 5311 πολλάκις
2698 5249 2762 5299 ὲκ
2805 5246 2914 5300 τῶν
2966 5246 3360 5312 ἀντικειμένων
3412 5248 3545 5313 ἡμῖν
3578 5248 3666 5298 sti-

2104 5338 2289 5393 τονίαν
2322 5340 2619 5407 λαμϐάνειν
2664 5339 2799 5408 πρὸς
2844 5336 3011 5405 αὐτήν
3058 5352 3122 5403 γε
3169 5336 3277 5388 τῶν
3321 5337 3529 5407 ἀρετῶν
3567 5336 3665 5406 τὴν

2180 5479 2256 5550 (5)
2304 5480 2425 5533 Ἐπὶ
2452 5480 2657 5549 μέντοι
2684 5522 2696 5537 .
2726 5521 2739 5536 .
2776 5521 2789 5535 .
2818 5521 2831 5536 .
2852 5479 3002 5551 μετὰ
3043 5477 3265 5546 βραχύ.
3296 5479 3375 5533 Ex
3404 5477 3467 5535 ν.
3524 5480 3665 5536 Dee-

2103 5560 2224 5606 rant
2250 5551 2305 5605 in
2344 5551 2486 5607 aliis.
