4052 6200
373 236 436 296 49
1622 236 1927 298 ANNALll

2069 236 2266 296 PARS
2307 235 2357 295 Ι.
3515 234 3584 296 5θ

363 345 604 411 ἐπίδειξιν
627 362 642 378 ⁸
677 345 775 398 οὐκ
811 344 981 414 ὀλίγοι
1006 347 1114 416 γὰρ
1146 346 1325 399 αὐτῶν
1348 346 1588 416 ἐννόμως
1629 347 1909 417 αἱροῦνται

2029 347 2232 416 pridem
2291 342 2611 414 praescripto
2681 345 2847 396 vitam
2906 355 3091 411 agere,
3152 341 3243 410 qui
3298 349 3476 395 tamen
3528 343 3582 394 in

362 439 470 508 ζῇν,
502 437 604 490 κᾶν
634 437 692 488 ἐν
723 435 958 504 δόγμασι
1001 437 1366 503 σφάλλωνται.
1403 438 1562 491 Ἀλλὰ
1611 440 1704 491 καὶ
1739 440 1912 506 φοῖνιξ

362 528 560 595 καρπὸν
584 527 685 596 μὲν
710 529 1002 596 ἀπο-φέρων
1031 529 1252 595 γλυκὺν.
1276 531 1336 582 ἐν
1365 529 1625 598 ἁλμυροῖς
1655 531 1710 583 δὲ
1727 531 1911 594 τόποις

361 620 431 683 ὡς
469 619 532 671 τὸ
564 619 734 670 πολλὰ
779 619 1186 688 εὑρισκόμενος,
1217 621 1346 673 αὐτὸ
1391 622 1550 673 τοῦτο
1582 622 1907 679 αξνίττεται.

360 707 436 760 δτι
481 707 576 759 καὶ
597 707 759 775 ἡμεῖς
804 706 956 758 αὐτοὶ
999 706 1273 775 δυνάμεθα
1295 709 1362 760 τὰ
1405 710 1543 760 κατὰ
1575 708 1798 777 γνιῖιμην
1836 710 1910 777 μὴ

365 799 708 870 διαφθείρειν,
731 798 836 852 κᾶν
866 799 924 851 ὲν
945 801 1057 861 τοῖς
1090 800 1351 860 ἐναντίοις
1370 800 1478 853 τισὶ
1515 803 1910 872 συνδιάγωμεν.

425 985 562 1054 Ὅρα
614 983 691 1048 δὲ,
751 983 1023 1050 ἀγαπητὲ,
1073 983 1155 1035 ὄτι
1223 983 1316 1034 καὶ
1364 984 1447 1036 τὰ.
1493 983 1665 1051 εὐώδη
1719 983 1916 1050 πάντα,

360 1079 480 1130 ὅταν
509 1075 737 1144 σκόροδα
770 1076 863 1126 καὶ
888 1075 1150 1142 κρόμμυα
1177 1073 1388 1134 τούτοις
1428 1077 1914 1142 παραφυτεύηται,

364 1166 692 1235 εὐωδέστεραι
725 1165 958 1231 γίνεται.
985 1165 1118 1217 διότι
1149 1165 1256 1216 πᾶν
1286 1165 1339 1216 ετ
1372 1179 1423 1215 τι
1453 1164 1619 1234 δριμῦ
1655 1166 1750 1217 καὶ
1784 1164 1914 1217 δύσ-

360 1257 516 1326 οσμον
572 1257 630 1309 ὲν
673 1256 884 1318 τούτοις
930 1257 1095 1317 ἐστιν,
1144 1256 1201 1308 ὲν
1254 1255 1368 1317 τοῖς
1407 1254 1755 1324 δριμυτέροις
1807 1254 1916 1307 τῶν

365 1341 690 1413 σπερμάτων
727 1345 972 1412 φυσικῶς
1001 1345 1249 1416 ἀπορῤεϊ,
1283 1346 1378 1396 καὶ
1413 1344 1625 1411 γίνεται
1653 1345 1714 1398 τὸ
1747 1363 1916 1398 κατα-

360 1437 568 1504 λειφθὲν
595 1438 984 1490 εὐωδέστατον.
1025 1437 1186 1488 Ἀλλὰ
1213 1436 1308 1488 καὶ
1349 1436 1410 1488 τὸ
1437 1437 1681 1506 πήγανον
1711 1437 1813 1490 ὑπὸ
1849 1439 1913 1506 τῇ

365 1532 490 1598 συκῇ
568 1528 930 1596 φυτευόμενον
1001 1527 1329 1597 δριμύτερον
1405 1526 1601 1598 ἐαυτῷ
1665 1528 1915 1595 γίνεταιο

365 1587 701 1690 μετατίθεται
732 1587 840 1687 γαρ
863 1620 940 1680 εἰς
969 1587 1106 1676 αὐτὸ.
1138 1620 1198 1672 τὸ
1229 1587 1285 1672 έν
1313 1622 1378 1690 τῇ
1411 1587 1912 1689 συκῇᾟαρύοσμον,

362 1710 646 1764 κάντεῦθεν
676 1709 868 1777 βελτίω
903 1710 970 1760 τὰ
998 1709 1138 1760 σῦκα
1176 1712 1410 1777 γὶνεται.
1459 1709 1618 1762 Ἀλλὰ
1649 1711 1744 1764 καὶ
1778 1714 1912 1782 κρέη
1951 1742 1990 1798 Β

358 1804 470 1855 τινὰ
506 1803 654 1872 παρὰ
680 1804 745 1871 τῇ
795 1803 931 1871 συκῇ
987 1801 1406 1871 κρεμαννύμενα
1451 1801 1731 1873 εὔθρυπτα
1773 1804 1917 1871 γίνε-

357 1908 458 1944 ται.
500 1892 573 1943 Τὸ
627 1893 735 1960 γᾶρ
787 1890 974 1958 φυτὸν,
1009 1890 1082 1953 ὡς
1130 1889 1427 1962 εἴρηται,ή
1473 1894 1613 1962 συκῆ
1661 1895 1917 1946 ἁπάντων

359 1982 500 2034 ἐστὶν
528 1982 925 2035 ὀπωδέστατον.
951 1981 1164 2052 Θερμδν
1213 1984 1430 2052 πνεῦμα
1467 1986 1560 2038 καὶ
1607 1986 1774 2054 δριμὺ
1825 1986 1917 2038 καὶ

357 2073 620 2142 τμητικὸν
660 2073 877 2142 ἀφίησι,
909 2075 1000 2125 καὶ
1050 2074 1207 2126 τοῦτο
1253 2073 1484 2144 θρύπτει
1535 2076 1630 2128 καὶ
1662 2078 1916 2130 πεπαίνει

359 2167 449 2233 τὴν
503 2165 684 2236 σάρκα
731 2165 825 2217 τοῦ
882 2165 1113 2236 ὄρνιθος.
1160 2167 1326 2221 Ὅθεν
1359 2169 1453 2221 καὶ
1496 2169 1606 2222 τῶν
1647 2168 1865 2239 ταύρων
1892 2171 1919 2222 ὁ

357 2259 734 2327 χαλεπώτατος
793 2261 931 2330 συκῇ
996 2259 1314 2328 προσδεθεὶς
1380 2261 1610 2330 ήσυχξαν
1658 2261 1779 2327 ἄγει
1827 2262 1917 2312 καὶ

355 2348 606 2417 ψαύσεως
633 2347 905 2417 ἀνέχεται,
925 2349 1020 2400 καὶ
1040 2349 1177 2409 ὅλως
1199 2348 1391 2418 ἀφίησι
1418 2348 1508 2402 τὸν
1535 2349 1704 2418 θυμὸν
1732 2348 1880 2402 ὥσπε
1890 2366 1921 2419 ρ

355 2442 888 2510 ἀπομαραινόμενος.
913 2441 1084 2493 Τοῦτο
1136 2441 1267 2510 γοῦν
1311 2442 1372 2494 τὸ
1423 2441 1643 2512 πνεῦμα
1678 2442 1772 2494 καὶ
1809 2443 1922 2504 τοῖς

356 2531 549 2603 κρέασι
603 2533 954 2598 προσπίπτον
1001 2533 1204 2603 διαιρεῖ
1243 2535 1341 2602 τὴν
1403 2534 1582 2603 σάρκα
1627 2535 1722 2586 καὶ
1763 2551 1923 2604 περι-

355 2629 608 2697 θρύπτει.
642 2628 746 2679 Διὰ
795 2627 968 2678 ταῦτα
1017 2628 1109 2678 καὶ
1151 2627 1258 2696 πρὸ
1297 2626 1399 2692 τῆς
1449 2626 1703 2692 γλυκείας
1752 2626 1924 2694 συκῆς

355 2721 519 2789 ἔτερα
542 2720 679 2772 σῦκα
711 2719 978 2786 λεγόμενα
1001 2716 1210 2770 ὄλυνθοι
1226 2718 1323 2787 τὴν
1351 2719 1624 2787 ἄχρηστον
1652 2718 1924 2786 ὑγρότητα

354 2813 444 2865 τοῦ
469 2812 641 2880 φυτοῦ
667 2814 720 2863 ἐν
742 2813 953 2871 ἑαυτοῖς
973 2810 1197 2861 ἕλκοντα
1217 2797 1582 2878 χρηστοτέραν
1599 2811 1812 2877 ἀφίησι.
1831 2811 1928 2874 Διᾲ

285 2951 290 2956 .
353 2902 510 2954 τοῦτό
528 2917 658 2972 φησι
680 2903 820 2972 καὶὴ
846 2901 1036 2970 Γραφὴ
1065 2919 1081 2951 ι
1105 2901 1168 2952 Ἡ
1200 2901 1336 2968 συκῆ
1355 2900 1610 2969 ἐξήνεγκε
1634 2901 1758 2961 τοὺς
1775 2899 1929 2952 ὀλύν-

355 2993 477 3056 θους
497 2993 686 3058 αὐτῆς,
702 2993 1068 3061 ›τουτὲστιν,ή
1088 2991 1234 3060 ψυχὴ
1258 2992 1340 3044 διὰ
1360 2993 1458 3045 καθ
1471 2994 1530 3060 ἀρ
1541 3010 1677 3054 σεως
1688 2992 1748 3044 τὸ
1764 2993 1931 3064 ἄχρη-

2021 437 2267 492 doctrina
2302 452 2433 491 suos
2474 434 2738 504 quosdam
2789 449 3006 489 errores
3061 435 3316 487 habeant.
3359 431 3500 496 Quin
3532 443 3582 486 et

2021 531 2109 584 illa
2143 531 2211 584 de
2268 545 2374 599 qua
2405 530 2643 583 diximus
2692 529 2894 596 palma,
2931 545 3053 584 cum
3091 529 3305 582 dulcem
3349 528 3586 607 fructum

2019 623 2156 676 {erat
2195 637 2256 676 ac
2289 623 2644 677 nihilominus
2675 623 2728 676 in
2783 636 2966 674 amaro
3001 622 3323 690 plerumque
3355 621 3471 674 solo
3502 637 3586 673 re-

2017 713 2284 781 periatur,
2336 711 2642 780 signiﬁcare
2689 713 2909 766 videtur
2943 726 3098 780 posse
3145 727 3248 764 nos
3278 713 3478 766 animis
3506 711 3576 762 in-

2017 810 2308 870 corruptos
2339 818 2580 866 manere,
2610 803 2860 870 quamvis
2887 804 3032 858 inter
3069 818 3164 858 eos
3197 804 3461 873 degamus
3494 800 3587 871 qui

2021 893 2265 947 moribus
2307 909 2337 946 a
2387 893 2544 946 nobis
2580 893 2903 948 dissideant.

2089 985 2356 1038 Praeterea
2397 984 2568 1048 disce,
2599 983 2670 1036 ﬁli
2705 983 2923 1049 dilecte,
2960 983 3183 1053 quasvis
3216 1001 3303 1039 res
3345 984 3588 1052 fragran-

2021 1085 2123 1138 tes,
2152 1075 2194 1128 si
2231 1075 2294 1129 ad
2321 1091 2414 1128 cas
2438 1077 2490 1128 in
2519 1075 2836 1144 prepinquo
2863 1075 3048 1128 allium
3071 1088 3288 1145 etcepae
3311 1086 3586 1139 serantur,

2019 1166 2191 1235 magis
2245 1167 2407 1220 etiam
2469 1168 2724 1220 odoratas
2781 1167 2960 1221 reddi.
3025 1169 3159 1220 Nam
3212 1168 3476 1236 quidquid
3530 1169 3586 1220 in

2019 1259 2391 1328 fragrantibus
2453 1259 2619 1314 nimis
2673 1260 2816 1313 acris
2855 1270 2949 1314 aut
2998 1263 3177 1330 gravis
3233 1261 3415 1314 odoris
3477 1270 3585 1322 est,

2019 1347 2255 1401 naturali
2315 1347 2528 1401 ratione
2579 1348 2814 1415 quadam
2870 1349 2934 1400 ad
2991 1349 3198 1402 semina
3237 1350 3326 1401 illa
3380 1349 3593 1402 acriora

2019 1440 2173 1509 quasi
2207 1438 2420 1502 deﬂuit,
2470 1439 2725 1507 quodque
2774 1439 3045 1508 reliquum
3093 1448 3196 1498 est,
3231 1434 3596 1508 fragrantissil

2021 1547 2166 1584 mum
2217 1546 2280 1586 ac
2334 1531 2721 1585 suavissimum
2781 1531 3035 1585 cﬁicitur.
3090 1532 3264 1584 Etiam
3327 1541 3445 1585 ruta
3493 1535 3596 1584 sub

2019 1623 2120 1676 ﬁcu
2155 1624 2198 1677 si
2239 1634 2475 1686 seratur,
2514 1623 2690 1692 seipsa
2724 1623 2780 1676 ﬁt
2823 1624 3038 1688 acrior;
3075 1639 3197 1676 nam
3233 1623 3376 1691 quod
3415 1624 3597 1691 gravis

2019 1725 2102 1769 εει
2134 1716 2322 1769 odoris
2355 1717 2410 1768 in
2449 1715 2574 1776 ﬁcu,
2606 1714 2670 1766 ad
2721 1715 2892 1783 ipsam
2955 1714 3308 1777 transfertur,
3339 1729 3446 1782 qua
3479 1714 3594 1782 ipsa

2020 1823 2184 1861 causa
2217 1807 2302 1860 ﬁci
2341 1807 2596 1861 meliores
2643 1806 2980 1860 el‘liciunt‘ur.
3018 1805 3205 1873 Neque
3242 1813 3450 1857 tantum
3493 1806 3597 1857 hoc

2021 1898 2220 1952 accidit
2254 1900 2306 1950 in
2337 1906 2483 1958 ruta,
2521 1897 2614 1950 sed
2645 1897 2810 1950 etiam
2856 1905 3022 1949 certa.-
3071 1910 3268 1948 carnes
3311 1895 3376 1946 ad
3433 1894 3596 1947 ﬁcum

2022 2007 2279 2059 appensa:
2366 1989 2646 2043 molliores
2723 1988 3180 2054 delicatioresque
3267 1985 3593 2039 redduntur.

2021 2084 2153 2137 Nam
2191 2083 2324 2136 ﬁcus
2365 2081 2549 2145 arbor,
2592 2080 2668 2134 uti
2721 2078 2980 2142 diximus,
3032 2077 3178 2130 inter
3231 2091 3421 2129 omnes
3466 2076 3600 2128 alias

2022 2173 2169 2229 succi
2202 2171 2525 2242 plenissima
2575 2179 2680 2224 est.
2727 2169 3100 2234 Quamobrem
3137 2169 3366 2221 halitum
3418 2183 3482 2220 ex
3540 2183 3598 2221 sc

2021 2265 2279 2327 calidum,
2312 2279 2516 2327 acrem,
2568 2261 3274 2330 secandivpenetrandique
3327 2261 3434 2314 vim
3490 2261 3602 2312 ha-

2026 2357 2244 2409 bentem
2295 2356 2530 2419 emittit;
2584 2354 2676 2423 qui
2726 2355 2946 2423 quidem
3007 2354 3187 2406 avium
3239 2352 3600 2420 quarumdam

2026 2463 2222 2503 carnes
2255 2448 2432 2501 mollit
2461 2463 2522 2502 ac
2555 2447 2807 2501 nonnihil
2845 2446 3050 2512 coquit.
3101 2445 3296 2498 Eadem
3346 2459 3409 2497 ex
3437 2457 3602 2496 causa

2031 2541 2087 2595 ﬁt
2112 2541 2254 2610 quod
2284 2542 2446 2595 etiam
2508 2539 2833 2594 ferocissimi
2870 2538 3010 2592 tauri
3061 2537 3128 2591 ad
3182 2535 3342 2589 ﬁcum
3385 2534 3603 2603 allegati

2029 2635 2319 2698 quiescunt
2369 2643 2424 2686 et
2468 2631 2614 2701 tangi
2665 2647 2720 2685 se
2753 2633 3040 2699 patiuntur
3069 2632 3324 2696 omnique
3377 2644 3604 2696 prorsus

2031 2725 2315 2778 iracundia
2369 2723 2593 2776 remissa
2628 2731 2837 2774 tantum
2873 2737 2984 2773 non
3017 2726 3388 2773 marcescunt.
3437 2717 3604 2785 Igitur

2031 2816 2174 2868 idem
2213 2814 2416 2868 halitus
2447 2814 2547 2866 iste
2576 2813 2630 2866 in
2674 2826 2868 2866 carnes
2923 2811 3168 2864 incidens
3201 2826 3294 2864 cas
3326 2811 3480 2878 quasi
3523 2808 3606 2859 di-

2031 2899 2168 2960 vidit
2198 2920 2262 2960 ac
2291 2904 2754 2972 tenerioresfacit.
2776 2902 2968 2956 Itidem
2995 2910 3121 2954 ante
3143 2902 3356 2954 fructus
3390 2900 3608 2952 arboris

2033 2996 2196 3066 hujus
2256 2995 2446 3048 dulces
2487 3003 2621 3047 ortae
2661 2993 2794 3045 ﬁcus
2826 2991 3154 3052 immaturae,
3199 3006 3337 3058 quas
3390 3003 3609 3055 grossos

357 3101 483 3138 στον
505 3085 649 3138 ἅπαν
671 3087 859 3153 ὥσπερ
877 3084 1094 3137 ὄλυνθΟν
1126 3085 1387 3153 ἐξήνεγκε
1421 3086 1512 3137 καὶ
1535 3085 1927 3152 ἁπωχέτευσεν.

2040 3088 2297 3150 dicimus,
2325 3085 2577 3140 inutilem
2605 3085 2722 3156 ejus
2752 3084 3035 3136 humorem
3077 3079 3382 3141 attrahunt,
3415 3079 3609 3131 relicto

354 3193 528 3231 succo
556 3177 646 3246 qui
680 3178 874 3233 melior
910 3185 1011 3231 est.
1070 3176 1360 3244 Pr0pterea
1398 3176 1643 3231 sacrisin
1697 3175 1918 3230 Litteris
1977 3177 2180 3233 dicitur
2225 3196 2238 3231 :

2293 3196 2311 3229 ι
2345 3164 2508 3231 Ficus
2533 3191 2753 3246 gressus
2785 3189 2916 3229 suos
2951 3171 3189 3228 extrusit
3214 3171 3278 3234 ’⁵,
3319 3189 3337 3222 ι
3367 3170 3473 3224 hoc
3499 3177 3606 3224 est.

354 3271 576 3324 animus
635 3284 729 3337 per
801 3268 1180 3338 purgationem
1229 3267 1311 3320 sui
1348 3266 1617 3336 quidquid
1667 3277 1750 3322 est
1798 3268 1997 3324 inutile
2027 3281 2284 3340 tanquam
2317 3283 2567 3338 gressum
2603 3267 2837 3321 extrusit
2869 3275 2923 3320 et
2969 3274 3121 3320 extra
3163 3281 3220 3320 se
3249 3263 3454 3319 emisit.

439 3359 584 3412 Ἀλλ’
615 3357 731 3410 οὐδὲ
771 3357 929 3410 τοῦτὸ
982 3375 1039 3409 σε
1096 3357 1480 3428 παραδραμεῖν
1530 3357 1721 3425 ἄξιον·
1774 3360 1930 3427 λόγος

355 3456 460 3524 γάρ
484 3471 569 3514 τις
594 3452 708 3505 ἐστι
740 3451 832 3504 καὶ
873 3451 934 3503 τὸ
973 3450 1237 3520 ἤλεκτρον
1269 3449 1400 3501 ὀπὸν
1449 3445 1591 3503 εἶναι
1631 3452 1815 3520 φυτῶν
1857 3455 1935 3514 εἰς

355 3547 502 3620 λίθου
533 3545 694 3614 φύσιν
725 3542 1203 3613 ἁποπηγνύμενον.
1272 3541 1434 3594 Ἀλλὰ
1481 3543 1574 3594 καὶ
1598 3545 1667 3596 τὰ
1705 3545 1800 3614 μὲν
1827 3545 1935 3598 τῶν

357 3640 544 3706 φυτῶν
585 3636 812 3704 ἀειθαλῆ
845 3635 1058 3702 γέγονε,
1090 3635 1158 3686 τὰ
1201 3634 1256 3686 δὲ
1286 3634 1662 3702 γυμνούμενα,
1689 3635 1781 3687 καὶ
1827 3638 1935 3689 τῶν

352 3731 620 3785 ἀειθαλῶν
653 3736 719 3783 τὰ
756 3729 851 3796 μὲν
898 3727 1219 3794 φυλλοϐόλα,
1254 3728 1323 3780 τὰ
1370 3727 1426 3780 δὲ
1485 3728 1774 3796 ἀείφυλλα.
1827 3731 1974 3804 καὶ.

355 3823 658 3892 φυλλοϐὁλα
707 3822 807 3888 μὲν
863 3813 1016 3872 ἐλαία
1066 3818 1158 3871 καὶ
1216 3817 1372 3878 πίτυς
1437 3819 1773 3888 (λεληθότως
1827 3820 1934 3888 γὰρ

357 3915 697 3969 ύπαλλὰστει
751 3913 818 3964 τὰ
875 3910 1081 3980 φύλλα,
1136 3909 1212 3972 ὡς
1278 3909 1544 3978 μηδέποτε
1603 3910 1779 3962 δοκεῖν
1837 3911 1936 3976 τῆς

359 3992 540 4072 κόμης
587 4000 1083 4071 ἀπογυμνοῦσθαι),
1127 3999 1413 4068 ἀείφυλλον
1467 4001 1521 4052 δὲ
1569 4002 1597 4052 ὁ
1651 4001 1846 4070 φοῖνιξ,
1877 4001 1938 4053 τὸ

359 4099 497 4150 αὐτὸ
545 4097 744 4170 φύλλον
783 4097 846 4148 ἐκ
903 4096 1000 4161 τῆς
1056 4093 1275 4163 πρώτης
1321 4093 1668 4164 βλαστήσεως
1715 4111 1937 4161 συμπα-

361 4189 600 4257 ραμένον
623 4188 737 4256 ἔχει
761 4189 840 4248 εἰς
869 4187 1039 4258 τέλος.
1072 4186 1179 4238 Καὶ
1207 4190 1331 4255 περὶ
1365 4187 1462 4256 μὲν
1496 4187 1702 4240 τούτων
1738 4185 1936 4248 οὕτως.

2106 3362 2184 3417 Ne
2219 3361 2272 3416 id
2305 3361 2526 3430 quidem
2575 3359 2754 3414 omitti
2804 3374 2832 3412 a
2865 3359 3023 3412 nobis
3053 3357 3236 3411 debet.
3285 3356 3453 3409 Aiunt
3500 3354 3612 3408 ele-

2038 3465 2215 3510 ctrum
2252 3454 2391 3509 nihil
2421 3452 2566 3508 aliud
2601 3468 2720 3507 esse
2750 3466 2913 3521 quam
2963 3445 3186 3504 succum
3242 3449 3495 3503 arborum
3554 3447 3610 3501 in

2037 3549 2304 3617 lapideam
2343 3543 2448 3615 14
2482 3543 2635 3612 quasi
2677 3541 2966 3612 quamdam
3022 3547 3272 3594 naturam
3329 3538 3608 3591 duratum.

2039 3641 2310 3693 Praeterea
2371 3635 2648 3696 nonnulla:
2695 3634 2774 3687 sic
2824 3631 3060 3688 condita:
3116 3641 3244 3685 sunt
3282 3629 3509 3683 arbores
3551 3639 3612 3683 ut

2043 3745 2259 3798 semper
2285 3728 2533 3788 ﬂoreant.
2564 3725 2840 3780 nonnullm
2885 3723 3032 3776 foliis
3062 3725 3364 3778 nudentur.
3410 3721 3470 3773 Iti
3498 3723 3600 3773 ἐιη

2037 3836 2104 3874 ex
2133 3819 2200 3873 iis
2223 3833 2343 3888 qua:
2368 3807 2585 3884 semper
2631 3813 2851 3872 ﬂorent.
2888 3811 3146 3882 qumdam
3197 3812 3466 3879 abjiciunt
3528 3810 3610 3862 fo-

2035 3911 2394 3983 lia,quzedam
2429 3926 2492 3964 ea
2527 3917 2794 3978 perpetuo
2827 3907 3090 3961 retinent.
3114 3905 3402 3975 Abjieiunt
3455 3903 3608 3958 verbi

2033 4002 2207 4068 gratia
2238 4000 2355 4053 olea
2383 4008 2437 4052 et
2471 3999 2632 4067 pinus
2665 4015 2679 4052 :
2723 4012 2848 4051 nam
2892 3998 3056 4051 tacite
3095 3996 3251 4065 quasi
3285 4011 3349 4050 ac
3373 3995 3612 4049 latenter

2035 4092 2160 4146 folia
2181 4106 2278 4161 pro
2302 4090 2424 4143 aliis
2480 4089 2584 4142 alia
2631 4087 2711 4142 sic
2749 4096 3184 4156 consequuntur,
3227 4096 3285 4140 ut
3330 4103 3607 4154 nunquam

2037 4185 2207 4240 comis
2240 4182 2354 4237 suis
2383 4181 2651 4235 denudari
2685 4181 2996 4234 videantur.
3023 4179 3209 4234 Palma
3247 4196 3378 4234 vero
3410 4197 3612 4249 perpo-

357 4283 472 4336 tuis
527 4291 715 4334 ornata
765 4279 912 4332 foliis
951 4265 1068 4341 est,
1118 4289 1172 4332 et
1233 4293 1355 4348 qua:
1411 4281 1578 4332 semel
1639 4279 1872 4344 accepit,
1928 4277 1993 4333 ad
2039 4277 2201 4332 tinem
2265 4289 2437 4344 usque
2474 4273 2691 4328 retinet.
2724 4273 2801 4327 Ac
2840 4272 2907 4327 de
2938 4273 3022 4327 bis
3066 4273 3288 4342 quidem
3317 4273 3609 4329 hactenus.

424 4377 524 4446 Μὴ
560 4375 805 4445 θαύμαζε
837 4361 930 4434 ἐξ,
971 4373 1246 4440 ἁγαπητὲ,
1285 4374 1442 4442 εἰπερ
1496 4375 1527 4442 ἡ
1569 4375 1700 4441 ἁγία
1737 4375 1929 4442 Γραφή

354 4487 528 4539 φησιν
578 4469 657 4530 εἰς
717 4469 845 4536 μίαν
901 4465 1230 4534 συναγωγὴν
1291 4465 1621 4534 συναχθῆναι
1659 4466 1717 4516 τὸ
1763 4465 1927 4535 ὕδωρ,

353 4562 460 4612 πού
525 4561 581 4611 δὲ
641 4562 721 4623 εἰς
784 4559 1144 4625 συναγωγάς·
1182 4559 1274 4610 καὶ
1341 4557 1500 4610 τοῦτο
1548 4557 1656 4625 γὰρ
1708 4560 1932 4610 κάκεῖνο

353 4649 694 4718 γέ,γονε,κιὶ
740 4648 838 4718 οὐκ
873 4647 1213 4699 ἐναντιοῦται
1268 4646 1402 4716 πρὸς
1455 4646 1678 4716 ἄλληλα.
1735 4649 1796 4698 ’0
1837 4649 1935 4716 μὲν

351 4740 447 4814 οὖν
475 4739 831 4808 Θεοδὼρητός
867 4755 1030 4808 φησιν
1065 4740 1145 4790 ὅτι
1177 4738 1355 4800 καλῶς
1389 4735 1511 4790 εἷπε
1557 4738 1650 4790 καὶ
1691 4755 1937 4806 συναγω-

352 4834 462 4906 γὴν
489 4832 584 4882 καὶ
615 4829 937 4896 συναγωγὰς
974 4831 1068 4881 ἐπὶ
1090 4829 1197 4881 τῶν
1233 4829 1467 4882 ὑδάτων·
1501 4830 1570 4880 τὰ
1596 4829 1702 4897 γὰρ
1724 4827 1933 4897 πελάγη

355 4924 506 4975 κατὰ.
529 4923 625 4991 τὴν
655 4922 763 4988 ἔξω
792 4923 1114 4996 ἐπιφάνειαν
1139 4923 1225 4990 διῃ
1238 4921 1450 5002 ρημένα
1498 4921 1749 4974 δοκοῦσιν
1787 4921 1937 4990 (ἄλλο

356 5015 470 5081 γὰρ
501 5012 561 5064 τὸ
594 5011 817 5064 Ἰνδικὸν
848 5012 1082 5079 πέλαγος
1131 5015 1226 5063 καὶ
1264 5011 1392 5064 ἄλλο
1443 5012 1501 5063 τὸ
1563 5011 1935 5080 Ὑρκανικὸν),

353 5103 632 5176 τιιάτῳθεν⁴
659 5103 1125 5174 δεσυνήρμοσται
1175 5105 1263 5156 διὰ
1309 5121 1470 5156 τινων
1516 5103 1788 5170 ὑπογείων
1834 5105 1932 5155 πό-

354 5206 496 5266 ρων.
535 5189 776 5256 Ἐξιυθεν
819 5191 875 5243 δὲ
912 5193 973 5245 τὸ
1012 5195 1155 5260 μέγα
1199 5191 1433 5260 πέλαγος
1460 5192 1754 5252 ἐπίκειται,
1782 5209 1936 5245 τουτ-

364 5282 528 5348 έστιν
583 5271 612 5336 ὅ
659 5277 933 5348 Ὠκεανὸς,
966 5285 1027 5336 τὸ
1061 5285 1154 5337 καὶ
1193 5283 1550 5338 ’Λτλαντικὺν
1582 5284 1936 5354 καλούμενον.

360 5374 632 5428 Καλεῖται
688 5376 746 5428 δὲ
808 5376 980 5438 οὕτως
1022 5377 1107 5430 διὰ
1136 5378 1195 5428 τὸ
1251 5378 1431 5428 ἐκεῖσε
1488 5377 1613 5444 ὄρος
1670 5375 1760 5426 τὸν
1815 5377 1940 5426 Ἀτ-

359 5465 565 5520 λαντα.
607 5469 873 5521 Τοσοῦτον
922 5471 978 5521 δὲ
1010 5473 1036 5522 ὁ
1077 5471 1276 5532 ’Ἄτλας
1337 5462 1492 5530 οὗτος
1551 5467 1756 5538 ὑψηλός
1789 5470 1939 5521 ἐςτιν

458 5615 504 5645 ’⁸
537 5616 688 5676 Catil.
723 5635 780 5683 tt,
821 5619 901 5674 15.

2111 4370 2224 4425 Nec
2255 4385 2386 4423 vero
2431 4368 2629 4421 mirum
2665 4367 2760 4422 tibi
2821 4367 3074 4421 videatur
3129 4365 3366 4422 Litteras
3423 4385 3612 4422 sacras

2041 4478 2187 4518 nunc
2258 4464 2312 4517 in
2373 4477 2536 4515 unam
2565 4460 2944 4514 collectionem
2979 4475 3175 4529 aquam
3211 4476 3333 4514 esse
3363 4471 3610 4516 eoactum

2041 4555 2245 4619 dicere,
2282 4569 2427 4610 nunc
2458 4553 2510 4606 in
2552 4552 2935 4616 collectiones;
3000 4567 3124 4605 nam
3155 4568 3277 4606 cum
3317 4562 3613 4620 utrumque

2043 4647 2245 4701 faetum
2281 4644 2373 4709 sit,
2408 4644 2544 4698 nihil
2579 4644 2694 4697 ham
2725 4644 2867 4696 inter
2895 4657 2956 4697 se
3003 4650 3270 4711 pugnant.
3323 4645 3398 4696 Ac
3427 4643 3612 4696 Theo-

2036 4739 2251 4800 docritus
2282 4737 2502 4807 quidem
2531 4736 2607 4790 ait
2640 4745 2786 4791 recte
2821 4752 3091 4806 aquarum
3137 4743 3192 4790 et
3229 4736 3613 4790 collectionem

2036 4839 2090 4886 ει
2125 4828 2477 4884 collectiones
2512 4829 2658 4893 dici;
2711 4843 2835 4882 nam
2868 4827 3040 4881 maria
3072 4826 3219 4896 quod
3275 4828 3610 4882 exteriorem

2035 4921 2382 4994 superﬁciem
2429 4921 2644 4983 attinet,
2695 4937 2724 4973 a
2785 4936 2840 4974 se
2891 4919 3124 4972 invicem
3164 4935 3281 4974 esse
3314 4919 3495 4973 "divisa
3528 4921 3610 4972 ri-

2037 5014 2260 5066 dentur.
2317 5011 2529 5081 Quippe
2575 5011 2719 5065 aliud
2777 5019 2862 5064 est
2918 5010 3168 5064 Indicum
3229 5025 3400 5073 mare,
3463 5010 3612 5064 aliud

2038 5104 2424 5173 llyrcanicum,
2453 5116 2574 5171 qua:
2599 5111 2779 5156 tamen
2812 5101 3042 5156 inferius
3068 5117 3164 5170 per
3217 5102 3610 5155 subterraneos

2037 5196 2308 5264 quosdam
2366 5203 2578 5249 meatus
2635 5194 2780 5247 inter
2827 5208 2886 5248 se
2944 5194 3370 5264 coniunguntur.
3447 5195 3609 5247 Extra

2039 5287 2154 5340 lncc
2185 5294 2366 5340 autem
2401 5301 2655 5354 magnum
2710 5284 2840 5338 illud
2898 5300 3046 5338 mare
3103 5285 3266 5340 situm
3324 5295 3429 5347 est,
3462 5283 3608 5352 qut-tl

2039 5375 2315 5431 Oceanum
2363 5375 2598 5430 dicimus
2647 5384 2702 5430 et
2757 5375 3402 5446 Atlanticumpelagus;
3458 5375 3604 5442 quod

2039 5477 2237 5525 namcn
2272 5479 2353 5523 est
2380 5469 2430 5524 ei
2460 5471 2525 5524 ab
2579 5469 2797 5523 Atlante
2845 5467 3104 5534 imlitum,
3137 5467 3229 5536 qui
3256 5481 3412 5520 mons
3447 5476 3608 5518 tanta;
