  <div class='ocr_page' id='page_1' title='image "/cluster/home/n/w/nwhite01/storage/ocr_20150623/158/hvd.32044073502676/061.png"; bbox 0 0 4052 6200; ppageno 0'>
   <div class='ocr_carea' id='block_1_1' title="bbox 315 254 3543 346">
    <p class='ocr_par' dir='ltr' id='par_1_1' title="bbox 315 254 3543 346">
     <span class='ocr_line' id='line_1_1' title="bbox 315 254 3543 346; baseline 0.012 -39"><span class='ocrx_word' id='word_1_1' title='bbox 315 258 377 320; x_wconf 70' lang='lat'><strong>{.1</strong></span> <span class='ocrx_word' id='word_1_2' title='bbox 1066 254 1067 257; x_wconf 46' lang='grc'><em>“</em></span> <span class='ocrx_word' id='word_1_3' title='bbox 1606 262 2021 327; x_wconf 79' lang='lat' dir='ltr'><strong>MICHAELIS</strong></span> <span class='ocrx_word' id='word_1_4' title='bbox 2060 269 2317 332; x_wconf 62' lang='lat' dir='ltr'><strong>GLYCJE</strong></span> <span class='ocrx_word' id='word_1_5' title='bbox 3476 284 3543 346; x_wconf 73' lang='lat'><strong>52</strong></span> 
     </span>
    </p>
   </div>
   <div class='ocr_carea' id='block_1_2' title="bbox 313 364 1885 459">
    <p class='ocr_par' dir='ltr' id='par_1_2' title="bbox 313 364 1885 439">
     <span class='ocr_line' id='line_1_2' title="bbox 313 364 1885 439; baseline 0.003 -19"><span class='ocrx_word' id='word_1_6' title='bbox 313 366 671 422; x_wconf 78' lang='lat' dir='ltr'><strong>sublimitatis</strong></span> <span class='ocrx_word' id='word_1_7' title='bbox 698 364 870 423; x_wconf 75' lang='lat' dir='ltr'><strong>cst&#39;ut</strong></span> <span class='ocrx_word' id='word_1_8' title='bbox 895 367 1037 439; x_wconf 88' lang='lat' dir='ltr'><strong>apud</strong></span> <span class='ocrx_word' id='word_1_9' title='bbox 1064 376 1247 438; x_wconf 89' lang='lat' dir='ltr'><strong>poetas</strong></span> <span class='ocrx_word' id='word_1_10' title='bbox 1275 367 1397 424; x_wconf 85' lang='lat' dir='ltr'><strong>coeli</strong></span> <span class='ocrx_word' id='word_1_11' title='bbox 1431 367 1684 423; x_wconf 91' lang='lat' dir='ltr'><strong>columna</strong></span> <span class='ocrx_word' id='word_1_12' title='bbox 1728 386 1885 425; x_wconf 83' lang='lat' dir='ltr'><strong>voce-</strong></span> 
     </span>
    </p>
   </div>
   <div class='ocr_carea' id='block_1_3' title="bbox 1987 364 3549 459">
    <p class='ocr_par' dir='ltr' id='par_1_3' title="bbox 1989 376 3549 459">
     <span class='ocr_line' id='line_1_3' title="bbox 1989 376 3549 459; baseline 0.01 -31"><span class='ocrx_word' id='word_1_13' title='bbox 1989 376 2062 439; x_wconf 83' lang='grc' dir='ltr'><strong>ὡς</strong></span> <span class='ocrx_word' id='word_1_14' title='bbox 2097 383 2189 432; x_wconf 71' lang='grc' dir='ltr'>καὶ</span> <span class='ocrx_word' id='word_1_15' title='bbox 2226 382 2379 433; x_wconf 80' lang='grc' dir='ltr'>κίονα</span> <span class='ocrx_word' id='word_1_16' title='bbox 2432 379 2523 433; x_wconf 73' lang='grc' dir='ltr'>τοῦ</span> <span class='ocrx_word' id='word_1_17' title='bbox 2567 384 2796 454; x_wconf 83' lang='grc' dir='ltr'>ούρανοῦ</span> <span class='ocrx_word' id='word_1_18' title='bbox 2830 386 2980 455; x_wconf 74' lang='grc' dir='ltr'>παρὰ</span> <span class='ocrx_word' id='word_1_19' title='bbox 3023 388 3135 449; x_wconf 83' lang='grc' dir='ltr'>τοῖς</span> <span class='ocrx_word' id='word_1_20' title='bbox 3170 392 3423 459; x_wconf 77' lang='grc' dir='ltr'><strong>ποιηταῖς</strong></span> <span class='ocrx_word' id='word_1_21' title='bbox 3463 394 3549 444; x_wconf 80' lang='grc' dir='ltr'>λέ-</span> 
     </span>
    </p>
   </div>
   <div class='ocr_carea' id='block_1_4' title="bbox 316 458 1874 532">
    <p class='ocr_par' dir='ltr' id='par_1_4' title="bbox 316 458 1874 532">
     <span class='ocr_line' id='line_1_4' title="bbox 316 458 1874 532; baseline 0.004 -22"><span class='ocrx_word' id='word_1_22' title='bbox 316 469 424 512; x_wconf 90' lang='lat' dir='ltr'><strong>tur.</strong></span> <span class='ocrx_word' id='word_1_23' title='bbox 482 458 652 513; x_wconf 67' lang='lat' dir='ltr'><strong>Nemo</strong></span> <span class='ocrx_word' id='word_1_24' title='bbox 700 460 958 514; x_wconf 83' lang='lat' dir='ltr'><strong>verticem</strong></span> <span class='ocrx_word' id='word_1_25' title='bbox 1024 461 1142 529; x_wconf 84' lang='lat' dir='ltr'><strong>ejus</strong></span> <span class='ocrx_word' id='word_1_26' title='bbox 1185 460 1320 514; x_wconf 83' lang='lat' dir='ltr'><strong>vidit</strong></span> <span class='ocrx_word' id='word_1_27' title='bbox 1368 472 1663 531; x_wconf 89' lang='lat' dir='ltr'><strong>propterea</strong></span> <span class='ocrx_word' id='word_1_28' title='bbox 1723 463 1874 532; x_wconf 89' lang='lat' dir='ltr'><strong>quod</strong></span> 
     </span>
    </p>
   </div>
   <div class='ocr_carea' id='block_1_5' title="bbox 314 550 1873 608">
    <p class='ocr_par' dir='ltr' id='par_1_5' title="bbox 314 550 1873 608">
     <span class='ocr_line' id='line_1_5' title="bbox 314 550 1873 608; baseline 0.002 -5"><span class='ocrx_word' id='word_1_29' title='bbox 314 550 403 603; x_wconf 88' lang='lat' dir='ltr'><strong>illa</strong></span> <span class='ocrx_word' id='word_1_30' title='bbox 441 550 567 604; x_wconf 85' lang='lat' dir='ltr'><strong>nive</strong></span> <span class='ocrx_word' id='word_1_31' title='bbox 600 559 740 605; x_wconf 88' lang='lat' dir='ltr'><strong>tecta</strong></span> <span class='ocrx_word' id='word_1_32' title='bbox 792 554 882 605; x_wconf 90' lang='lat' dir='ltr'><strong>sit.</strong></span> <span class='ocrx_word' id='word_1_33' title='bbox 935 552 1062 605; x_wconf 65' lang='lat' dir='ltr'><strong>Htec</strong></span> <span class='ocrx_word' id='word_1_34' title='bbox 1093 550 1412 605; x_wconf 88' lang='lat' dir='ltr'><strong>Theodoriti</strong></span> <span class='ocrx_word' id='word_1_35' title='bbox 1446 562 1527 607; x_wconf 84' lang='lat' dir='ltr'><strong>est</strong></span> <span class='ocrx_word' id='word_1_36' title='bbox 1578 554 1873 608; x_wconf 86' lang='lat' dir='ltr'><strong>sententia.</strong></span> 
     </span>
    </p>
   </div>
   <div class='ocr_carea' id='block_1_6' title="bbox 314 640 1877 711">
    <p class='ocr_par' dir='ltr' id='par_1_6' title="bbox 314 640 1877 711">
     <span class='ocr_line' id='line_1_6' title="bbox 314 640 1877 711; baseline 0.004 -20"><span class='ocrx_word' id='word_1_37' title='bbox 314 640 537 709; x_wconf 85' lang='lat' dir='ltr'><strong>Magnus</strong></span> <span class='ocrx_word' id='word_1_38' title='bbox 561 650 740 694; x_wconf 89' lang='lat' dir='ltr'><strong>autem</strong></span> <span class='ocrx_word' id='word_1_39' title='bbox 772 641 1002 695; x_wconf 85' lang='lat' dir='ltr'><strong>Basilius</strong></span> <span class='ocrx_word' id='word_1_40' title='bbox 1034 648 1220 695; x_wconf 83' lang='lat' dir='ltr'><strong>noster</strong></span> <span class='ocrx_word' id='word_1_41' title='bbox 1263 642 1441 711; x_wconf 88' lang='lat' dir='ltr'><strong>inquit</strong></span> <span class='ocrx_word' id='word_1_42' title='bbox 1482 652 1631 697; x_wconf 89' lang='lat' dir='ltr'><strong>recte</strong></span> <span class='ocrx_word' id='word_1_43' title='bbox 1668 643 1877 698; x_wconf 87' lang='lat' dir='ltr'><strong>dictum</strong></span> 
     </span>
    </p>
   </div>
   <div class='ocr_carea' id='block_1_7' title="bbox 316 731 1878 803">
    <p class='ocr_par' dir='ltr' id='par_1_7' title="bbox 316 731 1878 803">
     <span class='ocr_line' id='line_1_7' title="bbox 316 731 1878 803; baseline 0.003 -20"><span class='ocrx_word' id='word_1_44' title='bbox 316 731 369 784; x_wconf 89' lang='lat' dir='ltr'><strong>in</strong></span> <span class='ocrx_word' id='word_1_45' title='bbox 400 733 777 787; x_wconf 85' lang='lat' dir='ltr'><strong>collectionem</strong></span> <span class='ocrx_word' id='word_1_46' title='bbox 816 747 1002 786; x_wconf 90' lang='lat' dir='ltr'><strong>unam.</strong></span> <span class='ocrx_word' id='word_1_47' title='bbox 1052 732 1185 786; x_wconf 90' lang='lat' dir='ltr'><strong>Nam</strong></span> <span class='ocrx_word' id='word_1_48' title='bbox 1220 742 1282 787; x_wconf 90' lang='lat' dir='ltr'><strong>ut</strong></span> <span class='ocrx_word' id='word_1_49' title='bbox 1319 750 1459 803; x_wconf 87' lang='lat' dir='ltr'><strong>aqua</strong></span> <span class='ocrx_word' id='word_1_50' title='bbox 1504 734 1787 791; x_wconf 81' lang='lat' dir='ltr'><strong>conﬂuens</strong></span> <span class='ocrx_word' id='word_1_51' title='bbox 1814 750 1878 789; x_wconf 88' lang='lat' dir='ltr'><strong>ea</strong></span> 
     </span>
    </p>
   </div>
   <div class='ocr_carea' id='block_1_8' title="bbox 312 823 1879 895">
    <p class='ocr_par' dir='ltr' id='par_1_8' title="bbox 312 823 1879 895">
     <span class='ocr_line' id='line_1_8' title="bbox 312 823 1879 895; baseline 0.004 -20"><span class='ocrx_word' id='word_1_52' title='bbox 312 824 430 876; x_wconf 86' lang='lat' dir='ltr'><strong>loca</strong></span> <span class='ocrx_word' id='word_1_53' title='bbox 480 838 588 877; x_wconf 91' lang='lat' dir='ltr'><strong>non</strong></span> <span class='ocrx_word' id='word_1_54' title='bbox 646 823 991 892; x_wconf 80' lang='lat' dir='ltr'><strong>demergeret</strong></span> <span class='ocrx_word' id='word_1_55' title='bbox 1044 838 1073 876; x_wconf 89' lang='lat' dir='ltr'><strong>a</strong></span> <span class='ocrx_word' id='word_1_56' title='bbox 1134 825 1335 893; x_wconf 87' lang='lat' dir='ltr'><strong>quibus</strong></span> <span class='ocrx_word' id='word_1_57' title='bbox 1407 826 1709 895; x_wconf 83' lang='lat' dir='ltr'><strong>recipitur.</strong></span> <span class='ocrx_word' id='word_1_58' title='bbox 1779 843 1879 882; x_wconf 89' lang='lat' dir='ltr'><strong>nec</strong></span> 
     </span>
    </p>
   </div>
   <div class='ocr_carea' id='block_1_9' title="bbox 314 913 1875 985">
    <p class='ocr_par' dir='ltr' id='par_1_9' title="bbox 314 913 1875 985">
     <span class='ocr_line' id='line_1_9' title="bbox 314 913 1875 985; baseline 0.004 -20"><span class='ocrx_word' id='word_1_59' title='bbox 314 928 529 980; x_wconf 85' lang='lat' dir='ltr'><strong>semper</strong></span> <span class='ocrx_word' id='word_1_60' title='bbox 563 913 717 982; x_wconf 90' lang='lat' dir='ltr'><strong>quasi</strong></span> <span class='ocrx_word' id='word_1_61' title='bbox 754 914 1161 984; x_wconf 64' lang='lat' dir='ltr'><strong>progrediendi)</strong></span> <span class='ocrx_word' id='word_1_62' title='bbox 1214 915 1425 984; x_wconf 85' lang='lat' dir='ltr'><strong>aliaque</strong></span> <span class='ocrx_word' id='word_1_63' title='bbox 1456 927 1575 985; x_wconf 88' lang='lat' dir='ltr'><strong>post</strong></span> <span class='ocrx_word' id='word_1_64' title='bbox 1622 918 1725 971; x_wconf 90' lang='lat' dir='ltr'><strong>alia</strong></span> <span class='ocrx_word' id='word_1_65' title='bbox 1762 918 1875 971; x_wconf 87' lang='lat' dir='ltr'><strong>loca</strong></span> 
     </span>
    </p>
   </div>
   <div class='ocr_carea' id='block_1_10' title="bbox 266 1001 1874 1070">
    <p class='ocr_par' dir='ltr' id='par_1_10' title="bbox 266 1001 1874 1070">
     <span class='ocr_line' id='line_1_10' title="bbox 266 1001 1874 1070; baseline 0.004 -17"><span class='ocrx_word' id='word_1_66' title='bbox 266 1001 573 1070; x_wconf 79' lang='lat' dir='ltr'><strong>-replendo</strong></span> <span class='ocrx_word' id='word_1_67' title='bbox 638 1002 851 1056; x_wconf 82' lang='lat' dir='ltr'><strong>tandem</strong></span> <span class='ocrx_word' id='word_1_68' title='bbox 910 1003 1172 1058; x_wconf 85' lang='lat' dir='ltr'><strong>continuo</strong></span> <span class='ocrx_word' id='word_1_69' title='bbox 1243 1012 1421 1058; x_wconf 88' lang='lat' dir='ltr'><strong>tractu</strong></span> <span class='ocrx_word' id='word_1_70' title='bbox 1500 1007 1874 1061; x_wconf 89' lang='lat' dir='ltr'><strong>continentem</strong></span> 
     </span>
    </p>
   </div>
   <div class='ocr_carea' id='block_1_11' title="bbox 312 1093 1878 1157">
    <p class='ocr_par' dir='ltr' id='par_1_11' title="bbox 312 1093 1878 1157">
     <span class='ocr_line' id='line_1_11' title="bbox 312 1093 1878 1157; baseline 0.006 -15"><span class='ocrx_word' id='word_1_71' title='bbox 312 1093 621 1146; x_wconf 70' lang='lat' dir='ltr'><strong>universam</strong></span> <span class='ocrx_word' id='word_1_72' title='bbox 660 1093 973 1157; x_wconf 73' lang='lat' dir='ltr'><strong>inundaret,</strong></span> <span class='ocrx_word' id='word_1_73' title='bbox 1008 1094 1213 1150; x_wconf 87' lang='lat' dir='ltr'><strong>idcirco</strong></span> <span class='ocrx_word' id='word_1_74' title='bbox 1247 1096 1385 1149; x_wconf 78' lang='lat' dir='ltr'><strong>dixit</strong></span> <span class='ocrx_word' id='word_1_75' title='bbox 1415 1097 1561 1151; x_wconf 93' lang='lat' dir='ltr'><strong>Deus</strong></span> <span class='ocrx_word' id='word_1_76' title='bbox 1586 1114 1600 1150; x_wconf 90' lang='lat'><strong>:</strong></span> <span class='ocrx_word' id='word_1_77' title='bbox 1630 1114 1647 1147; x_wconf 81' lang='grc' dir='ltr'><strong>ι</strong></span> <span class='ocrx_word' id='word_1_78' title='bbox 1673 1096 1878 1152; x_wconf 88' lang='lat' dir='ltr'><strong>Coeant</strong></span> 
     </span>
    </p>
   </div>
   <div class='ocr_carea' id='block_1_12' title="bbox 311 1184 1878 1251">
    <p class='ocr_par' dir='ltr' id='par_1_12' title="bbox 311 1184 1878 1251">
     <span class='ocr_line' id='line_1_12' title="bbox 311 1184 1878 1251; baseline 0.005 -16"><span class='ocrx_word' id='word_1_79' title='bbox 311 1197 465 1251; x_wconf 69' lang='lat' dir='ltr'><strong>aqua)</strong></span> <span class='ocrx_word' id='word_1_80' title='bbox 518 1199 681 1236; x_wconf 90' lang='lat' dir='ltr'><strong>unam</strong></span> <span class='ocrx_word' id='word_1_81' title='bbox 717 1184 769 1237; x_wconf 92' lang='lat' dir='ltr'><strong>in</strong></span> <span class='ocrx_word' id='word_1_82' title='bbox 826 1185 1202 1239; x_wconf 82' lang='lat' dir='ltr'><strong>collectionem</strong></span> <span class='ocrx_word' id='word_1_83' title='bbox 1231 1189 1295 1249; x_wconf 71' lang='grc' dir='ltr'>η,</span> <span class='ocrx_word' id='word_1_84' title='bbox 1329 1206 1346 1237; x_wconf 85' lang='grc'>›</span> <span class='ocrx_word' id='word_1_85' title='bbox 1395 1188 1517 1249; x_wconf 92' lang='lat' dir='ltr'><strong>hoc,</strong></span> <span class='ocrx_word' id='word_1_86' title='bbox 1543 1199 1646 1250; x_wconf 87' lang='lat' dir='ltr'><strong>est,</strong></span> <span class='ocrx_word' id='word_1_87' title='bbox 1676 1189 1743 1243; x_wconf 86' lang='lat' dir='ltr'><strong>ab</strong></span> <span class='ocrx_word' id='word_1_88' title='bbox 1779 1191 1878 1244; x_wconf 90' lang='lat' dir='ltr'><strong>hac</strong></span> 
     </span>
    </p>
   </div>
   <div class='ocr_carea' id='block_1_13' title="bbox 310 1274 1876 1350">
    <p class='ocr_par' dir='ltr' id='par_1_13' title="bbox 310 1274 1876 1350">
     <span class='ocr_line' id='line_1_13' title="bbox 310 1274 1876 1350; baseline 0.006 -25"><span class='ocrx_word' id='word_1_89' title='bbox 310 1288 448 1340; x_wconf 88' lang='lat' dir='ltr'><strong>aqua</strong></span> <span class='ocrx_word' id='word_1_90' title='bbox 482 1274 626 1326; x_wconf 89' lang='lat' dir='ltr'><strong>nulla</strong></span> <span class='ocrx_word' id='word_1_91' title='bbox 647 1290 703 1328; x_wconf 90' lang='lat' dir='ltr'><strong>se</strong></span> <span class='ocrx_word' id='word_1_92' title='bbox 734 1288 998 1344; x_wconf 71' lang='lat' dir='ltr'><strong>segreget,</strong></span> <span class='ocrx_word' id='word_1_93' title='bbox 1030 1276 1121 1331; x_wconf 86' lang='lat' dir='ltr'><strong>sed</strong></span> <span class='ocrx_word' id='word_1_94' title='bbox 1143 1278 1286 1345; x_wconf 84' lang='lat' dir='ltr'><strong>quod</strong></span> <span class='ocrx_word' id='word_1_95' title='bbox 1329 1282 1490 1333; x_wconf 92' lang='lat' dir='ltr'><strong>modo</strong></span> <span class='ocrx_word' id='word_1_96' title='bbox 1520 1281 1791 1350; x_wconf 81' lang='lat' dir='ltr'><strong>colligitur</strong></span> <span class='ocrx_word' id='word_1_97' title='bbox 1825 1283 1876 1335; x_wconf 90' lang='lat' dir='ltr'><strong>in</strong></span> 
     </span>
    </p>
   </div>
   <div class='ocr_carea' id='block_1_14' title="bbox 312 1363 1880 1436">
    <p class='ocr_par' dir='ltr' id='par_1_14' title="bbox 312 1363 1880 1436">
     <span class='ocr_line' id='line_1_14' title="bbox 312 1363 1880 1436; baseline 0.009 -22"><span class='ocrx_word' id='word_1_98' title='bbox 312 1363 413 1415; x_wconf 82' lang='lat' dir='ltr'><strong>hac.</strong></span> <span class='ocrx_word' id='word_1_99' title='bbox 445 1365 619 1430; x_wconf 91' lang='lat' dir='ltr'><strong>prima</strong></span> <span class='ocrx_word' id='word_1_100' title='bbox 652 1366 977 1421; x_wconf 83' lang='lat' dir='ltr'><strong>collectione</strong></span> <span class='ocrx_word' id='word_1_101' title='bbox 1009 1371 1281 1436; x_wconf 84' lang='lat' dir='ltr'><strong>persistat.</strong></span> <span class='ocrx_word' id='word_1_102' title='bbox 1312 1371 1400 1425; x_wconf 89' lang='lat' dir='ltr'><strong>Sic</strong></span> <span class='ocrx_word' id='word_1_103' title='bbox 1422 1381 1474 1426; x_wconf 89' lang='lat' dir='ltr'><strong>et</strong></span> <span class='ocrx_word' id='word_1_104' title='bbox 1501 1371 1880 1429; x_wconf 87' lang='lat' dir='ltr'><strong>Salomonicus</strong></span> 
     </span>
    </p>
   </div>
   <div class='ocr_carea' id='block_1_15' title="bbox 314 1454 1878 1528">
    <p class='ocr_par' dir='ltr' id='par_1_15' title="bbox 314 1454 1878 1528">
     <span class='ocr_line' id='line_1_15' title="bbox 314 1454 1878 1528; baseline 0.009 -23"><span class='ocrx_word' id='word_1_105' title='bbox 314 1454 406 1508; x_wconf 88' lang='lat' dir='ltr'><strong>ille</strong></span> <span class='ocrx_word' id='word_1_106' title='bbox 473 1456 831 1510; x_wconf 84' lang='lat' dir='ltr'><strong>concionator</strong></span> <span class='ocrx_word' id='word_1_107' title='bbox 896 1459 1073 1528; x_wconf 83' lang='lat' dir='ltr'><strong>inquit</strong></span> <span class='ocrx_word' id='word_1_108' title='bbox 1128 1477 1142 1513; x_wconf 88' lang='lat'><strong>:</strong></span> <span class='ocrx_word' id='word_1_109' title='bbox 1186 1481 1204 1513; x_wconf 82' lang='grc' dir='ltr'><strong>ι</strong></span> <span class='ocrx_word' id='word_1_110' title='bbox 1242 1466 1440 1517; x_wconf 84' lang='lat' dir='ltr'><strong>Omnes</strong></span> <span class='ocrx_word' id='word_1_111' title='bbox 1500 1472 1773 1519; x_wconf 89' lang='lat' dir='ltr'><strong>torrentes</strong></span> <span class='ocrx_word' id='word_1_112' title='bbox 1825 1468 1878 1519; x_wconf 92' lang='lat' dir='ltr'><strong>in</strong></span> 
     </span>
    </p>
   </div>
   <div class='ocr_carea' id='block_1_16' title="bbox 313 1554 1882 1629">
    <p class='ocr_par' dir='ltr' id='par_1_16' title="bbox 313 1554 1882 1629">
     <span class='ocr_line' id='line_1_16' title="bbox 313 1554 1882 1629; baseline 0.01 -33"><span class='ocrx_word' id='word_1_113' title='bbox 313 1560 461 1597; x_wconf 86' lang='lat' dir='ltr'><strong>mare</strong></span> <span class='ocrx_word' id='word_1_114' title='bbox 512 1557 763 1616; x_wconf 78' lang='lat' dir='ltr'><strong>pergunt,</strong></span> <span class='ocrx_word' id='word_1_115' title='bbox 821 1565 994 1618; x_wconf 86' lang='lat' dir='ltr'><strong>neque</strong></span> <span class='ocrx_word' id='word_1_116' title='bbox 1053 1560 1232 1606; x_wconf 88' lang='lat' dir='ltr'><strong>tamen</strong></span> <span class='ocrx_word' id='word_1_117' title='bbox 1282 1554 1485 1608; x_wconf 88' lang='lat' dir='ltr'><strong>ideirco</strong></span> <span class='ocrx_word' id='word_1_118' title='bbox 1518 1571 1685 1629; x_wconf 78' lang='lat' dir='ltr'><strong>mare</strong></span> <span class='ocrx_word' id='word_1_119' title='bbox 1736 1572 1882 1611; x_wconf 89' lang='lat' dir='ltr'><strong>com-</strong></span> 
     </span>
    </p>
   </div>
   <div class='ocr_carea' id='block_1_17' title="bbox 312 1636 1880 1714">
    <p class='ocr_par' dir='ltr' id='par_1_17' title="bbox 312 1636 1880 1714">
     <span class='ocr_line' id='line_1_17' title="bbox 312 1636 1880 1714; baseline 0.01 -28"><span class='ocrx_word' id='word_1_120' title='bbox 312 1636 581 1703; x_wconf 84' lang='lat' dir='ltr'><strong>pletur”.</strong></span> <span class='ocrx_word' id='word_1_121' title='bbox 617 1655 635 1688; x_wconf 71' lang='grc' dir='ltr'><strong>ι</strong></span> <span class='ocrx_word' id='word_1_122' title='bbox 673 1639 806 1693; x_wconf 88' lang='lat' dir='ltr'><strong>Nam</strong></span> <span class='ocrx_word' id='word_1_123' title='bbox 869 1644 1041 1709; x_wconf 93' lang='lat' dir='ltr'><strong>ipsam</strong></span> <span class='ocrx_word' id='word_1_124' title='bbox 1098 1659 1314 1714; x_wconf 85' lang='lat' dir='ltr'><strong>quoque</strong></span> <span class='ocrx_word' id='word_1_125' title='bbox 1377 1646 1674 1701; x_wconf 73' lang='lat' dir='ltr'><strong>ﬂuxionem</strong></span> <span class='ocrx_word' id='word_1_126' title='bbox 1726 1663 1880 1702; x_wconf 89' lang='lat' dir='ltr'><strong>suam</strong></span> 
     </span>
    </p>
   </div>
   <div class='ocr_carea' id='block_1_18' title="bbox 310 1719 1956 1802">
    <p class='ocr_par' dir='ltr' id='par_1_18' title="bbox 310 1719 1956 1802">
     <span class='ocr_line' id='line_1_18' title="bbox 310 1719 1956 1802; baseline 0.01 -24"><span class='ocrx_word' id='word_1_127' title='bbox 310 1741 464 1794; x_wconf 71' lang='lat' dir='ltr'><strong>aqure</strong></span> <span class='ocrx_word' id='word_1_128' title='bbox 503 1727 604 1782; x_wconf 91' lang='lat' dir='ltr'><strong>hoc</strong></span> <span class='ocrx_word' id='word_1_129' title='bbox 642 1744 706 1782; x_wconf 86' lang='lat' dir='ltr'><strong>ex</strong></span> <span class='ocrx_word' id='word_1_130' title='bbox 755 1734 1011 1787; x_wconf 82' lang='lat' dir='ltr'><strong>mandato</strong></span> <span class='ocrx_word' id='word_1_131' title='bbox 1046 1734 1136 1788; x_wconf 92' lang='lat' dir='ltr'><strong>Dei</strong></span> <span class='ocrx_word' id='word_1_132' title='bbox 1190 1748 1497 1791; x_wconf 75' lang='lat' dir='ltr'><strong>consecuta:</strong></span> <span class='ocrx_word' id='word_1_133' title='bbox 1554 1749 1702 1802; x_wconf 90' lang='lat' dir='ltr'><strong>sunt,</strong></span> <span class='ocrx_word' id='word_1_134' title='bbox 1758 1755 1880 1794; x_wconf 90' lang='lat' dir='ltr'><strong>cum</strong></span> <span class='ocrx_word' id='word_1_135' title='bbox 1916 1719 1956 1773; x_wconf 70' lang='grc' dir='ltr'>Β</span> 
     </span>
    </p>
   </div>
   <div class='ocr_carea' id='block_1_19' title="bbox 310 1817 1881 1900">
    <p class='ocr_par' dir='ltr' id='par_1_19' title="bbox 310 1817 1881 1900">
     <span class='ocr_line' id='line_1_19' title="bbox 310 1817 1881 1900; baseline 0.011 -32"><span class='ocrx_word' id='word_1_136' title='bbox 310 1817 518 1871; x_wconf 85' lang='lat' dir='ltr'><strong>diceret</strong></span> <span class='ocrx_word' id='word_1_137' title='bbox 550 1839 560 1872; x_wconf 92' lang='lat'><strong>:</strong></span> <span class='ocrx_word' id='word_1_138' title='bbox 598 1838 616 1869; x_wconf 87' lang='grc'><em>‹</em></span> <span class='ocrx_word' id='word_1_139' title='bbox 655 1820 862 1875; x_wconf 85' lang='lat' dir='ltr'><strong>Coeant</strong></span> <span class='ocrx_word' id='word_1_140' title='bbox 893 1826 1109 1895; x_wconf 52' lang='lat' dir='ltr'><strong>aquam]:</strong></span> <span class='ocrx_word' id='word_1_141' title='bbox 1142 1826 1221 1879; x_wconf 85' lang='lat' dir='ltr'><strong>Ab</strong></span> <span class='ocrx_word' id='word_1_142' title='bbox 1249 1828 1438 1881; x_wconf 87' lang='lat' dir='ltr'><strong>eadem</strong></span> <span class='ocrx_word' id='word_1_143' title='bbox 1474 1831 1593 1899; x_wconf 78' lang='lat' dir='ltr'><strong>lege</strong></span> <span class='ocrx_word' id='word_1_144' title='bbox 1631 1831 1881 1900; x_wconf 86' lang='lat' dir='ltr'><strong>principe</strong></span> 
     </span>
    </p>
   </div>
   <div class='ocr_carea' id='block_1_20' title="bbox 310 1909 1885 1981">
    <p class='ocr_par' dir='ltr' id='par_1_20' title="bbox 310 1909 1885 1981">
     <span class='ocr_line' id='line_1_20' title="bbox 310 1909 1885 1981; baseline 0.011 -22"><span class='ocrx_word' id='word_1_145' title='bbox 310 1909 615 1975; x_wconf 78' lang='lat' dir='ltr'><strong>profectum</strong></span> <span class='ocrx_word' id='word_1_146' title='bbox 673 1914 930 1981; x_wconf 87' lang='lat' dir='ltr'><strong>estquod</strong></span> <span class='ocrx_word' id='word_1_147' title='bbox 972 1914 1113 1968; x_wconf 87' lang='lat' dir='ltr'><strong>intra</strong></span> <span class='ocrx_word' id='word_1_148' title='bbox 1170 1917 1371 1972; x_wconf 88' lang='lat' dir='ltr'><strong>limites</strong></span> <span class='ocrx_word' id='word_1_149' title='bbox 1423 1934 1554 1974; x_wconf 90' lang='lat' dir='ltr'><strong>suos</strong></span> <span class='ocrx_word' id='word_1_150' title='bbox 1587 1936 1736 1975; x_wconf 89' lang='lat' dir='ltr'><strong>mare</strong></span> <span class='ocrx_word' id='word_1_151' title='bbox 1776 1922 1885 1977; x_wconf 85' lang='lat' dir='ltr'><strong>cir—</strong></span> 
     </span>
    </p>
   </div>
   <div class='ocr_carea' id='block_1_21' title="bbox 310 2001 1881 2072">
    <p class='ocr_par' dir='ltr' id='par_1_21' title="bbox 310 2001 1881 2072">
     <span class='ocr_line' id='line_1_21' title="bbox 310 2001 1881 2072; baseline 0.01 -23"><span class='ocrx_word' id='word_1_152' title='bbox 310 2001 707 2068; x_wconf 86' lang='lat' dir='ltr'><strong>eumscriptum</strong></span> <span class='ocrx_word' id='word_1_153' title='bbox 773 2011 977 2057; x_wconf 90' lang='lat' dir='ltr'><strong>manet.</strong></span> <span class='ocrx_word' id='word_1_154' title='bbox 1030 2004 1268 2060; x_wconf 84' lang='lat' dir='ltr'><strong>Adverte</strong></span> <span class='ocrx_word' id='word_1_155' title='bbox 1333 2008 1595 2072; x_wconf 87' lang='lat' dir='ltr'><strong>animum,</strong></span> <span class='ocrx_word' id='word_1_156' title='bbox 1639 2010 1713 2063; x_wconf 90' lang='lat' dir='ltr'><strong>mi</strong></span> <span class='ocrx_word' id='word_1_157' title='bbox 1761 2010 1881 2065; x_wconf 82' lang='lat' dir='ltr'><strong>ﬁli:</strong></span> 
     </span>
    </p>
   </div>
   <div class='ocr_carea' id='block_1_22' title="bbox 315 2090 1881 2160">
    <p class='ocr_par' dir='ltr' id='par_1_22' title="bbox 315 2090 1881 2160">
     <span class='ocr_line' id='line_1_22' title="bbox 315 2090 1881 2160; baseline 0.011 -22"><span class='ocrx_word' id='word_1_158' title='bbox 315 2106 333 2138; x_wconf 76' lang='grc' dir='ltr'><strong>ι</strong></span> <span class='ocrx_word' id='word_1_159' title='bbox 372 2090 587 2145; x_wconf 68' lang='lat' dir='ltr'><strong>Coacta:</strong></span> <span class='ocrx_word' id='word_1_160' title='bbox 622 2102 768 2156; x_wconf 91' lang='lat' dir='ltr'><strong>sunt,</strong></span> <span class='ocrx_word' id='word_1_161' title='bbox 805 2095 882 2147; x_wconf 85' lang='lat' dir='ltr'><strong>ait</strong></span> <span class='ocrx_word' id='word_1_162' title='bbox 922 2095 1120 2160; x_wconf 82' lang='lat' dir='ltr'><strong>Moses,</strong></span> <span class='ocrx_word' id='word_1_163' title='bbox 1175 2113 1338 2151; x_wconf 90' lang='lat' dir='ltr'><strong>unam</strong></span> <span class='ocrx_word' id='word_1_164' title='bbox 1394 2099 1445 2152; x_wconf 92' lang='lat' dir='ltr'><strong>in</strong></span> <span class='ocrx_word' id='word_1_165' title='bbox 1498 2100 1881 2157; x_wconf 80' lang='lat' dir='ltr'><strong>collectionem</strong></span> 
     </span>
    </p>
   </div>
   <div class='ocr_carea' id='block_1_23' title="bbox 311 2184 1884 2255">
    <p class='ocr_par' dir='ltr' id='par_1_23' title="bbox 311 2184 1884 2255">
     <span class='ocr_line' id='line_1_23' title="bbox 311 2184 1884 2255; baseline 0.01 -24"><span class='ocrx_word' id='word_1_166' title='bbox 311 2195 486 2247; x_wconf 69' lang='lat' dir='ltr'><strong>aquae,</strong></span> <span class='ocrx_word' id='word_1_167' title='bbox 538 2197 601 2236; x_wconf 91' lang='lat' dir='ltr'><strong>ac</strong></span> <span class='ocrx_word' id='word_1_168' title='bbox 652 2184 858 2238; x_wconf 89' lang='lat' dir='ltr'><strong>siceum</strong></span> <span class='ocrx_word' id='word_1_169' title='bbox 913 2189 1174 2255; x_wconf 87' lang='lat' dir='ltr'><strong>apparuit</strong></span> <span class='ocrx_word' id='word_1_170' title='bbox 1208 2190 1271 2241; x_wconf 74' lang='grc'><strong>’⁸.</strong></span> <span class='ocrx_word' id='word_1_171' title='bbox 1314 2208 1333 2240; x_wconf 69' lang='grc' dir='ltr'><strong>ι</strong></span> <span class='ocrx_word' id='word_1_172' title='bbox 1363 2190 1501 2254; x_wconf 82' lang='lat' dir='ltr'><strong>Quia</strong></span> <span class='ocrx_word' id='word_1_173' title='bbox 1546 2191 1690 2243; x_wconf 74' lang='lat' dir='ltr'><strong>enim</strong></span> <span class='ocrx_word' id='word_1_174' title='bbox 1742 2201 1884 2247; x_wconf 90' lang='lat' dir='ltr'><strong>terra</strong></span> 
     </span>
    </p>
   </div>
   <div class='ocr_carea' id='block_1_24' title="bbox 313 2272 1884 2348">
    <p class='ocr_par' dir='ltr' id='par_1_24' title="bbox 313 2272 1884 2348">
     <span class='ocr_line' id='line_1_24' title="bbox 313 2272 1884 2348; baseline 0.01 -27"><span class='ocrx_word' id='word_1_175' title='bbox 313 2272 462 2322; x_wconf 83' lang='lat' dir='ltr'><strong>cerni</strong></span> <span class='ocrx_word' id='word_1_176' title='bbox 501 2287 604 2324; x_wconf 90' lang='lat' dir='ltr'><strong>non</strong></span> <span class='ocrx_word' id='word_1_177' title='bbox 642 2283 872 2340; x_wconf 88' lang='lat' dir='ltr'><strong>poterat,</strong></span> <span class='ocrx_word' id='word_1_178' title='bbox 908 2283 964 2329; x_wconf 90' lang='lat' dir='ltr'><strong>et</strong></span> <span class='ocrx_word' id='word_1_179' title='bbox 999 2279 1150 2332; x_wconf 87' lang='lat' dir='ltr'><strong>rudis</strong></span> <span class='ocrx_word' id='word_1_180' title='bbox 1180 2293 1243 2333; x_wconf 88' lang='lat' dir='ltr'><strong>ac</strong></span> <span class='ocrx_word' id='word_1_181' title='bbox 1278 2280 1531 2335; x_wconf 81' lang='lat' dir='ltr'><strong>informis</strong></span> <span class='ocrx_word' id='word_1_182' title='bbox 1580 2291 1719 2348; x_wconf 84' lang='lat' dir='ltr'><strong>erat,</strong></span> <span class='ocrx_word' id='word_1_183' title='bbox 1754 2284 1884 2337; x_wconf 91' lang='lat' dir='ltr'><strong>dum</strong></span> 
     </span>
    </p>
   </div>
   <div class='ocr_carea' id='block_1_25' title="bbox 316 2362 1885 2441">
    <p class='ocr_par' dir='ltr' id='par_1_25' title="bbox 316 2362 1885 2441">
     <span class='ocr_line' id='line_1_25' title="bbox 316 2362 1885 2441; baseline 0.01 -27"><span class='ocrx_word' id='word_1_184' title='bbox 316 2362 370 2415; x_wconf 92' lang='lat' dir='ltr'><strong>in</strong></span> <span class='ocrx_word' id='word_1_185' title='bbox 422 2364 539 2433; x_wconf 84' lang='lat' dir='ltr'><strong>ejus</strong></span> <span class='ocrx_word' id='word_1_186' title='bbox 584 2365 874 2433; x_wconf 77' lang='lat' dir='ltr'><strong>superﬁcie</strong></span> <span class='ocrx_word' id='word_1_187' title='bbox 910 2366 1151 2423; x_wconf 77' lang='lat' dir='ltr'><strong>fluitaret</strong></span> <span class='ocrx_word' id='word_1_188' title='bbox 1189 2385 1352 2439; x_wconf 87' lang='lat' dir='ltr'><strong>aqua,</strong></span> <span class='ocrx_word' id='word_1_189' title='bbox 1410 2383 1701 2441; x_wconf 78' lang='lat' dir='ltr'><strong>propterea</strong></span> <span class='ocrx_word' id='word_1_190' title='bbox 1756 2390 1885 2432; x_wconf 89' lang='lat' dir='ltr'><strong>suas</strong></span> 
     </span>
    </p>
   </div>
   <div class='ocr_carea' id='block_1_26' title="bbox 314 2453 1887 2535">
    <p class='ocr_par' dir='ltr' id='par_1_26' title="bbox 314 2453 1887 2535">
     <span class='ocr_line' id='line_1_26' title="bbox 314 2453 1887 2535; baseline 0.01 -30"><span class='ocrx_word' id='word_1_191' title='bbox 314 2453 369 2506; x_wconf 89' lang='lat' dir='ltr'><strong>iu</strong></span> <span class='ocrx_word' id='word_1_192' title='bbox 426 2455 774 2512; x_wconf 86' lang='lat' dir='ltr'><strong>eollectiones</strong></span> <span class='ocrx_word' id='word_1_193' title='bbox 822 2473 963 2527; x_wconf 88' lang='lat' dir='ltr'><strong>aqua</strong></span> <span class='ocrx_word' id='word_1_194' title='bbox 1022 2471 1211 2515; x_wconf 87' lang='lat' dir='ltr'><strong>coacta</strong></span> <span class='ocrx_word' id='word_1_195' title='bbox 1260 2462 1410 2516; x_wconf 89' lang='lat' dir='ltr'><strong>cerni</strong></span> <span class='ocrx_word' id='word_1_196' title='bbox 1460 2465 1676 2519; x_wconf 89' lang='lat' dir='ltr'><strong>tandem</strong></span> <span class='ocrx_word' id='word_1_197' title='bbox 1721 2468 1887 2535; x_wconf 74' lang='lat' dir='ltr'><strong>cmpit</strong></span> 
     </span>
    </p>
   </div>
   <div class='ocr_carea' id='block_1_27' title="bbox 315 2548 1885 2626">
    <p class='ocr_par' dir='ltr' id='par_1_27' title="bbox 315 2548 1885 2626">
     <span class='ocr_line' id='line_1_27' title="bbox 315 2548 1885 2626; baseline 0.01 -29"><span class='ocrx_word' id='word_1_198' title='bbox 315 2554 457 2599; x_wconf 86' lang='lat' dir='ltr'><strong>terra</strong></span> <span class='ocrx_word' id='word_1_199' title='bbox 506 2548 657 2616; x_wconf 87' lang='lat' dir='ltr'><strong>prius</strong></span> <span class='ocrx_word' id='word_1_200' title='bbox 700 2549 1131 2621; x_wconf 87' lang='lat' dir='ltr'><strong>inaspectahilis.</strong></span> <span class='ocrx_word' id='word_1_201' title='bbox 1185 2552 1304 2619; x_wconf 81' lang='lat' dir='ltr'><strong>Quo</strong></span> <span class='ocrx_word' id='word_1_202' title='bbox 1358 2554 1578 2623; x_wconf 69' lang='lat' dir='ltr'><strong>quidem</strong></span> <span class='ocrx_word' id='word_1_203' title='bbox 1640 2565 1885 2626; x_wconf 90' lang='lat' dir='ltr'><strong>tempore</strong></span> 
     </span>
    </p>
   </div>
   <div class='ocr_carea' id='block_1_28' title="bbox 313 2638 1883 2717">
    <p class='ocr_par' dir='ltr' id='par_1_28' title="bbox 313 2638 1883 2717">
     <span class='ocr_line' id='line_1_28' title="bbox 313 2638 1883 2717; baseline 0.01 -29"><span class='ocrx_word' id='word_1_204' title='bbox 313 2638 570 2692; x_wconf 80' lang='lat' dir='ltr'><strong>mandato</strong></span> <span class='ocrx_word' id='word_1_205' title='bbox 602 2640 791 2695; x_wconf 85' lang='lat' dir='ltr'><strong>divino</strong></span> <span class='ocrx_word' id='word_1_206' title='bbox 821 2653 1082 2697; x_wconf 84' lang='lat' dir='ltr'><strong>exornata</strong></span> <span class='ocrx_word' id='word_1_207' title='bbox 1112 2652 1196 2699; x_wconf 89' lang='lat' dir='ltr'><strong>est</strong></span> <span class='ocrx_word' id='word_1_208' title='bbox 1242 2646 1548 2717; x_wconf 80' lang='lat' dir='ltr'><strong>omnigenis</strong></span> <span class='ocrx_word' id='word_1_209' title='bbox 1595 2648 1883 2717; x_wconf 89' lang='lat' dir='ltr'><strong>stirpibus,</strong></span> 
     </span>
    </p>
   </div>
   <div class='ocr_carea' id='block_1_29' title="bbox 315 2727 1037 2797">
    <p class='ocr_par' dir='ltr' id='par_1_29' title="bbox 315 2727 1037 2797">
     <span class='ocr_line' id='line_1_29' title="bbox 315 2727 1037 2797; baseline 0.014 -18"><span class='ocrx_word' id='word_1_210' title='bbox 315 2727 391 2780; x_wconf 87' lang='lat' dir='ltr'><strong>uti</strong></span> <span class='ocrx_word' id='word_1_211' title='bbox 424 2743 587 2797; x_wconf 88' lang='lat' dir='ltr'><strong>supra</strong></span> <span class='ocrx_word' id='word_1_212' title='bbox 636 2731 1037 2790; x_wconf 83' lang='lat' dir='ltr'><strong>iudicabamus.</strong></span> 
     </span>
    </p>
   </div>
   <div class='ocr_carea' id='block_1_30' title="bbox 383 2819 1888 2902">
    <p class='ocr_par' dir='ltr' id='par_1_30' title="bbox 383 2819 1888 2902">
     <span class='ocr_line' id='line_1_30' title="bbox 383 2819 1888 2902; baseline 0.013 -31"><span class='ocrx_word' id='word_1_213' title='bbox 383 2819 588 2883; x_wconf 87' lang='lat' dir='ltr'><strong>Quodsi</strong></span> <span class='ocrx_word' id='word_1_214' title='bbox 638 2823 803 2877; x_wconf 84' lang='lat' dir='ltr'><strong>etiam</strong></span> <span class='ocrx_word' id='word_1_215' title='bbox 860 2828 1080 2895; x_wconf 67' lang='lat' dir='ltr'><strong>quaeris,</strong></span> <span class='ocrx_word' id='word_1_216' title='bbox 1128 2833 1482 2899; x_wconf 86' lang='lat' dir='ltr'><strong>quamobrem</strong></span> <span class='ocrx_word' id='word_1_217' title='bbox 1530 2835 1603 2888; x_wconf 87' lang='lat' dir='ltr'><strong>ita</strong></span> <span class='ocrx_word' id='word_1_218' title='bbox 1647 2836 1888 2902; x_wconf 83' lang='lat' dir='ltr'><strong>particu-</strong></span> 
     </span>
    </p>
   </div>
   <div class='ocr_carea' id='block_1_31' title="bbox 315 2910 1884 2992">
    <p class='ocr_par' dir='ltr' id='par_1_31' title="bbox 315 2910 1884 2992">
     <span class='ocr_line' id='line_1_31' title="bbox 315 2910 1884 2992; baseline 0.011 -29"><span class='ocrx_word' id='word_1_219' title='bbox 315 2910 467 2963; x_wconf 87' lang='lat' dir='ltr'><strong>latim</strong></span> <span class='ocrx_word' id='word_1_220' title='bbox 504 2920 647 2967; x_wconf 90' lang='lat' dir='ltr'><strong>terra</strong></span> <span class='ocrx_word' id='word_1_221' title='bbox 675 2931 833 2971; x_wconf 88' lang='lat' dir='ltr'><strong>suum</strong></span> <span class='ocrx_word' id='word_1_222' title='bbox 864 2932 1249 2974; x_wconf 87' lang='lat' dir='ltr'><strong>ornamentum</strong></span> <span class='ocrx_word' id='word_1_223' title='bbox 1276 2933 1600 2991; x_wconf 80' lang='lat' dir='ltr'><strong>consecuta</strong></span> <span class='ocrx_word' id='word_1_224' title='bbox 1630 2926 1723 2992; x_wconf 90' lang='lat' dir='ltr'><strong>sit,</strong></span> <span class='ocrx_word' id='word_1_225' title='bbox 1776 2941 1884 2980; x_wconf 89' lang='lat' dir='ltr'><strong>non</strong></span> 
     </span>
    </p>
   </div>
   <div class='ocr_carea' id='block_1_32' title="bbox 1987 466 3549 551">
    <p class='ocr_par' dir='ltr' id='par_1_32' title="bbox 1987 466 3549 551">
     <span class='ocr_line' id='line_1_32' title="bbox 1987 466 3549 551; baseline 0.01 -30"><span class='ocrx_word' id='word_1_226' title='bbox 1987 471 2180 538; x_wconf 88' lang='grc' dir='ltr'>γεσθαι</span> <span class='ocrx_word' id='word_1_227' title='bbox 2209 489 2223 504; x_wconf 90' lang='grc'><strong>·</strong></span> <span class='ocrx_word' id='word_1_228' title='bbox 2260 466 2322 526; x_wconf 73' lang='grc' dir='ltr'><strong>οὗ</strong></span> <span class='ocrx_word' id='word_1_229' title='bbox 2342 475 2439 541; x_wconf 81' lang='grc' dir='ltr'>τὴν</span> <span class='ocrx_word' id='word_1_230' title='bbox 2472 476 2713 544; x_wconf 78' lang='grc' dir='ltr'>κεφαλήν</span> <span class='ocrx_word' id='word_1_231' title='bbox 2752 477 2929 540; x_wconf 78' lang='grc' dir='ltr'>οὐδεὶς</span> <span class='ocrx_word' id='word_1_232' title='bbox 2957 476 3171 547; x_wconf 77' lang='grc' dir='ltr'>ἑώρακε</span> <span class='ocrx_word' id='word_1_233' title='bbox 3204 479 3293 533; x_wconf 84' lang='grc' dir='ltr'><strong>διὰ</strong></span> <span class='ocrx_word' id='word_1_234' title='bbox 3322 481 3382 533; x_wconf 76' lang='grc' dir='ltr'>τὸ</span> <span class='ocrx_word' id='word_1_235' title='bbox 3412 484 3549 551; x_wconf 88' lang='grc' dir='ltr'>χιόνι</span> 
     </span>
    </p>
   </div>
   <div class='ocr_carea' id='block_1_33' title="bbox 1987 563 3549 640">
    <p class='ocr_par' dir='ltr' id='par_1_33' title="bbox 1987 563 3549 640">
     <span class='ocr_line' id='line_1_33' title="bbox 1987 563 3549 640; baseline 0.007 -23"><span class='ocrx_word' id='word_1_236' title='bbox 1987 563 2380 619; x_wconf 89' lang='grc' dir='ltr'>καλύπτεσθαι.</span> <span class='ocrx_word' id='word_1_237' title='bbox 2423 567 2533 619; x_wconf 70' lang='lat' dir='ltr'><strong>Kai.</strong></span> <span class='ocrx_word' id='word_1_238' title='bbox 2590 566 2736 620; x_wconf 76' lang='grc' dir='ltr'>οὕτω</span> <span class='ocrx_word' id='word_1_239' title='bbox 2774 569 2871 637; x_wconf 85' lang='grc' dir='ltr'>μὲν</span> <span class='ocrx_word' id='word_1_240' title='bbox 2918 569 2947 621; x_wconf 99' lang='lat'><strong>6</strong></span> <span class='ocrx_word' id='word_1_241' title='bbox 2997 569 3315 640; x_wconf 71' lang='grc' dir='ltr'><strong>διαληφθεὶς</strong></span> <span class='ocrx_word' id='word_1_242' title='bbox 3344 564 3549 627; x_wconf 77' lang='grc' dir='ltr'>Θέοδώ-</span> 
     </span>
    </p>
   </div>
   <div class='ocr_carea' id='block_1_34' title="bbox 1990 655 3547 726">
    <p class='ocr_par' dir='ltr' id='par_1_34' title="bbox 1990 655 3547 726">
     <span class='ocr_line' id='line_1_34' title="bbox 1990 655 3547 726; baseline 0.007 -21"><span class='ocrx_word' id='word_1_243' title='bbox 1990 672 2172 724; x_wconf 83' lang='grc' dir='ltr'>ρητος,</span> <span class='ocrx_word' id='word_1_244' title='bbox 2199 657 2226 707; x_wconf 94' lang='lat'><strong>6</strong></span> <span class='ocrx_word' id='word_1_245' title='bbox 2264 655 2321 707; x_wconf 79' lang='grc' dir='ltr'>δὲ</span> <span class='ocrx_word' id='word_1_246' title='bbox 2353 656 2527 724; x_wconf 86' lang='grc' dir='ltr'>μέγας</span> <span class='ocrx_word' id='word_1_247' title='bbox 2556 656 2833 721; x_wconf 83' lang='grc' dir='ltr'>Βασίλειός</span> <span class='ocrx_word' id='word_1_248' title='bbox 2863 675 3028 725; x_wconf 83' lang='grc' dir='ltr'>φησιν</span> <span class='ocrx_word' id='word_1_249' title='bbox 3062 660 3145 713; x_wconf 83' lang='grc' dir='ltr'>ὅτι</span> <span class='ocrx_word' id='word_1_250' title='bbox 3177 661 3359 726; x_wconf 82' lang='grc' dir='ltr'>καλῶς</span> <span class='ocrx_word' id='word_1_251' title='bbox 3391 659 3547 716; x_wconf 75' lang='grc' dir='ltr'>εἶπεν</span> 
     </span>
    </p>
   </div>
   <div class='ocr_carea' id='block_1_35' title="bbox 1985 747 3550 827">
    <p class='ocr_par' dir='ltr' id='par_1_35' title="bbox 1985 747 3550 827">
     <span class='ocr_line' id='line_1_35' title="bbox 1985 747 3550 827; baseline 0.007 -28"><span class='ocrx_word' id='word_1_252' title='bbox 1985 748 2065 809; x_wconf 83' lang='grc' dir='ltr'><strong>είς</strong></span> <span class='ocrx_word' id='word_1_253' title='bbox 2131 747 2261 816; x_wconf 83' lang='grc' dir='ltr'>μίαν</span> <span class='ocrx_word' id='word_1_254' title='bbox 2310 750 2657 818; x_wconf 82' lang='grc' dir='ltr'>συναγωγήν.</span> <span class='ocrx_word' id='word_1_255' title='bbox 2708 749 2825 803; x_wconf 86' lang='grc' dir='ltr'>Ἵνα</span> <span class='ocrx_word' id='word_1_256' title='bbox 2878 750 2988 820; x_wconf 86' lang='grc' dir='ltr'>γὰρ</span> <span class='ocrx_word' id='word_1_257' title='bbox 3044 751 3121 822; x_wconf 77' lang='grc' dir='ltr'>μὴ</span> <span class='ocrx_word' id='word_1_258' title='bbox 3178 753 3242 806; x_wconf 76' lang='grc' dir='ltr'>τὸ</span> <span class='ocrx_word' id='word_1_259' title='bbox 3296 755 3550 827; x_wconf 81' lang='grc' dir='ltr'>ὲπιῤῥέον</span> 
     </span>
    </p>
   </div>
   <div class='ocr_carea' id='block_1_36' title="bbox 1986 837 3549 915">
    <p class='ocr_par' dir='ltr' id='par_1_36' title="bbox 1986 837 3549 915">
     <span class='ocr_line' id='line_1_36' title="bbox 1986 837 3549 915; baseline 0.006 -25"><span class='ocrx_word' id='word_1_260' title='bbox 1986 837 2129 908; x_wconf 77' lang='grc' dir='ltr'>ὕδωρ</span> <span class='ocrx_word' id='word_1_261' title='bbox 2181 839 2293 892; x_wconf 85' lang='grc' dir='ltr'><strong>τῶν</strong></span> <span class='ocrx_word' id='word_1_262' title='bbox 2356 840 2658 910; x_wconf 81' lang='grc' dir='ltr'><strong>δεχομένων</strong></span> <span class='ocrx_word' id='word_1_263' title='bbox 2716 842 2846 893; x_wconf 80' lang='grc' dir='ltr'>αὐτὸ</span> <span class='ocrx_word' id='word_1_264' title='bbox 2885 841 3097 911; x_wconf 82' lang='grc' dir='ltr'><strong>χωρίων</strong></span> <span class='ocrx_word' id='word_1_265' title='bbox 3150 845 3549 915; x_wconf 83' lang='grc' dir='ltr'><strong>ὑπερχεόμενον</strong></span> 
     </span>
    </p>
   </div>
   <div class='ocr_carea' id='block_1_37' title="bbox 1990 930 3549 1004">
    <p class='ocr_par' dir='ltr' id='par_1_37' title="bbox 1990 930 3549 1004">
     <span class='ocr_line' id='line_1_37' title="bbox 1990 930 3549 1004; baseline 0.004 -24"><span class='ocrx_word' id='word_1_266' title='bbox 1990 930 2339 999; x_wconf 79' lang='grc' dir='ltr'>μετεκϐαίνοι</span> <span class='ocrx_word' id='word_1_267' title='bbox 2368 932 2454 995; x_wconf 79' lang='grc' dir='ltr'>ἂν,</span> <span class='ocrx_word' id='word_1_268' title='bbox 2484 932 2577 983; x_wconf 78' lang='grc' dir='ltr'>καὶ</span> <span class='ocrx_word' id='word_1_269' title='bbox 2620 932 2757 985; x_wconf 80' lang='grc' dir='ltr'>ἄλλα</span> <span class='ocrx_word' id='word_1_270' title='bbox 2802 932 2861 996; x_wconf 78' lang='grc' dir='ltr'>ἐξ</span> <span class='ocrx_word' id='word_1_271' title='bbox 2889 933 3066 988; x_wconf 77' lang='grc' dir='ltr'>ἄλλων</span> <span class='ocrx_word' id='word_1_272' title='bbox 3096 933 3341 1004; x_wconf 81' lang='grc' dir='ltr'><strong>πληροῦν</strong></span> <span class='ocrx_word' id='word_1_273' title='bbox 3370 938 3549 989; x_wconf 80' lang='grc' dir='ltr'>πᾶσαν</span> 
     </span>
    </p>
   </div>
   <div class='ocr_carea' id='block_1_38' title="bbox 1988 1021 3543 1095">
    <p class='ocr_par' dir='ltr' id='par_1_38' title="bbox 1988 1021 3543 1095">
     <span class='ocr_line' id='line_1_38' title="bbox 1988 1021 3543 1095; baseline 0.005 -21"><span class='ocrx_word' id='word_1_274' title='bbox 1988 1022 2126 1075; x_wconf 87' lang='grc' dir='ltr'>κατά</span> <span class='ocrx_word' id='word_1_275' title='bbox 2180 1023 2237 1073; x_wconf 78' lang='grc' dir='ltr'>τὸ</span> <span class='ocrx_word' id='word_1_276' title='bbox 2290 1021 2509 1091; x_wconf 79' lang='grc' dir='ltr'>συνεχὲς</span> <span class='ocrx_word' id='word_1_277' title='bbox 2561 1024 2831 1095; x_wconf 82' lang='grc' dir='ltr'>ὲπικλύσῃ</span> <span class='ocrx_word' id='word_1_278' title='bbox 2884 1024 2984 1093; x_wconf 76' lang='grc' dir='ltr'>τὴν</span> <span class='ocrx_word' id='word_1_279' title='bbox 3031 1025 3330 1095; x_wconf 80' lang='grc' dir='ltr'>ἧπειρον,‹</span> <span class='ocrx_word' id='word_1_280' title='bbox 3368 1029 3543 1081; x_wconf 87' lang='grc' dir='ltr'>Συνα-</span> 
     </span>
    </p>
   </div>
   <div class='ocr_carea' id='block_1_39' title="bbox 1994 1109 3545 1185">
    <p class='ocr_par' dir='ltr' id='par_1_39' title="bbox 1994 1109 3545 1185">
     <span class='ocr_line' id='line_1_39' title="bbox 1994 1109 3545 1185; baseline 0.002 -18"><span class='ocrx_word' id='word_1_281' title='bbox 1994 1114 2178 1184; x_wconf 80' lang='grc' dir='ltr'>χθήτω</span> <span class='ocrx_word' id='word_1_282' title='bbox 2226 1114 2293 1166; x_wconf 78' lang='grc' dir='ltr'><strong>τά</strong></span> <span class='ocrx_word' id='word_1_283' title='bbox 2325 1112 2493 1166; x_wconf 80' lang='grc' dir='ltr'>ὕδατα</span> <span class='ocrx_word' id='word_1_284' title='bbox 2541 1134 2559 1165; x_wconf 73' lang='grc' dir='ltr'><strong>ι</strong></span> <span class='ocrx_word' id='word_1_285' title='bbox 2597 1109 2752 1167; x_wconf 78' lang='grc' dir='ltr'>εἶπεν</span> <span class='ocrx_word' id='word_1_286' title='bbox 2781 1131 2797 1163; x_wconf 72' lang='grc' dir='ltr'><strong>ι</strong></span> <span class='ocrx_word' id='word_1_287' title='bbox 2838 1114 2920 1176; x_wconf 86' lang='grc' dir='ltr'><strong>είς</strong></span> <span class='ocrx_word' id='word_1_288' title='bbox 2969 1119 3298 1185; x_wconf 82' lang='grc' dir='ltr'>συναγωγὴν</span> <span class='ocrx_word' id='word_1_289' title='bbox 3333 1117 3483 1185; x_wconf 86' lang='grc' dir='ltr'>μίαν,</span> <span class='ocrx_word' id='word_1_290' title='bbox 3526 1136 3545 1170; x_wconf 71' lang='grc' dir='ltr'><strong>ι</strong></span> 
     </span>
    </p>
   </div>
   <div class='ocr_carea' id='block_1_40' title="bbox 1986 1203 3549 1275">
    <p class='ocr_par' dir='ltr' id='par_1_40' title="bbox 1986 1203 3549 1275">
     <span class='ocr_line' id='line_1_40' title="bbox 1986 1203 3549 1275; baseline 0.002 -19"><span class='ocrx_word' id='word_1_291' title='bbox 1986 1204 2266 1256; x_wconf 78' lang='grc' dir='ltr'><strong>τουτέστιν</strong></span> <span class='ocrx_word' id='word_1_292' title='bbox 2289 1204 2421 1272; x_wconf 76' lang='grc' dir='ltr'>άλλη</span> <span class='ocrx_word' id='word_1_293' title='bbox 2454 1204 2560 1256; x_wconf 71' lang='grc' dir='ltr'>ἀπὸ</span> <span class='ocrx_word' id='word_1_294' title='bbox 2592 1204 2797 1273; x_wconf 82' lang='grc' dir='ltr'>ταύτης</span> <span class='ocrx_word' id='word_1_295' title='bbox 2842 1203 2920 1273; x_wconf 81' lang='grc' dir='ltr'>μὴ</span> <span class='ocrx_word' id='word_1_296' title='bbox 2967 1204 3398 1275; x_wconf 85' lang='grc' dir='ltr'>άπογευηθήτω,</span> <span class='ocrx_word' id='word_1_297' title='bbox 3428 1207 3549 1260; x_wconf 81' lang='grc' dir='ltr'>ἀλλ’</span> 
     </span>
    </p>
   </div>
   <div class='ocr_carea' id='block_1_41' title="bbox 1987 1293 3547 1364">
    <p class='ocr_par' dir='ltr' id='par_1_41' title="bbox 1987 1293 3547 1364">
     <span class='ocr_line' id='line_1_41' title="bbox 1987 1293 3547 1364; baseline 0.002 -17"><span class='ocrx_word' id='word_1_298' title='bbox 1987 1297 2046 1347; x_wconf 81' lang='grc' dir='ltr'>ὲν</span> <span class='ocrx_word' id='word_1_299' title='bbox 2070 1297 2137 1364; x_wconf 81' lang='grc' dir='ltr'>τῇ</span> <span class='ocrx_word' id='word_1_300' title='bbox 2174 1295 2363 1364; x_wconf 81' lang='grc' dir='ltr'><strong>πρώτῃ</strong></span> <span class='ocrx_word' id='word_1_301' title='bbox 2398 1293 2628 1362; x_wconf 82' lang='grc' dir='ltr'>συλλογῇ</span> <span class='ocrx_word' id='word_1_302' title='bbox 2676 1294 3035 1361; x_wconf 77' lang='grc' dir='ltr'>ἁπομεινάτω</span> <span class='ocrx_word' id='word_1_303' title='bbox 3064 1295 3127 1346; x_wconf 77' lang='grc' dir='ltr'>τὸ</span> <span class='ocrx_word' id='word_1_304' title='bbox 3159 1297 3547 1364; x_wconf 74' lang='grc' dir='ltr'><strong>συναγόμενον.</strong></span> 
     </span>
    </p>
   </div>
   <div class='ocr_carea' id='block_1_42' title="bbox 1988 1383 3551 1455">
    <p class='ocr_par' dir='ltr' id='par_1_42' title="bbox 1988 1383 3551 1455">
     <span class='ocr_line' id='line_1_42' title="bbox 1988 1383 3551 1455; baseline 0.001 -18"><span class='ocrx_word' id='word_1_305' title='bbox 1988 1387 2145 1440; x_wconf 77' lang='grc' dir='ltr'>Κατὰ</span> <span class='ocrx_word' id='word_1_306' title='bbox 2170 1384 2326 1438; x_wconf 74' lang='grc' dir='ltr'>τοῦτο</span> <span class='ocrx_word' id='word_1_307' title='bbox 2351 1383 2447 1437; x_wconf 60' lang='grc' dir='ltr'><strong>κα)⁸</strong></span> <span class='ocrx_word' id='word_1_308' title='bbox 2477 1387 2502 1437; x_wconf 89' lang='lat'><strong>6</strong></span> <span class='ocrx_word' id='word_1_309' title='bbox 2547 1384 2992 1455; x_wconf 84' lang='grc' dir='ltr'>Ἐκκλησιαστής</span> <span class='ocrx_word' id='word_1_310' title='bbox 3030 1401 3201 1452; x_wconf 85' lang='grc' dir='ltr'>φησιν</span> <span class='ocrx_word' id='word_1_311' title='bbox 3236 1386 3318 1437; x_wconf 77' lang='grc' dir='ltr'>ἔτι</span> <span class='ocrx_word' id='word_1_312' title='bbox 3354 1386 3551 1446; x_wconf 87' lang='grc' dir='ltr'>πάντες</span> 
     </span>
    </p>
   </div>
   <div class='ocr_carea' id='block_1_43' title="bbox 1988 1476 3550 1547">
    <p class='ocr_par' dir='ltr' id='par_1_43' title="bbox 1988 1476 3550 1547">
     <span class='ocr_line' id='line_1_43' title="bbox 1988 1476 3550 1547; baseline 0.001 -18"><span class='ocrx_word' id='word_1_313' title='bbox 1988 1480 2037 1530; x_wconf 76' lang='lat' dir='ltr'><strong>oi</strong></span> <span class='ocrx_word' id='word_1_314' title='bbox 2086 1478 2376 1547; x_wconf 71' lang='grc' dir='ltr'>χείμαρροι</span> <span class='ocrx_word' id='word_1_315' title='bbox 2424 1476 2751 1546; x_wconf 80' lang='grc' dir='ltr'>πορεύονται</span> <span class='ocrx_word' id='word_1_316' title='bbox 2800 1478 2881 1539; x_wconf 88' lang='grc' dir='ltr'><strong>είς</strong></span> <span class='ocrx_word' id='word_1_317' title='bbox 2917 1476 3015 1547; x_wconf 75' lang='grc' dir='ltr'>τὴν</span> <span class='ocrx_word' id='word_1_318' title='bbox 3048 1478 3349 1543; x_wconf 78' lang='grc' dir='ltr'>θάλασσαν,</span> <span class='ocrx_word' id='word_1_319' title='bbox 3393 1478 3488 1530; x_wconf 80' lang='grc' dir='ltr'>καὶ</span> <span class='ocrx_word' id='word_1_320' title='bbox 3516 1480 3550 1546; x_wconf 82' lang='grc' dir='ltr'>ἡ</span> 
     </span>
    </p>
   </div>
   <div class='ocr_carea' id='block_1_44' title="bbox 1989 1567 3550 1638">
    <p class='ocr_par' dir='ltr' id='par_1_44' title="bbox 1989 1567 3550 1638">
     <span class='ocr_line' id='line_1_44' title="bbox 1989 1567 3550 1638; baseline 0.001 -18"><span class='ocrx_word' id='word_1_321' title='bbox 1989 1569 2231 1622; x_wconf 82' lang='grc' dir='ltr'>θάλασσα</span> <span class='ocrx_word' id='word_1_322' title='bbox 2276 1570 2376 1620; x_wconf 80' lang='grc' dir='ltr'>οὐκ</span> <span class='ocrx_word' id='word_1_323' title='bbox 2428 1568 2576 1620; x_wconf 78' lang='grc' dir='ltr'>ἔστιν</span> <span class='ocrx_word' id='word_1_324' title='bbox 2629 1567 3042 1637; x_wconf 78' lang='grc' dir='ltr'><strong>ἐμπιπλαμένη,</strong></span> <span class='ocrx_word' id='word_1_325' title='bbox 3096 1568 3282 1638; x_wconf 81' lang='grc' dir='ltr'>ἐπειδὴ</span> <span class='ocrx_word' id='word_1_326' title='bbox 3343 1571 3438 1622; x_wconf 74' lang='grc' dir='ltr'>καὶ</span> <span class='ocrx_word' id='word_1_327' title='bbox 3490 1572 3550 1621; x_wconf 77' lang='grc' dir='ltr'><strong>τὸ</strong></span> 
     </span>
    </p>
   </div>
   <div class='ocr_carea' id='block_1_45' title="bbox 1990 1659 3551 1732">
    <p class='ocr_par' dir='ltr' id='par_1_45' title="bbox 1990 1659 3551 1732">
     <span class='ocr_line' id='line_1_45' title="bbox 1990 1659 3551 1732; baseline -0.001 -17"><span class='ocrx_word' id='word_1_328' title='bbox 1990 1665 2104 1732; x_wconf 80' lang='grc' dir='ltr'>ῥεῖν</span> <span class='ocrx_word' id='word_1_329' title='bbox 2144 1662 2257 1724; x_wconf 89' lang='grc' dir='ltr'>τοῖς</span> <span class='ocrx_word' id='word_1_330' title='bbox 2298 1661 2451 1714; x_wconf 72' lang='grc' dir='ltr'>ὕδασι</span> <span class='ocrx_word' id='word_1_331' title='bbox 2503 1660 2590 1713; x_wconf 76' lang='grc' dir='ltr'><strong>διὰ</strong></span> <span class='ocrx_word' id='word_1_332' title='bbox 2632 1661 2693 1713; x_wconf 82' lang='grc' dir='ltr'>τὸ</span> <span class='ocrx_word' id='word_1_333' title='bbox 2742 1659 2888 1714; x_wconf 88' lang='grc' dir='ltr'>θεῖον</span> <span class='ocrx_word' id='word_1_334' title='bbox 2923 1660 3282 1729; x_wconf 79' lang='grc' dir='ltr'>πρόσταγμα·</span> <span class='ocrx_word' id='word_1_335' title='bbox 3326 1677 3344 1710; x_wconf 80' lang='grc' dir='ltr'><strong>ι</strong></span> <span class='ocrx_word' id='word_1_336' title='bbox 3382 1661 3551 1714; x_wconf 83' lang='grc' dir='ltr'>Συνα-</span> 
     </span>
    </p>
   </div>
   <div class='ocr_carea' id='block_1_46' title="bbox 1986 1755 3553 1828">
    <p class='ocr_par' dir='ltr' id='par_1_46' title="bbox 1986 1755 3553 1828">
     <span class='ocr_line' id='line_1_46' title="bbox 1986 1755 3553 1828; baseline -0.001 -19"><span class='ocrx_word' id='word_1_337' title='bbox 1986 1758 2173 1828; x_wconf 82' lang='grc' dir='ltr'>χθὴτω</span> <span class='ocrx_word' id='word_1_338' title='bbox 2226 1775 2245 1809; x_wconf 70' lang='grc' dir='ltr'><strong>ι</strong></span> <span class='ocrx_word' id='word_1_339' title='bbox 2284 1757 2393 1826; x_wconf 86' lang='grc' dir='ltr'><strong>γάρ</strong></span> <span class='ocrx_word' id='word_1_340' title='bbox 2431 1773 2565 1824; x_wconf 88' lang='grc' dir='ltr'>φησι</span> <span class='ocrx_word' id='word_1_341' title='bbox 2616 1774 2633 1806; x_wconf 84' lang='grc' dir='ltr'><strong>ι</strong></span> <span class='ocrx_word' id='word_1_342' title='bbox 2676 1756 2744 1809; x_wconf 74' lang='grc' dir='ltr'><strong>τὰ</strong></span> <span class='ocrx_word' id='word_1_343' title='bbox 2790 1755 2981 1808; x_wconf 77' lang='grc' dir='ltr'>ὕδατα.</span> <span class='ocrx_word' id='word_1_344' title='bbox 3022 1773 3040 1805; x_wconf 74' lang='grc' dir='ltr'><strong>ι</strong></span> <span class='ocrx_word' id='word_1_345' title='bbox 3077 1756 3189 1808; x_wconf 73' lang='grc' dir='ltr'><strong>Καὶ</strong></span> <span class='ocrx_word' id='word_1_346' title='bbox 3228 1755 3289 1807; x_wconf 85' lang='grc' dir='ltr'>τὸ</span> <span class='ocrx_word' id='word_1_347' title='bbox 3336 1757 3466 1808; x_wconf 78' lang='grc' dir='ltr'>εἵσω</span> <span class='ocrx_word' id='word_1_348' title='bbox 3496 1756 3553 1808; x_wconf 66' lang='grc' dir='ltr'>δέ</span> 
     </span>
    </p>
   </div>
   <div class='ocr_carea' id='block_1_47' title="bbox 1984 1845 3550 1918">
    <p class='ocr_par' dir='ltr' id='par_1_47' title="bbox 1984 1845 3550 1918">
     <span class='ocr_line' id='line_1_47' title="bbox 1984 1845 3550 1918; baseline -0.003 -17"><span class='ocrx_word' id='word_1_349' title='bbox 1984 1849 2093 1901; x_wconf 84' lang='grc' dir='ltr'>τῶν</span> <span class='ocrx_word' id='word_1_350' title='bbox 2118 1849 2259 1918; x_wconf 82' lang='grc' dir='ltr'>ὅρων</span> <span class='ocrx_word' id='word_1_351' title='bbox 2315 1848 2759 1916; x_wconf 87' lang='grc' dir='ltr'>περιγεγράφθαι</span> <span class='ocrx_word' id='word_1_352' title='bbox 2808 1847 2907 1914; x_wconf 82' lang='grc' dir='ltr'>τὴν</span> <span class='ocrx_word' id='word_1_353' title='bbox 2963 1845 3236 1899; x_wconf 87' lang='grc' dir='ltr'>θάλασσαν</span> <span class='ocrx_word' id='word_1_354' title='bbox 3285 1847 3394 1899; x_wconf 81' lang='grc' dir='ltr'><strong>ἀπὸ</strong></span> <span class='ocrx_word' id='word_1_355' title='bbox 3451 1847 3550 1916; x_wconf 87' lang='grc' dir='ltr'>τῆς</span> 
     </span>
    </p>
   </div>
   <div class='ocr_carea' id='block_1_48' title="bbox 1984 1936 3523 2008">
    <p class='ocr_par' dir='ltr' id='par_1_48' title="bbox 1984 1936 3523 2008">
     <span class='ocr_line' id='line_1_48' title="bbox 1984 1936 3523 2008; baseline -0.001 -17"><span class='ocrx_word' id='word_1_356' title='bbox 1984 1939 2210 2008; x_wconf 79' lang='grc' dir='ltr'>πρώτης</span> <span class='ocrx_word' id='word_1_357' title='bbox 2267 1938 2588 2007; x_wconf 79' lang='grc' dir='ltr'>νομοθεσίας</span> <span class='ocrx_word' id='word_1_358' title='bbox 2630 1937 2770 1989; x_wconf 84' lang='grc' dir='ltr'>ἐστί.</span> <span class='ocrx_word' id='word_1_359' title='bbox 2803 1936 3070 2006; x_wconf 87' lang='grc' dir='ltr'>Πρόσεχε,</span> <span class='ocrx_word' id='word_1_360' title='bbox 3112 1937 3388 2007; x_wconf 80' lang='grc' dir='ltr'>ἀγαπητέ.</span> <span class='ocrx_word' id='word_1_361' title='bbox 3417 1937 3523 1989; x_wconf 87' lang='grc' dir='ltr'>Συν</span> 
     </span>
    </p>
   </div>
   <div class='ocr_carea' id='block_1_49' title="bbox 1984 2026 3550 2100">
    <p class='ocr_par' dir='ltr' id='par_1_49' title="bbox 1984 2026 3550 2100">
     <span class='ocr_line' id='line_1_49' title="bbox 1984 2026 3550 2100; baseline -0.002 -17"><span class='ocrx_word' id='word_1_362' title='bbox 1984 2030 2122 2100; x_wconf 81' lang='grc' dir='ltr'>ήχθη</span> <span class='ocrx_word' id='word_1_363' title='bbox 2173 2030 2232 2083; x_wconf 83' lang='grc' dir='ltr'><strong>τὺ</strong></span> <span class='ocrx_word' id='word_1_364' title='bbox 2285 2028 2429 2095; x_wconf 80' lang='grc' dir='ltr'>ὕδωρ</span> <span class='ocrx_word' id='word_1_365' title='bbox 2466 2030 2546 2090; x_wconf 83' lang='grc' dir='ltr'><strong>είς</strong></span> <span class='ocrx_word' id='word_1_366' title='bbox 2592 2028 2918 2096; x_wconf 82' lang='grc' dir='ltr'>συναγωγὴν</span> <span class='ocrx_word' id='word_1_367' title='bbox 2977 2026 3128 2096; x_wconf 88' lang='grc' dir='ltr'>μίαν,</span> <span class='ocrx_word' id='word_1_368' title='bbox 3172 2028 3270 2081; x_wconf 76' lang='grc' dir='ltr'>καὶ</span> <span class='ocrx_word' id='word_1_369' title='bbox 3315 2027 3470 2099; x_wconf 79' lang='grc' dir='ltr'>ὤφθη</span> <span class='ocrx_word' id='word_1_370' title='bbox 3518 2032 3550 2100; x_wconf 80' lang='grc' dir='ltr'>ἡ</span> 
     </span>
    </p>
   </div>
   <div class='ocr_carea' id='block_1_50' title="bbox 1986 2113 3554 2191">
    <p class='ocr_par' dir='ltr' id='par_1_50' title="bbox 1986 2113 3554 2191">
     <span class='ocr_line' id='line_1_50' title="bbox 1986 2113 3554 2191; baseline -0.002 -16"><span class='ocrx_word' id='word_1_371' title='bbox 1986 2122 2145 2191; x_wconf 82' lang='grc' dir='ltr'>ξηρά.</span> <span class='ocrx_word' id='word_1_372' title='bbox 2179 2140 2197 2173; x_wconf 77' lang='grc' dir='ltr'><strong>ι</strong></span> <span class='ocrx_word' id='word_1_373' title='bbox 2246 2119 2465 2188; x_wconf 81' lang='grc' dir='ltr'>Ἐπειδὴ</span> <span class='ocrx_word' id='word_1_374' title='bbox 2515 2119 2623 2187; x_wconf 77' lang='grc' dir='ltr'><strong>γὰρ</strong></span> <span class='ocrx_word' id='word_1_375' title='bbox 2677 2118 2909 2187; x_wconf 80' lang='grc' dir='ltr'>ἀόρατος</span> <span class='ocrx_word' id='word_1_376' title='bbox 2959 2113 3026 2189; x_wconf 76' lang='grc' dir='ltr'>ἦν</span> <span class='ocrx_word' id='word_1_377' title='bbox 3071 2119 3102 2187; x_wconf 77' lang='grc' dir='ltr'>ἡ</span> <span class='ocrx_word' id='word_1_378' title='bbox 3162 2118 3234 2187; x_wconf 86' lang='grc' dir='ltr'>γῆ</span> <span class='ocrx_word' id='word_1_379' title='bbox 3282 2119 3377 2172; x_wconf 71' lang='grc' dir='ltr'>καὶ</span> <span class='ocrx_word' id='word_1_380' title='bbox 3424 2120 3554 2173; x_wconf 76' lang='grc' dir='ltr'>ἀκα-</span> 
     </span>
    </p>
   </div>
   <div class='ocr_carea' id='block_1_51' title="bbox 1983 2207 3549 2279">
    <p class='ocr_par' dir='ltr' id='par_1_51' title="bbox 1983 2207 3549 2279">
     <span class='ocr_line' id='line_1_51' title="bbox 1983 2207 3549 2279; baseline -0.003 -13"><span class='ocrx_word' id='word_1_381' title='bbox 1983 2214 2356 2274; x_wconf 82' lang='grc' dir='ltr'>τασκεύαστος</span> <span class='ocrx_word' id='word_1_382' title='bbox 2400 2211 2498 2264; x_wconf 81' lang='grc' dir='ltr'><strong>ἆτε</strong></span> <span class='ocrx_word' id='word_1_383' title='bbox 2532 2209 2628 2263; x_wconf 76' lang='grc' dir='ltr'><strong>τοῦ</strong></span> <span class='ocrx_word' id='word_1_384' title='bbox 2667 2207 2861 2272; x_wconf 78' lang='grc' dir='ltr'>ὓδατος</span> <span class='ocrx_word' id='word_1_385' title='bbox 2911 2208 3342 2273; x_wconf 75' lang='grc' dir='ltr'>ἐπιπολάζοντος</span> <span class='ocrx_word' id='word_1_386' title='bbox 3384 2211 3549 2279; x_wconf 83' lang='grc' dir='ltr'>αὐτῇ,</span> 
     </span>
    </p>
   </div>
   <div class='ocr_carea' id='block_1_52' title="bbox 1984 2301 3550 2372">
    <p class='ocr_par' dir='ltr' id='par_1_52' title="bbox 1984 2301 3550 2372">
     <span class='ocr_line' id='line_1_52' title="bbox 1984 2301 3550 2372; baseline -0.003 -14"><span class='ocrx_word' id='word_1_387' title='bbox 1984 2305 2070 2359; x_wconf 84' lang='grc' dir='ltr'><strong>διὰ</strong></span> <span class='ocrx_word' id='word_1_388' title='bbox 2091 2303 2246 2358; x_wconf 81' lang='grc' dir='ltr'>τοῦτο</span> <span class='ocrx_word' id='word_1_389' title='bbox 2270 2304 2330 2357; x_wconf 82' lang='grc' dir='ltr'>τὸ</span> <span class='ocrx_word' id='word_1_390' title='bbox 2366 2301 2509 2372; x_wconf 80' lang='grc' dir='ltr'>ὕδωρ</span> <span class='ocrx_word' id='word_1_391' title='bbox 2542 2301 2785 2371; x_wconf 85' lang='grc' dir='ltr'>συνήχθη</span> <span class='ocrx_word' id='word_1_392' title='bbox 2832 2303 2913 2365; x_wconf 79' lang='grc' dir='ltr'>εἰς</span> <span class='ocrx_word' id='word_1_393' title='bbox 2938 2303 3035 2364; x_wconf 74' lang='grc' dir='ltr'><strong>τὰς</strong></span> <span class='ocrx_word' id='word_1_394' title='bbox 3079 2302 3404 2367; x_wconf 77' lang='grc' dir='ltr'>συναγωγὰς</span> <span class='ocrx_word' id='word_1_395' title='bbox 3450 2302 3550 2355; x_wconf 83' lang='grc' dir='ltr'>αύ-</span> 
     </span>
    </p>
   </div>
   <div class='ocr_carea' id='block_1_53' title="bbox 1974 2388 3547 2462">
    <p class='ocr_par' dir='ltr' id='par_1_53' title="bbox 1974 2388 3547 2462">
     <span class='ocr_line' id='line_1_53' title="bbox 1974 2388 3547 2462; baseline -0.003 -13"><span class='ocrx_word' id='word_1_396' title='bbox 1974 2396 2101 2458; x_wconf 72' lang='grc' dir='ltr'><strong>’τοῦ,</strong></span> <span class='ocrx_word' id='word_1_397' title='bbox 2127 2397 2220 2448; x_wconf 63' lang='grc' dir='ltr'><strong>καὶ</strong></span> <span class='ocrx_word' id='word_1_398' title='bbox 2267 2394 2439 2456; x_wconf 80' lang='grc' dir='ltr'>οὕτως</span> <span class='ocrx_word' id='word_1_399' title='bbox 2478 2392 2658 2462; x_wconf 78' lang='grc' dir='ltr'>ὁρατὴ</span> <span class='ocrx_word' id='word_1_400' title='bbox 2693 2391 2918 2460; x_wconf 86' lang='grc' dir='ltr'>γέγονεν</span> <span class='ocrx_word' id='word_1_401' title='bbox 2962 2393 2997 2461; x_wconf 82' lang='grc' dir='ltr'><strong>ή</strong></span> <span class='ocrx_word' id='word_1_402' title='bbox 3048 2392 3280 2460; x_wconf 82' lang='grc' dir='ltr'>ἀόρατος</span> <span class='ocrx_word' id='word_1_403' title='bbox 3324 2388 3459 2445; x_wconf 60' lang='grc' dir='ltr'>οὖσα</span> <span class='ocrx_word' id='word_1_404' title='bbox 3484 2394 3547 2445; x_wconf 80' lang='grc' dir='ltr'>τὸ</span> 
     </span>
    </p>
   </div>
   <div class='ocr_carea' id='block_1_54' title="bbox 1986 2482 3551 2557">
    <p class='ocr_par' dir='ltr' id='par_1_54' title="bbox 1986 2482 3551 2557">
     <span class='ocr_line' id='line_1_54' title="bbox 1986 2482 3551 2557; baseline -0.003 -17"><span class='ocrx_word' id='word_1_405' title='bbox 1986 2488 2273 2557; x_wconf 82' lang='grc' dir='ltr'>πρότερον.</span> <span class='ocrx_word' id='word_1_406' title='bbox 2308 2486 2442 2537; x_wconf 85' lang='grc' dir='ltr'>Τότε</span> <span class='ocrx_word' id='word_1_407' title='bbox 2476 2484 2561 2555; x_wconf 84' lang='grc' dir='ltr'>δὴ,</span> <span class='ocrx_word' id='word_1_408' title='bbox 2596 2484 2716 2536; x_wconf 86' lang='grc' dir='ltr'>τότε</span> <span class='ocrx_word' id='word_1_409' title='bbox 2745 2483 2841 2534; x_wconf 76' lang='grc' dir='ltr'>καὶ</span> <span class='ocrx_word' id='word_1_410' title='bbox 2875 2483 3064 2550; x_wconf 77' lang='grc' dir='ltr'>φυτοῖς</span> <span class='ocrx_word' id='word_1_411' title='bbox 3087 2482 3360 2546; x_wconf 82' lang='grc' dir='ltr'>παντοίοις</span> <span class='ocrx_word' id='word_1_412' title='bbox 3393 2482 3551 2536; x_wconf 54' lang='lat' dir='ltr'><strong>ir.an-</strong></span> 
     </span>
    </p>
   </div>
   <div class='ocr_carea' id='block_1_55' title="bbox 1986 2571 3479 2647">
    <p class='ocr_par' dir='ltr' id='par_1_55' title="bbox 1986 2571 3479 2647">
     <span class='ocr_line' id='line_1_55' title="bbox 1986 2571 3479 2647; baseline -0.001 -16"><span class='ocrx_word' id='word_1_413' title='bbox 1986 2579 2252 2644; x_wconf 81' lang='grc' dir='ltr'>λωπίζετο</span> <span class='ocrx_word' id='word_1_414' title='bbox 2284 2576 2414 2647; x_wconf 83' lang='grc' dir='ltr'>θείῳ</span> <span class='ocrx_word' id='word_1_415' title='bbox 2453 2575 2862 2644; x_wconf 84' lang='grc' dir='ltr'>προστάγματι,</span> <span class='ocrx_word' id='word_1_416' title='bbox 2891 2572 2968 2638; x_wconf 81' lang='grc' dir='ltr'><strong>ὡς</strong></span> <span class='ocrx_word' id='word_1_417' title='bbox 3000 2571 3211 2629; x_wconf 78' lang='grc' dir='ltr'>ἄνωθεν</span> <span class='ocrx_word' id='word_1_418' title='bbox 3239 2573 3479 2644; x_wconf 77' lang='grc' dir='ltr'>εἴρηται.</span> 
     </span>
    </p>
   </div>
   <div class='ocr_carea' id='block_1_56' title="bbox 2059 2832 3553 2901">
    <p class='ocr_par' dir='ltr' id='par_1_56' title="bbox 2059 2832 3553 2901">
     <span class='ocr_line' id='line_1_56' title="bbox 2059 2832 3553 2901; baseline -0.005 -6"><span class='ocrx_word' id='word_1_419' title='bbox 2059 2842 2123 2895; x_wconf 78' lang='lat' dir='ltr'><strong>Ei</strong></span> <span class='ocrx_word' id='word_1_420' title='bbox 2183 2841 2239 2893; x_wconf 85' lang='grc' dir='ltr'>δὲ</span> <span class='ocrx_word' id='word_1_421' title='bbox 2298 2837 2390 2891; x_wconf 74' lang='grc' dir='ltr'><strong>καὶ</strong></span> <span class='ocrx_word' id='word_1_422' title='bbox 2451 2835 2593 2897; x_wconf 83' lang='grc' dir='ltr'>τίνος</span> <span class='ocrx_word' id='word_1_423' title='bbox 2644 2834 2835 2887; x_wconf 69' lang='grc' dir='ltr'>ἕνεκεν</span> <span class='ocrx_word' id='word_1_424' title='bbox 2892 2832 3172 2901; x_wconf 77' lang='grc' dir='ltr'>ἐπιζητεῖς</span> <span class='ocrx_word' id='word_1_425' title='bbox 3229 2832 3371 2886; x_wconf 78' lang='grc' dir='ltr'>οὕτω</span> <span class='ocrx_word' id='word_1_426' title='bbox 3413 2834 3553 2887; x_wconf 76' lang='grc' dir='ltr'>κατὰ</span> 
     </span>
    </p>
   </div>
   <div class='ocr_carea' id='block_1_57' title="bbox 1993 2924 3553 3006">
    <p class='ocr_par' dir='ltr' id='par_1_57' title="bbox 1993 2924 3553 3006">
     <span class='ocr_line' id='line_1_57' title="bbox 1993 2924 3553 3006; baseline -0.007 -18"><span class='ocrx_word' id='word_1_427' title='bbox 1993 2935 2155 3006; x_wconf 80' lang='grc' dir='ltr'>μέρος</span> <span class='ocrx_word' id='word_1_428' title='bbox 2185 2934 2217 3003; x_wconf 82' lang='grc' dir='ltr'>ἡ</span> <span class='ocrx_word' id='word_1_429' title='bbox 2249 2932 2322 3000; x_wconf 85' lang='grc' dir='ltr'>γῆ</span> <span class='ocrx_word' id='word_1_430' title='bbox 2350 2930 2440 2982; x_wconf 83' lang='grc' dir='ltr'>τὸν</span> <span class='ocrx_word' id='word_1_431' title='bbox 2491 2928 2691 2982; x_wconf 77' lang='grc' dir='ltr'>οἰκεῖον</span> <span class='ocrx_word' id='word_1_432' title='bbox 2719 2927 2933 2996; x_wconf 76' lang='grc' dir='ltr'>ἐδέχετο</span> <span class='ocrx_word' id='word_1_433' title='bbox 2969 2926 3175 2995; x_wconf 85' lang='grc' dir='ltr'>κόσμον</span> <span class='ocrx_word' id='word_1_434' title='bbox 3214 2925 3309 2979; x_wconf 77' lang='grc' dir='ltr'>καὶ</span> <span class='ocrx_word' id='word_1_435' title='bbox 3351 2925 3454 2980; x_wconf 76' lang='grc' dir='ltr'>οὐκ</span> <span class='ocrx_word' id='word_1_436' title='bbox 3493 2924 3553 2989; x_wconf 77' lang='grc' dir='ltr'>ἐξ</span> 
     </span>
    </p>
   </div>
   <div class='ocr_carea' id='block_1_58' title="bbox 312 3004 1885 3105">
    <p class='ocr_par' dir='ltr' id='par_1_58' title="bbox 312 3004 1883 3084">
     <span class='ocr_line' id='line_1_58' title="bbox 312 3004 1883 3084; baseline 0.011 -30"><span class='ocrx_word' id='word_1_437' title='bbox 312 3004 499 3057; x_wconf 82' lang='lat' dir='ltr'><strong>statim</strong></span> <span class='ocrx_word' id='word_1_438' title='bbox 532 3006 599 3059; x_wconf 88' lang='lat' dir='ltr'><strong>ab</strong></span> <span class='ocrx_word' id='word_1_439' title='bbox 625 3007 783 3062; x_wconf 89' lang='lat' dir='ltr'><strong>initio</strong></span> <span class='ocrx_word' id='word_1_440' title='bbox 802 3024 1023 3077; x_wconf 89' lang='lat' dir='ltr'><strong>prorsus</strong></span> <span class='ocrx_word' id='word_1_441' title='bbox 1045 3012 1113 3067; x_wconf 90' lang='lat' dir='ltr'><strong>ab</strong></span> <span class='ocrx_word' id='word_1_442' title='bbox 1136 3015 1393 3069; x_wconf 90' lang='lat' dir='ltr'><strong>omnibus</strong></span> <span class='ocrx_word' id='word_1_443' title='bbox 1427 3017 1590 3084; x_wconf 75' lang='lat' dir='ltr'><strong>rebus</strong></span> <span class='ocrx_word' id='word_1_444' title='bbox 1619 3018 1883 3073; x_wconf 88' lang='lat' dir='ltr'><strong>instructa</strong></span> 
     </span>
    </p>
   </div>
   <div class='ocr_carea' id='block_1_59' title="bbox 1987 3004 3550 3105">
    <p class='ocr_par' dir='ltr' id='par_1_59' title="bbox 1989 3004 3550 3096">
     <span class='ocr_line' id='line_1_59' title="bbox 1989 3004 3550 3096; baseline -0.008 -17"><span class='ocrx_word' id='word_1_445' title='bbox 1989 3004 2161 3096; x_wconf 78' lang='grc' dir='ltr'>ἀρχῆς</span> <span class='ocrx_word' id='word_1_446' title='bbox 2188 3023 2357 3091; x_wconf 81' lang='grc' dir='ltr'>αὐτῆς</span> <span class='ocrx_word' id='word_1_447' title='bbox 2383 3018 2768 3089; x_wconf 77' lang='grc' dir='ltr'>ἀπηρτισμένη</span> <span class='ocrx_word' id='word_1_448' title='bbox 2818 3015 3124 3086; x_wconf 84' lang='grc' dir='ltr'>παρήγετο,</span> <span class='ocrx_word' id='word_1_449' title='bbox 3156 3015 3265 3082; x_wconf 75' lang='grc' dir='ltr'><strong>ἐγώ</strong></span> <span class='ocrx_word' id='word_1_450' title='bbox 3296 3031 3382 3068; x_wconf 85' lang='grc' dir='ltr'><strong>σοι</strong></span> <span class='ocrx_word' id='word_1_451' title='bbox 3416 3015 3550 3085; x_wconf 76' lang='grc' dir='ltr'><strong>ἐρῶ,</strong></span> 
     </span>
    </p>
   </div>
   <div class='ocr_carea' id='block_1_60' title="bbox 320 3096 1887 3175">
    <p class='ocr_par' dir='ltr' id='par_1_60' title="bbox 320 3096 1887 3175">
     <span class='ocr_line' id='line_1_60' title="bbox 320 3096 1887 3175; baseline 0.008 -27"><span class='ocrx_word' id='word_1_452' title='bbox 320 3096 421 3165; x_wconf 79' lang='grc'><strong>15</strong></span> <span class='ocrx_word' id='word_1_453' title='bbox 452 3097 1032 3169; x_wconf 83' lang='lat' dir='ltr'><strong>prodierit,.equidem</strong></span> <span class='ocrx_word' id='word_1_454' title='bbox 1068 3104 1319 3173; x_wconf 62' lang='lat' dir='ltr'><strong>ejus&#39;tibi</strong></span> <span class='ocrx_word' id='word_1_455' title='bbox 1352 3107 1431 3159; x_wconf 89' lang='lat' dir='ltr'><strong>rei</strong></span> <span class='ocrx_word' id='word_1_456' title='bbox 1458 3122 1675 3160; x_wconf 85' lang='lat' dir='ltr'><strong>causam</strong></span> <span class='ocrx_word' id='word_1_457' title='bbox 1711 3108 1887 3175; x_wconf 66' lang='lat' dir='ltr'><strong>explio</strong></span> 
     </span>
    </p>
   </div>
   <div class='ocr_carea' id='block_1_61' title="bbox 312 3187 1888 3268">
    <p class='ocr_par' dir='ltr' id='par_1_61' title="bbox 312 3187 1888 3268">
     <span class='ocr_line' id='line_1_61' title="bbox 312 3187 1888 3268; baseline 0.01 -31"><span class='ocrx_word' id='word_1_458' title='bbox 312 3187 471 3252; x_wconf 84' lang='lat' dir='ltr'><strong>cabo,</strong></span> <span class='ocrx_word' id='word_1_459' title='bbox 501 3189 583 3241; x_wconf 86' lang='lat' dir='ltr'><strong>vel</strong></span> <span class='ocrx_word' id='word_1_460' title='bbox 614 3191 795 3257; x_wconf 91' lang='lat' dir='ltr'><strong>potius</strong></span> <span class='ocrx_word' id='word_1_461' title='bbox 825 3207 935 3246; x_wconf 93' lang='lat' dir='ltr'><strong>non</strong></span> <span class='ocrx_word' id='word_1_462' title='bbox 966 3208 1088 3262; x_wconf 81' lang='lat' dir='ltr'><strong>ego,</strong></span> <span class='ocrx_word' id='word_1_463' title='bbox 1129 3195 1222 3249; x_wconf 91' lang='lat' dir='ltr'><strong>sed</strong></span> <span class='ocrx_word' id='word_1_464' title='bbox 1270 3197 1512 3252; x_wconf 83' lang='lat' dir='ltr'><strong>Joannes</strong></span> <span class='ocrx_word' id='word_1_465' title='bbox 1560 3198 1888 3268; x_wconf 87' lang='lat' dir='ltr'><strong>Chrysosto-</strong></span> 
     </span>
    </p>
   </div>
   <div class='ocr_carea' id='block_1_62' title="bbox 316 3279 1885 3355">
    <p class='ocr_par' dir='ltr' id='par_1_62' title="bbox 316 3279 1885 3355">
     <span class='ocr_line' id='line_1_62' title="bbox 316 3279 1885 3355; baseline 0.01 -28"><span class='ocrx_word' id='word_1_466' title='bbox 316 3292 457 3330; x_wconf 86' lang='lat' dir='ltr'><strong>mus.</strong></span> <span class='ocrx_word' id='word_1_467' title='bbox 495 3279 627 3331; x_wconf 88' lang='lat' dir='ltr'><strong>Nam</strong></span> <span class='ocrx_word' id='word_1_468' title='bbox 656 3296 777 3334; x_wconf 92' lang='lat' dir='ltr'><strong>eum</strong></span> <span class='ocrx_word' id='word_1_469' title='bbox 804 3290 950 3336; x_wconf 84' lang='lat' dir='ltr'><strong>terra</strong></span> <span class='ocrx_word' id='word_1_470' title='bbox 980 3285 1050 3339; x_wconf 87' lang='lat' dir='ltr'><strong>sit</strong></span> <span class='ocrx_word' id='word_1_471' title='bbox 1081 3301 1279 3355; x_wconf 86' lang='lat' dir='ltr'><strong>parens</strong></span> <span class='ocrx_word' id='word_1_472' title='bbox 1310 3296 1363 3340; x_wconf 89' lang='lat' dir='ltr'><strong>et</strong></span> <span class='ocrx_word' id='word_1_473' title='bbox 1390 3288 1550 3341; x_wconf 82' lang='lat' dir='ltr'><strong>altrix</strong></span> <span class='ocrx_word' id='word_1_474' title='bbox 1580 3290 1885 3355; x_wconf 87' lang='lat' dir='ltr'><strong>hominum,</strong></span> 
     </span>
    </p>
   </div>
   <div class='ocr_carea' id='block_1_63' title="bbox 315 3366 1884 3443">
    <p class='ocr_par' dir='ltr' id='par_1_63' title="bbox 315 3366 1884 3443">
     <span class='ocr_line' id='line_1_63' title="bbox 315 3366 1884 3443; baseline 0.008 -23"><span class='ocrx_word' id='word_1_475' title='bbox 315 3369 535 3435; x_wconf 85' lang='lat' dir='ltr'><strong>quando</strong></span> <span class='ocrx_word' id='word_1_476' title='bbox 574 3386 638 3424; x_wconf 85' lang='lat' dir='ltr'><strong>ex</strong></span> <span class='ocrx_word' id='word_1_477' title='bbox 673 3387 735 3425; x_wconf 90' lang='lat' dir='ltr'><strong>ea</strong></span> <span class='ocrx_word' id='word_1_478' title='bbox 762 3366 944 3428; x_wconf 68' lang='lat' dir='ltr'><strong>eunet‘i</strong></span> <span class='ocrx_word' id='word_1_479' title='bbox 987 3384 1116 3429; x_wconf 90' lang='lat' dir='ltr'><strong>sunt</strong></span> <span class='ocrx_word' id='word_1_480' title='bbox 1150 3377 1256 3429; x_wconf 89' lang='lat' dir='ltr'><strong>orti</strong></span> <span class='ocrx_word' id='word_1_481' title='bbox 1289 3386 1343 3431; x_wconf 89' lang='lat' dir='ltr'><strong>et</strong></span> <span class='ocrx_word' id='word_1_482' title='bbox 1390 3377 1444 3432; x_wconf 90' lang='lat' dir='ltr'><strong>in</strong></span> <span class='ocrx_word' id='word_1_483' title='bbox 1472 3395 1592 3432; x_wconf 88' lang='lat' dir='ltr'><strong>eam</strong></span> <span class='ocrx_word' id='word_1_484' title='bbox 1631 3380 1884 3443; x_wconf 81' lang='lat' dir='ltr'><strong>redeunt,</strong></span> 
     </span>
    </p>
   </div>
   <div class='ocr_carea' id='block_1_64' title="bbox 314 3466 1886 3540">
    <p class='ocr_par' dir='ltr' id='par_1_64' title="bbox 314 3466 1886 3540">
     <span class='ocr_line' id='line_1_64' title="bbox 314 3466 1886 3540; baseline 0.01 -31"><span class='ocrx_word' id='word_1_485' title='bbox 314 3466 369 3510; x_wconf 92' lang='lat' dir='ltr'><strong>et</strong></span> <span class='ocrx_word' id='word_1_486' title='bbox 399 3466 617 3527; x_wconf 87' lang='lat' dir='ltr'><strong>quando</strong></span> <span class='ocrx_word' id='word_1_487' title='bbox 657 3478 717 3517; x_wconf 86' lang='lat' dir='ltr'><strong>ca</strong></span> <span class='ocrx_word' id='word_1_488' title='bbox 749 3466 997 3532; x_wconf 80' lang='lat' dir='ltr'><strong>quamvis</strong></span> <span class='ocrx_word' id='word_1_489' title='bbox 1042 3466 1279 3521; x_wconf 77' lang='lat' dir='ltr'><strong>fructum</strong></span> <span class='ocrx_word' id='word_1_490' title='bbox 1326 3469 1482 3523; x_wconf 83' lang='lat' dir='ltr'><strong>nobis</strong></span> <span class='ocrx_word' id='word_1_491' title='bbox 1526 3472 1770 3540; x_wconf 78' lang='lat' dir='ltr'><strong>largitur,</strong></span> <span class='ocrx_word' id='word_1_492' title='bbox 1819 3488 1886 3525; x_wconf 90' lang='lat' dir='ltr'><strong>ne</strong></span> 
     </span>
    </p>
   </div>
   <div class='ocr_carea' id='block_1_65' title="bbox 317 3546 1890 3626">
    <p class='ocr_par' dir='ltr' id='par_1_65' title="bbox 317 3546 1890 3626">
     <span class='ocr_line' id='line_1_65' title="bbox 317 3546 1890 3626; baseline 0.011 -26"><span class='ocrx_word' id='word_1_493' title='bbox 317 3546 393 3601; x_wconf 89' lang='lat' dir='ltr'><strong>illi</strong></span> <span class='ocrx_word' id='word_1_494' title='bbox 446 3551 627 3604; x_wconf 86' lang='lat' dir='ltr'><strong>omnia</strong></span> <span class='ocrx_word' id='word_1_495' title='bbox 687 3552 1082 3620; x_wconf 88' lang='lat' dir='ltr'><strong>tribuerentur,</strong></span> <span class='ocrx_word' id='word_1_496' title='bbox 1137 3572 1309 3626; x_wconf 81' lang='lat' dir='ltr'><strong>eaque</strong></span> <span class='ocrx_word' id='word_1_497' title='bbox 1359 3557 1426 3612; x_wconf 89' lang='lat' dir='ltr'><strong>de</strong></span> <span class='ocrx_word' id='word_1_498' title='bbox 1490 3574 1652 3614; x_wconf 88' lang='lat' dir='ltr'><strong>causa</strong></span> <span class='ocrx_word' id='word_1_499' title='bbox 1710 3563 1890 3617; x_wconf 90' lang='lat' dir='ltr'><strong>cultus</strong></span> 
     </span>
    </p>
   </div>
   <div class='ocr_carea' id='block_1_66' title="bbox 317 3637 1888 3719">
    <p class='ocr_par' dir='ltr' id='par_1_66' title="bbox 317 3637 1888 3719">
     <span class='ocr_line' id='line_1_66' title="bbox 317 3637 1888 3719; baseline 0.011 -29"><span class='ocrx_word' id='word_1_500' title='bbox 317 3639 539 3706; x_wconf 86' lang='lat' dir='ltr'><strong>quidam</strong></span> <span class='ocrx_word' id='word_1_501' title='bbox 574 3642 862 3699; x_wconf 85' lang='lat' dir='ltr'><strong>accederet</strong></span> <span class='ocrx_word' id='word_1_502' title='bbox 888 3654 1144 3715; x_wconf 88' lang='lat' dir='ltr'><strong>tanquam</strong></span> <span class='ocrx_word' id='word_1_503' title='bbox 1173 3648 1225 3701; x_wconf 88' lang='lat' dir='ltr'><strong>vi</strong></span> <span class='ocrx_word' id='word_1_504' title='bbox 1268 3637 1639 3719; x_wconf 77' lang='lat' dir='ltr'><strong>facultateque</strong></span> <span class='ocrx_word' id='word_1_505' title='bbox 1684 3668 1780 3704; x_wconf 80' lang='lat' dir='ltr'><strong>sua</strong></span> <span class='ocrx_word' id='word_1_506' title='bbox 1810 3664 1888 3707; x_wconf 85' lang='lat' dir='ltr'><strong>tot</strong></span> 
     </span>
    </p>
   </div>
   <div class='ocr_carea' id='block_1_67' title="bbox 318 3729 1883 3811">
    <p class='ocr_par' dir='ltr' id='par_1_67' title="bbox 318 3729 1883 3811">
     <span class='ocr_line' id='line_1_67' title="bbox 318 3729 1883 3811; baseline 0.01 -30"><span class='ocrx_word' id='word_1_507' title='bbox 318 3729 460 3783; x_wconf 86' lang='lat' dir='ltr'><strong>bona</strong></span> <span class='ocrx_word' id='word_1_508' title='bbox 492 3730 650 3785; x_wconf 80' lang='lat' dir='ltr'><strong>nobis</strong></span> <span class='ocrx_word' id='word_1_509' title='bbox 672 3732 991 3801; x_wconf 81' lang='lat' dir='ltr'><strong>proferenti,</strong></span> <span class='ocrx_word' id='word_1_510' title='bbox 1029 3736 1233 3793; x_wconf 88' lang='lat' dir='ltr'><strong>idcirco</strong></span> <span class='ocrx_word' id='word_1_511' title='bbox 1278 3737 1422 3795; x_wconf 87' lang='lat' dir='ltr'><strong>Deus</strong></span> <span class='ocrx_word' id='word_1_512' title='bbox 1474 3740 1617 3795; x_wconf 85' lang='lat' dir='ltr'><strong>illam</strong></span> <span class='ocrx_word' id='word_1_513' title='bbox 1651 3742 1883 3811; x_wconf 87' lang='lat' dir='ltr'><strong>primum</strong></span> 
     </span>
    </p>
   </div>
   <div class='ocr_carea' id='block_1_68' title="bbox 322 3822 1888 3900">
    <p class='ocr_par' dir='ltr' id='par_1_68' title="bbox 322 3822 1888 3900">
     <span class='ocr_line' id='line_1_68' title="bbox 322 3822 1888 3900; baseline 0.01 -27"><span class='ocrx_word' id='word_1_514' title='bbox 322 3836 464 3889; x_wconf 82' lang='lat' dir='ltr'><strong>aqua</strong></span> <span class='ocrx_word' id='word_1_515' title='bbox 499 3822 628 3893; x_wconf 77' lang='lat' dir='ltr'><strong>tegit</strong></span> <span class='ocrx_word' id='word_1_516' title='bbox 656 3833 712 3879; x_wconf 90' lang='lat' dir='ltr'><strong>et</strong></span> <span class='ocrx_word' id='word_1_517' title='bbox 758 3825 1069 3882; x_wconf 81' lang='lat' dir='ltr'><strong>inornatam</strong></span> <span class='ocrx_word' id='word_1_518' title='bbox 1096 3830 1396 3900; x_wconf 90' lang='lat' dir='ltr'><strong>rudemque</strong></span> <span class='ocrx_word' id='word_1_519' title='bbox 1432 3832 1660 3899; x_wconf 86' lang='lat' dir='ltr'><strong>condit;</strong></span> <span class='ocrx_word' id='word_1_520' title='bbox 1692 3834 1888 3889; x_wconf 85' lang='lat' dir='ltr'><strong>deinde</strong></span> 
     </span>
    </p>
   </div>
   <div class='ocr_carea' id='block_1_69' title="bbox 317 3914 1891 3992">
    <p class='ocr_par' dir='ltr' id='par_1_69' title="bbox 317 3914 1891 3992">
     <span class='ocr_line' id='line_1_69' title="bbox 317 3914 1891 3992; baseline 0.006 -27"><span class='ocrx_word' id='word_1_521' title='bbox 317 3928 513 3982; x_wconf 83' lang='lat' dir='ltr'><strong>aquam</strong></span> <span class='ocrx_word' id='word_1_522' title='bbox 550 3914 604 3969; x_wconf 90' lang='lat' dir='ltr'><strong>in</strong></span> <span class='ocrx_word' id='word_1_523' title='bbox 639 3916 1014 3973; x_wconf 89' lang='lat' dir='ltr'><strong>collectionem</strong></span> <span class='ocrx_word' id='word_1_524' title='bbox 1051 3936 1213 3974; x_wconf 89' lang='lat' dir='ltr'><strong>unam</strong></span> <span class='ocrx_word' id='word_1_525' title='bbox 1240 3922 1404 3992; x_wconf 85' lang='lat' dir='ltr'><strong>cogit,</strong></span> <span class='ocrx_word' id='word_1_526' title='bbox 1430 3932 1595 3992; x_wconf 88' lang='lat' dir='ltr'><strong>atque</strong></span> <span class='ocrx_word' id='word_1_527' title='bbox 1630 3924 1731 3978; x_wconf 84' lang='lat' dir='ltr'><strong>hoc.</strong></span> <span class='ocrx_word' id='word_1_528' title='bbox 1772 3933 1891 3978; x_wconf 74' lang='lat' dir='ltr'><strong>tam</strong></span> 
     </span>
    </p>
   </div>
   <div class='ocr_carea' id='block_1_70' title="bbox 318 4003 1152 4065">
    <p class='ocr_par' dir='ltr' id='par_1_70' title="bbox 318 4003 1152 4065">
     <span class='ocr_line' id='line_1_70' title="bbox 318 4003 1152 4065; baseline 0.011 -9"><span class='ocrx_word' id='word_1_529' title='bbox 318 4003 442 4057; x_wconf 88' lang='lat' dir='ltr'><strong>dem</strong></span> <span class='ocrx_word' id='word_1_530' title='bbox 472 4006 631 4059; x_wconf 90' lang='lat' dir='ltr'><strong>modo</strong></span> <span class='ocrx_word' id='word_1_531' title='bbox 660 4016 863 4062; x_wconf 87' lang='lat' dir='ltr'><strong>terram</strong></span> <span class='ocrx_word' id='word_1_532' title='bbox 901 4010 1152 4065; x_wconf 90' lang='lat' dir='ltr'><strong>instruit.</strong></span> 
     </span>
    </p>
   </div>
   <div class='ocr_carea' id='block_1_71' title="bbox 389 4097 1883 4177">
    <p class='ocr_par' dir='ltr' id='par_1_71' title="bbox 389 4097 1883 4177">
     <span class='ocr_line' id='line_1_71' title="bbox 389 4097 1883 4177; baseline 0.005 -26"><span class='ocrx_word' id='word_1_533' title='bbox 389 4097 502 4152; x_wconf 83' lang='lat' dir='ltr'><strong>Hoc</strong></span> <span class='ocrx_word' id='word_1_534' title='bbox 527 4099 688 4153; x_wconf 87' lang='lat' dir='ltr'><strong>etiam</strong></span> <span class='ocrx_word' id='word_1_535' title='bbox 722 4115 750 4153; x_wconf 91' lang='lat' dir='ltr'><strong>a</strong></span> <span class='ocrx_word' id='word_1_536' title='bbox 786 4101 947 4156; x_wconf 89' lang='lat' dir='ltr'><strong>nobis</strong></span> <span class='ocrx_word' id='word_1_537' title='bbox 982 4103 1185 4173; x_wconf 91' lang='lat' dir='ltr'><strong>inquiri</strong></span> <span class='ocrx_word' id='word_1_538' title='bbox 1216 4105 1453 4177; x_wconf 89' lang='lat' dir='ltr'><strong>pretium</strong></span> <span class='ocrx_word' id='word_1_539' title='bbox 1479 4122 1659 4176; x_wconf 69' lang='lat' dir='ltr'><strong>Opera:</strong></span> <span class='ocrx_word' id='word_1_540' title='bbox 1691 4107 1883 4169; x_wconf 83' lang='lat' dir='ltr'><strong>fuerit,</strong></span> 
     </span>
    </p>
   </div>
   <div class='ocr_carea' id='block_1_72' title="bbox 320 4191 1886 4267">
    <p class='ocr_par' dir='ltr' id='par_1_72' title="bbox 320 4191 1886 4267">
     <span class='ocr_line' id='line_1_72' title="bbox 320 4191 1886 4267; baseline 0.007 -24"><span class='ocrx_word' id='word_1_541' title='bbox 320 4191 542 4244; x_wconf 84' lang='lat' dir='ltr'><strong>ubinam</strong></span> <span class='ocrx_word' id='word_1_542' title='bbox 594 4207 735 4260; x_wconf 87' lang='lat' dir='ltr'><strong>aqua</strong></span> <span class='ocrx_word' id='word_1_543' title='bbox 769 4194 998 4248; x_wconf 87' lang='lat' dir='ltr'><strong>collecta</strong></span> <span class='ocrx_word' id='word_1_544' title='bbox 1040 4195 1229 4262; x_wconf 81' lang='lat' dir='ltr'><strong>fuerit,</strong></span> <span class='ocrx_word' id='word_1_545' title='bbox 1262 4207 1321 4251; x_wconf 93' lang='lat' dir='ltr'><strong>ut</strong></span> <span class='ocrx_word' id='word_1_546' title='bbox 1351 4199 1559 4255; x_wconf 90' lang='lat' dir='ltr'><strong>siceum</strong></span> <span class='ocrx_word' id='word_1_547' title='bbox 1618 4198 1886 4267; x_wconf 85' lang='lat' dir='ltr'><strong>deinceps</strong></span> 
     </span>
    </p>
   </div>
   <div class='ocr_carea' id='block_1_73' title="bbox 321 4284 1888 4359">
    <p class='ocr_par' dir='ltr' id='par_1_73' title="bbox 321 4284 1888 4359">
     <span class='ocr_line' id='line_1_73' title="bbox 321 4284 1888 4359; baseline 0.006 -25"><span class='ocrx_word' id='word_1_548' title='bbox 321 4284 757 4350; x_wconf 78' lang='lat' dir='ltr'><strong>conspiceretur,</strong></span> <span class='ocrx_word' id='word_1_549' title='bbox 812 4284 857 4337; x_wconf 92' lang='lat' dir='ltr'><strong>si</strong></span> <span class='ocrx_word' id='word_1_550' title='bbox 895 4286 1133 4354; x_wconf 74' lang='lat' dir='ltr'><strong>quidem</strong></span> <span class='ocrx_word' id='word_1_551' title='bbox 1186 4289 1441 4344; x_wconf 84' lang='lat' dir='ltr'><strong>universa</strong></span> <span class='ocrx_word' id='word_1_552' title='bbox 1490 4299 1646 4345; x_wconf 74' lang='lat' dir='ltr'><strong>terra:</strong></span> <span class='ocrx_word' id='word_1_553' title='bbox 1700 4305 1888 4359; x_wconf 89' lang='lat' dir='ltr'><strong>super-</strong></span> 
     </span>
    </p>
   </div>
   <div class='ocr_carea' id='block_1_74' title="bbox 1991 3105 3552 3183">
    <p class='ocr_par' dir='ltr' id='par_1_74' title="bbox 1991 3105 3552 3183">
     <span class='ocr_line' id='line_1_74' title="bbox 1991 3105 3552 3183; baseline -0.007 -11"><span class='ocrx_word' id='word_1_554' title='bbox 1991 3116 2189 3183; x_wconf 80' lang='grc' dir='ltr'>μᾶλλον</span> <span class='ocrx_word' id='word_1_555' title='bbox 2229 3114 2283 3166; x_wconf 80' lang='grc' dir='ltr'>δὲ</span> <span class='ocrx_word' id='word_1_556' title='bbox 2325 3111 2422 3164; x_wconf 81' lang='grc' dir='ltr'>οὐκ</span> <span class='ocrx_word' id='word_1_557' title='bbox 2458 3108 2587 3175; x_wconf 82' lang='grc' dir='ltr'>ἐγὼ,</span> <span class='ocrx_word' id='word_1_558' title='bbox 2630 3107 2747 3160; x_wconf 85' lang='grc' dir='ltr'>ἀλλ’</span> <span class='ocrx_word' id='word_1_559' title='bbox 2793 3108 2820 3160; x_wconf 87' lang='lat'><strong>6</strong></span> <span class='ocrx_word' id='word_1_560' title='bbox 2864 3107 2961 3176; x_wconf 78' lang='grc' dir='ltr'>τὴν</span> <span class='ocrx_word' id='word_1_561' title='bbox 3004 3106 3247 3173; x_wconf 82' lang='grc' dir='ltr'>γλῶτταν</span> <span class='ocrx_word' id='word_1_562' title='bbox 3297 3105 3552 3175; x_wconf 79' lang='grc' dir='ltr'>χρυσοῦς.</span> 
     </span>
    </p>
   </div>
   <div class='ocr_carea' id='block_1_75' title="bbox 1999 3196 3549 3274">
    <p class='ocr_par' dir='ltr' id='par_1_75' title="bbox 1999 3196 3549 3274">
     <span class='ocr_line' id='line_1_75' title="bbox 1999 3196 3549 3274; baseline -0.009 -14"><span class='ocrx_word' id='word_1_563' title='bbox 1999 3206 2219 3274; x_wconf 82' lang='grc' dir='ltr'>Ἐπειδὴ</span> <span class='ocrx_word' id='word_1_564' title='bbox 2253 3203 2360 3272; x_wconf 72' lang='grc' dir='ltr'><strong>γὰρ</strong></span> <span class='ocrx_word' id='word_1_565' title='bbox 2396 3203 2427 3268; x_wconf 83' lang='grc' dir='ltr'><strong>ἠ</strong></span> <span class='ocrx_word' id='word_1_566' title='bbox 2476 3201 2547 3269; x_wconf 82' lang='grc' dir='ltr'>γῆ</span> <span class='ocrx_word' id='word_1_567' title='bbox 2595 3200 2778 3267; x_wconf 79' lang='grc' dir='ltr'>μήτηρ</span> <span class='ocrx_word' id='word_1_568' title='bbox 2832 3196 2989 3267; x_wconf 81' lang='grc' dir='ltr'>ἡμῶν</span> <span class='ocrx_word' id='word_1_569' title='bbox 3023 3197 3138 3248; x_wconf 72' lang='grc' dir='ltr'>ἐστι</span> <span class='ocrx_word' id='word_1_570' title='bbox 3194 3196 3289 3249; x_wconf 76' lang='grc' dir='ltr'>καὶ</span> <span class='ocrx_word' id='word_1_571' title='bbox 3331 3196 3549 3265; x_wconf 67' lang='grc' dir='ltr'>τροφδς,</span> 
     </span>
    </p>
   </div>
   <div class='ocr_carea' id='block_1_76' title="bbox 1988 3285 3548 3365">
    <p class='ocr_par' dir='ltr' id='par_1_76' title="bbox 1988 3285 3548 3365">
     <span class='ocr_line' id='line_1_76' title="bbox 1988 3285 3548 3365; baseline -0.01 -12"><span class='ocrx_word' id='word_1_572' title='bbox 1988 3298 2173 3365; x_wconf 73' lang='grc' dir='ltr'>ἐπειδὴ</span> <span class='ocrx_word' id='word_1_573' title='bbox 2209 3296 2405 3354; x_wconf 87' lang='grc' dir='ltr'>πάντες</span> <span class='ocrx_word' id='word_1_574' title='bbox 2450 3292 2507 3356; x_wconf 78' lang='grc' dir='ltr'><strong>ἐξ</strong></span> <span class='ocrx_word' id='word_1_575' title='bbox 2556 3289 2728 3353; x_wconf 84' lang='grc' dir='ltr'>αὐτῆς</span> <span class='ocrx_word' id='word_1_576' title='bbox 2758 3288 3079 3356; x_wconf 84' lang='grc' dir='ltr'>γεγένηνται</span> <span class='ocrx_word' id='word_1_577' title='bbox 3128 3288 3221 3339; x_wconf 64' lang='grc' dir='ltr'>καὶ</span> <span class='ocrx_word' id='word_1_578' title='bbox 3269 3288 3350 3349; x_wconf 71' lang='grc' dir='ltr'><strong>είς</strong></span> <span class='ocrx_word' id='word_1_579' title='bbox 3381 3285 3548 3351; x_wconf 80' lang='grc' dir='ltr'>αὐτὴν</span> 
     </span>
    </p>
   </div>
   <div class='ocr_carea' id='block_1_77' title="bbox 1988 3376 3547 3453">
    <p class='ocr_par' dir='ltr' id='par_1_77' title="bbox 1988 3376 3547 3453">
     <span class='ocr_line' id='line_1_77' title="bbox 1988 3376 3547 3453; baseline -0.012 -9"><span class='ocrx_word' id='word_1_580' title='bbox 1988 3388 2144 3452; x_wconf 81' lang='grc' dir='ltr'>αὖθις</span> <span class='ocrx_word' id='word_1_581' title='bbox 2175 3384 2618 3453; x_wconf 75' lang='grc' dir='ltr'>ἐπιστρέφουσιν,</span> <span class='ocrx_word' id='word_1_582' title='bbox 2656 3378 2847 3446; x_wconf 74' lang='grc' dir='ltr'>ἐπειδὴ</span> <span class='ocrx_word' id='word_1_583' title='bbox 2880 3378 3061 3431; x_wconf 81' lang='grc' dir='ltr'>πᾶσαν</span> <span class='ocrx_word' id='word_1_584' title='bbox 3092 3376 3386 3430; x_wconf 77' lang='grc' dir='ltr'>ἀπολαύειν</span> <span class='ocrx_word' id='word_1_585' title='bbox 3415 3378 3547 3445; x_wconf 78' lang='grc' dir='ltr'>ἡμῖν</span> 
     </span>
    </p>
   </div>
   <div class='ocr_carea' id='block_1_78' title="bbox 1986 3467 3551 3550">
    <p class='ocr_par' dir='ltr' id='par_1_78' title="bbox 1986 3467 3551 3550">
     <span class='ocr_line' id='line_1_78' title="bbox 1986 3467 3551 3550; baseline -0.012 -14"><span class='ocrx_word' id='word_1_586' title='bbox 1986 3482 2123 3547; x_wconf 74' lang='grc' dir='ltr'>αὕτη</span> <span class='ocrx_word' id='word_1_587' title='bbox 2152 3478 2458 3550; x_wconf 75' lang='grc' dir='ltr'>χαρίζεται,</span> <span class='ocrx_word' id='word_1_588' title='bbox 2494 3475 2581 3525; x_wconf 76' lang='grc' dir='ltr'>ἵνα</span> <span class='ocrx_word' id='word_1_589' title='bbox 2619 3470 2691 3540; x_wconf 80' lang='grc' dir='ltr'>μὴ</span> <span class='ocrx_word' id='word_1_590' title='bbox 2727 3470 2787 3521; x_wconf 74' lang='grc' dir='ltr'>τὸ</span> <span class='ocrx_word' id='word_1_591' title='bbox 2820 3470 2929 3521; x_wconf 77' lang='grc' dir='ltr'><strong>πᾶν</strong></span> <span class='ocrx_word' id='word_1_592' title='bbox 2960 3469 3095 3538; x_wconf 78' lang='grc' dir='ltr'>αὐτῇ</span> <span class='ocrx_word' id='word_1_593' title='bbox 3145 3467 3369 3537; x_wconf 86' lang='grc' dir='ltr'>λογισθῇ</span> <span class='ocrx_word' id='word_1_594' title='bbox 3417 3469 3551 3518; x_wconf 74' lang='grc' dir='ltr'>κάν-</span> 
     </span>
    </p>
   </div>
   <div class='ocr_carea' id='block_1_79' title="bbox 1986 3554 3555 3633">
    <p class='ocr_par' dir='ltr' id='par_1_79' title="bbox 1986 3554 3555 3633">
     <span class='ocr_line' id='line_1_79' title="bbox 1986 3554 3555 3633; baseline -0.015 -8"><span class='ocrx_word' id='word_1_595' title='bbox 1986 3571 2178 3624; x_wconf 78' lang='grc' dir='ltr'>τεῦθεν</span> <span class='ocrx_word' id='word_1_596' title='bbox 2217 3569 2379 3627; x_wconf 77' lang='grc' dir='ltr'>σέϐας</span> <span class='ocrx_word' id='word_1_597' title='bbox 2415 3563 2552 3633; x_wconf 82' lang='grc' dir='ltr'>αὐτῇ</span> <span class='ocrx_word' id='word_1_598' title='bbox 2587 3559 2892 3630; x_wconf 78' lang='grc' dir='ltr'>προσαχθῇ,</span> <span class='ocrx_word' id='word_1_599' title='bbox 2921 3558 3153 3626; x_wconf 83' lang='grc' dir='ltr'>δυνάμει</span> <span class='ocrx_word' id='word_1_600' title='bbox 3181 3556 3344 3624; x_wconf 81' lang='grc' dir='ltr'>δῆθεν</span> <span class='ocrx_word' id='word_1_601' title='bbox 3379 3554 3555 3625; x_wconf 74' lang='grc' dir='ltr'>οἰκείᾳ</span> 
     </span>
    </p>
   </div>
   <div class='ocr_carea' id='block_1_80' title="bbox 1982 3644 3556 3723">
    <p class='ocr_par' dir='ltr' id='par_1_80' title="bbox 1982 3644 3556 3723">
     <span class='ocr_line' id='line_1_80' title="bbox 1982 3644 3556 3723; baseline -0.014 -6"><span class='ocrx_word' id='word_1_602' title='bbox 1982 3659 2254 3716; x_wconf 65' lang='grc' dir='ltr'>τοσούτων</span> <span class='ocrx_word' id='word_1_603' title='bbox 2284 3655 2500 3723; x_wconf 61' lang='grc' dir='ltr'>ἀγαθῶν</span> <span class='ocrx_word' id='word_1_604' title='bbox 2535 3653 2668 3722; x_wconf 78' lang='grc' dir='ltr'>ἡμῖν</span> <span class='ocrx_word' id='word_1_605' title='bbox 2692 3648 2838 3718; x_wconf 77' lang='grc' dir='ltr'>αἰτίᾳ</span> <span class='ocrx_word' id='word_1_606' title='bbox 2876 3648 3245 3718; x_wconf 84' lang='grc' dir='ltr'>γεγενημένῃ.</span> <span class='ocrx_word' id='word_1_607' title='bbox 3276 3646 3365 3698; x_wconf 77' lang='grc' dir='ltr'><strong>διὰ</strong></span> <span class='ocrx_word' id='word_1_608' title='bbox 3398 3644 3556 3697; x_wconf 71' lang='grc' dir='ltr'>τοῦτο</span> 
     </span>
    </p>
   </div>
   <div class='ocr_carea' id='block_1_81' title="bbox 1988 3737 3557 3824">
    <p class='ocr_par' dir='ltr' id='par_1_81' title="bbox 1988 3737 3557 3824">
     <span class='ocr_line' id='line_1_81' title="bbox 1988 3737 3557 3824; baseline -0.011 -19"><span class='ocrx_word' id='word_1_609' title='bbox 1988 3754 2180 3824; x_wconf 81' lang='grc' dir='ltr'>πρῶτα</span> <span class='ocrx_word' id='word_1_610' title='bbox 2217 3750 2314 3819; x_wconf 81' lang='grc' dir='ltr'>μὲν</span> <span class='ocrx_word' id='word_1_611' title='bbox 2344 3743 2705 3798; x_wconf 72' lang='grc' dir='ltr'>ἐπικαλύπτει</span> <span class='ocrx_word' id='word_1_612' title='bbox 2735 3739 2939 3809; x_wconf 87' lang='grc' dir='ltr'>ταύτην</span> <span class='ocrx_word' id='word_1_613' title='bbox 2986 3739 3065 3808; x_wconf 84' lang='grc' dir='ltr'>τῷ</span> <span class='ocrx_word' id='word_1_614' title='bbox 3101 3737 3253 3791; x_wconf 78' lang='grc' dir='ltr'>ὕδατι</span> <span class='ocrx_word' id='word_1_615' title='bbox 3293 3738 3386 3791; x_wconf 75' lang='grc' dir='ltr'>καὶ</span> <span class='ocrx_word' id='word_1_616' title='bbox 3417 3738 3557 3789; x_wconf 80' lang='grc' dir='ltr'>ἀκα-</span> 
     </span>
    </p>
   </div>
   <div class='ocr_carea' id='block_1_82' title="bbox 1986 3829 3559 3905">
    <p class='ocr_par' dir='ltr' id='par_1_82' title="bbox 1986 3829 3559 3905">
     <span class='ocr_line' id='line_1_82' title="bbox 1986 3829 3559 3905; baseline -0.013 -5"><span class='ocrx_word' id='word_1_617' title='bbox 1986 3847 2251 3900; x_wconf 87' lang='grc' dir='ltr'>τάσκευον</span> <span class='ocrx_word' id='word_1_618' title='bbox 2306 3840 2471 3900; x_wconf 80' lang='grc' dir='ltr'>ποιεῖ,</span> <span class='ocrx_word' id='word_1_619' title='bbox 2518 3835 2656 3905; x_wconf 70' lang='grc' dir='ltr'>μετὰ</span> <span class='ocrx_word' id='word_1_620' title='bbox 2710 3832 2765 3884; x_wconf 86' lang='grc' dir='ltr'>δὲ</span> <span class='ocrx_word' id='word_1_621' title='bbox 2821 3831 2995 3886; x_wconf 81' lang='grc' dir='ltr'>ταῦτα</span> <span class='ocrx_word' id='word_1_622' title='bbox 3037 3830 3098 3885; x_wconf 78' lang='grc' dir='ltr'>τὸ</span> <span class='ocrx_word' id='word_1_623' title='bbox 3125 3830 3268 3899; x_wconf 74' lang='grc' dir='ltr'>ὕδωρ</span> <span class='ocrx_word' id='word_1_624' title='bbox 3299 3832 3378 3893; x_wconf 79' lang='grc' dir='ltr'>εἰς</span> <span class='ocrx_word' id='word_1_625' title='bbox 3426 3829 3559 3898; x_wconf 89' lang='grc' dir='ltr'>μίαν</span> 
     </span>
    </p>
   </div>
   <div class='ocr_carea' id='block_1_83' title="bbox 1990 3920 3558 4002">
    <p class='ocr_par' dir='ltr' id='par_1_83' title="bbox 1990 3920 3558 4002">
     <span class='ocr_line' id='line_1_83' title="bbox 1990 3920 3558 4002; baseline -0.013 -11"><span class='ocrx_word' id='word_1_626' title='bbox 1990 3936 2311 4002; x_wconf 73' lang='grc' dir='ltr'>ἐπισυνάγει</span> <span class='ocrx_word' id='word_1_627' title='bbox 2361 3926 2711 3995; x_wconf 85' lang='grc' dir='ltr'>συναγωγὴν,</span> <span class='ocrx_word' id='word_1_628' title='bbox 2746 3924 2841 3977; x_wconf 78' lang='grc' dir='ltr'>καὶ</span> <span class='ocrx_word' id='word_1_629' title='bbox 2883 3922 3059 3986; x_wconf 76' lang='grc' dir='ltr'>οὕτως</span> <span class='ocrx_word' id='word_1_630' title='bbox 3101 3920 3334 3992; x_wconf 82' lang='grc' dir='ltr'>ὀφθῆναι</span> <span class='ocrx_word' id='word_1_631' title='bbox 3375 3936 3558 3989; x_wconf 81' lang='grc' dir='ltr'>παρα-</span> 
     </span>
    </p>
   </div>
   <div class='ocr_carea' id='block_1_84' title="bbox 1991 4024 2471 4093">
    <p class='ocr_par' dir='ltr' id='par_1_84' title="bbox 1991 4024 2471 4093">
     <span class='ocr_line' id='line_1_84' title="bbox 1991 4024 2471 4093; baseline -0.017 -10"><span class='ocrx_word' id='word_1_632' title='bbox 1991 4029 2249 4091; x_wconf 80' lang='grc' dir='ltr'>σκευάζει</span> <span class='ocrx_word' id='word_1_633' title='bbox 2279 4024 2471 4093; x_wconf 71' lang='grc' dir='ltr'>αὐτὴν.</span> 
     </span>
    </p>
   </div>
   <div class='ocr_carea' id='block_1_85' title="bbox 2071 4102 3560 4184">
    <p class='ocr_par' dir='ltr' id='par_1_85' title="bbox 2071 4102 3560 4184">
     <span class='ocr_line' id='line_1_85' title="bbox 2071 4102 3560 4184; baseline -0.014 -9"><span class='ocrx_word' id='word_1_634' title='bbox 2071 4120 2235 4175; x_wconf 72' lang='grc' dir='ltr'>Ἀλλὰ</span> <span class='ocrx_word' id='word_1_635' title='bbox 2276 4119 2371 4172; x_wconf 71' lang='grc' dir='ltr'>καὶ</span> <span class='ocrx_word' id='word_1_636' title='bbox 2402 4114 2563 4168; x_wconf 81' lang='grc' dir='ltr'>τοῦτο</span> <span class='ocrx_word' id='word_1_637' title='bbox 2596 4114 2833 4184; x_wconf 79' lang='grc' dir='ltr'>ζητῆσαι</span> <span class='ocrx_word' id='word_1_638' title='bbox 2866 4108 3040 4175; x_wconf 80' lang='grc' dir='ltr'>ἄξιον,</span> <span class='ocrx_word' id='word_1_639' title='bbox 3078 4104 3181 4160; x_wconf 83' lang='grc' dir='ltr'>ποῦ</span> <span class='ocrx_word' id='word_1_640' title='bbox 3223 4102 3464 4173; x_wconf 82' lang='grc' dir='ltr'>συνήχθη</span> <span class='ocrx_word' id='word_1_641' title='bbox 3496 4102 3560 4155; x_wconf 77' lang='grc' dir='ltr'>τὸ</span> 
     </span>
    </p>
   </div>
   <div class='ocr_carea' id='block_1_86' title="bbox 1990 4191 3561 4281">
    <p class='ocr_par' dir='ltr' id='par_1_86' title="bbox 1990 4191 3561 4281">
     <span class='ocr_line' id='line_1_86' title="bbox 1990 4191 3561 4281; baseline -0.016 -15"><span class='ocrx_word' id='word_1_642' title='bbox 1990 4213 2155 4281; x_wconf 77' lang='grc' dir='ltr'>ὓδωρ,</span> <span class='ocrx_word' id='word_1_643' title='bbox 2212 4209 2285 4271; x_wconf 85' lang='grc' dir='ltr'>ὡς</span> <span class='ocrx_word' id='word_1_644' title='bbox 2344 4204 2599 4259; x_wconf 81' lang='grc' dir='ltr'>ἐντεῦθεν</span> <span class='ocrx_word' id='word_1_645' title='bbox 2650 4201 2885 4272; x_wconf 79' lang='grc' dir='ltr'>ὀφθῆναι</span> <span class='ocrx_word' id='word_1_646' title='bbox 2937 4197 3036 4269; x_wconf 81' lang='grc' dir='ltr'>τὴν</span> <span class='ocrx_word' id='word_1_647' title='bbox 3087 4193 3279 4267; x_wconf 79' lang='grc' dir='ltr'>ξηράν,</span> <span class='ocrx_word' id='word_1_648' title='bbox 3334 4191 3448 4260; x_wconf 76' lang='grc' dir='ltr'>εἴγε</span> <span class='ocrx_word' id='word_1_649' title='bbox 3498 4191 3561 4241; x_wconf 73' lang='grc' dir='ltr'><strong>τὸ</strong></span> 
     </span>
    </p>
   </div>
   <div class='ocr_carea' id='block_1_87' title="bbox 1989 4282 3560 4372">
    <p class='ocr_par' dir='ltr' id='par_1_87' title="bbox 1989 4282 3560 4372">
     <span class='ocr_line' id='line_1_87' title="bbox 1989 4282 3560 4372; baseline -0.016 -15"><span class='ocrx_word' id='word_1_650' title='bbox 1989 4292 2282 4372; x_wconf 74' lang='grc' dir='ltr'>πρόσωπον</span> <span class='ocrx_word' id='word_1_651' title='bbox 2327 4297 2473 4351; x_wconf 78' lang='grc' dir='ltr'>ἅπαν</span> <span class='ocrx_word' id='word_1_652' title='bbox 2506 4297 2602 4364; x_wconf 74' lang='grc' dir='ltr'>τῆς</span> <span class='ocrx_word' id='word_1_653' title='bbox 2637 4293 2762 4363; x_wconf 82' lang='grc' dir='ltr'>γῆς,</span> <span class='ocrx_word' id='word_1_654' title='bbox 2791 4290 2864 4354; x_wconf 84' lang='grc' dir='ltr'>ὣς</span> <span class='ocrx_word' id='word_1_655' title='bbox 2910 4305 3075 4360; x_wconf 89' lang='grc' dir='ltr'>φησιν</span> <span class='ocrx_word' id='word_1_656' title='bbox 3128 4286 3163 4356; x_wconf 85' lang='grc' dir='ltr'><strong>ή</strong></span> <span class='ocrx_word' id='word_1_657' title='bbox 3204 4283 3419 4355; x_wconf 74' lang='grc' dir='ltr'>Γραφὴ,</span> <span class='ocrx_word' id='word_1_658' title='bbox 3448 4282 3560 4343; x_wconf 82' lang='grc' dir='ltr'>τοῖς</span> 
     </span>
    </p>
   </div>
   <div class='ocr_carea' id='block_1_88' title="bbox 321 4373 1885 4453">
    <p class='ocr_par' dir='ltr' id='par_1_88' title="bbox 321 4374 1885 4453">
     <span class='ocr_line' id='line_1_88' title="bbox 321 4374 1885 4453; baseline 0.007 -27"><span class='ocrx_word' id='word_1_659' title='bbox 321 4374 954 4444; x_wconf 75' lang='lat' dir='ltr'><strong>liciesquemadmodum</strong></span> <span class='ocrx_word' id='word_1_660' title='bbox 976 4393 1143 4434; x_wconf 84' lang='lat' dir='ltr'><strong>sacrae</strong></span> <span class='ocrx_word' id='word_1_661' title='bbox 1159 4379 1375 4436; x_wconf 79' lang='lat' dir='ltr'><strong>Littera:</strong></span> <span class='ocrx_word' id='word_1_662' title='bbox 1396 4383 1637 4447; x_wconf 87' lang='lat' dir='ltr'><strong>tradunt,</strong></span> <span class='ocrx_word' id='word_1_663' title='bbox 1656 4383 1722 4437; x_wconf 90' lang='lat' dir='ltr'><strong>ab</strong></span> <span class='ocrx_word' id='word_1_664' title='bbox 1737 4383 1885 4453; x_wconf 78' lang='lat' dir='ltr'><strong>aquis</strong></span> 
     </span>
    </p>
   </div>
   <div class='ocr_carea' id='block_1_89' title="bbox 1987 4373 3559 4453">
    <p class='ocr_par' dir='ltr' id='par_1_89' title="bbox 1998 4373 3559 4448">
     <span class='ocr_line' id='line_1_89' title="bbox 1998 4373 3559 4448; baseline -0.017 0"><span class='ocrx_word' id='word_1_665' title='bbox 1998 4396 2183 4448; x_wconf 78' lang='grc' dir='ltr'>ὕδασιν</span> <span class='ocrx_word' id='word_1_666' title='bbox 2211 4389 2565 4444; x_wconf 73' lang='grc' dir='ltr'>ἐκαλύπτετο.</span> <span class='ocrx_word' id='word_1_667' title='bbox 2599 4385 2885 4444; x_wconf 87' lang='grc' dir='ltr'>Ίουστῖνος</span> <span class='ocrx_word' id='word_1_668' title='bbox 2913 4382 2941 4432; x_wconf 90' lang='lat'><strong>6</strong></span> <span class='ocrx_word' id='word_1_669' title='bbox 2972 4377 3260 4446; x_wconf 80' lang='grc' dir='ltr'>φιλόσοφος</span> <span class='ocrx_word' id='word_1_670' title='bbox 3298 4374 3393 4427; x_wconf 77' lang='grc' dir='ltr'>καὶ</span> <span class='ocrx_word' id='word_1_671' title='bbox 3420 4373 3559 4442; x_wconf 81' lang='grc' dir='ltr'>μάρ-</span> 
     </span>
    </p>
   </div>
   <div class='ocr_carea' id='block_1_90' title="bbox 320 4467 1887 4544">
    <p class='ocr_par' dir='ltr' id='par_1_90' title="bbox 320 4467 1887 4544">
     <span class='ocr_line' id='line_1_90' title="bbox 320 4467 1887 4544; baseline 0.007 -25"><span class='ocrx_word' id='word_1_672' title='bbox 320 4467 723 4523; x_wconf 86' lang='lat' dir='ltr'><strong>occultabatur.</strong></span> <span class='ocrx_word' id='word_1_673' title='bbox 757 4469 829 4524; x_wconf 84' lang='lat' dir='ltr'><strong>De</strong></span> <span class='ocrx_word' id='word_1_674' title='bbox 864 4470 967 4526; x_wconf 89' lang='lat' dir='ltr'><strong>hoc</strong></span> <span class='ocrx_word' id='word_1_675' title='bbox 996 4470 1248 4528; x_wconf 82' lang='lat' dir='ltr'><strong>Justinus</strong></span> <span class='ocrx_word' id='word_1_676' title='bbox 1300 4474 1388 4528; x_wconf 91' lang='lat' dir='ltr'><strong>ille</strong></span> <span class='ocrx_word' id='word_1_677' title='bbox 1424 4476 1781 4544; x_wconf 77' lang='lat' dir='ltr'><strong>phiIOSOphus</strong></span> <span class='ocrx_word' id='word_1_678' title='bbox 1823 4491 1887 4529; x_wconf 85' lang='lat' dir='ltr'><strong>ac</strong></span> 
     </span>
    </p>
   </div>
   <div class='ocr_carea' id='block_1_91' title="bbox 322 4559 1884 4632">
    <p class='ocr_par' dir='ltr' id='par_1_91' title="bbox 322 4559 1884 4632">
     <span class='ocr_line' id='line_1_91' title="bbox 322 4559 1884 4632; baseline 0.006 -20"><span class='ocrx_word' id='word_1_679' title='bbox 322 4559 478 4612; x_wconf 86' lang='lat' dir='ltr'><strong>testis</strong></span> <span class='ocrx_word' id='word_1_680' title='bbox 505 4559 733 4629; x_wconf 88' lang='lat' dir='ltr'><strong>Christi,</strong></span> <span class='ocrx_word' id='word_1_681' title='bbox 769 4578 1107 4632; x_wconf 83' lang='lat' dir='ltr'><strong>magnusque</strong></span> <span class='ocrx_word' id='word_1_682' title='bbox 1141 4566 1374 4620; x_wconf 85' lang='lat' dir='ltr'><strong>Basilius</strong></span> <span class='ocrx_word' id='word_1_683' title='bbox 1410 4567 1601 4620; x_wconf 88' lang='lat' dir='ltr'><strong>dicunt</strong></span> <span class='ocrx_word' id='word_1_684' title='bbox 1631 4569 1884 4621; x_wconf 72' lang='lat' dir='ltr'><strong>mandato</strong></span> 
     </span>
    </p>
   </div>
   <div class='ocr_carea' id='block_1_92' title="bbox 320 4649 1882 4723">
    <p class='ocr_par' dir='ltr' id='par_1_92' title="bbox 320 4649 1882 4723">
     <span class='ocr_line' id='line_1_92' title="bbox 320 4649 1882 4723; baseline 0.006 -20"><span class='ocrx_word' id='word_1_685' title='bbox 320 4649 506 4705; x_wconf 83' lang='lat' dir='ltr'><strong>divino</strong></span> <span class='ocrx_word' id='word_1_686' title='bbox 560 4660 674 4707; x_wconf 85' lang='lat' dir='ltr'><strong>tum</strong></span> <span class='ocrx_word' id='word_1_687' title='bbox 728 4655 1098 4709; x_wconf 82' lang='lat' dir='ltr'><strong>roncavitates</strong></span> <span class='ocrx_word' id='word_1_688' title='bbox 1156 4656 1420 4723; x_wconf 87' lang='lat' dir='ltr'><strong>quasdam</strong></span> <span class='ocrx_word' id='word_1_689' title='bbox 1488 4673 1608 4711; x_wconf 86' lang='lat' dir='ltr'><strong>esse</strong></span> <span class='ocrx_word' id='word_1_690' title='bbox 1682 4657 1882 4713; x_wconf 80' lang='lat' dir='ltr'><strong>factas.</strong></span> 
     </span>
    </p>
   </div>
   <div class='ocr_carea' id='block_1_93' title="bbox 321 4741 1887 4816">
    <p class='ocr_par' dir='ltr' id='par_1_93' title="bbox 321 4741 1887 4816">
     <span class='ocr_line' id='line_1_93' title="bbox 321 4741 1887 4816; baseline 0.005 -24"><span class='ocrx_word' id='word_1_691' title='bbox 321 4741 489 4808; x_wconf 79' lang='lat' dir='ltr'><strong>Cujus</strong></span> <span class='ocrx_word' id='word_1_692' title='bbox 517 4743 593 4796; x_wconf 90' lang='lat' dir='ltr'><strong>rei</strong></span> <span class='ocrx_word' id='word_1_693' title='bbox 629 4751 793 4799; x_wconf 90' lang='lat' dir='ltr'><strong>testes</strong></span> <span class='ocrx_word' id='word_1_694' title='bbox 816 4744 926 4800; x_wconf 84' lang='lat' dir='ltr'><strong>sint</strong></span> <span class='ocrx_word' id='word_1_695' title='bbox 950 4745 1165 4809; x_wconf 70' lang='lat' dir='ltr'><strong>insulae,</strong></span> <span class='ocrx_word' id='word_1_696' title='bbox 1198 4746 1364 4800; x_wconf 88' lang='lat' dir='ltr'><strong>nullis</strong></span> <span class='ocrx_word' id='word_1_697' title='bbox 1401 4748 1566 4801; x_wconf 85' lang='lat' dir='ltr'><strong>certis</strong></span> <span class='ocrx_word' id='word_1_698' title='bbox 1602 4747 1887 4816; x_wconf 65' lang='lat' dir='ltr'><strong>descriptae</strong></span> 
     </span>
    </p>
   </div>
   <div class='ocr_carea' id='block_1_94' title="bbox 322 4832 1889 4906">
    <p class='ocr_par' dir='ltr' id='par_1_94' title="bbox 322 4832 1889 4906">
     <span class='ocr_line' id='line_1_94' title="bbox 322 4832 1889 4906; baseline 0.004 -18"><span class='ocrx_word' id='word_1_699' title='bbox 322 4832 495 4896; x_wconf 83' lang='lat' dir='ltr'><strong>locis,</strong></span> <span class='ocrx_word' id='word_1_700' title='bbox 543 4850 664 4903; x_wconf 65' lang='lat' dir='ltr'><strong>quae</strong></span> <span class='ocrx_word' id='word_1_701' title='bbox 699 4837 901 4906; x_wconf 83' lang='lat' dir='ltr'><strong>passim</strong></span> <span class='ocrx_word' id='word_1_702' title='bbox 952 4837 1333 4905; x_wconf 74' lang='lat' dir='ltr'><strong>reperiuntur.</strong></span> <span class='ocrx_word' id='word_1_703' title='bbox 1396 4838 1485 4892; x_wconf 79' lang='lat' dir='ltr'><strong>Eae</strong></span> <span class='ocrx_word' id='word_1_704' title='bbox 1517 4838 1889 4893; x_wconf 76' lang='lat' dir='ltr'><strong>concavitates</strong></span> 
     </span>
    </p>
   </div>
   <div class='ocr_carea' id='block_1_95' title="bbox 326 4927 1888 4999">
    <p class='ocr_par' dir='ltr' id='par_1_95' title="bbox 326 4927 1888 4999">
     <span class='ocr_line' id='line_1_95' title="bbox 326 4927 1888 4999; baseline 0 -16"><span class='ocrx_word' id='word_1_705' title='bbox 326 4928 466 4983; x_wconf 80' lang='lat' dir='ltr'><strong>intra</strong></span> <span class='ocrx_word' id='word_1_706' title='bbox 513 4942 571 4981; x_wconf 90' lang='lat' dir='ltr'><strong>se</strong></span> <span class='ocrx_word' id='word_1_707' title='bbox 614 4927 905 4997; x_wconf 81' lang='lat' dir='ltr'><strong>demissam</strong></span> <span class='ocrx_word' id='word_1_708' title='bbox 944 4945 1139 4999; x_wconf 86' lang='lat' dir='ltr'><strong>aquam</strong></span> <span class='ocrx_word' id='word_1_709' title='bbox 1185 4936 1535 4997; x_wconf 89' lang='lat' dir='ltr'><strong>receperunt.</strong></span> <span class='ocrx_word' id='word_1_710' title='bbox 1591 4928 1748 4994; x_wconf 79' lang='lat' dir='ltr'><strong>Quod</strong></span> <span class='ocrx_word' id='word_1_711' title='bbox 1783 4928 1888 4983; x_wconf 91' lang='lat' dir='ltr'><strong>nisi</strong></span> 
     </span>
    </p>
   </div>
   <div class='ocr_carea' id='block_1_96' title="bbox 325 5019 1889 5089">
    <p class='ocr_par' dir='ltr' id='par_1_96' title="bbox 325 5019 1889 5089">
     <span class='ocr_line' id='line_1_96' title="bbox 325 5019 1889 5089; baseline 0 -16"><span class='ocrx_word' id='word_1_712' title='bbox 325 5019 529 5073; x_wconf 79' lang='lat' dir='ltr'><strong>factum</strong></span> <span class='ocrx_word' id='word_1_713' title='bbox 564 5019 779 5085; x_wconf 80' lang='lat' dir='ltr'><strong>luisset,</strong></span> <span class='ocrx_word' id='word_1_714' title='bbox 816 5036 925 5073; x_wconf 90' lang='lat' dir='ltr'><strong>non</strong></span> <span class='ocrx_word' id='word_1_715' title='bbox 967 5021 1191 5075; x_wconf 81' lang='lat' dir='ltr'><strong>dixisset</strong></span> <span class='ocrx_word' id='word_1_716' title='bbox 1228 5020 1407 5074; x_wconf 80' lang='lat' dir='ltr'><strong>Moses</strong></span> <span class='ocrx_word' id='word_1_717' title='bbox 1429 5019 1747 5089; x_wconf 87' lang='lat' dir='ltr'><strong>adapertum</strong></span> <span class='ocrx_word' id='word_1_718' title='bbox 1780 5020 1889 5074; x_wconf 88' lang='lat' dir='ltr'><strong>sic-</strong></span> 
     </span>
    </p>
   </div>
   <div class='ocr_carea' id='block_1_97' title="bbox 325 5109 1890 5181">
    <p class='ocr_par' dir='ltr' id='par_1_97' title="bbox 325 5109 1890 5181">
     <span class='ocr_line' id='line_1_97' title="bbox 325 5109 1890 5181; baseline 0 -17"><span class='ocrx_word' id='word_1_719' title='bbox 325 5126 450 5164; x_wconf 90' lang='lat' dir='ltr'><strong>cum</strong></span> <span class='ocrx_word' id='word_1_720' title='bbox 479 5109 817 5178; x_wconf 86' lang='lat' dir='ltr'><strong>apparuisse.</strong></span> <span class='ocrx_word' id='word_1_721' title='bbox 849 5109 989 5175; x_wconf 86' lang='lat' dir='ltr'><strong>Quin</strong></span> <span class='ocrx_word' id='word_1_722' title='bbox 1027 5110 1189 5166; x_wconf 85' lang='lat' dir='ltr'><strong>etiam</strong></span> <span class='ocrx_word' id='word_1_723' title='bbox 1222 5111 1277 5181; x_wconf 92' lang='lat'><strong>(0</strong></span> <span class='ocrx_word' id='word_1_724' title='bbox 1298 5110 1561 5181; x_wconf 81' lang='lat' dir='ltr'><strong>insignem</strong></span> <span class='ocrx_word' id='word_1_725' title='bbox 1588 5110 1682 5164; x_wconf 89' lang='lat' dir='ltr'><strong>Dei</strong></span> <span class='ocrx_word' id='word_1_726' title='bbox 1705 5125 1890 5165; x_wconf 88' lang='lat' dir='ltr'><strong>curam</strong></span> 
     </span>
    </p>
   </div>
   <div class='ocr_carea' id='block_1_98' title="bbox 1991 4464 3562 4554">
    <p class='ocr_par' dir='ltr' id='par_1_98' title="bbox 1991 4464 3562 4554">
     <span class='ocr_line' id='line_1_98' title="bbox 1991 4464 3562 4554; baseline -0.017 -14"><span class='ocrx_word' id='word_1_727' title='bbox 1991 4504 2086 4548; x_wconf 87' lang='grc' dir='ltr'><strong>τυς</strong></span> <span class='ocrx_word' id='word_1_728' title='bbox 2110 4480 2347 4554; x_wconf 83' lang='grc' dir='ltr'>Χριστοῦ</span> <span class='ocrx_word' id='word_1_729' title='bbox 2376 4480 2401 4532; x_wconf 89' lang='lat'><strong>6</strong></span> <span class='ocrx_word' id='word_1_730' title='bbox 2435 4480 2607 4548; x_wconf 87' lang='grc' dir='ltr'>μέγας</span> <span class='ocrx_word' id='word_1_731' title='bbox 2633 4494 2691 4529; x_wconf 88' lang='grc' dir='ltr'><strong>τε</strong></span> <span class='ocrx_word' id='word_1_732' title='bbox 2725 4472 3006 4534; x_wconf 85' lang='grc' dir='ltr'>Βασίλειός</span> <span class='ocrx_word' id='word_1_733' title='bbox 3053 4484 3216 4539; x_wconf 82' lang='grc' dir='ltr'>φασιν</span> <span class='ocrx_word' id='word_1_734' title='bbox 3256 4466 3339 4518; x_wconf 87' lang='grc' dir='ltr'>ὅτι</span> <span class='ocrx_word' id='word_1_735' title='bbox 3387 4464 3562 4554; x_wconf 57' lang='grc' dir='ltr'>κοιλόέ</span> 
     </span>
    </p>
   </div>
   <div class='ocr_carea' id='block_1_99' title="bbox 1994 4553 3563 4647">
    <p class='ocr_par' dir='ltr' id='par_1_99' title="bbox 1994 4553 3563 4647">
     <span class='ocr_line' id='line_1_99' title="bbox 1994 4553 3563 4647; baseline -0.015 -17"><span class='ocrx_word' id='word_1_736' title='bbox 1994 4553 2428 4647; x_wconf 14' lang='grc' dir='ltr'>τητεςῗὲγένοντο</span> <span class='ocrx_word' id='word_1_737' title='bbox 2456 4567 2756 4640; x_wconf 80' lang='grc' dir='ltr'>τηνικαῦτα</span> <span class='ocrx_word' id='word_1_738' title='bbox 2802 4564 2943 4618; x_wconf 80' lang='grc' dir='ltr'>κατὰ</span> <span class='ocrx_word' id='word_1_739' title='bbox 2975 4562 3125 4615; x_wconf 86' lang='grc' dir='ltr'>θείαν</span> <span class='ocrx_word' id='word_1_740' title='bbox 3169 4560 3420 4612; x_wconf 83' lang='grc' dir='ltr'>κέλευσιν</span> <span class='ocrx_word' id='word_1_741' title='bbox 3446 4553 3563 4623; x_wconf 75' lang='grc' dir='ltr'>(καὶ</span> 
     </span>
    </p>
   </div>
   <div class='ocr_carea' id='block_1_100' title="bbox 1993 4647 3562 4735">
    <p class='ocr_par' dir='ltr' id='par_1_100' title="bbox 1993 4647 3562 4735">
     <span class='ocr_line' id='line_1_100' title="bbox 1993 4647 3562 4735; baseline -0.017 -11"><span class='ocrx_word' id='word_1_742' title='bbox 1993 4671 2087 4725; x_wconf 74' lang='grc' dir='ltr'>τοῦ</span> <span class='ocrx_word' id='word_1_743' title='bbox 2128 4668 2290 4735; x_wconf 87' lang='grc' dir='ltr'>λόγου</span> <span class='ocrx_word' id='word_1_744' title='bbox 2325 4664 2599 4735; x_wconf 80' lang='grc' dir='ltr'>μάρτυρες</span> <span class='ocrx_word' id='word_1_745' title='bbox 2631 4657 3050 4728; x_wconf 80' lang='grc' dir='ltr'>ἀπαράτρεπτοι</span> <span class='ocrx_word' id='word_1_746' title='bbox 3089 4651 3147 4705; x_wconf 79' lang='grc' dir='ltr'>αἱ</span> <span class='ocrx_word' id='word_1_747' title='bbox 3190 4649 3333 4704; x_wconf 79' lang='grc' dir='ltr'>κατὰ</span> <span class='ocrx_word' id='word_1_748' title='bbox 3363 4647 3562 4704; x_wconf 83' lang='grc' dir='ltr'>τόπους</span> 
     </span>
    </p>
   </div>
   <div class='ocr_carea' id='block_1_101' title="bbox 1989 4736 3564 4841">
    <p class='ocr_par' dir='ltr' id='par_1_101' title="bbox 1989 4736 3564 4841">
     <span class='ocr_line' id='line_1_101' title="bbox 1989 4736 3564 4841; baseline -0.02 -23"><span class='ocrx_word' id='word_1_749' title='bbox 1989 4758 2382 4832; x_wconf 84' lang='grc' dir='ltr'>εὐρισκόμεναι</span> <span class='ocrx_word' id='word_1_750' title='bbox 2426 4752 2623 4821; x_wconf 81' lang='grc' dir='ltr'>νῆσοι),</span> <span class='ocrx_word' id='word_1_751' title='bbox 2657 4749 2751 4803; x_wconf 72' lang='grc' dir='ltr'>καὶ</span> <span class='ocrx_word' id='word_1_752' title='bbox 2778 4746 2951 4808; x_wconf 79' lang='grc' dir='ltr'>οὕτως</span> <span class='ocrx_word' id='word_1_753' title='bbox 2974 4737 3133 4797; x_wconf 73' lang='grc' dir='ltr'>αὗται</span> <span class='ocrx_word' id='word_1_754' title='bbox 3167 4740 3227 4795; x_wconf 85' lang='grc' dir='ltr'>τὸ</span> <span class='ocrx_word' id='word_1_755' title='bbox 3263 4740 3405 4809; x_wconf 78' lang='grc' dir='ltr'>’ὕδωρ</span> <span class='ocrx_word' id='word_1_756' title='bbox 3421 4736 3564 4841; x_wconf 53' lang='grc' dir='ltr'>ξιπο-</span> 
     </span>
    </p>
   </div>
   <div class='ocr_carea' id='block_1_102' title="bbox 1985 4827 3566 4927">
    <p class='ocr_par' dir='ltr' id='par_1_102' title="bbox 1985 4827 3566 4927">
     <span class='ocr_line' id='line_1_102' title="bbox 1985 4827 3566 4927; baseline -0.02 -19"><span class='ocrx_word' id='word_1_757' title='bbox 1985 4827 2255 4926; x_wconf 75' lang='grc' dir='ltr'>χαλασθὲν</span> <span class='ocrx_word' id='word_1_758' title='bbox 2300 4843 2567 4908; x_wconf 73' lang='grc' dir='ltr'>ἐδέξαντο.</span> <span class='ocrx_word' id='word_1_759' title='bbox 2602 4843 2660 4893; x_wconf 78' lang='lat' dir='ltr'><strong>Ei</strong></span> <span class='ocrx_word' id='word_1_760' title='bbox 2709 4842 2785 4911; x_wconf 78' lang='grc' dir='ltr'>μὴ</span> <span class='ocrx_word' id='word_1_761' title='bbox 2836 4839 2947 4907; x_wconf 86' lang='grc' dir='ltr'>γὰρ</span> <span class='ocrx_word' id='word_1_762' title='bbox 3009 4831 3252 4927; x_wconf 78' lang='grc' dir='ltr'>συνήχθη</span> <span class='ocrx_word' id='word_1_763' title='bbox 3305 4830 3371 4927; x_wconf 57' lang='lat' dir='ltr'><strong>eo</strong></span> <span class='ocrx_word' id='word_1_764' title='bbox 3421 4827 3566 4927; x_wconf 45' lang='lat'><strong>65:39</strong></span> 
     </span>
    </p>
   </div>
   <div class='ocr_carea' id='block_1_103' title="bbox 1987 4916 3573 5007">
    <p class='ocr_par' dir='ltr' id='par_1_103' title="bbox 1987 4916 3573 5007">
     <span class='ocr_line' id='line_1_103' title="bbox 1987 4916 3573 5007; baseline -0.019 -9"><span class='ocrx_word' id='word_1_765' title='bbox 1987 4916 2045 4999; x_wconf 58' lang='grc' dir='ltr'>ἓν</span> <span class='ocrx_word' id='word_1_766' title='bbox 2073 4945 2196 5007; x_wconf 84' lang='grc' dir='ltr'>ταῖς</span> <span class='ocrx_word' id='word_1_767' title='bbox 2224 4937 2505 4997; x_wconf 84' lang='grc' dir='ltr'>τοιαύταις</span> <span class='ocrx_word' id='word_1_768' title='bbox 2545 4932 2881 4999; x_wconf 85' lang='grc' dir='ltr'>κοιλότησιν,</span> <span class='ocrx_word' id='word_1_769' title='bbox 2908 4929 3009 4980; x_wconf 81' lang='grc' dir='ltr'>οὐκ</span> <span class='ocrx_word' id='word_1_770' title='bbox 3034 4925 3121 4978; x_wconf 69' lang='grc' dir='ltr'><strong>’ἂν</strong></span> <span class='ocrx_word' id='word_1_771' title='bbox 3166 4916 3573 5007; x_wconf 47' lang='grc' dir='ltr'>ἀποκαλυφθῆέ</span> 
     </span>
    </p>
   </div>
   <div class='ocr_carea' id='block_1_104' title="bbox 1985 5005 3571 5112">
    <p class='ocr_par' dir='ltr' id='par_1_104' title="bbox 1985 5005 3571 5112">
     <span class='ocr_line' id='line_1_104' title="bbox 1985 5005 3571 5112; baseline -0.02 -25"><span class='ocrx_word' id='word_1_772' title='bbox 1985 5051 2072 5087; x_wconf 88' lang='grc' dir='ltr'><strong>ναι</strong></span> <span class='ocrx_word' id='word_1_773' title='bbox 2117 5005 2356 5096; x_wconf 76' lang='grc' dir='ltr'>ἔφθασεν</span> <span class='ocrx_word' id='word_1_774' title='bbox 2407 5025 2439 5094; x_wconf 84' lang='grc' dir='ltr'><strong>ή</strong></span> <span class='ocrx_word' id='word_1_775' title='bbox 2485 5021 2645 5092; x_wconf 82' lang='grc' dir='ltr'>ξηρά.</span> <span class='ocrx_word' id='word_1_776' title='bbox 2686 5019 2871 5080; x_wconf 82' lang='grc' dir='ltr'>Ἀλλὰ,</span> <span class='ocrx_word' id='word_1_777' title='bbox 2900 5012 3230 5086; x_wconf 84' lang='grc' dir='ltr'>κηδεμονίας</span> <span class='ocrx_word' id='word_1_778' title='bbox 3259 5008 3436 5112; x_wconf 54' lang='grc' dir='ltr'><strong>Θεοῦί</strong></span> <span class='ocrx_word' id='word_1_779' title='bbox 3474 5005 3571 5058; x_wconf 81' lang='grc' dir='ltr'>καὶ</span> 
     </span>
    </p>
   </div>
   <div class='ocr_carea' id='block_1_105' title="bbox 1990 5106 3565 5193">
    <p class='ocr_par' dir='ltr' id='par_1_105' title="bbox 1990 5106 3565 5193">
     <span class='ocr_line' id='line_1_105' title="bbox 1990 5106 3565 5193; baseline -0.017 -17"><span class='ocrx_word' id='word_1_780' title='bbox 1990 5124 2188 5193; x_wconf 88' lang='grc' dir='ltr'>νήσους</span> <span class='ocrx_word' id='word_1_781' title='bbox 2223 5118 2328 5187; x_wconf 83' lang='grc' dir='ltr'>γὰρ</span> <span class='ocrx_word' id='word_1_782' title='bbox 2363 5117 2479 5176; x_wconf 78' lang='grc' dir='ltr'>ταῖς</span> <span class='ocrx_word' id='word_1_783' title='bbox 2511 5109 2789 5178; x_wconf 78' lang='grc' dir='ltr'>κοιλότησι</span> <span class='ocrx_word' id='word_1_784' title='bbox 2829 5106 3118 5177; x_wconf 85' lang='grc' dir='ltr'>προσεῖναι</span> <span class='ocrx_word' id='word_1_785' title='bbox 3149 5106 3565 5170; x_wconf 81' lang='grc' dir='ltr'>παρεσκεύασε.</span> 
     </span>
    </p>
   </div>
   <div class='ocr_carea' id='block_1_106' title="bbox 325 5190 1885 5275">
    <p class='ocr_par' dir='ltr' id='par_1_106' title="bbox 325 5201 1885 5273">
     <span class='ocr_line' id='line_1_106' title="bbox 325 5201 1885 5273; baseline 0 -18"><span class='ocrx_word' id='word_1_786' title='bbox 325 5202 393 5255; x_wconf 87' lang='lat' dir='ltr'><strong>de</strong></span> <span class='ocrx_word' id='word_1_787' title='bbox 421 5201 578 5255; x_wconf 87' lang='lat' dir='ltr'><strong>nobis</strong></span> <span class='ocrx_word' id='word_1_788' title='bbox 600 5216 662 5253; x_wconf 86' lang='lat' dir='ltr'><strong>ac</strong></span> <span class='ocrx_word' id='word_1_789' title='bbox 688 5201 1087 5270; x_wconf 79' lang='lat' dir='ltr'><strong>providentiam</strong></span> <span class='ocrx_word' id='word_1_790' title='bbox 1114 5204 1152 5272; x_wconf 90' lang='lat' dir='ltr'><strong>l)</strong></span> <span class='ocrx_word' id='word_1_791' title='bbox 1191 5202 1508 5273; x_wconf 70' lang='lat' dir='ltr'><strong>huiusmodi</strong></span> <span class='ocrx_word' id='word_1_792' title='bbox 1540 5202 1885 5257; x_wconf 86' lang='lat' dir='ltr'><strong>concavitati-</strong></span> 
     </span>
    </p>
   </div>
   <div class='ocr_carea' id='block_1_107' title="bbox 1987 5190 3561 5275">
    <p class='ocr_par' dir='ltr' id='par_1_107' title="bbox 1993 5190 3561 5275">
     <span class='ocr_line' id='line_1_107' title="bbox 1993 5190 3561 5275; baseline -0.018 -7"><span class='ocrx_word' id='word_1_793' title='bbox 1993 5190 2149 5275; x_wconf 80' lang='grc' dir='ltr'>Τίνος</span> <span class='ocrx_word' id='word_1_794' title='bbox 2201 5210 2423 5272; x_wconf 78' lang='grc' dir='ltr'>ἒνεκεν;</span> <span class='ocrx_word' id='word_1_795' title='bbox 2456 5204 2624 5256; x_wconf 84' lang='grc' dir='ltr'>Ὥστε</span> <span class='ocrx_word' id='word_1_796' title='bbox 2681 5201 2808 5262; x_wconf 76' lang='grc' dir='ltr'>τοὺς</span> <span class='ocrx_word' id='word_1_797' title='bbox 2863 5194 3312 5264; x_wconf 78' lang='grc' dir='ltr'>ναυτιλλομένους</span> <span class='ocrx_word' id='word_1_798' title='bbox 3377 5190 3561 5243; x_wconf 71' lang='grc' dir='ltr'>ἐκεῖσε</span> 
     </span>
    </p>
   </div>
   <div class='ocr_carea' id='block_1_108' title="bbox 328 5292 1897 5365">
    <p class='ocr_par' dir='ltr' id='par_1_108' title="bbox 328 5292 1897 5365">
     <span class='ocr_line' id='line_1_108' title="bbox 328 5292 1897 5365; baseline 0.003 -22"><span class='ocrx_word' id='word_1_799' title='bbox 328 5295 431 5346; x_wconf 85' lang='lat' dir='ltr'><strong>hus</strong></span> <span class='ocrx_word' id='word_1_800' title='bbox 461 5294 666 5347; x_wconf 89' lang='lat' dir='ltr'><strong>insulas</strong></span> <span class='ocrx_word' id='word_1_801' title='bbox 704 5292 972 5365; x_wconf 82' lang='lat' dir='ltr'><strong>adjunxit.</strong></span> <span class='ocrx_word' id='word_1_802' title='bbox 999 5295 1111 5349; x_wconf 89' lang='lat' dir='ltr'><strong>Cur</strong></span> <span class='ocrx_word' id='word_1_803' title='bbox 1138 5294 1215 5359; x_wconf 91' lang='lat' dir='ltr'><strong>id,</strong></span> <span class='ocrx_word' id='word_1_804' title='bbox 1250 5296 1477 5365; x_wconf 76' lang='lat' dir='ltr'><strong>qumso?</strong></span> <span class='ocrx_word' id='word_1_805' title='bbox 1504 5296 1574 5350; x_wconf 86' lang='lat' dir='ltr'><strong>Ut</strong></span> <span class='ocrx_word' id='word_1_806' title='bbox 1608 5303 1897 5363; x_wconf 84' lang='lat' dir='ltr'><strong>tempesta-</strong></span> 
     </span>
    </p>
   </div>
   <div class='ocr_carea' id='block_1_109' title="bbox 330 5386 1909 5469">
    <p class='ocr_par' dir='ltr' id='par_1_109' title="bbox 330 5386 1909 5469">
     <span class='ocr_line' id='line_1_109' title="bbox 330 5386 1909 5469; baseline 0.003 -32"><span class='ocrx_word' id='word_1_807' title='bbox 330 5386 476 5439; x_wconf 88' lang='lat' dir='ltr'><strong>tihns</strong></span> <span class='ocrx_word' id='word_1_808' title='bbox 512 5386 703 5456; x_wconf 86' lang='lat' dir='ltr'><strong>jactati</strong></span> <span class='ocrx_word' id='word_1_809' title='bbox 734 5386 988 5441; x_wconf 88' lang='lat' dir='ltr'><strong>homines</strong></span> <span class='ocrx_word' id='word_1_810' title='bbox 1034 5388 1158 5442; x_wconf 81' lang='lat' dir='ltr'><strong>istic</strong></span> <span class='ocrx_word' id='word_1_811' title='bbox 1196 5387 1629 5457; x_wconf 86' lang='lat' dir='ltr'><strong>requiescerent,</strong></span> <span class='ocrx_word' id='word_1_812' title='bbox 1678 5387 1909 5469; x_wconf 36' lang='lat' dir='ltr'><strong>quoties.</strong></span> 
     </span>
    </p>
   </div>
   <div class='ocr_carea' id='block_1_110' title="bbox 327 5477 1455 5548">
    <p class='ocr_par' dir='ltr' id='par_1_110' title="bbox 327 5477 1455 5548">
     <span class='ocr_line' id='line_1_110' title="bbox 327 5477 1455 5548; baseline 0.007 -20"><span class='ocrx_word' id='word_1_813' title='bbox 327 5477 671 5548; x_wconf 80' lang='lat' dir='ltr'><strong>longioribus</strong></span> <span class='ocrx_word' id='word_1_814' title='bbox 703 5479 989 5536; x_wconf 89' lang='lat' dir='ltr'><strong>itineribus</strong></span> <span class='ocrx_word' id='word_1_815' title='bbox 1013 5496 1131 5537; x_wconf 83' lang='lat' dir='ltr'><strong>sese</strong></span> <span class='ocrx_word' id='word_1_816' title='bbox 1162 5481 1455 5538; x_wconf 86' lang='lat' dir='ltr'><strong>dederunt.</strong></span> 
     </span>
    </p>
   </div>
   <div class='ocr_carea' id='block_1_111' title="bbox 404 5659 1684 5726">
    <p class='ocr_par' dir='ltr' id='par_1_111' title="bbox 404 5659 1684 5726">
     <span class='ocr_line' id='line_1_111' title="bbox 404 5659 1684 5726; baseline 0.002 -12"><span class='ocrx_word' id='word_1_817' title='bbox 404 5662 446 5689; x_wconf 77' lang='lat'><strong>“&quot;</strong></span> <span class='ocrx_word' id='word_1_818' title='bbox 481 5659 613 5715; x_wconf 71' lang='grc' dir='ltr'><strong>(Ξσέη.</strong></span> <span class='ocrx_word' id='word_1_819' title='bbox 658 5680 695 5726; x_wconf 88' lang='grc' dir='ltr'><strong>ι,</strong></span> <span class='ocrx_word' id='word_1_820' title='bbox 723 5665 776 5719; x_wconf 83' lang='lat'><strong>9.</strong></span> <span class='ocrx_word' id='word_1_821' title='bbox 860 5665 898 5693; x_wconf 82' lang='grc'>¹⁷</span> <span class='ocrx_word' id='word_1_822' title='bbox 932 5664 1115 5719; x_wconf 63' lang='grc' dir='ltr'><strong>Ιῗοιτιυ.</strong></span> <span class='ocrx_word' id='word_1_823' title='bbox 1144 5683 1179 5725; x_wconf 75' lang='grc' dir='ltr'><strong>ι,</strong></span> <span class='ocrx_word' id='word_1_824' title='bbox 1214 5668 1261 5719; x_wconf 72' lang='grc'>7</span> <span class='ocrx_word' id='word_1_825' title='bbox 1326 5665 1366 5695; x_wconf 70' lang='grc'><strong>’⁸</strong></span> <span class='ocrx_word' id='word_1_826' title='bbox 1392 5667 1684 5721; x_wconf 45' lang='lat' dir='ltr'><strong>(10nd,?</strong></span> 
     </span>
    </p>
   </div>
   <div class='ocr_carea' id='block_1_112' title="bbox 1996 5283 3571 5367">
    <p class='ocr_par' dir='ltr' id='par_1_112' title="bbox 1996 5283 3571 5367">
     <span class='ocr_line' id='line_1_112' title="bbox 1996 5283 3571 5367; baseline -0.017 -9"><span class='ocrx_word' id='word_1_827' title='bbox 1996 5301 2449 5365; x_wconf 79' lang='grc' dir='ltr'>διαναπαύεσθαι,</span> <span class='ocrx_word' id='word_1_828' title='bbox 2480 5296 2643 5367; x_wconf 83' lang='grc' dir='ltr'>ήνίκα</span> <span class='ocrx_word' id='word_1_829' title='bbox 2699 5294 2792 5345; x_wconf 74' lang='grc' dir='ltr'>καὶ</span> <span class='ocrx_word' id='word_1_830' title='bbox 2847 5290 3049 5361; x_wconf 86' lang='grc' dir='ltr'>μᾶλλον</span> <span class='ocrx_word' id='word_1_831' title='bbox 3094 5283 3428 5355; x_wconf 83' lang='grc' dir='ltr'>ὁδοιπορίαις</span> <span class='ocrx_word' id='word_1_832' title='bbox 3467 5297 3571 5350; x_wconf 87' lang='grc' dir='ltr'>μα-</span> 
     </span>
    </p>
   </div>
   <div class='ocr_carea' id='block_1_113' title="bbox 2000 5387 2749 5466">
    <p class='ocr_par' dir='ltr' id='par_1_113' title="bbox 2000 5387 2749 5466">
     <span class='ocr_line' id='line_1_113' title="bbox 2000 5387 2749 5466; baseline -0.016 -17"><span class='ocrx_word' id='word_1_833' title='bbox 2000 5396 2154 5466; x_wconf 56' lang='grc' dir='ltr'>κραῖ,</span> <span class='ocrx_word' id='word_1_834' title='bbox 2196 5392 2425 5454; x_wconf 70' lang='grc' dir='ltr'>ἑαυτοὺς</span> <span class='ocrx_word' id='word_1_835' title='bbox 2458 5387 2749 5443; x_wconf 75' lang='grc' dir='ltr'>ἐκδιδόασι.</span> 
     </span>
    </p>
   </div>
  </div>
