4052 6200
314 211 370 270 bi
1543 205 1848 268 ANNALU

1949 208 1950 212 ‘
1991 205 2186 268 PARS
2227 208 2274 270 Ι.
3445 205 3511 288 ιιι

369 322 450 394 Μὴ
481 320 722 392 θαύμαζε
751 321 808 377 δὲ
850 322 964 392 εἴγε
1006 322 1254 394 ποτίμων
1287 308 1457 377 δντὶυν
1496 322 1604 376 τῶν
1648 323 1729 386 εις
1756 321 1848 392 τὴν

2025 322 2136 379 Nec
2190 304 2273 379 est
2335 324 2480 396 quod
2538 324 2752 380 mireris
2806 337 2975 395 aquas
3026 309 3242 395 quidem
3283 324 3336 377 in
3365 339 3515 378 mare
3611 380 3618 385 _

312 415 559 468 θάλασσαν
607 413 931 484 εἰσρεόντων
981 413 1192 468 ὑδάτων
1235 413 1454 483 ἁλμυρὰ
1519 415 1652 484 μόνη
1703 413 1842 483 αὕτη

308 506 389 558 καὶ
427 504 623 568 ἄποτος
663 505 960 559 δείκνυται.
992 505 1090 559 Διά
1130 505 1242 576 γὰρ
1283 506 1380 574 τὴν
1412 506 1670 576 καπνώδη
1712 506 1842 559 ἁνα-

309 595 547 663 Θυμίασιν
608 596 1025 665 παρακειμένην
1083 597 1217 666 αὐτῇ
1284 597 1378 649 καὶ
1441 598 1606 649 οἱονεὶ
1667 614 1846 665 παρα-

305 685 544 739 καίουσάν
569 702 626 736 τε
660 686 754 738 καὶ
795 686 1282 754 παραφρύγουσαν,
1317 690 1413 742 καὶ
1467 686 1566 756 τὴν
1595 688 1846 758 ἁλμυρὰν

305 777 420 844 αὐτῇ
469 776 804 844 ἐμποιοῦσαν
859 776 1140 846 ποιότητα,
1177 777 1367 846 ὥσπερ
1412 794 1468 831 τι
1519 779 1844 848 περίττωμα

305 874 356 922 τὸ
393 870 626 940 ἁλμυρδν
669 870 814 940 ὕδωρ
861 871 1180 938 ὑφίσταται.
1219 871 1367 924 Ἔδει
1400 871 1500 941 μὲν
1527 869 1620 925 οὖν
1665 873 1758 925 καὶ
1786 872 1846 925 τὸ

305 959 395 1011 τῶν
426 961 683 1027 ποταμῶν
714 959 862 1030 ὕδωρ
889 961 1320 1030 ὲξατμιζόμενον
1349 963 1449 1015 καὶ
1497 962 1848 1033 παραφλεγό-

309 1068 450 1118 μενον
480 1051 725 1121 ἁλμυρὸν
753 1052 1064 1104 δείκνυσθαι
1090 1069 1104 1083 ’
1144 1053 1257 1107 ἀλλ’
1284 1056 1318 1124 ἡ
1348 1054 1604 1124 διηνεκὴς
1631 1055 1848 1124 κίνησις

302 1143 438 1195 τοῦτο
467 1144 526 1195 οὑ
559 1146 855 1212 συγχωρεῖ.
900 1143 1114 1212 Ἐκείνη
1137 1145 1194 1196 δὲ
1227 1145 1284 1196 ἐν
1304 1146 1455 1214 τόπῳ
1485 1145 1650 1215 κοίλῳ
1687 1163 1848 1216 περι·-

301 1233 617 1302 λιμνάζουσα
668 1235 766 1287 καὶ
818 1234 905 1302 ἐφ’
957 1233 1158 1303 ἑαυτῆς
1211 1235 1446 1296 ἑστῶσα.
1481 1237 1850 1306 ὲτοιμοπαοής

301 1325 401 1377 ἐστι
428 1327 541 1386 τοῖς
570 1324 769 1387 αἰτίοις
810 1326 908 1394 τῆς
963 1326 1365 1394 ἁλμυρότητος.
1410 1326 1612 1380 Τοῦτον
1664 1328 1850 1396 μέντοι

299 1414 378 1464 τὸν
411 1413 568 1480 λόγον
619 1413 928 1466 ἐπιϐεϐαιοῖ
971 1416 1068 1468 καὶ
1110 1417 1137 1466 ὁ
1186 1416 1548 1486 Δαμασκηνὸς
1594 1417 1851 1486 Ἰωάννης

299 1503 486 1568 λέγων·
527 1523 544 1554 ι
594 1504 654 1557 ⁸0
689 1503 907 1572 μὲνῖοῦν
924 1503 1174 1567 Ὠκεανὸς
1218 1506 1445 1574 πότιμος
1477 1506 1554 1560 ὣν
1593 1510 1690 1561 κα)⁸
1721 1509 1851 1573 γλυ-

300 1595 513 1657 κύτατος
548 1597 872 1663 ὲπιχορηγεί
893 1595 954 1647 τὸ
984 1594 1127 1666 ὕδωρ
1157 1597 1222 1666 τῇ
1256 1595 1546 1666 Θαλάσσῃ’·
1581 1599 1848 1670 χρονίζων

298 1683 347 1736 δὲ
389 1686 536 1752 ὅμως
586 1686 676 1738 καὶ
734 1685 908 1750 ἑστὼς
949 1685 1206 1755 ἀκίνητος
1241 1683 1720 1758 πικρὸςθγίνεται,
1751 1689 1845 1742 τοῦ
1878 1663 1923 1718 Β

300 1776 430 1846 ἡλίου
462 1779 554 1828 ἀεὶ
578 1777 636 1828 τὸ
669 1776 996 1846 λεπτότερον
1024 1777 1374 1848 ἀνιμωμένου
1407 1775 1617 1850 καίπεβ
1645 1781 1708 1835 ὲκ
1741 1783 1850 1836 τῶν

305 1867 563 1934 σιφὼνων,
593 1866 716 1921 ὅθεν
752 1869 847 1922 καὶ
872 1869 938 1921 τὰ
977 1868 1118 1936 νέφη
1153 1869 1508 1924 συνίστανται
1544 1873 1638 1926 καὶ⁹
1668 1875 1714 1926 οἱ
1746 1875 1850 1942 δμ-

305 1959 412 2027 εροι
441 1959 691 2024 γίνονται
716 1959 804 2012 διὰ
829 1961 927 2028 τῆς
967 1959 1271 2029 διηθήσεως
1293 1959 1727 2029 γλυκαινομένου
1755 1961 1848 2014 τοῦ

301 2049 496 2114 ὓδατος.
537 2071 556 2102 ι
595 2051 752 2105 Οὕτω
807 2051 904 2119 μὲν
935 2047 1029 2104 οὖν
1074 2052 1168 2104 καὶ
1199 2054 1226 2104 ὁ
1259 2051 1532 2113 θειότατος
1581 2052 1852 2106 Ἀναστάς

299 2156 395 2202 σιος
412 2141 704 2210 όΣιναϊτης
732 2142 789 2194 ἐν
809 2145 872 2211 τῇ
891 2139 1050 2207 Ἐξαη
1061 2140 1126 2207 μέ
1137 2158 1212 2210 ρῳ
1233 2141 1396 2194 αὐτοῦ
1415 2143 1632 2208 διέξεισι
1657 2145 1847 2210 λέγων·

305 2227 391 2280 ιΊΙ
421 2231 478 2282 δὲ
529 2229 777 2280 Θάλασσα
811 2229 1038 2296 γλυκεῖα
1085 2224 1154 2298 ἦν
1183 2229 1304 2282 κατ’
1343 2230 1517 2300 ἀρχὰς
1565 2233 1659 2285 καὶ
1704 2234 1851 2299 νᾶμα

298 2322 512 2388 πότιμον
560 2320 787 2388 ἔχουσα·
848 2319 1076 2390 ὕστερον
1132 2320 1190 2373 δὲ
1249 2322 1326 2390 τῷ
1361 2323 1536 2391 χρόνῳ
1595 2323 1689 2376 καὶ
1737 2326 1848 2384 τοῖς

297 2410 565 2478 στοιχείοις
595 2409 694 2478 τὴν
723 2409 1011 2463 ἀλλοίωσιν
1056 2409 1264 2478 ταύτην
1311 2411 1545 2478 ἐδέξατο.
1586 2431 1602 2462 ι
1653 2413 1714 2465 '0
1741 2415 1848 2484 γὰρ

293 2498 445 2567 ἥλιος,
484 2499 562 2562 ὡς
611 2499 853 2571 εἴρηται,
875 2503 942 2571 τῇ
972 2501 1152 2572 οἰκείᾳ
1205 2503 1504 2574 θερμότητι
1540 2503 1848 2572 ἐξατμίζων

289 2589 376 2659 τήν
414 2591 716 2656 Θάλασσαν,
744 2591 837 2643 καὶ
873 2593 933 2644 τὸ
973 2591 1308 2662 γλυκύτερον
1355 2594 1528 2648 ἕλκων
1584 2597 1679 2647 καὶ
1725 2612 1850 2649 κου-

292 2684 448 2748 φίζων
475 2681 614 2752 πρὸς
637 2682 728 2734 τὸν
755 2684 912 2751 ἀέρα,
941 2683 1094 2737 κάτω
1127 2683 1191 2736 τὸ
1232 2684 1626 2756 ἀλμυρὼτερον
1655 2688 1722 2757 ὲᾷ
1757 2689 1850 2741 καὶ

295 2773 607 2843 βαρύτερον.
641 2775 762 2827 Ὀτι
815 2775 873 2826 δὲ
924 2775 1394 2846 παχύτερόνᾶστι
1443 2778 1506 2830 τὸ
1563 2778 1850 2833 Θαλάττιον

291 2864 420 2932 ὕδωρ
439 2864 552 2918 τῶν
585 2864 866 2934 ποταμίων
896 2865 1124 2931 ὑδάτων,
1158 2866 1292 2920 αὐτὸ
1321 2867 1382 2919 τὸ
1407 2869 1642 2937 πρᾶγμα
1675 2873 1846 2938 παρί-

290 2972 508 3024 στησιν·
549 2958 608 3008 ὲν
657 2955 759 3024 μὲν
818 2957 928 3026 γὰρ
980 2960 1092 3019 τοῖς
1153 2959 1422 3025 ποταμοῖς
1477 2959 1537 3012 οὺ
1593 2959 1848 3014 δύνανται

287 3050 438 3102 πλοῖα
471 3048 641 3119 βαρὺν
669 3049 862 3118 ἔχοντα
886 3047 1086 3116 φόρτον
1110 3049 1288 3114 πλεῖν,
1317 3051 1377 3101 ἐν
1411 3049 1470 3102 δὲ
1494 3053 1566 3120 τῇ
1598 3051 1845 3123 Θαλάσσῃ

285 3141 534 3210 ὲὶαφρῶς
577 3141 752 3197 ταῦτα
803 3139 1168 3211 βαστάζονται
1207 3141 1296 3195 διὰ
1339 3141 1436 3212 τὴν
1471 3144 1847 3215 ὑποκειμένην

287 3245 584 3302 παχυτητα.

351 3415 491 3485 Πρδς
546 3413 755 3477 τούτοις
802 3415 858 3466 δὲ
899 3417 996 3468 καὶ
1045 3413 1208 3468 τοῦτο
1241 3417 1361 3470 δέον
1397 3415 1601 3470 εἰδέναι
1651 3436 1733 3486 σε,
1766 3420 1846 3473 ὅτι

287 3505 451 3560 πάντα
474 3506 543 3560 τὰ
570 3505 744 3560 ὕδατα
789 3508 858 3560 τά
887 3524 947 3559 τε
994 3510 1277 3578 πηγιμαῐα
1323 3511 1419 3562 καὶ
1458 3514 1749 3579 φρεατιαῖα
1781 3514 1846 3568 ἐκ

284 3600 372 3666 τῆς
397 3599 668 3668 Θαλάττης
707 3599 890 3670 ἔχουσι
918 3603 1019 3664 τὰς
1048 3600 1241 3671 ἀρχάς.
1285 3602 1351 3656 Ἥ
1381 3603 1489 3672 γὰρ
1524 3605 1843 3672 γειτονοῦσα

283 3691 341 3757 τῇ
365 3688 610 3760 θαλάσσῃ
631 3691 702 3758 γῆ
735 3691 1024 3761 διάτρητός
1061 3693 1178 3745 ἐστι
1216 3693 1310 3746 καὶ
1342 3693 1635 3764 ὑπόνομος,
1658 3694 1846 3767 ὥσπερ

280 3778 422 3840 τινας
481 3777 687 3847 φλέϐας
743 3778 978 3848 ἔχουσα,
1035 3781 1104 3834 δι’
1170 3774 1246 3834 ὧν
1300 3783 1368 3835 ὲκ
1413 3784 1512 3851 τῆς
1568 3783 1847 3854 θαλάσσης

278 3871 539 3942 δεχομένη
573 3873 642 3926 τὰ
673 3870 846 3926 ὕδατα
887 3875 987 3936 τὰς
1018 3878 1202 3944 πηγὰς
1237 3876 1552 3942 ἀναδίδωσι.
1581 3877 1722 3944 Πρὸς
1752 3872 1847 3929 οὖν

277 3964 372 4030 τὴν
431 3965 696 4035 ποιότητα
747 3967 850 4033 τῆς
905 3967 1011 4035 γῆς
1071 3966 1164 4019 καὶ
1208 3968 1270 4020 τὸ
1326 3968 1435 4022 τῶν
1467 3968 1658 4037 πηγῶν
1704 3967 1847 4038 ὕδωρ

279 4055 474 4110 ἄνεισι.
527 4055 684 4108 Κατὰ
733 4054 894 4108 τοῦτο
942 4055 1036 4109 καὶ
1095 4055 1262 4110 ὕδατα
1312 4059 1548 4131 ὀξώδηῆ
1591 4059 1846 4127 ἐλαιώδη,

274 4143 546 4212 τεφρώδη,
591 4144 685 4196 καὶ
749 4145 851 4198 ὅσα
904 4145 1170 4200 τοιαῧτν
1225 4148 1294 4199 τὰ
1359 4149 1536 4202 πάντα
1581 4150 1690 4217 γὰρ
1746 4148 1848 4217 τῆς

276 4231 564 4301 ποιότητος
600 4233 812 4286 ἐκεῖθεν
851 4235 1170 4316 μετέχουσιν
1197 4236 1291 4306 ἀφ’
1319 4233 1388 4308 ἦς
1410 4238 1515 4308 γῆς
1535 4238 1846 4307 διέρχονται

1948 414 2184 471 ﬂuentes
2237 416 2426 470 dulces
2489 431 2552 470 ac
2589 417 2856 485 potabiles
2899 431 3038 480 esse,
3104 415 3280 482 ipsum
3332 421 3514 466 autem

1947 522 2096 562 mare
2128 515 2337 561 tantum
2366 521 2614 561 amarum
2641 522 2740 562 nec
2768 507 2864 561 ulli
2892 506 2957 560 ad
2984 513 3170 576 potant
3195 503 3342 559 usui.
3378 503 3514 559 Nam

1947 609 2176 668 propter
2205 599 2604 654 exhalationem
2656 599 2801 653 illam
2843 598 3147 660 fumosam,
3197 611 3318 666 quae
3363 594 3417 648 in
3451 609 3518 648 eo

1951 692 2030 756 lit,
2059 709 2289 762 quaeque
2315 693 2484 747 veluti
2524 691 2993 762 sputneumiellicit
3020 701 3074 745 et
3095 689 3342 745 accendit
3369 703 3520 741 mare

1950 797 2014 838 ac
2047 785 2362 853 qualitatem
2393 787 2442 840 ei
2478 800 2720 839 amaram
2752 783 2913 843 indit,
2948 781 3166 836 tandem
3195 795 3333 848 aqua
3371 778 3514 832 salsa

1953 875 2311 944 reliquiarum
2356 876 2508 944 quasi
2561 874 2916 945 quarumdam
2967 873 3138 928 instar
3169 871 3516 939 relinquitur.

1952 967 2018 1020 Et
2043 966 2279 1020 ﬂuvialis
2318 966 2538 1035 quidem
2573 980 2712 1033 aqua
2745 964 2916 1017 nihilo
2945 962 3123 1017 secius
3153 961 3292 1016 salsa
3317 960 3516 1014 redde-

1955 1070 2129 1123 retur,
2158 1073 2282 1112 cum
2310 1068 2365 1112 et
2393 1058 2507 1127 ipsa
2533 1059 2736 1113 sentiat
2767 1054 3145 1110 cxhalationcs
3187 1068 3250 1107 ac
3296 1061 3518 1116 uratur;

1951 1163 2144 1201 verum
2177 1148 2231 1201 id
2265 1157 2444 1201 motus
2486 1147 2653 1216 ipsius
2703 1157 3002 1216 perpetuus
3051 1143 3197 1196 haud
3243 1141 3518 1195 concedit.

1951 1240 2020 1291 At
2058 1251 2208 1290 mare
2257 1252 2500 1291 concavo
2542 1237 2593 1290 in
2640 1237 2761 1290 loco
2789 1243 3134 1304 restagnans,
3169 1243 3223 1286 et
3270 1247 3518 1285 seorsum

1952 1343 2182 1383 manens
2231 1337 2288 1382 et
2340 1327 2619 1390 insistens,
2672 1327 2828 1381 facile
2862 1325 3160 1394 salsugiuis
3199 1337 3392 1378 causas
3423 1321 3520 1374 ad-

1950 1421 2138 1474 mittit.
2199 1420 2349 1474 llanc
2421 1420 2684 1473 rationem
2739 1429 2977 1472 nostram
3021 1417 3262 1472 Joannes
3324 1415 3520 1467 Dama-

1951 1527 2152 1567 scenus
2190 1512 2492 1573 conﬁrmat,
2531 1527 2651 1564 cum
2707 1512 2909 1578 inquit:
2942 1509 3194 1564 Oceanus
3224 1505 3518 1575 etetcroqui

1955 1601 2210 1672 potabilis
2236 1617 2299 1656 ac
2325 1601 2504 1656 dulcis
2534 1603 2667 1655 mari
2705 1617 2899 1668 aquam
2937 1599 3270 1670 suppeditat.
3318 1597 3519 1652 Verum

1952 1707 2074 1748 cum
2113 1707 2176 1746 ea
2221 1691 2313 1744 diu
2356 1692 2464 1762 jam
2515 1707 2624 1745 uno
2659 1691 2877 1746 insistat.
2910 1691 3032 1744 loco
3064 1704 3165 1742 nec
3210 1697 3521 1748 moveatur,

1951 1782 2264 1846 amarescit,
2293 1783 2408 1836 sole
2436 1783 2652 1836 scilicet
2689 1791 2952 1851 perpetuo
2987 1780 3131 1849 quod
3159 1778 3416 1833 subtilius
3440 1787 3526 1831 est

1951 1875 2330 1939 exhauriente,
2360 1874 2601 1942 itemque
2625 1874 2950 1942 siphonibus
2976 1873 3130 1940 quasi
3162 1870 3516 1940 quibusdam,

1953 1963 2114 2018 unde'
2148 1963 2322 2017 nubes
2365 1963 2638 2016 exsistunt
2685 1972 2740 2014 et
2777 1961 2972 2030 pluviae
2993 1960 3316 2029 gignuntur,
3373 1972 3513 2025 aqua

1949 2053 2118 2109 veluti
2148 2053 2514 2122 percolatione
2535 2053 2766 2121 quadam
2791 2051 3098 2104 edulcata.»
3132 2048 3336 2102 Eodem
3361 2047 3524 2110 modo

1950 2151 2006 2196 et
2036 2143 2274 2196 Sinaites
2306 2141 2630 2196 Anastasius
2663 2141 2717 2194 in
2746 2139 3143 2195 commentario
3190 2152 3289 2192 suo
3328 2139 3394 2190 de
3425 2152 3520 2190 sex

1951 2236 2256 2304 primorum
2285 2235 2500 2288 dierum
2533 2235 2637 2304 16
2661 2233 2921 2302 operibus
2947 2234 3088 2286 hanc
3131 2247 3240 2285 rem
3263 2229 3519 2298 implicat.

1958 2324 2153 2390 «Mare,
2200 2325 2400 2394 inquit,
2441 2335 2556 2378 erat
2587 2325 2740 2378 initio
2772 2323 2953 2386 dulce,
3003 2323 3382 2391 liquoretnque
3432 2336 3525 2390 po-

1953 2417 2174 2471 tabilem
2216 2415 2568 2478 continebat;
2620 2415 2713 2470 sed
2777 2414 3040 2478 deinceps
3094 2429 3122 2466 a
3183 2412 3524 2476 temporibus

1951 2507 2310 2561 diuturnitate
2367 2521 2432 2561 ac
2477 2505 2766 2561 elementis
2817 2504 2951 2574 ipsis
2997 2519 3116 2559 eam
3156 2503 3519 2556 mutationem

1950 2599 2179 2668 accepit,
2218 2614 2381 2667 quam
2415 2597 2575 2652 modo
2600 2597 2932 2667 experimur.
2973 2614 2992 2648 ι
3032 2596 3167 2650 Nam
3204 2595 3286 2650 sol
3337 2595 3522 2649 calore

1950 2705 2051 2744 suo
2079 2689 2245 2744 maris
2269 2689 2644 2744 exhalationes
2695 2687 2961 2756 quasdam
3009 2687 3275 2750 elliciens,
3307 2701 3371 2740 ac
3401 2702 3526 2755 par-

1951 2789 2059 2832 tem
2088 2777 2207 2845 ejus
2236 2777 2538 2832 dulciorem
2589 2778 2875 2832 attrahens
2911 2785 2966 2830 et
3015 2777 3070 2830 in
3117 2791 3246 2830 aera
3303 2777 3522 2838 tollens,

1953 2865 2095 2934 quod
2123 2866 2508 2935 gravissimum
2536 2876 2620 2920 est
2657 2875 2820 2935 atque
2849 2867 3068 2930 salsius,
3101 2865 3314 2919 inferne
3358 2866 3525 2919 relin-

1873 2986 1918 3048 Β
1952 2956 2094 3024 quit,
2157 2965 2214 3010 et
2247 2955 2573 3010 crassiorem
2610 2956 2777 3010 maris
2805 2971 2999 3024 aquam
3037 2971 3160 3010 esse
3215 2970 3377 3024 quam
3413 2955 3524 3010 sint

1951 3063 2103 3117 aqua!
2135 3046 2447 3106 ﬂuviatiles.
2479 3047 2592 3114 ipsa
2629 3061 2718 3100 res
2751 3043 2933 3102 docet.
2994 3043 3130 3099 Nam
3179 3045 3235 3099 in
3283 3046 3524 3100 ﬂumini-

1950 3137 2054 3193 bus
2085 3136 2376 3191 admodum
2405 3145 2627 3190 onerata
2663 3137 2874 3206 navigia
2903 3136 3027 3190 vehi
3062 3143 3364 3205 nequeunt,
3396 3150 3520 3190 cum

1949 3245 2014 3284 ea
2048 3244 2192 3282 mare
2227 3228 2420 3281 leviter
2449 3227 2741 3281 admodum
2773 3237 2950 3297 gestet
2987 3226 3057 3281 ob
3097 3226 3406 3281 crassitiem
3445 3225 3524 3280 vi-

1951 3321 2152 3375 delicet
2182 3335 2360 3374 suam.

2023 3412 2225 3464 Praeter
2253 3412 2368 3464 huic
2396 3411 2526 3466 ἰιΙιιιί
2553 3412 2718 3466 etiam
2749 3412 2844 3466 tibi
2881 3411 3165 3466 sciendum
3195 3419 3298 3473 est,
3327 3425 3523 3464 omnes

1950 3516 2140 3569 aquas,
2194 3499 2309 3554 sive
2353 3500 2606 3555 fontanas
2659 3502 2774 3556 sive
2808 3502 3072 3570 puteales.
3130 3516 3160 3555 e
3192 3501 3328 3554 mari
3367 3517 3521 3554 suam

1953 3593 2219 3662 originem
2275 3594 2502 3648 habere.
2565 3594 2699 3647 Nam
2754 3595 2934 3648 vicina
2986 3595 3124 3648 mari
3179 3604 3322 3648 terra
3381 3593 3525 3647 fora-

1952 3687 2162 3737 minosa
2191 3693 2298 3747 est,
2331 3685 2628 3754 multisque
2657 3686 2929 3741 cuniculis
2970 3686 3238 3748 abundat,
3271 3685 3364 3755 qui
3397 3695 3526 3739 sunt

1949 3773 1998 3827 ei
2031 3790 2294 3829 venarum
2323 3781 2520 3839 instar.
2551 3792 2648 3846 per
2676 3793 2812 3846 quas
2843 3794 2873 3832 e
2909 3778 3045 3832 mari
3079 3778 3320 3848 receptis
3361 3776 3524 3845 aquis

1949 3865 2184 3922 fontium
2239 3870 2608 3937 scaturigines
2680 3870 2900 3922 emittit.
2971 3870 3152 3932 Quare
3189 3885 3289 3937 pro
3340 3868 3568 3937 quali-.

1952 3969 2062 4014 tate
2103 3961 2204 4016 soli
2241 3962 2406 4015 etiam
2440 3961 2679 4015 fontium
2718 3979 2856 4032 aqua
2893 3971 3204 4030 comparata
3236 3971 3340 4014 est.
3400 3961 3520 4024 Quo

1949 4051 2010 4105 lit
2041 4061 2102 4105 ut
2133 4067 2288 4121 aqua:
2309 4053 2559 4122 quaedam
2609 4057 2774 4118 aceti,
2832 4054 3078 4122 quaedam
3110 4053 3238 4113 olei,
3272 4053 3522 4120 quredam

1950 4143 2231 4198 cinereum
2283 4158 2536 4212 saporem
2581 4142 2828 4212 aliosque
2871 4143 3004 4197 tales
3046 4141 3306 4197 referant.
3377 4141 3511 4195 Nam

1949 4236 2069 4314 ejus
2093 4235 2195 4289 soli
2227 4234 2543 4304 qualitatem
2582 4235 2863 4304 accipiunt
2919 4235 3062 4302 quod
3119 4243 3406 4304 permeant
3465 4242 3524 4287 et

270 4321 344 4373 τε’
387 4322 486 4375 καὶ
544 4324 886 4393 ἀνέρχονται.
927 4325 1082 4380 Οὕτω
1138 4330 1238 4396 μὲν
1275 4328 1371 4382 οὖν
1411 4331 1508 4382 καὶ
1551 4331 1618 4382 tit
1663 4329 1844 4401 θερμὰ

1949 4328 2016 4382 de
2049 4344 2158 4398 quo
2193 4329 2488 4382 ebulliunt.
2521 4329 2611 4382 Sic
2633 4343 2786 4398 aqua:
2809 4327 3022 4390 calidm,
3057 4326 3520 4398 quemadmodum

275 4411 445 4464 ὕδατα
496 4413 584 4467 διὰ
616 4414 901 4484 πυρώδους
943 4417 1047 4486 γῆς
1086 4417 1439 4488 διερχόμενα,
1477 4420 1551 4482 ὡς
1601 4422 1629 4472 ό
1673 4422 1848 4488 μέγας

273 4502 407 4570 φησι
440 4503 807 4574 Βασίλειος,ῆ
845 4508 1331 4578 στενοχωρούμενοι
1375 4508 1471 4562 καὶ
1525 4510 1616 4580 βίᾳ
1649 4510 1852 4579 ῥηγνύ-

277 4606 433 4655 μενα,
462 4591 562 4658 τὴν
605 4590 756 4653 ζέσιν
790 4593 999 4644 ἐκεῖθεν
1037 4593 1379 4661 ἐφέλκονται.
1415 4597 1476 4648 Ai
1523 4597 1708 4662 μέντοι
1744 4616 1846 4667 με·

273 4679 432 4744 τάλαι
475 4681 654 4750 πηγαὶ
689 4680 776 4735 διὰ
823 4682 981 4734 τοῦτο
1024 4684 1119 4737 καὶ
1154 4683 1360 4750 μᾶλλον
1393 4686 1451 4737 ὲν
1479 4687 1632 4755 ὄρεσι
1664 4687 1846 4750 γίνον-

272 4783 378 4825 ται,
431 4769 515 4819 ὃτι
565 4770 730 4838 μέχρι
777 4771 871 4823 καὶ
925 4771 1094 4840 αὐτῆς
1143 4772 1247 4838 τῆς
1301 4771 1393 4824 τοῦ
1437 4772 1596 4840 ὄρους
1638 4775 1848 4842 γίνεται

273 4862 518 4929 κἰρυφῆς
558 4864 588 4930 ή
635 4863 748 4915 ἀπὸ
780 4863 872 4914 τοῦ
911 4861 1109 4931 βάθους
1140 4864 1272 4932 ὁλκὴ
1319 4866 1411 4918 καὶ
1462 4866 1845 4934 ἀναῦυιλίασις,

272 4952 367 5001 καὶ
395 4953 598 5018 μᾶλλον
620 4955 668 5005 εί
692 4955 977 5023 σομφῶδες
1010 4955 1149 5028 τύχῃ
1173 4957 1232 5008 τὸ
1254 4957 1378 5026 ἦρος
1409 4955 1550 5011 εἶναι
1585 4969 1676 5012 και
1711 4961 1848 5028 πρὸς

269 5041 372 5107 τὴν
400 5042 565 5112 ὁλκὴν
591 5046 918 5114 ἐπιτήδειον.
947 5043 1078 5100 Εἶτα
1127 5049 1432 5120 καταρρέον
1467 5049 1618 5103 ἐνθεν
1659 5053 1848 5104 κάκεῖ-

268 5129 364 5182 Θεν
407 5133 472 5184 τὸ
509 5134 667 5203 ὕδωρ,
705 5139 794 5188 καὶ
831 5135 888 5188 ἓν
933 5155 1036 5189 τινι
1069 5139 1220 5208 τόπῳ
1247 5141 1580 5214 συρρεὖσαν,
1613 5143 1712 5214 τὴν
1741 5147 1846 5214 γῆν

267 5223 460 5274 ἐκεῖσε
517 5226 744 5294 ῥήγ,ιυσι
803 5230 897 5281 καὶ
952 5229 1096 5283 οὕτω
1155 5233 1295 5298 μετὰ
1361 5233 1493 5307 βίας,
1537 5235 1843 5306 ἐξέρχεται.

277 5311 534 5376 ’Λένναος
575 5317 628 5367 δὲ
679 5319 1029 5389 ἡπηγὴ,ὅτι
1077 5324 1168 5374 καὶ
1203 5323 1458 5395 διηνεκὴς
1510 5327 1541 5396 ἡ
1597 5328 1704 5379 ἀπὸ
1753 5327 1844 5380 τοῦ

269 5403 477 5471 βάθους
524 5413 669 5479 παρὰ
705 5411 800 5463 τοῦ
839 5413 990 5481 ἡλίου
1036 5415 1188 5484 ὁλκή.
1232 5419 1340 5470 Καὶ
1377 5420 1720 5490 μαρτυροῦσι
1767 5420 1845 5490 τῷ

264 5495 417 5565 λόγῳ
475 5500 535 5550 τὰ
589 5503 824 5570 μέγιστα
861 5505 972 5556 τῶν
1025 5505 1192 5576 ὀρῶν,
1249 5511 1278 5562 ὃ
1339 5527 1397 5562 τε
1457 5511 1767 5576 Καύκασος,
1815 5515 1844 5567 ὁ

267 5587 615 5657 Παρνασσὸς,
659 5595 690 5664 ἡ
737 5595 984 5667 [Ιυρήνη.
1019 5600 1110 5652 καὶ
1151 5603 1248 5654 ὅσα
1291 5599 1548 5655 τοιέῦτα·
1589 5605 1839 5674 μέτισρι

1955 4421 2184 4476 Basilius
2212 4421 2302 4474 ille
2335 4437 2562 4491 magnus
2581 4423 2675 4484 ait,
2701 4425 2784 4476 vel
2811 4423 3026 4494 igneum
3049 4421 3319 4490 quoddam
3344 4421 3522 4473 solum

1953 4519 2330 4580 penetrantes;
2383 4511 2467 4565 vel
2520 4512 2573 4564 in
2623 4522 2801 4566 artum
2845 4526 3048 4581 pressa:
3099 4511 3258 4578 vique
3296 4509 3520 4570 collisa,

1954 4604 2225 4656 fervorem
2269 4603 2421 4658 illum
2453 4604 2758 4674 accipiunt.
2816 4603 3014 4658 Eadem
3042 4602 3109 4657 de
3141 4617 3304 4656 causa
3340 4601 3520 4668 magni

1953 4693 2132 4749 fontes
2170 4695 2488 4764 plerumque
2521 4696 2576 4750 in
2609 4695 2888 4751 montibus
2936 4696 3214 4758 oriuntur,
3258 4693 3403 4764 quod
3454 4695 3522 4746 ad

1953 4785 2127 4854 ipsius
2157 4787 2321 4840 etiam
2355 4788 2556 4841 montis
2587 4788 2848 4843 verticem
2883 4788 3136 4842 attractio
3168 4785 3414 4855 quaedam
3467 4793 3524 4839 et

1951 4879 2224 4932 exhalatio
2258 4879 2326 4932 de
2350 4879 2598 4948 partibus
2632 4880 2755 4934 imis
2789 4881 2882 4936 fiat
2916 4879 3242 4952 praesertim,
3287 4878 3332 4933 si
3364 4893 3524 4932 mons

1953 4985 2288 5026 cavernnsus
2321 4971 2462 5026 [orte
2505 4973 2578 5025 sit
2619 4982 2674 5026 et
2713 4974 2778 5026 ad
2813 4973 2957 5028 hanc
2987 4972 3373 5027 attractionetu
3407 4969 3525 5023 idn-

1953 5079 2113 5118 neus.
2171 5065 2372 5118 Deinde
2400 5065 2502 5118 hac
2531 5074 2586 5118 et
2619 5066 2744 5120 illac
2775 5068 3074 5121 demanans
3108 5080 3270 5134 aqua,
3302 5071 3358 5119 et
3385 5079 3523 5134 quo-

1951 5153 2076 5208 dam
2108 5153 2159 5208 in
2202 5155 2322 5208 loco
2357 5155 2662 5218 conlluens,
2704 5165 2903 5211 terram
2943 5157 3069 5211 istic
3107 5155 3416 5226 perrumpit
3459 5171 3522 5210 ac

1951 5245 2004 5298 vi
2033 5245 2164 5299 exit.
2205 5247 2266 5299 Et
2301 5262 2572 5315 perennes
2605 5258 2734 5302 sunt
2767 5249 2818 5302 hi
2849 5248 3052 5314 fontes,
3089 5247 3215 5318 quia
3249 5256 3522 5316 perpetuo

1953 5336 2012 5389 ﬁt
2045 5337 2112 5390 ab
2150 5337 2260 5390 imo
2289 5339 2420 5391 solis
2452 5341 2728 5393 attractio.
2783 5341 2988 5396 Verum
3023 5341 3131 5395 hoc
3160 5354 3280 5395 esse
3308 5348 3522 5392 montes

1951 5425 2110 5495 longe
2142 5427 2362 5480 maximi
2407 5438 2703 5493 testantur,
2749 5432 3007 5486 nimirum
3044 5430 3342 5494 Caucasus,
3390 5427 3520 5479 Par-

1952 5534 2164 5581 nassus,
2194 5519 2425 5588 Pyrene,
2459 5524 2678 5582 exteri;
2712 5539 2836 5576 nam
2870 5539 2932 5577 ex
2970 5523 3051 5578 eis
3089 5537 3275 5575 amnes
3298 5517 3520 5586 amplis-

1952 5609 2074 5663 simi
2116 5621 2460 5679 promanaut,
2510 5617 2574 5669 de
2619 5616 2828 5680 magnis
2856 5615 2960 5669 orti
2995 5613 3257 5666 fontibus.
3292 5610 3350 5662 Et
3385 5609 3516 5672 quid
