4052 6200
271 287 331 348 ιτ
1530 284 1937 345 ANNALIUM
1977 285 2170 343 PARS
2216 283 2261 342 1.
3045 255 3054 268 ’
3442 282 3511 343 ιδ

275 397 472 466 θερμῶν
505 397 711 452 ὑδάτων
738 414 752 431 ⁶
789 398 899 470 τιῦρ
934 401 1043 472 γάρ
1075 399 1168 455 καὶ
1204 400 1352 471 ὕδωρ
1403 401 1460 454 ὲν
1506 403 1582 471 τῷ
1615 402 1832 472 οὐρανῴ

1943 398 2170 452 antistes
2199 397 2284 466 (ex
2324 395 2571 450 oratione
2603 396 2780 451 sancti
2821 395 2920 456 viri
2961 394 3136 450 I'ionii
3168 398 3404 466 sumpta)
3447 397 3516 450 de

270 485 390 541 εἶναι
420 490 581 558 λέγει,
609 489 875 557 ὡσαύτως
903 496 998 547 καὶ
1028 493 1290 548 ὑποκάτω
1322 496 1422 565 τῆς
1455 495 1556 563 γῆς
1591 493 1702 565 πῦρ
1734 493 1828 547 καὶ

271 579 418 648 ὕδωρ,
446 579 535 649 ἀφ’
587 575 664 636 ὧν
703 581 895 656 ὥσπερ
938 586 1175 654 σίφωνες
1223 586 1646 657 ἁναπέμπονται
1691 585 1828 654 πρὸς

269 671 520 740 ἡμετέραν
568 673 716 745 ζωὴν
769 675 828 726 αἱ
887 677 1084 745 πηγαί.
1134 676 1193 730 Ὀ
1236 679 1422 748 μέντοι
1465 677 1829 749 Δαμασκηνὸς

280 758 513 828 Ἰωάννης
571 763 702 831 περὶ
743 762 838 816 τοῦ
911 764 1173 818 Ὠκεανοῦ
1231 783 1398 838 φησιν
1453 767 1533 819 ὃτι
1586 768 1683 835 τὴν
1729 768 1830 835 γῆν

270 850 470 905 ἃπασαν
496 847 581 908 οἷά
613 871 695 917 τις
737 856 927 909 κυκλοί
972 860 1222 928 ποταμός
1243 874 1256 887 ·
1299 862 1428 930 περὶ
1461 853 1524 914 οὗ
1551 861 1829 930 εἰρηκέναι

274 957 350 1008 μοι
372 942 509 996 δοκεῖ
535 946 567 1015 ἠ
594 945 817 1020 Γραφὴ,
845 950 929 1003 ὃτι
961 952 1208 1021 ποταμὸς
1249 953 1616 1022 ἐκπορεύεται
1643 954 1706 1006 ὲκ
1735 951 1827 1005 τοῦ

272 1030 602 1098 παραδείσου,
641 1033 875 1103 πότιμον
922 1039 1016 1090 καὶ
1068 1040 1243 1106 γλυκὺ
1277 1040 1418 1110 ὕδωρ
1464 1041 1623 1111 ἔχων.
1659 1037 1829 1106 Οὗτος

270 1121 337 1181 είς
365 1119 628 1190 τέσσαρας
672 1125 870 1198 ἀρχὰς,
907 1130 1188 1183 τουτέστιν
1221 1134 1301 1195 εἰς
1351 1133 1627 1202 τέσσαρας
1659 1151 1828 1187 ποτα-

275 1211 389 1280 μοὺς
437 1215 749 1286 διαιρεῖται.
789 1220 848 1273 El
887 1222 943 1275 δὲ
983 1225 1076 1276 καὶ
1107 1225 1204 1293 τὴν
1237 1225 1418 1277 αίτίαν
1450 1225 1732 1296 ἐπιζητεῖς
1761 1225 1828 1279 δι’

271 1305 326 1366 ἦν
361 1305 423 1354 τὰ
471 1309 882 1378 προσγενόμενα
939 1314 1071 1382 ἡμῖν
1113 1313 1429 1383 ὀμὸριμαία
1478 1313 1646 1368 ὕδατα
1686 1315 1830 1367 κατὰ

269 1393 500 1451 τοσοῦτον
533 1399 792 1468 σήπεται,
827 1404 920 1455 καὶ
969 1405 1141 1458 ταῦτα
1186 1406 1282 1459 τοῦ
1316 1405 1469 1476 ἡλίου
1517 1405 1830 1476 διηθοῦντος

267 1489 318 1536 τι
347 1488 666 1544 λεπτότατον
716 1495 808 1546 καὶ
842 1495 1162 1562 ἀνάγοντος,
1201 1497 1311 1550 ἰδοὺ
1358 1499 1452 1550 καὶ
1498 1496 1705 1569 ταύτην
1747 1515 1830 1550 σοι

271 1580 635 1650 προστίθεμεν.
672 1586 1123 1657 Πολυμιγεστάτη
1168 1590 1277 1642 τῶν
1308 1590 1518 1643 ὑδάτων
1559 1590 1766 1643 τούτων
1797 1592 1829 1658 ἡ

270 1669 411 1730 φύσις
463 1672 612 1724 ἐστίν
636 1691 649 1704 ·
700 1678 764 1727 ἐκ
817 1679 1035 1729 πάντων
1068 1681 1178 1748 γάρ
1205 1679 1314 1731 τῶν
1346 1680 1528 1748 ὑγρῶν
1574 1680 1768 1746 ἀνάγει
1804 1681 1831 1730 ὁ

1940 489 2136 544 calidis
2182 490 2340 558 aquis
2385 498 2654 544 recenset.
2710 489 2801 543 Ait
2841 489 2888 544 is
2922 490 3098 558 ignem
3140 499 3193 544 et
3231 505 3426 558 aquam
3461 491 3518 543 in

1938 581 2078 637 cmlo
2103 596 2249 636 esse.
2315 580 2689 636 Consimiliter
2736 589 2794 635 et
2837 581 2938 635 sub
2992 591 3136 636 terra
3183 592 3289 636 tam
3335 583 3515 653 ignem

1939 687 2103 744 quam
2131 687 2326 742 aquam
2364 673 2605 727 abditam
2638 688 2780 736 esse,
2810 673 2877 728 de
2905 673 3106 742 quibus
3149 674 3329 728 fontes
3361 674 3516 742 quasi

1939 762 2204 832 siphones
2231 761 2454 832 quidam
2485 761 2551 814 ad
2586 775 2746 814 usum
2779 761 2901 814 vit-.e
2934 771 3135 816 nostrae
3185 761 3515 816 sraturiaut.

1937 854 2178 909 Joannes
2211 869 2343 907 vero
2381 853 2748 906 Damasceuus
2798 851 3073 907 Oceanum
3108 841 3292 907 innuit
3340 852 3520 906 flumi-

1939 946 2025 999 nis
2046 944 2329 1016 cujusdam
2357 945 2530 1000 instar
2555 955 2758 998 terram
2791 946 3102 998 universam
3131 943 3517 1010 circumdare;

1941 1037 2009 1091 de
2043 1053 2154 1108 quo
2188 1037 2323 1092 mihi
2348 1039 2512 1091 etiam
2545 1037 2768 1091 Litterre
2799 1051 2966 1090 sacrae
2994 1036 3143 1104 loqui
3178 1035 3519 1099 videntur”,

1941 1143 2067 1183 cum
2103 1145 2322 1184 amnem
2357 1128 2425 1182 de
2454 1128 2707 1198 paradiso
2739 1128 2888 1181 exire
2920 1127 3164 1193 tradunt,
3195 1127 3288 1196 qui
3323 1143 3520 1195 aquam

1941 1218 2155 1274 dulcem
2185 1235 2249 1273 ac
2281 1219 2578 1288 potabilem
2616 1218 2837 1278 habeat,
2871 1233 3110 1288 eumque
3157 1217 3357 1272 deinde
3389 1233 3522 1286 qua-

1942 1321 2066 1364 tuor
2101 1313 2151 1363 in
2186 1310 2478 1380 principia.
2516 1310 2620 1362 hoc
2665 1319 2749 1362 est
2788 1320 3026 1378 quatuor
3069 1308 3267 1362 ﬂuvios
3325 1310 3519 1363 dividi.

1940 1401 2148 1468 Quodsi
2189 1401 2356 1456 etiam
2408 1401 2550 1454 scire
2599 1403 2756 1468 cupis
2803 1416 2966 1469 quam
3005 1401 3074 1454 ob
3112 1417 3330 1454 causam
3367 1417 3523 1469 aqua:

1942 1494 2157 1562 pluviae,
2179 1503 2529 1562 posteaquam
2550 1492 2614 1546 ad
2645 1508 2746 1545 nos
2779 1493 3017 1559 delapsa:
3046 1502 3194 1557 sunt,
3234 1501 3522 1560 tantopere

1941 1595 2370 1654 corrumpantur
2400 1602 2462 1639 ac
2493 1592 2832 1653 putrescant,
2867 1585 2980 1640 sole
3015 1585 3158 1653 quod
3205 1585 3256 1637 in
3300 1601 3362 1637 ea
3395 1585 3527 1637 sub-

1944 1677 2255 1731 ttliSsimutn
2311 1683 2396 1729 est
2455 1676 2767 1746 percolante
2799 1693 2860 1729 ac
2915 1691 3130 1729 sursum
3184 1677 3519 1739 attraltcnte,

267 1761 416 1825 ἥλιος.
469 1760 511 1813 Π
545 1767 727 1817 τοίνυν
759 1768 1041 1836 ἀνωμαλία
1070 1771 1376 1840 εὐκίνητος,
1404 1774 1500 1824 καὶ
1534 1773 1671 1842 πρός
1703 1791 1828 1825 τινα

1943 1772 2170 1826 libenter
2202 1784 2320 1824 eam
2354 1785 2574 1840 quoque
2623 1770 2720 1822 tibi
2767 1771 3148 1840 subjiciemus.
3207 1770 3300 1823 list
3328 1770 3520 1822 lautum

269 1852 450 1919 ςθορὰν
477 1853 675 1908 ϐάττον
705 1859 822 1930 ὁρᾷ.
871 1861 992 1912 Ἔτι
1041 1877 1102 1927 γε
1155 1863 1262 1931 μὴν
1293 1864 1351 1913 τὸ
1391 1863 1699 1932 βαρύτατον
1731 1864 1828 1916 τοῦ

270 1948 574 2014 ἀναχθέντος
601 1949 757 2012 αὖθις
788 1958 1108 2020 κατάγεται,
1145 1956 1267 2006 ἐπεὶ
1305 1955 1363 2006 τὸ
1404 1955 1544 2023 βαρὺ
1599 1955 1735 2024 πρὸς
1774 1955 1833 2007 τὺ

272 2039 508 2102 κάταντες
561 2043 722 2095 εἴωθε
779 2046 1046 2114 φέρεσθαι
1074 2064 1102 2100 ο,
1144 2046 1202 2098 τὸ
1246 2046 1302 2098 δὲ
1357 2047 1687 2100 λεπτότατον
1736 2048 1834 2116 τῆς

271 2130 664 2199 ἀναθυμιάσεως
709 2135 1016 2204 πνεύματος
1062 2135 1223 2204 φύσις
1253 2137 1492 2204 ἐγένετο.
1520 2138 1629 2190 Καὶ
1662 2137 1836 2189 ταῦτα

274 2220 358 2288 μὲν
383 2225 454 2285 si;
481 2226 766 2279 τοσοῦτον.

1941 1873 2138 1917 natura
2169 1864 2314 1916 inter
2343 1877 2517 1932 aquas
2545 1872 2774 1917 caeteras
2807 1863 3039 1916 maxime
3072 1863 3256 1916 mista.
3307 1861 3522 1931 Quippe

1941 1956 2021 2009 sol
2073 1971 2138 2010 ex
2196 1956 2484 2025 quibusvis
2531 1956 2700 2010 rebus
2751 1955 2992 2008 humidis
3040 1955 3247 2022 aliquid
3302 1968 3520 2006 sursum

1941 2047 2193 2102 attrahit.
2246 2049 2372 2103 [late
2405 2049 2571 2118 igitur
2595 2049 2942 2116 inaequalitas
2970 2049 3187 2102 mobilis
3215 2047 3514 2100 admodum

1942 2149 2024 2192 est
2055 2149 2110 2192 et
2147 2138 2214 2192 ad
2245 2142 2658 2208 corruptionem
2694 2139 2947 2194 celeriter
2972 2147 3202 2207 Spectat.
3257 2139 3522 2191 Praeterea

1946 2233 2334 2288 subveetorum
2365 2248 2397 2286 a
2432 2233 2549 2288 sole
2581 2232 2638 2286 in
2671 2247 2797 2286 aera
2828 2233 3122 2286 humerum
3157 2246 3281 2300 pars
3311 2232 3522 2300 gravis-

271 2315 388 2370 sima
417 2322 880 2393 erassissimaque
914 2341 1113 2381 rursus
1154 2327 1415 2380 deorsum
1481 2328 1691 2392 fertur,
1742 2343 1868 2381 cum
1909 2327 1984 2382 ita
2036 2339 2367 2398 comparatae
2415 2328 2528 2384 sint
2573 2344 2662 2384 res
2706 2343 2900 2399 graves
2941 2338 3001 2382 ut
3072 2328 3330 2384 deorsum
3385 2327 3518 2380 l'erri

272 2412 492 2467 soleant:
537 2416 646 2486 18
705 2417 925 2472 interim
957 2435 1088 2488 pars
1146 2421 1556 2477 exhalatiouum
1585 2421 1909 2477 tenuissima
1942 2432 2234 2478 ventorum
2273 2423 2326 2478 in
2360 2433 2617 2478 naturam
2654 2424 3015 2480 convertitur.
3062 2425 3138 2479 Ac
3171 2423 3238 2479 de
3286 2423 3373 2479 his
3405 2423 3526 2494 qni-

268 2506 372 2559 detu
408 2509 681 2563 hactenus
705 2511 912 2565 dictum
939 2523 1081 2568 esto.

735 2605 971 2660 HMEPA
1012 2606 1359 2663 ΤΕΤΑΡἸἮ.

325 2692 395 2762 Τῇ
426 2693 481 2745 δὲ
535 2695 770 2766 τετάρτῃ
802 2699 983 2769 ἡμέρα
1015 2702 1142 2764 τοὺς
1178 2703 1473 2772 φωστῆρας
1506 2703 1747 2774 ποιήσας
1774 2705 1833 2756 ἐν

266 2785 395 2854 αὐτῷ
437 2786 513 2855 τῷ
571 2788 910 2860 στερεώματι
954 2779 1125 2847 ἔθετο.
1178 2795 1479 2866 Φωστῆρας
1523 2796 1580 2848 δὲ
1619 2795 1836 2850 ἀκούων

270 2878 414 2946 μηδὲν
442 2880 634 2950 ἕτερον
673 2882 706 2954 ἢ
737 2884 1014 2954 φωτοδόχα
1049 2887 1277 2950 τούτους
1323 2890 1525 2957 ἀγγεῖα
1569 2885 1711 2942 εἶναι
1753 2889 1837 2943 νό-

225 2964 232 2973 ’
269 2967 398 3034 μιζε.
429 2971 501 3024 Τδ
552 2973 662 3043 γάρ
703 2973 819 3042 φῶς
869 2977 1042 3030 ἐκεῖνο
1084 2978 1144 3030 τὸ
1195 2980 1336 3032 κατά
1379 2997 1442 3048 γε
1469 2980 1569 3052 τὴν
1606 2981 1834 3051 πρώτην

267 3061 463 3130 ἡμέραν
502 3065 784 3134 παραχίιὲν
815 3066 995 3119 λαϐὼν
1017 3070 1043 3120 δ
1069 3069 1225 3132 Θεὸς,
1260 3073 1354 3125 καὶ
1383 3071 1672 3142 διανείμας
1701 3071 1833 3124 αὐτὸ

268 3157 361 3216 mi;
431 3159 715 3228 φωστῆρσι
771 3162 960 3222 πᾶσιν,
1017 3161 1063 3212 εί
1125 3165 1218 3215 καὶ
1275 3162 1353 3230 τῷ
1415 3165 1832 3234 χρυσοῤῥὴμονι

2481 2613 2634 2668 DIES
2673 2613 2976 2682 QUARTA.

2016 2703 2112 2758 Dic
2147 2715 2341 2774 quarta
2395 2705 2539 2759 Deus
2590 2705 2882 2758 luminaria
2927 2713 3116 2758 creata
3175 2703 3522 2757 ﬁrmamento

1944 2799 2200 2852 inseruit.
2259 2797 2398 2850 Cum
2460 2805 2644 2850 autem
2694 2797 2961 2864 appellari
3004 2795 3164 2849 audis
3203 2795 3521 2858 luminaria,

1943 2888 2080 2942 nihil
2111 2885 2261 2941 aliud
2288 2886 2557 2956 cogitabis
2579 2901 2889 2954 quam_esse
2923 2887 3012 2939 illa
3042 2885 3195 2955 quasi
3225 2902 3348 2940 vasa
3372 2903 3522 2955 quac-

1943 2982 2068 3035 dam
2103 2989 2152 3036 et
2189 2980 2534 3048 receptacula
2565 2978 2730 3033 lucis.
2767 2978 2984 3030 Etenim
3009 2987 3228 3047 sumpto
3256 2977 3399 3031 Deus
3429 2977 3522 3031 illo

1943 3073 2150 3128 lumine
2184 3072 2327 3141 quod
2361 3071 2448 3124 die
2476 3071 2654 3138 primo
2680 3068 3024 3140 condiderat,
3055 3079 3110 3122 et
3143 3068 3197 3121 iu
3223 3068 3405 3122 omnia
3439 3068 3522 3120 lu-

1943 3164 2174 3218 minaria
2209 3161 2524 3224 distributo,
2576 3174 2889 3229 quanquam
2939 3159 3084 3213 aliud
3119 3158 3218 3212 hac
3267 3161 3322 3214 in
3369 3171 3522 3230 parte

279 3244 476 3321 Ἰωάννῃ
524 3250 591 3301 τὰ
634 3252 765 3320 περὶ
807 3253 1015 3305 τούτων
1063 3255 1160 3323 οὐχ
1200 3254 1345 3308 οὕτω
1381 3256 1547 3320 δοκεῖ,
1581 3253 1833 3324 καθάπερ

1943 3257 2330 3327 Chrysustomo
2367 3254 2564 3323 placet,
2600 3253 2756 3323 quasi
2786 3252 3053 3322 quasdam
3096 3253 3151 3306 in
3181 3254 3435 3308 lucernas
3465 3254 3517 3307 id

269 3338 463 3408 λύχνοις
496 3344 755 3413 ἐνέθηκεν
786 3344 927 3397 ὥστε
960 3347 1174 3413 φαίνειν
1209 3347 1303 3398 ἐπὶ
1339 3349 1437 3417 τῆς
1463 3349 1589 3417 γῆς.
1641 3349 1700 3400 '0
1726 3349 1834 3417 γὰρ

269 3429 391 3494 ῡεῖος
428 3429 582 3498 οὗτος
616 3438 757 3506 ἀνὴρ
787 3439 844 3488 ὲν
877 3437 955 3506 τῷ
989 3441 1066 3500 είς
1090 3439 1190 3508 τὴν
1221 3435 1561 3510 Ἑξαήμερον
1603 3439 1836 3508 πέμπτῳ

269 3522 391 3592 λόγῳ
419 3527 584 3579 αὐτοῦ
626 3529 864 3582 τοιαῖσδε
911 3530 1044 3601 περὶ
1088 3532 1281 3584 τούτου
1316 3533 1581 3602 κέχρηται
1637 3533 1838 3584 συλλα-

270 3614 373 3679 ϐαῖς
409 3640 423 3665 ι
457 3615 616 3682 Εἶδες
663 3620 856 3689 σοφίαν
902 3621 994 3675 τοῦ
1045 3622 1416 3694 Δημιουργοῦ.
1469 3619 1600 3676 Eine
1655 3623 1836 3694 μόνον,

268 3712 350 3764 καὶ
390 3713 646 3783 παρήχθη
692 3713 754 3766 τὸ
803 3717 1068 3786 στοιχεῖον
1118 3715 1278 3768 τούτο
1329 3716 1388 3769 τὸ
1445 3716 1783 3786 Θαυμαστὸν,
1812 3718 1839 3768 6

266 3797 398 3864 ἥλιος
428 3801 595 3867 λέγω.
624 3801 834 3856 Τοῦτον
872 3805 982 3874 γὰρ
1025 3805 1180 3856 καὶεί
1225 3808 1491 3874 φωστῆρα
1523 3805 1716 3872 μέγαν,
1745 3806 1841 3857 καὶ

267 3894 417 3960 φησὶν
461 3894 626 3946 αὑτὸν
680 3895 759 3957 είς
817 3897 994 3967 ἀρχάς
1043 3899 1144 3963 τῆς
1202 3897 1412 3968 ἡμέρας
1463 3895 1836 3964 γεγενῆσθαι*

270 3982 408 4047 οὗτος
456 3987 565 4053 γάρ
619 3987 986 4058 φαιδροτέραν
1027 3993 1125 4059 τὴν
1170 3990 1388 4059 ἡμέραν
1433 3990 1835 4058 ἀπεργάζεται.

265 4076 356 4128 Ali
396 4076 552 4130 τοῦτο
599 4081 692 4133 καὶ
741 4083 811 4151 τῇ
872 4081 1105 4151 τετάρτῃ
1161 4082 1322 4134 αὐτὸν
1378 4082 1837 4152 ἐδημιούργησεν,

266 4166 343 4218 ἵνα
371 4170 443 4237 μὴ
465 4172 696 4242 νομίσῃς
737 4173 928 4224 τοῦτον
958 4176 1219 4244 συνιστᾷν
1252 4174 1349 4244 τὴν
1396 4176 1634 4244 ἡμέραν.
1682 4174 1835 4241 Ἐγέ-

265 4275 404 4312 νοντο
465 4264 560 4330 μὲν
619 4266 726 4333 γὰρ
783 4267 930 4333 τρεῖς
979 4264 1200 4335 ἡμέραι,
1234 4267 1287 4318 αἱ
1336 4269 1442 4337 πρδ
1493 4266 1594 4334 τῆς
1649 4266 1839 4318 τούτου

265 4351 631 4423 δημιουργίας,
664 4355 935 4425 ἐϐουλήοη
960 4357 1014 4408 δὲ
1046 4360 1071 4410 ὁ
1109 4361 1384 4427 Δεσπότης
1413 4359 1505 4410 καὶ
1531 4358 1618 4410 διὰ
1647 4357 1839 4410 τούτου

267 4445 607 4514 φαιδρότερον
669 4447 729 4499 τὸ
789 4449 903 4515 φῶς
959 4450 1054 4518 τῆς
1110 4451 1322 4519 ἡμέρας
1381 4450 1746 4520 ἐργάσαςοαι.
1815 4469 1833 4501 ι

271 4536 520 4606 Ιιρότεχε,
551 4542 826 4609 ἁγαπητέ.
858 4543 1016 4593 Δοκεί
1064 4543 1171 4611 γάρ
1215 4541 1447 4594 ἐνταῦθα
1489 4544 1516 4594 ὁ
1563 4542 1840 4603 Θειότατος

1942 3348 2256 3415 collocavit,
2291 3358 2351 3402 ut
2380 3357 2583 3401 terram
2614 3361 2712 3400 sua
2745 3346 2870 3400 luce
2905 3345 3299 3400 eollustrarent
3348 3345 3524 3416 Chry-

1945 3451 2224 3496 sostomus
2255 3450 2465 3505 autem,
2506 3438 2593 3492 vir
2625 3439 2766 3492 haud
2799 3438 2965 3492 dubie
3016 3437 3263 3500 divinus,
3313 3438 3366 3492 in
3397 3454 3525 3492 ora-

1943 3531 2091 3586 tione
2115 3532 2182 3586 de
2211 3548 2300 3587 sex
2331 3532 2546 3586 dierum
2577 3525 3073 3600 Operibus'quinta,
3106 3532 3183 3585 sic
3204 3531 3270 3584 ad
3292 3531 3522 3585 verbum

1943 3623 2045 3678 hac
2100 3623 2166 3677 de
2217 3639 2276 3676 re
2326 3623 2629 3677 disseruit:
2679 3623 2844 3677 Vides
2891 3623 3218 3692 sapientiam
3263 3622 3522 3689 Opilicis;

1941 3717 2133 3771 saltem
2165 3716 2392 3771 verbum
2431 3717 2680 3770 elocutus
2719 3725 2822 3779 est,
2875 3725 2930 3770 et
2979 3717 3359 3770 admirandum
3421 3717 3526 3770 hoc

1942 3815 2301 3873 elementum,
2332 3808 2585 3862 videlicet
2619 3808 2722 3874 sol,
2759 3808 2812 3861 in
2843 3816 3026 3861 ortum
3058 3809 3361 3876 productus
3395 3807 3521 3863 fuit.

1943 3899 2081 3953 Nam
2114 3899 2266 3951 illum
2304 3899 2478 3951 Moses
2527 3897 2805 3950 luminare
2857 3912 3112 3966 maguum
3163 3897 3419 3964 appellat,
3469 3904 3528 3950 et

1947 3992 2012 4045 ad
2069 3990 2179 4044 diei
2226 3990 2664 4043 moderationem
2716 3989 2920 4043 factum
2974 3975 3070 4041 ait.
3132 3987 3344 4056 Quippe
3375 3988 3524 4041 diem

1946 4084 1990 4136 is
2020 4079 2391 4150 pulchriorem
2425 4089 2481 4134 et
2507 4080 2894 4148 jucundiorem
2930 4079 3089 4132 nobis
3139 4078 3326 4133 efﬁcit.
3393 4079 3527 4145 Qua:

1945 4172 2060 4241 ipsa
2093 4184 2256 4225 causa
2313 4177 2394 4223 est
2430 4168 2791 4236 quamobrem
2835 4169 2978 4222 Deus
3025 4183 3150 4221 eum
3194 4169 3280 4222 die
3327 4179 3525 4239 quarto

1946 4263 2280 4325 condiderit,
2315 4277 2384 4315 ne
2416 4260 2628 4314 scilicet
2663 4260 3008 4314 existimares
3049 4261 3218 4315 solem
3280 4261 3390 4316 dici
3426 4277 3526 4316 au-

1945 4364 2148 4409 Ctorem
2180 4370 2323 4408 esse.
2355 4355 2477 4408 Toti
2505 4353 2764 4406 nimirum
2796 4353 2913 4406 dies
2950 4361 3060 4407 tres
3079 4354 3411 4408 creationem
3437 4371 3526 4408 so-

1944 4447 2014 4501 lis
2045 4455 2481 4500 antecesscrunt.
2540 4444 2670 4498 ldeo
2703 4444 2925 4512 putabis
2957 4444 3194 4499 voluisse
3223 4445 3394 4498 Deum
3427 4460 3525 4514 per

1947 4539 2050 4592 hoc
2081 4538 2415 4592 elementum
2447 4537 2555 4590 diei
2597 4537 2778 4590 lucem
2823 4536 3103 4604 aliquanto
3141 4536 3524 4605 jucundiorem

278 4625 516 4697 Ἰωάννης
545 4630 673 4683 ἄλλο
698 4635 877 4698 λέγειν
904 4630 1045 4684 εἶναι
1074 4635 1188 4700 φῶς
1217 4635 1276 4685 τὸ
1311 4639 1451 4687 κατὰ
1479 4633 1576 4705 τὴν
1609 4633 1833 4704 πρώτην

1943 4631 2100 4685 nobis
2131 4630 2382 4684 reddere.
2450 4628 2666 4695 Quibus
2729 4628 2782 4681 in
2839 4627 3024 4681 verbis
3073 4625 3520 4680 animadvertere

268 4717 469 4786 ἡμέραν
498 4724 800 4794 παραχοὲν,
833 4727 924 4777 καὶ
957 4726 1142 4796 ἓτερον
1173 4727 1236 4779 τὸ
1258 4732 1396 4781 κατὰ
1423 4730 1520 4800 τὴν
1551 4732 1839 4801 τετάρτην,

269 4811 435 4880 πολλῷ
474 4813 564 4866 τοῦ
599 4817 872 4885 προτέρου
928 4817 1338 4888 λαμπρότερον.
1391 4820 1530 4872 Ἀλλ’
1581 4823 1608 4873 δ
1665 4823 1839 4892 μέγας

270 4902 538 4969 Basilus;
570 4909 624 4960 ἐν
677 4908 755 4977 τῷ
789 4912 915 4979 περὶ
943 4914 1247 4983 φωστήρων
1282 4914 1425 4984 ἕκτῳ
1473 4917 1616 4986 λόγῳ
1649 4917 1837 4981 αὑτοῦ,

271 4995 351 5047 ἵνα
385 4998 457 5067 μὴ
487 4999 629 5067 λέγω
655 5004 782 5063 τοὺς
818 5004 1009 5068 ἄλλους
1045 5006 1226 5068 ὁσίους
1267 5008 1538 5076 Πατέρας,
1572 5009 1840 5075 σαψέστε-

271 5105 356 5154 ρον
381 5090 463 5141 τὸν
493 5095 614 5162 περὶ
647 5094 836 5146 τούτου
866 5096 1021 5164 λόγον
1051 5103 1213 5162 ποιεῖ,
1240 5100 1328 5150 καί
1370 5117 1532 5168 φησιν
1555 5115 1567 5128 ·
1611 5120 1628 5150 ι
1653 5100 1711 5151 ΕΞ
1747 5103 1839 5151 καὶ

270 5182 576 5253 προελήφθη
606 5185 702 5240 τοῦ
748 5188 926 5254 φωτὸς
959 5190 990 5256 ἠ
1023 5189 1259 5254 γένεσις,
1286 5192 1399 5252 πῶς
1434 5195 1459 5242 ὁ
1491 5191 1642 5260 ἥλιος
1677 5191 1837 5243 πάλιν

267 5271 340 5332 εἰς
383 5275 578 5341 ψαῦσιν
616 5278 836 5346 λέγεται
882 5281 1212 5348 γεγονέναις
1254 5283 1386 5334 Τότε
1427 5283 1524 5350 μὲν
1573 5278 1664 5336 οὖν
1698 5283 1836 5352 αὑτὴ

269 5363 355 5416 τοῦ
409 5366 584 5434 τρωτὸς
631 5372 666 5440 ή
713 5371 877 5436 φύσις
932 5373 1215 5444 παρήχθη,
1247 5375 1340 5425 νῦν
1379 5374 1434 5425 δὲ
1493 5375 1552 5426 τὸ
1611 5375 1835 5444 ἡλιακὸν

337 5515 377 5544 ¹’
408 5514 540 5570 Gen.
576 5536 629 5581 ιι,
665 5520 750 5573 l0.

1945 4738 1996 4782 te
2029 4725 2151 4778 volo
2184 4724 2358 4777 videri
2393 4722 2662 4777 Joannem
2697 4723 2842 4775 hunc
2864 4728 3114 4774 nostrum
3148 4719 3308 4772 aliam
3337 4719 3525 4773 dicere

1944 4821 2145 4883 lucem,
2215 4832 2338 4887 quae
2394 4815 2482 4870 die
2550 4818 2729 4887 primo
2760 4813 2926 4868 fuerit
2961 4814 3203 4879 condita,
3262 4823 3316 4867 et
3359 4814 3525 4867 aliam

1944 4913 2186 4983 qure‘tlie
2218 4916 2438 4978 quarto,
2473 4907 2631 4977 longe
2669 4909 2842 4978 priori
2879 4907 3342 4978 splendidiorem.
3375 4906 3527 4960 Basi-

1951 4978 2273 5059 lius.autem
2307 5018 2558 5072 magnus,
2599 5003 2651 5054 in
2685 5002 2935 5054 oratione
2966 5009 3117 5054 sexta
3151 5000 3217 5052 de
3245 4995 3529 5052 luminariJ

1949 5100 2068 5164 bus,
2099 5113 2165 5151 ne
2194 5097 2435 5164 reliquos
2455 5094 2832 5148 sanctissimos
2857 5093 3045 5147 Patres
3071 5107 3526 5153 commemorem,

1947 5190 2247 5246 dilucidius
2279 5189 2383 5241 hac
2423 5187 2491 5240 de
2521 5203 2577 5240 re
2616 5187 2799 5240 verbis
2837 5185 2986 5239 hisce
3017 5186 3237 5239 disserit
3281 5205 3294 5239 :
3328 5185 3381 5239 Si
3410 5185 3524 5254 jam

1948 5294 2071 5338 ante
2107 5283 2242 5336 lucis
2280 5289 2436 5335 ortus
2471 5289 2851 5350 praecesserat,
2882 5294 2991 5347 quo
3045 5288 3202 5348 pacto
3256 5280 3312 5331 lit
3347 5288 3406 5332 ut
3441 5277 3523 5330 soi

1950 5390 2167 5428 rursum
2200 5373 2419 5427 dic.ttur
2447 5373 2509 5426 ad
2540 5371 2834 5426 lucentium
2865 5371 3036 5425 factus
3063 5373 3221 5426 esse?
3255 5370 3526 5425 Nimirum

268 5650 441 5702 quave
503 5648 655 5692 aetate
725 5639 978 5695 ﬂoruerit
1031 5644 1300 5700 Patricius
1364 5645 1453 5698 ille
1485 5642 1800 5699 Prusaensis
1840 5642 2154 5712 episcopus,
2190 5641 2246 5698 S.
2308 5641 2514 5698 Pionii.
2545 5638 2889 5695 celeberrimi
2937 5634 3192 5702 martyris
3248 5632 3527 5686 encomia-

272 5717 396 5766 su-s,
431 5722 583 5764 nemo
618 5726 701 5765 me
736 5713 1002 5768 hactenus
1029 5715 1238 5768 docuit.
