4052 6200
508 332 577 395 ω
1786 324 2062 384 MlCllAi

2168 328 2203 383 ς
2248 328 2435 388 GLYC
3058 332 3061 335 λ
3673 331 3738 397 60

504 446 683 510 primo
725 437 946 510 quidem
984 437 1072 493 die
1104 436 1242 491 lucis
1266 436 1380 505 ipsa
1426 440 1618 490 natura
1674 434 1778 490 fuit
1829 439 2062 493 condita.

2177 441 2333 494 τοῦτο
2373 443 2531 506 σῶμα
2557 443 2584 494 ὅ
2591 462 2655 514 χη
2666 462 2739 514 μα
2763 438 2902 497 εἶναι
2930 442 3008 514 τῷ
3028 441 3360 514 πρωτογόνῳ
3389 444 3583 515 ἐκείνῳ
3605 449 3749 515 φωτὶξ

506 546 655 588 nunc
686 548 816 587 vero
842 532 1017 586 solare
1049 546 1248 599 corpus
1281 529 1599 592 instruitur,
1634 538 1693 582 ut
1719 529 1866 583 illius
1887 531 2075 599 primi-

501 626 674 696 geniac
706 624 845 679 lucis
878 622 1194 676 vehiculum
1256 619 1345 674 sit.
1407 618 1878 685 Quemadmodum
1925 623 2070 676 enim

501 707 942 785 aliud.quiddam
980 724 1066 766 est
1098 711 1242 782 ignis
1264 720 1318 765 et
1351 711 1498 765 aliud
1537 712 1796 773 lucerna,
1836 728 2069 782 quorum

501 810 591 864 ille
618 808 839 878 quidem
874 804 1093 859 lucendi
1125 804 1233 857 vim
1267 804 1449 868 habet,
1495 804 1613 858 bare
1645 818 1778 859 vero
1813 804 1953 859 facta
1987 815 2072 861 est

500 901 765 953 utluccm
817 896 977 951 nobis
1005 895 1292 960 adhibeat,
1348 894 1391 948 si
1445 894 1584 949 forte
1621 894 1753 964 quid
1800 895 2069 964 agendum

496 991 589 1053 sit,
627 993 707 1043 sic
738 989 848 1057 jam
899 989 1115 1057 (quarto
1152 987 1362 1041 scilicet
1387 985 1497 1056 die)
1546 986 1836 1039 luminaria
1876 1001 2074 1055 paran-

496 1091 607 1144 tur,
644 1094 765 1146 qua:
800 1078 943 1148 ignis
976 1078 1125 1132 illius
1176 1077 1455 1146 purissimi
1495 1085 1550 1131 et
1589 1076 1658 1130 ab
1693 1076 1843 1130 omni
1884 1092 2067 1131 crassa

497 1172 731 1225 materie
766 1170 963 1224 secreti
993 1168 1307 1223 vehiculum
1334 1167 1463 1221 sint.
1519 1166 1665 1221 Idem
1699 1166 1934 1222 Basilius
1961 1182 2069 1222 non

497 1263 669 1315 multo
700 1269 825 1331 post
858 1261 913 1313 in
943 1261 1085 1313 hanc
1145 1258 1489 1326 sententiaml
1522 1258 1806 1326 loquitur:
1857 1258 2067 1326 «Impe-

497 1352 663 1413 rium,
696 1351 765 1403 ait
801 1349 995 1412 Moses,
1018 1348 1123 1402 diei
1148 1361 1315 1417 penes
1346 1347 1515 1400 solem
1555 1356 1693 1400 esto.
1715 1347 1780 1377 ”‘
1810 1366 1829 1397 ι
1872 1347 1975 1417 19
2004 1348 2069 1400 Et

497 1455 734 1509 quonam
765 1450 920 1507 pacto
941 1438 1226 1507 imperium
1264 1437 1373 1491 diei
1402 1437 1478 1490 sol
1504 1436 1700 1490 habet?
1728 1435 1864 1501 Quia
1887 1438 2066 1490 lucem

498 1531 555 1584 in
577 1531 757 1599 seipso
789 1530 1204 1591 circumferens,
1236 1528 1640 1598 quamprimum
1663 1528 1932 1580 linitorem
1953 1529 2066 1581 cir-

498 1621 683 1676 culum
721 1620 958 1680 transiit,
996 1618 1143 1673 diem
1172 1620 1331 1672 nobis
1361 1618 1570 1688 praabet
1602 1618 1882 1688 dissipatis
1916 1627 2066 1672 tene-

498 1715 634 1768 bris.
694 1713 882 1783 Neque
912 1728 1247 1783 magnopere
1296 1711 1577 1766 aherravit
1632 1712 1723 1779 qui
1770 1727 1888 1765 esse
1916 1712 2062 1766 diem

2179 534 2647 603 παρεσκεύασται.
2690 537 2777 599 Ὠς
2814 537 2921 606 γὰρ
2978 536 3106 590 ἄλλο
3156 536 3217 589 τὸ
3266 536 3378 605 πῦρ
3419 539 3509 590 καὶ
3560 539 3687 591 ἄλλο
3715 543 3749 592 ὁ

2174 626 2387 695 λύχνος,
2420 626 2479 679 τὸ
2533 628 2632 695 μὲν
2677 626 2774 696 τὴν
2817 626 2909 679 τοῦ
2943 624 3199 693 φωτίζειν
3249 626 3483 694 δύναμιν
3514 627 3659 698 ἔχον,
3684 612 3751 695 τὺξ

2173 719 2229 771 δὲ
2262 720 2664 787 παρεμφαίνειν
2695 720 2807 781 τοῖς
2850 718 3127 787 δεομένοις
3171 720 3564 788 πεποιημένον,
3598 704 3751 771 οὕτω

2174 810 2269 862 καὶ
2297 811 2373 875 τῷ
2411 808 2783 878 καθαρωτάτῳ
2807 810 2999 878 ἐκείνῳ
3026 810 3119 861 καὶ
3151 809 3437 878 εἰλικρινεῖ
3459 810 3552 860 καὶ
3586 809 3740 877 αὖλῳ

2173 902 2313 968 φωτὶ
2340 900 2525 969 ὄχημα
2557 900 2651 952 νῦν
2690 900 2739 951 oi
2780 900 3070 968 φωστῆρες
3120 899 3667 967 κατεσκευάσθησαν.
3712 892 3752 951 1l

2184 991 2343 1045 Ἀλλὰ
2387 995 2476 1045 καὶ
2530 992 2889 1061 παρακατιὼν
2927 991 3069 1043 οὕτω
3118 991 3255 1043 κατὰ
3287 990 3439 1059 ῥῆμα
3478 990 3740 1053 διέξεισιν

2178 1102 2196 1134 ι
2243 1084 2351 1137 Καὶ
2400 1084 2538 1137 ἔστω
2566 1088 2592 1138 6
2623 1086 2774 1153 ἥλιος
2809 1086 2886 1145 είς
2927 1084 3179 1148 ἐξουσίαν
3218 1084 3316 1151 τῆς
3352 1082 3587 1153 ἡμέρας.
3619 1081 3741 1149 Πιῖες

2170 1171 2261 1226 οὖν
2306 1172 2440 1241 ἔχει,
2482 1190 2500 1223 ι
2548 1175 2734 1240 φησὶν,
2792 1190 2811 1222 r
2850 1171 2950 1240 τὴν
2993 1171 3244 1234 ἐξουσίαν
3292 1170 3390 1238 τῆς
3447 1171 3659 1240 ἡμέρας
3712 1171 3742 1222 6

2169 1261 2349 1330 ἣλιος
2390 1260 2512 1312 Ὀτι
2561 1259 2620 1312 1:6
2669 1258 2784 1326 φῶς
2830 1260 2886 1311 ὲν
2930 1256 3108 1327 ἑαυτῷ
3159 1258 3490 1327 περιφέρων,
3520 1258 3742 1310 ἐπειδὰν

2145 1354 2301 1405 ’ποτε
2350 1353 2442 1404 τὸν
2492 1351 2742 1421 ὁρίζοντα
2787 1351 3059 1420 ὑπεράρῃ,
3091 1350 3305 1419 ἡμέραν
3355 1349 3585 1418 παρέχει
3621 1350 3740 1401 δια-

2168 1443 2336 1507 λύσας
2366 1444 2426 1496 τὸ
2458 1442 2666 1505 σκότος,
2701 1442 2841 1496 ὥστε
2891 1442 2990 1495 οὐκ
3040 1443 3105 1496 ἄν
3138 1457 3223 1503 τις
3271 1441 3493 1513 ἁμάρτῃ
3522 1442 3738 1511 ἡμέραν

2168 1536 2493 1605 ὁρισάμενος
2540 1532 2679 1588 εἶναι
2731 1535 2824 1589 τὸν
2857 1535 2962 1588 ὑπὸ
3001 1534 3095 1586 τοῦ
3128 1535 3279 1603 ἡλίου
3327 1534 3738 1602 πεφωτισμένον

2167 1624 2327 1695 ἀέρα.
2374 1645 2393 1677 1
2428 1624 2623 1692 Σαφῶς
2678 1625 2777 1693 μὲν
2823 1623 2919 1677 οὖν
2968 1618 3203 1676 ἐνταῦθα
3253 1624 3282 1676 6
3332 1623 3502 1691 μέγας
3534 1619 3738 1684 ἔδειξεν

2168 1714 2248 1767 ὅτι
2289 1713 2565 1782 φωτοδόχα
2623 1713 2784 1780 μόνον
2834 1712 3055 1779 ἀγγεῖα.
3092 1709 3167 1780 μὴ
3208 1709 3392 1778 μέντοι
3425 1725 3487 1776 γε
3532 1708 3596 1776 δὴ
3641 1708 3739 1759 καὶ

498 1806 728 1860 definiet
760 1821 787 1858 a
824 1806 938 1860 sole
969 1806 1354 1859 collustratum
1391 1819 1537 1857 aera.
1573 1804 1783 1871 Quibus
1808 1805 1859 1857 in
1886 1805 2062 1859 verbis

2171 1804 2286 1874 φῶς
2337 1804 2480 1856 κατὰ
2519 1805 2618 1871 τὴν
2662 1804 2935 1873 τετάρτην
2977 1802 3215 1871 ἡμέραν.
3267 1799 3638 1868 Παρὴχθησαν
3680 1797 3738 1849 δὲ

496 1898 732 1951 eximius
782 1898 870 1951 hic
918 1897 1005 1951 vir
1067 1905 1151 1951 sat
1204 1897 1352 1951 clare
1394 1896 1634 1950 ostendit
1660 1911 1788 1949 vasa
1815 1899 2062 1964 quaedam

498 1990 765 2060 quasique
798 1989 1146 2059 receptacula
1188 1991 1350 2052 ιιιείε,
1396 2004 1505 2041 non
1541 1987 1713 2041 lucem
1750 1987 1839 2040 die
1868 1995 2063 2055 quarto

497 2096 618 2134 esse
652 2076 957 2134 conditam.
1001 2079 1069 2132 Et
1110 2079 1329 2131 condita
1363 2087 1491 2131 sunt
1524 2076 1749 2131 omnino
1782 2077 1897 2140 illa,
1952 2092 2062 2146 quo

497 2170 675 2224 lucem
714 2171 856 2223 illam
896 2170 1127 2238 primam
1155 2170 1465 2237 reciperent
1502 2183 1565 2223 ac
1620 2169 1679 2222 in
1728 2179 1871 2223 terra
1916 2170 2066 2223 luce-

498 2269 645 2314 rent.
703 2262 818 2314 lloc
858 2270 1040 2313 autem
1082 2260 1157 2313 ita
1207 2260 1337 2313 fecit
1382 2259 1545 2322 Deus,
1603 2259 2063 2329 quemadmodum

501 2350 882 2405 Theodoretus
922 2351 1109 2414 tradit,
1151 2360 1211 2404 ut
1257 2352 1351 2405 lux
1395 2351 1486 2405 illa
1534 2351 1857 2420 primigenia
1888 2351 2063 2406 divisa

512 2440 569 2493 in
604 2439 803 2509 exigua
843 2442 1049 2508 pariter
1099 2455 1163 2495 ac
1223 2457 1418 2510 magna
1473 2441 1765 2495 luminaria
1802 2442 2062 2511 splendo-

500 2545 617 2584 rem
681 2531 1020 2585 animantum
1070 2532 1246 2585 oculis
1297 2532 1716 2601 respondentem
1762 2532 2061 2587 emitteret.

500 2620 637 2674 Nam
669 2622 876 2691 absque
908 2622 1013 2675 hoc
1048 2621 1277 2684 fuisset,
1323 2622 1583 2675 animalia
1627 2622 1805 2677 oculis
1835 2622 2065 2691 przedita

500 2710 646 2766 ferre
671 2710 1018 2780 splendorem
1050 2712 1199 2766 lucis
1248 2712 1668 2765 immoderatum
1720 2727 1827 2766 non
1855 2713 2068 2781 potuis-

500 2812 643 2855 sent.
690 2802 839 2857 ldcm
878 2817 1107 2872 magnus
1131 2804 1295 2857 etiam
1329 2803 1561 2858 Basilius
1602 2803 1688 2857 his
1721 2804 1905 2858 verbis
1930 2818 2065 2858 con-

501 2889 717 2945 ﬁrmat:
744 2891 1037 2946 Pulchrum
1063 2907 1193 2946 sane
1217 2893 1475 2962 quiddam
1491 2901 1575 2947 est
1598 2896 1714 2963 ipse
1733 2894 1834 2956 sol,
1860 2894 1964 2948 hoc
1983 2901 2069 2948 est

502 2977 688 3033 discus
720 2980 813 3035 ille
836 2980 1084 3049 corporis
1114 2979 1331 3046 solaris,
1384 2981 1437 3034 in
1478 2996 1587 3050 quo
1632 2981 1803 3037 veluti
1841 2982 2064 3037 lucerna

499 3068 732 3138 quadam
768 3070 1090 3139 primigenia
1140 3070 1229 3123 lux
1258 3084 1341 3124 est
1367 3071 1663 3125 collocata:
1714 3088 1902 3126 verum
1953 3087 2061 3126 non

2172 1896 2391 1956 πάντως
2436 1895 2527 1946 ἐπὶ
2561 1893 2621 1948 16
2665 1893 2921 1958 δέξασθαι
2956 1894 3013 1945 1:6
3048 1892 3160 1961 φῶς
3194 1893 3369 1944 ἐκεῖνο
3396 1890 3455 1942 τὺ
3499 1890 3738 1957 πρῶτον,
3778 1894 3787 1897 “

2171 1989 2264 2040 καὶ
2291 1986 2502 2056 φαίνειν
2533 1986 2625 2038 ἐπὶ
2648 1985 2745 2055 τῆς
2774 1986 2897 2055 γῆς.
2926 1984 3098 2037 Τοῦτο
3125 1982 3180 2035 δὲ
3208 1981 3508 2051 πεποίηκεν
3538 1983 3563 2031 6
3581 1979 3738 2041 Θεὸς,

2170 2077 2258 2130 ἵνα
2303 2075 2731 2144 καταμερισοὲν,
2764 2074 2839 2137 ὣς
2882 2090 3015 2144 φησι
3046 2072 3412 2141 Θεοδὼρητος,
3454 2072 3534 2131 είς
3577 2068 3632 2121 δέ
3671 2084 3739 2135 γε

2171 2170 2267 2222 καὶ
2297 2168 2420 2230 τοὺς
2457 2167 2685 2236 μικροὺς
2716 2165 2811 2219 καὶ
2841 2166 3112 2235 μεγάλους
3157 2164 3453 2231 φωστῆρας
3494 2160 3554 2211 τὸ
3581 2176 3738 2227 πρω-

2168 2257 2390 2324 τόγονον
2426 2256 2600 2307 ἐκεῖνο
2629 2253 2742 2323 φῶς
2773 2253 2966 2322 αἴγλην
2997 2251 3255 2318 ὲκπὲμπῃ
3289 2250 3407 2307 ταῖς
3446 2245 3555 2297 τῶν
3581 2243 3738 2305 ζώων

2170 2346 2324 2412 ὄψεσι
2378 2345 2713 2414 σύμμετρον.
2759 2344 2822 2396 Ei
2878 2338 3113 2411 μὴ’γὰρ
3171 2337 3329 2390 τοῦτο
3379 2333 3468 2407 ἦν,
3522 2335 3622 2386 οὐκ
3670 2332 3740 2386 ἂν

2170 2431 2481 2501 ὀφθαλμοὺς
2504 2431 2698 2499 ἔχοντα
2726 2430 2792 2483 τὰ
2824 2430 2938 2493 ζῶα
2967 2428 3066 2495 τὴν
3097 2424 3406 2495 ὑπερϐολὴν
3440 2421 3534 2474 τοῦ
3560 2419 3741 2489 φωτὸς

2170 2522 2423 2591 ἡνεγκεν.
2471 2518 2812 2572 Ἐπιδεδαιοῖ
2835 2516 3011 2569 ταῦτα
3039 2515 3134 2566 καὶ
3159 2516 3188 2565 6
3235 2512 3409 2581 μέγας
3453 2507 3738 2570 Βασῧειος

2170 2611 2344 2679 λέγων
2373 2627 2385 2640 ·
2423 2628 2441 2661 ι
2467 2608 2646 2670 Καλὸς
2683 2608 2782 2676 μὲν
2825 2608 2855 2659 6
2900 2606 3073 2675 ἥλιος,
3099 2604 3380 2657 τουτέστιν
3425 2603 3453 2654 6
3493 2600 3678 2659 δίσκος
3707 2598 3738 2648 6

2171 2703 2414 2771 ἡλιακδς,
2455 2702 2513 2754 ὲν
2561 2693 2607 2768 ᾧ
2654 2698 2842 2769 ὥσπερ
2890 2698 3067 2767 λύχνῳ
3120 2697 3230 2751 τινὶ
3278 2694 3339 2747 τὸ
3392 2691 3736 2761 πρωτόγονον

2170 2794 2349 2845 ἐκεῖνο
2377 2790 2678 2860 ἱναπετέθη
2726 2790 2861 2859 φῶς,
2902 2789 3065 2850 καλὸς
3100 2786 3155 2839 δὲ
3197 2786 3288 2838 καὶ
3334 2784 3423 2836 διὰ
3464 2780 3562 2851 τὴν
3597 2795 3737 2846 συμ-

2172 2887 2400 2959 μετρίαν
2428 2883 2590 2938 αὐτοῦ
2613 2900 2627 2915 ο
2664 2882 2787 2936 οὒτε
2813 2882 2921 2950 γὰρ
2952 2879 3037 2933 διὰ
3069 2878 3167 2949 τὴν
3196 2875 3399 2929 ἐκείνου
3430 2870 3734 2938 λεπτότητα

2171 2981 2229 3031 τὸ
2271 2978 2380 3047 πῦρ
2430 2975 2829 3046 παρεξέρχεται
2865 2974 2959 3025 καὶ
3004 2969 3336 3037 καταφλέγει
3378 2964 3576 3027 πάντα,
3605 2961 3731 3012 οὔτε

2170 3070 2258 3122 διὰ
2287 3069 2384 3138 τὴν
2408 3068 2571 3120 αὐτοῦ
2605 3066 2896 3134 παχύτητα
2921 3063 3055 3132 πρὸς
3086 3062 3232 3129 ἡμᾶς
3259 3055 3604 3128 ἀμϐλυτέραν
3626 3051 3731 3120 τὴν

499 3159 680 3215 minus
704 3162 1128 3230 pulchritudinis
1151 3172 1315 3229 atque
1335 3161 1592 3216 bonitatis
1624 3163 1676 3216 in
1689 3178 1755 3217 eo
1768 3163 1932 3217 situm
1955 3173 2062 3230 est,

2168 3158 2329 3213 αὑτοῦ
2355 3159 2713 3228 παραπέμπει
2740 3156 3040 3226 ἐνέργειαν.
3078 3171 3097 3205 r

500 3256 645 3321 quod
681 3267 849 3321 usque
899 3256 1035 3307 adeo
1078 3254 1152 3307 sit
1183 3254 1497 3309 moderatus
1529 3265 1690 3323 atque
1755 3258 2112 3310 conveniens.
2146 3253 2486 3325 NamTteque
2515 3261 2736 3324 propter
2797 3248 3156 3304 subtilitatem
3186 3243 3367 3298 omnia
3398 3245 3640 3309 penetrat
3675 3246 3738 3294 et

497 3346 681 3399 exurit
720 3345 873 3411 ipsus
901 3345 1063 3413 ignis,
1117 3358 1294 3413 neque
1331 3355 1553 3414 propter
1603 3346 1932 3400 densitatem
1982 3344 2050 3398 ad
2095 3361 2191 3399 nos
2225 3346 2405 3411 minus
2430 3346 2703 3399 cllicacem
2738 3341 3057 3395 transmittit
3090 3339 3200 3392 vim
3228 3350 3404 3390 suam.

569 3436 838 3491 Caeterum
873 3447 998 3489 ante
1031 3435 1177 3488 diem
1204 3446 1481 3505 quartum,
1505 3437 1607 3491 hoc
1627 3447 1712 3492 est
1743 3438 2060 3507 priusquam

500 3524 604 3592 ipsi
645 3525 882 3578 siderum
914 3524 1050 3577 disci
1084 3534 1430 3591 crearentur,
1462 3527 1923 3595 quemadmodum
1962 3527 2062 3582 Ju-

500 3616 679 3668 stinus
715 3615 803 3669 ille
830 3616 1190 3685 philosophus
1218 3626 1272 3670 et
1296 3616 1497 3672 Christi
1529 3619 1683 3673 testis
1706 3619 1802 3684 ait,
1835 3635 2064 3674 consen-

502 3703 675 3756 tiente
707 3718 828 3757 cum
868 3704 970 3757 hoc
997 3705 1333 3773 reliquorum
1367 3707 1590 3758 Patrum
1620 3717 1789 3771 cretu,
1820 3707 1909 3761 lux
1937 3709 2064 3760 uni-

496 3808 651 3847 versa
683 3793 881 3863 passim
907 3810 1003 3862 per
1039 3810 1162 3848 aera
1213 3794 1409 3849 diffusa
1462 3811 1562 3850 nec
1619 3804 1768 3848 motu
1825 3798 2059 3865 quodam

496 3885 750 3952 aequabili
781 3883 1063 3938 ferebatur
1092 3900 1194 3938 nee
1228 3884 1337 3939 diei
1369 3892 1541 3939 metas
1588 3885 1880 3940 definiebat
1914 3904 1928 3940 :
1965 3889 2059 3942 sed

497 3974 902 4044 quamprimum
926 3975 1153 4029 collecta
1190 3975 1405 4039 fuisset,
1443 3976 1771 4030 succedendi
1828 3977 1933 4031 sibi
1969 3994 2064 4048 po-

496 4075 745 4131 testatem
774 4066 920 4120 nocti
954 4066 1206 4120 faciebat.
1240 4065 1329 4120 Sic
1352 4066 1498 4120 enim
1530 4066 1752 4122 Litterae
1789 4084 1955 4124 sacrae
1982 4071 2062 4123 lo-

495 4167 749 4224 qnuntur
778 4173 794 4210 :
827 4156 1023 4211 «Facto
1056 4172 1283 4227 vespere
1307 4172 1371 4211 ac
1400 4173 1558 4213 mane
1576 4158 1694 4213 dies
1734 4175 1875 4214 unus
1897 4162 2063 4215 exsti-

497 4247 676 4301 tit’°.i
709 4246 916 4301 Deinde
944 4264 1077 4302 vero
1112 4264 1236 4302 cum
1270 4250 1420 4302 disco
1447 4250 1609 4303 solari
1634 4261 1914 4321 compacta
1937 4270 2063 4307 cur-

499 4352 618 4387 sum
660 4335 769 4389 diei
797 4336 1129 4390 destinatum
1155 4350 1409 4393 accurate
1442 4356 1537 4408 per
1572 4341 1750 4410 ipsum
1784 4345 1915 4397 solis
1942 4359 2062 4397 cor-

496 4439 599 4491 pus
626 4425 879 4479 absolvit.
938 4425 1125 4498 itaque
1177 4429 1286 4499 jam
1343 4431 1423 4485 sol
1471 4430 1654 4485 oriens
1681 4432 1823 4487 diem
1872 4434 2056 4499 ellieit,

492 4517 596 4567 sub
627 4525 825 4569 terram
858 4533 988 4572 vero
1011 4530 1185 4573 semet
1215 4520 1422 4574 abiens
1455 4519 1514 4573 lit
1538 4537 1701 4576 causa
1734 4524 1930 4578 noctis.
1958 4525 2055 4577 Et-

2242 3438 2354 3507 Πρὸ
2385 3438 2568 3507 μέντοι
2595 3438 2694 3505 τῆς
2728 3435 2994 3501 τετάρτης
3018 3430 3250 3501 ἡμέρας,
3285 3428 3457 3497 ἡγουν
3491 3421 3596 3492 πρὸ
3634 3418 3734 3473 τοῦ

2168 3528 2636 3599 δημιουργηθῆναι
2663 3526 2785 3588 τοὺς
2816 3526 3050 3585 δίσκους,
3074 3520 3215 3575 καθά
3245 3534 3407 3588 φησιν
3444 3515 3735 3572 ’1ουστῖνος

2169 3622 2198 3672 6
2229 3620 2513 3687 φιλόσοφος
2541 3619 2636 3670 καὶ
2672 3615 2880 3686 μάρτυς
2909 3611 3170 3682 Χριστοῦ,
3203 3610 3296 3663 καὶ⁵
3327 3609 3354 3660 6
3391 3605 3574 3665 λοιπὸς
3609 3601 3728 3653 τῶν

2170 3711 2428 3778 Πατέρων
2460 3708 2775 3776 κατάλογος,
2805 3706 2924 3759 ὅλον
2951 3704 3125 3757 διόλου
3161 3701 3238 3771 τῷ
3280 3699 3402 3767 ἀέρι
3429 3709 3730 3765 περικεχυ-

2173 3801 2335 3871 μένον
2365 3799 2486 3853 οὔτε
2515 3800 2724 3869 κίνησιν
2752 3796 2958 3867 ὁμαλὴν
2980 3796 3276 3863 διέτρεχεν,
3310 3789 3436 3842 οὔτε
3462 3790 3560 3858 τῆς
3585 3784 3731 3855 ἡμέ-

2173 3911 2268 3962 ρας
2300 3894 2367 3954 τὰ
2404 3892 2576 3961 μέτρα
2613 3890 2883 3959 διώριζεν,
2914 3887 3050 3941 ἀλλὰ
3095 3883 3511 3949 συστελλόμενον
3558 3880 3734 3946 παρος

2168 3985 2253 4037 δον
2308 3985 2475 4037 ἐδίδου
2522 3985 2587 4053 τῇ
2631 3983 2810 4034 νυκτί.
2842 3999 2861 4032 ι
2898 3981 3009 4033 Καὶ
3050 3977 3285 4045 ἐγένετο,
3333 3995 3350 4027 ι
3405 3975 3511 4039 γάρ
3542 3987 3733 4041 φησιν,

2176 4092 2193 4126 t
2245 4074 2470 4142 ἑσπέρα,
2534 4070 2627 4124 καὶ
2682 4070 2899 4136 ἐγένετο
2947 4067 3089 4136 πρωῒ
3145 4065 3329 4136 ἡμέρα
3389 4064 3505 4133 μία.
3567 4079 3584 4111 ι
3638 4061 3733 4127 Τῷ

2168 4166 2336 4236 δίσκῳ
2369 4167 2423 4219 δὲ
2450 4164 2526 4234 τῷ
2553 4162 2764 4234 ἡλιακῷ
2812 4158 3132 4230 συναιρεθὲν
3168 4156 3392 4226 ὕστερον
3423 4154 3732 4223 ἀμέμπτως

2167 4260 2258 4312 τὸν
2283 4260 2481 4327 δρόμον
2508 4259 2608 4327 τῆς
2634 4254 2852 4326 ἡμέρας
2876 4252 3037 4323 ὡρῶν
3074 4252 3163 4303 διὰ
3187 4249 3281 4304 τοῦ
3329 4248 3578 4313 σώματος
3605 4248 3732 4295 ὲπι-

2169 4352 2332 4413 τελεῖ,
2364 4349 2658 4402 κάντεῦθεν
2709 4345 3012 4400 ἀνατέλλων
3055 4345 3082 4395 6
3116 4343 3265 4412 ἥλιος
3314 4341 3527 4409 ἡμέραν
3561 4337 3730 4395 ποιεῖ,

2166 4441 2335 4494 δύνων
2379 4440 2435 4492 δὲ
2478 4439 2581 4491 ὑπὸ
2625 4438 2727 4506 γῆν
2765 4438 2957 4497 νυκτὸς
3006 4432 3175 4494 αἴτιος
3223 4432 3450 4498 γίνεται.
3504 4427 3567 4478 Ἠ
3617 4425 3733 4491 γὰρ

2168 4533 2263 4597 νὺξ
2291 4529 2430 4598 αὓτη
2469 4528 2621 4580 οὐδὲν
2645 4526 2773 4579 ἄλλο
2800 4526 2949 4578 ἐστὶν
2980 4523 3011 4592 ἢ
3049 4524 3290 4589 σκίασμα
3321 4520 3421 4588 γῆς
3450 4516 3544 4569 τοῦ
3570 4514 3730 4580 ἡλίου

491 4605 637 4656 enim
668 4605 814 4659 aliud
855 4606 986 4660 nihil
1014 4618 1101 4660 est
1136 4624 1241 4661 nox
1273 4624 1436 4677 quam
1463 4612 1655 4665 umbra
1679 4620 1857 4678 terrae,
1896 4616 2059 4668 nimi-

2168 4625 2265 4691 τὴν
2308 4621 2413 4689 γῆν
2458 4619 2868 4688 ὑποτρέχοντος.
2907 4615 3214 4685 Ὠνομάσθη
3255 4611 3312 4664 δὲ
3360 4607 3455 4674 νὺξ
3481 4607 3638 4660 τοῦτο
3666 4606 3724 4657 τὲ

495 4709 613 4745 ιιιιιι
652 4695 769 4749 sole
801 4695 904 4749 sub
938 4706 1136 4750 terram
1190 4699 1471 4751 occultato
1507 4698 1720 4767 iterque
1766 4715 1923 4752 suum
1967 4718 2057 4753 ur-

494 4794 675 4852 gente.
707 4785 773 4839 Et
802 4787 974 4855 caligo
1003 4787 1151 4841 istaec
1181 4788 1601 4856 appellationem
1635 4790 1813 4843 noctis
1843 4791 2057 4859 accepit

490 4893 555 4931 ex
587 4894 654 4933 eo
706 4883 852 4948 quod
921 4881 1203 4935 hominem
1237 4883 1597 4935 dormientem
1659 4894 1865 4953 pungat
1919 4886 2055 4953 (νὺξ

491 4970 632 5023 enim
663 4981 749 5025 est
776 4988 805 5024 a
838 4974 1097 5042 νύττειν),
1132 4982 1452 5041 tantumque
1479 4989 1586 5025 non
1645 4974 1730 5026 his
1778 4976 1843 5028 ad
1877 4975 2054 5044 ipsum

493 5060 675 5113 verbis
710 5071 891 5114 utatur
921 5080 937 5116 :
975 5064 1157 5117 «Scire
1190 5063 1380 5128 debes,
1442 5064 1626 5127 homo,
1690 5074 1741 5118 te
1771 5067 2053 5120 mortalem

491 5164 684 5202 somno
709 5152 964 5206 servire.»
1005 5158 1079 5207 Ac
1108 5155 1421 5223 huiusmodi
1476 5157 1773 5224 quamdam
1806 5159 2056 5213 stimula-

493 5242 699 5294 tionem
731 5258 854 5297 esse
881 5259 1121 5309 nocent,
1153 5247 1266 5315 ipse
1304 5248 1535 5301 Davides
1564 5250 1727 5302 etiam
1765 5252 1946 5306 verbis
1971 5253 2057 5306 his

491 5332 751 5386 indicavit
783 5351 797 5387 :
833 5336 990 5399 «Qua:
1027 5337 1215 5392 dicitis
1245 5340 1298 5391 in
1331 5341 1596 5395 cordibus
1618 5342 1835 5408 vestris,
1874 5344 1927 5395 in
1956 5359 2055 5396 cu.

492 5425 692 5478 bilibus
726 5428 924 5480 vestris
984 5430 1404 5499 pungimini".t
1470 5433 1558 5487 Sic
1586 5443 1641 5487 et
1688 5435 1890 5500 lucem,
1944 5446 2058 5489 tan-

491 5531 651 5583 quam
684 5532 799 5571 rem
832 5520 1007 5573 laetam
1050 5532 1214 5590 atque
1240 5533 1469 5591 gratam,
1507 5512 1723 5595 ἡμέραν
1758 5527 1992 5581 dicimus
2026 5543 2054 5579 a

560 5681 621 5711 η’
664 5677 798 5740 Gen,
834 5700 871 5749 ι,
912 5685 995 5739 16.
1072 5687 1266 5741 "Ibid.
1299 5689 1349 5742 5.
1428 5691 1466 5721 ²¹
1491 5688 1632 5744 PSaL
1664 5707 1733 5754 tv,
1768 5693 1818 5744 5.

2166 4715 2375 4779 σκότος,
2426 4712 2613 4781 ἐπειδὴ
2672 4710 3002 4763 καθεύδοντα
3058 4709 3238 4761 νύττει
3302 4707 3391 4758 τὶν
3436 4701 3728 4770 ἄνθρωπον

2158 4792 2252 4859 καὶ
2286 4806 2428 4857 οὕτω
2476 4805 2622 4870 λέγει
2679 4806 2962 4870 μονονουχὶ
3006 4800 3140 4868 πρὸς
3190 4799 3350 4850 αὺτέιν
3398 4815 3413 4847 ι
3468 4794 3645 4851 Mariis,
3684 4785 3731 4843 ὧ

2157 4897 2432 4966 ἄνθρωπε,
2463 4896 2545 4947 ὅτι
2577 4893 2769 4963 θνητὸς
2815 4891 2888 4943 ὢν
2936 4892 3089 4961 ὕπνῳ
3121 4888 3419 4949 δουλεύεος.
3452 4906 3470 4937 ι
3510 4888 3631 4937 Ὅτι
3669 4883 3730 4933 δὲ

2158 4988 2435 5056 κατανυγὴ
2486 4987 2633 5038 ἐστιν
2679 4987 2711 5057 ἡ
2762 4986 2879 5050 νὺξ,
2936 4987 3027 5037 καὶ
3074 4980 3119 5035 δ’
3154 4983 3435 5052 προφήτης
3490 4978 3727 5046 ἐδήλωσε

2158 5079 2322 5131 Δαϐὶδ
2378 5079 2549 5139 οὕτως
2598 5077 2768 5129 είπὼν
2817 5096 2835 5128 ι
2878 5078 2945 5130 Ἀ
2992 5078 3174 5143 λέγετε
3218 5078 3273 5127 ἐν
3312 5077 3430 5134 ταῖς
3474 5072 3733 5140 καρδίαις

2158 5170 2329 5239 ὑμῶν,
2370 5172 2461 5221 ἐπὶ
2481 5170 2599 5231 ταῖς
2652 5168 2860 5229 κοίταις
2913 5169 3067 5237 ὑμῶν
3110 5166 3469 5235 κατανύγητε.
3512 5183 3529 5216 ι
3566 5163 3728 5218 Κατὰ

2155 5261 2329 5313 ταῦτα
2378 5260 2433 5313 δὲ
2486 5263 2581 5314 καὶ
2616 5262 2674 5313 τὸ
2703 5263 2816 5329 φῶς
2861 5263 2955 5331 ἡδύ
2990 5279 3037 5313 τι
3073 5263 3164 5313 καὶ
3214 5262 3397 5330 ἱλαρὸν
3421 5261 3478 5313 ὂν
3509 5262 3731 5331 ἡμέραν

2157 5350 2436 5411 ἐκάλεσεν,
2496 5348 2587 5401 διὰ
2631 5351 2692 5401 τὸ
2746 5351 2988 5419 ἡμεροῦν
3044 5350 3109 5400 τὰ
3168 5352 3381 5416 πάντα,
3440 5350 3728 5417 (ἔκσπεροῦν

2158 5439 2251 5489 καὶ
2282 5438 2351 5489 τὰ
2401 5438 2660 5508 χειροήθη
2719 5440 2827 5490 τῶν
2885 5440 3035 5501 ξύλων
3081 5440 3263 5507 ἥμερα
3308 5439 3394 5489 διὰ
3440 5437 3595 5489 τοῦτο
3626 5454 3731 5488 κα·
3776 5490 3777 5493 η

2159 5528 2398 5583 λοῦνται.
