4052 6200
344 277 403 336 6i
1610 271 1889 330 ANNALI

1999 272 2010 328 Ι
2058 271 2248 331 PARS
2287 262 2332 329 1.
3510 272 3578 334 6⁵2

334 388 697 458 jucunditate,
726 386 1190 458 quemadmodum
1255 385 1448 442 eadem
1482 384 1550 440 de
1614 400 1776 440 causa
1818 386 2032 441 cicures
2086 388 2289 442 bestias
2350 387 2534 455 ἥμερα
2593 386 2727 449 ζῶα,
2779 386 2932 456 quasi
2996 385 3249 440 animalia
3308 396 3456 452 grata
3524 397 3579 440 cl

340 483 590 537 amabilia
614 496 893 536 vocamus.

406 574 564 627 Οὕτω
599 574 699 643 μὲν
728 570 823 626 οὖν
853 572 1239 634 ἀνατέλλοντος
1269 570 1359 625 τοῦ
1397 571 1552 642 ἡλίου
1595 570 1689 624 καὶ
1719 569 1896 623 δύνον·

2080 564 2193 619 lloc
2220 563 2387 633 igitur
2417 575 2575 629 pacto
2605 564 2718 618 sole
2747 573 2861 618 tum
2903 563 3115 617 oriente
3150 573 3262 616 tum
3290 566 3578 620 occidente

338 680 446 729 τος,
479 664 542 716 zz.
587 663 704 730 φῶς
733 662 793 727 ἐξ
834 664 1079 732 ἀνάγκης
1112 663 1206 715 καὶ
1244 663 1304 715 τὸ
1336 664 1529 724 σκότος
1575 664 1903 731 παρέπεται,

337 755 554 808 ἐναντία
587 755 688 822 μὲν
714 754 984 824 ἀλλήλοις,
1013 756 1291 822 ἀναγκαῖα
1332 754 1388 806 δὲ
1434 756 1548 817 τοῖς
1590 754 1906 824 ἀνθρώποις

334 848 618 915 ἀμφότερα
644 861 660 877 ο
691 844 753 898 τὸ
785 845 885 912 μὲν
912 846 1021 913 γαρ
1050 845 1183 914 πρὸς
1216 844 1483 914 ἐργασίαν
1512 844 1760 896 συντελεῖ
1788 846 1902 907 τοῖς

336 934 645 1002 ἀνθρώποις
688 932 784 986 λαὶ
813 933 1161 986 ὑποδείκνυσι
1203 934 1271 986 τὰ
1304 933 1579 1003 ὁρώμενα,
1605 932 1665 985 τὸ
1694 932 1751 985 δὲ
1785 933 1904 985 δια-

336 1024 565 1079 ναπαύει
616 1024 814 1086 αὐτοὺς
870 1025 964 1076 κα)⁵
1006 1024 1095 1076 τὸν
1134 1026 1198 1076 ἐκ
1251 1024 1348 1093 τῆς
1393 1024 1658 1091 ἐργασίας
1699 1023 1905 1076 διαλύει

334 1116 509 1168 πόνον.
550 1115 615 1169 Ἦ
651 1116 837 1184 μέντοι
869 1112 962 1181 νὺξ
998 1115 1094 1169 καὶ
1121 1114 1261 1168 κατὰ
1299 1114 1460 1167 τοῦτο
1490 1114 1761 1184 χρήσιμος
1789 1116 1903 1177 τοῖς

332 1204 636 1273 evagatam;
665 1196 981 1276 εὑρίσκεται
1011 1220 1023 1233 ’
1061 1205 1203 1274 μέση
1243 1205 1351 1273 γὰρ
1382 1205 1475 1257 καὶ
1500 1204 1639 1274 αὕτη
1670 1207 1901 1273 κειμένη

334 1293 436 1344 τῶν
483 1295 715 1366 ἡμερῶν
764 1294 1086 1364 μετρεῖσθαι
1122 1295 1229 1347 ’τὸν
1262 1296 1452 1364 χρόνον
1492 1298 1658 1348 ποιεῖ.
1692 1296 1752 1346 Εἰ
1797 1294 1903 1365 γὰρ

332 1380 606 1450 ἀδιάδοχον
663 1384 999 1454 ὲμεμενήκει
1060 1384 1119 1434 τὸ
1188 1382 1325 1452 φῶς,
1376 1385 1476 1436 οὐκ
1525 1383 1591 1437 ἂν
1641 1384 1903 1437 ἐνιαυτῶν

330 1474 776 1545 ὲμεμαθήκειμεν
820 1475 1074 1540 κύκλους,
1113 1476 1209 1545 μία
1269 1476 1325 1527 δὲ
1372 1475 1551 1541 ἔδοξεν
1604 1475 1670 1528 ἂν
1717 1476 1902 1546 ἡμέρα

331 1566 543 1628 πάντως
574 1560 715 1619 εἶναι
743 1566 835 1618 τοῦ
865 1567 1133 1635 παρόντος
1162 1566 1357 1631 αἰῶνος
1394 1567 1453 1620 cr.
1478 1568 1698 1639 μέτρον.
1721 1568 1900 1638 ’Ὅπερ

331 1654 467 1718 ἕξειν
500 1656 595 1708 τὸν
644 1656 1096 1726 προσδοκώμενον
1148 1657 1319 1709 αἰῶνα
1374 1659 1703 1727 πιστεύομεν
1731 1674 1746 1689 ·
1790 1661 1903 1720 τοῖς

328 1748 430 1815 γὶρ
470 1745 763 1811 ἀθανάτοις
814 1748 1123 1816 ίσουμένοις
1172 1749 1265 1801 καὶ
1311 1749 1616 1817 ἀδιαδόχοις
1663 1748 1902 1812 τοιοῦτος

330 1840 415 1888 καὶ
447 1839 475 1889 ὁ
498 1838 635 1892 αἰὼν
663 1838 946 1909 ἁρμόττει.
982 1840 1105 1893 Ἐπὶ
1134 1839 1189 1892 δὲ
1235 1839 1330 1892 τοῦ
1374 1841 1643 1911 παρόντος
1673 1841 1766 1893 καὶ
1798 1840 1903 1908 μά-

329 1925 483 1981 λιστα
549 1928 657 1981 ἔδει
706 1907 781 1982 τὰ
836 1930 1010 2000 μέτρα
1069 1930 1165 1982 τοῦ
1211 1932 1406 1999 χρόνου
1459 1907 1776 1998 γινώσκειν,
1802 1907 1898 1983 diva
1933 1907 1973 1960 Β

330 2018 672 2088 παραθέοντα
730 2021 920 2075 τοῦτον
977 2022 1217 2091 ὁρῶντες
1278 2023 1441 2094 ἡμεῖς
1498 2022 1676 2075 αὐτῶν
1737 2022 1908 2091 ἡμῶν

328 2112 717 2182 ἐπιμελώμεθα
761 2115 855 2166 καὶ
909 2115 1045 2185 πρὸς
1088 2113 1399 2182 ἀποδημίαν
1429 2112 1851 2184 ἐτοιμαζώμεθα
1878 2130 1892 2146 ·

325 2203 435 2255 ὅθεν
481 2205 579 2259 καλ
625 2206 944 2274 μεσολαϐεῖν
980 2207 1079 2275 τὴν
1131 2205 1302 2259 νύκτα
1357 2205 1648 2275 πανσόφως
1694 2206 1721 2257 ὁ
1763 2206 1895 2269 Θεὸς

324 2294 624 2362 διετάξατο.

2010 655 2094 710 vel
2132 656 2310 708 lucem
2348 654 2431 707 vel
2462 653 2716 707 tenebras
2742 663 2825 707 cst
2851 650 3006 722 sequi
3040 667 3297 716 necesse;
3329 655 3435 724 20
3458 670 3579 723 qme

2010 746 2235 818 quidem
2282 762 2368 799 res
2396 746 2518 800 dum
2547 745 2769 799 sibimet
2825 745 3061 801 invicem
3112 745 3491 806 adversantur.
3522 756 3578 799 at

2006 839 2180 893 amba:
2203 847 2330 892 sunt
2365 836 2681 890 hominibus
2733 836 2919 890 utiles.
2969 837 3084 889 Lux
3134 838 3280 891 enim
3328 837 3394 889 a'd
3440 852 3578 905 Opus

2007 927 2328 982 faciundum
2360 928 2569 981 homini
2599 942 2754 981 usum
2788 941 2896 980 non
2928 928 3185 995 exiguum
3218 937 3457 996 prastat.
3494 928 3577 980 ei-

2007 1019 2246 1089 demque
2281 1034 2370 1072 res
2395 1018 2497 1072 sub
2522 1027 2807 1087 aspectum
2838 1018 3100 1072 cadentes
3132 1028 3525 1073 commonstrat
3558 1035 3573 1071 :

2009 1110 2249 1164 tenebra:
2279 1123 2411 1163 vero
2442 1109 2700 1163 mortales
2730 1123 2835 1176 per
2882 1110 3187 1177 requietem
3219 1110 3457 1163 vicissim
3493 1109 3577 1162 fo-

2006 1211 2154 1265 vent,
2185 1208 2620 1269 conceptamque
2646 1199 2714 1254 de
2750 1199 2939 1253 labore
2998 1200 3303 1254 molestiam
3357 1215 3575 1253 omnem

2007 1292 2299 1361 dissipant.
2329 1292 2505 1346 Etiam
2538 1291 2649 1344 alia
2706 1291 2759 1343 in
2821 1299 2976 1360 parte
3011 1299 3226 1344 noctem
3265 1290 3578 1344 hominibus

2007 1384 2194 1437 utilem
2221 1398 2340 1437 esse
2373 1381 2861 1452 deprehendimus.
2924 1378 3057 1435 Nam
3107 1378 3461 1435 cum‘diebus
3494 1383 3577 1435 in-

2006 1477 2228 1547 terjecta
2267 1475 2360 1539 sit,
2389 1475 2651 1543 temporis
2685 1488 2999 1528 mensuram
3046 1472 3228 1528 eﬂicit.
3286 1474 3500 1542 Quippe
3527 1474 3573 1525 si

2002 1566 2094 1618 lux
2129 1564 2389 1619 continua
2419 1564 2556 1617 citra
2591 1563 2993 1617 successionem
3025 1562 3187 1616 ullam
3250 1561 3411 1625 foret,
3477 1577 3577 1613 an-

2004 1671 2198 1711 norum
2230 1657 2389 1711 orbes
2422 1665 2587 1724 atque
2614 1657 2999 1710 conversiones
3024 1671 3132 1709 non
3159 1653 3578 1708 animadvertis-

2003 1765 2210 1811 semus,
2249 1750 2343 1803 sed
2371 1749 2541 1804 totius
2571 1750 2669 1804 aevi
2703 1748 2923 1803 duratio
2978 1747 3101 1803 dies
3148 1747 3375 1801 omnino
3433 1761 3577 1800 unus

2004 1856 2122 1895 esse
2156 1841 2305 1894 visus
2344 1840 2556 1907 fuisset,
2587 1842 2641 1896 id
2682 1841 2827 1910 quod
2858 1839 3105 1894 futurum
3136 1840 3187 1892 in
3250 1853 3366 1892 aevo
3420 1838 3575 1892 dein-

2003 1948 2132 2002 ceps
2165 1933 2425 1987 secutur’o
2456 1933 2752 1988 credimus.
2797 1932 2934 1985 Nam
2969 1946 3090 1985 cum
3127 1932 3181 1984 in
3213 1945 3279 1984 eo
3309 1929 3474 1983 futuri
3503 1930 3576 1982 si-

2004 2038 2127 2076 mus
2152 2023 2491 2076 immortales
2527 2031 2582 2076 et
2618 2021 3063 2076 vicissitudinum
3096 2029 3368 2088 expertes,
3397 2032 3574 2072 :cvum

2002 2128 2219 2181 quoque
2249 2112 2354 2165 tale
2386 2113 2547 2165 nobis
2572 2111 2887 2165 conveniet.
2924 2109 2991 2163 At
3023 2108 3077 2162 in
3122 2109 3229 2163 hoc
3255 2123 3371 2162 aevo
3402 2105 3572 2159 maxi-

2004 2219 2222 2273 mopere
2282 2204 2527 2273 cognitas
2566 2203 2725 2257 nobis
2785 2217 2905 2257 esse
2963 2203 3225 2271 temporis
3288 2215 3573 2255 mensuras

2004 2296 2312 2365 Oportebat.
2348 2295 2686 2349 utcelcriter
2718 2294 2851 2347 illud
2904 2294 3211 2363 prmterlabi
3272 2300 3564 2349 cernentes

324 2387 541 2441 solliciti
578 2388 647 2444 de
682 2389 841 2444 nobis
886 2404 1134 2444 essemus
1198 2404 1263 2443 ac
1317 2398 1534 2442 nosmet
1592 2386 1658 2440 ad
1730 2385 2073 2456 migrandum
2139 2400 2480 2455 pararemus.
2532 2386 2711 2454 Atque
2776 2384 2878 2438 hac
2930 2384 2998 2438 de
3062 2400 3227 2440 causa
3284 2401 3381 2455 per
3440 2399 3573 2453 pro-

324 2479 460 2535 fecto
498 2482 780 2551 sapienter
844 2483 1017 2536 Deum
1078 2490 1268 2536 noctes
1301 2479 1499 2535 diebus
1556 2478 1897 2548 intcrjecisse
1937 2477 2205 2531 videmus.

391 2575 509 2629 Καὶ
540 2574 686 2629 οὕτω
722 2575 821 2643 μὲν
850 2576 898 2627 οί
929 2578 1208 2646 ὑποφῆται
1266 2573 1363 2633 τοῦ
1414 2574 1731 2642 Πνεύματος
1772 2573 1899 2640 περὶ

322 2665 412 2734 τῆς
445 2666 512 2730 ἐξ
545 2667 724 2735 ἀρχῆς
764 2664 870 2718 τῶν
913 2666 1163 2734 ἀστέρων
1195 2664 1530 2736 παραγωγῆς
1566 2664 1662 2716 καὶ
1701 2662 1900 2714 συστά-

324 2770 451 2817 σεως
515 2756 611 2806 καὶ
666 2754 924 2825 φρονοῦσι
980 2756 1077 2807 καλ⁸
1115 2756 1388 2822 λέγουσιν*
1430 2753 1479 2805 oi
1510 2753 1567 2805 δὲ
1597 2752 1693 2803 ἐπὶ
1722 2750 1897 2812 κενοῖς

321 2845 403 2898 ἀεὶ
435 2846 828 2915 μεταιάζοντες
856 2883 873 2909 ,
925 2845 975 2898 oi
1028 2846 1181 2913 σοφοὶ
1228 2845 1325 2916 μὲν
1373 2837 1516 2898 εἶναι
1572 2841 1894 2911 φάσκοντες,

324 2936 707 3006 μωρανθέντες
756 2936 812 2988 δὲ
872 2937 1017 2989 κατὰ
1052 2935 1261 2990 Παῦλον
1309 2937 1508 3002 εἰπεῖν,
1544 2934 1770 3005 μυρίαις
1802 2931 1893 2985 ἐπὶ

319 3030 528 3090 τούτοις
579 3026 756 3091 δόξαις
801 3028 1028 3091 ἑαυτοὺς
1087 3026 1469 3080 ὲκδεδώκασιν.
1524 3025 1733 3078 Αὐτίκα
1783 3024 1890 3093 γὰρ

319 3123 344 3173 ὁ
381 3119 757 3191 ’Λναξαγόρας
790 3118 967 3175 τοιάδε
1010 3121 1139 3189 περὶ
1180 3119 1277 3189 τῆς
1306 3119 1413 3171 τῶν
1448 3118 1692 3188 ἀστέρων
1717 3119 1894 3169 ὲκενο-

2070 2569 2182 2623 lloc
2211 2570 2371 2623 modo
2426 2570 2600 2625 sancti
2634 2570 2872 2641 Spiritus
2908 2571 3165 2641 discipuli
3227 2572 3293 2626 de
3324 2570 3565 2627 siderum

1997 2663 2276 2716 creatione
2307 2672 2470 2731 atque
2490 2673 2609 2718 ortu
2632 2666 2877 2719 sentiunt
2909 2674 2963 2719 et
2994 2665 3309 2734 loquuntur.
3347 2667 3413 2717 At
3435 2681 3568 2720 vero

1997 2767 2260 2807 vanorum
2296 2755 2609 2822 dogmatnm
2664 2764 2984 2820 sectatores,
3039 2757 3132 2824 qui
3186 2754 3459 2825 sapientes
3507 2771 3567 2810 se

1996 2844 2215 2912 quidem
2246 2843 2560 2911 praedicant,
2616 2845 2710 2899 sed
2743 2846 2810 2899 de
2849 2845 2999 2900 Pauli
3035 2847 3101 2877 ²¹”
3124 2845 3391 2900 sententia
3438 2846 3564 2901 facti

1999 2946 2127 2991 sunt
2154 2934 2505 3002 desipientes.
2543 2942 2753 2988 tantum
2777 2951 2884 2991 non
2918 2937 3146 2991 inﬁnitis
3173 2938 3273 2992 hac
3303 2938 3357 2992 in
3395 2948 3549 3007 parte

1998 3025 2266 3082 dissident
2299 3026 2672 3095 opinionibus.
2720 3026 2936 3082 Etenim
2982 3029 3329 3098 Anaxagoras
3363 3030 3429 3084 de
3464 3046 3558 3083 na-

1999 3129 2119 3175 tura
2157 3119 2403 3174 siderum
2436 3120 2541 3174 hoc
2570 3119 2755 3183 modo,
2785 3134 2884 3189 per
2911 3118 3155 3189 profecto
3183 3120 3405 3184 stolide,
3438 3120 3552 3173 dis-

320 3211 517 3281 λάγησε
554 3210 774 3277 φύσεως
799 3224 812 3238 ·
852 3207 962 3261 ἀπὸ
992 3208 1099 3276 γὰρ
1145 3211 1245 3278 τῆς
1294 3209 1390 3260 τοῦ
1444 3207 1650 3270 παντὸς
1688 3206 1892 3275 περιδι-

1999 3212 2189 3267 seruit.
2227 3211 2329 3265 Per
2353 3210 2916 3281 circumagitationem
2960 3210 3341 3265 universitatis
3377 3226 3562 3265 rerum

323 3301 529 3370 νήσεως
583 3302 793 3371 πέτρας
852 3296 1006 3350 εἶπεν
1049 3298 1490 3368 ἀνασπασθῆναι,
1543 3297 1637 3350 καὶ
1668 3298 1891 3367 τούτους

322 3393 744 3463 ἐκπυρωθέντας
797 3392 893 3445 καλ⁸
923 3390 1035 3444 ἄνω
1070 3392 1348 3459 παγέντας
1404 3392 1642 3461 ἀστέρας
1695 3388 1894 3458 ὀνομα-

325 3483 536 3553 σθῆναι.
577 3483 660 3535 Τὰ
687 3482 826 3536 αὐτὰ
874 3482 929 3535 δὲ
979 3483 1075 3533 καὶ
1132 3484 1462 3551 Δημοκρίτῳ
1516 3481 1645 3548 περὶ
1693 3480 1888 3533 τούτου

222 3590 225 3595 ·
320 3574 479 3630 δοκεῖ.
532 3574 594 3627 '0
634 3573 692 3625 δὲ
742 3573 1002 3641 Διογένης
1042 3572 1443 3642 κισσηροειδεῖς
1476 3572 1643 3641 ἔφησε
1672 3573 1892 3633 τούτους

322 3662 479 3731 εἶναι,
514 3665 776 3727 διαπνοὰς
799 3681 954 3726 τινας
985 3664 1227 3733 ἔχοντας.
1277 3662 1441 3716 nam
1469 3663 1565 3713 καὶ
1596 3663 1891 3730 ἐμπίπτειν

320 3758 392 3819 είς
425 3760 529 3827 τὴν
573 3758 679 3826 γῆν
725 3773 879 3819 τινας
904 3757 962 3823 ἐξ
996 3755 1179 3809 αὐτῶν
1205 3754 1576 3823 ἀπομάχεται,
1607 3754 1701 3806 καὶ
1734 3752 1885 3806 σ6ενο

320 3852 588 3914 νυμένους
647 3848 972 3918 ἐλέγχεσθαι
1007 3848 1089 3900 ὅτι
1146 3846 1310 3898 λίθων
1349 3843 1533 3914 ἔχουσι
1564 3843 1747 3913 φύσιν.
1783 3844 1892 3896 Καὶ

323 3944 562 4013 μάρτυρι
612 3944 810 4014 χρῆται
846 3940 922 4009 τῷ
961 3941 1019 3991 ἐν
1080 3940 1245 4005 Αἰγὸς
1294 3937 1557 4005 ποταμοῖς
1594 3935 1891 4005 πυροειδῶς

321 4035 698 4104 κατενεχθέντι
732 4033 880 4085 ποτέ.
923 4033 981 4085 Ὀ
1015 4032 1070 4085 δὲ
1113 4027 1533 4097 Ἀναξίμανδρος
1570 4028 1892 4094 συστήματά

319 4142 433 4177 τινα
482 4124 581 4176 τοῦ
626 4125 791 4194 ἀέρος
843 4123 1015 4192 πυρὸς
1067 4122 1323 4189 ἔμπλεα,
1376 4117 1700 4189 τροχοειδῶς
1732 4134 1892 4169 πεπι-

317 4215 549 4284 λημένα,
578 4218 693 4269 ἀπό
738 4231 901 4268 τινων
937 4213 1177 4282 στομίων
1237 4210 1468 4279 ἀφιέντα
1523 4211 1622 4273 τὰς
1662 4208 1884 4278 φλόγας.

329 4304 385 4356 '0
417 4307 473 4359 δέ
513 4323 574 4371 γε
606 4304 916 4373 Ξενοφάνης
960 4303 1054 4356 τὸν
1089 4302 1241 4370 ἣλιον
1274 4301 1368 4353 καὶ
1412 4305 1510 4369 τὴν
1538 4296 1770 4368 σελήνην
1798 4314 1892 4348 πε.

319 4398 622 4467 πσρωμένα
667 4396 808 4464 νέφη
850 4394 1050 4463 ἔφησεν
1109 4388 1247 4443 εἶναι
1284 4432 1297 4455 ,
1345 4391 1494 4445 ἄλλοι
1532 4389 1589 4443 δὲ
1624 4387 1885 4459 μύδρονῆ

320 4491 519 4556 πέτρον
549 4488 815 4555 διάπυρον
864 4485 1049 4550 ἔλεγον
1099 4480 1261 4539 εἶναι.
1293 4481 1548 4543 Φιλάλαος
1587 4480 1643 4532 δὲ
1677 4478 1886 4546 ὑλοειδῆ

1995 3318 2122 3358 saxa
2156 3301 2404 3371 quaedam
2457 3316 2675 3355 sursum
2726 3301 2842 3370 rapi
2870 3299 3029 3363 dixit,
3082 3314 3255 3369 eaque
3305 3298 3563 3369 deinceps

1994 3391 2329 3448 inﬂammata
2359 3406 2688 3461 sursumque
2722 3392 2827 3446 fixa
2854 3390 3040 3447 vocari
3074 3391 3278 3446 sidera.
3342 3389 3484 3444 Idem
3509 3401 3564 3445 et

1995 3482 2312 3538 Democrito
2345 3483 2545 3537 visum.
2612 3483 2681 3538 At
2714 3483 2987 3553 Diogenes
3013 3484 3215 3554 pumici
3250 3483 3559 3537 consimilia

1994 3575 2221 3629 tradidit
2270 3590 2392 3629 esse
2445 3584 2499 3629 et
2531 3574 2795 3644 quasdam
2851 3574 3283 3645 perspirationes
3335 3573 3558 3628 habere.

1991 3665 2287 3721 Contendit
2340 3675 2395 3720 ct
2441 3667 2705 3720 nonnulla
2758 3681 2823 3721 ex
2870 3665 2951 3720 eis
3001 3667 3056 3720 in
3105 3673 3302 3720 terram
3353 3665 3560 3729 delabi,

1993 3772 2228 3827 quorum
2256 3758 2485 3811 dammis
2524 3756 2811 3811 exstinctis
2844 3756 3310 3811 animadvertatur
3327 3772 3447 3812 esse
3469 3772 3564 3812 na-

1998 3857 2171 3901 turam
2206 3848 2446 3901 siderum
2479 3847 2772 3915 lapideam.
2808 3849 2961 3902 Hanc
2998 3846 3064 3901 ad
3089 3862 3202 3900 rem
3236 3846 3563 3902 conﬁrman-

2000 3939 2123 3992 dam
2158 3938 2477 3992 testimonio
2505 3938 2709 4006 delapsi
2734 3939 3008 4006 quondam
3036 3937 3102 3991 ad
3130 3936 3317 4005 Caprae
3339 3937 3560 3991 ﬂumina

1994 4029 2117 4097 (loci
2154 4043 2353 4081 nomen
2389 4027 2492 4080 hoc
2524 4028 2628 4095 est)
2661 4028 2858 4095 lapidis
2891 4026 3181 4081 candentis
3211 4027 3404 4081 utitur.
3464 4026 3559 4081 Sc-

1993 4120 2232 4173 cundum
2264 4118 2366 4170 lios
2397 4115 2802 4169 Anaximander
2835 4116 3014 4169 sidera
3046 4116 3216 4169 voluit
3262 4131 3382 4170 esse
3409 4132 3560 4169 com-

1995 4225 2159 4281 pages
2189 4208 2451 4279 quasdam
2484 4221 2695 4271 aereas,
2736 4205 2861 4276 igne
2886 4206 3137 4271 refertas,
3172 4221 3291 4276 quae
3324 4218 3456 4261 rotae
3503 4209 3557 4261 in

1992 4316 2198 4356 morem
2225 4310 2519 4369 compacta:
2578 4314 2646 4353 ex
2674 4299 2879 4355 osculis
2940 4299 3268 4368 quibusdam
3315 4286 3560 4353 ﬂammas

1996 4400 2275 4446 evomant.
2337 4389 2703 4457 XenOphanes
2748 4402 2879 4442 vero
2914 4387 3087 4447 solem,
3117 4402 3180 4442 ac
3227 4388 3413 4440 lunam
3441 4403 3558 4442 esse

1992 4484 2166 4538 nubes
2199 4482 2399 4551 ignitas
2425 4482 2584 4543 dixit,
2641 4480 2763 4535 aliis
2802 4478 3113 4533 volentibus
3161 4494 3281 4535 esse
3334 4479 3554 4548 globum

318 4580 509 4629 τοῦτον
558 4577 888 4643 ἐφιλοσόφει,
917 4576 1212 4643 δεχό;›.ενον
1257 4574 1353 4642 μὲν
1376 4571 1470 4624 τοῦ
1503 4574 1560 4623 ὲν
1592 4569 1669 4640 τῷ
1701 4569 1888 4636 κόσμῳ

1999 4577 2230 4629 ferreum
2260 4576 2584 4629 candentem
2629 4574 2711 4628 vel
2759 4588 2947 4628 saxum
2994 4573 3267 4643 quoddam
3305 4573 3557 4642 ignitum.

321 4667 489 4735 πυρὸς
547 4667 647 4734 τὴν
701 4665 1048 4729 ἀνταύγειαν,
1107 4661 1392 4729 διηθοῦντα
1444 4659 1502 4712 δὲ
1558 4659 1690 4728 πρὸς
1719 4658 1887 4726 ἡμᾶς.

324 4758 428 4809 Καὶ
464 4758 639 4809 ταῦτα
698 4757 798 4824 μὲν
840 4758 890 4807 οἱ
926 4756 1082 4823 σοφοὶ
1119 4753 1188 4804 τὰ
1222 4753 1427 4821 μάταια
1484 4752 1613 4819 περὶ
1656 4750 1752 4818 τῆς
1786 4749 1892 4800 τῶν

322 4848 562 4917 ἀστέρων
615 4847 926 4917 ξφρόνησαν
978 4844 1215 4914 φύσεως
1250 4843 1340 4894 τὸν
1392 4842 1500 4911 γὰρ
1540 4839 1769 4908 ποιητὴν
1798 4839 1893 4889 αὒ-

321 4941 424 4991 1sz
459 4940 793 5008 ἠγνοηκότες
824 4939 957 4989 Θεδν
984 4937 1167 4989 αἰτίαν
1203 4935 1451 5004 ἔμφρονα
1488 4934 1587 5003 τῆς
1622 4932 1728 4985 τῶν
1759 4931 1893 4983 ὅλων

323 5032 591 5095 γενέσεως
648 5032 979 5099 προεστάναι
1015 5029 1074 5080 οὐ
1111 5027 1515 5095 συνεχώρησαν.
1570 5023 1761 5077 Ἔνθεν
1809 5039 1887 5076 τοι

326 5127 416 5171 καὶ
447 5124 877 5191 ἀποκλαιόμενος
908 5120 1104 5182 αὐτοὺς
1134 5122 1161 5172 ό
1194 5121 1369 5186 μέγας
1405 5116 1682 5177 Βασίλειος
1716 5132 1889 5167 κατα-

322 5215 572 5283 κριθῆναι
605 5217 755 5283 λέγει
788 5216 880 5269 καὶ
917 5215 1079 5267 πλέον
1113 5213 1221 5264 τῶν
1253 5211 1426 5263 ἄλλων
1480 5212 1534 5261 ἐν
1580 5210 1762 5279 ἡμέρᾳ
1792 5209 1889 5278 τῆς

323 5308 557 5372 κρίσεως
586 5308 684 5375 t7),
728 5308 810 5359 ὅτι
866 5307 1037 5367 οὓτως
1096 5305 1187 5368 ὀξὺ
1232 5302 1369 5369 πρὸς
1403 5301 1466 5352 τὰ
1527 5301 1729 5370 μάταια
1769 5302 1889 5369 βλέν

393 5461 433 5491 ³⁸
467 5461 620 5513 Hom.
666 5478 702 5519 ι.
736 5462 827 5513 ‘22.

396 5633 471 5687 (Τ)
513 5632 572 5684 Ὀ
607 5632 671 5684 δὲ
735 5631 1201 5695 ’.ὶγίῖῖῖμηῖοδριῖς
1234 5668 1246 5681 .
1276 5667 1290 5681 .
1334 5665 1348 5681 .
1381 5665 1395 5681 .
1427 5666 1441 5681 .

1991 4667 2267 4721 Philolaus
2293 4667 2461 4721 solem
2486 4666 2837 4721 existimabat
2857 4681 2978 4721 esse
3025 4665 3168 4720 vitro
3189 4664 3553 4730 consimilem,

1990 4757 2135 4827 quod
2169 4748 2522 4828 splenderem
2559 4758 2704 4828 ignis
2732 4757 2996 4812 mundani
3031 4756 3095 4811 ad
3125 4772 3184 4812 se
3208 4756 3447 4811 delatum
3473 4772 3559 4808 re-

1992 4849 2158 4917 cipiat
2190 4856 2247 4903 et
2272 4849 2427 4918 quasi
2453 4848 2795 4918 percolatum
2835 4848 2901 4902 ad
2934 4864 3032 4904 nos
3057 4849 3410 4901 transmittat.
3464 4845 3558 4900 Hac

1993 4939 2307 5009 sapientum
2341 4940 2585 5006 illorum,
2614 4956 2767 4995 vatim
2795 4940 3060 5009 profecto,
3121 4941 3191 4994 de
3226 4950 3420 4994 natura
3482 4938 3558 4992 si-

1995 5032 2188 5087 derum
2217 5026 2504 5086 sententim
2533 5033 2776 5088 fuerunt.
2806 5032 2937 5086 Nam
2960 5047 3083 5085 cum
3106 5041 3383 5085 auctorem
3411 5029 3557 5097 ipso-

1997 5139 2117 5177 rum
2149 5124 2317 5178 Deum
2354 5124 2689 5193 ignorarent,
2733 5125 2958 5179 minime
3022 5124 3395 5179 concedebant
3426 5134 3556 5173 cau-

1996 5230 2109 5267 sam
2135 5214 2427 5281 quamdam
2455 5215 2681 5267 rationis
2706 5218 2760 5268 et
2788 5213 3095 5283 prudentia:
3120 5213 3437 5284 participem
3468 5222 3556 5261 or-

2003 5304 2082 5357 tui
2114 5318 2296 5358 rerum
2329 5317 2451 5358 esse
2475 5305 2901 5372 praeﬁciendum.
2962 5309 3083 5373 Quo
3113 5308 3171 5362 lit
3228 5314 3285 5359 ut
3323 5298 3552 5357 Basilius

1502 5629 1768 5696 κρίσεως.
1814 5628 1889 5682 Ex
1933 5631 1990 5687 ν.
2021 5643 2072 5685 ct
2115 5633 2171 5685 F.
2870 5654 2895 5681 θ
