4052 6200
401 342 471 405 6'3
1679 343 1730 399 Μ
1749 341 2100 400 iCllAELlS
2138 341 2395 399 GLYC/E
3579 343 3646 406 64

405 460 499 512 ille
527 473 755 527 magnus
793 473 888 513 eos
913 459 1206 528 deplorans
1232 457 1478 513 futurum
1516 468 1574 512 ut
1605 459 1774 526 magis
1809 459 1860 509 in
1894 456 1982 510 die
2013 463 2056 518 Α
2089 475 2312 518 ποντες.

407 552 605 622 judicii
657 553 1092 605 condemnentur
1144 565 1306 618 quam
1347 551 1438 604 alii
1471 551 1639 612 dicat,
1702 551 1804 618 21
1833 548 1977 617 quod

411 652 520 696 t-un
553 653 771 697 acutmn
814 644 878 696 ad
915 657 1052 694 vana
1085 652 1378 698 cernentes
1413 652 1608 711 sponte
1640 658 1736 696 sua
1781 642 1981 694 verita-

410 734 482 788 tis
516 737 567 788 in
608 735 1068 802 pervestigatione
1099 735 1500 790 cvecutiverint.

478 827 594 879 Jam
629 841 758 878 vero
793 841 953 893 quam
983 826 1148 878 nmlta
1179 827 1341 880 iidem
1371 827 1438 881 de
1471 827 1846 896 magnitudine
1873 835 1978 880 tam

417 918 545 970 solis
572 933 733 983 quam
793 918 931 970 luna:
993 918 1350 972 couimenlati
1405 919 1535 982 sint,
1593 919 1723 992 quid
1785 919 1980 972 attinet

411 1008 893 1060 couinnrmorare?
944 1008 1354 1062 Anaximander
1410 1019 1463 1062 et
1498 1010 1866 1063 Anaximenes
1893 1025 1981 1063 sn-

409 1103 512 1151 lem
546 1111 687 1151 terra
722 1099 890 1152 vieies
919 1116 982 1152 ac
1013 1101 1217 1170 septies
1259 1102 1518 1166 majorem
1547 1117 1664 1154 esse
1691 1101 1976 1166 dixerunt;

417 1192 751 1258 Anaxagoras
786 1191 1046 1257 maiorem
1081 1192 1460 1260 Peloponneso
1495 1209 1508 1245 :
1550 1191 1638 1244 alii
1666 1207 1792 1244 cum
1826 1191 1979 1258 pedis

413 1281 576 1334 unius
606 1283 704 1349 ipsi
738 1282 1137 1350 longitudinem
1201 1283 1491 1346 haberent,
1552 1292 1760 1336 tantum
1815 1283 1978 1336 etiam

407 1375 580 1428 solem
617 1390 740 1428 csse
776 1366 1088 1430 i'olucrunt.
1121 1374 1324 1428 Eadem
1357 1378 1424 1430 de
1456 1377 1584 1429 luna
1613 1392 1832 1445 quoque
1870 1386 1978 1429 tra-

409 1465 521 1516 dita
555 1465 936 1533 reperiuntur.
969 1467 1215 1520 Fuerunt
1248 1467 1393 1520 enim
1426 1467 1679 1520 nonnulli
1727 1466 1819 1534 qui
1859 1481 1977 1523 eam

412 1566 556 1610 terra
592 1558 849 1626 majorem
884 1557 1150 1621 facerent,
1187 1574 1311 1614 cum
1343 1558 1435 1612 alii
1469 1572 1654 1626 parem
1683 1557 1980 1626 utriusque

409 1648 840 1713 magnitudinem
872 1659 1198 1713 statuerent,
1230 1651 1324 1704 alii
1355 1661 1500 1705 terra
1529 1651 1826 1716 minorem,
1886 1650 1977 1704 alii

409 1740 706 1805 palmarem
741 1742 917 1795 solum
945 1758 1065 1796 esse
1093 1743 1513 1807 conﬁrmarent;
1569 1744 1814 1811 adeoque
1869 1758 1976 1794 non

411 1830 646 1883 veritum
679 1840 764 1884 est
793 1847 891 1886 eos
931 1832 1363 1900 profunditatem
1413 1833 1579 1886 maris
1638 1833 1974 1902 ignorantes,

409 1936 532 1988 quae
557 1931 734 1974 tamen
769 1922 978 1991 dejeeta
1010 1924 1228 1976 nautica
1290 1923 1433 1976 linea
1469 1922 1740 1991 esplorari
1776 1933 1974 1991 potest,

411 2011 776 2066 intervallum
799 2015 946 2083 quod
977 2023 1061 2068 est
1093 2016 1237 2070 inter
1269 2017 1451 2068 lunam
1485 2024 1539 2067 et
1569 2023 1772 2068 terram
1800 2029 1862 2067 ac
1896 2015 1978 2065 vi-

409 2106 594 2160 cissim
630 2107 773 2160 inter
822 2107 992 2160 solem
1044 2122 1107 2160 ac
1153 2107 1338 2160 lunam
1386 2106 1664 2176 cognitum
1709 2120 1825 2158 esse
1873 2104 1976 2158 sibi

411 2197 673 2264 singulari
710 2213 835 2251 cum
869 2198 1170 2252 ambitione
1202 2197 1467 2266 profiteri.

488 2289 552 2342 Et
605 2290 874 2343 hactenus
928 2291 1148 2358 quidem
1204 2293 1271 2344 de
1326 2300 1448 2342 ortu
1498 2291 1980 2362 magnitudineque

414 2375 612 2434 horum
648 2380 913 2444 siderum,
941 2397 1060 2448 qua:
1089 2379 1294 2432 iuerint
1327 2381 1546 2434 illorum
1569 2397 1706 2450 quos
1741 2381 1982 2434 diximus

412 2470 724 2539 opiniones,
759 2470 1151 2524 indicavimus.
1183 2471 1458 2524 Caeterum
1489 2472 1868 2540 peritissimus
1891 2473 1982 2526 ille

414 2577 601 2614 rerum
631 2576 909 2615 sacrarum
967 2561 1314 2630 eximiusque
1371 2563 1455 2615 vir
1510 2563 1744 2617 Basilius
1788 2563 1854 2617 ad
1897 2565 1985 2618 dc-

414 2652 875 2705 moustrationcm
907 2651 1300 2719 magnitudinis
1326 2666 1515 2706 eorum
1543 2653 1647 2706 hoc
1682 2654 1846 2707 etiam
1887 2657 1983 2708 ad-

409 2743 540 2812 jecit
574 2741 945 2810 :Quanquam
989 2741 1199 2794 inlinita
1253 2758 1423 2812 prope
1479 2759 1713 2796 numero
1767 2747 1879 2797 sint
1929 2745 1981 2798 in

415 2835 555 2888 εωῐο
595 2834 796 2896 sidera,
825 2843 1004 2886 tamen
1039 2834 1222 2886 onmis
1279 2835 1498 2888 illorum
1555 2835 1645 2888 lux
1703 2837 1756 2888 in
1813 2853 1980 2890 unum

417 2925 575 2994 quasi
607 2925 832 2978 collecta
861 2940 968 2978 non
1022 2925 1156 2979 satis
1196 2935 1280 2978 est
1322 2924 1511 2979 cﬂieax
1572 2925 1638 2979 ad
1702 2928 1981 2982 tristitiam

417 3012 592 3068 noctis
621 3015 1015 3084 dissipaudam,
1043 3031 1170 3068 eum
1206 3016 1287 3069 sol
1329 3017 1525 3071 unicus
1584 3032 1752 3086 supra
1804 3019 1984 3074 circu-

2377 457 2595 519 ἑκόντες
2650 457 2784 525 πρὸς
2818 456 2914 528 τὴν
2957 457 3211 510 σύνθεσιν
3253 459 3354 527 τῆς
3399 458 3652 530 ἀληθείας

2083 550 2571 618 ἀπετυφλώθησαν.

2163 817 2308 872 ’Ὀσα
2339 816 2395 868 δὲ
2427 815 2522 868 καὶ
2571 816 2698 885 περλ¹
2730 814 2994 884 μεγέθους
3037 814 3437 882 ἐφιλοσόφησαν
3463 813 3555 866 τοῦ
3592 831 3651 865 τε

2092 910 2246 979 ἡλίου
2283 911 2379 962 καὶ
2410 910 2509 978 τῆς
2542 909 2794 978 σελήνης,
2825 907 2879 958 τί
2920 906 3024 975 χρὴ
3054 906 3148 958 καὶ
3180 906 3394 972 λέγεινς
3442 905 3651 968 Ἀναξίο

2089 1003 2322 1071 μανδρος
2359 1002 2456 1070 μὲν
2504 1002 2614 1072 γὰρ
2666 1001 2762 1052 καὶ
2809 997 3170 1066 Ἀναξιμένης
3210 998 3642 1048 ἑπτακαιεικοσιο

2085 1091 2348 1145 πλασίονα
2383 1091 2480 1157 τῆς
2527 1091 2629 1159 γῆς
2668 1089 2760 1141 τὸν
2793 1087 2946 1157 ἥλιον
2982 1087 3193 1155 ἔφησαν
3222 1080 3385 1149 εἶναι,
3432 1084 3652 1147 Ἀναξα-

2085 1184 2250 1252 γόρας
2289 1182 2346 1234 δὲ
2388 1182 2796 1248 Πελοποννήσου
2851 1178 3094 1248 μείζονα.
3133 1179 3239 1230 Καὶ
3269 1177 3446 1244 ἕτεροι
3487 1174 3650 1226 πάλιν

2084 1276 2327 1328 ποδιαῖον
2359 1273 2450 1325 τὸν
2502 1271 2747 1324 τοιοῦτον
2801 1269 3106 1338 ἐφρόνησαν
3149 1267 3320 1336 ἥλιον.
3382 1265 3466 1318 Τὰ
3514 1265 3653 1316 αὐτὰ

2082 1369 2136 1420 δὲ
2169 1369 2261 1420 καὶ
2292 1366 2419 1436 περὶ
2459 1366 2688 1434 σελήνης
2718 1362 3002 1426 διεξιόντες
3052 1360 3418 1431 εὑρίσκονται.
3451 1358 3514 1410 Οἱ
3555 1356 3653 1424 μὲν

2083 1463 2191 1527 γὰρ
2243 1458 2462 1528 μείζονα
2490 1458 2588 1524 τῆς
2623 1457 2758 1524 γῆς,
2783 1456 2831 1506 οἱ
2862 1453 2918 1506 δὲ
2952 1453 3111 1505 πάλιν
3148 1452 3455 1518 ἰσόμετροι),
3504 1448 3652 1500 ἄλλοι

2084 1553 2140 1604 δὲ
2186 1552 2452 1604 ἐλάσσονα
2480 1567 2493 1580 °
2531 1550 2624 1602 καὶ
2654 1549 2832 1617 ἕτεροι
2860 1544 3223 1614 σπιθαμιαίαν
3247 1539 3384 1595 εἶναι
3417 1541 3514 1609 τήν
3563 1555 3649 1590 σε·

2084 1647 2252 1714 λήνην
2284 1643 2737 1711 διισχυρίζονται,
2769 1640 2862 1692 καὶ
2892 1639 2991 1690 οὐκ
3027 1637 3381 1705 αἰσχύνονται
3415 1633 3515 1700 τῆς
3553 1632 3651 1699 μὲν

2087 1736 2364 1803 θαλάττης¹
2406 1735 2466 1785 τὸ
2511 1733 2674 1802 βάθος
2721 1728 3042 1799 ἀγνοοῦντες
3073 1768 3088 1792 ,
3135 1727 3264 1780 Ιἑνθιι.
3313 1725 3407 1778 καὶ
3453 1725 3651 1794 ὁρμιὰν

2088 1827 2336 1880 καθεῖναι
2373 1825 2652 1886 δύνανται,
2690 1823 2750 1874 τὸ
2798 1821 2854 1872 δὲ
2903 1819 3013 1872 ἀπὸ
3065 1817 3168 1886 γῆς
3217 1815 3354 1886 ’ἄχρι
3390 1813 3645 1882 σελήνης,

2089 1919 2346 1974 κάκεῖθεν
2398 1917 2555 1988 ἄχρις
2591 1916 2742 1985 ἡλίου
2778 1914 3058 1982 διάστημα
3107 1909 3306 1962 εἰδέναι
3343 1904 3654 1976 φιλοτιμοῦ-ο

2064 2030 2262 2084 ,μενοιο

2166 2285 2273 2336 Καὶ
2315 2283 2363 2336 οἱ
2423 2284 2521 2352 μεν
2577 2281 2970 2350 διαληφθέντες
3020 2281 3226 2336 ἄνωθεν
3282 2281 3469 2350 ἄνδρες
3526 2279 3654 2347 περὶ

2092 2376 2432 2445 παραγωγῆς
2485 2374 2624 2443 ὁμοῦ
2659 2377 2754 2426 καὶ
2786 2375 3052 2442 μεγέθους
3090 2373 3198 2426 τῶν
3231 2372 3322 2424 δύο
3349 2372 3656 2441 φωστήρων

2090 2469 2294 2520 οὑτωσὶ
2337 2467 2702 2534 διειλήφασιν’
2737 2468 2764 2518 ὁ
2799 2468 2855 2520 δὲ
2906 2469 2973 2519 τὰ
3002 2464 3122 2517 Οεῖα
3156 2465 3318 2533 σοφὸς
3361 2468 3452 2515 καὶ
3484 2464 3656 2532 μέγας

2093 2559 2372 2620 Βασίλειος
2416 2560 2494 2621 εἰς
2550 2558 2823 2621 ἀπόδειξιν
2874 2556 2966 2609 τοῦ
3025 2555 3290 2624 μεγέθους
3329 2554 3508 2607 αὐτῶν
3562 2553 3657 2606 καὶ

2090 2653 2216 2704 τάδε
2259 2652 2619 2720 προστίθησιν
2644 2667 2657 2680 ·
2701 2651 2968 2719 ’Λπείρων
2996 2649 3166 2702 ὄντων
3199 2648 3275 2717 τῷ
3323 2646 3518 2715 πλήθει
3548 2645 3655 2698 τῶν

2093 2743 2214 2794 κατ’
2248 2742 2477 2808 οὐρανὸν
2521 2742 2792 2808 ἀστέρων,
2824 2741 2884 2792 τὸ
2942 2738 3072 2808 παρ’
3098 2738 3276 2791 αὐτῶν
3314 2737 3657 2806 συνερανιζό-

2097 2851 2260 2902 μενον
2323 2833 2434 2899 φῶς
2484 2835 2584 2883 οὑκ
2633 2832 2853 2900 ἐξαρκεῖ
2881 2830 3132 2882 διαλῦσαι
3186 2829 3286 2895 τῆς
3335 2828 3525 2888 νυκτὸς
3555 2827 3654 2893 τὴν

2093 2929 2418 2995 κατήφειαν.
2469 2926 2644 2986 Μόνος
2695 2925 2750 2975 δὲ
2799 2925 2825 2974 ὁ
2860 2923 3011 2992 ἣλιος
3053 2921 3384 2990 ὑπερφανεὶς
3410 2921 3503 2971 τοῦ
3538 2919 3653 2987 ὀρί-

2094 3020 2300 3084 ζοντος,
2335 3019 2531 3087 μᾶλλον
2563 3020 2621 3071 δὲ
2663 3019 2742 3072 ἔτι
2789 3021 2882 3072 καὶ
2918 3018 3391 3088 προσδοκώμενος,
3422 3015 3656 3085 ἠφάνισε

413 3108 528 3160 lum
564 3107 715 3159 illum
751 3106 1020 3160 linitorem
1050 3115 1384 3175 conspectus
1417 3109 1764 3176 congelatum
1797 3112 1983 3178 quasi-

2096 3111 2194 3179 μὲν
2234 3111 2294 3162 τὸ
2349 3115 2561 3173 σκότος,
2605 3110 2958 3182 ὑπερηύγασε
3007 3110 3062 3162 δὲ
3111 3110 3236 3171 τοὺς
3269 3110 3523 3177 ἀστέρας,
3557 3106 3656 3157 καὶ

414 3213 522 3266 que
547 3199 844 3266 spissatum
880 3203 1007 3250 ante
1037 3197 1091 3250 id
1136 3212 1265 3250 aera
1302 3205 1463 3251 teme
1495 3199 1737 3252 vicinum
1775 3201 1983 3269 liquare

415 3287 588 3356 possit
616 3302 680 3340 ac
714 3287 1042 3344 dill‘undere,
1073 3285 1211 3340 llinc
1243 3288 1317 3352 _iit
1354 3297 1412 3341 ut
1461 3299 1654 3343 ventos
1689 3295 1987 3345 matutinos

415 3380 734 3441 habeamus,
775 3387 828 3430 et
857 3393 1054 3432 sereno
1098 3378 1237 3432 ιωιυ
1277 3394 1431 3432 rores
1501 3388 1705 3434 terram
1765 3383 1989 3450 perfun-

417 3470 570 3522 dant.
605 3468 796 3523 Tanta:
837 3481 970 3521 vero
1003 3467 1396 3538 magnitudinis
1450 3479 1650 3523 terram
1686 3487 1792 3538 quo
1829 3481 1988 3539 pacto

417 3561 496 3614 sol
531 3561 842 3613 universam
876 3573 986 3614 uno
1021 3561 1281 3630 temporis
1335 3545 1613 3615 momento
1661 3563 1988 3618 collustrare

419 3660 626 3719 posset,
660 3651 703 3702 si
741 3665 850 3703 non
880 3652 949 3703 ab
1003 3651 1210 3722 ingenti
1264 3656 1503 3720 quodam
1559 3652 1694 3706 orbe
1733 3655 1992 3723 splendor

423 3742 596 3810 ipsius
632 3744 1024 3809 promanarct?

490 3833 638 3887 Idem
692 3835 745 3888 in
780 3835 909 3888 luna
941 3851 1158 3906 quoque
1189 3836 1376 3890 videre
1403 3846 1507 3891 est.
1562 3837 1698 3891 Nam
1734 3854 1988 3909 magnum

420 3927 569 3980 illius
605 3942 811 3996 corpus
843 3937 950 3991 est,
981 3943 1044 3982 ac
1068 3928 1374 3984 secundum
1415 3930 1583 3984 solem
1620 3932 1994 4001 splendidissi-

420 4037 594 4075 mum.
631 4020 847 4074 Etenim
885 4021 952 4075 ad
985 4021 1127 4076 hanc
1154 4038 1373 4093 quoque
1409 4025 1603 4078 referri
1638 4025 1819 4092 debet,
1847 4028 1989 4096 quod

420 4116 472 4169 in
512 4115 682 4168 sacris
715 4113 933 4168 Litteris
967 4115 1169 4168 dicitur
1203 4132 1218 4169 :
1253 4115 1499 4170 «Creavit
1526 4116 1669 4171 Deus
1703 4118 1991 4172 luminaria

422 4222 611 4273 magna
636 4207 734 4257 η.»
775 4205 987 4268 Quibus
1021 4208 1075 4259 in
1115 4206 1297 4260 verbis
1335 4222 1527 4276 magna
1577 4207 1839 4262 dicuntur
1883 4225 1990 4263 non

426 4312 610 4347 --orum
653 4296 717 4347 ad
759 4295 940 4349 sidera
999 4296 1211 4350 minora
1252 4298 1659 4368 comparatione
1720 4299 1990 4363 instituta,

425 4385 520 4438 sed
563 4386 688 4454 quia
721 4394 868 4438 tanta
903 4397 1035 4441 sunt
1070 4389 1458 4458 amplitudine,
1514 4400 1574 4443 ut
1608 4391 1891 4460 prolectus
1927 4391 1994 4444 ab

2093 3201 2385 3268 πεπηγότα
2424 3203 2560 3263 τέως
2596 3205 2689 3254 καὶ
2726 3201 3208 3270 συμπεπιλημένον
3259 3202 3348 3253 τὸν
3390 3201 3517 3269 περὶ
3547 3199 3655 3266 γῆν

2091 3295 2231 3359 ἀέρα
2282 3295 2545 3363 κατέτηξέ
2609 3311 2668 3344 τε
2732 3296 2820 3346 καὶ
2854 3295 3080 3360 διέχεεν,
3138 3294 3260 3344 ὅθεν
3315 3293 3406 3344 καὶ
3461 3292 3656 3356 ἄνεμοι

2094 3383 2306 3435 ἐωθινοὶ
2337 3385 2427 3434 καὶ
2461 3384 2640 3452 δρόσοι
2692 3385 2748 3435 ὲν
2791 3383 2976 3452 αἰθρίᾳ.
3005 3383 3105 3451 τὴν
3133 3385 3235 3451 γῆν
3279 3381 3654 3451 περιρῤέουσι.

2097 3475 2379 3542 Τοσαύτην
2415 3475 2471 3526 δὲ
2513 3470 2677 3527 οὖσαν
2732 3476 2829 3545 τὴν
2887 3475 2990 3542 γῆν
3058 3474 3172 3535 πῶς
3223 3471 3287 3526 ἂν
3319 3471 3554 3539 ήδυνήοη
3596 3472 3655 3521 ὲν

2095 3566 2193 3634 μιᾷ.
2241 3563 2438 3633 καιροῦ
2487 3545 2994 3634 ροπῇκτήίπᾶσαν
3040 3563 3458 3631 καταφωτίζειν,
3489 3563 3537 3614 εἰ
3581 3562 3656 3630 μὴ

2092 3657 2200 3710 ἀπο
2235 3658 2470 3727 μεγάλου
2508 3658 2599 3709 τοῦ
2654 3657 2856 3709 κύκλου
2895 3658 3210 3725 κατέπεμπε
3245 3657 3342 3725 τὴν
3371 3655 3584 3723 αὐγήν;

2168 3835 2325 3888 Οὕτω
2377 3835 2474 3903 μὲν
2510 3833 2602 3886 οὖν
2660 3835 2753 3887 καὶ
2788 3835 2878 3886 tui.
2912 3833 3010 3902 τῆς
3052 3834 3279 3902 σελήνης
3326 3831 3474 3885 ἐστιν
3507 3832 3655 3886 ἰδεῖν.

2093 3931 2252 3996 Μέγα
2287 3930 2392 3996 γὰρ
2425 3929 2519 3979 καὶ
2554 3927 2612 3978 τὸ
2648 3927 2806 3996 σῶμα
2842 3928 2902 3978 τι
2936 3929 3032 3995 τῆξ
3071 3917 3320 3996 σελήνης,
3351 3927 3446 3980 καὶ
3492 3926 3658 3992 quvi-

2092 4020 2254 4072 τατὸν
2289 4034 2351 4084 γε
2401 4015 2538 4084 μετὰ
2586 4018 2676 4067 τὸν
2707 4017 2875 4085 ἥλιον.
2937 4017 3058 4067 Ἐπὶ
3107 4017 3213 4084 γὰρ
3247 4016 3453 4068 τούτων
3498 4017 3590 4068 καὶ
3626 4017 3657 4082 ἡ

2093 4111 2223 4176 ἁγία
2259 4110 2360 4177 ἔφη
2405 4109 2616 4178 Γραψή·
2656 4126 2674 4158 ι
2715 4109 2821 4160 Καὶ
2855 4089 3109 4176 ἐποίησεν
3159 4111 3185 4160 ὁ
3226 4099 3510 4170 Θεὸξτοὺς
3545 4125 3659 4176 φω-

2097 4205 2298 4271 στῆρας
2325 4203 2452 4261 τοὺς
2490 4202 2780 4270 μεγάλους.
2830 4219 2846 4250 ι
2880 4201 3163 4267 Μεγάλους
3199 4201 3253 4252 δὲ
3279 4196 3431 4261 εἶπεν
3464 4201 3660 4261 αὐτοὺς

2094 4295 2192 4344 οὐκ
2231 4292 2418 4361 ἐπειδὴ
2458 4294 2677 4361 μείζους
2703 4292 2808 4343 τῶν
2843 4292 3183 4361 μικροτέρων
3217 4291 3466 4360 ἀστέρων
3497 4290 3656 4354 εἰσιν,

2097 4384 2212 4437 ἀλλ’
2232 4384 2418 4451 ἐπειδὴ
2442 4382 2682 4436 τοσοῦτοι
2712 4385 2809 4450 τὴν
2844 4382 3209 4451 περιγραφὴν,
3241 4381 3379 4433 ὥστε
3413 4381 3661 4449 ἐξαρκεῖν

423 4478 489 4530 iis
519 4477 778 4546 splendor
829 4478 1028 4533 emlum
1096 4479 1273 4549 ipsqu
1340 4483 1666 4536 collustrare
1700 4483 1874 4551 possit
1938 4494 1984 4537 el

2099 4477 2194 4544 τήν
2226 4474 2324 4526 ἀπ’
2361 4474 2538 4526 αὐτῶν
2578 4477 2842 4542 χεομένην
2891 4473 3063 4542 αὐγὴν
3112 4474 3208 4524 καὶ
3246 4472 3473 4540 οὐρανὸν
3507 4489 3662 4539 περι-

421 4587 575 4629 aera,
623 4569 893 4637 simulque
948 4583 1121 4624 semet
1164 4571 1230 4624 ad
1288 4581 1487 4625 terram
1536 4588 1600 4627 ac
1634 4589 1781 4626 mare
1813 4583 1984 4626 totmn

424 4662 724 4727 porrigere.
757 4659 1104 4728 Quapropter
1160 4677 1292 4715 cave
1349 4654 1417 4716 ne
1477 4663 1886 4730 persuasionem
1920 4664 1986 4717 de

424 4748 527 4800 hoc
563 4750 741 4803 sidere
768 4751 957 4804 falsam
988 4756 1257 4821 sequaris,
1290 4768 1391 4806 nec
1419 4754 1850 4823 magnitudinem
1872 4755 1988 4823 ejus

423 4855 539 4894 esse
571 4840 860 4896 cubitalem
907 4845 1204 4898 existimes.
1245 4843 1457 4897 Etenim
1505 4852 1760 4912 aspectus
1808 4854 1992 4897 noster

424 4929 478 4983 iu
515 4946 640 4985 aere
669 4935 818 4987 velut
870 4936 1198 5003 absumptus
1260 4950 1322 4987 ac
1353 4933 1672 4987 deminutus
1725 4935 1790 4985 ad
1844 4947 1991 4986 com-

425 5022 841 5086 prehensionem
874 5026 1113 5092 illorum,
1138 5043 1258 5094 quze
1284 5041 1448 5095 supra
1473 5040 1571 5080 nos
1600 5026 1991 5096 conspicimus,

426 5111 844 5182 haudquaquam
880 5117 1100 5171 sulﬁcit.
1139 5118 1326 5185 Itaque
1361 5117 1576 5171 Littera:
1606 5133 1776 5172 sacrae
1817 5119 1986 5172 solem

429 5217 686 5272 magnum
725 5207 1001 5274 appellant
1030 5224 1095 5261 ex
1131 5209 1493 5262 admiratione
1524 5210 1757 5279 quadam
1787 5226 1849 5263 ac
1873 5222 1991 5264 stu—

425 5308 582 5362 pore,
619 5311 728 5349 non
759 5300 1187 5366 comparationis
1213 5301 1444 5371 alicujus
1481 5301 1714 5356 ratione.
1772 5301 1904 5355 Nam
1935 5313 1990 5356 et

429 5395 576 5438 cetos
631 5385 741 5439 sive
797 5387 1036 5444 balzenas
1088 5391 1292 5445 eaedem
1344 5409 1570 5463 magnas
1623 5403 1841 5456 vocant,
1880 5411 1987 5448 non

431 5478 577 5545 quod
607 5479 691 5532 vel
731 5481 929 5550 squilla
959 5485 1042 5537 vel
1081 5484 1270 5538 halece
1298 5487 1532 5556 majores
1562 5488 1691 5550 sint,
1720 5487 1812 5540 sed
1849 5488 1990 5555 quod

431 5571 884 5629 montibusetiam
905 5578 1156 5632 maximis
1183 5578 1292 5633 sint
1321 5579 1658 5636 consimiles.
1677 5579 1782 5648 22
1805 5580 1990 5634 cumin

499 5747 542 5776 "
573 5749 705 5802 Gen.
746 5769 783 5806 ι.
826 5754 908 5808 l6.

2083 4557 2334 4636 λάμπειν
2379 4568 2473 4620 καὶ
2496 4566 2588 4618 τὸν
2616 4567 2774 4635 ἀέρα,
2809 4566 2902 4617 καὶ
2932 4565 3065 4634 ὁμοῦ
3097 4583 3155 4617 τε
3188 4568 3250 4634 τῇ
3285 4568 3353 4636 γῇ
3385 4566 3532 4634 πάσῃ
3567 4569 3661 4618 καὶ

2097 4662 2162 4727 τῇ
2209 4659 2456 4729 θαλάσση
2504 4659 3092 4728 συμπαρεκτείνεσοαι.
3147 4660 3238 4728 Μὴ
3269 4659 3361 4712 οὖν
3397 4661 3661 4712 ἀπατάτω

2099 4770 2157 4804 σε
2205 4754 2351 4803 τουτὶ
2389 4751 2741 4821 φαινόμενον,
2793 4752 2926 4820 μηδὲ
2984 4754 3254 4820 πηχυαῖον
3307 4752 3470 4804 αὐτὸν
3523 4746 3661 4802 εἶναι

2095 4845 2282 4915 νόμιζε
2307 4865 2321 4875 ·
2437 4847 2540 4913 γὰρ
2580 4848 2701 4910 ὄψις
2751 4845 2904 4914 ήμῶν
2960 4844 3391 4913 ὲνόαπανηοεῑσα
3432 4843 3508 4912 τῷ
3539 4843 3659 4912 ἀέρι

2094 4938 2385 4991 κάντεῦθεν
2418 4937 2657 5010 ἐξίτηλος
2705 4941 2957 5006 γεγονυῖα
2997 4938 3129 5004 πρὸς
3184 4937 3283 5005 τὴν
3328 4937 3530 5005 ἀκριϐῆ
3564 4953 3662 4988 κα-

2092 5031 2325 5100 τάληψιν
2360 5032 2467 5084 τῶν
2503 5033 2795 5098 ὁρωμένων
2833 5032 2934 5083 οὐκ
2967 5031 3209 5099 ἐξαρκεῖ.
3247 5030 3381 5082 Κατ’
3403 5029 3663 5100 ἔκπληξιν

2091 5123 2278 5176 λοιπὸν
2305 5124 2396 5175 καὶ
2437 5125 2578 5175 κατὰ
2616 5123 2906 5190 σύγκρισιν
2937 5123 3108 5191 μέγαν
3135 5113 3358 5174 ἐκάλεσε
3388 5123 3477 5174 τὸν
3510 5121 3661 5190 ἥλιον

2096 5213 2373 5285 ήΓραφή.
2425 5215 2564 5281 Ὅρα
2613 5213 2719 5282 γὰρ
2759 5213 2840 5264 ὅτι
2882 5214 2972 5265 καὶ
3022 5211 3090 5263 τὰ
3142 5213 3281 5281 κήτη
3335 5210 3401 5261 τά
3451 5209 3662 5280 μεγάλα

2075 5307 2310 5375 μεγάλα
2338 5302 2492 5357 εἶπεν
2519 5307 2550 5374 ὴ
2580 5305 2769 5375 Γραφὴ
2795 5307 2894 5375 οὐχ
2931 5306 3013 5357 ὅτι
3045 5304 3263 5372 καρίδος
3291 5305 3386 5356 καὶ
3413 5301 3656 5371 μαινίδος

2101 5399 2325 5467 μείζονά
2353 5399 2511 5459 εἰσιν,
2541 5399 2654 5450 ἀλλ’
2685 5400 2766 5451 ὅτι
2804 5399 3084 5469 μεγίστοις
3110 5398 3352 5450 ἐοίκασιν
3376 5397 3527 5465 ὄρεσι
3559 5394 3661 5462 τῆς

2101 5489 2367 5558 Θαλάττης
2397 5489 2656 5551 πολλάκις
2711 5491 3147 5561 ὑπερνηχὸμενα.
3197 5490 3305 5542 Καὶ
3351 5486 3607 5555 ἐποίησεν
3637 5488 3666 5537 ὁ

2103 5581 2232 5642 Θεὸς
2279 5581 2404 5644 τοὺς
2443 5581 2737 5649 φωστῆρας
2779 5582 2904 5646 τοὺς
2951 5582 3237 5652 μεγάλους.
3265 5582 3372 5633 Καὶ
3399 5579 3515 5642 πῶς
3555 5576 3666 5646 γὰρ
