4052 6200
313 315 380 378 65
1589 321 1873 385 ANNALI

1978 324 1992 385 ί
2033 321 2225 388 PARS
2266 326 2317 389 Ι.
3491 336 3560 399 66

310 426 369 478 οὐ
411 425 588 495 μέγας
629 426 659 480 ὀ
695 425 870 497 ἣλιος,
904 426 1020 496 εἴγε
1077 427 1174 483 καὶ
1221 429 1321 501 τῆς
1352 429 1455 500 γῆς
1492 432 1661 502 αὐτῆς
1695 434 1873 488 πολλα

1998 437 2290 507 superﬁcie
2320 438 2485 495 maris
2518 447 2731 498 n‘tant.
2791 434 3012 499 Creavit
3061 456 3190 517 ergo
3228 445 3375 503 Deus
3399 448 3569 503 lumi-

308 518 553 587 πλασίων
588 518 710 573 ἔστί
737 538 753 588 ;
802 518 900 573 καὶ
929 518 1039 591 γὰρ
1067 521 1117 574 εί
1149 521 1225 592 μὴ
1257 522 1420 576 τοῦτο
1444 524 1761 595 ἐτύγχανεν,
1786 528 1889 580 οὐκ

235 645 239 648 ν
308 611 376 664 ἂν
409 609 749 682 ὕπερφανὶὶς
796 611 1214 697 τοῦοόρίζοντος
1258 616 1326 684 τῇ
1358 614 1539 686 οἰκείᾳ
1579 616 1883 687 τηνικαῦτα

306 702 534 775 δυνάμει
566 703 1008 777 συμπεριείληφε
1038 702 1350 775 ξύμπαντα.

373 957 535 1039 Μέγα
570 969 689 1039 μὲν,
741 968 819 1033 ὡς
863 971 1188 1044 προείρηται
1216 1013 1231 1037 ,
1262 974 1357 1028 καὶ
1404 970 1464 1027 τὸ
1512 976 1608 1046 τῆς
1648 976 1879 1049 σελήνης

309 1062 488 1132 σῶμα,
525 1062 618 1114 καὶ
651 1061 950 1129 φανότατόν
1002 1078 1065 1130 γε
1118 1063 1260 1133 μετὰ
1305 1064 1395 1118 τὸν
1449 1066 1623 1137 ἥλιον.
1659 1068 1724 1121 Εἰ
1768 1068 1877 1139 γὰρ

307 1154 398 1207 καὶ
435 1152 511 1223 μὴ
561 1152 739 1206 διόλου
771 1154 834 1207 τὺ
870 1154 986 1223 φῶς
1030 1155 1203 1225 αὐτῆς
1250 1155 1651 1228 ἀμετακίνητον
1700 1160 1877 1229 μένει,

304 1244 436 1299 am
486 1244 582 1297 καὶ
626 1243 791 1297 τοῦτο
838 1246 1085 1316 ἀρρήτου
1126 1247 1322 1316 σοφίας
1381 1248 1477 1302 τοῦ
1538 1249 1877 1321 δημιουργοῦ

305 1342 545 1404 πάντων,
587 1338 728 1393 ὥστε
773 1340 852 1409 τῷ
882 1339 1028 1394 κατά
1073 1340 1172 1410 τὴν
1219 1340 1450 1412 σελήνην
1491 1343 1725 1413 θεάματι
1755 1361 1882 1397 παιο

302 1430 558 1485 δεύεσθαι
593 1432 745 1501 ἡμᾶς
775 1432 843 1485 τὰ
871 1432 1120 1500 ἡμέτερα
1156 1431 1214 1484 δὲ
1263 1434 1358 1488 καὶ
1388 1434 1486 1503 τῆς
1512 1434 1739 1505 ταχείας
1766 1435 1876 1489 τῶν

303 1520 664 1592 ἀνθρωπίνων
704 1521 1045 1591 περιτροπῆς
1091 1522 1341 1576 ἐντεῦθεν
1401 1524 1482 1587 είς
1527 1524 1739 1579 ἔννοιαν
1780 1524 1877 1596 ερ-

303 1612 516 1682 χεσθαι.
560 1609 728 1682 Οῐμαι
766 1613 824 1665 δὲ
871 1614 964 1665 καὶ.
1012 1614 1076 1682 τῇ
1102 1613 1213 1666 τῶν
1243 1614 1397 1676 ζώων
1437 1619 1750 1689 κατασκευῇ
1782 1618 1877 1671 καὶ

302 1706 411 1767 τοῖς
474 1705 685 1767 λοιποῖς
736 1705 851 1767 τοῖς
887 1703 996 1757 ἀπὸ
1048 1705 1152 1774 γῆς
1217 1707 1510 1775 φυομένοις
1559 1708 1634 1777 μὴ
1669 1709 1874 1780 μικρὰν

1997 529 2149 581 naria
2183 544 2396 600 magna.
2431 529 2498 586 Et
2526 547 2634 601 quo
2661 542 2821 601 pacto
2845 534 2925 590 sol
2954 551 3062 591 non
3095 551 3325 609 magnus
3360 540 3452 606 sit,
3516 542 3562 595 si

1995 618 2220 687 quidem
2278 634 2404 674 cum
2465 622 2654 677 multis
2719 635 2867 680 terra
2923 626 3175 695 partibus
3220 643 3342 685 esse
3398 632 3571 702 majoo

1998 719 2112 758 rem
2154 707 2407 763 consut?
2460 724 2587 763 nam
2623 711 2833 781 absque
2864 713 2959 768 illo
3014 713 3179 783 foret,
3242 733 3352 773 non
3401 735 3569 791 supra

1994 797 2264 852 circulum
2304 799 2578 857 ﬁnitorem
2604 813 2934 873 conspectus
2963 807 3017 861 vi
3046 822 3143 863 sua
3180 817 3378 865 cuncta
3414 826 3569 868 com-

1995 890 2356 959 plecteretur.

2064 979 2258 1036 itidem
2288 993 2348 1038 ut
2378 986 2543 1041 modo
2581 987 2983 1055 iudicabamus,
3015 990 3160 1047 inme
3192 1007 3414 1063 quoque
3442 1008 3569 1050 eor-

1993 1089 2097 1143 pus
2134 1074 2328 1144 ingens
2357 1089 2442 1133 est
2471 1095 2535 1134 ac
2569 1081 2875 1136 secundum
2914 1084 3087 1139 solem
3130 1084 3564 1142 lucidissimum.

1988 1165 2125 1221 Nam
2155 1168 2302 1237 quod
2332 1169 2426 1224 lux
2458 1170 2579 1241 ejus
2616 1187 2725 1227 non
2759 1189 2988 1244 prorsus
3041 1176 3339 1233 immobilis
3370 1187 3472 1240 est,
3507 1178 3562 1233 id

1989 1273 2123 1314 vero
2149 1257 2219 1315 ad
2245 1262 2570 1331 sapientiam
2595 1264 2742 1320 illam
2773 1282 2954 1321 rerum
2979 1267 3194 1337 opiﬁcis
3227 1268 3562 1325 ineffabilem

1987 1350 2183 1408 referri
2218 1353 2403 1409 debet.
2437 1354 2699 1426 Adeoque
2744 1358 2929 1411 lunam
2979 1350 3349 1428 inspectantes
3374 1360 3444 1415 de
3477 1374 3569 1416 re-

1989 1458 2111 1496 rum
2137 1454 2445 1500 nostrarum
2472 1455 2615 1502 statu
2646 1458 2703 1504 et
2731 1450 3047 1505 conditione
3082 1466 3182 1506 nos
3204 1451 3414 1515 erudiri
3445 1453 3581 1509 sci-7

1986 1545 2165 1599 smus,
2192 1543 2253 1588 ut
2280 1534 2411 1591 hinc
2437 1538 2633 1593 moniti
2664 1539 2732 1595 de
2762 1540 2935 1595 celeri
2964 1555 3150 1596 rerum
3188 1542 3558 1599 humanarum

1986 1626 2282 1681 eversione
2313 1629 2638 1699 cogitemus.
2674 1632 2995 1701 Quanquam
3030 1645 3291 1705 pneterea
3320 1652 3430 1691 non
3463 1651 3562 1708 pa-

1985 1730 2108 1769 rum
2133 1719 2395 1787 prodesse
2420 1723 2777 1778 mutationem
2802 1725 2954 1780 illam
2979 1726 3122 1782 lunae
3146 1736 3252 1783 tam
3282 1729 3421 1799 ipsis
3437 1730 3561 1784 ani-

304 1795 576 1866 ὑπάρχειν
624 1795 688 1848 ὲκ
721 1794 822 1864 τῆς
861 1797 1004 1850 κατὰ
1039 1796 1136 1866 τὴν
1173 1796 1405 1868 σελήνην
1442 1800 1749 1869 μεταϐολῆς
1780 1801 1873 1871 τὴν

1984 1807 2267 1863 mantibus
2297 1823 2460 1878 quam
2489 1813 2706 1867 caeteris
2737 1828 2767 1868 e
2811 1824 2958 1871 terra
3007 1819 3363 1875 nascentibus
3392 1820 3557 1875 rebus

305 1888 633 1943 συντέλειαν·
663 1888 839 1952 ἄλλως
870 1889 978 1959 γὰρ
1013 1890 1311 1944 διατίθεται
1347 1893 1675 1962 μειουμένης
1707 1892 1878 1966 αὐτῆς

305 1981 393 2033 καὶ
422 1979 601 2041 ἄλλως
628 1979 933 2051 αὐξομένης
978 1981 1046 2035 τὰ
1093 1983 1348 2049 σώματα,
1389 1983 1483 2035 νῦν
1529 1983 1628 2053 μὲν
1680 1984 1878 2056 ληγού-

308 2089 400 2142 σης
440 2071 615 2142 ἀραιὰ
644 2072 908 2140 γινόμενα
938 2071 1032 2125 καὶ
1058 2072 1211 2136 κενὰ,
1234 2072 1329 2125 νῦν
1359 2073 1414 2127 δὲ
1445 2074 1749 2144 αὐξομένης
1784 2077 1878 2132 καὶ

306 2162 434 2232 πρὸς
468 2162 531 2215 τὺ
576 2163 785 2233 πλῆρες
817 2162 1164 2233 ὲπαγομένης
1214 2165 1312 2218 καὶ
1343 2165 1484 2220 αὐτὰ
1534 2166 1697 2221 πάλιν
1742 2170 1876 2222 ἀνα-

301 2254 681 2327 πληρούμενα,
711 2251 851 2310 διότι
882 2256 1161 2327 ὑγρότητά
1190 2274 1312 2311 τινα
1340 2257 1640 2330 θερμότητι
1673 2277 1879 2331 κεκρα-

301 2350 471 2419 μένην
520 2348 614 2401 ὲπὶ
663 2348 724 2403 τὸ
773 2346 936 2418 βάθος
998 2348 1278 2417 φθάνουσα
1322 2348 1625 2421 λεληθότως
1678 2351 1875 2422 ἐνίησι.

300 2438 533 2510 Δηλοῦσι
561 2439 619 2492 δὲ
646 2431 806 2493 τοῦτο
846 2439 937 2493 καὶ
964 2440 1015 2492 οι
1055 2440 1409 2505 καθεύδοντες
1437 2441 1536 2511 τῆς
1583 2441 1690 2495 ὑπὸ
1723 2442 1876 2514 σελη-

297 2550 395 2604 νης
426 2534 728 2603 ὑγρότητος
766 2525 1036 2603 περισσῆς
1064 2533 1166 2596 τὰς
1212 2535 1313 2601 τῆς
1355 2534 1595 2602 κεφαλῆς
1630 2534 1874 2605 εὐρυχυ.

302 2628 426 2696 ρξας
482 2623 877 2695 πληρούμενοι,
908 2623 989 2676 ἔτι
1036 2623 1095 2678 δὲ
1136 2624 1206 2677 τὰ
1243 2622 1523 2695 νεοσφαγῆ
1550 2625 1660 2679 τῶν
1697 2625 1874 2695 κρεῶν

295 2719 362 2787 τῇ
405 2714 680 2785 προσϐολῇ
724 2713 825 2783 τῆς
855 2715 1084 2785 σελήνης
1116 2713 1326 2791 ταχέως
1355 2716 1688 2787 τρεπόμενα.
1716 2716 1874 2770 Κατὰ

298 2806 464 2859 τοῦτο
494 2806 593 2859 καὶ
637 2806 724 2876 ἐφ’
752 2805 999 2874 ἅρματος
1033 2805 1202 2876 αὐτὴν
1228 2809 1324 2860 καὶ
1350 2807 1446 2862 δύο
1470 2808 1692 2879 ταύρων
1720 2807 1875 2862 καθί-

295 2897 488 2961 ζουσιν
530 2897 605 2961 ὡς
639 2898 947 2952 κυκλοῦσαν
994 2899 1085 2952 τὸν
1136 2898 1343 2966 κόσμον
1388 2900 1484 2953 καὶ
1529 2899 1871 2971 ἀροτριῶσαν

295 2992 391 3044 καὶ
424 2989 774 3061 σπείρουσαν,
823 2990 1196 3061 ύγραίνουσάν
1224 3007 1284 3044 τε
1315 2992 1413 3047 καὶ
1443 2995 1869 3063 θερμαίνουσαν.

297 3083 491 3137 Ταῦτα
517 3082 572 3135 δὲ
598 3083 777 3138 πάντα
801 3082 902 3135 οὐκ
936 3082 1002 3136 ἂν
1032 3081 1297 3153 ἐξήρκεσε
1323 3085 1390 3153 τῇ
1422 3082 1624 3153 ἑαυτῆς
1648 3083 1874 3137 ἀλλοιώ-

1896 3133 1944 3199 ο

1986 1897 2243 1967 equidem
2275 1900 2538 1956 arbitror.
2565 1902 2699 1957 Nam
2730 1905 2892 1961 aliter
2938 1909 3150 1967 adiecta
3177 1919 3306 1965 sunt
3326 1928 3557 1983 corpora

1988 1986 2113 2041 luna
2153 1988 2436 2045 deminuta
2471 2007 2638 2062 quam
2692 2010 2816 2051 esse
2870 1999 3086 2054 soleant
3136 2002 3330 2058 eadem
3391 2020 3557 2076 auge-

1984 2085 2196 2132 scente.
2230 2078 2441 2149 Quippe
2484 2096 2609 2136 eum
2660 2084 2847 2141 deﬁcit
2891 2102 2955 2142 ac
3003 2088 3376 2158 imminuitur,
3430 2095 3554 2149 laxa

1983 2177 2305 2239 suntatque
2337 2188 2508 2228 vacua
2546 2192 2561 2229 :
2598 2190 2723 2231 cum
2754 2179 3001 2248 augescit
3043 2190 3100 2236 et
3145 2184 3212 2236 ad
3261 2185 3560 2254 plenitudi-

1982 2272 2108 2312 nem
2140 2274 2291 2314 suam
2323 2273 2605 2334 properat,
2650 2281 2881 2339 corpora
2926 2285 3148 2340 quoque
3199 2289 3420 2331 rursum
3466 2293 3553 2335 re-

1979 2351 2121 2420 pleri
2148 2351 2441 2422 videmus;
2499 2357 2667 2429 idque
2699 2372 2998 2432 propterea
3050 2366 3199 2436 quod
3258 2368 3548 2427 humorem

1979 2443 2273 2512 quemdam
2298 2461 2423 2501 cum
2455 2450 2638 2505 calore
2666 2462 3034 2523 temperatum
3058 2466 3115 2513 et
3143 2458 3210 2513 ad
3240 2459 3349 2515 ima
3373 2477 3550 2533 usque

1978 2535 2346 2604 pertinentem
2413 2542 2576 2611 quasi
2652 2545 2818 2601 tacite
2872 2551 3201 2620 corporibus
3267 2553 3548 2612 immittat.

1977 2626 2357 2687 Animadverti
2382 2631 2489 2689 hoc
2533 2634 2602 2690 de
2633 2636 2703 2691 iis
2731 2653 2952 2709 quoque
2983 2651 3182 2707 potest,
3225 2646 3321 2715 qui
3367 2650 3433 2702 ad
3462 2649 3551 2703 lu-

1979 2732 2107 2772 nam
2137 2718 2478 2779 dormientes
2504 2724 2785 2794 superﬂuo
2837 2730 3070 2789 humore
3096 2735 3293 2805 capitis
3335 2741 3554 2810 capaci-

1980 2822 2147 2867 tatem
2171 2829 2388 2870 omnem
2423 2818 2624 2888 repleri
2660 2823 2927 2879 sentiunt.
2962 2826 3158 2883 itidem
3211 2846 3408 2888 carnes
3458 2851 3548 2890 re-

1978 2917 2111 2959 cens
2139 2914 2505 2962 mactatorum
2532 2910 2858 2967 animalium
2892 2914 2957 2969 ad
2987 2918 3169 2974 lunam
3207 2924 3471 2991 expositae
3492 2936 3550 2981 et

1979 2992 2049 3047 ab
2076 2992 2197 3063 eius
2224 2993 2395 3049 radiis
2423 3003 2641 3052 attactu:
2664 2999 2775 3053 cito
2802 3012 3087 3058 mutantur
3106 3022 3169 3062 ac
3197 3020 3548 3077 putrescunt.

1976 3079 2054 3138 Ea
2084 3084 2152 3139 de
2180 3099 2346 3139 causa
2376 3084 2563 3141 lunam
2587 3088 2640 3141 in
2670 3098 2859 3155 curru,
2894 3092 3111 3150 duobus
3147 3099 3318 3153 tauris
3346 3100 3547 3172 adjun-

297 3191 378 3228 στι
414 3174 816 3245 συμμεθιστᾷν,
844 3174 891 3226 εί
935 3174 1010 3245 μή
1057 3190 1119 3242 γε
1174 3174 1316 3227 κατὰ
1362 3173 1464 3245 τὴν
1504 3173 1607 3244 τῆς
1648 3170 1873 3247 Γραφῆς

1978 3172 2099 3239 ctis,
2132 3173 2426 3239 collocant,
2478 3186 2743 3248 tanquam
2789 3183 3057 3239 mundum
3099 3186 3248 3243 hunc
3298 3170 3551 3247 ambien-

301 3263 611 3333 μαρτυρίαν
644 3262 935 3335 ὑπερφυής
977 3280 1059 3325 τις
1104 3262 1374 3333 ἐτύγχανε
1420 3267 1487 3335 τῇ
1535 3264 1763 3334 δυνάμει
1814 3282 1875 3319 τε

298 3354 663 3423 ὑπερέχουσα.
688 3353 846 3409 Οὕτω
871 3359 969 3425 μὲν
997 3353 1091 3410 οὖν
1115 3356 1181 3407 ἐκ
1211 3356 1310 3425 τῆς
1340 3355 1517 3419 αἰτίας
1544 3356 1747 3428 ταύτης
1779 3360 1876 3412 καὶ

296 3445 364 3499 τὰ
396 3448 540 3500 κατὰ
570 3447 663 3500 τὸν
701 3447 843 3518 ἀέρα
874 3448 1021 3518 πάθη
1047 3446 1417 3514 συνίστανται,
1447 3448 1524 3511 ὡς
1561 3448 1876 3522 μαρτυροῦ-

298 3555 382 3590 σιν
415 3539 546 3609 ἡμῖν
595 3538 656 3592 αἱ
702 3540 842 3593 κατὰ
866 3540 966 3610 τὴν
1004 3539 1307 3609 νουμηνίαν
1343 3539 1608 3605 πολλάκις
1636 3542 1746 3596 ἀπὸ
1775 3559 1875 3610 γα-

295 3628 468 3700 λήνης
511 3630 607 3684 καὶ
649 3630 913 3702 νηνεμίας
964 3631 1219 3701 αἰφνίδιοι
1267 3630 1507 3703 ταραχαὶ
1536 3631 1644 3685 τῶν
1689 3632 1867 3703 νεφῶν

295 3722 677 3791 κλονουμένων
719 3721 816 3778 καὶ
862 3723 1291 3793 συμπιπτόντων
1318 3721 1594 3793 ἀλληλοις,
1642 3722 1700 3774 ai
1736 3723 1866 3792 περὶ

293 3813 424 3877 τοὺς
469 3814 733 3884 εὑρίπους
764 3831 825 3868 τε
856 3815 1197 3887 παλίρροιαι,
1228 3815 1325 3869 καὶ⁵
1365 3816 1398 3885 η
1432 3814 1560 3884 περὶ
1587 3814 1678 3867 τὸν
1716 3814 1869 3882 λεγό-

296 3909 462 3975 μενον
506 3905 763 3959 Ὠκεανὸν
814 3906 1107 3976 ἄμπωτις,
1158 3906 1226 3978 ἢν
1271 3908 1393 3970 ταῖς
1445 3906 1715 3977 περιόδοις
1769 3907 1867 3979 τῆς

295 3999 534 4066 σελήνης
563 3997 915 4066 τεταγμένως
962 3996 1239 4069 ἑπομένην
1286 3996 1509 4068 ἰξεῦρον
1541 3998 1591 4050 oi
1634 4015 1866 4067 προσοι-

292 4087 542 4151 κοῦντες.
575 4087 768 4143 Ταῦτα
803 4087 904 4158 μὲν
956 4088 1049 4142 οὖν
1089 4088 1185 4143 καὶ
1230 4091 1259 4143 ό
1302 4085 1475 4159 μέγας
1506 4089 1865 4159 διαλαμϐάνει

291 4176 598 4242 Βασίλειος,
633 4177 916 4242 ἀποδεῖξαι
949 4176 1121 4232 θέλων
1164 4176 1273 4232 τῶν
1317 4176 1626 4249 φωστήρων
1653 4176 1864 4230 τούτων

293 4267 350 4319 τὸ
393 4267 645 4337 μέγεθος.

1975 3272 2110 3330 tem,
2141 3277 2406 3333 arantem,
2443 3279 2746 3325 sementem
2782 3273 2836 3326 in
2868 3288 2936 3329 eo
2976 3275 3289 3345 facientem,
3350 3280 3549 3339 hume-

1975 3365 2213 3412 ctantem
2244 3365 2409 3428 atque
2446 3360 2878 3442 calefacientem.
2917 3367 3042 3424 Haec
3072 3372 3255 3426 omnia
3289 3389 3421 3430 vero
3450 3392 3548 3449 per

1973 3446 2412 3505 immutationem
2459 3451 2609 3507 illam
2656 3458 2908 3527 corporis
2960 3460 3042 3515 sui
3117 3463 3390 3532 perﬁcere
3450 3446 3548 3526 ne-

1972 3554 2245 3610 quaquam
2275 3552 2486 3611 posset,
2525 3545 2571 3599 si
2597 3562 2708 3601 non
2760 3550 2974 3607 eximia:
3007 3554 3295 3626 cujusdam
3330 3563 3547 3632 magni-

1978 3631 2200 3687 tudinis
2233 3634 2500 3707 singulari
2530 3654 2657 3693 cum
2691 3641 2747 3696 vi
2768 3652 2827 3697 et
2859 3643 3178 3704 eﬁicacitate
3211 3631 3541 3724 conjunctae.

1971 3723 2433 3792 quemadmodum
2468 3738 2522 3784 et
2548 3724 2770 3787 Litterae
2825 3749 2994 3791 sacra:
3027 3723 3325 3813 testantur,
3372 3756 3541 3803 esset.

1970 3812 2153 3886 Atque
2184 3817 2286 3873 hac
2314 3834 2446 3875 sane
2480 3820 2550 3876 de
2580 3838 2743 3879 causa
2774 3826 3029 3884 videmus
3064 3842 3120 3885 et
3152 3812 3542 3893 aerisraﬁ'ecti-

1967 3919 2105 3962 ones
2155 3919 2335 3965 certas
2403 3913 2694 3978 exsistere,
2750 3922 3212 3985 quemadmodum
3258 3927 3540 3984 declarant

1966 4006 2173 4051 exorta:
2198 4014 2581 4068 saepenumero
2611 4008 2878 4069 uovilunii
2920 4021 3172 4081 tempore
3222 3996 3291 4074 de
3320 4035 3539 4074 summa

1964 4090 2388 4157 tranquillitate,
2426 4102 2716 4151 ventorum
2748 4102 2992 4156 omnium
3025 4119 3271 4175 experte,
3316 4123 3534 4179 pertur-

1963 4178 2212 4235 bationes
2234 4185 2377 4237 aeris
2411 4188 2733 4257 repentinae,
2772 4194 3018 4249 nubibus
3042 4197 3184 4252 inter
3232 4215 3291 4253 se
3322 4178 3529 4258 collisis

1961 4272 2227 4343 quasique
2251 4275 2696 4348 conﬂigentibus,
2725 4282 3006 4342 declarant
3066 4298 3119 4342 et
3143 4290 3320 4347 ﬁuxus
3349 4311 3411 4349 ac
3442 4313 3530 4350 re.

290 4361 470 4417 ﬂuxus
498 4377 767 4433 aquarum
803 4361 859 4417 iu
886 4360 1115 4432 euripis,
1165 4359 1367 4431 illaque
1414 4361 1530 4432 ipsa
1560 4374 1682 4431 qua:
1746 4359 1808 4415 ﬁt
1870 4361 1928 4416 in
1959 4362 2175 4420 Oceano
2215 4366 2400 4437 (quem
2436 4372 2653 4443 vocant)
2714 4378 2883 4433 maris
2930 4382 3313 4450 reciprocatio,
3366 4404 3531 4457 quam

289 4456 515 4524 quidem
574 4456 829 4511 homines
882 4455 1166 4512 littoribus
1221 4455 1448 4512 marinis
1500 4455 1719 4511 ﬁnitimi
1771 4472 1870 4527 per
1902 4467 2075 4514 statas
2106 4461 2260 4517 vices
2294 4463 2437 4521 lunae
2466 4467 2735 4526 circuitus
2794 4474 2900 4545 23
2962 4479 3117 4546 sequi
3149 4455 3536 4551 deprehende-

291 4558 444 4604 runt.
494 4547 775 4605 iiactenus
827 4562 951 4620 quae
1006 4548 1075 4604 de
1122 4547 1211 4605 his
1274 4564 1505 4621 magnus
1539 4550 1630 4606 ille
1694 4549 1928 4609 Basilius
1965 4554 2284 4626 complexus
2328 4567 2434 4627 est,
2476 4561 2607 4617 dum
2663 4565 2861 4622 borum
2912 4547 3265 4629 luminarium
3323 4580 3539 4649 magni-

294 4644 541 4701 tudinem
576 4645 953 4700 demonstrare
981 4643 1195 4700 nititur.

366 4740 440 4793 Σὺ
468 4739 546 4804 δὲ,
584 4738 862 4809 ἀγαπητὲ,
915 4739 1053 4810 πρὸς
1096 4741 1209 4803 τοῖς
1249 4741 1560 4812 εἰρημένοις
1596 4741 1756 4797 τοῦτο
1783 4743 1866 4812 γι·-

2039 4742 2216 4800 Debes
2246 4756 2451 4811 autem,
2482 4748 2682 4806 dilecte
2732 4751 2831 4821 ﬁli,
2883 4768 3081 4828 praeter
3127 4763 3238 4833 jam
3294 4768 3534 4829 indicata

290 4846 470 4884 ιωσκε
490 4832 575 4884 ὅτι
598 4831 802 4893 πάντες
832 4829 932 4900 μὶν
968 4832 1019 4883 οι
1051 4831 1230 4885 λοιποὶ
1260 4833 1492 4903 ἀστέρες
1527 4835 1654 4888 ῐδιον
1681 4834 1863 4906 ἔχουσι

1978 4834 2097 4889 .llud
2128 4835 2294 4891 etiam
2315 4838 2778 4910 animadvertere,
2799 4855 2995 4903 caetera
3022 4829 3243 4920 quidem
3275 4858 3531 4918 universa

288 4923 436 4990 φῶς,
466 4924 642 4975 ὲκείνο
680 4921 886 4992 δηλαδὴ
936 4922 1000 4976 τὸ
1046 4922 1280 4993 πρώτως
1322 4926 1727 4997 καταμερισθὲν
1767 4927 1864 4980 καὶ

1978 4927 2144 4982 sidera
2179 4945 2340 4983 suum
2371 4946 2435 4985 ac
2454 4933 2745 5007 peculiare
2776 4940 3049 5007 quoddam
3081 4944 3284 5005 habere
3321 4950 3531 5018 lumen.

288 5014 453 5068 δοθὲν
473 5015 677 5080 αὐτοῖς,
713 5015 850 5083 μόνη
885 5013 943 5066 δὶ
991 5015 1024 5086 η
1068 5014 1270 5084 σελήνη
1322 5015 1438 5083 φῶς
1488 5016 1549 5069 ού
1597 5015 1861 5110 κέκτηται

1978 5017 2028 5070 ιι)
2061 5017 2219 5073 initio
2252 5021 2462 5076 scilicet
2488 5025 2571 5079 eis
2595 5027 2953 5085 distributum
2989 5042 3153 5105 atque
3181 5039 3368 5095 datum
3394 5085 3410 5110 ,
3448 5013 3537 5099 lu;

290 5106 455 5160 ἴδιον.
496 5106 557 5159 El
590 5106 700 5177 γὰρ
729 5107 826 5159 καὶ
866 5104 1084 5175 λέγουσι
1130 5122 1277 5169 τινες
1304 5107 1546 5178 ἀμυδρὸν
1592 5109 1862 5196 καὶᾉταύ-

1978 5121 2083 5160 ιιιιιι
2117 5123 2253 5164 vero
2288 5109 2495 5166 lumine
2517 5118 2739 5184 preprio
2761 5118 3003 5175 destitui.
3033 5104 3354 5196 Quanquam
3379 5104 3526 5187 enim

286 5212 397 5266 την
425 5193 719 5265 κεκτῆσθαι
760 5193 901 5263 φῶς,
950 5192 1064 5247 ἀλλ’
1108 5194 1164 5246 αι
1209 5193 1605 5264 αὑξομειώσεις
1643 5194 1860 5256 πάντως

1978 5201 2218 5254 nonnulli
2251 5202 2471 5256 tradant
2503 5204 2677 5275 ipsam
2718 5222 2945 5281 quoque
2986 5213 3171 5270 lumen
3207 5192 3528 5278 vobscurum

287 5286 488 5353 αὐτῆς,
525 5288 581 5339 δν
609 5282 698 5348 αἷς
724 5284 1012 5356 μηνοειδὴς
1056 5287 1248 5357 ὁρᾶται
1280 5288 1374 5339 καὶ
1418 5287 1733 5356 πλησιφαὴς
1763 5287 1861 5341 καὶ

1978 5288 2196 5350 habere.
2239 5300 2418 5348 tamen
2451 5299 2900 5356 exsistimandum
2965 5314 3051 5359 est
3110 5310 3337 5366 omnino
3396 5313 3536 5368 lucis

288 5380 660 5447 ἀμφίκυρτος,
696 5379 756 5442 ιξ
792 5378 944 5448 ἡλίου
979 5377 1148 5449 ταύτῃ
1178 5379 1563 5447 προσγίνονται
1589 5382 1733 5434 κατὰ
1767 5381 1867 5453 τὴν

288 5473 459 5522 ποιὰν
505 5472 683 5523 αὐτῶν
740 5468 1060 5539 συμπλοκὴν
1112 5471 1208 5523 καὶ
1249 5470 1556 5526 διάστασιν.
1611 5474 1867 5527 Μάνθανε

285 5562 387 5615 οὖν
419 5564 497 5615 ὅτι
528 5562 642 5631 φῶς
670 5561 952 5631 ἀλλότριον
982 5562 1014 5631 ἡ
1048 5564 1245 5632 σελήνη
1278 5562 1544 5629 ἐνδύεται,
1568 5567 1662 5617 καὶ
1691 5568 1773 5619 ὅτι
1806 5569 1867 5619 τὸ

288 5657 463 5723 μέρος
506 5658 685 5708 ἐκεῖνο
732 5653 866 5723 παρ’
910 5654 1060 5724 ἡλίου
1113 5654 1406 5723 φωτίζεται
1451 5656 1480 5708 ὃ
1539 5658 1671 5739 πρὸς
1702 5660 1866 5714 mit-3v

288 5746 533 5814 νένευκε,
566 5747 814 5816 δηλονότι
845 5744 937 5798 τὸν
967 5745 1145 5816 ἥλιον.
1193 5747 1299 5798 Καὶ
1348 5747 1506 5818 δῆλον
1537 5749 1598 5799 ὲκ
1627 5750 1721 5819 τῆς
1759 5753 1859 5821 ἑμ-

622 5839 900 5898 Psrnon.
930 5838 1046 5899 Gn.
1085 5836 1350 5901 CLVIII.

1965 5382 2327 5450 incrementa,
2356 5389 2557 5457 quibus
2588 5392 2649 5447 ﬁt
2690 5402 2750 5448 ut
2785 5397 2873 5451 vel
2904 5401 2954 5450 in
2986 5413 3192 5454 cornua
3219 5403 3416 5458 falcata
3447 5406 3530 5459 vel

1966 5474 2128 5543 pleno
2157 5478 2514 5546 resplendens
2544 5483 2750 5539 lumine
2774 5488 2861 5541 vel
2890 5487 3176 5544 dimidiata
3208 5494 3380 5563 major
3403 5506 3535 5548 con-

1965 5569 2254 5637 spiciatur,
2290 5570 2344 5624 in
2373 5587 2437 5627 ea
2482 5590 2581 5645 per
2638 5577 2808 5631 solem
2837 5577 3000 5641 eﬁici,
3052 5590 3215 5649 prout
3246 5583 3418 5645 ,iuter
3473 5599 3533 5641 se

1964 5663 2398 5732 congrediuntur
2429 5679 2522 5721 aut
2549 5667 2962 5738 disiunguntur.
3011 5671 3222 5726 Lunam
3259 5673 3424 5745 igitur
3445 5677 3538 5732 lu-

1964 5768 2081 5807 cun
2110 5754 2347 5810 alienam
2390 5760 2537 5812 velut
2565 5759 2793 5816 induere
2823 5762 2986 5827 scias,
3036 5780 3267 5835 eamque
3314 5778 3532 5839 partem

3093 5861 3130 5918 3
