4052 6200
443 348 519 411 67
883 342 894 354 '
1724 342 2146 404 MlClIAELlS
2184 345 2444 406 GLYC.‘E
3630 351 3700 414 f8

448 462 621 529 ipsius
650 472 677 510 a
713 443 825 511 sole
859 454 1163 510 collustrari
1194 468 1311 524 quae
1353 454 1453 509 soli
1488 454 1722 509 obversa
1754 465 1858 509 est.
1892 453 2007 509 Ροε-

2121 455 2429 524 πιπτούσης
2473 457 2608 524 ἡμῖν
2658 454 2895 525 ἡλιακῆς
2927 455 3163 519 ἀκτῖνος.
3212 454 3413 509 Ἐνίοτε
3447 458 3552 529 γὰρ
3585 462 3700 513 ὲτέ-

442 560 527 605 est
548 550 651 603 hoc
679 565 740 601 ex
778 548 910 614 ipsis
938 545 1002 599 ad
1030 560 1126 598 nos
1150 544 1537 598 dclahentibns
1563 543 1729 597 radiis
1751 545 1882 598 solis
1902 545 2020 597 ani-

444 637 736 693 madverti.
767 636 900 690 Nam
936 635 1095 687 aliter
1125 644 1287 703 atque
1322 636 1479 688 aliter
1510 649 1608 705 pro
1653 634 1875 688 diverso
1910 648 2016 688 tam

443 733 551 786 situ
578 746 739 800 quam
772 738 920 782 motu
954 728 1088 781 solis
1119 726 1184 780 ab
1225 729 1306 781 eis
1344 743 1444 781 nos
1481 742 1700 798 quoque
1729 728 2020 782 collustra-

374 884 381 897 ἰ
442 841 585 877 mur.
619 822 825 888 Quodsi
860 821 1092 874 maxime
1116 822 1166 874 itt
1202 821 1397 875 horum
1450 821 1695 877 siderum
1728 824 1874 877 coitu
1926 838 2019 877 no-

442 918 524 969 bis
552 919 778 970 obversa
806 916 1055 984 corporis
1086 915 1301 968 lunaris
1338 930 1462 984 pars
1490 917 1718 970 omnino
1753 916 1894 970 lucis
1924 931 2018 971 ex-

439 1022 565 1075 pers
601 1006 971 1074 conspicitur,
1014 1005 1374 1060 nihilominus
1413 1005 1660 1075 ejusdem
1694 1022 1819 1075 pars
1849 1022 2017 1076 supe-

438 1098 554 1150 rior
587 1097 873 1166 solemque
911 1106 1166 1165 spectans
1224 1096 1330 1150 hoc
1384 1097 1503 1167 ipso
1533 1108 1780 1165 tempore
1826 1097 2023 1151 lumen

439 1188 587 1241 illius
612 1187 829 1257 recipit,
868 1203 975 1257 qua
1007 1186 1108 1241 soli
1142 1186 1357 1241 scilicet
1422 1198 1507 1241 est
1536 1186 1792 1242 obversa.
1862 1188 2015 1243 Licet

440 1281 545 1334 hoc
577 1290 632 1334 et
660 1280 715 1333 in
750 1279 1070 1348 pleniluniis
1104 1279 1555 1348 deprehendere;
1588 1280 1793 1349 quippe
1829 1279 2008 1332 lunam

439 1372 491 1424 id
528 1371 796 1440 temporis
827 1358 942 1425 toto
980 1386 1214 1439 corpore
1270 1386 1369 1424 suo
1430 1371 1701 1425 lucentem
1740 1370 2015 1438 conspici-

439 1480 583 1520 mus.
610 1464 688 1516 uti
728 1478 851 1532 qua:
877 1477 942 1517 ex
974 1462 1212 1516 adverso
1248 1462 1502 1516 collocati
1527 1461 1660 1516 solis
1686 1462 1871 1515 radios
1917 1477 2009 1516 ex-

437 1556 612 1624 eipit;
653 1570 760 1623 qua
788 1555 857 1608 dc
888 1569 1052 1609 causa
1085 1568 1211 1623 pars
1272 1553 1422 1622 globi
1450 1552 1572 1623 ejus
1611 1553 1846 1621 reliqua,
1905 1552 2011 1606 sub

438 1648 757 1716 adspeetum
795 1655 1046 1701 nostrum
1083 1646 1226 1700 haud
1270 1644 1495 1709 cadens,
1537 1644 1796 1699 nimirum
1831 1652 2013 1714 poste-

438 1738 571 1801 rior,
604 1753 725 1794 esse
758 1738 899 1791 lucis
925 1752 1122 1807 expers
1155 1736 1502 1807 intelligitur.

507 1853 633 1907 Haec
665 1852 735 1906 ita
766 1867 824 1907 se
855 1852 1077 1914 habere,
1114 1850 1409 1919 lunamque
1439 1850 1575 1904 adeo
1619 1850 1798 1904 lucem
1835 1866 1862 1903 a
1894 1849 2011 1904 sole

433 1946 591 2017 quasi
624 1944 971 1999 commodato
1005 1958 1224 2012 capere,
1265 1943 1332 1996 de
1363 1944 1495 2011 ipsis
1530 1942 1671 1998 lunae
1701 1942 2013 1999 defectibus

433 2038 867 2094 animadvertere
888 2037 1011 2107 quis
1036 2044 1234 2105 potest.
1260 2035 1315 2089 ld
1338 2050 1519 2089 autem
1548 2035 1640 2105 qui
1670 2034 1779 2101 fiat,
1800 2035 2008 2103 accipe.

433 2127 574 2183 Sunt
616 2126 668 2181 id
712 2126 976 2196 temporis
1022 2126 1138 2180 hare
1177 2124 1469 2179 luminaria
1514 2126 1616 2180 sibi
1663 2141 1731 2180 ex
1779 2128 2012 2180 adverso

436 2231 642 2277 rectam
677 2221 744 2274 ad
778 2220 976 2273 lineam
1021 2220 1294 2288 opposita,
1323 2228 1589 2287 terraque
1632 2233 1833 2288 corpus
1868 2219 2013 2273 inter

432 2326 498 2365 ea
546 2310 729 2364 medio
757 2310 910 2380 quasi
961 2309 1084 2364 loco
1126 2309 1349 2379 pendet.
1392 2311 1578 2379 Itaque
1621 2309 1760 2365 radii
1807 2310 2013 2365 solares

436 2419 536 2473 pro
569 2417 719 2456 more
761 2417 861 2456 suo
912 2411 1201 2470 penetrare
1238 2402 1457 2470 quidem
1497 2402 1573 2455 illi
1620 2409 1891 2457 conantur
1923 2401 2010 2455 lu-

439 2510 632 2565 uzeque
661 2494 823 2564 globo
872 2495 1220 2562 Splendorcm
1262 2495 1529 2565 impertiri
1563 2513 1576 2548 :
1614 2509 1806 2549 verum
1850 2495 2013 2549 mini-

435 2602 523 2641 me
544 2585 611 2639 ad
638 2586 789 2639 illum
813 2587 1123 2655 pertingere
1148 2596 1377 2654 possunt
1403 2593 1625 2655 propter
1642 2586 2008 2658 interiectum,

436 2693 536 2731 cett
567 2676 828 2738 diximus,
854 2686 1009 2730 terra:
1032 2689 1254 2745 corpus,
1286 2676 1430 2745 quod
1457 2676 1563 2730 iter
1596 2676 1728 2746 ipsis
1751 2675 2007 2746 obstruit.

436 2767 547 2821 Nec
576 2766 819 2837 objicere
843 2764 1001 2819 nobis
1026 2764 1129 2818 hoc
1154 2764 1277 2819 loco
1303 2765 1491 2829 debes,
1518 2767 1873 2836 quamobrem
1900 2744 2010 2821 non

439 2861 554 2924 fiat,
578 2860 852 2929 siquidem
888 2858 959 2911 ita
996 2874 1083 2912 res
1114 2870 1427 2927 comparata
1462 2859 1554 2924 sit,
1583 2860 1729 2915 luna:
1757 2860 2011 2916 defectus

436 2952 492 3005 in
519 2952 765 3021 qualibet
787 2953 852 3004 ad
888 2962 1089 3005 rectam
1117 2951 1317 3006 lineam
1349 2953 1715 3022 oppositione.
1743 2956 1881 3011 Nam
1909 2956 2011 3012 hoc

433 3043 559 3098 loco
608 3059 718 3097 non
773 3044 909 3097 satis
962 3043 1157 3097 idonee
1206 3045 1529 3114 responderi
1578 3045 1644 3100 ad
1699 3046 1753 3101 id
1809 3058 2006 3117 potest,

2125 560 2237 612 ρως
2269 544 2366 595 καὶ
2398 544 2590 598 ἄλλοτε
2626 546 2802 610 ἄλλως
2833 548 2924 599 ὑπ’
2947 547 3120 615 αὐτῆς
3151 544 3530 617 αὑγπζόμεθα,
3562 553 3698 604 κατά

2121 635 2220 703 τὴν
2274 635 2368 688 τοῦ
2412 638 2565 706 ἡλίου
2626 638 2850 701 πάντως
2899 639 3051 693 Θὲσιν
3082 640 3185 715 καὶ
3221 641 3454 711 κίνησιν.
3497 643 3553 696 Ei
3590 646 3699 715 γὰρ

2121 723 2214 775 καὶ
2242 726 2382 778 κατὰ
2407 727 2498 779 τὸν
2527 726 2628 797 τῆς
2673 728 2895 781 συνόδου
2948 709 3139 800 καιρδν
3165 729 3224 782 τὺ
3268 709 3403 800 πρὸς
3430 734 3579 801 ἡμᾶς

2122 815 2408 884 σεληναίου
2461 819 2713 887 σώματος
2748 820 2913 890 μέρος
2958 823 3134 889 πάντη
3196 821 3499 893 καθορᾶται
3544 827 3697 893 ἀφώ-

2117 920 2320 971 τιστον,
2355 906 2486 958 ἀλλὰ
2536 908 2597 960 τὸ
2650 909 2923 980 ἀνώτερον
2980 912 3158 964 ἐκεῖνο
3214 915 3309 965 καὶ
3354 913 3510 968 νεῦον
3559 919 3698 986 πρὸς

2117 997 2267 1066 ἥλιον
2294 1000 2351 1049 ἐν
2376 999 2452 1068 τῷ
2477 1002 2572 1067 τῆς
2615 1002 2830 1054 συνόδου
2863 1004 3039 1072 καιρῷ
3067 1005 3190 1056 κατ’
3222 1006 3402 1058 ὲκεῖνο
3437 1006 3498 1060 τδ
3534 1010 3696 1077 μέρος

2115 1094 2331 1162 δέχεται
2372 1095 2466 1144 καὶ
2495 1093 2554 1145 τὸ
2583 1093 2696 1161 φῶς
2721 1093 2842 1145 καθ’
2882 1093 2911 1145 δ
2957 1095 3093 1163 πρδς
3122 1095 3273 1165 ἥλιον
3304 1096 3507 1166 ἀφορᾷ.
3539 1098 3696 1151 Οὕτω

2120 1184 2221 1253 μὲν
2272 1180 2364 1237 οὖν
2414 1185 2509 1237 καὶ
2556 1188 2613 1237 ὲν
2668 1187 2785 1248 ταῖς
2822 1186 3182 1254 πανσελήνοις
3221 1188 3370 1241 ἔστιν
3408 1189 3555 1243 ἰδεῖν⁹
3582 1190 3695 1242 ὀλο·
3749 1242 3757 1247 ,

2114 1276 2306 1347 λαμπῆ
2345 1277 2453 1347 γὰρ
2494 1276 2593 1347 τὴν
2625 1277 2856 1345 σελήνην
2883 1279 3185 1346 τηνικαῦτα
3214 1280 3433 1349 δρῶμεν
3470 1282 3562 1332 ἆτε
3594 1280 3694 1343 τὰς

2080 1408 2083 1411 λ
2114 1369 2347 1440 ἡλιακὰς
2395 1370 2458 1420 ὲκ
2496 1368 2792 1439 διαμέτρου
2825 1369 3121 1439 δεχομένην
3147 1370 3345 1437 αὐγὰς,
3378 1371 3454 1433 ὡς
3504 1371 3691 1425 ἐντεῦ-

2115 1462 2205 1515 θεν
2235 1462 2295 1514 τὸ
2327 1460 2512 1514 λοιπὸν
2543 1463 2707 1531 μέρος
2736 1461 2830 1514 τοῦ
2875 1462 3087 1529 δίσκου,
3119 1464 3180 1516 τὸ
3207 1466 3410 1532 ἀφανὲς
3456 1465 3693 1533 δηλονότι

2113 1553 2208 1608 καὶ
2245 1552 2492 1621 ὄπισθεν,
2546 1554 2930 1609 κατανοεῖσθαι
2984 1554 3310 1624 ἀφώτιστον.

2190 1849 2311 1903 Ὀτι
2338 1849 2397 1903 δὲ
2424 1848 2597 1903 ταῦτα
2621 1846 2793 1911 οὕτως
2822 1846 2957 1917 ἔχει,
2986 1849 3078 1902 καὶ
3109 1849 3190 1902 ὅτι
3218 1848 3276 1913 ἐξ
3306 1847 3455 1920 ἡλίου
3490 1849 3549 1902 τὸ
3578 1848 3694 1919 φῶς

2116 1942 2148 2013 ἡ
2187 1941 2386 2013 σελήνη
2424 1941 2751 2008 δανείζεται,
2786 1939 2976 2010 σαφῶς
3002 1943 3110 2014 ἀρα
3137 1941 3295 1995 τοῦτο
3328 1942 3475 2014 μάθῃ
3515 1960 3594 2005 τις
3626 1943 3693 1996 ἂν

2116 2033 2177 2098 ἐξ
2229 2033 2408 2087 αὐτῶν
2461 2033 2570 2087 τῶν
2614 2034 2713 2103 τῆς
2749 2032 2981 2105 σελήνης
3033 2033 3351 2102 ἐκλείψεων.
3396 2036 3507 2089 Καὶ
3546 2035 3688 2101 πῶς,

2115 2125 2305 2182 ἄκουε.
2335 2124 2494 2178 Κατά
2529 2124 2821 2194 διάμετρον
2856 2125 2907 2178 οί
2939 2123 3230 2195 φωστῆρες
3275 2126 3560 2195 ἑστήκασι,
3598 2143 3695 2195 μεο

2113 2218 2249 2283 ταξὺ
2274 2216 2331 2271 δὲ
2362 2218 2572 2271 τούτων
2602 2217 2737 2271 αὐτὸ
2759 2220 2819 2272 τὸ
2864 2216 3026 2288 σῶμα
3054 2217 3155 2289 τῆς
3203 2218 3304 2289 γῆς
3332 2216 3686 2289 ἀπῃὼρηται.

2115 2312 2182 2365 Αἱ
2212 2311 2438 2381 ἡλιακαὶ
2481 2309 2661 2364 τοίνυν
2694 2311 2918 2375 ἀκτῖνες
2942 2310 3154 2381 ὁρμῶσι
3191 2311 3290 2383 μὲν
3320 2312 3396 2375 ὡς
3428 2310 3548 2375 ιθος
3582 2310 3695 2364 δια-

2115 2401 2442 2472 διὸασθῆναι
2491 2402 2589 2456 καὶ
2625 2400 2704 2473 τῷ
2739 2401 3010 2474 σεληναίῳ
3053 2400 3224 2474 δίσκῳ
3256 2402 3567 2475 χορηγῆσαι
3592 2404 3693 2473 τήν

2115 2494 2406 2564 ἔλλαμψιν,
2460 2495 2521 2548 οὐ
2579 2493 2842 2562 φθάνουσι
2873 2492 2930 2548 δὲ
2973 2494 3125 2566 ὅμως
3152 2496 3332 2549 ἐκεῖσε
3363 2494 3694 2549 καταλαϐεῖν

2114 2588 2211 2642 ἀτε
2238 2587 2302 2657 δὴ
2341 2585 2767 2657 μεσολαδοῦντὸς
2806 2603 2924 2650 πως
2960 2586 3057 2642 καὶ
3098 2587 3563 2657 ἀντιφράττοντος
3591 2587 3687 2641 τοῦ

2113 2677 2210 2748 τῆς
2243 2678 2370 2747 γῆς,
2398 2677 2474 2742 ὡς
2508 2679 2758 2749 εἴπομεν,
2792 2677 3062 2749 σώματος.
3108 2677 3217 2731 Καὶ
3250 2678 3323 2749 μή
3354 2695 3448 2748 μοι
3468 2678 3593 2747 λίγα
3614 2677 3693 2742 ὡς

2114 2770 2230 2835 εῐγε
2256 2768 2429 2822 ταῦτα
2460 2768 2650 2822 τοῦτον
2702 2769 2817 2840 ἔχει
2847 2770 2937 2824 τὸν
2968 2769 3191 2841 τρόπον,
3234 2770 3343 2824 ἵνα·
3366 2771 3421 2823 τί
3457 2771 3533 2841 μὴ
3566 2770 3689 2827 καθ’

2113 2861 2343 2914 ἕκαστον
2368 2861 2659 2931 διάμετρον
2701 2862 2733 2932 ἡ
2774 2860 2873 2931 τῆς
2905 2861 3136 2933 σελήνης
3164 2861 3407 2931 ἔκλειψις
3435 2862 3645 2931 γίνεται
3671 2879 3687 2926 ;

2112 2954 2233 3007 οὐδὲ
2261 2954 2367 3023 γὰρ
2395 2953 2716 3024 ἐπιτηδείως
2750 2953 2859 3023 ἔχω
2890 2956 3019 3027 περὶ
3042 2955 3236 3008 τούτου
3270 2956 3415 3009 κατὰ
3447 2955 3508 3008 τὸ
3544 2971 3607 3007 π,
3627 2972 3689 3025 ρ-

2112 3046 2170 3099 ὸν
2219 3046 2613 3115 ἀποκρίνεσθαί
2671 3062 2774 3099 σοι·
2815 3049 2909 3100 καὶ
2949 3047 3143 3100 τούτου
3175 3047 3362 3100 ἕνεκεν
3392 3046 3685 3115 σύγγνωθι.

434 3136 581 3207 quod
626 3138 805 3207 ipsum
837 3137 976 3205 aequi
1013 3136 1254 3204 bonique
1288 3136 1475 3192 facies.
1512 3138 1727 3193 Etenim
1761 3140 2007 3196 homines

2117 3139 2177 3190 Oi
2218 3138 2326 3206 γὰρ
2372 3139 2500 3209 δπερὶ
2555 3138 2624 3191 τὰ
2664 3136 2891 3192 τοιαῦτα
2944 3137 3314 3208 ἡσχολημένοι
3356 3137 3687 3207 συνδέσμους

436 3232 491 3284 in
525 3230 675 3283 hisce
706 3229 1009 3298 disciplinis
1039 3230 1324 3284 exercitati
1374 3230 1589 3285 tradunt
1630 3232 1803 3286 nodos
1844 3248 2010 3302 qnos~

436 3324 561 3374 dam
586 3322 867 3391 eclipticos
894 3320 994 3391 (sic
1015 3322 1160 3376 enim
1187 3322 1483 3391 appellant)
1514 3323 1565 3377 in
1596 3325 2007 3394 congressibus,

435 3411 531 3481 qtti
578 3411 863 3483 pienilumi
901 3422 1144 3481 tempore
1182 3412 1342 3473 fiunt,
1382 3431 1776 3485 nonnunquam
1810 3421 2012 3484 permi-

437 3501 599 3563 sceri,
630 3515 806 3568 coque
842 3500 1005 3553 modo
1038 3501 1169 3554 solis
1190 3517 1253 3554 ac
1293 3502 1436 3557 luna:
1471 3504 1717 3558 defectus
1754 3523 2009 3561 necessa-

437 3593 519 3644 rio
568 3592 838 3647 accidere.
878 3593 989 3649 Nec
1035 3594 1182 3647 enim
1234 3596 1409 3647 solum
1461 3612 1661 3666 corpus
1714 3600 1828 3653 sive
1878 3601 2009 3655 solis

426 3668 549 3737 sive
577 3684 720 3737 luna:
748 3685 1150 3752 OppOslliOllellt
1184 3685 1323 3739 hanc
1344 3686 1560 3750 ellicere
1596 3700 1793 3758 polesl.
1823 3693 1866 3746 si
1899 3709 2006 3747 non

437 3776 637 3830 ibidem
668 3794 886 3847 quoque
924 3777 1101 3832 nodus
1130 3779 1238 3850 2!,
1269 3780 1493 3849 quidam
1529 3782 2007 3856 eclipticusrepe-

434 3870 630 3932 riatur,
666 3871 740 3923 uti
770 3870 881 3939 jam
914 3870 1303 3925 indicavimus.

504 3983 570 4036 Et
599 3983 819 4052 proprie
854 3984 981 4037 luna
1016 3985 1250 4038 deﬁcere
1280 3985 1524 4041 dicitur:
1562 4003 1667 4057 qua
1705 3989 1849 4045 enim
1883 3991 2006 4047 luce

431 4074 591 4128 solari
621 4076 814 4129 vestita
843 4084 947 4136 est,
975 4092 1035 4129 ea
1066 4076 1133 4129 de
1164 4092 1325 4131 causa
1358 4090 1785 4135 commemorata
1814 4098 2006 4139 rursus

430 4167 656 4219 exuitur
689 4177 852 4236 atque
884 4167 1172 4235 spoliatur.
1211 4167 1265 4220 ln
1302 4169 1416 4222 sole
1447 4186 1555 4224 non
1585 4170 1881 4239 defectum,
1909 4174 2003 4229 sed

430 4259 875 4312 obscurationem
919 4261 1194 4328 appellare
1234 4261 1549 4317 didicimus.
1582 4263 1693 4318 Nec
1728 4265 1875 4318 enim
1913 4266 2003 4319 lux

430 4350 627 4403 solaris
661 4364 897 4419 unquam
933 4350 1147 4414 deficit;
1190 4352 1284 4406 scd
1322 4354 1449 4422 quia
1484 4355 1659 4408 coitus
1695 4355 1890 4409 horum
1914 4357 2004 4414 si-

2110 3231 2261 3293 τινάς
2325 3230 2702 3294 ὲκλειπτικοὺς
2765 3229 2908 3283 οὓτω
2988 3229 3360 3299 καλουμένους
3415 3230 3471 3281 ὲν
3566 3231 3688 3290 ταῖς

2114 3322 2660 3390 συνοδοπανσελὴνοις
2702 3320 2762 3386 ἐξ
2807 3322 3051 3391 ἀνάγκης
3082 3321 3498 3390 προσγίνεσθαι.
3551 3321 3689 3375 Οὸδὲ

2111 3416 2218 3482 γὰρ
2270 3415 2329 3466 τὸ
2383 3413 2540 3483 σῶμα
2598 3413 2759 3483 μόνον
2813 3413 2922 3466 εἴτε
2954 3414 3049 3483 τῆς
3083 3414 3331 3484 σελήνης,
3369 3414 3441 3476 ὡς
3471 3415 3559 3466 ἐπὶ
3594 3412 3685 3465 τοῦ

2112 3504 2288 3574 ἡλίου,
2319 3502 2429 3556 εἴτε
2459 3502 2559 3573 τῆς
2589 3504 2715 3574 γῆς,
2759 3502 2835 3565 ὡς
2866 3503 2960 3556 ἐπὶ
2992 3504 3089 3574 τῆς
3121 3503 3377 3573 σελήνης,
3413 3503 3685 3571 ἀντίφρα-

2114 3582 2194 3659 ξιν
2225 3594 2451 3663 ποιῆσαι
2500 3593 2759 3659 δύναται,
2793 3594 2841 3647 εί
2877 3596 2949 3666 μή
2986 3612 3090 3649 που
3135 3598 3232 3648 καὶ
3279 3593 3575 3665 σύνδεσμος
3601 3608 3686 3655 τις

2112 3685 2455 3748 ἐκλειπτικδς
2487 3686 2669 3739 ἐκεῖσε
2721 3667 2995 3757 ἕῦρεθείη,
3028 3686 3103 3751 ὡς
3149 3686 3401 3757 ἄγονται.

2181 3976 2293 4031 Καὶ
2319 3975 2527 4046 κυρίως
2561 3976 2802 4045 ἔκλειψις
2853 3978 2941 4031 ἐπ’
2997 3977 3169 4048 αὐτῆς
3218 3978 3285 4032 ἂν
3333 3980 3547 4047 λέγοιτο
3581 3980 3681 4050 τῆς

2111 4069 2363 4139 σελήνης*
2394 4068 2477 4121 ὅτι
2523 4070 2632 4137 γὰρ
2684 4070 2797 4136 φῶς
2840 4071 3068 4139 ἡλιακὸν
3101 4069 3492 4139 ἀμφιέννυται,
3523 4072 3680 4125 τοῦτο

2108 4163 2272 4217 πάλιν
2299 4158 2367 4213 δι’
2389 4160 2454 4230 ἢν
2478 4159 2655 4212 αἰτίαν
2679 4161 2928 4227 εἴπομεν,
2958 4159 3315 4213 ἀπεκδύεται.
3355 4161 3477 4213 Ἐπὶ
3505 4162 3560 4214 δὲ
3587 4161 3679 4214 τοῦ

2106 4254 2257 4323 ἡλίου
2296 4255 2396 4307 οὐκ
2426 4253 2690 4322 ἔκλειψιν,
2739 4252 2853 4305 ἀλλ’
2906 4253 3267 4305 ὲπισκότωσιν
3310 4252 3492 4320 λέγειν
3546 4253 3681 4323 ἐμάν

2106 4346 2295 4414 οομεν.
2355 4346 2487 4398 οὐδὲ
2539 4345 2648 4417 γὰρ
2704 4344 2765 4396 τὸ
2813 4343 3037 4414 ἡλιακὸν
3087 4343 3326 4413 ἐκλείψει
3379 4346 3507 4398 ποτὲ
3540 4344 3676 4412 φῶς·

429 4441 621 4493 derum
656 4450 899 4510 tempore
927 4443 1114 4497 lunare
1143 4460 1367 4513 corpus,
1404 4446 1549 4515 quod
1584 4457 1742 4501 terra:
1769 4448 2002 4502 vicinius

2110 4436 2220 4489 ἀλλ’
2262 4438 2654 4504 ὑποτρέχοντος
2708 4435 2764 4487 ὲν
2824 4435 2901 4505 τῷ
2950 4433 3047 4504 τῆς
3113 4434 3334 4487 συνόδου
3372 4436 3549 4505 καιρῴ
3582 4434 3677 4487 τοῦ

427 4541 531 4589 est.
586 4534 764 4588 medio
810 4549 867 4588 se
913 4535 1177 4604 interiit-it
1224 4537 1344 4590 loco
1400 4538 1674 4606 radiisque
1726 4538 1999 4593 solarihus

424 4624 613 4687 ofﬁcit,
640 4641 735 4678 aer
772 4626 859 4679 ille
896 4642 1057 4695 supra
1096 4642 1193 4680 nos
1234 4627 1466 4696 caligine
1496 4629 1730 4695 quadam
1767 4630 1999 4683 involvi-

430 4729 540 4773 tur.
577 4734 681 4769 non
708 4718 962 4771 demissis
987 4718 1053 4771 ad
1079 4734 1176 4770 nos
1211 4718 1335 4771 oliis
1360 4718 1544 4781 radiis,
1573 4719 1662 4785 qui
1690 4727 1847 4772 terrae
1878 4735 2002 4788 pro-

430 4808 571 4860 xima
604 4808 721 4862 luce
752 4823 849 4862 sua
877 4809 1283 4862 eollustrarent.

503 5026 703 5092 Quodsi
741 5027 909 5081 etiam
940 5042 1272 5096 cognoscere
1317 5028 1474 5097 cupis
1532 5028 1678 5083 inter
1728 5029 1855 5094 alia,
1903 5033 1995 5101 qui

430 5118 520 5170 fiat
549 5129 606 5171 ut
632 5121 760 5173 luna
786 5121 897 5174 sola
925 5121 1101 5189 pritno
1131 5121 1183 5172 in
1214 5135 1395 5173 rerum
1418 5122 1645 5176 exordio
1674 5122 1850 5176 lucem
1878 5126 1999 5179 nul-

428 5210 533 5263 latn
583 5211 859 5279 propriam
911 5223 1204 5264 consecuta
1256 5214 1602 5267 rotuntodato
1646 5230 1767 5269 eam
1816 5231 1846 5267 a
1883 5217 1997 5272 sole

426 5301 626 5370 capiat,
666 5303 806 5355 scire
848 5301 1017 5356 debes
1047 5317 1156 5357 non
1194 5304 1294 5357 hoc
1325 5318 1612 5373 pr0pterea
1653 5322 1793 5362 noro
1840 5312 1996 5379 quasi

425 5393 663 5461 quodam
717 5407 868 5446 more
916 5392 1118 5446 factum
1170 5394 1467 5463 divinitus,
1515 5399 1662 5466 qttod
1712 5400 1893 5469 opifex
1940 5411 1997 5457 et

423 5491 639 5537 creator
670 5482 759 5537 ille
787 5483 1159 5537 univcrsitatis
1186 5484 1348 5552 hujus
1378 5486 1539 5540 aliam
1573 5488 1750 5542 lucem
1788 5491 1994 5545 nullam

424 5573 677 5637 haberet,
719 5573 815 5628 sed
851 5582 964 5627 tum
1010 5574 1084 5627 uti
1118 5577 1461 5631 concinnitas
1506 5587 1561 5632 et
1603 5578 1739 5633 ordo
1772 5580 1994 5648 quidam

422 5664 623 5720 creatis
652 5665 956 5725 inderetur,
991 5666 1450 5733 quemadmodum
1493 5668 1866 5724 Damascenus
1901 5671 1992 5725 ille

420 5753 659 5813 Joannes
688 5759 784 5824 ait,
817 5758 909 5828 qui
945 5759 1079 5812 ordo
1114 5759 1255 5811 inter
1287 5762 1626 5826 snpcriurcm
1656 5770 1706 5814 et
1762 5758 1993 5814 infcrio-

2110 4526 2359 4597 σώματος
2395 4526 2487 4579 τοῦ
2538 4526 2822 4595 σεληναίου
2871 4520 2961 4579 οἶα
3017 4528 3424 4596 περιγειοτέρου
3476 4528 3679 4594 τυγχά-

2103 4637 2305 4681 νοντος,
2354 4620 2451 4671 καὶ
2497 4618 2642 4671 οὕτω
2698 4620 2819 4680 ταῖς
2876 4617 3133 4688 ἡλιακαῖς
3165 4618 3377 4673 ἀκτῖσιν
3407 4620 3674 4687 ἐπιπροσ-

2102 4710 2343 4776 θοῦντος,
2379 4713 2407 4762 ὁ
2441 4710 2580 4777 ὑπὲρ
2617 4709 2859 4778 κεφαλῆς
2899 4709 3055 4780 ἡμῶν
3085 4710 3193 4780 ἀὴρ
3228 4709 3375 4778 ζὸφμ
3408 4709 3673 4779 τηνικαῦο

2100 4819 2167 4854 τα
2203 4801 2674 4855 καθυποϐάλλεται
2698 4840 2714 4867 ,
2768 4800 2863 4853 ἅτε
2902 4801 2963 4871 δὴ
3004 4802 3078 4871 μὴ
3121 4801 3469 4871 βαλλομένων
3493 4802 3675 4854 αὐτῶν

2101 4891 2345 4945 κάτωθεν
2376 4893 2471 4944 καὶ
2506 4890 2858 4959 φωτιζουσῶν
2892 4897 2951 4944 τὸ
2978 4891 3279 4960 περίγειον.

2175 5029 2237 5081 Ei
2276 5028 2334 5083 δὲ
2378 5029 2473 5081 καὶ
2499 5026 2657 5081 τοῦτο
2692 5029 2872 5097 ζητεῖς
2908 5027 3045 5095 μετά
3086 5027 3196 5080 τῶν
3237 5027 3412 5080 ἄλλων
3454 5026 3671 5097 μαθεῖν,

2102 5120 2276 5190 πῶςή
2313 5121 2510 5189 σελήνη
2546 5120 2677 5189 μόνη
2732 5120 2825 5173 καὶ
2854 5120 2956 5171 τίνι
2986 5120 3175 5189 τρόπῳ
3209 5119 3283 5188 μὴ
3317 5117 3519 5188 σχοῦσα
3556 5119 3677 5196 φῶς

2101 5212 2343 5281 ἀρχῆθεν
2396 5214 2526 5266 ἴδιον
2585 5214 2643 5276 ἐξ
2682 5212 2832 5281 ἡλίου
2889 5213 3045 5265 τοῦτο
3088 5212 3416 5275 δανείζεται,
3476 5213 3671 5264 ειδέναι

2102 5303 2339 5372 ὀφείλεις
2367 5303 2441 5363 ὡς
2480 5302 2581 5354 οὐκ
2616 5303 2833 5372 ἀπορῶν
2864 5305 3052 5371 ἑτέρου
3088 5305 3267 5371 φωτὸς
3287 5306 3315 5355 ὁ
3340 5302 3671 5372 δημιουργὸς

2101 5396 2194 5451 καὶ
2244 5397 2470 5465 κτίστης
2524 5398 2745 5449 πάντων
2774 5396 2906 5458 Θεὸς
2947 5396 3047 5466 τὴν
3082 5394 3436 5465 καινοτομίαν
3465 5395 3671 5461 ταύτην

2100 5489 2453 5555 εἰσήνεγκεν,
2487 5489 2602 5540 ἀλλ’
2640 5488 2725 5540 ἵνα
2773 5487 2976 5556 ῥυθμὸς
3030 5489 3124 5540 καὶ
3162 5489 3316 5552 τάξις
3367 5486 3556 5557 ὲντεΟῇ
3599 5490 3665 5553 τῇ

2098 5575 2298 5639 κτίσει,
2352 5580 2495 5631 κατά
2529 5592 2591 5642 γε
2629 5577 2720 5629 τὸν
2757 5580 3123 5649 Δαμασκηνὸν
3162 5578 3437 5647 Ἰωάννην,
3474 5579 3670 5648 ἄρχον-ο

2098 5686 2187 5730 τος
2222 5671 2318 5722 καὶ
2348 5671 2675 5739 ἀρχομένου,
2707 5672 2799 5722 καὶ
2828 5671 2917 5724 ἵνα
2953 5672 3332 5742 παιδευοιῖιμεν
3366 5673 3429 5723 ὲκ
3476 5672 3667 5721 τούτου

2101 5768 2194 5815 καὶ
2230 5765 2384 5830 ἡμεῖς
2416 5765 2693 5815 κοινωνεῖν
2734 5764 2985 5831 ἀλλήλοις
3016 5767 3109 5817 καὶ
3144 5765 3511 5831 μεταδιδὸιαι,
3544 5769 3673 5819 ἀνα-
