4052 6200
294 404 352 468 ι]
1114 448 1117 451 .
1538 396 1939 497 ΑΝΝ.ι[ΙΠλξ
1983 397 2175 458 mus
2232 396 2273 455 ι.
3464 406 3535 467 τρι

292 529 479 599 κρίνειν
545 540 603 576 τε
656 520 767 575 τῶν
826 519 1133 590 γινομένων
1173 517 1383 589 μηδὲν,
1425 516 1538 569 ἀλλ’
1572 517 1663 570 ἐπὶ
1721 518 1859 569 πᾶσι

1975 531 2077 570 rem
2120 517 2469 581 consistrrct,
2522 526 2629 571 tum
2688 520 2765 574 uti
2813 534 2913 573 nos
2964 520 3126 575 etiam
3183 522 3536 578 erudiremur

301 618 462 681 καλῶς
494 612 926 670 ὑποτάσσεσθαι.

1965 609 2169 665 debere
2200 626 2300 664 nos
2332 611 2568 665 invicem
2597 613 2735 667 alios
2769 628 2892 666 cum
2922 614 3044 668 aliis
3069 623 3256 670 nostra
3292 632 3539 673 commu-

292 713 478 777 nicare,
520 724 626 766 nec
653 708 951 779 quidquam
976 718 1171 762 eorum
1202 720 1325 776 qua:
1357 702 1498 760 ﬁunt
1528 702 1853 773 scrupulose
1892 704 2234 773 perquirere,
2270 703 2365 759 sed
2400 704 2454 757 in
2490 704 2743 759 omnibus
2804 708 3061 774 praeclare
3131 721 3349 765 nosmet
3381 726 3537 767 sum-

291 805 513 861 mittere.

351 898 487 969 Πρὸς
515 896 731 959 τούτοις
761 896 817 951 δὲ
842 896 936 949 καὶ
969 895 1157 966 ἕτερον
1198 897 1331 965 ἡμῖν
1375 894 1709 964 ύπεμφαίνει
1747 911 1857 948 πα⁸

294 992 498 1063 ράδοξον
530 991 564 1059 ἡ
616 988 818 1060 σελήνη
865 988 1219 1054 ἐκλείπουσα,
1250 986 1325 1051 ὡς
1372 990 1399 1039 ὁ
1433 987 1710 1047 θειότατός
1756 1004 1861 1055 φη-

295 1102 368 1138 σιν
403 1082 791 1145 Ἀναστάσιος.
837 1080 1107 1150 Καθάπερ
1157 1081 1266 1151 γὰρ
1309 1079 1449 1151 αῦτη
1494 1074 1648 1148 ζόῳῳ
1686 1080 1858 1132 καθυ-

295 1177 543 1231 ποπίπτει
616 1174 1034 1246 μεσολαὸούσης
1106 1174 1208 1242 τῆς
1267 1174 1372 1241 γῆς
1418 1172 1715 1226 καντεῦθεν
1763 1172 1862 1233 τὰς

293 1268 509 1339 ἡλιακὰς
542 1268 769 1330 ἀκτῖνας
792 1265 1430 1336 ἀποστρεφούσης,οῦτω
1458 1264 1554 1317 καὶ
1585 1262 1865 1333 ἠἚκκλη-

295 1361 371 1416 σία
396 1358 810 1430 μεσολασούσης
840 1358 939 1428 τῆς
974 1356 1255 1426 ἁμαρτίας
1299 1354 1525 1416 σκότους
1555 1352 1857 1423 aptatam

292 1452 396 1506 κατ’
432 1448 793 1521 ἀποστροφὴν
834 1448 1057 1511 πάντως
1098 1446 1195 1501 τοῦ
1225 1445 1418 1517 νοητοῦ
1445 1445 1624 1513 ἡλίου.
1661 1444 1861 1508 Καλῶς

292 1541 372 1599 οὖν
395 1544 555 1613 ἔλεγε
588 1544 686 1598 καὶ
713 1547 741 1597 6
776 1542 1050 1613 μακάριος
1082 1540 1321 1605 Παῦλος,
1356 1540 1577 1593 «Πάντα
1610 1538 1690 1601 είς
1723 1539 1862 1607 Χρι-

295 1639 405 1691 στὸν
446 1635 895 1706 προτετύττωται.
938 1653 956 1686 ι
996 1634 1117 1687 Ὀτι
1160 1632 1217 1685 δὲ
1267 1634 1301 1702 ἡ
1348 1631 1546 1701 σελήνη
1580 1630 1717 1699 αὕτη
1762 1631 1861 1696 τῆς

305 1729 623 1797 Ἑκκλησίας
652 1728 836 1781 εἰκόνα
862 1727 1041 1794 φέρει,
1069 1724 1331 1785 ὡσαύτως
1358 1726 1385 1777 6
1421 1723 1680 1792 αἰσθητὸς
1705 1716 1861 1785 οὗτος

290 1822 426 1893 ἥλιος
460 1820 555 1874 τοῦ
592 1819 788 1889 νοητοῦ
833 1819 1009 1888 ἡλίου,
1038 1817 1203 1870 αὑτοῦ
1235 1815 1437 1887 δηλαδὴ
1468 1817 1561 1868 τοῦ
1598 1814 1860 1887 Χριστοῦ,

295 1912 376 1965 τοῦ
420 1913 709 1981 προφήτου
753 1909 1033 1978 Ἀὗακοὺμ
1066 1908 1230 1962 ἄκουε
1270 1908 1576 1975 λέγοντος,»
1601 1906 1860 1976 Ἐπήροη

294 2005 486 2074 ὁῆλιος
514 2046 531 2069 ,
565 2003 660 2055 καὶ
697 2002 732 2072 η
770 2001 972 2070 σελήνη
1003 1999 1133 2070 ἔστη
1186 1999 1244 2051 ὲν
1293 2001 1359 2068 τῇ
1415 1995 1565 2062 τάξει
1606 1997 1799 2066 αὐτῆς.
1839 2015 1857 2048 ι

295 2096 435 2148 Κατά
486 2095 597 2164 γὰρ
628 2093 722 2146 τὸν
772 2093 843 2146 τὰ.
862 2092 1090 2145 τοιαῦτα
1134 2090 1502 2161 ἐξηγούμενον
1543 2089 1712 2159 μέγαν
1750 2088 1863 2140 Κύ-

296 2186 463 2255 ριλλον
518 2188 551 2256 ἡ
585 2186 868 2255 Εκκλησία
923 2184 1190 2256 πρότερον
1221 2185 1278 2236 ὲν
1315 2181 1512 2253 ἀταξίᾳ
1543 2182 1859 2252 ἐτύγχανεν,

293 2279 377 2333 ἅτε
427 2282 547 2340 τοῖς
594 2277 898 2349 δαιμονίοις
940 2276 1285 2347 λατρεύουσα
1313 2314 1328 2339 ,
1379 2274 1609 2342 ὕστερον
1653 2275 1711 2328 δὲ
1770 2273 1865 2326 τοῦ

292 2372 481 2441 νοητοῦ
523 2371 680 2441 ἡλίου
721 2369 1056 2440 ἐπαρθέντος
1097 2370 1155 2423 ὲν
1184 2369 1265 2438 τῷ
1297 2368 1519 2440 σταυρῷ
1557 2372 1614 2422 ὲν
1640 2366 1867 2437 εὐταξία

292 2466 478 2534 γέγονε.
518 2465 659 2533 πρὸς
692 2464 856 2517 αὑτὸν
908 2465 1316 2535 ἑπιστραφείσα
1365 2463 1457 2516 τὸν
1497 2462 1723 2531 Κύριον.
1758 2459 1868 2513 Καὶ

292 2558 438 2612 τοῦτο
500 2556 804 2627 δεδήλωκεν
876 2556 1039 2618 αὐτὸς
1077 2559 1104 2609 6
1163 2554 1404 2625 Χριστὸς
1460 2554 1633 2618 οὕτως
1672 2555 1865 2618 εἰπὼν,

294 2649 496 2704 ιὊταν
519 2649 744 2718 ὑψωθῶ,
765 2649 886 2702 τότε
912 2650 1117 2712 πάντας
1154 2646 1368 2701 ἑλκύσω
1396 2647 1532 2718 πρὸς
1555 2646 1815 2715 ἐμαυτόν.
1844 2666 1863 2698 υ

355 2743 599 2796 Γξνωσκε
649 2742 746 2806 δὲ,
797 2741 1052 2813 ἀγαπητὲ
1082 2783 1097 2806 ,
1141 2742 1223 2793 ὅτι
1282 2740 1380 2793 καὶ
1412 2741 1502 2792 δια
1552 2738 1725 2791 ταῦτα
1770 2741 1869 2808 μὲν

290 2834 565 2887 ἐκλείπειν
588 2836 615 2885 6
645 2832 795 2903 ἥλιος
829 2833 923 2885 καὶ
951 2835 983 2901 ἠ
1019 2833 1216 2903 σελήνη
1239 2836 1681 2901 συγκεχώρηται,
1702 2833 1762 2883 ού
1783 2847 1871 2884 το-

292 2925 481 2979 σοῦτον
509 2925 565 2978 δὲ
587 2925 713 2978 ὅσον
745 2923 839 2993 τὴν
862 2924 971 2977 τῶν
994 2924 1449 2992 προσκυνούντων
1481 2922 1620 2976 αύτά
1655 2923 1869 2990 διελέγ-

290 3017 480 3086 χεσθαι
528 3015 748 3079 ἄνοιαν,
794 3013 1088 3070 κάντεῦθεν
1137 3013 1490 3067 παιδεύεσθαι
1537 3013 1621 3066 ὅτι
1655 3014 1869 3084 τρεπτὰ

289 3113 463 3168 ταῦτα
501 3112 593 3166 καὶ
621 3110 913 3166 ἀλλοιωτὰ.
946 3111 1063 3165 Πᾶν
1091 3110 1147 3165 δὲ
1181 3109 1420 3181 τρεπτδν
1447 3108 1510 3162 ού
1544 3108 1700 3170 Θεός.

358 3298 474 3352 Καὶ
514 3295 746 3351 τοιαῦτα
787 3293 895 3375 μὲν
936 3295 985 3347 oi
1036 3294 1266 3363 ἀστέρες
1322 3293 1388 3346 ἐκ
1430 3292 1541 3346 τῶν
1592 3294 1649 3347 ὲν
1687 3294 1873 3356 αὐτοῖς

294 3388 724 3457 συμπιπτόντων
782 3385 1099 3438 διδάσκουσι
1139 3386 1266 3447 τοὺς
1298 3385 1458 3453 λόγου
1509 3386 1869 3456 μετέχοντας.

2031 895 2298 950 Pra‘tcrea
2346 896 2603 966 quiddam
2651 896 2799 951 aliud
2850 913 3070 967 quoque
3125 915 3325 954 novum
3380 901 3541 955 nobis

1960 988 2089 1043 luna
2122 988 2382 1042 deﬁciens
2430 972 2652 1052 indicat,
2690 990 3153 1057 quemadmodum
3200 991 3283 1044 vir
3319 992 3540 1046 divinus

1961 1080 2282 1135 AnaStasius
2312 1081 2496 1134 tradit.
2545 1081 3014 1147 Quemadmodum
3054 1083 3200 1136 enim
3237 1099 3265 1135 a
3302 1085 3539 1138 tenebris

1964 1173 2055 1229 illa
2087 1184 2390 1243 occupatur
2430 1174 2500 1229 ob
2536 1174 2879 1245 interjectam
2926 1188 3149 1239 terram,
3198 1192 3316 1242 quae
3365 1177 3431 1230 ab
3479 1196 3536 1229 ra

1965 1264 2154 1322 radios
2187 1268 2395 1321 solares
2439 1266 2657 1330 avertit,
2701 1267 2780 1322 sic
2821 1268 2984 1322 etiam
3021 1266 3263 1321 Ecclesia
3316 1280 3541 1337 peccato

1966 1357 2372 1414 interveniente
2419 1360 2661 1414 tenebris
2706 1360 3007 1414 involvitur
3044 1370 3269 1429 propter
3299 1364 3541 1413 aversio-

1967 1466 2092 1505 nem
2125 1451 2257 1507 solis
2294 1452 2441 1505 illius
2489 1452 2848 1509 intellectilis.
2891 1452 3100 1505 Idcirco
3164 1452 3424 1520 pra‘clarc
3458 1453 3541 1505 di-

1964 1553 2117 1603 ctum
2145 1560 2173 1599 a
2200 1546 2436 1611 Paulo”,
2460 1545 2663 1599 Christi
2692 1546 2895 1616 liguras
2921 1544 3103 1598 omnia
3126 1552 3539 1613 repraesentare.

1966 1638 2175 1692 Lunam
2209 1638 2429 1707 quidem
2467 1637 2723 1692 Ecclesia:
2756 1638 2961 1691 referre
2991 1638 3301 1705 imaginem,
3329 1647 3383 1690 et
3414 1652 3544 1690 cou-

1961 1729 2217 1784 similitcr
2256 1730 2425 1783 solem
2464 1729 2612 1782 hunc
2647 1729 2904 1782 sensilcm
2938 1729 3068 1782 solis
3107 1728 3251 1782 illius
3290 1728 3538 1781 intellec-

1963 1821 2075 1875 tilis
2118 1820 2211 1888 qui
2255 1820 2512 1875 Christus
2556 1830 2659 1882 est,
2707 1821 2775 1873 de
2822 1821 2961 1874 vatis
3008 1820 3304 1873 llabacumi
3355 1820 3539 1873 verbis

1966 1912 2238 1982 intelligas
2268 1911 2419 1973 licet,
2453 1912 2545 1978 qui
2578 1912 2689 1964 ait:
2727 1931 2743 1957 ι
2776 1910 2867 1964 Sol
2896 1910 3142 1965 elevatus
3179 1919 3283 1973 est,
3320 1920 3375 1963 ct
3410 1910 3536 1962 luna

1963 2004 2117 2058 stetit
2164 2003 2217 2056 in
2272 2003 2469 2057 ordine
2515 2005 2748 2072 locoque
2799 2002 2987 2055 suo“.
3024 2020 3040 2052 ι
3089 2001 3222 2055 Nam
3270 2000 3537 2061 Ecclesia,

1966 2096 2429 2165 quemadmodum
2458 2095 2729 2164 interpres
2756 2095 2949 2149 herum
2981 2094 3276 2150 verborum
3312 2108 3540 2163 magnus

1972 2190 2062 2244 ille
2095 2188 2335 2259 Cyrillus
2376 2190 2576 2258 inquit,
2615 2190 2769 2257 prius
2801 2201 2919 2243 erat
2952 2192 3004 2243 in
3042 2187 3392 2252 confusione,
3420 2202 3544 2241 cum

1968 2285 2143 2337 malos
2197 2283 2388 2351 genios
2416 2282 2645 2336 coleret.
2683 2280 2881 2335 Verum
2908 2281 3001 2335 ubi
3036 2280 3298 2349 deinceps
3331 2280 3549 2333 intelle-

1965 2375 2114 2432 ctilis
2137 2375 2226 2429 ille
2246 2374 2326 2430 sol
2359 2375 2411 2428 in
2445 2389 2665 2429 crucem
2704 2374 2949 2429 elevatus
2981 2382 3087 2438 est,
3120 2389 3281 2428 suum
3309 2372 3362 2426 in
3397 2373 3548 2425 ordi-

1968 2484 2094 2525 nem
2151 2466 2347 2531 rediit,
2397 2466 2466 2521 ad
2524 2467 2817 2521 Dominum
2881 2481 3167 2521 conversa.
3224 2464 3547 2535 Signiﬁeare

1970 2559 2143 2613 voluit
2199 2559 2306 2614 hoc
2353 2558 2472 2628 ipse
2518 2557 2793 2621 Christus,
2857 2571 2982 2611 cum
3044 2558 3292 2611 diceret:
3352 2574 3369 2605 ί
3410 2554 3545 2611 Cum

1970 2650 2223 2707 sublatus
2252 2650 2429 2712 fuero,
2467 2660 2596 2703 tunc
2637 2663 2829 2703 omnes
2861 2646 2927 2701 ad
2954 2662 3041 2702 me
3077 2648 3289 2701 traham
3315 2649 3381 2702 ’⁵.
3416 2665 3435 2698 ι

2042 2742 2109 2796 Et
2134 2740 2580 2804 animadvertito,
2611 2740 2809 2795 dilecte
2837 2739 2933 2800 ﬁli,
2967 2754 3074 2795 non
3116 2748 3227 2793 tam
3258 2749 3481 2809 propter
3501 2754 3563 2792 ea

1971 2849 2094 2905 qua:
2138 2834 2399 2898 diximus,
2433 2834 2751 2902 permittere
2789 2833 2961 2887 Deum
2998 2841 3056 2886 ut
3097 2831 3179 2886 sol
3224 2839 3388 2899 atque
3422 2832 3548 2885 luna

1973 2926 2253 2989 deﬁciant,
2288 2940 2453 2995 quam
2485 2935 2545 2979 ut
2585 2925 2702 2981 haec
2735 2923 2917 2980 sidera
2954 2924 3205 2993 religiose
3242 2924 3543 2979 colentium

1974 3019 2269 3073 amentiam
2303 3025 2587 3087 coarguat,
2621 3025 2677 3071 et
2709 3030 2810 3070 nos
2844 3015 3068 3070 erudiat
3106 3024 3167 3069 ut
3200 3030 3323 3069 esse
3363 3016 3550 3067 omnia

1976 3111 2382 3167 mutationibus
2430 3110 2670 3166 obnoxia
2722 3109 2983 3165 sciamus.
3030 3107 3309 3177 Quidquid
3364 3115 3547 3162 autem

1975 3204 2378 3259 mutationibus
2404 3204 2703 3259 obnoxium
2740 3210 2844 3264 est,
2868 3202 3083 3256 Numen
3111 3215 3232 3255 esse
3264 3200 3477 3269 nequit.

2048 3297 2156 3366 25
2200 3296 2522 3368 llujusmodi
2568 3296 2816 3365 quaedam
2866 3309 3067 3363 per'ea
3106 3309 3228 3363 qure
3275 3293 3553 3348 sideribus

1976 3392 2259 3455 accidunt,
2289 3389 2544 3444 homines
2569 3387 2799 3443 rationis
2826 3395 3109 3456 compotes
3143 3388 3436 3441 docentur.
3472 3386 3553 3440 ιιι.

294 3482 447 3534 Κατά
469 3478 632 3533 τοῦτο
661 3478 757 3533 καὶ
790 3478 817 3531 6
843 3478 1080 3545 θεόπτης
1105 3476 1258 3544 ἔλεγε
1290 3478 1518 3547 Μωσῆς,
1547 3480 1688 3531 «Καὶ
1719 3477 1870 3531 ἔθετο

1978 3482 2126 3536 circo
2166 3490 2445 3550 spectator
2470 3481 2561 3535 ille
2600 3480 2692 3535 Dei
2726 3479 2904 3535 Moses
2938 3478 3117 3549 inquit
3148 3496 3161 3531 :
3205 3499 3223 3530 ι
3251 3479 3552 3534 Constituit
3582 3508 3588 3513 -

292 3573 461 3626 ταῦτα
491 3574 574 3634 et;
616 3573 821 3641 σημεῖα
861 3571 959 3623 καὶ
1006 3571 1087 3633 είς
1128 3569 1353 3639 καιροὺ;
1401 3572 1498 3622 καὶ
1527 3570 1742 3639 ἡμέρας
1778 3571 1873 3622 καὶ

292 3670 368 3730 εἰς
402 3664 712 3727 ἐνιαυτούς.
749 3683 769 3716 ι
804 3663 903 3715 Διά
940 3663 1049 3731 γὰρ
1100 3662 1282 3716 αὐτῶν
1338 3654 1557 3715 τοιῶνδε
1590 3663 1621 3731 ἢ
1654 3662 1873 3717 τοιῶνδε

290 3759 403 3819 τοῖς
479 3754 773 3826 χρώμασιν
820 3752 1227 3806 ἀνατελλόντων
1286 3752 1385 3821 τήν
1430 3770 1487 3804 τε
1553 3752 1874 3822 χειμερινὴν

289 3847 383 3902 τοῦ
442 3848 613 3914 ἀέρος
668 3845 1012 3901 κατάστασιν
1044 3845 1139 3897 καὶ
1173 3844 1273 3912 τὴν
1321 3844 1589 3913 εὐδιεινὴν
1624 3844 1877 3912 σημειού-

292 3942 462 4012 μεθα.
518 3939 599 3993 Δι’
650 3939 834 3993 αὐτῶν
894 3938 951 3990 αι
999 3938 1236 4008 τροπαὶ,
1269 3936 1338 3990 δι’
1372 3937 1556 3990 αὐτῶν
1582 3936 1633 3987 οἱ
1669 3936 1873 4004 καιροὶ,

289 4035 392 4105 ἔαρ
442 4033 674 4104 δηλαδὴ,
713 4033 892 4104 θέρος,
938 4032 1259 4102 μετόπωρον
1294 4031 1389 4084 καὶ
1434 4029 1644 4100 χειμών
1670 4047 1683 4060 ·
1713 4030 1739 4082 6
1767 4030 1876 4099 γὰρ

286 4128 446 4196 ἣλιος
485 4126 579 4179 τὸν
631 4124 900 4191 ζωδιακὸν
940 4123 1124 4194 ἡρέμα
1173 4123 1428 4176 διοδεύων
1484 4122 1726 4188 κύκλον,
1781 4110 1876 4173 καὶ

287 4221 425 4273 ποτὶ
467 4222 568 4288 μὲν
596 4219 675 4288 τῷ
709 4218 972 4288 Καρκίνῳ
1025 4217 1472 4287 παραγενόμενος
1521 4218 1649 4268 ποτὲ
1698 4216 1753 4269 δὲ
1800 4215 1877 4284 τῷ

287 4314 479 4382 Ζυγῴ,
518 4313 612 4365 καὶ
641 4310 831 4366 ἄλλοτε
863 4311 1027 4364 πάλιν
1056 4310 1115 4362 ὲν
1148 4310 1226 4377 τῷ
1254 4309 1613 4378 Αίγοκέρωτι,
1637 4309 1735 4373 τὰς
1761 4311 1880 4363 δια-ο

287 4406 603 4476 ληφθείσας
664 4404 941 4475 τέσσαρας
989 4404 1236 4473 εἰσφέρει
1288 4404 1518 4472 τροπάς.
1574 4404 1653 4454 Δι’
1696 4403 1878 4455 αὐτῶν

288 4497 345 4549 αἱ
393 4497 637 4567 ἡμέραι,
678 4493 748 4548 δι’
797 4495 981 4548 αὐτῶν
1011 4495 1061 4546 οἱ
1091 4492 1349 4547 ἐνιαυτοί.
1381 4494 1471 4563 Τῷ
1507 4495 1616 4565 γὰρ
1661 4493 1878 4564 οὐρανῷ

292 4586 855 4658 συμπεριφερόμενος
900 4589 927 4639 6
969 4586 1122 4656 ἥλιος
1186 4587 1332 4638 ποιεῖ
1374 4586 1436 4638 τὸ
1492 4586 1835 4655 νυχθήμερον
1862 4626 1875 4651 ,

297 4681 410 4753 ἰδία
444 4681 505 4733 δὲ
537 4680 643 4750 τὴν
678 4678 1243 4749 ὲαυτοῦκποιούμενος
1282 4678 1453 4732 δίοδον
1504 4680 1598 4732 καὶ
1639 4680 1747 4731 ἀπὸ
1777 4680 1880 4743 ζω-

294 4773 417 4829 δξου
447 4771 800 4843 μεταϐαίνων
831 4770 911 4832 εἰς
939 4768 1131 4833 ςώδιον
1177 4770 1268 4823 τὸν
1303 4770 1553 4823 ἐνιαυτὸν
1579 4771 1874 4841 ὲκπληροῖ’

1975 3575 2123 3630 eain
2160 3577 2313 3644 signa
2352 3584 2617 3644 tempora,
2657 3573 3091 3638 dies,-annos“.
3127 3591 3144 3622 ι
3192 3573 3362 3627 Prout
3402 3572 3550 3626 enim

1975 3666 2060 3721 vel
2094 3666 2199 3721 hoc
2228 3666 2311 3719 vel
2348 3667 2435 3720 illo
2462 3666 2626 3720 modo
2653 3666 2893 3719 colorata
2934 3667 3210 3728 oriuntur,
3244 3674 3340 3718 aut
3373 3664 3551 3718 turbi-

1977 3758 2101 3812 dam
2151 3767 2247 3811 aut
2283 3773 2531 3812 serenam
2581 3758 2726 3812 aeris
2769 3757 3219 3812 constitutionem
3248 3756 3364 3810 fore
3398 3766 3553 3810 nota-

1979 3866 2122 3904 mus.
2161 3850 2264 3903 Per
2293 3864 2356 3903 ea
2389 3850 2779 3905 conversiones
2815 3851 2942 3905 anni
2982 3863 3288 3919 temporum
3326 3850 3551 3919 ipsaque

1978 3951 2225 4011 tempora
2253 3940 2586 4005 eﬂiciuntur,
2617 3942 2877 3995 nimirum
2900 3952 3205 4005 ventustas,
3228 3950 3547 4003 autumnus,

1979 4033 2175 4085 hiems.
2209 4031 2419 4085 Etenim
2457 4032 2537 4085 sol
2573 4030 2843 4084 circulum
2880 4033 3031 4085 illum
3067 4048 3227 4100 quem
3265 4032 3553 4085 zodiacum

1978 4134 2175 4179 vocant
2211 4124 2413 4178 sensim
2450 4139 2801 4193 percurrens,
2839 4123 2967 4176 dum
3024 4124 3187 4177 modo
3238 4123 3291 4177 in
3342 4121 3554 4177 Cancro

1978 4214 2152 4267 fertur
2184 4214 2347 4268 modo
2394 4213 2447 4267 in
2485 4214 2645 4267 Libra
2688 4214 2848 4267 modo
2896 4213 2949 4267 in
3000 4213 3357 4282 Capricorno,
3403 4215 3554 4268 vices

1980 4306 2102 4362 illas
2132 4306 2260 4361 anni
2301 4315 2606 4375 temporum
2640 4316 2876 4375 quatuor
2919 4306 3187 4361 iudicatas
3235 4308 3419 4363 etlicit.
3454 4309 3556 4362 l'cr

1979 4400 2169 4453 eadem
2202 4407 2256 4453 et
2304 4399 2423 4453 dies
2453 4399 2766 4453 ellieiuntur
2806 4409 2861 4454 et
2894 4401 3047 4453 anni.
3092 4400 3225 4454 Nam
3274 4417 3380 4454 una
3430 4418 3554 4456 cuin

1980 4486 2121 4541 coelo
2146 4486 2225 4539 sol
2254 4487 2658 4540 circumvectus
2683 4497 3015 4543 nocturnum
3036 4489 3405 4558 diurnumque
3429 4508 3521 4559 Spa
3540 4523 3555 4531 -

1980 4580 2119 4635 tium
2167 4580 2416 4635 absolvit.
2456 4580 2602 4635 Idem
2638 4583 2835 4637 itinere
2864 4598 2964 4657 sup
3009 4584 3361 4653 peculiariter
3391 4587 3553 4640 abso-

1981 4670 2120 4737 luto,
2159 4670 2336 4741 deque
2372 4670 2529 4741 signo
2558 4672 2623 4726 ad
2658 4672 2871 4741 signum
2907 4689 3242 4739 commeans,
3273 4676 3397 4729 anni
3434 4692 3555 4746 spa-

1983 4765 2118 4818 tium
2165 4763 2420 4833 perﬂcit:
2462 4780 2642 4819 annus
2676 4764 2822 4835 enim
2872 4766 3017 4819 aliud
3071 4767 3209 4821 nihil
3259 4779 3341 4822 est
3390 4784 3553 4839 quam

286 4866 547 4930 ἐνιαυτὸς
580 4864 694 4935 γάρ
721 4863 874 4916 οὐδὲν
913 4862 1044 4917 ἄλλο
1074 4863 1223 4915 ἐστὶν
1253 4861 1424 4933 ἀλλ’ἢ
1459 4862 1567 4916 ἀπὸ
1586 4862 1680 4915 τοῦ
1712 4865 1870 4916 αὑτοῦ

1984 4855 2052 4910 ab
2098 4871 2208 4910 uno
2254 4857 2559 4926 eodemque
2603 4860 2759 4927 signo
2790 4858 2853 4911 ad
2896 4860 3027 4913 illud
3080 4862 3258 4930 ipsum
3302 4844 3435 4916 solis
3470 4881 3555 4916 re-

288 4961 394 5015 καὶ
429 4961 549 5025 ὲνδς
579 4958 818 5030 σημείου
857 4958 949 5009 ἐπὶ
977 4956 1037 5010 τὸ
1063 4958 1195 5009 αὐτὸ
1220 4957 1383 5010 πάλιν
1408 4958 1877 5018 ἀποκατάστασις.

287 5055 493 5109 Ταῦτα
528 5055 586 5107 δι
625 5054 850 5115 πάντως
879 5053 980 5105 οὐκ
1008 5051 1161 5117 ἀξιον
1211 5052 1425 5118 ἀγνοεῖν
1459 5052 1583 5111 τοὺς
1633 5050 1882 5113 πιστούς.

300 5148 601 5202 Ἐντεῦθεν
659 5146 772 5217 γὰρ
810 5147 844 5215 ἡ
884 5144 1124 5215 ἀρῤητος
1168 5144 1264 5196 τοῦ
1312 5143 1449 5197 Θεοῦ
1494 5144 1656 5211 σοφία
1708 5160 1881 5195 κατα-

283 5238 641 5309 λαμϐάνεται
690 5237 789 5290 καὶ
836 5234 1091 5303 δύναμις·
1144 5232 1214 5286 τά
1268 5234 1377 5301 γὰρ
1418 5231 1627 5301 ἀόρατα
1671 5230 1879 5292 αὑτοῦ,

285 5330 452 5385 καθά
476 5348 605 5401 φησι
647 5328 882 5394 Παῦλος,
913 5328 1022 5380 ἀπὸ
1076 5324 1306 5387 κτίσεως
1338 5324 1548 5392 κόσμου
1577 5325 1687 5385 τοῖς
1721 5325 1881 5393 ποιή·

288 5441 440 5495 μασι
475 5425 739 5492 νοούμενα
796 5420 1119 5489 καθορᾶται.
1139 5418 1324 5489 Ταύτῃ
1369 5434 1452 5468 τοι
1492 5416 1583 5468 καὶ
1619 5418 1885 5485 κατακρί-

285 5533 433 5577 τους
472 5516 710 5577 ἐκείνους
744 5515 772 5566 ὀ
820 5513 995 5581 μέγας
1035 5512 1171 5581 φησὶ
1213 5509 1491 5576 Μάξιμος.
1527 5507 1743 5560 δσοιδιά
1786 5510 1884 5577 τῆς

284 5609 413 5660 τῶν
480 5607 644 5661 ὄντων
701 5609 882 5670 αἰτίας
949 5605 1010 5657 οὐ
1082 5604 1453 5673 χειραγωγεῖν
1499 5599 1745 5652 ἐθέλουσι
1791 5602 1885 5652 καὶ

288 5700 556 5752 ἑαυτούς.

368 5862 427 5897 ⁸³
460 5862 623 5922 lCor.
667 5883 720 5935 ιι,
758 5866 841 5920 Η.
924 5866 966 5896 ’⁸
1000 5864 1203 5920 llabae.
1238 5878 1318 5930 ιιι,
1354 5862 1435 5915 ll.

726 6114 755 6139 \

1516 5863 1560 5893 ”
1588 5859 1741 5915 Joau.
1785 5875 1877 5925 χιι,
1924 5858 2008 5911 5;.

1984 4949 2187 5003 versio.
2238 4947 2364 5004 Haec
2416 4950 2643 5003 omnino
2693 4951 2963 5020 religiosis
3014 4953 3333 5009 hominibus
3371 4956 3555 5022 ignota

1984 5054 2103 5095 esse
2132 5057 2241 5094 non
2279 5042 2503 5097 debent.
2528 5042 2659 5096 Nam
2691 5043 2757 5096 de
2796 5045 2879 5096 his
2905 5049 3171 5112 sapientia
3206 5058 3558 5116 potestasque

1984 5132 2103 5199 Dei,
2140 5149 2261 5203 quae
2297 5136 2548 5188 oratione
2586 5135 2794 5207 nemini
2840 5136 3040 5204 exponi
3091 5147 3289 5205 potest,
3328 5140 3560 5209 percipi-

1983 5234 2092 5281 tur.
2124 5226 2333 5281 Etenim
2358 5244 2481 5298 qum
2507 5239 2636 5282 sunt
2662 5230 2781 5296 ejus
2807 5228 3279 5299 inadspcctabilia,
3298 5236 3560 5302 quemad-

1985 5319 2208 5373 modum
2240 5320 2444 5374 Paulus
2468 5322 2512 5351 "
2546 5322 2645 5382 ait,
2678 5338 2741 5376 ea
2774 5322 2839 5375 de
2870 5322 3057 5375 mundi
3088 5325 3389 5387 creatione,
3427 5330 3555 5376 dum

1984 5411 2408 5466 considerantur
2440 5427 2539 5482 per
2573 5429 2757 5483 Opera,
2804 5415 3233 5484 pet-Spieiuutur.
3268 5415 3557 5482 Propterea

1985 5506 2326 5562 damnabiles
2360 5508 2481 5562 illos
2514 5509 2588 5561 ait
2627 5524 2747 5563 esse
2797 5508 3085 5570 Maximus,
3122 5507 3433 5576 quicunque
3463 5523 3560 5575 per

1985 5599 2357 5669 cognitionem
2398 5599 2776 5654 universitatis
2808 5616 2988 5654 rerum
3031 5599 3097 5653 ad
3135 5612 3352 5651 causam
3387 5598 3559 5669 ipsius

1989 5692 2363 5747 universitatis
2386 5707 2504 5748 sese
2538 5694 2691 5762 quasi
2730 5692 3098 5746 manuducere
3130 5689 3344 5744 nolunt.

2576 5863 2618 5893 ³⁷
2650 5861 2806 5913 Rom.
2840 5877 2875 5927 I,
2917 5860 2998 5916 IO.

2089 5861 2130 5889 ετ
2166 5862 2295 5913 Gen.
2331 5879 2363 5924 ι,
2417 5862 2495 5917 Η.
