4052 6200
459 323 531 396 Ἦ
1736 324 2032 387 ΜΙΟΠΑΕ

2132 326 2154 385 5
2191 325 2450 411 (mea
3634 320 3712 390 τε

549 452 684 503 Cum
719 456 897 502 autem
934 444 1038 500 diei
1077 443 1230 498 audis
1259 460 1271 496 :
1321 460 1338 493 ι
1373 437 1673 496 Constituit
1700 444 1762 495 ea
1798 439 1851 493 in
1886 438 2117 509 signaA

472 552 529 596 et
559 539 829 609 tempora,
866 555 883 587 ι
910 536 1087 590 ’siniul
1122 528 1349 587 adverte
1389 531 1519 601 quid
1552 546 1581 585 a
1616 530 1816 586 Basilio
1846 531 2035 585 trada-

456 647 584 688 ‘tiir.
636 634 771 687 Nam
830 633 885 683 in
939 627 1202 682 concione
1251 627 1320 679 de
1372 622 1466 678 Sex
1514 623 1729 678 dierum
1779 621 2039 693 operibus

474 740 707 780 numero
742 730 889 776 sexta
933 716 1247 789 hujusm‘odi
1278 715 1524 786 quaedam
1552 715 1620 770 de
1649 714 1894 769 siderum
1938 712 2038 769 ob-

472 814 782 871 servatione
831 809 1057 879 profert.
1089 807 1516 864 Observationes
1563 805 1916 861 luminarium
1964 803 2033 859 ad

468 908 633 960 vitam
671 905 965 958 humanam
1015 909 1143 955 sunt
1191 898 1535 962 necessariae,
1577 897 1683 951 nisi
1733 896 1859 966 quis
1892 893 2035 950 ultra

459 997 693 1051 inodum
729 1005 798 1050 ‘et
850 994 1122 1049 curiosius
1167 1005 1330 1061 quam
1372 1005 1471 1061 par
1523 990 1595 1044 sit
1642 1003 1834 1043 eorum
1884 988 2037 1059 signa

457 1088 766 1159 'pcrquirat.
794 1072 1128 1139 Nam'multa
1155 1082 1221 1137 de
1248 1080 1669 1151 tempestatibus
1692 1079 1888 1150 pluviis
1911 1078 2038 1134 hinc

467 1189 799 1250 cognosci-re
825 1176 976 1238 licet,
1008 1172 1177 1227 multa
1205 1171 1271 1226 de
1302 1170 1608 1226 siccitatum
1639 1176 2039 1238 ventorumque

466 1269 865 1331 concitatione,
898 1266 984 1320 vel
1022 1263 1434 1335 particularium
1476 1261 1564 1317 vel
1612 1260 2035 1326 universalium,

467 1367 551 1421 vel
582 1362 997 1420 Velrenientiuiu
1030 1361 1117 1415 vel
1146 1356 1378 1415 lenium.
1409 1356 1678 1412 Nimirum
1716 1370 1782 1410 ex
1818 1354 1885 1409 iis
1915 1369 2037 1425 qua:

468 1459 549 1514 sol
595 1456 890 1512 ostendere
925 1452 1244 1514 consuevit.
1296 1465 1468 1505 unum
1507 1449 1576 1504 ab
1632 1448 1754 1519 ipso
1803 1447 2036 1502 Domino

470 1550 724 1611 traditur,
763 1562 886 1603 cum
936 1546 1057 1601 ait:
1100 1564 1118 1597 ι
1152 1543 1473 1613 Tempestas
1521 1539 1650 1605 erit,
1696 1538 1827 1609 quia
1879 1536 2036 1593 triste

468 1642 630 1697 rubet
659 1640 859 1696 cwlum
881 1638 948 1691 ".
984 1654 1002 1688 ι
1040 1634 1176 1691 Cum
1210 1632 1357 1689 enim
1388 1630 1767 1687 exhalationes
1792 1627 2035 1700 quadam

2210 426 2412 490 ’Ἔθετο
2470 433 2646 491 ταῦτα
2684 434 2762 501 είς
2802 432 3005 508 σημεῖα
3063 434 3158 490 καὶ
3208 434 3289 501 είς
3337 437 3588 508 καιρούς.
3628 438 3715 509 Τῷ

2148 529 2369 599 μεγάλῳ
2408 528 2671 598 Βασιλείῳ
2735 528 3013 584 κάνταῦθα
3081 528 3372 599 προσέχειν
3429 546 3491 583 σε
3547 529 3712 594 ἀξιον.

2159 620 2251 674 Ἐν
2281 618 2388 689 γὰρ
2428 621 2493 689 τῇ
2546 620 2626 680 είς
2659 619 3118 691 τὴνἙξαήμερον
3160 621 3295 695 ἕκτῃ
3324 621 3492 676 αὐτοῦ
3532 623 3715 696 όμιλίᾳ

2142 709 2273 776 περὶ
2304 708 2402 777 τῆς
2429 708 2540 761 τῶν
2582 709 2829 780 ἀστέρων
2861 713 3299 782 παρατηρήσεως
3325 712 3421 766 καὶ
3452 713 3578 769 τάδε
3618 731 3715 784 c911-

2142 798 2250 851 σίν.
2287 795 2592 867 Ἀναγκαία
2638 799 2778 869 πρὸς
2807 800 2900 853 τὸν
2936 800 3281 872 ἀνθρώπινον
3309 802 3427 872 βίον
3464 804 3575 859 ἀπὸ
3609 805 3720 859 τῶν

2140 890 2447 960 φωστήρων
2511 890 2992 961 παρασημείωσις,
3045 892 3142 946 raw
3186 895 3261 964 μή
3305 910 3393 957 τις
3446 894 3592 965 πὲρα
3620 893 3717 950 τοῦ

2143 980 2347 1052 μέτρου
2380 981 2438 1046 ἐξ
2463 982 2644 1035 αὐτῶν
2675 986 2880 1053 σημεῖα
2894 984 3369 1057 ιπεριεργάζηται.
3404 986 3586 1041 Πολλά
3617 989 3719 1059 μὲν

2138 1074 2246 1144 γὰρ
2300 1076 2428 1145 περὶ
2479 1074 2790 1147 ἐπομϐρίας
2828 1074 2945 1129 ἐστι
2986 1077 3204 1147 μαθεῖν,
3252 1078 3425 1134 πολλὰ
3472 1079 3531 1134 δι
3579 1081 3713 1148 περὶ

2139 1164 2368 1235 αὐχμῶν
2399 1166 2498 1218 καὶ
2533 1166 2870 1235 πνευμάτων
2915 1168 3189 1239 κινήσεως
3214 1169 3248 1235 ἢ
3280 1172 3522 1241 μερικῶν
3545 1171 3580 1233 ἢ
3616 1189 3717 1228 καν-

2139 1258 2320 1321 θόλου,
2364 1257 2559 1327 βιαίων
2597 1260 2925 1329 ἀνειμένων.
2972 1262 3071 1315 Ἒν
3101 1262 3210 1333 γάρ
3245 1276 3299 1315 τι
3344 1263 3454 1316 τῶν
3479 1264 3589 1318 ἀπὸ
3618 1265 3716 1319 τοῦ

2136 1349 2290 1421 ἡλίου
2334 1350 2858 1423 παραδεικνυμένων
2908 1353 3004 1407 καὶ
3050 1353 3079 1406 ὁ
3133 1353 3340 1421 Κύριος
3395 1354 3716 1426 παρέδωκεν

2134 1442 2320 1513 ἡμῶν,
2353 1440 2528 1496 εἰπὼν
2553 1443 2636 1496 ὅτι
2667 1440 2876 1511 χειμὼν
2906 1442 3084 1497 ισταιο
3117 1444 3408 1514 στυγνάζει
3429 1447 3540 1516 γάρ
3574 1448 3717 1518 πυρ-

2137 1534 2320 1606 ράζων
2365 1536 2393 1589 ό
2440 1534 2695 1602 οὐρανός.
2739 1534 2995 1588 Ἐπειδὰν
3023 1536 3132 1606 γὰρ
3155 1535 3226 1589 δι’
3259 1535 3460 1606 ἀχλύος
3503 1538 3537 1607 ὴ
3580 1538 3716 1591 ἀνα-

2135 1627 2278 1698 φορά
2318 1629 2589 1698 γένηται,
2647 1627 3034 1697 ἀμαυροῦνται
3086 1626 3189 1698 μὲν
3230 1628 3289 1681 αἱ
3337 1631 3560 1694 ἀκτῖνες
3616 1630 3713 1684 τοῦ

466 1750 592 1790 cum
636 1732 869 1803 caligine
912 1743 1127 1785 sursum
1167 1725 1418 1789 tendunt,
1469 1723 1841 1779 obscurantur
1892 1719 2032 1775 radii

2135 1719 2311 1789 ἠλ¹ου,
2344 1719 2699 1790 ἀνθρακώδης
2729 1719 2787 1773 δὲ
2821 1720 2918 1773 καὶ
2963 1717 3205 1790 ὕφαιμος
3239 1720 3340 1792 τὴν
3367 1719 3537 1791 χρόαν
3579 1720 3713 1791 69¢-

446 1827 616 1889 solis,
653 1840 717 1880 ac
748 1824 827 1879 sol
858 1823 974 1892 ipse
1002 1818 1261 1875 carbonis
1286 1817 1461 1873 instar
1490 1816 1725 1871 rutilans
1752 1813 2032 1885 sanguini-

2134 1830 2243 1881 ται,
2298 1813 2610 1884 παχύτητος
2645 1813 2740 1866 τοῦ
2788 1813 2954 1883 ἀέρος
3002 1813 3212 1884 ταύτην
3241 1790 3578 1884 ἐμποιούσης
3610 1790 3713 1885 τὴν

462 1935 569 1988 que
598 1915 900 1972 consimilis
929 1918 1173 1983 apparet,
1197 1908 1437 1980 speciem
1464 1907 1606 1962 hanc
1636 1907 1691 1961 in
1725 1906 1899 1961 oculis
1922 1904 2037 1960 etii-

461 2012 645 2068 ciente
690 2008 835 2063 aeris
879 2004 1152 2062 crassitie.
1189 2001 1279 2058 Sic
1310 1999 1529 2072 quoties
1560 1999 1691 2054 luna
1722 1998 2035 2069 caliginosis

464 2105 534 2159 ab
555 2100 880 2156 humoribus
901 2097 1296 2161 circumdatur,
1314 2093 1399 2148 vel
1424 2106 1579 2162 aqua:
1602 2091 1801 2161 pluvia:
1819 2092 2032 2161 copiam

463 2195 520 2248 in
553 2208 680 2248 aere
715 2192 795 2246 vel
842 2189 1009 2245 austri
1057 2186 1484 2243 commotionem
1518 2185 1900 2240 vehementem
1930 2182 2036 2236 mi-

467 2292 648 2338 natur.
690 2280 872 2337 Solem
922 2293 1046 2333 cum
1093 2290 1237 2331 area:
1280 2277 1441 2345 (quas
1483 2274 1706 2343 vocant)
1757 2272 2030 2337 ambiunt,

463 2375 833 2430 accidentium
862 2367 1205 2441 quorundam
1235 2367 1382 2422 aeris
1410 2365 1563 2436 signa
1598 2364 1892 2420 exsistunt.
1925 2362 2036 2433 26

461 2465 659 2523 Itidem
700 2464 864 2534 virga:
892 2477 1014 2534 quae
1043 2459 1202 2515 Iridis
1232 2459 1474 2514 colorem
1522 2454 1803 2511 imitantes
1833 2453 1888 2509 in
1930 2470 2035 2509 nu-

462 2560 628 2615 bibus
661 2564 826 2612 rectre
859 2552 1299 2625 conspiciuntur,
1337 2549 1545 2605 imbres
1578 2564 1642 2604 ac
1677 2554 2032 2617 tempestates

463 2652 759 2705 immensas
781 2647 866 2703 vel
899 2645 1124 2700 omnino
1149 2642 1509 2699 mutationem
1532 2640 1677 2696 aeris
1706 2639 2030 2695 diuturnum

464 2741 823 2814 portendunt.
855 2738 1019 2793 Multa
1059 2743 1260 2806 praeter
1303 2734 1418 2788 hate
1462 2731 1516 2787 in
1567 2740 1899 2802 augescente
1945 2729 2031 2784 vel

457 2835 817 2890 decrescente
858 2830 988 2885 luna
1036 2829 1404 2884 observarunt
1452 2825 1646 2880 harum
1683 2838 1868 2879 rerum
1910 2831 2032 2877 slu-

460 2926 622 2986 diosi.
660 2924 728 2980 de
777 2922 980 2993 quibus
1026 2919 1207 2989 colligi
1250 2917 1498 2988 quaedam
1542 2915 1741 2971 indicia
1779 2921 2029 2984 possunt,

456 3016 606 3087 quod
636 3031 757 3071 cum
783 3015 903 3085 ejus
931 3010 1132 3067 sideris
1159 3008 1352 3065 formis
1389 3023 1485 3064 aer
1512 3020 1733 3077 quoque
1759 3017 1920 3062 terra!
1949 3008 2032 3060 vi-

2136 1906 2440 1974 φαντασίαν
2472 1907 2593 1969 ταῖς
2624 1904 2834 1975 ὄψεσιν.
2876 1905 3037 1961 ⁹Αλλά
3066 1910 3164 1960 καὶ
3204 1908 3423 1963 ἐπειδὰν
3449 1911 3482 1978 ἠ
3514 1909 3713 1981 σελήνη

2144 1997 2644 2068 περιλιμνάζηται,
2677 1998 2710 2068 ἢ
2749 1998 2941 2062 ὕδατος
2980 1999 3171 2070 ἀερίου
3213 1999 3419 2070 πλῆθος
3469 2003 3503 2075 ᾖ
3554 2003 3710 2056 νότου

2145 2090 2330 2161 βιαίαν
2361 2091 2575 2161 κίνησιν
2618 2091 3038 2159 ἐπαγγέλλεται.
3080 2092 3189 2146 Καὶ
3215 2090 3294 2162 τῷ
3324 2092 3462 2164 ἡλίῳ
3486 2094 3543 2148 δὲ
3575 2095 3711 2149 ὅταν

2136 2180 2191 2233 αἱ
2238 2178 2535 2250 λεγόμεναι
2575 2179 2689 2250 amp
2719 2182 3165 2252 περιγραφῶσιν,
3196 2183 3229 2253 ἢ
3266 2183 3363 2236 καὶ
3384 2182 3481 2247 οὒς
3509 2184 3712 2255 όνομάυ

2134 2270 2321 2336 ζουσιν
2371 2271 2666 2340 ἀνθηλίους
2693 2312 2711 2337 ,
2762 2274 2896 2327 ὅταν
2951 2276 3436 2346 συμπεριτρίχωσι
3487 2280 3553 2349 τῇ
3610 2273 3709 2332 τοῦ

2134 2362 2290 2433 ἡλίου
2329 2364 2494 2433 φορᾷ,
2559 2365 2990 2435 συμπτωμάτων
3040 2365 3205 2420 τινῶν
3250 2367 3442 2438 καίρια
3505 2371 3711 2439 σημεῖα

2134 2453 2371 2522 γίνεται,
2431 2453 2627 2526 ὥσπερ
2682 2454 2777 2509 οὖν
2823 2457 2922 2512 καὶ
2979 2457 3039 2511 al
3077 2456 3267 2528 ῥάϐδοι
3313 2458 3372 2511 al
3415 2461 3560 2514 κατά
3611 2459 3714 2531 τὴν

2134 2543 2306 2614 χρόαν
2353 2544 2453 2613 τῆς
2493 2544 2662 2615 τριδος
2710 2547 2790 2609 είς
2845 2544 3008 2618 όρθδν
3053 2548 3167 2609 τοῖς
3193 2548 3416 2618 νέφεσιν
3452 2550 3715 2620 ἐμφαινό-

2136 2654 2297 2706 μεναι
2325 2636 2567 2709 δμϐρους
2599 2638 2694 2691 καὶ
2721 2637 2999 2708 χειμῶνας
3051 2636 3327 2704 ιξιισίους
3357 2640 3391 2710 ἢ
3437 2639 3575 2703 ὅλως
3610 2642 3713 2713 τὴν

2132 2730 2228 2782 ἰπὶ
2286 2728 2540 2783 πλεῖστον
2603 2728 2913 2801 μεταϐολὴν
2969 2730 3066 2785 τοῦ
3124 2731 3291 2802 ἀέρος
3350 2732 3707 2791 ἐνδείκνυται.

2134 2819 2315 2875 Πολλά
2334 2819 2392 2873 δὲ
2418 2820 2512 2874 καὶ
2535 2820 2666 2891 περὶ
2703 2820 2939 2893 σελήνην
2958 2821 3339 2893 αὐξανομένην
3379 2822 3413 2892 ἢ
3440 2823 3710 2893 λήγουσιν

2131 2911 2183 2966 οἱ
2228 2911 2439 2975 τούτοις
2486 2911 2843 2984 ἀσχολακότες
2902 2913 3237 2985 τετηρήκασι
3292 2914 3589 2987 σημειώδη,
3633 2919 3711 2981 ὡς

2129 3004 2225 3059 τοῦ
2255 3007 2385 3077 περὶ
2415 3006 2519 3076 γῆν
2561 3006 2725 3077 ἀέρος
2747 3008 3060 3078 ἀναγκαίοις
3094 3013 3208 3074 τοῖς
3248 3015 3521 3084 σχήμασιν
3538 3015 3706 3084 αὐτῆς

455 3112 618 3166 ciuus
654 3102 1220 3163 coinmutetur.»Nam
1252 3102 1296 3156 si
1333 3101 1515 3156 tenuis
1545 3112 1793 3169 puraque
1841 3097 1913 3152 sit
1943 3097 2031 3154 die

2135 3098 2738 3192 συμμεταϐαλλομένουο
2775 3098 2947 3192 λεπτὴ
3002 3102 3104 3173 μὲν
3151 3104 3261 3175 γάρ
3285 3106 3424 3161 οὐσα
3448 3110 3576 3180 περὶ
3607 3109 3705 3179 τὴν

460 3200 647 3264 tertio,
671 3197 1023 3251 serenitatem
1056 3192 1361 3248 durabilem
1409 3190 1745 3261 pollicetur:
1784 3190 1869 3243 sin
1902 3205 2028 3245 ver-

454 3307 552 3345 sus
573 3286 951 3343 extremitates
973 3300 1155 3339 crassa
1178 3291 1234 3337 et
1261 3298 1322 3337 su
1333 3282 1687 3346 brubescens,
1717 3280 1798 3336 vel
1828 3296 2026 3351 aquam

458 3398 491 3436 c
519 3379 763 3435 nubibus
790 3377 1069 3446 copiosam
1094 3375 1177 3431 vel
1207 3372 1379 3429 austri
1400 3372 1811 3428 concitatiorem
1839 3373 2026 3427 flatum

458 3473 721 3528 minatur.
762 3470 980 3539 Ignorat
1008 3475 1191 3522 autem
1224 3476 1383 3522 nemo
1409 3474 1674 3535 quantum
1715 3465 1906 3519 harum
1935 3478 2026 3519 re-

460 3580 581 3618 runi
612 3560 873 3617 iudicatio
908 3558 1030 3615 vita:
1074 3557 1326 3611 liuiuanie
1357 3555 1609 3610 utilitatis
1642 3553 1853 3608 afferat.
1890 3552 2025 3607 Nam

455 3669 512 3712 et
545 3656 583 3711 ii
612 3655 706 3725 qui
748 3653 1024 3723 navigant,
1072 3649 1142 3705 ad
1178 3650 1359 3705 sidera
1404 3648 1762 3717 respicientes
1811 3659 2024 3701 rectum

456 3747 561 3800 iter
598 3744 912 3804 instituunt.
948 3754 1251 3810 eorumque
1286 3739 1427 3795 situs
1458 3738 1727 3793 rationem
1761 3737 2026 3792 habentes

456 3836 735 3907 navigium
783 3833 1049 3903 dirigunt.
1097 3830 1235 3886 Cum
1284 3831 1433 3886 enim
1476 3830 1558 3885 sic
1601 3839 1914 3899 comparata
1954 3828 2027 3883 sit

455 3941 722 3996 aquarum
755 3932 974 3989 natura,
1023 3923 1173 3977 nulla
1226 3930 1431 3976 restent
1458 3931 1516 3975 ut
1562 3921 1615 3975 in
1666 3922 1749 3976 eis
1796 3919 2024 3989 vestigia

453 4019 657 4089 quibus
697 4014 1094 4071 animadversis
1140 4013 1337 4068 itinera
1384 4013 1519 4067 mari
1570 4011 1834 4067 facientes
1883 4011 2021 4065 citra

452 4109 857 4163 dubitationem
900 4106 1344 4176 progrediantur,
1392 4113 1681 4174 propterea
1728 4103 1873 4158 Deus
1913 4101 2025 4157 illis

452 4202 547 4270 qui
571 4200 751 4269 ampla
782 4199 1060 4268 trajiciunt
1094 4196 1260 4251 maria
1295 4197 1460 4252 situm
1494 4206 1768 4255 astrorum
1799 4208 2026 4249 conces-

452 4295 527 4349 sit
557 4304 817 4362 tanquam
850 4292 1182 4346 marinarum
1210 4289 1531 4345 seruiturum
1565 4287 1816 4357 vestigia.
1845 4288 1921 4341 Ac
1954 4285 2023 4340 de

450 4388 540 4442 liis
567 4386 790 4456 quidem
829 4385 944 4439 haec
976 4392 1289 4438 sanctorum
1324 4382 1546 4437 Patrum
1595 4390 1683 4435 est
1727 4378 2020 4435 sententia.

523 4480 722 4534 Verum
753 4477 843 4531 alii
868 4476 1091 4547 quidam
1117 4477 1323 4529 dictum
1358 4474 1489 4528 illud
1524 4473 1840 4535 Mosaicum,
1874 4470 2020 4540 quod
2053 4459 2102 4520 D

449 4569 629 4623 iudica
641 4578 651 4620 t
664 4584 751 4623 uui
771 4585 798 4622 a
817 4569 973 4623 nobis
986 4580 1090 4630 est,
1114 4574 1438 4621 enarrantes
1454 4578 1550 4634 per
1561 4565 1798 4617 siderum
1811 4561 2036 4617 commi-

448 4664 684 4716 sdonein
721 4672 884 4730 atque.
901 4660 1217 4714 distantiam
1238 4658 1522 4711 universas
1541 4670 1626 4709 res
1654 4655 1921 4709 humanas
1936 4652 2035 4707 ad-

449 4753 753 4807 ministrari
791 4754 1012 4823 regique
1043 4750 1286 4812 tradunt,
1326 4748 1745 4817 prosperitatem
1765 4753 1820 4800 et
1842 4746 2036 4798 adver-

441 4860 562 4899 sam
595 4844 871 4898 fortunam
905 4843 1142 4896 indidem
1166 4839 1520 4901 deducentes,
1547 4835 1793 4905 adeoque
1824 4832 2033 4902 simpli-

443 4938 585 4992 citer
608 4936 788 4991 omnia
809 4948 1151 5005 quaecunque
1182 4931 1423 5001 singulos
1441 4930 1497 4984 in
1528 4927 1646 4982 dies
1675 4928 1796 4981 vitm
1819 4936 2022 4979 mortas

442 5030 577 5084 lium
604 5028 882 5083 accidunt.
907 5030 974 5080 At
1000 5026 1109 5080 noli
1140 5035 1193 5079 tu
1220 5022 1584 5085 committere,
1616 5019 1811 5074 dilecw
1841 5018 1937 5083 fili,
1962 5026 2023 5073 ut

443 5120 755 5193 liujusmodi
787 5117 1210 5189 cogitationibus
1244 5116 1404 5170 fidem
1453 5114 1678 5175 habeas,
1734 5111 1839 5167 nisi
1887 5112 2020 5164 velis

440 5216 510 5265 ob
537 5226 656 5264 cani
688 5224 910 5264 causam
937 5207 1121 5276 iniqua
1152 5204 1487 5276 deprehendi
1512 5204 1713 5269 sidera,
1743 5202 2016 5273 siquidem

438 5301 579 5354 alios
610 5308 943 5351 scortatores
963 5297 1226 5360 efﬁciunt,
1255 5294 1393 5351 alios
1427 5294 1727 5357 adulteros,
1752 5294 1891 5347 alios
1916 5295 2016 5348 ho-

441 5391 671 5447 micidas
707 5398 763 5443 et
789 5389 1093 5459 prtedones.
1131 5390 1274 5456 Quin
1304 5389 1469 5444 etiam
1520 5397 1646 5443 ante
1682 5389 1796 5459 ipsa
1839 5388 2019 5444 sidera

440 5485 587 5540 Deus
613 5497 807 5537 eorum
843 5479 1023 5551 opifex
1082 5479 1305 5550 iniquus
1357 5481 1718 5550 reperiretur,
1780 5480 1874 5549 qui
1927 5496 2019 5551 ge-

438 5574 676 5628 bennam
714 5571 853 5643 ignis
886 5580 941 5627 et
992 5571 1249 5628 tenebras
1306 5583 1581 5627 extremas
1636 5572 2019 5642 peccatoribus

508 5746 553 5776 ⁸³
583 5743 771 5799 .‘datili.
805 5761 915 5808 xu,
958 5744 1010 5800 5.

2129 3190 2318 3259 τρίτην
2357 3190 2571 3262 ἡμέραν
2613 3192 2709 3245 καὶ
2763 3190 2979 3265 καθαρά
3022 3196 3297 3267 σταθηράν
3348 3199 3527 3252 εὐδίαν
3581 3217 3711 3254 κατ-

2131 3280 2551 3349 επαγγέλλεται,
2566 3285 2767 3352 παχεῖα
2783 3282 2839 3336 δὲ
2862 3284 2982 3348 ταῖς
3007 3288 3258 3361 κεραίαις
3288 3290 3385 3344 καὶ
3405 3290 3708 3361 ὑπέρυθρος

2130 3374 2429 3443 φαινομένη
2457 3372 2490 3441 ἢ
2522 3372 2666 3443 ὓδωρ
2692 3373 2890 3445 λάϐρον
2918 3377 3024 3429 ἀπὸ
3068 3395 3246 3449 νεφων
3275 3380 3308 3452 ἢ
3347 3386 3499 3436 νότου
3527 3382 3708 3453 βιαίαν

2128 3463 2342 3532 κίνησιν
2375 3463 2610 3518 ἀπειλεῖ.
2654 3465 2767 3535 Τὴν
2805 3465 2862 3518 δὲ
2914 3468 2980 3519 ἐκ
3007 3469 3213 3524 τούτων
3250 3473 3549 3543 σημείωσιν
3583 3475 3705 3529 ὅσον

2128 3553 2206 3622 τῷ
2247 3552 2345 3623 βίῳ
2377 3554 2679 3624 παρέχεται
2723 3556 2785 3610 τὸ
2831 3557 3104 3631 ὠφέλιμον
3132 3563 3309 3627 οὐδεὶς
3339 3567 3538 3634 ἀγνοεῖ.
3563 3566 3705 3637 Ὅρα

2128 3650 2237 3716 γὰρ
2267 3648 2348 3700 ὅτι
2382 3652 2477 3699 καὶ
2514 3639 3001 3719 οί’ναυτιλλόμενοι
3048 3655 3186 3724 πρός
3232 3672 3293 3722 γε
3320 3656 3445 3720 τούς
3473 3659 3704 3727 ἀστέρας

2127 3742 2357 3811 ὁρῶντῖς
2406 3740 2504 3811 τὴν
2542 3742 2745 3813 ἀκριϐῆ
2787 3744 2972 3814 τρίϐον
2997 3746 3242 3800 ὁδεύουσι
3277 3753 3372 3803 καὶ
3402 3755 3466 3820 τῇ
3498 3756 3704 3805 τούτων

2130 3834 2280 3887 θέσει
2318 3833 2676 3904 προσέχοντες
2707 3835 2767 3888 τὸ
2805 3836 3013 3905 σκάφος
3054 3839 3345 3893 ίθύνουσινο
3381 3844 3566 3913 ἐπειδὴ
3597 3846 3705 3915 γάρ

2128 3926 2191 3978 οὐ
2220 3926 2433 3996 δέχεται
2472 3926 2579 3979 τῶν
2620 3927 2829 3981 ὑδάτων
2860 3930 2893 3999 ἡ
2926 3931 3089 3998 φύσις
3137 3933 3289 4004 ἴχνη,
3324 3930 3405 4000 οἷς
3457 3939 3506 3990 oi
3537 3939 3705 3993 ὁδῖται

2128 4017 2483 4085 προσέχοντες
2530 4016 2901 4083 ἀναμφίϐολον
2948 4020 3045 4088 τὴν
3094 4023 3321 4090 πορείαν
3379 4022 3702 4089 ποιοῦνται,

2126 4107 2356 4159 δέδωκεν
2383 4108 2410 4158 ό
2446 4105 2579 4169 Θεὸς
2620 4109 2734 4169 τοῖς
2771 4108 2959 4177 μακρὰ
2993 4109 3300 4180 διαπερῶσι
3347 4113 3559 4186 πελάγη
3592 4108 3705 4167 οἷον

2128 4200 2247 4269 ίχνη
2297 4197 2408 4250 τῶν
2461 4195 2762 4250 θαλαττίων
2810 4200 3033 4268 τρίϐων,
3065 4202 3175 4255 τῶν
3210 4205 3457 4275 ἀστέρων
3489 4205 3589 4277 τὴν
3619 4204 3708 4258 θέ-

2129 4306 2233 4343 σιν.
2288 4290 2399 4344 Καὶ
2440 4286 2584 4341 οὕτω
2639 4285 2739 4358 μὲν
2790 4293 2918 4359 περὶ
2963 4290 3170 4345 τούτων
3207 4296 3317 4357 τοῖς
3362 4295 3538 4366 ἁγίοις
3592 4298 3706 4350 Πα-

2124 4382 2283 4451 τράσι
2306 4381 2474 4435 δοκεῖ.

2202 4472 2420 4543 Ἕτεροι
2450 4475 2505 4528 δὲ
2533 4476 2593 4530 τὸ
2622 4476 2915 4548 διαληφθὲν
2941 4476 3454 4549 παρερμηνεύοντες
3483 4479 3710 4533 Μωσαϊ-

2133 4566 2228 4618 κὸν
2263 4568 2457 4637 ῥητὸν,
2491 4571 2555 4621 ὲκ
2588 4571 2687 4639 τῆς
2718 4570 2827 4624 τῶν
2860 4571 3103 4641 ἀστέρων
3137 4572 3491 4642 συγκράσεως
3523 4590 3582 4625 τε
3615 4578 3709 4626 καὶ

2130 4656 2462 4722 διαστάσεως
2496 4660 2715 4727 λέγουσι
2748 4662 2817 4714 τά
2849 4662 2972 4715 καθ’
2998 4665 3159 4732 ἡμᾶς»
3179 4664 3356 4718 πάντα
3388 4665 3707 4719 διοικεῖσθαι

2129 4749 2224 4800 καὶ
2252 4749 2616 4816 διεξάγεσθαι,
2648 4753 2952 4823 εὐπραγίαν
2982 4771 3039 4807 τε
3073 4757 3166 4809 καὶ
3194 4756 3535 4826 δυσπραγίαν
3563 4760 3709 4810 bui-

2130 4838 2221 4892 θεν
2251 4842 2580 4911 κατάγουσι,
2613 4844 2709 4897 καὶ
2735 4844 2918 4908 ἁπλῶς
2947 4846 3048 4900 ὅσα
3077 4845 3157 4915 τῷ
3191 4847 3289 4918 βίῳ
3321 4848 3443 4901 καθ’
3468 4849 3709 4920 ἑκάστην

2129 4931 2543 5002 ἀπροσδοκήτως
2573 4934 2996 5002 συμπίπτουσιν.
3029 4936 3186 4989 Ἀλλά
3215 4937 3291 5008 μὴ
3319 4939 3384 4990 σύ
3410 4954 3495 5006 γε,
3518 4932 3708 4992 τέκνον

2128 5018 2514 5090 ἠγαπημένον,
2546 5024 2803 5086 τοιούτοις
2833 5025 2968 5088 ὅλως
2997 5026 3206 5098 ἀνάσχῃ
3239 5027 3525 5082 πείθεσθαι
3553 5028 3707 5099 λογι-

2127 5114 2315 5181 σμοῖς,
2352 5113 2399 5164 εί
2443 5112 2518 5181 μὴ
2557 5112 2737 5182 βούλει
2769 5118 2893 5179 τοὺς
2932 5118 3166 5184 ἀστέρας
3204 5116 3457 5171 ἐντεῦθεν
3489 5118 3707 5180 ἀδίκους

2122 5203 2493 5273 εὑρίσκεσθαι,
2523 5206 2578 5258 εί
2603 5222 2664 5273 γε
2696 5205 2820 5270 τοὺς
2851 5207 2951 5277 μὲν
2977 5208 3191 5262 ποιοῦσι
3223 5210 3477 5280 πόρνους,
3500 5210 3620 5275 τοὺς
3646 5211 3706 5264 δὲ

2118 5296 2377 5366 μοιχοὺς,
2433 5298 2525 5350 καὶ
2577 5297 2770 5361 ἄλλους
2818 5299 2978 5353 πάλιν
3029 5303 3229 5369 φονέας
3279 5303 3374 5356 καὶ
3422 5303 3705 5374 ἅρπαγας.

2130 5388 2291 5441 Ἀλλά
2324 5391 2415 5441 καὶ
2448 5390 2554 5458 πρὸ
2586 5386 2695 5443 τῶν
2723 5391 2972 5461 ἀστέρων
3001 5393 3164 5457 αὐτὸς
3193 5393 3260 5449 ἂν
3287 5396 3316 5448 ό
3344 5394 3572 5465 ποιητὴς
3604 5397 3709 5447 αὐ-

2114 5480 2224 5533 τῶν
2249 5481 2379 5543 Θεὸς
2410 5481 2597 5545 ἄδικος
2628 5482 2903 5555 εὑρεθείη,
2928 5470 3157 5552 γέενναν
3188 5486 3361 5558 πυρὸς
3382 5490 3494 5549 τοῖς
3525 5488 3711 5558 ἀμαρ-

2116 5572 2305 5637 τωλοῖς
2338 5572 2581 5631 ἀπειλῶν
2611 5576 2706 5630 καὶ
2738 5576 2927 5641 σκότος
2959 5577 3248 5649 ἐξώτερον.
3286 5578 3426 5635 Ἀλλ’
3449 5580 3551 5634 οὐκ
3585 5581 3710 5634 ἐστι
