4052 6200
341 253 413 316 73
526 324 529 325 ί
1622 252 2029 315 ANNALIUM
2070 256 2262 316 rans
2307 256 2350 315 ι.
3520 262 3594 326 7t

339 367 501 423 τοῦτο
520 409 534 433 ,
563 368 665 423 οὐκ
695 367 844 423 ἔστιν
868 387 882 401 ·
917 368 1263 437 αὐτεξούσιος
1295 370 1402 443 γὰρ
1431 369 1506 424 ὢν
1535 371 1564 425 6
1596 370 1716 424 κατ’
1740 371 1924 424 εἰκόνα

2038 369 2289 425 minatur.
2366 369 2482 426 Non
2536 381 2622 427 est
2660 382 2840 427 autem
2903 374 3005 428 ltoe
3077 389 3289 437 verum,
3346 389 3453 426 non
3492 386 3599 429 est.

341 459 480 514 Θεοῦ
519 461 886 530 γεγενημένος
923 460 1208 533 ἄνθρωπος
1242 463 1551 535 εἱμαρμένῃ
1589 465 1683 518 καὶ
1720 464 1921 536 ἄστρα-

344 568 431 605 σιν
458 552 558 622 οὐχ
588 552 896 606 ὑπόκειται.
931 553 992 605 E'!
1021 553 1129 624 γὰρ
1156 554 1314 608 τοῦτο
1343 551 1442 625 ἦν,
1476 555 1577 609 οὐκ
1605 554 1672 610 ἂν
1703 559 1816 619 τοῖς
1848 556 1922 627 μὴ

347 644 488 697 κατά
528 642 758 713 γνώμην
791 644 1167 714 ἁμαρτάνουσι
1211 645 1321 717 πῦρ
1361 649 1388 701 6
1425 646 1556 711 Θεὸς
1598 646 1693 700 καὶ
1733 647 1923 711 σκότος

345 732 664 804 ἠπείλησεν.
690 733 812 786 Ὅτι
846 734 904 788 δὲ
939 733 1257 806 βλασφημία
1288 736 1436 791 ἐστὶν
1469 738 1548 797 είς
1583 736 1715 791 Θεὸν
1742 737 1803 790 τὸ
1835 754 1923 791 νο-

346 823 531 893 μίζειν
556 823 618 889 ἐξ
646 824 892 893 ἀστέρων
922 826 1170 895 γίνεσθαι
1194 828 1320 891 τοὺς
1353 828 1453 898 μὲν
1482 828 1592 882 τῶν
1620 829 1923 899 ἀνθρώπων

344 919 573 986 φονέας,
600 918 723 981 τοὺς
752 918 809 972 δὲ
842 919 1003 974 πάλιν
1030 919 1308 993 ἅρπαγας,
1331 922 1359 974 6
1390 923 1685 992 κορυφαῖος
1718 921 1923 992 Πέτρος

344 1008 619 1080 ἀριδηλως
656 1010 813 1064 τοῦτο
849 1010 1051 1079 διδάξει
1092 1030 1151 1066 σε
1191 1015 1327 1084 πρὸς
1364 1014 1627 1069 Φαῦστον.
1666 1016 1774 1069 Καὶ
1814 1014 1923 1085 γὰρ

344 1104 478 1170 περὶ
510 1102 776 1169 γενέσεως
809 1103 1187 1174 διαλεγόμενος
1222 1106 1316 1159 καὶ
1349 1108 1475 1162 τάδε
1509 1108 1645 1177 πρὶς
1681 1109 1793 1170 τοῖς
1825 1107 1922 1162 ἀλ-

343 1191 459 1254 λοις
493 1192 679 1262 ἔλεγεν
704 1210 719 1224 ·
759 1212 779 1246 ε
821 1193 962 1262 Ἐγὼ
997 1196 1097 1265 μὲν
1126 1196 1487 1267 ἀστρολογίας
1521 1196 1784 1267 ἔμπειρος
1821 1196 1923 1252 οὐκ

341 1283 496 1349 είμῖ,
530 1283 671 1337 ὥστε
703 1284 801 1355 τὴν
834 1285 1049 1353 γένεσιν
1079 1286 1174 1341 ἀπ’
1200 1288 1373 1359 αὐτῆς
1404 1289 1505 1356 τῆς
1538 1289 1681 1343 κατά
1709 1288 1923 1358 γένεσιν

341 1374 658 1444 ἐπιστήμης
697 1375 1118 1440 ἀνασκευάζειν.
1144 1378 1326 1448 Ἄλλῳ
1367 1379 1423 1434 δὲ
1461 1380 1649 1453 τρόπῳ
1688 1382 1923 1453 δύναμαι

340 1464 726 1519 ἀποδεικνύειν
752 1469 835 1520 ὅτι
866 1468 1007 1522 κατά
1042 1469 1300 1541 πρόνοιαν
1329 1470 1613 1527 διοικεῖται
1644 1473 1711 1528 τά
1744 1475 1923 1545 πράγ-

343 1573 501 1625 ματα
524 1571 539 1587 ⁸
571 1557 799 1623 ἕκαστος
839 1559 947 1629 γάρ
986 1560 1124 1632 πρὸς
1159 1559 1196 1615 ἃ
1236 1563 1468 1632 πράττει
1498 1563 1666 1635 τιμῆς
1703 1566 1797 1619 καὶ
1836 1581 1924 1618 κο-

341 1649 556 1713 λάσεως
600 1649 873 1716 τεύξεται.
928 1670 948 1705 ι
994 1650 1427 1726 ’Δμαρτάνουσιν
1471 1650 1565 1709 οὖν
1610 1657 1658 1709 οί
1708 1656 1923 1724 γένεσιν

2025 460 2236 531 Quippe
2257 462 2323 516 ad
2354 462 2641 533 imaginem
2678 463 2769 518 Dei
2797 464 3053 518 conditus
3089 464 3274 525 homo,
3331 480 3455 517 cum
3489 465 3602 520 sni-

2022 562 2134 607 met
2173 552 2345 622 ipsius
2374 553 2448 607 sit
2478 568 2720 623 compos,
2756 569 2856 609 nec
2876 548 2988 609 fato
3019 570 3119 608 nec
3150 554 3428 609 sideribus
3480 570 3603 608 esse

2022 642 2304 713 subjectus
2330 652 2546 714 potest;
2572 645 2717 714 quod
2747 645 2792 700 si
2821 645 3001 700 locum
3035 645 3281 709 haberet,
3313 662 3420 699 non
3457 645 3601 699 Deus
3694 720 3697 723 η

2021 745 2220 804 praeter
2246 735 2415 790 animi
2439 735 2768 790 sententiam
2816 737 3168 804 peccantibus
3226 736 3405 804 ignem
3437 746 3605 804 atque

2022 825 2280 880 tenebras
2305 826 2547 881 minatus
2573 826 2789 881 fuisset.
2842 826 2907 880 Et
2932 825 3049 881 ﬁeri
3103 843 3235 881 sane
3290 828 3601 882 convicium

2025 915 2156 979 Deo,
2182 931 2308 971 eum
2337 916 2462 986 quis
2493 917 2773 972 existimat
2822 933 2920 987 per
2951 918 3133 973 sidera
3169 918 3434 988 quosdam
3500 919 3601 973 bo-

2022 1004 2251 1060 micidas
2276 1005 2443 1072 efﬁci,
2478 1006 2743 1076 quosdam
2775 1017 3046 1077 raptores,
3084 1012 3342 1076 summus
3384 1010 3472 1064 ille
3508 1010 3607 1063 Pe-

2023 1106 2143 1154 trus
2168 1097 2235 1152 ad
2266 1098 2525 1157 Faustum
2560 1100 2811 1155 scribens
2840 1110 2891 1155 te
2921 1100 3163 1155 docebit.
3196 1101 3329 1155 Nam
3354 1102 3421 1155 de
3454 1112 3608 1155 nata-

2024 1187 2147 1243 litio
2181 1187 2365 1243 sidere
2389 1188 2671 1244 disserens
2709 1190 2824 1245 haec
2848 1191 2991 1246 inter
3019 1191 3122 1245 alia
3156 1191 3392 1261 profert:
3416 1192 3606 1260 «Equi-

2022 1278 2145 1334 dem
2183 1279 2493 1350 astrologiae
2521 1294 2631 1335 non
2670 1296 2789 1335 sum
2821 1282 3051 1351 peritus,
3086 1292 3143 1336 ut
3167 1284 3506 1337 nativitatem
3539 1300 3604 1337 ex

2022 1367 2138 1437 ipsa
2173 1368 2240 1424 de
2265 1371 2517 1425 natalitio
2549 1373 2733 1427 sidere
2782 1374 3014 1429 scientia
3064 1375 3318 1429 refellere
3351 1374 3550 1443 possim
3588 1390 3599 1423 :

2023 1473 2214 1513 verum
2246 1460 2352 1530 27
2376 1461 2485 1516 alio
2509 1463 2746 1531 quodam
2777 1464 2940 1518 modo
2964 1480 3187 1534 possum
3224 1464 3608 1518 demonstrare

2023 1566 2112 1607 res
2152 1552 2419 1608 humanas
2445 1570 2474 1607 a
2499 1554 2855 1610 Providentia
2895 1555 3217 1627 gubernari.
3278 1556 3414 1613 Nam
3451 1556 3608 1624 quis-

2020 1657 2129 1712 que
2164 1658 2260 1711 pro
2301 1659 2493 1699 eorum
2540 1661 2664 1715 qua:
2692 1646 2804 1716 agit
2831 1648 3042 1704 ratione
3078 1648 3160 1701 vel
3200 1648 3469 1707 honorem
3523 1648 3608 1701 vel

341 1739 687 1807 εἰσάγοντες,
738 1740 903 1795 αὐτὸν
939 1741 1009 1795 τά
1036 1742 1213 1796 πάντα
1259 1743 1743 1817 δημιουργήσαντα
1790 1747 1922 1801 Θεὸν

2038 1748 2243 1803 omnem
2274 1747 2668 1806 consequetur.
2703 1736 3072 1804 Quamobrem
3103 1750 3292 1799 errant
3332 1740 3426 1809 qui
3457 1749 3616 1801 nata-

344 1830 825 1901 βλασφημοῦντες.
865 1834 991 1909 Ἐπὶ
1022 1835 1236 1899 τούτοις
1274 1836 1385 1909 γάρ
1417 1837 1511 1891 τοῦ
1554 1839 1808 1909 γέροντος
1848 1840 1923 1893 εί-

342 1922 542 1987 πᾶντος
576 1924 661 1979 ὅτι
695 1924 1041 1998 βλασφημεῖν
1075 1931 1192 1983 εστι
1223 1929 1287 1983 τὸ
1320 1930 1501 2000 λέγειν
1533 1933 1615 1987 ὅτι
1648 1935 1716 1986 τὰ
1750 1935 1925 1989 πάντα

344 2014 562 2083 γενέσει
607 2017 922 2086 ὑπόκειται,
968 2021 1066 2073 καὶ
1109 2022 1251 2075 πάνυ
1292 2023 1320 2075 6
1360 2023 1567 2093 Πέτρος
1610 2024 1819 2093 ἔλεγεν.
1864 2026 1926 2079 Εἰ

347 2107 459 2193 γὰρ
494 2110 671 2164 πᾶσαι
704 2111 762 2163 αἱ
792 2111 913 2164 τῶν
936 2112 1241 2183 ἀνθρώπων
1275 2115 1548 2186 ἁμαρτίαι
1584 2115 1643 2182 ἐξ
1678 2120 1928 2189 ἀστέρων

346 2193 629 2262 γίνονται,
663 2197 712 2250 οί
742 2196 800 2249 δὲ
832 2201 1062 2268 ἀστέρες
1091 2200 1196 2255 ὑπὸ
1221 2202 1359 2258 Θεοῦ
1392 2202 1565 2260 ταῦτα
1597 2208 1772 2261 ποιεῖν
1801 2208 1929 2264 ἑτά-

346 2284 560 2355 χθησαν
581 2324 600 2350 ,
635 2284 723 2339 ῖνα
764 2286 983 2340 πάντων
1013 2288 1270 2357 χαλεπῶν
1300 2290 1796 2362 ἀποτελεσματικοὶ
1832 2294 1928 2362 γέ-

348 2392 587 2441 νωνται,
618 2376 876 2432 ἁπάντων
901 2379 1086 2434 λοιπὸν
1116 2383 1171 2435 αἱ
1202 2382 1469 2454 ἁμαρτίαι
1498 2383 1579 2447 είς
1606 2383 1769 2438 αὐτὸν
1795 2385 1929 2445 ἀνα-

349 2470 610 2539 φέρονται
643 2470 735 2524 τὸν
762 2472 860 2546 τὴν
895 2475 1105 2541 γένεσιν
1140 2476 1355 2533 ἐνδόντα
1389 2480 1502 2542 τοῖς
1535 2478 1797 2549 ἄστρασι.
1824 2479 1933 2533 Καὶ

348 2563 421 2615 τὶ
453 2563 552 2631 μὲν
581 2565 677 2616 τοῦ
711 2566 1008 2635 κορυφαίου
1039 2568 1268 2628 τοιαῦτα
1291 2586 1306 2601 ο
1339 2569 1443 2641 ὅρα
1471 2569 1527 2631 δὲ
1559 2571 1655 2624 Ital.
1681 2570 1735 2624 τί
1767 2587 1933 2641 φησιν

347 2651 377 2702 6
415 2652 587 2720 μέγας
625 2652 897 2718 Βασίλειος
928 2658 986 2711 ὲν
1015 2657 1092 2727 τῷ
1122 2659 1253 2730 περὶ
1282 2660 1588 2731 φωστήρων
1615 2660 1762 2731 ἕκτῳ
1790 2660 1935 2734 λόγῳ

349 2741 546 2798 αὐτοῦ.
576 2744 691 2815 Τὴν
723 2746 833 2815 γὰρ
860 2748 1257 2820 ἀστρολογικὴν
1282 2748 1479 2823 τέχνην
1507 2752 1600 2810 ἐπὶ
1631 2752 1797 2821 μέσου
1830 2771 1935 2807 πα-

351 2832 578 2902 ράγων,
615 2836 711 2889 καὶ
744 2836 893 2901 ὃπως
928 2838 1042 2909 εχει
1081 2839 1308 2908 μεθόδου
1346 2840 1759 2915 κατεξετάζων,
1792 2843 1936 2897 οὓτω

351 2925 501 2978 κατὰ.
522 2927 590 2996 ρῆ
598 2942 676 2996 μα
697 2927 952 2995 διέξεισιν
972 2945 987 2961 ο
1019 2946 1038 2981 ι
1077 2930 1169 2983 Ἐν
1191 2930 1256 3002 δὴ
1281 2933 1496 2998 τούτοις
1518 2937 1635 2999 τοῖς
1657 2932 1933 3004 λογισμοῖς

2028 1824 2208 1879 litium
2241 1827 2398 1882 sidus
2457 1829 2841 1896 introducunt,
2881 1831 3057 1901 ipsum
3114 1832 3369 1902 opiﬁcem
3424 1847 3609 1893 rerum

2026 1917 2273 1971 omnium
2338 1916 2509 1973 Deum
2576 1921 2829 1980 convicio
2879 1922 3117 1990 quodam
3184 1922 3543 1985 incessentes.
3584 1940 3603 1974 ι

2029 2005 2239 2077 Quibus
2274 2008 2329 2061 in
2358 2008 2545 2070 verbis
2581 2011 2728 2080 quod
2755 2011 2844 2074 hic
2871 2026 3051 2075 senex
3083 2012 3525 2079 ait,,convieium
3554 2014 3610 2075 in

2034 2098 2203 2157 Deum
2239 2113 2359 2157 esse
2388 2100 2573 2162 dicere
2598 2111 2797 2162 cuncta
2824 2104 3077 2159 natalitio
3124 2104 3294 2163 sideri
3324 2120 3445 2162 esse
3474 2106 3611 2159 sub~

2031 2188 2199 2263 jecta,
2253 2206 2519 2265 perquam
2582 2194 2803 2264 egregie
2860 2194 3088 2251 dicitur.
3153 2196 3290 2259 Nam
3348 2198 3392 2251 si
3425 2197 3611 2252 omnia

2032 2283 2347 2346 mortalium
2378 2294 2602 2354 peccata
2634 2287 2703 2342 ab
2746 2287 2912 2347 astris
2958 2290 3240 2353 oriuntur,
3293 2299 3442 2349 astra
3477 2304 3611 2343 vero

2032 2371 2300 2437 divinitus
2337 2374 2592 2433 ordinata
2630 2386 2762 2435 sunt
2792 2384 2854 2432 ut
2882 2392 2947 2439 ea
2978 2377 3235 2441 efﬁciunt,
3269 2387 3337 2436 et.
3363 2369 3613 2433 omniu'nt

2032 2464 2303 2529 malorum
2332 2465 2402 2521 ab
2432 2466 2565 2536 ipsis
2619 2467 2791 2537 origo.
2816 2468 3220 2537 proficiscatur,
3280 2479 3451 2531 restat
3499 2486 3619 2524 om-

2034 2560 2187 2614 nium
2213 2562 2534 2631 peccataad
2565 2562 2738 2624 Deum
2780 2562 2973 2622 referri
3002 2564 3230 2627 debere.
3263 2567 3359 2635 qui
3420 2566 3620 2622 natali-

2035 2650 2168 2708 tiam
2195 2652 2341 2715 illam
2374 2653 2482 2707 vim
2514 2653 2798 2715 sideribus
2823 2655 3103 2716 indiderit.
3139 2657 3461 2727 Hujusmodi
3486 2664 3618 2714 sunt
3670 2702 3681 2715 .

2036 2758 2162 2821 qua
2195 2758 2449 2803 summus
2482 2744 2575 2802 ille
2610 2745 2694 2800 vir
2742 2747 2998 2817 protulit.
3057 2748 3264 2803 Prteter
3314 2748 3429 2802 [nec
3493 2749 3618 2803 vide

2037 2836 2167 2906 quid
2204 2852 2432 2906 magnus
2465 2836 2555 2897 ille
2594 2837 2827 2897 Basilius
2857 2837 2912 2894 in
2958 2842 3208 2896 oratione
3268 2852 3442 2909 sexta,
3496 2859 3621 2912 quae

2038 2934 2123 2979 est
2151 2925 2221 2980 de
2250 2925 2635 2992 luminaribus,
2664 2926 2831 2985 dicat.
2873 2929 3007 2985 Nam
3032 2933 3614 3003 artemzastrologicatn

350 3015 494 3068 πολὺ
540 3016 641 3085 μὲν
675 3018 737 3069 τὸ
780 3018 1030 3089 ἀνόητον,
1076 3020 1475 3076 πολλαπλάσιον
1514 3022 1570 3076 δὲ
1610 3025 1672 3077 τὸ
1715 3025 1931 3088 ἀσεϐές.

2042 3014 2098 3069 in
2128 3015 2370 3069 medium
2422 3015 2729 3084 proferens,
2784 3025 2841 3072 et
2884 3034 3006 3088 qua:
3030 3020 3102 3073 sit
3152 3022 3272 3090 ejus
3327 3024 3618 3077 tnetltodus

355 3106 522 3171 Τίνος
544 3105 731 3163 ἕνεκεν
748 3109 899 3174 ςὈτι
925 3110 976 3163 οι
1004 3112 1288 3166 κακοποιοὶ
1312 3112 1425 3166 τῶν
1448 3114 1695 3185 ἀστέρων
1711 3116 1811 3187 τῆς
1832 3116 1932 3172 αῦ-

353 3196 469 3250 τῶν
502 3199 772 3269 πονηρίας
807 3199 901 3252 ἐπὶ
932 3200 1024 3253 τδν
1056 3204 1361 3273 ποιήσαντα
1394 3203 1590 3267 αὐτοὺς
1625 3206 1723 3276 τὴν
1759 3206 1937 3265 αἰτίαν

359 3291 771 3358 μετατιθέασιν.
796 3294 1031 3348 Ἔπειτα
1070 3297 1119 3349 εί
1159 3295 1253 3350 καὶ
1288 3296 1398 3351 τῶν
1435 3296 1565 3367 περὶ
1604 3298 1804 3353 κακίαν
1843 3300 1939 3358 καὶ

355 3381 561 3452 ἀρετὴν
599 3385 993 3456 ἐνεργημάτων
1030 3387 1133 3440 οὐκ
1177 3389 1243 3440 ὲκ
1278 3386 1373 3442 τοῦ
1419 3388 1503 3457 ἐφ’
1528 3389 1660 3460 ἡμῖν
1702 3392 1841 3443 εἰσιν
1881 3391 1939 3443 αῖ

361 3474 684 3542 ἀρχαῆἀλκ
706 3477 771 3529 εκ
793 3476 889 3547 τῆς
906 3477 1173 3549 γενέσεως
1197 3478 1254 3532 αῑ
1280 3479 1539 3549 ἀνάγκαι,
1564 3482 1812 3557 περιττοὶ
1840 3484 1939 3552 μὲν

359 3564 413 3616 οι
440 3565 725 3633 νομοθέται
751 3566 820 3625 τὰ
850 3569 1104 3641 πρακτέα
1133 3570 1267 3644 ἡμῖν
1290 3570 1386 3630 καὶ
1410 3572 1478 3630 τά
1508 3573 1745 3640 φευκτέα
1772 3574 1939 3645 διορί-

361 3655 571 3722 (οντες,
599 3661 844 3732 περιττοὶ
874 3662 933 3720 ει
961 3663 1010 3716 οἱ
1041 3663 1295 3717 δικασταὶ
1324 3664 1528 3737 ἀρετὴν
1551 3666 1815 3736 τιμῶντες
1846 3666 1938 3721 καὶ

361 3751 630 3820 πονηρῐαν
673 3751 990 3818 κολάζοντες
1014 3769 1029 3789 ο
1066 3754 1127 3807 οῦ
1177 3754 1277 3824 μὶν
1312 3756 1425 3824 γάρ
1462 3753 1560 3808 τοῦ
1603 3755 1837 3811 κλέπτου
1880 3757 1943 3809 τδ

360 3839 630 3909 ἀδίκημα,
660 3841 782 3895 οῦδὲ
810 3842 907 3896 τοῦ
937 3843 1165 3912 φονέως,
1195 3836 1239 3912 ᾧ
1268 3860 1331 3912 γε
1361 3844 1481 3897 οῦδὲ
1512 3843 1825 3915 βουλομένῳ
1853 3846 1944 3899 δυ-

360 3932 526 3986 νατὸν
557 3928 626 4004 ἦν
657 3936 879 4005 κρατεῖν
910 3934 1013 4002 τῆς
1050 3936 1252 4006 χειρός.
1294 3935 1435 3989 Ἀλλ’
1462 3936 1564 3991 οὑκ
1602 3936 1717 3990 ἐστι
1749 3938 1941 4002 τοῦτο,

361 4024 469 4076 οῦκ
492 4023 639 4077 ἔστιν
657 4040 673 4057 ο
701 4025 1048 4090 αύτεξούσιος
1074 4026 1181 4099 γάρ
1207 4027 1235 4079 6
1259 4027 1567 4099 ἄνθρωπος,
1592 4028 1675 4082 ὅτι
1701 4031 1797 4084 καὶ
1821 4029 1944 4083 κατ’

364 4117 554 4171 εἰκόνα
591 4118 845 4189 παρήχθη
885 4119 1021 4172 Θεοῦ
1044 4157 1060 4185 ,
1100 4121 1185 4188 ἐφ’
1208 4111 1252 4189 ᾧ
1292 4121 1507 4189 γενέσει
1546 4123 1637 4176 καὶ
1679 4121 1945 4193 ἀστρασιν

364 4212 469 4281 οὐχ
493 4209 802 4270 ὑπόκειται.
833 4228 853 4263 ι
880 4212 1005 4275 Τοῖς
1033 4212 1217 4283 μέντοι
1246 4212 1678 4284 προσπταίουσιν
1700 4214 1947 4286 ὁπωσδή-

294 4366 295 4369 η
365 4319 499 4357 ποτε
526 4303 645 4356 καθ’
668 4304 1031 4376 εἱμαρμένην,
1058 4304 1135 4369 ώς
1160 4304 1397 4375 εἴρηται,
1426 4307 1521 4361 καὶ
1548 4306 1965 4376 συγγινώσκειν⁸

2034 3106 2349 3184 explorans,
2374 3106 2439 3160 ad
2471 3106 2701 3165 verbum
2736 3107 2843 3165 hoc
2864 3109 3025 3164 modo
3055 3111 3319 3180 loquitur.
3380 3113 3437 3166 lu
3468 3114 3621 3168 hisee

2036 3196 2551 3254 ratiocinationibus
2589 3213 2784 3266 magna
2842 3199 2985 3254 inest
3038 3202 3273 3256 stultitia
3328 3211 3384 3257 et
3444 3205 3623 3274 major

2036 3290 2201 3347 etiam
2238 3290 2511 3361 impietas.
2537 3290 2907 3357 Quamobrem
2930 3292 2952 3346 i
2975 3292 3131 3359 Quod
3160 3296 3403 3349 maleﬁca
3429 3296 3622 3355 noxia-

2038 3396 2146 3451 que
2175 3381 2356 3437 sidera
2382 3382 2669 3453 pravitatis
2687 3399 2802 3439 suae
2824 3400 3045 3440 causam
3068 3386 3124 3440 in
3150 3396 3432 3442 auctorem
3457 3403 3620 3445 suum

2040 3474 2394 3532 transferant.
2431 3474 2637 3531 Deinde
2666 3476 2712 3531 si
2746 3486 2854 3531 tam
2879 3476 3076 3532 virtuti
3102 3494 3266 3550 quam
3298 3479 3452 3534 vitiis
3486 3496 3623 3537 eon-

2039 3574 2429 3623 sentanearum
2458 3567 2738 3623 actionum
2784 3569 3056 3639 principia
3087 3586 3197 3625 non
3248 3580 3377 3628 sunt
3410 3571 3461 3626 in
3525 3589 3624 3628 nov

2041 3667 2151 3713 stra
2184 3665 2478 3728 potestate,
2509 3658 2605 3714 sed
2637 3674 2668 3713 a
2701 3660 3126 3718 necessitatibus
3162 3661 3408 3717 siderum
3465 3674 3621 3718 nata—

2040 3748 2288 3806 litiorum
2312 3752 2573 3822 pendent,
2601 3757 2995 3825 supervacanei
3021 3767 3151 3813 sunt
3180 3760 3361 3830 legum
3391 3761 3620 3824 latores,

2042 3843 2137 3911 qui
2167 3843 2377 3914 agenda
2423 3845 2794 3918 fugiendaque
2838 3848 3000 3904 nobis
3049 3849 3339 3904 deﬁniunt.
3386 3852 3610 3906 Nullum

2042 3937 2295 3993 cstenim
2350 3940 2435 3993 vel
2493 3939 2635 3995 furis
2671 3942 2932 3996 delictum
2967 3943 3051 3996 vel
3101 3941 3417 4006 homicidae,
3454 3944 3498 3997 si
3554 3960 3623 3996 ne.

2045 4029 2237 4086 volens
2264 4031 2487 4100 quidem
2521 4033 2809 4087 continere
2842 4048 3063 4086 manum
3085 4042 3320 4102 poterat.
3359 4033 3465 4088 Sed
3514 4051 3621 4092 non

2044 4130 2129 4176 est
2159 4121 2264 4176 hoc
2291 4136 2506 4187 verum,
2569 4137 2678 4176 non
2707 4132 2811 4176 est.
2863 4122 3073 4195 Quippe
3106 4138 3221 4177 sua:
3277 4124 3492 4197 spontis
3541 4134 3628 4179 est

2046 4213 2233 4278 homo,
2259 4228 2384 4269 cum
2422 4212 2488 4269 ad
2524 4214 2816 4285 imaginem
2847 4213 2943 4269 Dei
2977 4214 3048 4269 sit
3076 4214 3293 4280 factus;
3339 4230 3451 4285 quo
3484 4214 3538 4268 iit
3564 4225 3627 4273 ut

2047 4320 2226 4375 neque
2260 4304 2529 4360 nativitati
2581 4312 2746 4360 certa:
2780 4320 2960 4378 neque
3025 4305 3303 4365 sideribus
3339 4309 3629 4379 subjectus

366 4394 520 4461 ἄξιον
548 4389 638 4466 ἦν,
670 4396 732 4455 οὐ
765 4396 872 4470 μὴν
898 4397 1188 4467 ἐπιφέρειν
1221 4398 1514 4467 μάστιγας,
1545 4400 1621 4463 ὡς
1648 4400 1677 4453 6
1706 4401 1937 4472 χρυσορ-

2052 4397 2143 4451 sit.
2172 4396 2311 4463 Quin
2341 4396 2506 4451 etiam
2531 4411 2755 4466 quoquo
2808 4396 2973 4455 modo
3024 4397 3476 4469 delinquentibus
3516 4403 3630 4454 fato

369 4489 565 4560 ῥήμων
591 4487 843 4557 Ἰωάννης
868 4490 1050 4560 φησίν.
1074 4490 1185 4545 Καὶ
1207 4490 1316 4561 γὰρ
1338 4492 1398 4547 έν
1418 4484 1498 4555 οἷς
1524 4490 1739 4561 ἐξέθετο
1761 4491 1943 4562 λόγοις

368 4580 504 4649 περὶ
549 4579 893 4656 είμαρμένης
940 4580 1035 4637 καὶ
1075 4581 1199 4637 τάδε
1245 4582 1485 4656 διέξεισι.
1534 4581 1660 4646 Τοῖς
1707 4585 1808 4655 μὲν
1850 4580 1945 4639 οὖν
1998 4612 2001 4615 λ

368 4671 591 4748 ἀνάγκη
639 4672 1025 4741 κατεχομένοις
1076 4671 1477 4740 συγγινώσκειν
1526 4672 1771 4743 οἴδαμεν.
1826 4674 1946 4729 Κᾶν

371 4763 482 4837 γὰρ
523 4762 630 4823 ὐπδ
672 4762 928 4833 δαίμονός
968 4778 1053 4823 τις
1097 4762 1483 4833 ινοχλούμενος
1530 4765 1563 4835 ἢ
1607 4764 1699 4818 τὸν
1742 4766 1955 4835 χιτῶνα,

372 4857 638 4937 διαρῤηξη
664 4857 752 4912 τδν
776 4857 1045 4933 ἡμέτερον
1069 4859 1103 4930 ᾖ
1129 4857 1343 4928 πληγὰς
1366 4858 1667 4937 ἐπενέγκῃ,
1691 4858 1752 4912 οὐ
1782 4859 1948 4930 μόνον

374 4949 438 5008 οὐ
477 4934 811 5019 κολάζομεν,
845 4948 983 5004 ἀλλὰ
1020 4949 1114 5003 καὶ
1149 4948 1411 5020 ἐλεοῦμεν
1445 4952 1543 5004 καὶ
1579 4934 1951 5019 συγγινώσκο-

380 5058 502 5112 μεν.
518 5044 583 5099 Τί
616 5043 851 5115 δήποτες
878 5042 1001 5096 Ὅτι
1033 5044 1132 5113 οὐχ
1154 5045 1189 5114 ἡ
1210 5045 1607 5116 προαιρέσεως,
1646 5043 1761 5101 ἀλλ’
1786 5046 1819 5114 ἡ
1854 5042 1950 5098 τοῦ

375 5134 627 5205 δαίμονος
659 5137 751 5205 βά
774 5136 952 5192 ταῦτα
977 5136 1293 5208 εῑργάσατο.
1318 5137 1483 5192 Ὥστε
1514 5138 1563 5190 εἱ
1592 5138 1687 5191 καὶ
1713 5135 1783 5189 τά
1813 5136 1950 5190 ἀλλα

377 5226 754 5303 ἁμαρτήματα
780 5228 891 5283 ἀπὸ
917 5230 1016 5300 τῆς
1047 5230 1292 5299 ἀνάγκης
1321 5229 1420 5300 τῆς
1452 5228 1598 5289 κατά
1625 5229 1726 5299 τὴν
1753 5229 1952 5302 εἱμαρο

380 5320 552 5391 μένην
588 5322 850 5390 ιγίνοντο.
894 5322 1239 5392 συνέγνωμεν
1278 5321 1385 5377 ἀν’
1438 5322 1627 5392 ιπειδὴ
1670 5322 1829 5391 ῐσμεν
1868 5323 1951 5375 ὅτι

374 5410 481 5464 οῦκ
516 5411 665 5465 εστιν
703 5412 951 5485 ἀνάγκη,
991 5412 1080 5467 διά
1114 5412 1275 5466 τοῦτο
1311 5412 1436 5466 ούδδ
1477 5413 1950 5483 συγγινώσκομεν.

377 5501 443 5554 El
471 5501 580 5574 γάρ
608 5502 825 5575 ἀνάγκη
857 5505 919 5559 τά
949 5504 1195 5575 ἡμέτερα
1221 5504 1451 5567 ῑδέδετο,
1476 5504 1621 5568 τίνος
1650 5504 1837 5562 ἕνεκεν
1865 5504 1955 5558 τὸν

377 5593 599 5666 οίκέτην
638 5595 944 5664 κεκλοφότα
990 5594 1311 5666 μαστίζενς;
1352 5595 1442 5651 διά
1485 5597 1539 5651 τί
1579 5597 1678 5667 τὴν
1721 5599 1956 5665 γυναῖκα

384 5685 769 5756 μοιχευθεῖσαν
812 5688 893 5756 είς
938 5687 1224 5761 κριτήριον
1268 5688 1483 5755 ἓλκεις;
1526 5690 1611 5747 ἵνα
1662 5689 1713 5747 τί
1758 5691 1815 5747 δὲ
1863 5693 1955 5749 καὶ

2051 4487 2312 4559 quodam,
2355 4487 2701 4553 ut'diximus,
2737 4503 2957 4558 aequum
2982 4499 3127 4549 esset
3160 4491 3466 4559 ignoscere,
3519 4507 3628 4553 non

2050 4578 2311 4635 adhibere
2367 4578 2620 4645 verbera,
2677 4579 3138 4649 quemadmodum
3204 4581 3632 4650 Chrysostomus

2052 4670 2148 4729 ait.
2186 4669 2321 4726 Nam
2353 4672 2407 4726 in
2441 4670 2787 4731 orationibus
2802 4687 2938 4741 quas
2960 4670 3155 4729 habuit
3181 4672 3248 4726 de
3279 4670 3410 4727 Fato
3440 4673 3634 4743 hujus-

2054 4762 2201 4817 modi
2235 4763 2485 4836 quadam
2518 4762 2722 4820 tradit:
2763 4762 2834 4819 Iis
2867 4762 2960 4835 qui
2993 4763 3316 4825 necessitate
3339 4775 3631 4833 coguntur.

2055 4856 2338 4927 ignoscere
2358 4856 2633 4920 solemus.»
2673 4855 2886 4922 Etenim
2944 4854 2989 4910 si
3016 4856 3141 4926 quis
3204 4872 3234 4911 a
3289 4857 3431 4912 malo
3473 4858 3635 4927 genio

2054 4956 2283 5004 vexatus
2319 4948 2407 5007 vel
2464 4947 2702 5002 tunicam
2740 4954 2981 5003 nostram
3040 4947 3367 5004 laeeraverit
3413 4949 3498 5004 vel
3539 4965 3639 5004 nos

2057 5039 2383 5096 verberibus
2416 5038 2684 5103 aﬂecerit,
2712 5053 2823 5093 non
2852 5039 3015 5099 modo
3048 5054 3177 5099 non,
3197 5041 3456 5111 punimus
3483 5057 3636 5105 eum.

2059 5132 2154 5189 sed
2184 5134 2347 5188 etiam
2383 5132 2714 5188 miseramur
2746 5132 3079 5202 veniamque
3113 5133 3399 5203 largimur.
3430 5134 3639 5201 Quam-

2058 5229 2248 5283 obrem
2282 5227 2460 5282 istuc?
2496 5226 2632 5299 Quia
2669 5239 2777 5279 non
2832 5223 3143 5290 electionis,
3178 5225 3272 5280 sed
3330 5226 3456 5280 mali
3493 5225 3638 5296 genii

2063 5320 2143 5374 vis
2171 5334 2236 5374 ea
2262 5317 2589 5389 designavit.
2625 5315 2747 5383 Quo
2774 5314 2830 5371 lit
2858 5325 2917 5373 ut
2946 5314 2992 5370 si
3020 5316 3242 5385 quidem
3272 5317 3377 5371 alia
3416 5332 3640 5385 quoque

2061 5410 2260 5465 delicta
2297 5407 2365 5463 de
2410 5409 2735 5463 necessitate
2777 5407 2871 5462 fati
2929 5408 3307 5477 provenirent,
3345 5409 3638 5475 ignoscen-

2062 5503 2193 5558 dum
2223 5502 2305 5557 eis
2331 5500 2558 5555 omnino
2585 5500 2748 5555 foret.
2807 5499 2943 5554 Nam
2986 5500 3030 5553 si
3059 5500 3362 5553 necessitas
3392 5512 3481 5552 res
3544 5513 3642 5552 no-

2064 5603 2204 5650 stras
2232 5592 2561 5649 constrictas
2600 5599 2769 5658 tenet,
2817 5591 3171 5661 quamobrem
3200 5603 3419 5642 servum
3486 5597 3642 5643 tuum

2068 5685 2273 5757 aliquid
2338 5686 2665 5741 sulfuratuut
2720 5683 3016 5739 verberas?
3074 5680 3436 5750 quamobrem
3488 5681 3645 5739 adul.
