4052 6200
489 171 556 228 7.)
1771 185 2054 243 MlL'llAE

2155 187 2192 245 s
2234 187 2492 250 (λιταῖς
3209 166 3214 170 ’
3667 187 3740 252 7r.

491 289 609 341 t-arrii
650 304 794 342 ream
838 305 1064 344 uxorem
1100 294 1154 346 in
1203 294 1291 364 jus
1325 293 1505 363 rapis?
1560 294 1917 362 quamobrem
1945 307 2054 349 tur-

2168 301 2383 373 πονηρά
2414 301 2670 374 πράττων
2697 298 2959 371 αἰσχύνῃ;
2989 297 3225 369 Εὔδηλον
3255 295 3348 354 οὖν
3381 300 3631 355 ἐντεῦθεν
3657 303 3739 357 ὅτι

491 378 575 446 pia
611 378 910 449 designans
956 381 1170 451 pudore
1220 381 1494 437 alliceris?
1544 383 1619 436 De
1691 383 1776 439 his
1825 385 2062 458 perspici

489 472 599 542 28
627 471 786 526 facile
816 480 995 541 potest
1033 488 1209 542 neque
1241 475 1410 528 fatqu
1439 489 1617 545 neque
1655 475 1931 532 fortunam
1963 493 2065 532 nc-

489 576 596 630 que
625 561 961 616 nativitatem
985 576 1162 630 neque
1187 576 1412 617 cursum
1445 565 1688 620 siderum
1723 581 1811 622 res
1846 578 2066 624 nostras

489 653 811 720 gubernare.
843 652 976 705 Nam
1011 652 1056 705 si
1092 652 1195 707 hoc
1223 653 1543 724 largiamur,
1577 657 1710 726 quid
1743 673 1908 728 porro
1972 675 2064 716 ne-

487 757 639 797 cesse
680 743 842 796 fuerit
866 742 1135 799 adhibere
1176 746 1395 801 labores
1436 757 1601 817 atque
1633 748 1885 816 sudores,
1945 761 2062 806 uta

487 838 633 892 vitiis
693 839 965 894 immunes
1019 841 1237 896 simus?
1287 841 1569 912 Siquidem
1623 845 1731 898 fato
1779 845 2062 900 decretum

484 943 566 987 est
599 934 711 987 fore
743 935 980 1003 aliquem
1018 937 1242 1000 malum,
1305 938 1519 992 etiamsi
1566 939 1846 994 molestias
1878 940 2063 994 inlini-

484 1036 563 1080 tas
588 1027 875 1095 suscipiat,
932 1028 1108 1082 maius
1163 1029 1286 1083 erit.
1328 1031 1421 1084 Vel
1477 1030 1661 1100 potius
1714 1031 1823 1085 dici
1888 1031 2064 1086 malus

483 1136 826 1190 nequaquam
859 1120 1043 1182 debet,
1087 1123 1180 1191 qui
1222 1138 1250 1176 a
1301 1122 1626 1177 necessitate
1681 1123 1748 1177 ad
1791 1124 1894 1178 hec
1957 1125 2064 1177 im-

485 1213 729 1280 pellitur.
777 1211 981 1277 Quodsi
1011 1212 1172 1266 ctiam
1205 1212 1348 1266 bona
1400 1212 1654 1267 valetudo
1685 1223 1848 1282 atque
1884 1215 2061 1268 morbi

485 1323 511 1354 a
545 1305 654 1356 fato
690 1305 952 1372 pendent,
981 1319 1404 1374 supervacanea:
1439 1317 1565 1360 sunt
1593 1320 1756 1362 onum
1780 1307 2059 1377 impensae,

483 1410 889 1462 supervacanea
952 1395 1288 1449 medicorum
1324 1399 1585 1459 accessio,
1653 1411 2061 1466 supervacanea

484 1488 720 1556 denique
752 1489 930 1542 victus
962 1488 1123 1553 ratio,
1160 1504 1322 1557 quam
1355 1490 1547 1543 morbo
1579 1489 1763 1559 aliquo
1801 1488 2060 1542 laboran-

485 1591 565 1633 tes
595 1592 851 1635 accurate
881 1591 1126 1634 scrvant.
1185 1583 1253 1635 At.
1287 1597 1413 1637 cum
1471 1583 1590 1637 haec
1649 1595 2058 1652 supervacanea

482 1687 589 1724 non
628 1670 738 1724 sint
773 1673 905 1739 (quo
939 1671 1084 1725 enim
1117 1681 1276 1740 pacto
1314 1671 1368 1725 id
1409 1671 1516 1725 dici
1545 1671 1758 1741 possit?
1795 1686 1919 1724 cum
1949 1684 2062 1724 ma-

481 1780 638 1830 gnam
675 1779 738 1817 ex
765 1764 849 1816 his
883 1763 1172 1818 utilitatem
1203 1763 1411 1834 percipi
1440 1759 1904 1833 conspiciamusi,’
1921 1763 2065 1835 jacet

481 1858 597 1909 haec
628 1855 695 1909 de
734 1855 846 1910 fato
879 1854 1084 1919 fabula,
1116 1856 1257 1925 jacet
1290 1859 1469 1910 omnis
1502 1855 1568 1911 de
1597 1855 1852 1910 natalitio
1879 1854 2064 1910 sidere

480 1947 680 2001 orat-io.
713 1947 830 2001 Non
865 1949 1010 2002 enim
1053 1948 1308 2002 homines
1338 1947 1432 2001 ulli
1475 1948 1789 2003 necessitati
1834 1947 2064 2016 subjecti

479 2055 694 2104 sumus,
719 2041 814 2093 sed
855 2039 1038 2109 potius
1062 2039 1346 2094 electionis
1371 2038 1622 2095 libertate
1653 2054 1716 2094 ac
1767 2038 2066 2094 voluntatis

479 2132 709 2184 arbitrio
775 2131 1042 2184 divinitus
1101 2131 1301 2184 ornati.
1359 2131 1492 2185 Nam
1554 2131 1599 2186 si
1651 2145 1758 2185 non
1821 2139 1907 2186 est
1954 2144 2067 2184 suae

480 2223 692 2291 spontis
721 2223 1259 2292 atquejurishomo,
1315 2231 1488 2276 restat
1545 2237 1668 2276 eum
1729 2239 1797 2278 ne
1847 2223 1914 2277 ad
1965 2221 2062 2276 Dei

479 2314 701 2381 quidem
760 2313 1049 2382 imaginem
1081 2325 1323 2367 creatum
1359 2329 1502 2368 esse.
1567 2314 1683 2380 Quo
1709 2315 1854 2370 enim
1904 2324 2065 2386 pacto

481 2404 840 2458 simulacrum
877 2414 1090 2458 natura:
1128 2405 1274 2459 illius
1303 2405 1670 2476 imperatricis
1701 2422 1822 2462 esse
1868 2406 2064 2477 possit,

478 2496 523 2549 si
559 2495 660 2550 hac
692 2497 747 2550 in
806 2507 962 2566 parte
1021 2496 1292 2567 diserepet
1328 2497 1396 2552 ab
1448 2498 1746 2568 exemplari
1784 2498 2069 2569 principe?

477 2590 690 2659 Quippe
721 2589 1272 2660 eonveniebatatque
1302 2607 1398 2660 par
1427 2600 1566 2656 erat,
1602 2601 1662 2645 ut
1700 2591 1752 2645 id
1785 2591 1932 2662 quod
1968 2606 2065 2661 per

477 2683 660 2736 omnia
741 2679 1142 2734 conformatum
1216 2683 1281 2735 ad
1338 2681 1753 2738 similitudinem
1815 2683 2067 2740 Numinis

480 2787 650 2839 esset,
692 2773 1156 2844 quemadmodum
1186 2774 1463 2845 Nyssenus
1489 2775 1714 2830 antistes
1748 2776 1844 2839 ait,
1879 2775 1933 2830 in
1965 2791 2065 2830 na-

475 2875 598 2920 tura
649 2881 746 2921 sua
777 2875 1105 2936 potestatem
1149 2867 1342 2936 agendi
1379 2868 1649 2923 arbitratu
1683 2884 1782 2923 suo
1839 2869 2066 2924 haberet

2165 392 2288 446 οῦτε
2323 391 2632 463 εἱμαρμένη
2667 390 2788 444 οὔτε
2820 390 2956 462 τύχη
2988 389 3114 444 οὔτε
3147 391 3364 458 γένεσις
3397 390 3519 444 οῦτε
3553 392 3742 464 δρὸμοι

2164 484 2413 556 ἀστέρων
2448 485 2514 538 τά
2557 483 2680 537 καθ’
2706 483 2856 554 ἡμᾶς
2891 484 3103 538 διοικεῖ.
3141 484 3203 536 Et
3239 483 3347 552 γὰρ
3380 483 3540 560 τοῦτο
3573 486 3745 539 adno-

2168 593 2288 646 μεν,
2327 575 2412 639 τίς
2453 575 2609 646 χρεία
2649 573 2836 630 λοιπὸν
2876 575 3055 628 πόνων
3095 574 3189 629 καὶ
3233 574 3472 646 ἱδρώτων
3513 576 3648 646 πρὸς
3682 579 3745 630 το

2168 664 2467 734 κατορθοῦν
2518 665 2721 736 ἀρετὴν
2775 665 2964 729 ἔσταις
3000 665 3276 735 Είμαρταί
3325 683 3430 718 τινι
3483 667 3742 734 γενέσθαι

2165 753 2328 816 καλός
2354 770 2368 784 ·
2406 753 2504 807 καὶ
2543 753 2822 808 καθεύδων
2858 755 2884 806 ὁ
2919 752 3160 816 τοιοῦτος
3200 755 3292 808 καὶ
3334 755 3550 826 ῥέγχων
3585 755 3741 811 ἔσται

2164 846 2350 909 καλός.
2380 846 2597 901 Μᾶλλον
2627 847 2683 900 δὲ
2715 847 2774 900 ού
2804 847 2970 900 καλὸν
2997 847 3089 902 τὸν
3117 848 3358 901 τοιοῦτον
3387 849 3534 902 ἐστιν
3563 850 3739 902 εἰπεῖν

2164 935 2254 987 τον
2285 936 2342 1000 ἑξ
2373 936 2620 1004 ἀνάγκης
2650 938 2728 1000 είς
2759 937 2969 990 τοιοῦτο
2994 938 3298 1009 γινόμενον.
3331 939 3428 1002 Τίς
3456 940 3613 1010 χρεία
3642 940 3740 993 πό-

2165 1045 2268 1079 νων
2299 1025 2374 1098 (8)
2405 1029 2540 1096 πρὸς
2567 1027 2627 1080 τὸ
2655 1027 2860 1082 κακίαν
2886 1033 3110 1098 φυγεῖν;
3142 1031 3189 1082 εί
3221 1029 3494 1101 Εἴμαρταί
3519 1047 3623 1084 τινι
3649 1048 3714 1100 γε

2163 1116 2350 1170 νέσθαι
2386 1117 2590 1183 κακὸς,
2623 1117 2728 1171 κάν
2762 1117 2932 1187 μυρία
2963 1119 3283 1188 ταλαιπωρῇ
3307 1157 3321 1179 ,
3357 1119 3526 1181 κακὸς
3559 1118 3738 1174 ἔσται.

2163 1208 2380 1261 Μᾶλλον
2411 1209 2466 1261 δὲ
2499 1208 2559 1261 ού
2596 1209 2764 1262 κακὸν
2796 1209 2886 1262 τὸν
2919 1208 3106 1262 τοῦτον
3138 1209 3284 1262 ἔστιν
3317 1211 3491 1264 εἰπεῖν
3521 1209 3612 1263 τὸν
3645 1211 3740 1264 ὑπ’

2164 1302 2412 1371 ἀνάγκης
2459 1301 2597 1371 πρὸς
2638 1301 2798 1354 τοῦτο
2841 1301 3172 1372 ὠθούμενον.
3218 1303 3388 1371 Εἴπερ
3437 1303 3595 1372 ὑγεία
3643 1305 3741 1357 καὶ

2165 1393 2316 1454 νόσος
2343 1394 2439 1461 τῆς
2472 1392 2816 1462 εἱμαρμένης
2844 1392 3097 1462 ἤρτηται,
3128 1392 3362 1461 περιττὰ
3390 1393 3499 1447 τῶν
3523 1394 3742 1465 χρημά-

2161 1499 2270 1536 των
2297 1483 2366 1536 τὰ
2396 1482 2730 1552 ἀναλώματα
2750 1523 2766 1546 ,
2797 1483 3025 1553 περιττὴ
3056 1482 3166 1534 τῶν
3204 1483 3404 1554 ἰατρῶν
3434 1485 3467 1553 ἡ
3499 1485 3700 1546 εἴσοδος
3721 1523 3738 1547 .

2164 1576 2396 1646 περιττὴ
2435 1576 2491 1629 δὲ
2530 1575 2624 1629 καὶ
2665 1577 2697 1645 ἡ
2730 1575 2839 1628 τῶν
2875 1576 3174 1628 νοσούντων
3207 1576 3420 1646 διαίτης
3457 1576 3738 1648 ἀκρίϐεια.

2178 1665 2530 1736 Ἀλλ’ὲπειδὴ
2574 1665 2652 1735 μὴ
2673 1665 2903 1736 περιττά
2939 1665 3110 1720 ταῦτα
3151 1667 3290 1735 (πῶς
3318 1668 3447 1738 γὰρ,
3489 1669 3604 1737 είγε
3643 1669 3742 1721 καὶ

2167 1757 2370 1826 πολλὴν
2397 1758 2614 1827 ὁρῶμεν
2638 1758 2738 1828 τὴν
2765 1757 3017 1810 ἐντεῦθεν
3042 1757 3334 1828 ὠφέλειαν)
3355 1800 3370 1825 ,
3399 1759 3610 1834 οἴχεται¹
3637 1759 3742 1830 μὲν

2165 1852 2193 1904 ὁ
2219 1850 2316 1920 τῆς
2347 1847 2690 1921 εἱμαρμένης
2724 1847 2920 1918 μῦθος,
2949 1849 3158 1918 οἴχεται
3187 1849 3245 1903 δὲ
3277 1850 3370 1902 καὶ
3398 1851 3426 1903 ὀ
3453 1849 3555 1920 τῆς
3582 1849 3741 1917 γενέ-

2167 1960 2306 2006 σεως
2331 1943 2508 2009 λόγος.
2537 1942 2780 2014 Ούδεμιᾷ
2807 1942 2915 2013 γάρ
2945 1943 3158 2015 ἀνάγκη
3183 1941 3252 1996 τὰ
3280 1941 3402 1996 καθ’
3429 1944 3575 2014 ἡμᾶς
3603 1942 3741 1996 ὑπό-

2165 2054 2377 2102 κειται,
2409 2036 2700 2106 τετίμηται
2732 2037 2789 2089 δὲ
2823 2036 3022 2106 μᾶλλον
3059 2037 3428 2107 προαιρέσεως
3460 2035 3744 2109 ἐλευθερίᾳ

2166 2129 2262 2180 καὶ
2289 2125 2748 2195 αύτεξουσιότητι.
2778 2127 2841 2178 Et
2865 2127 2971 2196 γὰρ
3003 2127 3076 2196 μὴ
3105 2127 3450 2191 αὖτεξούσιος
3477 2129 3504 2180 ὀ
3531 2126 3742 2199 ἀνθρωι

2166 2235 2297 2286 πος,
2338 2217 2461 2270 ούδὶ
2501 2217 2623 2272 κατ’
2649 2217 2848 2270 εἰκόνα.
2872 2215 3011 2270 Θεοῦ
3053 2216 3311 2287 παρήχθη
3351 2217 3536 2271 λοιπόν
3561 2232 3575 2256 ε
3619 2217 3742 2280 πῶς

2165 2316 2258 2367 καὶ
2306 2312 2414 2383 γὰρ
2460 2312 2626 2365 είκὼν
2673 2311 2739 2366 ἂν
2783 2311 2868 2381 εἴη
2913 2311 3011 2379 τῆς
3059 2311 3453 2381 βασιλευούσης
3495 2310 3736 2380 φύσεως,

2166 2404 2286 2459 κατ’
2310 2406 2486 2458 ἐκεῖνο
2510 2405 2571 2458 τὸ
2603 2405 2666 2475 μέ
2679 2421 2767 2473 ρος
2797 2403 3088 2473 ἀνισότητα
3116 2404 3298 2474 φέρων
3325 2403 3459 2475 πρὸς
3483 2404 3545 2458 τὸ
3571 2405 3742 2474 ἀρχέ-

2164 2515 2368 2565 τυπον;
2395 2499 2644 2569 Ἔπρεπε
2673 2496 2783 2568 γὰρ
2812 2495 2872 2550 τδ
2912 2497 3002 2550 διὰ
3047 2497 3263 2551 πάντων
3301 2498 3439 2568 πρὸς
3480 2498 3542 2552 τὸ
3583 2497 3738 2552 Θεῖον

2163 2590 2542 2661 ὡμοιωμένον,
2565 2589 2640 2653 ὡς
2663 2591 2690 2641 ὁ
2717 2588 2938 2658 Νύσσης
2966 2589 3160 2658 φησὶν,
3186 2591 3244 2642 έν
3266 2593 3332 2660 τῇ
3361 2590 3518 2660 φύσει
3541 2591 3739 2660 κεκτῆ-

2166 2681 2292 2735 σθαι
2316 2682 2377 2734 τδ
2409 2679 2742 2751 αὐτοκρατὲς
2773 2679 2868 2732 καὶ
2896 2679 3212 2734 ἀδέσποτον.
3246 2679 3521 2734 Δέδεικται
3551 2679 3642 2732 οῦν
3668 2682 3733 2731 ὲκ

2167 2770 2375 2827 πολλῶν
2399 2772 2482 2826 ὃτι
2508 2770 2774 2839 γενέσεως
2805 2771 3017 2840 ἀνάγκη
3047 2771 3186 2824 κατά
3213 2770 3312 2839 τὴν
3336 2770 3442 2824 τῶν
3470 2770 3732 2823 πλειόνων

2139 2863 2142 2868 ’
2168 2865 2437 2937 ὑπόληψιν
2464 2865 2524 2918 ού
2553 2865 2818 2934 δεδέμεθα
2838 2880 2852 2895 ·
2880 2865 2940 2916 ού
2970 2863 3079 2933 γὰρ
3107 2861 3264 2917 τοῦτο
3291 2857 3380 2933 ἦν,
3407 2863 3453 2915 εί
3487 2863 3562 2930 μὴ
3592 2863 3732 2916 κατά

476 2953 829 3028 imperioque
865 2959 1109 3013 neminis
1151 2971 1390 3029 pareret.
1423 2959 1610 3031 Itaque
1645 2962 1834 3017 rnultis
1863 2962 2054 3032 proha-

2166 2959 2392 3029 γνώμην
2423 2959 2557 3030 ἡμῖν
2586 2957 2652 3011 τὰ
2687 2959 3042 3028 πραττόμενα
3071 2955 3404 3027 πράττεταις
3436 2955 3556 3008 κατ’
3581 2954 3734 3007 οὐδὲν

475 3059 588 3104 tum
641 3051 872 3104 minime
932 3065 1033 3106 nos
1080 3051 1314 3124 alicujus
1369 3053 1599 3107 natalitii
1659 3053 1876 3121 sideris,
1937 3070 2058 3123 qua:

473 3143 840 3213 complurium
894 3153 978 3198 est
1027 3143 1236 3213 opinio,
1293 3145 1620 3198 necessitate
1679 3144 1859 3217 ligari.
1919 3145 2056 3200 Nam

472 3235 770 3304 czeteroqui
807 3235 954 3290 nulla
985 3250 1041 3288 re
1077 3251 1177 3289 nos
1211 3235 1424 3292 ratiooe
1448 3237 1627 3290 ornati
1657 3252 1684 3290 a
1729 3237 1908 3293 brutis
1942 3239 2060 3293 ani-

472 3327 711 3380 malibus
737 3325 1115 3390 differrentus,
1157 3343 1391 3396 quorqu
1441 3337 1527 3382 est
1555 3329 1822 3384 arbitratu
1853 3331 2053 3395 alieno,

472 3431 583 3482 quo
618 3417 792 3470 visum
823 3416 978 3470 alteri
1011 3416 1198 3480 fuerit,
1229 3417 1380 3481 duci,
1412 3433 1535 3472 cum
1593 3418 1825 3472 rationis
1889 3429 2056 3487 atque

475 3508 674 3562 tuentis
705 3508 981 3578 particeps
1014 3517 1232 3573 natura,
1289 3511 1338 3564 si
1388 3511 1702 3565 libertatem
1758 3512 2056 3567 voluntatis

473 3599 712 3663 amittat,
744 3599 912 3656 etiam
936 3599 1206 3654 beneficio
1235 3600 1510 3656 facultatis
1538 3600 1894 3670 intelligentis
1925 3617 2052 3673 spo-

472 3675 660 3744 lictur.
695 3689 831 3758 Quis
861 3693 1007 3746 enim
1047 3693 1247 3747 mentis
1279 3708 1408 3747 usus
1463 3693 1513 3746 ei
1550 3691 1733 3757 fuerit,
1797 3694 1840 3748 si
1871 3709 1900 3748 a
1955 3693 2050 3750 fati

2147 3053 2222 3107 ’ἂν
2250 3055 2411 3122 ἡμεῖς
2439 3053 2490 3106 οί
2516 3052 2660 3122 λόγῳ
2691 3050 3051 3122 τετιμημένοι
3075 3048 3184 3102 τῶν
3210 3049 3418 3116 ἀλόγων
3446 3045 3598 3113 ζώων
3625 3047 3734 3100 διε-

2155 3146 2462 3216 νηνόχαμεν
2485 3161 2500 3177 ο
2526 3145 2636 3198 τῶν
2663 3144 2772 3212 γὰρ
2799 3141 3058 3196 τοιούτων
3087 3140 3201 3194 ἐστὶ
3229 3143 3289 3193 τὸ
3315 3140 3578 3209 ἀλλοτρίῳ
3609 3137 3733 3208 βου-

2153 3239 2358 3310 λήματι
2390 3238 2528 3307 πρδς
2553 3236 2612 3290 τὸ
2641 3235 2832 3289 δοκοῦν
2861 3235 3241 3305 περιάγεσθαι.
3273 3233 3333 3288 Ἠ
3362 3233 3419 3286 δὲ
3445 3233 3637 3304 λογική
3657 3221 3732 3286 ’τε

2142 3332 2250 3386 ,καὶ
2276 3330 2439 3402 νοερὰ
2468 3329 2650 3399 φύσις,
2680 3327 2773 3382 ὲάν
2799 3327 2858 3381 τὸ
2885 3326 3010 3380 κατ’
3033 3325 3283 3394 ἐξουσίαν
3308 3324 3605 3395 ἀπόθηται,
3631 3325 3728 3378 καὶ

2155 3422 2255 3493 τὴν
2286 3423 2448 3493 χάριν
2479 3421 2575 3474 τοῦ
2609 3418 2798 3491 νοεροῦ
2833 3418 3215 3472 συναπώλεσεν
3243 3433 3258 3447 ·
3295 3419 3374 3480 είς
3406 3419 3456 3471 τί
3491 3418 3584 3470 καὶ
3617 3417 3727 3486 γάρ

2153 3517 2414 3586 χρήσεται
2462 3513 2529 3583 τῇ
2583 3511 2812 3583 διανοίᾳ,
2860 3513 2927 3582 τῇ
2973 3513 3072 3582 τῆς
3119 3509 3461 3581 εἱμαρμένης
3513 3509 3727 3580 ἀνάγκη

2151 3603 2525 3675 περιαγομένη
2577 3603 2831 3657 κάκεῖθεν
2878 3604 2971 3654 ἐπὶ
3020 3604 3086 3655 τὰ
3127 3601 3388 3670 ’πρακτέα
3439 3599 3726 3671 παρωθουο

2155 3695 2327 3766 μένης
2360 3695 2470 3750 Καὶ
2497 3694 2672 3748 ταῦτα
2703 3693 2804 3765 μὲν
2833 3693 2898 3764 δὴ
2929 3696 2986 3756 ές
3014 3691 3288 3746 τοσοῦτον.

471 3783 800 3839 necessitate
839 3783 1094 3847 ducatur,
1122 3785 1272 3840 etab
1303 3800 1366 3841 ea
1404 3784 1559 3855 quasi
1615 3789 1973 3856 protrudatur
2035 3798 2091 3845 et
2127 3788 2442 3859 impellatur
2481 3786 2549 3842 ad
2603 3787 2899 3843 actiones?
2932 3787 3012 3842 Ac
3043 3787 3108 3842 de
3170 3785 3258 3840 his
3316 3784 3537 3856 quidem
3602 3783 3730 3840 hae-

471 3893 556 3938 ten
566 3897 652 3937 IIS.

540 3975 622 4030 Tu
657 3989 810 4041 vero,
844 3976 1044 4030 dilecte
1073 3975 1169 4040 liii,
1207 3978 1498 4047 sifquando
1553 3978 1755 4033 videris
1787 3978 2050 4034 infantem

469 4069 722 4123 vitiatum
753 4083 819 4122 ex
849 4069 972 4122 alvo
1005 4067 1193 4122 matris
1253 4071 1437 4138 egredi
1471 4070 1564 4140 qui
1598 4070 1683 4124 vel
1719 4070 1908 4141 biceps
1967 4073 2050 4124 vel

468 4162 790 4233 quadrupes
821 4162 912 4226 sit,
949 4161 1414 4230 quemadmodum
1444 4161 1707 4218 Mauricio
1743 4163 2050 4234 imperante

466 4253 688 4316 accidit,
720 4253 831 4307 noli
860 4253 1177 4308 existimare
1209 4271 1314 4307 non
1354 4254 1513 4309 bonis
1572 4255 1814 4310 siderum
1849 4256 2046 4325 adspe-

465 4344 648 4398 ctibus
681 4343 950 4412 ejusmodi
980 4344 1330 4409 conformari,
1367 4345 1826 4414 quemadmodum
1855 4345 2044 4400 existi-
2073 4377 2117 4433 θ

469 4437 638 4489 mavit
668 4435 800 4489 olim
833 4434 1059 4490 Hermes
1093 4435 1208 4499 ille,
1246 4437 1338 4507 qui
1377 4453 1569 4509 magno
1595 4448 1678 4502 est
1711 4438 1854 4508 apud
1891 4437 2038 4492 Cra:-

463 4541 557 4580 cos
579 4526 634 4578 in
667 4526 897 4581 honore.
953 4527 1141 4581 Potius
1171 4542 1367 4596 magno
1396 4527 1694 4582 Athanasio
1755 4536 1810 4582 et
1839 4527 2038 4582 Joanni

462 4615 856 4684 Chrysostomo
881 4616 1201 4683 caeterisque
1233 4615 1488 4670 Patribus
1523 4616 1684 4670 fidem
1748 4616 1915 4679 habe.
1946 4617 2040 4686 qui

459 4708 526 4760 de
560 4707 780 4761 homine
809 4722 837 4759 a
866 4705 1150 4760 nativitate
1179 4722 1326 4762 caeco
1375 4714 1429 4760 et
1461 4707 1637 4763 altero
1691 4723 1721 4761 a
1757 4707 2042 4763 nativitate

456 4799 652 4852 claudo
679 4799 1036 4874 disserentes,
1065 4811 1282 4852 causam
1314 4799 1508 4851 harum
1559 4814 1739 4854 rerum
1804 4800 1870 4853 ad
1903 4799 2035 4855 cll‘e-

456 4888 683 4942 ctrieem
713 4887 838 4941 vitae
868 4897 1121 4940 naturam
1154 4889 1324 4955 ipsam
1353 4888 1619 4954 referunt,
1679 4906 1789 4944 non
1818 4901 2037 4944 contra-

458 4983 568 5033 rios
599 4979 864 5048 quosdam
901 4979 1142 5032 siderum
1177 4981 1333 5032 situs.
1364 4980 1432 5034 Et
1465 4995 1585 5034 esse
1621 4992 1870 5035 naturam
1929 4982 2033 5037 ho-

455 5083 576 5118 rum
607 5082 824 5120 causam
854 5067 1204 5135 perspicuum
1229 5079 1313 5124 est
1369 5071 1623 5125 maxime.
1673 5073 1805 5126 Nam
1846 5074 2030 5130 omnia

453 5177 550 5212 sua
580 5162 816 5226 quadam
851 5163 1061 5215 ratione
1087 5162 1267 5217 facere
1296 5167 1600 5229 consuevit,
1665 5169 2026 5237 quemadmo-

453 5251 582 5303 tluau
620 5266 848 5318 magnus
876 5252 966 5306 ille
1027 5253 1260 5307 Basilius
1290 5256 1400 5326 29
1427 5257 1540 5325 ait;
1599 5269 1653 5312 et
1711 5258 1853 5328 apud
1924 5277 2026 5314 nos

451 5345 568 5396 uiis
635 5343 963 5398 incubantes
1017 5346 1330 5402 domestice
1385 5350 1596 5416 gallina:
1671 5350 1777 5404 hoc
1847 5352 2024 5420 ipsum

520 5484 597 5550 (Si
645 5479 1094 5555 Ἰδρώτωνπρὸς
1122 5485 1184 5537 τὸ
1225 5487 1557 5551 κατορθοῦν
1583 5488 1671 5551 τίς
1717 5492 1884 5555 χρεία
1918 5495 2025 5543 πό-

458 5570 616 5617 ιωνς
685 5553 807 5608 lla-c
839 5571 960 5624 qtnc
988 5561 1371 5610 snlnuin-srrat
1412 5559 1569 5610 nobis
1601 5553 1770 5612 codri
1807 5561 2022 5614 Fontis-

460 5627 796 5680 ι·ιιι.ι1ιίι·ιιδὶδ
879 5627 1114 5685 ιωιιιὼιι
1179 5627 1408 5682 aberant
1463 5644 1680 5704 quoque
1743 5647 1769 5683 a
1837 5633 2022 5686 codice

2225 3973 2296 4027 Σὺ
2327 3973 2416 4042 δὲ,
2447 3973 2728 4044 ἀγαπητὲ,
2757 3973 2811 4026 εἴ
2838 3990 2938 4026 που
2970 3974 3063 4026 καὶ
3095 3972 3296 4044 βρέφος
3325 3973 3446 4042 νίψει
3479 3981 3607 4028 ποτε
3639 3993 3728 4030 σεο

2153 4068 2452 4137 σινωμένον
2484 4068 2750 4120 ἐκπίπτον
2778 4067 2876 4136 τῆς
2913 4068 3156 4137 μήτρας,
3186 4068 3232 4118 εί
3264 4065 3402 4138 τύχῃ
3435 4059 3725 4136 δικέφαλον

2147 4160 2179 4231 ἢ
2212 4158 2551 4230 τετράπουν,
2580 4159 2654 4222 ὡς
2687 4158 2780 4211 ἐπὶ
2809 4159 3116 4229 Μαυρικίου
3148 4158 3446 4228 βασιλέως,
3478 4159 3557 4226 μὴ
3588 4159 3726 4227 σχή-

2149 4269 2314 4320 μασιν
2349 4251 2597 4322 ἀστέρων
2631 4250 2730 4303 ούκ
2769 4249 2994 4318 ἀγαθοῖς
3030 4249 3097 4302 τὰ
3132 4250 3360 4302 τοιαῦτα
3397 4248 3722 4301 διαπλάττε-

2149 4342 2271 4396 σθαι
2296 4342 2504 4414 νόμιζε,
2527 4343 2778 4413 καθάπερ
2803 4340 2947 4406 ἔδοξέ
2975 4358 3100 4393 ποτε
3125 4341 3217 4394 καὶ
3237 4340 3314 4410 τῷ
3339 4339 3469 4411 παρ’
3493 4338 3722 4408 Ἕλλησι

2145 4435 2444 4505 τιμωμένῳ
2473 4434 2671 4506 Ἐρμῇ.
2698 4433 2892 4486 Πείθου
2915 4433 2969 4486 δὲ
2995 4432 3196 4502 μᾶλλον
3217 4432 3293 4502 τῷ
3318 4431 3538 4501 μεγάλῳ
3566 4430 3725 4483 Ἀθα-

2140 4527 2312 4596 νασίῳ
2340 4526 2418 4593 τῷ
2446 4542 2504 4578 τε
2538 4526 2952 4596 χρυσορῤήμονι
2990 4523 3213 4596 Ἰωάννῃ
3245 4525 3338 4576 καὶ
3369 4526 3479 4586 τοῖς
3513 4522 3722 4586 λοιποῖς

2143 4619 2316 4686 ἀγίοις
2361 4618 2643 4688 Πατράσιο
2689 4619 2816 4688 περὶ
2858 4617 2965 4688 γὰρ
3004 4616 3205 4671 τοῦέκ
3251 4618 3476 4686 γενετῆς
3517 4615 3721 4685 τυφλοῦ

2143 4712 2235 4764 καὶ
2265 4709 2359 4763 τοῦ
2397 4713 2458 4762 ἐκ
2493 4712 2720 4781 γενετῆς
2755 4709 2928 4780 χωλοῦ
2959 4711 3049 4762 τὸν
3078 4709 3234 4778 λόγον
3269 4699 3584 4778 ποιούμενοι
3616 4708 3717 4778 τὴν

2122 4803 2574 4857 ’διαπλάττουσαν
2619 4804 2681 4856 τὸ
2730 4803 2868 4867 ζῶον
2917 4803 3208 4876 ᾐτιάσαντο
3261 4801 3447 4870 φύσιν,
3494 4800 3554 4853 ού
3607 4799 3716 4870 μὴν

2141 4895 2404 4948 ἐναντίων
2447 4895 2690 4967 ἀστέρων
2737 4894 3170 4966 σχηματισμούς.
3197 4895 3318 4947 ’Ὁτι
3365 4893 3420 4946 δὲ
3469 4893 3501 4962 η
3551 4891 3716 4960 φύσις

2135 4989 2244 5042 τῶν
2279 4987 2534 5042 τοιούτων
2569 4989 2715 5041 αἰτία
2753 4989 3076 5058 σινωμάτων
3112 4988 3227 5041 ἐστὶ
3264 4985 3389 5058 (καὶ⁸
3427 4985 3534 5056 γὰρ
3572 4982 3718 5036 κατά

2135 5081 2234 5150 τὴν
2270 5080 2472 5150 ἑαυτῆς
2513 5080 2840 5134 ἀκαλουθίαν
2876 5079 3033 5133 εἴωθε
3073 5080 3146 5150 (9)
3183 5078 3251 5132 τὰ
3292 5081 3472 5132 πάντα
3515 5077 3715 5141 ποιεῖν,

2130 5170 2205 5232 ὦς
2259 5189 2423 5240 φησιν
2474 5172 2501 5222 ὁ
2558 5171 2731 5239 μέγας
2785 5169 3110 5240 Βασίλειος),
3163 5169 3257 5222 καὶ
3307 5169 3362 5220 αἱ
3421 5165 3549 5236 παρ’
3579 5167 3714 5235 ἡμῖν

2128 5265 2478 5326 έπωάζονσαι
2525 5263 2846 5335 κατοικίδιοι
2891 5262 3103 5333 ὄρνιθες
3149 5257 3492 5332 μαρτυροῦσι
3532 5257 3709 5326 τούτῳ

2130 5354 2376 5422 σαφέστα
2415 5373 2468 5407 α.
2508 5353 2759 5424 Ὀρώμεν
2790 5353 2897 5424 γὰρ
2932 5353 3193 5409 ἐστινὸτε
3227 5354 3290 5404 ἐκ
3319 5349 3426 5403 τῶν
3455 5347 3578 5419 ᾠῶν
3610 5349 3708 5399 ὲκ-

2138 5491 2471 5544 Leunclavii.

2207 5565 2280 5628 ιε’)
2319 5561 2434 5622 Thr
2463 5559 2977 5614 ﬁtaxldtzcvcat’.
3017 5601 3030 5616 .

2132 5635 2267 5686 θίαν
2296 5631 2461 5685 εἴωθε
2489 5670 2500 5683 .
2536 5670 2547 5682 .
2595 5670 2606 5682 .
2649 5667 2660 5681 .
2694 5629 2788 5682 Ex.
2829 5629 2886 5688 Ε.

3163 5601 3176 5615 .
3210 5559 3428 5629 ἑαυτῆς
3449 5563 3712 5622 ἀκολου-
