4052 6200
299 213 353 273 77

1544 214 1746 273 ANNA
1763 212 1949 273 LIUM
1996 216 2187 274 PARS
2231 217 2274 275 Ι.

3454 206 3523 263 78

297 332 528 380 πίπτοντα
556 328 972 398 τετραπτέρυγα
1004 328 1213 381 νεόττια
1251 332 1344 383 καί
1372 329 1700 399 τετράποδα.
1733 330 1839 382 Καὶ
1869 378 1873 389 ,

1978 332 2088 386 lare
2119 341 2411 387 testantur.
2476 330 2734 384 Videmus
2788 331 2935 382 enin:
3002 339 3395 392 nonnunquam
3462 338 3528 373 rx

297 421 389 482 τοῖς
427 419 518 486 μὲν
556 419 818 484 ἀγνοοῦσι
852 420 952 491 τὴν
989 420 1169 473 αἰτίαν
1205 419 1469 489 ἔκπληξιν
1510 422 1737 491 ἐμποιεῖ
1773 422 1842 474 τὰ

1982 425 2062 478 vis
2096 424 2388 494 provenire
2429 424 2609 493 pullos
2641 438 2765 476 eum
2824 422 2925 475 alis
2983 429 3239 488 quatuor,
3293 414 3532 478 ili-mque

295 512 491 565 τοιαῦτα
518 511 739 583 πολλὴν,
770 513 967 567 οὑκουν
992 514 1050 568 δὲ
1080 516 1171 567 καὶ
1197 517 1307 578 τοῖς
1336 515 1498 581 λόγου
1531 515 1840 583 μετέχουσι.

293 606 452 671 Τούτῳ
481 602 665 672 μέντοι
694 605 772 676 τῷ
799 606 986 678 τρόπῳ
1018 609 1111 661 καὶ
1140 607 1432 676 δικέφαλον
1461 608 1586 677 ὅφιν
1619 608 1720 662 ἴδοι
1752 624 1842 671 τις

292 696 363 756 ἂν,
395 698 479 749 καὶ
518 695 618 749 ὄπα
660 698 887 750 τοιαῦτα
933 699 1119 770 πλήρη
1153 699 1491 770 τυγχάνοντα
1537 700 1837 764 θαύματος.

303 786 441 839 Ἀλλά
484 788 554 856 μὴ
601 787 664 838 σύ
710 804 773 855 γε
818 788 1181 860 διαταράττου
1222 790 1435 845 τούτων
1476 791 1660 856 ἕνεκα,
1708 788 1844 859 μηδὲ

294 879 569 933 κακοποιῶν
611 881 861 954 ἀστέρων
904 884 1285 947 ἀκτινοϐολίας
1338 885 1432 937 ἐπὶ
1459 883 1672 946 τούτοις
1701 900 1844 954 παρ’.

294 974 471 1039 sisne.
492 973 665 1041 Ἄφες
699 976 793 1027 ἐπὶ
842 977 1094 1046 ματαίοις
1120 977 1448 1046 ματαιάζειν
1469 976 1690 1040 αὑτούς.
1721 977 1846 1029 Ἐπὶ

297 1067 406 1119 πᾶσι
443 1066 547 1137 γὰρ
585 1067 800 1132 τούτοις
842 1071 873 1139 ἡ
916 1070 1067 1123 αἰτία
1114 1072 1313 1140 σαφής.
1357 1072 1420 1124 El
1465 1070 1565 1140 μὲν
1598 1071 1699 1124 οὑκ
1739 1069 1849 1124 ὲτί-

296 1173 455 1209 κτοντο
481 1157 660 1229 βρέφη
687 1160 886 1229 δίδυμά
911 1179 969 1214 τε
998 1162 1092 1214 καὶ
1120 1162 1382 1234 τρίδυμα,
1412 1160 1559 1233 εἶχες
1584 1163 1651 1217 ἀν
1674 1180 1726 1216 τι
1755 1165 1851 1215 καὶ

293 1248 480 1317 λέγειν·
519 1251 646 1303 ἐπεὶ
681 1252 738 1304 δὲ
776 1254 899 1305 καθ’
926 1254 1167 1321 ἑκάστην
1202 1252 1428 1307 τοιαῦτα
1460 1256 1593 1323 ὁρᾷς
1617 1292 1633 1318 ,
1666 1255 1851 1308 καινὸν

295 1340 481 1403 πάντως
506 1342 661 1393 οὐδὲν
686 1345 801 1410 εἴγε
834 1345 1321 1417 συγκεκολλημένα
1346 1346 1416 1399 τά
1442 1345 1641 1415 δίδυμα
1667 1347 1763 1400 καὶ
1789 1346 1849 1399 ού

293 1433 573 1505 διῃρημένα
602 1439 864 1501 πολλάκις
894 1439 990 1507 τῆς
1024 1441 1243 1509 μήτρας
1272 1440 1625 1495 ικπίπτουσι.

1944 515 2126 584 pullos
2185 514 2594 583 quadrupedes.
2653 513 2783 583 Ejus
2849 513 2923 566 rei
2981 524 3202 564 causam
3262 513 3534 575 quotquot

1944 603 2220 675 ignorant,
2240 604 2606 659 admiratione
2634 605 2868 658 maxima
2899 602 3279 672 percellentur
3308 614 3321 662 ;
3358 595 3533 649 idem-

1944 713 2052 768 que
2087 712 2194 751 non
2232 711 2359 751 raro
2388 697 2553 752 etiam
2583 698 2716 751 viris
2751 714 2779 751 a
2812 698 3025 750 ratione
3078 710 3187 747 non
3252 686 3534 745 destitutis

1956 792 2234 845 usuvenit.
2272 789 2386 844 Hoc
2416 788 2579 844 modo
2599 789 2785 843 videre
2819 802 3214 853 nonnunquam
3268 793 3353 837 est
3417 798 3535 836 ser-

1954 892 2174 953 pentem
2228 883 2536 954 bicipitem,
2573 882 2790 951 aliaque
2847 881 2976 935 talia
3029 880 3188 948 plena
3245 891 3376 931 sane
3442 874 3539 927 ad-

1954 977 2305 1039 mirationis;
2356 992 2592 1045 quorum
2659 984 2714 1029 tu
2762 990 2923 1028 causa
2970 969 3281 1042 perturbari
3340 968 3535 1021 nolito.

1955 1084 2133 1138 neque
2192 1068 2483 1122 noxiorum
2536 1067 2779 1121 siderum
2839 1065 3024 1119 radios
3088 1064 3177 1117 hic
3238 1062 3537 1129 excogites.

1952 1161 2107 1228 Sine,
2143 1163 2298 1217 vanis
2341 1162 2416 1216 illi
2451 1161 2806 1231 opinionibus
2848 1159 3141 1227 desipiant.
3175 1157 3312 1209 Nam
3344 1156 3539 1237 horum

1948 1258 2196 1310 omnium
2258 1257 2548 1329 perspicua
2596 1270 2761 1310 causa
2793 1264 2899 1309 est.
2951 1252 3158 1319 Quodsi
3214 1264 3394 1317 neque
3453 1263 3524 1313 ge

1951 1346 2101 1400 melli
2134 1363 2314 1415 neque
2350 1348 2478 1402 trini
2511 1347 2653 1401 fetus
2683 1362 2792 1399 uno
2825 1353 2982 1414 partu
3018 1344 3179 1398 simul
3215 1343 3540 1400 ederentur,

1953 1440 2060 1495 dici
2114 1440 2320 1509 aliquid
2346 1442 2443 1495 abs
2474 1450 2523 1495 te
2551 1449 2752 1509 posset.
2788 1441 2857 1493 At
2889 1455 3010 1492 cum
3047 1436 3209 1490 modo
3260 1450 3369 1488 non
3412 1445 3546 1500 quo-

296 1528 404 1583 tidie
434 1530 619 1586 videas
654 1534 705 1586 id
745 1534 884 1599 ﬁeri,
927 1535 1064 1589 nihil
1123 1536 1352 1591 omnino
1387 1551 1590 1591 novum
1644 1546 1751 1599 est,
1799 1538 1844 1591 si
1887 1538 2101 1608 gemelli
2168 1538 2529 1609 eonglutiuati
2564 1553 2628 1592 ac
2694 1553 2803 1590 non
2848 1534 3081 1606 sejuncti
3149 1543 3543 1598 nonnunquam

292 1636 346 1677 ex
375 1623 485 1678 alvo
524 1635 777 1679 materno
810 1627 1106 1695 prodeunt.

354 1717 751 1787 Προγινῶσκειν
781 1720 879 1787 μὲν
912 1720 1007 1774 οὖν
1048 1722 1144 1774 καὶ
1174 1721 1438 1793 ἀμυδρῶς
1474 1722 1569 1775 τοῦ
1622 1723 1849 1793 μέλλον-

2024 1725 2295 1779 Cancrum
2350 1724 2556 1794 aliquid
2617 1723 2940 1791 pr.evidere,
2970 1721 3149 1790 deque
3198 1720 3374 1790 signis
3422 1719 3549 1788 qui-

298 1825 369 1870 to;
402 1809 459 1861 ἔκ
494 1827 660 1863 τινων
698 1813 947 1881 σημείων
982 1815 1516 1885 καταστοχάζεσθαι,
1546 1817 1679 1871 ἀνευ
1709 1820 1859 1871 ἀντι-

295 1901 455 1967 λογίας
502 1904 603 1955 καὶ
647 1906 810 1974 ήμεῖς
861 1905 1019 1959 τοῦτο
1064 1909 1497 1978 κατατιθέμεθα.
1545 1911 1712 1964 Οὐδὲν
1752 1913 1862 1981 γὰρ

297 1992 372 2044 ἐπὶ
421 1995 710 2064 προδήλοις
770 1994 915 2050 οὕτω
978 1999 1309 2069 πράγμασιν
1364 2003 1717 2056 ἀντιπίπτειν
1764 2003 1863 2056 ἰπὶ

300 2084 433 2136 πλέον
464 2087 752 2154 ίσχύομεν.
786 2089 860 2142 Εἰ.
882 2094 990 2160 γὰρ
1037 2092 1133 2145 καὶ
1166 2093 1419 2162 ἥμαρτεν
1455 2096 1513 2146 ἐν
1545 2094 1863 2165 παραδείσῳ

298 2178 655 2249 όάνθριηπος,
714 2184 765 2236 εἰ
827 2185 923 2237 καὶ
984 2185 1043 2237 τὸ
1099 2185 1256 2239 δοθὲν
1316 2186 1464 2256 αὑτῷ
1522 2190 1866 2258 προφητικὸν

298 2269 517 2338 χάρισμα
564 2272 803 2340 πάμπαν
833 2272 1141 2340 ἀπώλεσεν,
1163 2274 1283 2328 ἀλλ’
1317 2277 1419 2330 οὐκ
1459 2277 1675 2347 ἀφῆκεν
1700 2279 1866 2331 αὑτὸν

296 2358 318 2408 ὀ
353 2365 761 2433 πανοικτίρμων
805 2365 939 2427 Θεὸς
965 2371 1079 2430 τοῖς
1112 2369 1364 2438 ἀνοήτοις
1417 2370 1646 2442 κτήνεσι
1680 2372 1867 2425 τέλεον

297 2454 746 2521 παραϐάλλεσθαι.
787 2458 904 2529 Ἐφ’
938 2453 981 2529 ᾧ
1021 2461 1116 2515 καὶ
1147 2463 1353 2532 σημεῖά
1378 2480 1509 2517 ,τινα
1551 2464 1740 2518 δίδωσι
1772 2466 1864 2518 τοῦ

299 2548 516 2619 προορᾷν
549 2542 744 2603 ἕνεκεν
793 2552 939 2605 ἔστιν
985 2553 1076 2605 ὅτε
1127 2555 1194 2607 τά
1242 2556 1512 2624 μέλλοντα
1566 2557 1868 2611 κάντεῦθεν

298 2640 456 2710 ἑαυτῷ
486 2644 902 2712 περιποιεῖσθαι
934 2647 1260 2716 ἀσφάλειαν.
1295 2650 1406 2703 Καὶ
1460 2650 1514 2702 τί
1560 2652 1666 2723 χρὴ
1699 2652 1870 2706 πολλὰ

298 2732 486 2803 λέγειν;
521 2738 587 2790 Ol
630 2738 692 2791 ὲν
740 2739 819 2807 τῷ
875 2738 1000 2809 ἀέρι
1062 2742 1381 2810 φαινόμενοι
1438 2743 1681 2813 κομῆται
1725 2746 1872 2816 λόγῳ

301 2829 389 2894 μὲν
422 2829 643 2901 φυσικῷ
690 2833 1066 2912 συνίστανται,
1091 2834 1364 2899 θανάτους
1401 2836 1460 2890 δὲ
1517 2838 1672 2907 ὅμως
1716 2838 1870 2907 βασι-

301 2917 485 2991 λέωνή
530 2927 628 2976 καὶ
673 2926 987 2996 προσώπων
1031 2929 1317 2997 ἐπιφανῶν
1375 2929 1871 2999 καταγγέλλουσιν,

300 3013 367 3073 ὼς
390 3016 417 3067 6
446 3016 620 3085 μέγας
652 3017 759 3087 ἔφη
792 3019 889 3072 καὶ
920 3020 1356 3090 ούρανοφάντωρ
1381 3022 1689 3086 Βασίλειος.
1711 3023 1874 3075 Ἀλλὰ

299 3106 385 3158 καὶ
417 3108 647 3177 αὐχμῶν
691 3110 842 3165 ἔστιν
880 3111 970 3166 ὅτε
1008 3113 1232 3183 ἀνέμων
1278 3114 1332 3168 οί
1361 3116 1596 3170 τοιοῦτοι
1638 3114 1870 3187 δηλωτι-

301 3200 399 3265 not,
427 3200 478 3253 οἱ
509 3203 603 3255 καὶ
631 3202 852 3258 δοκοῦσι
891 3206 990 3275 μὲν
1034 3200 1177 3261 εἶναι
1205 3207 1463 3278 ἀστέρες,
1498 3207 1600 3261 οὐκ
1638 3208 1749 3261 alat
1792 3208 1871 3260 δέ.

306 3293 418 3357 Πῶς
455 3296 552 3349 καὶ
591 3299 731 3369 γάρ;
777 3297 894 3381 εἴγε
947 3300 1298 3355 συνίστανται
1357 3301 1477 3372 μὲν,
1512 3299 1573 3354 οὑ
1619 3301 1878 3370 παραμέ-

303 3401 439 3442 νουσι
470 3389 565 3443 δέ·
609 3393 713 3460 τῆς
744 3392 854 3464 γὰρ
889 3391 1024 3464 ὕλης
1051 3393 1130 3463 τῷ
1161 3395 1301 3461 πυρὶ
1340 3392 1778 3464 δαπανηθεισης,
1808 3393 1876 3447 δι’

305 3471 364 3545 ἧς
406 3481 435 3533 6
481 3481 736 3553 κομήτης
793 3483 1154 3555 συνέστηκεν,
1192 3481 1252 3546 ἐξ
1290 3483 1539 3554 ἀνάγκης
1578 3484 1672 3538 καὶ
1720 3476 1879 3548 οὗτος

304 3570 487 3627 σδεννύ
495 3591 663 3645 μενος
696 3575 997 3638 διαλύεται.

377 3835 516 3891 Ἀλλ’
540 3838 645 3907 ὅρα
674 3837 772 3891 καὶ
799 3836 900 3908 τήν
926 3838 1141 3906 γένεσιν
1184 3837 1345 3894 ὁποία
1386 3839 1473 3904 τίς
1503 3841 1623 3895 ἐστι
1648 3841 1744 3896 καὶ
1783 3840 1882 3894 πό-

302 3927 386 3981 θεν
429 3930 636 4000 ἔσχηκε
681 3930 782 3999 τὴν
808 3932 1006 4002 ἀρχήν.
1048 3930 1145 3985 Ἐκ
1173 3932 1276 4003 τῆς
1306 3932 1627 4000 καπνώδους
1657 3935 1754 3990 καὶ
1784 3935 1881 4004 ξη-

304 4021 396 4087 ρᾶς
422 4020 849 4090 ἀναθυμιάσεως
870 4024 976 4089 ἕως
1007 4023 1179 4094 αὐτῆς
1212 4026 1314 4095 τῆς
1353 4025 1587 4096 σελήνης
1618 4027 1882 4093 ἀνάγεται

300 4112 384 4166 διὰ
435 4115 758 4186 κουφότητα
809 4116 1020 4180 καπνὸς
1059 4116 1160 4186 μὲν
1192 4112 1329 4170 οὖσα
1374 4119 1516 4172 κατὰ
1543 4118 1641 4189 τήν
1670 4120 1883 4182 οὐσίαν,

303 4204 429 4270 φλὸξ
480 4208 540 4261 δὲ
583 4207 732 4262 κατά
766 4207 866 4280 τὴν
900 4206 1155 4279 δύναμιν.
1202 4209 1318 4280 Ἐφ’
1341 4204 1385 4278 ᾧ
1421 4211 1515 4263 καὶ
1547 4210 1887 4280 ὑπέκκαυμα

298 4295 503 4365 ταύτην
542 4299 572 4350 6
617 4296 1001 4368 Ἀριστοτέλης
1044 4297 1296 4362 ἐκάλεσε,
1339 4301 1620 4353 τουτέστιν
1660 4299 1888 4368 ὑφειμέ-

1967 1817 2198 1870 busdam
2228 1817 2283 1870 id
2338 1816 2483 1884 quod
2535 1816 2781 1869 futurum
2817 1815 2889 1868 sit
2930 1812 3356 1866 obscuriuscnle
3411 1826 3549 1861 ron-

1960 1912 2155 1981 jectari
2213 1926 2318 1964 non
2368 1924 2551 1978 posse,
2588 1910 2724 1964 citra
2774 1907 3267 1962 contradictionem
3326 1919 3545 1958 oiuncm

1970 2003 2229 2056 iatemur.
2261 2001 2499 2055 Namin
2541 2001 2707 2054 rebus
2742 2001 2880 2054 adeo
2931 1998 3237 2051 manilcslis
3293 1998 3549 2049 resistere

1968 2095 2063 2148 diu
2108 2110 2240 2149 sane
2294 2108 2652 2158 nequeamus.
2701 2093 3023 2161 Quanquam
3064 2092 3213 2146 enim
3284 2092 3446 2143 homo
3496 2088 3552 2142 in

1960 2189 2231 2259 paradiso
2263 2189 2530 2259 peccavit,
2564 2204 2880 2257 quanquam
2911 2201 3238 2241 concessum
3272 2183 3379 2238 sibi
3411 2183 3555 2237 vati-

1970 2282 2194 2337 cinandi
2227 2297 2428 2337 munus
2458 2292 2622 2350 atque
2651 2280 2980 2335 beneﬁcium
3015 2280 3334 2336 amisit.non
3371 2286 3554 2330 tztnien

1964 2375 2117 2430 Deus
2148 2376 2238 2430 ille
2273 2375 2591 2429 misericors
2618 2390 2743 2428 eum
2784 2389 3013 2443 prorsus
3047 2373 3284 2429 similem
3317 2369 3556 2424 evadere

1972 2466 2152 2521 brutis
2175 2466 2444 2537 iumentis
2478 2466 2755 2536 permisit.
2790 2471 2908 2529 Quo
2939 2466 2996 2518 lit
3033 2476 3089 2517 ut
3120 2465 3272 2532 signa
3304 2463 3556 2532 quaedam

1972 2558 2025 2613 ei
2067 2557 2401 2626 suppeditet,
2438 2557 2505 2609 de
2550 2556 2753 2626 quibus
2795 2556 3072 2609 interdum
3129 2553 3309 2606 futura
3345 2552 3561 2622 prospi~

1974 2654 2107 2713 ciat,
2145 2664 2324 2717 eoque
2378 2657 2543 2717 pacto
2591 2647 2875 2701 securitati
2930 2660 3043 2700 suae
3090 2643 3356 2697 consulat.
3414 2641 3555 2707 Quid

1974 2737 2168 2793 multis
2211 2736 2396 2791 verbis
2426 2751 2566 2805 Opus
2596 2736 2720 2789 est?
2748 2734 2848 2801 Qui
2886 2735 3305 2805 conSpiciuutur
3341 2734 3394 2787 in
3430 2749 3561 2787 aere

1978 2839 2248 2895 cometae,
2294 2829 2527 2882 naturali
2588 2828 2813 2899 quidem
2869 2828 2946 2882 illi
3022 2828 3233 2882 ratione
3286 2827 3562 2896 modoque

1978 2922 2258 2983 oriuntur,
2291 2922 2389 2975 sed
2423 2921 2645 2974 interim
2692 2920 2775 2973 vel
2817 2935 3005 2989 regum
3039 2920 3122 2972 vel
3159 2919 3389 2973 aliarum
3436 2919 3567 2971 illu-

1980 3012 2175 3068 strium
2224 3025 2582 3083 personarum
2630 3011 3262 3068 interitusdenuntiant.
3303 3011 3565 3077 quemal-

1985 3102 2207 3157 modum
2240 3116 2470 3171 magnus
2491 3100 2583 3155 ille
2614 3100 3036 3169 cmlesdumque
3070 3116 3253 3153 rerum
3292 3101 3565 3169 interpres

1988 3195 2225 3251 Basilius
2290 3194 2489 3265 inquit.
2545 3194 2828 3248 Interdum
2889 3194 2974 3246 vel
3016 3203 3185 3247 aestus
3238 3193 3319 3246 vel
3371 3204 3566 3247 ventus

1985 3289 2383 3344 subsecuturos
2432 3286 2697 3341 indicant.
2753 3285 2819 3340 Et
2868 3284 3124 3338 videnlur
3174 3286 3396 3353 quidem
3446 3298 3567 3337 esse

1985 3382 2189 3447 sidera,
2242 3395 2431 3437 verum
2480 3396 2587 3433 non
2642 3388 2792 3434 sunt.
2846 3377 2947 3443 Qui
3003 3378 3151 3431 enim
3208 3393 3329 3429 esse
3387 3375 3568 3429 sidera

1989 3473 2238 3546 possint?
2265 3488 2387 3527 cum
2417 3472 2669 3525 oriantur
2698 3470 2946 3541 quidem,
2974 3471 3069 3525 sed
3097 3487 3203 3523 non
3240 3469 3571 3524 durabilitrr

1988 3576 2273 3625 maneant.
2311 3566 2446 3622 Nam
2498 3566 2748 3627 materia,
2785 3566 2851 3620 de
2882 3580 2991 3635 qua
3037 3574 3282 3620 cometes
3323 3563 3572 3629 exstitit,

1986 3677 2089 3737 per
2120 3662 2301 3732 ignem
2330 3660 2646 3729 absumpta,
2687 3658 3001 3715 necessario
3027 3669 3087 3714 et
3117 3658 3233 3728 ipse
3263 3658 3576 3713 exstinctus

1989 3755 2315 3824 dissipatur.

2063 3844 2457 3902 Animadverte
2486 3854 2670 3900 autem
2711 3853 2893 3899 ortum
2944 3842 3213 3913 ipsorum,
3262 3843 3573 3915 cuiusmodi

1990 3939 2065 3993 sit
2107 3946 2165 3993 et
2211 3936 2360 3991 unde
2390 3936 2724 4007 principium
2761 3934 2982 4001 habeat.
3018 3934 3308 3989 Exsistunt
3332 3937 3575 3990 'cometas

1991 4035 2060 4086 de
2100 4029 2315 4084 fumosa
2370 4037 2427 4084 et
2479 4029 2626 4083 sicca
2682 4027 3057 4095 exhalatione,
3106 4041 3229 4096 qua:
3290 4026 3572 4081 exhalatio

1992 4126 2219 4187 propter
2258 4117 2536 4172 levitatem
2580 4131 2733 4170 suam
2770 4115 2835 4170 ad
2880 4116 3067 4169 lunam
3099 4130 3275 4184 usque
3308 4115 3573 4171 subvehi-

1994 4219 2106 4274 tur,
2140 4218 2193 4264 et
2227 4218 2422 4263 natura
2453 4208 2677 4274 quidem
2712 4206 3064 4275 essentiaque
3105 4222 3202 4262 sua
3246 4205 3430 4262 fumus
3466 4218 3572 4267 est.

1994 4315 2187 4357 verum
2225 4300 2333 4355 vim
2366 4297 2598 4355 ﬂamma:
2630 4299 2902 4357 continet.
2932 4298 3051 4365 Quo
3081 4297 3136 4353 iit
3166 4310 3225 4354 ut
3255 4299 3578 4356 Aristotelea

302 4403 386 4439 νον
417 4389 533 4460 πῦρ
558 4404 570 4418 ⁸
596 4392 627 4443 6
652 4388 765 4460 γάρ
794 4391 1000 4455 καπνὸς
1038 4389 1241 4460 θερμὸς
1280 4394 1378 4460 μέν
1425 4393 1564 4456 ἐστι,
1595 4393 1671 4461 μὴ
1704 4392 1873 4462 μέντοι

2000 4404 2122 4449 eam
2184 4391 2431 4447 fomitem
2480 4402 2671 4455 vocet,
2724 4388 2828 4443 hoc
2874 4398 2958 4443 est
3012 4388 3193 4460 ignem
3265 4390 3575 4445 remissum.

302 4497 359 4548 γε
403 4482 517 4554 πῦρ
572 4483 1004 4555 αὑτενέργητον.
1050 4484 1379 4545 Ἐξάπτεται
1437 4487 1505 4554 τῇ
1556 4484 1652 4536 τοῦ
1688 4486 1888 4547 παντὸς

303 4580 580 4649 περιφορᾷ
609 4578 1068 4646 συγκινούμενον.
1115 4577 1257 4630 Ἀλλ’
1302 4578 1518 4648 ἡμέρας
1549 4576 1651 4646 μὲν
1684 4578 1743 4630 οὐ
1772 4578 1896 4645 φαί-

308 4687 450 4724 νεται
476 4671 572 4724 διὰ
598 4671 699 4742 τὴν
726 4669 823 4723 τοῦ
853 4672 1009 4741 ἡλίου
1054 4672 1457 4741 μαρμαρυγὴν,
1495 4670 1692 4734 νυκτὸς
1731 4671 1789 4724 δὲ
1825 4670 1897 4725 τὰ

310 4763 534 4817 τοιαῦτα
595 4763 825 4833 διάδηλα
875 4765 1105 4831 γίνεται.
1175 4763 1426 4816 Ἐπειδὰν
1466 4762 1561 4817 οὖν
1614 4762 1677 4816 τὸ
1727 4764 1894 4833 μέρος

307 4851 395 4905 τοῦ
436 4855 878 4925 ὑπεκκαύματος
912 4855 1003 4909 διὰ
1035 4854 1134 4925 τήν
1166 4854 1388 4926 κίνησιν
1437 4856 1670 4927 ἐξαφθῇ,
1706 4858 1754 4907 εἰ
1796 4857 1895 4925 μὲν

307 4945 402 4998 οὐκ
438 4946 645 5020 ἑντύχῃ
674 4949 898 5017 ἑτέραις
929 4949 1143 5008 οὐσίαις
1171 4948 1514 5017 ὲπιτηδείαις
1564 4951 1643 5013 είς
1676 4948 1893 5018 ἔξαψιν,

310 5036 505 5093 θᾶττον
550 5039 1033 5105 ὲναποσὸἐννυται,
1074 5039 1294 5093 ἐπειδὰν
1323 5039 1381 5093 δὲ
1421 5038 1648 5111 κινηθὲν
1689 5040 1897 5110 παχείᾳ

309 5129 410 5203 ὕλῃ
446 5133 696 5204 ἐίκὺρσῃ
726 5134 855 5198 τινὶ,
890 5132 1070 5185 ἐκεῖσε
1098 5131 1407 5203 ἐνίσχεται·
1435 5132 1558 5184 ὅθεν
1592 5134 1625 5201 ή
1668 5132 1895 5202 τοιαύτη

310 5224 408 5295 ὕλη
461 5227 607 5281 κατὰ
656 5229 769 5281 πᾶν
828 5225 1174 5295 ὲξαπτομένη
1236 5226 1328 5290 αἲξ
1377 5242 1436 5280 τε
1486 5226 1581 5279 καὶ
1642 5227 1895 5295 κομήτης

307 5316 559 5383 λέγεται.
601 5317 1182 5388 ’Δποσπινθηρίζουσα
1221 5316 1329 5386 γὰρ
1369 5316 1519 5370 δοκεῖ
1564 5332 1685 5369 τινα
1714 5316 1896 5385 κόμην

309 5409 463 5478 ἔχειν
496 5410 835 5480 καθειμένην
881 5412 979 5463 καὶ
1027 5404 1115 5463 οἷά
1170 5426 1280 5461 τισι
1332 5409 1555 5477 μαλλοῖς
1605 5406 1749 5461 κατά
1802 5408 1900 5468 τὰς

310 5500 479 5571 αἶγας
509 5504 792 5575 βρίθεσθαι
812 5519 827 5534 °
857 5504 1036 5573 ταύτῃ
1057 5520 1140 5556 τοι
1170 5504 1268 5556 κα)⁸
1292 5503 1538 5572 κομήτης
1571 5502 1630 5553 τὸ
1657 5498 1903 5552 τοιοῦτον

317 5596 519 5668 φάσμα
572 5598 911 5667 ὠνόμασται.
979 5593 1146 5659 Οὗτος
1202 5595 1301 5666 μὲν
1348 5596 1376 5648 6
1428 5593 1676 5663 κομήτης
1729 5594 1903 5646 ἐνίοτε

1998 4491 2212 4559 Quippe
2259 4489 2443 4542 lumus
2470 4496 2557 4542 est
2594 4486 2811 4540 calidus
2835 4484 3059 4555 quidem
3102 4484 3216 4548 ille,
3250 4500 3357 4538 non
3397 4494 3589 4539 tamen.

1997 4583 2141 4654 ignis
2181 4583 2230 4635 vi
2279 4597 2375 4635 sua
2415 4589 2470 4634 et
2519 4578 2815 4635 eﬂlcaciter
2877 4592 3067 4647 agens.
3118 4575 3332 4630 Accidit
3394 4583 3579 4630 autem

1996 4674 2258 4749 deinceps
2291 4680 2350 4724 ut
2380 4670 2580 4740 agitata
2615 4685 2739 4724 cum
2786 4667 2892 4722 hoc
2933 4666 3191 4720 universo
3220 4663 3584 4718 accendatur.

1996 4767 2065 4821 Et
2096 4765 2337 4819 interdiu
2377 4763 2471 4833 qui
2514 4762 2586 4817 ob
2613 4760 2960 4831 splendorem
2998 4758 3130 4812 solis
3159 4756 3304 4810 haud
3352 4755 3579 4825 conspi-

1996 4861 2164 4923 citur,
2226 4866 2393 4913 noctu
2439 4872 2572 4912 vero
2617 4862 2867 4924 apparet.
2922 4854 3288 4920 Posteaquam
3368 4849 3578 4904 fomitis

1999 4952 2146 5005 illius
2170 4965 2295 5020 pars
2318 4949 2501 5017 aliqua
2514 4944 2752 5017 'propter
2790 4953 2996 4998 motum
3025 4942 3132 5013 30
3159 4956 3392 4996 accensa
3414 4939 3587 4995 deﬂa-

2000 5043 2262 5113 graverit,
2296 5040 2339 5094 si
2378 5039 2516 5092 alias
2541 5035 2813 5091 cssentias
2843 5034 2907 5086 ad
2936 5031 3428 5086 inﬂammationem
3470 5027 3589 5082 idov

2003 5153 2135 5191 neas
2180 5150 2289 5189 non
2356 5138 2755 5199 consequatur,
2809 5126 2975 5181 citius
3033 5124 3449 5194 exstinguitur:
3500 5120 3587 5174 sin

2003 5223 2123 5293 Ῐιιδι)
2154 5223 2208 5275 in
2242 5229 2389 5274 motu
2417 5220 2482 5272 ad
2520 5232 2760 5273 crassam
2802 5214 3093 5285 quamdam
3134 5214 3418 5267 materiem
3450 5210 3589 5263 fera-

2006 5323 2120 5377 tur,
2174 5312 2344 5382 magis
2408 5309 2700 5363 invalescit
2754 5318 2809 5362 et
2860 5316 3114 5375 augvtur.
3179 5304 3337 5359 Unde
3405 5302 3465 5353 iit
3533 5306 3592 5352 ut

2003 5404 2321 5476 hujusmodi
2372 5402 2631 5459 materies
2684 5416 2913 5454 acer-nsa
2947 5399 3167 5468 penitus
3211 5411 3370 5464 capra
3410 5406 3592 5443 come-

2009 5508 2205 5569 tesque
2259 5506 2509 5552 vocetur.
2562 5495 2778 5564 Quippe
2831 5494 2960 5546 dum
3023 5489 3320 5549 Scintillat,
3374 5498 3591 5537 romam

2011 5592 2166 5662 quasi
2198 5590 2493 5661 quamdam
2529 5589 2733 5642 habere
2767 5586 3031 5655 prolixam
3062 5576 3594 5643 videtur,veluliqee

318 5694 412 5745 καὶ
464 5691 814 5764 πολυήμερος
865 5692 1037 5756 ἐστιν,
1072 5689 1352 5763 ἁρκούτης
1388 5689 1486 5759 τῆς
1536 5685 1873 5756 ὑποκειμένη

2008 5683 2150 5741 lanis
2185 5696 2474 5752 caprarum
2523 5681 2577 5735 in
2632 5692 2839 5733 morem
2880 5682 3074 5729 onusta
3112 5683 3267 5734 esse;
3306 5684 3428 5733 qua‘
3476 5671 3594 5733 ipsa
