4052 6200
478 207 551 271 79
1749 217 2168 282 menaeus
2205 220 2467 283 δινσιε
2509 233 2523 250 ο
3646 214 3718 280 80

479 319 619 376 ratio
662 329 748 375 est
792 323 1149 392 quamobrem
1193 332 1457 390 cometes,
1509 325 1613 379 hoc
1651 333 1736 380 est
1782 325 2043 384 crinitum

2150 330 2300 403 αὐτῷ
2335 331 2466 404 ὕλης
2501 334 2579 397 είς
2625 334 2845 405 χρονίαν
2877 331 3089 403 ἔξαψιν.
3125 327 3410 385 Ἐντεῦθεν
3441 325 3535 383 οῦν
3571 330 3717 400 ῐσχει

476 412 632 467 sidus
671 414 1002 493 appelletug.
1034 416 1100 469 Et
1138 416 1300 471 durat
1347 415 1622 471 interdum
1653 416 1848 474 diebus
1889 433 2046 474 com-

474 505 746 575 pluribus,
776 505 1034 560 nimirum
1087 509 1317 564 materie
1352 509 1597 580 subjecta
1630 509 1945 565 diuturnam
1977 510 2046 566 ad

476 596 965 653 inﬂammationem
1005 598 1332 655 suﬂiciente.
1388 601 1464 655 De
1528 615 1696 656 causa
1743 601 1935 657 eadem
1990 612 2049 658 et

475 690 619 761 ignis
663 693 841 744 oritur
882 690 971 744 ille
1003 691 1098 759 qui
1144 691 1403 747 noctibus
1447 693 1713 748 serenise
1756 693 1897 749 caelo
1934 693 2045 748 labi

370 830 375 833 _
473 779 715 844 videtur,
755 790 813 834 et
841 796 1004 849 quem
1050 782 1299 837 nonnulli
1344 782 1598 839 rudiores
1647 798 1771 840 esse
1816 784 2041 841 celeste

474 875 631 929 sidus
656 876 999 943 existimant,
1031 893 1156 933 eum
1187 878 1441 934 homines
1473 880 1529 934 in
1556 880 1707 935 hisee
1737 879 2042 950 disciplinis

469 967 752 1020 exercitati
794 969 1035 1038 speciem
1082 971 1354 1041 ejusmodi
1399 972 1780 1043 traiectionem
1832 987 2046 1028 nuneu-

471 1070 620 1125 pent.
653 1060 788 1116 Cum
820 1062 968 1116 enim
1008 1062 1140 1118 illud
1164 1063 1308 1132 quod
1341 1078 1408 1118 ex
1438 1072 1591 1118 motu
1623 1072 1707 1119 est
1731 1077 2046 1128 accensum,

469 1149 525 1206 in
569 1152 828 1207 materies
869 1153 979 1222 igni
1010 1153 1377 1223 concipiendo
1416 1156 1645 1211 idoneas
1677 1154 1955 1218 inciderit,
1991 1164 2047 1208 et

471 1241 672 1296 deinde
730 1242 948 1299 ﬂamma
996 1244 1063 1299 de
1096 1260 1203 1299 una
1249 1246 1317 1300 ad
1370 1246 1535 1301 aliam
1596 1246 1883 1301 materiem
1937 1246 2046 1301 lata

470 1331 686 1402 longius
717 1348 840 1389 sese
871 1334 1077 1391 diderit
1108 1335 1253 1406 ignis
1279 1337 1348 1392 ad
1379 1338 1551 1394 hastae
1590 1338 1820 1393 formam
1847 1346 2045 1392 exten-

2146 422 2246 494 τὴν
2282 422 2498 493 γένεσιν
2537 424 2632 479 καὶ
2682 425 2744 480 τὸ
2786 423 2980 479 δοκοῦν
3033 421 3093 487 ἐξ
3143 418 3375 492 ούρανοῦ
3427 419 3721 490 ῥίπτεσθαι

2147 514 2259 589 πῦρ
2281 517 2502 587 αἰθρίας
2531 516 2701 589 οὔσης
2741 517 2844 589 τῆς
2887 516 3104 579 νυκτὸς.
3137 514 3166 569 δ
3203 513 3266 585 δὴ
3318 511 3413 566 καί
3440 529 3585 575 τινες
3608 511 3722 565 τῶν

2144 608 2550 679 ἀγροικοτέρων
2601 609 2804 679 ἄστρον
2870 608 3127 680 οὐράνιον
3166 606 3429 678 ἥγηνται.
3473 603 3618 659 Ἀλλ’
3667 606 3721 657 οί

2145 699 2274 770 περὶ
2312 699 2381 753 τὰ
2424 698 2652 755 τοιαῦτα
2699 698 3065 771 ήσχολημὲνοι
3119 698 3182 752 τὸ
3225 696 3468 751 τοιοῦτον
3524 697 3723 764 φάσμα

2145 789 2430 846 διάττοντα
2462 789 2945 861 κατονομάζουσιν.
2982 787 3235 842 Ἐπειδὰν
3272 786 3383 859 γὰρ
3407 786 3468 840 τὸ
3496 786 3587 841 διὰ
3618 786 3722 856 τὴν

2149 881 2367 953 κίνησιν
2417 882 2651 951 ἐξαφθὲν
2702 883 2855 946 ῦλαις
2890 880 3229 953 ἐπιτηδείαις
3278 881 3358 941 είς
3394 877 3586 949 ἔξαψιν
3625 880 3719 931 ἐν-

2145 973 2307 1046 τύχῃ.
2344 973 2638 1029 κάντεῦθεν
2689 973 2784 1028 ἀπ’
2830 974 3001 1046 ἄλλης
3058 973 3142 1037 είς
3188 972 3357 1043 ἄλλην
3407 970 3721 1042 φερομένης

2143 1063 2243 1133 τῆς
2277 1063 2472 1131 φλογὸς
2501 1062 2813 1134 διαδόσιμον
2843 1062 3070 1133 γένηται
3097 1060 3159 1114 τὸ
3197 1058 3339 1130 πῦρ,
3354 1057 3497 1112 κατὰ
3529 1055 3722 1125 σχῆμα

2142 1154 2239 1207 τοῦ
2302 1154 2529 1225 δόρατος
2585 1154 2954 1225 ἀπομηκυνθῇ
2978 1194 2993 1219 ,
3051 1152 3114 1208 τὸ
3177 1150 3422 1206 τοιοῦτον
3487 1148 3723 1202 διάττωιι

2143 1246 2462 1317 ὠνόμασται
2510 1246 2653 1300 κατὰ
2702 1247 2772 1300 τὰ
2824 1246 3129 1317 φαινόμενα
3170 1245 3450 1315 σχήματα,
3477 1241 3575 1295 καὶ
3619 1238 3724 1303 τὰς

2143 1338 2463 1409 ἐπωνυμίας
2496 1338 2876 1411 ἀποπληροῦσι
2908 1340 3024 1404 τοῖς
3060 1337 3367 1408 φάσμασιν.

470 1438 587 1487 sus,
631 1424 689 1479 fit
730 1426 832 1481 hoc
896 1427 1042 1497 quod
1091 1429 1470 1499 traiectionem
1512 1439 1731 1486 vocant.
1778 1430 2180 1488 Consuevimus
2219 1431 2366 1488 enim
2436 1430 2570 1488 visis
2626 1431 2897 1504 ejusmodi
2962 1444 3063 1503 pro
3109 1430 3327 1486 ratione
3395 1427 3720 1490 formarum,

472 1516 676 1586 quibus
724 1519 1167 1587 conspiciuntur,
1196 1520 1591 1591 appellationes
1617 1522 1831 1578 indere.

544 1608 889 1681 Quapropter
917 1612 1055 1681 haec,
1082 1613 1159 1670 uti
1192 1612 1462 1680 diximus,
1497 1616 1553 1670 in
1582 1616 1724 1671 caelo
1752 1616 2045 1672 collocavit
2075 1634 2123 1697 Β

476 1700 640 1768 Deus,
679 1712 739 1761 ut
777 1705 931 1775 signa
973 1707 1134 1763 nobis
1178 1718 1364 1764 essent
1408 1708 1476 1767 de
1505 1708 1707 1782 quibus
1736 1708 1881 1764 haud
1918 1708 2042 1765 vul-

473 1810 632 1859 gares
673 1796 958 1854 muniendi
994 1800 1164 1854 nostri
1191 1800 1433 1858 rationes
1457 1803 1865 1872 colligeremus.
1903 1801 2043 1857 Nam

473 1887 659 1957 aspice
712 1888 847 1951 mihi
890 1890 1088 1955 nubes,
1118 1908 1240 1962 quae
1290 1908 1416 1949 cum
1454 1895 1735 1951 interdum
1785 1897 2041 1953 lanarum

472 1980 771 2035 velleribus
813 1982 1126 2038 consimiles
1163 1994 1494 2052 cernuntur,
1527 1987 1854 2058 plerumque
1905 1995 2043 2043 tem¢

474 2081 712 2139 pestatcs
738 2072 954 2142 pluvias
980 2074 1327 2132 denuntiant.
1346 2079 1524 2147 Atque
1549 2079 1717 2134 etiam
1745 2078 2042 2146 iris,arcus

470 2162 734 2225 nimirum
766 2163 857 2224 ille
890 2181 1052 2235 quem
1086 2168 1139 2223 in
1166 2167 1306 2222 ccelo
1340 2168 1731 2238 conspicimus,
1762 2185 1871 2225 non
1903 2171 2040 2226 sim-

471 2254 689 2323 pliciter
728 2271 907 2325 neque
934 2255 1162 2312 fortuito
1188 2259 1394 2313 nostris
1433 2271 1608 2316 semet
1645 2262 1824 2317 oculis
1854 2262 2037 2329 oﬂert,

471 2344 569 2399 sed
608 2345 792 2415 pluvia
833 2356 1152 2418 tempestate
1194 2360 1488 2420 conspecta
1534 2352 1887 2407 serenitatem
1934 2352 2041 2412 fert

470 2451 678 2504 secum,
718 2453 940 2506 serena,
980 2439 1221 2511 pluviam
1266 2441 1535 2513 designat.
1564 2444 1691 2499 Haec
1718 2445 1863 2500 enim
1895 2444 2038 2502 Deus

473 2526 528 2584 in
558 2529 711 2599 signa
741 2531 1050 2591 constituit.

541 2622 608 2678 Et
637 2631 789 2699 caret
831 2612 935 2679 iris
980 2624 1221 2681 essentia
1275 2625 1541 2697 peculiari
1578 2641 1699 2695 sua,
1747 2628 2039 2698 solumque

469 2713 685 2781 species
739 2714 986 2783 quaedam
1055 2724 1139 2770 est
1183 2715 1502 2787 imaginaria
1549 2717 1826 2773 cernentis
1880 2733 2041 2788 aspe-

466 2814 620 2866 ctus,
650 2813 770 2863 orta
820 2805 888 2860 de
923 2806 1037 2861 sole
1087 2806 1142 2867 in
1201 2808 1378 2863 nubes
1421 2807 1660 2878 partium
1689 2808 2036 2867 diversarum

468 2893 765 2955 incidente.
800 2894 991 2957 Itidem
1019 2896 1205 2955 lumen
1227 2896 1478 2959 ambiens
1503 2912 1633 2954 area
1658 2899 1844 2969 specie
1877 2908 2037 2956 tenus

467 2984 715 3049 exsistit,
743 3000 869 3045 cum
914 3000 1110 3056 reapse
1145 2986 1285 3045 nihil
1324 2988 1399 3043 sit
1431 2988 1612 3059 deque
1660 3000 1916 3059 aspectus
1947 3006 2035 3046 re-
2061 3012 2106 3074 ο

465 3075 737 3136 fractione
774 3076 1005 3134 oriatur.
1051 3077 1124 3138 At
1166 3093 1297 3134 vero
1331 3078 1567 3151 fulguris
1612 3080 1754 3150 ignis
1797 3082 2037 3141 essentia

464 3158 755 3239 peculiari"
784 3184 896 3225 non
944 3180 1115 3237 caret,
1164 3172 1381 3229 tametsi
1416 3170 1523 3227 vim
1558 3173 1752 3230 urendi
1782 3189 1891 3229 non
1940 3175 2038 3230 lia-

466 3260 611 3313 lyeztt.
643 3258 855 3319 Etenim
890 3260 1008 3331 ejus
1038 3270 1229 3315 natura
1256 3262 1497 3330 partium
1524 3270 1612 3317 est
1645 3262 1952 3328 subtilium,
1981 3270 2037 3319 et

466 3365 700 3419 corpora
730 3350 983 3413 celeriter
1010 3355 1272 3423 put-terit.
1298 3354 1416 3427 Quo
1459 3352 1519 3407 fit
1553 3362 1613 3413 ut
1657 3370 1721 3408 ea
1772 3370 1870 3413 nec
1914 3366 2038 3416 urat

438 3428 572 3496 'nee
608 3441 877 3509 denigret.
907 3442 1230 3517 Quanquam
1264 3443 1414 3499 enim
1462 3444 1775 3514 hujusmodi
1826 3444 2034 3502 fulmen

470 3533 613 3602 ignis
645 3542 729 3589 est
750 3574 767 3599 ,η
812 3544 872 3589 et
920 3550 950 3598 a
1005 3547 1202 3592 natura
1238 3536 1291 3592 vi
1342 3537 1627 3607 praeditum
1687 3546 1772 3593 est
1817 3538 2035 3604 urendi,

468 3632 650 3677 tamen
681 3625 802 3694 ejus
846 3624 1118 3681 subtilitas
1168 3634 1224 3681 et
1272 3636 1534 3695 praeterea
1583 3627 1878 3691 celeritas,
1926 3645 2036 3691 non

465 3714 562 3768 diu
588 3714 919 3785 corporibus
963 3716 1259 3783 inhaerens,
1302 3718 1471 3773 illaesa
1502 3719 1783 3790 relinquit.
1817 3719 2039 3776 Prester

466 3822 620 3871 vero,
652 3808 795 3871 sicut
842 3808 1018 3881 ipsum
1049 3809 1213 3863 etiam
1247 3825 1444 3866 nomen
1475 3810 1708 3877 indicat,
1747 3811 1932 3866 adurit
1972 3827 2038 3867 ea

465 3914 699 3975 corpora
732 3914 853 3975 quae
879 3900 1141 3973 attigerit.
1164 3901 1231 3959 Et
1252 3902 1434 3957 adurit
1462 3912 1750 3977 propterea
1777 3902 1923 3973 quod
1943 3917 2035 3958 se-

463 4007 589 4046 cum
622 3990 803 4051 trahat
836 4006 867 4055 e
891 3991 1036 4047 nube
1059 3993 1344 4054 materiem
1366 3994 1659 4065 quamdam
1681 3995 2035 4063 crassiorem,

461 4099 695 4162 eamque
740 4083 1065 4148 inﬂammet.
1100 4084 1409 4149 Presterem
1448 4085 1632 4155 ipsum
1667 4095 1863 4141 ventus
1896 4102 2038 4156 pra:-

462 4175 632 4235 cedit.
665 4175 823 4233 Patet
874 4176 979 4234 hoc
1014 4176 1165 4242 inde,
1199 4177 1347 4251 quod
1381 4192 1449 4235 ea
1480 4193 1600 4247 qum
1631 4177 2036 4248 conﬂagratura

466 4275 618 4332 sunt,
647 4267 802 4337 prius
831 4283 861 4322 a
886 4278 1049 4324 vento
1074 4268 1178 4347 31
1207 4268 1606 4333 convellantur.
1635 4269 1849 4340 Quippe
1871 4269 2037 4326 ﬂatus

2225 1614 2422 1669 Ἔθετο
2470 1614 2570 1685 μέν
2609 1609 2704 1669 οὖν
2736 1614 2818 1678 είς
2856 1616 3084 1685 σημεῖα,
3124 1613 3377 1684 καθάπερ
3421 1613 3656 1686 εἴρηται,
3687 1592 3720 1645 δ

2150 1705 2283 1769 Θεὸς
2315 1704 2489 1760 ταῦτα
2528 1703 2593 1775 δὴ
2642 1705 2711 1760 τὰ
2746 1705 2871 1760 κατ’
2907 1703 3262 1773 οὐρανὸν,’ῶς
3309 1704 3560 1760 ἐντεῦθεν
3587 1708 3721 1777 ἡμῖν

2149 1800 2454 1871 ἀσφάλειαν
2500 1801 2561 1854 ού
2619 1800 2717 1873 τὴν
2772 1801 3045 1872 τυχοῦσαν
3112 1801 3526 1870 προσγίνεσθαι.
3573 1801 3719 1871 Ὅρα

2150 1894 2260 1962 γὰρ
2293 1892 2373 1945 ὅτι
2426 1892 2523 1947 καὶ
2567 1892 2637 1945 τὰ
2662 1891 2800 1963 νέφη
2843 1893 3033 1954 πόκοις
3089 1892 3253 1963 ἐρίων
3307 1892 3547 1961 φανέντα
3587 1894 3719 1946 ποτέ

2149 1983 2509 2055 παραπλήσια
2532 1982 2808 2053 χειμῶνας
2835 1984 3007 2037 ἐνίοτε
3032 1984 3520 2055 προσημαίνουσιν.
3556 1984 3721 2038 Ἀ).λὰ

2146 2075 2244 2131 καὶ
2276 2071 2384 2144 ῐρις
2434 2073 2595 2145 αὕτη,
2626 2074 2688 2128 τὸ
2723 2074 2845 2127 κατ’
2874 2073 3101 2145 οὐρανὸν
3149 2073 3353 2145 δηλαδὴ
3387 2076 3721 2145 φαινόμενον

2145 2165 2322 2234 τόξον,
2349 2164 2423 2227 ὡς
2458 2165 2558 2235 οὐχ
2596 2164 2783 2229 ἁπλῶς
2815 2168 2925 2229 τοῖς
2979 2164 3281 2236 ὀφθαλμοῖς
3324 2167 3485 2238 ήμῶν
3525 2168 3620 2221 καὶ
3641 2168 3720 2232 ὡς

2145 2259 2303 2327 ἐτυχε
2335 2254 2660 2328 πρόκειται·
2695 2256 2969 2325 χειμῶνος
3014 2254 3117 2326 μὲν
3158 2256 3265 2327 γὰρ
3311 2255 3452 2327 αῦτη
3486 2260 3719 2327 φανεῖσα

2148 2348 2415 2423 εὐδιεινὴν
2457 2345 2715 2419 ἐπιφέρει
2757 2346 3130 2410 κατάστασιν,
3184 2346 3370 2411 εὐδίας
3426 2347 3482 2401 δέ
3551 2346 3721 2418 οὔσης

2145 2441 2258 2509 εῐγε
2286 2440 2507 2511 φανείη,
2534 2438 2779 2512 χειμῶνα
2809 2438 3121 2493 τούναντίον
3150 2438 3411 2510 ἐμήνυσε.
3432 2438 3542 2491 Καὶ
3567 2436 3721 2492 ἔθετο

2144 2531 2276 2601 γὰρ,
2317 2531 2474 2602 φησὶ,
2502 2530 2678 2591 ταῦτα
2704 2533 2785 2594 είς
2800 2529 3043 2599 σημεῖα.

2232 2624 2379 2680 Ἀλλ’
2415 2627 2449 2697 ή
2497 2626 2596 2696 μὲν
2625 2620 2737 2697 ἶρις
2767 2622 3143 2683 ἀνυπόστατός
3192 2623 3329 2689 ἐστι,
3367 2619 3634 2691 φαντασία
3660 2619 3718 2673 δέ

2147 2717 2309 2787 μόνον
2338 2718 2436 2786 τῆς
2466 2717 2681 2787 δρώσης
2704 2716 2902 2787 ὅψεως,
2933 2717 2991 2783 ἐξ
3022 2712 3179 2788 ήὶίου
3213 2713 3583 2782 συνισταμένη
3625 2712 3715 2764 νέ-

2144 2821 2300 2874 φεσιν
2349 2804 2801 2874 ἁνομοιομερέσιν
2854 2803 3243 2874 ἐμπίπτοντος.
3314 2800 3478 2853 Ἀλλὰ
3527 2802 3624 2852 καὶ
3678 2799 3713 2869 ή

2143 2897 2286 2952 κατά
2316 2895 2543 2967 σελήνην
2573 2895 2718 2960 ἅλως
2753 2895 2993 2966 ἔμφασις
3024 2895 3286 2959 ὡσαύτως
3314 2892 3483 2953 ἐστὶν,
3512 2891 3573 2943 ού
3608 2889 3716 2960 μὴν

2142 2989 2461 3055 ὑπόστασις,
2493 2990 2553 3056 ἐξ
2585 2988 2933 3053 ἀνακλάσεως
2965 2991 3063 3060 τῆς
3090 2989 3288 3060 ὅψεως.
3314 2988 3387 3042 Τὸ
3409 2986 3467 3040 δέ
3500 2984 3712 3053 ἀστρα-

2139 3082 2299 3139 παῐον
2352 3080 2466 3150 πῦρ
2515 3081 2884 3135 ἐνυπόστατον
2931 3082 3033 3152 μιν
3089 3082 3260 3144 ἐστιν,
3283 3080 3383 3133 οὐκ
3427 3077 3625 3149 εχειδέ
3653 3074 3715 3131 τὸ

2137 3168 2371 3238 φλέγον*
2411 3169 2753 3242 λεπτομερὴς
2782 3171 2891 3242 γὰρ
2924 3170 3140 3241 ήούσία
3190 3167 3373 3223 αὐτοῦ.
3416 3168 3577 3223 Ἀλλὰ
3616 3169 3713 3222 καὶ

2135 3260 2209 3313 τὰ
2253 3259 2487 3331 σώματα
2546 3260 2759 3331 ταχέως
2820 3263 3183 3333 παρέρχεται,
3234 3259 3358 3315 ὅθεν
3400 3257 3525 3313 οὔτε
3569 3259 3714 3314 καίει

2136 3349 2260 3413 οὔτε
2296 3350 2540 3420 μελαίνει
2567 3351 2727 3407 αὑτά.
2761 3353 2823 3406 Ei
2850 3353 2962 3425 γὰρ
2990 3352 3083 3406 καὶ
3127 3351 3241 3423 πῦρ
3270 3351 3300 3404 δ
3330 3350 3572 3415 τοιοῦτός
3593 3353 3713 3405 ἐστι

2137 3442 2405 3517 κεραυνὸς
2429 3444 2522 3498 καὶ
2552 3442 2714 3512 φύσει
2748 3444 2863 3516 εχει
2892 3445 2954 3498 τὸ
2992 3444 3191 3512 καίειν,
3231 3442 3349 3497 ἀλλ’
3382 3445 3416 3515 ή
3446 3444 3715 3508 λεπτότης

2137 3533 2326 3601 αὑτοῦ,
2359 3536 2494 3606 πρὸς
2523 3535 2580 3589 δὲ
2611 3536 2705 3590 καὶ
2734 3538 2766 3609 ή
2805 3536 3045 3607 ταχύτης
3082 3537 3159 3608 μὴ
3188 3535 3574 3608 ἐγχρονίζουσα
3600 3536 3715 3598 τοῖς

2138 3625 2407 3697 σώμασιν,
2460 3628 2713 3683 ᾶκαυστα
2762 3628 2935 3683 ταῦτα
2965 3630 3050 3700 ἐᾷ.
3097 3629 3156 3682 '0
3207 3627 3263 3681 δέ
3318 3626 3595 3698 πρηστὴρ,
3639 3626 3717 3689 ὡς

2137 3718 2233 3771 καλ⁴
2260 3718 2389 3771 αύτδ
2413 3719 2565 3790 δηλοῖ
2578 3719 2840 3792 τοῦνομα,
2857 3724 2926 3775 τὰ
2955 3722 3337 3792 παρατυχόντα
3368 3720 3711 3789 καταφλέγει

2140 3809 2390 3880 σώματα.
2421 3812 2771 3881 Καταφλέγει
2818 3813 2875 3866 δέ
2902 3813 2989 3866 διὰ
3018 3815 3079 3873 τὸ
3113 3811 3559 3867 συνεπισπᾶσθαι
3590 3811 3713 3881 μεθ’

2137 3900 2331 3961 ἐαυτοῦ
2388 3904 2878 3974 παχυμερεστέραν
2925 3902 3060 3972 ὕλην
3109 3903 3174 3957 ἐκ
3224 3901 3319 3958 τοῦ
3371 3903 3594 3971 νέφους,
3622 3901 3717 3953 καὶ

2137 3992 2346 4061 ταύτην
2396 3992 2729 4065 ἐκπληροῦν.
2761 3993 2967 4048 Τούτου
3021 3994 3079 4047 δὲ
3124 3992 3216 4048 τοῦ
3251 3993 3574 4064 πρηστῆρος
3622 3991 3717 4044 καὶ

2139 4090 2465 4159 προηγεῖται
2493 4087 2732 4158 πνεῦμα.
2766 4088 2875 4142 Καὶ
2909 4087 3069 4158 δῆλον
3103 4089 3168 4141 ἐκ
3206 4086 3305 4140 τοῦ
3339 4087 3409 4141 τὰ
3445 4086 3716 4156 μέλλοντα

2146 4180 2528 4252 ἐμπίπρασθαι
2561 4180 2778 4250 πρῶτον
2803 4179 2909 4233 ὑπὸ
2938 4178 3252 4250 πνεύματος
3282 4176 3623 4249 ῥήγνυσθαι·
3656 4177 3717 4228 τὸ

2138 4268 2247 4340 γὰρ
2279 4268 2499 4339 πνεῦμα
2520 4267 2617 4322 τοῦ
2646 4268 2966 4339 πρηστῆρος
3010 4266 3228 4329 θειῶδες
3254 4265 3317 4319 ὃν
3350 4266 3580 4334 πλήττει
3620 4262 3715 4315 καὶ

465 4355 559 4410 ille
609 4357 893 4427 presteris,
930 4372 1054 4421 cum
1107 4357 1386 4420 sulfureus
1437 4357 1552 4426 sit,
1586 4356 1917 4419 verberandi
1970 4371 2037 4419 ac

2144 4362 2396 4432 ῥήγνυσι.
2448 4361 2633 4433 Ταύτῃ
2680 4378 2763 4416 τοι
2814 4362 2910 4415 καὶ
2961 4360 3032 4414 τὰ
3085 4356 3508 4430 κεραυνωθέντα
3556 4356 3713 4427 μένει

464 4449 862 4528 perrumpendi
890 4451 999 4505 vim
1035 4450 1221 4515 habet.

536 4541 727 4612 Itaque
760 4543 989 4611 fulmen,
1021 4545 1121 4611 ﬂli,
1150 4545 1256 4607 hoc
1280 4554 1369 4600 est
1398 4544 1577 4616 ignem
1604 4544 1756 4608 illum
1782 4542 2036 4615 fulguris,

464 4632 548 4686 vel
582 4648 681 4703 per
729 4634 960 4697 nubium
1011 4635 1355 4693 collisionem
1410 4636 1528 4691 fieri
1575 4644 1765 4706 putato
1802 4634 1889 4690 vel
1939 4649 2040 4704 per

466 4722 1041 4793 expressionem,cum
1063 4725 1323 4789 nimirum
1345 4725 1585 4783 essentia
1606 4725 1853 4795 quaedam
1879 4724 2039 4794 ignea

468 4816 525 4870 in
564 4816 741 4873 nubes
780 4818 996 4883 incidit,
1025 4834 1088 4874 ac
1124 4835 1223 4890 per
1250 4820 1360 4874 vim
1399 4819 1529 4875 inde
1569 4834 1762 4874 rursus
1790 4820 2041 4875 excerni-

468 4918 581 4972 tur,
611 4909 879 4980 quasique
923 4910 994 4967 ab
1034 4909 1152 4979 ipsa
1184 4911 1327 4969 nube
1366 4908 1715 4981 protruditur
1740 4918 1797 4964 et
1846 4910 2041 4980 impel-

467 4997 626 5058 litur.
657 5000 793 5054 Nant
830 5000 1247 5072 ecpyrenistnus
1274 5011 1360 5056 est
1388 5002 1635 5071 quaedam
1672 5002 1827 5071 quasi
1858 5002 2043 5073 eiacu-

468 5087 601 5143 latio
632 5103 728 5158 per
761 5090 1227 5163 compressiuuem
1258 5089 1420 5157 facta,
1447 5091 1907 5161 quemadmodum
1939 5107 2041 5148 nos

469 5196 689 5249 quoque
753 5182 1020 5235 olivarum
1078 5182 1313 5239 ossicula
1367 5183 1556 5253 digitis
1610 5184 2042 5254 comprimentes

471 5289 689 5335 sursum
721 5275 802 5329 vel
836 5278 1093 5329 deorsum
1126 5276 1485 5346 ejaculatnur.
1512 5277 1640 5336 Tale
1671 5276 1929 5346 quiddam
1956 5286 2043 5332 est

473 5365 704 5430 fuitnen,
736 5367 881 5433 quod
934 5384 1030 5437 per
1064 5369 1500 5438 ecpyrcnismum
1542 5370 1623 5435 fit,
1658 5386 1782 5424 cum
1817 5387 2045 5440 praeser-

477 5458 572 5516 tim
625 5456 853 5511 inferior
911 5459 1075 5514 nubis
1128 5461 1410 5517 crassities
1459 5462 1528 5517 de
1576 5462 1698 5518 loco
1756 5465 2043 5532 superiore

475 5549 811 5613 condensata
859 5548 1159 5606 irruentem
1192 5552 1244 5605 in
1278 5568 1334 5608 se
1362 5553 1723 5609 substantiam
1755 5569 2043 5624 penetrare

479 5655 753 5721 (unumque
786 5645 852 5705 ad
890 5645 1070 5707 locum
1106 5644 1332 5707 tendere
1366 5662 1476 5711 non
1523 5648 1674 5707 sinit.
1712 5648 1864 5711 Tunc
1896 5652 2041 5711 enim

2136 4454 2403 4509 διεστῶτα
2437 4455 2530 4509 ἐπὶ
2559 4456 2749 4525 χρόνον
2774 4453 2919 4510 τινά.

2208 4548 2315 4601 Τὸν
2356 4548 2542 4617 μέντοι
2586 4549 2871 4619 κεραυνὸν,
2904 4549 3177 4623 ἀγαπητέ,
3207 4548 3354 4604 τοῦτ’
3402 4548 3553 4602 ἐστιν
3581 4546 3717 4601 αύτδ

2137 4639 2200 4692 τὸ
2235 4640 2574 4709 ἀστραπαίον
2605 4641 2737 4713 πῦρ,
2770 4642 2802 4713 ἢ
2833 4644 2975 4697 κατὰ
3017 4642 3347 4714 σύγκρουσιν
3392 4640 3501 4694 τῶν
3533 4639 3715 4709 νεφῶν

2138 4726 2385 4795 γίνεσθαι
2407 4727 2592 4797 νόμιζε
2625 4728 2658 4799 ῆ
2685 4729 2827 4783 κατὰ
2856 4729 3287 4802 ἐκπυρηνισμὺν,
3305 4729 3472 4800 ήνίκα
3497 4727 3706 4798 δηλαδὴ

2139 4818 2398 4890 πυρώδης
2432 4817 2590 4872 οὐσία
2641 4822 2755 4884 τοῖς
2799 4821 3017 4891 νέφεσιν
3051 4820 3367 4889 ἐμπεσοῦσα
3421 4819 3561 4873 κατὰ
3588 4816 3716 4888 βίαν

2138 4907 2349 4961 ἐκεῖθεν
2402 4907 2635 4979 ἐκραγῇ,
2678 4909 2980 4979 ριπτομένη
3020 4910 3115 4969 καὶ
3166 4905 3277 4962 οἷον
3323 4909 3499 4963 είπείν
3540 4906 3716 4960 ὠθου-

2143 5000 2279 5071 μένη
2312 5000 2464 5070 παρὰ
2504 4999 2600 5053 τοῦ
2632 4999 2827 5067 νέφους
2870 5000 3057 5055 αὑτοῦ.
3105 5000 3550 5071 Ἐκπυρηνισμὸς
3598 5000 3713 5070 γάρ

2141 5093 2290 5147 ἐστιν
2320 5094 2349 5147 δ
2388 5092 2532 5155 κατὰ
2582 5093 2875 5164 συμπίεσιν
2894 5107 2909 5124 ο
2939 5092 3264 5163 ἀκοντισμὸς
3292 5093 3401 5162 γάρ
3429 5092 3599 5154 ἐστιν,
3633 5090 3714 5154 ὡς

2141 5186 2266 5239 ὅταν
2298 5184 2390 5243 καὶ
2416 5186 2578 5255 ήμεζς
2608 5185 2677 5238 τὰ
2721 5184 2829 5239 τῶν
2861 5183 3060 5237 ἐλαιῶν
3088 5184 3223 5238 ὀστᾶ
3266 5185 3379 5247 τοῖς
3423 5182 3714 5246 δακτύλοις

2144 5277 2594 5352 συμπιέζοντεςή
2636 5278 2749 5331 ἄνω
2795 5276 2827 5348 ἦ
2871 5276 3022 5333 κάτω
3045 5276 3218 5331 ταῦτα
3254 5275 3712 5345 ἐξακοντίζωμεν.

2145 5371 2252 5424 Καὶ
2298 5368 2538 5430 τοιοῦτος
2580 5368 2679 5437 μέν
2724 5369 2753 5421 ὁ
2792 5369 2930 5421 κατά
2974 5368 3385 5437 ἐκπυρηνισμδν
3420 5366 3712 5437 κεραυνὸς,

2144 5460 2305 5528 ήνίκα
2339 5460 2432 5512 καὶ
2478 5460 2679 5529 μᾶλλον
2734 5461 2766 5530 ἠ
2816 5458 2907 5512 τοῦ
2964 5461 3159 5530 νέφους
3202 5459 3451 5531 παχύτης
3501 5457 3714 5513 ἄνωθεν

2146 5552 2487 5606 πυκνωθεῖσα
2510 5553 2609 5620 τὴν
2645 5551 2989 5619 ἐμπεσοῦσαν
3041 5555 3216 5607 ἐκεῖσε
3264 5553 3453 5608 ούσίαν
3496 5552 3597 5604 ούκ
3644 5552 3714 5621 ἐᾷ

2147 5664 2203 5705 τε
2259 5644 2486 5705 διελθεῖν
2522 5645 2615 5701 καὶ
2677 5648 2766 5701 ἐπὶ
2825 5646 2911 5699 τὶν
2971 5648 3147 5723 χῶρον
3208 5647 3378 5720 αὐτῆς
3426 5644 3707 5701 ἀνελθεῖν
