4052 6200
1402 138 1449 148 ..νο

294 233 350 302 3]
1534 230 1631 292 AN
1641 228 1938 291 NALIUM
1984 228 2179 292 PARS
2217 229 2264 295 ῐ.
3464 254 3537 317 82

289 348 573 421 τηνικαῦτα
617 349 727 421 γὰρ
780 350 885 403 ὑπὸ
928 347 1025 401 τοῦ
1062 346 1277 416 νέφους,
1307 346 1382 409 ὡς
1421 345 1673 415 είπομεν,
1717 363 1850 414 συμ-

1961 364 1989 400 a
2016 348 2183 413 nube,
2209 347 2681 418 quemadmodum
2726 345 3114 411 indicavimus,
3147 360 3457 421 compressa
3487 364 3545 406 et

290 420 577 514 πιεζομένη
603 461 662 496 τε
698 443 794 496 καὶ
825 439 1113 512 ὠθουμένη
1148 440 1298 494 κάτω
1333 438 1648 509 ῥιπτεῖσθαι
1687 437 1850 492 πάλιν

1962 436 2197 505 impulsa
2242 438 2504 493 deorsum
2538 454 2768 508 vergere
2830 452 2925 508 per
2964 438 3074 492 vim
3117 438 3354 509 cogitur.
3392 420 3543 495 Alte-

290 535 543 607 βιάζεται.
589 534 650 589 ’0
680 534 737 586 δὲ
785 533 972 602 ἔτερος
1024 529 1381 585 ἀποτίκτεται
1425 529 1696 599 κεραυνὸς
1745 530 1850 583 τῶν

1964 544 2086 582 rum
2124 543 2253 584 vero
2280 529 2491 585 fulmen
2527 529 2772 601 gignitur
2794 530 3005 585 collisis
3030 530 3178 586 inter
3211 545 3269 585 se
3301 532 3546 588 nubibus

287 626 450 698 νεφῶν
479 625 939 697 συντριϐομένων.
982 624 1049 677 Ἦ
1079 622 1178 692 μὲν
1206 621 1316 691 γὰρ
1346 621 1502 692 ῥῆξις
1531 621 1624 675 τὸν
1652 638 1850 690 κεραυ-

1959 636 2138 690 eaque
2180 621 2249 676 de
2283 636 2448 677 causa
2476 624 2784 694 perruptis.
2829 622 2965 677 Nam
2994 638 3059 679 ea
3107 625 3399 694 perruptio
3440 624 3546 679 ful-

286 720 366 773 νδν
408 716 769 784 ὰπεγέννησε,
809 713 903 768 τοῦ
934 716 1130 783 νέφους
1175 712 1266 784 βίᾳ
1296 712 1667 778 σπασθέντος·
1704 729 1850 781 τηνι-

1964 729 2088 767 men
2139 712 2309 769 eﬂicit
2362 714 2511 769 nube
2566 730 2667 786 per
2702 716 2812 769 vim
2868 716 3180 771 convulsa:
3217 716 3384 771 simul
3422 730 3545 773 utre

287 808 446 862 καῦτα
486 808 544 860 δὲ
576 806 816 859 θυλάκου
858 805 1048 877 ὥσπερ
1089 806 1479 874 ὁιαρῤαγέντος
1510 806 1665 867 ὑετὸς
1694 821 1856 858 κατε-

287 901 544 969 νήνεκται.
582 899 644 952 ὐ
686 898 744 951 δέ
796 914 859 965 γε
899 898 999 966 τῆς
1042 897 1255 967 ῥήξεως
1302 892 1438 967 ἦχος
1485 899 1587 967 τὴν
1621 895 1853 967 βροντὴν

287 991 658 1060 ἀπεγέννησεν.
702 988 845 1043 Ἀλλ’
870 991 989 1043 ὲκεῖ
1021 990 1123 1060 μὲν
1149 989 1233 1043 δεῖ
1277 989 1495 1057 πρῶτον
1526 991 1763 1059 ῥαγῆναι
1794 988 1853 1047 τὸ

287 1084 431 1151 νέφος
475 1083 570 1136 καὶ
623 1080 769 1135 οὕτω
805 1082 1041 1152 φανῆναι
1087 1082 1188 1153 τὴν
1238 1082 1526 1152 ἀστραπήν
1554 1094 1569 1110 ο
1604 1083 1761 1149 ἡμείς
1791 1080 1849 1133 δὲ

284 1173 368 1227 τοῦ
419 1173 589 1241 πυρὸς
640 1171 1125 1243 έπιλαμόανόμεθα
1178 1172 1469 1242 πρότερον.
1539 1170 1745 1225 Τούτου
1796 1171 1853 1225 δὲ

284 1267 437 1321 αίτιον
461 1266 495 1335 ἡ
523 1263 634 1317 τῶν
660 1264 844 1319 ὠτίων
876 1266 1099 1319 καὶτῶν
1123 1264 1425 1335 ὀφθαλμῶν
1448 1264 1813 1333 διοργάνωσις
1834 1276 1850 1294 ⁶

283 1361 325 1415 οἱ
356 1362 451 1431 μέν
480 1361 594 1432 γὰρ
638 1358 914 1429 ὀφθαλμοὶ
948 1358 1106 1430 ἡμῶν
1145 1359 1366 1429 ἀμέσως
1415 1356 1737 1427 ὁμιλοῦντες
1772 1353 1853 1426 τῷ

283 1452 390 1521 ἀέρι
442 1449 541 1505 τοῦ
595 1448 796 1521 ὁρατοῦ
828 1450 1023 1503 θᾶττον
1072 1447 1589 1518 ἀντιλαμϐάνονται,
1636 1448 1665 1500 ὁ
1693 1446 1750 1500 δέ
1788 1461 1851 1514 γε

281 1549 381 1611 τοῖς
425 1545 614 1611 ὠτίοις
663 1544 1119 1618 προϐεϐλημένος
1163 1544 1474 1614 κοχλοειδὴς
1510 1542 1681 1613 πόρος
1712 1540 1852 1611 βρα-

280 1640 401 1702 δέως
425 1639 640 1708 εἰσάγει
676 1640 771 1692 τὸν
803 1639 993 1707 ψόφον.
1026 1636 1325 1708 Κοχλοειδῆ
1369 1636 1426 1689 δὲ
1470 1636 1563 1689 τὸν
1602 1633 1853 1687 τοιοῦτον

1957 804 2115 875 quasi
2166 806 2405 875 quodam
2460 815 2645 875 rupto,
2694 806 2877 877 pluvia
2911 808 3208 862 delabitur.
3266 807 3546 877 Strepilus

1958 898 2072 965 ipse
2104 898 2481 967 perruptionis
2513 898 2722 952 tonitru
2761 898 2945 953 elIicit.
2974 898 3041 953 Et
3082 900 3287 956 nubem
3316 900 3543 969 quidem

1957 991 2241 1060 perrumpi
2280 1004 2505 1044 necesse
2542 1001 2645 1055 est,
2685 998 2743 1044 ut
2785 989 2858 1044 ita
2908 990 3094 1062 fulgur
3126 992 3540 1060 conspiciatur:

1956 1096 2059 1137 nos
2094 1098 2223 1136 vero
2255 1082 2416 1149 prius
2449 1083 2628 1151 ignem
2672 1082 3031 1153 percipimus.
3080 1083 3214 1153 Ejus
3265 1085 3342 1139 rei
3376 1102 3543 1140 causa

1954 1183 2041 1228 851.
2101 1174 2323 1227 aurium
2381 1183 2438 1227 ει
2488 1173 2776 1229 oculorum
2843 1178 3143 1228 structura.
3198 1174 3336 1229 Nam
3395 1175 3539 1228 OCII“

1955 1267 2129 1323 nostri
2167 1268 2307 1322 citra
2355 1266 2597 1321 medium
2631 1266 2804 1320 ullum
2838 1280 2964 1320 cum
3012 1281 3139 1321 aere
3167 1267 3343 1337 juncti
3378 1269 3546 1322 citius

1957 1373 2069 1411 rem
2103 1358 2317 1412 visilem
2357 1357 2731 1426 prehendunt.
2764 1359 2835 1413 At
2881 1367 3093 1412 meatus
3126 1358 3218 1412 ille
3262 1368 3546 1414 tortuosus

1954 1450 2304 1518 coclnleaaque
2325 1448 2653 1512 consimilis,
2675 1465 2786 1519 quo
2817 1458 2987 1519 septa:
3013 1459 3145 1504 sunt
3170 1466 3357 1515 aures,
3390 1450 3543 1506 tarde

1954 1553 2152 1594 sonum
2194 1539 2456 1595 admittit.
2491 1541 2559 1595 Et
2594 1540 2778 1611 opifex
2834 1553 3022 1597 noster
3056 1541 3204 1597 Deus
3255 1543 3404 1597 hunc
3455 1544 3544 1611 ip-

1954 1651 2075 1691 sum
2130 1636 2304 1690 instar
2351 1636 2590 1691 cochleae
2646 1645 2957 1692 tortuosum
3020 1637 3271 1693 condidit
3322 1653 3392 1692 ne
3444 1653 3543 1708 per

281 1703 635 1786 κατεσκεύασε
663 1703 831 1802 πόρον
858 1703 897 1786 ὁ-
916 1703 1251 1802 δημιουργὸς
1278 1703 1435 1799 ἡμῶν
1458 1727 1612 1794 Θεὸς,
1642 1727 1731 1780 ἵνα
1771 1726 1850 1797 μὴ

1954 1729 2249 1784 illabentes
2276 1728 2462 1783 subito
2494 1728 2613 1785 sive
2645 1729 2910 1799 strepitus
2954 1732 3071 1786 sive
3120 1730 3381 1799 frigidum
3413 1703 3541 1785 aera

280 1826 335 1877 έκ
370 1824 474 1879 τῶν
521 1824 991 1896 παραπιπτόντων
1038 1825 1173 1895 ἡμῖν
1223 1822 1459 1893 ἀθρόων,
1505 1821 1613 1874 εἴτε
1671 1819 1847 1889 ψόφου

1954 1821 2245 1875 cerebrum
2291 1829 2541 1875 nostrum
2579 1823 2825 1892 graviter
2857 1822 3176 1878 laederetur.
3206 1823 3326 1879 Jam
3358 1823 3402 1877 si
3435 1823 3543 1877 ful-

282 1915 377 1968 εῐτε
427 1917 591 1987 ἀέρος
636 1915 873 1987 ψυχροῦ,
917 1917 945 1969 δ
987 1914 1290 1985 έγκέφαλος
1346 1912 1506 1986 ἡμῶν
1542 1912 1603 1966 οῦ
1636 1911 1850 1983 μικρῶς

1954 1928 2075 1967 men
2111 1928 2141 1967 e
2178 1913 2327 1967 nube
2377 1913 2685 1967 siccissima
2724 1925 2999 1984 erumpat,
3056 1915 3281 1981 punicei
3337 1916 3543 1971 coloris

282 2006 747 2078 καταδλάπτηται.
781 2006 893 2061 Καὶ
936 2005 985 2058 εί
1022 2006 1123 2073 μὲν
1161 2004 1271 2058 ἀπὸ
1318 2002 1621 2073 ξηροτάτου
1648 2004 1849 2070 νέφους

1954 2010 2036 2057 est
2067 2010 2124 2056 et
2149 2010 2347 2055 natura
2375 2001 2736 2057 vehementer
2771 2019 2977 2058 urens:
3015 2004 3100 2057 sin
3130 2019 3199 2060 ex
3232 2004 3540 2059 humidiori

281 2101 304 2152 6
351 2099 613 2170 κεραυνὸς
664 2100 900 2168 ἐκραγῇ,
964 2095 1240 2166 φοινικοῦς
1308 2112 1369 2149 τε
1424 2094 1523 2165 τὴν
1571 2094 1764 2167 χροιὰν
1818 2096 1848 2147 ὁ

1954 2091 2116 2156 nube,
2144 2092 2388 2147 colorem
2427 2091 2615 2146 album
2652 2092 2817 2147 habet
2851 2108 2915 2147 ac
2958 2095 3144 2151 minus
3182 2096 3319 2151 urit.

279 2193 497 2258 τοιοῦτός
548 2192 814 2265 ἐστινκαὶ
855 2191 955 2265 τὴν
987 2190 1176 2246 οὐσίαν
1227 2188 1534 2260 φλογώδης,
1598 2188 1647 2240 εί
1711 2178 1787 2241 δὲ’
1817 2184 1908 2256 ἀφ’
1943 2186 2243 2258 ὑγροτέρου
2308 2188 2525 2256 νέφους,
2580 2188 2774 2242 λευκόν
2822 2205 2882 2241 τε
2940 2188 3053 2259 ἔχει
3091 2189 3152 2243 τὸ
3197 2173 3396 2261 χρῶμα
3445 2185 3544 2243 καὶ

279 2287 547 2357 καυσώδης
575 2287 799 2357 ἣκιστα.

336 2383 484 2438 οῦτω
539 2383 646 2452 μὲν
688 2382 852 2451 οῦτω,
898 2380 1151 2453 καθάπερ
1196 2378 1405 2436 ἄνωθεν
1454 2376 1695 2447 εἴρηται,
1750 2375 1849 2430 καὶ

278 2473 385 2535 τοὺς
412 2474 656 2543 ἀστέρας
686 2473 811 2536 τοὺς
837 2470 1099 2535 ἀπλανεῖς
1129 2487 1188 2525 τε
1224 2469 1319 2523 καὶ
1342 2467 1735 2537 πλανωμένους
1765 2466 1848 2527 είς

277 2566 459 2634 σημεῖα
501 2564 605 2619 καὶ
635 2567 719 2626 είς
754 2563 982 2633 καιροὺς
1024 2564 1052 2616 ὁ
1093 2560 1325 2632 ποιητὴς
1364 2559 1584 2614 πάντων
1617 2559 1710 2612 καὶ
1743 2558 1844 2611 κύ.

277 2674 375 2728 ριος
403 2656 584 2711 ἔθετο.
614 2654 854 2724 κυρίους
881 2654 938 2708 δὲ
970 2652 1080 2708 τῶν
1116 2652 1200 2722 ἐφ’
1241 2652 1375 2721 ἡμῖν
1407 2650 1610 2723 ἀρετῆς
1641 2666 1700 2704 τε
1744 2648 1844 2703 καὶ

273 2748 455 2813 κακίας
480 2747 859 2819 παρεκτικοὺς
892 2746 993 2799 οὐκ
1036 2746 1103 2801 ἄν
1134 2761 1264 2798 ποτε
1296 2742 1426 2815 εἴπῃ
1462 2760 1548 2805 τις
1576 2740 1841 2811 λογισμοῦ

274 2840 450 2911 κύριος
491 2840 595 2905 ὢν,
620 2840 675 2894 εί
708 2856 772 2908 γε
825 2840 922 2893 καὶ
971 2836 1176 2909 μᾶλλον
1209 2835 1413 2905 ἤκουσε
1445 2832 1539 2887 τοῦ
1585 2831 1721 2886 Θεοῦ
1755 2830 1849 2885 διὰ

274 2933 358 2987 τοῦ
406 2937 695 3006 προφήτου
723 2932 978 3002 λέγοντος
1003 2947 1017 2963 ·
1055 2950 1074 2985 ι
1096 2931 1223 2985 Ἐὰν
1258 2930 1448 3002 θέλητε
1473 2932 1568 2985 καὶ
1596 2925 1851 2979 είσακού-

274 3028 392 3097 σητέ
423 3045 553 3097 μου,
585 3027 654 3080 τὰ
701 3026 883 3095 ἀγαθά
927 3028 1027 3098 τῆς
1072 3027 1177 3098 γῆς
1233 3024 1495 3095 φάγεσθε.
1535 3040 1552 3073 ι
1598 3020 1726 3073 Ἐὰν
1754 3017 1847 3072 θέ-

2020 2374 2115 2431 Sic
2154 2390 2311 2446 ergo,
2349 2375 2818 2446 quemadmodum
2846 2378 3207 2447 exposuimus
3246 2380 3541 2437 hactenus.

1950 2468 2135 2526 sidera
2191 2487 2303 2524 non
2378 2479 2490 2525 tam
2546 2471 2789 2525 errantia
2832 2487 2997 2541 quam
3046 2474 3282 2527 erratica
3352 2490 3539 2528 rerum

1948 2562 2130 2639 opifex
2159 2571 2326 2632 atque
2362 2561 2625 2617 dominus
2650 2565 2704 2616 in
2744 2563 2900 2632 signa
2941 2573 3305 2632 temporaque
3334 2566 3541 2619 consti-

1945 2655 2072 2708 tuit.
2116 2655 2190 2709 Ea
2248 2669 2381 2708 vero
2426 2662 2752 2724 potestatem
2815 2653 3125 2709 absolutam
3180 2656 3236 2710 in
3289 2659 3542 2713 actiones

1950 2755 2173 2805 nostras
2215 2746 2446 2809 habere,
2481 2746 2856 2814 virtutemque
2890 2746 3051 2801 nobis
3089 2757 3187 2802 aut
3217 2748 3411 2803 vitium
3451 2750 3541 2804 in-

1952 2840 2109 2903 dere,
2144 2853 2308 2893 nemo
2351 2846 2599 2908 unquam
2647 2839 2881 2893 rationis
2932 2855 3160 2909 compos
3193 2840 3415 2905 dixerit,
3464 2842 3542 2895 si-

1947 2929 2171 2999 quidem
2196 2927 2371 2983 Deum
2417 2942 2516 2998 per
2543 2939 2727 2984 vatem
2773 2929 2927 2999 loqui
2965 2930 3246 2984 audierit:
3286 2948 3305 2982 ι
3342 2931 3397 2986 Si
3446 2946 3543 2983 vo-

1949 3020 2167 3080 lueritis
2234 3032 2291 3076 et
2353 3020 2873 3091 obtemperaveritis
2928 3021 3105 3087 mihi,
3159 3023 3320 3077 bonis
3377 3032 3539 3078 terra

273 3115 390 3188 λητε
419 3120 530 3189 γὰρ
561 3118 733 3172 είπὼν
759 3118 926 3184 ἔδειξε
950 3117 1247 3190 προφανῶς
1279 3117 1353 3179 ὡς
1380 3113 1666 3184 ἐλεύθερός
1704 3130 1785 3176 τις
1817 3111 1847 3163 δ

1954 3114 2253 3171 vescemini
2282 3115 2348 3169 ”.
2388 3133 2406 3167 ι
2447 3112 2589 3171 Cum
2622 3114 2771 3171 enim
2824 3114 2942 3169 ait:
2979 3132 2999 3166 ι
3054 3113 3113 3169 Si
3159 3115 3470 3182 volueritis,
3512 3135 3534 3170 ι

273 3176 385 3265 καθ’
538 3212 719 3282 ἡμῶν,
752 3213 847 3265 καὶ
871 3176 955 3266 δτι
1126 3176 1295 3265 αὐτοῦ
1324 3176 1587 3282 πράξεων.
1613 3176 1845 3271 ἕκαστος

1954 3208 2244 3263 manifesto
2267 3206 2509 3263 declarat
2538 3221 2992 3277 unumquemque
3022 3217 3272 3261 nostrum
3300 3206 3536 3261 liberum

270 3304 708 3377 ὁμολογουμένως
732 3304 945 3376 πέφυκε
976 3303 1187 3375 κύριος.

333 3499 546 3554 Είδέναι
589 3498 701 3571 γὰρ
727 3497 886 3554 τοῦτο
936 3498 1074 3571 πρὸς
1121 3499 1236 3562 τοῖς
1277 3496 1597 3569 είρημένοις
1631 3494 1843 3552 ἄνωθεν

272 3592 517 3661 ὀφείλεις,
551 3591 833 3662 ἀγαπητὶ,
871 3590 955 3644 ὅτι
1000 3591 1048 3643 οί
1098 3589 1191 3644 τδν
1250 3588 1403 3660 ἥλιον
1453 3588 1709 3657 λέγοντες
1766 3587 1843 3659 μὴ

270 3684 359 3755 τὴν
389 3684 494 3756 γῆν
523 3684 855 3755 ὑποτρέχειν
885 3682 1134 3737 κάτωθεν
1168 3681 1307 3752 μετὰ
1331 3682 1433 3751 τὴν
1465 3678 1632 3733 αὑτοῦ
1666 3677 1846 3747 δύσιν,

271 3776 376 3829 ἀλλ’
411 3779 477 3831 έκ
530 3775 767 3846 πλαγίου
800 3774 899 3844 τὴν
931 3774 1099 3829 αὐτοῦ
1146 3774 1476 3843 ποιούμενον
1510 3772 1681 3825 δίοδον
1711 3771 1848 3840 πρὸς

269 3868 527 3942 ἀνατολὰς
576 3866 921 3939 ἀπέρχεσθαι
975 3864 1233 3921 κάκεῖθεν
1299 3861 1459 3928 αὖθις
1507 3862 1849 3933 ἀπέρχεσθαι

268 3961 356 4015 τοῦ
378 3961 644 4033 φωτίζειν
675 3964 775 4033 τὴν
815 3960 944 4031 γῆν,
969 3959 1070 4013 οὐκ
1113 3956 1500 4029 εῦπαράδεκτα
1528 3956 1737 4025 λέγειν,
1771 3954 1847 4018 ὡς

271 4048 437 4125 οἶμαι,
466 4057 587 4119 τοῖς
636 4052 698 4107 εὖ
747 4052 1043 4124 φρονοῦσιν
1092 4049 1470 4121 κριθήσονται,
1505 4047 1555 4101 εί
1601 4047 1680 4118 μή
1735 4062 1841 4098 που

271 4147 403 4200 κατὰ
432 4145 599 4215 λόγον
636 4144 954 4215 οίκονομίας
998 4142 1227 4197 τοιαῦτα
1258 4140 1443 4211 λέγειν
1489 4141 1848 4210 προάγονται.

274 4238 330 4293 Εί
389 4242 501 4312 γὰρ
547 4240 708 4294 οῦδὲν
735 4240 925 4312 ἔτερόν
958 4241 1109 4293 ἐστιν
1152 4240 1186 4310 ή
1236 4238 1335 4305 νὺξ
1365 4236 1485 4291 ἀλλ’
1532 4236 1567 4308 ἢ
1598 4235 1850 4303 σκίασμα

273 4330 392 4401 γῆς,
425 4334 524 4387 τοῦ
557 4332 714 4402 ἡλίου
760 4334 862 4402 τὴν
902 4331 1007 4402 γῆν
1039 4330 1452 4401 ὑποτρέχοντος,
1492 4326 1569 4391 ὡς
1601 4328 1630 4380 ὁ
1663 4327 1852 4397 Δαμα-

276 4423 466 4493 σκηνὸς
535 4424 794 4494 Ἰωάννης
853 4423 1009 4493 φησὶ,
1068 4423 1188 4485 πῶς
1255 4420 1440 4475 λοιπὸν
1502 4418 1698 4491 βαθεῖα
1750 4418 1850 4490 τὴν

1959 3315 2104 3365 esse,
2139 3300 2415 3370 simulque
2454 3300 2701 3370 singulos
2738 3313 2861 3353 esse
2890 3299 2971 3354 sic
3009 3313 3039 3352 a
3086 3310 3281 3352 natura
3310 3313 3538 3367 compa-

1952 3400 2122 3458 ratos,
2150 3407 2375 3445 suarum
2409 3400 2463 3445 ut
2494 3391 2776 3446 actionum
2810 3388 2915 3461 ipsi
2947 3389 3061 3444 sint
3089 3388 3322 3444 domini.

2020 3497 2129 3570 32
2169 3496 2377 3553 Praeter
2409 3495 2648 3551 indicata
2684 3510 2838 3560 vero,
2869 3495 3069 3551 dilecte
3100 3494 3198 3559 fili,
3234 3494 3338 3549 hoc
3373 3491 3538 3549 etiam

1950 3591 2093 3645 scire
2117 3588 2305 3653 debes,
2336 3603 2431 3644 eos
2462 3587 2555 3657 qui
2590 3588 2762 3645 solem
2794 3586 2983 3642 dicant
3017 3601 3127 3641 non
3160 3586 3397 3642 inferius
3428 3595 3538 3641 ter-

1952 3694 2069 3734 ram
2098 3690 2222 3753 post
2246 3693 2501 3735 occasum
2534 3693 2695 3733 suum
2720 3678 3164 3743 subtercurrere,
3183 3677 3278 3733 sed
3301 3677 3538 3748 obliquo

1951 3770 2150 3825 itinere
2182 3770 2249 3824 ad
2277 3782 2458 3825 ortum
2487 3769 2775 3844 pervenire
2802 3768 3043 3837 indeque
3065 3784 3280 3821 rursum
3311 3783 3538 3837 pergere

1950 3863 2017 3917 ad
2052 3862 2482 3917 collustrandam
2522 3869 2750 3925 terram,
2805 3876 2925 3914 mea
2979 3859 3202 3928 quidem
3253 3861 3532 3914 sententia

1950 3955 2086 4009 viris
2119 3954 2484 4023 prudentibus
2521 3968 2719 4023 parum
2777 3952 3088 4021 probabilia
3143 3949 3534 4019 traderejudi-

1951 4045 2158 4100 candos
2183 4060 2325 4108 esse,
2355 4045 2461 4099 nisi
2500 4045 2642 4099 forte
2676 4052 2835 4098 certo
2865 4042 3106 4111 quodam
3139 4041 3376 4096 consilio
3408 4040 3536 4095 talia

1951 4139 2253 4210 proferant.
2283 4136 2418 4191 Nam
2451 4135 2496 4189 si
2543 4134 2681 4188 nihil
2710 4134 2857 4191 aliud
2886 4144 2965 4187 est
2992 4148 3101 4186 nox
3127 4148 3291 4201 quam
3339 4131 3534 4186 umbra

1954 4238 2134 4293 terrae,
2181 4242 2304 4292 qua:
2368 4224 2585 4281 exsistit
2628 4224 2745 4279 sole
2799 4234 3000 4279 terram
3052 4225 3534 4289 suhtcrcurrenle,

1952 4320 2416 4393 quemadmodum
2468 4317 2711 4374 Joannes
2763 4317 2854 4372 ille
2900 4317 3277 4372 Damascenus
3329 4315 3534 4386 inquit,

1954 4428 2064 4484 quo
2094 4412 2212 4467 fieri
2251 4420 2409 4485 pacto
2450 4409 2660 4486 poterit
2706 4416 2766 4462 ut
2797 4408 2905 4489 alta
2945 4424 3052 4461 nox
3103 4409 3249 4463 diem
3293 4408 3536 4477 excipiat

273 4517 482 4587 ἡμέραν
533 4517 840 4582 διαδέξεται
894 4516 1016 4582 νὺξ,
1076 4515 1170 4569 τοῦ
1222 4515 1374 4587 ἡλίου
1433 4514 1557 4569 κατ’
1603 4512 1849 4574 ἐκείνους

1954 4506 2068 4561 sole
2094 4505 2184 4573 (de
2222 4505 2465 4573 ipsorum
2505 4502 2726 4568 quidem
2775 4501 3074 4569 sententia)
3108 4503 3535 4570 quamproxilnc

276 4609 551 4677 έγγῦτατα
616 4608 717 4661 καὶ
774 4608 971 4679 μικροῦ
1034 4608 1170 4677 πρὸς
1239 4608 1389 4678 ἡμᾶς
1450 4603 1852 4677 στρεφομένου,

275 4703 568 4756 κάντεῦθεν
613 4692 852 4757 ἀκτίνων
903 4703 1036 4773 ἡμῖν
1099 4698 1494 4772 ὲμπιπτουσῶν
1543 4698 1640 4752 καὶ
1687 4714 1856 4767 φωτι-

277 4794 481 4857 ςουσῶυ
500 4796 564 4850 τὸ
599 4795 919 4865 περίγειονς
975 4795 1084 4848 Καὶ
1118 4797 1167 4847 εί
1211 4792 1287 4864 μὴ
1321 4790 1487 4863 πείθῃ
1524 4793 1642 4853 τοῖς
1692 4789 1856 4863 λεγο-

280 4886 481 4956 μένοις,
513 4888 701 4950 αὐτοῖς
734 4888 845 4949 τοῖς
889 4888 1185 4957 πράγμασι
1236 4883 1519 4951 πείσθητι.
1585 4880 1675 4933 Ἔν
1720 4881 1855 4950 Βρε-

277 4978 434 5051 τανίᾳ
488 4981 556 5051 τῇ
614 4985 767 5050 νήσῳ
828 4976 1354 5045 ὀκτωκαιδεκάωρος
1420 4973 1518 5044 μὲν
1574 4973 1609 5043 ἡ
1667 4972 1852 5041 ἡμέρα

277 5071 446 5136 ἔστιν,
488 5072 731 5142 έξάωρος
772 5069 829 5123 δὲ
882 5070 918 5145 ἠ
964 5068 1081 5135 νύξ.
1122 5066 1231 5121 Καὶ
1282 5065 1342 5119 οὐ
1387 5066 1549 5136 μόνον
1588 5062 1850 5133 ἐξάωρος,

240 5180 245 5184 '
277 5162 412 5216 ἀλλὰ
455 5165 549 5216 καὶ
593 5162 656 5215 τὸ
702 5163 893 5225 σκότος
916 5162 1089 5232 αὐτῆς
1132 5160 1194 5214 οῦ
1232 5161 1372 5213 πάνυ
1405 5158 1567 5229 βαθὺ,
1599 5155 1849 5209 τοιοῦτον

274 5253 330 5307 δὲ
356 5256 536 5312 εἰπεῖν
555 5255 741 5309 ὀποί-ὃν
769 5257 886 5311 ἐστι
917 5254 981 5313 τὸ
1023 5255 1155 5322 παρ’
1190 5254 1324 5322 ἡμῖν
1361 5250 1661 5318 λεγόμενον
1692 5245 1856 5299 λυκό-

274 5364 479 5417 φωτον.
507 5350 877 5421 Ἐμπίπτοιλσι
909 5349 1020 5419 γὰρ
1045 5348 1227 5409 αὐτοῖς
1266 5346 1323 5398 ai
1350 5346 1516 5411 αὐγαὶ
1543 5343 1639 5396 τοῦ
1671 5342 1850 5413 ἡλίου.

279 5440 437 5505 τίνος
484 5442 698 5507 ἕνεκενς
743 5442 870 5495 Ὅτι
926 5438 1029 5492 κάν
1068 5439 1189 5500 ταῖς
1238 5437 1384 5501 νυξὶν
1418 5436 1611 5498 αὐταῖς
1644 5433 1672 5485 ὁ
1703 5432 1857 5503 ἥλιος

278 5529 511 5599 ἔγγιστα
559 5534 989 5604 περιστρέφεται
1034 5529 1121 5585 διὰ
1166 5529 1226 5582 τὸ
1282 5529 1624 5601 βραχύτατον
1687 5525 1857 5579 αὑτοῦ

349 5697 395 5729 ³³
428 5697 531 5752 lsa.
566 5712 604 5765 ι,
643 5696 726 5752 l9.

1951 4615 1983 4653 a
2025 4596 2187 4651 nobis
2218 4609 2337 4648 sese
2379 4603 2768 4656 convcrtente,
2834 4607 3073 4663 quocum
3132 4607 3255 4648 esse
3301 4595 3537 4662 conjun-

1957 4698 2110 4744 ctuni
2147 4697 2362 4757 Oportet
2391 4694 2452 4740 ut
2498 4686 2564 4739 ad
2597 4699 2693 4739 nos
2730 4684 2870 4739 radii
2915 4685 3230 4756 pertingant
3263 4695 3535 4755 terraeque

1951 4780 2161 4836 vicinas
2214 4789 2396 4848 partes
2431 4778 2801 4833 collustrent?
2847 4777 3057 4845 Quodsi
3109 4778 3239 4832 huic
3286 4779 3533 4833 orationi

1953 4873 2114 4927 fidem
2146 4887 2256 4924 non
2294 4869 2482 4933 habes,
2505 4868 2666 4924 rebus
2700 4869 2834 4939 ipsis
2873 4869 3191 4940 persuaderi
3224 4878 3275 4926 te
3306 4871 3535 4939 patitor.

1959 4966 2021 5021 in
2065 4965 2242 5019 insula
2292 4958 2729 5017 Britannia'dies
2780 4962 3047 5017 horarum
3104 4978 3235 5016 xvm
3292 4964 3536 5033 spatium

1958 5064 2223 5125 continet,
2256 5076 2378 5114 cum
2422 5074 2524 5112 uox
2558 5057 2744 5128 plures
2785 5074 2948 5128 quam
2997 5074 3049 5112 v1
3087 5058 3250 5113 horas
3283 5074 3388 5112 non
3440 5060 3536 5111 ha-

1957 5154 2104 5209 beat.
2138 5153 2327 5221 Neque
2376 5160 2584 5205 tantum
2629 5165 2724 5205 sex
2764 5150 3025 5205 horarum
3069 5159 3172 5216 est,
3222 5149 3316 5206 sed
3365 5152 3534 5205 etiam

1952 5246 2128 5316 caligo
2161 5246 2282 5317 ejus
2313 5258 2419 5297 non
2471 5240 2769 5297 admodum
2800 5250 2887 5296 est
2938 5240 3233 5313 profunda,
3267 5241 3532 5295 nimirum

1953 5339 2220 5410 ejusmodi
2247 5336 2403 5407 quale
2434 5334 2694 5404 quiddam
2724 5349 2822 5389 nos
2848 5335 3241 5404 crepusculum
3268 5333 3527 5387 dicimus.
3570 5372 3573 5375 »

1956 5431 2088 5484 Nam
2141 5427 2458 5499 pertingunt
2490 5425 2557 5479 ad
2608 5440 2705 5481 cos
2739 5425 2877 5479 radii
2922 5425 3078 5481 solis.
3116 5422 3480 5491 Quamobrem
3505 5420 3533 5474 ?

1957 5521 2095 5590 Quia
2146 5537 2243 5592 per
2293 5519 2436 5591 ipsas
2483 5517 2647 5573 ctiam
2701 5526 2890 5572 noctes
2935 5516 3017 5571 sol
3078 5516 3146 5570 ab
3210 5513 3290 5568 cis
3361 5527 3527 5583 quam
