4052 6200
403 133 473 190 sa
1675 126 2095 186 MlCHAELlS
2124 100 2388 185 cuca;
3593 127 3665 190 ει

398 249 642 319 proxime
674 247 1095 317 circumagitur,
1126 256 1411 317 propterea
1442 244 1587 315 quod
1624 246 1821 314 exigua
1850 260 1977 314 pars

2097 242 2251 313 μέρος
2285 242 2390 295 ὑπὸ
2431 242 2534 312 γῆν
2574 239 2961 296 καταδύεσθαι.
2986 242 3097 295 Καὶ
3134 242 3189 295 οἵ
3221 260 3283 310 γε
3313 242 3422 296 τῶν
3457 244 3665 315 Beata-

397 342 516 407 ejus
555 338 657 390 sub
691 347 887 390 terram
921 338 1289 404 demergatur.
1318 334 1703 387 Britannorum
1745 333 1968 402 quidem

398 430 433 482 ii
462 437 735 498 quotquot
765 426 1050 481 oculorum
1092 424 1346 478 acumine
1391 424 1592 489 valent,
1621 440 1719 491 per
1756 433 1969 477 noctem

397 530 653 577 accurate
686 528 921 574 cernunt
959 533 1021 571 ac
1058 526 1267 571 tantum
1299 532 1406 570 non
1436 518 1621 572 omnia
1655 518 1769 571 suis
1796 516 1974 570 oculis

398 612 895 683 comprehendunt.
944 610 1015 663 De
1045 625 1154 678 quo
1185 610 1344 662 velim
1391 608 1568 663 discas
1600 607 1746 677 quod
1796 608 1839 661 si
1893 607 1975 662 sol

403 707 457 759 in
511 707 727 759 climate
776 714 965 757 nostro
1017 718 1126 757 non
1182 702 1285 756 sub
1334 711 1479 755 terra
1528 715 1753 756 cursum
1812 714 1973 754 suum

403 798 713 865 perliceret,
760 796 853 849 sed
888 796 1079 848 itidem
1118 805 1173 847 ut
1228 794 1354 848 istic
1385 795 1803 861 qttantproxime
1829 791 1977 861 apud

401 907 503 943 nos
533 890 1086 953 circumvolveretur,
1125 905 1232 942 nox
1276 903 1469 956 reapse
1513 902 1621 940 non
1653 903 1759 940 nox
1811 884 1975 950 foret,

396 998 429 1034 ιι
458 997 498 1035 -c
550 983 672 1049 ejus
724 984 963 1036 tenebras
996 981 1290 1034 admodum
1344 979 1649 1047 profundae,
1694 979 1788 1034 sed
1828 979 1975 1046 ejus-

400 1071 548 1123 modi
597 1072 787 1139 qualcs
837 1072 948 1140 jam
1020 1080 1147 1125 ante
1212 1070 1664 1140 significavimus,
1717 1069 1979 1123 nimirum

402 1174 548 1216 terra
597 1180 705 1216 non
760 1163 1032 1217 ollicicnte
1084 1163 1251 1215 radiis
1296 1162 1568 1216 solaribus
1614 1176 1716 1214 nec
1756 1176 1855 1215 cos
1884 1162 1984 1213 ob-

401 1265 674 1309 struente.
705 1254 819 1309 Nox
845 1256 994 1309 enim
1031 1255 1179 1309 aliud
1212 1254 1349 1309 nihil
1379 1264 1484 1317 est,
1515 1253 1982 1323 quemadmodum

401 1358 455 1402 ct
494 1363 723 1417 magnus
761 1348 851 1403 ille
894 1348 1130 1403 Basilius
1161 1348 1255 1414 ait,
1291 1364 1452 1417 quam
1494 1359 1653 1403 terra:
1682 1347 1985 1402 obumbra-

404 1440 498 1491 tio.
536 1440 881 1509 Quapropter
924 1441 969 1495 si
1011 1440 1091 1493 sol
1126 1448 1327 1494 terram
1368 1456 1477 1493 non
1524 1440 1985 1508 sublercnrrerct,

2075 337 2181 390 νῶν
2232 334 2680 405 ὀξυδερκέστατοι
2716 334 2903 402 σαφῶς
2947 333 3116 405 ὁρῶσι
3149 335 3291 388 κατᾶ
3342 335 3442 405 τὴν
3490 336 3663 390 νύκτα

2076 426 2170 478 καὶ
2210 424 2408 495 μικροῦ
2446 425 2664 488 πάντως
2686 427 2797 489 τοῖς
2826 424 3128 495 ὀφθαλμοῖς
3156 427 3663 498 περιλαμϐάνουσι.

2077 516 2325 581 Μάνθανε
2351 512 2445 571 οὖν
2471 517 2718 570 ἐντεῦθεν
2743 517 2817 580 ὡς
2848 518 2902 572 εί
2926 535 2989 586 γε
3033 519 3127 571 καὶ
3158 520 3217 571 ὲν
3250 518 3329 589 τῷ
3363 520 3486 572 καθ’
3514 522 3663 591 ἡμᾶς

2076 610 2301 680 κλίματι
2330 610 2427 679 οὐχ
2458 610 2564 662 ὑπὸ
2592 610 2697 678 γῆν
2742 610 2771 662 6
2818 610 2970 680 ἥλιος
3007 610 3260 665 διοδεύων
3287 608 3377 682 ἦν,
3420 613 3534 666 ἀλλ’
3570 614 3664 683 ἔγ-

2077 699 2240 766 γιστά
2276 716 2376 751 που
2412 695 2701 753 ’κάνταῦθα
2759 700 3210 769 περιεστρέφετο,
3243 703 3277 772 ἡ
3315 700 3413 766 νὺξ
3445 703 3661 771 ἀληθῶς

2079 791 2198 863 οὐχ).
2254 791 2370 856 νὺξ.
2413 792 2533 845 οὐδὲ
2574 792 2717 846 πάνυ
2772 791 2910 861 βαθὺ
2958 792 3020 845 τὸ
3059 794 3251 857 σκότος
3300 796 3496 865 αὐτῆς,
3525 797 3661 851 ἀλλὰ

2079 884 2324 938 τοιοῦτον
2358 885 2540 938 ὁποῖον
2574 887 2602 937 6
2628 884 2787 952 λόγος
2817 884 2918 955 ἤδη
2968 884 3184 953 φθάσας
3212 887 3532 957 ἐγνώρισεν,
3566 890 3663 943 ἆτε

2082 976 2346 1047 οὐμενοῦν
2375 975 2853 1047 ἀντιφραττούσης
2882 979 3005 1040 ταῖς
3029 977 3287 1047 ἡλιακαῖς
3314 980 3502 1045 ἀκτῖσι
3524 996 3635 1034 παν
3652 1006 3671 1022 ο

2081 1068 2341 1122 τάπασιν.
2398 1067 2462 1121 Ἠ
2505 1069 2613 1137 γὰρ
2646 1069 2742 1136 νὺξ
2796 1069 2952 1124 οὐδὲν
2995 1070 3126 1125 ἄλλο
3174 1070 3381 1142 ἐστὶνῆ
3419 1072 3666 1142 σκίασμα

2083 1155 2208 1226 γῆς,
2237 1155 2312 1219 ὡς
2374 1158 2401 1209 6
2447 1158 2622 1227 μέγας
2663 1159 2799 1227 φησὶ
2848 1158 3153 1223 Βασίλειος.
3192 1158 3298 1212 Τοῦ
3348 1159 3481 1229 γοῦν
3509 1162 3667 1231 ἡλίου

2089 1248 2163 1319 μὴ
2214 1247 2311 1318 τὴν
2357 1251 2461 1318 γῆν
2491 1248 2907 1320 ὑποτρέχοντος,
2952 1249 3072 1305 ἀλλ’
3108 1249 3339 1319 ἔγγιστα
3371 1269 3673 1323 περιστρε-

2087 1340 2363 1407 φομένου,
2416 1339 2492 1402 ὡς
2552 1338 2761 1392 ἄνωθεν
2822 1337 3078 1409 εἴρηται,
3136 1337 3361 1407 βαθεῖαν
3418 1337 3671 1404 γίνεσθαι

2089 1431 2259 1485 νύκτα
2288 1431 2503 1493 πάντως
2533 1432 2839 1502 ἀμήχανον.
2872 1433 2981 1486 Καὶ
3011 1432 3063 1485 τί
3093 1433 3256 1503 χρεία
3284 1431 3457 1485 πολλὰ
3484 1432 3669 1498 λέγειν

408 1531 503 1584 sed
563 1534 812 1601 proxime
848 1534 1052 1587 alicubi
1104 1534 1647 1606 circumagitaretur,
1681 1534 1845 1590 sicuti
1891 1551 1987 1589 su-

2097 1524 2186 1578 καὶ
2218 1522 2563 1593 ἀπαριθμεῖν
2588 1523 2656 1577 τὰ
2688 1523 2810 1577 καθ’
2845 1524 3113 1589 ἓκιστονς
3151 1524 3463 1594 Σφαιρικῆς
3503 1523 3672 1591 οὔσης

406 1623 594 1691 perius
621 1625 926 1691 aiebamus,
950 1627 1063 1681 fieri
1098 1643 1445 1697 nequaquam
1475 1636 1660 1697 posset
1690 1636 1747 1681 ut
1768 1636 1984 1682 noctem

2097 1615 2191 1684 τῆς
2237 1618 2340 1685 γῆς
2382 1617 2475 1670 καὶ
2532 1617 2589 1668 ὲν
2645 1614 2800 1685 μέσῳ
2848 1613 2942 1667 τοῦ
2974 1616 3177 1677 παντὸς
3230 1616 3671 1687 άπῃωρημένης,

406 1713 734 1781 profundam
788 1715 1140 1773 haberemus.
1201 1718 1267 1771 Et
1326 1732 1458 1771 vero
1524 1717 1657 1787 quid
1711 1733 1852 1787 opus
1901 1727 1986 1772 est

2097 1709 2221 1778 παρ’
2270 1709 2456 1773 ἄλλοις
2499 1708 2678 1766 ἄλλως
2716 1707 2998 1777 ἀνατέλλει
3031 1724 3091 1761 τε
3134 1708 3229 1761 καὶ
3258 1708 3405 1762 δύνει
3434 1711 3461 1762 6
3493 1710 3672 1779 ἥλιος,

408 1803 578 1856 multa
615 1819 1051 1862 commemorare
1089 1808 1416 1879 singulaque
1468 1809 1805 1864 recensere?
1846 1808 1986 1864 Cum

2097 1801 2391 1855 κάντεῦθεν
2428 1804 2540 1864 τοῖς
2580 1800 2681 1869 μὲν
2716 1799 2808 1852 ἴσα
2837 1798 2985 1853 τελεί
3009 1801 3078 1853 τὰ
3103 1802 3447 1873 νυχθήμερα,
3476 1804 3588 1866 τοῖς
3618 1801 3679 1857 δὲ

403 1892 628 1959 globosa
681 1896 752 1948 sit
794 1908 937 1951 terra
971 1908 1027 1953 et
1058 1898 1113 1952 in
1146 1901 1389 1956 universi
1430 1901 1612 1956 medio
1659 1901 1818 1973 quasi
1866 1917 1987 1957 sus-

406 2000 576 2054 pensa
614 1986 844 2055 hazreat,
872 1990 1016 2059 apud
1062 1991 1200 2047 alios
1230 1994 1391 2050 aliter
1417 1993 1498 2047 sol
1538 1993 1718 2048 oritur
1748 2004 1803 2048 et
1836 1993 1990 2050 occi-

405 2076 506 2128 dit.
531 2076 731 2131 Eadem
755 2079 822 2132 de
841 2095 1004 2135 causa
1027 2082 1308 2136 nonnullis
1331 2083 1564 2151 aequalia
1584 2083 1796 2137 dierum
1824 2091 1989 2151 atque

406 2167 650 2227 noctium
690 2168 793 2222 etiit
816 2169 859 2223 it
903 2171 1097 2238 spatia,
1144 2172 1423 2227 nonnullis
1447 2173 1759 2242 inaequalia.
1801 2172 1991 2242 Neque

408 2259 609 2311 mirum
644 2259 740 2312 tibi
787 2261 857 2314 sit
886 2263 1030 2330 apud
1067 2263 1362 2319 Britannos
1418 2274 1635 2319 noctem
1692 2278 1787 2318 sex
1826 2262 1993 2316 bora-

413 2358 531 2400 rum
565 2364 708 2413 esse,
743 2351 963 2419 quando
986 2353 1128 2421 apud
1159 2354 1314 2419 alios,
1349 2353 1551 2424 quibus
1576 2369 1695 2408 eam
1730 2352 1795 2407 ad
1827 2352 1998 2407 subli-

411 2441 654 2495 mitatem
698 2446 781 2496 vel
834 2445 1094 2502 australis
1150 2446 1236 2501 vel
1292 2446 1621 2516 aquilonalis
1688 2445 1848 2514 polus
1912 2452 1998 2498 est

408 2534 655 2588 elevatus
704 2546 765 2591 ut
802 2537 1039 2592 alterum
1092 2540 1319 2593 omnino
1362 2554 1528 2609 supra
1585 2537 1849 2593 verticem
1901 2537 1999 2589 ha-

408 2625 595 2690 beant,
652 2632 795 2701 apud
854 2631 955 2685 bos
1006 2646 1139 2699 ergo
1182 2641 1408 2700 propter
1444 2629 1577 2684 solis
1611 2629 1666 2684 in
1723 2628 1995 2685 circulum

2089 1893 2254 1946 πάλιν
2314 1893 2495 1946 ἄνισα.
2532 1891 2624 1964 Μὴ
2672 1891 2936 1961 θαύμαζε
2998 1893 3116 1961 εῐγε
3176 1894 3328 1965 παρὰ
3382 1894 3679 1963 Βρετανοῖς

2089 1983 2327 2053 ὲξάωρός
2359 1985 2509 2036 ἐστιν
2552 1985 2585 2050 ἡ
2630 1981 2751 2048 νὺξ,
2779 1984 2915 2037 ὅπου
2941 2000 3005 2051 γε
3037 1983 3171 2057 παρ’
3221 1984 3454 2055 ἑτέροις,
3477 1981 3556 2046 οἷς
3588 2001 3680 2037 το-

2098 2074 2287 2128 σοῦτον
2337 2076 2365 2128 6
2418 2075 2583 2139 πόλος
2627 2074 2856 2146 ἐξῆρται
2881 2075 2910 2126 6
2951 2076 3162 2146 βόρειος
3194 2075 3227 2147 ἡ
3259 2076 3287 2129 6
3328 2077 3505 2141 νότιος
3533 2076 3677 2130 ὥστε

2098 2168 2246 2222 κατὰ
2272 2168 2522 2237 κορυφὴν
2553 2167 2700 2238 ἔχειν
2742 2168 2835 2223 τὸν
2867 2169 3055 2240 ἕτερόν
3112 2187 3176 2239 γε
3219 2170 3435 2234 πάντως
3469 2169 3679 2231 αὐτῶν,

2098 2259 2311 2322 τούτοις
2350 2259 2439 2313 διὰ
2492 2259 2589 2330 τὴν
2619 2260 2782 2331 πέριξ
2810 2300 2811 2303 η
2840 2261 2934 2314 τοῦ
3008 2262 3160 2332 ἡλίου
3222 2261 3560 2334 περιδρομὴν
3616 2261 3681 2314 ’τὸ

2097 2351 2422 2422 οἰκούμενον
2469 2350 2619 2406 ἅπαν
2659 2353 2970 2423 ὲσκίασται,
3008 2356 3036 2408 ὅ
3073 2372 3132 2407 τε
3163 2353 3439 2416 ἐνιαύσιος
3486 2352 3678 2415 αὐτοῖς

2096 2442 2299 2507 κύκλος
2328 2444 2517 2515 ἡμέρᾳ.
2567 2445 2664 2514 μιᾷ
2690 2445 2789 2498 καὶ
2829 2446 2986 2499 νυκτὶ
3011 2446 3275 2510 ὡσαύτως
3317 2444 3674 2515 μεμέρισται,

2095 2535 2171 2598 ὡς
2195 2531 2336 2588 εἶναι
2376 2534 2587 2599 τούτοις
2634 2535 2825 2590 λοιπὸν
2872 2536 2974 2608 τὴν
3014 2538 3231 2608 ἡμέραν
3268 2536 3544 2607 ἑξάμηνον
3575 2537 3670 2588 καὶ⁸

2098 2628 2197 2699 τὴν
2238 2626 2413 2682 νύκτα
2438 2627 2749 2698 ἰσάριθμον.
2781 2628 2892 2682 Καὶ
2921 2628 3128 2683 τούτων
3160 2628 3360 2694 οὕτως.

413 2720 835 2779 Conversionem
872 2734 983 2781 tota
1021 2727 1170 2796 regio
1206 2725 1462 2779 tenebras
1488 2734 1786 2794 perpetuas
1815 2704 2011 2789 habet,
2034 2723 2141 2797 33
2169 2732 2226 2779 et
2250 2725 2667 2781 anniversarius
2696 2724 2846 2780 orbis
2874 2724 2963 2782 ille
2995 2725 3356 2782 consimiliter
3416 2726 3470 2781 in
3531 2726 3675 2784 diem

412 2812 742 2891 noctemque
808 2819 888 2875 sic
941 2820 1230 2885 dividitur,
1282 2827 1343 2874 ut
1401 2818 1547 2874 diem
1599 2818 1821 2888 quidem
1875 2818 2284 2891 scxbmensium
2329 2818 2669 2890 totidemque
2725 2818 3001 2875 mensium
3056 2827 3273 2874 noctem
3321 2818 3580 2874 habeant.
3602 2818 3682 2874 Ac

410 2915 478 2967 de
510 2915 596 2969 bis
630 2915 851 2986 quidem
885 2916 990 2972 hoc
1017 2916 1182 2970 modo
1209 2916 1419 2971 dictum
1446 2926 1588 2971 esto.

484 3014 604 3069 Non
651 3014 840 3083 ignoro
886 3021 1093 3081 autem,
1124 3013 1325 3073 dilecte
1355 3013 1455 3082 ﬁli,
1480 3023 1543 3070 te
1583 3014 1651 3070 de
1692 3014 1799 3070 hoc
1829 3014 1997 3071 etiam

412 3118 610 3177 praeter
654 3108 760 3162 alia
802 3108 1039 3163 sollicite
1086 3109 1544 3180 perquisiturum.
1598 3109 1992 3178 Quamobrem,

414 3201 657 3271 inquies,
698 3209 813 3255 toto
862 3201 1048 3255 triduo
1102 3203 1327 3272 quidem
1365 3202 1564 3258 diffusa
1608 3202 1699 3257 lux
1752 3211 1871 3259 erat
1906 3203 1999 3260 illa

414 3292 763 3361 primigenia,
794 3302 997 3363 quarto
1040 3303 1228 3349 autem
1267 3294 1361 3349 die
1395 3293 1573 3348 divisa
1616 3303 1696 3349 est
1734 3293 1789 3349 in
1829 3294 1998 3349 lumi-

415 3385 595 3445 naria,
616 3384 879 3439 nimirum
910 3384 1331 3453 solem,lunam,
1360 3387 1565 3457 reliqua
1595 3386 1998 3443 sidera?Nolim

420 3475 678 3544 equidem
738 3475 903 3532 nimis
956 3485 1009 3533 te
1062 3476 1285 3535 curiose
1331 3493 1614 3534 sacrarum
1662 3478 1999 3535 Litterarum

328 3634 333 3637 _
418 3567 586 3621 verba
623 3568 959 3634 examinare,
998 3570 1220 3638 quando
1269 3570 1373 3625 hac
1405 3570 1459 3625 in
1502 3583 1660 3641 parte
1698 3571 1886 3626 studio
1917 3570 2003 3626 di—

418 3658 607 3713 scendi
640 3667 734 3714 tuo
768 3675 991 3728 prorsus
1008 3660 1324 3717 satisfacere
1359 3676 1469 3716 non
1496 3677 1816 3730 possumus.
1846 3660 2001 3719 Scito

422 3762 605 3805 tamen
639 3751 950 3808 condidisse
986 3752 1213 3823 quidem
1246 3753 1407 3809 initio
1438 3752 1609 3809 Deum
1644 3753 1827 3809 lucem
1848 3754 2001 3809 illam

422 3860 616 3914 puram
666 3855 722 3900 et
771 3854 1053 3917 expertem
1106 3846 1362 3904 materiei
1397 3861 1622 3913 crassae,
1654 3863 1848 3903 verum
1891 3863 2003 3902 non

423 3932 601 4006 ipsum
644 3939 882 4005 discum,
912 3948 973 3995 ut
1018 3939 1148 3994 inde
1185 3940 1468 3995 discamus
1494 3954 1731 4011 quorum
1773 3954 2004 4009 operum

426 4032 546 4099 ipse
582 4032 656 4086 sit
684 4031 939 4099 etl‘ector,
978 4047 1155 4102 eoque
1189 4042 1454 4104 percepto
1488 4032 2003 4105 pr'estanlissimum

426 4123 583 4177 illum
632 4125 898 4179 artiﬁcem
953 4133 1108 4179 tanto
1155 4125 1326 4194 magis
1377 4126 1759 4181 admiremur:
1800 4139 1925 4179 nam
1973 4139 2005 4178 a

432 4213 809 4280 magnitudine
857 4214 1336 4284 pulcritudineque
1385 4224 1696 4270 creatorum
1754 4223 1868 4269 tum
1921 4229 2007 4269 sa-

435 4302 642 4381 pientia
690 4313 803 4358 tum
851 4314 1096 4375 potestas
1127 4306 1341 4376 Opiﬁcis
1385 4309 1713 4379 perspicitur
1745 4309 1812 4361 ³⁸.
1844 4308 2006 4378 Ejus-

432 4395 581 4450 modi
616 4412 748 4451 vero
787 4396 967 4452 lucem
1011 4398 1275 4468 deinceps
1306 4398 1365 4453 in
1417 4398 1602 4455 discos
1646 4399 1903 4465 collocat,
1945 4409 2008 4455 ut

2179 3010 2310 3070 Οἶδα
2337 3014 2417 3084 δὲ,
2447 3013 2724 3085 ἀγαπητὲ,
2754 3014 2838 3070 ὅτι
2869 3015 2965 3070 καὶ
2997 3014 3157 3071 τοῦτο
3188 3014 3327 3086 πρὸς
3356 3016 3470 3079 τοῖς
3497 3012 3682 3076 ἄλλοις

2103 3088 2469 3181 περιεργάζει,
2497 3107 2565 3159 Τί
2598 3106 2659 3178 δὴ
2694 3124 2851 3174 ποτε,
2884 3108 3080 3177 λέγων,
3115 3106 3207 3160 ἐπὶ
3239 3107 3420 3177 τρισὶν
3449 3106 3682 3177 ἡμέραις

2105 3203 2515 3272 ἀνακεχυμένον
2562 3196 2628 3272 ἦν
2673 3202 2845 3256 ἐκεῖνο
2890 3200 2952 3255 τὸ
2984 3200 3333 3275 πρωτόγονον
3366 3199 3503 3270 φῶς,
3537 3200 3596 3255 ὲν
3624 3198 3684 3253 δὲ

2105 3297 2171 3365 τῇ
2200 3296 2438 3366 τετάρτῃ
2469 3293 2655 3364 ἡμέρᾳ
2687 3294 2801 3358 τοῖς
2833 3292 3123 3364 φωστῆρσι
3156 3291 3561 3364 κατεμερίσθη,
3600 3292 3681 3362 τῷ

2104 3403 2165 3441 τε
2202 3385 2337 3457 ἡλίῳ
2373 3384 2601 3455 δηλαδὴ,
2635 3387 2702 3456 τῇ
2736 3384 2938 3458 σελήνῃ
2968 3387 3066 3439 καὶ
3092 3385 3206 3449 τοῖς
3236 3384 3446 3448 λοιποῖς
3478 3384 3686 3455 ἄστρα·

2110 3494 2236 3544 οιν;
2281 3477 2444 3532 Ἀλλὰ
2485 3476 2562 3549 μὴ
2607 3478 2701 3532 ἐπὶ
2748 3477 2915 3530 πλέον
2947 3476 3016 3532 τὰ
3064 3475 3184 3531 θεία
3234 3475 3688 3546 πολυπραγμόνει

2110 3568 2272 3639 ῥητὰ,
2314 3569 2397 3622 ὅτι
2449 3564 2586 3638 μηδὲ
2644 3565 2980 3639 θεραπεύειν
3025 3565 3122 3620 ἐπὶ
3170 3567 3388 3630 τούτοις
3426 3565 3688 3637 meum

2107 3659 2206 3729 τὴν
2236 3661 2334 3731 σὴν
2367 3659 2753 3730 φιλομάθειαν.
2789 3660 2931 3713 Ἵσθι
2978 3656 3275 3731 τοιγαροῦν
3309 3658 3390 3712 ὃτι
3445 3659 3689 3729 παράγει

2113 3752 2213 3822 μὲν
2243 3754 2270 3805 6
2304 3753 2439 3817 Θεὸς
2482 3752 2544 3806 τὸ
2584 3750 2827 3825 καθαρὸν
2873 3750 3052 3804 ἐκεῖνο
3085 3753 3178 3805 καὶ
3205 3750 3372 3806 άῦλον
3405 3749 3541 3819 φῶς,
3568 3749 3690 3818 οὐχὶ

2109 3844 2167 3898 δὲ
2219 3844 2313 3899 καὶ
2367 3843 2458 3898 τὸν
2510 3843 2696 3898 δίσκον
2753 3842 2940 3911 αὐτὸν,
2973 3841 3063 3895 ἵνα
3119 3841 3387 3912 μάθωμεν
3438 3838 3690 3896 ἐντεῦθεν

2110 3934 2315 3988 ὁποίων
2352 3933 2530 4005 ἔργων
2565 3935 2717 3987 ἐστὶν
2767 3932 3099 4005 αὐτουργὸς,
3129 3936 3227 3986 καὶ
3279 3932 3370 3985 ἶνα
3423 3932 3689 4003 μαθόντες

2111 4028 2202 4082 τὸν
2249 4027 2641 4097 άριστοτέχνην
2669 4024 2804 4083 Θεὸν
2848 4025 2941 4079 ἐπὶ
2987 4024 3150 4078 πλέον
3183 4023 3559 4095 θαυμάζωμεν
3579 4040 3594 4055 ο
3624 4022 3691 4077 ἑκ

2116 4118 2381 4193 μεγέθους
2434 4118 2544 4187 γὰρ
2578 4118 2673 4172 καὶ
2728 4116 2993 4186 καλλονῆς
3024 4116 3347 4185 κτισμάτων
3390 4115 3425 4186 ἡ
3468 4113 3565 4169 τοῦ
3591 4112 3692 4183 δη-

2116 4211 2379 4283 μιουργοῦ
2434 4210 2734 4280 καθορᾶται
2773 4210 2933 4274 σοφία
2973 4211 3068 4263 καὶ
3124 4209 3377 4280 δύναμις.
3413 4208 3595 4278 Δίσκῳ
3633 4206 3696 4260 δὲ

2111 4306 2174 4359 τὸ
2216 4305 2459 4358 τοιοῦτον
2503 4303 2862 4373 ὲναποτίθησι
2894 4304 3034 4373 μετὰ
3075 4301 3247 4357 ταῦτα
3293 4303 3431 4372 φῶς,
3462 4301 3550 4355 ἴνα
3591 4299 3694 4372 τὴν

2113 4398 2438 4466 ἐκπηδῶσιν
2470 4396 2683 4448 ἐκεῖθεν
2728 4395 2925 4448 ἀκτῖνα
2958 4394 3046 4449 διὰ
3085 4394 3177 4447 τοῦ
3217 4394 3409 4448 δίσκου
3451 4408 3687 4473 σύσκια-

433 4498 823 4559 promanantes
871 4490 1000 4545 inde
1070 4492 1257 4547 radios
1309 4506 1409 4561 per
1479 4492 1694 4548 discum
1751 4494 1994 4549 nonnihil

2115 4489 2350 4559 ζομένην
2416 4488 2720 4557 ἐργάσηται
2789 4485 3147 4557 σύμμετρον⁹
3208 4485 3526 4555 ὀφθαλμοὺς
3577 4484 3690 4553 γὰρ

435 4583 587 4634 velut
633 4582 958 4635 obscuralos
1001 4580 1125 4634 usui
1171 4588 1368 4634 nostro
1417 4579 1645 4636 idoneos
1679 4592 1845 4651 atque
1877 4596 2009 4636 con-

438 4672 723 4726 venientes
748 4672 1024 4727 redderet.
1054 4672 1190 4727 Nam
1224 4672 1290 4727 de
1339 4671 1677 4727 Theodoreti
1713 4676 2010 4742 sententia,

437 4778 559 4816 cum
590 4765 765 4819 oculis
790 4763 1018 4833 praedita
1051 4763 1165 4817 sint
1190 4763 1472 4829 animalia,
1499 4764 1678 4818 lucem
1711 4764 1859 4818 illam
1887 4765 2018 4820 alte-

440 4868 553 4906 ram
589 4854 733 4909 ferre
774 4870 883 4910 non
921 4856 1252 4924 potuissent.
1287 4854 1469 4910 Habes
1507 4855 1904 4925 capositionem
1945 4858 2015 4913 de

440 4948 559 5018 ipsa
581 4936 819 5017 petitam
853 4949 1105 5019 historia.

511 5040 717 5106 Quodsi
749 5042 915 5095 verba
942 5042 1175 5095 Mosaica
1198 5040 1490 5098 sublimius
1524 5040 1687 5097 etiam
1709 5041 2012 5115 intelligere

442 5135 551 5197 vis,
599 5143 659 5187 ut
700 5134 879 5187 discas
910 5135 1268 5203 quamobrem
1316 5136 1410 5190 lux
1457 5135 1546 5189 illa
1583 5134 1764 5191 triduo
1810 5136 2012 5193 diffusa

2112 4581 2306 4650 ἔχοντα
2337 4578 2450 4644 ζῶα
2501 4577 2603 4630 οὐκ
2639 4576 2705 4629 ἂν
2737 4575 2990 4646 ἤνεγκεν,
3028 4576 3103 4638 ὥς
3159 4575 3263 4628 πού
3308 4590 3442 4642 φησι
3490 4572 3696 4626 Θεοδώ-

2118 4690 2301 4746 ρητος.
2374 4670 2532 4727 Ἀλλὰ
2592 4669 2769 4725 ταῦτα
2829 4668 2928 4741 μὲν
2980 4670 3008 4724 6
3060 4669 3220 4739 λόγος
3278 4666 3402 4722 καθ’
3452 4665 3695 4737 ἱστορίαν

2112 4764 2316 4839 ἐπῆλθέ
2344 4781 2451 4821 σοι.

2197 5040 2258 5093 Et
2325 5037 2505 5109 βούλει
2566 5036 2624 5091 δὲ
2683 5036 2776 5090 καὶ
2841 5035 3178 5106 ὑψηλότερον
3248 5028 3578 5085 ὲκλαὸέσθαι
3625 5027 3698 5081 τὰ

2113 5131 2409 5197 Μωσαῖκά“
2436 5130 2531 5185 καὶ
2574 5129 2694 5185 θεῖα
2739 5129 2904 5201 ῥητὰ,
2936 5127 3078 5180 ὥστε
3133 5125 3325 5196 μαθεῖν
3367 5126 3432 5177 ὲκ
3486 5122 3694 5174 τούτων

444 5227 612 5284 fuerit
647 5227 849 5292 ubique
886 5242 947 5279 ac
983 5227 1243 5297 deinceps
1289 5227 1343 5281 in
1398 5227 1688 5282 luminaria
1723 5229 1882 5299 quasi
1932 5244 1994 5283 re-

2112 5228 2256 5290 τίνος
2301 5225 2488 5279 ἕνεκεν
2531 5221 2941 5292 ἀνακεχυμένον
2989 5216 3057 5291 ἦν
3092 5220 3186 5272 ἐπὶ
3227 5218 3406 5289 τρισὶν
3449 5214 3692 5285 ἡμέραις

448 5320 693 5381 condita,
723 5318 971 5373 divinum
1008 5319 1160 5373 illum
1193 5321 1542 5376 Anastasium
1576 5321 1764 5383 habes.
1794 5322 1885 5391 qui
1919 5336 1994 5391 ρει

2115 5322 2293 5375 ἐκεῖνο
2347 5318 2407 5371 τὸ
2461 5316 2577 5386 φῶς
2633 5313 2971 5385 ἁπανταχοῦ,
3036 5310 3175 5382 μετὰ
3224 5311 3280 5364 δὲ
3346 5307 3515 5362 ταῦτα
3578 5303 3694 5365 τοῖς

450 5413 742 5483 allegorias
777 5410 893 5466 btec
934 5412 988 5465 in
1039 5412 1187 5466 hunc
1226 5414 1448 5467 modum
1480 5412 1740 5468 declarat.
1776 5413 1887 5467 Lux
1926 5413 2014 5468 illa

2117 5410 2440 5481 φωστῆρσιν
2480 5405 2855 5471 ὲναπετίθετο,
2886 5405 2978 5459 τὸν
3021 5404 3296 5458 θειότατον
3348 5400 3493 5470 ἔχεις
3533 5396 3696 5449 Ἀνα-

455 5506 881 5577 ιιτίεεειιειιιὶιιιιι
913 5507 1076 5561 trium
1118 5506 1353 5571 dierum,
1379 5507 1446 5565 de
1476 5524 1580 5578 qua
1606 5506 1821 5564 Littera:
1852 5521 1994 5562 saeta

2121 5502 2340 5557 στάσιον
2386 5498 2797 5570 ἀλληγοροῦντα
2832 5500 2897 5553 τὰ
2934 5488 3181 5552 τοιαῦτα.
3213 5496 3287 5549 Τὸ
3336 5494 3432 5564 μὲν
3462 5484 3555 5546 οὖν
3587 5485 3696 5542 τῶν

530 5602 574 5634 ³ο
606 5602 735 5674 Sap.
778 5618 891 5671 xm,
926 5603 977 5659 ὅ.
