4052 6200
323 175 394 236 85

1595 183 1994 246 ANNALiUM
2042 190 2224 259 PARS
2274 191 2319 249 Ι.

3508 197 3584 260 8¹ὶ

322 287 720 358 προταϐονσῶν
756 288 922 359 τριῶν
952 291 1177 361 ἡμερῶν
1221 293 1359 361 φῶς,
1394 296 1520 365 περὶ
1563 288 1624 349 οῦ
1654 300 1685 367 ἡ
1721 299 1907 369 Γραφὴ

2020 302 2105 357 his
2134 305 2317 359 verbis
2346 306 2653 377 loquuntur
2678 323 2692 362 ;
2722 326 2739 358 ι
2775 305 2917 361 Dixit
2947 302 3363 369 Dcus,Exsistat
3395 306 3506 366 lux.
3530 319 3587 363 et

320 381 492 446 λέγει,
537 401 555 433 ι
602 383 710 434 Καὶ
736 378 887 437 εἶπεν
916 388 944 437 ὁ
980 387 1136 448 Θεὸς,
1169 388 1461 459 Γενηθήτω
1484 388 1621 457 φῶς,
1658 391 1751 443 καὶ
1783 392 1905 458 ἐγέ-

321 489 445 525 νετο
478 472 616 540 φῶς,
667 494 686 528 ι
728 476 1129 545 ὑφηπλωμένον
1165 478 1222 531 ὃν
1257 481 1340 547 ἐφ’
1373 480 1494 533 ὅλον
1542 480 1603 532 τὸ
1654 483 1900 551 σύμπαν,

319 563 384 615 τὸ
432 567 531 632 τῆς
593 566 855 618 ἀκτίστου
901 566 1131 637 Τριάδος
1184 572 1426 639 παριστᾷ
1465 571 1580 639 φῶς
1626 572 1903 641 πανταχοῦ

322 659 526 725 φθάνον
571 659 647 720 ὡς
701 659 1155 727 ἀπερίτρεπτον·
1188 662 1275 715 ὅτε
1318 662 1374 714 δὲ
1426 664 1502 733 τῷ
1556 663 1770 734 ζοφερῷ
1807 663 1905 734 μὲν

320 750 617 818 πρότερον,
644 748 872 817 ὕστερον
900 751 956 803 δὲ
984 755 1230 822 φωτεινῷ
1265 754 1354 807 διὰ
1388 756 1483 825 τὴν
1515 756 1709 810 ἕνωσιν
1734 756 1901 826 δίσκῳ

320 842 696 906 ἐναπετίθετο,
738 842 837 913 τὴν
887 843 1154 915 ἔνσσρκον
1189 849 1502 918 οίκονομίαν
1544 852 1901 920 προέγραψε·

324 937 637 997 σκοτεινοὺς
673 937 765 986 καὶ
796 936 904 1004 γὰρ
928 937 1094 1000 ὄντας
1124 940 1272 1007 ἡμᾶς
1304 943 1370 1010 τῇ
1402 942 1647 1011 ἁμαρτίᾳ.
1680 945 1744 1012 τῇ
1779 943 1902 995 καθ’

321 1024 627 1077 ὑπόστασιν
665 1024 858 1077 ἑνώσει
892 1025 1233 1094 ἐλάμπρυνε,
1265 1028 1359 1081 καὶ
1403 1030 1531 1098 πρὶν
1558 1028 1647 1081 διὰ
1678 1028 1898 1097 μοναδιο

321 1112 421 1164 κοῦ
458 1115 633 1180 φωτὸς
663 1116 724 1165 τὸ
757 1115 981 1183 σύμπαν
1009 1114 1264 1183 ἑφώτιζε.
1300 1116 1454 1169 Κατὰ
1484 1117 1539 1170 δὲ
1569 1116 1669 1188 τὴν
1700 1119 1899 1185 τετάρ-

320 1222 423 1273 την
457 1206 672 1273 ἡμέραν
705 1205 974 1275 τριαδικῷ
1023 1209 1162 1275 φωτὶ
1194 1207 1260 1259 τὰ
1295 1208 1471 1261 πάντα
1526 1192 1901 1279 κατηύγασενς

319 1295 409 1347 ὅτε
447 1295 648 1366 δηλαδὴ
682 1299 709 1348 ὁ
756 1297 908 1366 ἥλιος
952 1297 1191 1367 Χριστὸς
1237 1299 1501 1351 ἀνέτειλε.
1550 1298 1623 1351 Τὸ
1661 1300 1761 1369 μὲν
1792 1300 1902 1371 γὰρ

321 1388 615 1455 μοναδικὸν
670 1390 850 1441 ἐκεῖνο
907 1389 1021 1457 φῶς
1077 1389 1247 1451 τύπος
1286 1384 1356 1459 ἧν
1404 1390 1506 1460 τῆς
1558 1389 1902 1460 μοναρχικῆς

317 1484 599 1550 θεὸτητος,
639 1482 694 1535 τὸ
748 1482 803 1534 δὲ
859 1483 1141 1552 τριαδεκὸν
1190 1482 1349 1535 τοῦτο
1399 1483 1517 1549 φῶς
1574 1484 1682 1536 τῶν
1733 1484 1903 1553 τριῶν
1950 1482 1953 1483 ⁷

315 1576 487 1627 πάλιν
518 1574 869 1627 ύτοστάσεων
903 1573 1071 1635 τύπος
1100 1569 1192 1643 ἦν.
1226 1565 1391 1635 Οὗτος
1420 1573 1477 1626 δέ
1507 1575 1652 1626 ἐστιν
1686 1575 1713 1626 ὁ
1746 1573 1901 1642 ἥλιος

316 1670 452 1737 περὶ
488 1665 825 1739 ουιΣολομῶν
861 1666 1031 1731 λέγει,
1067 1684 1085 1716 ι
1114 1664 1425 1718 Ἀνατέλλει
1473 1667 1500 1717 ο
1543 1665 1692 1734 ἥλιος
1728 1664 1899 1736 (τοῦτ’

315 1761 438 1813 ἐστι
471 1759 726 1830 Χριστὸς)
764 1778 783 1811 ι
817 1759 909 1812 ὲπὶ
940 1759 1065 1828 γῆς,
1114 1762 1209 1811 καὶ
1260 1758 1408 1811 δύνει
1458 1760 1485 1810 ὁ
1537 1757 1690 1827 ἥλιος
1718 1754 1904 1827 (τουτ-

316 1856 439 1906 έστι
498 1854 634 1922 πρὸς
676 1854 848 1920 τάφον
887 1850 1103 1921 χωρεῖ),
1156 1851 1252 1903 καὶ
1288 1849 1450 1904 πάλιν
1483 1851 1621 1917 προς
1670 1850 1763 1901 τὸν
1818 1848 1906 1900 τό·

319 1962 425 1997 πυν
474 1944 639 1998 αὑτοῦ
684 1944 914 1997 ἄνεισιν.
955 1962 974 1996 ι
1024 1944 1120 1995 Ἕκ
1167 1941 1263 1994 τοῦ
1296 1943 1450 2011 ἡλίου
1487 1942 1543 1994 δὲ
1581 1941 1900 2010 χορηγεῖται

318 2042 389 2107 τῇ
424 2038 625 2107 σελήνῃ
652 2036 710 2088 τ’)
745 2035 883 2103 φῶς,
914 2035 997 2087 ὅτι
1025 2035 1119 2087 καὶ
1158 2034 1221 2086 ὲκ
1250 2035 1344 2086 τοῦ
1381 2032 1619 2104 Χριστοῦ
1653 2032 1747 2084 τοῦ
1780 2048 1905 2100 νοη-

318 2129 417 2181 τοῦ
447 2128 602 2197 ἡλίου
630 2125 1052 2195 καταλάμπεται
1079 2125 1114 2195 ἡ
1142 2123 1445 2191 Ἐκκλησία
1484 2125 1579 2175 καὶ
1612 2122 1817 2184 πάντες
1852 2122 1901 2174 οί

320 2220 472 2287 ἅγιοι
496 2235 511 2249 ·
544 2237 562 2268 ι
602 2218 699 2270 Ἐκ
727 2216 820 2270 τοῦ
852 2214 1221 2289 πληρώματος
1256 2234 1275 2268 ι
1320 2215 1429 2285 γάρ
1462 2231 1629 2286 φησιν
1677 2232 1696 2266 ι
1724 2212 1901 2267 αὐτοῦ

318 2312 532 2374 πᾶνεες
565 2309 855 2379 ἐλάϐομεν.
894 2328 913 2362 ι

397 2583 586 2651 Ἔχεις
612 2578 720 2633 ἰδοῦ
744 2577 837 2631 καὶ
859 2577 923 2629 τὰ
949 2578 1046 2646 τῆς
1078 2574 1348 2643 τετάρτης
1407 2574 1646 2644 ἡμέρας,
1679 2573 1727 2625 εί
1791 2572 1889 2626 καὶ

322 2675 407 2747 μὴ
438 2674 583 2729 κατὰ
625 2675 727 2745 σὴν
786 2672 971 2740 ἔφεσιν
1023 2669 1093 2724 δι’
1125 2668 1403 2741 ἡμετέραν
1463 2669 1683 2733 πάντως
1738 2666 1903 2720 ἀσθέ-

320 2786 387 2821 νε
394 2786 505 2822 ιαν.

828 2879 1068 2936 ΗΜΕΡΑ
1086 2879 1404 2938 ΠΕΜΠΤΗ.

2011 397 2218 449 exstitit
2250 396 2344 450 lux
2376 398 2478 460 “,3
2514 398 2631 452 haec
2663 398 2828 468 igitur
2859 414 2956 468 per
2987 413 3206 452 omnem
3250 414 3431 451 rerum
3464 400 3587 454 uni-

2012 487 2328 541 versitatem
2357 489 2622 557 explicata
2639 490 2927 545 Trinitatis
2956 491 3104 545 illius
3131 491 3389 545 inercatae
3406 490 3584 547 lucem

2009 576 2169 631 nobis
2220 587 2599 646 repraesentat,
2655 597 2928 650 nusquam
2985 596 3093 635 non
3139 581 3385 635 locorum
3419 598 3586 650 pene-

2012 679 2268 733 trantem,
2322 671 2398 724 uti
2427 688 2548 740 quae
2581 672 2750 726 nullis
2784 672 2856 726 sit
2909 672 3108 727 ﬁnibus
3140 674 3582 744 circumscripta.

2008 762 2370 831 Posteaquam
2401 779 2529 817 vero
2555 764 2856 834 caliginoso
2881 765 3100 833 quidem
3132 766 3306 834 prius,
3337 775 3392 818 at
3430 768 3587 821 deiu-

2007 867 2137 921 ceps
2180 863 2406 923 propter
2438 856 2695 909 unionem
2746 855 2930 910 lucido
2974 857 3358 924 unponcbatur
3402 857 3580 926 disco,

2006 941 2211 1000 Christi
2241 944 2783 1000 administrationem
2812 948 2864 1000 in
2893 963 3059 1001 carne
3083 948 3241 1002 nobis
3266 951 3421 1016 quasi
3446 950 3583 1003 deli-

2005 1035 2207 1089 neabat
2240 1053 2253 1090 :
2285 1052 2408 1089 nam
2445 1038 2536 1091 ille
2570 1052 2670 1091 nos
2699 1038 2769 1091 ob
2797 1048 3080 1107 peccatum
3114 1040 3442 1108 caliginosos
3482 1055 3581 1108 per

2008 1126 2267 1180 unionem
2328 1128 2475 1180 illam
2537 1129 2880 1197 personalem
2930 1130 3292 1183 collustravit.
3323 1132 3400 1182 Ac
3430 1132 3579 1195 prius

2004 1218 2227 1286 quidem
2277 1233 2376 1288 per
2423 1220 2641 1275 unicam
2684 1221 2862 1274 lucem
2899 1220 3216 1274 universum
3247 1221 3353 1274 hoc
3381 1220 3581 1274 illumi-

2006 1308 2262 1371 nabatur,
2300 1324 2489 1362 verum
2534 1309 2623 1364 die
2664 1322 2863 1378 quarto
2905 1309 3044 1363 trina
3076 1310 3200 1362 luce
3228 1316 3426 1363 cuneta
3457 1324 3582 1377 per-

2007 1398 2406 1467 fundebantur,
2458 1402 2723 1455 nimirum
2772 1412 3060 1473 postquam
3116 1403 3195 1456 sol
3247 1402 3338 1455 ille
3390 1411 3579 1457 noster

2004 1489 2256 1547 Christus
2287 1501 2511 1547 exortus
2540 1501 2642 1547 est.
2670 1494 2806 1548 Nam
2850 1495 3037 1549 lumen
3065 1493 3200 1547 illud
3236 1494 3461 1547 unicum
3495 1493 3580 1547 di-

2008 1582 2261 1637 vinitatis
2296 1598 2406 1636 uno
2443 1592 2635 1637 cuncta
2671 1583 3194 1653 comprehendentis
3236 1583 3469 1652 imperio
3503 1584 3578 1636 si-

2007 1673 2311 1727 mulacrum
2367 1683 2521 1737 erat,
2577 1684 2633 1728 et
2678 1675 2794 1729 haec
2841 1675 2983 1727 trina
3038 1674 3126 1727 lux
3169 1673 3358 1727 itidem
3409 1671 3575 1725 trium

2007 1779 2371 1832 personarum
2404 1775 2521 1820 erat
2560 1765 2754 1836 ﬁgura.
2804 1766 2895 1821 Sol
2929 1778 3113 1820 autem
3167 1766 3269 1819 iste
3317 1764 3577 1834 intelligi—

2009 1866 2118 1918 tur,
2150 1857 2216 1909 de
2242 1873 2348 1927 quo
2378 1856 2601 1911 Salonio
2638 1858 2811 1912 dicit:
2854 1874 2873 1909 ι
2908 1857 3168 1911 Exoritur
3202 1857 3281 1910 sol
3315 1856 3445 1913 (hoc
3492 1863 3578 1909 est

2003 1945 2276 2017 Christus)
2323 1962 2487 2016 supra
2538 1957 2761 2013 terram,
2790 1955 2847 2001 et
2892 1945 3093 1999 occidit
3131 1945 3212 1999 sol
3253 1946 3379 2014 (hoc
3408 1954 3490 1998 est
3521 1944 3577 1997 in

2005 2038 2316 2108 sepulcrum
2342 2053 2459 2091 sese
2478 2038 2738 2107 confert),
2763 2056 3091 2108 rursumque
3113 2055 3271 2094 suum
3298 2038 3366 2093 ad
3395 2040 3577 2093 locum

2005 2129 2149 2183 redit
2180 2130 2246 2192 “,
2283 2148 2299 2179 ι
2338 2130 2596 2183 nimirum
2631 2130 2697 2184 ad
2730 2132 2968 2185 Patrem.
2997 2130 3108 2201 3!.
3136 2130 3217 2184 Ab
3246 2130 3438 2184 eodem
3464 2128 3577 2183 sole

2003 2221 2096 2276 lux
2140 2222 2286 2276 luna:
2334 2221 2743 2292 suppeditatur,
2772 2224 2899 2292 quia
2933 2238 3031 2293 per
3061 2223 3369 2287 Christum,
3403 2222 3574 2277 solem

2006 2315 2160 2369 illum
2197 2315 2600 2379 intellectilem,
2643 2322 2750 2368 tam
2786 2314 3035 2370 Ecclesia
3068 2331 3230 2383 quam
3258 2328 3451 2368 omnes
3481 2313 3580 2366 ho-

2005 2406 2182 2459 mines
2212 2406 2384 2459 sancti
2420 2405 2846 2458 collustrantur:
2881 2404 3083 2474 quippe
3117 2406 3181 2457 de
3204 2404 3374 2473 ipsius
3406 2401 3579 2473 pleni-

2005 2498 2223 2562 tt‘Jdiue,
2257 2496 2401 2551 sicut
2432 2496 2520 2550 ille
2550 2496 2625 2549 ait
2655 2495 2719 2562 ³³,
2764 2512 2958 2550 omnes
3004 2495 3358 2564 sumpsimus.

2078 2590 2157 2644 En
2210 2590 2380 2644 babes
2411 2598 2466 2642 et
2495 2587 2674 2657 quarti
2719 2586 2829 2641 dici
2878 2602 3065 2656 opera,
3104 2598 3418 2655 quanquam
3463 2596 3576 2636 non

2004 2695 2104 2751 pro
2140 2691 2267 2734 voto
2315 2678 2703 2749 desiderioque
2738 2686 2832 2732 tuo
2876 2686 3101 2749 propter
3142 2674 3574 2731 imbecillitatem

2007 2771 2262 2827 videlicet
2292 2780 2563 2825 nostram.
3589 2756 3597 2766 ’

2554 2880 2709 2936 DIES
2748 2878 3030 2948 QUINTA.

395 2975 480 3044 Τῇ
517 2974 575 3027 δὲ
609 2975 839 3043 πέμπτῃ
867 2973 1052 3045 ἡμέρᾳ
1078 2975 1204 3036 τοὺς
1239 2972 1432 3041 ἰχθύας
1484 2969 1586 3039 τῆς
1621 2968 1899 3038 θαλάσσης

2077 2971 2175 3025 Dic
2208 2968 2403 3041 quinta
2438 2970 2584 3024 Deus
2632 2968 2815 3037 pisces
2867 2970 3114 3023 marinos
3141 2977 3198 3023 et
3227 2969 3404 3024 aerias
3447 2947 3597 3024 aves'

321 3069 526 3135 ὲξάγει
557 3067 648 3121 καὶ
683 3067 819 3119 αὐτὰ
850 3069 917 3119 τὰ
948 3065 1175 3118 πετεινὰ
1198 3062 1289 3117 τοῦ
1317 3062 1575 3134 ούρανοῦ.
1609 3061 1718 3115 Καὶ
1754 3058 1905 3128 πρῶ-

321 3179 423 3214 τον
450 3159 554 3228 μὲν
588 3159 680 3210 ἐπὶ
709 3156 918 3220 τούτοις
949 3156 1098 3221 ἄξιον
1124 3155 1359 3226 ζητῆσαι
1382 3155 1475 3208 διὰ
1506 3154 1559 3208 τί
1586 3152 1679 3206 τοῦ
1712 3150 1904 3214 ὓδατος

319 3255 371 3305 οἱ
445 3248 629 3319 ἰχθύες
680 3247 1042 3317 χωριζόμενοι
1101 3246 1530 3316 διαφθείρονται.
1599 3243 1747 3297 Διότι
1805 3242 1905 3294 οὐκ

321 3346 549 3412 ἔχουσιν
568 3341 843 3408 ἀναπνοὴν
864 3340 1004 3393 ὥστε
1048 3338 1230 3393 ἕλκειν
1259 3340 1351 3393 τὸν
1378 3339 1516 3410 ἀέρα
1541 3335 1751 3401 τοῦτον,
1787 3334 1901 3389 ἀλλ’

321 3440 465 3504 ὅπερ
492 3437 604 3497 τοῖς
638 3433 915 3504 χερσαίοις
946 3431 1095 3483 ἐστὶν
1128 3432 1155 3484 ὁ
1184 3430 1313 3501 ἀὴρ,
1346 3429 1506 3481 τοῦτο
1538 3428 1647 3481 τῶν
1676 3425 1905 3480 πλωτῶν

323 3527 479 3593 γένει
525 3523 586 3575 τὸ
616 3521 783 3592 ὕδωρ.
832 3520 942 3573 Καὶ
989 3522 1020 3589 ἡ
1054 3518 1205 3572 αίτία
1232 3518 1391 3588 δήλη,
1418 3519 1499 3572 ὅτι
1551 3517 1684 3588 ἡμῖν
1719 3515 1818 3584 μὲν
1877 3513 1905 3565 ὀ

325 3621 591 3686 πνεύμων
625 3614 871 3683 ἔγκειται
890 3611 1083 3683 ἀραιὸν
1114 3611 1208 3665 καὶ
1239 3610 1548 3679 πολύπορον
1572 3606 1904 3676 σπλάγχνον,

321 3711 350 3763 ὃ
391 3709 486 3761 διὰ
507 3707 608 3775 τῆς
634 3704 729 3759 τοῦ
763 3704 1013 3774 θώρακος
1041 3703 1331 3770 διαστολῆς
1388 3702 1478 3777 τὸν
1515 3701 1653 3770 ἀέρα
1682 3702 1907 3770 δεχόμε-

323 3818 424 3854 νον
448 3802 509 3852 τὸ
541 3799 685 3850 ἔνδον
714 3796 872 3865 ἡμῶν
936 3795 1138 3865 θερμὸν
1171 3791 1524 3867 ἀναρριπίζει
1581 3792 1673 3844 καὶ
1704 3789 1909 3861 ἀναφύει

324 3911 442 3962 χει,
467 3890 700 3950 ἐκείνοις
725 3887 783 3939 δὲ
820 3888 853 3958 ἡ
911 3886 1018 3938 τῶν
1053 3886 1332 3957 βραγχίων
1370 3881 1621 3954 διαστολὴ
1656 3885 1748 3936 καὶ
1790 3880 1911 3936 ιπί-

328 3985 532 4049 πτύεις
557 3980 867 4051 δεχομένων
895 3978 949 4030 τὸ
973 3977 1120 4047 ὕδωρ
1147 3978 1242 4030 καὶ
1266 3975 1515 4029 διιέντων
1543 3975 1634 4028 τὸν
1654 3975 1753 4041 τῆς
1782 3974 1913 4027 ἁνα-

326 4076 506 4143 πνοῆς
541 4074 698 4140 λόγον
732 4069 1006 4125 ἀποτελεῖ.

402 4171 646 4222 Γὶνωσκε
674 4166 731 4218 δὲ
762 4166 859 4217 καὶ
891 4161 1074 4225 τοῦτο,
1106 4162 1189 4215 ὅτι
1236 4160 1390 4214 οὐδὲν
1418 4161 1570 4230 παρὰ
1610 4161 1721 4221 τοῖς
1760 4156 1909 4228 ἰχθύ-

2009 3064 2063 3119 in
2094 3072 2274 3119 ortum
2307 3060 2583 3131 producit.
2628 3060 2726 3115 llic
2755 3061 2995 3129 primum
3028 3075 3209 3130 operae
3246 3060 3414 3115 fuerit
3444 3075 3576 3130 pre-

2012 3160 2147 3213 tium
2184 3158 2389 3227 inquiri
2418 3157 2778 3229 quamobrem
2816 3157 2999 3226 pisces
3031 3158 3101 3212 ab
3147 3174 3289 3228 aqua
3322 3152 3574 3214 destituti

2008 3258 2259 3321 pereant.
2291 3250 2591 3318 Propterea
2621 3248 2768 3318 quod
2796 3249 3215 3318 respirationem
3245 3248 3451 3303 nullam
3480 3250 3580 3302 ha-

2009 3349 2162 3408 bent,
2208 3356 2314 3411 qua
2346 3341 2493 3395 hunc
2534 3354 2664 3394 aera
2698 3340 2913 3409 possint
2947 3340 3250 3395 attrahere.
3301 3339 3576 3396 Nimirum

2010 3430 2170 3507 quod.
2189 3431 2542 3487 terrestribus
2568 3438 2653 3486 est
2678 3444 2797 3497 aer,
2823 3429 2928 3485 hoc
2955 3430 3282 3486 natatilibus
3306 3439 3391 3485 est
3410 3444 3576 3500 aqua.

2010 3524 2187 3578 Causa
2222 3523 2339 3593 ipsa
2364 3522 2653 3592 perSpicua
2687 3531 2794 3578 est.
2835 3524 2895 3577 In
2928 3524 3088 3579 nobis
3120 3523 3336 3579 exsistit
3368 3524 3575 3593 pulmo,

2010 3617 2197 3671 viscus
2233 3630 2418 3669 rarum
2469 3615 2768 3686 multisque
2827 3615 3105 3671 meatibus
3134 3615 3406 3685 pervium,
3432 3616 3577 3683 quod

2011 3723 2112 3777 per
2149 3706 2521 3761 diductionem
2559 3706 2806 3762 thoracis
2842 3720 2970 3760 aera
3011 3706 3230 3776 recipit,
3269 3705 3578 3760 internum-

2011 3814 2118 3868 que
2152 3797 2390 3851 calorem
2440 3796 2494 3851 in
2544 3798 2705 3852 nobis
2748 3798 2851 3852 hoc
2884 3798 3046 3853 modo
3085 3805 3200 3850 tum
3226 3796 3431 3850 excitat
3464 3805 3579 3848 tum

2012 3888 2324 3959 refrigerat.
2356 3888 2414 3943 lu
2457 3888 2595 3957 ipsis
2641 3887 3026 3942 branchiaruin
3074 3886 3321 3941 diductio
3346 3885 3580 3953 compli-

2012 3979 2308 4049 Catioque,
2380 3987 2488 4032 tam
2549 3980 2935 4048 recipientium
2997 3965 3158 4046 quam
3208 3976 3579 4034 emittentiutu

2012 4092 2237 4146 aquam,
2266 4079 2438 4131 vicem
2468 4076 2852 4145 respirationis
2876 4076 3079 4143 explet.

2088 4170 2201 4225 lloc
2242 4168 2408 4227 etiam
2444 4167 2669 4230 discito,
2717 4166 2922 4235 piscem
2972 4166 3179 4219 nullum
3222 4178 3345 4219 esse
3378 4161 3471 4232 qui
3511 4175 3583 4219 ex

328 4282 419 4317 σιν
456 4260 515 4323 ἐξ
567 4256 826 4328 ἡμισείας
877 4252 1149 4307 ὥπλισται
1208 4253 1323 4314 τοῖς
1379 4251 1615 4315 ὀδοῦσιν,
1659 4251 1735 4312 ὡς
1780 4249 1907 4320 βοῦς

2017 4265 2247 4321 seruisse
2313 4259 2576 4314 dentibus
2647 4259 2721 4314 sit
2760 4257 3035 4323 munitus,
3083 4257 3256 4310 instar
3324 4254 3483 4309 bovis
3527 4262 3591 4311 et

330 4350 468 4421 παρ’
504 4328 631 4420 ἡμῖν
661 4347 757 4400 καὶ
809 4343 1119 4413 πρόϐατονο
1154 4328 1275 4395 οὐδὲ
1332 4341 1439 4412 γὰρ
1503 4340 1800 4410 μηρυκίξει
1852 4358 1935 4396 τι,

328 4444 468 4512 παρ’
502 4442 710 4504 αὐτοῖς,
754 4440 802 4491 εί
864 4435 938 4507 μὴ
1010 4435 1101 4486 τον
1156 4437 1358 4507 σκάρον
1420 4432 1691 4503 ἱστοροῦσί
1740 4450 1908 4497 τινες.

329 4541 520 4592 Πάντα
542 4534 597 4586 δὲ
629 4530 917 4597 ὀξυτάταις
952 4527 1161 4596 ἀκμαῖς
1203 4527 1435 4581 ὀδόντων
1482 4524 1915 4580 καταπεπύκνω-

328 4648 450 4691 ται,
482 4628 568 4679 ἴνα
610 4625 685 4694 μὴ
716 4627 782 4694 τῇ
825 4622 1011 4693 χρονία
1045 4622 1282 4691 μασήσει
1311 4621 1345 4689 ἠ
1398 4619 1575 4688 τροφὴ
1632 4618 1866 4690 διαρῤέῐι
1894 4630 1909 4645 ’

332 4719 529 4787 ἔμελλε
556 4720 684 4784 γὰρ,
730 4717 781 4767 εί
819 4715 891 4783 μὴ
915 4715 1079 4778 ὀξέως
1111 4730 1310 4765 κατατε
1324 4710 1571 4780 μνομλνη
1616 4713 1683 4781 τῇ
1715 4709 1914 4778 γαστρὶ

335 4810 759 4880 παρεπέμπετο,
781 4809 837 4859 ὲν
862 4809 929 4876 τῇ
954 4805 1338 4874 λεπτοποιήσει
1363 4803 1739 4875 διαφορεῖςθαι
1765 4804 1915 4872 παρὰ

333 4903 431 4957 τοῦ
464 4903 673 4958 ὕδατος.

412 4993 473 5045 Et
508 4991 563 5042 δὲ
597 4990 781 5057 ζητεῖς
815 4987 909 5039 καὶ
935 4987 1079 5049 τίνος
1132 4986 1321 5038 ἕνεκεν
1374 4986 1421 5038 οἱ
1479 4983 1661 5054 ἰχθύες
1691 4983 1777 5038 διὰ
1815 4984 1913 5052 τῆς

334 5082 700 5153 Προποντίδος
727 5081 819 5132 ἐπὶ
851 5080 940 5129 τὸν
967 5076 1220 5140 Εὔξεινον
1268 5076 1457 5145 ὥσπερ
1492 5094 1541 5127 τι
1576 5074 1758 5145 ῥεῦμα
1816 5076 1913 5144 φέ-

333 5192 547 5246 ρονται,
580 5174 735 5225 αὐτοὶ
792 5170 1077 5241 μονονουχὶ
1113 5167 1307 5238 βοῶσιν
1366 5170 1446 5219 ὅτι
1517 5171 1595 5229 εἰς
1653 5169 1912 5238 διαμονὴν

334 5269 438 5320 τοῦ
474 5268 666 5333 γένους
699 5265 798 5334 τὴν
826 5264 1043 5332 μακρὰν
1096 5262 1298 5329 ταύτην
1353 5260 1666 5329 ἀποδημίαν
1703 5263 1912 5314 στελλέ-

334 5362 503 5429 μεθα,
565 5359 676 5410 Οὐκ
709 5357 923 5425 ἔχουσιν
968 5354 1098 5406 ῐδιον
1129 5353 1311 5421 λόγον,
1365 5353 1549 5422 ἔχουσι
1584 5353 1638 5405 δὲ
1674 5354 1763 5405 τὸν
1814 5356 1911 5424 τῆς

333 5455 557 5524 φύσεως
588 5450 751 5520 νόμον
782 5447 1018 5519 ἰσχυρῶς
1046 5446 1395 5516 ἐνιδρυμένον
1422 5446 1516 5497 καὶ
1548 5445 1607 5498 τὸ
1637 5448 1911 5517 πρακτέον

862 5615 903 5646 ³’
935 5613 1114 5669 Eulc.
1152 5631 1186 5682 l,
1219 5615 1269 5668 5.

410 5620 449 5649 "
486 5618 624 5673 Gru.
663 5631 699 5682 ι,
729 5616 779 5669 5.
862 5615 903 5646 ³’
935 5614 1114 5669 little.
1152 5631 1186 5682 ι,
1219 5615 1269 5668 5.
1349 5615 1392 5646 ⁸³
1434 5614 1589 5669 Joau.
1630 5631 1666 5681 ι,
1705 5615 1791 5673 lii.

2012 4360 2216 4413 ovium.
2234 4354 2378 4408 Nihil
2392 4354 2534 4407 enim
2549 4352 2690 4420 apud
2708 4352 2857 4420 ipsus
2873 4350 3143 4418 reperitur
3160 4346 3304 4415 quod
3324 4343 3589 4409 ruminel,

2011 4458 2243 4516 excepto
2266 4459 2444 4510 scaro,
2468 4444 2627 4498 sicuti
2655 4444 2873 4512 quidam
2905 4443 3182 4496 ineinoriaa
3205 4440 3584 4508 prodiderunt.

2012 4542 2282 4596 Nimirum
2311 4553 2503 4592 omnes
2541 4536 2921 4593 accutissimm
2940 4534 3136 4589 dentes
3152 4547 3359 4601 eosque
3381 4530 3588 4586 densos

2012 4632 2310 4689 admodum
2342 4630 2570 4694 habent,
2599 4645 2668 4683 ne
2713 4636 2938 4698 propter
2990 4624 3434 4681 mastieationom
3465 4622 3590 4677 diu—
3672 4700 3681 4703 ν

2016 4736 2229 4783 turnam
2248 4723 2568 4777 alimentum
2594 4720 2730 4789 ipsis
2747 4720 3019 4777 dilllueret
3036 4729 3200 4788 atque
3222 4718 3460 4787 periret:
3481 4714 3588 4771 nisi

2013 4816 2159 4871 enim
2190 4815 2449 4868 celeriter
2481 4812 2878 4867 comminutum
2904 4812 2958 4864 in
2984 4818 3230 4864 ventrem
3265 4807 3592 4861 demittere-

2015 4916 2125 4966 tur.
2155 4907 2210 4959 in
2242 4907 2355 4974 ipsa
2392 4904 2827 4958 comminutione
2857 4918 2953 4971 per
2989 4917 3188 4970 aquam
3223 4899 3591 4955 dilaberetur.

2081 4998 2288 5069 Quodsi
2326 4999 2492 5051 etiam
2521 5011 2679 5066 rogas
2708 4995 3073 5063 quamobrem
3123 4993 3305 5061 pisces
3336 5006 3433 5060 per
3460 4990 3593 5043 Pro-

2016 5090 2295 5157 pontidem
2345 5089 2399 5142 in
2435 5087 2713 5140 Euxinum
2762 5084 2942 5137 ﬂuxus
2988 5084 3273 5152 cujusdam
3313 5086 3485 5135 instar
3518 5081 3599 5133 (es

2018 5190 2233 5241 rantur,
2277 5187 2488 5231 tantum
2534 5193 2639 5229 non
2676 5176 2898 5244 ipsimet
2924 5177 3159 5229 clamant
3207 5188 3462 5244 maguum
3491 5172 3597 5225 boo

2023 5271 2127 5323 iter
2164 5288 2220 5324 se
2254 5268 2615 5340 pcrpetuandi
2644 5268 2863 5336 generis
2913 5268 2996 5320 sui
3022 5282 3184 5321 causa
3213 5268 3514 5335 suscipere.
3547 5263 3596 5321 Α

2022 5364 2237 5417 ratione
2290 5364 2512 5431 quidem
2566 5363 2966 5422 destituuntur,
3003 5360 3098 5414 sed
3158 5361 3360 5414 habent
3414 5358 3595 5423 legent

2021 5454 2351 5519 naturalem,
2392 5453 2622 5508 ﬁrmiter
2674 5454 2896 5508 insitam
2945 5452 3263 5523 agendaque
3311 5459 3592 5501 commoti;-
