4052 6200
407 179 479 243 87

1670 178 1906 238 MICIIA
1920 180 2009 238 ΕΙ.

2126 182 2168 239 (1
2183 183 2384 243 [ΥΟΕ
3586 182 3659 247 88

409 304 704 353 strantem.
738 292 1053 361 Abibimus,
1086 291 1267 358 aiunt,
1302 291 1372 347 ad
1429 306 1577 346 mare
1611 291 1746 347 illud
1783 293 1992 361 aquilo-

2115 295 2512 352 meum-na.
2546 296 2885 367 Βαδίσωμεν,
2922 291 3106 365 φασίν,
3165 295 3258 348 ἐπὶ
3328 294 3388 349 τὸ
3446 293 3660 365 βῖρειον

410 403 569 448 nare.
609 388 774 458 cujus
800 400 941 454 aqua
970 384 1185 453 reliquo
1220 383 1358 437 mari
1393 382 1606 437 dulcior
1635 390 1739 437 est.
1770 381 1985 451 Quippe

413 477 787 547 sol,exiguum
827 474 893 528 ad
929 481 1148 541 tempus
1193 470 1247 551 in
1280 485 1345 526 eo
1389 484 1736 525 commorans
1764 486 1984 524 omnem

412 580 610 639 aquam
668 565 967 637 patabilem
1022 579 1131 617 non
1189 562 1467 616 exhaurit.
1521 563 1588 617 Et
1642 562 1989 618 delectantur

412 663 580 717 etiam
613 659 821 712 marina
848 654 1129 719 dulcibus,
1157 670 1266 725 quo
1299 654 1359 708 fit
1392 667 1447 709 ut
1478 671 1857 726 saepenumero
1890 656 1990 709 llu-

412 754 536 809 vios
564 749 806 805 natando
837 746 1214 804 conscendant
1262 746 1535 817 longoque
1570 763 1598 800 a
1642 747 1779 801 mari
1810 747 1989 817 spatio

416 844 816 916 provehantur.
837 842 1079 910 ideoque
1109 841 1316 895 Pontus
1338 840 1474 909 ipsis
1497 848 1583 894 est
1606 841 1812 911 gratior
1834 841 1989 910 quasi

415 936 638 1007 quidam
675 935 830 990 sinus
868 933 936 989 ad
974 931 1334 1002 proferendos
1375 931 1807 1004 educandosque
1845 932 1991 989 fetus

416 1028 473 1083 in
502 1027 697 1098 primis
731 1025 985 1082 idoneus.

490 1205 608 1261 Hoc
637 1205 803 1261 etiam
837 1205 985 1260 inter
1019 1205 1124 1261 alia
1155 1220 1386 1275 magnus
1415 1205 1505 1261 ille
1532 1204 1767 1261 Basilius
1801 1205 1991 1261 tradit.

420 1298 500 1353 Ex
558 1298 838 1367 quodam,
884 1298 1089 1367 inquit,
1138 1297 1366 1353 homine
1424 1297 1702 1352 maritimo
1761 1297 1994 1367 cognovi

421 1390 682 1447 echinum
711 1388 1032 1458 aquatilem,
1058 1378 1420 1458 perexiguum
1446 1402 1511 1441 ac
1535 1387 1742 1442 nullius
1770 1387 1996 1445 omnino

424 1480 694 1537 momenti
729 1480 835 1551 35
870 1479 1095 1547 animal,
1128 1493 1510 1550 saepenumero
1562 1480 1882 1550 navigantes
1928 1477 1997 1535 de

427 1572 824 1642 tranquillitate
841 1571 926 1627 vel
960 1580 1286 1643 tempestate
1311 1579 1567 1627 secutura
1599 1569 1996 1626 monere.Nam

2089 386 2367 454 πέλαγοςο
2420 388 2759 455 γλυκύτερον
2804 390 2916 459 γάρ
2966 392 3068 459 τῆς
3117 388 3315 458 λοιπῆς
3379 388 3659 457 θαλάσσης

2089 479 2269 531 ἰκεῖνο
2306 479 2367 532 τδ
2408 478 2575 550 ὕδωρ,
2627 480 2764 535 διότι
2793 482 2882 533 ἐπ’
2921 463 3105 549 ὀλίγον
3133 480 3273 550 αὐτῇ
3307 480 3660 550 προσδιατρί-

2091 571 2204 625 6ων
2229 574 2256 624 ὁ
2286 572 2439 643 ἥλιος
2466 573 2567 626 οὐκ
2590 573 2774 641 ἐξάγει
2818 573 2990 642 αὐτῆς
3023 573 3144 627 ὅλον
3173 571 3263 625 διά
3307 571 3408 641 τῆς
3440 573 3661 635 ἀκτῖνος

2089 663 2150 716 τὸ
2180 664 2434 731 πότιμον.
2475 664 2670 733 Χαίρει
2698 664 2756 717 δὲ
2791 666 2903 727 τοῖς
2942 663 3173 733 γλυκέσι
3230 664 3328 716 καὶ
3374 663 3443 715 τὰ
3468 645 3666 717 θαλάτ-

2092 772 2203 809 τια.
2236 754 2401 806 Ὅθεν
2434 755 2528 807 καὶ
2563 755 2659 810 ἐπὶ
2688 755 2814 818 τοὺς
2865 754 3145 825 ποταμοὺς
3170 754 3503 825 ἀνανήχεται
3535 754 3665 806 πολ-

2091 847 2251 909 λάκις
2282 849 2376 901 καὶ
2431 848 2622 919 πόρρω
2671 847 2948 916 Θαλάσσης
2997 846 3246 915 φέρεται.
3318 846 3415 898 Ἐκ
3472 844 3663 899 τούτου

2095 942 2493 1012 προτιμότερος
2546 940 2731 1003 αὐτοῖς
2783 941 2812 992 ό
2859 938 3062 1001 Πόντος
3108 938 3225 992 ’τῶν
3282 937 3488 990 λοιπῶν
3545 940 3664 992 ἐστι

2096 1032 2333 1095 κόλπων,
2360 1031 2435 1096 ὡς
2454 1030 2763 1102 ἐπιτήδειος
2787 1030 3165 1101 ὲναποκυῆσαι
3199 1030 3293 1083 καὶ
3311 1028 3577 1100 ἐκθρέψαι
3594 1030 3666 1083 τά

2096 1123 2314 1191 ἔκγονα.
3082 1146 3085 1147 ⁷

2167 1216 2279 1270 Καὶ
2326 1215 2486 1270 τοῦτο
2520 1216 2577 1271 δὲ
2640 1216 2783 1287 πρὸς
2840 1217 2958 1281 τοῖς
3012 1216 3254 1281 άλλοιςό
3299 1215 3475 1286 μέγας
3530 1217 3668 1287 φησὶ

2096 1308 2399 1373 Βασίλειος.
2438 1310 2686 1363 Ἤκουσα
2703 1308 2815 1378 ἐγώ
2848 1326 2992 1373 τινος
3046 1308 3156 1363 τῶν
3187 1308 3470 1379 παραλίων
3517 1312 3599 1362 ὅτι
3638 1313 3667 1361 ό

2099 1397 2392 1461 θαλάσσιος
2418 1400 2615 1471 ἐχῖνος,
2645 1399 2707 1453 τὸ
2743 1399 2944 1470 μικρὸν
2999 1398 3282 1465 παντελῶς
3312 1402 3407 1454 καὶ
3431 1402 3670 1455 εὐκατα-

2100 1489 2372 1560 φρόνητον
2402 1490 2565 1558 ζῶον,
2597 1490 2923 1555 διδάσκαλος
2976 1490 3245 1554 πολλάκις
3295 1491 3539 1562 γαλήνης
3575 1495 3668 1546 καὶ

2105 1576 2375 1641 κλύδωνος
2405 1579 2519 1641 τοῖς
2544 1576 2769 1633 πλέουσι
2811 1580 3063 1648 γίνεται·
3086 1579 3145 1644 ὃς
3181 1580 3312 1635 ὅταν
3338 1582 3532 1653 προῖδῃ
3568 1600 3668 1634 τα-

426 1677 552 1717 cum
578 1662 874 1733 procellam
909 1677 940 1717 a
975 1672 1143 1718 vento
1176 1662 1466 1717 imminere
1511 1661 1808 1732 prospicit,
1840 1661 2002 1733 lapil-

2115 1662 2281 1735 ράχὴν
2310 1664 2372 1729 ἐξ
2402 1666 2640 1736 ἀνέμων,
2694 1643 2903 1738 ψηφίδά
2932 1685 3055 1723 τινα
3109 1643 3357 1726 ύπελθὼν
3383 1643 3671 1741 ’γενναίαν

425 1756 539 1813 lum
564 1758 712 1812 suhit
735 1770 790 1813 et
815 1773 941 1813 cum
970 1773 1037 1812 eo
1068 1768 1328 1828 tanquam
1360 1773 1561 1814 ancora
1584 1758 1818 1829 quadam
1846 1758 2003 1814 firma

428 1846 697 1911 fluctuat,
757 1849 1032 1903 subnixus
1085 1849 1207 1918 ejus
1265 1849 1552 1919 pondere,
1617 1864 1687 1904 ne
1757 1847 1918 1903 facile
1970 1861 2002 1903 a

428 1940 688 1996 fluctibus
732 1941 1057 2012 abripiatur.
1094 1940 1208 1995 lloc
1262 1940 1420 2011 signo
1470 1948 1767 2010 conspecto
1820 1946 2005 1993 nauta:

430 2033 864 2104 exspectandum
923 2032 1107 2088 sciunt
1141 2031 1523 2088 vehementem
1559 2040 1851 2087 ventorum
1898 2028 2002 2084 im-

433 2134 645 2196 petum.

505 2217 698 2271 ltidem
728 2217 772 2271 si
804 2217 972 2288 loligo
999 2216 1116 2274 sive
1157 2216 1369 2272 teuthis
1395 2225 1679 2289 appareat,
1712 2227 2008 2289 tempesta-

436 2308 511 2363 tis
540 2317 626 2363 est
659 2308 946 2364 indicium.
979 2310 1194 2365 Etenim
1227 2310 1393 2380 piscis
1418 2320 1503 2365 est
1529 2310 1763 2382 exiguus
1798 2311 2009 2368 habens

437 2401 628 2456 laevem
658 2401 844 2457 carnis
872 2400 1243 2471 superﬁciem,
1276 2417 1383 2473 qua
1409 2400 1479 2458 de
1517 2417 1681 2457 causa
1711 2403 2005 2460 malacium

437 2505 660 2561 quoque
706 2503 738 2545 a
798 2490 1037 2546 mollitie
1087 2501 1466 2561 nuncupatur.
1520 2493 1773 2562 Cumque
1825 2495 2010 2552 nudus

436 2580 670 2636 omnino
721 2581 793 2636 sit
843 2590 901 2636 et
931 2599 960 2637 a
1002 2598 1063 2638 re
1114 2584 1264 2638 nulla
1299 2593 1534 2655 tegatur,
1574 2600 1681 2640 non
1724 2595 1862 2643 testa
1905 2603 2009 2646 nec

439 2682 590 2739 cute,
622 2681 1006 2743 tempestatem
1037 2688 1104 2730 eo
1128 2675 1293 2730 citius
1323 2676 1710 2745 praesentiscit,
1740 2692 1851 2747 quo
1874 2677 2012 2734 faci-

442 2763 549 2819 lius
580 2762 838 2821 aﬂicitur.
870 2765 1059 2836 Itaque
1088 2766 1386 2832 subsultat,
1423 2781 1602 2837 eoque
1634 2777 1795 2837 pacto
1840 2768 2012 2841 frigus

440 2864 499 2910 et
525 2856 697 2911 maris
742 2856 797 2910 in
830 2856 941 2910 imo
975 2857 1447 2939 perturbationem
1479 2857 1635 2911 vitat.
1664 2858 2014 2929 Quapropter

2105 1753 2194 1807 ἐπ’
2243 1755 2416 1825 αὐτῆς
2467 1754 2659 1826 ὥσπερ
2702 1755 2789 1809 ἐπ’
2845 1756 3094 1827 ἀγκύρας
3143 1757 3376 1829 βεϐαίως
3428 1759 3669 1823 σαλεύει,

2106 1846 2472 1917 κατεχόμενος
2499 1848 2576 1919 τῷ
2600 1848 2758 1920 βάρει
2791 1848 2929 1919 πρὸς
2970 1850 3031 1903 τὸ
3064 1850 3141 1921 μὴ
3186 1851 3384 1922 ῥᾳδίως
3410 1853 3521 1915 τοῖς
3576 1856 3673 1907 κύ-

2109 1954 2277 2009 μασιν
2307 1939 2705 2009 άποσύρεσθαι.
2732 1940 2902 1994 Τοῦτο
2940 1940 3031 1995 οὖν
3058 1942 3189 1997 ὅταν
3236 1943 3424 1998 ίδωσιν
3466 1947 3514 1999 οἰ
3545 1965 3673 2000 ναυ-

2106 2025 2411 2098 τιλλόμενοι
2441 2028 2504 2082 τὸ
2546 2031 2793 2099 σημεῖον,
2857 2030 3005 2089 ἴσασι
3060 2031 3159 2106 τὴν
3211 2034 3673 2107 προσδοκωμένην

2107 2117 2305 2195 βιαίαν,
2322 2120 2539 2192 κίνησιν
2570 2123 2679 2177 τῶν
2711 2124 2953 2194 ἀνέμων.

2192 2208 2353 2265 Ἀλλά
2382 2212 2529 2283 καὶὴ
2563 2213 2749 2278 τευθὶς
2776 2216 3077 2289 φαινομένη
3124 2220 3351 2289 σημεῖον
3403 2221 3675 2292 χειμῶνός

2108 2299 2280 2354 ἔστιν.
2323 2301 2387 2354 Ἦ
2411 2302 2519 2373 γάρ
2548 2304 2734 2369 τευθὶς
2780 2305 3017 2376 ἰχθύδιόν
3041 2308 3157 2363 ἐστι
3182 2308 3325 2363 λεῖον
3357 2310 3456 2381 τὴν
3479 2314 3677 2381 ἐπιφά-

2109 2408 2262 2446 νειαν
2284 2392 2383 2462 τῆς
2412 2392 2637 2465 σαρκδς,
2694 2394 2821 2450 ὅθεν
2871 2398 2967 2453 καὶ
3023 2400 3294 2469 μαλάκιον
3326 2402 3673 2467 ὀνομάζεται.

2110 2480 2323 2552 Γυμνδν
2352 2481 2447 2540 οὖν
2476 2487 2652 2558 πάντη
2689 2489 2784 2542 καὶ
2820 2488 3062 2554 άσκεπὲς
3087 2490 3145 2545 ὂν
3183 2493 3324 2564 (οὐδὲ
3350 2495 3460 2564 γάρ
3481 2495 3674 2566 ὀστρά-

2112 2590 2194 2645 κῳ
2229 2574 2262 2645 ἢ
2294 2574 2525 2647 δέρματι
2554 2579 2899 2652 περιέχεται)
2929 2584 3352 2651 προαισθάνεται
3380 2586 3448 2639 δι’
3505 2588 3676 2642 εὐπά-

2113 2665 2267 2721 θειαν
2290 2666 2386 2721 τοῦ
2416 2669 2705 2740 χειμῶνος,
2768 2670 2892 2726 ὅθεν
2948 2672 3227 2738 ἐξάλλεται
3279 2676 3559 2746 φεύγουσα
3616 2680 3678 2732 τὸ

2112 2756 2283 2828 ψῦχος
2321 2760 2415 2812 καὶ
2448 2758 2545 2831 τὴν
2569 2761 2629 2815 ιν
2684 2761 2840 2833 βάθει
2908 2766 3154 2837 ταραχὴν
3208 2767 3306 2837 τῆς
3377 2769 3674 2840 θαλάσσης.

2115 2846 2287 2903 Ὅταν
2335 2848 2429 2903 οὖν
2481 2849 2632 2904 ίδωσι
2684 2851 2746 2905 τὸ
2798 2852 3033 2925 ἰχθύδιον
3071 2857 3228 2911 τοῦτο
3283 2857 3678 2930 ὲπινηχόμενον

441 2957 624 3004 nautae
656 2950 985 3019 pisciculum
1026 2934 1175 3005 hunc
1225 2950 1567 3005 innatantem
1605 2950 1743 3004 mari
1792 2950 2013 3019 conspi-

2119 2938 2185 3007 τῇ
2213 2934 2482 3008 θαλάσσῃ,
2532 2939 2779 3010 χειμῶνα
2832 2941 3247 3013 τεκμαίρονται,
3319 2943 3510 3017 ὥσπερ
3550 2948 3679 3002 ὅταν

440 3038 659 3097 cientes
698 3050 1074 3114 tempestatem
1124 3042 1378 3113 portendi
1422 3042 1887 3097 animadvertunt.
1923 3041 2017 3098 lti-

444 3133 567 3189 dem
619 3135 667 3189 si
729 3137 989 3207 polypum
1039 3134 1262 3189 videant
1311 3147 1445 3190 saxo
1492 3134 1894 3197 adhaerescere,
1944 3134 2013 3191 de

445 3234 738 3278 ventorum
768 3235 922 3280 motu
970 3225 1299 3295 prasagium
1353 3216 1635 3294 colligunt.
1687 3225 1821 3278 Nam
1874 3224 2017 3280 Deus

447 3315 740 3371 facultates
768 3317 1036 3387 quasdam
1070 3317 1256 3373 futura
1287 3316 1661 3388 prospiciendi
1685 3314 2019 3372 animalibus

448 3404 517 3458 ad
569 3406 696 3459 vita:
762 3406 1011 3477 ipsorum
1062 3408 1543 3463 conservationem
1594 3407 1814 3463 insevit.
1878 3407 2019 3462 Sunt

447 3496 615 3549 etiam
660 3496 806 3551 inter
852 3499 1096 3553 marinas
1148 3498 1355 3553 bestias
1383 3500 1634 3569 quaedam
1686 3498 2018 3564 metuendae,

449 3588 755 3657 pnesertim
787 3591 1082 3659 pastinaca
1110 3590 1335 3644 marinae
1365 3591 1642 3654 stimulus.
1670 3591 1838 3645 etiam
1872 3606 2023 3647 mor-

454 3685 581 3740 tuae,
603 3677 746 3732 sicut
775 3689 830 3732 et
853 3680 1012 3749 lepus
1043 3681 1291 3737 marinus
1316 3681 1550 3737 celerem
1581 3680 1792 3736 homini
1817 3690 1873 3737 et
1896 3682 2020 3738 ine-

451 3768 736 3825 vitabilem
771 3770 1050 3827 interitum
1081 3772 1282 3829 adfert.

523 3863 794 3919 Preterea
815 3864 1061 3935 piscibus
1085 3866 1421 3921 salacitatem
1454 3864 1624 3920 tribui
1648 3864 1791 3946 scire
1818 3863 2019 3931 debes;

450 3949 586 4007 Nam
611 3953 875 4024 cephalus
901 3953 1105 4009 femina
1132 3955 1310 4010 littori
1334 3955 1552 4025 alligata
1580 3952 1729 4014 facit.
1752 3966 1811 4009 ut
1839 3969 2024 4011 mares

449 4054 750 4100 aestuantes
795 4060 864 4101 eo
905 4054 1105 4102 coeant
1157 4046 1481 4117 feminaeque
1529 4046 1681 4102 velut
1723 4046 2021 4102 adsultent.

450 4133 618 4190 Canis
653 4146 839 4190 autem
870 4137 1116 4192 marinus
1146 4138 1192 4193 si
1234 4138 1527 4208 strepitum
1568 4141 1859 4207 quemdam
1902 4152 2026 4192 sen-

452 4226 576 4286 tiat,
633 4227 855 4281 catellas
906 4242 1039 4283 suos
1091 4228 1146 4282 in
1200 4229 1325 4282 sinu
1377 4229 1622 4283 occultat
1674 4228 1923 4299 praprio,
1959 4242 2025 4282 ac

2119 3023 2271 3079 ἴδωσι
2301 3026 2393 3080 τδν
2426 3027 2703 3083 πολύποδα
2739 3029 2849 3102 τῆς
2881 3027 3089 3105 πέτρας
3122 3037 3536 3109 περιεχόμενον,
3561 3039 3680 3093 ἀνέ-

2120 3133 2239 3185 μων
2293 3119 2653 3188 σημειοῦνται
2700 3122 2899 3195 φοράν.
2940 3124 3370 3200 Ἐγκατέσπειρε
3420 3130 3529 3201 γάρ
3570 3133 3683 3194 τοῖς

2118 3207 2282 3272 ζώοις
2330 3210 2359 3263 ό
2420 3210 2555 3277 Θεὸς
2602 3204 2870 3285 δυνάμεις
2925 3220 3342 3289 προγνωστικάς
3398 3222 3536 3289 πρὸς
3584 3222 3685 3291 τὴν

2117 3303 2215 3371 τῆς
2245 3302 2396 3376 ζωῆς
2424 3305 2607 3361 αὐτῶν
2659 3308 2943 3365 σύστασιν.
3000 3312 3109 3368 Καὶ
3152 3312 3289 3368 ἄλλα
3342 3314 3443 3386 μιν
3479 3316 3546 3370 τὰ
3583 3315 3682 3383 τῆς

2119 3392 2391 3466 θαλάττης
2446 3398 2571 3453 τινὰ
2641 3401 2900 3472 τυγχάνει
2962 3404 3191 3475 φοδερά.
3244 3406 3356 3477 Οὐχ
3408 3402 3570 3480 ἦττον
3625 3410 3685 3463 δὲ

2120 3486 2215 3538 καὶ
2272 3489 2536 3557 τρυγόνος
2604 3492 2831 3563 κέντρον
2891 3495 2992 3561 τῆς
3045 3495 3356 3565 θαλαττίας,
3417 3501 3516 3555 καὶ
3556 3500 3687 3555 ταύ-

2118 3589 2222 3645 της
2276 3580 2502 3649 νεκρᾶς,
2551 3582 2646 3634 καὶ
2691 3581 2721 3633 ό
2788 3582 3000 3652 λαγωός
3053 3587 3081 3638 ό
3125 3586 3415 3653 θαλάσσιος
3466 3591 3689 3660 ταχείαν

2121 3669 2221 3725 καὶ
2253 3670 2629 3743 ἀπαραίτητον
2657 3672 2760 3745 τὴν
2789 3674 2996 3746 φθοράν
3031 3678 3409 3750 ἐπιφέρονται.

2194 3850 2435 3905 Γίνωσκε
2458 3851 2516 3906 δὲ
2560 3852 2645 3908 ὅτι
2676 3856 2829 3924 παρὰ
2871 3860 2985 3921 τοῖς
3017 3857 3227 3926 ἰχθύσιν
3256 3859 3515 3927 λαγνείαν
3529 3856 3690 3916 εἶναι.

2122 3941 2372 4012 Κέφαλος
2404 3943 2515 4015 γὰρ
2554 3944 2724 4015 θῆλυς
2755 3947 2910 4017 παρὰ
2962 3948 3042 4021 τῷ
3099 3950 3337 4021 αἰγιαλῷ
3375 3954 3695 4022 προσδεθεὶς

2123 4035 2272 4087 ποιεῖ
2293 4035 2422 4099 τοὺς
2447 4035 2686 4107 ἄρρενας
2719 4037 3115 4108 πελαγίζοντας
3148 4041 3474 4111 πλησιάζειν
3514 4046 3695 4096 ἐκεῖσε

2124 4126 2221 4181 καὶ
2274 4124 2388 4181 οἷον
2424 4131 2491 4201 τῇ
2550 4128 2742 4203 θηλείᾳ
2797 4132 3199 4204 περισκαίρειν.
3236 4136 3297 4191 '0
3350 4139 3496 4191 κύων
3547 4138 3698 4207 ἰχθὺς

2125 4218 2291 4289 ⁴ἡνίκα
2332 4220 2509 4290 ψόφου
2570 4222 2718 4287 τινὸς
2753 4222 3035 4295 αἴσθηται,
3076 4225 3146 4278 τὰ
3201 4228 3471 4281 σκυλάκια
3530 4229 3697 4281 αὑτοῦ

454 4312 718 4384 deinceps
742 4330 840 4369 eos
869 4316 1110 4371 vicissim
1158 4317 1368 4374 educit.
1407 4318 1606 4388 Aspice
1633 4329 1819 4373 autem
1862 4317 2013 4386 mihil

2128 4310 2277 4381 παρὰ
2305 4312 2384 4385 τῷ
2415 4314 2601 4386 οἰκείῳ
2639 4314 2872 4384 κρύπτει
2917 4316 3107 4387 κόλπῳ
3159 4312 3255 4371 καὶ
3301 4317 3459 4382 αὖθις
3492 4319 3697 4387 ἐξάγει.

458 4420 666 4475 quaeso.
690 4406 871 4477 pusilli
898 4421 962 4463 ac
989 4405 1190 4464 debilis
1219 4408 1473 4465 animalis
1499 4410 1826 4480 sapientiam
1860 4416 2027 4478 atque

457 4498 781 4554 versutiam.
810 4498 1024 4556 Cancer
1053 4501 1225 4556 ostrei
1254 4516 1478 4557 carnem
1514 4502 1743 4572 appetit,
1779 4502 1875 4557 sed
1909 4503 2027 4572 ipsa

456 4590 640 4659 prada
677 4592 845 4661 potiri
872 4602 1097 4664 propter
1136 4592 1519 4650 indumentum
1554 4603 1706 4650 testae
1735 4594 2028 4650 dilIiculter

456 4691 668 4753 potest;
701 4700 825 4739 nam
874 4693 1117 4741 teneram
1149 4701 1371 4741 carnem
1402 4687 1640 4757 quodam
1674 4688 1828 4756 quasi
1871 4696 2028 4757 septo

458 4784 656 4830 natura
687 4790 796 4831 non
825 4775 985 4832 facile
1020 4776 1323 4847 frangendo
1353 4777 1594 4843 muniit;
1625 4777 1857 4846 ideoque
1880 4775 2028 4833 sole-

459 4881 583 4940 mus
632 4868 738 4924 hoc
785 4868 988 4923 animal
1038 4868 1534 4933 ostracodermum,
1583 4868 1741 4939 quasi
1790 4877 2028 4925 testacea

457 4970 585 5017 cute
619 4961 934 5032 praeditum,
977 4962 1276 5035 appellare.
1313 4961 1562 5032 Cumque
1611 4964 1733 5018 dua:
1774 4962 2030 5018 concavi-

459 5058 601 5119 tates
626 5060 885 5106 accurate
931 5050 1034 5107 sibi
1080 5051 1313 5106 invicem
1342 5051 1546 5120 juncur
1573 5059 1816 5105 ostreum
1849 5051 2028 5119 ipsum

460 5142 920 5211 complectantur,
959 5144 1275 5197 necessario
1306 5143 1474 5197 chelae
1505 5142 1691 5197 cancri
1744 5141 1879 5197 nihil
1911 5141 2025 5197 eili-

458 5247 586 5287 eere
618 5244 869 5304 possunt.
899 5232 1040 5299 Quid
1072 5249 1202 5303 ergo
1237 5234 1507 5289 molituri
1534 5233 1670 5290 Cum
1703 5243 1941 5289 ostreum
1974 5236 2029 5291 in

460 5320 602 5376 locis
647 5332 811 5376 vento
846 5338 955 5377 non
1002 5324 1269 5394 expositis
1315 5339 1440 5380 cum
1466 5324 1761 5395 voluptate
1789 5326 2035 5397 percale-

461 5431 619 5472 sccre
647 5430 883 5487 suasque
920 5416 1089 5486 plicas
1122 5417 1189 5473 ad
1224 5417 1406 5474 radios
1436 5418 1570 5474 solis
1615 5420 1831 5489 aperire
1859 5418 2031 5487 videt,

465 5520 581 5564 tum
614 5526 747 5566 vero
773 5511 1080 5567 clanculum
1120 5513 1323 5592 injecto
1352 5512 1585 5581 calculo,
1623 5514 1918 5582 quominus
1940 5528 2037 5568 eas

465 5616 685 5660 rursum
722 5605 966 5674 claudat,
999 5605 1258 5673 impedit;
1297 5606 1555 5674 quodque
1587 5606 2041 5693 viribusﬂnequit1

2132 4401 2278 4474 Ὅρα
2306 4402 2365 4457 δι
2396 4406 2590 4474 σοφίαν
2617 4406 2713 4459 καὶ
2736 4407 3003 4477 πονηρίαν
3030 4408 3228 4483 μικροῦ
3252 4409 3392 4473 (dion
3416 4412 3514 4469 καὶ
3537 4411 3703 4463 άσθε-
3808 4430 3817 4433 “

2132 4492 2278 4556 νοῦς.
2312 4491 2374 4547 Ὅ
2398 4495 2657 4566 καρκίνος
2680 4498 2779 4569 τῆς
2812 4497 3015 4570 σαρκὸς
3046 4499 3307 4568 ἐπιθυμεῖ
3333 4500 3428 4554 τοῦ
3451 4502 3702 4573 ὀστρέου.

2145 4586 2308 4643 Ἀλλὰ
2336 4591 2431 4643 καὶ
2460 4590 2763 4655 δυσάλωτος
2790 4592 2825 4664 ἡ
2843 4591 2990 4661 ἄγρα
3014 4592 3162 4664 αύτῷ
3179 4592 3265 4648 διά
3288 4592 3386 4662 τὴν
3407 4594 3703 4666 περιϐολὴν

2133 4679 2228 4736 τοῦ
2248 4681 2522 4751 ὀστράκου
2548 4686 2759 4752 γίνεται
2778 4699 2793 4716 ο
2822 4685 3056 4757 ἀρραγεί
3084 4686 3193 4757 γάρ
3217 4685 3389 4757 ἑρκίῳ
3416 4686 3474 4739 τὸ
3495 4685 3705 4740 ἁπαλὸν

2134 4774 2233 4844 τῆς
2251 4776 2451 4846 σαρκὸς
2475 4776 2508 4847 ή
2538 4775 2697 4845 φύσις
2720 4777 3185 4847 κατησφαλίσατο,
3222 4777 3301 4835 διὸ
3328 4780 3421 4831 καὶ
3445 4776 3708 4846 ὀστρακό-

2133 4867 2337 4943 δερμον
2386 4867 2445 4924 τὺ
2476 4868 2616 4936 ζῶον
2668 4870 3167 4942 προσαγορεύεται.
3223 4872 3334 4924 Καὶ
3392 4869 3579 4939 ἐπειδὴ
3612 4870 3707 4923 δύο

2137 4958 2450 5028 κοιλότητες
2500 4958 2745 5031 ἀκριόῶς
2796 4958 3056 5030 ἀλλήλαις
3108 4958 3601 5028 προσηριιοσμέναι
3648 4958 3709 5009 τὸ

2135 5046 2356 5115 δστρεον
2385 5045 2869 5116 περιπτύσσονται,
2903 5045 3216 5113 ἀναγκαίως
3267 5045 3539 5113 ἄπρακτοι
3570 5047 3711 5101 εἰσ.ν

2139 5140 2194 5191 αἱ
2244 5136 2409 5208 χηλαὶ
2440 5137 2534 5190 τοῦ
2578 5138 2864 5207 καρκίνον.
2897 5136 2963 5190 Τί
2994 5134 3087 5189 οὖν
3121 5139 3297 5201 ποιεῖς
3330 5135 3502 5189 Ὀταν
3534 5133 3617 5205 ιδῃ
3650 5134 3711 5184 ὲν

2106 5231 2447 5304 ⁸ἀπηνέμοις
2478 5229 2600 5301 μεθ’
2630 5229 2826 5301 ἡδονῆς
2857 5226 3286 5295 διαθαλπόμενον
3317 5228 3414 5283 καὶ
3449 5225 3584 5295 πρὸς
3609 5226 3712 5287 τὰς

2140 5327 2369 5387 ἀκτῖνας
2401 5322 2495 5375 τοῦ
2531 5322 2685 5394 ὴλίου
2716 5321 2814 5384 τὰς
2844 5320 3055 5391 πτύχας
3090 5318 3257 5375 αὐτοῦ
3300 5315 3708 5380 διαπλὼσαντα,

2140 5418 2265 5470 τότε
2292 5416 2358 5487 δὴ
2400 5414 2576 5485 λάθρα
2603 5412 2841 5485 ψηφῖδας
2882 5410 3256 5483 παρεμϐαλὼν
3280 5407 3575 5464 διακωλύει
3612 5407 3714 5476 τὴν

2145 5510 2475 5580 σύμπτυξιν,
2524 5508 2619 5562 καὶ
2664 5508 2979 5577 εὑρίσκεται
3014 5508 3076 5560 τὸ
3113 5505 3360 5561 ἐλλεῖπον
3410 5503 3572 5573 μέρος
3610 5500 3714 5567 τῆς

2143 5604 2426 5673 δονάειεως
2476 5601 2564 5657 διὰ
2620 5600 2720 5672 τῆς
2782 5600 3022 5665 ἐπινοίας
3091 5599 3497 5670 περιεχόμενος.
3560 5593 3715 5667 Mam
