4052 6200
444 292 510 359 91.
1710 283 2135 346 murmurs
2170 281 2426 346 sucis
3615 279 3684 341 92

445 404 586 460 mari
621 402 885 475 piscando
921 404 1125 459 victum
1152 412 1422 473 quaerunt,
1459 401 1505 457 si
1539 403 1759 472 quando
1792 404 1980 458 funicu

2121 420 2363 473 σχουσιν,
2397 402 2450 456 εἷ
2472 415 2601 454 ποτε
2635 397 2833 469 κύρτον
2868 395 3017 460 ἐντὸς
3067 396 3272 464 νάρκην
3306 393 3534 463 ἔχουσαν
3572 400 3684 458 τοῖς

447 498 520 552 lis
567 512 660 552 vas
707 496 1065 565 piscatorium
1098 494 1383 548 attrahunt
1413 510 1522 564 quo
1578 495 1804 565 torpedo
1836 496 2013 549 conti-

451 587 690 641 neatur?
718 587 846 639 Eam
882 584 1106 639 sortitus
1133 592 1215 638 est
1238 599 1332 638 aer
1360 594 1609 638 naturam
1638 585 2010 655 peculiariter,

452 678 530 731 uti
565 692 724 746 quam
763 676 1013 729 facillime
1043 674 1332 729 afﬁciatur.
1363 674 1496 729 Nam
1530 684 1585 730 et
1619 676 1770 731 souis
1795 677 2015 745 pervius

459 778 538 822 est
576 776 631 820 et
674 766 1001 834 pellucidus,
1036 776 1091 819 et
1127 766 1357 819 odoratu
1395 775 1732 835 penetratur,
1765 767 1913 821 nulla
1957 782 2015 821 re

430 842 771 911 Aititermedia
805 856 1104 926 quidquam
1139 857 1517 925 impedimenti
1554 857 1867 927 objiciente.
1897 857 2015 924 Quo

447 947 507 1000 fit
535 956 591 1000 ut
614 947 906 1001 multarum
936 957 1042 1001 tam
1085 947 1440 1002 aflcctionum
1472 964 1634 1018 quam
1662 949 2014 1005 effectionnm

443 1053 608 1093 causa
632 1039 723 1093 sit.
759 1042 839 1092 An
868 1056 977 1094 non
1006 1042 1153 1095 enim
1187 1041 1470 1095 oculorum
1504 1041 1611 1110 37
1648 1042 1842 1097 morbo
1867 1043 2017 1098 labo-

446 1138 635 1183 rantes
686 1130 1010 1199 plernmque
1060 1145 1118 1185 se
1173 1131 1451 1185 intuentes
1493 1131 1668 1185 morbi
1720 1131 2018 1200 participes

448 1220 734 1275 reddunt?
764 1220 1106 1291 Quapropter
1137 1231 1191 1276 et
1230 1222 1456 1291 torpedo
1502 1238 1602 1292 per
1650 1238 1799 1288 aera,
1851 1236 2015 1291 quem

450 1311 592 1365 intra
624 1326 681 1366 se
699 1313 962 1378 continet,
979 1312 1193 1367 allicere
1218 1321 1399 1381 potest
1420 1314 1741 1368 accedentes
1770 1315 2016 1383 pmpius,

447 1398 587 1455 licet
616 1414 739 1455 eam
783 1415 893 1455 non
943 1409 1257 1457 attreetent.
1297 1402 1403 1456 Nec
1457 1402 1656 1456 mirum
1706 1402 1809 1456 hoc
1841 1401 2018 1457 videri

448 1489 653 1556 debet;
693 1506 819 1546 nam
882 1492 1119 1563 Magnes,
1172 1509 1333 1562 quem
1397 1494 1633 1562 lapidem
1690 1494 2015 1548 Herculeum

447 1592 667 1646 vocant,
714 1584 925 1636 etiamsi
973 1583 1211 1652 quodam
1265 1585 1553 1639 intervallo
1584 1585 1727 1638 absit
1768 1600 1799 1638 a
1851 1584 2015 1650 ferro,

447 1683 633 1728 tamen
659 1676 911 1744 videmus
937 1675 1317 1730 eﬂicaeitatem
1363 1677 1564 1746 lapidis
1599 1693 1698 1746 per
1727 1677 1906 1746 ipsum
1934 1676 2017 1731 in-

2119 495 2404 558 κα).ωδίοις
2448 494 2809 565 ἐφέλκουσιν;
2870 489 3296 559 Εύπαθεστάτην
3342 490 3370 542 ὁ
3427 489 3535 559 ἀὴρ
3585 489 3685 557 τὴν

2120 586 2282 655 φύσιν
2309 584 2670 655 κληρωτικῶς
2693 570 3029 651 ἀπενέίματο
3054 598 3067 612 ·
3100 580 3293 651 διηχὴς
3324 579 3434 648 γὰρ
3459 582 3552 634 καὶ
3570 580 3689 633 διαο

2119 679 2293 747 φανὴς
2357 676 2456 746 ἔφυ
2512 677 2605 729 καὶ
2667 674 2911 745 δίοσμος,
2966 672 3289 745 μεταιχμίου
3341 672 3479 742 μηδέ
3541 689 3685 733 τινος

2119 766 2581 835 ἐπιπροσθοῦντος
2618 764 2787 835 αὐτῷ.
2855 765 3075 818 Πολλῶν
3108 763 3290 817 τοίνυν
3339 761 3531 816 παθῶν
3590 762 3685 813 καὶ

2121 860 2408 929 ἐνεργειῶν
2442 857 2611 920 αἴτιος
2637 874 2650 888 ·
2696 856 2815 920 πῶς
2850 858 2956 927 γὰρ
2991 856 3040 909 οί
3091 854 3370 924 τὰς.δψεις
3401 851 3687 916 νοσοῦντες

2117 953 2243 1014 τοὺς
2277 950 2516 1021 ὁρῶντας
2555 950 2697 1016 σφᾶς
2748 948 3008 1010 πολλάκις
3030 947 3123 1001 τοῦ
3156 948 3365 1009 πάθους
3391 945 3685 1006 κοινωνοὺς

2121 1044 2485 1108 ἐποιήσαντο;
2546 1041 2754 1093 Οὐκοῦν
2806 1040 2894 1093 διὰ
2942 1038 3037 1092 τοῦ
3093 1040 3306 1101 ἐνόντος
3356 1038 3520 1105 ἀέρος
3591 1037 3691 1089 καὶ

2120 1135 2295 1206 νάρκη
2329 1135 2501 1186 ποιεῖν
2527 1150 2579 1184 τι
2615 1132 2788 1194 πάθος
2852 1131 3141 1184 ἐπίσταται
3194 1132 3306 1193 τοῖς
3363 1129 3500 1198 αὐτῇ
3551 1127 3691 1197 πλη-

2122 1225 2418 1288 σιάζουσιν,
2453 1224 2500 1276 εί
2537 1227 2629 1279 καὶ
2661 1225 2736 1292 μὴ
2765 1222 2969 1293 ταύτης
3008 1222 3314 1291 ἐφάψοιντο.
3342 1220 3451 1273 Καὶ
3479 1219 3692 1287 θαυμά-

2123 1319 2234 1384 ζειν
2268 1318 2327 1370 ού
2357 1314 2461 1387 χρή
2490 1331 2505 1348 ⁸
2542 1318 2573 1386 ἡ
2605 1315 2893 1384 Μαγνῆτις
2935 1315 3066 1384 γάρ,
3102 1316 3168 1385 ἣν
3225 1314 3318 1365 καὶ
3359 1310 3689 1380 Ἡρακλείαν

2120 1408 2268 1462 λίθον
2302 1410 2455 1477 φασὶ,
2486 1408 2581 1462 τοῦ
2618 1407 2841 1478 σιδήρου
2889 1407 3164 1475 διέστηκε,
3212 1406 3307 1459 καὶ
3343 1405 3491 1473 ὅμως
3548 1401 3689 1471 ὀρῶ-

2124 1517 2225 1569 μεν
2254 1499 2340 1552 διὰ
2374 1500 2537 1568 μέσου
2568 1498 2662 1550 τοῦ
2695 1498 2858 1569 ἀέρος
2892 1497 2989 1568 τὴν
3017 1499 3305 1566 ἐνέργειαν
3349 1494 3689 1565 προσϐαλλο-

2126 1594 2296 1663 μένην
2330 1596 2393 1664 τῇ
2420 1591 2572 1662 λίθῳ.
2602 1592 2677 1645 Τὸ
2701 1591 2757 1644 δὲ
2789 1592 2884 1643 καὶ
2915 1592 3043 1661 περὶ
3071 1590 3164 1643 τὸν
3194 1589 3410 1657 φοίνικα
3440 1588 3498 1639 τὸ
3522 1586 3687 1655 φυτὸν

2125 1682 2387 1753 ἐρωτικὸν
2414 1682 2704 1751 γενόμενον
2738 1682 2931 1745 πάθος,
2966 1682 3061 1735 καὶ
3093 1681 3242 1744 ὅπως
3277 1683 3309 1749 ὴ
3343 1679 3550 1749 θήλεια,
3581 1678 3687 1731 κᾶν

451 1765 785 1820 termedium
820 1781 946 1821 aera
982 1782 1104 1822 sese
1150 1771 1451 1839 porrigere.
1493 1764 1635 1833 Quin
1672 1770 1839 1825 etiam
1867 1783 2018 1823 ama-

2126 1775 2221 1828 καὶ
2265 1772 2558 1838 διίσταται,
2594 1774 2720 1836 τοὺς
2772 1774 3002 1834 κλάδους
3046 1772 3214 1842 αὐτῆς
3266 1771 3547 1824 ύποκλίνει
3608 1768 3687 1839 τῷ

452 1857 594 1910 toria
619 1857 812 1920 palmae
842 1859 1052 1913 arboris
1084 1857 1323 1920 afl‘ectio,
1353 1861 1501 1928 quod
1528 1861 1787 1914 nimirum
1818 1860 2031 1921 femina

446 1948 627 2017 spatio
671 1948 909 2017 quodam
952 1948 1059 2003 loci
1099 1949 1372 2016 disiuncta
1431 1950 1789 2005 nihilominus
1838 1967 2021 2007 ramos

446 2053 583 2095 suos
626 2040 762 2093 mari
796 2040 1127 2101 summittat,
1183 2040 1491 2110 deindeqne
1544 2057 1762 2097 rursum
1814 2052 2018 2099 rectam

449 2130 518 2185 ad
570 2130 801 2185 formam
854 2132 1042 2186 redeat
1095 2133 1249 2205 quasi
1325 2112 1496 2202 potita
1544 2132 1727 2188 fructu
1777 2136 2010 2206 conjun-

444 2223 667 2288 ctionis,
696 2224 855 2294 cujus
893 2239 1055 2278 aures
1085 2223 1451 2278 admiratione
1492 2240 1601 2278 non
1649 2226 1869 2296 replet?
1901 2226 2022 2281 Non

449 2315 623 2383 igitur
685 2313 985 2369 absurdum
1067 2315 1231 2369 etiam
1306 2315 1647 2385 torpedinem
1720 2316 2023 2386 piscatores

447 2406 668 2463 lazdere.

516 2495 624 2563 Qui
667 2506 929 2567 praaterea
975 2495 1035 2551 fit
1068 2506 1125 2553 ut
1158 2498 1252 2553 alii
1286 2497 1509 2566 quidem
1543 2498 1723 2567 pisces
1750 2498 1803 2553 in
1847 2500 2027 2556 Ponto

450 2588 650 2660 degere
697 2591 1089 2645 consueverint
1148 2590 1493 2661 aliquandiu,
1546 2592 1778 2660 polypus
1836 2599 2025 2646 autem

451 2682 636 2737 sinum
692 2682 847 2737 illum
902 2682 1271 2751 aquilonalem
1318 2682 1591 2753 refugiat?
1637 2682 1795 2749 Quod
1841 2684 2025 2753 pisces

454 2775 705 2830 nonnulli
732 2774 1149 2844 refrigeratione
1175 2774 1481 2851 indigeant,
1510 2786 1784 2847 quotquot
1809 2777 2022 2832 scilicet

455 2865 725 2935 potabiles
758 2879 930 2935 aquas
960 2873 1175 2934 petunt,
1200 2867 1451 2921 nonnulli
1492 2868 1731 2922 calorem
1762 2876 2021 2937 expetant

446 2966 501 3011 et
532 2958 599 3011 ad
649 2971 802 3011 mare
843 2957 1183 3027 confugiant.
1220 2957 1337 3014 Hoc
1394 2960 1541 3014 enim
1593 2960 1806 3016 caeteris
1863 2960 2021 3029 aquis

448 3056 543 3104 est
586 3049 837 3103 calidius.
872 3048 1061 3117 Itaque
1089 3048 1322 3119 polypus
1348 3050 1481 3103 mari
1507 3049 1737 3104 Pontico
1769 3049 2020 3104 infensus

452 3149 556 3193 est.
590 3140 802 3209 Quippe
844 3138 1098 3209 frigidius
1136 3148 1220 3193 est
1275 3153 1425 3193 mare
1474 3138 1619 3194 istud
1673 3140 2017 3209 aquilonare,

448 3231 793 3299 reliquisque
823 3233 996 3284 multo
1022 3231 1269 3296 dulcius,
1300 3231 1379 3284 uti
1405 3230 1553 3300 quod
1582 3246 1612 3285 a
1640 3231 1827 3286 multis
1855 3238 2021 3299 atque

454 3321 666 3390 magnis
693 3321 949 3374 amnibus
974 3322 1313 3377 irruentibus
1337 3321 1598 3376 diluatur.
1624 3321 1817 3393 Frigus
1839 3330 2033 3376 autem.

444 3427 515 3467 ac
546 3411 779 3467 dulcedo
826 3426 980 3481 aquae
1031 3413 1229 3481 polypo
1281 3421 1413 3467 sunt
1462 3412 1696 3482 ingrata.
1736 3412 1889 3478 Quod
1939 3412 2020 3467 uti

451 3502 1054 3570 probem,argumento
1085 3501 1286 3557 idoneo
1317 3503 1450 3558 satis
1488 3513 1631 3557 utar.
1676 3502 1781 3559 Ubi
1830 3517 2020 3557 saxum

446 3594 674 3663 aliquod
708 3596 1029 3664 complexus
1060 3603 1143 3649 est
1173 3596 1426 3665 polypus,
1458 3596 1537 3652 sic
1578 3595 1655 3651 illi
1685 3595 1928 3650 adlmret
1961 3603 2022 3650 ut

445 3686 610 3740 avelli
661 3694 921 3754 nequeat.
972 3685 1183 3742 Idcirco
1231 3688 1535 3755 piscatores
1597 3687 1756 3757 periti
1800 3685 2018 3741 dulcem

449 3792 644 3847 aquam
683 3777 977 3833 afl‘undunt
1013 3793 1164 3843 saxo,
1197 3792 1310 3848 quo
1349 3778 1491 3832 facto
1520 3778 1665 3847 quod
1694 3777 2021 3847 expetebant

448 3879 894 3940 consequuntur,
912 3879 968 3925 et
987 3870 1220 3941 polypus
1241 3870 1326 3923 vel
1352 3869 1556 3922 invitus
1580 3879 1831 3923 naturam
1864 3884 2019 3924 suam

455 3959 740 4028 relinquit.
774 3958 921 4013 Idem
954 3957 1187 4027 polypus
1215 3955 1469 4012 esuriens
1509 3954 1737 4026 capillos
1767 3970 1897 4012 suos
1926 3954 2024 4010 de-

449 4057 624 4115 vorat,
657 4064 893 4120 quorum
932 4048 1053 4105 loco
1079 4049 1169 4103 alii
1201 4056 1520 4104 nascuntur.

522 4232 639 4284 Hoc
676 4229 843 4283 etiam
887 4228 1030 4283 scire
1066 4228 1266 4287 debes.
1297 4228 1552 4295 loligines
1581 4238 1748 4299 atque
1790 4231 2021 4301 polypos

453 4327 821 4374 atramentum
869 4317 1096 4382 habere,
1128 4333 1341 4381 verum,
1380 4328 1440 4371 ut
1471 4319 1795 4376 Aristoteles
1838 4321 1935 4386 ait,
1964 4322 2017 4376 in

2120 1864 2340 1936 ἄῤῥενι,
2418 1868 2513 1920 καὶ
2569 1864 2718 1927 ὅπως
2784 1865 2952 1919 πάλιν
3043 1862 3180 1934 πρὸς
3233 1862 3415 1939 δρθιον
3465 1862 3688 1931 ἔρχεται

2122 1955 2311 2026 σχῆμα
2360 1956 2459 2026 τῆς
2516 1955 2812 2024 συναφείας
2870 1952 2983 2008 οἷον
3037 1952 3479 2018 ἐναπολαύσασα,
3524 1950 3687 2003 ποίαν

2106 2047 2295 2118 ¹ἀκοὴν
2317 2047 2419 2101 οὐκ
2460 2046 2774 2117 ἐμπίπλησι
2828 2045 3150 2115 θαύματοςς
3216 2046 3452 2098 Ἀτοπον
3502 2044 3680 2096 τοίνυν

2123 2137 2276 2189 οὐδὲν
2308 2138 2403 2191 καὶ
2426 2133 2489 2190 τδ
2512 2134 2612 2209 τὴν
2631 2136 2841 2209 νάρκην
2878 2137 3051 2191 ποιεῖν
3094 2137 3209 2199 τοῖς
3237 2133 3531 2206 θηρεύουσι
3579 2134 3691 2187 πά-

2122 2226 2234 2292 θος.

2195 2487 2305 2541 Καὶ
2344 2485 2434 2541 διὰ
2465 2488 2520 2541 τί
2566 2488 2619 2541 οἱ
2653 2486 2755 2559 μὶν
2792 2487 2942 2542 ἄλλοι
2975 2487 3159 2558 ἰχθύες
3197 2484 3327 2556 περὶ
3355 2485 3447 2539 τὸν
3486 2483 3689 2537 Πόντον

2123 2578 2471 2648 ἐνδημοῦσιν,
2504 2582 2533 2634 ὁ
2560 2579 2616 2633 δὲ
2650 2579 2926 2644 πολύπους
2959 2580 3051 2633 τὸν
3082 2579 3293 2651 βόρειον
3344 2576 3688 2645 ἀποστρέφει

2123 2684 2215 2720 ται
2243 2667 2441 2722 κόλπον
2470 2686 2484 2735 ;
2515 2667 2659 2721 Διότι
2713 2668 2782 2722 τὰ
2824 2668 2925 2738 μὲν
2972 2668 3081 2722 τῶν
3115 2666 3313 2737 ἰχθύων
3341 2665 3554 2735 ψύξεως
3582 2666 3690 2719 δεῖ-

2122 2776 2234 2820 ται,
2268 2758 2369 2811 ὅσα
2398 2775 2503 2810 που
2532 2758 2625 2811 καὶ
2667 2758 2740 2811 τὰ
2797 2757 3005 2828 πότιμα
3049 2759 3402 2812 ἐπιδιώκουσι
3449 2758 3687 2827 νάματα,

2123 2851 2190 2905 τὰ
2218 2850 2275 2903 δέ
2308 2850 2645 2921 θερμότητος
2679 2852 2779 2921 ἐρᾷ
2810 2852 2905 2905 καὶ
2956 2851 3094 2922 πρὸς
3125 2851 3224 2923 τὴν
3259 2851 3535 2906 θάλασσαν
3558 2852 3688 2905 ἀνα-

2124 2942 2414 3012 στρέφεται
2445 2960 2460 2975 ·
2492 2943 2801 3016 θερμοτέρα
2828 2945 2935 3014 γὰρ
2963 2943 3101 3015 αὕτη
3131 2943 3238 2997 τῶν
3270 2944 3448 2997 ἄλλων
3477 2944 3684 2995 ὑδάτων

2122 3034 2484 3100 καθέστηκεν.
2522 3034 2582 3088 ’0
2614 3035 2744 3103 γοῦν
2769 3035 3047 3098 πολύπους
3074 3037 3140 3107 τῇ
3175 3036 3411 3105 Ποντικῇ
3443 3033 3685 3105 θαλάσσῃ

2122 3125 2892 3198 ἀπεχθάνεταιοψυχρότερον
2946 3130 3053 3198 γὰρ
3088 3126 3149 3180 τὸ
3218 3126 3426 3197 βόρειον
3472 3125 3685 3193 πέφυκε

2122 3218 2386 3287 πέλαγος.
2430 3218 2595 3276 Ἀλλά
2622 3222 2719 3275 καὶ
2745 3220 2844 3290 τῆς
2875 3220 3071 3290 λοιπῆς
3095 3219 3371 3289 θαλάσσης
3424 3216 3688 3285 γλυκύτε-

2126 3326 2217 3379 ρον
2242 3323 2261 3343 ⁶
2292 3309 2398 3363 ὑπὸ
2421 3310 2637 3363 πολλῶν
2661 3312 2769 3381 γὰρ
2804 3312 2898 3365 καὶ
2934 3313 3187 3381 μεγάλων
3218 3295 3474 3381 ποταμῶν
3530 3310 3689 3379 ἐπιρο

2123 3402 2317 3469 ρεῖται.
2361 3401 2609 3455 Ἐναντία
2630 3402 2689 3456 δὲ
2718 3402 2793 3473 τῷ
2815 3401 3078 3457 πολύποδι
3126 3402 3187 3456 τό
3215 3419 3275 3455 τε
3331 3401 3535 3471 ψυχρὸν
3594 3403 3689 3452 καὶ

2120 3492 2182 3544 τὸ
2213 3492 2411 3559 γλυκύ.
2450 3493 2656 3549 Ἱκανὸν
2684 3494 2741 3546 δὲ
2794 3495 2905 3564 ἐρῶ
2966 3512 3049 3548 σοι
3095 3495 3147 3548 τί
3192 3495 3328 3565 πρὸς
3380 3493 3687 3557 ἀπόδειξιν.

2121 3586 2306 3656 Πέτρα
2336 3587 2683 3655 συμπλακεὶς
2713 3589 2741 3640 δ
2765 3587 3048 3650 πολύπους
3072 3588 3541 3649 δυσαποσπάστως
3568 3587 3687 3656 ἐχε-

2119 3691 2246 3730 ται’
2275 3677 2357 3731 διδ
2387 3679 2561 3745 γλυκὺ
2594 3678 2740 3750 ὕδωρ
2786 3680 3068 3749 ἐπιχέουσι
3120 3682 3185 3751 τῇ
3243 3681 3419 3751 πέτρᾳ
3465 3681 3514 3732 oi
3549 3680 3690 3748 πρὸς

2121 3764 2299 3839 ἄγραν
2327 3770 2514 3834 δεινοὶ,
2550 3772 2644 3824 καὶ
2671 3772 2720 3824 oi
2753 3772 2853 3841 μὲν
2876 3772 3059 3840 ἔχουσι
3099 3771 3162 3823 τὸ
3214 3770 3549 3842 ζητούμενον
3586 3770 3689 3839 θή-

2122 3878 2300 3933 ραμα,
2339 3864 2368 3915 ὁ
2395 3863 2451 3916 δὲ
2478 3851 2578 3933 τῆς
2625 3862 2820 3917 ἐαυτοῦ
2870 3862 2967 3917 καὶ
3020 3862 3168 3917 ἄκων
3200 3863 3543 3928 ἐξανίσταται
3568 3864 3688 3931 φύ-

2122 3971 2279 4017 σεως.
2325 3953 2383 4006 Ὀ
2409 3953 2685 4016 πολύπους
2713 3950 2870 4018 οὗτος
2899 3954 3118 4024 λέγεται
3156 3954 3255 4025 μὲν
3301 3955 3465 4024 ἡνίκα
3498 3957 3690 4009 πεινάο

2122 4056 2228 4110 σει,
2292 4046 2574 4117 πλόκαμον
2632 4046 2831 4101 ἐαυτοῦ
2907 4046 3134 4114 ἐσθίειν,
3190 4047 3378 4117 ἕτερον
3430 4048 3485 4101 δὲ
3553 4050 3686 4102 ἀνα-

2121 4137 2298 4205 φύειν.

2191 4231 2429 4283 Γίνωσκε
2459 4231 2515 4285 δὲ
2540 4230 2839 4297 καὶτοῦτο,
2862 4231 2944 4285 ὅτι
2988 4230 3229 4292 τευθῖδες
3299 4228 3397 4300 μὲν
3437 4229 3531 4282 καὶ
3586 4245 3690 4280 πο-

2121 4322 2346 4386 λύποδες
2377 4323 2839 4393 ἐχουσιθὸλωσιν,
2893 4323 3029 4377 ἀλλὰ
3082 4322 3205 4376 καθ’
3234 4324 3269 4376 ἆ
3315 4338 3480 4390 φησιν
3538 4322 3689 4391 ’Δρι-

456 4424 615 4471 naso,
649 4424 773 4465 cum
806 4408 872 4463 ad
905 4419 1154 4463 ventrem
1181 4410 1335 4478 sepia
1369 4410 1629 4479 majorem
1661 4412 1781 4480 ejus
1808 4413 2018 4482 copiam

2127 4416 2383 4483 στοτέλης
2415 4416 2507 4468 ἐπὶ
2553 4419 2618 4484 τῇ
2661 4415 2864 4484 μύτιδι,
2898 4414 3071 4484 σηπία
3110 4414 3167 4467 δὲ
3221 4412 3363 4465 κατὰ
3420 4414 3520 4480 τὴν
3575 4429 3689 4464 κοι-

449 4502 670 4555 habeat.
702 4500 813 4555 Nec
833 4500 982 4555 enim
1007 4499 1310 4568 quidquam
1345 4499 1465 4566 opis
1487 4500 1718 4554 alterius
1749 4499 1933 4563 habet,
1962 4513 2024 4555 ut

448 4591 681 4663 polypus
711 4591 1070 4645 mutationem
1098 4590 1322 4644 coloris.
1346 4588 1482 4644 Nam
1507 4588 1554 4644 is
1580 4605 1687 4644 una
1711 4604 1835 4644 cum
1865 4604 2019 4653 saxo,

446 4682 518 4735 ad
549 4680 697 4751 quod
725 4680 952 4749 capillos
999 4679 1259 4749 applicat,
1314 4678 1554 4733 colorem
1596 4692 1818 4748 quoque
1847 4688 2022 4731 mutat

447 4788 610 4828 suum
632 4812 648 4839 ,
679 4778 912 4843 excepto
947 4772 1132 4827 colore
1178 4770 1323 4826 albo.
1378 4770 1519 4825 Sunt
1571 4770 1719 4825 enim
1759 4769 1873 4825 haec
1903 4770 2022 4824 ani-

449 4864 615 4919 malia
664 4865 947 4935 sanguinis
985 4862 1254 4933 expertia,
1296 4877 1401 4931 qua
1435 4861 1505 4917 de
1556 4876 1723 4917 causa
1772 4861 2021 4932 sequitur

446 4972 574 5014 esse
607 4958 804 5028 frigida
834 4955 1259 5025 formidinisque
1290 4954 1475 5024 plena.
1500 4954 1637 5010 Nam
1667 4954 1749 5009 uti
1778 4956 2019 5010 nonnul-

448 5049 520 5103 lis
574 5057 724 5103 mctu
778 5048 1048 5118 perculsis
1081 5048 1235 5101 alvus
1271 5045 1480 5100 turbari
1526 5045 1689 5112 solet,
1740 5047 2021 5102 nonnullis

448 5140 648 5194 vesicae
692 5149 1105 5193 excrementum
1138 5137 1333 5203 emuit,
1380 5138 1467 5191 sic
1496 5146 1552 5192 et
1581 5138 1664 5192 his
1693 5136 1891 5191 accidit
1920 5154 2018 5191 ne-

448 5231 692 5287 cessario
722 5240 947 5299 prOpter
978 5240 1185 5283 metum
1232 5238 1293 5284 ut
1320 5240 1690 5285 atramentum
1739 5231 2013 5287 emittant.

447 5324 566 5388 Qua
612 5321 836 5391 quidem
883 5322 936 5374 in
972 5334 1026 5373 rc
1060 5331 1253 5374 natura
1279 5331 1630 5376 excremento
1673 5324 1834 5376 simul
1861 5335 1918 5377 et
1947 5324 2015 5378 ad

446 5415 676 5467 Salutem
709 5412 957 5466 animalis
999 5422 1053 5465 et
1086 5410 1153 5465 ad
1187 5426 1345 5480 opem
1397 5415 1591 5468 utitur.
1642 5416 1783 5467 Sunt
1833 5422 2016 5467 autem

453 5505 640 5573 omnia
689 5504 972 5574 sanguinis
1002 5505 1245 5574 ιιιριιιῑίιι
1293 5519 1550 5574 perquam
1596 5508 1790 5577 exiguo
1841 5492 2016 5560 nutri-

451 5606 634 5647 mento
681 5605 958 5658 Contenta,
1011 5612 1119 5649 non
1154 5605 1259 5649 tam
1301 5598 1427 5665 quia
1476 5611 1639 5665 parva
1676 5605 1803 5651 sunt
1850 5610 2012 5664 quam

451 5685 574 5748 qui:
604 5685 820 5751 frigida.
860 5685 996 5738 Nam
1034 5685 1184 5739 Calor
1209 5698 1257 5741 et
1292 5686 1581 5756 concoquit
1639 5686 1793 5739 facile
1840 5686 2019 5739 nutri-

2125 4504 2265 4569 λίαν,
2325 4504 2464 4557 ἀλλά
2519 4506 2616 4557 καὶ⁵
2678 4505 2921 4557 πλείονα.
2989 4502 3127 4557 Οὐδὲ
3176 4502 3285 4571 γὰρ
3343 4501 3511 4570 ἄλλην
3562 4503 3688 4553 τινὰ

2125 4593 2375 4663 βοήθειαν
2400 4591 2538 4661 ἔχει,
2590 4590 2842 4661 καθάπερ
2864 4594 2892 4644 ὁ
2914 4591 3187 4654 πολύπους
3210 4592 3309 4660 τὴν
3335 4590 3429 4643 τοῦ
3452 4589 3687 4659 χρώμα-

2122 4699 2211 4745 τος
2242 4680 2544 4751 μετασολήν
2568 4698 2584 4714 ·
2620 4683 2756 4751 πρὸς
2787 4682 2899 4753 γὰρ
2922 4682 3021 4752 τὴν
3050 4664 3256 4752 πέτραν
3284 4674 3317 4752 ᾖ
3370 4678 3686 4749 προσαράτ-

2124 4790 2205 4827 σει
2239 4775 2364 4831 τοὺς
2394 4773 2600 4828 ἑαυτοῦ
2635 4774 2949 4843 πλοκάμους
2971 4773 3190 4844 ἀμείϐει
3219 4774 3313 4826 καὶ
3343 4773 3442 4842 τὴν
3469 4773 3684 4841 χροιὰν,

2122 4865 2494 4941 ἄνευίμέντοι
2541 4865 2636 4918 τοῦ
2665 4865 2862 4919 λευκοῦ
2918 4872 3234 4935 χρώματος.
3292 4864 3527 4932 ’Δναιμα
3575 4867 3686 4931 γὰρ

2124 4957 2313 5022 ταῦτα,
2346 4955 2439 5009 καὶ
2466 4956 2555 5009 διὰ
2586 4954 2740 5032 τοῦτο
2796 4956 3189 5024 κατεψυγμένα
3249 4954 3343 5008 καὶ
3384 4954 3684 5023 φοὸητικά.

2123 5048 2337 5118 Ὥσπερ
2361 5047 2522 5111 ἐνίοις
2550 5047 2866 5117 φοϐηθεῖσιν
2896 5050 2929 5116 ἡ
2954 5046 3131 5100 κοιλία
3181 5048 3534 5117 ταράττεται,
3568 5045 3684 5096 ἐτέ-

2124 5157 2236 5210 ροις
2270 5141 2327 5193 δὲ
2356 5140 2687 5212 περίττωσις
2714 5142 2746 5209 ἡ
2776 5142 2884 5195 ἀπὸ
2913 5141 3015 5209 τῆς
3083 5140 3327 5202 κύστεως
3379 5140 3486 5208 ῥεῖ,
3537 5136 3684 5189 οὕτω

2121 5233 2214 5284 καὶ
2267 5232 2477 5294 τούτοις
2539 5232 2824 5301 συμϐαίνει
2890 5230 2951 5294 ἐξ
3027 5232 3282 5297 ἀνάγκης·
3324 5230 3542 5297 ἀφιέναι
3590 5229 3683 5278 τὸν

2121 5319 2274 5373 θόλον
2303 5319 2391 5372 διὰ
2419 5319 2640 5380 δειλίας.
2705 5317 2854 5383 ’11δέ
2902 5318 3064 5385 φύσις
3114 5319 3233 5387 ἅμα
3279 5316 3355 5386 τῷ
3409 5315 3682 5387 περιττώ-

2121 5429 2251 5480 ματι
2311 5409 2809 5481 παρακαταχρῆται
2872 5411 2966 5461 καὶ
3041 5408 3176 5479 πρὸς
3249 5407 3531 5478 σωτηρίαν
3585 5408 3681 5458 καὶ

2121 5501 2378 5570 βοήθειαν
2404 5501 2573 5569 αὐτῷ.
2604 5503 2789 5556 Ιιάντα
2819 5500 2876 5552 δὲ
2904 5501 2973 5553 τὰ
3015 5500 3221 5569 ἄναιμα
3244 5500 3352 5551 τῶν
3388 5500 3541 5564 ζώων
3562 5498 3676 5549 ὀλι-

2120 5592 2364 5661 γότροορά
2418 5593 2578 5653 εἰσιν,
2621 5594 2719 5661 οὐχ
2771 5592 2912 5645 οὕτω
2961 5592 3048 5644 διὰ
3110 5592 3411 5661 μικρότητα
3460 5589 3537 5650 ὡς
3590 5590 3680 5641 διά

2121 5683 2475 5751 ψυχρότητα·
2534 5684 2592 5735 τὸ
2652 5687 2759 5753 γὰρ
2827 5685 3030 5753 θερμὴν
3092 5682 3433 5735 καταπέπτει
3481 5681 3677 5751 ῥᾳδίως
