4052 6200
452 252 525 315 95

1716 240 2136 304 MlCIIAELIS
2172 240 2429 304 GLYCB

3628 244 3706 309 96

450 364 835 421 intellectilem
864 363 1028 420 sibilo
1059 360 1299 434 quodam
1330 368 1388 415 et.
1422 356 1784 420 inescatione,
1815 355 2011 423 proba:-

2132 353 2367 426 Εὖδηλον
2398 352 2494 409 οῦν
2524 352 2778 411 ἐντεῦθεν
2799 355 2879 411 ὅτι
2912 354 3004 411 καὶ
3038 354 3066 411 6
3098 354 3290 427 νοητδς
3334 355 3458 425 ὄφις
3503 372 3703 427 συριγο

445 474 554 528 que
607 458 808 513 indolis
828 467 884 514 et
922 455 1053 513 boni
1081 452 1302 509 consilii
1357 450 1711 507 simulatione
1762 448 2022 502 mortales

445 550 688 614 afﬁcere,
734 565 942 620 proque
993 547 1261 602 arbitratu
1287 552 1344 598 et
1380 541 1611 597 libidine
1656 556 1753 595 sua
1779 555 1904 595 cum
1939 539 2021 594 eis

444 641 996 709 eonsuesccre,prius
1029 654 1195 710 opera
1221 639 1342 692 data
1373 644 1435 691 ut
1454 650 1654 705 aquam
1680 645 1737 689 et
1760 628 2018 704 spiritum

444 736 809 804 relinquant;
839 749 961 787 nam
1010 732 1168 786 aliter
1206 745 1393 786 semen
1425 744 1588 784 suum
1625 728 1680 782 in
1714 742 1810 782 eos
1838 736 2018 781 trans-

440 826 675 881 fundere
712 828 926 892 nequit,
966 824 1071 878 nisi
1108 821 1257 877 omni
1310 822 1443 874 tunc
1485 831 1635 874 mmo
1661 820 1730 876 ab
1770 818 1855 873 his
1883 819 2020 874 duo-

443 919 546 971 bus
598 916 745 984 ipsos
777 914 997 967 avellat.
1047 913 1189 977 Quid
1221 919 1406 964 autem
1440 909 1625 964 multis
1663 908 2041 980 verbisopulr

439 1008 571 1063 est?
619 1007 731 1062 Cur
763 1005 979 1077 singula
1014 1018 1452 1060 commemorare
1473 1001 1747 1069 velimus?
1782 1000 1925 1056 Sunt
1961 1001 2015 1056 in

439 1102 600 1169 aquis
642 1098 896 1167 reptilia,
928 1095 1078 1167 quod
1141 1096 1214 1150 ita
1271 1095 1531 1150 nimirum
1569 1095 2017 1165 progrediantur,

441 1208 544 1246 nec
588 1202 767 1247 tamen
800 1190 906 1245 sub
960 1205 1252 1245 numerum
1279 1188 1506 1249 cadunt,
1543 1203 1612 1243 ne
1645 1187 1853 1243 scilicet
1886 1202 2020 1259 pan:

441 1284 594 1339 latim
621 1283 913 1353 absumpta
940 1283 1260 1337 deﬁcerent.
1290 1280 1424 1335 Nam
1449 1278 1553 1335 nisi
1580 1296 1810 1343 numero
1839 1278 2016 1347 pisces

443 1377 642 1431 inﬁniti
690 1386 895 1438 essent,
933 1391 1042 1429 non
1085 1382 1331 1444 possent.
1356 1372 1425 1428 ad
1474 1388 1636 1428 usum
1693 1372 1807 1427 ullo
1851 1356 2027 1427 modo‘

442 1468 721 1527 sutfu-ere.
756 1481 878 1519 cum
915 1465 1124 1535 pariter
1157 1474 1212 1517 et
1235 1479 1265 1517 a
1290 1478 1348 1519 se
1381 1462 1615 1518 invicem
1650 1471 1709 1518 et
1734 1462 1803 1518 ab
1834 1461 2014 1517 homi-

442 1560 609 1614 nibus
655 1559 1034 1613 absumantur.
1071 1556 1285 1626 Quippe
1337 1556 1552 1612 tametsi
1592 1555 1802 1610 viribus
1853 1570 2017 1626 supe.

440 1651 616 1706 riores
641 1647 973 1705 devorandis
1001 1647 1456 1703 imbecillioribus
1483 1661 1604 1702 sese
1635 1648 1882 1716 pascant,
1903 1662 2012 1701 non

442 1751 624 1797 tamen
658 1741 884 1796 omnino
910 1749 1339 1802 consumuntur,
1358 1738 1580 1809 quando
1614 1740 1790 1810 majus
1822 1753 2012 1794 eorum

437 1844 524 1889 est
555 1835 953 1897 incrementum
980 1847 1143 1902 quam
1187 1840 1246 1885 ut
1294 1831 1505 1886 absumi
1533 1831 1766 1900 possint.

511 1922 577 1977 Et
605 1922 897 1977 considera
927 1921 1034 1976 boc
1069 1920 1204 1975 mibi
1252 1920 1375 1976 loco
1406 1921 1502 1976 Dei
1536 1936 1751 1997 vocem,
1790 1921 1874 1977 vel
1911 1936 2013 1993 po-

437 2012 551 2067 tius
584 2029 695 2067 non
745 2029 936 2069 vocem
978 2014 1096 2079 Dei,
1136 2014 1229 2069 sed
1267 2000 1615 2069 voluntatem
1660 2013 1857 2078 solam,
1892 2029 2016 2084 quae

438 2102 619 2157 omnis
647 2103 868 2171 generis
901 2104 1135 2173 piscium
1173 2104 1390 2171 Species
1418 2120 1486 2158 ex
1542 2103 1704 2173 aquis
1730 2103 2012 2175 produxit.

438 2191 578 2248 Nam
634 2194 740 2248 hoc
792 2194 973 2263 ipsum
1026 2194 1119 2259 Dei
1168 2195 1307 2250 velle
1345 2205 1600 2250 naturam
1654 2211 1810 2251 suam
1855 2195 2016 2267 aquis

442 2284 659 2346 tribuit,
686 2300 806 2355 quae
844 2286 963 2355 ipso
992 2302 1020 2339 a
1047 2286 1314 2356 principio
1342 2286 1562 2341 vitalem
1590 2288 1881 2358 quamdam
1904 2289 2013 2344 vim

439 2384 569 2429 sunt
599 2386 938 2430 consecutae.
983 2375 1205 2447 Absque
1235 2390 1346 2446 quo
1376 2375 1538 2441 foret,
1572 2392 1682 2432 non
1713 2378 1768 2433 in
1799 2379 1882 2434 eis
1918 2379 2014 2435 Dei

440 2467 673 2536 spiritus
702 2466 847 2522 latus
873 2467 1094 2533 fuisset,
1130 2484 1235 2538 qua
1272 2468 1578 2526 motatione
1609 2470 1720 2524 vim
1748 2471 1896 2526 illam
1928 2472 2014 2527 vi-

441 2559 605 2614 talem
636 2559 796 2630 aquis
824 2560 1746 2631 impertiebatur,quemadmodum
1776 2562 2015 2635 Chryso-

438 2662 652 2707 stomus
677 2652 949 2722 loquitur,
967 2661 1028 2706 ut
1057 2668 1166 2708 non
1195 2653 1369 2707 multo
1399 2663 1522 2723 post
1545 2668 1615 2709 ex
1641 2652 1723 2709 eis
1750 2652 2012 2709 animalia

436 2744 823 2813 provenirent.
880 2742 1073 2798 Tradit
1146 2744 1295 2798 enim
1370 2742 1797 2815 Chrysostomus
1858 2743 2012 2800 hisce

434 2834 622 2889 verbis
663 2833 886 2888 vitalem
922 2833 1218 2903 quamdam
1248 2833 1629 2891 emcacitatem
1691 2835 2010 2906 signiﬁcari.

434 2924 670 2980 Basilius
695 2934 879 2980 autem
916 2924 1083 2982 latius
1120 2925 1188 2981 de
1215 2925 1298 2980 eis
1330 2929 1386 2979 in
1411 2925 1531 2982 bzec
1555 2926 1725 2982 verba
1761 2926 2007 2982 disserit.

434 3017 564 3072 Sive
590 3017 659 3073 de
694 3018 843 3074 aeris
872 3016 1170 3073 diﬂ‘usione
1205 3017 1384 3074 Moses
1413 3018 1685 3089 loquitur.
1721 3020 2011 3090 intelligito
2036 3053 2081 3113 ο

433 3116 687 3164 nostrum
742 3109 892 3165 hunc
937 3110 1262 3180 scriptorem
1316 3110 1560 3165 historia
1600 3110 1791 3165 mundi
1824 3121 2010 3181 partes

434 3216 793 3263 enumerare.
820 3202 1134 3256 condidisse
1160 3200 1419 3257 videlicet
1448 3200 1622 3256 Deum
1645 3201 1868 3267 cmlum,
1899 3209 2008 3257 ter-

434 3306 815 3359 ram,aquam.
835 3305 985 3358 aera,
1006 3292 1101 3359 qui
1135 3292 1358 3361 quidem
1385 3293 1497 3363 jam
1533 3301 1648 3347 tum
1679 3292 2011 3348 diffundere-

438 3394 527 3434 tttt'
564 3393 729 3450 atque
781 3382 998 3438 ﬂueret.
1044 3382 1174 3438 Sive
1228 3383 1374 3453 quod
1419 3385 1603 3440 verius
1641 3392 1726 3440 est
1751 3394 1805 3438 et
1830 3385 1899 3441 ab
1939 3385 2008 3441 iis

432 3474 526 3541 qui
561 3485 688 3527 ante
726 3488 827 3527 nos
846 3473 1000 3528 fuere
1037 3473 1325 3540 traditum,
1348 3474 1415 3529 de
1443 3474 1649 3544 Spiritu
1681 3476 1778 3530 Dei
1813 3484 2008 3531 sancto

437 3565 553 3619 haec
586 3565 693 3618 dici
729 3574 940 3634 putato.
969 3564 1104 3619 Nam
1133 3565 1305 3619 sacris
1326 3566 1379 3620 in
1406 3566 1631 3622 Litteris
1661 3568 1848 3623 nullus
1868 3568 2009 3623 alius

436 3656 533 3710 Dei
572 3657 798 3725 spiritus
842 3656 1153 3725 appellatur
1188 3668 1345 3712 extra
1385 3657 1651 3726 Spiritum
1700 3659 1851 3713 illum
1881 3676 2009 3714 san-

451 3758 589 3812 tum,
615 3748 717 3817 qui
749 3747 988 3802 divinam
1029 3747 1355 3819 beatamque
1403 3748 1735 3805 Trinitatem
1771 3751 2004 3806 absolvit

431 3851 490 3894 et
521 3839 963 3910 cumplet.Quam
1006 3841 1335 3896 sententiam
1369 3840 1414 3897 si
1445 3842 1703 3913 amplecti
1735 3843 2002 3909 volueris.

440 3932 702 4002 majorem
746 3947 816 3986 ex
845 3948 908 3988 ea
949 3931 1187 3988 fructum
1220 3934 1513 4005 percipies.
1547 3936 1682 3990 Nam
1726 3934 2006 3991 ferebatur

436 4022 495 4076 in
523 4023 604 4077 eis
633 4023 863 4091 spiritus
906 4023 1019 4090 hic,
1060 4024 1139 4080 uti
1190 4024 1360 4097 Syrus
1384 4025 1631 4096 quidam,
1663 4025 2006 4082 admirabilis

433 4112 701 4168 doctrinae
741 4114 844 4181 vir,
875 4115 1062 4171 dicere
1106 4116 1338 4183 solebat,
1392 4116 1496 4174 hoc
1536 4126 1624 4172 est
1668 4116 1893 4173 fovebat
1940 4132 2005 4173 ac

434 4204 737 4258 fetificandi
769 4206 878 4258 vim
911 4207 1246 4277 largiebatur
1274 4224 1542 4279 aquarum
1568 4218 1802 4275 natura,
1833 4209 2007 4265 instar

431 4294 651 4364 galliam
684 4296 971 4366 cujusdam
1023 4300 1143 4354 ovis
1195 4300 1509 4356 incubantis
1558 4316 1624 4357 ac
1673 4302 1801 4358 fotis
1839 4301 1909 4357 ab
1944 4317 2004 4357 se

2123 448 2210 518 μῷ
2244 448 2336 501 καὶ
2377 447 2714 519 δελεᾶσματι
2763 449 2859 503 καὶ
2888 447 3181 519 ὑποκρίσει
3236 447 3402 516 ἧθσυς
3453 452 3699 519 χρηστοῦ

2120 541 2214 593 καὶ
2242 541 2554 610 συμϐουλῆς
2604 541 2816 612 ἀγαθῆς
2855 543 2980 605 τοὺς
3025 538 3348 609 ἀνθρώπους
3404 540 3701 611 ἐφέλκεται

2122 632 2219 683 καὶ
2240 632 2383 685 κατὰ
2418 632 2477 686 τὸ
2500 632 2761 704 βουλητδν
2800 632 2950 702 αὐτῷ
2979 631 3196 696 τούτοις
3227 632 3569 702 συγγίνεται,
3594 633 3698 687 τοῦ

2121 721 2317 787 ὕδατος
2350 726 2442 777 καὶ
2481 724 2794 795 πνεύματος
2828 725 3095 795 πρότερον
3160 724 3362 786 αὐτοὺς
3425 724 3694 789 ίξιστῶν·

2118 813 2179 865 οὐ
2209 813 2317 883 γὰρ
2357 814 2424 866 ἂν
2454 813 2627 877 ἄλλως
2680 812 3007 883 μεταδοῦναι
3070 812 3283 877 τούτοις
3347 813 3440 867 τοῦ
3485 813 3694 868 οἰκείου

2117 902 2342 957 δύναται
2373 903 2598 973 σπόρου,
2630 908 2677 957 si
2714 903 2789 975 μὴ
2827 905 3006 959 πάντα
3055 904 3238 959 κάλων
3272 905 3507 974 κινήσας
3549 905 3699 958 ἰκετ-

2120 994 2212 1049 θεν
2232 995 2429 1059 αὐτοὺς
2486 997 2850 1051 ἀποσπάσειε.
2915 998 3026 1052 Καὶ
3054 995 3107 1049 τί
3139 995 3246 1068 χρὴ
3281 994 3451 1049 πολλὰ
3508 995 3697 1065 λέγειν

2118 1086 2215 1155 καὶ
2246 1084 2582 1155 ἀπαριθμεῖν
2612 1087 2679 1140 τὰ
2708 1086 2833 1140 καθ’
2888 1087 3143 1153 ἕκαστον,
3199 1089 3323 1141 ἐπεὶ
3353 1088 3557 1159 ἑρπετὰ
3612 1080 3693 1143 ὧν

2116 1172 2217 1230 οῦκ
2243 1176 2391 1231 ἔστιν
2418 1177 2688 1247 ἀριθμός;
2736 1179 2846 1233 Καὶ
2878 1180 3086 1251 ἑρπετὰ
3131 1180 3253 1249 μὲν,
3283 1180 3368 1234 δτι
3396 1181 3556 1250 ἕρπει
3610 1180 3695 1251 τῷ

2118 1267 2400 1324 ῦδατιίτιαὶ
2455 1269 2602 1323 οὓτω
2659 1269 2759 1340 τὴν
2820 1267 3037 1324 ἑαυτῶν
3094 1271 3324 1341 πορείαν
3384 1270 3695 1336 ποιοῦνται,

2115 1360 2335 1432 ἀριθμῷ
2369 1360 2425 1413 δὲ
2494 1362 2591 1428 οὐχ
2652 1361 3054 1422 ὑποπίπτουσιν
3110 1363 3253 1419 ὥστε
3314 1350 3392 1433 μὴ
3441 1362 3696 1431 ἑκλεῐψαι

2115 1455 2260 1509 κατὰ
2284 1457 2482 1525 μικρὸν
2511 1458 2897 1528 δαπανώμενα.
2963 1457 3260 1512 Βόσκονται
3287 1457 3396 1529 γὰρ
3427 1459 3476 1512 oi
3531 1458 3695 1511 δυνα-

2115 1545 2342 1617 τὼτεροι
2373 1549 2499 1608 τοὺς
2531 1549 3020 1619 καταδεεστέρους,
3084 1550 3183 1602 καὶ
3231 1549 3331 1602 οὐκ
3361 1548 3651 1621 ὴνὰλωσαν
3672 1560 3689 1579 ³

2117 1640 2245 1711 νικᾷ
2275 1639 2383 1711 γὰρ
2416 1641 2518 1712 τὴν
2547 1640 2793 1712 δαπάνην
2819 1641 2852 1712 ἡ
2890 1641 3174 1712 πρόσοδος.

2199 1911 2342 1969 Ἀλλ’
2368 1915 2470 1989 ὅρα
2510 1913 2697 1987 φωνὴν
2723 1914 2885 1981 Θεοῦ,
2959 1907 3163 1986 μᾶλλον
3224 1904 3282 1969 δὶ
3330 1908 3453 1969 οὐδε
3503 1908 3692 1983 φωνιὶιν

2115 2007 2273 2077 Θεοῦ,
2308 2008 2447 2062 ἀλλά
2480 2008 2701 2078 θέλησιν
2731 2008 2909 2078 μόνον,
2937 2008 3059 2079 ἥτις
3093 2007 3161 2060 τὰ
3190 2006 3509 2060 παντοδαπά
3552 2006 3690 2075 γένη

2115 2100 2224 2153 τῶν
2265 2099 2465 2169 ξχθύων
2514 2101 2579 2153 ὲκ
2631 2099 2741 2153 τῶν
2792 2099 3003 2154 ὑδάτων
3058 2100 3403 2170 παρήγαγεν.
3455 2100 3523 2153 Ἦ
3576 2099 3691 2168 γὰρ

2117 2190 2340 2261 θέλησις
2362 2191 2505 2262 αῦτη
2557 2190 2724 2261 φύσις
2751 2192 2997 2261 ἐγεγόνει
3028 2194 3143 2254 τοῖς
3170 2190 3348 2245 ὕδασι.
3377 2190 3562 2243 Ταῦτα
3583 2190 3687 2259 μὲν

2114 2279 2185 2333 τὰ
2221 2278 2391 2333 ῦδατα
2416 2279 2510 2333 καὶ
2536 2278 2597 2345 ἐξ
2630 2280 2806 2350 ἀρχῆς
2832 2278 3009 2350 αὐτῆς
3041 2278 3283 2350 ζωτικὴν
3312 2279 3561 2349 ἐδέχοντο
3587 2279 3685 2333 δύο

2115 2388 2300 2441 ναμιν.
2334 2370 2398 2425 Εί
2428 2370 2503 2441 μὴ
2528 2371 2635 2441 γὰρ
2663 2369 2822 2423 τοῦτο
2853 2365 2944 2441 ἦν,
2976 2368 3083 2424 οὐκ
3111 2368 3179 2424 ἂν
3237 2370 3426 2431 αὐτοῖς
3468 2368 3688 2439 πνεῦμα

2115 2458 2251 2513 Θεοῦ
2280 2459 2605 2531 ἐπεφέρετο.
2663 2459 2969 2532 Φερόμενον
3000 2460 3057 2513 δι
3096 2459 3337 2529 ζωτικὴν
3363 2459 3534 2513 ἐδίδου
3568 2462 3687 2525 τοῖς

2114 2552 2272 2610 ὕδασι
2322 2554 2425 2626 τὴν
2480 2554 2734 2626 δύναμιν,
2784 2554 2862 2620 ὡς
2898 2556 2928 2610 6
2979 2554 3356 2626 χρυσόστομος
3429 2553 3685 2623 Ἰωάννης

2112 2645 2273 2719 φησι,
2322 2646 2419 2702 καὶ
2445 2647 2527 2702 ὅτι
2554 2645 2696 2718 μετὰ
2731 2646 2928 2719 μικρὸν
2949 2645 3065 2712 ζῶα
3108 2644 3169 2712 ιε
3197 2646 3377 2701 αὐτῶν
3407 2646 3685 2717 παραχθῆ-

2114 2756 2321 2794 σονται.
2356 2740 2464 2794 Καὶ
2494 2740 2523 2793 ό
2548 2739 2650 2811 μὲν
2683 2740 3113 2811 χρυσορῥήμων,
3152 2738 3400 2808 καθάπερ
3444 2741 3680 2810 εἴρηται,

2114 2830 2355 2900 ζωτικὴν
2412 2831 2662 2886 ἐντεῦθεν
2701 2833 2987 2902 ινέργειαν
3035 2830 3543 2901 κατασημαίνεσθαι
3590 2829 3682 2883 λὲο

2111 2940 2239 2993 γει·
2274 2927 2303 2977 ὀ
2331 2922 2389 2977 δὲ
2425 2924 2600 2994 μέγας
2635 2923 2915 2987 Βασίλειες
2958 2925 3052 2976 καὶ
3084 2922 3420 2993 πλατύτερον
3448 2920 3518 2975 τὰ
3553 2922 3684 2992 περὶ

2112 3015 2320 3069 τούτων
2345 3015 2593 3081 διέξεισι,
2631 3020 2724 3069 καὶ
2756 3016 2899 3069 οὕτω
2932 3016 3118 3086 φησίν.
3155 3031 3177 3068 ε
3215 3015 3341 3069 Εῐτε
3398 3013 3557 3068 τοῦτο
3588 3013 3681 3067 λέ-

2113 3124 2202 3176 γει
2251 3106 2317 3161 τδ
2354 3107 2575 3178 πνεῦμα
2635 3106 2735 3177 τὴν
2793 3106 2888 3161 τοῦ
2939 3107 3101 3179 ἀέρος
3153 3105 3333 3178 χύσιν,
3382 3106 3531 3174 δέξαι
3588 3107 3681 3162 τὸν

2115 3198 2444 3268 συγγραφία
2474 3201 2543 3254 τὰ
2582 3200 2721 3271 μέρη
2753 3200 2848 3254 τοῦ
2869 3200 3080 3271 κόσμου
3098 3198 3546 3270 καταριθμοῦντά
3570 3216 3677 3265 σοι,

2111 3291 2196 3345 ὅτι
2227 3293 2486 3364 ἐποίησεν
2511 3294 2541 3346 6
2587 3293 2721 3358 Θεὸς
2745 3294 3001 3364 οὐρανὸν,
3035 3294 3159 3363 γῆν,
3192 3292 3360 3364 ὕδωρ.
3390 3280 3552 3362 ἀέρα,
3586 3294 3683 3345 καὶ

2113 3385 2307 3439 τοῦτον
2340 3386 2605 3457 χεόμενον
2634 3387 2735 3458 ἤδη
2754 3390 2850 3442 καὶ⁵
2890 3388 3102 3458 ῥέοντα.
3153 3388 3301 3452 Et“,
3332 3385 3362 3440 δ
3390 3388 3486 3442 καὶ
3543 3384 3682 3455 μᾶλα

2111 3477 2202 3531 λον
2222 3477 2588 3550 ἀληθέστερόν
2609 3480 2728 3532 εστι
2757 3479 2991 3544 καὶτοῖς
3043 3482 3151 3551 πρὸ
3184 3481 3345 3553 ἡμῶν
3400 3481 3678 3550 ὲκκριθδν,

2110 3570 2332 3641 πνεῦμα
2391 3569 2530 3624 Θεοῦ
2587 3572 2650 3625 τὸ
2695 3573 2850 3643 ἅγιον
2903 3572 3145 3643 είρηται,
3203 3572 3346 3643 (οὐδὲ
3393 3571 3503 3643 γὰρ
3549 3570 3717 3625 ἄλλα

2109 3664 2262 3733 παρὰ
2293 3666 2360 3733 τῇ
2388 3664 2577 3735 Γραφῇ
2606 3662 2832 3733 Πνεῦμα
2849 3664 2985 3719 Θεοῦ
3015 3662 3344 3732 ὀνομάζεται
3372 3663 3403 3734 ἢ
3429 3664 3490 3717 τὸ
3523 3662 3680 3730 amo»

2107 3757 2170 3810 τὸ
2195 3756 2298 3827 τῆς
2351 3757 2503 3821 θείας
2548 3756 2642 3811 καὶ
2703 3756 2981 3827 μακαρίας
3010 3755 3243 3827 Τριὰδος
3285 3754 3679 3826 συμπληρωτι-

2070 3866 2077 3873 ·
2109 3845 2250 3913 κον)⁹
2280 3847 2377 3899 καὶ
2401 3845 2607 3915 ταύτην
2640 3844 3083 3916 προσδεξάμενος
3142 3844 3245 3916 τὴν
3280 3845 3519 3899 διάνοιαν
3553 3842 3672 3912 μείο

2109 3938 2238 4000 ζονα
2261 3936 2360 4007 τὴν
2384 3936 2481 3990 ἀπ’
2513 3937 2681 4007 αὐτῆς
2713 3937 2983 4003 ὠφέλειαν
3017 3937 3295 4007 εὑρήσεις.
3342 3936 3674 4005 Ἐπειρίρετο

2108 4028 2216 4100 γὰρ
2262 4028 2322 4082 τδ
2351 4028 2592 4099 πνεῦμα,
2624 4029 2877 4099 καθάπερ
2918 4028 3089 4098 Σύρος
3117 4044 3203 4092 τις
3249 4029 3429 4098 ἔλεγε,
3461 4029 3677 4096 θαυμαο

2109 4127 2234 4188 στος
2308 4124 2469 4196 ἀνὴρ,
2524 4126 2647 4179 ἀντὶ
2719 4123 2839 4187 τοῦ,
2892 4124 3172 4178 ὲπέθαλπε
3246 4126 3342 4179 καὶ
3388 4123 3677 4191 ἑζωογόνει

2104 4216 2207 4287 τὴν
2279 4215 2388 4270 τῶν
2447 4215 2657 4270 ὑδάτων
2724 4216 2889 4285 φύσιν
2957 4221 3101 4270 κατὰ
3160 4215 3261 4285 τὴν
3317 4216 3505 4270 είκόνα
3574 4217 3675 4284 τῆς

2107 4306 2469 4379 επωαζούσης
2533 4309 2744 4380 ὄρνιθος
2812 4309 2906 4362 καὶ
2976 4306 3216 4377 ζωτικὴν
3270 4322 3390 4360 τινα
3444 4306 3675 4373 δύναμιν

436 4390 544 4440 vim
598 4389 901 4457 quamdam
947 4390 1166 4445 vitalem
1197 4390 1462 4448 indentis.
1495 4392 1614 4460 Quo
1662 4394 1785 4463 ipso
1832 4393 2000 4448 etiam

2110 4397 2354 4468 ὲνιούσης
2398 4401 2512 4461 τοῖς
2576 4397 3065 4465 ὐποθαλπομένοις,
3122 4396 3201 4459 ὡς
3266 4395 3516 4450 ἐντεῦθεν
3573 4413 3676 4450 σα-

438 4480 733 4546 perspieue
774 4487 1244 4533 commonstratur
1287 4478 1550 4549 Spiritum
1588 4489 1838 4535 sanctum
1869 4496 1939 4536 ne
1968 4495 1999 4536 a

432 4583 614 4623 rerum
647 4570 872 4640 quidem
909 4570 1321 4626 condendarum
1344 4569 1615 4651 facultate,
1633 4571 1881 4626 destitui.

394 4776 398 4781 ι
503 4745 564 4799 Ει
618 4755 831 4803 tantum
880 4746 1104 4817 quidem
1149 4747 1220 4804 de
1275 4746 1542 4818 piscibus.
1591 4744 1749 4803 Nunc
1812 4762 2000 4804 rerum

432 4838 540 4909 ιο
582 4839 722 4893 ordo
766 4839 948 4911 poscit
1000 4849 1063 4896 ut
1121 4824 1191 4895 de
1245 4839 1560 4896 volucribus
1596 4838 1764 4895 etiam
1824 4855 1999 4911 pauca

430 4945 952 4995 commemoremus,
973 4947 1096 5002 qua:
1123 4942 1180 4988 et
1202 4932 1320 5003 ipse
1344 4922 1503 4987 suum
1535 4940 1715 4987 ortum
1747 4948 1814 4988 ex
1842 4934 2001 5004 aquis

431 5021 763 5075 habuerunt.
820 5021 1189 5089 Quamobrem
1258 5032 1314 5079 et
1383 5024 1709 5095 cognatione
1763 5026 2000 5097 quadam

431 5112 741 5165 natatilium
773 5122 1054 5170 tenentur.
1087 5115 1301 5186 Quippe
1328 5116 1792 5186 quemadmodum
1821 5118 2002 5189 pisces

431 5204 484 5258 in
516 5204 673 5274 aquis
698 5205 961 5278 degentes
982 5223 1286 5278 pennarum
1311 5208 1608 5280 agitatione
1641 5212 2004 5281 progredium

431 5305 541 5358 tur.
592 5304 648 5350 et
693 5296 930 5353 diversis
973 5290 1181 5354 caudae
1211 5300 1455 5356 motibus
1501 5310 1615 5355 tum
1676 5302 2001 5358 inflexiones

432 5398 546 5442 tum
594 5386 834 5445 directos
879 5405 1077 5445 cursus
1126 5391 1506 5456 moderantur,
1536 5393 1615 5448 sic
1663 5402 1717 5447 et
1747 5396 1999 5451 volucres

432 5478 621 5534 videre
654 5491 739 5535 est
780 5480 1060 5537 consimili
1094 5481 1331 5553 quodam
1363 5482 1527 5537 modo
1557 5484 1681 5539 suis
1716 5485 1819 5540 alis
1868 5501 1999 5542 acra

433 5572 738 5637 pervolare.
795 5573 862 5628 Et
906 5574 1149 5645 gaudent
1205 5572 1367 5643 aquis
1414 5573 1666 5629 volucres
1706 5588 1997 5648 propterea

432 5660 578 5727 quod
609 5678 676 5719 ex
715 5664 874 5736 aquis
908 5674 1043 5723 ortae
1070 5665 1201 5721 sint.
1240 5665 1353 5721 Hoc
1386 5666 1504 5721 solo
1533 5665 1791 5723 differunt
1827 5687 1855 5721 a
1889 5673 1997 5742 pis-

3340 4488 3670 4557 δημιουργι-

2102 4578 2225 4655 κῆς.
2278 4579 2562 4651 ἐνεργείας
2622 4581 2683 4633 τὸ
2742 4580 2967 4650 Πνεῦμα
3038 4582 3100 4635 τὸ
3154 4581 3314 4649 ἅγιον
3373 4582 3675 4635 ἀπολείπε-

2099 4682 2212 4721 ται.
2268 4686 2288 4720 ι

2175 4761 2285 4814 Καὶ
2318 4760 2556 4816 τοσαῦτα
2619 4762 2721 4833 μὶν
2752 4762 2882 4830 περὶ
2917 4763 3026 4816 τῶν
3080 4761 3301 4835 ίχθὺων.
3346 4766 3667 4824 ’Δκόλουθον

2102 4850 2149 4907 δ’
2177 4849 2245 4905 ἂν
2279 4853 2363 4922 είη
2398 4852 2492 4905 καὶ
2527 4856 2657 4924 περὶ
2697 4854 2807 4907 τῶν
2860 4854 3125 4911 πετεινῶν
3160 4854 3322 4926 ὀλίγα
3351 4858 3668 4929 διεξελθεῖν,

2100 4944 2188 4998 ὅτι
2223 4946 2318 4998 καὶ
2341 4944 2512 4999 ταῦτα
2535 4946 2595 5013 ἐξ
2646 4944 2857 5001 ὑδάτων
2900 4947 3002 5019 τὴν
3035 4948 3249 5017 γένεσιν
3287 4949 3514 5020 ἔσχηκε.
3564 4953 3667 5005 Διὰ

2102 5035 2211 5105 γὰρ
2238 5033 2396 5087 τοῦτο
2418 5036 2513 5088 καὶ
2541 5035 2837 5104 συγγενειά
2868 5053 2954 5101 τις
3000 5037 3263 5108 πρόσεστι
3291 5041 3502 5103 τούτοις
3527 5042 3667 5113 πρὸς

2100 5127 2171 5179 τὰ
2197 5127 2395 5194 νηκτά.
2424 5128 2534 5181 Καὶ
2557 5129 2666 5198 γὰρ
2699 5127 2894 5200 ὥσπερ
2939 5129 2992 5182 oi
3040 5127 3222 5199 ίχθύες
3273 5130 3335 5184 τὸ
3392 5131 3538 5203 ὕδωρ
3579 5134 3672 5189 τέ-

2105 5230 2323 5284 μνουσι,
2352 5216 2419 5284 τῇ
2453 5213 2556 5283 μὲν
2577 5215 2796 5285 κινήσει
2828 5215 2937 5270 τῶν
2962 5216 3252 5285 Μύγων
3282 5218 3363 5280 είς
3383 5217 3447 5270 τδ
3481 5220 3671 5289 πρόσω

2102 5306 2431 5378 χωροῦντες,
2466 5309 2532 5377 τῇ
2558 5307 2614 5360 δὲ
2646 5307 2740 5361 τοῦ
2766 5308 2991 5379 οὐραίου
3026 5309 3300 5382 μεταϐολῇ
3333 5311 3432 5374 τάς
3459 5328 3520 5365 τε
3566 5328 3671 5364 πε-

2105 5400 2404 5470 ριστροφὰς
2436 5400 2531 5453 καὶ⁵
2559 5399 2659 5463 τὰς
2684 5400 2900 5465 εὐθείας
2931 5401 3109 5473 ὁρμὰς
3137 5402 3354 5467 ιαυτοῖς
3390 5403 3669 5467 οίακίζον-

2102 5507 2213 5553 τες,
2244 5490 2389 5543 οὓτω
2417 5489 2511 5545 καὶ
2533 5490 2629 5545 ἐπὶ
2673 5492 2781 5545 τῶν
2809 5494 3030 5562 πτηνῶν
3063 5493 3210 5547 ἐστιν
3239 5494 3371 5549 ίδείν
3417 5494 3672 5565 διανηχο-

2106 5584 2283 5651 μένων
2315 5582 2407 5635 τὸν
2424 5583 2559 5653 ἀέρα
2584 5585 2693 5647 τοῖς
2722 5586 2940 5655 πτεροῖς
2960 5588 3100 5641 κατὰ
3115 5587 3207 5640 τὸν
3230 5586 3419 5657 ὅμοιον
3442 5588 3669 5656 τρόπον.

2103 5676 2229 5728 Ὀτι
2259 5675 2314 5728 δὲ
2346 5676 2403 5744 ἐξ
2434 5677 2641 5731 ὑδάτων
2706 5681 2817 5741 τοῖς
2878 5682 3148 5745 πετεινοῖς
3208 5681 3241 5753 ἡ
3302 5681 3543 5751 γέν;σις,
3579 5679 3668 5735 διὰ

2104 4488 2222 4558 φῶς
2302 4489 2723 4542 ἀποδείκνυσθαι
2808 4490 2893 4542 ὅτι
2966 4488 3089 4542 οὐδὲ
3157 4488 3258 4558 τῆς
