4052 6200
312 251 369 312 9'7
1542 241 1848 302 ANNALII

1985 241 2178 302 PARS
2212 240 2263 304 Ι.
3136 288 3141 293 ι
3444 251 3514 313 93

309 362 445 418 τοῦτο
474 358 562 415 καὶ
592 357 767 413 ταῦτα
801 356 974 412 πάντα
1011 357 1125 423 τοῖς
1161 357 1317 413 ὕδασι
1366 358 1658 430 χαίρουσιο
1698 358 1839 427 πλήν

1954 356 2316 429 scibus,'quod
2346 359 2492 414 nulla
2523 359 2756 430 pedibus
2784 370 2986 439 careat,
3021 364 3239 434 quando
3269 365 3337 421 de
3371 377 3514 423 terra

311 476 364 528 γε
387 458 461 510 ὅτι
488 453 637 506 οὐδὲν
670 452 780 504 τῶν
809 452 1030 521 πτηνῶν
1073 452 1246 505 ἄπουν
1296 452 1386 505 διὰ
1444 452 1506 505 τὸ
1549 452 1685 505 πᾶσι
1742 450 1840 518 τὴν

305 549 490 601 δίαιταν
512 545 620 600 ἀπὸ
651 544 753 614 τῆς
806 544 908 613 γῆς
965 543 1257 614 ὑπάρχειν.
1308 543 1419 596 Καὶ
1451 542 1630 595 πάντα
1672 542 1843 607 ἀναγ-

308 639 479 703 καίως*
516 639 625 701 τοῖς
666 637 765 706 μὲν
808 640 916 705 γὰρ
948 635 1313 706 άρπακτικοῑς
1342 634 1479 704 πρὸς
1516 634 1614 703 τὴν
1665 633 1841 701 άγραν

306 731 354 785 αἱ
375 729 468 781 τῶν
490 726 698 796 ὀνύχων
713 725 913 795 ἀκμαὶ,
942 728 1057 788 τοῖς
1109 725 1167 780 δὲ
1215 725 1423 788 λοιποῖς
1476 722 1841 800 [ἀναγκαίως]

307 821 421 891 πρὸς
445 821 537 888 τὴν
569 817 662 870 τοῦ
696 817 810 887 βίου
842 817 1185 887 διεξαγωγὴν
1221 819 1255 888 ή
1317 818 1425 870 τῶν
1473 817 1651 870 ποδῶν
1704 818 1845 885 ὑπη-

309 910 440 982 ρεσία
465 910 787 979 δεδώρηται.
821 908 1022 975 Ὀλίγοι
1049 907 1106 962 δὲ
1138 909 1247 961 τῶν
1276 907 1508 978 ὀρνίθων
1542 908 1845 971 κακόποδές

308 1006 441 1069 εἰσιν,
470 1001 590 1055 οὔτε
624 1002 871 1073 βαδίζειν
906 991 1034 1054 οὔτε
1066 1003 1322 1074 ἀγρεύειν
1364 1002 1477 1063 τοῖς
1510 1003 1667 1053 ποσὶν
1722 1002 1844 1053 ἑπι-

307 1098 495 1169 τήδειοι,
519 1097 596 1159 ὡς
624 1096 685 1150 αί
713 1096 984 1165 χελιδόνες
1030 1096 1127 1147 καὶ
1156 1098 1214 1148 al
1247 1094 1571 1164 δρεπανίδες
1616 1094 1845 1162 λεγόμε.

305 1204 391 1253 ναι,
421 1174 548 1257 οἷςή
583 1187 763 1257 τροφὴ
790 1186 901 1241 άπὸ
942 1186 1051 1241 τῶν
1096 1188 1154 1240 έν
1187 1186 1263 1257 τῷ
1291 1185 1418 1255 ἀέρι
1450 1185 1845 1255 ἐμφερομένων

305 1277 647 1345 ἐπινενόηται.

365 1368 591 1437 Πρόσεχε
630 1367 838 1422 λοιπόν.
874 1366 1043 1435 Ἀλλη
1094 1366 1190 1419 καὶ
1232 1367 1338 1438 γὰρ
1378 1364 1693 1437 κατασκευὴ
1727 1369 1846 1431 τοῖς

303 1457 668 1527 σπερμολόγοις
693 1458 906 1527 δρνεσι,
962 1458 1056 1511 καὶ
1118 1457 1254 1524 ἄλλη
1294 1462 1405 1521 τοῖς
1450 1460 1844 1529 σαρκοϐόροις,

300 1548 365 1615 τῷ
412 1548 592 1618 τρόπῳ
638 1549 736 1617 τῆς
795 1549 1005 1618 διαίτης
1057 1549 1238 1602 αὐτῶν
1284 1551 1593 1621 πρέπουσα,
1643 1551 1848 1621 ὀνύχων

298 1638 451 1704 ἀκμαὶ
491 1639 590 1690 καὶ
641 1638 821 1708 χεῖλος
880 1638 1117 1706 ἀγκύλον
1171 1640 1269 1692 καὶ⁵
1317 1640 1516 1709 πτερὸν
1551 1639 1672 1705 ὀξὺ,
1705 1640 1846 1692 ὥστε

300 1729 381 1780 καὶ
416 1705 788 1798 συ).ληφθῆναι
817 1730 1015 1800 ῥᾳδίως
1044 1730 1102 1782 τὸ
1138 1730 1385 1801 θήραμα.
1417 1705 1519 1784 Ᾰιά
1545 1731 1656 1801 γὰρ
1690 1729 1849 1785 τοῦτο
1880 1705 1921 1759 Β

295 1824 375 1876 καὶ
404 1822 753 1892 σκληρότεροι
796 1821 906 1875 τῶν
937 1821 1092 1885 ζώων
1132 1824 1179 1876 oi
1220 1822 1408 1893 ὄνυχες
1438 1823 1470 1892 ἢ
1502 1824 1595 1876 τοῦ
1643 1822 1852 1893 ἀνθρώ-

296 1930 425 1967 που*
483 1913 907 1984 μαλθακώτεροι
979 1915 1075 1967 καὶ
1144 1916 1251 1984 γὰρ
1304 1909 1451 1967 οὗτοι
1513 1915 1591 1984 τῷ
1643 1914 1852 1985 ἀνθρώ-

296 2024 369 2076 πῳ
407 2006 958 2076 κατεσκευάσθησαν,
991 2006 1072 2061 ὅτι
1100 2023 1161 2059 τε
1202 2007 1296 2060 καὶ
1347 2007 1404 2059 τὸ
1449 2006 1625 2076 δέρμα
1661 2005 1850 2059 τούτου

298 2098 721 2170 μαλθακώτερον,
769 2099 863 2166 ἀφ’
912 2094 975 2152 οὗ
1028 2100 1123 2153 καὶ
1174 2102 1223 2152 oi
1275 2098 1464 2169 ὄνυχες
1501 2100 1599 2168 τὴν
1636 2098 1849 2166 γένεσιν

294 2190 472 2258 ἔχουσι,
517 2191 619 2244 κα)⁵
659 2190 741 2242 ὅτι
774 2191 911 2259 πρὸς
943 2192 1044 2260 τὴν
1089 2192 1282 2262 χρῆσιν
1311 2192 1528 2262 ἑκάστῳ
1555 2190 1661 2244 τῶν
1693 2190 1849 2255 ζώων

294 2281 322 2349 ἦ
356 2298 407 2334 τε
453 2280 763 2351 σκληρότης
800 2283 909 2335 τῶν
942 2282 1150 2351 όνύχων
1199 2284 1293 2336 καὶ⁸
1326 2284 1360 2352 ἡ
1396 2282 1743 2353 μαλθακότης
1766 2281 1849 2334 δε-

290 2370 541 2442 δώρηται.
580 2373 747 2426 Ἀλλά
792 2375 887 2428 καὶ
932 2373 1041 2425 τῶν
1072 2373 1310 2443 ’πτηνῶν
1357 2375 1427 2427 τά
1486 2374 1584 2444 μὲν
1639 2374 1849 2443 ἄναρχά

294 2465 385 2515 εἱσι
415 2465 504 2517 καὶ
528 2459 644 2518 οἷον
674 2464 966 2533 αὐτόνομα,
999 2466 1064 2519 τὰ
1101 2466 1158 2517 δὲ
1206 2466 1295 2533 ὑφ’
1325 2466 1558 2535 ἡγεμόνι
1590 2463 1848 2533 τετάχθαι

290 2555 703 2631 καταδεχόμενα,
734 2557 808 2618 ὡς
845 2556 896 2608 oi
931 2556 1173 2626 γέρανοιέ
1198 2554 1354 2609 Ἀλλά
1382 2556 1475 2608 καὶ
1505 2555 1562 2608 αἱ
1597 2555 1848 2625 μέλισσαι

291 2644 380 2697 ὑπὸ
413 2644 628 2715 βασιλεῖ
676 2649 771 2700 καὶ
808 2649 1090 2718 ταξιάρχῳ
1146 2650 1254 2701 τινὶ
1292 2647 1401 2701 τῶν
1435 2646 1614 2716 ἔργων
1647 2647 1850 2701 ἆπτον-

289 2749 384 2799 ται,
419 2734 479 2787 οὗ
514 2736 786 2806 πρότερον
824 2736 917 2787 ἐπὶ
954 2738 1078 2799 τοὺς
1110 2733 1384 2805 λειμῶνας
1422 2734 1595 2786 ἐλθεῖν
1626 2732 1851 2785 καταδε-

288 2823 521 2894 χόμεναι,
592 2826 723 2892 πρὶν
782 2826 849 2879 ἂν
884 2825 1035 2878 ἴδωσι
1094 2824 1447 2895 τὸνβασιλέα
1503 2822 1851 2893 κατάρξαντα

289 2916 375 2984 τῆς
411 2919 688 2987 πτήσεως.
725 2917 799 2970 Οὐ
840 2917 1218 2987 χειροτονητὸς
1282 2916 1338 2970 δὲ
1392 2911 1545 2981 οὗτος
1571 2955 1587 2982 ,
1639 2916 1757 2970 ἀλλ’
1786 2916 1850 2968 ὲκ

290 3005 491 3070 φύσεως
533 3008 676 3075 ἔχων
718 3008 777 3060 τὸ
821 3010 963 3061 κατὰ
1012 3007 1229 3062 πάντων
1275 3011 1565 3077 πρωτεῖον,
1621 3010 1715 3062 καὶ⁸
1751 3025 1848 3077 μεο

290 3096 422 3163 γέθει
468 3098 745 3168 διαφέρων
802 3099 894 3152 καὶ
954 3101 1195 3170 σχήματι
1251 3101 1346 3156 καὶ
1402 3102 1468 3170 τῇ
1524 3099 1618 3153 τοῦ
1676 3099 1841 3171 ἤθους

287 3189 563 3257 πραότητι.
604 3190 763 3243 Ἔστι
803 3190 904 3260 μὲν
952 3190 1059 3260 γὰρ
1098 3190 1323 3260 κέντρον
1353 3191 1431 3260 τῷ
1462 3190 1691 3260 βασιλεῖ,
1730 3192 1843 3247 ἀλλ’

287 3280 338 3331 οὐ
363 3282 562 3351 χρῆται
594 3281 770 3351 τούτῳ
829 3282 967 3353 πρὸς
1016 3280 1253 3352 ἄμυναν.
1300 3284 1478 3353 Νόμοι
1516 3284 1659 3347 τινές
1707 3286 1844 3338 εἰσιν

287 3363 418 3425 οὗτοι
446 3374 552 3442 τῆς
578 3372 796 3442 φύσεως
841 3376 1116 3444 ἄγραφοι,
1169 3375 1373 3444 ἀργοὺς
1421 3369 1561 3428 εἶναι
1604 3374 1737 3443 πρὸς
1762 3393 1845 3428 τις·

290 3465 484 3532 μωρίαν
509 3466 640 3527 τοὺς
657 3464 764 3533 τῶν
790 3465 1064 3534 μεγίστων
1086 3464 1413 3518 δυναστειῶν
1440 3463 1843 3526 ἐπιϐαίνοντας.

288 3551 430 3606 οὕτω
460 3555 565 3621 μὲν
609 3557 667 3608 αἱ
706 3555 784 3624 τῷ
808 3554 904 3608 τοῦ
928 3554 1187 3625 βασιλέως
1222 3554 1581 3623 ὑποδείγματι
1608 3554 1684 3623 μὴ
1715 3554 1847 3607 ἀκο-

287 3642 569 3700 λουθοῦσι-αι
601 3648 670 3714 τῇ
701 3645 795 3698 τοῦ
827 3648 1058 3717 κέντρου
1094 3646 1278 3715 πληγῇ
1320 3644 1844 3712 ἐναποθνήσκουσιν,

284 3734 398 3800 ἄξια
426 3737 525 3807 τῆς
558 3737 774 3789 ἑαυτῶν
797 3738 1077 3806 ὠμότητος
1105 3738 1459 3806 εὑρίσκουσαι
1481 3734 1548 3789 τὰ
1570 3736 1845 3805 ἐπίχειρα.

357 3828 515 3882 Ἀλλά
576 3830 673 3881 καὶ
702 3826 857 3881 τοῦτο
888 3828 1192 3898 θαυμάζειν
1222 3827 1391 3895 ἄξιον,
1430 3828 1545 3890 πῶς
1576 3826 1631 3880 αἱ
1679 3827 1845 3897 γέραο

283 3934 355 3969 νοι
377 3920 474 3982 τὰς
500 3922 562 3973 ὲν
606 3923 675 3989 τῇ
701 3920 855 3972 νυκτὶ
884 3920 1240 3991 προφυλακὰς
1275 3921 1337 3972 ὲκ
1370 3918 1673 3990 περιτομῆς
1703 3919 1847 3969 ὑπο-

281 4004 545 4074 δέχονται,
580 4009 676 4059 καὶ
707 4008 762 4059 αἱ
804 4006 902 4076 μὲν
929 4008 1309 4072 καθεύδουσιν,
1342 4009 1397 4060 αἱ
1442 4007 1499 4061 δὲ
1536 4005 1720 4075 κύκλῳ
1754 4021 1849 4056 πε-

284 4098 510 4166 ριιοῦσαι
547 4101 741 4152 πᾶσαν
771 4099 963 4162 αὐταῖς
1000 4100 1057 4153 ὲν
1089 4099 1164 4169 τῷ
1196 4099 1365 4170 ὕπνῳ
1413 4100 1714 4170 παρέχουσι
1748 4098 1846 4167 τὴν

283 4191 608 4257 ἀσφάλειαν.
655 4187 789 4244 Εἶτα
837 4191 932 4243 τοῦ
965 4191 1164 4263 καιροῦ
1198 4193 1297 4261 τῆς
1327 4192 1578 4260 φυλακῆς
1606 4192 1847 4259 πληρου-

281 4280 465 4346 μένου,
499 4284 535 4352 η
573 4282 676 4351 μὲν
705 4282 951 4352 βοήσασα
982 4284 1118 4351 πρὸς
1142 4282 1308 4336 ὕπνον
1336 4284 1571 4353 ἐτράπη.
1601 4283 1633 4352 ἡ
1664 4282 1720 4335 δὲ
1750 4282 1847 4349 τὴν

1948 448 2155 502 victum
2194 457 2385 517 petere
2422 461 2715 520 coguntur,
2746 461 2802 508 et
2850 468 3044 509 omnes
3075 452 3386 513 necessario
3413 476 3512 530 pe-

1945 538 2077 593 dum
2110 539 2471 596 adminiculis
2517 543 2788 614 indigent.
2838 544 2970 598 Nam
3005 548 3295 616 rapacibus
3327 550 3393 605 ad
3427 566 3517 606 ca-

1944 629 2201 698 piendam
2226 629 2468 698 praedam
2503 647 2713 702 ungues
2745 635 3144 690 accommodati
3171 648 3322 702 sunt,
3355 650 3519 695 etate-

1947 717 2022 771 ris
2049 718 2115 771 ad
2151 718 2543 774 sustinendam
2594 724 2889 793 caeteroqui
2924 727 3086 780 vitam
3124 728 3325 797 pedum
3382 747 3516 786 usus

1944 819 2029 864 est
2056 825 2377 866 concessus.
2415 812 2711 883 Perpaucis
2756 816 2927 885 pedes
2974 819 3113 874 male
3164 831 3294 876 sunt
3331 824 3515 879 all‘ecli

1936 910 2110 987 latque
2143 903 2383 970 debiles,
2444 905 2518 959 ita
2555 914 2614 958 ut
2660 922 2763 962 nec
2835 907 3097 966 incedere
3164 929 3266 968 nec
3328 918 3515 970 venari

1947 992 2248 1062 quidquam
2298 994 2533 1064 pedibus
2580 1000 2813 1064 possint,
2868 999 2923 1053 in
2986 1016 3096 1070 quo
3146 1018 3345 1072 genere
3389 1017 3519 1060 sunt

1947 1084 2275 1140 hirundines
2312 1095 2369 1139 ct
2415 1102 2537 1155 qua:
2566 1088 2782 1141 {niculae
2829 1091 2947 1144 sive
2980 1091 3198 1160 ripariaa
3232 1095 3516 1160 dicuntur,

1946 1192 2067 1245 qua:
2130 1192 2230 1245 pro
2288 1177 2548 1232 alimento
2605 1188 2903 1235 vescuntur
2966 1181 3191 1237 insectis
3242 1201 3340 1252 per
3386 1202 3517 1243 aera

1945 1268 2279 1345 volantib'us.

2015 1361 2400 1415 Animadverte
2469 1376 2636 1431 porro
2680 1373 3012 1420 structuram
3082 1366 3245 1421 aliam
3297 1366 3517 1423 illarum

1948 1454 2128 1507 avium
2168 1468 2313 1516 esse,
2343 1468 2466 1521 qua:
2499 1455 2710 1509 semina
2742 1456 2950 1525 legunt,
3007 1458 3170 1512 aliam
3202 1463 3521 1516 earnivora-

1950 1559 2093 1608 rum,
2122 1544 2292 1599 victui
2324 1544 2536 1599 scilicet
2567 1558 2756 1600 earum
2779 1551 3273 1606 accommodatam.
3305 1552 3521 1609 Habent

1948 1635 2095 1689 enim
2130 1645 2424 1705 peracutos
2455 1652 2683 1707 ungues,
2714 1650 2951 1693 rostrum
2971 1640 3270 1707 aduncum,
3306 1645 3520 1700 celeres

1952 1724 2085 1790 alas,
2115 1736 2171 1779 ut
2201 1727 2436 1795 praedam
2490 1730 2769 1798 corripere
2827 1731 3081 1785 celeriter
3122 1734 3353 1801 possint.
3399 1735 3517 1802 Qua

1953 1817 2173 1886 quidem
2204 1818 2319 1887 ipsa
2346 1819 2414 1872 de
2441 1834 2608 1873 causa
2639 1819 2892 1876 duriores
2949 1822 3282 1879 animalibus
3313 1840 3520 1896 ungues

1953 1919 2085 1963 sunt
2114 1925 2276 1979 quam
2302 1911 2534 1971 homini.
2582 1912 2669 1965 cui
2715 1924 2841 1966 sunt
2872 1915 3094 1969 omnino
3128 1916 3426 1973 molliores.
3454 1917 3522 1971 Et

1953 2009 2165 2056 constat
2191 2010 2341 2055 certe
2365 2010 2546 2056 cutem
2579 2002 2823 2071 ejusdem
2845 2004 3205 2059 consimiliter
3234 2020 3354 2061 esse
3384 2006 3520 2060 mol-

1952 2094 2167 2160 liorem,
2205 2093 2273 2149 de
2309 2111 2417 2163 qua
2451 2111 2659 2167 ungues
2693 2096 2972 2163 oriuntur,
3003 2097 3241 2169 itemque
3286 2108 3394 2154 tam
3427 2099 3521 2154 du-

1954 2187 2135 2240 ritiem
2190 2202 2352 2256 quam
2414 2188 2703 2242 mollitiem
2758 2190 3023 2261 unguium
3075 2191 3406 2246 animalibus
3454 2208 3521 2248 ex

1954 2273 2196 2343 ipsorum
2235 2290 2338 2329 usu
2369 2275 2573 2329 datam.
2606 2278 2874 2331 Praeterea
2900 2279 3183 2333 volucrum
3216 2280 3336 2335 alia:
3370 2281 3522 2336 nullo

1955 2373 2215 2419 tenentur
2244 2366 2498 2435 imperio,
2533 2366 2895 2436 libertateque
2938 2368 3104 2422 veluti
3140 2369 3372 2438 quadam
3407 2370 3522 2423 fru-

1954 2466 2157 2524 untur;
2191 2458 2309 2512 alia:
2334 2458 2491 2513 ducis
2521 2459 2752 2528 imperio
2788 2459 3047 2529 subjecm
3071 2469 3219 2524 sunt,
3254 2470 3313 2515 ut
3336 2478 3520 2532 grues.

1952 2551 2098 2620 Apes
2128 2552 2291 2605 etiam
2326 2550 2428 2605 sub
2465 2567 2610 2620 rege,
2634 2566 2699 2604 ac
2729 2553 2983 2620 praefecto
3024 2552 3286 2622 quodam,
3325 2568 3522 2621 operas

1954 2657 2085 2696 suas
2120 2641 2438 2706 absolvunt,
2490 2656 2594 2695 nec
2620 2642 2774 2712 prius
2802 2642 2866 2696 ad
2901 2651 3058 2714 prata
3099 2645 3389 2698 convolare
3421 2658 3517 2698 so-

1931 2733 2067 2804 lent
2096 2736 2260 2803 Quam
2295 2746 2474 2805 regem
2506 2736 2726 2790 initium
2761 2736 3014 2790 avolandi
3040 2736 3238 2792 fecisse
3292 2752 3522 2806 conspe-

1952 2824 2149 2879 xeriut.
2204 2824 2394 2895 Neque
2448 2841 2632 2895 regem
2684 2816 2832 2880 hunc
2864 2827 3141 2896 sutl‘ragiis
3178 2830 3334 2893 quasi
3368 2828 3521 2882 dele-

1953 2926 2101 2970 Ctum
2139 2913 2487 2980 habent,‘sed
2524 2930 2550 2967 a
2576 2925 2771 2968 natura
2807 2916 2861 2969 in
2896 2919 3156 2971 omnibus
3186 2920 3516 2989 principem.

1952 3006 2305 3061 excellentem
2332 3015 2559 3059 caeteros
2589 3005 2980 3074 magnitudine,
3008 3007 3203 3069 forma.
3231 3017 3285 3061 et
3319 3010 3520 3065 indolis

1954 3107 2118 3167 atque
2148 3110 2362 3149 morum
2397 3093 2842 3149 mansuetudine.
2870 3095 3004 3149 Nam
3039 3096 3265 3150 stimulo
3297 3098 3519 3166 quidem
3576 3094 3581 3100 ”

1954 3202 2047 3242 rex
2073 3186 2333 3257 praeditus
2353 3195 2459 3249 est,
2482 3199 2674 3239 verum
2693 3185 2757 3238 ad
2783 3184 3075 3239 vindictam
3092 3201 3159 3241 eo
3188 3202 3294 3241 non
3325 3188 3519 3246 utitur.

1957 3280 2100 3334 Sunt
2130 3278 2210 3332 ha:
2244 3278 2393 3347 leges
2422 3278 2668 3346 quaedam
2720 3292 2828 3331 non
2860 3277 3098 3346 scriptae,
3147 3280 3241 3334 sed
3285 3280 3356 3335 ah
3403 3282 3521 3350 ipsa

1952 3370 2211 3442 proiecta:
2241 3380 2458 3433 natura,
2494 3376 2551 3423 ut
2580 3370 2674 3438 qui
2706 3370 2955 3423 maximis
3009 3370 3255 3441 imperiis
3298 3376 3521 3445 potiun-

1956 3475 2066 3528 tur,
2096 3464 2163 3517 ad
2199 3460 2539 3531 puniendum
2575 3460 2714 3514 lardi
2745 3461 2874 3515 sint.
2934 3463 2999 3516 Et
3032 3463 3255 3532 quidem
3303 3466 3348 3519 si
3396 3482 3521 3536 quas

1954 3570 2087 3625 apes
2122 3553 2435 3621 exemplum
2487 3551 2629 3621 regis
2669 3551 2754 3606 sui
2805 3568 2914 3607 non
2970 3553 3278 3618 imitantur.
3343 3557 3522 3611 deluo

1928 3640 2178 3703 'stimulo
2204 3643 2367 3698 simul
2392 3643 2742 3697 emoriuntur
2768 3642 3038 3714 dignaque
3071 3644 3399 3701 crudelitate
3420 3662 3519 3702 sua

1956 3736 2179 3807 praemia
2212 3742 2652 3803 consequuntur.

2030 3828 2143 3882 Iloc
2176 3827 2340 3881 etiam
2370 3840 2471 3881 nos
2495 3825 2752 3880 admirari
2784 3842 2880 3894 par
2899 3836 3004 3889 est,
3034 3843 3144 3897 quo
3174 3842 3331 3900 pacto
3360 3849 3523 3902 grues
3613 3882 3626 3892 .

1956 3928 2255 3973 nocturnas
2284 3917 2547 3972 excubias
2596 3931 2691 3985 per
2720 3918 2870 3972 vices
2925 3918 3150 3983 obeant,
3210 3922 3339 3975 dum
3398 3926 3521 3979 alia:

1956 4009 2178 4079 quidem
2206 4008 2507 4072 dormiunt,
2540 4008 2659 4062 alia:
2704 4009 3099 4073 circumeundo
3146 4022 3425 4079 praestant,
3463 4026 3521 4069 ut

1958 4114 2149 4154 omnes
2173 4099 2240 4152 ab
2274 4099 2423 4152 omni
2458 4099 2701 4167 periculo
2763 4114 2860 4168 per
2908 4102 3150 4168 quietem
3209 4114 3337 4157 tuta:
3383 4106 3518 4161 sint.

1956 4192 2060 4263 41,
2090 4190 2192 4246 Ubi
2226 4191 2419 4246 deinde
2454 4199 2669 4259 tempus
2701 4191 2963 4247 excubiis
2998 4194 3158 4249 unius
3189 4196 3520 4254 destinatum

1956 4285 2241 4356 prmteriit,
2290 4285 2530 4339 clamore
2579 4284 2668 4338 illa
2699 4285 2912 4339 subIato
2958 4302 3017 4341 se
3050 4289 3220 4357 quieti
3251 4292 3344 4347 dat
3382 4309 3395 4345 :
3449 4294 3519 4347 ibi

279 4372 528 4445 διαδοχὴν
565 4375 863 4445 δεξαμένη,
897 4371 965 4447 ἦς
997 4374 1187 4445 ἔτυχεν
1218 4375 1541 4444 ἀσφαλείας,
1570 4375 1665 4428 καὶ⁵
1699 4374 1848 4427 ἀντέ-

1961 4385 2076 4429 tum
2107 4375 2276 4428 altera
2305 4373 2608 4428 succedens
2662 4374 2717 4427 in
2745 4375 2863 4444 ejus
2889 4376 3094 4444 locum,
3159 4396 3321 4450 quam
3374 4383 3523 4439 illius

278 4460 410 4517 δωκε
437 4468 566 4528 ταῖς
592 4465 834 4526 λοιπαῖς.
866 4464 1023 4518 Οὕτω
1056 4466 1153 4534 μὲν
1184 4464 1276 4518 οὖν
1303 4469 1396 4519 καὶ
1415 4467 1475 4518 τὸ
1503 4466 1609 4519 τῶν
1641 4465 1847 4534 πελαρο

279 4556 382 4621 γῶν
419 4558 504 4619 είς
556 4555 819 4626 ἔκπληξιν
872 4556 997 4623 ἄγει
1036 4557 1245 4618 πάντας
1300 4556 1406 4609 τῶν
1450 4548 1849 4625 διαληφθέντων

279 4646 372 4699 οὐκ
419 4646 681 4702 ἔλασσον.
710 4648 940 4700 Ἐκεῖνοι
972 4649 1082 4718 γὰρ
1115 4647 1206 4700 τὸν
1238 4646 1447 4718 πατέρα
1481 4648 1585 4700 ὑπὸ
1623 4644 1714 4699 τοῦ
1747 4645 1849 4716 γή-

282 4752 399 4804 ρους
442 4739 944 4810 πτερορρυήσαντα
988 4740 1343 4808 περιστάντες
1398 4742 1455 4792 ὲν
1506 4739 1691 4810 κύκλῳ
1736 4740 1848 4800 τοῖς

279 4824 495 4888 οίκείοις
529 4828 756 4895 πτεροῖς
785 4826 1165 4899 διαθάλπουσι,
1197 4830 1293 4881 καὶ
1321 4829 1419 4891 τὰς
1449 4828 1653 4898 τροφάς
1682 4827 1849 4896 ἀφθό-

254 4931 375 4977 ννως
410 4918 963 4987 παρασκευάζοντες,
991 4918 1241 4989 βοήθειαν
1270 4918 1419 4987 αὐτῷ
1453 4918 1593 4971 κατά
1647 4933 1709 4984 γε
1751 4917 1851 4985 τὴν

281 5006 477 5076 πτῆσιν
522 5010 878 5078 παρέχουσιν,
919 5011 1102 5080 ἡρέμα
1142 5010 1221 5078 τῷ
1263 5010 1447 5079 πτερῷ
1499 5009 1850 5078 κουφίζοντες

280 5097 647 5168 ἑκατέρωθεν.
681 5101 791 5155 Καὶ
823 5102 995 5165 οὕτως
1024 5104 1161 5156 πᾶσι
1184 5102 1342 5155 τοῦτο
1372 5102 1746 5172 διαϐεϐόηται,
1776 5101 1852 5165 ὼς

278 5189 532 5241 ἐντεῦθεν
571 5192 663 5244 καί
714 5209 869 5255 τινας
912 5193 1016 5261 τὴν
1069 5194 1178 5245 τῶν
1211 5193 1670 5265 εὐεργετημάτων
1704 5194 1852 5245 ἀντί-

275 5278 425 5332 δοσιν
464 5280 763 5349 ὀνομάζειν
804 5286 1309 5354 ἀντιπελάργωσιν.
1360 5286 1565 5355 Μηδεὶς
1621 5283 1714 5338 οὖν
1766 5285 1852 5338 διὰ

281 5375 476 5426 πενίαν
501 5375 601 5444 τὴν
629 5376 799 5429 αὑτοῦ
837 5366 1272 5445 ἀπογινωσκέτω
1299 5377 1466 5448 ζωήν.

344 5631 426 5684 Τὸ
459 5631 524 5684 δὲ
569 5633 665 5702 τῆς
719 5637 985 5705 χελιδόνος
1031 5640 1341 5708 εὐμήχανον
1374 5642 1491 5706 πῶς
1539 5644 1641 5699 οὐκ
1681 5646 1745 5701 ἄν
1771 5663 1854 5721 τις

537 5724 796 5788 ΡΑτιιυι..
831 5732 945 5790 (in.
987 5730 1248 5793 CLVIII.

1956 4466 2225 4522 beneﬁcio
2261 4474 2556 4519 consecuta
2585 4476 2690 4528 est,
2726 4467 2968 4536 quietem
2996 4471 3235 4525 vicissim
3295 4477 3521 4543 reliquis

1959 4567 2134 4612 tutam
2162 4564 2406 4626 praestat.
2430 4556 2715 4612 Consimili
2741 4559 2902 4613 modo
2938 4561 3273 4617 ciconiarum
3301 4582 3520 4637 quoque

1956 4650 2108 4705 natio
2139 4658 2370 4704 cunctos
2397 4650 2449 4704 in
2491 4649 2908 4705 admirationem
2940 4654 3104 4722 rapit,
3132 4655 3241 4723 jam
3271 4659 3524 4715 indicatis

1958 4739 2103 4795 haud
2134 4739 2356 4794 cedens.
2386 4739 2518 4794 Nam
2553 4750 2787 4810 patrem,
2830 4744 2925 4811 qui
2969 4759 3079 4812 pre
3127 4748 3282 4802 senio
3318 4765 3524 4819 pennas

1958 4834 2163 4895 amisit,
2201 4832 2443 4901 undique
2464 4832 2888 4888 circumstantes
2920 4837 3023 4890 alis
3051 4839 3286 4907 propriis
3314 4840 3521 4908 fovent,

1958 4924 2279 4977 alimentum
2314 4924 2390 4976 illi
2420 4923 2642 4977 abunde
2679 4925 3053 4993 suppeditant,
3079 4938 3243 4998 atque
3270 4932 3433 4985 etiam
3467 4934 3519 4986 in

1960 5013 2145 5066 volatu
2171 5014 2384 5082 juvant,
2418 5012 2617 5065 leniter
2656 5027 2782 5065 cum
2816 5014 2884 5067 ah
2917 5026 3147 5085 utraque
3184 5029 3339 5086 parte
3392 5022 3523 5075 sub-

1958 5103 2225 5157 levantes.
2269 5102 2424 5167 Quod
2455 5102 2676 5171 quidem
2726 5119 2901 5173 usque
2960 5108 3097 5161 adeo
3136 5110 3336 5175 passim
3374 5114 3519 5182 apud

1961 5208 2153 5247 omnes
2182 5192 2560 5262 pervulgatum
2585 5204 2692 5261 est,
2725 5205 2784 5249 ut
2819 5196 2921 5250 hac
2969 5196 3036 5251 de
3070 5210 3233 5255 causa
3273 5204 3523 5258 nonnulli

1964 5284 2471 5353 compensationem
2523 5286 2916 5342 beneliciorum
2973 5288 3248 5360 appellare
3283 5304 3527 5348 mutuam

1965 5376 2327 5430 ciconiarum‘
2363 5376 2621 5446 pietatem
2660 5379 3070 5434 consueverint.
3128 5380 3246 5446 Quo
3278 5385 3527 5452 εχνιιιριο

1965 5465 2179 5520 moneri
2220 5480 2323 5519 nos
2360 5465 2617 5520 convenit
2650 5482 2717 5523 ne
2749 5468 2871 5538 quis
2918 5470 2987 5524 ob
3034 5479 3410 5539 paupertatem
3459 5472 3526 5525 de

1964 5559 2073 5613 vita
2109 5556 2385 5627 desperet.
3126 5632 3129 5633 ν

2035 5652 2102 5706 Et
2130 5651 2253 5722 quis
2294 5668 2403 5707 non
2441 5653 2755 5711 hirundinis
2816 5656 3087 5711 solertiam
3145 5652 3520 5728 maximopere

3163 5748 3201 5806 ﬁt
