4052 6200
291 295 360 358 n1
1185 367 1188 370 _
1357 277 1360 280 ’
1520 289 1926 352 ANNALIUM
1964 290 2155 349 rans
2196 265 2250 348 1.
3398 287 3547 383 tet

284 410 426 484 ἡμῶν,
456 407 528 470 ὡς
559 407 818 462 άδῦνατον
849 405 1115 478 παρθένον
1150 409 1332 460 τεκεῖν
1377 413 1471 460 καὶ
1512 406 1670 468 αὖθις
1701 408 1820 476 μεῖ-

1962 413 2169 459 οιιτιιω
2199 405 2508 468 irridercnt,
2543 403 2695 473 quasi
2758 402 2876 456 ﬁeri
2945 411 3183 474 nequeat
3239 407 3495 474 utpartat

291 521 350 556 ιιιι
377 498 682 571 παρθένον,
748 499 950 570 μυρίας
1009 499 1076 552 ὲκ
1133 498 1232 568 τῆς
1285 497 1506 566 φύσεως
1562 497 1818 568 ἀφορμάς

1966 495 2084 566 irgo
2109 504 2164 550 et
2193 494 2557 550 nihilominus
2590 494 2742 564 virgo
2774 507 3018 558 maneat,
3051 511 3118 550 ex
3161 496 3280 567 ipsa
3308 504 3498 551 natura

285 589 390 657 πρδς
425 587 524 662 τὴν
555 586 742 640 πίστιν
775 586 886 640 τῶν
917 585 1238 656 παραδόξων
1269 586 1555 657 προλαϐὼν
1587 587 1821 640 κατεδά-

1960 590 2075 641 Deus
2103 586 2263 642 nobis
2293 595 2502 642 tantum
2527 602 2636 641 non
2665 587 2910 644 infinitas
2940 589 3310 658 suppeditavit
3343 605 3501 646 oeca-

283 681 396 732 )ετο.
445 677 556 731 Καὶ
604 675 750 732 οὕτω
792 678 891 748 μὲν
942 680 1320 749 περὶτούτων
1373 681 1402 733 δ
1452 680 1625 748 μέγας
1659 677 1822 733 Βασί-

1962 682 2117 734 iones
2151 673 2582 734 faciundiiide'm
2627 679 2792 733 rebus
2847 679 3182 748 ‘cazteroquin
3244 681 3502 738 absurdis

283 771 426 832 λειοςο
459 770 510 821 oi
535 768 592 822 δέ
624 787 687 837 γε
716 769 815 833 τὰς
845 771 1038 840 φύσεις
1067 769 1177 824 τῶν
1207 772 1366 834 ζώων
1389 768 1820 840 διασκεψάμενοι

1960 781 1988 824 t
2010 779 2221 826 nostra:
2249 769 2501 842 opinioni
2537 784 2643 824 non
2679 767 3158 839 respondentibus.
3195 771 3308 828 Hoc
3341 773 3502 829 modo
3603 834 3612 839 _

282 863 431 932 τριετῆ
459 861 650 930 χρόνον
675 861 804 925 τοὺς
839 861 1020 932 γῦπας
1051 865 1187 932 ἐγκυ
1199 865 1381 933 μονεῖν
1410 862 1818 933 τερατεύονται.

1960 863 1999 917 le
2034 861 2117 916 his
2141 861 2379 916 Basilius
2413 860 2658 920 disserit.
2690 861 2888 915 Caeteri
2945 875 3098 929 vero,
3143 865 3237 934 qui
3281 878 3507 923 naturas

285 954 371 1006 Καὶ
397 952 506 1015 r-t't'i;
543 951 732 1008 ἄκουε.
758 953 872 1008 Οὐκ
899 953 1050 1008 ἔστιν
1074 957 1283 1025 άρρενα
1313 955 1465 1022 γῦπα
1497 951 1817 1006 θεάσασθαι·

1960 937 2248 1008 nimaiium
2285 967 2603 1024 perspectas
2631 952 2859 1016 habent,
2897 945 3145 1009 vultur'és
3178 963 3291 1011 toto
3330 957 3503 1012 trien-

287 1043 645 1108 ἀσυνδυάστως
699 1044 810 1116 γὰρ
873 1045 1071 1110 αὐτοὺς
1129 1045 1338 1099 τίκτειν
1390 1046 1546 1115 νόμοι
1607 1043 1823 1113 φύσεως

1960 1048 2028 1099 ιὶο
2059 1057 2277 1116 gestare
2321 1053 2542 1098 uterum
2593 1042 2905 1114 prodigiose
2970 1043 3215 1102 tradunt.
3272 1047 3504 1114 Quinam

288 1134 749 1205 παρακελεύονται,
784 1137 910 1191 ὅθεν
971 1139 1065 1191 καὶ
1123 1139 1231 1192 πᾶν
1263 1138 1325 1191 τδ
1368 1138 1524 1208 γένος
1575 1136 1822 1206 αὑτῶν-ἠ

286 1224 358 1275 τοῦ
399 1221 588 1292 θήλεος
651 1224 814 1292 φύσις
874 1225 1176 1294 ἠνέγκατο.
1224 1225 1407 1295 Ὅπερ
1463 1223 1824 1295 ἐπιστάμενοι

289 1313 429 1383 γῦπες
458 1315 557 1367 καὶ
605 1305 706 1385 τὴν
755 1316 996 1386 ἐρημίαν
1048 1316 1283 1380 δεδιότες
1319 1318 1429 1370 τῶν
1476 1317 1704 1382 τέκνων,
1743 1317 1823 1378 είς

284 1408 511 1477 ἐπιγονὴν
545 1408 694 1462 ἅπαν
735 1408 798 1463 τὸ
849 1411 1002 1479 γένος
1037 1411 1418 1482 στρατεύεται.
1449 1411 1542 1464 καὶ
1571 1411 1740 1483 δρῶσί
1773 1428 1823 1464 τι

285 1497 493 1566 σόφισμα
531 1497 781 1568 ἄριστον.
831 1499 923 1571 Τῷ
975 1500 1114 1571 νότῳ
1182 1501 1279 1554 καὶ
1323 1502 1430 1570 γάρ
1487 1502 1823 1572 ἀντίπρωροι

285 1581 534 1643 τέτανται.
579 1583 643 1639 Εἰ
695 1587 751 1640 δὲ
788 1577 863 1659 μὴ
911 1589 1064 1654 νότος
1104 1591 1214 1658 εἴη,
1270 1589 1348 1661 τῷ
1380 1594 1636 1659 συγγενεῖ
1681 1590 1826 1662 εὔρῳ

286 1675 487 1732 ὰπλοῦσι
557 1679 658 1743 τὰς
717 1683 1034 1751 πτέρυγας,
1090 1678 1212 1735 εἶτα
1272 1680 1534 1754 κεχήνασι
1585 1684 1681 1736 καὶ
1731 1683 1823 1736 τοῦ

1935 1133 2114 1192 istuc?
2143 1135 2306 1190 Audi.
2345 1136 2542 1192 Vultur
2572 1151 2690 1188 mas
2734 1135 2918 1189 nullus
2949 1135 3310 1205 conspicitur.
3372 1138 3507 1194 Nam

1934 1227 2141 1296 absque
2167 1227 2334 1282 duum
2367 1226 2757 1297 conjunctione
2787 1225 3014 1296 gignere
3064 1227 3133 1280 de
3187 1227 3512 1298 prescripto

1934 1327 2143 1371 natura:
2176 1317 2376 1374 solent.
2419 1314 2539 1381 Quo
2596 1315 2655 1368 iit
2715 1325 2998 1370 uteorum
3059 1317 3315 1373 universa
3363 1319 3514 1374 natio

1934 1407 2199 1462 consistat
2228 1407 2283 1461 in
2313 1406 2555 1461 fetutinis.
2588 1406 2702 1460 Hoc
2733 1422 2858 1461 cum
2891 1423 3002 1461 non
3046 1407 3304 1476 ignorent
3338 1411 3516 1463 \ultu-

1938 1515 2045 1566 res,
2073 1499 2336 1554 orbitatis
2369 1506 2520 1554 metu
2548 1498 2713 1552 simul
2753 1497 2997 1552 universi
3026 1499 3091 1552 ad
3129 1499 3503 1555 i’etiilcandum

1939 1587 2234 1663 quamdam
2298 1590 2448 1644 velut
2498 1587 2901 1659 expeditionem
2943 1589 3273 1655 suscipiunt.
3324 1591 3497 1646 Ηίοεὶ

1937 1683 2126 1737 nullus
2151 1683 2232 1736 eis
2260 1695 2381 1736 sese
2417 1681 2617 1734 Auster
2649 1678 2947 1743 oii'erat,ad
2979 1690 3268 1752 cognatum
3297 1681 3513 1737 Eurum

289 1767 575 1838 πνεύματος
637 1769 1005 1841 ἐμφοροῦνται
1065 1771 1401 1839 είσρέοντος,
1439 1772 1532 1825 καὶ
1583 1773 1830 1826 τίκτουσι

1960 1776 2048 1829 llas
2076 1773 2416 1844 expandunt.
2485 1771 2616 1826 Inde
2673 1787 2770 1840 per
2795 1771 2912 1827 oris
2939 1771 3152 1826 hiatum
3211 1783 3376 1827 vento
3430 1773 3519 1827 in-

287 1857 397 1925 ζῶιί,
429 1864 502 1932 μή
534 1861 718 1930 μέντοι
749 1879 812 1930 γε
845 1861 931 1915 ὠά
961 1863 1263 1933 ὑπηνέμια.
1305 1863 1397 1916 Διδ
1427 1863 1678 1918 πλείστου
1710 1865 1836 1936 χρό-

287 1954 544 2008 νουδεῖται
576 1956 612 2025 ἡ
637 1954 815 2035 ⁹φύσις
862 1955 1004 2026 πρὸς
1040 1955 1184 2019 ζὼου
1211 1955 1645 2028 τελεσιουργίαν·
1680 1957 1838 2028 χαλε-

286 2047 366 2097 πὸν
409 2046 518 2119 γάρ
580 2049 674 2101 καὶ
744 2048 866 2100 λίαν
913 2047 1156 2119 ἐργῶδες
1200 2051 1267 2120 τῇ
1302 2048 1465 2117 φύσει
1491 2049 1751 2102 οὐσιῶσαι
1777 2047 1838 2101 τό

289 2137 470 2207 πνεῦμα
502 2141 601 2193 καὶ
635 2141 774 2210 πρὸς
829 2137 970 2202 ζῶον
1027 2139 1435 2212 πλαστουργείν
1469 2139 1529 2193 τὸ
1573 2139 1838 2193 λεπτότα-

283 2245 375 2286 τον.
432 2233 690 2286 Ἐπειδὰν
747 2233 930 2286 τοίνυν
981 2233 1206 2295 ἀκούεις
1272 2234 1366 2286 καὶ
1425 2235 1491 2285 σὺ
1541 2232 1839 2302 συναφείας

284 2317 390 2369 ἄνευ
440 2319 822 2388 ξγκυμονῆσαι
865 2321 964 2392 τὴν
1022 2319 1352 2391 Πάναγνον,
1393 2322 1662 2393 πρότερον
1699 2324 1838 2395 αὐτῇ

281 2405 578 2477 Πνεῦματος
638 2407 802 2477 ,ἁγίου
864 2411 1294 2475 ἐπισκιάσαντος
1353 2414 1448 2464 κςὶ
1501 2413 1596 2465 τοῦ
1635 2413 1840 2482 Κυρίου

281 2499 402 2553 κατὰ
433 2500 526 2554 τὸν
583 2505 879 2574 προφήτην
929 2502 1038 2557 άπὸ
1096 2504 1316 2576 Θαιμάν
1384 2505 1618 2576 ἥξαντος
1647 2547 1661 2569 ,
1715 2505 1843 2575 μηδ’

281 2592 398 2657 ὅλως
425 2594 651 2648 ἀπίστει
679 2595 758 2666 τῷ
791 2595 1108 2667 πράγματι,
1135 2596 1237 2652 κᾶν
1276 2597 1420 2668 μέγα
1443 2598 1520 2668 τῷ
1551 2598 1664 2668 δντι
1697 2598 1845 2658 δοκεῖ

282 2688 364 2740 καὶ
390 2686 722 2759 παράδοξον
760 2688 852 2739 ἐπὶ
886 2687 997 2757 γὰρ
1027 2687 1209 2760 τούτῳ
1239 2689 1335 2742 καὶ
1391 2689 1424 2758 ὴ
1477 2687 1628 2758 παρὰ
1658 2686 1844 2757 ’φύσιν

278 2779 372 2832 τῶν
397 2781 590 2850 γυπῶν
619 2780 889 2850 κυοφορία
912 2779 1238 2852 θαυμασίως
1259 2778 1404 2835 οὕτω
1423 2779 1502 2852 τῷ
1531 2780 1652 2850 Θεῷ
1681 2797 1847 2851 προη-

281 2872 580 2941 τοίμασται.
616 2875 854 2942 Λέγεται
905 2874 1016 2944 γὰρ
1073 2874 1156 2927 ὅτι
1211 2873 1510 2944 γενόμενος
1541 2889 1547 2894 ··
1571 2871 1771 2941 ἔγκυος
1815 2873 1844 2924 ὁ

277 2966 372 3034 γὺψ
393 2967 696 3039 πορεύεται
727 2969 807 3031 είς
839 2967 939 3037 τὴν
975 2965 1234 3038 Ἰνδικὴν,
1261 2951 1355 3020 καὶ
1386 2965 1568 3019 λαὸὼν
1606 2963 1757 3017 λίθον
1787 2961 1849 3017 τὸ

278 3056 606 3129 καλούμενον
641 3059 891 3113 εὒτόκιον
937 3060 1124 3112 ἐπάνω
1162 3058 1329 3113 αὑτοῦ
1361 3055 1597 3128 κάθηται
1624 3055 1848 3125 συνεχό-

1932 1866 2144 1921 ﬂuente
2179 1866 2478 1935 replentur,
2511 1874 2566 1920 et
2589 1865 2868 1930 animalia,
2901 1879 3009 1918 non
3063 1879 3166 1919 ova
3219 1865 3487 1920 subventa
3507 1892 3521 1902 -

1935 1974 2040 2014 nea
2069 1957 2322 2030 gignunt.
2369 1957 2502 2023 Quae
2527 1972 2697 2014 causa
2754 1965 2840 2012 est
2868 1956 3227 2026 quamobrem
3277 1956 3524 2012 maxime

1939 2052 2211 2120 temporis
2242 2049 2419 2119 spatio
2449 2058 2648 2104 natura
2687 2048 2856 2120 hujus
2890 2048 2959 2103 ad
3016 2047 3276 2104 animalis
3304 2048 3528 2105 absolu-

1942 2141 2151 2198 tionem
2187 2140 2450 2212 indigeat.
2496 2141 2630 2196 Nam
2666 2140 2886 2196 diﬂicile
2911 2149 2968 2197 et
2989 2156 3286 2212 Operosum
3313 2152 3399 2199 est
3427 2157 3528 2198 na-

1944 2244 2078 2289 turae
2108 2234 2176 2289 de
2205 2242 2372 2289 vento
2399 2234 2695 2304 quamdam
2727 2233 3029 2289 essentiam
3069 2233 3297 2292 edicere
3348 2235 3529 2306 deque

1945 2340 2003 2379 re
2034 2325 2194 2396 longe
2222 2324 2584 2380 subtilissima
2613 2331 2669 2380 et
2723 2326 2851 2381 exi‘li
2919 2343 3142 2396 prorsus
3197 2328 3398 2384 animal
3431 2329 3531 2382 lln-

1943 2430 2096 2486 gere.
2125 2415 2264 2472 Cum
2295 2415 2467 2488 igitur
2517 2415 2712 2472 audies
2749 2415 3030 2490 Virginem
3090 2417 3239 2473 illam
3297 2419 3533 2489 purissi-
3565 2489 3581 2499 _

1947 2523 2089 2562 mam
2122 2508 2331 2578 absque
2361 2509 2475 2562 ullo
2516 2508 2616 2562 viri
2670 2511 3014 2565 commercio
3045 2510 3326 2582 gravidam
3361 2510 3531 2565 fuisse
3595 2557 3610 2564 ..

1947 2599 2170 2664 factam,
2213 2615 2340 2655 cum
2377 2600 2530 2670 prius
2560 2611 2682 2655 eam
2705 2607 2931 2657 sanctus
2956 2603 3046 2658 ille
3079 2601 3328 2673 Spiritus
3351 2603 3534 2657 inum-

1948 2689 2169 2747 brasset
2200 2707 2263 2746 ac
2289 2691 2585 2758 Dominus,
2647 2693 2728 2748 uti
2769 2703 2920 2749 vates
2951 2694 3220 2764 loquitur,
3275 2695 3344 2750 de
3378 2693 3535 2750 Tha:-

1947 2798 2109 2838 mane
2133 2781 2394 2844 venisset,
2437 2797 2615 2852 nequa
2637 2799 2783 2852 tuam
2830 2785 2963 2840 huic
3019 2787 3097 2841 rei
3152 2784 3315 2845 ﬁdem
3369 2785 3536 2840 derd-

1951 2881 2100 2943 gato,
2166 2871 2390 2926 tametsi
2442 2887 2640 2943 reapse
2678 2889 2873 2944 magna
2930 2875 3183 2930 videatur
3241 2883 3303 2930 et
3330 2875 3436 2948 43
3469 2878 3537 2933 ah

1951 2963 2214 3034 opinione
2251 2962 2538 3018 hominum
2573 2966 2906 3024 abhorrens.
2967 2968 3103 3021 Nam
3161 2983 3224 3023 ea
3269 2968 3336 3023 de
3369 2970 3537 3023 causa

1954 3055 2234 3111 vulturum
2283 3071 2505 3127 quoque
2562 3059 2847 3126 conceptio
2903 3065 3010 3112 tam
3067 3058 3472 3116 admirabiliter
3505 3077 3536 3114 a

278 3165 425 3217 μενος
463 3151 645 3215 ὠδῖσι,
671 3151 764 3204 καὶ
804 3149 981 3214 οὕτως
1014 3148 1330 3206 ἀποτίκτει.
1375 3148 1436 3201 ὐ
1475 3147 1663 3216 μέντοι
1695 3145 1842 3210 λίθος

1960 3150 2068 3204 Deo
2102 3158 2186 3204 est
2213 3149 2488 3205 instituta.
2522 3149 2786 3205 Traditur
2812 3158 2996 3206 autem
3047 3153 3423 3206 monumentis
3449 3151 3539 3206 lit-

279 3243 572 3314 περιφερὴς
604 3243 679 3306 ὡς
733 3241 962 3311 κάρυον,
995 3243 1090 3294 καὶ
1129 3239 1449 3310 κινούμενος
1474 3235 1610 3310 ἦχον
1638 3240 1848 3309 ἑκπέμο

276 3349 356 3386 πει
410 3335 486 3398 ὡς
541 3335 767 3399 κώδων,
810 3334 1025 3387 ἔνδοθεν
1084 3333 1274 3404 ἑτέρου
1311 3331 1461 3386 λίθου
1499 3331 1844 3402 κινουμένου.

273 3425 393 3478 Φασὶ
434 3428 492 3481 δὲ
549 3428 648 3481 καὶ
695 3426 852 3480 τοῦτο
889 3425 1021 3494 περ)⁸
1069 3425 1266 3494 γυπὸς,
1319 3425 1400 3477 ὅτι
1455 3422 1612 3494 μὺρῳ
1653 3422 1846 3494 ῥοδίνῳ

272 3516 498 3585 χρισθεὶς
539 3518 685 3572 ἁπσθ
694 3517 906 3588 νήσκει.

1954 3252 2199 3296 terarum
2231 3240 2535 3306 vulturem,
2579 3249 2942 3312 posteaquam
2970 3243 3309 3312 conceperit,
3355 3242 3416 3296 in
3449 3239 3540 3295 ln-

1959 3332 2106 3388 diam
2143 3348 2266 3389 sese
2299 3333 2582 3399 conferre,
2623 3341 2961 3404 nactumque
3015 3335 3276 3406 lapidem,
3315 3351 3482 3406 quem
3516 3351 3544 3388 a

1957 3421 2228 3480 facilitate
2249 3432 2453 3494 partus
2483 3441 2648 3494 quem
2681 3424 2908 3498 adjuvat
2971 3425 3268 3482 Eutocium
3322 3411 3545 3490 vocant,

1956 3516 2010 3568 in
2037 3531 2103 3570 co
2133 3531 2191 3570 se
2222 3517 2557 3587 parturigine
2607 3525 2861 3572 vexatum
2893 3518 3199 3585 collocare,
3241 3532 3409 3592 atque
3453 3519 3547 3573 illa

275 3611 425 3666 modo
447 3626 677 3682 parere.
732 3611 896 3680 Lapis
971 3609 1088 3679 ipse
1151 3606 1421 3662 rotundus
1463 3616 1576 3672 est,
1629 3605 1889 3660 avellanae
1927 3607 2088 3662 nucis
2121 3608 2317 3670 instar,
2390 3615 2444 3662 et
2490 3625 2784 3664 succussus
2841 3611 2898 3684 in
2951 3625 3160 3666 morem
3193 3613 3549 3670 tintinnabuli

268 3721 450 3762 sonum
481 3709 629 3772 edit,
661 3715 811 3762 moto
841 3706 993 3762 intus
1015 3705 1125 3760 alio
1149 3704 1353 3774 lapide.
1379 3703 1711 3759 Perhibetur
1735 3703 1841 3758 hoc
1879 3703 2046 3759 etiam
2096 3705 2164 3758 de
2197 3705 2440 3773 vulture,
2495 3707 2643 3775 quod
2723 3716 3008 3777 ungucnlo
3068 3724 3303 3764 rosaceo
3341 3723 3551 3780 perun-

269 3815 382 3860 ctus
416 3807 716 3861 moriatur.

343 3898 669 3970 Θαυμάσειε
715 3895 760 3948 δ’
795 3894 859 3948 ἄν
906 3911 992 3957 τις
1037 3895 1133 3946 καὶ
1189 3892 1250 3945 τὸ
1297 3891 1408 3945 τῶν
1457 3892 1714 3962 κοράκων
1740 3891 1854 3944 τῶν

271 3989 682 4058 διαληφθέντων
732 3986 834 4038 οὐκ
888 3981 1141 4036 ἔλασσον.
1197 3982 1513 4036 Πεπόνθασί
1564 3999 1617 4035 τι
1681 3979 1854 4044 πάθος

272 4078 384 4150 ὥρᾳ
413 4079 612 4150 θέρους
643 4075 694 4128 oi
719 4075 983 4144 κόρακες,
1026 4075 1088 4128 τδ
1117 4073 1175 4127 δὲ
1202 4071 1374 4137 πάθος
1409 4072 1528 4126 ἐστὶ
1560 4072 1715 4143 ῥύσις
1748 4086 1852 4139 γα-

255 4173 446 4240 στρός.
505 4166 802 4223 Ἐντεῦθεν
851 4167 1090 4234 ποταμοὶ
1146 4165 1242 4220 καὶ
1296 4165 1471 4232 πηγαὶ
1523 4164 1619 4218 καὶ
1667 4161 1858 4233 λίμναι

272 4257 418 4310 οὐδέν
449 4276 503 4310 τι
534 4256 736 4327 χρῆμα
778 4255 920 4310 κατά
940 4272 1005 4324 γε
1044 4255 1106 4307 τὸ
1149 4253 1308 4326 θέρος
1346 4257 1458 4318 τοῖς
1493 4252 1742 4325 κόραξιν,
1769 4252 1860 4340 ινα

281 4350 351 4418 μὴ
381 4349 463 4420 τῷ
501 4348 664 4419 ὑγρῷ
693 4347 728 4418 ἠ
774 4345 872 4416 τῆς
925 4346 1166 4417 γαστρὸς
1200 4348 1378 4416 ῥύσις.
1403 4347 1560 4417 σχοίη
1586 4347 1863 4400 ἐπίτασιν.

2031 3888 2109 3943 De
2133 3888 2315 3944 corvis
2341 3903 2566 3958 quoque
2599 3905 2708 3945 non
2738 3890 2840 3946 abs
2870 3906 2927 3944 re
2957 3891 3085 3959 quis
3123 3893 3370 3957 miretur,
3402 3895 3551 3962 quod

1969 3979 2240 4033 hactenus
2266 3978 2522 4034 indicatis
2552 3995 2661 4033 non
2694 3991 2780 4036 est
2831 3979 3090 4040 inferius.
3163 3979 3376 4036 Estivo
3412 3987 3550 4038 teth-

1967 4082 2101 4137 pore
2133 4066 2290 4122 corvi
2349 4067 2590 4137 quodam
2646 4069 2840 4125 morbo
2878 4069 3159 4124 laborant.
3215 4069 3262 4125 Is
3320 4074 3550 4128 morbus

1967 4157 2180 4215 ventris
2240 4168 2326 4214 est
2362 4158 2712 4229 proﬂuvium.
2737 4157 3110 4228 Quamobrem
3149 4159 3323 4226 ﬂuvii,
3349 4161 3552 4232 fontes,

1974 4260 2163 4322 stagna
2186 4267 2286 4322 per
2311 4261 2554 4308 aestatem
2594 4251 2731 4307 nulli
2764 4262 2894 4307 sunt
2930 4246 3114 4308 corvis
3149 4255 3294 4320 usui,
3359 4271 3428 4310 ne
3456 4271 3554 4325 per

1972 4341 2264 4399 humorem
2301 4343 2510 4398 ventris
2541 4343 2633 4398 illa
2670 4343 2838 4400 ﬂuxio
2866 4346 3040 4416 magis
3064 4347 3230 4402 etiam
3271 4347 3551 4420 adaugea-

276 4442 449 4495 ἰσασι
481 4443 673 4496 τοίνυν
711 4439 805 4493 καὶ
854 4439 1066 4511 διαίτης
1097 4438 1295 4509 τέχνην
1331 4439 1380 4492 oi
1411 4439 1668 4508 κόρακες,
1698 4437 1757 4491 οὐ
1793 4438 1849 4490 τᾶ

1974 4445 2086 4488 tur.
2121 4435 2196 4488 De
2219 4449 2329 4504 quo
2355 4435 2568 4490 scilicet
2593 4435 2924 4505 intelligitur
2953 4437 3126 4490 etiam
3155 4437 3332 4492 diaetae
3379 4440 3552 4493 ratio-

284 4533 701 4605 Ἱπποκράτους
737 4533 1142 4595 παιδευθέθτες,
1168 4532 1228 4584 οὐ
1272 4531 1340 4585 τὰ
1375 4533 1674 4603 Χείρωνος,
1710 4530 1772 4583 οὐ
1799 4529 1868 4584 τὰ

275 4623 564 4694 Μαχάονος
617 4622 911 4696 φάρμακα,
959 4621 1260 4676 κάντεῦθεν
1329 4621 1428 4692 μὲν
1485 4621 1652 4691 δρῶσι
1703 4637 1871 4673 ποτα-

275 4714 423 4782 μοὺς,
467 4713 596 4768 ἀλλ’
633 4711 788 4783 ὅμως
830 4711 1010 4764 πίνειν
1049 4712 1292 4774 ἐκείνοις
1329 4711 1432 4764 οὐκ
1471 4709 1717 4773 ἔνεστιν,
1757 4707 1870 4762 ἀλλ’

272 4797 353 4858 οἷα
381 4806 670 4860 Τάνταλον.
725 4801 1085 4872 κολαζόμενοι
1129 4803 1466 4874 δριμυτέραν
1499 4801 1658 4872 δίκην
1689 4799 1868 4856 ταῦτα

275 4895 702 4968 εἰσπράττονται
713 4931 728 4946 .

331 5070 672 5142 θαυμάζειν
717 5088 776 5136 σε
808 5068 958 5134 άξιον
989 5070 1081 5123 καὶ
1109 5069 1200 5122 διὰ
1225 5069 1278 5121 τί
1316 5072 1416 5138 τῆς
1442 5069 1586 5140 ᾠδῆς
1613 5071 1663 5122 οἱ
1693 5071 1868 5122 τέττι-

280 5181 363 5232 γες
406 5169 466 5220 ὲν
503 5168 667 5236 μέσῳ
713 5164 866 5235 θέρει
911 5164 1280 5234 ἀπάρχονται.
1335 5163 1551 5236 Ψυχροί
1580 5179 1727 5226 τ.νες
1769 5165 1868 5234 τὴν

275 5260 438 5325 ςύσιν
495 5261 552 5313 σί
605 5260 876 5327 τέττιγες,
919 5257 1001 5311 διδ
1049 5257 1146 5310 καὶ
1193 5257 1334 5326 μετὰ
1389 5256 1608 5328 θερινάς
1661 5257 1871 5328 τροπὰς

279 5352 638 5423 ἱπάρχονται
682 5350 783 5420 τῆς
823 5351 1018 5420 tam,
1045 5351 1136 5403 καὶ
1176 5349 1326 5419 ἡλίου
1370 5345 1757 5420 άπαρχομένου
1782 5351 1873 5405 τὸν

277 5443 490 5499 *αυτῶν
535 5442 774 5514 ,μετίασι
819 5443 1066 5496 κέλαδον.
1115 5442 1232 5510 Ἐφ’
1261 5436 1304 5508 ᾧ
1359 5442 1454 5494 καὶ
1515 5441 1870 5513 μεσημῦρίας

271 5536 410 5587 εἰσὶν
449 5531 932 5604 ᾠδικώτεροι.·Ἥ
977 5535 1162 5602 μέντοι
1221 5533 1412 5602 θήλεια
1483 5531 1666 5595 τέττιξ
1727 5534 1865 5586 πολὺ

272 5623 612 5695 ψυχροτέρα
638 5622 731 5675 τοῦ
772 5621 1000 5692 ἄρρενος
1027 5619 1163 5677 οὖσα
1198 5620 1460 5675 σιωπῶσα
1488 5621 1737 5691 ἑφιζάνει
1763 5624 1874 5685 τοῖς

276 5718 567 5788 ἰένδρεσι,
605 5715 678 5767 τὰ
719 5713 1042 5785 Πυθαγόρου
1085 5713 1288 5786 ὥσπερ
1337 5713 1649 5783 διδαχθεῖσα
1694 5713 1875 5779 διδάγ-

1972 4540 2096 4579 nem
2122 4525 2227 4580 sib'i
2259 4526 2682 4581 convenientem
2720 4542 2913 4582 corvos
2937 4542 3048 4581 non
3076 4527 3353 4598 ignorare,
3380 4543 3558 4598 quan-

1973 4631 2140 4686 quam
2177 4633 2286 4671 .nec
2320 4613 2677 4688 Hippocratis
2727 4634 2831 4673 nec
2870 4615 3134 4674 Chironis
3165 4634 3267 4674 nec
3303 4619 3559 4674 Machao-

1972 4709 2059 4764 nis
2117 4707 2365 4765 remedia
2416 4707 2682 4766 discendo
2723 4723 2980 4782 percepta
3047 4722 3293 4768 teneant.
3344 4711 3559 4768 idcirco

1973 4798 2174 4855 ﬂuvios
2200 4800 2424 4871 quidem
2456 4801 2771 4867 intuentur,
2830 4803 2926 4858 sed
2961 4803 3190 4858 haurire
3247 4803 3316 4858 de
3350 4804 3418 4858 iis
3459 4820 3559 4858 ne-

1975 4897 2208 4956 queunt,
2237 4903 2571 4966 gravemque
2603 4891 2742 4945 hanc
2772 4890 2911 4947 adeo
2939 4907 3156 4962 ptenam
3186 4892 3370 4959 luunt,
3397 4896 3557 4965 quasi

1977 4978 2193 5032 Tantali
2228 4977 2451 5048 quidam
2491 4983 2728 5038 multati.
3309 5027 3320 5032 --

2047 5067 2292 5122 Meretur
2336 5077 2390 5123 et
2420 5069 2526 5123 hoc
2573 5071 3026 5136 admirationem,
3084 5073 3448 5141 quamobrem
3475 5074 3557 5128 ci-
3583 5077 3604 5094 ⁸

1974 5160 2123 5214 cadaa
2147 5167 2367 5214 cantum
2395 5175 2557 5215 suum
2584 5170 2771 5216 astate
2795 5161 2975 5217 media
3003 5165 3242 5234 primum
3270 5164 3554 5234 incipiant.

1977 5251 2251 5306 Nimirum
2282 5259 2478 5306 natura
2527 5253 2739 5324 frigida:
2773 5263 2924 5317 sunt,
2976 5271 3096 5325 qua
3138 5255 3207 5311 de
3235 5271 3402 5310 causa
3430 5263 3557 5325 post

1975 5345 2230 5399 aestivum
2263 5343 2561 5400 solstitium
2596 5345 2833 5402 canendi
2890 5347 3102 5403 faciunt
3145 5349 3398 5414 initium;
3455 5362 3556 5400 nec

1977 5436 2085 5491 nisi
2111 5447 2304 5490 exorto
2331 5437 2446 5492 sole
2477 5447 2753 5509 strepunt,
2792 5439 3026 5510 ipsoque
3061 5441 3294 5495 meridie
3318 5433 3554 5492 maiime

1978 5539 2106 5582 sunt
2133 5543 2372 5584 canorae.
2422 5529 2490 5585 Et
2520 5531 2741 5600 quidem
2803 5530 3020 5587 femella
3077 5519 3202 5585 cum
3264 5530 3431 5598 longe
3481 5529 3554 5584 sit

1984 5635 2137 5696 mare
2164 5619 2440 5690 frigidior,
2479 5620 2782 5676 arboribus
2811 5622 3086 5674 taciturna
3117 5619 3345 5683 insidet,
3393 5621 3551 5689 quasi

1981 5715 2026 5768 si
2062 5713 2384 5785 Pythagorm
2454 5714 2762 5786 disciplinis
2793 5724 2936 5770 esset
2987 5713 3216 5769 imbuta.
3246 5714 3347 5781 Qui
3396 5715 3455 5771 ﬁt
3490 5725 3551 5772 ut

3007 6013 3038 6038 Δ
