4052 6200
1549 340 1589 397 Α
1604 338 1750 397 NNA
1764 342 1833 400 LI
1848 342 1954 402 UM
1999 347 2193 411 PARS
2233 350 2281 415 Ῑζ

298 439 356 491 τὸ
401 441 593 509 ὄρνεον
629 440 685 493 ετ
736 458 868 497 ποτε
932 439 1150 512 φύσεως
1215 444 1431 517 ἀνάγκη
1494 450 1629 516 πρὸς
1659 449 1865 522 ἄλληλα

1983 472 2218 518 mutuam
2253 439 2320 521 ad
2347 466 2789 538 coniunctionem
2818 466 3174 538 pertrahitur,
3206 470 3359 539 quasi
3382 475 3546 541 quid-

299 530 696 596 συνδυάξεσθαι
754 534 1075 589 καθέλκοιτο
1107 577 1121 601 ,
1187 536 1284 591 ἆτε
1333 539 1398 608 δὴ
1454 537 1555 610 τὴν
1612 542 1867 597 ἐντεῦθεν

300 621 489 692 ἀηδίαν
516 624 821 692 παριστῶν.
854 626 917 677 Ei
946 626 1002 679 δὲ
1032 626 1209 681 ταῦτα
1241 627 1417 692 οὕτως
1455 629 1592 701 ἔχει,
1625 636 1678 685 τί
1707 636 1868 703 ποιή-

301 728 464 781 σομεν
494 716 694 784 ήμεῐς;
729 718 779 769 ot
809 717 952 786 λόγῳ
993 719 1095 788 μὲν
1123 722 1500 790 τετιμημένοι,
1537 726 1657 787 ταῖς
1685 725 1743 778 δὲ
1773 725 1868 779 τοῦ

302 803 414 872 βίου
451 808 596 859 κατὰ
621 806 879 861 τοσοῦτον
911 810 1129 877 ἡδοναῖς
1170 812 1587 883 ἑμπεδούμενοι.

368 897 482 958 Καὶ
532 900 663 969 περὶ
724 900 824 971 μὲν
865 902 961 955 τοῦ
1020 902 1344 970 πελεκάνου,
1394 899 1457 959 οὗ
1507 908 1599 960 καὶ
1642 908 1674 960 6
1705 910 1889 965 Δαϐὶδ-

307 989 577 1059 μέμνηται
614 992 821 1060 λέγων’
858 1013 877 1045 ι
900 994 1208 1065 Ὢμοιὼθην
1241 996 1500 1052 πελεκᾶνι
1534 1000 1810 1071 ὲρημικῷ,
1843 1020 1862 1052 ι

303 1082 352 1135 τί
384 1083 492 1154 χρὴ
522 1084 618 1137 καὶ
646 1084 827 1153 λέγειν
854 1101 871 1152 ;
908 1085 1081 1141 τοῦτο
1118 1089 1180 1141 τὸ
1220 1090 1422 1158 πτηνὸν
1450 1091 1509 1143 ιν
1541 1092 1740 1163 ἄκραις
1772 1094 1872 1145 πέ-

302 1197 452 1250 τραις
490 1182 732 1250 πήγνυσι
763 1182 863 1252 τὴν
899 1184 1118 1251 καλιὰν,
1143 1188 1271 1249 τοὺς
1311 1187 1634 1252 ἐπιϐούλους
1676 1189 1873 1258 ἐκφεύ-

303 1266 412 1338 γειν
442 1271 535 1323 διὰ
581 1273 863 1342 φροντίδος
918 1277 1267 1346 ποιούμενον.
1331 1280 1470 1331 Ἀλλ’
1505 1282 1532 1332 6
1586 1281 1872 1344 ἐπίϐουλος

302 1360 417 1428 ὅτις
447 1362 617 1430 ἡνίκα
643 1363 736 1415 τὸν
774 1364 989 1433 πατέρα
1025 1365 1224 1435 μικρόν
1273 1383 1325 1418 τι
1351 1368 1462 1420 τῶν
1494 1367 1705 1421 τέκνων
1737 1371 1872 1422 ἀπο-

303 1454 510 1507 πτὰντα
545 1455 831 1524 θεάσηται,
868 1457 964 1527 τῆς
1016 1458 1307 1530 ἐπιϐουλῆς
1348 1462 1689 1531 παραχρῆμα
1743 1464 1875 1531 ἐφά-

305 1562 513 1601 πτεται.
546 1549 653 1602 Καὶ
678 1548 867 1616 ἐπειδὴ
904 1550 978 1620 μὴ
1015 1551 1406 1621 προσεγγίζειν
1465 1556 1532 1623 τῇ
1574 1554 1740 1624 καλιᾷ
1780 1554 1875 1607 δύ-

305 1654 476 1699 ναται,
504 1638 599 1692 τὸν
648 1639 729 1693 [δν
779 1641 966 1703 αὐτοῖς
994 1643 1200 1711 ὲπιχέει
1242 1645 1340 1697 καὶ
1376 1645 1682 1716 πόρρωθενο
1716 1663 1873 1717 περι·

308 1731 587 1799 σκοπήσας
625 1733 736 1803 γὰρ
778 1734 1042 1806 πρότερον
1091 1737 1213 1789 ὅθεν
1272 1739 1514 1792 εἰςπνὲει
1570 1741 1599 1792 6
1648 1740 1869 1809 ἄνεμος,

1978 546 2267 611 ἀειηῖηᾱε
2319 558 2423 613 sibi
2478 559 2703 631 ingratm
2747 559 2828 615 rei
2877 560 3128 616 accidere
3178 562 3538 628 signiﬁcaret.

1977 648 2109 714 Qum
2138 651 2183 705 si
2217 666 2345 705 vera
2379 661 2530 716 sunt,
2549 653 2681 722 quid
2714 668 2833 718 nos,
2860 668 3067 722 quaeso,
3095 654 3289 708 facturi
3315 659 3545 710 sumus?

1978 740 2070 807 qui
2110 740 2380 795 beneﬁcio
2434 743 2667 797 rationis
2696 744 2874 798 ornati
2911 743 3281 821 nihilominus
3305 745 3441 801 vita;
3459 762 3567 801 vom

1977 830 2281 900 luptatibus
2313 834 2437 903 plus
2467 848 2625 903 aequo
2656 850 2847 889 sumus
2879 834 3111 889 addicti.
3330 899 3339 907 ι

2047 920 2188 986 Quid
2223 921 2289 976 de
2316 923 2576 991 pelecano
2592 924 2885 979 dicemus?
2917 926 3154 994 cujusiu
3178 926 3410 982 Psalmis
3436 929 3553 983 suis
3578 968 3581 973 -

1979 1010 2212 1067 Davides
2242 1012 2407 1067 etiam
2434 1015 2685 1069 meminit
2719 1034 2731 1071 :
2776 1016 3006 1070 (Factus
3034 1032 3150 1071 sum
3177 1058 3191 1081 ,
3244 1018 3342 1080 ait,
3407 1021 3557 1088 pele-

1979 1118 2117 1157 cano
2140 1104 2396 1178 solitario
2423 1105 2617 1161 similis
2632 1107 2730 1161 ³⁷.»
2784 1107 2913 1162 Avis
2945 1108 3060 1162 haec
3091 1110 3319 1163 summis
3348 1111 3400 1163 in
3430 1127 3559 1166 sco--

1979 1197 2123 1265 pulis
2156 1196 2344 1251 nidum
2370 1199 2630 1263 exstruit,
2668 1199 2906 1253 sollicite
2941 1200 3267 1255 incumbens
3299 1203 3351 1254 in
3388 1202 3439 1255 id
3492 1215 3554 1258 ut

1981 1287 2334 1343 insidiatores
2368 1290 2529 1343 vitet.
2563 1290 2768 1344 Verum
2807 1306 3035 1359 serpens
3067 1291 3357 1344 insidiator
3383 1292 3550 1346 etiam

1981 1393 2175 1448 magno
2204 1394 2269 1433 ex
2299 1380 2592 1434 intervallo
2622 1380 2775 1435 virus
2800 1396 2959 1435 suum
2992 1382 3045 1435 in
3070 1382 3247 1450 pullos
3276 1383 3396 1446 ejus
3422 1398 3555 1437 evo-

1981 1469 2100 1522 mit.
2135 1469 2496 1540 Posteaquam
2559 1472 2705 1526 cuim
2758 1472 3149 1542 circumspexit
3186 1472 3329 1526 unde
3357 1482 3557 1528 ventus

1980 1564 2173 1633 spiret,
2214 1563 2280 1616 ah
2311 1578 2373 1617 ea
2426 1571 2579 1632 parte
2626 1579 2839 1618 veneno
2894 1564 3073 1617 aﬁlato
3128 1563 3413 1618 interitum
3471 1563 3555 1617 eis

1987 1635 2166 1706 aﬂ'ert.
2197 1651 2302 1723 45
2332 1652 2471 1705 Tum
2513 1668 2640 1707 vero
2672 1662 2827 1722 pater
2859 1668 3024 1723 supra
3060 1653 3209 1723 ipsos
3250 1654 3467 1716 volans,
3498 1661 3557 1710 et

1982 1742 2219 1795 naturali
2270 1743 2508 1811 quodam
2540 1743 2807 1798 instinctu
2862 1743 3033 1798 factas
3088 1742 3318 1797 insidias
3349 1743 3556 1812 depre-

306 1822 565 1877 κάκεῖθὲν
627 1803 961 1898 ὲμφυσῆσαςν
1008 1828 1193 1891 αὐτοῖς
1249 1830 1342 1882 τὸν
1396 1829 1496 1893 ἱὸν,
1551 1803 1874 1899 ὲπάγειττδν

1983 1829 2270 1893 hendens,
2325 1846 2435 1899 quo
2491 1841 2652 1900 pacto
2713 1848 3042 1900 recuperare
3108 1833 3275 1886 vitam
3344 1833 3561 1901 possint

307 1915 541 1987 ὀλεθρον.
584 1917 730 1970 Ἀλλ’
779 1921 807 1971 6
857 1919 1041 1988 πατὴρ
1076 1922 1311 1985 ὲπιπτὰς
1360 1920 1521 1985 αὖθις
1552 1924 1737 1986 αὐτοῖς
1778 1925 1877 1977 καὶ

309 2007 557 2070 φυσικοῖς
612 2023 724 2059 τισι
772 2008 952 2076 λόγοις
1003 2009 1104 2081 τὴν
1158 2011 1455 2082 ἐπιϐουλὴν
1492 2013 1692 2067 συνιῶν
1737 2008 1878 2067 οἶδεν

308 2088 461 2155 αὖθις
486 2094 612 2148 ὅθεν
636 2094 1059 2151 ἀναϐιώσαιντοο
1095 2098 1236 2151 κατὰ
1273 2099 1521 2169 κορυφῆς
1551 2098 1662 2168 γὰρ
1695 2099 1877 2152 αὐτῶν

307 2181 487 2250 ἠρέμα
545 2182 931 2252 πτερύσσεται,
980 2188 1071 2241 καὶ
1118 2190 1218 2252 τὰς
1259 2188 1504 2260 πλευρὰς
1530 2189 1878 2260 ἑκατέρωθεν

305 2274 661 2345 ἐπιπλήσσων
686 2278 809 2339 ταῖς
857 2278 1116 2344 πτέρυξιν
1155 2281 1384 2350 αἵματος
1430 2282 1614 2344 αὐτοῖς
1658 2282 1878 2355 ῥανίδας

306 2368 517 2438 ἀφίησι,
549 2370 847 2425 κάντεῦθεν
886 2372 935 2425 οἱ
968 2372 1264 2437 τεθνεῶτες
1315 2375 1524 2428 νεοττοὶ
1558 2373 1878 2444 παραδόξως

305 2460 765 2518 ἀναϐιώσκουσιν.

381 2551 682 2621 Ἐπίγνωθι
708 2555 825 2621 οὖν,
866 2558 1143 2631 ἁγαπητὲ,
1179 2560 1325 2626 τινος
1362 2561 1548 2617 ἕνεκεν
1579 2563 1611 2636 ἠ
1644 2564 1880 2634 παρᾶιδο-

308 2643 390 2707 ξος
426 2644 571 2715 αὕτη
610 2648 740 2719 περὶ
775 2650 841 2703 τὰ
873 2651 1073 2719 ἔγγονα
1118 2653 1197 2723 τῷ
1249 2654 1508 2707 πελεκᾶνι
1538 2656 1876 2724 συμπάθεια.

305 2734 732 2807 Σκιαγραφῆσαι
762 2740 872 2808 γὰρ
918 2744 947 2794 6
995 2741 1204 2813 Κύριος
1239 2743 1308 2797 τὰ
1359 2745 1483 2798 καθ’
1514 2746 1667 2817 ἡμᾶς
1698 2747 1879 2800 πάντα

304 2829 405 2880 κάν
435 2829 514 2899 τῷ
541 2831 733 2902 πτηνῷ
759 2832 931 2901 τούτῳ
964 2834 1134 2889 θέλων
1165 2836 1451 2905 ἀνέκαθεν,
1481 2840 1564 2892 ὅτι
1596 2857 1656 2892 τε
1690 2840 1877 2910 παρά-

305 2921 479 2985 δεισος
520 2924 769 2980 ἔκτισται
821 2931 916 2982 καὶ
958 2929 1151 3002 ὅτιπερ
1186 2931 1245 2984 ἓν
1295 2932 1444 3002 αὐτῷ
1471 2933 1880 3003 οἱπρωτόπλα-

305 3031 419 3068 στοι
450 3016 727 3071 τέθεινται
752 3059 768 3082 ,
814 3022 895 3075 ὅτι
942 3024 971 3075 6
1003 3024 1190 3092 νοητὺς
1224 3024 1348 3094 δφις
1392 3027 1483 3078 τὸν
1517 3026 1749 3096 ψυχικὸν
1778 3028 1877 3080 αὗ-

303 3110 435 3213 τοϊς⁸
473 3108 816 3179 προύξένησε
848 3113 1101 3180 θάνατον,
1138 3117 1234 3168 καὶ
1276 3117 1359 3169 ὄτι
1410 3116 1763 3188 φιλόστοργος
1788 3113 1876 3170 οἷα
1904 3155 1948 3213 C

306 3198 490 3271 πατὴρ
527 3202 622 3253 ἐπὶ
654 3203 910 3259 τεθνεῶσι
941 3207 1132 3260 παισὶν
1164 3209 1191 3261 6
1226 3208 1453 3279 ποιητὴς
1479 3210 1702 3263 πάντων
1745 3209 1878 3273 Θεὸς

305 3292 389 3344 ἐπ’
422 3293 610 3357 αὐτοῖς
660 3296 1107 3367 ὲπικὰμπτεται,
1154 3300 1487 3370 χρηματίζει
1538 3319 1598 3356 τε
1644 3301 1715 3355 τὰ
1754 3302 1879 3356 καθ’

305 3387 454 3456 ἡμᾶς
479 3388 775 3459 ἄνθρωπος
805 3392 902 3444 καὶ
950 3392 1128 3446 πάντα
1170 3393 1240 3446 τὰ
1291 3392 1457 3448 λοιπὰ
1492 3394 1877 3473 καταδέχεται,

306 3480 394 3534 ἐπὶ
422 3481 666 3550 σταυροῦ
712 3482 1029 3537 τελευταῖον
1077 3485 1329 3554 ὑψοῦται,
1369 3487 1464 3539 καὶ
1500 3488 1600 3557 τῆς
1636 3487 1880 3557 πλευρᾶς

307 3571 469 3625 αὑτοῦ
515 3572 844 3643 ζωήρῤυτον
891 3570 1030 3643 αἷμα
1080 3574 1265 3644 ὲκχέει
1303 3577 1382 3639 εἰς
1428 3575 1735 3631 ἀνάπλασιν
1769 3577 1881 3631 τῶν

309 3666 758 3735 πρωτπλάστων
789 3668 1015 3720 ἐκείνων
1042 3668 1151 3720 τῶν
1182 3667 1261 3732 τῷ
1314 3667 1378 3737 ἰῷ
1409 3667 1753 3737 τεθνηκότων
1782 3670 1878 3723 τοῦ

307 3756 506 3826 ὄφεως,
537 3758 802 3828 τοιαύτην
831 3759 908 3828 τῷ
940 3759 1199 3812 πελεκᾶνι
1256 3758 1607 3828 συμπάθειαν
1653 3762 1784 3830 περὶ
1812 3761 1882 3814 τὰ

307 3849 504 3915 ἔγγονα
544 3849 668 3901 κατ’
696 3851 873 3919 ἀρχὰς
909 3849 1259 3919 ἐνεφύτευσε.
1293 3847 1393 3902 Διὰ
1417 3850 1527 3921 γὰρ
1579 3849 1739 3904 τοῦτο
1786 3854 1881 3905 καὶ

308 3940 472 3992 Δαϐὶδ
500 3938 793 4009 προλαϐὼν
826 3939 1033 4007 ἔλεγενο
1068 3958 1086 3991 ι
1110 3938 1420 4010 Ὠμοιώθην
1459 3941 1720 3994 πελεκᾶνι
1752 3944 1882 4013 ἐρη-

312 4031 478 4100 μικῷ.
526 4050 544 4083 ι
607 4031 855 4085 Πελεκὰν
910 4031 1018 4101 γὰρ
1058 4031 1221 4097 αὐτὸς
1272 4032 1301 4085 6
1336 4031 1594 4103 Χριστὸς,
1634 4037 1798 4091 καλιά
1854 4040 1882 4090 ό

311 4122 661 4190 παράδεισος,
724 4124 928 4174 νεοττοὶ
986 4124 1035 4177 ei
1096 4123 1535 4194 πρωτόπλαστοι,
1592 4116 1881 4193 ἐπίϐουλος

306 4211 430 4280 δφις
464 4213 627 4276 αὐτὸς
657 4213 685 4265 6
719 4213 990 4279 διάϐολος,
1033 4216 1107 4279 ῐὸς
1137 4216 1315 4286 ὄφεως
1341 4220 1375 4288 ἠ
1411 4217 1474 4270 ἐκ
1502 4216 1597 4270 τοῦ
1632 4217 1880 4272 διαϐόλου

308 4304 529 4365 πάντως
580 4304 790 4375 ἀπάτη,
824 4306 1054 4370 θάνατος
1105 4309 1133 4360 6
1182 4309 1246 4361 ικ
1289 4303 1381 4363 τοῦ
1413 4309 1551 4363 Θεοῦ
1578 4310 1880 4381 χωρισμὸς,

310 4395 623 4464 συμπάθεια
678 4397 919 4467 πατρικὴ
955 4399 988 4465 ἡ
1046 4397 1141 4451 τοῦ
1201 4392 1337 4452 Θεοῦ
1386 4400 1557 4469 Λόγου
1611 4401 1883 4472 armis;

1980 1919 2257 1988 cognitum
2292 1918 2484 1973 habet.
2520 1919 2653 1973 Nam
2686 1921 2889 1975 leniter
2919 1936 3086 1989 supra
3136 1921 3354 1977 illorum
3385 1922 3555 1979 verti-

1979 2024 2097 2064 cem
2123 2010 2237 2064 alas
2284 2010 2624 2080 cxpandens,
2688 2018 2743 2064 et
2790 2011 2993 2065 feriens
3050 2011 3312 2081 utrinque
3355 2013 3555 2077 latera,

1979 2109 2160 2171 guttas
2187 2100 2240 2155 in
2278 2118 2375 2157 eos
2401 2103 2685 2171 sanguinis
2718 2102 2981 2158 demittit.
3041 2102 3163 2168 Quo
3220 2103 3365 2157 farto
3412 2119 3552 2177 nova

1980 2200 2035 2245 et
2095 2192 2376 2263 inopinata
2430 2193 2669 2261 quadam
2739 2194 2954 2255 ratione
3011 2193 3147 2264 pulli
3204 2192 3332 2251 vita:
3396 2194 3555 2251 restis

1984 2292 2238 2343 tuuntur.

2050 2563 2164 2618 liae
2192 2563 2527 2634 exemplum,
2563 2562 2763 2618 dilecte
2794 2561 2893 2627 ﬁli,
2948 2560 3109 2616 velim
3141 2558 3274 2613 mihi
3305 2560 3563 2614 conside-

1981 2672 2090 2711 res.
2124 2656 2494 2723 Quamobrem
2531 2657 2704 2711 indita
2760 2664 2843 2709 est
2889 2656 3151 2725 pelecano
3214 2654 3565 2710 admirabilis

1982 2747 2098 2802 haec
2131 2764 2257 2817 erga
2297 2748 2543 2802 sobolem
2589 2747 2841 2802 aﬂectio?
2892 2746 3029 2802 Cum
3065 2746 3237 2799 multo
3271 2753 3399 2799 ante
3446 2744 3556 2795 D0-

1981 2841 2167 2894 minus
2219 2838 2325 2892 hac
2381 2838 2436 2893 in
2473 2854 2574 2893 ave
2635 2839 2801 2893 vellet
2855 2839 3170 2907 exprimere
3206 2844 3404 2891 cuncta
3438 2850 3560 2904 qua:

1982 2931 2141 2985 nobis
2169 2930 2515 2993 acciderunt,
2546 2929 2695 2998 quod
2732 2929 2991 2982 nimirum
3025 2929 3318 2998 paradisus
3366 2927 3561 2981 condi-

1980 3032 2069 3076 tus
2098 3020 2188 3085 sit,
2251 3020 2397 3089 quod
2457 3020 2509 3073 in
2547 3034 2614 3073 eo
2665 3019 2918 3073 collocati
2956 3019 3210 3073 homines
3256 3019 3329 3072 illi
3364 3019 3555 3087 primi,

1981 3114 2127 3183 quod
2166 3112 2502 3168 intellectilis
2554 3112 2647 3167 ille
2709 3126 2937 3181 serpens
2977 3110 3165 3165 animi
3194 3121 3425 3164 mortem
3475 3110 3559 3164 eis

1980 3205 2375 3269 conciliaverit,
2442 3203 2587 3273 quod
2622 3203 2807 3273 opifex
2853 3204 3101 3257 omnium
3137 3204 3295 3257 Deus-
3331 3214 3559 3271 paterna

1980 3298 2365 3354 benevolentia
2396 3298 2546 3352 velut
2576 3313 2703 3366 erga
2738 3295 2880 3350 ﬁlios
2913 3304 3116 3358 motus,
3147 3296 3313 3349 homo
3351 3296 3555 3358 lactus,

1981 3390 2162 3443 omnia
2191 3403 2509 3459 perpessus,
2544 3387 2766 3444 tandem
2797 3386 2853 3440 in
2897 3401 3117 3441 crucem
3159 3386 3411 3440 sublatus
3462 3380 3556 3452 sil,

1982 3485 2132 3552 quod
2171 3482 2239 3539 de
2270 3482 2444 3538 latere
2475 3496 2574 3535 suo
2630 3481 2957 3552 sanguinem
3014 3479 3295 3543 elfutlcrit,
3360 3496 3551 3534 verum

1982 3578 2109 3632 vitae
2141 3578 2346 3642 rivum,
2408 3575 2475 3630 ad
2512 3574 2821 3645 primorum
2856 3573 3143 3628 hominum
3199 3572 3558 3627 instauratio—

1982 3687 2133 3730 nem,
2166 3670 2259 3738 qui
2298 3683 2514 3724 veneno
2545 3667 2822 3737 serpentis
2848 3665 3107 3719 exstincti
3148 3665 3389 3725 fuerant.
3439 3665 3558 3734 ipso

1982 3776 2169 3814 rerum
2205 3759 2365 3814 initio
2397 3759 2561 3813 talem
2590 3774 2717 3827 erga
2747 3757 2992 3811 sobolem
3024 3772 3177 3809 suam
3208 3755 3554 3810 all'cctioncm

1983 3855 2242 3924 pelecano
2300 3851 2523 3907 insevit.
2594 3850 2729 3904 Nam
2780 3856 3074 3918 propterea
3147 3864 3245 3916 per
3298 3848 3555 3901 Davidem

1983 3950 2156 4001 multo
2188 3954 2315 3999 ante
2354 3943 2538 3999 verbis
2567 3942 2653 3996 his
2684 3956 2815 3996 usus
2833 3951 2917 4013 est
2946 3958 2960 3994 :
2995 3924 3224 3994 «Factus
3258 3954 3378 3992 sum
3414 3940 3557 4006 pele~

1984 4057 2122 4098 cano
2147 4039 2395 4095 solitario
2432 4037 2681 4092 similis.»
2713 4037 2927 4091 Etenim
2977 4036 3272 4102 pelecanus
3304 4043 3395 4088 est
3443 4034 3560 4102 ipse

1932 4153 1942 4162 ·
1983 4131 2255 4194 Christus,
2285 4130 2452 4185 nidus
2479 4128 2793 4199 paradisus,
2866 4126 2998 4196 pulli
3034 4126 3275 4195 primum
3349 4124 3557 4180 conditi

1984 4222 2258 4284 homines,
2294 4234 2525 4289 serpens
2556 4218 2849 4273 insidiator
2894 4218 3012 4286 ipse
3066 4215 3344 4279 diabolus,
3406 4214 3560 4268 virus

1985 4315 2262 4384 serpentis
2295 4313 2448 4367 fraus
2481 4312 2706 4374 diaboli,
2742 4325 2891 4364 mors
2924 4325 2954 4364 a
2990 4293 3102 4366 Dei)
3130 4307 3439 4377 diremptus
3479 4318 3563 4361 at-

1986 4422 2093 4477 que
2120 4404 2416 4475 separatio.
2446 4413 2674 4473 paterna
2699 4402 2916 4456 aﬁ‘ectio
2947 4401 3041 4456 Dei
3112 4401 3387 4455 sermonis
3418 4399 3557 4454 facta

309 4487 751 4558 ὲνανθρὼπησις.
798 4490 862 4541 Ἦ
884 4490 941 4543 δὲ
973 4489 1084 4543 τῶν
1115 4492 1349 4544 νεοττῶν
1382 4492 1622 4563 ὕπερθεν
1657 4496 1880 4550 ἐπιπτέ-

1992 4497 2175 4553 nostri.
2201 4511 2366 4551 causa
2412 4505 2625 4550 natura:
2678 4495 2935 4548 humana:
2982 4493 3308 4561 assumptio,
3348 4491 3577 4544 alarum'

314 4578 465 4646 ρυξις
518 4581 551 4649 ἡ
607 4581 698 4632 ἐπὶ
732 4581 966 4657 σταυροῦ
1016 4582 1109 4636 τοῦ
1151 4584 1393 4652 Χριστοῦ
1422 4586 1529 4637 τῶν
1559 4587 1884 4656 πρωτοπλά-

312 4685 454 4721 στων
486 4671 695 4723 ἄνωθεν
721 4673 1091 4744 ἀπαιώρησις,
1122 4676 1375 4746 πλευρων
1402 4676 1695 4748 ἐπίπληξις
1729 4681 1762 4747 ἠ
1787 4681 1885 4750 τῆς

313 4761 469 4827 θείας
496 4764 645 4831 νύξις
678 4765 943 4836 πλευρᾶς,
984 4769 1081 4822 καὶ
1111 4772 1422 4826 τελευταῖον
1456 4775 1566 4835 τοῖς
1593 4774 1886 4829 τεθνεῶσιν

311 4855 607 4919 ὲπιστάζον
654 4852 794 4925 αἷμα
844 4860 1182 4931 ξωήρρυτονο
1227 4864 1275 4915 εξ
1310 4862 1387 4932 μὴ
1418 4863 1528 4932 γὰρ
1560 4863 1885 4935 ζωήρῤυτον

310 4941 402 5014 ἧν,
436 4948 537 5000 οὐκ
568 4948 633 5002 ἂν
665 4951 784 5012 τοῖς
816 4952 968 5006 κάτω
991 4955 1272 5023 κειμένοις
1303 4956 1598 5025 ἐχαρίσατο
1630 4957 1728 5027 τὴν
1761 4959 1892 5012 ἀνά-

314 5056 531 5094 στασιν.
578 5043 777 5107 Καλῶς
808 5040 901 5098 οὖν
935 5046 1091 5115 ἔλεγε
1140 5048 1230 5103 διὰ
1274 5050 1369 5104 τοῦ
1404 5052 1689 5121 προφήτου
1721 5053 1749 5105 6
1777 5052 1891 5108 Κύ-

316 5145 453 5197 ριος’
492 5151 510 5182 ι
555 5131 863 5206 Ὠμοιώθην
889 5137 1147 5193 πελεκᾶνι
1179 5141 1454 5213 ὲρημικῷ.
1494 5161 1513 5196 ι

384 5306 551 5374 Λέγει
586 5311 644 5364 δὲ
684 5316 746 5366 τὸ
792 5319 931 5371 κατὰ
974 5318 1189 5372 Λουκᾶν
1222 5318 1558 5389 Εὖαγγέλιον
1603 5323 1735 5394 περὶ
1782 5325 1889 5379 τῶν

314 5398 568 5466 κοράκων
617 5406 789 5459 ὅτιού
841 5409 1153 5477 σπείρουσιν
1206 5413 1325 5465 οὐδὲ
1380 5414 1705 5483 θερίζουσιν,
1753 5418 1783 5468 6
1828 5417 1885 5472 δὲ

311 5488 451 5554 Θεὸς
479 5494 667 5566 τρέφει
714 5499 869 5554 αὐτά.
901 5499 1058 5565 Τίνος
1091 5505 1275 5557 ἕνεκεν
1313 5508 1547 5560 ἐνταῦθα
1578 5507 1686 5562 τῶν
1717 5509 1885 5578 κορά-

312 5597 431 5634 κων
472 5585 528 5650 ἐξ
558 5587 821 5658 ὀνόματος
865 5594 1179 5665 μέμνηται;
1216 5599 1446 5667 Λέγεται
1492 5598 1587 5654 οὖν
1621 5602 1703 5655 ὅτι
1738 5619 1888 5672 μισο-

391 5752 438 5784 ³⁷
485 5754 618 5812 Psal.
654 5771 725 5823 Cl,
767 5758 817 5813 8.
900 5760 937 5792 ⁸⁸
970 5759 1101 5816 Luc.
1143 5777 1241 5829 xu,
1274 5763 1363 5818 2i.
1400 5724 1409 5737 ⁸

1985 4604 2152 4659 supra
2188 4587 2367 4657 pullos
2393 4584 2659 4656 expansio
2716 4583 2921 4639 Christi
2954 4597 3118 4652 supra
3148 4580 3401 4637 conditos
3436 4581 3565 4635 illos

1987 4681 2225 4750 primum
2261 4679 2513 4733 homines
2543 4677 2598 4730 in
2633 4691 2854 4731 crucem
2882 4675 3146 4741 sublatio,
3171 4676 3402 4729 laterum
3441 4674 3562 4743 pul-

1986 4774 2129 4827 satio
2159 4771 2330 4826 divini
2359 4769 2554 4826 lateris
2582 4769 2833 4838 punetin,
2862 4784 3027 4838 quam
3065 4778 3255 4823 secuta
3306 4777 3392 4823 est
3434 4783 3565 4822 san-
3594 4804 3597 4807 λ

1986 4864 2171 4935 guinis
2219 4864 2346 4917 vita:
2395 4862 2604 4916 fontem
2653 4861 2989 4916 continentis
3051 4861 3373 4918 destillatio.
3444 4862 3565 4916 Nisi

1988 4955 2137 5009 enim
2166 4954 2416 5008 viviﬁcus
2437 4963 2604 5017 esset,
2640 4953 2930 5022 prostratis
2961 4954 3429 5008 resurrectionem
3464 4954 3566 5009 im-

1989 5048 2182 5119 partiri
2242 5061 2350 5099 non
2396 5056 2601 5114 posset.
2656 5046 2842 5113 Itaque
2898 5060 2997 5114 per
3053 5054 3236 5099 vatem
3295 5044 3567 5101 Dominus

1988 5139 2256 5208 praeclare
2283 5137 2420 5193 dixit
2454 5153 2469 5190 :
2509 5154 2527 5187 ι
2568 5135 2769 5191 Factus
2825 5150 2945 5189 sum
2997 5136 3264 5204 pelccano
3316 5135 3569 5191 solitario

1988 5226 2197 5283 similis.
2214 5246 2232 5278 ι

2066 5320 2438 5388 Perscriptum
2486 5328 2571 5374 est
2619 5317 2671 5372 in
2724 5316 3014 5383 Evangelia
3042 5313 3252 5372 Lucae”
3286 5331 3341 5375 ιι
3376 5314 3571 5369 Consi-

1997 5418 2187 5469 derate
2216 5428 2429 5476 corvos,
2480 5413 2573 5482 qui
2611 5427 2790 5481 neque
2817 5420 3008 5466 serunt
3042 5424 3221 5480 neque
3241 5416 3469 5470 metunt,
3511 5413 3569 5460 et

1996 5508 2137 5562 Deus
2187 5506 2549 5561 nihilominus
2584 5520 2680 5561 eos
2705 5505 2818 5559 alit.
2862 5523 2879 5555 ι
2913 5502 3280 5569 Quamobrem
3308 5500 3411 5550 hoc
3445 5497 3570 5550 loco

1998 5597 2325 5657 nominatim
2389 5614 2676 5655 corvorum
2745 5596 2805 5650 ﬁt
2875 5592 3077 5650 mentio
3134 5592 3156 5644 ?
3202 5586 3569 5658 perhibentur
