4052 6200
465 259 563 337 167

1696 263 2117 326 ΜῘΕΗᾹΕΙᾸΞ
2154 266 2419 329 αιΥοτΕ

3600 267 3699 331 108

444 380 600 437 (σι’τί
662 376 908 434 sobolem
942 394 1090 436 suam
1121 378 1320 451 odisse,
1354 394 1415 432 ac
1446 390 1732 449 propterea
1766 380 2033 449 pullorum

2146 381 2359 443 τέκνους
2394 379 2554 443 ὄντας
2583 378 2779 441 αὐτοὺς
2814 378 3137 451 μὴβρέφειν
3162 378 3229 431 τὰ
3255 380 3433 432 οίκεῖα
3462 380 3698 440 νεόττια.

444 466 767 520 τἸεηᾱοτιιιη
822 480 1010 519 curam
1048 464 1305 533 abjieere.
1357 465 1557 519 Verum
1606 467 1641 522 ii
1704 467 1796 521 Dei
1848 469 2028 537 provi-

450 558 636 612 dentia
670 556 919 611 victitare
951 555 1278 624 quibusdam
1324 556 1575 623 feruntur
1602 559 1944 612 animalculis
1964 575 2027 613 ex

346 664 358 672 '
450 661 580 703 aere
621 654 845 717 propter
880 647 1025 715 ipsos
1084 649 1439 703 nascentibus
1486 650 1624 703 etin
1670 666 1783 704 ora-
1811 651 2027 704 illorum

445 739 841 795 nelabentibus.
884 736 995 794 lloc
1040 739 1239 809 ipsum,
1273 755 1483 809 quzeso,
1504 751 1762 812 quantam
1792 742 2028 795 admira-

448 834 650 884 tionem
686 830 973 885 meretur?

512 919 648 975 Cum
681 923 849 979 semel
904 923 1060 977 fucos
1111 924 1597 995 deprehenderunt
1641 942 1811 997 apes,
1865 943 2029 997 panic

445 1026 507 1064 ac
540 1012 742 1066 leniter
795 1014 849 1067 in
908 1030 1004 1069 eos
1032 1015 1251 1070 irruunt
1283 1026 1336 1070 et
1386 1028 1575 1087 captos
1601 1034 1630 1071 a
1667 1020 2029 1073 contubernio

446 1116 547 1155 sao
579 1103 856 1173 ablegant.
903 1105 997 1159 Sin
1033 1123 1227 1163 rursus
1270 1124 1365 1163 eos
1407 1110 1799 1182 intercipiant,
1857 1120 2029 1164 morte

447 1194 710 1249 alliciunt.
761 1194 872 1267 46
900 1195 1127 1252 Ezedem
1174 1200 1372 1270 partim
1404 1217 1587 1272 regem
1622 1202 1789 1257 veluti
1822 1202 2029 1257 satelli-

448 1294 531 1338 tes
562 1284 786 1352 stipant,
815 1287 1022 1355 partim
1051 1296 1351 1346 nocturnas
1378 1290 1637 1345 excubias
1667 1299 1855 1359 agunt,
1882 1290 2027 1360 quod

449 1385 519 1424 eo
559 1379 807 1442 tempore
838 1377 1122 1444 quiescant
1150 1377 1270 1431 alizc
1300 1378 1580 1434 laboribus
1623 1379 1879 1450 fatigatae,
1907 1396 2031 1451 par-

455 1462 550 1516 tim
592 1465 693 1519 hoc
724 1458 971 1521 muneris
994 1466 1196 1522 habent
1224 1479 1282 1523 ut
1309 1478 1554 1525 mortuas
1580 1470 1892 1542 exportent.

525 1552 720 1609 Mirum
759 1555 925 1610 videri
962 1571 1071 1611 non
1131 1558 1299 1614 debet
1335 1577 1438 1615 una
1499 1578 1624 1616 cum
1678 1563 2035 1620 incrementis

450 1659 512 1699 ac
587 1645 1066 1703 deminutionibus
1119 1649 1263 1705 luna:
1330 1664 1460 1707 acra
1523 1669 1742 1724 quoque
1783 1657 2029 1723 mutari,

456 1734 680 1801 quando
713 1738 995 1793 nonnullis
1036 1741 1088 1793 in
1152 1742 1487 1799 animalibus
1540 1745 1682 1800 idem
1738 1748 2033 1804 usuvenire
2066 1726 2105 1780 Β

450 1825 727 1882 videmus.
760 1826 893 1883 Nam
930 1830 1149 1885 tradunt
1176 1833 1305 1887 ibim
1334 1835 1621 1889 cmloluna
1651 1847 1873 1893 carente
1901 1840 2034 1893 nihil

448 1930 698 1981 cernere,
732 1918 826 1972 sed
869 1920 1059 1975 oculos
1094 1922 1295 1978 habere
1341 1924 1577 1991 clausos,
1615 1943 1716 1982 nec
1742 1928 1876 1984 cibis
1912 1928 2037 1984 ullis

450 2006 552 2060 uti.
597 2007 667 2061 Et
695 2008 923 2078 quidem
960 2010 1014 2063 in
1050 2012 1236 2077 simio,
1263 2030 1423 2079 quem
1462 2030 1747 2085 cercopcm
1794 2033 2035 2086 vocant,

448 2096 769 2153 etl‘cctiones
798 2100 899 2155 hac
946 2102 999 2155 in
1034 2113 1187 2172 parte
1215 2114 1343 2159 sunt
1369 2107 1692 2163 illustriores
1719 2128 1732 2162 :
1759 2124 1881 2163 nam
1912 2126 2037 2165 cum

458 2189 705 2256 augescit
754 2189 883 2243 luna
911 2230 925 2255 ,
964 2194 1252 2247 oculorum
1293 2196 1447 2251 orbis
1488 2199 1537 2251 ei
1592 2199 1873 2266 dilatatur,
1911 2216 2036 2255 cum

452 2278 815 2345 deminuitur,
839 2291 894 2334 et
922 2282 1036 2352 ipse
1058 2284 1428 2340 contrahitur.
1452 2286 1593 2352 Quin
1618 2290 1782 2343 etiam
1808 2293 2037 2346 mustela

453 2370 745 2429 deﬁciente
827 2375 972 2431 lunae
1044 2378 1256 2432 lumine
1298 2379 1465 2449 jecur
1520 2382 1770 2437 imminui
1829 2384 2034 2449 sentit;

457 2463 761 2535 eademque
800 2483 1017 2525 rursum
1052 2484 1373 2538 crescente,
1425 2476 1732 2531 membrum
1787 2476 1929 2531 idem
1957 2479 2039 2531 vi-

454 2555 639 2609 cissim
716 2564 965 2628 augetur.
1060 2563 1363 2619 Perhibent
1451 2567 1616 2619 etiam
1672 2566 1724 2619 in
1788 2567 2038 2637 llydaspe

454 2642 621 2700 ﬂuvio
676 2648 912 2717 lapidem
942 2654 1233 2723 quemdam
1272 2653 1419 2709 nasci
1470 2670 1635 2724 quem
1693 2656 1909 2712 lichnen
1941 2672 2038 2711 vo-

457 2746 583 2791 cant
636 2758 650 2793 :
693 2740 737 2793 is
780 2756 1113 2813 augescente
1177 2746 1306 2801 luna
1362 2762 1559 2802 sonum
1614 2747 1792 2803 dulcis
1843 2757 2039 2803 cantus

456 2827 622 2883 edere
684 2830 884 2886 fertur.
937 2834 995 2887 ln
1030 2834 1255 2890 ﬂumine
1304 2835 1543 2903 quodam
1580 2834 1789 2892 Celtico
1830 2837 2037 2907 piscem

457 2921 722 2978 exsistere
757 2912 1002 2991 tradunt,
1039 2927 1134 2996 qui
1190 2927 1260 2981 ab
1314 2927 1519 2983 incolis
1560 2927 1766 2998 clepias
1800 2929 2040 2999 appelle-

459 3020 546 3065 tur
574 3033 587 3068 :
626 3014 674 3069 is
706 3016 829 3070 luna
863 3028 1145 3073 crescente
1176 3020 1427 3083 albescit,
1458 3020 1739 3075 deminuta
1780 3022 2034 3091 nigricat.

2133 472 2425 544 τρέφεσθαι
2460 472 2516 527 δὲ
2550 473 2779 543 προνοίᾳ
2800 472 2936 525 Θεοῦ
2972 472 3083 524 ἀπὸ
3112 471 3219 524 τῶν
3264 472 3703 541 παραφυομένων

2132 565 2209 634 τῷ
2239 565 2365 633 ἀέρι
2396 564 2651 634 ζωῦφίων
2693 564 2772 633 τῷ
2806 564 3036 633 στόματι
3071 563 3251 616 αὐτῶν
3299 564 3701 633 ἐμπιπτόντων.

2135 659 2308 713 Πόσου
2343 658 2397 711 δὲ
2430 657 2521 711 καὶ
2550 656 2708 711 τοῦτο
2740 654 3016 726 θαύματος
3047 656 3232 720 ἄξιονς

2208 923 2275 976 Αἰ
2309 923 2560 992 μέλισσαι
2596 922 2722 985 τοὺς
2767 921 3017 990 κηφῆνας
3048 919 3267 987 ἐφάπαξ
3298 921 3705 976 καταλαϐοῦσαι

2132 1014 2510 1087 πεφεισμένως
2554 1014 2815 1067 τύπτουσι
2865 1013 2958 1066 καὶ
3008 1012 3335 1066 ἀπολύουσιν
3363 1028 3381 1055 ἠ
3413 1014 3463 1066 εί
3500 1013 3557 1065 δὲ
3608 1015 3703 1067 καὶ

2132 1103 2288 1167 αὖθις
2340 1105 2537 1167 αὐτοὺς
2590 1104 2903 1175 κατάσχωσι
2940 1105 3170 1175 νεκροὺς
3208 1104 3557 1172 ἐργάζονται.
3591 1104 3701 1156 Καὶ

2133 1200 2186 1249 οἱ
2243 1197 2340 1268 μὲν
2396 1197 2575 1253 αὐτῶν
2637 1200 2714 1268 τῷ
2775 1199 2985 1269 βασιλεῖ
3043 1197 3440 1268 δορυφοροῦσιν
3473 1239 3491 1264 ,
3541 1199 3595 1251 αί
3642 1198 3725 1257 δὲ

2134 1289 2325 1354 νυκτὸς
2371 1289 2785 1359 ὲπαγρυπνοῦσι
2834 1289 3083 1360 φυλακῆς
3131 1290 3292 1360 χάριν
3351 1289 3438 1343 διὰ
3494 1291 3555 1342 τδ
3603 1288 3704 1349 τὰς

2133 1381 2410 1443 κοπιώσας
2443 1382 2563 1433 τότε
2594 1379 3124 1443 άναπαύεσθαι,τῶν
3171 1380 3229 1435 δὲ
3274 1380 3439 1451 ἔργον
3484 1377 3602 1432 ἐστὶ
3640 1378 3706 1430 τὸ

2133 1477 2233 1537 τὰς
2260 1473 2461 1544 νεκρὰς
2489 1473 2847 1543 ἀποκομίζειν
2886 1472 3107 1538 ἔξωθεν.

2205 1565 2280 1620 Οὐ
2316 1565 2420 1637 χρὴ
2465 1564 2789 1635 θαυμάζειν.
2814 1565 2928 1633 εἴγε
2978 1567 3099 1626 ταῖς
3146 1563 3247 1634 τῆς
3283 1560 3512 1634 σελήνης
3544 1562 3708 1627 αὖξορ

2137 1653 2396 1724 μειώσεσι
2431 1654 2824 1725 μεταϐάλλεται
2850 1656 2877 1708 6
2907 1655 3035 1727 ἀὴρ,
3066 1655 3199 1708 ὅπου
3227 1670 3289 1721 γε
3328 1653 3423 1707 καὶ
3452 1654 3511 1706 ὲν
3541 1653 3702 1718 ζώοις

2135 1744 2277 1797 τισὶν
2314 1744 2430 1797 ἔστι
2454 1744 2614 1798 τοῦτο
2644 1746 2793 1798 ἰδεῖν.
2824 1745 2962 1797 Φασὶ
3003 1745 3113 1815 γὰρ
3162 1743 3263 1807 τὴν
3309 1744 3417 1796 ί6ιν
3450 1741 3708 1812 μηδαμοῦ

2140 1837 2272 1906 δρᾷν
2315 1836 2401 1889 ὅτε
2445 1835 2705 1902 ἁσέληνος
2740 1838 2766 1888 6
2800 1834 3049 1905 οὐρανὸς,
3087 1832 3242 1903 μύειν
3286 1833 3344 1886 δὲ
3377 1834 3467 1885 καὶ
3516 1833 3707 1887 ἄσιτον

2142 1926 2345 1998 μένειν.
2398 1925 2458 1980 ’0
2485 1923 2542 1978 δὲ
2588 1925 2810 1995 κέρκωψ
2849 1925 3141 1995 προδηλοτέ
3153 1942 3250 1995 ρας
3281 1923 3392 1993 ἔχει
3422 1923 3519 1985 τὰς
3549 1924 3707 1990 ἐνερ-

2138 2020 2329 2086 γείας·
2376 2019 2465 2071 ὅτε
2512 2018 2619 2087 γὰρ
2667 2016 2821 2081 αὔξει
2854 2020 2887 2083 ή
2928 2017 3149 2087 σελήνη,
3185 2019 3212 2071 6
3258 2016 3368 2071 τῶν
3411 2013 3708 2084 ὀφθαλμῶν

2138 2111 2337 2172 κύκλος
2392 2111 2564 2179 τούτῳ
2610 2110 2919 2180 εὐρύνεται,
2950 2110 3037 2164 ὅτε
3080 2109 3137 2163 δὲ
3181 2108 3452 2179 μειοῦται,
3489 2106 3715 2159 συστέλ-

2138 2204 2313 2257 λεται.
2351 2202 2510 2256 Ἀλλὰ
2541 2203 2634 2255 καὶ
2664 2204 2698 2273 ἡ
2727 2202 2867 2269 γαλῆ
2916 2201 3363 2271 λειψοφωτούσης
3408 2202 3503 2269 τῆς
3550 2197 3715 2269 σελή-

2139 2313 2236 2364 νης
2257 2296 2462 2362 ἥπατος
2495 2294 2743 2348 λείπεται
2768 2310 2780 2322 ’
2812 2291 3229 2363 αὑξιφωτοῦσης
3259 2292 3317 2345 δὲ
3346 2292 3510 2345 πάλιν
3535 2289 3711 2359 αὐτῆς

2138 2388 2199 2439 τὸ
2234 2388 2476 2440 τοιοῦτον
2522 2386 2693 2455 αὐτῆς
2745 2384 3188 2452 προσεπαύξεται
3237 2384 3449 2456 μόριον.
3483 2382 3621 2436 Φασὶ
3648 2380 3712 2433 δὲ

2140 2479 2235 2532 καὶ
2269 2479 2328 2530 ὲν
2358 2478 2590 2550 ποταμῷ
2616 2478 2695 2547 τῷ
2740 2477 2983 2549 Ὑδάσπῃ
3014 2477 3307 2547 γεννᾶσθαι
3344 2474 3491 2528 λίθον
3521 2473 3713 2543 λίχνην
3770 2524 3781 2533 ,

2139 2570 2495 2640 καλούμενον,
2532 2571 2590 2634 ὃς
2632 2570 2858 2641 σελήνης
2910 2570 3216 2640 αὐξομένης
3258 2565 3390 2639 ἦχον
3444 2564 3710 2636 μελῳδίας

2139 2661 2413 2716 ἀποτελεῖ.
2446 2663 2556 2717 Kal.
2606 2663 2663 2714 ὲν
2712 2661 2945 2733 ποταμῷ
2991 2661 3049 2714 δὲ
3100 2658 3349 2728 Κελτικῷ
3398 2655 3711 2712 διαιτᾶσθαι

2143 2754 2294 2825 ἰχθὺν
2324 2753 2569 2807 κλωπίαν
2615 2753 2899 2826 ὶγχωρίως
2924 2752 3282 2821 καλούμενον,
3316 2752 3374 2811 ὃς
3404 2750 3711 2818 αὐξομένης

2139 2843 2234 2910 τῆς
2260 2842 2487 2911 σελήνης
2511 2842 2878 2911 λευκαίνεται,
2916 2842 3243 2911 μειουμένης
3274 2842 3329 2894 δὲ
3364 2840 3703 2909 μελαίνεται.

2140 2934 2322 2985 Ταῦτα
2357 2933 2412 2985 δὲ
2440 2934 2505 3003 τῇ
2537 2933 2826 3005 ἑξαημέρῳ
2854 2933 3016 2986 αὐτοῦ
3052 2931 3517 3003 συμπεριείληφεν
3548 2931 3574 2981 6
3606 2928 3707 2998 μέ·-

2141 3041 2242 3093 γας
2282 3015 2651 3088 ’Δναστάσιός.

460 3107 638 3176 Atque
689 3105 806 3161 haec
836 3107 1059 3177 quidem
1091 3110 1257 3164 etiam
1292 3111 1435 3164 libro
1483 3126 1584 3164 suo
1618 3114 1681 3165 de
1714 3126 1807 3165 sex
1872 3113 2174 3181 primorum
2210 3115 2277 3170 ab
2322 3126 2445 3169 ortu
2490 3116 2679 3171 mundi
2749 3115 2962 3171 dierum
3018 3115 3250 3183 opiﬁciis
3310 3130 3538 3187 magnus
3570 3114 3717 3169 Ana-

456 3200 658 3254 stasius
678 3200 778 3254 ille
808 3201 1126 3269 complexus
1152 3213 1258 3258 est.

469 3336 500 3366 ,
528 3293 798 3350 Ceterum
828 3305 1027 3365 praeter
1055 3298 1178 3351 illus
1200 3300 1540 3370 quoqueﬁqui
1578 3302 2039 3357 resurrectionem
2069 3305 2112 3361 C

460 3385 697 3437 futuram
738 3400 849 3439 non
897 3386 1131 3442 credunt
1174 3389 1259 3442 vel
1307 3390 1491 3460 potius
1535 3406 1653 3445 eam
1698 3390 1951 3457 irrident,
1981 3400 2039 3446 ut

461 3474 700 3531 eximius
746 3476 838 3531 ille
888 3488 1081 3533 noster
1140 3480 1479 3550 Epiphanius
1529 3482 1647 3550 ait,
1699 3484 2040 3539 admirabilia

465 3567 716 3632 quaedam
744 3576 801 3622 et
836 3582 976 3622 nova
1007 3568 1152 3624 Deus
1193 3571 1271 3625 uti
1309 3573 1501 3626 tierent
1525 3574 1755 3628 consilio
1780 3575 2039 3645 singulari

463 3659 733 3713 instituit.
804 3659 1077 3715 Phascusa
1136 3663 1255 3717 dies
1327 3679 1393 3717 xi.
1467 3674 1685 3719 mortua
1740 3666 2038 3720 reviviscit.

467 3748 654 3819 Myops
678 3750 792 3804 sive
816 3750 1047 3807 tabanus
1078 3768 1129 3805 vr
1198 3763 1340 3808 totos
1370 3771 1586 3810 menses
1608 3764 1852 3811 mortuus
1879 3757 2042 3810 vitam

467 3846 784 3905 recuperat.
820 3837 1049 3894 Phoenix
1102 3842 1220 3895 avis
1267 3851 1351 3895 est
1399 3844 1653 3923 Arabica,
1688 3860 1810 3915 qua;
1842 3854 1897 3900 et
1925 3849 2046 3900 uni-

467 3943 604 3999 gena
631 3938 686 3983 et
714 3932 989 3998 comparis
1013 3946 1210 4001 expers
1240 3933 1417 3989 fertur
1460 3939 1512 3989 in
1545 3938 1825 3993 creatione
1860 3955 2043 3994 rerum

466 4014 773 4076 eistitisse.
802 4021 940 4077 lluic
973 4023 1027 4076 in
1064 4023 1310 4095 singulos
1341 4041 1513 4082 annos
1535 4045 1566 4082 ι)
1594 4030 1860 4099 ejusmodi
1888 4032 2049 4100 quid-

468 4112 597 4165 dam
629 4113 927 4168 usuvenire
959 4113 1214 4175 traditur.
1253 4115 1399 4184 quod
1443 4116 1621 4171 lzetam
1661 4118 1809 4172 illam
1865 4134 2049 4173 resur-

473 4204 773 4258 rectionem
796 4206 1011 4276 egregie
1029 4207 1188 4259 nobis
1216 4207 1285 4260 ob
1307 4207 1495 4260 oculos
1517 4209 1690 4277 ponit.
1710 4208 1844 4262 Nam
1871 4209 2046 4264 Grmci

475 4304 915 4349 commemorant
961 4311 1086 4349 eum
1141 4297 1302 4350 linem
1347 4313 1505 4353 suum
1543 4299 1960 4368 prospicientem
1995 4303 2046 4356 i‘n

474 4385 770 4457 Egyptum
801 4400 921 4441 sese
974 4390 1225 4441 eonterre
1261 4403 1324 4442 ac
1368 4389 1468 4443 soli
1504 4389 1815 4445 obvertere.
1845 4390 2050 4445 Deinde

474 4478 533 4533 in
563 4476 848 4548 pulverem
885 4479 1159 4544 exuritur,
1196 4479 1263 4533 de
1295 4495 1404 4549 quo
1444 4480 1668 4547 pulvere
1698 4482 1901 4536 vermis
1951 4497 2051 4535 na-

474 4570 669 4633 scitur,
697 4569 790 4639 qui
820 4585 1015 4625 rursus
1068 4571 1122 4624 in
1168 4572 1446 4625 volucrem
1481 4581 1852 4626 commutatur
1890 4588 2049 4641 quem

2231 3298 2391 3353 Ἀλλὰ
2424 3299 2518 3352 καὶ
2560 3299 2647 3352 διὰ
2680 3300 2805 3363 τοὺς
2852 3298 3215 3363 ἀπιστοῦντας
3239 3300 3272 3368 ἥ
3308 3299 3510 3369 μᾶλλον
3542 3301 3722 3356 εἰπεῖν

2142 3386 2515 3455 ἐπιγελῶντας
2560 3389 2626 3458 τῇ
2675 3378 2992 3450 ἀναστάσει,
3044 3387 3188 3443 καθά
3241 3406 3407 3459 φησιν
3543 3391 3719 3459 μέγας

2161 3480 2497 3549 Ἐπιφάνιος,
2547 3480 2826 3551 παράδοξά
2892 3498 3011 3533 τινα
3067 3481 3534 3551 προῳκονόμησαν
3572 3482 3721 3548 τίνε-

2150 3572 2300 3625 σθαι.
2343 3570 2408 3624 Ἣ
2439 3572 2624 3641 φάσκα
2654 3571 2877 3641 θνήσκει
2909 3571 3121 3641 ἡμέρας
3151 3571 3589 3641 τεσσαράκοντα,
3619 3571 3719 3625 καὶ

2152 3662 2315 3716 πάλιν
2358 3661 2666 3715 ἀνίσταται.
2710 3662 2768 3713 ’0
2825 3660 2987 3729 μύωψ
3034 3661 3259 3729 θνήσκει
3296 3662 3470 3730 μῆνας
3504 3661 3585 3727 ἐξ,
3623 3660 3723 3714 καὶ

2152 3752 2316 3806 πάλιν
2339 3752 2649 3807 ἀνίσταται.
2690 3751 2749 3805 Ὀ
2780 3751 2956 3819 φοῖνιξ
2986 3752 3013 3804 6
3060 3752 3349 3821 'Ap16tx6;
3380 3752 3531 3822 ὅρνις
3561 3753 3719 3821 λέγε-

2152 3864 2240 3898 ται
2271 3842 2410 3898 εἶναι
2439 3845 2755 3913 μονογενής.
2784 3844 2986 3910 ἄζυγος
3015 3847 3073 3897 ἐν
3098 3847 3161 3915 τῇ
3203 3845 3557 3914 δημιουργία,
3579 3844 3724 3897 κατὰ

2153 3938 2249 4006 ἔτη
2270 3936 2599 3989 πεντακόσια
2625 3935 2784 3989 τοῦτο
2813 3936 3014 4005 πάσχει
3044 3935 3072 3989 ὂ
3103 3938 3196 3987 καὶ
3218 3936 3454 4005 φαιδρὰν
3484 3936 3726 4005 προῖστᾷ

2153 4029 2251 4098 τὴν
2310 4027 2627 4081 ἀνάστασιν.
2658 4026 2822 4079 Αὐτοὶ
2882 4028 2978 4079 καὶ
3025 4027 3135 4098 γάρ
3188 4030 3236 4081 οἱ
3274 4027 3538 4097 Ἕλληνες
3591 4030 3725 4095 περὶ

2155 4118 2317 4172 αὑτοῦ
2365 4118 2679 4188 διηγοῦνται
2739 4118 2822 4169 ὅτι
2885 4118 3157 4189 προγνοὺς
3220 4120 3278 4171 τὸ
3339 4118 3493 4180 τέλος
3555 4118 3722 4171 αὐτοῦ

2155 4212 2372 4281 ἔρχεται
2406 4209 2536 4278 περὶ
2582 4208 2679 4276 τὴν
2725 4208 3003 4275 Αἴγυπτον
3038 4207 3132 4261 καὶ
3177 4208 3406 4275 ἀντικρὺ
3442 4207 3537 4259 τοῦ
3568 4207 3723 4277 ἡλίου

2156 4303 2396 4367 ἵσταται,
2429 4297 2546 4353 εἶτα
2592 4298 2910 4369 τεφηροῦται,
2941 4304 3037 4352 καὶ
3089 4300 3199 4353 ἀπὸ
3246 4298 3340 4352 τοῦ
3388 4299 3511 4369 χοὸς
3557 4297 3726 4351 αὑτοῦ

2158 4389 2371 4461 σκὼκῆξ
2400 4393 2677 4459 γεννᾶται,
2707 4391 2803 4444 καὶ
2828 4391 2987 4455 αὐτὸς
3023 4390 3183 4454 αὖθις
3208 4391 3289 4454 είς
3314 4391 3518 4461 πτηνὸν
3552 4408 3728 4460 μετα-

2159 4485 2433 4538 6άλλεται.
2460 4483 2563 4535 Τὸν
2595 4482 2815 4551 φοίνικα
2858 4483 2914 4536 δὲ
2942 4484 3154 4548 τοῦτον,
3180 4483 3255 4547 ὡς
3292 4485 3546 4553 εἴπομεν,
3586 4484 3729 4553 μετὰ

2159 4576 2252 4645 ἔτη
2295 4574 2626 4628 πεντακόσια
2676 4573 2833 4627 εἴωθε
2881 4574 3147 4642 γίνεσθαι.
3193 4575 3251 4628 '0
3306 4575 3363 4627 δὲ
3415 4576 3671 4645 στρουθὸς
3704 4576 3733 4626 6

478 4661 791 4731 phoenicem
821 4661 1085 4717 dicimus.
1134 4664 1313 4732 Atque
1368 4662 1510 4726 hoc,
1560 4671 1618 4716 ut
1668 4662 2044 4725 indicavimus,

2157 4665 2389 4727 Λιϐυκδς
2419 4665 2574 4734 ὅρνις
2606 4666 2702 4733 μὲν
2734 4667 2869 4728 ἔστι,
2905 4667 3183 4737 πτερωτὸς
3211 4667 3288 4734 δὲ,
3325 4667 3386 4720 οὗ
3417 4668 3646 4721 πέταται
3671 4667 3731 4721 δὲ

420 4766 430 4775 ·
477 4765 602 4825 post
659 4757 905 4827 singulos
958 4758 1294 4826 quingentos
1337 4771 1513 4810 annos
1568 4756 1683 4809 lieri
1741 4756 2048 4811 consuevit.

478 4845 675 4901 Passer
703 4856 887 4901 autem
920 4846 1163 4917 Libycus
1194 4845 1310 4900 avis
1342 4845 1561 4914 quidem
1607 4852 1694 4899 est
1728 4844 1863 4915 (alas
1905 4846 2051 4899 enim

481 4938 697 5010 habet),
730 4952 925 4993 verum
977 4953 1086 4991 non
1130 4936 1277 4990 volat
1315 4943 1601 5004 propterea
1650 4935 1791 5004 quod
1847 4949 2056 5005 pennas

482 5030 682 5085 habeat
700 5030 767 5083 ad
800 5030 1039 5084 volatum
1071 5044 1177 5081 non
1202 5020 1335 5082 satis
1367 5027 1617 5105 idoneas.
1671 5028 1747 5079 uti
1762 5036 1906 5095 gquaa
1930 5025 2055 5095 pilis

483 5121 803 5173 consimiles
851 5120 986 5174 sint.
1038 5120 1185 5173 Idem
1216 5117 1371 5188 bipes
1410 5130 1493 5173 est
1520 5119 1701 5172 avium
1736 5133 1909 5181 more,
1964 5118 2061 5173 sed

494 5210 729 5279 ungulas
754 5210 960 5265 divisas
992 5212 1159 5266 habet
1184 5220 1241 5265 ut
1266 5211 1599 5283 quadrupes.
1640 5211 1872 5265 Unicum
1899 5212 2060 5266 modo

487 5305 661 5358 fetum
693 5303 807 5357 avis
838 5303 984 5357 nulla
1013 5304 1185 5374 gignit
1212 5314 1409 5374 prater
1445 5318 1725 5374 rocygem.
1756 5301 1911 5368 Quod
1942 5304 2063 5371 qui-

490 5397 616 5450 dem
644 5394 705 5450 ﬁt
727 5393 795 5449 ob
826 5395 945 5465 ejus
969 5402 1179 5449 naturae
1207 5394 1580 5465 frigiditatem,
1618 5408 1739 5462 quin
1770 5393 1837 5447 de
1869 5392 2062 5447 formi-

495 5489 625 5543 dine
659 5487 936 5556 colligitur
970 5504 983 5540 :
1018 5503 1141 5541 nam
1194 5486 1298 5541 nisi
1336 5486 1558 5541 timidus
1597 5494 1774 5548 esset,
1807 5500 1935 5539 aves
1978 5486 2063 5554 ip-

2163 4755 2251 4807 διὰ
2282 4756 2343 4807 τὸ
2375 4757 2444 4808 τὰ
2475 4758 2651 4826 πτερὰ
2689 4758 2853 4812 αὑτοῦ
2888 4761 2963 4831 μὴ
2985 4759 3347 4830 χρησιμεύειν
3376 4762 3455 4822 εἰς
3482 4763 3684 4829 πτῆσιν
3711 4776 3728 4789 ·

2162 4845 2435 4918 τριχοειδῆ
2484 4846 2613 4917 γάρ.
2660 4850 2766 4901 Καὶ
2813 4850 3002 4913 δίπους
3074 4850 3173 4921 μιν
3222 4851 3370 4903 ἐστιν
3425 4851 3500 4913 ὡς
3556 4852 3729 4921 ὅρνις,

2161 4938 2366 5007 διχηλεῑ
2393 4938 2449 4992 δὲ
2478 4939 2551 5001 ὡς
2574 4940 2899 5010 τετράπους.
2939 4940 3096 4995 Ἀλλὰ
3130 4942 3224 4996 καὶ
3256 4942 3550 5012 μονοτόκον
3575 4942 3731 4995 οὐδὲν

2161 5030 2268 5081 τῶν
2309 5029 2536 5096 ὀρνίθων
2574 5032 2743 5096 ἐστὶν,
2779 5034 2826 5084 εί
2877 5031 2953 5102 μή
3002 5033 3164 5101 μόνος
3215 5034 3243 5085 6
3303 5032 3510 5098 κόκκυξ
3551 5033 3641 5085 διὰ
3672 5031 3733 5084 τὸ

2160 5119 2369 5190 ψυχρὸν
2404 5121 2501 5189 τῆς
2548 5122 2713 5174 αὐτοῦ
2765 5122 3005 5191 φύσεως.
3040 5124 3160 5176 Ὀτι
3211 5124 3266 5176 δὲ
3312 5123 3544 5194 ψυχρὸς,
3575 5124 3735 5193 δῆλον

2160 5215 2224 5265 ὲκ
2255 5214 2356 5281 τῆς
2384 5213 2586 5276 δειλίας
2614 5214 2781 5268 αὐτοῦ
2808 5229 2824 5244 ο
2864 5214 2960 5268 καὶ
2988 5217 3095 5285 γὰρ
3126 5217 3174 5269 εί
3210 5218 3285 5287 μὴ
3319 5213 3384 5281 ἦν
3410 5216 3605 5279 δειλὸς,
3631 5218 3733 5268 οὒκ

2158 5305 2225 5358 ἂν
2258 5306 2363 5358 ὑπὸ
2393 5307 2612 5359 πάντων
2646 5306 2901 5360 ἐδιώκετο
2946 5308 3054 5360 τῶν
3092 5309 3314 5379 ὀρνέων,
3348 5308 3647 5361 κάντεῦθεν
3675 5311 3735 5359 ὲν

2159 5396 2467 5467 ἀλλοτρίαις
2494 5398 2675 5451 ἔτικτε
2704 5402 2989 5464 νεοττιαῖς.
3029 5401 3316 5471 Πανταχοῦ
3346 5401 3403 5455 δὲ
3449 5403 3481 5471 ή
3516 5401 3731 5471 ψυχρὰ-

2158 5504 2258 5555 της
2286 5487 2433 5538 αἰτία
2472 5486 2691 5549 δειλίας.

493 5595 614 5634 sum
642 5578 909 5634 universa:
937 5593 1045 5632 non
1113 5588 1597 5652 persequerentur.
1641 5574 1761 5641 Quo
1799 5576 1915 5646 ipso
1954 5575 2012 5629 ﬁt
2077 5587 2135 5629 ut
2172 5576 2317 5629 nidis
2363 5575 2555 5629 alienis
2586 5585 2791 5632 utatur.
2844 5576 2938 5634 Est
2991 5588 3170 5634 autem
3211 5578 3480 5650 {rigiditas
3521 5577 3729 5648 ubique

496 5672 805 5727 tormidinis
834 5688 1015 5727 causa.
