4052 6200
355 292 446 354 ma
1526 386 1534 393 λ
1578 315 1878 375 A‘NN‘ALH

2024 316 2212 374 PARS
2260 319 2329 375 1.·
3122 341 3141 353 ί
3472 320 3572 384 li")

421 413 561 465 Ἀλλ’
589 415 709 468 οὐδὲ
744 421 904 473 τοῦτό
954 438 1010 473 σε
1042 441 1113 478 πα
1126 426 1443 496 ραδραμεῑν,
1478 431 1749 500 ἀγαπητὲ,
1780 434 1877 501 βού

2077 435 2183 505 47
2224 435 2301 489 Ne
2337 436 2438 489 hoc
2472 435 2692 505 quidem
2741 435 2961 490 silentio
3003 434 3282 505 praeterire
3312 451 3530 506 pOSSlllll
3556 479 3569 497 ,

342 504 538 595 λομαι,
556 509 992 580 παραδοξότερον
1028 518 1119 569 καὶ
1157 520 1391 586 μάλιστα
1432 524 1539 575 τῶν
1565 524 1740 578 ἄλλων
1768 527 1847 590 ὃν,

2015 504 2205 581 multis
2235 526 2355 580 aliis
2389 504 2551 581 rebus
2569 526 2969 592 admirabilius,
3001 526 3144 595 quod
3170 524 3235 578 de
3278 504 3372 579 ave
3410 541 3570 593 quam

344 596 465 660 περὶ
512 594 729 663 ὄρνιθος
758 600 850 652 τοῦ
901 604 1239 674 καλουμένου
1296 609 1533 678 μέροπος
1581 616 1609 666 ὁ
1658 616 1903 678 Λξλιανὺς

342 684 558 778 ἱστορεῖ,
594 688 826 758 ιΜέροψ
872 710 892 742 ι
938 693 1114 760 λέγων
1168 716 1188 748 ι
1231 697 1292 751 τὸ
1336 701 1524 768 ὖρνεον
1548 704 1630 765 είς
1658 706 1878 759 τούπίσω

2012 723 2158 776 rops,
2196 708 2395 777 inquit,
2430 710 2546 763 avis
2588 718 2888 763 retrorsum
2927 710 3110 772 volat,
3154 724 3314 778 quem
3352 710 3569 778 quidem
3660 708 3665 715 ’

2012 631 2291 685 mcropem
2324 627 2520 671 vocant
2553 616 2797 670 Elianus
2847 618 3122 670 memoriae
3163 617 3423 687 prodidit.
3462 616 3572 669 Mo-

346 774 589 830 ιτέταται.
626 797 643 830 ι
673 781 781 833 Καὶ
809 781 991 836 ἔπεισί
1038 803 1128 855 μοι
1164 787 1469 859 θαυμάζειν
1498 794 1598 863 τὴν
1628 796 1878 867 ἐπίσημοι

2011 806 2218 850 motum
2267 798 2620 866 velatumque
2673 798 2835 867 hujus
2877 798 3128 852 animalis
3178 799 3473 853 notabilem
3511 814 3573 850 ac.

336 868 611 935 ἀναφορὰν
643 874 709 942 ἣν
736 875 912 929 έκεῖνο
933 879 1058 944 ἄγει
1087 881 1147 934 τὸ
1173 883 1335 945 ζῶον.

398 958 471 1010 Τὸ
495 960 553 1014 δὲ
590 962 682 1015 τὸν
714 964 1050 1036 ἀλεκτρυόνα
1081 973 1275 1036 νυκτὸς
1304 975 1456 1045 ᾅδειν
1479 980 1539 1030 ἐν
1569 979 1899 1048 ὡρισμένοις

335 1054 541 1120 καιροῖς
560 1054 625 1108 οὐ
664 1057 772 1126 πρὸ
803 1060 999 1114 πολλοῦ
1025 1066 1124 1133 τῆς
1148 1067 1242 1118 τοῦ
1276 1068 1428 1137 ἡλίου
1458 1071 1724 1142 ἀνατολῆς
1752 1074 1896 1138 τινὲς

334 1143 425 1209 μὲν
476 1145 913 1218 ἐφυσιολόγησαν
969 1152 1165 1221 οὕτως,
1212 1158 1294 1209 ὄτι
1353 1158 1688 1229 θερμότατον
1723 1164 1780 1218 ὃν
1838 1167 1897 1221 τὸ

331 1233 460 1330 ζῷον
505 1239 600 1291 καὶ
634 1239 815 1310 λίχνον
860 1246 988 1314 περὶ
1028 1247 1129 1311 τὰς
1180 1249 1289 1302 τῶν
1336 1256 1551 1323 τροφῶν
1589 1257 1798 1327 ὀρέξεις
1828 1264 1892 1330 τῇ

332 1326 427 1391 μὲν
463 1330 693 1399 ἐμφύτφ
720 1334 1018 1406 Θερμότητι
1059 1342 1362 1414 ταχύτερον
1401 1347 1595 1400 πέπτει
1618 1326 1717 1419 τὴν
1750 1326 1891 1405 διδο;

331 1419 493 1488 μένην
524 1426 756 1493 τροφὴν,
789 1431 854 1498 τῇ
889 1430 945 1482 δὲ
1000 1430 1211 1503 λιχνείᾳ
1250 1436 1350 1504 τῆς
1397 1438 1893 1510 φύσεωςπροανα-

328 1516 489 1578 φωνεί
511 1515 614 1586 τὴν
649 1520 779 1586 περὶ
819 1521 992 1575 ταῦτα
1028 1524 1229 1594 ὄρεξιν,
1261 1530 1427 1583 οἱονεὶ
1474 1536 1892 1607 προσκαλούμε-

326 1620 408 1666 νος
444 1608 541 1661 τὸν
566 1611 864 1673 σιτίζοντα.
902 1615 1121 1686 ’Έτεροι
1147 1617 1204 1671 δέ
1235 1638 1399 1688 φασιν
1421 1625 1503 1677 ὅτι
1534 1627 1628 1678 καὶ
1658 1628 1891 1684 ἕκαστον

2009 888 2329 942 inusitatum
2368 890 2510 943 haud
2544 892 2641 944 abs
2667 907 2722 944 re
2753 890 2934 944 mirari
2960 890 3129 944 subit.

2076 979 2193 1033 1am
2223 979 2368 1049 (μιοά
2414 981 2588 1051 gallus
2622 981 2959 1051 gallinaceus
3013 992 3176 1036 noctu
3210 982 3374 1037 certis
3422 983 3570 1033 horis

2005 1081 2210 1134 cantet,
2240 1088 2348 1126 non
2384 1075 2615 1128 multum
2642 1083 2767 1128 ante
2798 1075 2930 1128 solis
2958 1085 3164 1135 ortum,
3187 1075 3305 1144 ejus
3330 1074 3403 1129 rei
3436 1091 3567 1126 ean-

2004 1180 2118 1218 sam
2157 1165 2209 1217 in
2259 1165 2406 1218 hunc
2456 1166 2679 1220 modum
2718 1166 2964 1220 nonnulli
2995 1166 3360 1235 explicarunt.
3404 1167 3563 1219 Aiunt

2003 1256 2149 1311 enim
2201 1255 2401 1311 animal
2457 1258 2561 1311 hoc
2589 1276 2617 1312 a
2651 1269 2839 1312 natura
2868 1258 3259 1312 calidissimum
3295 1265 3351 1309 et
3376 1258 3427 1308 in
3462 1256 3569 1324 pri-

2004 1346 2108 1399 mis
2146 1347 2197 1398 in
2226 1348 2535 1415 appetendo
2576 1350 2914 1403 nutrimento
2943 1347 3163 1402 avidum
3216 1346 3286 1399 ob
3330 1347 3563 1399 calorem

2001 1439 2223 1507 quidem
2258 1439 2479 1494 insitum
2511 1443 2676 1497 citius
2730 1452 3016 1511 acceptum
3067 1432 3386 1495 alimentum
3432 1454 3565 1494 con-

2001 1550 2258 1604 coquere,
2278 1536 2349 1591 ob
2375 1536 2689 1589 aviditatem
2713 1550 2842 1589 vero
2863 1543 3069 1595 natura:
3089 1536 3385 1603 appetitum
3405 1548 3566 1587 suum

1999 1624 2334 1696 significare,
2367 1627 2523 1697 quasi
2574 1637 2884 1696 pascentem
2938 1643 2996 1684 sc
3035 1628 3228 1682 invitet
3256 1639 3306 1683 et
3340 1629 3562 1681 excitet.

322 1697 426 1751 τῶν
484 1700 726 1755 ἐνταῦθα
781 1705 950 1760 ὄντων
1001 1710 1096 1762 καὶ
1154 1714 1459 1781 γινομένων
1515 1716 1729 1789 ἑκάστῳ
1780 1722 1878 1774 τῶι

1999 1720 2102 1774 Alii
2139 1723 2327 1774 volunt
2356 1736 2468 1775 rem
2506 1722 2809 1790 quamlibet
2832 1720 2997 1775 alicui
3030 1730 3182 1774 certo
3214 1721 3378 1775 sideri
3418 1720 3565 1775 dira-

314 1793 624 1859 ,φωστήρων
681 1794 987 1862 ἀνάκειται,
1043 1770 1235 1870 ὥσπερ
1370 1803 1538 1868 λωτὸς
1598 1770 1675 1860 το
1700 1770 1878 1878 Γφυ-τὲι

2000 1822 2106 1864 tam
2131 1826 2275 1875 esse,
2312 1812 2472 1865 sicuti
2500 1813 2642 1867 lotus
2669 1811 2835 1866 herba
2884 1811 3077 1865 solaris
3109 1821 3213 1866 est.
3256 1811 3373 1877 Quo
3414 1811 3471 1865 lit
3509 1820 3567 1864 ut

319 1881 540 1974 ἡλιακὸν
579 1887 747 1949 ἐστιν,
800 1889 922 1943 ὅθεν
974 1891 1324 1948 ἀνατέλλοντι
1373 1897 1473 1965 μὲν
1513 1900 1590 1969 τῷ
1638 1905 1890 1974 φωστῆρι

316 1973 541 2065 ἐξαπλοί
579 1976 646 2030 τὰ
687 1979 886 2048 φύλλα,
911 1982 1119 2038 δύνοντι
1157 1986 1216 2039 δὲ
1266 1989 1568 2046 συστέλλει.
1602 1992 1759 2047 Οὕτω
1790 1973 1891 2065 μὲν

313 2064 402 2119 οὖν
429 2070 526 2122 καὶ
562 2071 593 2122 ὁ
626 2072 943 2145 ἀλεκτρυὼν
984 2077 1089 2131 ὑπὸ
1134 2080 1235 2149 τὴν
1286 2082 1521 2152 ἡλιακὴν
1560 2086 1718 2150 τάξιν
1745 2089 1886 2145 ἐστί.

318 2159 494 2231 Ταύτῃ
544 2180 624 2217 τοι
682 2168 778 2219 καὶ
831 2169 966 2237 πρὸς
1013 2171 1284 2244 ἀνατολὴν
1330 2177 1606 2231 ἐπανιόντι
1651 2180 1730 2249 τῷ
1772 2182 1888 2249 ίδίῳ

315 2251 593 2325 ἀρχηγέτῃ
621 2255 951 2326 ἀπορρήτοις
981 2262 1074 2314 καὶ
1102 2264 1351 2331 φυσικῶς
1372 2266 1755 2334 ὲπιγάννυται,
1790 2273 1886 2325 καὶ

312 2340 500 2414 ὥσπερ
554 2346 701 2415 ᾠδὴν
750 2349 902 2418 αὐτῷ
957 2352 1283 2423 ποιούμενος
1335 2357 1758 2430 ἀπολαμπρύνει
1823 2382 1884 2416 τε

309 2432 402 2502 τὴν
434 2437 623 2506 φωνὴν
652 2441 745 2491 καὶ
779 2441 920 2509 μέγα
950 2443 1069 2515 βοᾷ.
1113 2447 1223 2499 Καὶ
1247 2442 1394 2502 οὗτοι
1448 2454 1546 2521 μὲν
1574 2453 1747 2519 οὕτως
1769 2473 1784 2487 ·
1818 2460 1882 2512 σὺ

309 2524 382 2585 δὲ,
411 2527 694 2618 ἀγαπητδ,
724 2533 824 2595 τὰς
864 2540 1122 2599 τοιαύτας
1149 2540 1334 2606 φωνὰς
1381 2545 1521 2611 μετά
1546 2546 1657 2598 τῶν
1695 2549 1883 2618 μύθων

309 2617 565 2685 ἀριθμεῖν
617 2622 695 2690 μὴ
739 2624 925 2679 δέδιθι.
969 2628 1074 2680 Τὸν
1133 2632 1243 2702 γάρ
1288 2633 1626 2705 ἀλεκτρυόνα
1688 2617 1880 2706 νυκτὸς

310 2707 496 2775 ἔταξεν
532 2711 685 2782 ᾅδειν
712 2716 740 2766 ὁ
776 2718 1029 2785 κηδεμὼν
1072 2721 1290 2776 πάντων
1338 2725 1492 2790 Θεὸς,
1525 2728 1600 2791 ὡς
1633 2729 1880 2786 ἐντεῦθεν

310 2800 456 2890 ἡμᾶς
504 2802 740 2866 ἄκοντας
782 2804 882 2874 τῆς
937 2807 1127 2877 κλίνης
1159 2811 1471 2881 ἐγείρεσθαι
1525 2817 1620 2869 καὶ
1675 2819 1750 2887 μὴ
1780 2820 1878 2890 τὴν

304 2887 475 2942 vina
505 2893 926 2946 καταναλίσκειν
957 2897 1084 2965 ὅλην
1107 2898 1202 2955 ὲπὶ
1228 2904 1428 2966 κενοῖς,
1456 2904 1592 2956 ἀλλὰ
1619 2907 1749 2967 τοὺς
1779 2887 1878 2976 μέν

305 2982 380 3040 2?;
442 2981 710 3050 ἐργασίαν
775 2986 1166 3056 ἐκτρέπεσθαι,
1221 2993 1347 3056 τοὺς
1417 2994 1473 3046 δὲ
1535 2997 1670 3065 πρὸς
1723 2999 1875 3055 θείαν

1997 1900 2127 1954 huic
2158 1901 2416 1954 lnminari
2457 1901 2728 1955 exorienti
2762 1900 2886 1953 folia
2921 1916 3017 1954 sua
3050 1901 3273 1969 pandat,
3320 1917 3443 1954 cum
3475 1916 3566 1953 ea—

1994 1992 2116 2046 dem
2146 1993 2337 2047 eodem
2380 1992 2664 2047 occidente
2690 1992 2997 2046 contrahat.
3031 1991 3119 2046 Sic
3149 2001 3205 2045 et
3246 1991 3418 2060 gallus
3451 1991 3565 2060 gal-

1993 2084 2237 2138 linaceus
2290 2082 2359 2138 de
2412 2085 2605 2137 horum
2658 2084 2913 2153 opinione
2945 2083 3047 2138 sub
3086 2082 3255 2135 solem
3305 2082 3557 2137 refertur.

1988 2172 2363 2239 Quamobrem
2399 2172 2464 2225 ad
2514 2183 2696 2227 ortum
2729 2171 2993 2225 redeunte
3026 2170 3166 2225 duce
3204 2186 3302 2237 suo
3353 2170 3560 2222 ratione

1990 2264 2228 2333 quadam
2285 2262 2500 2317 occulta
2547 2272 2603 2317 ct
2646 2262 2881 2316 naturali
2910 2260 3149 2330 {gandeL
3204 2260 3376 2314 Simul
3406 2260 3557 2329 quasi

1990 2367 2213 2406 carmen
2235 2351 2286 2406 ei
2315 2351 2591 2420 quoddam
2627 2351 2920 2406 concinere
2956 2351 3085 2404 velit
3103 2390 3119 2415 ,
3144 2352 3349 2405 clarius
3371 2366 3558 2404 vocem

1990 2442 2267 2497 attollitet
2298 2442 2468 2497 altum
2496 2443 2719 2501 clamat.
2752 2443 2928 2510 Atque
2954 2442 3172 2496 illorum
3202 2440 3423 2511 quidem
3444 2441 3560 2495 haec

1985 2542 2074 2588 est
2112 2534 2405 2589 sententia.
2444 2534 2524 2587 Tu
2558 2549 2707 2599 vero,
2751 2535 2825 2587 mi
2866 2533 2940 2589 illi
2970 2573 2984 2597 ,
3020 2548 3183 2588 voces
3245 2531 3559 2603 hujusmodi

1987 2625 2202 2681 referre
2233 2626 2379 2681 inter
2419 2625 2631 2680 fabulas
2667 2641 2737 2680 ne
2765 2625 3024 2682 verearis.
3060 2625 3192 2679 Nam
3225 2626 3423 2695 gallum
3448 2627 3560 2695 gal-

1988 2717 2266 2771 linaceum
2305 2725 2470 2775 noctu
2526 2708 2725 2771 canere
2781 2716 2926 2770 Deus
2976 2715 3175 2785 jussit,
3232 2716 3325 2785 qni
3372 2714 3556 2770 omnia

1982 2808 2327 2876 providentia
2353 2823 2452 2863 sua
2475 2808 2879 2877 complectitur.
2913 2821 2971 2861 ut
2989 2808 3089 2861 hoc
3118 2807 3277 2861 modo
3298 2807 3379 2861 vel
3402 2807 3556 2861 inviti

1982 2901 2049 2955 de
2080 2900 2283 2954 lectulo
2312 2915 2602 2969 surgamus
2644 2916 2744 2952 nec
2791 2900 2911 2953 sine
2941 2899 3119 2954 fructu
3168 2908 3382 2954 noctem
3414 2900 3555 2954 inte-

1979 3003 2129 3059 gram
2180 3003 2587 3051 consumamus,
2632 2988 2723 3041 sed
2753 2988 2947 3056 partim
2972 2988 3037 3041 ad
3073 3004 3268 3057 operas
3300 3005 3399 3044 nos
3428 3004 3556 3044 con-

302 3072 615 3140 διξολογίαν
653 3077 977 3132 ἀνίστασθαι
1004 3096 1018 3110 '
1055 3082 1281 3137 τοιαῦτα
1328 3084 1438 3154 γὰρ
1472 3087 1569 3139 τοῦ
1603 3089 1740 3143 Θεοῦ
1781 3095 1877 3146 καὶ

1984 3090 2279 3153 vertamus,
2304 3079 2502 3150 partim
2527 3080 2593 3134 ad
2628 3079 2722 3133 Dei
2772 3078 3193 3134 celebrationem
3225 3082 3551 3136 excitemur.

304 3165 388 3217 6:3:
418 3164 598 3233 λόγων
642 3171 735 3222 καὶ
759 3168 848 3221 διὰ
875 3170 1031 3233 ζώων
1058 3173 1160 3227 οὐκ
1184 3174 1540 3245 ἀναινομένου
1571 3180 1875 3237 παιδεύειν.

306 3258 408 3311 Καὶ
430 3260 703 3329 πρόσσχες
732 3264 810 3331 τῷ
830 3265 1134 3334 Σολομῶντι
1176 3268 1412 3338 λέγοντισ
1448 3272 1586 3327 ιἰθι
1626 3276 1762 3344 πρὸς
1788 3278 1880 3333 τὸν

307 3351 593 3422 μύρμηκα.
626 3349 673 3408 ὧ
700 3355 921 3426 ὀκνηρέ.
960 3376 980 3409 ι

370 3443 614 3497 Γίνωσκε
664 3447 723 3499 δὲ
784 3449 878 3500 καὶ
935 3450 1113 3513 τοῦτο.
1142 3452 1224 3507 ὅτι
1276 3454 1377 3525 τὴν
1427 3458 1594 3525 μυῖαν
1644 3460 1877 3532 ’Δττικῷ

305 3532 480 3624 μέλιτι
509 3536 585 3604 μὴ
631 3538 992 3608 ἐπικαθῆσθαι
1038 3558 1198 3609 φασι.
1241 3544 1447 3614 Θύμοις
1483 3549 1577 3601 καὶ
1625 3549 1732 3620 γὰρ
1777 3552 1876 3624 τὴν

316 3622 570 3695 ’Λττικὴν
611 3629 871 3696 κομῶσαν
895 3632 1013 3685 εστι
1044 3632 1369 3701 θεάσασθαι,
1409 3634 1491 3700 οἷς
1527 3622 1875 3708 ἑφιζάνουσιν

316 3715 564 3770 ’Λττικαὶ
590 3723 915 3791 συχνότερον
967 3725 1238 3791 μέλισσαι.
1284 3728 1569 3781 Ἐντεῦθεν
1616 3733 1710 3784 καὶ
1752 3733 1873 3802 δρι-

303 3806 550 3874 μυτέραν
580 3806 696 3877 ἔχει
743 3811 841 3881 τὴν
869 3812 1159 3883 ὄσφρησιν.
1195 3816 1287 3868 Διὸ
1319 3817 1573 3889 καθάπερ
1605 3820 1735 3891 ἱερῷ
1762 3839 1871 3875 τινι

306 3895 543 3968 Ἀττικῷ
581 3901 717 3968 μυῖα
746 3900 843 3953 οὐκ
868 3901 1198 3975 ὲπικάθητάι
1234 3907 1433 3977 μέλιτι.

363 4172 611 4226 Γίνωσκε
646 4173 704 4226 δὲ
737 4173 874 4244 πρὸς
914 4175 1131 4238 τούτοις
1172 4178 1254 4231 ὅτι
1298 4154 1455 4247 μυῖαι
1484 4183 1579 4234 καὶ
1618 4183 1871 4252 μέλισσαι

295 4263 389 4316 καὶ
460 4263 754 4334 μύρμηκες
811 4266 915 4320 ὑπὸ
971 4268 1151 4322 ἐλαίου
1202 4271 1558 4337 ἀπόλλυνται,
1608 4274 1746 4327 διότι
1802 4277 1870 4329 τὰ

291 4354 705 4408 ἀναπνευστικὲ
753 4360 913 4411 στενὰ
967 4360 1102 4428 ἔχει,
1159 4360 1218 4413 τὸ
1272 4361 1329 4414 δὲ
1378 4363 1560 4417 ἔλαιον
1605 4367 1867 4438 γλίσχρον

1989 3175 2081 3229 Sic
2108 3174 2257 3229 enim
2290 3173 2577 3229 consuevit
2614 3173 2755 3227 Deus
2790 3180 2900 3226 tam
2929 3187 3025 3241 per
3054 3172 3358 3227 doctrinam
3387 3190 3549 3242 quam

1987 3265 2101 3333 ipsa
2134 3266 2300 3320 etiam
2330 3265 2586 3321 animalia
2623 3279 2725 3319 nos
2754 3263 2997 3319 erudire.
3036 3263 3176 3330 Quid
3218 3264 3438 3320 Solumo
3472 3266 3555 3320 di-

1984 3366 2090 3418 cat,
2118 3356 2288 3410 audi:
2325 3375 2344 3410 ι
2381 3356 2458 3409 Ad
2508 3356 2813 3419 formicam,
2850 3356 3063 3426 ignave,
3101 3367 3151 3411 te
3178 3356 3367 3411 confer
3396 3358 3462 3412 ".
3494 3377 3512 3409 ι

2055 3446 2171 3501 lloc
2216 3447 2380 3503 etiam
2415 3448 2793 3503 animadverte
2824 3488 2839 3512 ,
2899 3450 3042 3518 quod
3090 3464 3333 3504 muscam
3368 3450 3552 3507 Attico

1985 3527 2136 3592 melli
2190 3550 2389 3608 negant
2426 3538 2686 3592 insidere.
2718 3539 2852 3593 Nam
2894 3540 3079 3611 thymo
3101 3541 3336 3596 Atticam
3380 3543 3552 3598 abun-

1983 3630 2117 3697 dare
2149 3632 2422 3695 videmus,
2454 3631 2541 3684 cui
2570 3630 2753 3685 herbae
2786 3640 2844 3685 ut
2879 3632 3173 3701 plurimum
3213 3649 3343 3703 apes
3362 3634 3552 3690 Attica

1982 3720 2248 3777 insident.
2283 3721 2404 3786 Quo
2442 3720 2499 3774 fit
2558 3730 2619 3775 ut
2668 3722 2773 3776 mel
2830 3722 3070 3777 Atticum
3123 3725 3286 3785 etiam
3326 3724 3549 3779 odorem

1979 3814 2185 3868 habeat
2224 3814 2518 3868 acriorem.
2562 3813 2773 3868 Idcirco
2820 3815 2967 3869 melli
3025 3815 3240 3879 Attico,
3292 3824 3548 3886 tanquatn

1977 3920 2157 3971 sacro,
2208 3921 2409 3961 musca:
2441 3921 2548 3959 non
2588 3905 2830 3960 insident
2871 3922 2889 3959 :
2918 3905 3011 3960 sed
3054 3915 3113 3957 ut
3161 3908 3394 3962 maxime
3424 3923 3547 3961 cum

1976 3996 2214 4063 Strepitu
2266 3995 2701 4057 circumvolent,
2733 3995 2801 4050 ab
2839 3994 3148 4064 direptione
3187 4004 3364 4049 tanton
3395 3996 3549 4049 labo-

1976 4098 2096 4136 rum
2128 4083 2246 4151 apis
2272 4082 2468 4136 Atticae
2498 4092 2776 4136 arcentur.

2046 4175 2247 4229 Praeter
2282 4175 2397 4228 ha'e
2432 4176 2570 4228 scire.
2610 4175 2819 4241 debes,
2868 4190 3083 4231 muscas
3105 4185 3160 4230 ct
3186 4191 3315 4246 apes
3350 4188 3405 4231 et
3437 4177 3548 4230 for-

1976 4268 2145 4321 micas
2171 4267 2294 4321 oleo
2320 4267 2615 4337 exstingui.
2636 4267 2770 4321 Nam
2799 4281 2924 4321 vasa
2943 4267 3147 4335 quibus
3170 4267 3455 4336 respiratio
3489 4268 3545 4321 tit

1975 4368 2103 4412 sunt
2131 4359 2212 4412 eis
2238 4368 2496 4428 angusta,
2515 4374 2637 4426 quae
2658 4358 2725 4411 ab
2753 4358 2874 4413 oleo
2897 4366 3090 4412 natura
3121 4358 3269 4412 lento
3303 4358 3544 4414 viscoso~

290 4445 597 4512 ἐμφράττει
627 4446 790 4502 αὐτά.
828 4449 1103 4517 Πάσχουσι
1156 4451 1214 4504 δὲ
1259 4452 1421 4506 τοῦτο
1453 4457 1548 4509 καὶ
1603 4458 1653 4510 οί
1707 4437 1861 4526 ὄφεις

1984 4464 2077 4517 que
2108 4449 2265 4504 facile
2296 4448 2679 4503 obstruuntur.
2734 4448 2881 4502 Idem
2942 4448 3293 4518 serpentibus
3344 4448 3544 4503 accidit

291 4538 395 4589 ὑπὸ
450 4540 555 4590 τῶν
612 4538 934 4610 βαρυόδμων
963 4560 976 4573 ·
1011 4545 1073 4597 τὸ
1118 4545 1225 4613 γὰρ
1281 4547 1414 4614 παρ’
1448 4550 1630 4611 αὐτοῖς
1674 4550 1858 4603 στενόν

1948 4538 2333 4599 ,υσοτοιιιίιιιιε
2363 4553 2424 4593 se
2453 4537 2621 4593 rebus
2653 4553 2885 4608 quarum
2922 4538 3101 4606 gravis
3132 4537 3384 4590 estodor.
3414 4536 3540 4590 Ete-

290 4643 461 4696 πορον
514 4630 622 4682 τῶν
674 4631 1120 4686 ἀναπνευστικῶν
1169 4635 1545 4703 ὲμφράττεται
1599 4638 1704 4692 ὑπὸ
1757 4640 1858 4710 τῆς

1984 4630 2075 4683 tim
2114 4630 2366 4700 angustia
2397 4640 2676 4683 meatuum
2705 4630 2759 4683 in
2804 4630 2883 4684 eis
2915 4627 3258 4697 respirationi
3290 4627 3531 4681 destina-

286 4716 391 4768 τῶν
451 4715 819 4786 θυμιωμένων
869 4720 1200 4791 παχύτητος.
1249 4725 1374 4777 Ἐπὶ
1414 4726 1522 4795 γὰρ
1562 4729 1737 4799 τούτῳ
1769 4732 1862 4782 καὶ

1964 4730 2143 4774 torum
2201 4735 2301 4789 per
2355 4720 2635 4775 sullituum
2681 4721 2985 4776 crassiticm
3032 4717 3357 4774 obstruitur.
3423 4718 3540 4783 Qua

286 4807 343 4857 τὸ
404 4806 513 4873 τῆς
585 4808 786 4877 ἐλάφου
864 4812 1033 4881 κέρας
1112 4813 1465 4885 θυμιώμενον
1519 4818 1714 4887 φεύγει
1769 4823 1863 4875 καὶ

1986 4828 2079 4881 psa
2105 4813 2173 4867 de
2216 4828 2381 4868 causa
2414 4813 2472 4867 lit
2502 4822 2561 4867 ut
2593 4829 2769 4868 cornu
2803 4813 3084 4867 cervinum
3102 4826 3330 4882 serpens
3357 4816 3539 4883 magis

288 4899 496 4966 μᾶλλον
521 4902 551 4954 ὁ
575 4902 701 4970 δφις
725 4919 739 4932 ·
774 4903 1125 4974 λειποθυμεῖν
1173 4907 1283 4975 γὰρ
1330 4909 1494 4963 αὐτὸν
1541 4911 1864 4979 ἀναγκάζει.

368 5074 428 5125 Ἐ
442 5078 500 5126 πὶ
546 5080 683 5130 πᾶσι
727 5079 784 5131 δὲ
818 5083 1027 5143 τούτοις
1060 5086 1174 5146 τοῖς
1204 5086 1415 5154 ὀρνέοις
1450 5088 1745 5160 οὐρηδόχον
1773 5092 1871 5144 κύ-

286 5177 405 5213 στιν
455 5166 547 5217 καὶ
582 5171 818 5237 νεφροὺς
867 5174 899 5242 ἠ
937 5173 1100 5240 φύσις
1152 5178 1252 5228 οὐκ
1297 5177 1517 5245 ἔδωκεν,
1551 5181 1632 5234 ὅτι
1660 5183 1868 5253 πολλῆς

282 5253 586 5324 ὑγρότητος
634 5257 745 5311 ἔδει
808 5262 942 5329 πρὸς
990 5265 1204 5331 γένεσιν
1250 5269 1359 5322 τῶν
1412 5272 1654 5340 πτερῶν.
1701 5273 1864 5328 Ἀλλά

282 5348 377 5398 καὶ
437 5349 497 5400 τὸ
541 5352 924 5420 γυμνάζεσθαι
958 5358 1100 5409 κατά
1144 5360 1243 5430 τὴν
1271 5362 1473 5429 πτῆσιν
1511 5360 1860 5425 ἑξαναλίσκει

279 5436 511 5504 ταύτην.
544 5442 773 5510 Ἔχουσι
818 5444 877 5497 δὲ
929 5448 1025 5500 καὶ
1064 5450 1161 5518 τὴν
1197 5451 1404 5521 κόπρον
1457 5451 1707 5515 ἐξιοῦσαν
1759 5454 1858 5507 σὺν

268 5524 544 5596 ⁷ὑγρότητι
607 5532 668 5584 οὐ
736 5536 998 5606 μετρίως.
1063 5541 1171 5594 Καὶ
1215 5541 1409 5594 τούτου
1480 5545 1643 5615 χάριν
1689 5545 1856 5614 οὐρη-

354 5703 400 5734 ”
441 5699 594 5765 Prov.
633 5722 710 5771 Vl,
744 5708 796 5761 6.

1968 4905 2135 4959 ctiam
2168 4904 2347 4976 lugiat
2390 4920 2554 4975 quam
2580 4920 2670 4960 res
2697 4904 3141 4960 illas‘odoratas:
3182 4905 3385 4975 quippe
3420 4920 3539 4961 scr-

1968 5006 2187 5066 pentent
2223 4997 2278 5052 id
2310 5013 2537 5068 prorsus
2565 4998 2863 5054 exanimat.

2038 5086 2211 5157 Supra
2238 5088 2349 5159 48
2370 5088 2551 5142 omnia
2581 5088 2743 5141 nobis
2772 5086 2826 5139 in
2860 5086 2962 5141 hoc
2996 5086 3181 5150 etiam,
3214 5085 3313 5145 illi.
3345 5095 3428 5138 est
3456 5088 3538 5139 in-

1968 5179 2318 5247 quirendum.
2368 5179 2611 5234 Vesicam
2666 5178 2812 5233 illam
2865 5194 2970 5247 qua
3028 5178 3183 5231 urina
3242 5178 3534 5246 excipitur,

1968 5270 2208 5339 itemque
2258 5286 2419 5325 renes
2461 5271 2653 5325 avibus
2704 5270 2912 5325 idcirco
2960 5278 3150 5324 natura
3202 5272 3307 5323 non
3360 5268 3534 5326 dedit.

1967 5362 2114 5431 quod
2150 5361 2216 5415 ad
2253 5361 2638 5432 producendas
2669 5377 2878 5433 pennas
2932 5362 3101 5414 multo
3135 5361 3363 5412 humore
3396 5375 3537 5426 Opus

1965 5462 2104 5511 erat.
2153 5454 2329 5524 Atque
2372 5453 2539 5507 ctiam
2576 5455 2695 5523 ipsa
2743 5452 2957 5507 volandi
3014 5450 3331 5504 exercitatio
3377 5447 3533 5501 facile

1962 5546 2251 5601 humorem
2303 5546 2360 5600 in
2408 5545 2491 5600 cis
2541 5544 2797 5600 absumit.
2833 5544 3100 5598 Praeterea
3152 5553 3274 5594 cum
3322 5547 3530 5595 stercus
