4062 6186
480 335 578 399 Ili

1723 314 2147 389 MICHAELIS
2185 311 2475 385 GLYCIE-

3629 311 3731 375 Il?

478 454 803 511 excernunt,
828 459 939 499 non
970 457 1161 513 parum
1192 441 1440 497 humoris
1481 439 1641 495 simul
1673 440 1809 494 exit.
1858 437 2060 514 Quam-

2170 438 2323 508 6'3xov
2361 437 2551 491 κύστιν
2612 435 2646 505 ή
2714 434 2876 504 φύσις
2942 433 3054 498 τοῖς
3108 430 3315 505 ὀρνέοις
3350 430 3449 485 οῦκ
3510 428 3731 484 ἔδωκεν.

483 542 673 594 obrem
740 539 912 591 urinae
961 533 1371 606 receptaculum
1409 534 1464 590 in
1505 531 1700 588 avibus
1728 539 1922 585 natura
1950 542 2060 584 non

487 632 751 687 condidit.

543 722 638 779 'En
672 725 840 779 habes
869 733 918 778 et
946 724 1150 792 quintae
1184 720 1292 775 dici
1318 735 1507 789 opera.

910 813 1165 869 INCIPIT
1202 812 1356 866 DIES
1392 810 1645 865 SEXTA.

556 907 716 961 Sexta
784 906 874 962 die
934 906 1076 959 Deus
1131 919 1163 958 e
1200 912 1376 973 ~terra
1422 902 1629 956 bestias
1679 897 2063 969 quadrupedes

486 995 762 1067 producit.
806 997 991 1065 [nquit
1054 996 1206 1050 enim
1254 994 1504 1049 historiae
1563 990 1848 1061 scriptor:
1904 1007 1924 1041 ς
1970 987 2063 1042 Di-

486 1089 565 1143 xit
594 1089 760 1149 Deus,
797 1086 935 1140 Edat
993 1086 1155 1140 tellus
1210 1084 1446 1139 animam
1478 1082 1655 1137 vivam
1692 1082 1818 1137 ".1
1874 1080 2058 1134 Prusi-

479 1178 623 1232 liunt
664 1176 757 1231 hic
807 1186 998 1230 contra
1042 1190 1144 1229 nos
1198 1172 1521 1237 Manicluei,
1573 1170 1666 1241 qui
1720 1179 1879 1225 terra:
1944 1170 2064 1222 ani-

484 1285 631 1324 mam
689 1268 907 1323 indunt.
964 1268 1166 1324 Verum
1224 1265 1519 1320 manifesto
1560 1263 1865 1332 desipiunt.
1938 1261 2060 1317 Non

481 1359 629 1412 enim
659 1368 950 1429 propterea
970 1358 1111 1427 quod
1150 1356 1287 1410 dixit
1320 1354 1464 1410 Deus
1497 1372 1511 1407 :
1548 1372 1565 1405 ι
1591 1353 1731 1407 Edat
1762 1351 2053 1414 animam,»

480 1447 537 1503 id
578 1449 749 1505 e’didit
782 1449 928 1519 quod
963 1459 1080 1503 erat
1133 1448 1189 1502 in
1222 1463 1283 1502 ea
1320 1447 1474 1516 quasi
1525 1444 1871 1500 reconditum
1910 1461 1925 1498 :
1963 1443 2059 1498 sed

483 1528 802 1596 mandatum
835 1542 941 1596 hoc
963 1542 1078 1596 vias
1105 1550 1269 1610 atque
1304 1538 1627 1593 facultatem
1663 1536 1863 1591 edendi
1898 1547 2061 1591 terra:

481 1632 840 1703 largiebatur.
902 1631 1115 1700 Quippe
1177 1645 1300 1684 cum
1344 1628 1521 1682 audiit
1565 1636 1710 1682 terra
1747 1644 1762 1680 :
1800 1646 1819 1676 ι
1875 1626 2060 1681 Pariat

484 1720 692 1775 herbas
746 1719 1099 1790 gramineas,
1150 1728 1205 1773 et
1262 1718 1487 1773 arbores
1551 1716 1900 1776 fructiferas,
1938 1730 2059 1784 qua:

2237 709 2423 780 Ἔχεις
2461 707 2571 760 [Bob
2597 704 2690 759 καὶ
2718 704 2787 758 τά
2820 704 2920 772 τῆς
2944 701 3197 772 πέμπτης
3227 698 3461 769 ἡμέρας.

2535 798 2720 853 APXII
2755 796 2891 850 ΤΗΣ
2932 798 3004 863 ς’
3051 792 3358 847 ΗΜΕΡΑΣ.
3454 814 3459 821 ~

2242 897 2333 950 Ἐν
2381 894 2439 947 δέ
2494 894 2559 963 τῇ
2623 890 2757 960 ἐκτῃ
2809 888 2993 958 ήμέρᾳ
3040 886 3105 938 ἐκ
3150 884 3249 954 τῆς
3284 882 3394 950 γῆς
3445 878 3633 948 ἐξάγει
3657 879 3732 934 τά

2159 987 2467 1060 τετράποδα
2489 1001 2505 1017 ο
2546 983 2687 1037 «Καὶ
2723 976 2845 1033 εἷπε
2875 998 2896 1032 ι
2922 977 3031 1047 γάρ
3057 992 3224 1045 φησιν
3259 991 3279 1027 ι
3319 975 3347 1026 6
3375 974 3529 1038 Θεὸς,
3571 971 3735 1036 Ἐξα-

2160 1081 2381 1150 γαγέτω
2411 1077 2548 1147 ή·γῆ
2578 1074 2761 1144 ψυχὴν
2791 1071 2992 1136 ζῶσαν.
3037 1086 3055 1120 ι
3109 1066 3250 1121 Ἀλλ’
3301 1064 3644 1133 ἐπιπηδῶσιν
3677 1064 3732 1116 οἱ

2158 1172 2452 1239 Μανιχαῖοι
2484 1165 2784 1225 κάνταῦθα,
2823 1161 3002 1233 ψυχὴν
3043 1158 3347 1220 ἐντιθέντες
3383 1159 3450 1227 τῇ
3484 1158 3579 1226 γῇ.
3611 1156 3735 1208 Μα-

2157 1262 2444 1324 ταιάζουσι
2495 1259 2551 1311 δὲ
2601 1256 2934 1327 προφανῶςο
2990 1251 3116 1306 ούδέ
3170 1248 3283 1320 γὰρ
3332 1248 3519 1318 ἐπειδὴ
3574 1242 3735 1299 εἶπεν

2164 1372 2186 1405 ι
2236 1350 2589 1419 Ἑξαγαγέτω
2647 1346 2858 1417 ψυχὴν,
2899 1363 2922 1398 ι
2984 1346 3048 1397 τὸ
3109 1341 3536 1409 ἐναποκείμενον
3592 1340 3733 1410 αὐτῇ

2158 1445 2555 1516 προσήνεγκεν,
2607 1439 2724 1494 ἀλλ’
2766 1440 2795 1491 6
2846 1437 2971 1500 δοὺς
3000 1433 3062 1488 τὸ
3114 1434 3449 1504 πρόσταγμα
3493 1432 3587 1484 καὶ
3630 1432 3734 1501 τὴν

2156 1537 2251 1592 τοῦ
2288 1536 2579 1603 ἐξαγαγεῖν
2627 1531 2765 1601 αὐτῇ
2810 1528 3043 1597 δύναμιν
3083 1526 3398 1596 ἐχαρίσατο.
3433 1521 3571 1577 Οῦτε
3622 1522 3736 1593 γάρ

2157 1632 2246 1683 ὅτε
2291 1629 2523 1699 ήκουσεν
2576 1624 2610 1692 ή
2668 1621 2764 1690 γῆ,
2819 1638 2838 1672 ι
2868 1616 3232 1687 Βλαστησάτω
3266 1615 3496 1685 βοτάνην
3534 1614 3734 1685 χόρτου

2160 1722 2253 1775 καὶ
2282 1719 2437 1784 ξύλον
2464 1720 2743 1785 κάρπιμον
2772 1710 2962 1765 ποιοῦν
3005 1708 3240 1779 καρπὸν,
3279 1726 3297 1759 ι
3338 1708 3730 1777 κεκρυμμένον

482 1808 721 1863 fructum
754 1810 921 1863 edant
947 1809 1015 1872 ιι,
1036 1828 1053 1859 ι
1085 1823 1194 1861 non
1225 1806 1434 1861 idcirco
1472 1820 1696 1875 gramen
1731 1805 1878 1859 intus
1898 1804 2056 1858 abdi-

2163 1780 2361 1886 έχουσα
2405 1812 2497 1863 τδν
2540 1780 2743 1877 *χόρτον
2786 1804 3101 1875 ἐξήνεγκεν,
3130 1800 3251 1854 ούδέ
3301 1798 3395 1852 τὸν
3439 1797 3658 1866 φοίνικα
3694 1794 3735 1866 ἢ

482 1909 596 1953 tum
629 1899 873 1969 protulit,
906 1914 1006 1954 nec
1035 1899 1265 1969 palmam
1300 1898 1386 1951 vel
1432 1911 1695 1966 quercum
1726 1895 1811 1950 vel
1843 1910 2063 1965 cupres-

481 2006 603 2043 sum
645 1990 788 2057 intra
826 1990 982 2044 sinus
1038 2005 1169 2045 suos
1219 1989 1547 2043 occultatam
1612 1990 1665 2041 in
1713 1986 2059 2056 superﬁciem

481 2081 672 2135 eduxit
704 2098 718 2135 :
752 2081 846 2136 sed
903 2081 1018 2151 ipsa
1069 2079 1164 2135 Dei
1197 2081 1375 2135 oratio
1405 2095 1590 2134 rerum
1626 2093 1747 2148 quae
1783 2078 2061 2133 exsistunt

482 2171 601 2239 ipsa
640 2180 839 2224 natura
886 2181 991 2224 est.
1029 2170 1217 2238 Itaque
1272 2179 1415 2223 terra
1480 2184 1590 2223 non
1631 2168 1778 2237 quod
1808 2168 2062 2221 contine-

484 2261 581 2314 bat
610 2261 747 2324 edit,
781 2261 874 2315 sed
910 2258 1057 2329 quod
1096 2260 1261 2313 hodie
1296 2259 1562 2329 possidet,
1595 2257 1862 2327 largiente
1897 2259 2061 2312 nimi-

486 2366 607 2404 rum
645 2350 758 2405 Deo
810 2352 921 2405 vim
972 2350 1332 2405 eﬂicacitatis.
1363 2349 1625 2415 Quamvis
1653 2350 1798 2403 enim
1847 2350 2060 2404 ratione

484 2442 721 2495 naturali
788 2441 1048 2497 oriuntur
1087 2440 1251 2495 hodie
1300 2441 1507 2505 omnia,
1556 2448 1738 2495 tamen
1781 2439 1908 2495 inde
1937 2454 2063 2509 pro-

483 2533 626 2589 fecta
666 2542 793 2588 sunt
830 2535 882 2588 in
913 2532 1034 2604 ipso
1065 2548 1249 2587 rerum
1272 2533 1499 2588 exordio
1533 2532 1833 2588 secundum
1863 2533 2059 2587 seriem

484 2641 677 2693 suam,
730 2626 896 2696 idque
964 2642 1065 2695 per
1118 2626 1435 2680 mandatum
1472 2626 1761 2692 divinum,
1799 2625 1945 2695 quod
2005 2626 2061 2679 in

484 2715 770 2772 creatione
793 2716 1215 2787 pronuntiatum
1250 2717 1452 2786 ubique
1480 2717 1603 2770 fuit.

562 2902 750 2975 Itaque
782 2917 933 2962 sexta
984 2908 1095 2971 die,
1135 2923 1235 2961 ceu
1269 2906 1537 2973 diximus,
1576 2907 1781 2962 bestias
1825 2907 2063 2978 quadru-

489 2997 659 3065 pedes
688 3012 717 3050 e
749 3009 894 3051 terra
927 2998 1202 3067 producit.
1692 3020 1711 3067 __‘

563 3087 663 3142 llic
689 3103 821 3143 vero
851 3089 1055 3158 inquiri
1077 3105 1257 3159 operm
1288 3091 1524 3159 pretium
1553 3098 1659 3158 est,
1692 3062 2053 3161 quamobrem
2084 3104 2126 3161 α

490 3181 636 3236 D’cus
692 3184 1089 3252 imprecatione
1130 3185 1307 3239 fausta
1337 3188 1514 3254 pisces
1540 3185 1761 3253 quidem
1803 3186 2060 3252 dignatus

483 3271 672 3337 fuerit,
711 3288 835 3327 eum
867 3272 1019 3327 hisce
1050 3273 1234 3327 verbis
1290 3282 1542 3328 uteretur
1575 3293 1589 3328 :
1624 3292 1643 3325 ‹
1685 3274 1967 3329 Fetificate
1996 3290 2060 3329 ac

485 3362 953 3433 multiplicamini,
990 3383 1007 3415 ι
1038 3379 1227 3418 verum
1277 3364 1331 3417 in
1385 3365 1907 3421 terrestribusidem
1950 3382 2059 3422 non

482 3455 703 3510 fecerit.
747 3453 1170 3525 Respondemus
1205 3466 1389 3510 autem
1431 3456 1631 3511 factum
1665 3458 1714 3512 id
1744 3473 1866 3513 esse
1926 3475 2059 3529 pro-

480 3556 608 3617 pter
637 3550 1066 3601 exsecrationem
1099 3547 1395 3616 serpentis,
1420 3554 1560 3617 ‘qum
1590 3564 1699 3603 non
1733 3551 1905 3604 multo
1941 3560 2061 3619 post

485 3636 779 3691 subsecuta
842 3645 949 3692 est.
1000 3637 1137 3692 Nam
1195 3639 1320 3708 quia
1385 3637 1632 3693 futurum
1690 3640 2060 3709 prospiciebat

483 3728 630 3784 Deus
683 3738 740 3783 ut
794 3729 959 3785 homo
986 3746 1085 3800 per
1119 3738 1430 3800 serpentem
1463 3731 1851 3802 deciperetur,
1884 3748 2057 3803 eaque

484 3820 554 3875 de
590 3835 755 3876 causa
787 3836 1015 3891 serpens
1048 3822 1409 3877 exsecrationi
1438 3823 1826 3891 subjiceretur.
1852 3824 2057 3879 idcirco

484 3918 782 3965 terrestres
814 3911 1022 3965 bestias
1060 3912 1453 3981 imprecatione
1496 3912 1669 3968 fausta
1701 3913 1878 3967 noluit
1908 3912 2060 3981 prius

485 4001 726 4073 dignari,
778 4018 848 4057 ne
891 3998 1403 4073 deprehenderetur
1431 4002 1624 4058 eadem
1678 4011 1733 4059 et
1786 4005 2059 4073 impreca-

487 4095 639 4151 tione
669 4095 846 4149 fausta
881 4102 938 4151 et
968 4096 1343 4150 exsecratione
1371 4097 1648 4166 prosequi,
1697 4095 1843 4150 sicut
1868 4096 1945 4151 ait
1977 4096 2059 4151 vir

486 4185 708 4241 divinus
736 4187 1085 4245 Anastasius.
1123 4191 1353 4247 Videtur
1378 4202 1562 4248 autem
1604 4170 2056 4262 natura'piseium

486 4277 639 4329 tenui
684 4278 919 4344 quadam
969 4290 1028 4334 et
1061 4280 1149 4334 vili
1181 4284 1404 4337 omnino
1461 4286 1569 4338 vita
1610 4284 1715 4338 frui
1770 4294 2059 4353 propterea

485 4366 638 4435 quod
668 4367 721 4422 in
762 4384 917 4437 aqua:
956 4373 1207 4427 crassitie
1240 4374 1457 4445 degant.
1500 4375 1633 4430 Nam
1671 4384 1726 4431 et
1774 4378 1955 4446 gravis
1992 4390 2057 4429 ac

2160 1906 2258 1978 τὴν
2288 1902 2418 1975 δρῦν
2454 1902 2488 1971 ἢ
2518 1900 2615 1968 τὴν
2646 1896 2989 1966 κυπάρισσον
3020 1894 3172 1946 κάτω
3204 1907 3306 1943 που
3338 1886 3737 1957 κεκρυμμένην

2160 2002 2220 2054 ἐν
2251 1999 2371 2056 ταῖς
2403 1993 2601 2061 ἑαυτῆς
2621 1991 2845 2058 λαγόσιν
2877 1987 3049 2056 ἀνῆκε
3075 1984 3215 2054 πρὸς
3250 1980 3347 2051 τὴν
3379 1980 3738 2048 ἐπιφάνειαν,

2159 2089 2278 2143 ἀλλ’
2309 2090 2337 2140 6
2387 2086 2529 2143 θεῖος
2580 2083 2739 2151 λόγος
2801 2079 2970 2148 φύσις
3026 2076 3137 2129 τῶν
3201 2072 3505 2143 γινομένων
3560 2069 3736 2123 ἐστίν.

2175 2180 2391 2248 Ἐξάγει
2420 2176 2609 2229 λοιπὸν
2658 2176 2690 2241 ή
2732 2171 2804 2239 γῆ
2837 2171 2936 2239 οὐχ
2967 2169 3105 2238 ὅπερ
3141 2166 3275 2236 ἔχει,
3312 2163 3431 2218 ἀλλ’
3468 2163 3605 2231 ὅπερ
3636 2161 3740 2231 σή·

2166 2290 2331 2344 μερον
2361 2270 2579 2329 κτᾶται,
2607 2263 2743 2316 Θεοῦ
2782 2259 3133 2332 δωρουμένου
3168 2257 3267 2326 τῆς
3308 2253 3592 2344 ἐνεργείας
3632 2251 3741 2321 τὴν

2161 2342 2411 2432 δύναμιν.
2439 2358 2502 2413 Εί
2532 2357 2638 2425 γάρ
2666 2353 2761 2407 καὶ
2790 2350 3008 2422 φυσικῷ
3044 2346 3187 2417 λογῷ
3216 2345 3287 2399 τά
3314 2345 3491 2397 πάντα
3517 2342 3735 2410 γίνεται

2165 2459 2430 2530 σήμερον,
2491 2448 2611 2504 ἀλλ’
2657 2446 2865 2500 ἐκεῖθεν
2905 2443 3176 2513 ἐσχήκασι
3223 2439 3346 2494 κατ’
3395 2434 3570 2508 ἀρχὰς
3630 2433 3741 2530 τὴν

2164 2528 2363 2621 ὁρμήν.
2396 2545 2552 2600 Κατά
2580 2542 2740 2596 τοῦτο
2760 2542 2856 2593 καὶ
2891 2540 2919 2590 6
2946 2537 3120 2607 μέγας
3142 2534 3426 2594 Βασίλειος
3462 2531 3611 2599 λέγει
3632 2528 3736 2621 ,ὅτι

2164 2620 2309 2696 ποιεῖ
2354 2639 2454 2709 μὲν
2489 2639 2522 2707 ἠ
2560 2635 2721 2704 φύσις
2776 2632 2994 2685 ἅπαντα
3046 2626 3187 2680 κατά
3237 2624 3336 2695 τὴν
3382 2620 3739 2682 ἀκολουθίαν,

2164 2736 2294 2805 θείῳ
2330 2732 2386 2786 δέ
2417 2728 2807 2801 προστάγματι
2831 2714 3137 2789 διάπάσης
3175 2717 3413 2788 ἀρχῆθεν
3443 2712 3735 2783 λαληθέντι

2160 2833 2261 2901 τῆς
2286 2829 2532 2890 κτίσεως.
2548 2876 2553 2877 ν
2614 2816 2617 2819 ’
3698 2822 3703 2829 ’

2244 2923 2458 2990 Ἐξάγει
2501 2919 2601 2991 μὲν
2629 2912 2725 2972 οῦν
2763 2924 2906 2970 κατα
2940 2913 3038 2971 τὴν
3062 2911 3231 2979 ’ἐκτην
3258 2908 3366 2962 ἀπὸ
3403 2908 3502 2977 τῆς
3540 2902 3740 2974 mea

2161 3017 2487 3089 τετράποδα.

2243 3109 2382 3163 Ἀλλ’
2431 3104 2664 3159 ἐνταῦθα
2719 3100 2956 3173 ζητῆσαι
3019 3099 3188 3164 ἄξιον,
3239 3091 3517 3163 ἀγαπητὴ
3581 3088 3737 3151 τίνος

2164 3202 2351 3255 ἕνεκεν
2394 3199 2524 3261 τοὺς
2565 3196 2663 3265 μὲν
2714 3192 2906 3263 ἰχθύας
2934 3189 3200 3257 -εύλογίας
3240 3186 3478 3257 ἠξίωσεν
3514 3183 3544 3235 6
3572 3180 3734 3245 Θεὸς,

2161 3291 2488 3356 αὐξάνεσθαι
2520 3288 2611 3341 καὶ
2634 3282 3001 3355 πληθύνεσθαι
3032 3279 3223 3342 εἰπὼν,
3250 3278 3343 3330 ἐπὶ
3376 3276 3432 3329 δέ
3463 3275 3575 3335 τοῖς
3598 3287 3738 3342 χερ-

2163 3384 2337 3445 σαίοις
2377 3380 2537 3434 τοῦτο
2565 3379 2665 3432 οὐκ
2703 3375 2947 3446 ἐποίησε.
2983 3373 3097 3427 Καὶ
3123 3371 3363 3439 λέγομεν
3396 3367 3478 3420 ὅτι
3507 3364 3596 3417 διὰ
3625 3364 3735 3432 τὴν

2160 3474 2255 3526 ἐπὶ
2304 3472 2382 3542 τῷ
2414 3472 2536 3539 ὄφει
2573 3466 2801 3539 μετἠοὑ
2849 3464 2985 3519 πολὺ
3041 3459 3417 3531 γενησομένην
3456 3453 3732 3522 κατάραν.

2172 3564 2391 3633 Ἐπειδὴ
2443 3563 2551 3633 γάρ
2603 3560 2850 3631 προεῖδεν
2905 3557 2933 3609 6
2983 3554 3117 3617 Θεὸς
3169 3554 3253 3606 ὅτι
3285 3550 3376 3603 διὰ
3417 3547 3510 3601 τοῦ
3550 3546 3736 3613 ὄφεως

2159 3657 2574 3725 ἀπατηθήσεται
2623 3654 2656 3706 6
2681 3653 2989 3720 ἄνθρωπος,
3023 3643 3319 3701 κάντεῦθεν
3354 3640 3515 3701 αὐτὸς
3548 3637 3737 3704 δόφις

2159 3750 2268 3820 ἀρᾷ
2310 3744 2690 3805 ύποπεσεῖται,
2717 3742 2909 3795 τούτου
2933 3739 3096 3811 χάριν
3128 3733 3378 3801 εὐλογίας
3402 3729 3631 3795 ἀξιῶσαι
3654 3727 3733 3779 τὰ

2160 3839 2389 3909 χερσαῖα
2439 3836 2539 3889 ούκ
2586 3833 2841 3902 ἔφθασεν,
2895 3831 2982 3884 ἵνα
3046 3828 3119 3899 μὴ
3166 3826 3419 3896 εὑρεθείη
3471 3824 3539 3877 τά
3583 3821 3736 3875 αὐτὰ

2159 3928 2395 3997 εὐλογῶν
2452 3928 2546 3981 καὶ
2602 3923 3036 3993 καταρώμενος,
3093 3920 3167 3983 ὡς
3223 3917 3500 3980 θειότατός
3556 3932 3734 3985 φησιν

2173 4015 2723 4095 Ἀναστάσιοε..Ἀλλ’
2754 4016 2787 4085 ἡ
2823 4016 2921 4084 μὲν
2968 4013 3075 4066 τῶν
3130 4010 3329 4081 ίχθύων
3377 4009 3539 4079 φύσις
3577 4008 3735 4060 εὐτε-

2160 4113 2420 4183 λεστέρας
2444 4110 2591 4164 δοκεῖ
2620 4108 2867 4178 μετέχειν
2890 4105 3033 4174 ζωῆς
3056 4104 3144 4158 διὰ
3171 4104 3231 4156 τό
3259 4104 3319 4155 ἐν
3347 4104 3414 4172 τῇ
3454 4098 3734 4170 παχύτητι

2159 4205 2256 4259 τοῦ
2289 4205 2479 4266 ὓδατος
2509 4200 2819 4256 διαιτᾶσθαι
2845 4214 2861 4229 ο
2896 4198 2992 4249 καὶ
3020 4196 3130 4264 γὰρ
3158 4194 3297 4264 ἀκοὴ
3328 4194 3460 4263 παρ’
3490 4191 3734 4252 ἐκείνοις

2164 4300 2379 4369 βαρεῖα,
2402 4296 2498 4349 καὶ
2531 4289 2958 4366 ὁρῶσινσάμδλὺ,
2984 4288 3079 4340 καὶ
3099 4287 3221 4340 οὗτε
3252 4302 3339 4348 τις
3373 4287 3561 4355 μνήμη
3592 4279 3731 4349 παρ’

2163 4388 2393 4448 ἐκείνοις
2435 4383 2559 4438 οὔτε
2606 4380 2880 4451 φαντασία
2923 4377 3049 4431 οὕτε
3099 4376 3366 4444 συνήθους
3408 4376 3728 4440 ἐπίγνωσις.

476 4458 723 4516 'diﬂicilis
743 4470 826 4516 est
851 4463 995 4533 apud
1028 4462 1176 4531 ipsos
1197 4467 1494 4527 auditio.et
1516 4468 1774 4523 obtusum
1800 4478 2055 4523 cernunt.

2175 4477 2296 4529 Ἐπὶ
2320 4475 2377 4527 δέ
2410 4490 2475 4541 γε
2498 4449 2917 4540 τοϊς-χερσαίοις
2948 4467 3002 4519 τί
3026 4465 3130 4537 χρὴ
3175 4464 3269 4518 καὶ
3316 4464 3537 4530 λέγειν;
3569 4462 3641 4513 Αἵ
3662 4477 3723 4513 τι

486 4551 601 4605 Nec
629 4552 941 4608 recordatio
974 4553 1086 4624 49
1114 4564 1199 4608 est
1228 4556 1370 4623 apud
1406 4556 1556 4623 ipsos
1597 4557 1702 4611 ulla
1735 4573 1838 4611 nec
1862 4558 2058 4626 imagi-

494 4642 647 4696 natio
673 4658 776 4697 nec
806 4643 889 4697 rei
918 4650 1196 4698 consueta!
1230 4644 1456 4712 agnitio.
1493 4647 1561 4699 At
1606 4661 1735 4700 vero
1766 4647 1834 4700 de
1864 4655 2061 4701 terres-

488 4731 668 4785 tribus
692 4733 820 4801 quid
848 4748 987 4801 opus
1007 4741 1091 4787 est
1118 4733 1285 4787 multa
1317 4749 1746 4788 commemorare
1763 4735 1789 4788 ’ἒ
1815 4735 1957 4789 Sunt
1976 4738 2059 4790 his

488 4836 644 4876 acres
667 4836 859 4877 sensus
887 4832 944 4877 et
978 4838 1160 4878 rerum
1188 4824 1585 4893 praeteritarum
1623 4826 2055 4881 recordationes.

487 4913 653 4968 Novit
681 4928 871 4968 vocem
913 4925 1230 4971 consuetam
1256 4916 1359 4972 sibi
1386 4932 1449 4971 ac
1489 4917 1810 4972 familiarem
1846 4918 2052 4973 asinus.

487 5004 654 5059 Novit
706 5006 848 5060 viam
900 5022 1064 5077 quam
1106 5009 1301 5077 saepius
1331 5009 1516 5075 trivit,
1564 5025 1627 5064 ac
1658 5022 2055 5080 nonnunquam

488 5096 655 5151 etiam
683 5096 782 5152 vim
812 5097 919 5152 dux
945 5110 1030 5154 est
1074 5100 1308 5166 homini,
1356 5103 1451 5171 qui
1493 5102 1787 5158 aberravit.
1824 5103 2057 5159 Auditus

492 5196 676 5243 autem
720 5190 1022 5246 acrimonia
1056 5201 1201 5247 tanta
1246 5194 1300 5247 in
1336 5193 1441 5249 hoc
1483 5206 1569 5251 est
1603 5196 1823 5251 animali
1855 5206 2055 5266 quanta

488 5294 610 5336 esse
666 5281 722 5335 in
781 5282 889 5335 alio
947 5282 1101 5338 nullo
1168 5285 1505 5339 terrestrium
1591 5287 1929 5355 perhibetur.
1998 5290 2056 5344 In

492 5373 706 5430 camelo
740 5389 861 5444 qua:
889 5374 1212 5444 iniuriarum
1244 5376 1317 5431 sit
1359 5379 1642 5445 memoria,
1671 5395 1791 5449 quae
1843 5381 2060 5435 iracun-

490 5468 603 5531 dia,
629 5482 751 5534 qua:
776 5464 830 5517 in
866 5465 942 5518 ira
975 5470 1369 5534 perseveratio,
1396 5484 1507 5538 quo
1540 5482 1698 5539 pacto
1729 5470 1854 5539 quis
1890 5471 2061 5541 expli-

488 5570 574 5615 cet
594 5560 675 5615 ?si
704 5558 787 5615 vel
813 5557 943 5613 olim
972 5558 1290 5616 verberatus
1319 5564 1413 5628 sit,
1434 5566 1510 5616 ira
1535 5562 1794 5618 diuturno
1818 5572 2061 5634 tempore

564 5736 607 5765 ⁸⁰
643 5736 779 5805 Gen.
817 5761 854 5810 ι,
890 5744 979 5798 (34.
1059 5746 1100 5776 ’δί
1134 5745 1266 5802 ibid.
1305 5745 1390 5799 l0.

2157 4566 2264 4634 γὰρ
2309 4563 2591 4631 αἰσθήσεις
2646 4560 3039 4631 τετράνωνται,
3081 4558 3177 4610 καὶ
3213 4556 3461 4624 ἀκριϐεῖς
3512 4552 3731 4622 μνῆμαι

2157 4657 2267 4708 τῶν
2302 4651 2681 4722 παρελθόντων
2708 4654 2765 4704 ἐν
2791 4651 2998 4712 αὐτοῖς.
3030 4645 3152 4702 Οἵδε
3174 4648 3275 4715 τὴν
3308 4647 3513 4715 συνήθη
3543 4644 3732 4713 φωνὴν

2158 4747 2185 4797 6
2218 4745 2357 4806 ὄνος,
2389 4739 2533 4795 οἶδεν
2562 4741 2678 4795 ὁδὸν
2698 4743 2762 4811 ἢν
2792 4740 3052 4801 πολλάκις
3086 4732 3325 4802 ἐὸάδισὲ,
3361 4737 3454 4790 καί
3483 4751 3587 4787 που
3622 4734 3723 4786 καὶ

2159 4833 2351 4904 ὁδηγὸς
2384 4833 2553 4885 ἐνίοτε
2607 4831 2978 4903 ἀποσφαλέντι
3023 4830 3103 4900 τῷ
3151 4828 3427 4899 ἀνθρώπῳ
3472 4826 3727 4893 γίνεταιο

2160 4925 2222 4978 τὸ
2252 4924 2307 4977 δὲ
2336 4924 2599 4993 ὀξυήκοον
2622 4921 2732 4991 ζτοῦ
2764 4920 2903 4986 ζώου
2934 4920 3088 4973 οὐδὲν
3132 4918 3261 4971 ἀλλο
3286 4934 3339 4971 τι
3363 4917 3584 4983 λέγεται
3617 4913 3730 4968 τῶν

2161 5016 2434 5089 χερσαίων
2484 5016 2648 5085 ἔχειν.
2685 5014 2758 5066 Τὸ
2784 5014 2862 5081 ⁴δέ
2899 5012 3011 5065 τῶν
3069 5009 3334 5081 καμήλων
3383 5007 3728 5077 μνησίκακον

2161 5108 2258 5160 καὶ
2278 5106 2558 5178 βαρύμηνι
2582 5104 2801 5175 διαρκὲς
2836 5102 2974 5173 πρὸς
3004 5100 3171 5178 ὀργὴν
3204 5100 3321 5161 πῶς
3342 5098 3414 5151 ἀν
3443 5115 3526 5159 τις
3556 5098 3723 5167 εῐπῃς

2158 5175 2511 5252 Πάλαινποτέ
2564 5195 2832 5264 πληγεῖσα
2868 5175 3161 5262 κάμηλοςί
3184 5184 3594 5259 μακρῷ¹χρόνῳ
3630 5206 3729 5240 τα-

2162 5290 2501 5360 μιευσαμένη
2530 5286 2629 5357 τὴν
2672 5288 2856 5357 μῆνιν,
2888 5284 3110 5339 ἐπειδὰν
3151 5282 3436 5351 εὐκαιρίας
3463 5281 3721 5348 λάὸηται,

2157 5381 2449 5434 τδκακδν
2508 5379 2835 5433 ἀντιδίδωσι.
2904 5375 3074 5429 Τοῦτο
3131 5375 3227 5426 καὶ
3283 5374 3377 5426 ἐπὶ
3430 5373 3724 5440 ἐλέφαντος

2164 5469 2551 5541 ἱστορούμενον
2596 5469 2854 5538 εὕρομεν.
2906 5466 3043 5519 Ποτέ
3075 5465 3182 5534 γὰρ
3220 5467 3301 5528 εὶς
3354 5461 3724 5530 ίπποδρομίαν

2162 5563 2361 5633 ἐλέφας
2406 5561 2759 5633 ἀπαγόμενος
2811 5558 3192 5629 καταλλάκτην
3237 5556 3360 5612 τινὰ
3411 5556 3723 5626 καθήμενον
