4062 6186
345 313 451 379 113

1575 308 1982 409 ANNALtUM
2018 350 2213 412 PARS
2253 355 2298 418 l.

2136 227 2144 235 ,
2212 222 2324 239 ,οη-θαι
2337 221 2373 235 σοι

3475 365 3580 428 Ili

332 432 505 553 ἔξιτῷ
532 436 695 508 μιλίῳ
735 438 899 509 φύνου
927 445 1198 518 πεποίηκε
1242 453 1623 526 παρανάλωμα
1666 458 1755 511 διὰ
1801 461 1900 515 τῶν

2016 466 2184 521 veluti
2231 484 2373 537 penu
2430 472 2666 541 quodam
2699 474 3016 541 recondita,
3065 476 3465 546 quamprimum
3523 494 3589 553 se:

328 528 571 621 ὀδόντων
598 533 789 621 αὑτοῦ,
824 536 1055 602 ἀναιδῶς
1082 557 1200 605 πως
1241 543 1334 596 καὶ¹
1367 546 1621 610 ἀτάκτως
1656 551 1905 621 ὁρμήσας

330 618 460 671 κατ’
485 619 675 673 αὑτοῦ.
712 624 787 675 Τὸ
834 622 881 676 6‘
930 629 1106 681 αἴτιον
1149 632 1231 684 ὄτι
1262 634 1368 699 πρὸ
1403 635 1535 689 δέκα
1582 618 1845 692 ἐνιαυτῶν
1879 643 1908 694 6

309 709 577 785 ⁸’τοιοῦτος
625 714 1006 788 καταλλάκτης
1038 721 1250 793 σιδήρῳ
1294 724 1528 796 ἔπληξεν
1572 729 1736 783 αὑτὸν
1765 730 1913 784 ἀπα-

328 802 571 871 γόμενον
622 807 717 859 καὶ
746 808 868 860 τότε
913 814 994 874 εἰς
1039 812 1406 885 ἱπποδρομίαν
1458 819 1546 873 διά
1595 822 1692 874 τοῦ
1742 824 1909 877 αὑτοῦ

326 896 526 953 τόπου.
554 900 666 953 Καὶ
716 902 786 955 τά
849 905 952 974 μὲν
984 906 1078 961 τοῦ
1115 910 1406 979 ἐλέφαντος
1448 914 1708 970 τοιαῦταο
1744 917 1801 968 ai
1851 916 1907 971 δὲ

329 990 633 1057 παρδάλεις
671 996 910 1066 φυσικήν
952 1016 1075 1052 τινα
1101 1000 1286 1069 ἔχουσι
1317 1005 1456 1073 πρὸς
1496 1007 1588 1059 τὸν
1620 1006 1909 1078 ἄνθρωπον

328 1078 523 1147 ὀργὴν,
557 1083 651 1135 καὶ
706 1085 986 1152 πεφύκασι
1039 1091 1243 1159 μᾶλλον
1293 1096 1409 1159 τοῖς
1447 1096 1748 1167 ὀφθαλμοῖς
1798 1100 1907 1151 τῶν

330 1169 639 1239 ἀνθρώπων
667 1174 1015 1242 ἐφάλλεσθαι.
1061 1182 1223 1238 Ἀλλὰ
1270 1186 1364 1239 καὶ
1390 1188 1447 1239 ὲν
1481 1186 1658 1259 χάρτῃ
1693 1189 1903 1243 ἰδοῦσαι

330 1263 652 1318 τυωθέντα
684 1267 995 1337 ἄνθρωπον,
1028 1272 1106 1335 ὥς
1135 1274 1238 1327 πού
1289 1294 1454 1348 φησιν
1482 1279 1510 1331 6
1540 1280 1714 1349 μέγας
1742 1280 1903 1333 Βασί-

328 1349 493 1418 λειος,
530 1356 623 1408 τὸν
654 1358 862 1430 χάρτην
891 1364 1310 1433 σπαράττουσιν.

2004 560 2387 627 opportunitas
2425 564 2705 631 obtulerit,
2742 567 2916 622 vicem
2954 564 3153 654 refert.
3180 567 3253 623 De
3286 569 3585 639 elephanta

2006 651 2324 719 hujusmodi
2374 656 2634 724 quiddam
2709 659 2986 713 memoria:
3036 651 3311 728 proditum
3365 662 3579 729 reperi-

2006 759 2147 799 mus.
2185 744 2320 798 Cum
2355 746 2408 799 in
2462 746 2883 817 hippodromum
2930 748 3298 805 deduceretur
3335 753 3582 821 elephas,

2007 833 2302 901 quemdam
2352 835 2670 902 magistrum
2730 837 2967 891 ferarum
3015 846 3070 893 et
3124 839 3485 895 cicuratorem
3523 844 3578 895 in
3684 865 3695 873 ο

2014 922 2258 976 miliario
2291 924 2573 979 sedentem
2610 925 2909 989 interfecit,
2970 928 3280 983 immaniter
3318 930 3584 985 adversus

2011 1014 2165 1075 illum
2199 1030 2333 1069 cum
2356 1016 2616 1070 dentibus
2668 1016 2785 1071 suis
2827 1017 3067 1073 irruens.
3121 1019 3253 1088 Ejus
3297 1020 3375 1074 rei
3416 1024 3581 1075 causa

2005 1117 2146 1171 erat,
2184 1106 2331 1175 quod
2366 1108 2410 1161 is
2441 1118 2566 1161 ante
2601 1115 2744 1161 totos
2794 1108 2980 1162 decem
3013 1125 3189 1164 annos
3226 1111 3580 1180 elephantum

2007 1188 2160 1244 ferro
2194 1201 2563 1260 percusserat,
2596 1208 2720 1247 eum
2776 1194 2829 1247 id
2894 1197 3153 1265 temporis
3186 1212 3282 1265 per
3329 1200 3580 1253 eumdem

2001 1281 2181 1336 locum
2212 1284 2277 1336 ad
2328 1284 2750 1353 hippodromum
2796 1286 3182 1342 deduceretur.
3199 1288 3453 1344 Pardales
3484 1306 3583 1343 nan

2010 1375 2245 1428 turalcm
2279 1377 2572 1444 quamdam
2602 1379 2866 1432 adversus
2910 1382 3165 1435 homines
3197 1383 3331 1434 iram
3373 1381 3579 1447 fovent,

328 1459 398 1539 ac
424 1446 749 1519 plerumque
798 1465 1207 1511 consueverunt
1264 1458 1321 1512 in
1366 1458 1556 1516 oculos
1607 1460 1892 1517 hominum
1934 1462 2169 1520 insilire.
2205 1465 2347 1533 Quin
2400 1468 2577 1538 pictos
2610 1470 2779 1524 etiam
2831 1471 2885 1525 in
2952 1472 3158 1526 chartis
3218 1474 3479 1539 lacerant,
3522 1446 3582 1527 ut

329 1536 533 1591 alicubi
564 1550 790 1597 sanctus
815 1544 943 1599 dicit
971 1544 1235 1605 Basilius.

410 1631 639 1696 Ίκανῶς
667 1634 722 1687 δὲ
752 1635 1088 1707 θαυμάσειεν
1116 1642 1183 1705 ἀν
1207 1660 1292 1707 τις
1319 1646 1415 1699 καὶ
1437 1647 1506 1701 τά
1534 1648 1631 1702 τοῦ
1660 1648 1899 1715 λέοντος,

2080 1651 2281 1707 Leonis
2334 1669 2555 1727 quoque
2614 1671 2795 1712 mores
2842 1666 2893 1713 et
2947 1658 3185 1714 indolem
3230 1675 3337 1714 non
3384 1660 3483 1715 abs
3519 1676 3579 1714 re

330 1721 772 1818 tit-povaartxbv
819 1730 989 1818 uiaret?
1038 1733 1141 1803 τῆς
1189 1735 1359 1805 ζωῆς,
1411 1738 1472 1791 τδ
1532 1740 1900 1810 ἀκοινώνητον

2011 1746 2136 1814 quis
2165 1744 2492 1810 admiretur,
2535 1747 2798 1802 nimirum
2837 1748 3001 1801 vitam
3034 1749 3154 1818 ejus
3196 1750 3492 1804 solitariam
3523 1760 3581 1804 et

331 1815 563 1906 acpbe-:6
595 1818 891 1887 ὁμόφυλον.
920 1816 1046 1876 Οἵον
1074 1825 1183 1896 γάρ
1219 1843 1305 1889 τις
1336 1827 1601 1901 τύραννος
1628 1830 1738 1883 τῶν
1763 1832 1900 1885 ἀλό-

2012 1834 2391 1890 abhorrentem
2418 1853 2448 1890 a
2479 1837 2561 1890 sui
2586 1838 2800 1906 generis
2826 1839 3139 1893 animalium
3175 1841 3434 1896 societate
3474 1858 3577 1895 na-

331 1917 447 1969 γων
476 1905 564 1958 διὰ
609 1907 711 1977 τὴν
743 1910 806 1961 ἑκ
840 1911 1057 1981 φύσεως
1105 1915 1412 1985 ὑπεροψίαν
1461 1919 1562 1990 τὴν
1607 1921 1746 1991 πρὸς
1776 1922 1905 1984 τοὺς

333 1995 563 2060 πολλοὺς
590 2000 880 2071 ὁμοτιμίαν
918 2004 979 2055 οὑ
1023 2008 1403 2077 καταδέχεται,
1434 2011 1575 2065 ὥστε
1606 2013 1727 2065 οὑδὲ
1777 2012 1904 2082 χθε-

333 2084 486 2155 σινὴν
519 2089 725 2160 τροφὴν
761 2091 1174 2167 προσίεταιζτῼ
1217 2100 1312 2151 καὶ
1353 2100 1660 2171 τηλικαῦτα
1694 2103 1904 2174 ὄργανα

330 2178 365 2245 ἡ
397 2180 562 2245 φύσις
599 2181 856 2251 ἐνέθηκεν
894 2185 1035 2239 ὥστε
1071 2189 1241 2245 πολλά
1289 2192 1396 2246 τῶν
1441 2193 1595 2257 ζώων
1627 2197 1902 2266 ὑπερϐάλ-

328 2266 493 2320 λοντα
551 2272 616 2339 τῇ
668 2273 930 2344 ταχύτητι
983 2278 1157 2348 μόνῳ
1188 2280 1450 2346 πολλάκις
1500 2284 1781 2339 ἁλίσκεται
1828 2286 1905 2356 τῷ

330 2357 671 2429 βρυχήματι.
699 2365 808 2419 Καὶ
844 2367 1006 2421 τοῦτο
1042 2371 1208 2427 Δαϐὶδ
1233 2375 1261 2425 6
1295 2376 1589 2448 προφήτης
1616 2378 1897 2449 ὑπεμφαί-

328 2466 445 2502 νειν
478 2451 651 2519 λέγων
680 2470 696 2487 ·
738 2473 758 2507 ι
804 2457 864 2510 '0
896 2458 1031 2515 λέων
1093 2464 1363 2534 ἐνεδρεύιι
1412 2450 1481 2519 ἐν’
1518 2467 1840 2540 ἀποκρύφῳ.
1878 2488 1897 2521 ι

325 2541 535 2609 Ατφνης
568 2544 677 2615 γὰρ
707 2546 1021 2620 ἐκπηδήσας
1044 2553 1254 2607 ἐκεῖθεν
1288 2557 1383 2609 καὶ
1414 2559 1555 2627 μέγα
1593 2559 1799 2630 βοήσας
1834 2562 1904 2613 τά

332 2632 702 2696 παροδεύοντα
754 2638 865 2689 τῶν
912 2638 1067 2704 ζώων
1114 2642 1367 2700 ἵστασθαι
1402 2651 1569 2716 ποιεῖ,
1607 2654 1703 2704 καὶ
1731 2650 1919 2713 οὕτως

331 2722 504 2815 εσθίει
534 2727 970 2797 καταλαμϐάνων
1001 2735 1163 2791 αὑτά.
1192 2739 1388 2801 Καλῶς
1420 2739 1513 2793 οὖν
1543 2743 1571 2794 6
1610 2744 1904 2815 Προφήτης

333 2814 516 2884 ελεγεο
550 2836 571 2869 ι
599 2818 837 2890 Σκύμνοι
871 2824 1228 2897 ὠρυόμενοι,›
1261 2830 1351 2882 καὶ
1384 2830 1453 2885 τά
1473 2831 1657 2889 λοιπά.

405 3080 484 3135 Οὑ
514 3077 765 3137 τοσοῦτον
791 3086 848 3139 δὲ
878 3088 1038 3157 ἡμεῖς
1087 3091 1136 3143 οἱ
1182 3090 1325 3162 λόγῳ
1353 3094 1739 3165 τετιμημένοι,
1770 3097 1898 3151 ὅσον

333 3173 478 3225 αὑτά
515 3176 683 3247 δήπου
731 3179 807 3231 τὰ.
848 3178 1018 3249 άλδγα
1052 3183 1166 3246 ζῶα
1200 3183 1300 3255 τὴν
1333 3188 1543 3240 οίκείαν
1592 3188 1768 3242 οἴδασι
1794 3206 1898 3243 σω-

332 3263 547 3333 τηρίαν,
608 3269 703 3319 καὶ
751 3268 875 3321 ὅθεν
928 3269 1117 3333 αὑτοῖς
1168 3273 1590 3345 παθαινομένοις
1647 3278 1680 3349 ἡ
1734 3278 1915 3347 ὑγεία.

333 3355 710 3423 προσγίνεται.
764 3360 998 3428 Ἀρκτος
1062 3362 1171 3434 γάρ
1225 3366 1489 3430 πολλάκις
1556 3367 1897 3440 βαρυτάταις

332 3444 749 3514 κατατρωθεῖσα
788 3448 1026 3519 πληγαῖς
1069 3451 1272 3523 ἑαυτὴν
1305 3455 1568 3525 ἰατρεύει,
1597 3458 1676 3527 τῷ
1706 3458 1897 3529 φλόμῳ

330 3534 506 3605 τούτῳ
555 3536 730 3607 ξηρὰν
758 3540 855 3608 τὴν
884 3542 1049 3610 φύσιν
1095 3546 1273 3616 ἔχοντι
1321 3548 1423 3612 τὰς
1453 3550 1682 3614 ὠτειλὰς
1719 3569 1898 3623 παρα-

334 3624 557 3678 ϐύουσα.
598 3627 767 3692 Ἱδοις
802 3631 849 3683 δ’
896 3630 963 3685 ἂν
1017 3634 1112 3686 καὶ
1158 3634 1423 3691 ἀλώπεκι
1452 3638 1528 3708 τῷ
1551 3641 1767 3709 δακρύε-
1798 3644 1896 3711 τῆς

331 3715 520 3779 πίτυος
572 3718 770 3788 ἑαυτὴν
829 3722 1207 3793 ίατρεύουσαν.
1253 3726 1479 3799 Χελώνη
1524 3729 1614 3793 δὲ,
1668 3732 1890 3797 σαρκῶν

329 3805 542 3875 ἐχίδνης
571 3808 946 3879 ιμφορηθεῖσα
991 3813 1080 3867 διά
1108 3816 1208 3882 τῆς
1241 3815 1500 3886 ὀριγάνου
1528 3820 1892 3885 ἀντιπαθείας

331 3898 521 3965 φεύγει
575 3900 674 3969 τὴν
720 3901 925 3972 βλάϐην
971 3903 1062 3957 τοῦ
1112 3905 1341 3962 ίοϐὁλου.
1372 3910 1483 3963 Καὶ
1535 3908 1661 3980 ὄφις
1693 3913 1793 3981 τὴν
1839 3914 1898 3965 ὲν

329 3991 439 4052 τοῖς
459 3990 753 4060 ὀφθαλμοῖς
788 3984 991 4067 βλάϐην
1024 3998 1235 4062 ἐξιᾶται
1280 4000 1575 4070 βοσκηθεὶς
1622 4003 1893 4074 μάλαθρα.

322 4075 454 4133 Ὁίδε
498 4081 556 4134 δὲ
592 4083 687 4135 καὶ
733 4085 761 4136 6
804 4084 1023 4153 ἔλαφος,
1052 4086 1198 4140 καθά
1229 4104 1398 4158 φησιν
1430 4090 1711 4156 Λίλιανδςγ
1735 4090 1897 4163 θερα-

333 4170 519 4224 πεύειν
548 4173 742 4227 ἑαυτὸν
780 4175 931 4229 ἄνθει
964 4179 1095 4244 τινὶ,
1120 4179 1216 4233 ἐὰν
1248 4196 1381 4233 ποτε
1428 4182 1533 4234 ὑπὸ
1580 4181 1678 4234 τοῦ
1712 4182 1896 4252 βέλους

330 4261 531 4332 τρωθῇ.
559 4258 681 4317 Οῑδε
728 4263 784 4317 δὲ
830 4265 925 4317 καὶ
968 4266 1211 4338 κάμηλος
1263 4274 1637 4340 κεκαυμένους
1689 4274 1896 4343 χυμοὺς

330 4351 564 4421 ἐξεμεῖν,
608 4356 658 4408 εί
708 4356 922 4425 φύλλων
968 4358 1151 4429 ὑγρῶν
1191 4362 1454 4429 ὲφάψοιτο
1506 4363 1691 4432 δρυός.
1735 4362 1897 4419 Ἀλλά

2011 1932 2208 1980 turam.
2258 1926 2392 1981 Nam
2430 1922 2553 1980 cum
2599 1929 2668 1980 sit
2708 1928 2863 1995 quasi
2903 1930 3121 1998 quidem
3158 1931 3444 1984 brutorum
3491 1940 3576 2001 ty-

2007 2032 2213 2070 rannus
2245 2026 2301 2071 et
2332 2032 2424 2073 rex
2448 2057 2461 2082 ,
2507 2017 2625 2086 pari
2659 2033 2780 2071 esse
2832 2034 2955 2072 cum
2991 2020 3204 2074 caeteris
3252 2020 3461 2081 honore
3490 2020 3578 2074 di-

2006 2108 2329 2177 gnitateque
2374 2118 2593 2164 recusat
2624 2118 2848 2178 prepter
2878 2110 3167 2178 quamdam
3206 2110 3434 2164 inditam
3473 2111 3575 2179 ipsi

2006 2214 2036 2253 a
2068 2209 2263 2253 natura
2292 2200 2624 2264 superbiam.
2650 2198 3021 2255 Consimiliter
3043 2200 3227 2254 cibum
3259 2200 3576 2254 hesternum

2006 2306 2115 2345 non
2146 2292 2335 2345 sumit.
2370 2291 2555 2347 Eidem
2607 2294 2971 2348 instrumenta
3004 2297 3154 2349 vocis
3186 2304 3332 2349 tanta
3383 2304 3579 2349 natura

2006 2383 2187 2448 dedit,
2221 2395 2281 2438 ut
2316 2400 2442 2440 cum
2481 2386 2740 2441 animalia
2782 2387 3042 2457 pleraque
3087 2389 3376 2442 velocitate
3410 2403 3578 2456 supe-

2005 2481 2111 2538 ret,
2154 2475 2270 2529 solo
2303 2490 2682 2544 saepenumero
2740 2487 2912 2532 semet
2956 2478 3137 2545 rugitu
3200 2493 3300 2531 suo
3358 2478 3576 2547 prodat.

2008 2566 2252 2622 lndicare
2306 2568 2413 2622 hoc
2469 2567 2649 2637 ipsum
2684 2578 2835 2624 vates
2881 2569 3049 2623 etiam
3113 2569 3349 2624 Davidcs
3402 2568 3579 2623 voluit
3673 2615 3681 2622 .

2006 2656 2157 2711 hisce
2182 2658 2365 2713 verbis
2401 2675 2415 2711 :
2463 2676 2481 2709 ι
2511 2658 2791 2727 Tanquam
2836 2660 2923 2714 leo
2952 2658 3153 2713 abditis
3187 2659 3242 2712 in
3275 2658 3578 2719 locis-insi-

2005 2748 2189 2802 diatur
2218 2749 2285 2804 ι’.
2330 2769 2347 2801 ι
2384 2749 2516 2803 Nam
2554 2766 2617 2804 ex
2657 2751 2721 2805 iis
2756 2761 2982 2820 repente
3028 2751 3342 2814 prosiliens,
3377 2765 3575 2820 magno

2007 2838 2246 2892 clamore
2276 2834 2515 2901 sublato,
2543 2838 2795 2892 animalia
2827 2840 3213 2907 praetereuntia
3238 2839 3452 2894 sistitct
3472 2839 3579 2893 hoc

2003 2929 2168 2982 modo
2221 2938 2376 2997 capta
2422 2928 2669 2983 devorat.
2715 2929 2904 2999 Itaque
2959 2932 3216 3000 praeclare
3246 2930 3412 2987 Vates
3453 2931 3571 2985 ait:

2011 3038 2031 3071 ι
2064 3018 2240 3075 Catuli
2277 3019 2482 3073 leonini
2525 3019 2823 3089 rugientes,
2856 3032 2913 3074 ut
2945 3022 3181 3091 praedam
3218 3020 3419 3076 faciant
3444 3022 3509 3073 ".
3548 3041 3567 3072 ι

2071 3109 2258 3178 Neque
2288 3124 2418 3164 vero
2476 3124 2577 3164 nos
2638 3108 2928 3173 homines,
2987 3124 3298 3178 quanquam
3350 3110 3575 3165 rationis

2004 3199 2281 3255 beneﬁcio
2313 3201 2485 3255 simus
2507 3192 2709 3263 ornati,
2737 3209 2843 3254 tam
2866 3202 3080 3270 egregie
3106 3201 3259 3255 nobis
3289 3201 3575 3255 consulere

2007 3306 2305 3362 possumus
2334 3307 2497 3360 quam
2540 3293 2659 3362 ipsa
2716 3291 2875 3347 bruta
2921 3291 3175 3345 animalia
3221 3291 3461 3347 rationes
3514 3308 3575 3347 se

2001 3382 2361 3436 conservandi
2407 3393 2631 3442 norunt.
2664 3392 2719 3437 et
2760 3382 2908 3438 unde
2937 3385 3083 3437 male
3113 3384 3334 3439 allectis
3370 3383 3576 3439 sanitas

2001 3480 2499 3541 reparetur.........
2537 3472 2719 3528 Ursus
2764 3472 2910 3527 enim
2961 3488 3333 3541 saepenumero
3365 3473 3576 3541 gravis-

2000 3563 2151 3617 simis
2181 3562 2745 3618 vulneribusaﬂ‘cetus
2772 3563 2879 3617 sibi
2917 3562 3034 3632 ipse
3061 3562 3392 3618 medicinam
3421 3561 3573 3623 facit,
3676 3578 3679 3581 ·

2000 3652 2128 3706 dum
2153 3652 2412 3707 verbasco
2439 3654 2741 3707 naturalem
2764 3652 3065 3707 siceitatem
3092 3652 3328 3706 habente
3350 3652 3575 3705 vulnera

2000 3744 2259 3799 obstruit.
2301 3744 2480 3797 Etiam
2538 3744 2754 3812 vulpem
2807 3744 3047 3814 lacryma
3100 3744 3261 3811 pinus
3309 3756 3368 3797 se
3398 3742 3577 3810 ipsam

1998 3842 2280 3889 curantem
2314 3833 2504 3887 videre
2544 3842 2647 3888 est.
2687 3832 2928 3887 Testudo
2967 3832 3157 3901 vipere
3190 3830 3447 3893 carnibus
3490 3845 3579 3885 sa-

2000 3923 2132 3976 tiata
2167 3937 2265 3989 per
2314 3910 2647 3975 contrariam
2690 3920 2913 3990 origani
2955 3921 3084 3983 vim,
3126 3918 3419 3986 quominus
3448 3933 3478 3971 a
3517 3933 3577 3973 re

1999 4011 2105 4081 50
2133 4026 2410 4066 venenosa
2440 4011 2688 4072 laedatur,
2713 4010 2903 4063 ellicit.
2940 4009 3179 4077 Serpens
3200 4006 3394 4061 oculos
3414 4006 3575 4062 lazsos

1998 4102 2218 4158 sanitati
2246 4101 2511 4163 restituit,
2530 4101 2815 4155 malathris
2842 4108 3053 4169 pastus.
3084 4097 3323 4152 Novitet
3350 4112 3570 4162 cervus,

1998 4193 2462 4265 quemadmodum
2489 4191 2741 4246 Elianus
2770 4191 2972 4252 tradit,
3006 4191 3245 4258 seipsum
3271 4188 3404 4243 ﬂore
3432 4203 3576 4259 quo-

1998 4286 2121 4341 dam
2174 4299 2413 4347 curare,
2462 4282 2507 4337 si
2557 4281 2780 4353 quando
2821 4282 2932 4337 telo
2980 4281 3141 4336 la‘sus
3182 4290 3287 4335 est.
3319 4279 3576 4335 Camelus

1999 4377 2259 4430 humores
2293 4383 2550 4443 perustos
2592 4388 2851 4427 evomere
2889 4372 3062 4435 novit,
3095 4371 3367 4427 contactis
3394 4371 3577 4425 humi-

332 4445 425 4496 καὶ
454 4444 598 4535 κύων
622 4447 722 4499 οὑκ
749 4449 935 4514 ἀγνοεῖ
959 4451 1123 4520 χολῆς
1157 4452 1417 4523 μελαίνης
1454 4453 1671 4524 χλωρὰν
1705 4454 1894 4524 ἄγρω-

2001 4468 2084 4522 dis
2114 4480 2353 4535 quercus
2380 4464 2549 4521 foliis.
2580 4465 2693 4519 Nec
2721 4464 2872 4518 canis
2897 4464 3114 4532 ignorat
3142 4462 3319 4517 viride
3346 4475 3574 4531 gramen

334 4552 449 4588 στιν
481 4533 619 4591 εἷναι
660 4538 978 4607 καθάρσιον.
1015 4542 1178 4595 Ἀλλά
1209 4544 1300 4597 καὶ
1349 4545 1542 4615 τράγοι
1590 4546 1693 4614 τὴν
1723 4547 1895 4599 ἀσκα-

2001 4533 2177 4627 nigra:
2212 4556 2341 4610 bilis
2372 4555 2742 4627 expurganda:
2772 4554 2880 4607 vim
2916 4553 3143 4607 habere.
3184 4552 3333 4606 Hirci
3364 4566 3576 4607 scamo-

336 4627 540 4693 μωνίαν
574 4629 669 4698 τῆς
699 4631 941 4699 ἀπεψίας
966 4631 1322 4704 ἀλεξητήριον
1369 4635 1566 4690 οἴδασι.
1606 4635 1716 4689 Καὶ
1753 4639 1897 4705 πάρ-

331 4718 478 4782 δαλις
525 4718 720 4788 λύθρον
769 4721 925 4788 αἰγὸς
976 4723 1168 4793 ἀγρίου
1218 4726 1489 4795 σωτήριον
1542 4729 1735 4782 οῑεται.
1783 4730 1893 4782 Καὶ

335 4810 531 4879 πτηνὸς
566 4810 719 4879 ἱέραξ
749 4811 839 4864 τὸν
860 4812 990 4865 ὀπὸν
1021 4815 1132 4867 τῶν
1174 4817 1561 4885 πικροφύλλων
1595 4818 1893 4889 θριδακίων

331 4899 549 4953 ὁπτικὸν
594 4901 792 4970 ἀχλύος
848 4902 1135 4958 ἐπίσταται
1187 4906 1502 4976 φάρμακον.
1546 4911 1653 4962 Καὶ
1705 4909 1896 4963 κύκνοι

329 4988 396 5040 δὲ.
427 4988 718 5060 βατράχους
764 4992 1034 5055 ἐσθίοντες
1082 4994 1176 5046 τοῦ
1225 4994 1522 5061 λυποῦντος
1571 5000 1894 5071 ἀπαλλαγὴν

333 5081 667 5149 εὑρίσκουσι.
706 5085 970 5150 Φεύγουσι
1019 5088 1113 5139 καὶ
1152 5087 1324 5154 γῦπες
1371 5092 1465 5144 καὶ
1497 5091 1757 5158 κάνθαροι
1797 5094 1893 5163 τὴν

330 5170 442 5223 τῶν
479 5174 642 5241 ῥόδων
683 5174 883 5244 ὀσμήν.
936 5177 1095 5231 Ἀλλά
1128 5180 1221 5231 καὶ
1269 5181 1389 5247 ὄφις
1427 5184 1455 5235 6
1480 5184 1715 5246 Λιϐυκὺς
1762 5186 1894 5237 ἀπο-

335 5263 622 5330 στρέφεται
675 5269 955 5334 πήγανον⁹
1007 5269 1224 5339 ψυχρὰν
1270 5273 1379 5343 γὰρ
1428 5275 1520 5327 καὶ
1566 5276 1740 5345 ξηρὰν
1799 5279 1893 5329 καὶ

334 5354 568 5424 νευρώδη
597 5356 695 5426 τὴν
732 5358 892 5426 φύσιν
924 5361 1377 5432 κληρωσάμενος,
1408 5367 1512 5419 ὑπὸ
1540 5369 1631 5421 τοῦ
1662 5369 1895 5439 ξηροτά-

333 5458 426 5493 του
478 5446 625 5510 ὄντος
681 5449 1035 5520 λειποψυχεῖν
1091 5455 1488 5521 ἀναγκάζεται.
1547 5458 1738 5529 ὥσπερ
1794 5460 1899 5513 ὑπὸ

338 5537 646 5602 κραιπάλης
696 5540 845 5604 τινὸς
892 5546 989 5598 καὶ
1033 5548 1370 5613 σκοτοδινίας
1414 5546 1534 5614 ταῖς
1571 5552 1900 5623 ὑπερϐολαῖς

415 5716 616 5777 “Psal.
652 5740 705 5789 κ,
743 5724 797 5779 9.
873 5724 917 5760 ³³
942 5726 1081 5779 Psal.
1115 5741 1223 5791 Clll,
1253 5725 1339 5781 2|.

1992 4650 2141 4703 niam
2204 4638 2499 4703 cruditatis
2561 4646 2868 4701 remedium
2918 4660 3042 4699 esse
3083 4643 3285 4699 sciunt.
3328 4642 3576 4698 Pardalis

1992 4754 2243 4801 cruorem
2281 4753 2459 4809 capra:
2499 4738 2772 4793 silvestris
2801 4737 2905 4792 sibi
2938 4736 3232 4790 salutarem
3265 4734 3572 4790 existimat.

1999 4828 2279 4896 Accipiter
2311 4827 2555 4881 volucris
2611 4840 2837 4881 succum
2897 4825 3278 4889 Iactucarum,
3338 4839 3572 4893 quarum

1993 4916 2127 4970 folia
2162 4926 2292 4969 sunt
2324 4928 2530 4977 amara,
2567 4912 2917 4981 caligantium
2976 4911 3262 4965 oculorum
3302 4910 3408 4963 scit
3449 4924 3573 4965 esse

1992 5005 2316 5060 remedium.
2370 5004 2537 5074 Cygni
2605 5017 2764 5056 ranas
2817 5002 3182 5073 devorantes,
3280 5000 3573 5055 allectione

1990 5097 2234 5168 quadam
2288 5096 2393 5151 sibi
2460 5095 2687 5149 molesta
2742 5109 2861 5148 sese
2913 5092 3171 5147 liberant.
3220 5092 3480 5146 Vultures
3517 5100 3571 5146 et

1984 5187 2259 5243 scarabaei
2283 5202 2533 5242 rosarum
2565 5187 2785 5239 odorem
2806 5183 3040 5253 fugiunt.
3068 5181 3306 5250 Serpens
3338 5182 3572 5246 Libycus

1994 5289 2171 5335 rutam
2196 5290 2479 5333 aversatur
2515 5295 2530 5331 :
2582 5292 2706 5331 nam
2772 5291 2895 5330 cum
2945 5284 3147 5328 natura
3178 5272 3432 5342 frigidus,
3463 5270 3572 5324 sic-

1994 5386 2116 5434 cus,
2146 5385 2415 5425 nervosus
2440 5370 2513 5425 sit
2548 5388 2561 5424 :
2591 5385 2688 5439 per
2715 5369 2858 5422 hanc
2887 5366 3137 5429 herbam,
3171 5380 3292 5433 qua:
3327 5357 3569 5415 siccandi

1999 5463 2109 5517 vim
2139 5463 2305 5518 habet
2329 5462 2645 5527 maximam,
2680 5460 2992 5517 necessario
3023 5458 3171 5512 velut
3203 5455 3567 5509 exanimatum

2004 5562 2264 5622 tauquam
2313 5552 2355 5609 si
2394 5568 2493 5624 per
2521 5552 2799 5625 crapulam
2834 5548 3127 5621 quamdam
3156 5550 3213 5600 et
3241 5538 3570 5610 vertiginem
