4062 6186
498 301 603 364 115

1733 301 2155 387 MlCiIAELlS
2194 301 2452 362 cum

3639 303 3735 365 116

483 417 558 471 ob
594 416 862 471 siccitatis
898 418 1006 469 vim
1062 416 1287 473 nimiam
1322 414 1785 483 exstingueretur.
1839 413 1948 468 llac
1991 414 2060 468 de

2172 416 2266 483 τῆς
2319 414 2620 485 ξηρότητος
2670 412 3171 484 ἀπονεκρούμενος.
3232 414 3430 482 Φευγει
3477 418 3659 468 τοίνυν
3709 419 3736 467 ὁ

488 524 652 563 causa
687 524 913 577 serpens
941 508 1019 563 sic
1069 514 1247 560 rutam
1301 506 1439 576 fugit
1493 519 1557 559 ac
1607 505 1777 569 vitat,
1828 505 1973 560 sicut
2000 514 2058 560 et

486 600 746 663 hiemem,
769 600 1007 668 promer
1041 598 1267 651 nimium
1303 596 1511 651 scilicet
1537 595 1731 666 frigus.

559 691 650 745 Sic
676 691 845 760 igitur
868 689 1123 743 animalia
1151 698 1347 743 cuncta
1379 688 1511 756 quid
1541 688 1780 742 salutare
1807 686 1878 742 sit
1899 686 2053 757 ipsis,

480 782 614 849 quid
680 781 898 835 exitiale
928 821 943 847 ,
999 780 1277 850 cognitum
1314 779 1542 832 habent.
1585 779 1703 833 Jam
1757 793 1878 848 qua:
1929 786 2059 831 sunt

483 874 629 944 apud
659 890 723 927 ea
757 890 941 928 rerum
978 873 1289 927 futurarum
1345 871 1629 942 prmsagia,
1680 871 1831 925 verbi
1862 870 2055 941 gratia,

481 966 552 1020 de
608 966 753 1020 aeris
788 966 1092 1019 mutatione
1158 966 1364 1035 (quam
1417 964 1652 1017 obsecro
1709 964 2055 1036 prudentiam

482 1057 805 1119 rationalem
856 1073 1074 1126 quoque
1139 1072 1245 1110 non
1302 1057 1645 1110 obscurant?
1691 1057 1808 1110 ovis
1852 1056 2062 1109 adven-

483 1156 633 1209 tante
695 1146 875 1201 hieme
938 1163 1097 1215 parce
1177 1146 1512 1200 nutrimento
1586 1145 1845 1217 vescitur,
1904 1146 2057 1214 quasi

482 1240 776 1310 quamdam
831 1239 937 1293 sibi
987 1250 1327 1294 commeatus
1373 1239 1585 1307 copiam
1639 1255 1739 1306 pro
1801 1248 2058 1293 secutura

484 1328 668 1398 inopia
701 1330 1070 1400 comparans).
1112 1329 1258 1395 Quin
1307 1330 1471 1383 etiam
1516 1330 1767 1383 homines
1804 1329 2056 1389 industrii

487 1432 812 1477 terrestrem
868 1422 1126 1475 ecbinum
1170 1422 1285 1475 sive
1320 1422 1636 1475 erinaccum
1676 1420 2064 1489 respirationes

487 1512 592 1567 s‘bi
629 1514 871 1582 geminas
900 1513 1206 1582 excogitare
1230 1513 1345 1567 suis
1370 1512 1423 1566 in
1459 1512 1645 1575 lustris
1667 1513 2059 1567 observarunt.

486 1603 643 1671 Quod
689 1605 731 1657 si
761 1604 1068 1674 Spiraturus
1093 1612 1179 1657 est
1220 1603 1427 1674 aquilo,
1459 1612 1666 1672 partem
1697 1603 2062 1673 aquilonalem

486 1693 761 1749 obstruit:
788 1692 933 1761 quod
964 1693 1009 1747 si
1037 1704 1200 1748 vento
1221 1702 1434 1748 mutato
1461 1693 1555 1749 ﬂat
1577 1701 1785 1759 auster,
1821 1692 1889 1748 ad
1922 1693 2066 1748 fora—

488 1808 612 1849 men
646 1793 942 1848 obversum
976 1791 1217 1862 aquiloni
1250 1809 1310 1848 se
1344 1793 1578 1849 confert.

560 1885 736 1939 Etiam
768 1885 1043 1939 sentiendi
1076 1900 1408 1953 organorum
1444 1885 1500 1939 in
1523 1885 1854 1940 animalibus
1888 1887 2083 1942 excel-r

488 1976 715 2031 lentiam
750 1974 1043 2045 quamdam
1064 1990 1295 2047 cernere
1328 1977 1492 2031 licet:
1529 1976 1739 2046 absque
1774 1992 1885 2047 quo
1905 1977 2065 2043 foret,

488 2082 662 2137 agnus
697 2067 842 2121 inter
895 2081 1027 2121 oves
1076 2067 1397 2125 innumeras
1427 2068 1603 2122 caulis
1652 2068 1891 2123 inclusas
1928 2070 2070 2123 exsi-

489 2158 666 2224 liens,
700 2160 942 2215 colorem
975 2176 1277 2232 vocemque
1313 2161 1505 2216 matris
1549 2161 1693 2215 haud
1723 2171 2066 2232 agnosceret,

491 2262 597 2303 nec
630 2249 697 2302 ad
729 2264 850 2304 eam
886 2266 943 2305 se
974 2252 1219 2306 studiose
1262 2250 1568 2316 conferret,
1601 2252 1905 2320 prmsertim
1944 2267 2069 2306 cum

493 2340 664 2394 ubera
697 2342 864 2396 multa
901 2343 1064 2397 valde
1094 2342 1328 2397 distenta
1361 2350 1695 2412 gravataque
1757 2352 2066 2413 praetereat.

492 2429 764 2485 Nimirum
813 2439 897 2487 est
932 2432 986 2486 in
1021 2433 1103 2487 eis
1133 2446 1341 2487 sensus.
1373 2431 1572 2497 acrior,
1612 2447 1775 2501 qnam
1811 2448 1910 2486 nos
1957 2434 2071 2487 exi-

492 2522 781 2576 stimemus
806 2540 820 2577 :
849 2538 959 2593 quo
993 2523 1113 2594 ipso
1142 2522 1401 2591 quaelibet
1430 2524 1498 2577 ab
1530 2523 1725 2578 alienis
1757 2538 1855 2577 sua
1882 2523 2073 2593 digno-

492 2622 675 2669 scunt.
693 2614 940 2668 Necdum
961 2615 1178 2670 catulus
1202 2614 1397 2671 dentes
1417 2616 1604 2679 habet,
1623 2631 1689 2675 ac
1712 2616 2071 2671 nihilominus

490 2717 551 2769 se
573 2702 861 2759 laedentem
879 2720 974 2760 ore
994 2706 1232 2762 vicissim
1255 2707 1560 2760 ulciscitur.
1592 2707 1839 2761 Necdum
1863 2722 2071 2761 cornua

492 2794 702 2850 vitulus
748 2796 934 2862 habet,
969 2812 1034 2852 ac
1068 2798 1432 2852 nihilominus
1472 2813 1583 2867 quo
1613 2797 1736 2851 loco
1774 2800 1874 2866 ipsi
1919 2816 2071 2854 arma

494 2885 607 2941 sint
641 2888 926 2956 proditura
977 2888 1155 2943 novit.
1217 2888 1582 2953 Quamobrem
1632 2888 1894 2957 pra'clarc
1934 2888 2073 2944 dixit

492 2982 853 3051 Hippocrates
878 2998 913 3041 δ
932 3001 949 3033 ι
975 2981 1307 3039 Animalium
1330 2991 1521 3035 natura
1546 2981 1681 3034 nihil
1718 2980 1878 3036 habet
1908 2998 1938 3036 a
1977 2982 2075 3037 do-

491 3074 693 3139 ctrina,
730 3073 875 3126 velut
894 3071 1219 3127 ascititium.

560 3164 724 3220 Canis
772 3172 952 3219 autem
987 3163 1039 3217 in
1075 3163 1473 3218 reminiscendo
1513 3164 1762 3233 quemvis
1793 3163 2070 3218 hominem

490 3269 615 3325 erga
644 3254 780 3309 bene
801 3255 867 3309 dc
892 3269 950 3309 se
986 3255 1210 3309 meritos
1240 3255 1508 3327 ingratum
1542 3256 1745 3324 pudore
1801 3271 1908 3309 non
1957 3255 2071 3309 alli-

491 3344 602 3400 cit?
629 3346 846 3415 quando
873 3345 974 3416 51
1018 3360 1183 3405 canes
1226 3361 1336 3401 non
1366 3361 1567 3415 paucos
1616 3362 1720 3400 una
1767 3362 1889 3400 cum
1928 3346 2075 3401 hl-ris

491 3437 607 3493 suis
636 3438 689 3491 in
720 3437 1013 3493 solitudine
1045 3438 1199 3493 caesis
1232 3438 1577 3500 occubuisse,
1612 3438 1917 3491 litterarum
1958 3454 2075 3490 mn-

495 3530 769 3585 nuuicnlis
804 3530 1071 3599 proditur.
1123 3529 1264 3595 Quin
1312 3529 1474 3584 etiam
1532 3529 1696 3599 aliqui
1733 3530 1933 3585 recenti
1968 3532 2068 3587 ad-

494 3623 607 3676 huc
669 3623 910 3677 facinore
986 3622 1358 3692 qurerentibus
1426 3623 1721 3678 homicidas
1784 3638 1843 3676 se
1906 3623 2073 3677 duces

2094 1739 2142 1799 B

2160 503 2284 572 ὄφις
2309 504 2368 555 τὸ
2407 504 2648 574 πήγανον
2676 504 2947 570 ἐντεῦθεν,
2979 504 3123 559 καθά
3170 504 3344 575 δήπου
3375 506 3469 557 καὶ
3506 505 3597 559 τὸν
3626 523 3737 576 χει-

2164 595 2318 665 μῶνα
2343 596 2431 649 διὰ
2455 596 2552 666 τὴν
2586 597 2891 667 ὑπερϐολὴν
2926 597 3024 666 τῆς
3056 597 3418 667 ψυχρότητος.

2232 685 2388 738 Οῦτω
2412 686 2513 755 μὲν
2543 683 2638 742 οὖν
2670 688 2737 741 τὰ
2769 687 2885 751 ζῶα
2932 688 3112 745 πάντα
3159 688 3408 755 φυσικῶς
3445 686 3553 740 οἶδε
3583 688 3645 740 τό
3673 706 3731 745 τε

2163 779 2431 847 σωτήριον
2452 778 2514 831 τό
2538 795 2593 831 τε
2609 778 2872 848 ὀλέθριον.
2908 779 2975 833 Al
2996 779 3055 832 δὲ
3100 781 3231 849 παρ⁹
3263 780 3448 841 αὐτοῖς
3481 758 3732 849 προγνώῖ

2162 891 2276 937 σεις
2306 874 2407 942 τῆς
2434 875 2560 944 περὶ
2592 874 2684 929 τὸν
2726 874 2861 945 ἀέρα
2893 874 3200 943 μεταϐολῆς
3234 873 3395 928 ποίαν
3428 874 3549 942 οὐχὶ
3579 875 3735 924 σύνε-

2164 983 2248 1021 σιν
2279 967 2503 1040 λογικὴν
2547 968 3027 1037 ἀποκρύπτουσινς
3089 968 3223 1019 ὅπου
3281 982 3346 1033 γε
3381 965 3441 1018 τὸ
3472 965 3572 1033 μὲν
3595 967 3731 1034 πρό-

2163 1058 2326 1111 6ατον
2349 1060 2616 1129 χειμῶνος
2645 1059 2923 1128 προϊόντος
2952 1057 3167 1127 λάϐρως
3205 1056 3614 1123 smmum:
3661 1058 3728 1123 τῇ

2163 1153 2337 1221 τροφῇ
2382 1150 2570 1222 ὥσπερ
2617 1150 3052 1219 ἐπισιτιζόμενοι)
3097 1148 3234 1217 πρὸς
3287 1147 3387 1214 τὴν
3434 1146 3732 1215 μέλλουσαν

2164 1244 2390 1298 ἔνδειαν.
2426 1245 2567 1314 ’Ἤδη
2621 1244 2680 1298 δέ
2732 1262 2818 1306 τις
2863 1243 2973 1297 τῶν
3019 1242 3328 1309 φιλοπόνων
3368 1239 3481 1310 (ιε)
3513 1241 3608 1293 καὶ
3637 1238 3732 1291 τὸν

2164 1339 2416 1405 χερσαῖον
2450 1339 2626 1407 ἐχῖνον
2658 1337 2892 1407 ἐτήρησε
2913 1336 3111 1398 διπλᾶς
3138 1332 3415 1395 ἀναπνοὰς
3441 1335 3506 1401 τῇ
3538 1331 3733 1383 ἑαυτοῦ

2166 1427 2458 1481 καταδύσει
2510 1427 2993 1498 μηχανησάμενον,
3046 1426 3139 1479 καὶ
3190 1424 3477 1494 μέλλοντος
3535 1423 3732 1493 βορέου

2104 1518 2319 1597 (πνεῖν
2353 1519 2777 1589 ἀποφράσσοντα
2823 1517 2921 1588 τὴν
2961 1516 3242 1588 ἀρκτῴαν.
3283 1516 3438 1581 νότου
3468 1514 3527 1566 δὲ
3570 1512 3737 1566 πάλιν

2166 1612 2594 1685 μεταδάλλοντος
2623 1613 2701 1675 είς
2721 1610 2819 1682 τὴν
2848 1610 3215 1681 προσάρκτιον
3244 1605 3661 1678 μεταϐαίνοντα.

2249 1885 2411 1938 Ἀλλὰ
2443 1885 2537 1938 καὶ
2578 1884 2677 1957 τὴν
2717 1885 2824 1940 τῶν
2858 1883 3235 1953 αἰσθητηρίων
3269 1883 3593 1953 περιουσίαν
3634 1898 3741 1951 με-

2168 1976 2340 2047 γάλην
2366 1977 2517 2044 παρα
2545 1980 2653 2040 τοῖς
2687 1978 2846 2041 ζώοις
2879 1977 2977 2028 ἴδοι
3004 1993 3087 2040 τις
3112 1976 3201 2029 ἄν.
3236 1976 3295 2028 El
3334 1975 3409 2046 μὴ
3443 1976 3552 2045 γᾴρ
3580 1974 3745 2027 τοῦτο

2166 2063 2255 2137 ἦν,
2292 2069 2392 2123 οὐκ
2423 2070 2489 2121 ἂν
2511 2068 2726 2137 ἀρνειὸς
2752 2070 2812 2120 ἐν
2849 2068 3066 2138 μυρίοις
3094 2068 3388 2137 προϐάτοις
3417 2067 3526 2119 τῶν
3554 2068 3743 2136 σηκῶν

2167 2158 2525 2228 ἐξαλλόμενος
2596 2162 2699 2231 τήν
2752 2177 2813 2212 τε
2882 2160 3075 2231 χροιὰν
3120 2161 3214 2214 καὶ
3269 2160 3456 2229 φωνὴν
3506 2161 3607 2229 τὴν
3640 2158 3745 2227 τῆς

2172 2253 2378 2322 μητρὸς
2432 2252 2647 2319 ἐπέγνω
2703 2240 2811 2305 καῖ’
2859 2252 2997 2320 πρὸς
3044 2252 3262 2320 ἐκείνην
3318 2250 3599 2320 ἠπείγετο.
3645 2252 3749 2306 καὶ

2168 2343 2344 2397 ταῦτα
2417 2342 2589 2395 πολλὰ
2656 2341 3037 2412 παραδραμὼν
3103 2340 3310 2394 οὔθατα
3370 2340 3743 2410 βαρυνόμενα.

2173 2436 2331 2488 Ἔστι
2357 2437 2454 2487 καὶ
2497 2434 2606 2505 γὰρ
2656 2435 2789 2505 παρ’
2821 2436 3010 2495 αὐτοῖς
3050 2433 3307 2504 αἴσθησις
3334 2435 3433 2503 τῆς
3466 2433 3748 2501 ἡμετέρας

2169 2526 2533 2596 καταλήψεως
2571 2526 2830 2596 ὀξυτέρα,
2859 2526 2983 2580 καθ’
3031 2526 3100 2596 ἢν
3134 2525 3349 2594 ἑκάστῳ
3382 2524 3615 2591 πάρεστι
3647 2522 3746 2573 τοῦ

2168 2619 2372 2672 οἰκείου
2424 2619 2739 2687 διάγνωσις.
2773 2617 2939 2671 Οῦπω
2995 2619 3044 2670 oi
3104 2619 3317 2679 ὀδόντες
3368 2617 3446 2685 τῷ
3482 2615 3745 2680 σκύλακι,

2170 2711 2265 2764 καὶ
2322 2710 2471 2785 ὅμως
2519 2709 2608 2764 διὰ
2660 2710 2755 2763 τοῦ
2805 2711 3076 2779 στόματος
3121 2709 3392 2777 ἀμύνεται
3434 2708 3526 2761 τὸν
3570 2708 3746 2777 λυπήο

2174 2821 2361 2858 σαντα.
2388 2802 2557 2874 Οὔπω
2587 2804 2657 2857 τὰ
2686 2804 2892 2873 κέρατα
2926 2804 3004 2873 τῷ
3032 2804 3236 2872 μόσχῳ,
3277 2804 3371 2856 καὶ
3398 2798 3509 2855 οἵδε
3546 2801 3649 2855 ποῦ
3674 2802 3747 2854 τὰ

2173 2895 2315 2948 ὅπλα
2353 2894 2502 2963 αὑτῷ
2536 2895 2898 2962 ἔκφυήσεται.
2943 2893 3133 2954 Καλῶς
3180 2893 3274 2947 οῦν
3309 2895 3337 2947 ὁ
3374 2893 3749 2961 Ἱπποκράτης

2175 2990 2330 3057 ἔλεγε
2356 3005 2369 3019 ⁸
2405 3008 2424 3041 ι
2462 2990 2660 3051 Φύσεις
2693 2987 2848 3051 ζώων
2879 2987 3176 3043 ἁδίδακτοι.
3226 3005 3245 3038 ι

2243 3168 2317 3223 Τὸ
2366 3169 2425 3222 δὲ
2468 3166 2563 3220 τοῦ
2611 3167 2770 3230 κυνὸς
2820 3166 3252 3236 μνημονειιτικδν
3293 3166 3416 3219 τίνα
3460 3165 3567 3218 τῶν
3611 3167 3754 3235 πρὸς

2168 3263 2297 3324 τοὺς
2327 3260 2625 3328 εὐεργέτας
2655 3258 2970 3329 ἀχαρίστων
2997 3258 3058 3310 ού
3092 3256 3483 3325 καταισχύνεις
3514 3258 3651 3309 ὅπου
3682 3274 3755 3324 γε

2172 3354 2267 3408 καὶ
2306 3351 2612 3420 φονευθεῖσι
2652 3350 2944 3412 δεσπόταις
2985 3348 3107 3403 κατ’
3134 3350 3370 3418 ἐρημίαν
3411 3348 3598 3401 πολλοὶ
3641 3347 3758 3401 τῶν

2174 3444 2355 3498 κυνῶν
2386 3440 2824 3505 ὲπαποθανόντες
2862 3437 3321 3508 μνημονεύονται.
3348 3436 3488 3505 Ἤδη
3520 3436 3578 3489 δέ
3606 3453 3759 3500 τινες

2177 3537 2270 3590 lui.
2300 3533 2490 3605 θερμῷ
2518 3533 2597 3603 τῷ
2627 3532 2791 3587 πάθει
2822 3533 2917 3584 καὶ
2945 3531 3130 3600 ὁδηγοὶ
3159 3530 3273 3591 τοῖς
3304 3529 3596 3598 ὲκξητοῦσι
3626 3530 3758 3592 τοὺς

2180 3629 2375 3696 φονέας
2419 3628 2691 3696 ἐγένοντο,
2734 3626 2830 3679 καὶ
2870 3624 2974 3677 ὑπὸ
3015 3625 3175 3691 δίκην
3212 3622 3443 3693 ἀχθῆναι
3483 3622 3610 3681 τοὺς
3648 3638 3759 3674 καε-

492 3712 710 3768 itineris
747 3714 1113 3783 prabueruut,
1162 3724 1330 3783 utque
1375 3714 1667 3769 facinerosi
1715 3714 1963 3769 homines
2018 3722 2073 3769 et

2172 3722 2440 3790 κούργους
2469 3719 2756 3788 ἐποίησαν.
2787 3718 2949 3770 Κύων
2979 3718 3091 3785 γάρ
3120 3732 3206 3777 τις
3235 3718 3293 3767 ἐν
3324 3713 3628 3783 πανδοκείῳ
3660 3714 3761 3764 τὸν

493 3806 723 3875 improbi
779 3806 846 3860 ad
893 3806 1158 3877 supplicia
1229 3807 1701 3876 pertraherentur.
1756 3805 2072 3861 effecerunt.

490 3898 701 3955 Accidit
751 3899 897 3954 enim
960 3898 1270 3968 aliquando,
1325 3907 1383 3955 ut
1443 3898 1594 3954 canis
1652 3898 1707 3951 in
1776 3898 2079 3953 diversorio

489 3991 725 4061 quodam
748 4007 815 4047 eo
843 4000 1159 4063 conspecto,
1201 3991 1293 4061 qui
1320 3992 1513 4046 herum
1551 3990 1724 4061 ipsius
1779 3990 2080 4046 intereme-

496 4094 596 4144 rat.
631 4085 895 4139 adversus
918 4085 1096 4153 ipsum
1127 4095 1396 4154 perpetuo
1430 4085 1655 4149 latrans,
1708 4083 2081 4154 suspicionem

2173 3815 2339 3881 φονέα
2388 3810 2514 3866 ίδὼν
2556 3812 2650 3865 τοῦ
2693 3822 2886 3883 κυρίου
2932 3809 3132 3875 αυτοῦ,
3183 3807 3480 3862 κάντεῦθεν
3525 3807 3764 3875 ἀκρατεῖ

2175 3905 2297 3957 κατ’
2322 3903 2491 3956 αὐτοῦ
2527 3904 2876 3973 χρησάμενος
2907 3901 3103 3969 ὑλακῇ,
3137 3899 3237 3951 οὐκ
3269 3896 3484 3966 ἀγαθὴν
3517 3895 3764 3961 ὑποψίαν

2176 3994 2345 4048 ἔδωκε
2380 3998 2492 4058 τοῖς
2533 3997 2663 4065 περ).
2699 3995 2884 4060 αὑτοῦ,
2928 3992 3013 4062 ἐφ’
3038 3987 3082 4060 ᾧ
3120 3991 3215 4043 καὶ
3254 3991 3335 4053 είς
3380 3989 3560 4057 κρίσιν
3597 3986 3767 4042 αὐτὸν

2178 4084 2415 4153 ἀχθέντα
2444 4086 2522 4147 ὡς
2551 4083 2862 4153 κακοῦργον
2893 4082 3183 4134 ἐκόλασαν.

494 4178 564 4232 de
597 4178 817 4232 homine
852 4178 1143 4241 {sinistram
1204 4187 1471 4235 moveret.
1530 4177 1898 4243 Quamobrem
1927 4177 1973 4231 is
2006 4175 2076 4230 ad
2118 4177 2662 4249 tribunal‘deduetus,
2687 4176 2869 4230 habita
2899 4173 3198 4239 quaestione
3226 4187 3323 4227 ceu
3351 4185 3477 4223 reus
3508 4168 3721 4221 facium

496 4270 575 4324 ris
598 4280 772 4323 morte
801 4271 1062 4327 multatus
1097 4281 1202 4326 est.

478 4390 487 4391 ί
567 4365 765 4434 Aspice
793 4382 927 4422 vero
960 4368 1090 4422 mihi
1119 4367 1208 4423 Dei
1237 4365 1583 4437 sapientiam.
1615 4363 1932 4420 Carnivoris
1961 4363 2078 4417 aui-
2114 4370 2155 4422 ι)

498 4455 732 4511 mallbus
758 4457 949 4513 dentes
981 4467 1166 4513 acutos
1203 4458 1370 4524 dedit,
1417 4456 1563 4526 quod
1609 4456 1807 4511 talibus
1836 4453 1916 4509 eis
1945 4468 2084 4522 opus

496 4558 662 4614 esset,
698 4564 795 4619 pro
828 4550 1143 4604 nutrimenti
1172 4551 1402 4613 ratione,
1440 4563 1550 4616 quo
1598 4547 1895 4600 alerentur.
1952 4544 2085 4610 Qua:

501 4655 632 4695 vero
661 4642 883 4695 dimidia
921 4657 988 4696 ex
1043 4649 1195 4709 parte
1233 4640 1488 4692 dentibus
1515 4646 1723 4691 armata
1755 4646 1815 4691 et
1874 4638 2080 4691 instru-

499 4744 584 4786 cta
630 4711 780 4796 sunt,
842 4733 910 4787 iis
956 4732 1152 4784 multas
1184 4739 1347 4798 atque
1401 4728 1578 4783 varias
1623 4728 2079 4783 nutrimentorum

499 4819 649 4872 velut
673 4821 969 4887 apothecas
995 4828 1052 4872 et
1074 4818 1373 4873 conditoria
1403 4817 1635 4887 paravit.
1684 4817 1820 4870 Nam
1848 4833 1971 4871 cum
2014 4817 2087 4895 ab

501 4909 662 4963 initio
707 4912 1101 4965 nutrimentum
1166 4924 1275 4963 non
1311 4910 1441 4965 satis
1495 4910 1921 4977 comminuatur,
1979 4911 2083 4965 hoc

502 5003 585 5055 eis
609 5001 777 5064 dedit.
810 5012 871 5057 ut
915 5005 1058 5073 quod
1093 4990 1512 5073 deglutiverunt,
1587 5018 1804 5057 rursum
1861 5013 2086 5073 agerent

505 5107 724 5149 sursum
783 5110 892 5165 quo
952 5111 1049 5166 per
1105 5087 1530 5150 ruminationem
1574 5094 1968 5161 mollilicatum,
2029 5095 2082 5149 in

508 5201 669 5240 usum
712 5188 989 5243 nutriendi
1036 5189 1287 5243 animalis
1316 5188 1493 5244 cedat.
1540 5236 1543 5239 λ
2047 5189 2055 5195 ’

579 5278 752 5333 Etiam
802 5281 969 5333 armis
1017 5281 1147 5350 ipsis
1197 5282 1339 5335 inter
1385 5295 1443 5334 se
1502 5279 2085 5335 diﬂeruntvanimalia.

505 5371 641 5427 Nam
677 5388 775 5443 pro
803 5373 984 5429 indole
1008 5389 1071 5429 ac
1106 5374 1347 5428 moribus
1379 5374 1711 5438 animorum,
1741 5372 2090 5444 quemadmo-

508 5465 634 5517 dum
673 5471 721 5519 el
751 5461 1073 5519 Aristotcles
1112 5465 1353 5534 scripsit,
1376 5465 1703 5534 corporibus
1727 5480 1942 5532 quoque
1973 5472 2086 5517 tum

512 5556 729 5621 figuras,
776 5566 887 5611 tum
926 5558 1274 5627 Operationcs
1318 5555 1462 5610 Deus
1512 5556 1784 5611 concedit.
1830 5554 1960 5623 Ejus
2011 5553 2087 5605 rei

589 5723 697 5791 (ιὲ)
748 5727 1079 5797 Ποίανοίνχί
1114 5765 1127 5782 .
1166 5767 1176 5781 .
1210 5763 1222 5778 .
1263 5771 1272 5781 .

2267 4360 2408 4416 Ἀλλ’
2438 4362 2539 4430 ὅρα
2590 4336 2785 4428 σοφίαν
2835 4354 3007 4420 Θεοῦ,
3054 4354 3172 4416 πῶς
3222 4354 3336 4416 τοῖς
3387 4352 3770 4421 σαρκοφάγοις

2183 4455 2344 4521 ζώοις
2380 4454 2523 4517 ὀξεῖς
2561 4453 2689 4514 τοὺς
2731 4451 2951 4511 ὀδόντας
2995 4447 3267 4517 ἐνήρμοσε
3296 4462 3309 4477 ο
3354 4446 3611 4498 τοιούτων
3650 4445 3773 4512 γὰρ

2182 4546 2336 4616 χρεία
2369 4541 2438 4615 ἦν
2472 4543 2826 4610 αὑτοῖς-πρὸς
2856 4540 2918 4593 τὸ
2950 4540 3047 4609 τῆς
3079 4539 3285 4608 τροφῆς
3319 4535 3476 4614 εἷρος.
3511 4534 3577 4589 Ἀ
3611 4535 3666 4586 δὲ
3700 4533 3774 4599 ἐξ

2183 4636 2435 4706 ἡμισείας
2461 4634 2728 4688 ὥπλισται
2751 4635 2863 4694 τοῖς
2887 4630 3091 4694 ὀδοῦσι,
3120 4628 3340 4690 πολλαῖς
3370 4629 3463 4680 καὶ
3489 4624 3773 4686 ποικίλαις

2182 4727 2488 4798 ἁποθήκαις
2532 4725 2638 4778 τῶν
2681 4724 2899 4793 τροφῶν
2945 4721 3324 4790 παρεσκεύασε
3350 4737 3363 4751 ·
3411 4717 3501 4770 διὰ
3548 4716 3654 4784 γὰρ
3698 4716 3775 4767 τὸ

2188 4821 2337 4889 παρὰ
2378 4820 2478 4888 τὴν
2518 4815 2742 4887 πρώτην
2783 4816 2858 4885 μὴ
2902 4813 3228 4883 ἀρκούντως,
3257 4806 3775 4865 καταλεπτύνεσθσι

2189 4913 2288 4981 τὴν
2314 4910 2544 4981 τροφὴν,
2574 4908 2775 4961 ἔδωκεν
2803 4908 2986 4969 αὐτοῖς
3012 4906 3074 4957 τὸ
3103 4903 3407 4957 καταποθὲν
3438 4900 3601 4954 πάλιν
3633 4900 3775 4950 ἀνα-

2190 5002 2612 5073 πεμπάζεσϐαι,
2672 4999 2814 5052 ὥστε
2867 4996 3236 5049 καταλεανθὲν
3292 4992 3368 5062 τῷ
3425 4988 3776 5060 μηρυκισμῷ

2193 5112 2452 5169 προσοικε
2466 5092 2672 5145 τοῦσθαι
2699 5090 2777 5161 τῷ
2808 5107 2899 5159 τρε
2911 5088 3143 5157 φομὲνῳ.
3386 5096 3395 5099 "

2271 5274 2431 5330 Ἀλλὰ
2461 5274 2556 5327 καὶ
2584 5273 2694 5333 τοῖς
2725 5270 2906 5330 ὅπλοις
2937 5267 3119 5327 αὐτοῖς
3149 5264 3217 5315 τὰ
3248 5264 3360 5327 ζῶα
3390 5254 3526 5330 πρὸς
3555 5255 3777 5324 ἄλληλα

2185 5366 2480 5434 διενήνοχε.
2517 5360 2672 5414 Κατὰ
2696 5360 2764 5411 τὰ
2793 5358 2896 5427 ἤθη
2924 5357 3033 5425 γὰρ
3065 5356 3173 5407 τῶν
3201 5353 3387 5424 ψυχῶν
3406 5395 3419 5415 ,
3446 5349 3589 5405 καθὰ
3617 5350 3713 5400 καὶ
3747 5351 3778 5399 ὁ

2200 5454 2584 5525 Ἀριστοτέλης
2622 5451 2779 5519 φησὶ,
2813 5449 3029 5502 δίδωσιν
3057 5449 3085 5499 ὁ
3115 5448 3245 5508 Θεὸς
3279 5446 3369 5498 καὶ
3401 5444 3497 5503 τὰς
3527 5438 3621 5493 τοῦ
3656 5437 3775 5489 ad)-

2191 5566 2360 5619 ματος
2386 5546 2697 5607 διαπλάσεις
2724 5558 2780 5596 τε
2809 5544 2902 5597 καὶ
2931 5540 3230 5611 ἐνεργείας.
3260 5534 3383 5591 Οἷον
3408 5536 3458 5588 τί
3482 5533 3625 5601 λέγω
3647 5547 3662 5595 ;
3688 5530 3776 5598 τῷ

1313 5729 1680 5794 φιλοπόνων.
1731 5723 2003 5776 ‘llcstituta
2048 5736 2114 5774 ex
2155 5718 2215 5772 γ.
2258 5728 2309 5770 et
2341 5716 2399 5769 ιε’.
