4062 6186
253 342 262 354 -
306 298 396 370 ll'l

1555 296 1960 363 ANNALIUM
2003 303 2196 364 PARS
2239 307 2287 367 l.

3426 288 3530 383 ll8

299 415 488 488 λαγωῷ
514 418 613 474 καὶ
646 416 725 486 τῷ
757 417 944 490 ἐλάφῳ
973 418 1166 484 δειλοῖς
1196 415 1316 474 οὖσι
1351 418 1492 473 κατὰ
1525 418 1706 490 ψυχὴν
1737 419 1858 488 δρό-

1968 419 2084 476 baac
2108 422 2352 491 exempla
2375 433 2554 478 sunto.
2603 423 2798 496 Lepori
2854 439 2910 483 et
2969 442 3154 495 cervo,
3208 429 3302 502 qui
3354 433 3540 489 animo

301 528 389 578 μον
424 509 624 566 ἔδωκεν
650 551 667 576 ,
710 511 798 565 ἵνα
836 512 936 574 τὰς
971 511 1502 582 τῶνκυνηγούντων
1540 515 1728 583 χεῖρας
1766 514 1862 566 ἐκ·

299 602 544 682 φύγωσι,
573 601 663 672 Τῷ
688 601 856 674 χοίρίρ
880 601 1118 671 θυμώδει
1147 603 1240 657 καὶ
1267 603 1567 674 πολεμιστῇ
1595 603 1707 656 δντι
1730 604 1860 666 τοὺς

297 693 684 772 χαυλιόδοντας,
728 693 806 766 τῷ
843 694 1032 766 ταύρῳ
1077 695 1246 766 κέρας
1291 695 1597 766 χαρίζεται,
1645 695 1739 748 καὶ
1782 695 1861 763 τῷ

298 784 455 836 λέοντι
489 784 710 848 ὀδόντας
741 784 834 838 καὶ
867 784 1085 855 ὄνυχας.
1119 786 1229 840 Καὶ
1264 785 1405 838 οὕτω
1441 785 1544 856 μέν
1575 785 1644 838 τὰ
1681 785 1860 840 πάντα

302 875 614 946 προσφόρους
641 875 954 930 καθώπλισε
979 916 994 943 ,
1023 877 1115 930 τὸν
1143 877 1199 932 δὶ
1229 877 1517 948 ἄνθρωπον
1543 877 1750 948 γυμνὸν
1779 880 1860 942 είς

300 969 379 1021 τὸν
409 967 524 1037 βίον
556 968 897 1037 παραγαγὼν
925 972 994 1042 τῇ
1035 969 1323 1041 περιουσία
1354 969 1449 1024 τοῦ
1489 970 1647 1039 λόγου
1688 989 1860 1042 παρε-

304 1057 571 1134 μυθήσατο
591 1076 605 1090 ο
640 1059 698 1114 ἐν
729 1059 838 1130 γὰρ
871 1060 948 1130 τῷ
981 1059 1214 1132 λόγῳ-τὺ
1249 1061 1464 1116 πάντων
1490 1061 1682 1132 ἄρχειν
1710 1061 1858 1132 αὐτῷ

303 1150 567 1218 πρόσεστι.
613 1150 714 1204 Διὰ
754 1136 912 1220 λόγου
953 1153 1024 1206 τὰ
1070 1151 1250 1223 πτηνὰ
1294 1152 1354 1222 ἐξ
1396 1153 1558 1222 ἀέρος
1604 1154 1856 1223 κατάγει,

299 1241 407 1300 τοὺς
435 1239 630 1308 ἰχθύας
659 1241 720 1306 ἐξ
749 1241 956 1297 ὑδάτων
985 1243 1225 1312 ἀνέλκει.
1259 1243 1359 1298 Διά
1389 1244 1548 1312 λόγου
1581 1247 1648 1298 τὰ
1681 1248 1857 1302 πάντα

302 1337 427 1392 ποιεῖ
451 1333 555 1386 ὅσα
582 1335 718 1402 πρὸς
745 1332 1005 1406 σύστασιν
1031 1337 1128 1404 τῆς
1155 1334 1303 1405 ζωῆς
1315 1335 1505 1402 αὐτοῦ,
1532 1337 1730 1402 οἰκίας,
1751 1337 1856 1407 ἆμ-

301 1440 406 1496 ρια,
438 1423 756 1496 περισολὴν,
788 1425 972 1489 ὅπλον,
989 1427 1086 1480 καὶ
1105 1427 1206 1481 ὅσα
1234 1427 1479 1482 τοιαῦτα.
1513 1429 1671 1498 Κατὰ
1700 1429 1857 1484 τοῦτο

301 1515 382 1574 καὶ
403 1518 591 1584 χεῖρας
617 1515 767 1585 αὐτῷ
791 1515 1024 1570 δέδωκεν
1046 1517 1074 1570 ό
1101 1517 1254 1583 Θεὸς,
1276 1517 1352 1582 ὡς
1373 1517 1624 1577 ἐντεῦθεν
1646 1518 1856 1582 ἀκωλύη
1890 1525 1892 1527 ’

300 1621 394 1668 τως
422 1605 516 1660 τὸν
550 1607 820 1677 προσόντα
856 1609 1012 1676 λόγον
1045 1608 1195 1680 αύτῷ
1237 1609 1416 1662 πάντα
1459 1610 1719 1680 πράττειν
1752 1608 1854 1664 ὅσα

301 1695 382 1746 καὶ
404 1694 677 1764 βούλεται.
702 1696 885 1768 Ταύτῃ
910 1715 991 1750 τοι
1021 1700 1117 1753 καὶ
1140 1701 1168 1752 ό
1197 1699 1372 1769 μέγας
1398 1699 1676 1762 Βασίλειος
1702 1701 1761 1751 ἐν
1785 1701 1850 1770 τῇ

301 1784 370 1847 εἰς
412 1784 504 1838 τὸν
549 1787 836 1856 προφήτην
872 1788 1103 1842 Ἡσαΐαν
1150 1789 1420 1860 ἑρμηνείᾳ
1471 1791 1600 1860 περὶ
1645 1791 1855 1855 τούτων

301 1875 429 1930 οὕτω
469 1874 628 1953 φησί·
659 1896 677 1928 ι
709 1877 834 1942 Τοῖς
874 1879 973 1948 μὲν
1009 1879 1224 1948 ἀλόγοις
1263 1880 1487 1935 εὔκολον
1521 1880 1719 1948 δέδωκε
1757 1882 1862 1953 τὴν

306 1965 426 2038 πρὸς
452 1965 516 2024 τὸ
543 1966 644 2038 ζῇν
674 1969 929 2040 ἀφορμὴν
947 2011 964 2036 ,
997 1970 1216 2040 τροφὰς·
1233 1971 1572 2041 αὐτομάτους
1601 1957 1696 2026 καὶ
1727 1973 1855 2032 σκέη

303 2073 400 2128 την
428 2057 694 2126 αὐτοφυᾶ,
729 2062 823 2114 καὶ⁵
851 2060 919 2116 τὰ
952 2061 1058 2122 τῶν
1091 2063 1294 2132 τριχῶν
1327 2065 1420 2117 καὶ
1452 2063 1671 2134 πτερῶν
1705 2063 1856 2118 ἐνδύ-

305 2167 435 2218 ματα
467 2151 503 2222 ἡ
542 2151 718 2205 πάντα
751 2152 1112 2224 οίκονομοῦσα
1142 2155 1374 2226 δύναμις
1405 2156 1694 2226 ἐχαρίσατο
1721 2171 1734 2186 ·
1766 2156 1856 2210 τὸν

300 2242 348 2292 δὲ
369 2241 655 2314 ἄνθρωπον
676 2243 886 2312 γυμνὸν
909 2245 1310 2316 παραγαγοῦσα
1332 2247 1489 2316 λόγον
1514 2247 1713 2300 ἔδωκεν
1735 2248 1855 2302 ἀντὶ

302 2333 507 2390 πάντων
540 2335 710 2403 αὐτῷ,
738 2335 807 2388 δι’
827 2329 889 2390 οὗ
917 2336 974 2390 al
1004 2339 1320 2408 ποριστικαὶ
1351 2341 1745 2409 συνεστήσαντο
1770 2340 1858 2392 τέ-

299 2441 434 2494 χναι,
463 2427 876 2498 οίκοδομητικὴ,
897 2429 1165 2500 ὑφαντικὴ
1189 2431 1286 2484 καί¹
1320 2431 1378 2486 al
1412 2431 1618 2496 λοιπαὶ,
1652 2431 1712 2484 τὸ
1742 2433 1856 2496 τοῖς

301 2515 506 2585 σώμασι
535 2519 656 2584 δέον
683 2521 1104 2594 ἀναπληρούσης
1133 2524 1232 2593 τῆς
1263 2523 1438 2595 ψυχῆς
1466 2527 1531 2596 τῇ
1566 2524 1856 2596 περιουσίᾳ

298 2605 380 2658 τοῦ
407 2606 594 2676 λόγου.
631 2627 651 2661 ι
687 2604 813 2680 Εἶχε
845 2612 943 2682 μὲν
967 2609 1060 2665 οὖν
1091 2614 1628 2684 συνυπογεννηθῆναι
1654 2613 1734 2684 τῷ
1763 2615 1856 2666 ἀν-

300 2693 492 2765 θρώπῳ
527 2699 596 2751 τὰ
636 2699 814 2752 πάντα
857 2699 994 2768 μετὰ
1033 2702 1128 2755 καὶ
1163 2702 1256 2754 τοῦ
1296 2703 1457 2772 λόγου
1504 2704 1672 2758 αὐτοῦ
1713 2703 1856 2759 κατὰ

298 2785 508 2846 πλείονα
534 2789 1038 2860 φιλοτιμίαν.’⁹Αλλ’
1055 2794 1317 2862 οὐμενοῦν
1339 2795 1372 2866 ἡ
1394 2794 1488 2850 τοῦ
1513 2796 1671 2864 λόγου
1696 2797 1856 2868 χάρις

300 2876 536 2942 ἐντεῦθεν
566 2881 862 2942 ἐδείκνυτο.
898 2883 1170 2958 Ἀνάγκης
1199 2885 1306 2958 γὰρ
1342 2886 1418 2960 μὴ
1451 2885 1621 2957 ούσης
1652 2888 1758 2942 τίνι
1791 2889 1857 2942 ἂν

298 2967 327 3037 ἠ
365 2971 528 3023 αὐτοῦ
553 2972 819 3043 ἐνέργεια
858 2975 1104 3048 διάδηλος
1143 2977 1369 3046 γέγονε;
1411 2979 1567 3033 Κατὰ
1603 2979 1762 3033 τοῦτο
1800 2980 1856 3034 δέ

300 3063 442 3130 παρὰ
476 3065 582 3126 τοῖς
617 3065 832 3141 ἀλόγοις
867 3065 1031 3140 ζώοις
1067 3069 1158 3124 καὶ
1193 3069 1476 3140 αἰσθήσεις
1501 3109 1517 3138 ,
1553 3070 1650 3124 ἅτε
1689 3070 1852 3140 λόγου
1880 3103 1924 3161 c

301 3153 370 3226 μὴ
401 3154 547 3220 ὄντος
567 3199 582 3221 ,
615 3159 980 3226 τετράνωνται
1002 3173 1020 3191 ⁶
1048 3161 1109 3215 τὸ
1145 3162 1253 3234 γὰρ
1284 3163 1533 3218 ἐλλεῖπον
1562 3164 1657 3219 τοῦ
1692 3165 1852 3235 λόγου

298 3248 355 3315 τῇ
385 3248 670 3320 περιουσίᾳ
700 3251 808 3304 τῶν
837 3251 1146 3323 αἰσθήσεων
1175 3256 1466 3324 πανσόφως
1493 3256 1520 3308 ὁ
1549 3257 1658 3318 τῶν
1683 3258 1854 3312 ἁπάν-

297 3353 398 3398 των
426 3340 854 3412 παρεμυθήσατο
884 3343 1171 3414 πρύτανις.

372 3514 511 3576 ‘AD.’
535 3522 637 3592 ὅρα
673 3521 777 3576 κάν
813 3521 1024 3587 τούτοις
1061 3523 1159 3594 τὴν
1195 3524 1522 3596 κηδεμονίαν
1555 3523 1652 3579 τοῦ
1695 3525 1854 3584 Θεοῦ.

299 3613 515 3684 Μακρὺς
549 3616 576 3668 ὸ
608 3614 880 3685 τράχηλος
909 3619 1006 3686 τῆς
1043 3616 1293 3688 καμήλου
1329 3618 1471 3680 τίνος
1510 3617 1731 3684 ’ἐνεκεν;
1770 3618 1858 3676 ἵνα

298 3709 400 3770 τοῖς
427 3709 579 3760 ποσὶν
605 3707 948 3779 ἐξισάζηται,
974 3709 1066 3761 καὶ
1096 3711 1384 3780 ἐφικνῆται
1409 3709 1510 3780 τῆς
1541 3708 1772 3780 βοτάνης
1802 3709 1860 3775 ἐξ

298 3791 363 3866 ἧς
391 3798 586 3867 imm.
615 3796 759 3850 Ὀσα
789 3798 847 3851 δέ
875 3799 984 3851 τῶν
1016 3797 1171 3862 ζώων
1199 3799 1301 3852 οὐκ
1333 3798 1440 3852 ἀπὸ
1466 3799 1564 3869 τῆς
1592 3799 1730 3860 πόας
1763 3798 1863 3867 τὴν

299 3888 437 3960 ζωὴν
463 3889 591 3959 ἔχει,
617 3889 739 3942 οὑδέ
770 3889 904 3960 πρὸς
927 3890 1034 3959 γῆν
1060 3890 1356 3954 κυπτάζειν
1383 3889 1862 3962 καταναγκάζεται

301 3976 388 4028 au
418 3976 481 4047 δὴ
510 3977 818 4048 σαρκοὸόρα
849 3979 1000 4040 ὄντα,
1030 3978 1237 4050 βραχὺν
1264 3982 1358 4034 καὶ
1382 3983 1492 4053 toi;
1521 3979 1693 4050 ώμοις
1721 3981 1865 4033 ἐνδε-

301 4065 489 4120 δυκότα
523 4068 651 4138 ἐσχε
686 4069 778 4121 τὸν
811 4069 1105 4140 τράχηλον.
1142 4071 1240 4124 Διὰ
1275 4071 1430 4132 τοῦτο
1464 4073 1559 4125 καὶ
1593 4073 1626 4142 ἠ
1665 4088 1862 4141 προνο-

303 4158 433 4224 μαία
461 4158 764 4229 δεδώρηται
793 4159 872 4230 τῷ
906 4160 1184 4228 ἐλέφαντι,
1214 4162 1314 4230 τὴν
1345 4160 1548 4232 βρῶσιν
1582 4163 1675 4215 καὶ
1707 4161 1865 4214 πόσιν

298 4250 416 4302 ἀντὶ
440 4251 529 4303 τού
559 4252 832 4322 τραχήλου
863 4252 1186 4322 κομίζουσα.
1220 4252 1376 4306 Ἐπεὶ
1403 4253 1461 4306 δὲ
1492 4255 1576 4316 είς
1604 4252 1866 4324 ἔκπληξιν

299 4341 400 4393 τῶν
421 4342 678 4412 ὁρώντων
699 4343 760 4394 τὸ
787 4343 948 4412 σῶμα
974 4343 1139 4396 αὐτοῦ
1168 4344 1262 4396 καὶ
1291 4344 1432 4397 πάνυ
1464 4345 1606 4417 μέγα
1633 4345 1864 4398 ἐσκεύα-

301 4447 414 4492 στο,
447 4433 512 4486 δι’
537 4434 668 4486 αὐτὸ
699 4434 856 4487 τοῦτο
891 4437 984 4487 καὶ
1016 4435 1381 4507 ἀδιάρθρωτοι
1415 4436 1580 4489 αὐτοῦ
1617 4436 1667 4489 οἱ
1703 4435 1861 4497 πόδες
1897 4445 1936 4498 D

301 4523 539 4595 καθάπερ
570 4525 720 4588 τινὲς
759 4526 936 4588 κίονες
966 4527 1027 4580 τὸ
1069 4527 1236 4597 βάρος
1279 4527 1735 4600 ὑποστηρίζοντες
1759 4545 1773 4558 ·
1811 4530 1859 4582 εί

300 4613 400 4682 γὰρ
425 4614 598 4683 χαύνα
628 4616 778 4686 αύτῷ
807 4619 899 4672 καὶ
924 4618 1120 4687 δίυγρα
1151 4615 1387 4689 ὑπετέθη
1415 4619 1482 4672 τὰ
1511 4620 1682 4684 κῶλα,
1711 4605 1862 4674 συνε-

300 4709 405 4774 χεῖς
432 4707 496 4759 ἂν
521 4709 770 4775 ἐγένοντο
796 4709 902 4761 τῶν
926 4709 1144 4780 ἄρθρων
1157 4713 1224 4764 ἀί
1256 4712 1544 4781 ἐκτροπαί.
1580 4712 1742 4765 Ἀλλὰ
1767 4713 1862 4772 καὶ

300 4798 575 4864 τριακόσια
620 4798 716 4868 ἔτη
762 4800 1036 4870 ἱστοροῦσί
1070 4819 1214 4864 τινες
1258 4801 1408 4870 βιοῦν
1440 4803 1535 4854 τόν
1573 4804 1861 4871 ἐλέφαντα.

301 4885 371 4937 Ού
400 4887 593 4954 μᾶλλον
617 4888 697 4950 δέ,
721 4891 908 4958 φησὶν,
936 4891 1150 4960 ἄγαμαι
1175 4893 1265 4945 τὸν
1292 4893 1556 4962 ἐλέφαντα
1582 4897 1672 4948 τοῦ
1703 4895 1866 4963 μεγέ-

178 5008 192 5016 .
301 4975 420 5038 θους
445 4978 664 5040 ἕνεκεν,
698 4980 792 5032 καὶ
819 4980 913 5033 τὸν
945 4980 1082 5050 μῦν,
1113 4982 1194 5036 ὅτι
1225 4965 1455 5054 φορεϐός
1486 4987 1602 5038 ἐστι
1634 4986 1714 5055 τῷ
1743 4986 1861 5038 ἐλέ-

303 5083 474 5134 φαντι,
521 5070 714 5142 ὥσπερ
762 5072 828 5142 δὴ
878 5074 973 5127 καὶ
1019 5072 1080 5126 τὸ
1123 5073 1456 5128 λεπτότατον
1503 5076 1718 5146 ἄγαμαι
1766 5076 1862 5131 τοῦ

303 5163 551 5230 σκορπίου
586 5165 818 5236 κέντρον
843 5166 962 5228 πῶς
996 5165 1273 5220 ἐκοίλανεν
1301 5151 1491 5240 ὥσπερ
1527 5169 1686 5222 αύλὺν
1715 5170 1743 5222 ό
1774 5187 1864 5224 τε·

303 5249 480 5321 κνίτης
502 5293 516 5318 ,
550 5253 696 5310 ὥστε
727 5255 800 5309 δι’
823 5255 986 5310 αὐτοῦ
1021 5257 1112 5310 τὸν
1149 5259 1226 5312 ίὸν
1259 5262 1368 5322 τοῖς
1401 5262 1690 5331 τρωθείσιν
1725 5261 1863 5314 ἐνίε-

304 5339 441 5395 σθαι.
472 5344 631 5406 Ἀλλὰ
673 5347 769 5399 καὶ
810 5347 900 5400 τὸν
943 5347 1211 5417 ἐλέφαντα
1259 5349 1334 5420 μὴ
1377 5351 1642 5422 πρότερον
1685 5351 1864 5407 πίνειν

305 5423 560 5498 λέγουσιν,
594 5431 692 5484 ἐὰν
729 5433 803 5504 μὴ
837 5433 1049 5506 θολώσῃ
1081 5439 1148 5507 τῇ
1182 5439 1491 5512 προνομαίᾳ
1521 5441 1589 5494 τὰ
1621 5442 1860 5511 νάματα.

303 5515 453 5603 Τίνος
491 5521 711 5592 ἐνεκενς
755 5525 836 5578 ὅτι
881 5527 1318 5598 μορμολύττεται
1361 5533 1522 5585 σκιὰν
1563 5535 1763 5603 ἐλέφας
1808 5537 1865 5590 ἐν

306 5602 449 5658 ὓδατι
469 5612 568 5682 τὴν
594 5613 790 5668 ἐαυτοῦ
820 5615 1113 5684 θεώμενος.
1145 5619 1234 5672 Διὸ
1262 5622 1352 5673 καὶ
1377 5623 1500 5684 τοὺς
1530 5624 1720 5688 Ἰνδοὺς
1745 5627 1865 5679 ἐπι-

307 5700 482 5765 τηρεῖν
530 5704 792 5775 ἀσέληνον
841 5705 1011 5761 νύκτα
1067 5711 1265 5778 φασὶν,
1317 5714 1550 5783 ὁπηνίκα
1603 5715 1861 5784 διαπορθ-

1962 511 2306 569 formidolosi
2371 526 2521 579 sunt,
2573 519 2828 574 currendi
2894 519 3216 578 facultatem
3257 522 3426 587 dedit,
3481 537 3542 582 ut

1959 609 2280 656 venatorum
2313 617 2508 668 manus
2535 603 2818 675 effugiant.
2867 607 3034 676 Apro,
3089 610 3180 678 qui
3210 621 3267 666 et
3324 614 3540 670 animo-

1959 705 2056 745 sus
2093 699 2149 746 et
2193 688 2485 750 admOdum
2532 709 2745 763 pugnax
2801 707 2904 763 est,
2946 698 3140 756 dentes
3191 699 3442 758 exsertos
3475 719 3540 758 ac

1959 783 2336 850 prominentes
2367 784 2535 840 dedit.
2576 785 2794 841 Cornua
2827 798 3006 875 tauro.
3074 791 3217 848 leoni
3259 793 3452 850 dentes
3483 805 3539 851 et

1960 888 2171 942 ungues
2194 874 2439 944 largitur.
2490 873 2686 932 Omnia
2724 873 2960 948 denique
2991 883 3159 937 armis
3208 885 3420 942 idoneis
3452 886 3540 942 in-

1960 968 2184 1029 struxit.
2213 966 2397 1022 Solum
2442 969 2718 1030 hominem
2764 972 2971 1028 nudum
3002 973 3058 1028 in
3119 975 3284 1032 vitam
3336 977 3544 1046 produ-

1960 1064 2109 1110 ctum
2137 1056 2364 1112 rationis
2407 1059 2730 1124 excellentia
2769 1062 3102 1118 consolatur.
3137 1064 3270 1124 Nam
3305 1083 3426 1121 cum
3451 1083 3542 1122 rae

1961 1148 2108 1210 tione
2134 1148 2489 1228 coniunctum
2546 1160 2632 1206 est
2687 1151 2743 1206 in
2773 1168 2864 1207 res
2895 1155 3178 1210 universas
3227 1155 3563 1225 imperium..

1959 1234 2064 1302 Per
2092 1237 2360 1292 rationem
2391 1237 2555 1294 homo
2581 1241 2830 1297 volucres
2845 1258 2913 1298 ex
2937 1259 3065 1300 aere
3089 1245 3334 1317 deducit,
3367 1249 3544 1316 pisces

1957 1341 2024 1384 ex
2047 1326 2205 1396 aquis
2257 1330 2524 1396 extrahit;
2581 1347 2678 1401 per
2741 1333 3007 1392 rationem
3065 1337 3276 1406 reliqua
3331 1339 3545 1406 perﬁcit

1958 1419 2165 1484 omnia,
2223 1436 2566 1491 quaecunque
2626 1434 2754 1486 sunt
2790 1425 3542 1502 ad.vitaa..conservationem

1961 1510 2061 1580 ipsi
2104 1513 2432 1579 necessaria,
2473 1525 2672 1583 vestes,
2735 1527 3069 1574 armaturam
3132 1521 3360 1591 aliaque-
3393 1523 3542 1577 talia.

1960 1602 2256 1676 Propterea
2297 1623 2492 1664 manus
2535 1610 2700 1666 etiam
2734 1611 2884 1672 dedit
2941 1613 2992 1672 ei
3022 1612 3193 1676 Deus.
3243 1624 3303 1669 ut
3352 1630 3544 1670 earnm

1959 1699 2206 1769 operatio
2235 1699 2496 1770 quidquid
2529 1702 2684 1757 vellet
2729 1703 2934 1772 absque
2991 1705 3112 1762 ullo‘
3153 1705 3545 1775 impedimento

1962 1789 2233 1848 efﬁceret.
2273 1791 2591 1850 Disseritde
2619 1793 2702 1858 bis
2731 1794 2962 1851 Basilius
2989 1795 3042 1852 in
3080 1799 3432 1856 enarratione
3448 1815 3546 1855 sua

1963 1883 2105 1937 vatis
2136 1882 2289 1937 Isaia:
2317 1884 2498 1940 verbis
2557 1886 2867 1955 hujusmodi
2897 1904 2910 1946 :
2950 1907 2969 1940 ι
3009 1889 3192 1946 Brutis
3257 1887 3431 1946 Deus'
3461 1891 3546 1944 vi-

1963 1972 2121 2028 vendi
2155 1973 2417 2028 rationem
2451 1972 2664 2029 facilem
2688 1975 2858 2040 dedit,
2882 1975 3142 2032 alimenta
3165 1977 3310 2038 ultro
3333 1977 3540 2044 oblata,

1961 2070 2165 2117 tectum
2203 2063 2470 2128 nativum,
2508 2063 2740 2134 pilorum
2798 2074 2960 2136 atque
3015 2081 3317 2136 pennarum
3379 2067 3546 2120 indu-

1962 2160 2146 2207 menta
2196 2153 2401 2210 eisdem
2462 2162 2698 2224 potestas
2723 2156 2833 2224 illa,
2855 2173 2976 2227 quae
2997 2168 3317 2214 cunctorum
3343 2168 3428 2214 est
3450 2175 3547 2229 gu-

1961 2242 2236 2298 bernatrix
2261 2284 2277 2308 ,
2303 2245 2546 2313 largitur.
2599 2246 2834 2312 liomini,
2857 2263 3018 2316 quem
3069 2249 3274 2306 nudum
3310 2249 3539 2314 creavit,

1962 2333 2208 2388 omnium
2241 2334 2356 2390 loco
2375 2335 2638 2391 rationem
2666 2337 2876 2400 tribuit,
2895 2354 2924 2400 a
2945 2353 3053 2408 qua
3082 2354 3262 2394 rerum
3285 2341 3549 2409 paranda-

1961 2441 2085 2482 rum
2121 2435 2266 2481 artes
2299 2435 2428 2480 sunt
2451 2429 2734 2497 profectae,
2767 2437 2827 2485 ut
2855 2445 2917 2484 ea
2949 2446 3070 2500 qua
3115 2432 3351 2488 exstruit
3378 2433 3544 2496 aedes,

1963 2529 2022 2574 ut
2052 2527 2288 2583 textura,
2325 2527 2640 2589 utcaeterae,
2693 2521 2982 2590 supplente
3048 2522 3308 2584 nimirum
3363 2524 3551 2578 animo

1963 2624 2060 2680 per
2091 2610 2320 2667 rationis
2338 2611 2721 2667 excellentiam
2771 2613 2876 2682 52
2905 2613 3048 2680 quod
3094 2613 3416 2682 corporibus
3453 2615 3552 2668 de-

1963 2709 2118 2757 εει.)
2179 2703 2456 2759 Potuisset
2505 2703 2728 2774 quidem
2810 2704 3016 2758 homini
3065 2703 3310 2759 nascenti
3385 2706 3547 2760 etiam

1963 2802 2161 2864 praeter
2188 2795 2290 2848 alia
2325 2795 2567 2851 tribuere
2599 2795 2806 2857 omnia,
2835 2783 3024 2850 verum
3065 2795 3170 2850 boe
3203 2796 3364 2851 modo
3390 2797 3549 2851 ratio-

1963 2885 2050 2940 nis
2073 2889 2244 2956 gratia
2273 2887 2712 2956 beneﬁciumque
2740 2903 2849 2942 non
2873 2889 3168 2962 elusisset.
3192 2890 3328 2943 Nam
3369 2889 3414 2944 si
3465 2890 3548 2942 ni-

1964 2974 2042 3030 hil
2072 2976 2120 3032 ei
2147 2976 2521 3036 necessarium
2559 2975 2722 3042 foret,
2772 2992 3007 3045 quanam
3037 2993 3095 3032 re
3140 2980 3223 3032 vis
3273 2979 3392 3048 ejus
3444 2978 3547 3033 de~

1964 3066 2166 3122 clarata
2197 3067 2419 3122 fuisset?
2464 3066 2667 3122 Eadem
2719 3069 2785 3122 tle
2815 3083 2978 3126 causa
3017 3068 3193 3123 brutis
3221 3069 3556 3137 animalibus

1955 3155 2066 3224 dati
2095 3165 2222 3214 sunt
2250 3171 2444 3211 sensus
2482 3157 2742 3221 acriores,
2772 3156 2987 3225 ntiqua;
3020 3158 3232 3212 ratione
3269 3167 3546 3212 carerent.

1954 3247 2246 3317 Sapienter
2275 3247 2421 3302 enim
2449 3247 2784 3318 gubernator
2811 3247 2919 3313 {ille
2956 3248 3333 3304 universitatis
3387 3239 3550 3314 hujus
3624 3284 3629 3289 .

1955 3339 2236 3395 defectum
2269 3347 2324 3392 et
2365 3337 2603 3410 inopiam
2637 3336 2866 3400 rationis
2925 3353 3188 3393 sensuum
3249 3337 3547 3392 acrimonia

1955 3429 2383 3498 prmstantiaqne
2414 3428 2812 3498 compensavit.

2027 3518 2304 3575 Hicetiam
2349 3520 2404 3574 in
2430 3521 2596 3576 rebus
2656 3535 2842 3576 curam
2897 3520 3410 3591 providentiamque
3453 3518 3548 3576 Dei

1957 3611 2337 3666 considerato.
2367 3611 2870 3682 Longumcamelus
2901 3613 3102 3667 collum
3135 3611 3317 3666 habet.
3347 3610 3552 3678 Quam-

1959 3703 2145 3758 obrem
2163 3703 2270 3758 ?-ut
2307 3704 2474 3774 pedes
2531 3715 2794 3774 aequaret,
2847 3713 3012 3774 atque
3034 3705 3340 3774 pertingere
3368 3711 3550 3772 posset

1959 3794 2025 3849 ad
2060 3794 2254 3849 herbas
2283 3794 2480 3864 quibus
2502 3795 2736 3850 victitat.
2792 3794 3296 3866 Quaecunquezvero
3339 3794 3552 3849 anima-

1961 3887 2031 3940 lia
2061 3888 2264 3948 victum
2288 3900 2318 3942 e
2347 3894 2487 3940 terra
2512 3901 2617 3941 non
2649 3887 2868 3951 habent,
2911 3903 3014 3943 nec
3054 3887 3119 3940 ad
3165 3895 3362 3940 terram
3388 3877 3555 3954 caput

1962 3977 2252 4032 demittere
2297 3987 2572 4048 coguntur
2634 3980 2708 4032 uti
2747 3993 2868 4048 qua:
2925 3979 3187 4036 earnibus
3232 3989 3549 4045 vescuntur,

1963 4067 2130 4122 breve
2165 4067 2363 4122 collum
2393 4075 2448 4122 et
2486 4068 2629 4124 intra
2673 4068 2935 4124 humeros
2977 4069 3120 4124 velut
3177 4069 3418 4124 abditum
3452 4070 3551 4124 ba-

1965 4160 2118 4216 bent.
2141 4160 2438 4230 Propterea
2474 4159 2756 4228 probescis
2801 4160 3098 4229 elephanto
3128 4161 3251 4216 data
3280 4170 3387 4228 est,
3429 4177 3551 4232 quae

1964 4250 2091 4306 eolli
2131 4251 2254 4305 loco
2325 4251 2506 4306 cibum
2575 4261 2735 4320 atque
2783 4261 2969 4322 potum
3029 4253 3079 4306 ei
3148 4253 3548 4310 subministrat.

1967 4341 2107 4408 Quia
2139 4357 2268 4396 vero
2318 4356 2516 4410 corpus
2576 4343 2697 4413 ejus
2739 4353 3116 4412 comparatum
3172 4345 3238 4399 ad
3283 4356 3553 4416 spectato-

1968 4448 2085 4487 rum
2110 4432 2532 4487 admirationem
2565 4443 2619 4486 et
2647 4433 2837 4503 ingens
2881 4434 3172 4490 admodum
3208 4444 3315 4501 est,
3346 4437 3550 4490 idcirco

1969 4521 2134 4592 pedes
2183 4522 2344 4576 etiam
2382 4522 2550 4590 ipsius
2580 4533 2770 4578 carent
2820 4523 3088 4588 articulis,
3143 4525 3299 4593 quasi
3335 4526 3552 4592 pondus

1968 4613 2242 4685 quoddam
2274 4613 2610 4677 sustinentes
2638 4631 2652 4667 :
2681 4629 2804 4667 nam
2859 4615 2903 4669 si
2931 4615 3185 4669 tnollibus
3217 4623 3271 4668 et
3312 4615 3551 4670 humidis

1969 4703 2231 4760 membris
2265 4704 2621 4772 inniteretur,
2657 4721 2938 4775 nunquam
2969 4721 3078 4766 non
3127 4707 3342 4760 articuli
3398 4705 3550 4762 laxa—

1971 4807 2178 4850 rentur.
2225 4795 2474 4850 'l‘radunt
2519 4797 2682 4850 etiam
2711 4797 2984 4859 nonnulli,
3035 4811 3129 4851 ccc
3189 4805 3334 4851 totos
3377 4812 3552 4850 annos

1969 4887 2319 4956 elephantum
2379 4887 2582 4942 vivere.
2654 4887 2840 4958 Neque
2903 4903 3032 4942 vero
3097 4888 3316 4960 magis,
3378 4888 3554 4958 inquit

1970 4978 2112 5032 idem
2139 4977 2392 5042 Basilius,
2435 4978 2784 5048 elephantum
2835 4979 2905 5044 ob
2934 4980 3055 5046 ejus
3121 4980 3552 5051 magnitudinem

1969 5071 2207 5126 admiror
2239 5085 2400 5140 quam
2432 5087 2641 5126 murem
2679 5085 2748 5126 ex
2778 5086 2864 5136 eo,
2900 5071 3043 5142 quod
3079 5073 3278 5127 terrori
3335 5073 3406 5127 sit
3439 5073 3554 5126 ειε-

1969 5159 2214 5232 phanto?
2257 5160 2716 5228 quemadmodum
2764 5168 2820 5214 et
2864 5159 3292 5216 minutissimum
3349 5159 3553 5229 scorpii

1971 5251 2250 5309 stimulum
2282 5250 2468 5305 mirari
2494 5251 2664 5316 soleo,
2706 5267 2815 5322 quo
2871 5241 3082 5306 scilicet
3148 5264 3308 5322 pacto
3366 5263 3552 5304 rerum

1971 5341 2166 5397 artifex
2205 5356 2328 5396 eum
2357 5341 2760 5396 exeuteraverit
2799 5342 2973 5397 instar
3023 5343 3306 5416 cujusdam
3382 5340 3549 5399 tibizc,

1942 5443 2031 5486 »ιιι
2065 5448 2161 5502 per
2196 5431 2373 5502 ipsum
2413 5432 2706 5488 vulneratis
2727 5431 2869 5486 virus
2901 5431 3223 5486 immitatur.
3255 5427 3553 5484 Perhibent

1973 5524 2100 5578 item
2135 5537 2245 5576 non
2303 5522 2455 5592 prius
2514 5522 2868 5593 elephantum
2925 5523 3112 5577 bibere
3163 5535 3322 5587 quam
3381 5529 3550 5585 aquas

1973 5615 2297 5686 proboscide
2388 5616 2708 5669 turbaverit.
2765 5614 3130 5680 Quamobrem
3184 5609 3363 5663 istuc?
3420 5609 3552 5679 quia

1969 5723 2123 5768 suam
2173 5706 2341 5776 ipsius
2377 5711 2619 5765 umbram
2652 5708 2703 5762 in
2747 5721 2884 5774 aqua
2931 5700 3273 5772 conspiciens
3307 5717 3548 5772 expave-
