4062 6186
476 321 580 384 1ἷο

1746 297 2168 380 MICHAELIS
2210 321 2470 383 suae

3606 333 3711 398 120

474 436 603 490 scil.
665 433 960 503 Propterea
1045 435 1224 489 ferunt
1278 432 1442 487 Indos
1491 431 1778 488 observare
1837 442 2050 488 noctem

2170 434 2386 503 αεύουσι
2414 438 2566 490 τουτὶ
2593 437 2662 492 δι’
2688 438 2895 494 ὑδάτων
2921 441 2981 494 τὸ
3009 442 3168 506 ζῶον.
3202 443 3310 497 Καὶ
3342 442 3532 497 τούτου
3563 446 3731 515 χάριν

473 520 752 596 expertem
786 526 1202 594 lnnae,"quoties
1231 524 1430 579 animal
1468 526 1569 580 hoc
1594 541 1761 594 aquas
1797 527 2047 595 trajicere

474 618 682 672 volunt.
720 617 843 672 llaec
877 632 1031 686 aquae
1060 615 1388 671 turbationis
1417 626 1502 691 est
1554 628 1741 673 causa.
1776 617 2047 674 Prmterea

474 715 715 759 meretur
788 706 891 759 hoc
952 706 1196 760 etiamin
1252 706 1555 775 elephantis
1605 708 2047 763 admirationem.

477 795 701 861 Quoties
726 796 979 850 Indorum
1010 811 1228 869 amngm
1264 796 1518 866 trajicere
1548 796 1765 862 volunt,
1787 814 1893 853 non
1916 799 2052 853 sim-

474 886 690 953 pliciter
704 903 767 941 ae
791 887 1017 943 fortuito
1043 898 1333 944 transeunt
1366 905 1377 938 τ
1407 891 1499 946 sed
1530 891 2049 958 minimustomnium

476 979 848 1045 trajectionem
877 982 1087 1050 primus
1116 981 1336 1038 inchoat
1370 1001 1384 1039 :
1420 984 1615 1040 deinde
1638 984 1887 1054 sequitur
1914 984 2052 1038 alius

474 1067 579 1150 hoc
609 1070 804 1137 major,
847 1072 974 1125 hinc
1005 1088 1223 1127 rursum
1278 1075 1417 1130 alius
1471 1086 1703 1146 utroque
1742 1075 1950 1145 major;
1997 1085 2053 1131 et

475 1159 557 1237 sic
592 1160 850 1229 deinceps
878 1164 1064 1217 eodem
1098 1173 1315 1220 utentes
1343 1168 1533 1222 ordine
1564 1184 1664 1237 per
1720 1167 1944 1223 fluvium
1976 1170 2054 1224 ci-

475 1236 559 1303 tra
591 1250 1041 1318 impedimentum
1074 1255 1292 1325 aliquod
1321 1236 1627 1314 transeunt.
1650 1258 1781 1313 Nam
1816 1260 1860 1313 si
1892 1246 2055 1329 gran4

478 1339 661 1394 diores
704 1341 757 1394 in
800 1345 1133 1399 transeundo
1162 1346 1321 1414 primi
1356 1348 1557 1413 forent,
1596 1350 1834 1405 fortasse
1853 1351 2051 1419 pedum

380 1454 392 1461 ο
478 1433 743 1502 gravitate
790 1435 976 1491 foveas
1039 1438 1094 1490 in
1134 1439 1286 1493 .limo
1362 1440 1680 1509 allicientes,
1758 1445 2054 1513 quominus

480 1523 717 1578 tranSire
753 1524 991 1579 minores
1022 1540 1263 1595 possent,
1298 1530 1649 1600 impedirent,
1685 1534 1930 1603 adeoque
1958 1550 2055 1590 co-

478 1622 739 1679 gerentur
764 1614 816 1667 hi
846 1615 1087 1671 ﬂuminis
1118 1619 1172 1673 in
1195 1634 1354 1674 coeno
1383 1621 1660 1678 suffocari.
1712 1622 1823 1680 Nec
1846 1630 1913 1680 ad
1932 1624 2057 1682 ’νο-

478 1717 667 1759 nerem
698 1706 1024 1777 elephantus
1064 1713 1292 1779 accedit,
1344 1717 1799 1784 quemadmodum
1860 1719 2052 1774 harum

480 1809 664 1849 rerum
697 1799 859 1866 periti
886 1799 1127 1866 tradunt,
1175 1805 1284 1859 nisi
1318 1805 1731 1879 mandragoram
1786 1809 2055 1879 degustet.

481 1883 617 1939 Nam
654 1889 804 1956 prius
827 1906 987 1959 quam
1016 1893 1119 1948 hoc
1149 1896 1260 1961 fiat,
1313 1897 1518 1951 nullam
1546 1898 1721 1954 coitus
1772 1900 2058 1957 libidinem

481 1976 783 2043 experitur.
800 1983 1145 2049 Quapropter
1179 1983 1377 2040 femina
1412 1998 1685 2056 sumptam
1738 1988 1851 2060 53
1906 2007 2062 2046 man-

479 2065 763 2136 dragoram
794 2073 1030 2127 comedit
1054 2076 1410 2146 eamdemque
1438 2083 1570 2133 mari
1606 2083 1854 2151 porrigit,
1874 2093 1927 2138 et
1955 2084 2061 2139 hoc

480 2166 646 2226 pacto
696 2160 762 2214 ad
795 2164 1245 2220 consuetudinem
1301 2184 1592 2223 veneream
1617 2174 1906 2230 accedunt.
1949 2176 2061 2231 lloc

480 2256 665 2302 autem
703 2250 989 2307 manifesto
1014 2256 1203 2309 referri
1239 2257 1303 2311 ad
1357 2259 1607 2315 homines
1641 2261 1764 2318 illos
1822 2265 2059 2334 primum

479 2340 732 2395 conditos
756 2342 952 2410 debet;
988 2360 1113 2399 uram
1161 2357 1214 2402 et
1246 2348 1320 2402 illi
1352 2362 1478 2405 ante
1522 2351 1652 2421 ligni
1689 2355 1840 2408 vetiti
1893 2357 2061 2428 degu-

483 2432 773 2488 ltationem
803 2435 1124 2491 libidinibus
1147 2442 1459 2509 superiores
1500 2454 1678 2498 erant.
1715 2446 1912 2500 Verum
1937 2462 2063 2517 post

484 2535 605 2575 eam
645 2538 772 2580 cum
807 2526 916 2581 Eva
954 2543 1069 2584 rem
1091 2529 1333 2587 Adamus
1376 2532 1588 2601 habuit,
1623 2549 1796 2607 eaque
1830 2539 2061 2597 Cainum

485 2617 718 2683 peperit.

555 2789 695 2855 Quid
731 2792 799 2847 de
836 2797 1297 2865 myrmecoleonte
1346 2799 1469 2857 sive
1526 2801 1839 2860 formicario
1904 2805 2064 2861 leone

484 2881 773 2939 dicemus?
829 2887 883 2939 In
910 2887 1213 2959 Jobialibro
1254 2895 1619 2962 perscriptum
1675 2905 1807 2950 est:
1851 2914 1871 2948 ι
1920 2897 2083 2969 hlyr-‘

489 2976 769 3030 mecoleon
804 2979 984 3046 periit,
1033 2982 1179 3050 quod
1230 2997 1411 3038 escam
1464 3002 1568 3040 non
1626 2987 1871 3041 haberet.
1916 3006 1935 3040 ι
1972 2990 2065 3044 Est

2155 526 2475 580 ὑποθολοῦσι
2507 532 2572 598 τῇ
2611 532 2922 604 προνομαίᾳ
2950 532 3019 586 τὰ
3053 534 3270 603 νάματα
3305 536 3549 599 πίνοντες
3582 537 3720 606 (13).

2155 618 2275 669 Ἐτι
2318 621 2412 671 καὶ
2452 619 2613 674 τοῦτο
2657 623 2917 691 πρόσεστι
2966 623 3280 693 θαυμαστὸν
3315 628 3429 688 τοῖς
3475 626 3723 694 ἐλέφασι.

2151 708 2258 761 Τὸν
2299 709 2406 778 γὰρ
2445 711 2606 763 Ἰνδὸν
2644 714 2889 782 ποταμὸν
2929 714 3079 768 ἔστιν
3114 716 3215 769 ὅτε
3245 716 3725 787 διαπεραιούμενιι

2151 801 2250 871 οὐχ
2284 801 2471 864 ἁπλῶς
2506 805 2602 857 καὶ
2640 804 2715 869 ὡς
2756 806 2912 876 ἔτυχε
2946 807 3045 877 τὴν
3079 809 3257 861 ἐκεῖσε
3299 809 3575 862 ποιοῦνται
3606 810 3726 863 διά-

2154 891 2333 959 σασιν,
2376 895 2489 947 ἀλλ’
2515 897 2544 948 ὁ
2589 900 2919 966 μικρότατος
2966 900 3185 953 πάντων
3227 902 3325 969 τῆς
3371 900 3726 969 περαιὼσεως

2154 984 2369 1053 πρῶτος
2407 986 2752 1055 άπάρχεται,
2796 989 2934 1057 μετὰ
2972 990 3161 1043 τοῦτον
3202 991 3231 1043 ό
3276 990 3480 1060 μείζων
3519 990 3724 1057 αὐτοῦ,

2155 1074 2345 1128 ἔπειτα
2394 1075 2491 1129 καὶ
2543 1077 2572 1129 ό
2621 1078 2950 1149 ἀμφοτέρων
2997 1080 3274 1135 ἐπέκεινα.
3326 1080 3438 1133 Καὶ
3491 1079 3727 1149 καθεξῆς

2154 1166 2416 1230 ὡσαύτως
2457 1170 2523 1238 τῇ
2570 1169 2795 1239 τοιαύτῃ
2839 1169 2991 1233 τάξει
3032 1169 3305 1239 χρώμενοι
3346 1169 3437 1223 τὸν
3481 1170 3726 1239 ποταμὸν

2155 1258 2448 1320 ἀκωλύτως
2479 1258 2807 1329 διέρχονται.
2849 1259 2978 1313 Ἐάν
3009 1261 3119 1327 γάρ
3152 1260 3201 1312 οί
3242 1259 3461 1329 μείζους
3492 1262 3590 1330 τῆς
3621 1278 3727 1313 πο-

2159 1346 2309 1418 ρείας
2341 1349 2678 1418 ἀπήρχοντο,
2716 1350 2857 1419 τάχα
2901 1350 2968 1403 ἂν
2998 1353 3064 1421 τῇ
3109 1351 3371 1421 βαθύτητι
3403 1351 3511 1403 τῶν
3538 1335 3723 1404 ’ποδῶν

2159 1437 2384 1508 βόθρους
2414 1440 2502 1494 ἐπ’
2524 1440 2698 1510 αὐτῆς
2721 1442 2824 1511 τῆς
2855 1441 2999 1504 ἰλύος
3026 1442 3383 1512 ἐργαζόμενοι
3414 1441 3733 1513 προοδεύειν.

2156 1528 2339 1582 οὐκέτι
2384 1529 2727 1600 συνεχώρουν
2758 1532 2888 1594 τοὺς
2920 1533 2981 1584 τὸ
3023 1532 3187 1601 σῶμα
3228 1534 3594 1603 σμικρότατον
3628 1534 3727 1603 φέ-

2165 1635 2379 1689 ροντας,
2408 1620 2612 1691 μᾶλλον
2639 1621 2739 1690 μὲν
2761 1620 2861 1676 οὖν
2883 1623 2979 1675 κιαι
3005 1623 3083 1694 τῷ
3109 1624 3203 1677 τοῦ
3231 1625 3475 1695 ποταμοῦ
3498 1625 3729 1695 τέλματι

2163 1709 2583 1778 κατηνάγκαζον
2621 1712 2745 1774 τοὺς
2786 1712 3065 1776 τοιούτους
3106 1714 3523 1783 ἀποπνίγεσθαι.
3562 1716 3636 1769 Τὸ
3674 1716 3731 1769 δὲ

2161 1803 2252 1855 τὸν
2286 1802 2553 1871 ἐλέφαντα
2594 1805 2669 1874 μὴ
2706 1804 2882 1864 ἄλλως
2922 1821 3040 1867 πως
3080 1806 3160 1868 είς
3203 1806 3543 1876 συνδυασμὸν
3575 1806 3736 1878 ἔρχε-

2164 1894 2325 1959 σθαι,
2358 1895 2501 1949 καθά
2536 1913 2700 1964 φασιν
2732 1897 2781 1949 οἱ
2818 1897 2945 1967 περὶ
2977 1898 3045 1949 τὰ
3077 1897 3305 1951 τοιαῦτα
3337 1900 3536 1965 δεινοὶ,
3572 1900 3621 1952 εἰ
3656 1901 3733 1970 μὴ

2160 1984 2255 2038 τοῦ
2280 1985 2670 2057 ’μανδραγόρου
2727 1987 2983 2056 γεύσαιτο
3036 1989 3190 2058 (οὐδὲ
3219 1991 3328 2060 γὰρ
3368 1991 3611 2061 ὲπιθυμα
3642 1996 3732 2063 μί-

2164 2077 2298 2141 ξεως
2326 2078 2589 2147 πρότερον
2618 2080 2824 2145 κεῖταί,
2857 2081 2941 2147 ἐφ’
2963 2074 3008 2135 ὦ
3036 2082 3069 2151 ἡ
3102 2081 3294 2150 θήλεια
3317 2081 3555 2136 λαϐοῦσα
3589 2100 3731 2152 μαν-

2162 2167 2434 2239 δραγόραν
2474 2170 2566 2223 καὶ
2609 2171 2860 2239 φαγοῦσα
2901 2172 3083 2226 δίδωσι
3126 2174 3221 2227 καὶ
3264 2173 3340 2244 τῷ
3384 2174 3596 2246 άρῤενι,
3636 2173 3731 2230 καὶ

2163 2260 2304 2314 οῦτω
2336 2263 2471 2331 πρὸς
2505 2264 2650 2332 μίξιν
2677 2263 2947 2335 ἔρχονται)
2982 2265 3231 2335 φανερῶς
3259 2266 3339 2329 είς
3366 2267 3491 2329 τοὺς
3522 2284 3737 2337 πρωτο-

2165 2351 2436 2413 πλάστους
2474 2352 2732 2419 ἀνάγεται
2756 2369 2773 2387 ο
2809 2355 3051 2409 κάκεῖνοι
3085 2355 3193 2424 γάρ
3229 2356 3335 2427 πρὸ
3371 2356 3472 2425 μὲν
3503 2357 3736 2425 τῆς-τοῦ

2163 2444 2335 2513 φυτοῦ
2377 2446 2620 2511 γεύσεως
2665 2446 2951 2514 ίοάγγελον
2993 2446 3106 2517 βίον
3145 2442 3310 2516 εἴχον,
3359 2447 3497 2517 μετὰ
3538 2448 3594 2501 δὲ
3635 2448 3743 2519 τὴν
3768 2484 3781 2495 .ν

2163 2536 2257 2590 τοῦ
2308 2536 2465 2603 ξύλου
2514 2526 2704 2604 γεῦσιν
2751 2538 2845 2591 καὶ
2894 2538 2993 2607 τῆς
3044 2538 3331 2608 παρακοῆς
3380 2538 3735 2609 είσαχθείσης

2165 2627 2311 2695 ἔγνω
2344 2625 2515 2698 Ἀδάμ
2545 2626 2689 2682 Εὕαν
2718 2628 2816 2701 τὴν
2844 2630 3081 2697 γυναῖκα
3109 2628 3277 2682 αὑτοῦ
3296 2667 3311 2694 ,
3340 2630 3435 2682 καὶ
3464 2628 3617 2682 ἔτεκε
3644 2630 3744 2685 τον

2166 2719 2330 2773 Κάῖν.
3426 2722 3437 2729 ’

2238 2813 2375 2883 Περὶ
2411 2810 2468 2865 δὲ
2500 2812 2594 2867 τοῦ
2636 2813 3112 2885 μυρμηκολέοντος
3144 2814 3197 2869 τί
3239 2814 3345 2885 χρὴ
3381 2815 3481 2869 καὶ
3517 2813 3741 2882 λέγειν;

2165 2904 2475 2973 γέγραπται
2504 2905 2612 2975 γὰρ
2641 2904 2700 2957 ὲν
2727 2905 2806 2971 τῷ
2838 2903 2982 2973 Ἰὼϐ,
3022 2905 3466 2977 «Μυρμηκολέων
3494 2903 3745 2958 ἀπώλετο

2166 2996 2256 3049 διὰ
2289 2995 2348 3048 τὸ
2389 2995 2467 3064 μὴ
2507 2994 2653 3065 ἔχειν
2682 2993 2870 3066 βοράν.
2915 3014 2934 3048 ι
2976 2996 3035 3050 '0
3082 2996 3484 3067 μυρμηκολέων
3517 2994 3655 3059 ζῶόν
3688 2996 3748 3047 τί

491 3069 889 3137 myrmecoleon
951 3073 1153 3127 animal
1205 3077 1499 3144 quoddam,
1558 3080 1703 3148 quod
1764 3096 1794 3134 e
1841 3080 2065 3135 formica

2171 3089 2318 3140 ἐστιν
2348 3090 2412 3141 ἐκ
2447 3087 2739 3158 μύρμηκος
2771 3088 2867 3156 μὲν
2896 3088 2991 3142 καὶ
3019 3088 3236 3151 λέοντος
3265 3087 3622 3157 τικτόμενον,
3648 3085 3743 3138 εύ-

490 3157 754 3231 leoneque
804 3165 1062 3235 gignitur,
1115 3169 1210 3224 sed
1266 3186 1390 3225 mox
1423 3172 1641 3229 vivendi
1694 3174 1880 3230 tinem
1936 3175 2067 3231 facit

383 3281 390 3288 -
490 3261 776 3321 propterea
806 3257 949 3325 quod
978 3257 1159 3311 cibum
1192 3259 1293 3315 sibi
1323 3266 1735 3321 convenientem
1768 3285 1877 3324 non
1908 3272 2065 3324 inve-

494 3343 609 3396 niat
643 3357 659 3396 :
697 3361 825 3400 nam
893 3356 953 3401 ut
999 3349 1106 3413 leo,
1162 3365 1355 3406 carnes
1403 3356 1626 3425 expetit,
1683 3367 1742 3411 ut
1797 3359 2063 3428 formica,

492 3435 865 3509 frumentum;
900 3445 1105 3501 idcirco
1144 3447 1289 3501 facili
1342 3458 1621 3501 momento
1676 3450 2063 3521 exstinguitur.

495 3526 619 3584 llaec
645 3542 826 3586 autem
854 3536 1133 3590 transferri
1157 3537 1384 3592 omnino
1411 3538 1479 3591 ad
1508 3538 1782 3593 diabolum
1811 3552 2064 3609 possunt,

476 3623 585 3692 'qui
616 3624 686 3679 ab
723 3626 914 3695 exigua
952 3643 1010 3683 re
1037 3629 1273 3698 primum
1298 3645 1525 3685 exorsus
1571 3632 1636 3684 ad
1695 3648 1887 3702 magna
1944 3649 2069 3697 pro-

496 3719 758 3789 greditur.
798 3721 922 3776 ldeo
948 3724 1169 3792 quidam
1200 3739 1265 3779 ex
1296 3726 1560 3782 Patribus
1593 3726 1731 3782 dixit
1761 3744 1777 3782 :
1810 3746 1828 3780 r
1862 3726 2067 3799 Exigua

496 3812 693 3868 delicta
720 3815 872 3868 novit
897 3824 1193 3872 extenuare
1240 3817 1488 3873 diabolus
1522 3839 1537 3874 :
1566 3836 1689 3874 nam
1737 3822 2068 3892 caateroquin

497 3907 565 3962 ad
600 3907 803 3977 majora
835 3909 1136 3978 perducere
1163 3919 1215 3965 te
1252 3926 1358 3964 non
1392 3921 1598 3983 posset.
1639 3930 1659 3965 ι
1698 3911 1891 3983 Itaque
1930 3916 2073 3984 perit

497 4008 549 4056 et
578 4001 714 4070 ipse,
759 4016 824 4056 ac
875 4002 1377 4078 myrmecoleontis'
1413 4006 1583 4059 instar
1609 4006 1897 4070 emoritur,
1946 4022 2071 4063 cum

496 4092 642 4164 apud
669 4108 774 4147 nos
802 4092 1044 4147 alimenti
1076 4093 1236 4159 nihil,
1261 4094 1397 4148 nihil
1428 4096 1685 4164 requietis
1710 4096 1939 4152 invenit.

516 4162 531 4176 ’
565 4186 771 4251 Quodsi
795 4187 953 4241 cadat
995 4186 1343 4256 elephantus,
1368 4162 1591 4257 surgere
1629 4199 1915 4257 propterea
1954 4176 2069 4244 “non

498 4286 678 4345 potest
712 4277 857 4346 quod
890 4278 1055 4346 pedes
1077 4280 1251 4348 ipsius
1275 4280 1451 4333 nullas
1498 4280 1782 4351 juncturas
1815 4280 2069 4336 habeant.

2175 3179 2311 3242 θέως
2328 3178 2394 3232 δὲ
2419 3179 2685 3232 τελευτῶν
2708 3178 2799 3232 διὰ
2821 3179 2882 3232 τὸ
2913 3179 2988 3250 μὴ
3013 3179 3292 3248 εὑρίσκειν
3315 3179 3520 3248 τροφὴν
3543 3175 3752 3235 κατάλ-

2172 3268 2370 3338 ληλον·
2413 3268 2491 3332 ὡς
2538 3268 2637 3338 μὲν
2683 3268 2793 3339 γὰρ
2835 3269 2973 3322 λέων
3019 3268 3226 3339 κρέατα
3267 3267 3529 3336 ἐπιζητεῖ,
3570 3265 3645 3328 ὡς
3683 3265 3747 3320 δὲ

2176 3359 2407 3430 μύρμηξ
2435 3359 2599 3413 πάλιν
2628 3361 2795 3426 σῖτον⁹
2824 3360 2919 3414 καὶ
2946 3359 3035 3412 διὰ
3065 3358 3223 3413 τοῦτο
3248 3357 3493 3428 εὐχερῶς
3518 3355 3749 3409 ἀπόλλυ-

2172 3464 2285 3506 ται.
2314 3451 2501 3505 Ταῦτα
2529 3451 2584 3505 δὲ
2615 3451 2834 3514 πάντως
2864 3452 2943 3515 είς
2970 3451 3139 3506 αὐτὸν
3164 3450 3425 3518 ἀνάγεται
3450 3448 3542 3501 τὸν
3569 3447 3752 3501 διάϐο-

2172 3545 2266 3597 λον
2288 3585 2303 3611 ,
2334 3546 2483 3608 ὅστις
2520 3542 2629 3599 άπδ
2666 3543 2863 3615 μικροῦ
2900 3544 2999 3613 μὲν
3029 3543 3291 3613 ἄρχεται,
3326 3542 3405 3603 είς
3440 3539 3651 3610 μεγάλα
3682 3538 3745 3592 δὲ

2174 3640 2437 3710 καταντᾷ.
2470 3637 2587 3706 Ἐφ’
2610 3632 2655 3706 ᾧ
2694 3637 2789 3691 καί
2831 3654 2915 3701 τις
2934 3638 3042 3689 τῶν
3082 3635 3339 3704 Πατέρων
3382 3633 3536 3700 ἔλεγε
3564 3644 3581 3659 ⁸
3609 3650 3627 3683 ι
3663 3630 3750 3684 Τὰ

2180 3733 2351 3801 μικρὰ
2389 3730 2497 3783 τῶν
2537 3729 2953 3801 ἁμαρτημάτων
2992 3726 3286 3790 εὐτελίζειν
3322 3720 3464 3777 οἶδεν
3500 3724 3529 3775 ό
3568 3721 3749 3776 διάδο-

2174 3819 2265 3883 λος
2289 3837 2304 3852 ·
2339 3818 2511 3881 ἄλλως
2540 3819 2649 3889 γάρ
2681 3820 2773 3871 ἐπὶ
2805 3816 2989 3886 μεῖζον
3018 3815 3188 3869 κακὸν
3215 3815 3445 3882 ἀγαγεῖν
3475 3828 3535 3863 σε
3564 3812 3624 3862 ού
3655 3810 3753 3861 δύο

2176 3925 2355 3964 ναται.
2389 3925 2409 3959 ι
2440 3907 2604 3961 Ὅθεν
2634 3907 2927 3960 ἀπόλλυται
2956 3905 3050 3957 καὶ
3076 3898 3236 3965 οὗτος
3257 3941 3273 3967 ,
3301 3902 3396 3956 καὶ
3425 3898 3538 3954 οἷον
3571 3900 3749 3953 εἰπεῖν

2178 3999 2400 4070 θνήσκει
2432 3996 2574 4051 κατά
2603 3997 2695 4050 τὸν
2727 3996 3177 4067 μυρμηκολέοντα
3196 4033 3212 4060 ,
3250 3994 3326 4064 μὴ
3356 3992 3564 4064 τροφὴν
3596 3988 3751 4059 εὑρί-

2181 4109 2326 4145 σκων
2354 4090 2487 4160 παρ’
2511 4088 2669 4159 ἡμῶν
2697 4090 2790 4142 καὶ
2820 4090 3150 4142 ἀνάπαυσιν.

2261 4185 2318 4239 ’0
2364 4184 2547 4255 μέντοι
2590 4181 2790 4251 ἐλέφας
2829 4179 3046 4233 πίπτων
3087 4177 3381 4248 ἐγερθῆναι
3422 4175 3484 4229 ού
3524 4174 3757 4229 δύναται

2178 4275 2267 4330 διά
2290 4276 2348 4329 τὸ
2378 4276 2455 4346 μὴ
2480 4273 2622 4344 ἔχειν
2647 4271 2898 4341 ἁρμογὰς
2922 4271 3002 4333 είς
3026 4269 3150 4332 τοὺς
3179 4267 3342 4329 πόδας
3368 4266 3553 4319 αὐτοῦ.
3590 4263 3753 4316 Ἀλλά

502 4370 567 4424 Et
590 4368 760 4423 fetum
804 4368 921 4422 haec
963 4370 1214 4425 animalia
1255 4381 1463 4426 tantum
1512 4372 1734 4427 unicum
1798 4372 1968 4427 edunt
2004 4372 2065 4427 ob

2180 4368 2274 4420 καὶ
2312 4365 2578 4437 μονοτόκα
2609 4363 2783 4417 ταῦτα
2813 4362 2876 4431 δὴ
2908 4361 2979 4414 τὰ
3014 4359 3239 4429 σώματα
3264 4358 3342 4412 τὰ
3380 4359 3613 4428 μέγιστα
3648 4356 3753 4423 φέ-

503 4459 737 4514 maximi
782 4460 1031 4531 corporis
1084 4461 1305 4518 molem.
1368 4460 1650 4517 chebant
1704 4462 1923 4530 quidem
1980 4462 2065 4515 bat

2187 4477 2368 4532 ροντα.
2397 4458 2548 4511 Ἔδει
2581 4455 2679 4525 μὲν
2705 4456 2772 4507 δι’
2796 4454 2927 4508 αὐτὸ
2953 4452 3112 4505 τοῦτο
3143 4450 3415 4503 πολύτοκα
3448 4448 3647 4518 μᾶλλον
3675 4441 3761 4499 εἷο

501 4560 615 4621 ipsa
647 4552 715 4606 de
748 4567 936 4615 causa,
970 4551 1115 4619 quod
1154 4566 1345 4620 magna
1376 4554 1503 4615 sint,
1535 4553 1717 4620 potius
1773 4551 2085 4621 complures

503 4647 646 4701 fetus
701 4645 866 4700 simul
918 4643 1091 4698 .edere
1145 4644 1358 4722 (loquor
1410 4652 1611 4712 autem,
1647 4644 1715 4698 de
1767 4646 2082 4715 elephanto,

502 4735 930 4805 equo,‘.camelo)
975 4750 1203 4788 :verum
1236 4735 1363 4805 quia
1394 4737 1790 4789 nutrimentum
1846 4738 1912 4791 ad
1957 4753 2084 4793 cor-

507 4825 658 4895 poris
684 4826 1168 4894 amplificationem
1222 4826 1547 4891 absumitur,
1614 4826 1758 4881 fetus
1815 4828 1868 4881 in
1926 4837 2083 4882 utero

508 4917 875 4980 multosalere
904 4926 1201 4985 nequeunt.
1236 4917 1313 4971 Ac
1336 4920 1403 4970 de
1427 4917 1510 4971 his
1535 4918 1753 4987 quidem
1782 4918 1885 4973 hoc
1916 4920 2079 4975 modo

509 5006 714 5060 dictum
746 5015 880 5060 esto.
913 5005 1179 5061 Caeterum
1218 5006 1428 5075 lepm'es
1450 5006 1605 5062 aiunt
1654 5007 1795 5063 fetus
1844 5009 1978 5063 alios
2023 5010 2079 5063 in

509 5099 685 5152 lucem
713 5099 895 5160 edere.
925 5097 1059 5152 alios
1087 5099 1246 5168 paulo
1276 5100 1426 5169 prius
1458 5099 1715 5163 edidisse,
1775 5100 1905 5155 alios
1952 5114 2081 5154 nec-

512 5192 644 5245 dum
677 5192 953 5246 absolntos
977 5202 1130 5247 utero
1182 5203 1413 5263 gestare.
1461 5195 1589 5263 Ejus
1641 5193 1719 5247 rei
1753 5209 1913 5248 causa
1973 5203 2077 5261 est,

511 5282 655 5354 quod
687 5282 934 5352 leporum
958 5292 1149 5336 natura
1188 5285 1345 5353 longe
1385 5284 1455 5337 sit
1485 5285 1894 5339 fecundissima.
1942 5285 2086 5340 Ecce

513 5376 660 5430 enim
688 5375 771 5428 lac
797 5375 1103 5444 leporinum
1137 5374 1351 5440 mulieri
1394 5390 1504 5429 non
1568 5375 1808 5429 fecundas
1866 5375 2091 5442 imposi-

518 5480 636 5521 tum
684 5467 935 5522 celeriter
991 5466 1403 5537 conceptionem
1462 5467 1705 5536 adjuvat,
1760 5476 1815 5521 et
1870 5466 2092 5520 feminae

516 5560 689 5616 sterili
722 5561 890 5615 donat
928 5558 1215 5622 infantem,
1252 5575 1411 5631 quem
1458 5559 1717 5614 uberibus
1762 5558 1943 5614 Iactet.
1975 5560 2090 5613 Non

587 5681 794 5752 (me:
831 5681 938 5752 γὰρ
1001 5680 1215 5752 χαῦνα,
1260 5721 1272 5737 .

520 5750 733 5803 eodem.
839 5750 865 5780 "

1493 5681 1793 5745 πίνοντες.
1843 5678 1917 5734 Ex
1951 5677 2403 5735 FontcbralJensi
2436 5691 2451 5743 ;
2506 5685 2559 5732 et
2615 5688 2737 5729 mox
2777 5668 3116 5743 συνεχώρουν
3144 5708 3159 5722 .
3189 5707 3203 5721 .
3243 5708 3253 5721 .
3288 5705 3301 5720 .

2185 4570 2307 4617 ναι,
2347 4550 2615 4618 ἐλέφαντα
2653 4548 2797 4615 λέγω
2831 4548 2925 4599 καὶ
2961 4545 3125 4597 ἵππον
3165 4546 3261 4596 καὶ⁹
3295 4543 3577 4612 κάμηλονο
3616 4538 3760 4591 ἀλλὰ

2184 4638 2581 4709 δαπανωμένης
2602 4636 2703 4706 τῆς
2726 4637 2930 4707 τροφῆς
2955 4637 3035 4697 είς
3058 4635 3156 4703 τὴν
3181 4632 3276 4686 τοῦ
3307 4631 3561 4701 σώματος
3585 4626 3759 4695 αὔξη-

2186 4750 2271 4787 σιν
2310 4730 2514 4798 πλῆθος
2557 4728 2812 4799 ἐμϐρύων
2850 4727 3046 4795 θρέψαι
3086 4725 3146 4778 ού
3184 4723 3435 4777 δύναται.
3482 4719 3587 4773 Καὶ
3627 4719 3764 4786 περὶ

2188 4825 2287 4896 μὲν
2310 4821 2514 4877 τούτων
2537 4820 2729 4883 οὕτως.
2757 4820 2894 4881 Τοὺς
2922 4819 2978 4871 δὲ
3003 4817 3249 4883 λαγωούς
3277 4831 3407 4881 φασι
3431 4813 3497 4864 τὰ
3529 4812 3626 4880 μὲν
3649 4808 3765 4896 τῶν

2187 4917 2426 4983 ἐγγόνων
2467 4912 2676 4972 ὡδίναι,
2713 4909 2781 4962 τὰ
2821 4908 2879 4962 δὲ
2917 4908 3219 4967 τετοκέναι,
3262 4904 3381 4955 ἔνια
3423 4901 3478 4953 δὲ
3526 4895 3764 4979 ἡμιτελῆ

2189 5007 2449 5077 φέρεσθαι
2489 5009 2555 5075 τῇ
2596 5002 2817 5072 γαστρί.
2859 5000 2934 5053 Τὸ
2972 5000 3028 5052 δὲ
3075 4998 3249 5051 αἴτιον
3288 4996 3370 5048 ὅτι
3411 4989 3765 5083 γονιμωτάτῃ

2187 5099 2297 5152 τῶν
2325 5096 2553 5165 λαγωῶν
2586 5096 2619 5165 ἡ
2656 5093 2819 5162 φύσις
2855 5091 3191 5159 καθέστηκεν
3217 5102 3231 5117 ⁶
3266 5087 3366 5156 ὅρα
3402 5084 3511 5155 γὰρ
3544 5079 3768 5136 ὅτιλα-

2188 5188 2334 5258 γωοῦ
2385 5186 2551 5239 πιτύα
2591 5182 2814 5252 γυναικὶ
2850 5179 3203 5248 ὲντεθειμένη
3245 5174 3436 5229 ᾶπαιδι
3481 5169 3770 5240 ἐγκύμονα

2188 5280 2393 5348 ταύτην
2425 5278 2617 5331 θᾶττον
2647 5273 2887 5343 ἐποίησε,
2918 5271 3012 5324 καὶ
3043 5269 3209 5322 παῖδα
3235 5265 3539 5335 ὑπομάζιον
3572 5260 3771 5329 στείρᾳ

2192 5372 2499 5445 χαρίζεται.
2533 5370 2597 5422 Ἥ
2628 5368 2807 5421 τοίνυν
2838 5363 3096 5433 σύλληψις
3132 5361 3232 5413 οὒκ
3270 5360 3416 5410 ἔστιν
3445 5359 3502 5408 ἐν
3530 5353 3770 5445 λαγωοῖς

2195 5443 2473 5534 ὡρισμένη
2492 5501 2507 5525 ,
2534 5459 2647 5514 ἀλλ’
2671 5459 2748 5511 ἐτι
2774 5454 3224 5525 κυοφορουμένων
3249 5449 3358 5503 τῶν
3381 5447 3619 5514 ἐγγόνων
3643 5443 3770 5493 ἐπι-

2202 5555 2464 5626 σύλληψις
2497 5536 2679 5615 αύτοϊς
2714 5548 3011 5618 ἐγγίνεται.
3046 5544 3254 5599 Οὐκοῦν
3285 5544 3321 5597 ἃ
3358 5541 3457 5610 μὲν
3486 5538 3703 5591 τέτοκεν
3735 5536 3771 5587 ὁ

3355 5664 3621 5733 ἐλέφαντα
3697 5669 3768 5710 cx
