4062 6186
339 234 437 301 ιει
1420 280 1471 331 ,

1619 230 2029 307 ANNALIUM
2068 230 2263 291 PARS
2299 230 2349 294 ῐ.

3503 232 3606 296 122

334 345 551 415 λαγωδς
576 344 687 398 τῶν
713 343 973 418 ἐγγόνων,
1003 342 1038 399 ἃ
1063 344 1120 397 δὲ
1148 342 1352 408 ὠδίνει,
1380 343 1416 397 ἃ
1446 342 1503 396 δὲ
1534 343 1766 413 ἡμιτελῆ
1801 345 1925 395 ἑπιο

2047 344 2315 415 ast-igitur
2368 346 2421 399 in
2482 346 2761 416 leporibus
2825 346 3114 418 conceptio
3181 354 3331 403 certo
3383 348 3607 406 definita

336 441 494 510 φέρει
519 440 587 509 τῇ
614 438 810 505 γαστρί
832 454 846 468 ⁸
874 436 1045 489 ταῦτα
1077 436 1185 507 γὰρ
1215 437 1247 506 ή
1282 435 1641 505 ἐπισύλληψις
1669 435 1727 499 ἐξ
1756 435 1926 503 ἀνάγ-

338 548 446 598 atq:
486 531 651 582 ποιεῖ.
690 529 845 581 Κατὰ
877 526 1034 582 τοῦτο
1071 527 1127 580 δὲ
1171 528 1281 595 κα“ι;
1304 527 1580 590 δασύπους
1622 527 1650 579 6
1690 527 1925 594 λαγωός,

339 622 485 675 καθά
517 637 685 690 φησιν
712 622 741 673 6
772 619 1186 690 Ἀριστοτέλης,
1217 619 1293 682 ὡς
1321 619 1539 690 πλήρης
1572 620 1927 690 περιττωμά-

338 730 450 765 των
474 710 551 764 ὢν
572 726 586 740 ’
617 712 651 780 ἠ
678 713 783 781 γάρ
809 710 1042 776 δασύτης
1070 713 1297 780 σημεῖον
1318 709 1557 779 πλήθους
1585 709 1930 781 περιττώμα-

342 821 457 867 τος.
486 804 655 872 ’ρθεν
689 806 778 855 καὶ
817 804 1198 855 ἐπικυΐσκεται
1230 794 1390 855 τοῦτο
1418 802 1481 854 τὸ
1514 801 1673 866 ζῶον.
1709 802 1802 853 Διδ
1837 803 1929 854 καὶ

344 895 453 947 τῶν
485 893 794 966 ἀνθρώπων
828 894 877 947 οἱ
909 895 1092 955 δασεῖς
1128 894 1604 963 ἀφροδισιαστικοὶ
1639 893 1730 945 καὶ
1762 891 1926 944 πολύ-

350 1003 595 1057 σπερμοι
621 986 818 1056 μᾶλλόν
842 986 946 1039 είσι
972 988 1078 1039 τῶν
1102 985 1279 1038 λείων.
1304 986 1413 1037 Καὶ
1437 977 1584 1037 οὗτοι
1612 984 1711 1053 μὲν
1732 981 1927 1046 οὕτως·

349 1081 378 1131 ό
402 1080 459 1132 δὲ
485 1078 739 1141 Δίλιανδς
767 1076 1066 1147 παράδοξόν
1090 1095 1142 1130 τι
1168 1076 1264 1129 καὶ
1289 1078 1409 1130 λίαν
1433 1076 1651 1142 διέξεισι
1683 1076 1810 1145 περὶ
1834 1072 1928 1127 τοῦ

348 1169 567 1236 λαγωοῦ
588 1184 603 1198 ’
630 1169 692 1220 τὸ
718 1169 827 1238 γάρ
852 1171 916 1221 ἐκ
940 1168 1129 1221 τούτου
1157 1167 1495 1238 γεννώμενον
1520 1168 1758 1238 ἔμϐρυον
1782 1166 1930 1229 ἐντὸς

350 1261 607 1330 ἐπιφέρει
644 1259 833 1329 ἕτερον
870 1259 1128 1329 ἔμϐρυον.
1167 1259 1444 1322 Ὡσαύτως
1483 1259 1703 1327 λέγουσι
1743 1260 1832 1311 τόν
1871 1275 1930 1311 τε

350 1352 566 1419 λαγωὸν
597 1352 691 1405 καὶ
716 1350 812 1421 τὴν
844 1349 1037 1403 ῦαιναν
1068 1351 1437 1421 ἀρῤενόθηλυν
1463 1350 1728 1419 γίνεσθαι.
1768 1348 1931 1402 Ἀλλά

352 1445 448 1498 καὶ⁵
474 1444 647 1506 δειλὸς
674 1445 702 1495 6
727 1442 955 1509 λαγωός.
984 1441 1138 1505 Τίνος
1167 1440 1385 1507 ἕνεκεν,
1415 1442 1497 1494 ὃτι
1528 1441 1791 1512 μεγίστην
1818 1441 1931 1510 ἔχει

352 1534 606 1605 καρδίαν,
624 1532 771 1585 ὥσπε
782 1550 813 1603 ρ
827 1532 890 1602 δὴ
904 1532 1121 1601 ἔλαφος,
1143 1533 1267 1602 μῦς,
1289 1530 1470 1598 ῦαινα,
1488 1531 1629 1599 όνος,
1644 1516 1937 1602 πάρδαλις,

352 1628 519 1697 γαλῆ,
549 1625 645 1679 καὶ
670 1625 857 1687 ἁπλῶς
884 1623 1043 1677 πάνθ’
1066 1625 1167 1677 ὅσα
1198 1624 1447 1694 φανερῶς
1474 1625 1579 1677 είσι
1606 1624 1756 1678 δειλά
1784 1625 1815 1695 ἦ
1844 1625 1933 1678 διά

354 1717 521 1786 φόϐον
554 1718 858 1788 κακοῦργα.
892 1717 1182 1786 Μεγίστων
1214 1719 1322 1787 γάρ
1355 1718 1413 1770 ὲν
1443 1717 1622 1780 αὐτοῖς
1652 1717 1760 1771 τῶν
1793 1735 1929 1787 καρ-

346 1808 485 1862 διῶν
514 1810 692 1861 οὐσῶν
720 1810 991 1879 διακέεται
1022 1809 1083 1862 τὸ
1119 1808 1230 1879 πῦρ
1264 1810 1360 1861 καὶ
1392 1809 1452 1876 ού
1489 1810 1776 1879 συνῆκται.
1814 1809 1927 1879 'E-p’

1962 1684 2008 1744 Β

2034 430 2302 505 tempore,
2329 437 2423 491 sed
2446 438 2573 491 dum
2623 438 2799 493 adhuc
2826 448 3037 492 uterum
3099 448 3311 507 gerunt,
3356 440 3521 494 altera
3552 443 3610 497 fit

2031 543 2248 581 rursum
2288 530 2596 597 conceptio.
2628 529 2744 594 Qua
2794 530 2860 583 de
2886 544 3051 583 causa
3091 531 3264 600 lepus,
3305 542 3364 585 ut
3402 532 3609 589 dictum

2030 627 2135 696 est,
2178 619 2311 673 alios
2355 620 2575 688 quidem
2626 622 2765 676 fetus
2815 622 2923 691 jam
2981 623 3174 686 edidit,
3225 625 3360 680 alios
3419 606 3611 696 partu~

2033 710 2224 765 riendo
2268 714 2497 781 profert,
2551 714 2687 767 alios
2749 727 2902 769 utero
2947 724 3122 784 gestat
3173 716 3606 785 semiperfectos,

2032 804 2164 858 Nam
2204 804 2258 860 id
2290 805 2596 873 necessario
2636 807 3068 873 conceptionem,
3111 822 3232 875 quae
3262 809 3365 861 alia
3403 810 3460 863 fit
3484 828 3610 867 mox

2034 901 2155 961 post
2205 893 2387 957 aliam,
2434 895 2700 962 sequitur.
2758 895 2965 948 Idcirco
3016 897 3168 965 lepus
3222 900 3382 953 etiam
3442 903 3611 970 pedes

2034 983 2277 1039 hirsutos
2305 986 2487 1050 habet,
2533 986 2993 1054 quemadmodum
3048 989 3370 1045 Aristoteles
3410 993 3504 1056 ait,
3556 1002 3613 1046 ut

2038 1078 2131 1146 qui
2174 1075 2435 1146 superflui
2499 1076 2569 1130 sit
2630 1076 2873 1129 lmmoris
2922 1077 3115 1145 plenus
3144 1094 3156 1129 :
3184 1094 3306 1131 nam
3353 1080 3615 1137 hirsuties

2035 1172 2186 1225 istaec
2221 1170 2457 1239 ingentis
2486 1168 2880 1238 superfluitatis
2908 1178 2988 1223 est
3014 1181 3420 1240 argumentum.
3476 1173 3614 1228 Hinc

2035 1262 2288 1315 animalis
2318 1261 2479 1330 hujus
2512 1261 2887 1330 superfctatio.
2929 1261 3129 1315 Eadem
3165 1265 3232 1316 de
3294 1278 3455 1316 causa
3508 1264 3618 1337 55

2037 1354 2095 1406 fit
2132 1366 2190 1407 ut
2232 1354 2482 1407 homines
2514 1353 2707 1407 hirsuti
2753 1362 2978 1406 ca-teros
3002 1353 3245 1408 lzcviorcs
3279 1363 3391 1407 tum
3420 1371 3620 1409 venere

2037 1454 2149 1498 tum
2183 1441 2408 1497 seminis
2456 1442 2611 1511 copia
2666 1451 2947 1511 superent.
2988 1442 3054 1495 Et
3095 1442 3210 1496 lucc
3271 1442 3491 1512 quidem
3549 1444 3618 1499 ab

2037 1535 2120 1589 his
2143 1534 2337 1589 tradita
2362 1544 2509 1588 sunt.
2581 1531 2849 1586 Caeterum
2909 1532 3160 1587 Elianus
3196 1532 3352 1587 valde
3416 1549 3617 1589 novum

2038 1636 2088 1681 et
2120 1626 2443 1680 inusitatum
2497 1624 2756 1694 quiddam
2826 1624 2890 1678 de
2944 1623 3130 1693 lepore
3176 1633 3619 1678 commemorat:

2038 1734 2160 1773 nam
2192 1718 2281 1789 qui
2303 1733 2369 1772 ex
2424 1732 2489 1771 eo
2517 1716 2757 1770 nascitur
2791 1716 2947 1782 fetus,
2993 1730 3116 1770 eum
3174 1715 3309 1769 dicit
3372 1716 3512 1769 intra
3562 1730 3620 1770 se

2031 1811 2201 1867 fetum
2238 1811 2403 1864 alium
2454 1809 2890 1879 gerereJtidem
2926 1807 3079 1862 aiunt
3120 1808 3362 1877 leporem
3389 1814 3445 1861 et
3479 1808 3621 1876 hyae-

352 1895 398 1966 ᾧ
427 1900 524 1953 καὶ
552 1884 813 1971 τυγχάνει
844 1901 1013 1955 δειλά.
1046 1902 1127 1955 Τὰ
1159 1902 1342 1972 μέντοι
1374 1903 1578 1972 μικρὰν
1607 1901 1801 1972 ἔχοντα
1830 1902 1930 1972 τὴν

2050 1919 2155 1956 tam
2187 1903 2410 1958 alternis
2456 1902 2664 1957 vicibus
2715 1912 2822 1955 tam
2904 1915 3109 1956 marem
3154 1914 3314 1969 quam
3364 1897 3620 1951 feminam

352 1991 584 2061 καρδίαν
616 1993 955 2062 συνηγμένον
990 1991 1048 2056 ἐξ
1085 1992 1329 2060 ἀνάγκης
1358 1993 1420 2043 τὸ
1458 1994 1702 2061 ἔμφυτον
1736 1991 1930 2061 ἔχοντα

2047 2008 2174 2049 asse.
2202 1992 2613 2049 Formidolosus
2658 1994 2823 2048 etiam
2876 1992 3033 2060 lepus
3060 2001 3163 2047 est.
3217 1989 3623 2057 Quamobrem?

356 2082 512 2153 πῦρ·
559 2076 711 2152 ὲφ¹ᾧ
757 2085 852 2136 καὶ
898 2082 1033 2152 πρὸς
1081 2084 1264 2154 μάχην
1308 2082 1545 2153 ὑπάρχει
1593 2083 1662 2136 τά
1708 2081 1933 2137 τοιαῦτα

2047 2086 2169 2152 Quia
2194 2088 2610 2141 cormaximum
2653 2086 2834 2150 habet,
2865 2085 2998 2140 sicut
3051 2094 3107 2138 et
3137 2098 3334 2137 cerrus
3391 2092 3448 2137 et
3500 2095 3623 2136 mus

359 2177 670 2249 δξάῤῥοπαο
2040 2189 2095 2234 et
2128 2180 2331 2251 hya'nm
2396 2188 2454 2233 et
2480 2179 2668 2233 asinus
2698 2188 2753 2233 et
2779 2178 3017 2248 pardalis
3043 2186 3096 2232 et
3121 2178 3375 2239 mustela,
3402 2185 3453 2229 et
3491 2175 3624 2227 sint-

358 2267 574 2337 pliciter
602 2267 782 2322 omnia
855 2282 1195 2338 quaecunque
1234 2268 1409 2338 palam
1448 2265 1661 2343 timida
1710 2275 1839 2325 sunt
1880 2270 1963 2324 vel
2002 2271 2073 2325 ob
2112 2282 2318 2326 metum
2381 2274 2567 2326 noxia.
2596 2270 2733 2324 Nam
2762 2286 2886 2324 cum
2929 2270 3093 2323 corda
3119 2269 3228 2323 sint
3274 2268 3329 2321 in
3381 2268 3459 2321 eis
3497 2280 3624 2335 per-

359 2357 564 2427 autpla,
585 2359 731 2412 calor
758 2356 1102 2420 diﬂunditur,
1159 2372 1266 2411 non
1327 2359 1635 2428 colligitur;
1696 2361 1927 2430 ideoque
1967 2360 2320 2417 formidolosa
2347 2372 2496 2417 sunt.
2556 2360 2689 2427 Quze
2752 2376 2879 2416 vero
2917 2376 3014 2414 cor
3068 2359 3325 2429 exiguum
3395 2358 3623 2424 habent,

360 2453 416 2506 in
465 2452 545 2504 eis
565 2451 729 2505 etiam
766 2450 1076 2505 necessario
1104 2449 1369 2505 collectus
1400 2459 1485 2506 est
1545 2451 1685 2523 ignis
1747 2451 1836 2506 ille
1866 2454 2085 2507 nativus
2148 2462 2203 2507 et
2240 2454 2476 2519 insitus;
2504 2454 2736 2522 ideoque
2784 2461 2913 2507 sunt
2945 2452 3011 2505 ad
3046 2452 3402 2520 pugnandum
3433 2466 3624 2518 prona.

362 2544 535 2600 Debes
562 2545 662 2597 hoc
687 2544 847 2598 etiam
872 2542 1033 2607 scire,
1067 2552 1236 2597 totum
1279 2543 1561 2599 biennium
1617 2544 1939 2615 elephantos
1981 2554 2198 2601 uterum
2254 2561 2462 2618 gerere.
2498 2546 2616 2612 Qua
2655 2546 2724 2601 de
2787 2543 2993 2601 causa?
3047 2544 3179 2613 quia
3233 2542 3422 2596 feturae
3452 2544 3626 2613 majo-

358 2653 450 2693 res
490 2649 730 2706 tempore
758 2636 988 2705 longiori
1012 2635 1078 2689 ad
1110 2633 1499 2705 perfectionem
1534 2647 1719 2707 egent.

430 2733 674 2786 Γίνωσκε
719 2732 775 2784 δὲ
808 2731 903 2783 καὶ
935 2729 1113 2795 τοῦτο,
1148 2729 1230 2782 ὅτι
1272 2729 1455 2799 διετὴς
1506 2731 1534 2782 6
1564 2728 1672 2781 τῶν
1713 2727 1941 2797 ἐλεφάν-

2116 2726 2250 2782 Alia:
2282 2724 2473 2780 decem
2504 2726 2785 2780 mensibus
2815 2726 3202 2792 absolvuntur,
3235 2727 3355 2783 alia:
3386 2737 3501 2784 toto
3531 2728 3627 2786 de-

358 2844 473 2879 των
511 2825 691 2887 τόκος.
722 2823 880 2886 Τίνος
908 2822 1134 2887 ἓνεκεν;
1183 2821 1267 2873 ὅτι
1296 2821 1365 2873 τὰ
1411 2820 1635 2889 μείζονα
1683 2821 1941 2889 κυήματα

2047 2832 2190 2870 mum
2221 2833 2388 2882 anno,
2414 2827 2474 2871 ut
2498 2818 2550 2870 in
2591 2833 2735 2887 equo
2765 2819 3015 2874 videmus
3052 2819 3365 2876 usuvenire.
3400 2820 3493 2875 Sic
3527 2822 3627 2889 igi-

359 2915 615 2977 πλιίονος
649 2914 842 2985 χρόνου
869 2914 1040 2966 δεῖται
1089 2912 1225 2982 πρὸς
1255 2913 1536 2965 τελείωσιν
1562 2927 1577 2942 ⁸
1609 2913 1677 2965 τά
1708 2913 1808 2980 μὲν
1837 2912 1941 2981 γάρ

2047 2918 2133 2961 tur
2207 2909 2373 2963 etiam
2412 2908 2857 2978 elephantorum
2915 2919 3106 2979 partus
3156 2911 3469 2971 diuturnior
3515 2923 3621 2978 est,

359 3005 670 3075 δεκάμηνα,
724 3004 792 3057 τά
850 3004 907 3055 δὲ
962 3002 1212 3055 ἐνιαύσια
1276 3004 1529 3072 καθάπερ
1586 3002 1682 3056 ἐπὶ
1748 3002 1944 3059 ἵππου.

362 3100 529 3153 Κατά
553 3097 711 3149 τοῦτο
750 3096 929 3148 τοίνυν
955 3093 1309 3165 πολυχρόνιός
1345 3095 1461 3145 ἐστι
1507 3094 1599 3147 καὶ
1630 3095 1658 3146 6
1686 3092 1796 3146 τῶν
1828 3094 1946 3145 ἐλε-

2047 3011 2260 3055 uterum
2290 3000 2516 3055 biennio
2540 3001 2873 3071 gestantium
2917 3003 2989 3056 ob
3022 3002 3447 3072 magnitudinem
3480 3004 3625 3058 fctus

2046 3094 2294 3159 nimiam,
2326 3094 2470 3149 sicut
2499 3094 2823 3149 Aristoteles
2854 3094 3118 3163 loquitur.

363 3196 589 3265 φάντων
626 3193 805 3257 τόκος.
838 3192 1029 3262 Διετὴς
1064 3193 1236 3266 γὰρὴ
1287 3189 1480 3262 κύησις
1512 3191 1693 3245 αὐτῶν
1757 3191 1848 3245 διὰ
1912 3190 2010 3262 τὴν
2051 3191 2358 3263 ὑπερὸολὴν
2426 3190 2520 3245 τοῦ
2579 3193 2884 3263 μεγέθους,
2936 3192 3012 3257 ὡς
3076 3193 3461 3265 Ἀριστοτέλης
3522 3211 3627 3265 φη-

364 3290 476 3345 σίν.

449 3379 518 3433 Ἠ
538 3380 733 3448 ἔλαφος
751 3377 1099 3441 ἀποϐαλοῦσα
1118 3376 1183 3431 τὰ
1200 3377 1409 3450 κέρατα
1428 3376 1752 3449 κρύπτεται,
1769 3378 1941 3432 αίδου-

2117 3380 2385 3437 Caeterum
2416 3380 2508 3435 ubi
2543 3395 2749 3435 cornua
2785 3395 2982 3435 cervus
3008 3380 3231 3452 abjecit,
3268 3389 3441 3436 semet
3464 3396 3630 3436 occu-

372 3474 517 3544 μένη
554 3473 745 3541 ὥσπερ
782 3472 870 3525 διὰ
912 3470 1009 3542 τὴν
1055 3469 1279 3525 ἐκείνων
1326 3472 1634 3539 γύμνωσιν.
1665 3471 1837 3523 Ἐπάν
1884 3471 1941 3524 δὲ

367 3566 547 3621 ταῦτα
567 3567 647 3630 εἰς
678 3563 909 3634 αὔξησιν
942 3562 1094 3636 ἔλθῃ,
1142 3563 1586 3634 παρρησιάζεται
1614 3563 1778 3615 πάλιν
1801 3562 1945 3615 καθά

370 3661 473 3714 καὶ⁵
506 3661 792 3729 πρότερον,
828 3655 983 3709 υῦτω
1006 3657 1098 3708 καὶ
1136 3655 1164 3708 6
1196 3655 1406 3717 δίκαιος
1432 3654 1734 3724 ὲκτραπεὶς
1763 3656 1946 3708 ὁπωσ-

368 3751 577 3822 δήποτε
617 3748 713 3802 τοῦ
761 3747 1101 3817 καθήκοντος
1135 3747 1229 3801 καὶ
1258 3747 1367 3799 τῶν
1394 3745 1608 3816 ἀρετῶν
1635 3746 1944 3815 γυμνωθεὶς

368 3844 680 3913 κρύπτεται
731 3841 837 3894 ἀπὸ
874 3839 1032 3905 Θεοῦ,
1076 3838 1329 3907 καθάπερ
1379 3837 1511 3890 ποτὲ
1554 3837 1729 3908 ’Δδάμ
1773 3841 1834 3892 ἐν
1868 3837 1947 3909 τῷ

372 3933 698 4005 παραδείσῳ
745 3932 1036 3997 πέπονθεν,
1087 3932 1254 4001 ἡνίκα
1312 3930 1519 3999 γυμνὸν
1569 3932 1760 3985 ἑαυτὸν
1800 3932 1947 4002 ἑώρα

369 4027 466 4079 διὰ
494 4026 592 4094 τὴν
623 4023 960 4093 παράϐασιν.
997 4023 1167 4076 Ἐπάν
1192 4023 1250 4076 δὲ
1273 4024 1687 4095 ἀγωνισάμενος
1719 4025 1948 4095 διορθώ-

374 4134 542 4188 σηται
570 4118 661 4169 καὶ
690 4117 788 4179 τὰς
830 4114 1032 4184 ἀρετάς
1077 4116 1477 4186 ἐπαυξηοείσας
1509 4117 1799 4187 θεάσηται,
1826 4118 1948 4170 τότε

371 4214 443 4284 δὴ
477 4212 609 4281 πρὸς
660 4212 793 4265 Θεὸν
825 4212 1161 4279 ἐπανάγεται
1196 4215 1293 4268 καὶ
1351 4214 1660 4285 παρρησίας
1692 4215 1790 4282 τῆς
1820 4216 1949 4285 πρὶν

374 4304 607 4376 μέτοχος
633 4304 933 4359 δείκνυται.
966 4306 1074 4359 Καὶ
1098 4304 1258 4358 τοῦτο
1295 4305 1472 4375 δηλῶν
1498 4307 1527 4359 6
1559 4307 1723 4358 Aa6t6
1754 4307 1908 4374 ἔλεγε
1931 4320 1945 4335 '

378 4416 402 4449 ε
442 4397 575 4449 Τότε
616 4397 676 4450 οὐ
721 4396 797 4467 μὴ
843 4394 1116 4467 αἰσχυνθῶ
1160 4398 1218 4448 ἐν
1256 4397 1341 4468 τῷ.
1373 4414 1442 4466 με
1488 4398 1809 4450 ὲπισλέπειν
1858 4397 1952 4449 ἐπὶ

368 4487 558 4549 πάσας
584 4491 681 4550 τάς
713 4487 934 4549 ἐντολάς
962 4503 1078 4540 σου.
1118 4504 1137 4537 ι
1175 4487 1283 4539 Καὶ
1310 4478 1456 4540 οῦτοι
1490 4488 1589 4558 μὲν
1613 4488 1810 4553 οὕτως,
1834 4487 1951 4539 ἓτε-

375 4595 462 4648 ροι
493 4578 550 4630 δέ
587 4593 750 4645 φασιν
791 4576 865 4639 ὡς
893 4575 953 4628 οὐ
980 4576 1078 4647 τὴν
1111 4576 1385 4647 ἀποϐολὴν
1416 4578 1472 4629 αί
1496 4578 1682 4647 ἔλαφοι
1711 4580 1821 4632 τῶν
1855 4593 1946 4629 κε-

376 4672 559 4739 ράτων
593 4670 980 4738 αἰσχυνόμεναι
1009 4669 1107 4731 τὰς
1140 4668 1391 4735 συνήθεις
1417 4670 1809 4739 δραπετεύουσι
1832 4672 1947 4726 δια·

2053 3474 2113 3527 lit
2143 3474 2352 3542 pudore
2379 3477 2533 3543 quasi
2570 3475 2805 3543 quodam
2840 3473 3088 3538 affectus,
3137 3474 3281 3544 quod
3334 3474 3398 3529 iis
3426 3474 3495 3530 sit
3530 3474 3629 3530 de-

2050 3568 2310 3621 nudatus.
2368 3568 2503 3621 Cum
2534 3578 2715 3621 autem
2750 3567 2836 3622 illa
2875 3583 3089 3622 rursum
3121 3581 3412 3637 augescere
3441 3582 3629 3636 cmpe-

2053 3669 2205 3725 runt,
2258 3662 2501 3716 vicissim
2551 3662 2775 3716 liberius
2812 3663 3041 3730 pristino
3075 3677 3221 3716 more
3257 3661 3456 3732 prodit.
3513 3660 3628 3716 Hoc

2048 3753 2185 3821 justi
2221 3752 2461 3806 hominis
2500 3761 2583 3806 est
2623 3752 2995 3809 simulacrum.
3028 3751 3162 3805 Nam
3196 3752 3388 3806 cumis
3410 3751 3479 3805 ab
3508 3748 3629 3804 olli-

2053 3844 2138 3899 cio
2164 3858 2490 3913 quocunque
2522 3844 2739 3897 tandem
2776 3843 2937 3896 modo
2968 3842 3187 3921 deﬂexit
3226 3853 3283 3896 et
3329 3844 3628 3900 virtutibus

2053 3938 2296 3991 nudatus
2324 3946 2428 3999 est.
2476 3951 2504 3989 a
2543 3936 2653 3989 Deo
2688 3944 2864 3990 semet
2892 3934 3182 3988 abscondit
3223 3935 3415 3988 Adami
3444 3951 3632 3989 exem-

2055 4030 2167 4101 plo,
2199 4029 2284 4084 cui
2316 4028 2446 4096 quid
2480 4028 2750 4097 ejusmodi
2782 4029 2982 4082 accidit
3007 4029 3061 4080 in
3096 4028 3376 4096 paradiso,
3409 4045 3529 4083 cum
3558 4034 3632 4085 ob

2058 4123 2549 4192 transgressionem
2594 4133 2654 4173 se
2680 4119 2889 4173 nudum
2929 4132 3052 4172 esse
3086 4120 3453 4187 conspiceret.
3520 4120 3627 4176 Ve-

2058 4231 2179 4271 rum
2215 4214 2305 4270 ubi
2340 4212 2536 4268 deinde
2561 4210 2833 4280 susceptis
2860 4209 3257 4266 certaminibus
3286 4213 3489 4267 rectius
3512 4227 3631 4268 sese

2060 4309 2199 4380 gerit
2221 4323 2285 4363 ac
2310 4307 2539 4363 virtutes
2558 4296 2798 4360 crevisse
2819 4303 2987 4367 videt,
3012 4312 3124 4358 tum
3144 4304 3356 4359 scilicet
3372 4306 3436 4360 ad
3462 4305 3627 4361 Deum

2062 4398 2356 4453 revertitur
2385 4405 2439 4451 et
2467 4396 2708 4465 pristinae
2735 4410 2791 4449 se
2821 4393 3087 4449 libertatis
3112 4393 3426 4466 partPcipem
3452 4396 3633 4452 decla-

2061 4495 2167 4542 rat.
2235 4485 2349 4540 lloc
2381 4484 2611 4540 Davides
2652 4483 2893 4537 indicare
2923 4482 3113 4536 volens
3146 4482 3253 4535 ait:
3298 4481 3480 4537 c'l‘unc
3522 4499 3630 4536 non

2059 4579 2353 4651 pudeliam,
2395 4584 2594 4631 cuncta
2635 4585 2721 4628 tua
2762 4580 3031 4644 praecepta
3071 4572 3291 4626 intuens
3314 4570 3405 4624 ⁸³⁸.
3437 4590 3456 4623 ι
3504 4570 3631 4626 Haec
3688 4620 3691 4623 .

2063 4688 2094 4726 a
2141 4671 2463 4741 quibusdam
2514 4669 2710 4724 tradita
2770 4679 2919 4723 sunt.
2979 4666 3249 4721 Caeterum
3303 4666 3395 4719 alii
3448 4666 3634 4720 dicunt

372 4761 597 4831 τριϐὰς,
645 4760 761 4814 ἀλλ’
802 4759 1013 4813 ἑαυτῶν
1056 4761 1292 4830 μάλιστα
1340 4761 1757 4833 προνοούμεναι.
1798 4765 1941 4819 Ἔστι

2064 4779 2257 4820 cervos
2305 4778 2413 4816 non
2461 4771 2679 4831 propter
2720 4760 3085 4830 abjcctionem
3127 4774 3395 4819 cornuum
3427 4758 3634 4828 pudore

376 4852 491 4921 γάρ
521 4851 773 4922 αἴσθησις
799 4851 893 4903 καὶ
921 4852 981 4903 ἐν
1011 4853 1125 4913 τοῖς
1154 4850 1372 4919 ἀλόγοις
1403 4851 1586 4918 ζώοις,
1619 4853 1743 4905 καθ’
1767 4855 1832 4924 ἣν
1854 4856 1953 4923 τῆς

377 4942 588 5004 οίκείας
630 4942 906 5013 σωτηρίας
940 4943 1279 5013 ἀπειλήφασι
1311 4947 1410 5012 τὴν
1453 4944 1767 5011 διάγνωσιν.
1800 4942 1954 5000 Οἶδεν

378 5037 417 5105 ἡ
480 5033 651 5103 σηπία
676 5034 775 5103 τῆς
807 5035 1003 5103 ἀχλύος
1062 5033 1123 5086 τὸ
1170 5034 1431 5105 σόφισμα,
1493 5035 1585 5088 καί
1629 5054 1729 5089 που
1785 5036 1955 5107 θηρα-

374 5129 501 5188 ταῖς
558 5128 824 5199 ἀορασίαν
879 5126 1057 5197 άγρας
1097 5127 1355 5190 πολλάκις
1421 5130 1698 5199 ἐνέθηκεν.
1730 5125 1853 5184 Οίδε
1890 5131 1959 5185 τὰ

376 5220 729 5291 γαμψώνυχα
764 5223 863 5291 τὴν
902 5220 987 5274 διὰ
1024 5221 1132 5275 τῶν
1152 5221 1359 5291 ὀνύχων
1404 5224 1564 5293 ἀκήν.
1599 5219 1753 5277 Οἶδεν
1797 5227 1824 5277 6
1858 5224 1956 5278 λα-

380 5316 526 5382 γωὺς
548 5315 635 5368 διὰ
662 5312 757 5367 τοῦ
781 5313 983 5384 δρόμου
1008 5315 1101 5366 καὶ
1131 5315 1230 5383 τῆς
1255 5315 1364 5369 τῶν
1386 5316 1563 5369 ποδῶν
1584 5317 1841 5387 ὀξύτητος
1864 5336 1962 5372 κυ-

378 5406 629 5474 νηγετῶν
660 5406 952 5469 ἐπιϐουλάς
1000 5407 1451 5477 ἀποπέμπεσθαι.
1487 5394 1659 5461 Οἷδεν-
1682 5413 1714 5479 ἡ
1759 5410 1957 5479 ἔλαφος

377 5498 805 5569 ἀποκειραμένη
843 5497 912 5551 τὰ
963 5500 1170 5569 κέρατα
1219 5500 1614 5573 ἀσθενεστέραν
1645 5504 1745 5575 τὴν
1795 5502 1957 5572 φύσιν

448 5649 520 5683 δ”
551 5651 693 5706 l‘sal.
731 5668 917 5722 cnttt,
953 5652 1006 5708 6.

2056 4858 2284 4913 allectos
2316 4856 2384 4910 de
2415 4854 2550 4909 locis
2582 4853 2862 4908 consuetis
2891 4851 3153 4922 aufugere
3180 4892 3195 4915 ,
3251 4852 3344 4907 sed
3373 4853 3474 4907 hoc
3516 4853 3636 4922 ipso

2057 4952 2288 5005 maxima
2333 4947 2682 5019 providentia
2746 4946 2849 5000 sibi
2903 4947 3239 5016 prospicere.
3310 4945 3441 4999 Nam
3494 4946 3636 4999 inest

2055 5042 2219 5096 etiam
2250 5039 2428 5093 brutis
2458 5036 2833 5091 animantibus
2862 5051 3058 5089 sensus
3108 5035 3354 5104 quidam,
3413 5036 3479 5088 de
3526 5049 3635 5103 quo

2056 5148 2166 5189 suae
2183 5132 2375 5186 salutis
2395 5130 2762 5201 cognitionem
2791 5128 3071 5182 hauriunt.
3109 5127 3270 5183 Novit
3289 5127 3437 5197 sepia
3462 5134 3636 5180 semet

2058 5224 2387 5281 obscurandi
2414 5221 2730 5286 artificium,
2752 5235 2815 5275 ac
2844 5235 2988 5290 saepe
3023 5235 3100 5276 sic
3134 5221 3496 5291 piscatoribus
3529 5220 3631 5271 im-

2060 5319 2219 5389 ponit
2247 5325 2308 5370 ut
2347 5315 2583 5385 amplius
2611 5322 2827 5383 captam
2858 5314 2928 5367 ab
2956 5327 3015 5367 se
3043 5312 3281 5382 prmdam
3312 5310 3631 5378 conspicere

2062 5417 2356 5481 nequeant.
2412 5408 2625 5461 Norunt
2651 5423 2714 5462 ea
2748 5406 2948 5476 quibus
2984 5405 3186 5459 auunei
3231 5410 3358 5457 sunt
3398 5412 3627 5467 ungues,

2060 5506 2127 5559 ad
2178 5499 2309 5571 quid
2358 5514 2549 5557 eorum
2606 5513 2814 5571 ungues
2861 5492 3123 5570 prodesse
3177 5495 3404 5567 possint.
3464 5491 3629 5546 Novit
