4062 6186
360 2260 365 2263 λ
459 2253 661 2304 ctatur,

431 236 532 301 123

1692 219 2111 282 menaeus
2150 218 2408 280 et.ch
2572 222 2618 271 ο

3564 212 3661 274 1.4

428 347 588 416 lepus
610 351 779 396 cursu
828 339 1137 409 pedumque
1189 336 1471 392 celeritate
1520 348 1838 388 venatorum
1872 331 2006 391 insi-

2133 328 2412 400 :pt’ivsaOat
2462 328 2585 390 τοὺς
2619 327 2958 399 λυπήσοντας
2980 336 3009 357 ”
3034 323 3230 377 οὐκοῦν
3255 325 3629 391 ἁποκρυπτετι
3645 338 3664 374 ι

434 438 551 491 dias
581 436 767 491 vitare.
807 432 898 487 Sic
929 432 1087 485 etiam
1125 445 1285 484 cerva
1308 427 1463 482 novit
1489 425 1705 480 amissis
1731 424 1995 478 cornibus

435 538 686 583 naturam
720 525 1035 580 debiliorem
1090 521 1229 576 tueri
1263 536 1322 576 se
1374 529 1564 574 contra
1609 516 1865 571 laedentes
1896 514 2001 584 55

438 617 584 673 haud
619 632 819 687 posse;
892 622 1227 684 quapropter
1278 610 1427 665 ahdit
1462 624 1542 674 se,
1603 608 1778 661 instar
1818 605 2002 659 militis

438 708 722 777 cujusdam
754 705 1004 770 inermis,
1033 704 1126 772 qui
1151 702 1292 755 hosti
1324 715 1381 755 se
1408 701 1646 770 obiicere
1678 713 1785 752 non
1817 696 2002 752 audet.

437 798 713 852 (laterum
743 795 890 850 solus
924 810 1123 849 cervus
1159 791 1410 846 utilitatis
1452 805 1563 843 suae
1586 804 1751 843 causa
1786 787 2007 856 deponit

439 898 670 947 cornua,
726 882 1179 952 quemadmodam
1233 879 1556 933 Aristotcles
1599 877 1799 944 inquit.
1873 875 2005 929 Nam

445 988 609 1027 onere
663 974 812 1044 gravi
866 972 1179 1026 necessario
1232 984 1291 1024 se
1342 970 1506 1033 levat,
1548 967 1764 1037 quando
1803 980 2006 1021 cornua

2108 416 2197 474 οἷα
2223 439 2307 482 τις
2339 421 2444 473 τῶν
2477 420 2823 488 στρατιωτῶν
2853 416 3081 478 ἄνοπλος
3108 413 3295 477 δεδιὼς
3327 414 3668 482 παρατάττε-

2108 514 2253 566 σθαι.
2286 511 2438 583 Μόνη
2468 510 2524 566 δέ
2552 512 2584 581 ἡ
2614 511 2810 580 ἔλαφος
2839 507 3203 575 ἀποϐάλλεται
3234 508 3302 559 τὰ
3338 505 3543 577 κέρατα
3571 507 3669 575 χὰ-

2110 620 2195 672 ριν
2224 603 2513 671 ὠφελείας.
2540 602 2617 666 ὡς
2656 600 3032 671 Ἀριστοτέλης
3063 601 3231 669 φησί’
3279 597 3442 668 βάρος
3474 599 3581 667 γὰρ
3613 596 3671 661 ἐξ

2108 687 2354 764 ἀνάγκης
2399 694 2738 763 κουφίζεται,
2770 691 2905 746 διότι
2934 692 3029 745 καὶ
3053 690 3224 744 ναστὰ
3248 690 3421 743 ταῦτα
3452 690 3523 743 δι’
3546 691 3673 744 ὅλου

2109 786 2383 855 τυγχάνει.
2427 785 2550 837 Τῶν
2609 784 2655 837 δ’
2715 784 2891 838 ἄλλων
2944 786 3015 836 τὰ
3060 783 3264 855 κέρατα
3313 784 3479 853 μέχρι
3528 780 3678 844 τινὸς

2113 853 2293 941 κοῖλα,
2331 875 2401 927 τὰ
2426 873 2473 927 δ’
2502 873 2647 945 ἄκρα
2682 873 2879 945 στερεᾶ
2905 871 2993 927 διὰ
3031 873 3094 924 τὸ
3127 853 3247 933 ταῖς
3270 872 3506 941 πληγαῖς
3541 887 3676 940 χρη-

2116 982 2382 1035 σιμευειν.

436 1085 725 1123 cervorum
797 1082 1019 1137 prorsus
1086 1082 1253 1120 vacua
1328 1081 1437 1119 non
1494 1060 2028 1134 suntLECaaterorum
2062 1062 2281 1131 quidem
2347 1060 2662 1117 animalium
2703 1076 2908 1119 cornua
2942 1068 3070 1116 sunt
3111 1059 3465 1130 aliquousque
3524 1072 3680 1123 cava,

445 1170 568 1211 cum
601 1166 858 1213 extremae
890 1166 1069 1227 partes
1101 1157 1365 1211 exsistant
1390 1156 1594 1219 solidae,
1622 1155 1821 1224 quibus
1851 1155 2061 1209 scilicet
2102 1154 2242 1208 ictus
2272 1156 2568 1224 exc'piunt.

519 1248 632 1302 Hoc
661 1262 875 1316 quoque
902 1248 1234 1316 cognoscito,
1268 1248 1387 1316 eius
1418 1247 1675 1301 aromatis
1700 1245 1843 1315 quod
1903 1261 2023 1299 mu-

453 1355 605 1395 svum
627 1339 881 1401 dicimus,
901 1349 1148 1393 auctores
1169 1353 1287 1394 esse
1304 1352 1495 1392 cervos
1520 1338 1638 1392 illos
1660 1338 1751 1406 qui
1779 1346 2019 1390 montem

452 1428 619 1482 ludite
644 1426 935 1497 quemdam
976 1428 1241 1481 incolunt.
1305 1427 1437 1481 Nam
1469 1426 1880 1481 celeberrimum
1914 1426 2019 1479 hoc

452 1532 643 1571 aroma
673 1516 807 1569 nihil
840 1524 923 1570 est
958 1517 1104 1570 aliud
1138 1531 1297 1584 quam
1327 1528 1615 1571 cervorum
1650 1515 1889 1586 sanguis,
1926 1515 2018 1583 qui

452 1610 519 1664 de
553 1608 810 1663 umbilico
865 1617 1022 1678 rupto
1049 1608 1323 1678 proﬂuxit.
1386 1607 1542 1663 Hunc
1571 1608 1645 1662 illi
1676 1608 1936 1663 extremis
1967 1608 2020 1660 in

451 1702 701 1770 partibus
717 1699 915 1754 montis
951 1700 1203 1769 rejiciuut
1228 1700 1379 1769 quasi
1406 1698 1675 1769 quoddam
1703 1714 2023 1765 excremen-

457 1800 592 1844 tum.
651 1788 897 1857 Cumque
920 1789 1221 1857 eolligitur,
1278 1788 1422 1842 nulla
1459 1802 1581 1856 pars
1632 1786 1751 1856 ejus
1803 1786 2024 1840 odorem

455 1891 671 1952 gratum
716 1881 900 1934 habet.
964 1878 1161 1933 Verum
1201 1878 1291 1932 ubi
1344 1888 1468 1948 post
1518 1876 1778 1947 temporis
1807 1877 2027 1947 aliquod

453 1970 695 2040 spatium
743 1970 1036 2039 inquiritur
1074 1978 1128 2024 et
1163 1970 1296 2023 alias
1334 1970 1401 2023 ad
1434 1978 1605 2024 t'erras
1639 1968 1877 2024 delatum
1924 1979 2027 2034 est,

454 2072 567 2116 tum
603 2062 804 2116 deinde
844 2061 1196 2130 ﬂagrantiam
1239 2060 1385 2114 illam
1425 2060 1615 2130 spirat.
1679 2060 1849 2115 Aiunt
1891 2060 2021 2115 item

454 2166 691 2215 cervam,
728 2151 856 2205 dum
891 2152 1144 2204 tibiarum
1224 2166 1359 2205 sono
1388 2158 1444 2204 et
1489 2150 1830 2206 tintinabulis
1876 2151 2025 2206 dele—

746 2250 1014 2295 astantem
1071 2257 1244 2310 prope
1292 2242 1631 2311 sagittarium
1654 2257 1763 2295 non
1810 2256 2035 2299 cernere

461 2332 785 2402 sagittisque
816 2330 1039 2400 conﬁgi.
1072 2330 1167 2386 Sic
1202 2348 1304 2387 nos
1333 2348 1570 2402 quoque,
1619 2333 1748 2387 dum
1787 2335 2035 2404 volupta-

460 2424 608 2477 tibus
638 2423 800 2491 hujus
832 2422 1021 2476 mundi
1054 2422 1209 2491 quasi
1244 2422 1482 2477 modulis
1507 2422 1838 2492 quibusdam
1870 2424 2034 2479 tibia—

458 2524 580 2562 rum
613 2509 971 2574 oblectamur,
1006 2508 1377 2564 adversarium
1415 2518 1663 2565 nostrum
1696 2511 1860 2580 plane
1896 2528 2031 2568 nus-

455 2614 622 2667 quam
655 2599 955 2664 cernimus,
1004 2601 1507 2669 .inaspectabilibus
1542 2609 1733 2656 contra
1774 2618 1876 2658 nos
1913 2605 2032 2659 telis

2193 1245 2434 1298 Γίνωσκε
2466 1246 2520 1298 δὲ
2565 1245 2740 1308 τοῦτο,
2775 1246 2856 1298 ὅτι
2891 1246 3212 1314 γεννήτορες
3261 1242 3354 1297 τοῦ
3393 1243 3684 1311 ἀρώματος

2122 1337 2325 1405 μόσχου
2382 1337 2432 1389 oi.
2481 1338 2539 1389 ἐν
2578 1337 2735 1403 Ἰνδίᾳ
2769 1338 3058 1404 νεμόμενοι
3103 1334 3310 1404 ἔλαφοι.
3357 1332 3524 1389 Οὐδὲν
3576 1333 3684 1402 γὰρ

2118 1426 2304 1495 ἕτερόν
2347 1428 2461 1480 ἐστι
2508 1428 2567 1481 τὸ
2593 1427 3031 1498 πολυθρύλλητον
3063 1427 3222 1480 τοῦτο
3253 1427 3450 1497 ἄρωμα
3476 1424 3508 1495 ἢ
3546 1420 3685 1492 αἷμα.

2117 1517 2315 1584 ἐλάφου
2340 1520 2835 1588 ἐσπαργανωμένον
2873 1520 2931 1570 ἐν
2958 1518 3033 1586 τῷ
3058 1516 3285 1588 ὀμφαλῷ
3305 1534 3320 1547 ο
3353 1520 3479 1585 περὶ
3503 1517 3688 1584 μέντοι

2052 1637 2098 1697 Β
2123 1609 2191 1660 τὰ
2235 1609 2361 1679 τέλη
2393 1608 2486 1662 τοῦ
2520 1608 2685 1680 ἔαρος
2724 1610 2975 1679 ρίπτεται
3019 1608 3209 1680 ὥσπερ
3244 1626 3298 1662 τι
3342 1608 3683 1678 περίττωμα.

2126 1696 2333 1762 Εῦῶδες
2375 1699 2619 1765 οὐδέν-τι
2676 1697 2843 1769 μέρος
2895 1700 3061 1752 αὐτοῦ
3098 1698 3524 1767 συλλεγόμενον·
3574 1695 3688 1748 ἀλλ’

2124 1791 2346 1844 ἐπειδὰν
2376 1792 2553 1861 χρόνῳ
2585 1791 2855 1861 ταμιευθῇ
2890 1792 2984 1845 καὶ
3013 1793 3090 1855 είς
3117 1792 3312 1860 ἑτέραν
3340 1790 3570 1859 ήπειρον
3597 1805 3693 1855 με·

2123 1882 2455 1952 τακομισθῆ,
2506 1881 2809 1951 τηνικαῦτα
2845 1882 2907 1935 τὸ
2958 1882 3157 1945 εὐῶδες
3213 1881 3431 1951 πνεῦμα
3477 1870 3693 1948 ἀφίησι.

2126 1973 2358 2039 Λέγεται
2397 1973 2454 2026 δὲ
2486 1974 2573 2027 ὅτι
2603 1976 2635 2044 ἠ
2676 1974 2871 2043 ἔλαφος
2911 1973 3215 2044 θελγομένη
3243 1974 3360 2044 ἤχῳ
3393 1972 3570 2025 αὐλῶν
3602 1970 3697 2024 καὶ

2127 2064 2414 2134 κροτάλοις
2441 2065 2529 2118 τὸν
2558 2066 2724 2133 ἐγγὺς
2750 2065 2974 2136 τοξότην
3005 2066 3102 2134 οὐχ
3130 2067 3229 2135 δρᾷ
3260 2067 3353 2117 καὶ
3389 2064 3692 2127 τοξεύεται.

2132 2157 2291 2209 Οῦτω
2325 2159 2417 2210 καὶ
2444 2160 2605 2227 ἡμεῖς
2641 2158 2745 2210 ὑπὸ
2777 2159 2886 2210 τῶν
2924 2156 3015 2210 τοῦ
3044 2159 3249 2228 κόσμου
3281 2155 3527 2225 τερπνῶν
3561 2170 3696 2205 κατο

2131 2248 2453 2316 αυλούμενοι
2519 2234 2755 2317 οὐδαμοῦ
2802 2246 3121 2316 συνορῶμεν
3152 2245 3241 2298 τὸν
3280 2243 3404 2298 καθ’
3432 2244 3578 2314 ἡμᾶς
3604 2242 3697 2293 ἀο-

2138 2339 2320 2408 ράτοις
2379 2338 2554 2407 βέλεσι
2613 2337 2915 2408 χρώμενον.
2976 2336 3135 2391 Ἀλλὰ
3178 2336 3271 2389 καὶ
3321 2333 3554 2402 συνεχῶς
3611 2330 3703 2383 ἐπὶ

2129 2428 2316 2500 δρόμῳ
2346 2429 2448 2499 τὴν
2483 2428 2680 2497 ἔλαφον
2718 2427 2978 2481 τὰτέκνα
3003 2425 3300 2496 γυμνάζειν
3329 2423 3496 2492 αὐτῆς
3518 2421 3675 2485 λέγον

2132 2536 2205 2570 σι.
2245 2518 2414 2572 Τοῦτο
2444 2520 2499 2571 δὲ
2532 2519 2850 2589 ᾠκονόμησε
2888 2520 3102 2581 πάντως
3140 2518 3167 2569 6
3189 2515 3319 2579 Θεὸς
3347 2516 3471 2576 τοὺς
3493 2511 3693 2582 νωθρο-

2128 2610 2319 2680 τὲρους
2354 2613 2639 2681 ἐντρέπειν
2668 2614 2869 2679 γονεῖς.

456 2696 725 2745 utentem.
789 2690 1057 2746 Praeterea
1095 2690 1321 2746 tradunt
1364 2707 1582 2747 cervam
1632 2692 1854 2747 assiduo
1890 2693 2035 2751 fetus
2073 2706 2203 2756 suos
2267 2717 2430 2757 cursu
2458 2717 2740 2757 exercere.
2797 2701 2978 2757 Voluit
3023 2702 3147 2770 ,hoc
3214 2699 3439 2754 omnino
3471 2698 3546 2754 sic
3577 2693 3706 2767 ﬁeri

458 2786 628 2851 Deus,
658 2794 718 2841 ut
744 2786 1065 2855 parentibus
1096 2787 1306 2858 ignavis
1335 2790 1599 2855 pudorem
1640 2787 1930 2843 incuteret.

536 2880 635 2932 llic
693 2893 911 2948 quoque
962 2877 1053 2931 Dei
1098 2878 1499 2948 providentiam
1547 2891 1845 2947 curamque
1897 2877 2031 2933 mihi

2218 2880 2361 2934 ’Δ).λ’
2419 2880 2520 2952 δρα
2565 2881 2843 2937 κάνταῦθα
2894 2882 3223 2953 κηδεμονίαν
3272 2884 3429 2939 Θεοῦ.
3486 2871 3708 2945 Ἐπειδὴ

457 2969 838 3023 considerato.
896 2968 1033 3022 Cum
1062 2968 1260 3021 animal
1296 2967 1400 3022 hoc
1431 2968 1677 3022 timidum
1714 2968 1785 3023 sit
1816 2984 1878 3023 ac
1908 2986 2034 3039 pro-

2138 2974 2245 3044 γὰρ
2278 2975 2428 3027 τουτὶ
2477 2975 2537 3027 τὸ
2568 2975 2724 3038 ζῶον,
2755 2976 2788 3046 ὴ
2819 2976 3013 3044 ἔλαφος
3067 2976 3331 3046 δηλονότι,
3356 2979 3525 3032 δειλόν
3559 2981 3698 3041 ἐστι,

481 3069 669 3128 pterea
702 3070 981 3126 nunquam
1029 3071 1138 3110 non
1181 3064 1371 3109 utatur
1421 3071 1609 3124 cursu,
1649 3059 1812 3112 talem
1860 3074 2035 3115 cervae

2146 3068 2240 3120 καὶ
2270 3067 2360 3134 διὰ
2394 3068 2550 3121 τοῦτο
2581 3044 2785 3136 φυγαῖς
2805 3069 2892 3120 ἀεί
2932 3084 3061 3120 ποτε
3092 3044 3376 3138 κέχρηται,
3441 3087 3711 3139 προκατε-

458 3160 804 3205 structuram
871 3150 1016 3203 Deus
1079 3148 1281 3211 elleeit,
1322 3156 1381 3200 ut
1432 3148 1575 3203 fetus
1618 3163 1747 3207 suos
1788 3149 1843 3203 in
1888 3158 2043 3213 utero

458 3241 607 3292 citra
661 3238 962 3307 periculum
1004 3237 1171 3291 ullum
1221 3248 1397 3308 gestet
1444 3253 1509 3292 ac
1561 3239 1814 3293 retineat.
1894 3239 2047 3295 Patet

460 3328 578 3383 hoc
605 3328 674 3382 de
706 3328 810 3382 illis
839 3329 1002 3381 etiam
1037 3344 1156 3396 qua:
1182 3327 1304 3383 Jobi
1331 3328 1456 3383 libri
1485 3329 1862 3384 continentur.
1909 3329 2042 3385 Nam

456 3418 545 3472 π.ιά
565 3417 747 3471 virum
784 3417 936 3471 illum
981 3418 1224 3485 beatum,
1274 3434 1398 3473 cum
1444 3419 1751 3489 disceptare
1782 3437 1904 3475 eum
1937 3421 2047 3476 Deo

422 3570 426 3575 _
464 3510 660 3572 vellet,
696 3509 838 3562 inter
873 3508 977 3561 alia
1009 3508 1155 3563 Deus
1187 3509 1292 3563 hoc
1333 3525 1548 3579 quoque
1593 3510 1834 3579 profert:
1897 3509 2065 3565 «Tun

459 3598 779 3653 cbservasti
826 3612 1016 3667 partus
1062 3613 1371 3665 cervarum,
1412 3615 1698 3655 mensesve
1747 3602 2046 3656 numerasti

459 3688 677 3756 .quihus
711 3697 926 3741 uterum
958 3686 1273 3743 ferunt“?r
1322 3680 1461 3744 Mira
1480 3700 1631 3745 certe
1676 3706 1764 3745 res
1803 3703 1908 3756 est,
1957 3692 2048 3761 qui

464 3779 577 3829 ,tiat
632 3786 692 3830 ut
736 3792 898 3831 cerva
950 3777 1170 3848 fugiens
1230 3793 1294 3832 ac
1340 3786 1629 3847 tantopere
1682 3781 1884 3836 saliens
1940 3796 2049 3837 non

479 3868 736 3923 abortiat.
765 3863 775 3875 ⁹

551 3982 664 4038 Hoc
698 3984 863 4038 etiam
898 3991 1092 4051 praeter
1119 3982 1225 4054 iam
1255 3982 1492 4037 indicata
1522 3983 1591 4038 lle
1623 3997 1787 4039 cervo
1813 3999 2055 4040 comme-

466 4086 745 4139 moratur,
777 4077 922 4143 quod
953 4073 1173 4132 narium
1205 4075 1398 4144 Spiritu
1428 4084 1719 4144 serpentes
1761 4090 1792 4130 e
1824 4077 2054 4132 latebris

464 4166 599 4223 vsuis
622 4166 876 4219 extrahat
902 4174 1067 4234 atque
1116 4167 1360 4221 devoret.
1420 4165 1629 4220 Veneni
1674 4177 1855 4221 autem
1903 4177 2052 4221 metu

466 4258 695 4313 acancris
746 4256 1005 4322 vescitur,
1063 4272 1235 4327 eaque
1280 4258 1491 4312 ratione
1534 4259 1848 4314 detrimenti
1909 4260 2051 4315 nihil

474 4346 707 4414 accipit.
993 4349 1003 4357 ‘

557 4439 717 4494 Fiber
747 4454 870 4495 cum
906 4454 935 4492 a
968 4440 1325 4495 venatoribus
1356 4450 1583 4510 urgetur
1608 4443 2063 4511 persequentibus

477 4534 666 4602 ipsum
706 4531 1023 4603 genitalium
1079 4531 1449 4583 membrorum
1502 4545 1689 4593 causa,
1723 4547 1911 4599 .seque
1952 4548 2061 4585 non

476 4637 783 4676 evasurum
805 4617 1198 4675 animadvertit
1224 4656 1241 4683 ,
1289 4618 1537 4685 praecidit
1580 4633 1645 4671 ea
1671 4650 1687 4682 ι
1711 4620 2063 4688 venatoriquc

488 4714 707 4781 objicit.
749 4709 956 4775 Quodsi
998 4696 1300 4761 secundum
1331 4707 1436 4761 hoc
1462 4707 1606 4761 alius
1638 4708 1859 4777 quidam
1893 4725 2061 4763 vena-

484 4812 577 4855 tor
616 4801 873 4855 eumdem
910 4807 1286 4868 persequatur,
1321 4796 1576 4866 supinum
1608 4809 1783 4852 semet
1829 4798 2057 4867 abjicit;

477 4896 561 4947 de
593 4907 701 4959 quo
724 4900 950 4944 venator
975 4888 1361 4943 animadverso
1386 4889 1709 4945 necessariis
1736 4905 1860 4945 eum
1890 4904 2064 4944 mem-

484 4984 608 5037 .bris
637 4980 883 5043 desdtui,
921 4981 1149 5035 missum
1184 4979 1340 5035 facit.

560 5075 677 5145 556
704 5072 881 5138 Quaeri
916 5081 972 5126 et
1001 5072 1105 5127 hoc
1134 5074 1292 5139 solet,
1344 5072 1695 5142 quamobrem
1732 5074 1788 5127 in
1820 5072 2056 5142 quadruo
2086 5100 2089 5105 ι

482 5166 725 5235 pedibus
760 5179 826 5219 ac
878 5163 1105 5232 reliquis
1139 5163 1468 5219 animalibus
1505 5164 1823 5233 simpliciter
1859 5179 1922 5218 ac
1949 5163 2066 5232 ple-

2153 3159 2422 3212 σκεύασεν
2453 3158 2824 3229 αὐτὴνὸΘεὸς
2851 3158 2991 3211 ὥστε
3028 3161 3427 3231 παρακατέχειν
3450 3162 3709 3230 ἀσφαλῶς

2148 3250 2216 3319 ἐν
2256 3251 2323 3317 τῇ
2371 3248 2555 3317 μήτρᾳ
2604 3247 2670 3300 τὰ
2723 3247 2919 3314 ἔγγονα
2952 3248 3144 3318 αὐτῆς.
3180 3250 3291 3302 Καὶ
3325 3250 3482 3319 δῆλον
3513 3251 3570 3302 ἐν
3603 3252 3712 3311 τοῖς

2148 3316 2254 3391 τῶν
2287 3316 2689 3408 περιεχομένων
2712 3337 2789 3406 τῷ
2829 3337 2948 3391 ’1ὼό
2976 3339 3055 3409 τῷ
3080 3316 3358 3410 μακαρίῳ
3379 3316 3590 3411 *ἐκείνῳ
3617 3343 3711 3393 ἁν-

2146 3431 2263 3502 δρία
2309 3433 2625 3503 Τηνικαῦτα
2674 3434 2927 3504 κριθῆναι
2983 3438 3120 3503 μετὰ
3172 3434 3305 3487 Θεοῦ
3361 3435 3565 3502 ἐζήτει,
3624 3438 3723 3489 καὶ

2148 3525 2273 3577 τάδε
2305 3526 2437 3592 πρὸς
2470 3527 2579 3589 τοῖς
2623 3525 2803 3589 ἄλλοις
2843 3526 3028 3594 ἔλεγεν
3063 3528 3091 3579 ὀ
3138 3525 3303 3589 Θεός’
3341 3545 3359 3577 ι
3415 3522 3722 3597 Ἐφὺλαξας

2150 3616 2346 3679 ὠδῖνας
2386 3616 2959 3688 ἐλάφων,,ὴρίθμησας
2989 3617 3042 3669 δὲ
3069 3618 3242 3687 μῆνας
3269 3617 3448 3670 αὐτῶν
3488 3618 3723 3687 πλήρεις

2151 3705 2407 3770 τοκετοῦ;
2446 3724 2464 3757 ι
2500 3705 2693 3774 θαῦμα
2732 3708 2823 3757 καὶ
2860 3708 2968 3775 γὰρ
3000 3706 3113 3767 πῶς
3137 3707 3171 3774 η
3216 3704 3413 3775 ἔλαφος
3441 3704 3721 3776 φεύγουσα

2154 3800 2249 3852 καὶ
2269 3797 2360 3849 ἐπὶ
2379 3797 2643 3851 τοσοῦτον
2671 3796 2895 3866 πηδῶσα
2928 3797 3026 3849 οῦκ
3062 3796 3398 3867 ἁμϐλὼσκει.

2223 3975 2365 4045 Πρός
2410 3988 2474 4042 γε
2518 3976 2628 4036 τοῖς
2677 3973 2991 4043 εἰρημένοις
3028 3974 3123 4027 καὶ
3163 3974 3320 4027 τοῦτο
3362 3974 3491 4045 περὶ
3518 3974 3725 4043 ἐλάφου

2154 4065 2425 4134 λέγουσιν,
2471 4066 2563 4118 ’δτι
2617 4064 2728 4118 τῶν
2757 4065 2922 4135 ρινῶν
2965 4066 3236 4136 πνεύματι
3282 4067 3544 4136 ἀναφέρει
3599 4069 3730 4130 τοὺς

2155 4158 2307 4227 δφεις
2352 4156 2459 4211 ἀπὸ
2490 4156 2585 4210 τοῦ
2624 4156 2833 4223 φωλεοῦ
2873 4156 2965 4209 καὶ
3022 4157 3320 4223 κατεσθίει,
3355 4159 3433 4228 τῷ
3472 4158 3622 4228 φόϐῳ
3666 4158 3729 4211 δὲ

2136 4250 2248 4303 τοῦ
2274 4250 2359 4304 ίιιῦ
2393 4250 2683 4321 καρκίνους
2724 4248 2892 4300 ἐσθίει
2922 4249 3018 4301 καὶ
3046 4248 3108 4302 οὐ
3138 4249 3456 4319 βλάπτεται.

2082 4367 2137 4429 ἱ)

2243 4428 2302 4480 ’0
2330 4427 2389 4480 δέ
2441 4444 2505 4493 γε
2535 4428 2756 4495 κάστωρ
2787 4429 2915 4481 ὅταν
2962 4426 3068 4479 ὑπὸ
3114 4426 3433 4494 κυνηγετῶν
3460 4424 3732 4496 διώκηται

2157 4517 2248 4570 διὰ
2275 4517 2344 4569 τὰ
2384 4518 2677 4584 γεννητικὰ
2708 4516 2874 4569 αὐτοῦ
2915 4516 3101 4586 μόρια,
3156 4515 3252 4568 καὶ
3279 4514 3392 4583 γνῷ
3423 4516 3506 4567 ὅτι
3558 4531 3736 4565 κατα-

2158 4606 2516 4673 λαμϐάνεται,
2548 4606 2739 4658 κόπτει
2785 4606 2957 4658 ταῦτα
2994 4606 3088 4658 καὶ
3123 4605 3305 4673 ῥίπτει
3350 4603 3427 4671 τῷ
3479 4601 3731 4672 κυνηγῷ.

2161 4696 2225 4749 Εἰ
2253 4695 2307 4746 δὲ
2339 4696 2433 4747 καὶ
2470 4695 2609 4763 μετὰ
2657 4695 2832 4749 ταῦτα
2883 4694 3015 4764 παρ’
3050 4694 3240 4761 ἐτέρου
3279 4693 3534 4746 διώκεται
3561 4709 3736 4760 κυνη-

2161 4786 2284 4854 γοῦ,
2322 4786 2506 4855 ῥίπτει
2555 4788 2746 4838 ἐαυτὸν
2779 4784 3003 4837 ῦπτιονο
3055 4785 3149 4836 καὶ
3180 4785 3379 4852 νοήσας
3408 4782 3655 4836 ἐντεῦθεν
3695 4784 3730 4835 6

2162 4878 2397 4945 κυνηγὸς
2426 4877 2508 4929 ὅτι
2551 4878 2826 4943 ἀναγκαῖα
2876 4876 2977 4926 οὐκ
3021 4875 3158 4943 ἔχει,
3199 4875 3475 4942 ἀναχωρεῖ
3506 4872 3600 4926 ἀπ’
3628 4874 3733 4925 αὗ-

2160 4968 2279 5022 τοῦ.

2239 5060 2360 5113 Ἐτι
2388 5059 2445 5113 δὲ
2474 5059 2568 5113 καὶ⁵
2614 5057 2770 5110 τοῦτο
2807 5057 3013 5125 ζητεῖς,
3048 5057 3326 5126 ἀγαπητὲ.
3354 5058 3500 5117 τίνος
3540 5055 3737 5107 ἕνεκεν

2164 5154 2257 5208 ἐπὶ
2292 5153 2401 5206 τῶν
2443 5151 2789 5221 τετραπόδων
2833 5150 2928 5202 καὶ
2966 5150 3072 5201 τῶν
3100 5148 3303 5201 λοιπῶν
3351 5148 3509 5211 ζώων
3543 5144 3741 5210 ἁπλῶς

484 5269 726 5323 rumque
782 5252 927 5309 l'etus
990 5263 1281 5323 parentum
1345 5252 1758 5311 similitudinem
1827 5254 2035 5308 referan

2164 5248 2232 5298 τὰ
2264 5246 2459 5312 ἔγγονα
2490 5244 2600 5303 τοῖς
2634 5240 2882 5309 γονεῦσιν
2915 5241 3212 5309 ὁμοιότητα
3238 5239 3520 5308 φέρουσιν,
3553 5236 3646 5290 ἐπὶ
3670 5236 3742 5287 δὲ

483 5348 668 5420 magis
723 5362 886 5416 quam
920 5348 975 5401 in
1008 5346 1367 5401 horninibus?
1422 5346 1690 5411 Quoniam
1726 5346 1889 5399 homo
1917 5344 2033 5398 vari

2165 5338 2274 5391 τῶν
2301 5333 2605 5404 ἀνθρώπων
2640 5333 2701 5384 οὐ
2750 5330 3041 5395 τοσοῦτονς
3070 5329 3213 5383 Διότι
3246 5331 3274 5382 6
3306 5329 3405 5399 μὲν
3443 5328 3744 5398 ⁵ἇ.νθρι›.ιπος

461 5418 780 5510 pou—suevit
822 5437 1047 5494 aﬂ‘ectus
1078 5442 1215 5513 csse,
1250 5436 1459 5501 animo,
1492 5438 1651 5493 etiam
1681 5439 1798 5505 ipso
1821 5450 2035 5491 venere:

2168 5425 2451 5495 πολλαχῶς
2475 5421 2773 5477 διατίθεται
2796 5421 2893 5492 τὴν
2917 5421 3093 5492 ψυχὴν
3120 5423 3177 5475 ἐν
3192 5420 3345 5498 ἀὐτῷ
3370 5419 3447 5491 τῷ
3485 5418 3583 5488 τῆς
3611 5431 3745 5468 συν-

562 5606 607 5637 “
639 5606 744 5662 Job
784 5620 967 5665 nam,
1008 5604 1055 5655 Ι.
