4062 6186
478 226 580 293 127

1743 218 2164 281 MICIIAELIS
2202 218 2463 280 GLYC/E

3605 210 3709 273 123

428 374 443 383 -
477 351 565 398 est
602 341 727 397 inde
756 341 961 413 seligit,
1002 354 1147 415 quoo
1184 338 1383 394 malum
1414 336 1641 391 missum
1674 334 1824 390 facit.
1879 332 2051 407 Igitur;

2153 331 2370 402 ἀφίησι.
2440 328 2683 400 Πρόσεχε
2716 323 2831 384 οὖν.
2905 327 2963 380 Ὀ
2995 328 3117 394 ὃφις
3156 323 3491 392 τυπτόμενος
3527 322 3587 375 τὸ
3624 324 3722 391 μὲν

479 435 721 489 animum
746 432 878 486 mihi
905 431 1063 485 velim
1081 431 1354 485 advertas.
1391 426 1631 497 Serpens
1649 440 1772 480 cum
1797 423 2044 488 creditur,

479 540 681 593 corpus
710 524 925 593 quidem
957 522 1225 590 reliquum
1270 520 1441 591 plagis
1480 518 1725 588 exponit,
1768 526 1828 570 at
1868 516 2042 570 solum

479 626 641 685 caput
683 615 834 685 tegit,
864 614 1016 683 quasi
1066 613 1233 667 sciret
1273 626 1339 667 eo
1371 611 1533 665 vitam
1559 625 1717 665 suam
1752 606 2044 663 contineri.

480 704 570 759 Sic
600 705 760 759 etiam
797 718 891 757 nos
920 713 1161 771 tempore
1216 700 1614 770 persecutionis
1659 702 1839 754 facere
1879 699 2048 753 debe-

479 811 638 848 mus:
674 794 1044 861 relinquemus
1065 792 1265 846 scilicet
1297 791 1507 854 omnia,
1531 789 1693 844 modo
1724 798 1885 859 caput
1919 788 2050 843 reti-

479 897 705 938 ncamus
743 890 905 952 atque
930 897 1233 944 servemus,
1262 882 1408 951 quod
1440 881 1697 937 Christus
1726 890 1811 935 est
1840 889 1896 935 et
1928 880 2049 950 ipsa

479 974 633 1027 ﬁdes.
690 972 838 1026 Idem
872 987 1099 1040 serpens
1140 972 1233 1026 ubi
1262 971 1552 1026 consenuit
1574 981 1626 1026 et
1650 972 1929 1025 oculorum
1957 971 2051 1026 he-

478 1062 738 1118 betu'dine
774 1063 1017 1117 laborare
1045 1043 1234 1131 cmpit,
1274 1064 1508 1132 primum
1539 1071 1906 1131 temperanter
1937 1063 2050 1116 vic-

483 1155 608 1209 titat
635 1162 689 1209 ct
709 1154 930 1223 jejunus
951 1153 1268 1221 aliquandiu
1300 1163 1505 1219 manet,
1535 1153 1733 1208 deinde
1753 1169 1851 1224 per
1872 1164 2049 1213 artum

486 1245 781 1312 quemdam
814 1253 1053 1298 meatum
1091 1245 1147 1297 in
1187 1253 1387 1299 terram
1424 1252 1737 1314 penetrans,
1792 1253 1847 1299 et
1890 1245 2052 1301 modo

484 1336 718 1404 quodam
745 1334 1005 1388 inusitato
1028 1344 1208 1387 cutem
1236 1344 1402 1388 totam
1424 1334 1659 1399 exuens,~
1683 1334 1901 1403 juvenis
1926 1334 2053 1390 inde

486 1427 737 1482 discedit.
803 1425 894 1481 Sic
925 1440 1028 1480 nos
1057 1440 1295 1495 quoque,
1322 1440 1445 1480 cum
1477 1441 1542 1480 ex
1570 1426 1812 1495 peccatis
1843 1441 2044 1481 conse-

484 1518 725 1584 nuimus,
762 1530 857 1582 per
882 1525 1053 1571 artam
1081 1517 1224 1572 viam
1255 1516 1521 1572 incedere
1546 1518 1829 1585 debemus,
1857 1526 1919 1571 ut
1948 1517 2053 1574 hoc

482 1619 641 1678 pacto
665 1607 909 1661 innovati
934 1606 1001 1661 ad
1032 1616 1235 1661 statum
1262 1608 1740 1678 conditionemque
1764 1607 2050 1678 pristinam

481 1708 846 1753 revertamur.
903 1698 1107 1763 Quodsi
1149 1698 1443 1768 aliquando
1476 1698 1625 1753 sitiat
1673 1698 1836 1766 inque
1880 1682 2051 1767 p'uteo

482 1800 834 1846 contacturus
866 1800 951 1845 est
981 1806 1201 1859 aquam,
1237 1790 1415 1859 primo
1446 1789 1599 1844 virus
1630 1804 1790 1864 suum
1822 1790 2051 1858 evomit,

480 1898 547 1937 ac
583 1883 781 1936 deinde
807 1884 874 1937 ad
910 1882 1115 1936 fontem
1155 1882 1391 1937 accedit.
1447 1881 1539 1936 Sic
1564 1882 1727 1935 etiam
1764 1896 1888 1946 nos,
1923 1896 2054 1936 cum

456 1971 548 2027 .ad
573 1972 813 2027 divinum
843 1971 973 2025 illud
993 1971 1248 2040 poculum
1272 1970 1549 2025 accessuri
1571 1984 1787 2034 sumus,
1812 1979 1868 2024 et
1894 1986 2058 2053 uren:

480 2063 557 2117 tia
587 2078 689 2116 nos
745 2054 971 2131 peccata
1014 2076 1293 2127 sanemus,
1343 2076 1561 2116 omnem
1613 2060 1766 2130 prius
1792 2060 2057 2116 vitiosita-

481 2161 595 2207 tem
648 2152 915 2226 debemus
962 2152 1221 2220 abjicere,
1278 2160 1442 2218 atque
1491 2150 1567 2204 ita
1614 2165 1716 2205 nos
1752 2150 1821 2206 ad
1872 2166 2055 2206 sacro-

481 2252 667 2295 sanCLa
690 2241 944 2312 mysteria
966 2240 1239 2295 conferre.
1266 2241 1668 2306 Quamobrema
1690 2243 1918 2302 Domino
1930 2259 2058 2315 pne-

480 2332 629 2387 clare
663 2332 866 2386 dictum
884 2332 969 2386 vel
990 2332 1056 2386 de
1072 2333 1516 2387 commemoratis
1534 2334 1909 2403 intelligimus:
1956 2333 2119 2389 «Sitis

553 2421 727 2475 Debes
747 2431 927 2475 autem
957 2431 1221 2499 praeterea
1246 2423 1387 2479 scire
1414 2434 1731 2495 serpentum
1754 2440 1875 2481 esse
1901 2427 2051 2481 varia

481 2512 803 2580 diversaque
829 2526 1052 2582 genera.
1106 2512 1241 2567 Nam
1295 2513 1385 2569 alii
1421 2516 1715 2571 celerrime
1748 2518 2052 2587 perimunt,

482 2602 573 2656 alii
605 2603 832 2658 tardius.
894 2603 1028 2657 ltem
1063 2603 1153 2658 alii
1189 2618 1375 2658 morsu
1423 2606 1719 2675 perniciem
1792 2607 2052 2672 all‘erunt.

486 2693 576 2746 alii
606 2694 840 2761 quodam
894 2694 1000 2748 alio
1030 2694 1219 2749 modo.
1284 2695 1527 2765 Serpens
1562 2695 1611 2751 is
1652 2712 1813 2766 quem
1865 2698 2053 2754 basili-

489 2798 644 2836 scuru
688 2785 1093 2855 vocant,.cujus
1125 2785 1288 2840 etiam
1321 2789 1539 2855 sapiens
1570 2787 1657 2841 ille
1683 2786 1918 2843 Galenus
1940 2804 2057 2844 me-

484 2875 641 2929 minit
674 2876 741 2929 ad
782 2877 1033 2931 Pisonem
1080 2877 1144 2931 de
1184 2877 1423 2933 theriaca
1460 2878 1760 2943 disserens,
1796 2882 1914 2937 solo
1958 2882 2047 2936 iu-

485 2966 624 3020 tuitu
656 2976 817 3020 necat
855 2983 976 3021 eum
1014 2968 1109 3037 qui
1142 2968 1317 3038 ipsum
1352 2970 1584 3038 aspexit.
1616 2969 1734 3037 Quo
1765 2971 1824 3027 tit
1854 2982 1913 3027 ut
1937 2973 2051 3028 Lit-

484 3066 614 3111 terae
641 3072 815 3112 sacrre
847 3058 979 3112 nihil
1006 3059 1222 3113 oculum
1261 3060 1502 3114 invidum
1532 3061 1601 3115 ab
1631 3063 1903 3132 ejusmodi
1936 3078 2051 3119 ser-

481 3155 645 3215 pente
670 3147 891 3202 ditl‘erre
925 3148 1158 3203 tradant.
1192 3148 1657 3215 Quemadmodum
1684 3154 1829 3208 enim
1856 3155 1924 3210 ab
1951 3156 2054 3212 hac

482 3235 655 3292 bestia
693 3237 952 3307 quiddam
997 3238 1215 3292 exitiale
1266 3248 1554 3308 promanat
1601 3241 1742 3310 quod
1777 3242 2049 3300 hominem

484 3328 758 3394 perimere
811 3335 1012 3395 potest,
1066 3326 1143 3381 sie
1195 3327 1360 3381 etiam
1395 3327 1463 3382 de
1512 3328 1685 3384 invidi
1711 3332 1881 3386 oculis
1906 3348 2052 3387 .cou-

484 3416 667 3470 simile
704 3416 957 3485 quiddam
985 3416 1116 3471 exit.
1148 3415 1214 3470 Et
1235 3416 1427 3471 mirum
1458 3418 1560 3472 hoc
1585 3418 1639 3472 in
1665 3420 1877 3488 primis,
1906 3424 2050 3492 quod

485 3508 602 3563 suis
623 3522 1016 3577 nonnunquam
1049 3507 1347 3577 perniciem
1372 3506 1621 3562 atl‘erant.
1662 3508 1846 3580 Neque
1872 3522 2053 3568 tamen

487 3598 593 3654 hoc
646 3613 849 3652 novum
897 3599 1152 3668 cuiquam
1197 3599 1486 3654 videatur:
1540 3600 1747 3657 iaciunt
1797 3603 1940 3658 enim
1996 3604 2052 3659 id

491 3688 602 3758 58
625 3689 691 3742 ad
732 3687 875 3755 quod
905 3702 935 3741 a
976 3699 1168 3741 natura
1199 3700 1328 3743 sunt
1378 3691 1699 3760 comparati,
1747 3707 1856 3746 non
1906 3691 2052 3762 quod

485 3778 695 3831 volunt.
733 3775 932 3841 Quodsi
970 3774 1267 3839 Eutelidas,
1301 3784 1359 3831 ιιι
1381 3787 1466 3834 est
1505 3779 1649 3848 apud
1680 3778 2049 3846 Plutarchum,

485 3883 613 3924 suos
667 3867 836 3938 ipsius
877 3867 1067 3921 oculos
1125 3867 1182 3921 in
1229 3883 1370 3939 aqua
1397 3858 1719 3935 conspectos
1743 3869 2049 3937 fascinavit,

485 3975 610 4014 cum
666 3959 851 4015 τοι-ωε
897 3948 1238 4016 venustatem
1287 3975 1441 4014 suam
1490 3959 1684 4017 fuisset
1730 3962 2049 4028 admiratus,

486 4052 659 4107 multo
687 4053 860 4121 magis
897 4052 1115 4106 invidus
1164 4037 1357 4107 oculus
1406 4050 1499 4107 alii
1558 4053 1855 4122 perniciem
1890 4052 2048 4119 feret,

486 4144 643 4214 quasi
693 4146 858 4196 telum
917 4144 1188 4212 quoddam
1228 4154 1560 4198 venenatum
1614 4144 1937 4214 corporibus
1984 4144 2050 4198 iis

485 4249 608 4303 qua:
641 4242 932 4287 contuetur
962 4234 1283 4289 immittens.
1318 4236 1385 4288 Et
1421 4237 1533 4289 haec
1559 4235 1779 4304 quidem
1807 4245 1919 4291 tum
1954 4251 2049 4289 ex-
2083 4272 2127 4326 υ

487 4325 759 4395 perientia
792 4333 908 4377 tum
942 4326 1225 4394 superiora
1252 4334 1496 4395 tempora
1536 4322 1860 4381 docuerunt.
1912 4326 2050 4381 Nam

486 4414 630 4468 oculi
663 4415 856 4483 partim
886 4426 1054 4486 agunt
1087 4417 1279 4484 partim
1315 4419 1612 4485 patiuntur,
1662 4434 1807 4473 nunc
1848 4418 2051 4485 aliquid

486 4502 795 4557 emittentes
828 4518 975 4557 nunc
1004 4504 1355 4573 recipientes,
1381 4504 1838 4572 quemadmodum
1868 4520 2055 4557 aman-

487 4594 632 4647 tibus
657 4604 711 4648 et
740 4592 931 4647 amatis
957 4594 1246 4653 usuvenire
1284 4592 1548 4645 videmus.
1584 4591 1808 4662 Magnus
1833 4593 1923 4645 ille
1952 4592 2053 4646 Ba-

488 4682 644 4736 silius
676 4682 1085 4749 inseriptionem
1113 4678 1491 4735 Psalruixxxm
1516 4694 1816 4734 enarrans:
1854 4681 2053 4750 «Equi-

489 4773 636 4835 dem,
689 4772 784 4834 ait,
833 4771 885 4824 id
931 4769 1074 4837 quod
1118 4769 1313 4832 fertur,
1345 4770 1531 4824 oculos
1583 4769 1750 4823 telum
1782 4770 2050 4839 quoddam

491 4871 821 4914 venenatum
854 4860 1132 4930 ejaculari,
1165 4869 1423 4929 tanquam
1480 4865 1699 4932 vulgare
1749 4879 1813 4919 ac
1842 4880 1871 4918 a
1902 4874 2054 4918 vetu-

489 4953 557 5008 lis
612 4953 970 5023 excogitatum
1026 4952 1080 5007 in
1128 4955 1417 5008 mulierum
1446 4954 1795 5010 conclavibus
1845 4956 2051 5026 rejicio.

493 5040 621 5093 Dico
652 5050 833 5093 autem
867 5040 1036 5093 malos
1066 5042 1289 5111 genios,
1345 5041 1439 5110 qui
1484 5041 1610 5096 odio
1645 5043 1771 5096 boni
1802 5042 2050 5113 ﬂagrant,

490 5132 534 5186 si
562 5149 697 5200 quas
730 5133 1007 5203 reperiant
1034 5145 1428 5189 consentaneas
1463 5134 1595 5205 ipsis
1623 5144 1676 5190 et
1694 5135 1937 5191 addictas
1961 5151 2054 5191 vo-

491 5226 750 5290 luntates,
803 5228 869 5282 iis
921 5227 1146 5282 omnino
1199 5244 1300 5297 pro
1352 5228 1503 5282 libitu
1554 5237 1611 5282 et
1661 5229 1933 5284 arbitratu
1954 5244 2053 5285 suo

490 5317 659 5373 abuti.
730 5317 849 5384 Quo
905 5318 963 5373 lit
1010 5329 1067 5373 ut
1116 5322 1279 5373 etiam
1331 5318 1728 5376 fascinatorum
1774 5321 1948 5377 oculis
1985 5321 2053 5377 ad

490 5426 605 5467 suae
631 5411 927 5466 voluntatis
954 5411 1317 5465 ministerium
1354 5422 1629 5466 utantur.»

565 5504 855 5560 Basiliscus
885 5503 1126 5572 quidem,
1158 5503 1225 5558 de
1266 5519 1374 5573 quo
1405 5520 1550 5558 nunc
1593 5504 1890 5574 loquimur,
1942 5518 2053 5558 non

493 5596 596 5652 hoc
626 5606 834 5653 tantum
875 5595 1058 5663 modo,
1091 5610 1275 5651 verum
1302 5596 1463 5651 ctiam
1496 5595 1657 5651 sibilo
1701 5594 1847 5650 laedit
1892 5608 2053 5650 aures

2077 1656 2126 1716 B

2152 424 2301 479 ’ἁπαν
2327 421 2492 477 αὑτοῦ
2528 421 2689 489 σῶμα
2716 419 3028 490 προδίδωσι,
3066 418 3165 481 τὴν
3189 416 3246 469 δὲ
3280 416 3527 486 κεφαλὴν
3553 415 3719 469 αὑτοῦ

2149 516 2404 585 κρύπτει,
2436 514 2624 584 ἐπειδὴ
2652 514 2749 584 τὴν
2784 511 2980 567 ἑαυτοῦ
3021 510 3166 582 ζωὴν
3207 509 3361 572 εἰδὼς
3401 508 3581 579 ἑαυτῷ
3620 526 3724 561 πε-

2151 606 2449 677 ριέχεσθαι.
2486 605 2643 660 Οὕτω
2673 606 2764 658 καὶ
2789 605 2948 674 ἡμεῖς
2988 604 3048 655 ὲν
3080 601 3261 672 καιρῷ
3285 600 3529 675 διωγμοῦ
3569 600 3724 667 erpel-

2148 699 2314 766 λομεν
2348 702 2542 761 ποιεῖν,
2586 697 2763 750 πάντα
2800 695 2899 765 μὲν
2940 694 3221 764 προϊέναι,
3256 692 3356 763 τὴν
3385 692 3627 763 κεφαλὴν
3665 693 3725 746 δὲ

2152 788 2470 859 φυλάσσειν,
2499 787 2621 856 ἥτις
2654 787 2801 838 ἐστὶν
2820 785 2848 837 ό
2879 784 3113 854 Χριστὸς
3139 783 3236 836 καὶ
3269 784 3301 854 ή
3334 784 3515 845 πίστις
3542 782 3721 852 ἡμῶν.

2131 880 2316 979 ἔΟφις
2356 877 2606 947 γηράσας
2637 875 2711 938 ὡς
2741 875 2809 927 τὰ
2844 873 3013 926 πολλὰ
3039 874 3133 925 καὶ
3164 872 3527 941 ἀμϐλυωπίαν
3565 872 3726 940 νοσή-

2153 962 2275 1033 σας,
2316 969 2529 1038 πρῶτον
2556 967 2654 1035 μὲν
2683 964 3078 1037 ἐγκρατεύεται
3109 964 3204 1016 καὶ
3238 962 3429 1032 νῆστις
3451 963 3722 1031 διαμένει,

2152 1057 2251 1115 εἷθ’
2301 1059 2475 1122 οὓτως
2524 1059 2612 1112 διὰ
2657 1056 2931 1111 στενωποῦ
2983 1073 3128 1118 τινος
3178 1054 3580 1123 καταδυόμενος
3629 1053 3724 1106 καὶΙ

2150 1153 2330 1222 δέρμα
2359 1148 2682 1218 παραδόξως
2711 1148 2853 1199 ἅπαν
2886 1146 3286 1211 ἁπεκδυόμενος
3313 1144 3433 1205 νέος
3458 1142 3612 1203 αὖθις
3637 1143 3728 1208 γί-

2152 1258 2324 1295 νεται.
2362 1238 2516 1291 Οὕτω
2546 1237 2642 1291 καὶ
2666 1238 2826 1306 ἡμεῖς
2849 1237 2915 1303 τῇ
2954 1234 3198 1302 ἁμαρτὶᾳ
3233 1232 3722 1300 καταγηράσαντες

2152 1331 2239 1387 διὰ
2268 1331 2367 1400 τῆς
2407 1328 2599 1399 στενῆς
2642 1330 2736 1380 καὶ
2776 1326 3146 1395 τεθλιμμένης
3182 1324 3301 1377 ὀδοῦ
3328 1322 3585 1391 βαδίζειν,
3624 1320 3726 1373 καὶ

2152 1423 2323 1487 οὕτως
2353 1421 2743 1491 ἀνανεούμενοι
2777 1420 2857 1481 εἰς
2893 1418 2994 1487 τὴν
3036 1416 3271 1487 ἀρχαίαν
3308 1414 3475 1469 πάλιν
3509 1416 3723 1469 ἀποκα-

2152 1516 2416 1570 τάστασιν
2475 1511 2755 1583 ἔρχεσθαι.
2824 1510 2985 1574 Ὄφις
3045 1508 3283 1577 διψήσας
3336 1505 3469 1559 ποτὲ
3520 1506 3613 1558 καὶ
3663 1505 3724 1558 ἐν

2156 1605 2597 1685 φρέατιομέλλων
2636 1603 2827 1665 ὓδατος
2858 1601 3100 1669 ἅψασθαι
3124 1640 3140 1667 ,
3170 1600 3364 1670 πρῶτα
3400 1598 3501 1685 μὲν
3537 1596 3725 1663 ἐξεμεῖ

2150 1700 2244 1752 τὸν
2281 1684 2379 1762 ίδν,
2420 1693 2521 1749 εἷθ’
2548 1695 2722 1757 οὕτως
2742 1695 2809 1763 τῇ
2839 1695 2991 1764 πηγῇ
3018 1692 3406 1761 προσέρχεται.
3439 1684 3595 1742 Οὕτω
3626 1688 3722 1739 καὶ

2153 1792 2317 1861 ἡμεῖς
2348 1788 2427 1859 τῷ
2473 1788 2602 1858 θείῳ
2632 1786 2918 1861 μέλλοντες
2973 1783 3294 1855 προσελθεῖν
3329 1783 3593 1853 ποτηρίῳ,
3624 1780 3721 1834 am

2153 1879 2219 1951 δὴ
2244 1879 2341 1950 τὴν
2378 1878 2707 1931 ἐκκαίουσαν
2738 1878 2887 1946 ἡμᾶς
2919 1875 3196 1946 ἁμαρτίαν
3227 1874 3507 1939 ἰάσασθαι,
3538 1874 3722 1927 πᾶσαν

2155 1973 2358 2028 κακίαν
2407 1972 2675 2041 πρότερον
2703 1968 3067 2039 ἀπορρίπτειν
3107 1967 3419 2037 ὀφείλομεν,
3452 1968 3546 2020 καὶ
3578 1966 3723 2019 οὔτω

2155 2066 2269 2128 τοῖς
2301 2063 2630 2133 μυστηρίοις
2672 2060 3096 2133 προσέρχεσθαι.
3124 2059 3320 2123 Καλῶς
3349 2057 3444 2112 οὖν
3472 2058 3566 2113 ἐπὶ
3600 2059 3723 2111 τού-

2155 2168 2272 2213 τοις
2325 2152 2354 2203 ό
2376 2150 2579 2219 Κύριος
2601 2148 2762 2217 ,ἔλεγε
2784 2164 2799 2179 ⁶
2836 2167 2855 2200 ι
2907 2148 3129 2203 Γίνεσθε
3158 2149 3413 2220 φρόνιμοι
3458 2148 3536 2214 ὡς
3569 2149 3619 2202 οἱ
3663 2148 3722 2200 ὅ·

2159 2260 2301 2312 φεις.
2345 2263 2364 2296 ι
2392 2244 2506 2297 Καὶ
2536 2245 2666 2313 περὶ
2698 2236 2797 2312 μὲν
2823 2243 3027 2296 τούτων
3053 2241 3246 2305 οὕτως.

2152 2336 2321 2391 astuti
2356 2343 2418 2388 ut
2451 2345 2754 2405 serpentes.
2791 2352 2810 2388 ι
2839 2334 2918 2388 Ac
2948 2333 3015 2389 de
3043 2334 3131 2390 his
3161 2334 3381 2404 quidem
3430 2335 3721 2391 hactenus.

2224 2428 2470 2481 Γίνωσκε
2510 2427 2589 2492 δὲ,
2642 2425 2914 2494 ἁγαπητὲ,
2950 2425 3031 2479 ὅτι
3066 2426 3298 2496 διάφορά
3329 2428 3438 2479 εἰσι
3480 2428 3573 2479 καὶ
3605 2443 3723 2479 ποι-

2154 2520 2279 2574 κίλα
2341 2518 2476 2588 γένη
2509 2518 2619 2571 τῶν
2685 2518 2882 2585 ὄφεων.
2923 2518 2989 2571 0i.
3048 2518 3148 2587 μὲν
3185 2519 3293 2588 γὰρ
3321 2518 3500 2571 αὐτῶν
3528 2517 3722 2589 θᾶττον

2152 2611 2488 2682 ἀναιροῦσιν,
2529 2611 2580 2664 οἱ
2608 2611 2665 2664 δὲ
2698 2611 2889 2681 βραδὺ,
2918 2611 3013 2664 καὶ
3049 2611 3201 2665 ἄλλοι
3231 2611 3331 2681 μὲν
3364 2611 3604 2681 δήγμασι
3629 2609 3722 2663 τὸν

2152 2703 2374 2775 ὄλεθρον
2395 2705 2673 2773 φέρουσιν,
2710 2702 2887 2772 ἕτεροι
2918 2702 2976 2756 δὲ
3005 2701 3129 2755 καθ’
3150 2702 3335 2774 ἕτερον
3365 2703 3587 2773 τρόπον.
3612 2702 3722 2754 Δὸ-

2152 2796 2282 2853 τίκα
2308 2798 2336 2849 ό
2362 2795 2484 2865 ὄφις
2517 2793 2855 2864 καλούμενος
2896 2792 3234 2862 βασιλίσκος,
3269 2786 3331 2846 οὗ
3364 2793 3461 2846 καὶ
3488 2794 3516 2844 ό
3557 2792 3720 2861 σοφὸς

2156 2888 2433 2959 μέμνηται
2465 2887 2701 2956 Γαληνὸς
2737 2887 2867 2957 περὶ
2908 2885 3178 2956 θηριαῑιῆς
3216 2886 3351 2956 πρὸς
3375 2884 3593 2938 Πίσωνα
3630 2884 3722 2939 τὸν

2152 2980 2311 3048 λόγον
2370 2978 2717 3047 ποιούμενος,
2749 2977 2845 3030 καὶ
2897 2978 3005 3033 ἀπὸ
3064 2978 3231 3046 μόνης
3279 2976 3455 3046 ὅψεως
3506 2979 3723 3047 ἀναιρεῖ

2151 3068 2279 3131 τοὺς
2339 3067 2653 3137 ἑωρακότας
2710 3064 2893 3118 αὐτόν.
2934 3065 3129 3119 Ἔνθεν
3172 3082 3254 3118 τοι
3306 3066 3396 3119 τὸν
3449 3066 3719 3136 βάσκανον

2151 3158 2431 3229 ὀφθαλμὸν
2450 3156 2543 3210 τοῦ
2572 3156 2813 3210 τοιούτου
2841 3156 3018 3226 ὄφεως
3064 3156 3430 3226 διενηνοχέναι
3479 3160 3643 3227 φησὶν
3682 3160 3717 3228 ή

2154 3251 2349 3319 Γραφή
2370 3264 2385 3279 ⁸
2417 3249 2669 3319 καθάπερ
2703 3250 2814 3322 γὰρ
2840 3249 2949 3304 ἀπὸ
2976 3248 3129 3304 τοῦδε
3154 3250 3247 3303 τοῦ
3279 3249 3441 3321 θηρὸς
3471 3252 3719 3323 ὀλέθριόν

2150 3357 2203 3392 τι
2242 3338 2423 3410 ῥεῦμα
2458 3339 2748 3409 ἐκφέρεται
2796 3340 3143 3409 παραχρῆμα
3184 3340 3519 3410 διαφθείρειν
3555 3342 3717 3395 δυνά-

2158 3448 2336 3501 μενον,
2375 3430 2516 3483 οὕτω
2546 3435 2643 3484 καὶ
2664 3430 2724 3495 ἐξ
2755 3430 2930 3484 αὐτῶν
2956 3431 3064 3483 τῶν
3088 3430 3179 3485 τού
3212 3432 3485 3501 βασκάνου
3512 3434 3717 3501 ὀφθαλ-

2156 3525 2293 3595 μῶν.
2332 3525 2443 3579 Καὶ
2481 3522 2543 3577 τὸ
2601 3522 2667 3594 δὴ
2708 3522 3041 3592 θαυμαστὸν,
3069 3524 3151 3577 ὅτι
3206 3526 3302 3578 καὶ
3328 3527 3511 3589 αὐτοῖς
3545 3528 3717 3581 ἐνίοτε

2154 3617 2266 3678 τοῖς
2294 3615 2516 3679 οἰκείοις
2545 3616 2639 3669 καὶ
2668 3616 2924 3685 συνήθεσι
2947 3615 3036 3671 τὸν
3068 3614 3293 3686 όλεθρον
3329 3618 3572 3689 φέρουσι.
3605 3621 3718 3674 Καὶ

2154 3707 2340 3760 καινὸν
2376 3709 2472 3759 ἐπὶ
2511 3706 2723 3769 τούτοις
2755 3708 2942 3762 οὐδέν*
2970 3707 2999 3759 δ
3031 3708 3141 3777 γὰρ
3189 3709 3520 3777 πεφύκασιν,
3559 3713 3657 3780 οὐχ
3687 3713 3718 3765 ὃ

2155 3794 2435 3864 βούλονται
2475 3794 2711 3848 ποιοῦσι.
2742 3797 2853 3849 Καὶ
2888 3795 2964 3865 μὴ
2987 3794 3232 3865 θαύμαζε
3272 3797 3460 3852 τούτου
3494 3800 3713 3853 ἕνεκεν·

2153 3888 2202 3939 εί
2226 3888 2335 3956 γὰρ
2369 3887 2572 3958 ἐαυτῷ,
2615 3887 2761 3942 καθά
2794 3904 2926 3957 φησι
2963 3888 3330 3959 Πλούταρχος,
3369 3890 3398 3942 ό
3426 3890 3717 3953 Εὐτελίδας

2152 3976 2423 4042 ὶὸἀσκηνε
2455 3975 2553 4043 τὴν
2583 3973 2705 4042 hij/tv
2752 3974 2917 4027 αὑτοῦ
2955 3975 3188 4028 κατιδὼν
3215 3978 3272 4029 ὲν
3303 3976 3458 4029 ὕδατι
3489 3979 3583 4031 καὶ
3612 3979 3714 4047 τῆς

2154 4054 2302 4138 ὧρας
2327 4060 2645 4134 ἐκπλαγεὶς,
2693 4064 2875 4134 πολλῷ
2904 4066 3103 4135 μᾶλλον
3134 4066 3345 4137 ἑτέροις
3383 4067 3573 4131 ἑπάξει
3620 4070 3714 4122 τὸν

2153 4157 2372 4223 ὄλεθρον
2400 4159 2428 4210 ὁ
2479 4157 2754 4227 βάσκανος
2803 4154 3100 4223 ὀφθαλμὸς,
3133 4155 3531 4226 βέλοςῶσπερ
3564 4158 3717 4220 ἰῶδες

2154 4249 2266 4311 τοῖς
2294 4247 2599 4319 ὁρωμένοις
2629 4246 2787 4299 τοῦτο
2817 4245 3001 4308 ένιείς.
3030 4247 3139 4299 Καὶ
3170 4245 3345 4299 ταῦτα
3372 4247 3468 4315 μὲν
3498 4248 3531 4315 ἡ
3553 4250 3718 4315 πεῖρα

2152 4340 2246 4390 καὶ
2277 4340 2305 4391 ὁ
2334 4338 2523 4407 χρόνος
2589 4336 2855 4391 ἀνέκαθεν
2898 4335 3133 4399 ἔδειξενο
3202 4338 3250 4388 οἱ
3307 4337 3414 4407 γὰρ
3447 4337 3719 4406 ὀφθαλμοὶ

2152 4429 2247 4482 καὶ
2270 4428 2438 4497 δρῶσι
2477 4427 2572 4478 καὶ
2605 4430 2900 4495 πάσχουσι,
2940 4426 3069 4478 ποτὲ
3087 4428 3183 4490 μὲν
3214 4426 3543 4496 πέμποντες,
3582 4426 3727 4499 ποτε

2152 4515 2207 4568 δὲ
2246 4515 2546 4586 δεχόμενοι,
2578 4512 2653 4575 ὡς
2689 4514 2909 4565 ἐπὶτῶν
2946 4514 3241 4584 ἐρωμένων
3267 4508 3417 4566 ἐστιν
3449 4514 3602 4567 ἰδεῖν.
3653 4514 3714 4566 Ὀ

2152 4607 2208 4660 δὲ
2237 4608 2411 4676 μέγας
2440 4604 2723 4667 Βασίλειος
2755 4608 2811 4658 ὲν
2827 4599 2907 4667 οἷς
2936 4604 3287 4674 έπεξηγείται
3318 4606 3415 4675 τὴν
3444 4605 3540 4657 τοῦ
3564 4621 3720 4675 τρια-

2154 4696 2347 4753 κοστοῦ
2378 4697 2563 4765 τρίτου
2604 4696 2822 4766 ψαλμοῦ
2878 4698 3217 4767 ἐπιγραφὴν,
3247 4698 3343 4751 καὶ
3366 4697 3492 4750 τάδε
3529 4696 3719 4765 φησιν’

2159 4806 2179 4838 ‹
2230 4787 2366 4842 Ἀλλ’
2405 4786 2515 4856 ἐγὼ
2549 4788 2706 4841 τοῦτο
2736 4789 2941 4856 μέντοι,
2982 4791 3044 4843 τὸ
3104 4789 3255 4859 βέλος
3306 4790 3462 4852 ίῶδες
3510 4790 3722 4859 ἐκπέμ-

2155 4892 2278 4929 πειν
2332 4880 2458 4941 τοὺς
2497 4878 2834 4949 ὀφθαλμοὺς,
2887 4881 3289 4950 ἀποπέμπομαι
3348 4882 3423 4944 ὼς
3468 4880 3718 4949 δημῶδες
3760 4922 3765 4925 ‹

2154 4969 2250 5024 καὶ
2277 4972 2340 5039 τῇ
2385 4970 2786 5038 γυναικωνίτιδι
2851 4974 3223 5043 παρεισαχθὲν
3285 4975 3389 5028 ὑπὸ
3440 4979 3716 5047 γραΐδιον

2156 5063 2330 5115 έκεῖνο
2372 5060 2429 5114 δέ
2457 5072 2624 5131 φημι,
2667 5063 2749 5116 ὅτι
2784 5064 2835 5115 οί
2862 5065 3149 5132 μισόκαλοι
3188 5067 3465 5137 δαίμονες,
3493 5071 3717 5124 ἐπειδὰν

2153 5150 2355 5212 οίκείας
2387 5150 2597 5213 ἑαυτοῖς
2618 5149 2820 5219 εὕρωσι
2850 5156 3225 5223 προαιρέσεις,
3267 5158 3537 5224 παντοίως
3574 5158 3717 5215 ὥστε
3778 5178 3779 5181 ‘

2158 5246 2255 5298 atat
2282 5247 2396 5307 τοῖς
2434 5245 2737 5314 ὀφθαλμοῖς
2772 5244 2879 5299 τῶν
2904 5246 3211 5315 βασκάνων.
3249 5268 3271 5303 ι

2235 5503 2562 5572 Διαληφθλεὶς
2587 5502 2680 5555 οὖν
2710 5503 2737 5555 ό
2763 5502 2907 5571 ὄφις,
2940 5508 3220 5560 τουτέστιν
3246 5509 3272 5561 ὁ
3295 5506 3631 5577 βασιλίσκος,
3650 5509 3713 5561 οὐ

2157 5592 2319 5663 μόνον
2357 5590 2435 5663 τῷ
2486 5590 2760 5663 βλέμματι
2804 5595 2928 5659 τοὺς
2976 5596 3285 5666 ὲνορῶντας
3344 5599 3510 5655 αὑτὸν
3544 5615 3714 5654 κατα-
