  <div class='ocr_page' id='page_1' title='image "/cluster/home/n/w/nwhite01/storage/ocr_20150623/158/hvd.32044073502676/100.png"; bbox 0 0 4062 6186; ppageno 0'>
   <div class='ocr_carea' id='block_1_1' title="bbox 290 199 3505 272">
    <p class='ocr_par' dir='ltr' id='par_1_1' title="bbox 290 199 3505 272">
     <span class='ocr_line' id='line_1_1' title="bbox 290 199 3505 272; baseline 0.003 -15"><span class='ocrx_word' id='word_1_1' title='bbox 290 206 376 272; x_wconf 63' lang='grc' dir='ltr'><strong>ω</strong></span> <span class='ocrx_word' id='word_1_2' title='bbox 1544 199 1949 261; x_wconf 75' lang='lat' dir='ltr'><strong>ANNALIUM</strong></span> <span class='ocrx_word' id='word_1_3' title='bbox 1992 201 2185 261; x_wconf 76' lang='lat' dir='ltr'><strong>PARS</strong></span> <span class='ocrx_word' id='word_1_4' title='bbox 2222 204 2272 263; x_wconf 91' lang='grc' dir='ltr'><strong>Ι.</strong></span> <span class='ocrx_word' id='word_1_5' title='bbox 3408 210 3505 269; x_wconf 62' lang='lat' dir='ltr'><strong>illi!</strong></span> 
     </span>
    </p>
   </div>
   <div class='ocr_carea' id='block_1_2' title="bbox 285 308 1851 383">
    <p class='ocr_par' dir='ltr' id='par_1_2' title="bbox 285 308 1832 383">
     <span class='ocr_line' id='line_1_2' title="bbox 285 308 1832 383; baseline -0.005 -12"><span class='ocrx_word' id='word_1_6' title='bbox 285 318 525 381; x_wconf 74' lang='grc' dir='ltr'><strong>ϐλάπτει,</strong></span> <span class='ocrx_word' id='word_1_7' title='bbox 567 312 702 367; x_wconf 74' lang='grc' dir='ltr'>ἀλλά</span> <span class='ocrx_word' id='word_1_8' title='bbox 736 315 830 368; x_wconf 74' lang='grc' dir='ltr'><strong>καλ</strong></span> <span class='ocrx_word' id='word_1_9' title='bbox 858 308 1111 383; x_wconf 75' lang='grc' dir='ltr'><strong>συριγμῷ</strong></span> <span class='ocrx_word' id='word_1_10' title='bbox 1146 310 1271 373; x_wconf 71' lang='grc' dir='ltr'><strong>τοὺς</strong></span> <span class='ocrx_word' id='word_1_11' title='bbox 1305 309 1626 375; x_wconf 79' lang='grc' dir='ltr'><strong>ἀκούοντας.</strong></span> <span class='ocrx_word' id='word_1_12' title='bbox 1670 311 1832 365; x_wconf 85' lang='grc' dir='ltr'><strong>’Υπό-</strong></span> 
     </span>
    </p>
   </div>
   <div class='ocr_carea' id='block_1_3' title="bbox 1951 308 3501 383">
    <p class='ocr_par' dir='ltr' id='par_1_3' title="bbox 1951 313 3501 378">
     <span class='ocr_line' id='line_1_3' title="bbox 1951 313 3501 378; baseline 0.008 -13"><span class='ocrx_word' id='word_1_13' title='bbox 1951 313 2300 368; x_wconf 79' lang='lat' dir='ltr'><strong>tudientium.</strong></span> <span class='ocrx_word' id='word_1_14' title='bbox 2354 313 2416 367; x_wconf 85' lang='lat' dir='ltr'><strong>Et</strong></span> <span class='ocrx_word' id='word_1_15' title='bbox 2450 324 2535 368; x_wconf 81' lang='lat' dir='ltr'><strong>est</strong></span> <span class='ocrx_word' id='word_1_16' title='bbox 2563 315 2744 369; x_wconf 80' lang='lat' dir='ltr'><strong>colore</strong></span> <span class='ocrx_word' id='word_1_17' title='bbox 2776 316 3076 377; x_wconf 76' lang='lat' dir='ltr'><strong>subﬂavus,</strong></span> <span class='ocrx_word' id='word_1_18' title='bbox 3116 327 3174 372; x_wconf 90' lang='lat' dir='ltr'><strong>ut</strong></span> <span class='ocrx_word' id='word_1_19' title='bbox 3203 321 3367 375; x_wconf 81' lang='lat' dir='ltr'><strong>tradit</strong></span> <span class='ocrx_word' id='word_1_20' title='bbox 3397 322 3501 378; x_wconf 80' lang='lat' dir='ltr'><strong>Ga-</strong></span> 
     </span>
    </p>
   </div>
   <div class='ocr_carea' id='block_1_4' title="bbox 284 401 1851 474">
    <p class='ocr_par' dir='ltr' id='par_1_4' title="bbox 284 401 1830 474">
     <span class='ocr_line' id='line_1_4' title="bbox 284 401 1830 474; baseline -0.006 -12"><span class='ocrx_word' id='word_1_21' title='bbox 284 407 458 474; x_wconf 80' lang='grc' dir='ltr'><strong>ξανθος</strong></span> <span class='ocrx_word' id='word_1_22' title='bbox 483 405 541 460; x_wconf 73' lang='grc' dir='ltr'><strong>δὶ</strong></span> <span class='ocrx_word' id='word_1_23' title='bbox 569 407 597 459; x_wconf 99' lang='lat'><strong>6</strong></span> <span class='ocrx_word' id='word_1_24' title='bbox 625 403 869 467; x_wconf 86' lang='grc' dir='ltr'><strong>τοιοῦτος</strong></span> <span class='ocrx_word' id='word_1_25' title='bbox 896 402 1020 470; x_wconf 74' lang='grc' dir='ltr'><strong>δφις</strong></span> <span class='ocrx_word' id='word_1_26' title='bbox 1057 403 1227 465; x_wconf 65' lang='grc' dir='ltr'><strong>ἐστὶν,</strong></span> <span class='ocrx_word' id='word_1_27' title='bbox 1253 401 1443 473; x_wconf 78' lang='grc' dir='ltr'><strong>ῶσπερ</strong></span> <span class='ocrx_word' id='word_1_28' title='bbox 1482 405 1619 472; x_wconf 70' lang='lat' dir='ltr'><strong>rpqu</strong></span> <span class='ocrx_word' id='word_1_29' title='bbox 1648 403 1830 472; x_wconf 82' lang='grc' dir='ltr'><strong>Γαλη-</strong></span> 
     </span>
    </p>
   </div>
   <div class='ocr_carea' id='block_1_5' title="bbox 1951 401 3502 474">
    <p class='ocr_par' dir='ltr' id='par_1_5' title="bbox 1958 404 3502 474">
     <span class='ocr_line' id='line_1_5' title="bbox 1958 404 3502 474; baseline 0.008 -18"><span class='ocrx_word' id='word_1_30' title='bbox 1958 419 2111 457; x_wconf 75' lang='lat' dir='ltr'><strong>enus.</strong></span> <span class='ocrx_word' id='word_1_31' title='bbox 2146 404 2311 473; x_wconf 86' lang='lat' dir='ltr'><strong>inque</strong></span> <span class='ocrx_word' id='word_1_32' title='bbox 2331 406 2505 474; x_wconf 81' lang='lat' dir='ltr'><strong>capite</strong></span> <span class='ocrx_word' id='word_1_33' title='bbox 2546 415 2656 461; x_wconf 82' lang='lat' dir='ltr'><strong>tres</strong></span> <span class='ocrx_word' id='word_1_34' title='bbox 2692 407 2853 464; x_wconf 86' lang='lat' dir='ltr'><strong>habet</strong></span> <span class='ocrx_word' id='word_1_35' title='bbox 2875 409 3088 465; x_wconf 86' lang='lat' dir='ltr'><strong>cristas.</strong></span> <span class='ocrx_word' id='word_1_36' title='bbox 3135 410 3336 465; x_wconf 58' lang='lat' dir='ltr'><strong>Praeter</strong></span> <span class='ocrx_word' id='word_1_37' title='bbox 3363 414 3502 468; x_wconf 81' lang='lat' dir='ltr'><strong>hunc</strong></span> 
     </span>
    </p>
   </div>
   <div class='ocr_carea' id='block_1_6' title="bbox 284 494 1851 572">
    <p class='ocr_par' dir='ltr' id='par_1_6' title="bbox 284 494 1835 569">
     <span class='ocr_line' id='line_1_6' title="bbox 284 494 1835 569; baseline -0.003 -17"><span class='ocrx_word' id='word_1_38' title='bbox 284 504 377 563; x_wconf 78' lang='grc' dir='ltr'><strong>νὸς,</strong></span> <span class='ocrx_word' id='word_1_39' title='bbox 410 499 551 569; x_wconf 73' lang='grc' dir='ltr'><strong>ἔχων</strong></span> <span class='ocrx_word' id='word_1_40' title='bbox 582 499 640 550; x_wconf 69' lang='grc' dir='ltr'><strong>ὲν</strong></span> <span class='ocrx_word' id='word_1_41' title='bbox 684 499 750 567; x_wconf 75' lang='grc' dir='ltr'><strong>τῇ</strong></span> <span class='ocrx_word' id='word_1_42' title='bbox 810 494 1018 565; x_wconf 79' lang='grc' dir='ltr'><strong>κεφαλῇ</strong></span> <span class='ocrx_word' id='word_1_43' title='bbox 1059 495 1489 565; x_wconf 76' lang='grc' dir='ltr'><strong>ἑπαναστήματα</strong></span> <span class='ocrx_word' id='word_1_44' title='bbox 1546 495 1692 565; x_wconf 86' lang='grc' dir='ltr'><strong>τρία.</strong></span> <span class='ocrx_word' id='word_1_45' title='bbox 1729 495 1835 548; x_wconf 77' lang='grc' dir='ltr'><strong>Σὺν</strong></span> 
     </span>
    </p>
   </div>
   <div class='ocr_carea' id='block_1_7' title="bbox 1951 494 3504 572">
    <p class='ocr_par' dir='ltr' id='par_1_7' title="bbox 1951 495 3504 572">
     <span class='ocr_line' id='line_1_7' title="bbox 1951 495 3504 572; baseline 0.008 -27"><span class='ocrx_word' id='word_1_46' title='bbox 1951 495 2187 547; x_wconf 79' lang='lat' dir='ltr'><strong>uteminit</strong></span> <span class='ocrx_word' id='word_1_47' title='bbox 2210 495 2352 549; x_wconf 87' lang='lat' dir='ltr'><strong>idem</strong></span> <span class='ocrx_word' id='word_1_48' title='bbox 2380 497 2609 551; x_wconf 86' lang='lat' dir='ltr'><strong>aliorum</strong></span> <span class='ocrx_word' id='word_1_49' title='bbox 2638 514 2854 568; x_wconf 80' lang='lat' dir='ltr'><strong>quoque</strong></span> <span class='ocrx_word' id='word_1_50' title='bbox 2878 513 3219 569; x_wconf 77' lang='lat' dir='ltr'><strong>serpentum.</strong></span> <span class='ocrx_word' id='word_1_51' title='bbox 3248 504 3504 572; x_wconf 79' lang='lat' dir='ltr'><strong>Serpens.</strong></span> 
     </span>
    </p>
   </div>
   <div class='ocr_carea' id='block_1_8' title="bbox 281 584 1851 663">
    <p class='ocr_par' dir='ltr' id='par_1_8' title="bbox 281 585 1831 661">
     <span class='ocr_line' id='line_1_8' title="bbox 281 585 1831 661; baseline -0.006 -17"><span class='ocrx_word' id='word_1_52' title='bbox 281 592 346 661; x_wconf 84' lang='grc' dir='ltr'><strong>τῷ</strong></span> <span class='ocrx_word' id='word_1_53' title='bbox 380 590 609 659; x_wconf 81' lang='grc' dir='ltr'><strong>τοιούτῳ</strong></span> <span class='ocrx_word' id='word_1_54' title='bbox 640 588 698 641; x_wconf 77' lang='grc' dir='ltr'><strong>δὲ</strong></span> <span class='ocrx_word' id='word_1_55' title='bbox 741 588 837 639; x_wconf 71' lang='grc' dir='ltr'><strong>καὶ</strong></span> <span class='ocrx_word' id='word_1_56' title='bbox 877 587 1078 657; x_wconf 79' lang='grc' dir='ltr'><strong>ἑτέρων</strong></span> <span class='ocrx_word' id='word_1_57' title='bbox 1114 587 1295 653; x_wconf 68' lang='grc' dir='ltr'><strong>ὄφεων</strong></span> <span class='ocrx_word' id='word_1_58' title='bbox 1336 587 1609 656; x_wconf 78' lang='grc' dir='ltr'><strong>μέμνηται</strong></span> <span class='ocrx_word' id='word_1_59' title='bbox 1638 585 1831 651; x_wconf 82' lang='grc' dir='ltr'><strong>λέγων,</strong></span> 
     </span>
    </p>
   </div>
   <div class='ocr_carea' id='block_1_9' title="bbox 1951 584 3504 663">
    <p class='ocr_par' dir='ltr' id='par_1_9' title="bbox 1951 584 3504 663">
     <span class='ocr_line' id='line_1_9' title="bbox 1951 584 3504 663; baseline 0.01 -29"><span class='ocrx_word' id='word_1_60' title='bbox 1951 584 2034 645; x_wconf 72' lang='lat' dir='ltr'><strong>tit,</strong></span> <span class='ocrx_word' id='word_1_61' title='bbox 2076 587 2374 652; x_wconf 84' lang='lat' dir='ltr'><strong>quercinus</strong></span> <span class='ocrx_word' id='word_1_62' title='bbox 2406 591 2637 643; x_wconf 82' lang='lat' dir='ltr'><strong>maxime</strong></span> <span class='ocrx_word' id='word_1_63' title='bbox 2671 592 2867 645; x_wconf 78' lang='lat' dir='ltr'><strong>noxius</strong></span> <span class='ocrx_word' id='word_1_64' title='bbox 2890 602 2994 655; x_wconf 89' lang='lat' dir='ltr'><strong>est,</strong></span> <span class='ocrx_word' id='word_1_65' title='bbox 3026 604 3082 647; x_wconf 88' lang='lat' dir='ltr'><strong>et</strong></span> <span class='ocrx_word' id='word_1_66' title='bbox 3105 593 3244 647; x_wconf 89' lang='lat' dir='ltr'><strong>intra</strong></span> <span class='ocrx_word' id='word_1_67' title='bbox 3271 611 3504 663; x_wconf 80' lang='lat' dir='ltr'><strong>quercus</strong></span> 
     </span>
    </p>
   </div>
   <div class='ocr_carea' id='block_1_10' title="bbox 285 675 1851 755">
    <p class='ocr_par' dir='ltr' id='par_1_10' title="bbox 285 677 1836 752">
     <span class='ocr_line' id='line_1_10' title="bbox 285 677 1836 752; baseline -0.006 -15"><span class='ocrx_word' id='word_1_68' title='bbox 285 704 302 737; x_wconf 84' lang='grc' dir='ltr'><strong>ι</strong></span> <span class='ocrx_word' id='word_1_69' title='bbox 337 683 399 736; x_wconf 84' lang='grc' dir='ltr'><strong>Ἤ</strong></span> <span class='ocrx_word' id='word_1_70' title='bbox 436 682 654 752; x_wconf 76' lang='grc' dir='ltr'><strong>δρύϊνος</strong></span> <span class='ocrx_word' id='word_1_71' title='bbox 677 681 800 748; x_wconf 76' lang='grc' dir='ltr'><strong>δφις</strong></span> <span class='ocrx_word' id='word_1_72' title='bbox 845 678 986 732; x_wconf 88' lang='grc' dir='ltr'><strong>πάνυ</strong></span> <span class='ocrx_word' id='word_1_73' title='bbox 1045 678 1304 748; x_wconf 79' lang='grc' dir='ltr'><strong>κακίστη,</strong></span> <span class='ocrx_word' id='word_1_74' title='bbox 1344 678 1378 747; x_wconf 77' lang='grc' dir='ltr'>ἡ</span> <span class='ocrx_word' id='word_1_75' title='bbox 1424 677 1519 730; x_wconf 77' lang='grc' dir='ltr'><strong>καὶ</strong></span> <span class='ocrx_word' id='word_1_76' title='bbox 1557 678 1615 728; x_wconf 73' lang='grc' dir='ltr'><strong>ὲν</strong></span> <span class='ocrx_word' id='word_1_77' title='bbox 1677 677 1836 745; x_wconf 75' lang='grc' dir='ltr'><strong>δρυσὶ</strong></span> 
     </span>
    </p>
   </div>
   <div class='ocr_carea' id='block_1_11' title="bbox 1951 675 3502 755">
    <p class='ocr_par' dir='ltr' id='par_1_11' title="bbox 1951 675 3502 755">
     <span class='ocr_line' id='line_1_11' title="bbox 1951 675 3502 755; baseline 0.007 -26"><span class='ocrx_word' id='word_1_78' title='bbox 1951 675 2105 745; x_wconf 61' lang='lat' dir='ltr'><strong>legit.</strong></span> <span class='ocrx_word' id='word_1_79' title='bbox 2138 677 2340 743; x_wconf 79' lang='lat' dir='ltr'><strong>Quodsi</strong></span> <span class='ocrx_word' id='word_1_80' title='bbox 2381 680 2501 747; x_wconf 83' lang='lat' dir='ltr'><strong>quis</strong></span> <span class='ocrx_word' id='word_1_81' title='bbox 2537 681 2681 734; x_wconf 89' lang='lat' dir='ltr'><strong>hunc</strong></span> <span class='ocrx_word' id='word_1_82' title='bbox 2710 682 2903 747; x_wconf 78' lang='lat' dir='ltr'><strong>caleat,</strong></span> <span class='ocrx_word' id='word_1_83' title='bbox 2941 699 3062 737; x_wconf 83' lang='lat' dir='ltr'><strong>mox</strong></span> <span class='ocrx_word' id='word_1_84' title='bbox 3092 696 3271 739; x_wconf 90' lang='lat' dir='ltr'><strong>cutem</strong></span> <span class='ocrx_word' id='word_1_85' title='bbox 3306 688 3502 755; x_wconf 74' lang='lat' dir='ltr'><strong>pedum</strong></span> 
     </span>
    </p>
   </div>
   <div class='ocr_carea' id='block_1_12' title="bbox 281 766 1851 844">
    <p class='ocr_par' dir='ltr' id='par_1_12' title="bbox 281 766 1833 844">
     <span class='ocr_line' id='line_1_12' title="bbox 281 766 1833 844; baseline -0.006 -16"><span class='ocrx_word' id='word_1_86' title='bbox 281 776 358 829; x_wconf 71' lang='grc' dir='ltr'><strong>τὶν</strong></span> <span class='ocrx_word' id='word_1_87' title='bbox 388 774 507 844; x_wconf 75' lang='grc' dir='ltr'><strong>βίον</strong></span> <span class='ocrx_word' id='word_1_88' title='bbox 535 768 857 841; x_wconf 73' lang='grc' dir='ltr'><strong>ποιουμένη.</strong></span> <span class='ocrx_word' id='word_1_89' title='bbox 888 768 1105 838; x_wconf 81' lang='grc' dir='ltr'><strong>Ταύτης</strong></span> <span class='ocrx_word' id='word_1_90' title='bbox 1139 769 1192 820; x_wconf 88' lang='grc' dir='ltr'><strong>εί</strong></span> <span class='ocrx_word' id='word_1_91' title='bbox 1220 768 1348 822; x_wconf 82' lang='grc' dir='ltr'><strong>ποτέ</strong></span> <span class='ocrx_word' id='word_1_92' title='bbox 1380 785 1433 821; x_wconf 89' lang='grc' dir='ltr'><strong>τι</strong></span> <span class='ocrx_word' id='word_1_93' title='bbox 1463 766 1559 821; x_wconf 81' lang='grc' dir='ltr'><strong>καὶ</strong></span> <span class='ocrx_word' id='word_1_94' title='bbox 1588 767 1833 837; x_wconf 75' lang='grc' dir='ltr'><strong>ὲπιὸαίη.</strong></span> 
     </span>
    </p>
   </div>
   <div class='ocr_carea' id='block_1_13' title="bbox 1951 766 3505 844">
    <p class='ocr_par' dir='ltr' id='par_1_13' title="bbox 1951 767 3505 841">
     <span class='ocr_line' id='line_1_13' title="bbox 1951 767 3505 841; baseline 0.009 -21"><span class='ocrx_word' id='word_1_95' title='bbox 1951 767 2135 820; x_wconf 69' lang='lat' dir='ltr'><strong>amittit</strong></span> <span class='ocrx_word' id='word_1_96' title='bbox 2185 779 2239 823; x_wconf 83' lang='lat' dir='ltr'><strong>et</strong></span> <span class='ocrx_word' id='word_1_97' title='bbox 2287 771 2635 836; x_wconf 88' lang='lat' dir='ltr'><strong>intumescit;</strong></span> <span class='ocrx_word' id='word_1_98' title='bbox 2696 772 2860 841; x_wconf 84' lang='lat' dir='ltr'><strong>idque</strong></span> <span class='ocrx_word' id='word_1_99' title='bbox 2904 776 3260 829; x_wconf 74' lang='lat' dir='ltr'><strong>consimiliter</strong></span> <span class='ocrx_word' id='word_1_100' title='bbox 3310 782 3505 834; x_wconf 72' lang='lat' dir='ltr'><strong>accidit</strong></span> 
     </span>
    </p>
   </div>
   <div class='ocr_carea' id='block_1_14' title="bbox 281 856 1851 931">
    <p class='ocr_par' dir='ltr' id='par_1_14' title="bbox 281 856 1835 929">
     <span class='ocr_line' id='line_1_14' title="bbox 281 856 1835 929; baseline -0.004 -11"><span class='ocrx_word' id='word_1_101' title='bbox 281 867 392 929; x_wconf 77' lang='grc' dir='ltr'><strong>τοὺς</strong></span> <span class='ocrx_word' id='word_1_102' title='bbox 433 865 601 925; x_wconf 86' lang='grc' dir='ltr'><strong>πόδας</strong></span> <span class='ocrx_word' id='word_1_103' title='bbox 632 863 791 924; x_wconf 75' lang='grc' dir='ltr'><strong>εὐθὺς</strong></span> <span class='ocrx_word' id='word_1_104' title='bbox 849 860 1127 929; x_wconf 78' lang='grc' dir='ltr'><strong>ὲκδὲρεται</strong></span> <span class='ocrx_word' id='word_1_105' title='bbox 1180 859 1272 911; x_wconf 78' lang='grc' dir='ltr'><strong>καὶ</strong></span> <span class='ocrx_word' id='word_1_106' title='bbox 1336 856 1617 927; x_wconf 79' lang='grc' dir='ltr'><strong>ὀγκοῦται.</strong></span> <span class='ocrx_word' id='word_1_107' title='bbox 1672 859 1835 912; x_wconf 78' lang='grc' dir='ltr'><strong>Ἀλλά</strong></span> 
     </span>
    </p>
   </div>
   <div class='ocr_carea' id='block_1_15' title="bbox 1951 856 3503 931">
    <p class='ocr_par' dir='ltr' id='par_1_15' title="bbox 1951 860 3503 931">
     <span class='ocr_line' id='line_1_15' title="bbox 1951 860 3503 931; baseline 0.008 -20"><span class='ocrx_word' id='word_1_108' title='bbox 1951 860 2086 913; x_wconf 69' lang='lat' dir='ltr'><strong>illius</strong></span> <span class='ocrx_word' id='word_1_109' title='bbox 2142 862 2394 916; x_wconf 87' lang='lat' dir='ltr'><strong>manibus</strong></span> <span class='ocrx_word' id='word_1_110' title='bbox 2452 864 2542 931; x_wconf 87' lang='lat' dir='ltr'><strong>qui</strong></span> <span class='ocrx_word' id='word_1_111' title='bbox 2619 865 2944 919; x_wconf 86' lang='lat' dir='ltr'><strong>medicinam</strong></span> <span class='ocrx_word' id='word_1_112' title='bbox 3004 867 3088 921; x_wconf 86' lang='lat' dir='ltr'><strong>his</strong></span> <span class='ocrx_word' id='word_1_113' title='bbox 3142 869 3254 922; x_wconf 76' lang='lat' dir='ltr'><strong>vult</strong></span> <span class='ocrx_word' id='word_1_114' title='bbox 3302 871 3503 924; x_wconf 78' lang='lat' dir='ltr'><strong>furere.</strong></span> 
     </span>
    </p>
   </div>
   <div class='ocr_carea' id='block_1_16' title="bbox 282 950 1851 1026">
    <p class='ocr_par' dir='ltr' id='par_1_16' title="bbox 282 950 1836 1026">
     <span class='ocr_line' id='line_1_16' title="bbox 282 950 1836 1026; baseline -0.006 -14"><span class='ocrx_word' id='word_1_115' title='bbox 282 962 361 1012; x_wconf 71' lang='grc' dir='ltr'><strong>καὶ</strong></span> <span class='ocrx_word' id='word_1_116' title='bbox 400 959 430 1010; x_wconf 82' lang='lat'><strong>6</strong></span> <span class='ocrx_word' id='word_1_117' title='bbox 462 953 803 1026; x_wconf 83' lang='grc' dir='ltr'><strong>θεραπεῦσαι</strong></span> <span class='ocrx_word' id='word_1_118' title='bbox 831 953 1054 1015; x_wconf 80' lang='grc' dir='ltr'><strong>τούτους</strong></span> <span class='ocrx_word' id='word_1_119' title='bbox 1110 950 1355 1020; x_wconf 68' lang='grc' dir='ltr'><strong>θελήσαςΔ</strong></span> <span class='ocrx_word' id='word_1_120' title='bbox 1382 952 1585 1021; x_wconf 85' lang='grc' dir='ltr'><strong>ὁμοίως</strong></span> <span class='ocrx_word' id='word_1_121' title='bbox 1635 951 1836 1022; x_wconf 81' lang='grc' dir='ltr'><strong>πάσχει</strong></span> 
     </span>
    </p>
   </div>
   <div class='ocr_carea' id='block_1_17' title="bbox 1951 950 3507 1026">
    <p class='ocr_par' dir='ltr' id='par_1_17' title="bbox 1951 951 3507 1016">
     <span class='ocr_line' id='line_1_17' title="bbox 1951 951 3507 1016; baseline 0.008 -14"><span class='ocrx_word' id='word_1_122' title='bbox 1951 951 2295 1006; x_wconf 72' lang='grc' dir='ltr'><strong>ΙΙαιιηοιτΙιυε</strong></span> <span class='ocrx_word' id='word_1_123' title='bbox 2320 963 2373 1007; x_wconf 88' lang='lat' dir='ltr'><strong>et</strong></span> <span class='ocrx_word' id='word_1_124' title='bbox 2401 954 2759 1010; x_wconf 68' lang='lat' dir='ltr'><strong>haemorrhois</strong></span> <span class='ocrx_word' id='word_1_125' title='bbox 2806 958 2877 1011; x_wconf 88' lang='lat' dir='ltr'><strong>ita</strong></span> <span class='ocrx_word' id='word_1_126' title='bbox 2927 967 3128 1011; x_wconf 82' lang='lat' dir='ltr'><strong>necant</strong></span> <span class='ocrx_word' id='word_1_127' title='bbox 3163 960 3414 1016; x_wconf 80' lang='lat' dir='ltr'><strong>homines</strong></span> <span class='ocrx_word' id='word_1_128' title='bbox 3448 973 3507 1015; x_wconf 90' lang='lat' dir='ltr'><strong>ut</strong></span> 
     </span>
    </p>
   </div>
   <div class='ocr_carea' id='block_1_18' title="bbox 284 1042 1851 1117">
    <p class='ocr_par' dir='ltr' id='par_1_18' title="bbox 284 1042 1836 1117">
     <span class='ocr_line' id='line_1_18' title="bbox 284 1042 1836 1117; baseline -0.002 -18"><span class='ocrx_word' id='word_1_129' title='bbox 284 1048 364 1106; x_wconf 77' lang='grc' dir='ltr'><strong>τὰς</strong></span> <span class='ocrx_word' id='word_1_130' title='bbox 393 1049 603 1117; x_wconf 80' lang='grc' dir='ltr'><strong>χεῖρας.</strong></span> <span class='ocrx_word' id='word_1_131' title='bbox 649 1047 708 1098; x_wconf 83' lang='grc' dir='ltr'>Ὀ</span> <span class='ocrx_word' id='word_1_132' title='bbox 756 1044 813 1097; x_wconf 78' lang='grc' dir='ltr'><strong>δέ</strong></span> <span class='ocrx_word' id='word_1_133' title='bbox 876 1060 939 1113; x_wconf 77' lang='grc' dir='ltr'><strong>γε</strong></span> <span class='ocrx_word' id='word_1_134' title='bbox 989 1043 1290 1114; x_wconf 81' lang='grc' dir='ltr'><strong>αίμόρῤους</strong></span> <span class='ocrx_word' id='word_1_135' title='bbox 1330 1043 1425 1095; x_wconf 76' lang='grc' dir='ltr'><strong>καὶ</strong></span> <span class='ocrx_word' id='word_1_136' title='bbox 1459 1045 1493 1113; x_wconf 78' lang='grc' dir='ltr'><strong>ἡ</strong></span> <span class='ocrx_word' id='word_1_137' title='bbox 1544 1042 1836 1115; x_wconf 77' lang='grc' dir='ltr'><strong>αίμορῤοτς</strong></span> 
     </span>
    </p>
   </div>
   <div class='ocr_carea' id='block_1_19' title="bbox 1951 1042 3507 1117">
    <p class='ocr_par' dir='ltr' id='par_1_19' title="bbox 1951 1045 3507 1116">
     <span class='ocr_line' id='line_1_19' title="bbox 1951 1045 3507 1116; baseline 0.008 -21"><span class='ocrx_word' id='word_1_138' title='bbox 1951 1045 2211 1098; x_wconf 80' lang='lat' dir='ltr'><strong>vocabulis</strong></span> <span class='ocrx_word' id='word_1_139' title='bbox 2240 1045 2374 1114; x_wconf 85' lang='lat' dir='ltr'><strong>ipsis</strong></span> <span class='ocrx_word' id='word_1_140' title='bbox 2400 1047 2741 1116; x_wconf 73' lang='lat' dir='ltr'><strong>significatur</strong></span> <span class='ocrx_word' id='word_1_141' title='bbox 2768 1065 2781 1102; x_wconf 88' lang='lat'><strong>:</strong></span> <span class='ocrx_word' id='word_1_142' title='bbox 2836 1066 2960 1103; x_wconf 84' lang='lat' dir='ltr'><strong>nam</strong></span> <span class='ocrx_word' id='word_1_143' title='bbox 3004 1051 3120 1105; x_wconf 69' lang='lat' dir='ltr'><strong>liBSi</strong></span> <span class='ocrx_word' id='word_1_144' title='bbox 3165 1053 3234 1106; x_wconf 82' lang='lat' dir='ltr'><strong>ah</strong></span> <span class='ocrx_word' id='word_1_145' title='bbox 3270 1055 3351 1108; x_wconf 83' lang='lat' dir='ltr'><strong>his</strong></span> <span class='ocrx_word' id='word_1_146' title='bbox 3382 1071 3507 1108; x_wconf 89' lang='lat' dir='ltr'><strong>san-</strong></span> 
     </span>
    </p>
   </div>
   <div class='ocr_carea' id='block_1_20' title="bbox 284 1133 1851 1210">
    <p class='ocr_par' dir='ltr' id='par_1_20' title="bbox 284 1133 1837 1205">
     <span class='ocr_line' id='line_1_20' title="bbox 284 1133 1837 1205; baseline -0.002 -16"><span class='ocrx_word' id='word_1_147' title='bbox 284 1141 379 1199; x_wconf 71' lang='grc' dir='ltr'><strong>τοῖς</strong></span> <span class='ocrx_word' id='word_1_148' title='bbox 428 1136 640 1190; x_wconf 77' lang='grc' dir='ltr'><strong>ἑαυτῶν</strong></span> <span class='ocrx_word' id='word_1_149' title='bbox 678 1136 949 1204; x_wconf 66' lang='grc' dir='ltr'><strong>ὀνόμασιν</strong></span> <span class='ocrx_word' id='word_1_150' title='bbox 1005 1134 1198 1203; x_wconf 80' lang='grc' dir='ltr'><strong>ὁμοίαν</strong></span> <span class='ocrx_word' id='word_1_151' title='bbox 1252 1135 1531 1188; x_wconf 83' lang='grc' dir='ltr'><strong>ποιοῦνται</strong></span> <span class='ocrx_word' id='word_1_152' title='bbox 1583 1135 1682 1205; x_wconf 80' lang='grc' dir='ltr'><strong>τὴν</strong></span> <span class='ocrx_word' id='word_1_153' title='bbox 1729 1133 1837 1187; x_wconf 85' lang='grc' dir='ltr'><strong>τῶν</strong></span> 
     </span>
    </p>
   </div>
   <div class='ocr_carea' id='block_1_21' title="bbox 1951 1133 3508 1210">
    <p class='ocr_par' dir='ltr' id='par_1_21' title="bbox 1951 1135 3508 1210">
     <span class='ocr_line' id='line_1_21' title="bbox 1951 1135 3508 1210; baseline 0.008 -26"><span class='ocrx_word' id='word_1_154' title='bbox 1951 1135 2155 1205; x_wconf 62' lang='lat' dir='ltr'><strong>guinem</strong></span> <span class='ocrx_word' id='word_1_155' title='bbox 2194 1151 2291 1204; x_wconf 89' lang='lat' dir='ltr'><strong>per</strong></span> <span class='ocrx_word' id='word_1_156' title='bbox 2320 1151 2501 1201; x_wconf 87' lang='lat' dir='ltr'><strong>nares,</strong></span> <span class='ocrx_word' id='word_1_157' title='bbox 2523 1152 2586 1191; x_wconf 93' lang='lat' dir='ltr'><strong>os</strong></span> <span class='ocrx_word' id='word_1_158' title='bbox 2620 1147 2902 1207; x_wconf 80' lang='lat' dir='ltr'><strong>totumque</strong></span> <span class='ocrx_word' id='word_1_159' title='bbox 2927 1139 3064 1194; x_wconf 87' lang='lat' dir='ltr'><strong>adeo</strong></span> <span class='ocrx_word' id='word_1_160' title='bbox 3102 1155 3307 1210; x_wconf 87' lang='lat' dir='ltr'><strong>corpus</strong></span> <span class='ocrx_word' id='word_1_161' title='bbox 3351 1145 3508 1197; x_wconf 89' lang='lat' dir='ltr'><strong>emit-</strong></span> 
     </span>
    </p>
   </div>
   <div class='ocr_carea' id='block_1_22' title="bbox 283 1224 1851 1300">
    <p class='ocr_par' dir='ltr' id='par_1_22' title="bbox 283 1224 1835 1300">
     <span class='ocr_line' id='line_1_22' title="bbox 283 1224 1835 1300; baseline -0.004 -17"><span class='ocrx_word' id='word_1_162' title='bbox 283 1227 573 1300; x_wconf 83' lang='grc' dir='ltr'><strong>ἀνθρώπων</strong></span> <span class='ocrx_word' id='word_1_163' title='bbox 602 1227 902 1296; x_wconf 81' lang='grc' dir='ltr'><strong>διαφθοράν</strong></span> <span class='ocrx_word' id='word_1_164' title='bbox 932 1241 948 1257; x_wconf 74' lang='grc'><strong><em>⁸</em></strong></span> <span class='ocrx_word' id='word_1_165' title='bbox 998 1224 1421 1297; x_wconf 72' lang='grc' dir='ltr'><strong>αἰμορῤοοῦντες</strong></span> <span class='ocrx_word' id='word_1_166' title='bbox 1478 1226 1588 1296; x_wconf 79' lang='grc' dir='ltr'><strong>γὰρ</strong></span> <span class='ocrx_word' id='word_1_167' title='bbox 1640 1226 1732 1279; x_wconf 86' lang='grc' dir='ltr'><strong>διά</strong></span> <span class='ocrx_word' id='word_1_168' title='bbox 1776 1242 1835 1278; x_wconf 90' lang='grc' dir='ltr'><strong>τε</strong></span> 
     </span>
    </p>
   </div>
   <div class='ocr_carea' id='block_1_23' title="bbox 1951 1224 3508 1300">
    <p class='ocr_par' dir='ltr' id='par_1_23' title="bbox 1951 1226 3508 1300">
     <span class='ocr_line' id='line_1_23' title="bbox 1951 1226 3508 1300; baseline 0.005 -21"><span class='ocrx_word' id='word_1_169' title='bbox 1951 1226 2103 1279; x_wconf 73' lang='lat' dir='ltr'><strong>tendo</strong></span> <span class='ocrx_word' id='word_1_170' title='bbox 2160 1226 2485 1280; x_wconf 88' lang='lat' dir='ltr'><strong>moriuntur.</strong></span> <span class='ocrx_word' id='word_1_171' title='bbox 2554 1227 3025 1293; x_wconf 83' lang='lat' dir='ltr'><strong>Quemadmodum</strong></span> <span class='ocrx_word' id='word_1_172' title='bbox 3077 1230 3168 1299; x_wconf 90' lang='lat' dir='ltr'><strong>qui</strong></span> <span class='ocrx_word' id='word_1_173' title='bbox 3215 1246 3245 1284; x_wconf 90' lang='lat' dir='ltr'><strong>a</strong></span> <span class='ocrx_word' id='word_1_174' title='bbox 3281 1232 3508 1300; x_wconf 88' lang='lat' dir='ltr'><strong>dipsade</strong></span> 
     </span>
    </p>
   </div>
   <div class='ocr_carea' id='block_1_24' title="bbox 286 1316 1851 1391">
    <p class='ocr_par' dir='ltr' id='par_1_24' title="bbox 286 1316 1835 1391">
     <span class='ocr_line' id='line_1_24' title="bbox 286 1316 1835 1391; baseline -0.003 -18"><span class='ocrx_word' id='word_1_175' title='bbox 286 1321 565 1391; x_wconf 66' lang='grc' dir='ltr'><strong>μυκτήρων</strong></span> <span class='ocrx_word' id='word_1_176' title='bbox 622 1319 719 1372; x_wconf 75' lang='grc' dir='ltr'><strong>καὶ</strong></span> <span class='ocrx_word' id='word_1_177' title='bbox 772 1318 1042 1385; x_wconf 84' lang='grc' dir='ltr'><strong>στόματος</strong></span> <span class='ocrx_word' id='word_1_178' title='bbox 1092 1316 1189 1370; x_wconf 78' lang='grc' dir='ltr'><strong>καὶ</strong></span> <span class='ocrx_word' id='word_1_179' title='bbox 1256 1316 1456 1381; x_wconf 77' lang='grc' dir='ltr'><strong>παντὸς</strong></span> <span class='ocrx_word' id='word_1_180' title='bbox 1499 1316 1688 1379; x_wconf 83' lang='grc' dir='ltr'><strong>ἁπλῶς</strong></span> <span class='ocrx_word' id='word_1_181' title='bbox 1741 1316 1835 1369; x_wconf 74' lang='grc' dir='ltr'><strong>τοῦ</strong></span> 
     </span>
    </p>
   </div>
   <div class='ocr_carea' id='block_1_25' title="bbox 1951 1316 3508 1391">
    <p class='ocr_par' dir='ltr' id='par_1_25' title="bbox 1951 1316 3508 1391">
     <span class='ocr_line' id='line_1_25' title="bbox 1951 1316 3508 1391; baseline 0.004 -23"><span class='ocrx_word' id='word_1_182' title='bbox 1951 1316 2103 1369; x_wconf 82' lang='lat' dir='ltr'><strong>mersi</strong></span> <span class='ocrx_word' id='word_1_183' title='bbox 2132 1328 2279 1378; x_wconf 87' lang='lat' dir='ltr'><strong>sunt,</strong></span> <span class='ocrx_word' id='word_1_184' title='bbox 2315 1319 2382 1373; x_wconf 86' lang='lat' dir='ltr'><strong>ab</strong></span> <span class='ocrx_word' id='word_1_185' title='bbox 2413 1329 2548 1374; x_wconf 78' lang='lat' dir='ltr'><strong>aestu</strong></span> <span class='ocrx_word' id='word_1_186' title='bbox 2583 1322 2783 1374; x_wconf 86' lang='lat' dir='ltr'><strong>misere</strong></span> <span class='ocrx_word' id='word_1_187' title='bbox 2808 1331 3071 1389; x_wconf 86' lang='lat' dir='ltr'><strong>pereunt:</strong></span> <span class='ocrx_word' id='word_1_188' title='bbox 3112 1321 3316 1391; x_wconf 90' lang='lat' dir='ltr'><strong>quippe</strong></span> <span class='ocrx_word' id='word_1_189' title='bbox 3348 1324 3508 1376; x_wconf 82' lang='lat' dir='ltr'><strong>vehe-</strong></span> 
     </span>
    </p>
   </div>
   <div class='ocr_carea' id='block_1_26' title="bbox 270 1406 1851 1481">
    <p class='ocr_par' dir='ltr' id='par_1_26' title="bbox 270 1406 1837 1481">
     <span class='ocr_line' id='line_1_26' title="bbox 270 1406 1837 1481; baseline -0.003 -15"><span class='ocrx_word' id='word_1_190' title='bbox 270 1406 525 1481; x_wconf 65' lang='grc' dir='ltr'><strong>’σώματος</strong></span> <span class='ocrx_word' id='word_1_191' title='bbox 566 1409 741 1474; x_wconf 80' lang='grc' dir='ltr'><strong>οὕτως</strong></span> <span class='ocrx_word' id='word_1_192' title='bbox 787 1408 1141 1474; x_wconf 85' lang='grc' dir='ltr'><strong>ἀπόλλυνται,</strong></span> <span class='ocrx_word' id='word_1_193' title='bbox 1193 1407 1383 1479; x_wconf 87' lang='grc' dir='ltr'><strong>ῶσπερ</strong></span> <span class='ocrx_word' id='word_1_194' title='bbox 1436 1408 1531 1462; x_wconf 79' lang='grc' dir='ltr'><strong>καὶ</strong></span> <span class='ocrx_word' id='word_1_195' title='bbox 1589 1408 1695 1461; x_wconf 77' lang='grc' dir='ltr'><strong>ὑπὸ</strong></span> <span class='ocrx_word' id='word_1_196' title='bbox 1739 1408 1837 1477; x_wconf 80' lang='grc' dir='ltr'><strong>τῆς</strong></span> 
     </span>
    </p>
   </div>
   <div class='ocr_carea' id='block_1_27' title="bbox 1951 1406 3509 1481">
    <p class='ocr_par' dir='ltr' id='par_1_27' title="bbox 1951 1406 3509 1478">
     <span class='ocr_line' id='line_1_27' title="bbox 1951 1406 3509 1478; baseline 0.005 -23"><span class='ocrx_word' id='word_1_197' title='bbox 1951 1414 2149 1458; x_wconf 77' lang='lat' dir='ltr'><strong>menter</strong></span> <span class='ocrx_word' id='word_1_198' title='bbox 2200 1406 2447 1460; x_wconf 77' lang='lat' dir='ltr'><strong>sitientes</strong></span> <span class='ocrx_word' id='word_1_199' title='bbox 2502 1423 2565 1460; x_wconf 90' lang='lat' dir='ltr'><strong>ac</strong></span> <span class='ocrx_word' id='word_1_200' title='bbox 2622 1408 2847 1477; x_wconf 71' lang='lat' dir='ltr'><strong>perusti,</strong></span> <span class='ocrx_word' id='word_1_201' title='bbox 2905 1425 3294 1478; x_wconf 81' lang='lat' dir='ltr'><strong>nonnunquam</strong></span> <span class='ocrx_word' id='word_1_202' title='bbox 3345 1411 3509 1465; x_wconf 90' lang='lat' dir='ltr'><strong>etiam</strong></span> 
     </span>
    </p>
   </div>
   <div class='ocr_carea' id='block_1_28' title="bbox 282 1486 1851 1573">
    <p class='ocr_par' dir='ltr' id='par_1_28' title="bbox 282 1486 1833 1573">
     <span class='ocr_line' id='line_1_28' title="bbox 282 1486 1833 1573; baseline -0.005 -15"><span class='ocrx_word' id='word_1_203' title='bbox 282 1504 491 1573; x_wconf 76' lang='grc' dir='ltr'><strong>διψάδος</strong></span> <span class='ocrx_word' id='word_1_204' title='bbox 526 1501 814 1573; x_wconf 79' lang='grc' dir='ltr'><strong>δηχθέντες</strong></span> <span class='ocrx_word' id='word_1_205' title='bbox 841 1501 944 1553; x_wconf 82' lang='grc' dir='ltr'><strong>ὑπὸ</strong></span> <span class='ocrx_word' id='word_1_206' title='bbox 982 1486 1078 1555; x_wconf 74' lang='grc' dir='ltr'><strong>τοῦ</strong></span> <span class='ocrx_word' id='word_1_207' title='bbox 1135 1499 1340 1553; x_wconf 90' lang='grc' dir='ltr'><strong>καύσου</strong></span> <span class='ocrx_word' id='word_1_208' title='bbox 1390 1498 1833 1569; x_wconf 77' lang='grc' dir='ltr'><strong>διαφθειρόμενοι</strong></span> 
     </span>
    </p>
   </div>
   <div class='ocr_carea' id='block_1_29' title="bbox 1951 1486 3511 1573">
    <p class='ocr_par' dir='ltr' id='par_1_29' title="bbox 1951 1494 3511 1566">
     <span class='ocr_line' id='line_1_29' title="bbox 1951 1494 3511 1566; baseline 0.004 -19"><span class='ocrx_word' id='word_1_209' title='bbox 1951 1494 2267 1549; x_wconf 85' lang='lat' dir='ltr'><strong>lissilientes</strong></span> <span class='ocrx_word' id='word_1_210' title='bbox 2322 1497 2763 1566; x_wconf 76' lang='lat' dir='ltr'><strong>exstinguuntur.</strong></span> <span class='ocrx_word' id='word_1_211' title='bbox 2840 1500 3099 1553; x_wconf 80' lang='lat' dir='ltr'><strong>Acontias</strong></span> <span class='ocrx_word' id='word_1_212' title='bbox 3157 1509 3340 1555; x_wconf 88' lang='lat' dir='ltr'><strong>autem</strong></span> <span class='ocrx_word' id='word_1_213' title='bbox 3394 1501 3511 1555; x_wconf 86' lang='lat' dir='ltr'><strong>sive</strong></span> 
     </span>
    </p>
   </div>
   <div class='ocr_carea' id='block_1_30' title="bbox 278 1583 1851 1662">
    <p class='ocr_par' dir='ltr' id='par_1_30' title="bbox 278 1583 1835 1662">
     <span class='ocr_line' id='line_1_30' title="bbox 278 1583 1835 1662; baseline -0.004 -13"><span class='ocrx_word' id='word_1_214' title='bbox 278 1595 447 1657; x_wconf 79' lang='grc' dir='ltr'><strong>κακῶς</strong></span> <span class='ocrx_word' id='word_1_215' title='bbox 476 1610 491 1625; x_wconf 82' lang='grc'><strong><em>⁸</em></strong></span> <span class='ocrx_word' id='word_1_216' title='bbox 533 1594 629 1646; x_wconf 82' lang='grc' dir='ltr'><strong>καὶ</strong></span> <span class='ocrx_word' id='word_1_217' title='bbox 666 1592 774 1662; x_wconf 84' lang='grc' dir='ltr'><strong>γὰρ</strong></span> <span class='ocrx_word' id='word_1_218' title='bbox 804 1583 950 1645; x_wconf 77' lang='grc' dir='ltr'><strong>οὗτοι</strong></span> <span class='ocrx_word' id='word_1_219' title='bbox 981 1589 1248 1661; x_wconf 72' lang='grc' dir='ltr'><strong>διψῶντες</strong></span> <span class='ocrx_word' id='word_1_220' title='bbox 1279 1593 1422 1643; x_wconf 86' lang='grc' dir='ltr'>πάνυ</span> <span class='ocrx_word' id='word_1_221' title='bbox 1460 1591 1557 1643; x_wconf 79' lang='grc' dir='ltr'><strong>καὶ</strong></span> <span class='ocrx_word' id='word_1_222' title='bbox 1597 1589 1835 1643; x_wconf 80' lang='grc' dir='ltr'><strong>διακαιό-</strong></span> 
     </span>
    </p>
   </div>
   <div class='ocr_carea' id='block_1_31' title="bbox 1951 1583 3512 1662">
    <p class='ocr_par' dir='ltr' id='par_1_31' title="bbox 1951 1585 3512 1661">
     <span class='ocr_line' id='line_1_31' title="bbox 1951 1585 3512 1661; baseline 0.005 -24"><span class='ocrx_word' id='word_1_223' title='bbox 1951 1585 2229 1650; x_wconf 82' lang='lat' dir='ltr'><strong>iaculator,</strong></span> <span class='ocrx_word' id='word_1_224' title='bbox 2259 1597 2434 1642; x_wconf 88' lang='lat' dir='ltr'><strong>semet</strong></span> <span class='ocrx_word' id='word_1_225' title='bbox 2458 1588 2751 1643; x_wconf 85' lang='lat' dir='ltr'><strong>admodum</strong></span> <span class='ocrx_word' id='word_1_226' title='bbox 2784 1591 3084 1643; x_wconf 83' lang='lat' dir='ltr'><strong>extendens</strong></span> <span class='ocrx_word' id='word_1_227' title='bbox 3112 1594 3382 1661; x_wconf 87' lang='lat' dir='ltr'><strong>quasique</strong></span> <span class='ocrx_word' id='word_1_228' title='bbox 3430 1592 3512 1655; x_wconf 58' lang='lat' dir='ltr'><strong>iac</strong></span> 
     </span>
    </p>
   </div>
   <div class='ocr_carea' id='block_1_32' title="bbox 279 1676 1851 1755">
    <p class='ocr_par' dir='ltr' id='par_1_32' title="bbox 279 1677 1833 1755">
     <span class='ocr_line' id='line_1_32' title="bbox 279 1677 1833 1755; baseline -0.003 -18"><span class='ocrx_word' id='word_1_229' title='bbox 279 1702 440 1755; x_wconf 85' lang='grc' dir='ltr'><strong>μενοι,</strong></span> <span class='ocrx_word' id='word_1_230' title='bbox 512 1683 593 1741; x_wconf 77' lang='grc' dir='ltr'><strong>ἔτι</strong></span> <span class='ocrx_word' id='word_1_231' title='bbox 666 1682 758 1736; x_wconf 80' lang='grc' dir='ltr'><strong>καὶ</strong></span> <span class='ocrx_word' id='word_1_232' title='bbox 820 1680 1307 1752; x_wconf 78' lang='grc' dir='ltr'><strong>διαῤῥηγνύμενοι,</strong></span> <span class='ocrx_word' id='word_1_233' title='bbox 1369 1677 1717 1733; x_wconf 76' lang='grc' dir='ltr'><strong>τελευτῶσιν.</strong></span> <span class='ocrx_word' id='word_1_234' title='bbox 1770 1678 1833 1733; x_wconf 86' lang='grc' dir='ltr'>Ὀ</span> 
     </span>
    </p>
   </div>
   <div class='ocr_carea' id='block_1_33' title="bbox 1951 1676 3514 1755">
    <p class='ocr_par' dir='ltr' id='par_1_33' title="bbox 1951 1676 3514 1752">
     <span class='ocr_line' id='line_1_33' title="bbox 1951 1676 3514 1752; baseline 0.007 -23"><span class='ocrx_word' id='word_1_235' title='bbox 1951 1676 2123 1729; x_wconf 79' lang='lat' dir='ltr'><strong>culum</strong></span> <span class='ocrx_word' id='word_1_236' title='bbox 2174 1678 2445 1746; x_wconf 81' lang='lat' dir='ltr'><strong>quoddam</strong></span> <span class='ocrx_word' id='word_1_237' title='bbox 2510 1680 2563 1732; x_wconf 89' lang='lat' dir='ltr'><strong>in</strong></span> <span class='ocrx_word' id='word_1_238' title='bbox 2600 1680 2826 1734; x_wconf 86' lang='lat' dir='ltr'><strong>adversa</strong></span> <span class='ocrx_word' id='word_1_239' title='bbox 2871 1681 3141 1746; x_wconf 76' lang='lat' dir='ltr'><strong>insiliens,</strong></span> <span class='ocrx_word' id='word_1_240' title='bbox 3172 1698 3403 1752; x_wconf 87' lang='lat' dir='ltr'><strong>corpora</strong></span> <span class='ocrx_word' id='word_1_241' title='bbox 3435 1686 3514 1740; x_wconf 88' lang='lat' dir='ltr'><strong>sie</strong></span> 
     </span>
    </p>
   </div>
   <div class='ocr_carea' id='block_1_34' title="bbox 276 1768 1851 1845">
    <p class='ocr_par' dir='ltr' id='par_1_34' title="bbox 276 1768 1835 1840">
     <span class='ocr_line' id='line_1_34' title="bbox 276 1768 1835 1840; baseline -0.003 -12"><span class='ocrx_word' id='word_1_242' title='bbox 276 1776 324 1828; x_wconf 72' lang='grc' dir='ltr'><strong>δὲ</strong></span> <span class='ocrx_word' id='word_1_243' title='bbox 352 1773 612 1837; x_wconf 82' lang='grc' dir='ltr'><strong>ἀκοντίας</strong></span> <span class='ocrx_word' id='word_1_244' title='bbox 659 1772 909 1835; x_wconf 67' lang='grc' dir='ltr'><strong>ἐκτείνας</strong></span> <span class='ocrx_word' id='word_1_245' title='bbox 941 1771 1137 1825; x_wconf 73' lang='grc' dir='ltr'><strong>ἑαυτὸν</strong></span> <span class='ocrx_word' id='word_1_246' title='bbox 1185 1770 1352 1835; x_wconf 88' lang='grc' dir='ltr'><strong>πάνυ,</strong></span> <span class='ocrx_word' id='word_1_247' title='bbox 1412 1768 1508 1823; x_wconf 85' lang='grc' dir='ltr'><strong>καὶ</strong></span> <span class='ocrx_word' id='word_1_248' title='bbox 1541 1770 1733 1840; x_wconf 82' lang='grc' dir='ltr'><strong>ὥσπερ</strong></span> <span class='ocrx_word' id='word_1_249' title='bbox 1780 1787 1835 1824; x_wconf 85' lang='grc' dir='ltr'><strong>τι</strong></span> 
     </span>
    </p>
   </div>
   <div class='ocr_carea' id='block_1_35' title="bbox 1951 1768 3516 1845">
    <p class='ocr_par' dir='ltr' id='par_1_35' title="bbox 1951 1768 3516 1845">
     <span class='ocr_line' id='line_1_35' title="bbox 1951 1768 3516 1845; baseline 0.007 -26"><span class='ocrx_word' id='word_1_250' title='bbox 1951 1779 1999 1819; x_wconf 70' lang='lat' dir='ltr'><strong>aa</strong></span> <span class='ocrx_word' id='word_1_251' title='bbox 2032 1768 2267 1835; x_wconf 88' lang='lat' dir='ltr'><strong>perimit.</strong></span> <span class='ocrx_word' id='word_1_252' title='bbox 2296 1768 2482 1823; x_wconf 86' lang='lat' dir='ltr'><strong>Itidem</strong></span> <span class='ocrx_word' id='word_1_253' title='bbox 2515 1768 2663 1827; x_wconf 89' lang='lat' dir='ltr'><strong>inter</strong></span> <span class='ocrx_word' id='word_1_254' title='bbox 2695 1771 2911 1841; x_wconf 76' lang='lat' dir='ltr'><strong>aspides</strong></span> <span class='ocrx_word' id='word_1_255' title='bbox 2942 1788 3004 1826; x_wconf 86' lang='lat' dir='ltr'><strong>ea</strong></span> <span class='ocrx_word' id='word_1_256' title='bbox 3036 1788 3156 1842; x_wconf 61' lang='lat' dir='ltr'><strong>quae</strong></span> <span class='ocrx_word' id='word_1_257' title='bbox 3182 1784 3340 1844; x_wconf 87' lang='lat' dir='ltr'><strong>ptyas</strong></span> <span class='ocrx_word' id='word_1_258' title='bbox 3365 1777 3516 1845; x_wconf 80' lang='lat' dir='ltr'><strong>apel-</strong></span> 
     </span>
    </p>
   </div>
   <div class='ocr_carea' id='block_1_36' title="bbox 278 1858 1851 1931">
    <p class='ocr_par' dir='ltr' id='par_1_36' title="bbox 278 1859 1833 1931">
     <span class='ocr_line' id='line_1_36' title="bbox 278 1859 1833 1931; baseline -0.003 -12"><span class='ocrx_word' id='word_1_259' title='bbox 278 1866 520 1919; x_wconf 83' lang='grc' dir='ltr'><strong>άκόντιον</strong></span> <span class='ocrx_word' id='word_1_260' title='bbox 545 1862 911 1931; x_wconf 77' lang='grc' dir='ltr'><strong>ἐφαλλόμενος</strong></span> <span class='ocrx_word' id='word_1_261' title='bbox 932 1862 1044 1924; x_wconf 81' lang='grc' dir='ltr'><strong>τοῖς</strong></span> <span class='ocrx_word' id='word_1_262' title='bbox 1086 1860 1357 1928; x_wconf 83' lang='grc' dir='ltr'><strong>σώμασιν,</strong></span> <span class='ocrx_word' id='word_1_263' title='bbox 1389 1859 1563 1924; x_wconf 68' lang='grc' dir='ltr'><strong>οὕτως</strong></span> <span class='ocrx_word' id='word_1_264' title='bbox 1599 1861 1833 1930; x_wconf 84' lang='grc' dir='ltr'><strong>ἀναιρεῖ.</strong></span> 
     </span>
    </p>
   </div>
   <div class='ocr_carea' id='block_1_37' title="bbox 1951 1858 3517 1931">
    <p class='ocr_par' dir='ltr' id='par_1_37' title="bbox 1951 1861 3517 1930">
     <span class='ocr_line' id='line_1_37' title="bbox 1951 1861 3517 1930; baseline 0.007 -20"><span class='ocrx_word' id='word_1_265' title='bbox 1951 1865 2081 1911; x_wconf 80' lang='lat' dir='ltr'><strong>.atur</strong></span> <span class='ocrx_word' id='word_1_266' title='bbox 2108 1861 2178 1913; x_wconf 88' lang='lat' dir='ltr'><strong>ab</strong></span> <span class='ocrx_word' id='word_1_267' title='bbox 2205 1863 2541 1930; x_wconf 85' lang='lat' dir='ltr'><strong>exspuendo,</strong></span> <span class='ocrx_word' id='word_1_268' title='bbox 2572 1862 2712 1917; x_wconf 90' lang='lat' dir='ltr'><strong>collo</strong></span> <span class='ocrx_word' id='word_1_269' title='bbox 2738 1871 2969 1918; x_wconf 88' lang='lat' dir='ltr'><strong>extenso</strong></span> <span class='ocrx_word' id='word_1_270' title='bbox 2998 1873 3054 1918; x_wconf 89' lang='lat' dir='ltr'><strong>et</strong></span> <span class='ocrx_word' id='word_1_271' title='bbox 3080 1866 3351 1920; x_wconf 84' lang='lat' dir='ltr'><strong>intervalli</strong></span> <span class='ocrx_word' id='word_1_272' title='bbox 3399 1883 3517 1921; x_wconf 79' lang='lat' dir='ltr'><strong>ma-</strong></span> 
     </span>
    </p>
   </div>
   <div class='ocr_carea' id='block_1_38' title="bbox 277 1948 1851 2026">
    <p class='ocr_par' dir='ltr' id='par_1_38' title="bbox 277 1953 1837 2023">
     <span class='ocr_line' id='line_1_38' title="bbox 277 1953 1837 2023; baseline -0.003 -14"><span class='ocrx_word' id='word_1_273' title='bbox 277 1958 374 2012; x_wconf 72' lang='grc' dir='ltr'><strong>Καὶ</strong></span> <span class='ocrx_word' id='word_1_274' title='bbox 408 1956 517 2009; x_wconf 90' lang='grc' dir='ltr'><strong>τῶν</strong></span> <span class='ocrx_word' id='word_1_275' title='bbox 552 1954 795 2008; x_wconf 80' lang='grc' dir='ltr'><strong>ἀσπίδων</strong></span> <span class='ocrx_word' id='word_1_276' title='bbox 823 1956 856 2023; x_wconf 74' lang='grc' dir='ltr'><strong>η</strong></span> <span class='ocrx_word' id='word_1_277' title='bbox 915 1953 1183 2023; x_wconf 79' lang='grc' dir='ltr'><strong>λεγομένη</strong></span> <span class='ocrx_word' id='word_1_278' title='bbox 1245 1953 1426 2015; x_wconf 87' lang='grc' dir='ltr'><strong>πτυάς</strong></span> <span class='ocrx_word' id='word_1_279' title='bbox 1474 1953 1837 2006; x_wconf 86' lang='grc' dir='ltr'><strong>ἀναστείλασα</strong></span> 
     </span>
    </p>
   </div>
   <div class='ocr_carea' id='block_1_39' title="bbox 1951 1948 3515 2026">
    <p class='ocr_par' dir='ltr' id='par_1_39' title="bbox 1951 1948 3515 2026">
     <span class='ocr_line' id='line_1_39' title="bbox 1951 1948 3515 2026; baseline 0.006 -25"><span class='ocrx_word' id='word_1_280' title='bbox 1951 1948 2278 2017; x_wconf 65' lang='lat' dir='ltr'><strong>gnitudinem</strong></span> <span class='ocrx_word' id='word_1_281' title='bbox 2329 1950 2478 2004; x_wconf 85' lang='lat' dir='ltr'><strong>velut</strong></span> <span class='ocrx_word' id='word_1_282' title='bbox 2528 1965 2779 2015; x_wconf 90' lang='lat' dir='ltr'><strong>emensa,</strong></span> <span class='ocrx_word' id='word_1_283' title='bbox 2834 1956 2987 2022; x_wconf 81' lang='lat' dir='ltr'><strong>quasi</strong></span> <span class='ocrx_word' id='word_1_284' title='bbox 3019 1970 3083 2009; x_wconf 89' lang='lat' dir='ltr'><strong>eo</strong></span> <span class='ocrx_word' id='word_1_285' title='bbox 3115 1956 3236 2024; x_wconf 89' lang='lat' dir='ltr'><strong>ipso</strong></span> <span class='ocrx_word' id='word_1_286' title='bbox 3265 1965 3515 2026; x_wconf 87' lang='lat' dir='ltr'><strong>tempore</strong></span> 
     </span>
    </p>
   </div>
   <div class='ocr_carea' id='block_1_40' title="bbox 274 2040 1851 2119">
    <p class='ocr_par' dir='ltr' id='par_1_40' title="bbox 274 2044 1839 2119">
     <span class='ocr_line' id='line_1_40' title="bbox 274 2044 1839 2119; baseline -0.004 -16"><span class='ocrx_word' id='word_1_287' title='bbox 274 2050 356 2103; x_wconf 72' lang='grc' dir='ltr'><strong>τὸν</strong></span> <span class='ocrx_word' id='word_1_288' title='bbox 401 2047 674 2119; x_wconf 76' lang='grc' dir='ltr'><strong>τράχηλον</strong></span> <span class='ocrx_word' id='word_1_289' title='bbox 712 2048 808 2099; x_wconf 77' lang='grc' dir='ltr'><strong>καὶ</strong></span> <span class='ocrx_word' id='word_1_290' title='bbox 838 2046 1349 2116; x_wconf 81' lang='grc' dir='ltr'><strong>συμμετρησαμένη</strong></span> <span class='ocrx_word' id='word_1_291' title='bbox 1385 2044 1479 2098; x_wconf 76' lang='grc' dir='ltr'><strong>τοῦ</strong></span> <span class='ocrx_word' id='word_1_292' title='bbox 1536 2044 1839 2115; x_wconf 82' lang='grc' dir='ltr'><strong>διαστήμα-</strong></span> 
     </span>
    </p>
   </div>
   <div class='ocr_carea' id='block_1_41' title="bbox 1951 2040 3516 2119">
    <p class='ocr_par' dir='ltr' id='par_1_41' title="bbox 1951 2040 3516 2113">
     <span class='ocr_line' id='line_1_41' title="bbox 1951 2040 3516 2113; baseline 0.008 -20"><span class='ocrx_word' id='word_1_293' title='bbox 1951 2040 2093 2095; x_wconf 87' lang='lat' dir='ltr'><strong>lieret</strong></span> <span class='ocrx_word' id='word_1_294' title='bbox 2119 2040 2288 2096; x_wconf 78' lang='lat' dir='ltr'><strong>bestia</strong></span> <span class='ocrx_word' id='word_1_295' title='bbox 2318 2042 2543 2098; x_wconf 86' lang='lat' dir='ltr'><strong>rationis</strong></span> <span class='ocrx_word' id='word_1_296' title='bbox 2572 2045 2865 2113; x_wconf 85' lang='lat' dir='ltr'><strong>particeps,</strong></span> <span class='ocrx_word' id='word_1_297' title='bbox 2894 2047 3044 2100; x_wconf 81' lang='lat' dir='ltr'><strong>virus</strong></span> <span class='ocrx_word' id='word_1_298' title='bbox 3077 2063 3232 2102; x_wconf 89' lang='lat' dir='ltr'><strong>suum</strong></span> <span class='ocrx_word' id='word_1_299' title='bbox 3262 2060 3516 2106; x_wconf 73' lang='lat' dir='ltr'><strong>accurate</strong></span> 
     </span>
    </p>
   </div>
   <div class='ocr_carea' id='block_1_42' title="bbox 276 2131 1851 2209">
    <p class='ocr_par' dir='ltr' id='par_1_42' title="bbox 276 2135 1838 2209">
     <span class='ocr_line' id='line_1_42' title="bbox 276 2135 1838 2209; baseline -0.003 -16"><span class='ocrx_word' id='word_1_300' title='bbox 276 2157 354 2204; x_wconf 85' lang='grc' dir='ltr'><strong>τος</strong></span> <span class='ocrx_word' id='word_1_301' title='bbox 377 2141 442 2193; x_wconf 73' lang='grc' dir='ltr'><strong>τὺ</strong></span> <span class='ocrx_word' id='word_1_302' title='bbox 472 2139 670 2208; x_wconf 74' lang='grc' dir='ltr'><strong>μῆκος,</strong></span> <span class='ocrx_word' id='word_1_303' title='bbox 709 2136 898 2209; x_wconf 79' lang='grc' dir='ltr'><strong>ὥσπερ</strong></span> <span class='ocrx_word' id='word_1_304' title='bbox 928 2138 1023 2191; x_wconf 73' lang='grc' dir='ltr'><strong>καὶ</strong></span> <span class='ocrx_word' id='word_1_305' title='bbox 1052 2136 1174 2189; x_wconf 87' lang='grc' dir='ltr'><strong>τότε</strong></span> <span class='ocrx_word' id='word_1_306' title='bbox 1212 2135 1430 2203; x_wconf 77' lang='grc' dir='ltr'><strong>λογικὸν</strong></span> <span class='ocrx_word' id='word_1_307' title='bbox 1454 2136 1745 2206; x_wconf 78' lang='grc' dir='ltr'><strong>γενόμενον</strong></span> <span class='ocrx_word' id='word_1_308' title='bbox 1777 2136 1838 2188; x_wconf 84' lang='grc' dir='ltr'><strong>τὸ</strong></span> 
     </span>
    </p>
   </div>
   <div class='ocr_carea' id='block_1_43' title="bbox 1951 2131 3518 2209">
    <p class='ocr_par' dir='ltr' id='par_1_43' title="bbox 1951 2131 3518 2207">
     <span class='ocr_line' id='line_1_43' title="bbox 1951 2131 3518 2207; baseline 0.006 -21"><span class='ocrx_word' id='word_1_309' title='bbox 1951 2131 2181 2201; x_wconf 74' lang='lat' dir='ltr'><strong>citraque</strong></span> <span class='ocrx_word' id='word_1_310' title='bbox 2212 2132 2611 2188; x_wconf 77' lang='lat' dir='ltr'><strong>aberrationem</strong></span> <span class='ocrx_word' id='word_1_311' title='bbox 2645 2135 2697 2189; x_wconf 92' lang='lat' dir='ltr'><strong>in</strong></span> <span class='ocrx_word' id='word_1_312' title='bbox 2739 2151 2969 2206; x_wconf 90' lang='lat' dir='ltr'><strong>corpora</strong></span> <span class='ocrx_word' id='word_1_313' title='bbox 3002 2140 3237 2207; x_wconf 78' lang='lat' dir='ltr'><strong>exspuit.</strong></span> <span class='ocrx_word' id='word_1_314' title='bbox 3271 2140 3518 2196; x_wconf 84' lang='lat' dir='ltr'><strong>Tradunt</strong></span> 
     </span>
    </p>
   </div>
   <div class='ocr_carea' id='block_1_44' title="bbox 278 2224 1851 2301">
    <p class='ocr_par' dir='ltr' id='par_1_44' title="bbox 278 2226 1840 2301">
     <span class='ocr_line' id='line_1_44' title="bbox 278 2226 1840 2301; baseline -0.002 -17"><span class='ocrx_word' id='word_1_315' title='bbox 278 2232 480 2301; x_wconf 81' lang='grc' dir='ltr'><strong>θηρίον,</strong></span> <span class='ocrx_word' id='word_1_316' title='bbox 508 2231 780 2301; x_wconf 80' lang='grc' dir='ltr'><strong>εὐστόχως</strong></span> <span class='ocrx_word' id='word_1_317' title='bbox 817 2227 1053 2298; x_wconf 73' lang='grc' dir='ltr'><strong>ἐμπτύει</strong></span> <span class='ocrx_word' id='word_1_318' title='bbox 1102 2228 1215 2289; x_wconf 76' lang='grc' dir='ltr'><strong>τοῖς</strong></span> <span class='ocrx_word' id='word_1_319' title='bbox 1271 2226 1523 2298; x_wconf 88' lang='grc' dir='ltr'><strong>σώμασιν</strong></span> <span class='ocrx_word' id='word_1_320' title='bbox 1574 2228 1674 2282; x_wconf 90' lang='grc' dir='ltr'><strong>ίόν.</strong></span> <span class='ocrx_word' id='word_1_321' title='bbox 1711 2228 1840 2296; x_wconf 82' lang='grc' dir='ltr'><strong>Τρι-</strong></span> 
     </span>
    </p>
   </div>
   <div class='ocr_carea' id='block_1_45' title="bbox 1951 2224 3515 2301">
    <p class='ocr_par' dir='ltr' id='par_1_45' title="bbox 1951 2224 3515 2299">
     <span class='ocr_line' id='line_1_45' title="bbox 1951 2224 3515 2299; baseline 0.009 -25"><span class='ocrx_word' id='word_1_322' title='bbox 1951 2230 2121 2275; x_wconf 69' lang='lat' dir='ltr'><strong>autem</strong></span> <span class='ocrx_word' id='word_1_323' title='bbox 2170 2224 2414 2292; x_wconf 87' lang='lat' dir='ltr'><strong>aspidum</strong></span> <span class='ocrx_word' id='word_1_324' title='bbox 2455 2240 2628 2295; x_wconf 82' lang='lat' dir='ltr'><strong>genus</strong></span> <span class='ocrx_word' id='word_1_325' title='bbox 2677 2241 2799 2281; x_wconf 87' lang='lat' dir='ltr'><strong>esse</strong></span> <span class='ocrx_word' id='word_1_326' title='bbox 2848 2230 3062 2297; x_wconf 81' lang='lat' dir='ltr'><strong>triplex,</strong></span> <span class='ocrx_word' id='word_1_327' title='bbox 3112 2248 3345 2299; x_wconf 86' lang='lat' dir='ltr'><strong>quarum</strong></span> <span class='ocrx_word' id='word_1_328' title='bbox 3394 2235 3515 2289; x_wconf 76' lang='lat' dir='ltr'><strong>alia:</strong></span> 
     </span>
    </p>
   </div>
   <div class='ocr_carea' id='block_1_46' title="bbox 277 2312 1851 2389">
    <p class='ocr_par' dir='ltr' id='par_1_46' title="bbox 277 2313 1838 2389">
     <span class='ocr_line' id='line_1_46' title="bbox 277 2313 1838 2389; baseline -0.004 -14"><span class='ocrx_word' id='word_1_329' title='bbox 277 2323 438 2375; x_wconf 75' lang='grc' dir='ltr'><strong>πλοῦν</strong></span> <span class='ocrx_word' id='word_1_330' title='bbox 464 2322 522 2375; x_wconf 83' lang='grc' dir='ltr'><strong>δὲ</strong></span> <span class='ocrx_word' id='word_1_331' title='bbox 555 2320 805 2389; x_wconf 78' lang='grc' dir='ltr'><strong>λέγουσιν</strong></span> <span class='ocrx_word' id='word_1_332' title='bbox 852 2314 994 2372; x_wconf 76' lang='grc' dir='ltr'><strong>εἶναι</strong></span> <span class='ocrx_word' id='word_1_333' title='bbox 1051 2318 1111 2371; x_wconf 81' lang='grc' dir='ltr'><strong>τὸ</strong></span> <span class='ocrx_word' id='word_1_334' title='bbox 1144 2313 1283 2381; x_wconf 82' lang='grc' dir='ltr'><strong>εἶδος</strong></span> <span class='ocrx_word' id='word_1_335' title='bbox 1314 2318 1425 2372; x_wconf 87' lang='grc' dir='ltr'><strong>τῶν</strong></span> <span class='ocrx_word' id='word_1_336' title='bbox 1482 2319 1743 2384; x_wconf 76' lang='grc' dir='ltr'><strong>ἀσπίδων,</strong></span> <span class='ocrx_word' id='word_1_337' title='bbox 1804 2318 1838 2389; x_wconf 74' lang='grc' dir='ltr'><strong>η</strong></span> 
     </span>
    </p>
   </div>
   <div class='ocr_carea' id='block_1_47' title="bbox 1951 2312 3517 2389">
    <p class='ocr_par' dir='ltr' id='par_1_47' title="bbox 1951 2312 3517 2388">
     <span class='ocr_line' id='line_1_47' title="bbox 1951 2312 3517 2388; baseline 0.008 -22"><span class='ocrx_word' id='word_1_338' title='bbox 1951 2312 2193 2368; x_wconf 79' lang='lat' dir='ltr'><strong>dicantur</strong></span> <span class='ocrx_word' id='word_1_339' title='bbox 2228 2323 2540 2379; x_wconf 84' lang='lat' dir='ltr'><strong>terrestres,</strong></span> <span class='ocrx_word' id='word_1_340' title='bbox 2575 2316 2696 2371; x_wconf 67' lang='lat' dir='ltr'><strong>alia:</strong></span> <span class='ocrx_word' id='word_1_341' title='bbox 2730 2318 3103 2382; x_wconf 67' lang='lat' dir='ltr'><strong>chelidonaeae,</strong></span> <span class='ocrx_word' id='word_1_342' title='bbox 3158 2324 3312 2388; x_wconf 87' lang='lat' dir='ltr'><strong>quasi</strong></span> <span class='ocrx_word' id='word_1_343' title='bbox 3366 2323 3517 2379; x_wconf 84' lang='lat' dir='ltr'><strong>dicas</strong></span> 
     </span>
    </p>
   </div>
   <div class='ocr_carea' id='block_1_48' title="bbox 276 2403 1851 2483">
    <p class='ocr_par' dir='ltr' id='par_1_48' title="bbox 276 2407 1837 2483">
     <span class='ocr_line' id='line_1_48' title="bbox 276 2407 1837 2483; baseline -0.004 -17"><span class='ocrx_word' id='word_1_344' title='bbox 276 2412 539 2483; x_wconf 79' lang='grc' dir='ltr'><strong>λεγομένη</strong></span> <span class='ocrx_word' id='word_1_345' title='bbox 599 2428 658 2463; x_wconf 86' lang='grc' dir='ltr'><strong>τε</strong></span> <span class='ocrx_word' id='word_1_346' title='bbox 710 2409 964 2480; x_wconf 84' lang='grc' dir='ltr'><strong>χερσαία,</strong></span> <span class='ocrx_word' id='word_1_347' title='bbox 1016 2408 1404 2479; x_wconf 78' lang='grc' dir='ltr'><strong>ήχελιδοναία,</strong></span> <span class='ocrx_word' id='word_1_348' title='bbox 1470 2408 1566 2461; x_wconf 83' lang='grc' dir='ltr'><strong>καὶ</strong></span> <span class='ocrx_word' id='word_1_349' title='bbox 1616 2408 1753 2478; x_wconf 89' lang='grc' dir='ltr'><strong>α’ύτη</strong></span> <span class='ocrx_word' id='word_1_350' title='bbox 1804 2407 1837 2479; x_wconf 80' lang='grc' dir='ltr'><strong>ἠ</strong></span> 
     </span>
    </p>
   </div>
   <div class='ocr_carea' id='block_1_49' title="bbox 1951 2403 3516 2483">
    <p class='ocr_par' dir='ltr' id='par_1_49' title="bbox 1951 2404 3516 2479">
     <span class='ocr_line' id='line_1_49' title="bbox 1951 2404 3516 2479; baseline 0.007 -21"><span class='ocrx_word' id='word_1_351' title='bbox 1951 2404 2325 2471; x_wconf 87' lang='lat' dir='ltr'><strong>hirundineas,</strong></span> <span class='ocrx_word' id='word_1_352' title='bbox 2358 2408 2477 2460; x_wconf 56' lang='lat' dir='ltr'><strong>alite</strong></span> <span class='ocrx_word' id='word_1_353' title='bbox 2502 2408 2726 2478; x_wconf 83' lang='lat' dir='ltr'><strong>ptyades</strong></span> <span class='ocrx_word' id='word_1_354' title='bbox 2748 2450 2764 2474; x_wconf 91' lang='lat'><strong>,</strong></span> <span class='ocrx_word' id='word_1_355' title='bbox 2817 2409 2884 2464; x_wconf 91' lang='lat' dir='ltr'><strong>de</strong></span> <span class='ocrx_word' id='word_1_356' title='bbox 2918 2411 3117 2479; x_wconf 85' lang='lat' dir='ltr'><strong>quibus</strong></span> <span class='ocrx_word' id='word_1_357' title='bbox 3153 2413 3380 2467; x_wconf 88' lang='lat' dir='ltr'><strong>dictum.</strong></span> <span class='ocrx_word' id='word_1_358' title='bbox 3439 2415 3516 2470; x_wconf 81' lang='lat' dir='ltr'><strong>Ex</strong></span> 
     </span>
    </p>
   </div>
   <div class='ocr_carea' id='block_1_50' title="bbox 277 2494 1851 2570">
    <p class='ocr_par' dir='ltr' id='par_1_50' title="bbox 277 2496 1839 2568">
     <span class='ocr_line' id='line_1_50' title="bbox 277 2496 1839 2568; baseline -0.004 -13"><span class='ocrx_word' id='word_1_359' title='bbox 277 2504 468 2563; x_wconf 81' lang='grc' dir='ltr'><strong>πτυάς.</strong></span> <span class='ocrx_word' id='word_1_360' title='bbox 499 2501 718 2555; x_wconf 86' lang='grc' dir='ltr'><strong>Τούτων</strong></span> <span class='ocrx_word' id='word_1_361' title='bbox 747 2501 827 2552; x_wconf 77' lang='grc' dir='ltr'><strong>ἑνὶ</strong></span> <span class='ocrx_word' id='word_1_362' title='bbox 850 2498 956 2551; x_wconf 89' lang='grc' dir='ltr'><strong>τῶν</strong></span> <span class='ocrx_word' id='word_1_363' title='bbox 998 2497 1165 2567; x_wconf 81' lang='grc' dir='ltr'><strong>τριῶν</strong></span> <span class='ocrx_word' id='word_1_364' title='bbox 1224 2497 1323 2568; x_wconf 76' lang='grc' dir='ltr'><strong>τὴν</strong></span> <span class='ocrx_word' id='word_1_365' title='bbox 1359 2496 1610 2567; x_wconf 83' lang='grc' dir='ltr'><strong>βασιλίδα</strong></span> <span class='ocrx_word' id='word_1_366' title='bbox 1668 2497 1839 2550; x_wconf 77' lang='grc' dir='ltr'><strong>Κλεο-</strong></span> 
     </span>
    </p>
   </div>
   <div class='ocr_carea' id='block_1_51' title="bbox 1951 2494 3512 2570">
    <p class='ocr_par' dir='ltr' id='par_1_51' title="bbox 1951 2495 3512 2570">
     <span class='ocr_line' id='line_1_51' title="bbox 1951 2495 3512 2570; baseline 0.004 -19"><span class='ocrx_word' id='word_1_367' title='bbox 1951 2495 2026 2551; x_wconf 83' lang='lat' dir='ltr'><strong>bis</strong></span> <span class='ocrx_word' id='word_1_368' title='bbox 2080 2496 2252 2551; x_wconf 86' lang='lat' dir='ltr'><strong>tribus</strong></span> <span class='ocrx_word' id='word_1_369' title='bbox 2296 2514 2402 2553; x_wconf 85' lang='lat' dir='ltr'><strong>una</strong></span> <span class='ocrx_word' id='word_1_370' title='bbox 2444 2499 2646 2568; x_wconf 72' lang='lat' dir='ltr'><strong>regina:</strong></span> <span class='ocrx_word' id='word_1_371' title='bbox 2687 2498 2993 2569; x_wconf 64' lang='lat' dir='ltr'><strong>Cleopatra:</strong></span> <span class='ocrx_word' id='word_1_372' title='bbox 3026 2511 3258 2556; x_wconf 86' lang='lat' dir='ltr'><strong>mortem</strong></span> <span class='ocrx_word' id='word_1_373' title='bbox 3300 2504 3512 2570; x_wconf 76' lang='lat' dir='ltr'><strong>attulit,</strong></span> 
     </span>
    </p>
   </div>
   <div class='ocr_carea' id='block_1_52' title="bbox 280 2586 1851 2666">
    <p class='ocr_par' dir='ltr' id='par_1_52' title="bbox 280 2590 1839 2666">
     <span class='ocr_line' id='line_1_52' title="bbox 280 2590 1839 2666; baseline -0.004 -16"><span class='ocrx_word' id='word_1_374' title='bbox 280 2596 486 2665; x_wconf 78' lang='grc' dir='ltr'><strong>πάτραν</strong></span> <span class='ocrx_word' id='word_1_375' title='bbox 513 2594 868 2666; x_wconf 77' lang='grc' dir='ltr'><strong>ἀναιρεθῆναί</strong></span> <span class='ocrx_word' id='word_1_376' title='bbox 904 2608 1062 2662; x_wconf 77' lang='grc' dir='ltr'><strong>φασι,</strong></span> <span class='ocrx_word' id='word_1_377' title='bbox 1084 2590 1270 2652; x_wconf 77' lang='grc' dir='ltr'>λαθεῖν</span> <span class='ocrx_word' id='word_1_378' title='bbox 1301 2591 1662 2662; x_wconf 78' lang='grc' dir='ltr'><strong>βουληθεῖσαν</strong></span> <span class='ocrx_word' id='word_1_379' title='bbox 1710 2591 1839 2654; x_wconf 67' lang='grc' dir='ltr'><strong>τοὺς</strong></span> 
     </span>
    </p>
   </div>
   <div class='ocr_carea' id='block_1_53' title="bbox 1951 2586 3516 2666">
    <p class='ocr_par' dir='ltr' id='par_1_53' title="bbox 1951 2586 3516 2650">
     <span class='ocr_line' id='line_1_53' title="bbox 1951 2586 3516 2650; baseline 0.006 -8"><span class='ocrx_word' id='word_1_380' title='bbox 1951 2601 2063 2643; x_wconf 78' lang='lat' dir='ltr'><strong>cum</strong></span> <span class='ocrx_word' id='word_1_381' title='bbox 2122 2586 2309 2644; x_wconf 74' lang='lat' dir='ltr'><strong>fallere</strong></span> <span class='ocrx_word' id='word_1_382' title='bbox 2343 2592 2597 2646; x_wconf 79' lang='lat' dir='ltr'><strong>custodes</strong></span> <span class='ocrx_word' id='word_1_383' title='bbox 2634 2591 2913 2648; x_wconf 84' lang='lat' dir='ltr'><strong>adhibitos</strong></span> <span class='ocrx_word' id='word_1_384' title='bbox 2940 2593 3044 2648; x_wconf 86' lang='lat' dir='ltr'><strong>sibi</strong></span> <span class='ocrx_word' id='word_1_385' title='bbox 3074 2593 3234 2648; x_wconf 83' lang='lat' dir='ltr'><strong>vellet</strong></span> <span class='ocrx_word' id='word_1_386' title='bbox 3275 2610 3341 2649; x_wconf 88' lang='lat' dir='ltr'><strong>ac</strong></span> <span class='ocrx_word' id='word_1_387' title='bbox 3368 2596 3516 2650; x_wconf 84' lang='lat' dir='ltr'><strong>cele-</strong></span> 
     </span>
    </p>
   </div>
   <div class='ocr_carea' id='block_1_54' title="bbox 278 2683 1837 2754">
    <p class='ocr_par' dir='ltr' id='par_1_54' title="bbox 278 2683 1837 2754">
     <span class='ocr_line' id='line_1_54' title="bbox 278 2683 1837 2754; baseline 0 -17"><span class='ocrx_word' id='word_1_388' title='bbox 278 2685 672 2752; x_wconf 75' lang='grc' dir='ltr'><strong>φυλάσσοντας,</strong></span> <span class='ocrx_word' id='word_1_389' title='bbox 696 2686 905 2754; x_wconf 81' lang='grc' dir='ltr'><strong>ταχέως</strong></span> <span class='ocrx_word' id='word_1_390' title='bbox 937 2701 997 2737; x_wconf 89' lang='grc' dir='ltr'><strong>τε</strong></span> <span class='ocrx_word' id='word_1_391' title='bbox 1037 2684 1131 2738; x_wconf 80' lang='grc' dir='ltr'><strong>καὶ</strong></span> <span class='ocrx_word' id='word_1_392' title='bbox 1158 2684 1490 2747; x_wconf 78' lang='grc' dir='ltr'><strong>ἀνυπόπτως</strong></span> <span class='ocrx_word' id='word_1_393' title='bbox 1522 2683 1837 2738; x_wconf 86' lang='grc' dir='ltr'><strong>ἀποθανεῖν.</strong></span> 
     </span>
    </p>
   </div>
   <div class='ocr_carea' id='block_1_55' title="bbox 288 2774 1842 2848">
    <p class='ocr_par' dir='ltr' id='par_1_55' title="bbox 288 2774 1842 2848">
     <span class='ocr_line' id='line_1_55' title="bbox 288 2774 1842 2848; baseline -0.003 -17"><span class='ocrx_word' id='word_1_394' title='bbox 288 2778 343 2831; x_wconf 90' lang='lat'><strong>&#39;0</strong></span> <span class='ocrx_word' id='word_1_395' title='bbox 376 2779 487 2846; x_wconf 68' lang='grc' dir='ltr'><strong>γὰρ</strong></span> <span class='ocrx_word' id='word_1_396' title='bbox 547 2776 853 2846; x_wconf 78' lang='grc' dir='ltr'><strong>Αὔγουστος</strong></span> <span class='ocrx_word' id='word_1_397' title='bbox 896 2777 1114 2848; x_wconf 81' lang='grc' dir='ltr'><strong>Καῖσαρ</strong></span> <span class='ocrx_word' id='word_1_398' title='bbox 1173 2776 1422 2845; x_wconf 82' lang='grc' dir='ltr'><strong>νενίκηκε</strong></span> <span class='ocrx_word' id='word_1_399' title='bbox 1466 2775 1691 2845; x_wconf 84' lang='grc' dir='ltr'><strong>ταύτην,</strong></span> <span class='ocrx_word' id='word_1_400' title='bbox 1746 2774 1842 2827; x_wconf 80' lang='grc' dir='ltr'><strong>καὶ</strong></span> 
     </span>
    </p>
   </div>
   <div class='ocr_carea' id='block_1_56' title="bbox 284 2866 1841 2942">
    <p class='ocr_par' dir='ltr' id='par_1_56' title="bbox 284 2866 1841 2942">
     <span class='ocr_line' id='line_1_56' title="bbox 284 2866 1841 2942; baseline -0.001 -20"><span class='ocrx_word' id='word_1_401' title='bbox 284 2870 558 2942; x_wconf 63' lang='grc' dir='ltr'><strong>βουληθεὶς</strong></span> <span class='ocrx_word' id='word_1_402' title='bbox 593 2870 861 2939; x_wconf 78' lang='grc' dir='ltr'><strong>Ἀντωνίῳ</strong></span> <span class='ocrx_word' id='word_1_403' title='bbox 896 2867 1231 2937; x_wconf 78' lang='grc' dir='ltr'><strong>παραδοῦναι</strong></span> <span class='ocrx_word' id='word_1_404' title='bbox 1257 2870 1420 2940; x_wconf 76' lang='grc' dir='ltr'><strong>αὐτῇ,</strong></span> <span class='ocrx_word' id='word_1_405' title='bbox 1454 2868 1594 2940; x_wconf 75' lang='grc' dir='ltr'><strong>πρὸς</strong></span> <span class='ocrx_word' id='word_1_406' title='bbox 1625 2866 1682 2920; x_wconf 76' lang='grc' dir='ltr'><strong>δὲ</strong></span> <span class='ocrx_word' id='word_1_407' title='bbox 1744 2866 1841 2921; x_wconf 77' lang='grc' dir='ltr'><strong>καὶ</strong></span> 
     </span>
    </p>
   </div>
   <div class='ocr_carea' id='block_1_57' title="bbox 284 2957 1839 3034">
    <p class='ocr_par' dir='ltr' id='par_1_57' title="bbox 284 2957 1839 3034">
     <span class='ocr_line' id='line_1_57' title="bbox 284 2957 1839 3034; baseline -0.003 -19"><span class='ocrx_word' id='word_1_408' title='bbox 284 2962 734 3034; x_wconf 62' lang='grc' dir='ltr'><strong>θρωμόευθῆναι,</strong></span> <span class='ocrx_word' id='word_1_409' title='bbox 777 2961 836 3014; x_wconf 84' lang='grc' dir='ltr'><strong>ού</strong></span> <span class='ocrx_word' id='word_1_410' title='bbox 887 2960 1050 3014; x_wconf 78' lang='grc' dir='ltr'><strong>καλὸν</strong></span> <span class='ocrx_word' id='word_1_411' title='bbox 1099 2960 1237 3031; x_wconf 72' lang='grc' dir='ltr'><strong>αὐτῇ</strong></span> <span class='ocrx_word' id='word_1_412' title='bbox 1282 2960 1617 3031; x_wconf 78' lang='grc' dir='ltr'><strong>προὺξένησε</strong></span> <span class='ocrx_word' id='word_1_413' title='bbox 1653 2957 1839 3029; x_wconf 82' lang='grc' dir='ltr'><strong>μόρον.</strong></span> 
     </span>
    </p>
   </div>
   <div class='ocr_carea' id='block_1_58' title="bbox 283 3044 1842 3121">
    <p class='ocr_par' dir='ltr' id='par_1_58' title="bbox 283 3044 1842 3121">
     <span class='ocr_line' id='line_1_58' title="bbox 283 3044 1842 3121; baseline -0.006 -16"><span class='ocrx_word' id='word_1_414' title='bbox 283 3054 506 3106; x_wconf 85' lang='grc' dir='ltr'><strong>Συνεῖσα</strong></span> <span class='ocrx_word' id='word_1_415' title='bbox 541 3052 649 3119; x_wconf 85' lang='grc' dir='ltr'><strong>γὰρ</strong></span> <span class='ocrx_word' id='word_1_416' title='bbox 674 3050 859 3116; x_wconf 84' lang='grc' dir='ltr'><strong>ἐκείνη</strong></span> <span class='ocrx_word' id='word_1_417' title='bbox 889 3052 949 3101; x_wconf 88' lang='grc' dir='ltr'><strong>τὸ</strong></span> <span class='ocrx_word' id='word_1_418' title='bbox 974 3049 1183 3121; x_wconf 79' lang='grc' dir='ltr'><strong>δρᾶμα,</strong></span> <span class='ocrx_word' id='word_1_419' title='bbox 1216 3047 1516 3103; x_wconf 80' lang='grc' dir='ltr'><strong>κάντεῦθεν</strong></span> <span class='ocrx_word' id='word_1_420' title='bbox 1543 3045 1604 3109; x_wconf 79' lang='grc' dir='ltr'><strong>ἐξ</strong></span> <span class='ocrx_word' id='word_1_421' title='bbox 1629 3044 1842 3117; x_wconf 86' lang='grc' dir='ltr'><strong>ἀνθρώ-</strong></span> 
     </span>
    </p>
   </div>
   <div class='ocr_carea' id='block_1_59' title="bbox 286 3135 1841 3211">
    <p class='ocr_par' dir='ltr' id='par_1_59' title="bbox 286 3135 1841 3211">
     <span class='ocr_line' id='line_1_59' title="bbox 286 3135 1841 3211; baseline -0.005 -15"><span class='ocrx_word' id='word_1_422' title='bbox 286 3162 395 3197; x_wconf 73' lang='grc' dir='ltr'><strong>πων</strong></span> <span class='ocrx_word' id='word_1_423' title='bbox 425 3141 679 3211; x_wconf 72' lang='grc' dir='ltr'><strong>γενέσθαι</strong></span> <span class='ocrx_word' id='word_1_424' title='bbox 726 3142 933 3195; x_wconf 77' lang='grc' dir='ltr'><strong>δίκαιον</strong></span> <span class='ocrx_word' id='word_1_425' title='bbox 970 3140 1228 3210; x_wconf 86' lang='grc' dir='ltr'><strong>κρίνασα,</strong></span> <span class='ocrx_word' id='word_1_426' title='bbox 1264 3138 1356 3193; x_wconf 87' lang='grc' dir='ltr'><strong>διά</strong></span> <span class='ocrx_word' id='word_1_427' title='bbox 1403 3153 1566 3191; x_wconf 88' lang='grc' dir='ltr'><strong>τινων</strong></span> <span class='ocrx_word' id='word_1_428' title='bbox 1610 3135 1702 3189; x_wconf 89' lang='grc' dir='ltr'><strong>δύο</strong></span> <span class='ocrx_word' id='word_1_429' title='bbox 1740 3154 1841 3205; x_wconf 87' lang='grc' dir='ltr'><strong>γυ-</strong></span> 
     </span>
    </p>
   </div>
   <div class='ocr_carea' id='block_1_60' title="bbox 282 3226 1844 3302">
    <p class='ocr_par' dir='ltr' id='par_1_60' title="bbox 282 3226 1844 3302">
     <span class='ocr_line' id='line_1_60' title="bbox 282 3226 1844 3302; baseline -0.004 -17"><span class='ocrx_word' id='word_1_430' title='bbox 282 3235 479 3287; x_wconf 66' lang='lat' dir='ltr'><strong>uter</strong></span> <span class='ocrx_word' id='word_1_431' title='bbox 505 3233 699 3302; x_wconf 82' lang='grc' dir='ltr'><strong>αὐτῆς,</strong></span> <span class='ocrx_word' id='word_1_432' title='bbox 735 3230 977 3302; x_wconf 85' lang='grc' dir='ltr'><strong>Ναείρας</strong></span> <span class='ocrx_word' id='word_1_433' title='bbox 1008 3230 1102 3284; x_wconf 71' lang='grc' dir='ltr'><strong>καὶ</strong></span> <span class='ocrx_word' id='word_1_434' title='bbox 1132 3229 1471 3301; x_wconf 83' lang='grc' dir='ltr'><strong>Χαρμιόνης,</strong></span> <span class='ocrx_word' id='word_1_435' title='bbox 1523 3227 1616 3282; x_wconf 83' lang='grc' dir='ltr'><strong>τὸν</strong></span> <span class='ocrx_word' id='word_1_436' title='bbox 1646 3226 1844 3295; x_wconf 76' lang='grc' dir='ltr'><strong>ἑαυτῆς</strong></span> 
     </span>
    </p>
   </div>
   <div class='ocr_carea' id='block_1_61' title="bbox 286 3317 1847 3395">
    <p class='ocr_par' dir='ltr' id='par_1_61' title="bbox 286 3317 1847 3395">
     <span class='ocr_line' id='line_1_61' title="bbox 286 3317 1847 3395; baseline -0.006 -15"><span class='ocrx_word' id='word_1_437' title='bbox 286 3327 508 3383; x_wconf 77' lang='grc' dir='ltr'><strong>θάνατον</strong></span> <span class='ocrx_word' id='word_1_438' title='bbox 564 3325 785 3395; x_wconf 73' lang='grc' dir='ltr'><strong>μελετᾷ.</strong></span> <span class='ocrx_word' id='word_1_439' title='bbox 817 3324 916 3379; x_wconf 84' lang='grc' dir='ltr'>Διά</span> <span class='ocrx_word' id='word_1_440' title='bbox 971 3324 1101 3393; x_wconf 77' lang='grc' dir='ltr'><strong>γοῦν</strong></span> <span class='ocrx_word' id='word_1_441' title='bbox 1149 3321 1483 3375; x_wconf 86' lang='grc' dir='ltr'><strong>καλαθίσκου</strong></span> <span class='ocrx_word' id='word_1_442' title='bbox 1534 3319 1678 3382; x_wconf 73' lang='grc' dir='ltr'><strong>τινος</strong></span> <span class='ocrx_word' id='word_1_443' title='bbox 1705 3317 1847 3371; x_wconf 82' lang='grc' dir='ltr'><strong>σῦκα</strong></span> 
     </span>
    </p>
   </div>
   <div class='ocr_carea' id='block_1_62' title="bbox 284 3410 1847 3488">
    <p class='ocr_par' dir='ltr' id='par_1_62' title="bbox 284 3410 1847 3488">
     <span class='ocr_line' id='line_1_62' title="bbox 284 3410 1847 3488; baseline -0.006 -16"><span class='ocrx_word' id='word_1_444' title='bbox 284 3421 373 3472; x_wconf 74' lang='grc' dir='ltr'><strong>καὶ</strong></span> <span class='ocrx_word' id='word_1_445' title='bbox 408 3418 687 3487; x_wconf 71' lang='grc' dir='ltr'><strong>σταφυλὰς</strong></span> <span class='ocrx_word' id='word_1_446' title='bbox 710 3416 947 3488; x_wconf 72' lang='grc' dir='ltr'><strong>ἔχοντος,</strong></span> <span class='ocrx_word' id='word_1_447' title='bbox 988 3416 1150 3486; x_wconf 81' lang='grc' dir='ltr'><strong>χάριν</strong></span> <span class='ocrx_word' id='word_1_448' title='bbox 1207 3413 1302 3466; x_wconf 82' lang='grc' dir='ltr'><strong>τοῦ</strong></span> <span class='ocrx_word' id='word_1_449' title='bbox 1353 3412 1541 3465; x_wconf 86' lang='grc' dir='ltr'><strong>λαθεῖν</strong></span> <span class='ocrx_word' id='word_1_450' title='bbox 1580 3412 1706 3474; x_wconf 74' lang='grc' dir='ltr'><strong>τοὺς</strong></span> <span class='ocrx_word' id='word_1_451' title='bbox 1753 3410 1847 3464; x_wconf 85' lang='grc' dir='ltr'><strong>αὑ-</strong></span> 
     </span>
    </p>
   </div>
   <div class='ocr_carea' id='block_1_63' title="bbox 285 3502 1848 3582">
    <p class='ocr_par' dir='ltr' id='par_1_63' title="bbox 285 3502 1848 3582">
     <span class='ocr_line' id='line_1_63' title="bbox 285 3502 1848 3582; baseline -0.006 -17"><span class='ocrx_word' id='word_1_452' title='bbox 285 3514 377 3581; x_wconf 75' lang='grc' dir='ltr'><strong>τὴν</strong></span> <span class='ocrx_word' id='word_1_453' title='bbox 409 3511 811 3582; x_wconf 74' lang='grc' dir='ltr'><strong>φυλάσσοντας,</strong></span> <span class='ocrx_word' id='word_1_454' title='bbox 853 3509 1139 3575; x_wconf 75' lang='grc' dir='ltr'><strong>είσάγεται</strong></span> <span class='ocrx_word' id='word_1_455' title='bbox 1189 3505 1249 3559; x_wconf 81' lang='grc' dir='ltr'><strong>τὸ</strong></span> <span class='ocrx_word' id='word_1_456' title='bbox 1275 3505 1463 3576; x_wconf 84' lang='grc' dir='ltr'><strong>θηρίον</strong></span> <span class='ocrx_word' id='word_1_457' title='bbox 1490 3522 1502 3536; x_wconf 68' lang='grc' dir='ltr'><strong>ι</strong></span> <span class='ocrx_word' id='word_1_458' title='bbox 1545 3503 1637 3555; x_wconf 69' lang='grc' dir='ltr'><strong>καὶ</strong></span> <span class='ocrx_word' id='word_1_459' title='bbox 1660 3502 1848 3571; x_wconf 75' lang='grc' dir='ltr'><strong>πρῶτα</strong></span> 
     </span>
    </p>
   </div>
   <div class='ocr_carea' id='block_1_64' title="bbox 289 3591 1849 3671">
    <p class='ocr_par' dir='ltr' id='par_1_64' title="bbox 289 3591 1849 3671">
     <span class='ocr_line' id='line_1_64' title="bbox 289 3591 1849 3671; baseline -0.008 -16"><span class='ocrx_word' id='word_1_460' title='bbox 289 3603 387 3671; x_wconf 73' lang='grc' dir='ltr'><strong>μὲν</strong></span> <span class='ocrx_word' id='word_1_461' title='bbox 415 3603 545 3655; x_wconf 74' lang='grc' dir='ltr'><strong>αὐτὸ</strong></span> <span class='ocrx_word' id='word_1_462' title='bbox 576 3604 697 3661; x_wconf 83' lang='grc' dir='ltr'><strong>ταῖς</strong></span> <span class='ocrx_word' id='word_1_463' title='bbox 727 3599 945 3668; x_wconf 74' lang='grc' dir='ltr'><strong>γυναιξὶ</strong></span> <span class='ocrx_word' id='word_1_464' title='bbox 998 3596 1305 3667; x_wconf 77' lang='grc' dir='ltr'><strong>δοκιμάζει,</strong></span> <span class='ocrx_word' id='word_1_465' title='bbox 1362 3592 1481 3647; x_wconf 73' lang='grc' dir='ltr'><strong>εἶτα</strong></span> <span class='ocrx_word' id='word_1_466' title='bbox 1526 3591 1731 3660; x_wconf 82' lang='grc' dir='ltr'>γνοῦσα</span> <span class='ocrx_word' id='word_1_467' title='bbox 1774 3592 1849 3652; x_wconf 80' lang='grc' dir='ltr'><strong>ὡς</strong></span> 
     </span>
    </p>
   </div>
   <div class='ocr_carea' id='block_1_65' title="bbox 286 3680 1847 3761">
    <p class='ocr_par' dir='ltr' id='par_1_65' title="bbox 286 3680 1847 3761">
     <span class='ocr_line' id='line_1_65' title="bbox 286 3680 1847 3761; baseline -0.009 -18"><span class='ocrx_word' id='word_1_468' title='bbox 286 3692 374 3757; x_wconf 70' lang='grc' dir='ltr'><strong>ὀξυ</strong></span> <span class='ocrx_word' id='word_1_469' title='bbox 413 3693 473 3744; x_wconf 72' lang='grc' dir='ltr'><strong>τὸ</strong></span> <span class='ocrx_word' id='word_1_470' title='bbox 512 3691 701 3761; x_wconf 86' lang='grc' dir='ltr'><strong>θηρίον</strong></span> <span class='ocrx_word' id='word_1_471' title='bbox 726 3690 806 3751; x_wconf 79' lang='grc' dir='ltr'><strong>εἰς</strong></span> <span class='ocrx_word' id='word_1_472' title='bbox 836 3687 1139 3757; x_wconf 78' lang='grc' dir='ltr'><strong>ἀναίρεσιν,</strong></span> <span class='ocrx_word' id='word_1_473' title='bbox 1183 3685 1418 3737; x_wconf 77' lang='grc' dir='ltr'><strong>θέλουσα</strong></span> <span class='ocrx_word' id='word_1_474' title='bbox 1448 3682 1505 3735; x_wconf 85' lang='grc' dir='ltr'><strong>δὲ</strong></span> <span class='ocrx_word' id='word_1_475' title='bbox 1550 3682 1643 3736; x_wconf 77' lang='grc' dir='ltr'><strong>καὶ</strong></span> <span class='ocrx_word' id='word_1_476' title='bbox 1698 3680 1847 3743; x_wconf 54' lang='grc' dir='ltr'><strong>εὖγε.</strong></span> 
     </span>
    </p>
   </div>
   <div class='ocr_carea' id='block_1_66' title="bbox 289 3771 1849 3851">
    <p class='ocr_par' dir='ltr' id='par_1_66' title="bbox 289 3771 1849 3851">
     <span class='ocr_line' id='line_1_66' title="bbox 289 3771 1849 3851; baseline -0.011 -12"><span class='ocrx_word' id='word_1_477' title='bbox 289 3787 393 3850; x_wconf 89' lang='grc' dir='ltr'><strong>νῶς</strong></span> <span class='ocrx_word' id='word_1_478' title='bbox 426 3785 746 3848; x_wconf 75' lang='grc' dir='ltr'>ἀποθανεῖν,</span> <span class='ocrx_word' id='word_1_479' title='bbox 799 3781 898 3851; x_wconf 80' lang='grc' dir='ltr'><strong>τὴν</strong></span> <span class='ocrx_word' id='word_1_480' title='bbox 962 3777 1249 3848; x_wconf 75' lang='grc' dir='ltr'><strong>βασιλικὴν</strong></span> <span class='ocrx_word' id='word_1_481' title='bbox 1319 3775 1563 3828; x_wconf 72' lang='grc' dir='ltr'><strong>ἐνδύεται</strong></span> <span class='ocrx_word' id='word_1_482' title='bbox 1632 3771 1849 3841; x_wconf 80' lang='grc' dir='ltr'><strong>στολὴν,</strong></span> 
     </span>
    </p>
   </div>
   <div class='ocr_carea' id='block_1_67' title="bbox 288 3863 1853 3939">
    <p class='ocr_par' dir='ltr' id='par_1_67' title="bbox 288 3863 1853 3939">
     <span class='ocr_line' id='line_1_67' title="bbox 288 3863 1853 3939; baseline -0.011 -9"><span class='ocrx_word' id='word_1_483' title='bbox 288 3879 378 3930; x_wconf 72' lang='grc' dir='ltr'><strong>καὶ</strong></span> <span class='ocrx_word' id='word_1_484' title='bbox 422 3876 592 3937; x_wconf 72' lang='grc' dir='ltr'><strong>οὕτως</strong></span> <span class='ocrx_word' id='word_1_485' title='bbox 658 3873 719 3925; x_wconf 81' lang='grc' dir='ltr'><strong>τὸ</strong></span> <span class='ocrx_word' id='word_1_486' title='bbox 768 3871 955 3939; x_wconf 79' lang='grc' dir='ltr'><strong>θηρίον</strong></span> <span class='ocrx_word' id='word_1_487' title='bbox 1014 3866 1398 3939; x_wconf 75' lang='grc' dir='ltr'><strong>προσϐαλοῦσα</strong></span> <span class='ocrx_word' id='word_1_488' title='bbox 1441 3865 1521 3937; x_wconf 85' lang='grc' dir='ltr'><strong>τῷ</strong></span> <span class='ocrx_word' id='word_1_489' title='bbox 1576 3863 1853 3939; x_wconf 82' lang='grc' dir='ltr'><strong>ἀριστερῴ</strong></span> 
     </span>
    </p>
   </div>
   <div class='ocr_carea' id='block_1_68' title="bbox 290 3950 1853 4036">
    <p class='ocr_par' dir='ltr' id='par_1_68' title="bbox 290 3950 1853 4036">
     <span class='ocr_line' id='line_1_68' title="bbox 290 3950 1853 4036; baseline -0.011 -18"><span class='ocrx_word' id='word_1_490' title='bbox 290 3966 443 4036; x_wconf 75' lang='grc' dir='ltr'><strong>μαζῷ</strong></span> <span class='ocrx_word' id='word_1_491' title='bbox 479 3966 618 4036; x_wconf 69' lang='grc' dir='ltr'><strong>(ᾔδει</strong></span> <span class='ocrx_word' id='word_1_492' title='bbox 644 3962 754 4029; x_wconf 82' lang='grc' dir='ltr'><strong>γὰρ</strong></span> <span class='ocrx_word' id='word_1_493' title='bbox 789 3963 966 4013; x_wconf 73' lang='grc' dir='ltr'><strong>ἐκεῖσε</strong></span> <span class='ocrx_word' id='word_1_494' title='bbox 994 3959 1174 4012; x_wconf 85' lang='grc' dir='ltr'><strong>νεύειν</strong></span> <span class='ocrx_word' id='word_1_495' title='bbox 1200 3956 1299 4026; x_wconf 82' lang='grc' dir='ltr'><strong>τὴν</strong></span> <span class='ocrx_word' id='word_1_496' title='bbox 1333 3953 1615 4024; x_wconf 87' lang='grc' dir='ltr'><strong>καρδίαν),</strong></span> <span class='ocrx_word' id='word_1_497' title='bbox 1647 3950 1853 4022; x_wconf 79' lang='grc' dir='ltr'><strong>βασιλιο</strong></span> 
     </span>
    </p>
   </div>
   <div class='ocr_carea' id='block_1_69' title="bbox 288 4044 1854 4124">
    <p class='ocr_par' dir='ltr' id='par_1_69' title="bbox 288 4044 1854 4124">
     <span class='ocr_line' id='line_1_69' title="bbox 288 4044 1854 4124; baseline -0.011 -13"><span class='ocrx_word' id='word_1_498' title='bbox 288 4059 397 4120; x_wconf 85' lang='grc' dir='ltr'><strong>κῶς</strong></span> <span class='ocrx_word' id='word_1_499' title='bbox 445 4055 823 4124; x_wconf 76' lang='grc' dir='ltr'><strong>ἀποθνήσκειο</strong></span> <span class='ocrx_word' id='word_1_500' title='bbox 876 4054 974 4107; x_wconf 86' lang='grc' dir='ltr'><strong>καὶ</strong></span> <span class='ocrx_word' id='word_1_501' title='bbox 1017 4050 1127 4120; x_wconf 80' lang='grc' dir='ltr'><strong>γὰρ</strong></span> <span class='ocrx_word' id='word_1_502' title='bbox 1184 4049 1436 4116; x_wconf 78' lang='grc' dir='ltr'><strong>λέγουσιν</strong></span> <span class='ocrx_word' id='word_1_503' title='bbox 1489 4046 1659 4115; x_wconf 76' lang='grc' dir='ltr'><strong>αὐτῆς</strong></span> <span class='ocrx_word' id='word_1_504' title='bbox 1699 4044 1854 4113; x_wconf 73' lang='grc' dir='ltr'><strong>εὑρε-</strong></span> 
     </span>
    </p>
   </div>
   <div class='ocr_carea' id='block_1_70' title="bbox 1944 2679 3521 2751">
    <p class='ocr_par' dir='ltr' id='par_1_70' title="bbox 1944 2679 3521 2751">
     <span class='ocr_line' id='line_1_70' title="bbox 1944 2679 3521 2751; baseline 0.006 -18"><span class='ocrx_word' id='word_1_505' title='bbox 1944 2679 2083 2734; x_wconf 86' lang='lat' dir='ltr'><strong>riter</strong></span> <span class='ocrx_word' id='word_1_506' title='bbox 2114 2681 2362 2750; x_wconf 87' lang='lat' dir='ltr'><strong>citraque</strong></span> <span class='ocrx_word' id='word_1_507' title='bbox 2409 2682 2782 2751; x_wconf 75' lang='lat' dir='ltr'><strong>suspicionem</strong></span> <span class='ocrx_word' id='word_1_508' title='bbox 2811 2697 3027 2739; x_wconf 88' lang='lat' dir='ltr'><strong>omnem</strong></span> <span class='ocrx_word' id='word_1_509' title='bbox 3076 2686 3237 2740; x_wconf 82' lang='lat' dir='ltr'><strong>uteri.</strong></span> <span class='ocrx_word' id='word_1_510' title='bbox 3302 2686 3521 2742; x_wconf 72' lang='lat' dir='ltr'><strong>Vicerat</strong></span> 
     </span>
    </p>
   </div>
   <div class='ocr_carea' id='block_1_71' title="bbox 1943 2772 3517 2846">
    <p class='ocr_par' dir='ltr' id='par_1_71' title="bbox 1943 2772 3517 2846">
     <span class='ocr_line' id='line_1_71' title="bbox 1943 2772 3517 2846; baseline 0.004 -19"><span class='ocrx_word' id='word_1_511' title='bbox 1943 2772 2091 2827; x_wconf 86' lang='lat' dir='ltr'><strong>enim</strong></span> <span class='ocrx_word' id='word_1_512' title='bbox 2138 2773 2282 2828; x_wconf 88' lang='lat' dir='ltr'><strong>hanc</strong></span> <span class='ocrx_word' id='word_1_513' title='bbox 2330 2774 2613 2844; x_wconf 77' lang='lat' dir='ltr'><strong>Augustus</strong></span> <span class='ocrx_word' id='word_1_514' title='bbox 2642 2774 2847 2841; x_wconf 66' lang='lat' dir='ltr'><strong>(Imsar,</strong></span> <span class='ocrx_word' id='word_1_515' title='bbox 2892 2791 3128 2846; x_wconf 83' lang='lat' dir='ltr'><strong>cumque</strong></span> <span class='ocrx_word' id='word_1_516' title='bbox 3182 2778 3346 2833; x_wconf 78' lang='lat' dir='ltr'><strong>vellet</strong></span> <span class='ocrx_word' id='word_1_517' title='bbox 3396 2794 3517 2834; x_wconf 89' lang='lat' dir='ltr'><strong>eam</strong></span> 
     </span>
    </p>
   </div>
   <div class='ocr_carea' id='block_1_72' title="bbox 1943 2862 3519 2937">
    <p class='ocr_par' dir='ltr' id='par_1_72' title="bbox 1943 2862 3519 2937">
     <span class='ocr_line' id='line_1_72' title="bbox 1943 2862 3519 2937; baseline 0.004 -20"><span class='ocrx_word' id='word_1_518' title='bbox 1943 2874 2063 2917; x_wconf 84' lang='lat' dir='ltr'><strong>sese</strong></span> <span class='ocrx_word' id='word_1_519' title='bbox 2093 2876 2218 2916; x_wconf 91' lang='lat' dir='ltr'><strong>cum</strong></span> <span class='ocrx_word' id='word_1_520' title='bbox 2248 2862 2488 2917; x_wconf 84' lang='lat' dir='ltr'><strong>Antonio</strong></span> <span class='ocrx_word' id='word_1_521' title='bbox 2510 2862 2735 2929; x_wconf 87' lang='lat' dir='ltr'><strong>dedere,</strong></span> <span class='ocrx_word' id='word_1_522' title='bbox 2767 2879 2876 2933; x_wconf 90' lang='lat' dir='ltr'><strong>quo</strong></span> <span class='ocrx_word' id='word_1_523' title='bbox 2903 2865 2971 2919; x_wconf 90' lang='lat' dir='ltr'><strong>de</strong></span> <span class='ocrx_word' id='word_1_524' title='bbox 2996 2865 3111 2935; x_wconf 89' lang='lat' dir='ltr'><strong>ipsa</strong></span> <span class='ocrx_word' id='word_1_525' title='bbox 3134 2867 3519 2937; x_wconf 84' lang='lat' dir='ltr'><strong>triumpharet,</strong></span> 
     </span>
    </p>
   </div>
   <div class='ocr_carea' id='block_1_73' title="bbox 1870 2952 3519 3043">
    <p class='ocr_par' dir='ltr' id='par_1_73' title="bbox 1870 2952 3519 3043">
     <span class='ocr_line' id='line_1_73' title="bbox 1870 2952 3519 3043; baseline 0.005 -36"><span class='ocrx_word' id='word_1_526' title='bbox 1870 2984 1914 3043; x_wconf 71' lang='grc' dir='ltr'>ο</span> <span class='ocrx_word' id='word_1_527' title='bbox 1946 2954 2012 3008; x_wconf 88' lang='lat' dir='ltr'><strong>ad</strong></span> <span class='ocrx_word' id='word_1_528' title='bbox 2047 2967 2220 3023; x_wconf 77' lang='lat' dir='ltr'><strong>genus</strong></span> <span class='ocrx_word' id='word_1_529' title='bbox 2250 2954 2351 3007; x_wconf 86' lang='lat' dir='ltr'><strong>hoc</strong></span> <span class='ocrx_word' id='word_1_530' title='bbox 2396 2953 2587 3008; x_wconf 88' lang='lat' dir='ltr'><strong>mortis</strong></span> <span class='ocrx_word' id='word_1_531' title='bbox 2622 2952 2732 3023; x_wconf 79' lang='lat'><strong>59</strong></span> <span class='ocrx_word' id='word_1_532' title='bbox 2759 2957 3195 3026; x_wconf 75' lang='lat' dir='ltr'><strong>excogitandum</strong></span> <span class='ocrx_word' id='word_1_533' title='bbox 3232 2960 3519 3015; x_wconf 84' lang='lat' dir='ltr'><strong>mulierem</strong></span> 
     </span>
    </p>
   </div>
   <div class='ocr_carea' id='block_1_74' title="bbox 1945 3041 3521 3118">
    <p class='ocr_par' dir='ltr' id='par_1_74' title="bbox 1945 3041 3521 3118">
     <span class='ocr_line' id='line_1_74' title="bbox 1945 3041 3521 3118; baseline 0.004 -17"><span class='ocrx_word' id='word_1_534' title='bbox 1945 3044 2146 3115; x_wconf 77' lang='lat' dir='ltr'><strong>adegit.</strong></span> <span class='ocrx_word' id='word_1_535' title='bbox 2219 3041 2353 3099; x_wconf 86' lang='lat' dir='ltr'><strong>Nam</strong></span> <span class='ocrx_word' id='word_1_536' title='bbox 2391 3044 2480 3100; x_wconf 89' lang='lat' dir='ltr'><strong>ubi</strong></span> <span class='ocrx_word' id='word_1_537' title='bbox 2511 3045 2641 3115; x_wconf 88' lang='lat' dir='ltr'><strong>quid</strong></span> <span class='ocrx_word' id='word_1_538' title='bbox 2689 3047 2981 3101; x_wconf 89' lang='lat' dir='ltr'><strong>moliretur</strong></span> <span class='ocrx_word' id='word_1_539' title='bbox 3020 3048 3296 3118; x_wconf 74' lang='lat' dir='ltr'><strong>Augustus</strong></span> <span class='ocrx_word' id='word_1_540' title='bbox 3355 3053 3521 3107; x_wconf 46' lang='lat' dir='ltr'><strong>intel‘</strong></span> 
     </span>
    </p>
   </div>
   <div class='ocr_carea' id='block_1_75' title="bbox 1943 3136 3520 3209">
    <p class='ocr_par' dir='ltr' id='par_1_75' title="bbox 1943 3136 3520 3209">
     <span class='ocr_line' id='line_1_75' title="bbox 1943 3136 3520 3209; baseline 0.005 -18"><span class='ocrx_word' id='word_1_541' title='bbox 1943 3136 2205 3201; x_wconf 88' lang='lat' dir='ltr'><strong>lexisset,</strong></span> <span class='ocrx_word' id='word_1_542' title='bbox 2264 3137 2499 3207; x_wconf 87' lang='lat' dir='ltr'><strong>ideoque</strong></span> <span class='ocrx_word' id='word_1_543' title='bbox 2552 3147 2703 3194; x_wconf 89' lang='lat' dir='ltr'><strong>recte</strong></span> <span class='ocrx_word' id='word_1_544' title='bbox 2723 3154 2785 3194; x_wconf 91' lang='lat' dir='ltr'><strong>se</strong></span> <span class='ocrx_word' id='word_1_545' title='bbox 2813 3139 3080 3199; x_wconf 75' lang='lat' dir='ltr'><strong>facturam</strong></span> <span class='ocrx_word' id='word_1_546' title='bbox 3122 3143 3423 3209; x_wconf 85' lang='lat' dir='ltr'><strong>statuisset,</strong></span> <span class='ocrx_word' id='word_1_547' title='bbox 3474 3146 3520 3199; x_wconf 92' lang='lat' dir='ltr'><strong>si</strong></span> 
     </span>
    </p>
   </div>
   <div class='ocr_carea' id='block_1_76' title="bbox 1946 3227 3522 3305">
    <p class='ocr_par' dir='ltr' id='par_1_76' title="bbox 1946 3227 3522 3305">
     <span class='ocr_line' id='line_1_76' title="bbox 1946 3227 3522 3305; baseline 0.006 -25"><span class='ocrx_word' id='word_1_548' title='bbox 1946 3227 2356 3305; x_wconf 83' lang='lat' dir='ltr'><strong>quamprimum</strong></span> <span class='ocrx_word' id='word_1_549' title='bbox 2399 3229 2562 3285; x_wconf 90' lang='lat' dir='ltr'><strong>vitam</strong></span> <span class='ocrx_word' id='word_1_550' title='bbox 2590 3231 2962 3300; x_wconf 86' lang='lat' dir='ltr'><strong>abrumperet,</strong></span> <span class='ocrx_word' id='word_1_551' title='bbox 3006 3234 3239 3287; x_wconf 90' lang='lat' dir='ltr'><strong>duarum</strong></span> <span class='ocrx_word' id='word_1_552' title='bbox 3269 3250 3522 3302; x_wconf 76' lang='lat' dir='ltr'><strong>quarum~</strong></span> 
     </span>
    </p>
   </div>
   <div class='ocr_carea' id='block_1_77' title="bbox 1945 3319 3527 3394">
    <p class='ocr_par' dir='ltr' id='par_1_77' title="bbox 1945 3319 3527 3394">
     <span class='ocr_line' id='line_1_77' title="bbox 1945 3319 3527 3394; baseline 0.006 -21"><span class='ocrx_word' id='word_1_553' title='bbox 1945 3319 2070 3374; x_wconf 87' lang='lat' dir='ltr'><strong>dam</strong></span> <span class='ocrx_word' id='word_1_554' title='bbox 2102 3320 2543 3378; x_wconf 83' lang='lat' dir='ltr'><strong>muliercularum</strong></span> <span class='ocrx_word' id='word_1_555' title='bbox 2567 3339 2756 3394; x_wconf 85' lang='lat' dir='ltr'><strong>opera,</strong></span> <span class='ocrx_word' id='word_1_556' title='bbox 2788 3325 3048 3393; x_wconf 82' lang='lat' dir='ltr'><strong>nimirum</strong></span> <span class='ocrx_word' id='word_1_557' title='bbox 3071 3329 3249 3384; x_wconf 70' lang='lat' dir='ltr'><strong>Nairze</strong></span> <span class='ocrx_word' id='word_1_558' title='bbox 3264 3343 3329 3384; x_wconf 83' lang='lat' dir='ltr'><strong>ac</strong></span> <span class='ocrx_word' id='word_1_559' title='bbox 3351 3330 3527 3383; x_wconf 57' lang='lat' dir='ltr'><strong>Char.</strong></span> 
     </span>
    </p>
   </div>
   <div class='ocr_carea' id='block_1_78' title="bbox 1950 3411 3617 3491">
    <p class='ocr_par' dir='ltr' id='par_1_78' title="bbox 1950 3411 3617 3491">
     <span class='ocr_line' id='line_1_78' title="bbox 1950 3411 3617 3491; baseline 0.009 -28"><span class='ocrx_word' id='word_1_560' title='bbox 1950 3411 2184 3476; x_wconf 87' lang='lat' dir='ltr'><strong>miones,</strong></span> <span class='ocrx_word' id='word_1_561' title='bbox 2209 3414 2274 3469; x_wconf 88' lang='lat' dir='ltr'><strong>ad</strong></span> <span class='ocrx_word' id='word_1_562' title='bbox 2298 3427 2525 3470; x_wconf 88' lang='lat' dir='ltr'><strong>mortem</strong></span> <span class='ocrx_word' id='word_1_563' title='bbox 2554 3417 2658 3471; x_wconf 84' lang='lat' dir='ltr'><strong>sibi</strong></span> <span class='ocrx_word' id='word_1_564' title='bbox 2685 3418 3082 3473; x_wconf 82' lang='lat' dir='ltr'><strong>conciliandam</strong></span> <span class='ocrx_word' id='word_1_565' title='bbox 3109 3422 3301 3476; x_wconf 86' lang='lat' dir='ltr'><strong>utitur.</strong></span> <span class='ocrx_word' id='word_1_566' title='bbox 3336 3423 3526 3491; x_wconf 78' lang='lat' dir='ltr'><strong>Itaque</strong></span> <span class='ocrx_word' id='word_1_567' title='bbox 3614 3454 3617 3457; x_wconf 96' lang='lat'><strong><em>-</em></strong></span> 
     </span>
    </p>
   </div>
   <div class='ocr_carea' id='block_1_79' title="bbox 1948 3502 3527 3581">
    <p class='ocr_par' dir='ltr' id='par_1_79' title="bbox 1948 3502 3527 3581">
     <span class='ocr_line' id='line_1_79' title="bbox 1948 3502 3527 3581; baseline 0.005 -24"><span class='ocrx_word' id='word_1_568' title='bbox 1948 3502 2172 3559; x_wconf 81' lang='lat' dir='ltr'><strong>fallendi</strong></span> <span class='ocrx_word' id='word_1_569' title='bbox 2204 3507 2465 3561; x_wconf 85' lang='lat' dir='ltr'><strong>custodes</strong></span> <span class='ocrx_word' id='word_1_570' title='bbox 2502 3522 2673 3562; x_wconf 87' lang='lat' dir='ltr'><strong>causa</strong></span> <span class='ocrx_word' id='word_1_571' title='bbox 2708 3509 2763 3562; x_wconf 92' lang='lat' dir='ltr'><strong>in</strong></span> <span class='ocrx_word' id='word_1_572' title='bbox 2794 3511 3051 3577; x_wconf 88' lang='lat' dir='ltr'><strong>quasillo,</strong></span> <span class='ocrx_word' id='word_1_573' title='bbox 3078 3528 3187 3581; x_wconf 91' lang='lat' dir='ltr'><strong>quo</strong></span> <span class='ocrx_word' id='word_1_574' title='bbox 3222 3513 3306 3566; x_wconf 84' lang='lat' dir='ltr'><strong>lici</strong></span> <span class='ocrx_word' id='word_1_575' title='bbox 3331 3522 3383 3566; x_wconf 90' lang='lat' dir='ltr'><strong>et</strong></span> <span class='ocrx_word' id='word_1_576' title='bbox 3407 3526 3527 3565; x_wconf 64' lang='lat' dir='ltr'><strong>uva:</strong></span> 
     </span>
    </p>
   </div>
   <div class='ocr_carea' id='block_1_80' title="bbox 1950 3597 3525 3675">
    <p class='ocr_par' dir='ltr' id='par_1_80' title="bbox 1950 3597 3525 3675">
     <span class='ocr_line' id='line_1_80' title="bbox 1950 3597 3525 3675; baseline 0.006 -26"><span class='ocrx_word' id='word_1_577' title='bbox 1950 3597 2395 3662; x_wconf 88' lang='lat' dir='ltr'><strong>continebantur,</strong></span> <span class='ocrx_word' id='word_1_578' title='bbox 2446 3598 2511 3651; x_wconf 90' lang='lat' dir='ltr'><strong>ad</strong></span> <span class='ocrx_word' id='word_1_579' title='bbox 2569 3614 2685 3653; x_wconf 92' lang='lat' dir='ltr'><strong>eam</strong></span> <span class='ocrx_word' id='word_1_580' title='bbox 2733 3602 2880 3670; x_wconf 83' lang='lat' dir='ltr'><strong>aspis</strong></span> <span class='ocrx_word' id='word_1_581' title='bbox 2930 3603 3193 3658; x_wconf 75' lang='lat' dir='ltr'><strong>infertur;</strong></span> <span class='ocrx_word' id='word_1_582' title='bbox 3249 3606 3383 3675; x_wconf 83' lang='lat' dir='ltr'><strong>Ejus</strong></span> <span class='ocrx_word' id='word_1_583' title='bbox 3414 3608 3525 3659; x_wconf 86' lang='lat' dir='ltr'><strong>vim</strong></span> 
     </span>
    </p>
   </div>
   <div class='ocr_carea' id='block_1_81' title="bbox 1949 3687 3527 3763">
    <p class='ocr_par' dir='ltr' id='par_1_81' title="bbox 1949 3687 3527 3763">
     <span class='ocr_line' id='line_1_81' title="bbox 1949 3687 3527 3763; baseline 0.006 -24"><span class='ocrx_word' id='word_1_584' title='bbox 1949 3687 2189 3757; x_wconf 90' lang='lat' dir='ltr'><strong>primum</strong></span> <span class='ocrx_word' id='word_1_585' title='bbox 2226 3689 2276 3742; x_wconf 92' lang='lat' dir='ltr'><strong>in</strong></span> <span class='ocrx_word' id='word_1_586' title='bbox 2311 3689 2650 3745; x_wconf 87' lang='lat' dir='ltr'><strong>mulierculis</strong></span> <span class='ocrx_word' id='word_1_587' title='bbox 2678 3692 2810 3761; x_wconf 83' lang='lat' dir='ltr'><strong>ipsis</strong></span> <span class='ocrx_word' id='word_1_588' title='bbox 2857 3696 3130 3763; x_wconf 77' lang='lat' dir='ltr'><strong>explorat.</strong></span> <span class='ocrx_word' id='word_1_589' title='bbox 3199 3695 3402 3751; x_wconf 88' lang='lat' dir='ltr'><strong>Deinde</strong></span> <span class='ocrx_word' id='word_1_590' title='bbox 3434 3713 3527 3751; x_wconf 85' lang='lat' dir='ltr'><strong>co-</strong></span> 
     </span>
    </p>
   </div>
   <div class='ocr_carea' id='block_1_82' title="bbox 1951 3778 3525 3848">
    <p class='ocr_par' dir='ltr' id='par_1_82' title="bbox 1951 3778 3525 3848">
     <span class='ocr_line' id='line_1_82' title="bbox 1951 3778 3525 3848; baseline 0.006 -17"><span class='ocrx_word' id='word_1_591' title='bbox 1951 3778 2101 3848; x_wconf 71' lang='lat' dir='ltr'><strong>gnito</strong></span> <span class='ocrx_word' id='word_1_592' title='bbox 2144 3778 2431 3835; x_wconf 79' lang='lat' dir='ltr'><strong>bestiolam</strong></span> <span class='ocrx_word' id='word_1_593' title='bbox 2468 3781 2534 3836; x_wconf 89' lang='lat' dir='ltr'><strong>ad</strong></span> <span class='ocrx_word' id='word_1_594' title='bbox 2575 3783 2885 3838; x_wconf 85' lang='lat' dir='ltr'><strong>necandum</strong></span> <span class='ocrx_word' id='word_1_595' title='bbox 2922 3785 3350 3840; x_wconf 84' lang='lat' dir='ltr'><strong>ellicacissimam</strong></span> <span class='ocrx_word' id='word_1_596' title='bbox 3380 3801 3525 3846; x_wconf 90' lang='lat' dir='ltr'><strong>esse.</strong></span> 
     </span>
    </p>
   </div>
   <div class='ocr_carea' id='block_1_83' title="bbox 1951 3867 3528 3947">
    <p class='ocr_par' dir='ltr' id='par_1_83' title="bbox 1951 3867 3528 3947">
     <span class='ocr_line' id='line_1_83' title="bbox 1951 3867 3528 3947; baseline 0.004 -25"><span class='ocrx_word' id='word_1_597' title='bbox 1951 3867 2113 3923; x_wconf 86' lang='lat' dir='ltr'><strong>simul</strong></span> <span class='ocrx_word' id='word_1_598' title='bbox 2144 3871 2416 3943; x_wconf 77' lang='lat' dir='ltr'><strong>exstingui</strong></span> <span class='ocrx_word' id='word_1_599' title='bbox 2448 3887 2717 3944; x_wconf 76' lang='lat' dir='ltr'><strong>generose</strong></span> <span class='ocrx_word' id='word_1_600' title='bbox 2741 3875 3108 3945; x_wconf 88' lang='lat' dir='ltr'><strong>nobiliterque</strong></span> <span class='ocrx_word' id='word_1_601' title='bbox 3131 3877 3344 3939; x_wconf 87' lang='lat' dir='ltr'><strong>volens,</strong></span> <span class='ocrx_word' id='word_1_602' title='bbox 3376 3877 3528 3947; x_wconf 73' lang='lat' dir='ltr'><strong>regio</strong></span> 
     </span>
    </p>
   </div>
   <div class='ocr_carea' id='block_1_84' title="bbox 1953 3963 3527 4034">
    <p class='ocr_par' dir='ltr' id='par_1_84' title="bbox 1953 3963 3527 4034">
     <span class='ocr_line' id='line_1_84' title="bbox 1953 3963 3527 4034; baseline 0.004 -21"><span class='ocrx_word' id='word_1_603' title='bbox 1953 3972 2012 4013; x_wconf 88' lang='lat' dir='ltr'><strong>se</strong></span> <span class='ocrx_word' id='word_1_604' title='bbox 2048 3970 2244 4015; x_wconf 90' lang='lat' dir='ltr'><strong>ornatu</strong></span> <span class='ocrx_word' id='word_1_605' title='bbox 2293 3963 2500 4018; x_wconf 88' lang='lat' dir='ltr'><strong>induit.</strong></span> <span class='ocrx_word' id='word_1_606' title='bbox 2556 3965 2734 4034; x_wconf 83' lang='lat' dir='ltr'><strong>Atque</strong></span> <span class='ocrx_word' id='word_1_607' title='bbox 2773 3967 2877 4021; x_wconf 88' lang='lat' dir='ltr'><strong>hoc</strong></span> <span class='ocrx_word' id='word_1_608' title='bbox 2922 3968 3089 4021; x_wconf 87' lang='lat' dir='ltr'><strong>modo</strong></span> <span class='ocrx_word' id='word_1_609' title='bbox 3143 3968 3425 4021; x_wconf 81' lang='lat' dir='ltr'><strong>sinistrum</strong></span> <span class='ocrx_word' id='word_1_610' title='bbox 3459 3968 3527 4020; x_wconf 86' lang='lat' dir='ltr'><strong>ad</strong></span> 
     </span>
    </p>
   </div>
   <div class='ocr_carea' id='block_1_85' title="bbox 1954 4049 3530 4125">
    <p class='ocr_par' dir='ltr' id='par_1_85' title="bbox 1954 4049 3530 4125">
     <span class='ocr_line' id='line_1_85' title="bbox 1954 4049 3530 4125; baseline 0.007 -23"><span class='ocrx_word' id='word_1_611' title='bbox 1954 4049 2126 4121; x_wconf 82' lang='lat' dir='ltr'><strong>latusl,</strong></span> <span class='ocrx_word' id='word_1_612' title='bbox 2162 4067 2271 4121; x_wconf 90' lang='lat' dir='ltr'><strong>quo</strong></span> <span class='ocrx_word' id='word_1_613' title='bbox 2316 4055 2543 4108; x_wconf 88' lang='lat' dir='ltr'><strong>tendere</strong></span> <span class='ocrx_word' id='word_1_614' title='bbox 2617 4071 2711 4109; x_wconf 90' lang='lat' dir='ltr'><strong>cor</strong></span> <span class='ocrx_word' id='word_1_615' title='bbox 2772 4057 2994 4125; x_wconf 84' lang='lat' dir='ltr'><strong>propius</strong></span> <span class='ocrx_word' id='word_1_616' title='bbox 3042 4058 3228 4121; x_wconf 84' lang='lat' dir='ltr'><strong>sciret,</strong></span> <span class='ocrx_word' id='word_1_617' title='bbox 3283 4056 3530 4113; x_wconf 88' lang='lat' dir='ltr'><strong>adhibita</strong></span> 
     </span>
    </p>
   </div>
   <div class='ocr_carea' id='block_1_86' title="bbox 289 4134 1851 4218">
    <p class='ocr_par' dir='ltr' id='par_1_86' title="bbox 289 4134 1851 4218">
     <span class='ocr_line' id='line_1_86' title="bbox 289 4134 1851 4218; baseline -0.01 -16"><span class='ocrx_word' id='word_1_618' title='bbox 289 4149 445 4218; x_wconf 81' lang='grc' dir='ltr'><strong>θῆναι</strong></span> <span class='ocrx_word' id='word_1_619' title='bbox 472 4148 568 4217; x_wconf 76' lang='grc' dir='ltr'><strong>τὴν</strong></span> <span class='ocrx_word' id='word_1_620' title='bbox 591 4145 773 4211; x_wconf 77' lang='grc' dir='ltr'><strong>δεξιὰν</strong></span> <span class='ocrx_word' id='word_1_621' title='bbox 799 4145 958 4214; x_wconf 82' lang='grc' dir='ltr'><strong>χεῖρα</strong></span> <span class='ocrx_word' id='word_1_622' title='bbox 985 4139 1343 4208; x_wconf 74' lang='grc' dir='ltr'><strong>ἐπικειμένην</strong></span> <span class='ocrx_word' id='word_1_623' title='bbox 1395 4139 1463 4208; x_wconf 77' lang='grc' dir='ltr'><strong>τῇ</strong></span> <span class='ocrx_word' id='word_1_624' title='bbox 1515 4135 1727 4206; x_wconf 77' lang='grc' dir='ltr'>κεφαλῇ</span> <span class='ocrx_word' id='word_1_625' title='bbox 1756 4134 1851 4187; x_wconf 74' lang='grc' dir='ltr'><strong>καὶ</strong></span> 
     </span>
    </p>
   </div>
   <div class='ocr_carea' id='block_1_87' title="bbox 1951 4134 3531 4218">
    <p class='ocr_par' dir='ltr' id='par_1_87' title="bbox 1954 4139 3531 4216">
     <span class='ocr_line' id='line_1_87' title="bbox 1954 4139 3531 4216; baseline 0.005 -21"><span class='ocrx_word' id='word_1_626' title='bbox 1954 4139 2181 4196; x_wconf 85' lang='lat' dir='ltr'><strong>bestiola</strong></span> <span class='ocrx_word' id='word_1_627' title='bbox 2212 4144 2355 4213; x_wconf 75' lang='lat' dir='ltr'><strong>regia</strong></span> <span class='ocrx_word' id='word_1_628' title='bbox 2376 4144 2608 4213; x_wconf 90' lang='lat' dir='ltr'><strong>quadam</strong></span> <span class='ocrx_word' id='word_1_629' title='bbox 2633 4161 2758 4200; x_wconf 88' lang='lat' dir='ltr'><strong>cum</strong></span> <span class='ocrx_word' id='word_1_630' title='bbox 2782 4146 3046 4216; x_wconf 78' lang='lat' dir='ltr'><strong>dignitate</strong></span> <span class='ocrx_word' id='word_1_631' title='bbox 3071 4149 3321 4207; x_wconf 84' lang='lat' dir='ltr'><strong>moritur.</strong></span> <span class='ocrx_word' id='word_1_632' title='bbox 3362 4148 3531 4203; x_wconf 87' lang='lat' dir='ltr'><strong>Aiunt</strong></span> 
     </span>
    </p>
   </div>
   <div class='ocr_carea' id='block_1_88' title="bbox 287 4227 1851 4309">
    <p class='ocr_par' dir='ltr' id='par_1_88' title="bbox 287 4227 1851 4309">
     <span class='ocr_line' id='line_1_88' title="bbox 287 4227 1851 4309; baseline -0.009 -17"><span class='ocrx_word' id='word_1_633' title='bbox 287 4240 344 4292; x_wconf 79' lang='grc' dir='ltr'><strong>τὸ</strong></span> <span class='ocrx_word' id='word_1_634' title='bbox 365 4238 600 4309; x_wconf 80' lang='grc' dir='ltr'><strong>διάδημα</strong></span> <span class='ocrx_word' id='word_1_635' title='bbox 628 4234 961 4308; x_wconf 80' lang='grc' dir='ltr'><strong>κρατοῦσαν,</strong></span> <span class='ocrx_word' id='word_1_636' title='bbox 995 4233 1082 4286; x_wconf 84' lang='grc' dir='ltr'>ἵνα</span> <span class='ocrx_word' id='word_1_637' title='bbox 1139 4231 1301 4302; x_wconf 77' lang='grc' dir='ltr'><strong>μέχρι</strong></span> <span class='ocrx_word' id='word_1_638' title='bbox 1337 4228 1459 4282; x_wconf 85' lang='grc' dir='ltr'><strong>τότε</strong></span> <span class='ocrx_word' id='word_1_639' title='bbox 1513 4229 1625 4290; x_wconf 81' lang='grc' dir='ltr'><strong>τοῖς</strong></span> <span class='ocrx_word' id='word_1_640' title='bbox 1680 4227 1851 4295; x_wconf 81' lang='grc' dir='ltr'><strong>ὁρῶσι</strong></span> 
     </span>
    </p>
   </div>
   <div class='ocr_carea' id='block_1_89' title="bbox 1951 4227 3526 4309">
    <p class='ocr_par' dir='ltr' id='par_1_89' title="bbox 1956 4231 3526 4305">
     <span class='ocr_line' id='line_1_89' title="bbox 1956 4231 3526 4305; baseline 0.004 -22"><span class='ocrx_word' id='word_1_641' title='bbox 1956 4231 2102 4287; x_wconf 89' lang='lat' dir='ltr'><strong>enim</strong></span> <span class='ocrx_word' id='word_1_642' title='bbox 2138 4242 2409 4302; x_wconf 86' lang='lat' dir='ltr'><strong>repertam</strong></span> <span class='ocrx_word' id='word_1_643' title='bbox 2442 4249 2663 4290; x_wconf 88' lang='lat' dir='ltr'><strong>manum</strong></span> <span class='ocrx_word' id='word_1_644' title='bbox 2707 4235 2880 4305; x_wconf 91' lang='lat' dir='ltr'><strong>ipsius</strong></span> <span class='ocrx_word' id='word_1_645' title='bbox 2915 4235 3164 4291; x_wconf 87' lang='lat' dir='ltr'><strong>dextram</strong></span> <span class='ocrx_word' id='word_1_646' title='bbox 3216 4236 3526 4305; x_wconf 84' lang='lat' dir='ltr'><strong>impositam</strong></span> 
     </span>
    </p>
   </div>
   <div class='ocr_carea' id='block_1_90' title="bbox 288 4316 1851 4400">
    <p class='ocr_par' dir='ltr' id='par_1_90' title="bbox 288 4316 1851 4400">
     <span class='ocr_line' id='line_1_90' title="bbox 288 4316 1851 4400; baseline -0.008 -18"><span class='ocrx_word' id='word_1_647' title='bbox 288 4329 497 4400; x_wconf 78' lang='grc' dir='ltr'><strong>βασιλὶς</strong></span> <span class='ocrx_word' id='word_1_648' title='bbox 523 4326 663 4381; x_wconf 76' lang='grc' dir='ltr'><strong>οὖσα</strong></span> <span class='ocrx_word' id='word_1_649' title='bbox 688 4326 977 4396; x_wconf 80' lang='grc' dir='ltr'><strong>βλέπηται.</strong></span> <span class='ocrx_word' id='word_1_650' title='bbox 1019 4322 1239 4376; x_wconf 87' lang='grc' dir='ltr'><strong>Τούτων</strong></span> <span class='ocrx_word' id='word_1_651' title='bbox 1288 4319 1474 4390; x_wconf 77' lang='grc' dir='ltr'><strong>μέντοι</strong></span> <span class='ocrx_word' id='word_1_652' title='bbox 1505 4317 1612 4371; x_wconf 91' lang='grc' dir='ltr'><strong>τῶν</strong></span> <span class='ocrx_word' id='word_1_653' title='bbox 1647 4316 1851 4387; x_wconf 87' lang='grc' dir='ltr'><strong>θηρίων</strong></span> 
     </span>
    </p>
   </div>
   <div class='ocr_carea' id='block_1_91' title="bbox 1951 4316 3533 4400">
    <p class='ocr_par' dir='ltr' id='par_1_91' title="bbox 1957 4322 3533 4397">
     <span class='ocr_line' id='line_1_91' title="bbox 1957 4322 3533 4397; baseline 0.004 -22"><span class='ocrx_word' id='word_1_654' title='bbox 1957 4322 2144 4391; x_wconf 88' lang='lat' dir='ltr'><strong>capiti,</strong></span> <span class='ocrx_word' id='word_1_655' title='bbox 2194 4335 2299 4392; x_wconf 85' lang='lat' dir='ltr'><strong>qua</strong></span> <span class='ocrx_word' id='word_1_656' title='bbox 2332 4324 2583 4380; x_wconf 86' lang='lat' dir='ltr'><strong>diadema</strong></span> <span class='ocrx_word' id='word_1_657' title='bbox 2619 4335 2851 4392; x_wconf 87' lang='lat' dir='ltr'><strong>teneret,</strong></span> <span class='ocrx_word' id='word_1_658' title='bbox 2894 4335 2956 4382; x_wconf 88' lang='lat' dir='ltr'><strong>ut</strong></span> <span class='ocrx_word' id='word_1_659' title='bbox 3002 4336 3115 4381; x_wconf 91' lang='lat' dir='ltr'><strong>tum</strong></span> <span class='ocrx_word' id='word_1_660' title='bbox 3150 4343 3367 4397; x_wconf 89' lang='lat' dir='ltr'><strong>quoque</strong></span> <span class='ocrx_word' id='word_1_661' title='bbox 3410 4342 3533 4397; x_wconf 79' lang='lat' dir='ltr'><strong>5pc-</strong></span> 
     </span>
    </p>
   </div>
   <div class='ocr_carea' id='block_1_92' title="bbox 288 4407 1851 4491">
    <p class='ocr_par' dir='ltr' id='par_1_92' title="bbox 288 4407 1851 4491">
     <span class='ocr_line' id='line_1_92' title="bbox 288 4407 1851 4491; baseline -0.01 -18"><span class='ocrx_word' id='word_1_662' title='bbox 288 4420 691 4491; x_wconf 72' lang='grc' dir='ltr'><strong>ἒμνημόνευσεν</strong></span> <span class='ocrx_word' id='word_1_663' title='bbox 720 4415 749 4466; x_wconf 92' lang='lat'><strong>6</strong></span> <span class='ocrx_word' id='word_1_664' title='bbox 770 4414 1031 4485; x_wconf 78' lang='grc' dir='ltr'><strong>Γαληνὸς,</strong></span> <span class='ocrx_word' id='word_1_665' title='bbox 1068 4413 1167 4484; x_wconf 79' lang='grc' dir='ltr'><strong>τὴν</strong></span> <span class='ocrx_word' id='word_1_666' title='bbox 1200 4408 1261 4475; x_wconf 76' lang='grc' dir='ltr'>ἐξ</span> <span class='ocrx_word' id='word_1_667' title='bbox 1292 4410 1415 4464; x_wconf 80' lang='grc' dir='ltr'><strong>ὅλου</strong></span> <span class='ocrx_word' id='word_1_668' title='bbox 1472 4407 1569 4461; x_wconf 82' lang='grc' dir='ltr'><strong>τοῦ</strong></span> <span class='ocrx_word' id='word_1_669' title='bbox 1604 4408 1851 4477; x_wconf 85' lang='grc' dir='ltr'><strong>σώματος</strong></span> 
     </span>
    </p>
   </div>
   <div class='ocr_carea' id='block_1_93' title="bbox 1951 4407 3533 4491">
    <p class='ocr_par' dir='ltr' id='par_1_93' title="bbox 1960 4414 3533 4487">
     <span class='ocr_line' id='line_1_93' title="bbox 1960 4414 3533 4487; baseline 0.003 -19"><span class='ocrx_word' id='word_1_670' title='bbox 1960 4414 2242 4469; x_wconf 80' lang='lat' dir='ltr'><strong>ctantibus</strong></span> <span class='ocrx_word' id='word_1_671' title='bbox 2294 4416 2538 4486; x_wconf 78' lang='lat' dir='ltr'><strong>reginam</strong></span> <span class='ocrx_word' id='word_1_672' title='bbox 2591 4433 2649 4472; x_wconf 85' lang='lat' dir='ltr'><strong>se</strong></span> <span class='ocrx_word' id='word_1_673' title='bbox 2715 4419 3052 4474; x_wconf 84' lang='lat' dir='ltr'><strong>ostenderet.</strong></span> <span class='ocrx_word' id='word_1_674' title='bbox 3112 4418 3315 4474; x_wconf 78' lang='lat' dir='ltr'><strong>[larum</strong></span> <span class='ocrx_word' id='word_1_675' title='bbox 3366 4421 3533 4487; x_wconf 75' lang='lat' dir='ltr'><strong>igitur</strong></span> 
     </span>
    </p>
   </div>
   <div class='ocr_carea' id='block_1_94' title="bbox 290 4496 1851 4579">
    <p class='ocr_par' dir='ltr' id='par_1_94' title="bbox 290 4496 1851 4573">
     <span class='ocr_line' id='line_1_94' title="bbox 290 4496 1851 4573; baseline -0.011 -10"><span class='ocrx_word' id='word_1_676' title='bbox 290 4510 464 4562; x_wconf 65' lang='grc' dir='ltr'><strong>αὐτῶν</strong></span> <span class='ocrx_word' id='word_1_677' title='bbox 511 4509 779 4561; x_wconf 80' lang='grc' dir='ltr'><strong>διδάσκων</strong></span> <span class='ocrx_word' id='word_1_678' title='bbox 836 4503 1157 4573; x_wconf 80' lang='grc' dir='ltr'><strong>διαφθοράν,</strong></span> <span class='ocrx_word' id='word_1_679' title='bbox 1202 4499 1298 4553; x_wconf 79' lang='grc' dir='ltr'><strong>καὶ</strong></span> <span class='ocrx_word' id='word_1_680' title='bbox 1350 4500 1425 4562; x_wconf 83' lang='grc' dir='ltr'><strong>ὡς</strong></span> <span class='ocrx_word' id='word_1_681' title='bbox 1488 4498 1549 4551; x_wconf 85' lang='grc' dir='ltr'><strong>οὐ</strong></span> <span class='ocrx_word' id='word_1_682' title='bbox 1607 4497 1714 4567; x_wconf 76' lang='grc' dir='ltr'><strong>χρὴ</strong></span> <span class='ocrx_word' id='word_1_683' title='bbox 1781 4496 1851 4564; x_wconf 78' lang='grc' dir='ltr'><strong>τῷ</strong></span> 
     </span>
    </p>
   </div>
   <div class='ocr_carea' id='block_1_95' title="bbox 1951 4496 3538 4579">
    <p class='ocr_par' dir='ltr' id='par_1_95' title="bbox 1959 4504 3538 4579">
     <span class='ocr_line' id='line_1_95' title="bbox 1959 4504 3538 4579; baseline 0.003 -20"><span class='ocrx_word' id='word_1_684' title='bbox 1959 4504 2260 4561; x_wconf 84' lang='lat' dir='ltr'><strong>bestiarum</strong></span> <span class='ocrx_word' id='word_1_685' title='bbox 2285 4505 2525 4561; x_wconf 84' lang='lat' dir='ltr'><strong>Galenus</strong></span> <span class='ocrx_word' id='word_1_686' title='bbox 2555 4510 2892 4563; x_wconf 90' lang='lat' dir='ltr'><strong>mentionem</strong></span> <span class='ocrx_word' id='word_1_687' title='bbox 2922 4510 3071 4573; x_wconf 60' lang='lat' dir='ltr'><strong>fecit,</strong></span> <span class='ocrx_word' id='word_1_688' title='bbox 3095 4526 3204 4579; x_wconf 88' lang='lat' dir='ltr'><strong>quo</strong></span> <span class='ocrx_word' id='word_1_689' title='bbox 3230 4520 3392 4579; x_wconf 88' lang='lat' dir='ltr'><strong>pacto</strong></span> <span class='ocrx_word' id='word_1_690' title='bbox 3415 4526 3538 4578; x_wconf 87' lang='lat' dir='ltr'><strong>per-</strong></span> 
     </span>
    </p>
   </div>
   <div class='ocr_carea' id='block_1_96' title="bbox 291 4587 1862 4672">
    <p class='ocr_par' dir='ltr' id='par_1_96' title="bbox 291 4587 1862 4672">
     <span class='ocr_line' id='line_1_96' title="bbox 291 4587 1862 4672; baseline -0.022 -2"><span class='ocrx_word' id='word_1_691' title='bbox 291 4602 589 4672; x_wconf 71' lang='grc' dir='ltr'><strong>φαρμάκῳ,</strong></span> <span class='ocrx_word' id='word_1_692' title='bbox 627 4603 694 4670; x_wconf 80' lang='grc' dir='ltr'><strong>τῇ</strong></span> <span class='ocrx_word' id='word_1_693' title='bbox 731 4598 972 4669; x_wconf 80' lang='grc' dir='ltr'><strong>θηριακῇ</strong></span> <span class='ocrx_word' id='word_1_694' title='bbox 1004 4593 1270 4665; x_wconf 87' lang='grc' dir='ltr'><strong>δηλονότι,</strong></span> <span class='ocrx_word' id='word_1_695' title='bbox 1311 4588 1535 4643; x_wconf 82' lang='grc' dir='ltr'><strong>τοιαῦτα</strong></span> <span class='ocrx_word' id='word_1_696' title='bbox 1579 4587 1862 4658; x_wconf 80' lang='grc' dir='ltr'><strong>παραμίγ-</strong></span> 
     </span>
    </p>
   </div>
   <div class='ocr_carea' id='block_1_97' title="bbox 293 4677 1860 4760">
    <p class='ocr_par' dir='ltr' id='par_1_97' title="bbox 293 4677 1860 4760">
     <span class='ocr_line' id='line_1_97' title="bbox 293 4677 1860 4760; baseline -0.01 -17"><span class='ocrx_word' id='word_1_697' title='bbox 293 4692 500 4746; x_wconf 84' lang='grc' dir='ltr'><strong>νυσθαι.</strong></span> <span class='ocrx_word' id='word_1_698' title='bbox 549 4692 667 4760; x_wconf 70' lang='grc' dir='ltr'><strong>Ἑςρ*</strong></span> <span class='ocrx_word' id='word_1_699' title='bbox 698 4684 743 4757; x_wconf 81' lang='grc' dir='ltr'>ᾧ</span> <span class='ocrx_word' id='word_1_700' title='bbox 792 4689 894 4750; x_wconf 81' lang='grc' dir='ltr'><strong>τὰς</strong></span> <span class='ocrx_word' id='word_1_701' title='bbox 926 4685 1138 4755; x_wconf 70' lang='grc' dir='ltr'><strong>ἐχίδνας</strong></span> <span class='ocrx_word' id='word_1_702' title='bbox 1191 4678 1719 4750; x_wconf 79' lang='grc' dir='ltr'><strong>παραλαμϐάνομεν,</strong></span> <span class='ocrx_word' id='word_1_703' title='bbox 1762 4677 1860 4728; x_wconf 78' lang='grc' dir='ltr'><strong>σὺν</strong></span> 
     </span>
    </p>
   </div>
   <div class='ocr_carea' id='block_1_98' title="bbox 292 4764 1862 4856">
    <p class='ocr_par' dir='ltr' id='par_1_98' title="bbox 292 4764 1862 4856">
     <span class='ocr_line' id='line_1_98' title="bbox 292 4764 1862 4856; baseline -0.012 -17"><span class='ocrx_word' id='word_1_704' title='bbox 292 4784 368 4854; x_wconf 83' lang='grc' dir='ltr'><strong>τῷ</strong></span> <span class='ocrx_word' id='word_1_705' title='bbox 397 4785 596 4856; x_wconf 79' lang='grc' dir='ltr'><strong>οὐραίῳ</strong></span> <span class='ocrx_word' id='word_1_706' title='bbox 648 4783 745 4846; x_wconf 83' lang='grc' dir='ltr'><strong>τὰς</strong></span> <span class='ocrx_word' id='word_1_707' title='bbox 812 4778 1059 4849; x_wconf 82' lang='grc' dir='ltr'><strong>κεφαλὰς</strong></span> <span class='ocrx_word' id='word_1_708' title='bbox 1117 4776 1540 4844; x_wconf 77' lang='grc' dir='ltr'><strong>ἀποτέμνοντες,</strong></span> <span class='ocrx_word' id='word_1_709' title='bbox 1596 4772 1655 4823; x_wconf 83' lang='grc' dir='ltr'><strong>ὲν</strong></span> <span class='ocrx_word' id='word_1_710' title='bbox 1700 4764 1781 4832; x_wconf 76' lang='grc' dir='ltr'><strong>οἷς</strong></span> <span class='ocrx_word' id='word_1_711' title='bbox 1833 4767 1862 4820; x_wconf 93' lang='lat'><strong>6</strong></span> 
     </span>
    </p>
   </div>
   <div class='ocr_carea' id='block_1_99' title="bbox 295 4862 1861 4946">
    <p class='ocr_par' dir='ltr' id='par_1_99' title="bbox 295 4862 1861 4946">
     <span class='ocr_line' id='line_1_99' title="bbox 295 4862 1861 4946; baseline -0.009 -19"><span class='ocrx_word' id='word_1_712' title='bbox 295 4876 499 4929; x_wconf 85' lang='grc' dir='ltr'><strong>κακίων</strong></span> <span class='ocrx_word' id='word_1_713' title='bbox 526 4875 724 4946; x_wconf 83' lang='grc' dir='ltr'><strong>χυμὸς,</strong></span> <span class='ocrx_word' id='word_1_714' title='bbox 748 4874 1030 4926; x_wconf 81' lang='grc' dir='ltr'><strong>τουτέστιν</strong></span> <span class='ocrx_word' id='word_1_715' title='bbox 1062 4868 1228 4930; x_wconf 82' lang='grc' dir='ltr'><strong>αὐτὸς</strong></span> <span class='ocrx_word' id='word_1_716' title='bbox 1292 4867 1322 4919; x_wconf 91' lang='lat'><strong>6</strong></span> <span class='ocrx_word' id='word_1_717' title='bbox 1365 4864 1465 4926; x_wconf 86' lang='grc' dir='ltr'><strong>ίός.</strong></span> <span class='ocrx_word' id='word_1_718' title='bbox 1520 4862 1629 4925; x_wconf 85' lang='grc' dir='ltr'><strong>Τάς</strong></span> <span class='ocrx_word' id='word_1_719' title='bbox 1690 4862 1861 4930; x_wconf 70' lang='grc' dir='ltr'><strong>μέσας</strong></span> 
     </span>
    </p>
   </div>
   <div class='ocr_carea' id='block_1_100' title="bbox 296 4953 1862 5037">
    <p class='ocr_par' dir='ltr' id='par_1_100' title="bbox 296 4953 1862 5037">
     <span class='ocr_line' id='line_1_100' title="bbox 296 4953 1862 5037; baseline -0.011 -17"><span class='ocrx_word' id='word_1_720' title='bbox 296 4967 393 5020; x_wconf 69' lang='grc' dir='ltr'><strong>οὖν</strong></span> <span class='ocrx_word' id='word_1_721' title='bbox 422 4968 624 5037; x_wconf 79' lang='grc' dir='ltr'><strong>σάρκας</strong></span> <span class='ocrx_word' id='word_1_722' title='bbox 682 4963 1038 5025; x_wconf 73' lang='grc' dir='ltr'><strong>ἐκϐάλλοντες</strong></span> <span class='ocrx_word' id='word_1_723' title='bbox 1084 4960 1432 5032; x_wconf 85' lang='grc' dir='ltr'><strong>ίσχυρότερον</strong></span> <span class='ocrx_word' id='word_1_724' title='bbox 1492 4954 1756 5024; x_wconf 76' lang='grc' dir='ltr'><strong>ποιοῦμεν</strong></span> <span class='ocrx_word' id='word_1_725' title='bbox 1802 4953 1862 5005; x_wconf 84' lang='grc' dir='ltr'><strong>τὸ</strong></span> 
     </span>
    </p>
   </div>
   <div class='ocr_carea' id='block_1_101' title="bbox 297 5061 598 5129">
    <p class='ocr_par' dir='ltr' id='par_1_101' title="bbox 297 5061 598 5129">
     <span class='ocr_line' id='line_1_101' title="bbox 297 5061 598 5129; baseline 0.003 -16"><span class='ocrx_word' id='word_1_726' title='bbox 297 5061 598 5129; x_wconf 66' lang='grc' dir='ltr'><strong>ιράρμακον.</strong></span> 
     </span>
    </p>
   </div>
   <div class='ocr_carea' id='block_1_102' title="bbox 380 5312 1862 5386">
    <p class='ocr_par' dir='ltr' id='par_1_102' title="bbox 380 5312 1862 5386">
     <span class='ocr_line' id='line_1_102' title="bbox 380 5312 1862 5386; baseline -0.006 -12"><span class='ocrx_word' id='word_1_727' title='bbox 380 5323 437 5375; x_wconf 82' lang='grc' dir='ltr'><strong>Εἰ</strong></span> <span class='ocrx_word' id='word_1_728' title='bbox 457 5322 512 5374; x_wconf 72' lang='grc' dir='ltr'><strong>δὶ</strong></span> <span class='ocrx_word' id='word_1_729' title='bbox 538 5323 630 5375; x_wconf 78' lang='grc' dir='ltr'><strong>καὶ</strong></span> <span class='ocrx_word' id='word_1_730' title='bbox 655 5321 778 5375; x_wconf 80' lang='grc' dir='ltr'><strong>ὅθεν</strong></span> <span class='ocrx_word' id='word_1_731' title='bbox 810 5316 1083 5386; x_wconf 75' lang='grc' dir='ltr'><strong>ἐπενοήθη</strong></span> <span class='ocrx_word' id='word_1_732' title='bbox 1115 5314 1225 5367; x_wconf 85' lang='grc' dir='ltr'><strong>τῶν</strong></span> <span class='ocrx_word' id='word_1_733' title='bbox 1252 5312 1534 5384; x_wconf 72' lang='grc' dir='ltr'><strong>ὲχιδναίων</strong></span> <span class='ocrx_word' id='word_1_734' title='bbox 1585 5313 1802 5385; x_wconf 81' lang='grc' dir='ltr'><strong>σαρκῶν</strong></span> <span class='ocrx_word' id='word_1_735' title='bbox 1831 5316 1862 5385; x_wconf 83' lang='grc' dir='ltr'>ἡ</span> 
     </span>
    </p>
   </div>
   <div class='ocr_carea' id='block_1_103' title="bbox 301 5404 1866 5483">
    <p class='ocr_par' dir='ltr' id='par_1_103' title="bbox 301 5404 1866 5483">
     <span class='ocr_line' id='line_1_103' title="bbox 301 5404 1866 5483; baseline -0.004 -17"><span class='ocrx_word' id='word_1_736' title='bbox 301 5414 541 5483; x_wconf 77' lang='grc' dir='ltr'><strong>ἐπίμιξις</strong></span> <span class='ocrx_word' id='word_1_737' title='bbox 573 5414 777 5473; x_wconf 74' lang='grc' dir='ltr'><strong>ἐθέλεις</strong></span> <span class='ocrx_word' id='word_1_738' title='bbox 808 5411 1023 5480; x_wconf 78' lang='grc' dir='ltr'><strong>μαθεῖν,</strong></span> <span class='ocrx_word' id='word_1_739' title='bbox 1081 5412 1109 5461; x_wconf 83' lang='lat'><strong>6</strong></span> <span class='ocrx_word' id='word_1_740' title='bbox 1142 5410 1289 5477; x_wconf 77' lang='grc' dir='ltr'><strong>παρὰ</strong></span> <span class='ocrx_word' id='word_1_741' title='bbox 1323 5406 1459 5458; x_wconf 80' lang='grc' dir='ltr'><strong>πᾶσι</strong></span> <span class='ocrx_word' id='word_1_742' title='bbox 1494 5404 1677 5473; x_wconf 80' lang='grc' dir='ltr'><strong>σχεδὸν</strong></span> <span class='ocrx_word' id='word_1_743' title='bbox 1704 5409 1866 5476; x_wconf 74' lang='grc' dir='ltr'><strong>φερό-</strong></span> 
     </span>
    </p>
   </div>
   <div class='ocr_carea' id='block_1_104' title="bbox 307 5496 1865 5574">
    <p class='ocr_par' dir='ltr' id='par_1_104' title="bbox 307 5496 1865 5574">
     <span class='ocr_line' id='line_1_104' title="bbox 307 5496 1865 5574; baseline -0.004 -17"><span class='ocrx_word' id='word_1_744' title='bbox 307 5521 463 5574; x_wconf 80' lang='grc' dir='ltr'><strong>μενος</strong></span> <span class='ocrx_word' id='word_1_745' title='bbox 490 5505 642 5573; x_wconf 76' lang='grc' dir='ltr'><strong>λόγος</strong></span> <span class='ocrx_word' id='word_1_746' title='bbox 682 5502 959 5557; x_wconf 69' lang='grc' dir='ltr'><strong>καὶτοῦτο</strong></span> <span class='ocrx_word' id='word_1_747' title='bbox 981 5501 1081 5572; x_wconf 77' lang='grc' dir='ltr'><strong>ήδη</strong></span> <span class='ocrx_word' id='word_1_748' title='bbox 1109 5498 1313 5562; x_wconf 82' lang='grc' dir='ltr'><strong>διδάξει</strong></span> <span class='ocrx_word' id='word_1_749' title='bbox 1349 5496 1431 5550; x_wconf 77' lang='grc' dir='ltr'><strong>σέ.</strong></span> <span class='ocrx_word' id='word_1_750' title='bbox 1483 5497 1718 5565; x_wconf 75' lang='grc' dir='ltr'><strong>Λέγεται</strong></span> <span class='ocrx_word' id='word_1_751' title='bbox 1757 5500 1865 5569; x_wconf 73' lang='grc' dir='ltr'><strong>γάρ</strong></span> 
     </span>
    </p>
   </div>
   <div class='ocr_carea' id='block_1_105' title="bbox 312 5587 1866 5666">
    <p class='ocr_par' dir='ltr' id='par_1_105' title="bbox 312 5587 1866 5666">
     <span class='ocr_line' id='line_1_105' title="bbox 312 5587 1866 5666; baseline -0.001 -20"><span class='ocrx_word' id='word_1_752' title='bbox 312 5598 393 5647; x_wconf 61' lang='lat' dir='ltr'><strong>in</strong></span> <span class='ocrx_word' id='word_1_753' title='bbox 417 5598 550 5650; x_wconf 79' lang='grc' dir='ltr'><strong>κατά</strong></span> <span class='ocrx_word' id='word_1_754' title='bbox 576 5600 673 5665; x_wconf 76' lang='grc' dir='ltr'><strong>τὴν</strong></span> <span class='ocrx_word' id='word_1_755' title='bbox 708 5594 1088 5666; x_wconf 74' lang='grc' dir='ltr'><strong>πρεσϐυτέραν</strong></span> <span class='ocrx_word' id='word_1_756' title='bbox 1132 5594 1350 5658; x_wconf 77' lang='grc' dir='ltr'><strong>Ῥώμην</strong></span> <span class='ocrx_word' id='word_1_757' title='bbox 1382 5587 1502 5659; x_wconf 75' lang='grc' dir='ltr'><strong>ὥρᾳ</strong></span> <span class='ocrx_word' id='word_1_758' title='bbox 1556 5587 1744 5661; x_wconf 82' lang='grc' dir='ltr'><strong>θέρους</strong></span> <span class='ocrx_word' id='word_1_759' title='bbox 1775 5593 1866 5644; x_wconf 72' lang='grc' dir='ltr'><strong>ἄν·</strong></span> 
     </span>
    </p>
   </div>
   <div class='ocr_carea' id='block_1_106' title="bbox 618 5685 1343 5750">
    <p class='ocr_par' dir='ltr' id='par_1_106' title="bbox 618 5685 1343 5750">
     <span class='ocr_line' id='line_1_106' title="bbox 618 5685 1343 5750; baseline 0 -3"><span class='ocrx_word' id='word_1_760' title='bbox 618 5691 890 5748; x_wconf 72' lang='grc' dir='ltr'><strong>Ριηίιυι..</strong></span> <span class='ocrx_word' id='word_1_761' title='bbox 929 5688 1043 5750; x_wconf 76' lang='lat' dir='ltr'><strong>Gn.</strong></span> <span class='ocrx_word' id='word_1_762' title='bbox 1092 5685 1343 5747; x_wconf 67' lang='lat' dir='ltr'><strong>CLVIII.</strong></span> 
     </span>
    </p>
   </div>
   <div class='ocr_carea' id='block_1_107' title="bbox 1962 4596 3537 4669">
    <p class='ocr_par' dir='ltr' id='par_1_107' title="bbox 1962 4596 3537 4669">
     <span class='ocr_line' id='line_1_107' title="bbox 1962 4596 3537 4669; baseline 0.004 -20"><span class='ocrx_word' id='word_1_763' title='bbox 1962 4597 2185 4650; x_wconf 76' lang='lat' dir='ltr'><strong>nieiosa:</strong></span> <span class='ocrx_word' id='word_1_764' title='bbox 2220 4596 2353 4659; x_wconf 90' lang='lat' dir='ltr'><strong>sint,</strong></span> <span class='ocrx_word' id='word_1_765' title='bbox 2386 4612 2454 4651; x_wconf 86' lang='lat' dir='ltr'><strong>ex</strong></span> <span class='ocrx_word' id='word_1_766' title='bbox 2486 4607 2600 4652; x_wconf 92' lang='lat' dir='ltr'><strong>toto</strong></span> <span class='ocrx_word' id='word_1_767' title='bbox 2637 4615 2867 4669; x_wconf 89' lang='lat' dir='ltr'><strong>corpore</strong></span> <span class='ocrx_word' id='word_1_768' title='bbox 2901 4601 3205 4665; x_wconf 88' lang='lat' dir='ltr'><strong>declarans,</strong></span> <span class='ocrx_word' id='word_1_769' title='bbox 3259 4601 3537 4667; x_wconf 85' lang='lat' dir='ltr'><strong>simulque</strong></span> 
     </span>
    </p>
   </div>
   <div class='ocr_carea' id='block_1_108' title="bbox 1964 4686 3537 4760">
    <p class='ocr_par' dir='ltr' id='par_1_108' title="bbox 1964 4686 3537 4760">
     <span class='ocr_line' id='line_1_108' title="bbox 1964 4686 3537 4760; baseline 0.005 -20"><span class='ocrx_word' id='word_1_770' title='bbox 1964 4686 2280 4758; x_wconf 76' lang='lat' dir='ltr'><strong>signiﬁcans</strong></span> <span class='ocrx_word' id='word_1_771' title='bbox 2324 4702 2436 4742; x_wconf 92' lang='lat' dir='ltr'><strong>non</strong></span> <span class='ocrx_word' id='word_1_772' title='bbox 2489 4688 2693 4744; x_wconf 88' lang='lat' dir='ltr'><strong>debere</strong></span> <span class='ocrx_word' id='word_1_773' title='bbox 2724 4692 3024 4760; x_wconf 83' lang='lat' dir='ltr'><strong>pharmace</strong></span> <span class='ocrx_word' id='word_1_774' title='bbox 3053 4693 3106 4747; x_wconf 90' lang='lat' dir='ltr'><strong>id</strong></span> <span class='ocrx_word' id='word_1_775' title='bbox 3153 4701 3239 4748; x_wconf 86' lang='lat' dir='ltr'><strong>est</strong></span> <span class='ocrx_word' id='word_1_776' title='bbox 3280 4692 3537 4748; x_wconf 64' lang='lat' dir='ltr'><strong>theriace</strong></span> 
     </span>
    </p>
   </div>
   <div class='ocr_carea' id='block_1_109' title="bbox 1963 4780 3537 4849">
    <p class='ocr_par' dir='ltr' id='par_1_109' title="bbox 1963 4780 3537 4849">
     <span class='ocr_line' id='line_1_109' title="bbox 1963 4780 3537 4849; baseline 0.004 -16"><span class='ocrx_word' id='word_1_777' title='bbox 1963 4780 2209 4849; x_wconf 69' lang='lat' dir='ltr'><strong>quaedam</strong></span> <span class='ocrx_word' id='word_1_778' title='bbox 2240 4780 2478 4835; x_wconf 90' lang='lat' dir='ltr'><strong>misceri.</strong></span> <span class='ocrx_word' id='word_1_779' title='bbox 2536 4780 2656 4847; x_wconf 86' lang='lat' dir='ltr'><strong>Quo</strong></span> <span class='ocrx_word' id='word_1_780' title='bbox 2688 4782 2748 4837; x_wconf 81' lang='lat' dir='ltr'><strong>lit</strong></span> <span class='ocrx_word' id='word_1_781' title='bbox 2781 4792 2841 4838; x_wconf 87' lang='lat' dir='ltr'><strong>ut</strong></span> <span class='ocrx_word' id='word_1_782' title='bbox 2875 4801 2997 4840; x_wconf 87' lang='lat' dir='ltr'><strong>cum</strong></span> <span class='ocrx_word' id='word_1_783' title='bbox 3034 4785 3102 4839; x_wconf 86' lang='lat' dir='ltr'><strong>ad</strong></span> <span class='ocrx_word' id='word_1_784' title='bbox 3160 4802 3321 4841; x_wconf 88' lang='lat' dir='ltr'><strong>usum</strong></span> <span class='ocrx_word' id='word_1_785' title='bbox 3345 4800 3537 4840; x_wconf 84' lang='lat' dir='ltr'><strong>earum</strong></span> 
     </span>
    </p>
   </div>
   <div class='ocr_carea' id='block_1_110' title="bbox 1963 4866 3539 4943">
    <p class='ocr_par' dir='ltr' id='par_1_110' title="bbox 1963 4866 3539 4943">
     <span class='ocr_line' id='line_1_110' title="bbox 1963 4866 3539 4943; baseline 0.007 -25"><span class='ocrx_word' id='word_1_786' title='bbox 1963 4866 2181 4936; x_wconf 81' lang='lat' dir='ltr'><strong>viperas</strong></span> <span class='ocrx_word' id='word_1_787' title='bbox 2227 4868 2521 4933; x_wconf 88' lang='lat' dir='ltr'><strong>sumimus,</strong></span> <span class='ocrx_word' id='word_1_788' title='bbox 2578 4885 2685 4924; x_wconf 88' lang='lat' dir='ltr'><strong>una</strong></span> <span class='ocrx_word' id='word_1_789' title='bbox 2717 4886 2840 4926; x_wconf 89' lang='lat' dir='ltr'><strong>cum</strong></span> <span class='ocrx_word' id='word_1_790' title='bbox 2874 4872 3048 4926; x_wconf 87' lang='lat' dir='ltr'><strong>cauda</strong></span> <span class='ocrx_word' id='word_1_791' title='bbox 3079 4884 3243 4942; x_wconf 87' lang='lat' dir='ltr'><strong>caput</strong></span> <span class='ocrx_word' id='word_1_792' title='bbox 3271 4873 3539 4943; x_wconf 64' lang='lat' dir='ltr'><strong>praecida-</strong></span> 
     </span>
    </p>
   </div>
   <div class='ocr_carea' id='block_1_111' title="bbox 1965 4954 3540 5026">
    <p class='ocr_par' dir='ltr' id='par_1_111' title="bbox 1965 4954 3540 5026">
     <span class='ocr_line' id='line_1_111' title="bbox 1965 4954 3540 5026; baseline 0.005 -21"><span class='ocrx_word' id='word_1_793' title='bbox 1965 4968 2110 5015; x_wconf 81' lang='lat' dir='ltr'><strong>ntus,</strong></span> <span class='ocrx_word' id='word_1_794' title='bbox 2142 4954 2343 5023; x_wconf 88' lang='lat' dir='ltr'><strong>quibus</strong></span> <span class='ocrx_word' id='word_1_795' title='bbox 2372 4956 2426 5009; x_wconf 92' lang='lat' dir='ltr'><strong>in</strong></span> <span class='ocrx_word' id='word_1_796' title='bbox 2457 4957 2707 5026; x_wconf 77' lang='lat' dir='ltr'><strong>partibus</strong></span> <span class='ocrx_word' id='word_1_797' title='bbox 2737 4958 2934 5011; x_wconf 87' lang='lat' dir='ltr'><strong>humor</strong></span> <span class='ocrx_word' id='word_1_798' title='bbox 2960 4959 3049 5013; x_wconf 90' lang='lat' dir='ltr'><strong>ille</strong></span> <span class='ocrx_word' id='word_1_799' title='bbox 3080 4960 3343 5025; x_wconf 87' lang='lat' dir='ltr'><strong>deterior,</strong></span> <span class='ocrx_word' id='word_1_800' title='bbox 3374 4961 3540 5014; x_wconf 83' lang='lat' dir='ltr'><strong>nimi-</strong></span> 
     </span>
    </p>
   </div>
   <div class='ocr_carea' id='block_1_112' title="bbox 1964 5046 3540 5116">
    <p class='ocr_par' dir='ltr' id='par_1_112' title="bbox 1964 5046 3540 5116">
     <span class='ocr_line' id='line_1_112' title="bbox 1964 5046 3540 5116; baseline 0.004 -19"><span class='ocrx_word' id='word_1_801' title='bbox 1964 5059 2084 5097; x_wconf 89' lang='lat' dir='ltr'><strong>rum</strong></span> <span class='ocrx_word' id='word_1_802' title='bbox 2119 5046 2271 5099; x_wconf 88' lang='lat' dir='ltr'><strong>virus</strong></span> <span class='ocrx_word' id='word_1_803' title='bbox 2317 5046 2519 5115; x_wconf 87' lang='lat' dir='ltr'><strong>ipsum,</strong></span> <span class='ocrx_word' id='word_1_804' title='bbox 2553 5048 2791 5104; x_wconf 77' lang='lat' dir='ltr'><strong>exsistit.</strong></span> <span class='ocrx_word' id='word_1_805' title='bbox 2852 5050 3087 5116; x_wconf 87' lang='lat' dir='ltr'><strong>Ideoque</strong></span> <span class='ocrx_word' id='word_1_806' title='bbox 3135 5065 3328 5104; x_wconf 80' lang='lat' dir='ltr'><strong>carnes</strong></span> <span class='ocrx_word' id='word_1_807' title='bbox 3373 5052 3540 5104; x_wconf 89' lang='lat' dir='ltr'><strong>medii</strong></span> 
     </span>
    </p>
   </div>
   <div class='ocr_carea' id='block_1_113' title="bbox 1965 5137 3542 5209">
    <p class='ocr_par' dir='ltr' id='par_1_113' title="bbox 1965 5137 3542 5209">
     <span class='ocr_line' id='line_1_113' title="bbox 1965 5137 3542 5209; baseline 0.003 -20"><span class='ocrx_word' id='word_1_808' title='bbox 1965 5137 2217 5207; x_wconf 87' lang='lat' dir='ltr'><strong>corporis</strong></span> <span class='ocrx_word' id='word_1_809' title='bbox 2277 5147 2603 5194; x_wconf 82' lang='lat' dir='ltr'><strong>exserantes</strong></span> <span class='ocrx_word' id='word_1_810' title='bbox 2652 5139 3009 5209; x_wconf 84' lang='lat' dir='ltr'><strong>pbarmaeutn</strong></span> <span class='ocrx_word' id='word_1_811' title='bbox 3054 5142 3381 5209; x_wconf 79' lang='lat' dir='ltr'><strong>praesentius</strong></span> <span class='ocrx_word' id='word_1_812' title='bbox 3425 5140 3542 5195; x_wconf 78' lang='lat' dir='ltr'><strong>clli-</strong></span> 
     </span>
    </p>
   </div>
   <div class='ocr_carea' id='block_1_114' title="bbox 1966 5247 2161 5287">
    <p class='ocr_par' dir='ltr' id='par_1_114' title="bbox 1966 5247 2161 5287">
     <span class='ocr_line' id='line_1_114' title="bbox 1966 5247 2161 5287; baseline -0.005 0"><span class='ocrx_word' id='word_1_813' title='bbox 1966 5247 2161 5287; x_wconf 78' lang='lat' dir='ltr'><strong>CllﬂUS.</strong></span> 
     </span>
    </p>
   </div>
   <div class='ocr_carea' id='block_1_115' title="bbox 2038 5322 3537 5399">
    <p class='ocr_par' dir='ltr' id='par_1_115' title="bbox 2038 5322 3537 5399">
     <span class='ocr_line' id='line_1_115' title="bbox 2038 5322 3537 5399; baseline 0.003 -24"><span class='ocrx_word' id='word_1_814' title='bbox 2038 5322 2239 5389; x_wconf 86' lang='lat' dir='ltr'><strong>Quodsi</strong></span> <span class='ocrx_word' id='word_1_815' title='bbox 2281 5324 2446 5379; x_wconf 87' lang='lat' dir='ltr'><strong>etiam</strong></span> <span class='ocrx_word' id='word_1_816' title='bbox 2470 5324 2612 5381; x_wconf 90' lang='lat' dir='ltr'><strong>scire</strong></span> <span class='ocrx_word' id='word_1_817' title='bbox 2633 5326 2791 5396; x_wconf 89' lang='lat' dir='ltr'><strong>cupis</strong></span> <span class='ocrx_word' id='word_1_818' title='bbox 2821 5327 2964 5383; x_wconf 84' lang='lat' dir='ltr'><strong>unde</strong></span> <span class='ocrx_word' id='word_1_819' title='bbox 2985 5328 3222 5399; x_wconf 90' lang='lat' dir='ltr'><strong>primum</strong></span> <span class='ocrx_word' id='word_1_820' title='bbox 3246 5329 3317 5383; x_wconf 89' lang='lat' dir='ltr'><strong>sit</strong></span> <span class='ocrx_word' id='word_1_821' title='bbox 3335 5336 3537 5387; x_wconf 88' lang='lat' dir='ltr'><strong>ortum,</strong></span> 
     </span>
    </p>
   </div>
   <div class='ocr_carea' id='block_1_116' title="bbox 1967 5417 3541 5489">
    <p class='ocr_par' dir='ltr' id='par_1_116' title="bbox 1967 5417 3541 5489">
     <span class='ocr_line' id='line_1_116' title="bbox 1967 5417 3541 5489; baseline 0 -18"><span class='ocrx_word' id='word_1_822' title='bbox 1967 5417 2111 5489; x_wconf 88' lang='lat' dir='ltr'><strong>quod</strong></span> <span class='ocrx_word' id='word_1_823' title='bbox 2159 5418 2413 5472; x_wconf 69' lang='lat' dir='ltr'><strong>theriaca:</strong></span> <span class='ocrx_word' id='word_1_824' title='bbox 2462 5419 2773 5486; x_wconf 80' lang='lat' dir='ltr'><strong>viperarum</strong></span> <span class='ocrx_word' id='word_1_825' title='bbox 2822 5434 3012 5474; x_wconf 83' lang='lat' dir='ltr'><strong>carnes</strong></span> <span class='ocrx_word' id='word_1_826' title='bbox 3061 5420 3381 5483; x_wconf 84' lang='lat' dir='ltr'><strong>miscentur,</strong></span> <span class='ocrx_word' id='word_1_827' title='bbox 3438 5419 3541 5471; x_wconf 89' lang='lat' dir='ltr'><strong>hoc</strong></span> 
     </span>
    </p>
   </div>
   <div class='ocr_carea' id='block_1_117' title="bbox 1970 5508 3541 5578">
    <p class='ocr_par' dir='ltr' id='par_1_117' title="bbox 1970 5508 3541 5578">
     <span class='ocr_line' id='line_1_117' title="bbox 1970 5508 3541 5578; baseline -0.001 -19"><span class='ocrx_word' id='word_1_828' title='bbox 1970 5509 2149 5578; x_wconf 90' lang='lat' dir='ltr'><strong>ipsum</strong></span> <span class='ocrx_word' id='word_1_829' title='bbox 2204 5522 2271 5562; x_wconf 84' lang='lat' dir='ltr'><strong>ex</strong></span> <span class='ocrx_word' id='word_1_830' title='bbox 2329 5518 2455 5562; x_wconf 86' lang='lat' dir='ltr'><strong>nota</strong></span> <span class='ocrx_word' id='word_1_831' title='bbox 2488 5509 2652 5578; x_wconf 80' lang='lat' dir='ltr'><strong>vulgo</strong></span> <span class='ocrx_word' id='word_1_832' title='bbox 2693 5509 3006 5563; x_wconf 84' lang='lat' dir='ltr'><strong>narratione</strong></span> <span class='ocrx_word' id='word_1_833' title='bbox 3034 5508 3193 5564; x_wconf 78' lang='lat' dir='ltr'><strong>facile</strong></span> <span class='ocrx_word' id='word_1_834' title='bbox 3222 5520 3541 5576; x_wconf 76' lang='lat' dir='ltr'><strong>cognosces.</strong></span> 
     </span>
    </p>
   </div>
   <div class='ocr_carea' id='block_1_118' title="bbox 1971 5595 3544 5675">
    <p class='ocr_par' dir='ltr' id='par_1_118' title="bbox 1971 5595 3544 5675">
     <span class='ocr_line' id='line_1_118' title="bbox 1971 5595 3544 5675; baseline 0.001 -27"><span class='ocrx_word' id='word_1_835' title='bbox 1971 5595 2250 5675; x_wconf 76' lang='lat' dir='ltr'><strong>l’roditunt</strong></span> <span class='ocrx_word' id='word_1_836' title='bbox 2281 5605 2364 5653; x_wconf 83' lang='lat' dir='ltr'><strong>est</strong></span> <span class='ocrx_word' id='word_1_837' title='bbox 2393 5597 2540 5652; x_wconf 89' lang='lat' dir='ltr'><strong>enim</strong></span> <span class='ocrx_word' id='word_1_838' title='bbox 2570 5600 2845 5652; x_wconf 63' lang='lat' dir='ltr'><strong>memoriae</strong></span> <span class='ocrx_word' id='word_1_839' title='bbox 2862 5598 3121 5667; x_wconf 87' lang='lat' dir='ltr'><strong>quosdam</strong></span> <span class='ocrx_word' id='word_1_840' title='bbox 3141 5598 3292 5664; x_wconf 83' lang='lat' dir='ltr'><strong>juxta</strong></span> <span class='ocrx_word' id='word_1_841' title='bbox 3317 5595 3544 5649; x_wconf 77' lang='lat' dir='ltr'><strong>Romam</strong></span> 
     </span>
    </p>
   </div>
   <div class='ocr_carea' id='block_1_119' title="bbox 3170 5690 3207 5748">
    <p class='ocr_par' dir='ltr' id='par_1_119' title="bbox 3170 5690 3207 5748">
     <span class='ocr_line' id='line_1_119' title="bbox 3170 5690 3207 5748; baseline 0 -5"><span class='ocrx_word' id='word_1_842' title='bbox 3170 5690 3207 5748; x_wconf 77' lang='grc'><strong>5</strong></span> 
     </span>
    </p>
   </div>
  </div>
