  <div class='ocr_page' id='page_1' title='image "/cluster/home/n/w/nwhite01/storage/ocr_20150623/158/hvd.32044073502676/101.png"; bbox 0 0 4062 6186; ppageno 0'>
   <div class='ocr_carea' id='block_1_1' title="bbox 402 579 1018 640">
    <p class='ocr_par' dir='ltr' id='par_1_1' title="bbox 402 579 1018 640">
     <span class='ocr_line' id='line_1_1' title="bbox 402 579 1018 640; baseline -0.015 -10"><span class='ocrx_word' id='word_1_1' title='bbox 402 614 408 619; x_wconf 86' lang='grc'><strong>-</strong></span> <span class='ocrx_word' id='word_1_2' title='bbox 495 585 685 630; x_wconf 80' lang='lat' dir='ltr'><strong>cluros</strong></span> <span class='ocrx_word' id='word_1_3' title='bbox 715 579 1018 640; x_wconf 85' lang='lat' dir='ltr'><strong>sperarent.</strong></span> 
     </span>
    </p>
   </div>
   <div class='ocr_carea' id='block_1_2' title="bbox 490 183 592 250">
    <p class='ocr_par' dir='ltr' id='par_1_2' title="bbox 490 183 592 250">
     <span class='ocr_line' id='line_1_2' title="bbox 490 183 592 250; baseline -0.029 -1"><span class='ocrx_word' id='word_1_4' title='bbox 490 183 592 250; x_wconf 74' lang='lat'><strong>131</strong></span> 
     </span>
    </p>
   </div>
   <div class='ocr_carea' id='block_1_3' title="bbox 1769 173 2483 240">
    <p class='ocr_par' dir='ltr' id='par_1_3' title="bbox 1769 173 2483 240">
     <span class='ocr_line' id='line_1_3' title="bbox 1769 173 2483 240; baseline 0.006 -4"><span class='ocrx_word' id='word_1_5' title='bbox 1769 173 2188 240; x_wconf 81' lang='lat' dir='ltr'><strong>MlCHAELlS</strong></span> <span class='ocrx_word' id='word_1_6' title='bbox 2228 179 2483 240; x_wconf 65' lang='grc' dir='ltr'><strong>(ἓιῖιίίὲ</strong></span> 
     </span>
    </p>
   </div>
   <div class='ocr_carea' id='block_1_4' title="bbox 3632 178 3735 244">
    <p class='ocr_par' dir='ltr' id='par_1_4' title="bbox 3632 178 3735 244">
     <span class='ocr_line' id='line_1_4' title="bbox 3632 178 3735 244; baseline -0.029 -1"><span class='ocrx_word' id='word_1_7' title='bbox 3632 178 3656 244; x_wconf 80' lang='grc'>1</span> <span class='ocrx_word' id='word_1_8' title='bbox 3681 183 3735 243; x_wconf 65' lang='grc' dir='ltr'><strong>τέΞ</strong></span> 
     </span>
    </p>
   </div>
   <div class='ocr_carea' id='block_1_5' title="bbox 493 287 2072 363">
    <p class='ocr_par' dir='ltr' id='par_1_5' title="bbox 493 291 2065 363">
     <span class='ocr_line' id='line_1_5' title="bbox 493 291 2065 363; baseline -0.005 -9"><span class='ocrx_word' id='word_1_9' title='bbox 493 310 762 363; x_wconf 89' lang='lat' dir='ltr'><strong>veterem,</strong></span> <span class='ocrx_word' id='word_1_10' title='bbox 793 310 916 351; x_wconf 90' lang='lat' dir='ltr'><strong>cum</strong></span> <span class='ocrx_word' id='word_1_11' title='bbox 951 295 1142 350; x_wconf 74' lang='lat' dir='ltr'><strong>aestivo</strong></span> <span class='ocrx_word' id='word_1_12' title='bbox 1177 300 1422 361; x_wconf 88' lang='lat' dir='ltr'><strong>tempore</strong></span> <span class='ocrx_word' id='word_1_13' title='bbox 1453 291 1628 361; x_wconf 88' lang='lat' dir='ltr'><strong>spicas</strong></span> <span class='ocrx_word' id='word_1_14' title='bbox 1662 292 1943 358; x_wconf 89' lang='lat' dir='ltr'><strong>vellerent,</strong></span> <span class='ocrx_word' id='word_1_15' title='bbox 1978 292 2065 348; x_wconf 92' lang='lat' dir='ltr'><strong>siti</strong></span> 
     </span>
    </p>
   </div>
   <div class='ocr_carea' id='block_1_6' title="bbox 2176 287 3734 363">
    <p class='ocr_par' dir='ltr' id='par_1_6' title="bbox 2176 287 3734 360">
     <span class='ocr_line' id='line_1_6' title="bbox 2176 287 3734 360; baseline 0.001 -16"><span class='ocrx_word' id='word_1_16' title='bbox 2176 292 2294 360; x_wconf 85' lang='grc' dir='ltr'>δρες</span> <span class='ocrx_word' id='word_1_17' title='bbox 2325 293 2467 354; x_wconf 81' lang='grc' dir='ltr'>τινὲς</span> <span class='ocrx_word' id='word_1_18' title='bbox 2499 293 2736 359; x_wconf 82' lang='grc' dir='ltr'><strong>στάχυας</strong></span> <span class='ocrx_word' id='word_1_19' title='bbox 2805 287 3034 344; x_wconf 78' lang='grc' dir='ltr'>ἔτιλλον.</span> <span class='ocrx_word' id='word_1_20' title='bbox 3084 290 3194 343; x_wconf 77' lang='grc' dir='ltr'><strong>Καὶ</strong></span> <span class='ocrx_word' id='word_1_21' title='bbox 3245 289 3403 346; x_wconf 78' lang='grc' dir='ltr'>τοῦτο</span> <span class='ocrx_word' id='word_1_22' title='bbox 3453 293 3734 356; x_wconf 72' lang='grc' dir='ltr'>ποιοῦντες</span> 
     </span>
    </p>
   </div>
   <div class='ocr_carea' id='block_1_7' title="bbox 495 383 2064 457">
    <p class='ocr_par' dir='ltr' id='par_1_7' title="bbox 495 383 2064 457">
     <span class='ocr_line' id='line_1_7' title="bbox 495 383 2064 457; baseline -0.004 -11"><span class='ocrx_word' id='word_1_23' title='bbox 495 393 670 446; x_wconf 79' lang='lat' dir='ltr'><strong>fuisse</strong></span> <span class='ocrx_word' id='word_1_24' title='bbox 727 397 1030 457; x_wconf 88' lang='lat' dir='ltr'><strong>correptos.</strong></span> <span class='ocrx_word' id='word_1_25' title='bbox 1094 385 1281 452; x_wconf 77' lang='lat' dir='ltr'><strong>Itaque</strong></span> <span class='ocrx_word' id='word_1_26' title='bbox 1343 383 1620 437; x_wconf 82' lang='lat' dir='ltr'><strong>vasculum</strong></span> <span class='ocrx_word' id='word_1_27' title='bbox 1670 385 1737 439; x_wconf 88' lang='lat' dir='ltr'><strong>ad</strong></span> <span class='ocrx_word' id='word_1_28' title='bbox 1793 386 2064 454; x_wconf 82' lang='lat' dir='ltr'><strong>quoddam</strong></span> 
     </span>
    </p>
   </div>
   <div class='ocr_carea' id='block_1_8' title="bbox 494 476 2066 552">
    <p class='ocr_par' dir='ltr' id='par_1_8' title="bbox 494 476 2066 552">
     <span class='ocr_line' id='line_1_8' title="bbox 494 476 2066 552; baseline -0.006 -14"><span class='ocrx_word' id='word_1_29' title='bbox 494 487 626 538; x_wconf 85' lang='lat' dir='ltr'><strong>vino</strong></span> <span class='ocrx_word' id='word_1_30' title='bbox 662 483 884 552; x_wconf 89' lang='lat' dir='ltr'><strong>plenttm</strong></span> <span class='ocrx_word' id='word_1_31' title='bbox 919 477 1246 538; x_wconf 87' lang='lat' dir='ltr'><strong>cucurrisse,</strong></span> <span class='ocrx_word' id='word_1_32' title='bbox 1291 476 1438 544; x_wconf 90' lang='lat' dir='ltr'><strong>quod</strong></span> <span class='ocrx_word' id='word_1_33' title='bbox 1479 489 1545 530; x_wconf 91' lang='lat' dir='ltr'><strong>eo</strong></span> <span class='ocrx_word' id='word_1_34' title='bbox 1583 491 1642 531; x_wconf 90' lang='lat' dir='ltr'><strong>se</strong></span> <span class='ocrx_word' id='word_1_35' title='bbox 1681 477 1825 531; x_wconf 85' lang='lat' dir='ltr'><strong>sitim</strong></span> <span class='ocrx_word' id='word_1_36' title='bbox 1857 477 2066 530; x_wconf 78' lang='lat' dir='ltr'><strong>exstin-</strong></span> 
     </span>
    </p>
   </div>
   <div class='ocr_carea' id='block_1_9' title="bbox 1106 566 2065 636">
    <p class='ocr_par' dir='ltr' id='par_1_9' title="bbox 1106 566 2065 636">
     <span class='ocr_line' id='line_1_9' title="bbox 1106 566 2065 636; baseline 0.001 -18"><span class='ocrx_word' id='word_1_37' title='bbox 1106 566 1308 620; x_wconf 83' lang='lat' dir='ltr'><strong>Verum</strong></span> <span class='ocrx_word' id='word_1_38' title='bbox 1344 582 1408 620; x_wconf 88' lang='lat' dir='ltr'><strong>ea</strong></span> <span class='ocrx_word' id='word_1_39' title='bbox 1453 582 1550 636; x_wconf 86' lang='lat' dir='ltr'><strong>spe</strong></span> <span class='ocrx_word' id='word_1_40' title='bbox 1577 567 1885 632; x_wconf 83' lang='lat' dir='ltr'><strong>excidisse;</strong></span> <span class='ocrx_word' id='word_1_41' title='bbox 1942 581 2065 620; x_wconf 88' lang='lat' dir='ltr'><strong>nam</strong></span> 
     </span>
    </p>
   </div>
   <div class='ocr_carea' id='block_1_10' title="bbox 498 661 2067 736">
    <p class='ocr_par' dir='ltr' id='par_1_10' title="bbox 498 661 2067 736">
     <span class='ocr_line' id='line_1_10' title="bbox 498 661 2067 736; baseline -0.001 -20"><span class='ocrx_word' id='word_1_42' title='bbox 498 671 686 736; x_wconf 80' lang='lat' dir='ltr'><strong>vipera</strong></span> <span class='ocrx_word' id='word_1_43' title='bbox 721 665 901 719; x_wconf 88' lang='lat' dir='ltr'><strong>subito</strong></span> <span class='ocrx_word' id='word_1_44' title='bbox 939 663 1063 716; x_wconf 89' lang='lat' dir='ltr'><strong>inde</strong></span> <span class='ocrx_word' id='word_1_45' title='bbox 1095 661 1386 730; x_wconf 84' lang='lat' dir='ltr'><strong>prosiliens</strong></span> <span class='ocrx_word' id='word_1_46' title='bbox 1421 661 1670 715; x_wconf 85' lang='lat' dir='ltr'><strong>homines</strong></span> <span class='ocrx_word' id='word_1_47' title='bbox 1713 661 1781 714; x_wconf 86' lang='lat' dir='ltr'><strong>ab</strong></span> <span class='ocrx_word' id='word_1_48' title='bbox 1817 661 2067 714; x_wconf 89' lang='lat' dir='ltr'><strong>instituto</strong></span> 
     </span>
    </p>
   </div>
   <div class='ocr_carea' id='block_1_11' title="bbox 496 748 2070 815">
    <p class='ocr_par' dir='ltr' id='par_1_11' title="bbox 496 748 2070 815">
     <span class='ocr_line' id='line_1_11' title="bbox 496 748 2070 815; baseline -0.006 -7"><span class='ocrx_word' id='word_1_49' title='bbox 496 755 809 808; x_wconf 81' lang='lat' dir='ltr'><strong>revocabat.</strong></span> <span class='ocrx_word' id='word_1_50' title='bbox 873 751 1009 815; x_wconf 87' lang='lat' dir='ltr'><strong>Quid</strong></span> <span class='ocrx_word' id='word_1_51' title='bbox 1057 753 1356 804; x_wconf 87' lang='lat' dir='ltr'><strong>secundum</strong></span> <span class='ocrx_word' id='word_1_52' title='bbox 1395 751 1510 804; x_wconf 70' lang='lat' dir='ltr'><strong>haec</strong></span> <span class='ocrx_word' id='word_1_53' title='bbox 1562 750 1784 803; x_wconf 86' lang='lat' dir='ltr'><strong>evenit?</strong></span> <span class='ocrx_word' id='word_1_54' title='bbox 1835 748 2070 803; x_wconf 87' lang='lat' dir='ltr'><strong>Sumunt</strong></span> 
     </span>
    </p>
   </div>
   <div class='ocr_carea' id='block_1_12' title="bbox 500 837 2068 912">
    <p class='ocr_par' dir='ltr' id='par_1_12' title="bbox 500 837 2068 912">
     <span class='ocr_line' id='line_1_12' title="bbox 500 837 2068 912; baseline -0.004 -15"><span class='ocrx_word' id='word_1_55' title='bbox 500 851 710 907; x_wconf 71' lang='lat' dir='ltr'><strong>\iuum,</strong></span> <span class='ocrx_word' id='word_1_56' title='bbox 745 845 904 912; x_wconf 82' lang='lat' dir='ltr'><strong>idque</strong></span> <span class='ocrx_word' id='word_1_57' title='bbox 937 844 1152 896; x_wconf 85' lang='lat' dir='ltr'><strong>cuidam</strong></span> <span class='ocrx_word' id='word_1_58' title='bbox 1185 842 1392 896; x_wconf 82' lang='lat' dir='ltr'><strong>homini</strong></span> <span class='ocrx_word' id='word_1_59' title='bbox 1429 841 1624 895; x_wconf 88' lang='lat' dir='ltr'><strong>misere</strong></span> <span class='ocrx_word' id='word_1_60' title='bbox 1651 840 1848 894; x_wconf 72' lang='lat' dir='ltr'><strong>allecto</strong></span> <span class='ocrx_word' id='word_1_61' title='bbox 1888 837 2068 908; x_wconf 88' lang='lat' dir='ltr'><strong>porri-</strong></span> 
     </span>
    </p>
   </div>
   <div class='ocr_carea' id='block_1_13' title="bbox 498 931 2071 1010">
    <p class='ocr_par' dir='ltr' id='par_1_13' title="bbox 498 931 2071 1010">
     <span class='ocr_line' id='line_1_13' title="bbox 498 931 2071 1010; baseline -0.003 -21"><span class='ocrx_word' id='word_1_62' title='bbox 498 951 654 1010; x_wconf 74' lang='lat' dir='ltr'><strong>gunt,</strong></span> <span class='ocrx_word' id='word_1_63' title='bbox 715 948 774 991; x_wconf 86' lang='lat' dir='ltr'><strong>ut.</strong></span> <span class='ocrx_word' id='word_1_64' title='bbox 821 938 925 990; x_wconf 92' lang='lat' dir='ltr'><strong>hoc</strong></span> <span class='ocrx_word' id='word_1_65' title='bbox 978 945 1142 1001; x_wconf 84' lang='lat' dir='ltr'><strong>epoto</strong></span> <span class='ocrx_word' id='word_1_66' title='bbox 1173 938 1338 988; x_wconf 88' lang='lat' dir='ltr'><strong>citius</strong></span> <span class='ocrx_word' id='word_1_67' title='bbox 1377 934 1540 988; x_wconf 81' lang='lat' dir='ltr'><strong>tantis</strong></span> <span class='ocrx_word' id='word_1_68' title='bbox 1565 933 1844 987; x_wconf 86' lang='lat' dir='ltr'><strong>doloribus</strong></span> <span class='ocrx_word' id='word_1_69' title='bbox 1873 931 2071 986; x_wconf 84' lang='lat' dir='ltr'><strong>libera-</strong></span> 
     </span>
    </p>
   </div>
   <div class='ocr_carea' id='block_1_14' title="bbox 498 1025 2072 1095">
    <p class='ocr_par' dir='ltr' id='par_1_14' title="bbox 498 1025 2072 1095">
     <span class='ocr_line' id='line_1_14' title="bbox 498 1025 2072 1095; baseline -0.005 -11"><span class='ocrx_word' id='word_1_70' title='bbox 498 1041 668 1093; x_wconf 80' lang='lat' dir='ltr'><strong>retur,</strong></span> <span class='ocrx_word' id='word_1_71' title='bbox 707 1043 810 1082; x_wconf 88' lang='lat' dir='ltr'><strong>nec</strong></span> <span class='ocrx_word' id='word_1_72' title='bbox 844 1043 1014 1095; x_wconf 86' lang='lat' dir='ltr'><strong>usque</strong></span> <span class='ocrx_word' id='word_1_73' title='bbox 1044 1027 1180 1080; x_wconf 85' lang='lat' dir='ltr'><strong>adeo</strong></span> <span class='ocrx_word' id='word_1_74' title='bbox 1214 1027 1424 1079; x_wconf 76' lang='lat' dir='ltr'><strong>tristem</strong></span> <span class='ocrx_word' id='word_1_75' title='bbox 1475 1025 1706 1094; x_wconf 85' lang='lat' dir='ltr'><strong>amplius</strong></span> <span class='ocrx_word' id='word_1_76' title='bbox 1747 1026 1913 1078; x_wconf 87' lang='lat' dir='ltr'><strong>vitam</strong></span> <span class='ocrx_word' id='word_1_77' title='bbox 1945 1037 2072 1092; x_wconf 83' lang='lat' dir='ltr'><strong>age-</strong></span> 
     </span>
    </p>
   </div>
   <div class='ocr_carea' id='block_1_15' title="bbox 500 1115 2073 1188">
    <p class='ocr_par' dir='ltr' id='par_1_15' title="bbox 500 1115 2073 1188">
     <span class='ocr_line' id='line_1_15' title="bbox 500 1115 2073 1188; baseline -0.004 -15"><span class='ocrx_word' id='word_1_78' title='bbox 500 1133 599 1173; x_wconf 83' lang='lat' dir='ltr'><strong>rel.</strong></span> <span class='ocrx_word' id='word_1_79' title='bbox 645 1120 854 1188; x_wconf 70' lang='lat' dir='ltr'><strong>Accipit</strong></span> <span class='ocrx_word' id='word_1_80' title='bbox 892 1120 1134 1171; x_wconf 87' lang='lat' dir='ltr'><strong>oblatum</strong></span> <span class='ocrx_word' id='word_1_81' title='bbox 1176 1117 1263 1170; x_wconf 90' lang='lat' dir='ltr'><strong>ille</strong></span> <span class='ocrx_word' id='word_1_82' title='bbox 1297 1116 1508 1180; x_wconf 81' lang='lat' dir='ltr'><strong>vinum,</strong></span> <span class='ocrx_word' id='word_1_83' title='bbox 1555 1125 1759 1169; x_wconf 88' lang='lat' dir='ltr'><strong>etcum</strong></span> <span class='ocrx_word' id='word_1_84' title='bbox 1798 1115 2073 1183; x_wconf 78' lang='lat' dir='ltr'><strong>voluptate</strong></span> 
     </span>
    </p>
   </div>
   <div class='ocr_carea' id='block_1_16' title="bbox 500 1206 2071 1264">
    <p class='ocr_par' dir='ltr' id='par_1_16' title="bbox 500 1206 2071 1264">
     <span class='ocr_line' id='line_1_16' title="bbox 500 1206 2071 1264; baseline -0.003 -1"><span class='ocrx_word' id='word_1_85' title='bbox 500 1212 776 1264; x_wconf 67' lang='lat' dir='ltr'><strong>exhaurit.</strong></span> <span class='ocrx_word' id='word_1_86' title='bbox 837 1209 957 1263; x_wconf 76' lang='lat' dir='ltr'><strong>Mox</strong></span> <span class='ocrx_word' id='word_1_87' title='bbox 994 1223 1114 1263; x_wconf 82' lang='lat' dir='ltr'><strong>sese</strong></span> <span class='ocrx_word' id='word_1_88' title='bbox 1164 1208 1356 1261; x_wconf 90' lang='lat' dir='ltr'><strong>morbo</strong></span> <span class='ocrx_word' id='word_1_89' title='bbox 1396 1207 1618 1260; x_wconf 88' lang='lat' dir='ltr'><strong>liberari</strong></span> <span class='ocrx_word' id='word_1_90' title='bbox 1666 1206 2071 1259; x_wconf 82' lang='lat' dir='ltr'><strong>animadvertit.</strong></span> 
     </span>
    </p>
   </div>
   <div class='ocr_carea' id='block_1_17' title="bbox 501 1295 2075 1364">
    <p class='ocr_par' dir='ltr' id='par_1_17' title="bbox 501 1295 2075 1364">
     <span class='ocr_line' id='line_1_17' title="bbox 501 1295 2075 1364; baseline -0.003 -12"><span class='ocrx_word' id='word_1_91' title='bbox 501 1300 866 1364; x_wconf 63' lang='lat' dir='ltr'><strong>Quamobrem</strong></span> <span class='ocrx_word' id='word_1_92' title='bbox 909 1299 978 1351; x_wconf 88' lang='lat' dir='ltr'><strong>ab</strong></span> <span class='ocrx_word' id='word_1_93' title='bbox 1022 1298 1114 1350; x_wconf 89' lang='lat' dir='ltr'><strong>illo</strong></span> <span class='ocrx_word' id='word_1_94' title='bbox 1149 1305 1394 1364; x_wconf 88' lang='lat' dir='ltr'><strong>tempore</strong></span> <span class='ocrx_word' id='word_1_95' title='bbox 1421 1310 1617 1349; x_wconf 88' lang='lat' dir='ltr'><strong>carnes</strong></span> <span class='ocrx_word' id='word_1_96' title='bbox 1661 1295 1916 1363; x_wconf 81' lang='lat' dir='ltr'><strong>viperina:</strong></span> <span class='ocrx_word' id='word_1_97' title='bbox 1947 1295 2075 1348; x_wconf 84' lang='lat' dir='ltr'><strong>huic</strong></span> 
     </span>
    </p>
   </div>
   <div class='ocr_carea' id='block_1_18' title="bbox 502 1384 2073 1459">
    <p class='ocr_par' dir='ltr' id='par_1_18' title="bbox 502 1384 2073 1459">
     <span class='ocr_line' id='line_1_18' title="bbox 502 1384 2073 1459; baseline -0.004 -17"><span class='ocrx_word' id='word_1_98' title='bbox 502 1393 794 1459; x_wconf 87' lang='lat' dir='ltr'><strong>pharmaeo</strong></span> <span class='ocrx_word' id='word_1_99' title='bbox 844 1389 1064 1441; x_wconf 85' lang='lat' dir='ltr'><strong>misceri</strong></span> <span class='ocrx_word' id='word_1_100' title='bbox 1112 1396 1538 1448; x_wconf 88' lang='lat' dir='ltr'><strong>consueverunt,</strong></span> <span class='ocrx_word' id='word_1_101' title='bbox 1567 1385 1655 1439; x_wconf 91' lang='lat' dir='ltr'><strong>cui</strong></span> <span class='ocrx_word' id='word_1_102' title='bbox 1692 1384 1943 1438; x_wconf 66' lang='lat' dir='ltr'><strong>theriacze</strong></span> <span class='ocrx_word' id='word_1_103' title='bbox 1970 1398 2073 1437; x_wconf 81' lang='lat' dir='ltr'><strong>no-</strong></span> 
     </span>
    </p>
   </div>
   <div class='ocr_carea' id='block_1_19' title="bbox 501 1473 2072 1544">
    <p class='ocr_par' dir='ltr' id='par_1_19' title="bbox 501 1473 2072 1544">
     <span class='ocr_line' id='line_1_19' title="bbox 501 1473 2072 1544; baseline -0.006 -10"><span class='ocrx_word' id='word_1_104' title='bbox 501 1497 626 1534; x_wconf 85' lang='lat' dir='ltr'><strong>men</strong></span> <span class='ocrx_word' id='word_1_105' title='bbox 657 1481 842 1533; x_wconf 88' lang='lat' dir='ltr'><strong>datum</strong></span> <span class='ocrx_word' id='word_1_106' title='bbox 872 1489 953 1531; x_wconf 87' lang='lat' dir='ltr'><strong>est</strong></span> <span class='ocrx_word' id='word_1_107' title='bbox 976 1493 1004 1530; x_wconf 90' lang='lat' dir='ltr'><strong>a</strong></span> <span class='ocrx_word' id='word_1_108' title='bbox 1035 1477 1166 1530; x_wconf 90' lang='lat' dir='ltr'><strong>feris</strong></span> <span class='ocrx_word' id='word_1_109' title='bbox 1193 1485 1356 1544; x_wconf 89' lang='lat' dir='ltr'><strong>atque</strong></span> <span class='ocrx_word' id='word_1_110' title='bbox 1385 1475 1598 1539; x_wconf 81' lang='lat' dir='ltr'><strong>beStiis,</strong></span> <span class='ocrx_word' id='word_1_111' title='bbox 1625 1475 1824 1543; x_wconf 90' lang='lat' dir='ltr'><strong>quibus</strong></span> <span class='ocrx_word' id='word_1_112' title='bbox 1856 1473 1922 1526; x_wconf 91' lang='lat' dir='ltr'><strong>ad</strong></span> <span class='ocrx_word' id='word_1_113' title='bbox 1953 1487 2072 1526; x_wconf 89' lang='lat' dir='ltr'><strong>eam</strong></span> 
     </span>
    </p>
   </div>
   <div class='ocr_carea' id='block_1_20' title="bbox 501 1563 2074 1633">
    <p class='ocr_par' dir='ltr' id='par_1_20' title="bbox 501 1563 2074 1633">
     <span class='ocr_line' id='line_1_20' title="bbox 501 1563 2074 1633; baseline -0.005 -8"><span class='ocrx_word' id='word_1_114' title='bbox 501 1570 896 1626; x_wconf 81' lang='lat' dir='ltr'><strong>conﬁciendam</strong></span> <span class='ocrx_word' id='word_1_115' title='bbox 939 1569 1169 1621; x_wconf 89' lang='lat' dir='ltr'><strong>utimur.</strong></span> <span class='ocrx_word' id='word_1_116' title='bbox 1233 1566 1298 1619; x_wconf 88' lang='lat' dir='ltr'><strong>Et</strong></span> <span class='ocrx_word' id='word_1_117' title='bbox 1352 1565 1609 1619; x_wconf 87' lang='lat' dir='ltr'><strong>conducit</strong></span> <span class='ocrx_word' id='word_1_118' title='bbox 1664 1564 1716 1617; x_wconf 91' lang='lat' dir='ltr'><strong>in</strong></span> <span class='ocrx_word' id='word_1_119' title='bbox 1769 1563 1958 1633; x_wconf 87' lang='lat' dir='ltr'><strong>primis</strong></span> <span class='ocrx_word' id='word_1_120' title='bbox 2007 1565 2074 1617; x_wconf 89' lang='lat' dir='ltr'><strong>ad</strong></span> 
     </span>
    </p>
   </div>
   <div class='ocr_carea' id='block_1_21' title="bbox 2167 382 3739 455">
    <p class='ocr_par' dir='ltr' id='par_1_21' title="bbox 2167 382 3739 455">
     <span class='ocr_line' id='line_1_21' title="bbox 2167 382 3739 455; baseline 0.003 -21"><span class='ocrx_word' id='word_1_121' title='bbox 2167 383 2312 452; x_wconf 82' lang='grc' dir='ltr'>δίψει</span> <span class='ocrx_word' id='word_1_122' title='bbox 2347 384 2588 451; x_wconf 85' lang='grc' dir='ltr'>γίνονται</span> <span class='ocrx_word' id='word_1_123' title='bbox 2618 385 2864 453; x_wconf 78' lang='grc' dir='ltr'><strong>κάτοχοι.</strong></span> <span class='ocrx_word' id='word_1_124' title='bbox 2889 382 3076 454; x_wconf 80' lang='grc' dir='ltr'><strong>Ταύτῃ</strong></span> <span class='ocrx_word' id='word_1_125' title='bbox 3099 400 3178 437; x_wconf 89' lang='grc' dir='ltr'><strong>τοι</strong></span> <span class='ocrx_word' id='word_1_126' title='bbox 3209 386 3304 438; x_wconf 77' lang='grc' dir='ltr'><strong>καὶ</strong></span> <span class='ocrx_word' id='word_1_127' title='bbox 3357 386 3490 455; x_wconf 67' lang='grc' dir='ltr'>πρὸς</span> <span class='ocrx_word' id='word_1_128' title='bbox 3517 390 3739 454; x_wconf 80' lang='grc' dir='ltr'>ἀγγεῖον</span> 
     </span>
    </p>
   </div>
   <div class='ocr_carea' id='block_1_22' title="bbox 2169 474 3738 546">
    <p class='ocr_par' dir='ltr' id='par_1_22' title="bbox 2169 474 3738 546">
     <span class='ocr_line' id='line_1_22' title="bbox 2169 474 3738 546; baseline 0.004 -20"><span class='ocrx_word' id='word_1_129' title='bbox 2169 474 2396 544; x_wconf 75' lang='grc' dir='ltr'><strong>ἔτρεχον</strong></span> <span class='ocrx_word' id='word_1_130' title='bbox 2427 477 2572 528; x_wconf 85' lang='grc' dir='ltr'>οίνου</span> <span class='ocrx_word' id='word_1_131' title='bbox 2611 477 2832 546; x_wconf 82' lang='grc' dir='ltr'>μεστὸν,</span> <span class='ocrx_word' id='word_1_132' title='bbox 2863 474 3176 538; x_wconf 76' lang='grc' dir='ltr'><strong>ἐλπίζοντες</strong></span> <span class='ocrx_word' id='word_1_133' title='bbox 3232 477 3445 530; x_wconf 80' lang='grc' dir='ltr'>ἐκεῖθεν</span> <span class='ocrx_word' id='word_1_134' title='bbox 3490 478 3738 532; x_wconf 77' lang='grc' dir='ltr'>ἀπαλλα-</span> 
     </span>
    </p>
   </div>
   <div class='ocr_carea' id='block_1_23' title="bbox 2168 567 3736 639">
    <p class='ocr_par' dir='ltr' id='par_1_23' title="bbox 2168 567 3736 639">
     <span class='ocr_line' id='line_1_23' title="bbox 2168 567 3736 639; baseline 0.003 -21"><span class='ocrx_word' id='word_1_135' title='bbox 2168 567 2272 636; x_wconf 77' lang='grc' dir='ltr'><strong>γὴν</strong></span> <span class='ocrx_word' id='word_1_136' title='bbox 2300 567 2400 635; x_wconf 85' lang='grc' dir='ltr'>τῆς</span> <span class='ocrx_word' id='word_1_137' title='bbox 2425 567 2588 636; x_wconf 73' lang='grc' dir='ltr'>δίψης</span> <span class='ocrx_word' id='word_1_138' title='bbox 2619 568 2820 636; x_wconf 81' lang='grc' dir='ltr'>εὑρεῖν.</span> <span class='ocrx_word' id='word_1_139' title='bbox 2859 567 3000 621; x_wconf 81' lang='grc' dir='ltr'>Ἀλλ’</span> <span class='ocrx_word' id='word_1_140' title='bbox 3033 571 3349 639; x_wconf 75' lang='grc' dir='ltr'><strong>ἐσφάλησαν</strong></span> <span class='ocrx_word' id='word_1_141' title='bbox 3375 569 3468 621; x_wconf 81' lang='grc' dir='ltr'>τοῦ</span> <span class='ocrx_word' id='word_1_142' title='bbox 3493 571 3696 622; x_wconf 74' lang='grc' dir='ltr'>σκοποῦ</span> <span class='ocrx_word' id='word_1_143' title='bbox 3720 586 3736 600; x_wconf 89' lang='grc'><strong>·</strong></span> 
     </span>
    </p>
   </div>
   <div class='ocr_carea' id='block_1_24' title="bbox 2169 655 3737 731">
    <p class='ocr_par' dir='ltr' id='par_1_24' title="bbox 2169 655 3737 731">
     <span class='ocr_line' id='line_1_24' title="bbox 2169 655 3737 731; baseline 0.004 -23"><span class='ocrx_word' id='word_1_144' title='bbox 2169 655 2286 726; x_wconf 77' lang='grc' dir='ltr'>ἔχις</span> <span class='ocrx_word' id='word_1_145' title='bbox 2325 657 2434 728; x_wconf 84' lang='grc' dir='ltr'>γὰρ</span> <span class='ocrx_word' id='word_1_146' title='bbox 2464 658 2674 710; x_wconf 81' lang='grc' dir='ltr'>ἐκεῖθεν</span> <span class='ocrx_word' id='word_1_147' title='bbox 2716 658 2974 730; x_wconf 77' lang='grc' dir='ltr'>αἰφνηδδν</span> <span class='ocrx_word' id='word_1_148' title='bbox 3023 661 3384 730; x_wconf 73' lang='grc' dir='ltr'><strong>ἐκπηδήσασα</strong></span> <span class='ocrx_word' id='word_1_149' title='bbox 3414 662 3511 731; x_wconf 86' lang='grc' dir='ltr'>τῆς</span> <span class='ocrx_word' id='word_1_150' title='bbox 3559 665 3737 731; x_wconf 80' lang='grc' dir='ltr'>ὁρμῆς</span> 
     </span>
    </p>
   </div>
   <div class='ocr_carea' id='block_1_25' title="bbox 2171 748 3739 819">
    <p class='ocr_par' dir='ltr' id='par_1_25' title="bbox 2171 748 3739 819">
     <span class='ocr_line' id='line_1_25' title="bbox 2171 748 3739 819; baseline 0.002 -18"><span class='ocrx_word' id='word_1_151' title='bbox 2171 748 2370 810; x_wconf 81' lang='grc' dir='ltr'>αὐτοὺς</span> <span class='ocrx_word' id='word_1_152' title='bbox 2403 749 2736 818; x_wconf 85' lang='grc' dir='ltr'>ἀνεχαίτισε.</span> <span class='ocrx_word' id='word_1_153' title='bbox 2785 750 2852 802; x_wconf 85' lang='grc' dir='ltr'>Τί</span> <span class='ocrx_word' id='word_1_154' title='bbox 2876 749 2934 803; x_wconf 78' lang='grc' dir='ltr'>τὸ</span> <span class='ocrx_word' id='word_1_155' title='bbox 2973 752 3067 802; x_wconf 66' lang='grc' dir='ltr'><strong>ἐπὶ</strong></span> <span class='ocrx_word' id='word_1_156' title='bbox 3107 751 3346 815; x_wconf 81' lang='grc' dir='ltr'>τούτοις;</span> <span class='ocrx_word' id='word_1_157' title='bbox 3381 753 3739 819; x_wconf 76' lang='grc' dir='ltr'>Λαμϐάνουσι</span> 
     </span>
    </p>
   </div>
   <div class='ocr_carea' id='block_1_26' title="bbox 2174 835 3743 912">
    <p class='ocr_par' dir='ltr' id='par_1_26' title="bbox 2174 835 3743 912">
     <span class='ocr_line' id='line_1_26' title="bbox 2174 835 3743 912; baseline 0.003 -22"><span class='ocrx_word' id='word_1_158' title='bbox 2174 839 2264 891; x_wconf 72' lang='grc' dir='ltr'>τὸν</span> <span class='ocrx_word' id='word_1_159' title='bbox 2289 835 2431 892; x_wconf 74' lang='grc' dir='ltr'>οἶνον</span> <span class='ocrx_word' id='word_1_160' title='bbox 2461 840 2558 892; x_wconf 70' lang='grc' dir='ltr'>καὶ</span> <span class='ocrx_word' id='word_1_161' title='bbox 2587 840 2859 910; x_wconf 81' lang='grc' dir='ltr'><strong>ἀνθρώπῳ</strong></span> <span class='ocrx_word' id='word_1_162' title='bbox 2897 845 3005 898; x_wconf 75' lang='grc' dir='ltr'>τινὶ</span> <span class='ocrx_word' id='word_1_163' title='bbox 3059 842 3428 912; x_wconf 76' lang='grc' dir='ltr'>λελωϐημένῳ</span> <span class='ocrx_word' id='word_1_164' title='bbox 3485 843 3743 907; x_wconf 77' lang='grc' dir='ltr'>διδόασιν,</span> 
     </span>
    </p>
   </div>
   <div class='ocr_carea' id='block_1_27' title="bbox 2173 927 3747 1003">
    <p class='ocr_par' dir='ltr' id='par_1_27' title="bbox 2173 927 3747 1003">
     <span class='ocr_line' id='line_1_27' title="bbox 2173 927 3747 1003; baseline 0.004 -22"><span class='ocrx_word' id='word_1_165' title='bbox 2173 927 2248 992; x_wconf 86' lang='grc' dir='ltr'>ὡς</span> <span class='ocrx_word' id='word_1_166' title='bbox 2280 931 2532 984; x_wconf 79' lang='grc' dir='ltr'>ἐντεῦθεν</span> <span class='ocrx_word' id='word_1_167' title='bbox 2590 932 2754 986; x_wconf 81' lang='grc' dir='ltr'>αὑτὸν</span> <span class='ocrx_word' id='word_1_168' title='bbox 2807 933 3001 986; x_wconf 84' lang='grc' dir='ltr'>θᾶττον</span> <span class='ocrx_word' id='word_1_169' title='bbox 3046 934 3312 1003; x_wconf 81' lang='grc' dir='ltr'>ἐκστῆναι</span> <span class='ocrx_word' id='word_1_170' title='bbox 3369 935 3479 987; x_wconf 84' lang='grc' dir='ltr'><strong>τῶν</strong></span> <span class='ocrx_word' id='word_1_171' title='bbox 3515 929 3615 987; x_wconf 80' lang='grc' dir='ltr'>ὦδε</span> <span class='ocrx_word' id='word_1_172' title='bbox 3650 938 3747 987; x_wconf 78' lang='grc' dir='ltr'><strong>καὶ</strong></span> 
     </span>
    </p>
   </div>
   <div class='ocr_carea' id='block_1_28' title="bbox 2176 1021 3746 1095">
    <p class='ocr_par' dir='ltr' id='par_1_28' title="bbox 2176 1021 3746 1095">
     <span class='ocr_line' id='line_1_28' title="bbox 2176 1021 3746 1095; baseline 0.002 -20"><span class='ocrx_word' id='word_1_173' title='bbox 2176 1021 2252 1092; x_wconf 84' lang='grc' dir='ltr'><strong>μὴ</strong></span> <span class='ocrx_word' id='word_1_174' title='bbox 2283 1024 2343 1075; x_wconf 80' lang='grc' dir='ltr'><strong>τὸ</strong></span> <span class='ocrx_word' id='word_1_175' title='bbox 2367 1023 2468 1094; x_wconf 80' lang='grc' dir='ltr'><strong>ζῇν</strong></span> <span class='ocrx_word' id='word_1_176' title='bbox 2497 1022 2668 1087; x_wconf 73' lang='grc' dir='ltr'>οὕτως</span> <span class='ocrx_word' id='word_1_177' title='bbox 2696 1024 2842 1093; x_wconf 83' lang='grc' dir='ltr'>ἔχειν</span> <span class='ocrx_word' id='word_1_178' title='bbox 2883 1025 3180 1079; x_wconf 76' lang='grc' dir='ltr'>ἐπώδυνον.</span> <span class='ocrx_word' id='word_1_179' title='bbox 3215 1027 3443 1095; x_wconf 79' lang='grc' dir='ltr'><strong>Δέχεται</strong></span> <span class='ocrx_word' id='word_1_180' title='bbox 3479 1027 3571 1079; x_wconf 75' lang='grc' dir='ltr'><strong>τὸν</strong></span> <span class='ocrx_word' id='word_1_181' title='bbox 3600 1023 3746 1079; x_wconf 65' lang='grc' dir='ltr'>οἶνον</span> 
     </span>
    </p>
   </div>
   <div class='ocr_carea' id='block_1_29' title="bbox 2178 1114 3750 1186">
    <p class='ocr_par' dir='ltr' id='par_1_29' title="bbox 2178 1114 3750 1186">
     <span class='ocr_line' id='line_1_29' title="bbox 2178 1114 3750 1186; baseline 0.001 -19"><span class='ocrx_word' id='word_1_182' title='bbox 2178 1114 2410 1177; x_wconf 76' lang='grc' dir='ltr'>ἐκεῖνος,</span> <span class='ocrx_word' id='word_1_183' title='bbox 2445 1115 2566 1182; x_wconf 81' lang='grc' dir='ltr'>μεθ’</span> <span class='ocrx_word' id='word_1_184' title='bbox 2619 1114 2812 1186; x_wconf 76' lang='grc' dir='ltr'>ἡδονῆς</span> <span class='ocrx_word' id='word_1_185' title='bbox 2848 1116 3082 1185; x_wconf 78' lang='grc' dir='ltr'>ὲκροφᾷ,</span> <span class='ocrx_word' id='word_1_186' title='bbox 3116 1119 3210 1170; x_wconf 72' lang='grc' dir='ltr'><strong>καὶ</strong></span> <span class='ocrx_word' id='word_1_187' title='bbox 3264 1118 3610 1186; x_wconf 81' lang='grc' dir='ltr'>παραχρῆμα</span> <span class='ocrx_word' id='word_1_188' title='bbox 3646 1117 3750 1184; x_wconf 72' lang='grc' dir='ltr'>τῆς</span> 
     </span>
    </p>
   </div>
   <div class='ocr_carea' id='block_1_30' title="bbox 2175 1203 3749 1277">
    <p class='ocr_par' dir='ltr' id='par_1_30' title="bbox 2175 1203 3749 1277">
     <span class='ocr_line' id='line_1_30' title="bbox 2175 1203 3749 1277; baseline -0.001 -16"><span class='ocrx_word' id='word_1_189' title='bbox 2175 1207 2330 1261; x_wconf 87' lang='grc' dir='ltr'>νόσου</span> <span class='ocrx_word' id='word_1_190' title='bbox 2373 1205 2646 1274; x_wconf 73' lang='grc' dir='ltr'><strong>λύτρωσιν</strong></span> <span class='ocrx_word' id='word_1_191' title='bbox 2676 1204 2894 1276; x_wconf 78' lang='grc' dir='ltr'>εὕρατο.</span> <span class='ocrx_word' id='word_1_192' title='bbox 2928 1206 3154 1258; x_wconf 85' lang='grc' dir='ltr'>Ἔκτοτε</span> <span class='ocrx_word' id='word_1_193' title='bbox 3205 1203 3297 1260; x_wconf 78' lang='grc' dir='ltr'><strong>οὖν</strong></span> <span class='ocrx_word' id='word_1_194' title='bbox 3327 1209 3383 1260; x_wconf 75' lang='lat' dir='ltr'><strong>at</strong></span> <span class='ocrx_word' id='word_1_195' title='bbox 3411 1208 3506 1276; x_wconf 79' lang='grc' dir='ltr'><strong>τῆς</strong></span> <span class='ocrx_word' id='word_1_196' title='bbox 3535 1207 3749 1277; x_wconf 77' lang='grc' dir='ltr'><strong>ἐχίδνης</strong></span> 
     </span>
    </p>
   </div>
   <div class='ocr_carea' id='block_1_31' title="bbox 2180 1295 3754 1367">
    <p class='ocr_par' dir='ltr' id='par_1_31' title="bbox 2180 1295 3754 1367">
     <span class='ocr_line' id='line_1_31' title="bbox 2180 1295 3754 1367; baseline 0.003 -20"><span class='ocrx_word' id='word_1_197' title='bbox 2180 1296 2380 1364; x_wconf 79' lang='grc' dir='ltr'>σάρκες</span> <span class='ocrx_word' id='word_1_198' title='bbox 2415 1295 2778 1363; x_wconf 75' lang='grc' dir='ltr'>ἐμϐάλλονται</span> <span class='ocrx_word' id='word_1_199' title='bbox 2805 1295 2882 1364; x_wconf 79' lang='grc' dir='ltr'>τῷ</span> <span class='ocrx_word' id='word_1_200' title='bbox 2927 1296 3230 1366; x_wconf 73' lang='grc' dir='ltr'>φαρμάκῳξ</span> <span class='ocrx_word' id='word_1_201' title='bbox 3272 1297 3434 1350; x_wconf 80' lang='grc' dir='ltr'>Ἀλλά</span> <span class='ocrx_word' id='word_1_202' title='bbox 3496 1299 3590 1350; x_wconf 72' lang='grc' dir='ltr'><strong>καὶ</strong></span> <span class='ocrx_word' id='word_1_203' title='bbox 3655 1300 3754 1367; x_wconf 71' lang='lat' dir='ltr'><strong>(lq-</strong></span> 
     </span>
    </p>
   </div>
   <div class='ocr_carea' id='block_1_32' title="bbox 2180 1383 3751 1457">
    <p class='ocr_par' dir='ltr' id='par_1_32' title="bbox 2180 1383 3751 1457">
     <span class='ocr_line' id='line_1_32' title="bbox 2180 1383 3751 1457; baseline 0.002 -22"><span class='ocrx_word' id='word_1_204' title='bbox 2180 1384 2376 1454; x_wconf 82' lang='grc' dir='ltr'>ριακὴν</span> <span class='ocrx_word' id='word_1_205' title='bbox 2406 1385 2468 1436; x_wconf 83' lang='grc' dir='ltr'><strong>τὸ</strong></span> <span class='ocrx_word' id='word_1_206' title='bbox 2500 1383 2744 1437; x_wconf 81' lang='grc' dir='ltr'>τοιοῦτον</span> <span class='ocrx_word' id='word_1_207' title='bbox 2809 1384 2899 1438; x_wconf 81' lang='grc' dir='ltr'>διὰ</span> <span class='ocrx_word' id='word_1_208' title='bbox 2947 1384 3050 1447; x_wconf 84' lang='grc' dir='ltr'>τὰς</span> <span class='ocrx_word' id='word_1_209' title='bbox 3107 1385 3218 1436; x_wconf 81' lang='grc' dir='ltr'><strong>τῶν</strong></span> <span class='ocrx_word' id='word_1_210' title='bbox 3277 1386 3483 1456; x_wconf 72' lang='grc' dir='ltr'>θηρίων</span> <span class='ocrx_word' id='word_1_211' title='bbox 3540 1388 3751 1457; x_wconf 82' lang='grc' dir='ltr'>σάρκας</span> 
     </span>
    </p>
   </div>
   <div class='ocr_carea' id='block_1_33' title="bbox 2177 1475 3746 1546">
    <p class='ocr_par' dir='ltr' id='par_1_33' title="bbox 2177 1475 3746 1546">
     <span class='ocr_line' id='line_1_33' title="bbox 2177 1475 3746 1546; baseline 0 -17"><span class='ocrx_word' id='word_1_212' title='bbox 2177 1475 2604 1545; x_wconf 75' lang='grc' dir='ltr'>ἐπονομάζουσι,</span> <span class='ocrx_word' id='word_1_213' title='bbox 2671 1475 2766 1528; x_wconf 71' lang='grc' dir='ltr'>καὶ</span> <span class='ocrx_word' id='word_1_214' title='bbox 2825 1475 2907 1528; x_wconf 80' lang='grc' dir='ltr'><strong>ὅτι</strong></span> <span class='ocrx_word' id='word_1_215' title='bbox 2955 1478 3068 1539; x_wconf 88' lang='grc' dir='ltr'>τοῖς</span> <span class='ocrx_word' id='word_1_216' title='bbox 3105 1476 3215 1529; x_wconf 77' lang='grc' dir='ltr'><strong>άπὸ</strong></span> <span class='ocrx_word' id='word_1_217' title='bbox 3250 1476 3360 1529; x_wconf 85' lang='grc' dir='ltr'><strong>τῶν</strong></span> <span class='ocrx_word' id='word_1_218' title='bbox 3410 1477 3588 1546; x_wconf 73' lang='grc' dir='ltr'>ὄφεων</span> <span class='ocrx_word' id='word_1_219' title='bbox 3618 1479 3746 1545; x_wconf 85' lang='grc' dir='ltr'>δήγ-</span> 
     </span>
    </p>
   </div>
   <div class='ocr_carea' id='block_1_34' title="bbox 2183 1561 3750 1635">
    <p class='ocr_par' dir='ltr' id='par_1_34' title="bbox 2183 1561 3750 1635">
     <span class='ocr_line' id='line_1_34' title="bbox 2183 1561 3750 1635; baseline 0.001 -19"><span class='ocrx_word' id='word_1_220' title='bbox 2183 1580 2344 1632; x_wconf 83' lang='grc' dir='ltr'>μασι·</span> <span class='ocrx_word' id='word_1_221' title='bbox 2388 1565 2482 1617; x_wconf 74' lang='lat' dir='ltr'><strong>ml.</strong></span> <span class='ocrx_word' id='word_1_222' title='bbox 2533 1561 2680 1632; x_wconf 84' lang='grc' dir='ltr'>μάλα</span> <span class='ocrx_word' id='word_1_223' title='bbox 2760 1563 2820 1614; x_wconf 85' lang='grc' dir='ltr'>τὺ</span> <span class='ocrx_word' id='word_1_224' title='bbox 2874 1563 3118 1617; x_wconf 84' lang='grc' dir='ltr'>τοιοῦτον</span> <span class='ocrx_word' id='word_1_225' title='bbox 3169 1565 3460 1634; x_wconf 78' lang='grc' dir='ltr'>ἁρμόττει.</span> <span class='ocrx_word' id='word_1_226' title='bbox 3516 1567 3626 1635; x_wconf 75' lang='grc' dir='ltr'><strong>Τῆς</strong></span> <span class='ocrx_word' id='word_1_227' title='bbox 3693 1565 3750 1618; x_wconf 79' lang='grc' dir='ltr'>δὲ</span> 
     </span>
    </p>
   </div>
   <div class='ocr_carea' id='block_1_35' title="bbox 503 1631 2072 1728">
    <p class='ocr_par' dir='ltr' id='par_1_35' title="bbox 503 1655 2072 1728">
     <span class='ocr_line' id='line_1_35' title="bbox 503 1655 2072 1728; baseline -0.006 -12"><span class='ocrx_word' id='word_1_228' title='bbox 503 1663 776 1716; x_wconf 85' lang='lat' dir='ltr'><strong>sanandos</strong></span> <span class='ocrx_word' id='word_1_229' title='bbox 805 1669 1126 1728; x_wconf 86' lang='lat' dir='ltr'><strong>serpentum</strong></span> <span class='ocrx_word' id='word_1_230' title='bbox 1165 1673 1412 1711; x_wconf 91' lang='lat' dir='ltr'><strong>morsus.</strong></span> <span class='ocrx_word' id='word_1_231' title='bbox 1447 1657 1653 1710; x_wconf 84' lang='lat' dir='ltr'><strong>Auctor</strong></span> <span class='ocrx_word' id='word_1_232' title='bbox 1687 1655 1896 1710; x_wconf 70' lang='lat' dir='ltr'><strong>intenti</strong></span> <span class='ocrx_word' id='word_1_233' title='bbox 1931 1656 2072 1724; x_wconf 90' lang='lat' dir='ltr'><strong>prin-</strong></span> 
     </span>
    </p>
   </div>
   <div class='ocr_carea' id='block_1_36' title="bbox 2176 1631 3746 1728">
    <p class='ocr_par' dir='ltr' id='par_1_36' title="bbox 2183 1631 3746 1725">
     <span class='ocr_line' id='line_1_36' title="bbox 2183 1631 3746 1725; baseline -0.001 -16"><span class='ocrx_word' id='word_1_234' title='bbox 2183 1631 2441 1725; x_wconf 86' lang='grc' dir='ltr'>τοιαύτης</span> <span class='ocrx_word' id='word_1_235' title='bbox 2518 1631 2856 1723; x_wconf 71' lang='grc' dir='ltr'>ἔπινοήσεως</span> <span class='ocrx_word' id='word_1_236' title='bbox 2931 1631 3302 1724; x_wconf 79' lang='grc' dir='ltr'>Ἀνδρόμαχός</span> <span class='ocrx_word' id='word_1_237' title='bbox 3374 1674 3459 1720; x_wconf 87' lang='grc' dir='ltr'><strong>τις</strong></span> <span class='ocrx_word' id='word_1_238' title='bbox 3519 1631 3746 1725; x_wconf 75' lang='grc' dir='ltr'>γέγονεν</span> 
     </span>
    </p>
   </div>
   <div class='ocr_carea' id='block_1_37' title="bbox 501 1745 2082 1823">
    <p class='ocr_par' dir='ltr' id='par_1_37' title="bbox 501 1745 2082 1823">
     <span class='ocr_line' id='line_1_37' title="bbox 501 1745 2082 1823; baseline -0.005 -15"><span class='ocrx_word' id='word_1_239' title='bbox 501 1769 630 1823; x_wconf 82' lang='lat' dir='ltr'><strong>ceps</strong></span> <span class='ocrx_word' id='word_1_240' title='bbox 675 1755 843 1807; x_wconf 88' lang='lat' dir='ltr'><strong>fuisse</strong></span> <span class='ocrx_word' id='word_1_241' title='bbox 893 1752 1066 1806; x_wconf 88' lang='lat' dir='ltr'><strong>fertur</strong></span> <span class='ocrx_word' id='word_1_242' title='bbox 1100 1747 1520 1804; x_wconf 85' lang='lat' dir='ltr'><strong>Andromachus</strong></span> <span class='ocrx_word' id='word_1_243' title='bbox 1550 1748 1797 1817; x_wconf 86' lang='lat' dir='ltr'><strong>quidam,</strong></span> <span class='ocrx_word' id='word_1_244' title='bbox 1832 1755 1894 1800; x_wconf 89' lang='lat' dir='ltr'><strong>ut</strong></span> <span class='ocrx_word' id='word_1_245' title='bbox 1921 1745 2082 1800; x_wconf 88' lang='lat' dir='ltr'><strong>Gale-</strong></span> 
     </span>
    </p>
   </div>
   <div class='ocr_carea' id='block_1_38' title="bbox 501 1840 1638 1912">
    <p class='ocr_par' dir='ltr' id='par_1_38' title="bbox 501 1840 1638 1912">
     <span class='ocr_line' id='line_1_38' title="bbox 501 1840 1638 1912; baseline -0.006 -14"><span class='ocrx_word' id='word_1_246' title='bbox 501 1861 603 1898; x_wconf 87' lang='lat' dir='ltr'><strong>nus</strong></span> <span class='ocrx_word' id='word_1_247' title='bbox 633 1843 874 1912; x_wconf 86' lang='lat' dir='ltr'><strong>scripsit,</strong></span> <span class='ocrx_word' id='word_1_248' title='bbox 911 1844 1003 1912; x_wconf 87' lang='lat' dir='ltr'><strong>qtti</strong></span> <span class='ocrx_word' id='word_1_249' title='bbox 1032 1840 1267 1896; x_wconf 83' lang='lat' dir='ltr'><strong>Neronis</strong></span> <span class='ocrx_word' id='word_1_250' title='bbox 1297 1849 1454 1894; x_wconf 61' lang='lat' dir='ltr'><strong>artate</strong></span> <span class='ocrx_word' id='word_1_251' title='bbox 1483 1840 1638 1907; x_wconf 66' lang='lat' dir='ltr'><strong>vixit.</strong></span> 
     </span>
    </p>
   </div>
   <div class='ocr_carea' id='block_1_39' title="bbox 568 1929 2080 2004">
    <p class='ocr_par' dir='ltr' id='par_1_39' title="bbox 568 1929 2080 2004">
     <span class='ocr_line' id='line_1_39' title="bbox 568 1929 2080 2004; baseline -0.004 -12"><span class='ocrx_word' id='word_1_252' title='bbox 568 1938 833 1992; x_wconf 79' lang='lat' dir='ltr'><strong>Caeterum</strong></span> <span class='ocrx_word' id='word_1_253' title='bbox 885 1943 1081 2004; x_wconf 53' lang='lat' dir='ltr'><strong>praeter</strong></span> <span class='ocrx_word' id='word_1_254' title='bbox 1139 1933 1406 1985; x_wconf 88' lang='lat' dir='ltr'><strong>hactenus</strong></span> <span class='ocrx_word' id='word_1_255' title='bbox 1452 1929 1688 1984; x_wconf 89' lang='lat' dir='ltr'><strong>indicata</strong></span> <span class='ocrx_word' id='word_1_256' title='bbox 1729 1931 1868 1985; x_wconf 87' lang='lat' dir='ltr'><strong>scire</strong></span> <span class='ocrx_word' id='word_1_257' title='bbox 1914 1932 2080 1986; x_wconf 88' lang='lat' dir='ltr'><strong>debes</strong></span> 
     </span>
    </p>
   </div>
   <div class='ocr_carea' id='block_1_40' title="bbox 491 2022 2076 2094">
    <p class='ocr_par' dir='ltr' id='par_1_40' title="bbox 491 2022 2076 2094">
     <span class='ocr_line' id='line_1_40' title="bbox 491 2022 2076 2094; baseline -0.005 -11"><span class='ocrx_word' id='word_1_258' title='bbox 491 2023 820 2083; x_wconf 81' lang='lat' dir='ltr'><strong>convolutos</strong></span> <span class='ocrx_word' id='word_1_259' title='bbox 843 2032 1132 2094; x_wconf 85' lang='lat' dir='ltr'><strong>serpentes</strong></span> <span class='ocrx_word' id='word_1_260' title='bbox 1151 2023 1327 2087; x_wconf 86' lang='lat' dir='ltr'><strong>coire,</strong></span> <span class='ocrx_word' id='word_1_261' title='bbox 1351 2022 1808 2090; x_wconf 86' lang='lat' dir='ltr'><strong>quemadmodum</strong></span> <span class='ocrx_word' id='word_1_262' title='bbox 1838 2023 2076 2076; x_wconf 87' lang='lat' dir='ltr'><strong>erinacei</strong></span> 
     </span>
    </p>
   </div>
   <div class='ocr_carea' id='block_1_41' title="bbox 501 2114 2077 2185">
    <p class='ocr_par' dir='ltr' id='par_1_41' title="bbox 501 2114 2077 2185">
     <span class='ocr_line' id='line_1_41' title="bbox 501 2114 2077 2185; baseline -0.004 -11"><span class='ocrx_word' id='word_1_263' title='bbox 501 2129 765 2174; x_wconf 80' lang='lat' dir='ltr'><strong>coeuntes</strong></span> <span class='ocrx_word' id='word_1_264' title='bbox 795 2118 862 2170; x_wconf 90' lang='lat' dir='ltr'><strong>ob</strong></span> <span class='ocrx_word' id='word_1_265' title='bbox 896 2117 1078 2185; x_wconf 76' lang='lat' dir='ltr'><strong>spinas</strong></span> <span class='ocrx_word' id='word_1_266' title='bbox 1112 2115 1243 2168; x_wconf 90' lang='lat' dir='ltr'><strong>recti</strong></span> <span class='ocrx_word' id='word_1_267' title='bbox 1283 2124 1430 2167; x_wconf 88' lang='lat' dir='ltr'><strong>stare</strong></span> <span class='ocrx_word' id='word_1_268' title='bbox 1460 2115 1656 2167; x_wconf 82' lang='lat' dir='ltr'><strong>solent.</strong></span> <span class='ocrx_word' id='word_1_269' title='bbox 1699 2114 1901 2178; x_wconf 84' lang='lat' dir='ltr'><strong>Quodsi</strong></span> <span class='ocrx_word' id='word_1_270' title='bbox 1944 2129 2077 2168; x_wconf 89' lang='lat' dir='ltr'><strong>cau-</strong></span> 
     </span>
    </p>
   </div>
   <div class='ocr_carea' id='block_1_42' title="bbox 501 2204 2080 2275">
    <p class='ocr_par' dir='ltr' id='par_1_42' title="bbox 501 2204 2080 2275">
     <span class='ocr_line' id='line_1_42' title="bbox 501 2204 2080 2275; baseline -0.003 -11"><span class='ocrx_word' id='word_1_271' title='bbox 501 2226 617 2264; x_wconf 87' lang='lat' dir='ltr'><strong>sam</strong></span> <span class='ocrx_word' id='word_1_272' title='bbox 651 2209 785 2262; x_wconf 85' lang='lat' dir='ltr'><strong>libet</strong></span> <span class='ocrx_word' id='word_1_273' title='bbox 815 2221 1169 2275; x_wconf 82' lang='lat' dir='ltr'><strong>cognoscere,</strong></span> <span class='ocrx_word' id='word_1_274' title='bbox 1203 2204 1556 2272; x_wconf 86' lang='lat' dir='ltr'><strong>quamobrem</strong></span> <span class='ocrx_word' id='word_1_275' title='bbox 1583 2213 1869 2272; x_wconf 90' lang='lat' dir='ltr'><strong>serpentes</strong></span> <span class='ocrx_word' id='word_1_276' title='bbox 1899 2205 2080 2259; x_wconf 87' lang='lat' dir='ltr'><strong>hieme</strong></span> 
     </span>
    </p>
   </div>
   <div class='ocr_carea' id='block_1_43' title="bbox 503 2294 2078 2363">
    <p class='ocr_par' dir='ltr' id='par_1_43' title="bbox 503 2294 2078 2363">
     <span class='ocr_line' id='line_1_43' title="bbox 503 2294 2078 2363; baseline -0.004 -8"><span class='ocrx_word' id='word_1_277' title='bbox 503 2315 701 2356; x_wconf 88' lang='lat' dir='ltr'><strong>terram</strong></span> <span class='ocrx_word' id='word_1_278' title='bbox 739 2299 992 2359; x_wconf 88' lang='lat' dir='ltr'><strong>subeant,</strong></span> <span class='ocrx_word' id='word_1_279' title='bbox 1024 2305 1212 2349; x_wconf 69' lang='lat' dir='ltr'><strong>aestate</strong></span> <span class='ocrx_word' id='word_1_280' title='bbox 1244 2309 1463 2352; x_wconf 88' lang='lat' dir='ltr'><strong>rursum</strong></span> <span class='ocrx_word' id='word_1_281' title='bbox 1515 2295 1582 2347; x_wconf 89' lang='lat' dir='ltr'><strong>ad</strong></span> <span class='ocrx_word' id='word_1_282' title='bbox 1624 2295 1743 2347; x_wconf 85' lang='lat' dir='ltr'><strong>loca</strong></span> <span class='ocrx_word' id='word_1_283' title='bbox 1793 2294 2078 2363; x_wconf 85' lang='lat' dir='ltr'><strong>superiora</strong></span> 
     </span>
    </p>
   </div>
   <div class='ocr_carea' id='block_1_44' title="bbox 502 2383 2078 2461">
    <p class='ocr_par' dir='ltr' id='par_1_44' title="bbox 502 2383 2078 2461">
     <span class='ocr_line' id='line_1_44' title="bbox 502 2383 2078 2461; baseline -0.004 -16"><span class='ocrx_word' id='word_1_284' title='bbox 502 2391 792 2461; x_wconf 88' lang='lat' dir='ltr'><strong>prodeant,</strong></span> <span class='ocrx_word' id='word_1_285' title='bbox 816 2385 1160 2457; x_wconf 82' lang='lat' dir='ltr'><strong>perSpicuum</strong></span> <span class='ocrx_word' id='word_1_286' title='bbox 1187 2393 1268 2438; x_wconf 90' lang='lat' dir='ltr'><strong>est</strong></span> <span class='ocrx_word' id='word_1_287' title='bbox 1288 2383 1429 2436; x_wconf 88' lang='lat' dir='ltr'><strong>illam</strong></span> <span class='ocrx_word' id='word_1_288' title='bbox 1457 2383 1767 2452; x_wconf 87' lang='lat' dir='ltr'><strong>hujusmodi</strong></span> <span class='ocrx_word' id='word_1_289' title='bbox 1788 2385 2078 2453; x_wconf 83' lang='lat' dir='ltr'><strong>quamdam</strong></span> 
     </span>
    </p>
   </div>
   <div class='ocr_carea' id='block_1_45' title="bbox 503 2474 2072 2550">
    <p class='ocr_par' dir='ltr' id='par_1_45' title="bbox 503 2474 2072 2550">
     <span class='ocr_line' id='line_1_45' title="bbox 503 2474 2072 2550; baseline -0.004 -13"><span class='ocrx_word' id='word_1_290' title='bbox 503 2496 648 2536; x_wconf 86' lang='lat' dir='ltr'><strong>esse.</strong></span> <span class='ocrx_word' id='word_1_291' title='bbox 679 2479 788 2550; x_wconf 75' lang='grc' dir='ltr'><strong>ϐο</strong></span> <span class='ocrx_word' id='word_1_292' title='bbox 821 2477 1022 2531; x_wconf 81' lang='lat' dir='ltr'><strong>Natura</strong></span> <span class='ocrx_word' id='word_1_293' title='bbox 1054 2490 1283 2546; x_wconf 81' lang='lat' dir='ltr'><strong>serpens</strong></span> <span class='ocrx_word' id='word_1_294' title='bbox 1311 2474 1539 2545; x_wconf 86' lang='lat' dir='ltr'><strong>frigidus</strong></span> <span class='ocrx_word' id='word_1_295' title='bbox 1569 2483 1674 2538; x_wconf 90' lang='lat' dir='ltr'><strong>est,</strong></span> <span class='ocrx_word' id='word_1_296' title='bbox 1703 2477 1900 2538; x_wconf 89' lang='lat' dir='ltr'><strong>siccus,</strong></span> <span class='ocrx_word' id='word_1_297' title='bbox 1939 2491 2072 2530; x_wconf 88' lang='lat' dir='ltr'><strong>ner-</strong></span> 
     </span>
    </p>
   </div>
   <div class='ocr_carea' id='block_1_46' title="bbox 501 2566 2079 2641">
    <p class='ocr_par' dir='ltr' id='par_1_46' title="bbox 501 2566 2079 2641">
     <span class='ocr_line' id='line_1_46' title="bbox 501 2566 2079 2641; baseline -0.006 -12"><span class='ocrx_word' id='word_1_298' title='bbox 501 2589 690 2638; x_wconf 84' lang='lat' dir='ltr'><strong>vosus,</strong></span> <span class='ocrx_word' id='word_1_299' title='bbox 735 2571 915 2641; x_wconf 78' lang='lat' dir='ltr'><strong>exigui</strong></span> <span class='ocrx_word' id='word_1_300' title='bbox 965 2568 1270 2638; x_wconf 75' lang='lat' dir='ltr'><strong>sanguinis,</strong></span> <span class='ocrx_word' id='word_1_301' title='bbox 1301 2582 1410 2636; x_wconf 89' lang='lat' dir='ltr'><strong>quo</strong></span> <span class='ocrx_word' id='word_1_302' title='bbox 1440 2566 1500 2620; x_wconf 84' lang='lat' dir='ltr'><strong>fit</strong></span> <span class='ocrx_word' id='word_1_303' title='bbox 1527 2576 1586 2620; x_wconf 90' lang='lat' dir='ltr'><strong>ut</strong></span> <span class='ocrx_word' id='word_1_304' title='bbox 1614 2568 1929 2620; x_wconf 90' lang='lat' dir='ltr'><strong>necessario</strong></span> <span class='ocrx_word' id='word_1_305' title='bbox 1961 2567 2079 2620; x_wconf 79' lang='lat' dir='ltr'><strong>loca</strong></span> 
     </span>
    </p>
   </div>
   <div class='ocr_carea' id='block_1_47' title="bbox 501 2659 2068 2736">
    <p class='ocr_par' dir='ltr' id='par_1_47' title="bbox 501 2659 2068 2736">
     <span class='ocr_line' id='line_1_47' title="bbox 501 2659 2068 2736; baseline -0.008 -13"><span class='ocrx_word' id='word_1_306' title='bbox 501 2681 716 2736; x_wconf 85' lang='lat' dir='ltr'><strong>semper</strong></span> <span class='ocrx_word' id='word_1_307' title='bbox 748 2663 918 2718; x_wconf 86' lang='lat' dir='ltr'><strong>calida</strong></span> <span class='ocrx_word' id='word_1_308' title='bbox 949 2671 1178 2730; x_wconf 77' lang='lat' dir='ltr'><strong>quaerat.</strong></span> <span class='ocrx_word' id='word_1_309' title='bbox 1231 2660 1477 2728; x_wconf 89' lang='lat' dir='ltr'><strong>Cumque</strong></span> <span class='ocrx_word' id='word_1_310' title='bbox 1517 2673 1616 2728; x_wconf 91' lang='lat' dir='ltr'><strong>per</strong></span> <span class='ocrx_word' id='word_1_311' title='bbox 1647 2659 1882 2712; x_wconf 72' lang='lat' dir='ltr'><strong>hiemem</strong></span> <span class='ocrx_word' id='word_1_312' title='bbox 1919 2659 2068 2712; x_wconf 88' lang='lat' dir='ltr'><strong>calor</strong></span> 
     </span>
    </p>
   </div>
   <div class='ocr_carea' id='block_1_48' title="bbox 501 2752 2081 2820">
    <p class='ocr_par' dir='ltr' id='par_1_48' title="bbox 501 2752 2081 2820">
     <span class='ocr_line' id='line_1_48' title="bbox 501 2752 2081 2820; baseline -0.008 -7"><span class='ocrx_word' id='word_1_313' title='bbox 501 2759 568 2814; x_wconf 87' lang='lat' dir='ltr'><strong>ad</strong></span> <span class='ocrx_word' id='word_1_314' title='bbox 590 2759 696 2810; x_wconf 88' lang='lat' dir='ltr'><strong>ima</strong></span> <span class='ocrx_word' id='word_1_315' title='bbox 721 2755 942 2810; x_wconf 86' lang='lat' dir='ltr'><strong>tendere</strong></span> <span class='ocrx_word' id='word_1_316' title='bbox 961 2753 1155 2816; x_wconf 85' lang='lat' dir='ltr'><strong>soleat,</strong></span> <span class='ocrx_word' id='word_1_317' title='bbox 1184 2766 1283 2820; x_wconf 91' lang='lat' dir='ltr'><strong>per</strong></span> <span class='ocrx_word' id='word_1_318' title='bbox 1312 2760 1558 2804; x_wconf 70' lang='lat' dir='ltr'><strong>aastatem</strong></span> <span class='ocrx_word' id='word_1_319' title='bbox 1579 2752 1862 2803; x_wconf 88' lang='lat' dir='ltr'><strong>sursumin</strong></span> <span class='ocrx_word' id='word_1_320' title='bbox 1890 2764 2081 2818; x_wconf 88' lang='lat' dir='ltr'><strong>supcr-</strong></span> 
     </span>
    </p>
   </div>
   <div class='ocr_carea' id='block_1_49' title="bbox 502 2845 2078 2914">
    <p class='ocr_par' dir='ltr' id='par_1_49' title="bbox 502 2845 2078 2914">
     <span class='ocr_line' id='line_1_49' title="bbox 502 2845 2078 2914; baseline -0.007 -8"><span class='ocrx_word' id='word_1_321' title='bbox 502 2851 624 2906; x_wconf 85' lang='lat' dir='ltr'><strong>ﬁcie</strong></span> <span class='ocrx_word' id='word_1_322' title='bbox 677 2859 832 2903; x_wconf 83' lang='lat' dir='ltr'><strong>terrae</strong></span> <span class='ocrx_word' id='word_1_323' title='bbox 881 2849 1036 2914; x_wconf 89' lang='lat' dir='ltr'><strong>quasi</strong></span> <span class='ocrx_word' id='word_1_324' title='bbox 1078 2845 1444 2913; x_wconf 83' lang='lat' dir='ltr'><strong>dispergatur,</strong></span> <span class='ocrx_word' id='word_1_325' title='bbox 1503 2851 1791 2911; x_wconf 86' lang='lat' dir='ltr'><strong>propterea</strong></span> <span class='ocrx_word' id='word_1_326' title='bbox 1847 2855 2078 2912; x_wconf 89' lang='lat' dir='ltr'><strong>serpens</strong></span> 
     </span>
    </p>
   </div>
   <div class='ocr_carea' id='block_1_50' title="bbox 501 2933 2076 3009">
    <p class='ocr_par' dir='ltr' id='par_1_50' title="bbox 501 2933 2076 3009">
     <span class='ocr_line' id='line_1_50' title="bbox 501 2933 2076 3009; baseline -0.005 -14"><span class='ocrx_word' id='word_1_327' title='bbox 501 2944 666 2996; x_wconf 86' lang='lat' dir='ltr'><strong>etiam</strong></span> <span class='ocrx_word' id='word_1_328' title='bbox 695 2942 947 3009; x_wconf 79' lang='lat' dir='ltr'><strong>regiones</strong></span> <span class='ocrx_word' id='word_1_329' title='bbox 990 2937 1219 3003; x_wconf 87' lang='lat' dir='ltr'><strong>locaque</strong></span> <span class='ocrx_word' id='word_1_330' title='bbox 1248 2948 1348 2987; x_wconf 90' lang='lat' dir='ltr'><strong>sua</strong></span> <span class='ocrx_word' id='word_1_331' title='bbox 1387 2947 1488 3003; x_wconf 87' lang='lat' dir='ltr'><strong>pro</strong></span> <span class='ocrx_word' id='word_1_332' title='bbox 1515 2933 1657 2986; x_wconf 90' lang='lat' dir='ltr'><strong>aeris</strong></span> <span class='ocrx_word' id='word_1_333' title='bbox 1690 2934 2076 2988; x_wconf 85' lang='lat' dir='ltr'><strong>constitutione</strong></span> 
     </span>
    </p>
   </div>
   <div class='ocr_carea' id='block_1_51' title="bbox 501 3023 2076 3093">
    <p class='ocr_par' dir='ltr' id='par_1_51' title="bbox 501 3023 2076 3093">
     <span class='ocr_line' id='line_1_51' title="bbox 501 3023 2076 3093; baseline -0.008 -3"><span class='ocrx_word' id='word_1_334' title='bbox 501 3044 714 3090; x_wconf 90' lang='lat' dir='ltr'><strong>mutare</strong></span> <span class='ocrx_word' id='word_1_335' title='bbox 741 3029 1046 3085; x_wconf 89' lang='lat' dir='ltr'><strong>consuevit.</strong></span> <span class='ocrx_word' id='word_1_336' title='bbox 1082 3024 1215 3078; x_wconf 78' lang='lat' dir='ltr'><strong>Nam</strong></span> <span class='ocrx_word' id='word_1_337' title='bbox 1251 3033 1306 3078; x_wconf 87' lang='lat' dir='ltr'><strong>et</strong></span> <span class='ocrx_word' id='word_1_338' title='bbox 1337 3039 1488 3093; x_wconf 72' lang='lat' dir='ltr'><strong>aquae</strong></span> <span class='ocrx_word' id='word_1_339' title='bbox 1517 3023 1764 3093; x_wconf 86' lang='lat' dir='ltr'><strong>putealcs</strong></span> <span class='ocrx_word' id='word_1_340' title='bbox 1789 3039 1886 3092; x_wconf 83' lang='lat' dir='ltr'><strong>per</strong></span> <span class='ocrx_word' id='word_1_341' title='bbox 1915 3035 2076 3078; x_wconf 66' lang='lat' dir='ltr'><strong>aesta-</strong></span> 
     </span>
    </p>
   </div>
   <div class='ocr_carea' id='block_1_52' title="bbox 501 3113 2074 3192">
    <p class='ocr_par' dir='ltr' id='par_1_52' title="bbox 501 3113 2074 3192">
     <span class='ocr_line' id='line_1_52' title="bbox 501 3113 2074 3192; baseline -0.008 -14"><span class='ocrx_word' id='word_1_342' title='bbox 501 3133 608 3178; x_wconf 85' lang='lat' dir='ltr'><strong>tem</strong></span> <span class='ocrx_word' id='word_1_343' title='bbox 650 3122 856 3192; x_wconf 64' lang='lat' dir='ltr'><strong>frigida:</strong></span> <span class='ocrx_word' id='word_1_344' title='bbox 886 3128 1033 3184; x_wconf 90' lang='lat' dir='ltr'><strong>sunt,</strong></span> <span class='ocrx_word' id='word_1_345' title='bbox 1086 3132 1184 3186; x_wconf 87' lang='lat' dir='ltr'><strong>per</strong></span> <span class='ocrx_word' id='word_1_346' title='bbox 1233 3115 1471 3169; x_wconf 90' lang='lat' dir='ltr'><strong>hiemem</strong></span> <span class='ocrx_word' id='word_1_347' title='bbox 1502 3113 1713 3168; x_wconf 69' lang='lat' dir='ltr'><strong>calidae.</strong></span> <span class='ocrx_word' id='word_1_348' title='bbox 1747 3114 1901 3167; x_wconf 89' lang='lat' dir='ltr'><strong>Tunc</strong></span> <span class='ocrx_word' id='word_1_349' title='bbox 1927 3116 2074 3166; x_wconf 81' lang='lat' dir='ltr'><strong>enim</strong></span> 
     </span>
    </p>
   </div>
   <div class='ocr_carea' id='block_1_53' title="bbox 501 3205 2078 3285">
    <p class='ocr_par' dir='ltr' id='par_1_53' title="bbox 501 3205 2078 3285">
     <span class='ocr_line' id='line_1_53' title="bbox 501 3205 2078 3285; baseline -0.006 -17"><span class='ocrx_word' id='word_1_350' title='bbox 501 3216 702 3285; x_wconf 78' lang='lat' dir='ltr'><strong>frigore</strong></span> <span class='ocrx_word' id='word_1_351' title='bbox 737 3222 918 3282; x_wconf 85' lang='lat' dir='ltr'><strong>partes</strong></span> <span class='ocrx_word' id='word_1_352' title='bbox 965 3219 1246 3278; x_wconf 88' lang='lat' dir='ltr'><strong>puteorum</strong></span> <span class='ocrx_word' id='word_1_353' title='bbox 1279 3221 1564 3274; x_wconf 86' lang='lat' dir='ltr'><strong>supremas</strong></span> <span class='ocrx_word' id='word_1_354' title='bbox 1591 3214 1893 3275; x_wconf 85' lang='lat' dir='ltr'><strong>occupanle</strong></span> <span class='ocrx_word' id='word_1_355' title='bbox 1929 3205 2078 3259; x_wconf 84' lang='lat' dir='ltr'><strong>calor</strong></span> 
     </span>
    </p>
   </div>
   <div class='ocr_carea' id='block_1_54' title="bbox 501 3298 2080 3368">
    <p class='ocr_par' dir='ltr' id='par_1_54' title="bbox 501 3298 2080 3368">
     <span class='ocr_line' id='line_1_54' title="bbox 501 3298 2080 3368; baseline -0.005 -6"><span class='ocrx_word' id='word_1_356' title='bbox 501 3309 570 3362; x_wconf 85' lang='lat' dir='ltr'><strong>ad</strong></span> <span class='ocrx_word' id='word_1_357' title='bbox 611 3309 720 3360; x_wconf 89' lang='lat' dir='ltr'><strong>ima</strong></span> <span class='ocrx_word' id='word_1_358' title='bbox 753 3305 946 3359; x_wconf 88' lang='lat' dir='ltr'><strong>tendit.</strong></span> <span class='ocrx_word' id='word_1_359' title='bbox 998 3303 1130 3368; x_wconf 78' lang='lat' dir='ltr'><strong>Quae</strong></span> <span class='ocrx_word' id='word_1_360' title='bbox 1159 3315 1320 3355; x_wconf 82' lang='lat' dir='ltr'><strong>causa</strong></span> <span class='ocrx_word' id='word_1_361' title='bbox 1356 3309 1460 3362; x_wconf 89' lang='lat' dir='ltr'><strong>est,</strong></span> <span class='ocrx_word' id='word_1_362' title='bbox 1493 3313 1594 3352; x_wconf 89' lang='lat' dir='ltr'><strong>cur</strong></span> <span class='ocrx_word' id='word_1_363' title='bbox 1629 3298 1892 3368; x_wconf 83' lang='lat' dir='ltr'><strong>ejusmodi</strong></span> <span class='ocrx_word' id='word_1_364' title='bbox 1925 3313 2080 3366; x_wconf 71' lang='lat' dir='ltr'><strong>aqua:</strong></span> 
     </span>
    </p>
   </div>
   <div class='ocr_carea' id='block_1_55' title="bbox 507 3389 2076 3466">
    <p class='ocr_par' dir='ltr' id='par_1_55' title="bbox 507 3389 2076 3466">
     <span class='ocr_line' id='line_1_55' title="bbox 507 3389 2076 3466; baseline -0.008 -15"><span class='ocrx_word' id='word_1_365' title='bbox 507 3411 602 3466; x_wconf 88' lang='lat' dir='ltr'><strong>per</strong></span> <span class='ocrx_word' id='word_1_366' title='bbox 660 3395 895 3450; x_wconf 90' lang='lat' dir='ltr'><strong>hiemem</strong></span> <span class='ocrx_word' id='word_1_367' title='bbox 931 3393 1160 3446; x_wconf 88' lang='lat' dir='ltr'><strong>caleant.</strong></span> <span class='ocrx_word' id='word_1_368' title='bbox 1226 3389 1441 3457; x_wconf 85' lang='lat' dir='ltr'><strong>Quippe</strong></span> <span class='ocrx_word' id='word_1_369' title='bbox 1494 3396 1686 3440; x_wconf 89' lang='lat' dir='ltr'><strong>natura</strong></span> <span class='ocrx_word' id='word_1_370' title='bbox 1732 3401 2076 3456; x_wconf 86' lang='lat' dir='ltr'><strong>nequaquam</strong></span> 
     </span>
    </p>
   </div>
   <div class='ocr_carea' id='block_1_56' title="bbox 505 3476 2080 3552">
    <p class='ocr_par' dir='ltr' id='par_1_56' title="bbox 505 3476 2080 3552">
     <span class='ocr_line' id='line_1_56' title="bbox 505 3476 2080 3552; baseline -0.006 -12"><span class='ocrx_word' id='word_1_371' title='bbox 505 3485 750 3541; x_wconf 87' lang='lat' dir='ltr'><strong>instituit</strong></span> <span class='ocrx_word' id='word_1_372' title='bbox 777 3492 836 3537; x_wconf 87' lang='lat' dir='ltr'><strong>ut</strong></span> <span class='ocrx_word' id='word_1_373' title='bbox 865 3484 1034 3552; x_wconf 83' lang='lat' dir='ltr'><strong>frigus</strong></span> <span class='ocrx_word' id='word_1_374' title='bbox 1065 3489 1228 3547; x_wconf 86' lang='lat' dir='ltr'><strong>atque</strong></span> <span class='ocrx_word' id='word_1_375' title='bbox 1247 3480 1394 3531; x_wconf 84' lang='lat' dir='ltr'><strong>calor</strong></span> <span class='ocrx_word' id='word_1_376' title='bbox 1409 3476 1602 3532; x_wconf 88' lang='lat' dir='ltr'><strong>eodem</strong></span> <span class='ocrx_word' id='word_1_377' title='bbox 1631 3476 1684 3530; x_wconf 91' lang='lat' dir='ltr'><strong>in</strong></span> <span class='ocrx_word' id='word_1_378' title='bbox 1711 3476 1832 3531; x_wconf 90' lang='lat' dir='ltr'><strong>loco</strong></span> <span class='ocrx_word' id='word_1_379' title='bbox 1861 3477 2080 3532; x_wconf 86' lang='lat' dir='ltr'><strong>eodem-</strong></span> 
     </span>
    </p>
   </div>
   <div class='ocr_carea' id='block_1_57' title="bbox 503 3571 1396 3654">
    <p class='ocr_par' dir='ltr' id='par_1_57' title="bbox 503 3571 1396 3654">
     <span class='ocr_line' id='line_1_57' title="bbox 503 3571 1396 3654; baseline -0.012 -20"><span class='ocrx_word' id='word_1_380' title='bbox 503 3594 609 3654; x_wconf 89' lang='lat' dir='ltr'><strong>que</strong></span> <span class='ocrx_word' id='word_1_381' title='bbox 633 3586 879 3648; x_wconf 84' lang='lat' dir='ltr'><strong>tempore</strong></span> <span class='ocrx_word' id='word_1_382' title='bbox 916 3573 1078 3629; x_wconf 88' lang='lat' dir='ltr'><strong>simul</strong></span> <span class='ocrx_word' id='word_1_383' title='bbox 1109 3571 1396 3627; x_wconf 80' lang='lat' dir='ltr'><strong>exsistant.</strong></span> 
     </span>
    </p>
   </div>
   <div class='ocr_carea' id='block_1_58' title="bbox 575 3757 2071 3831">
    <p class='ocr_par' dir='ltr' id='par_1_58' title="bbox 575 3757 2071 3831">
     <span class='ocr_line' id='line_1_58' title="bbox 575 3757 2071 3831; baseline -0.005 -12"><span class='ocrx_word' id='word_1_384' title='bbox 575 3765 708 3821; x_wconf 69' lang='lat' dir='ltr'><strong>Volo</strong></span> <span class='ocrx_word' id='word_1_385' title='bbox 740 3775 791 3820; x_wconf 91' lang='lat' dir='ltr'><strong>te</strong></span> <span class='ocrx_word' id='word_1_386' title='bbox 833 3764 935 3819; x_wconf 92' lang='lat' dir='ltr'><strong>hoc</strong></span> <span class='ocrx_word' id='word_1_387' title='bbox 981 3777 1199 3831; x_wconf 89' lang='lat' dir='ltr'><strong>quoque</strong></span> <span class='ocrx_word' id='word_1_388' title='bbox 1237 3768 1436 3830; x_wconf 73' lang='lat' dir='ltr'><strong>praeter</strong></span> <span class='ocrx_word' id='word_1_389' title='bbox 1468 3759 1713 3828; x_wconf 81' lang='lat' dir='ltr'><strong>exposita</strong></span> <span class='ocrx_word' id='word_1_390' title='bbox 1745 3757 1907 3824; x_wconf 81' lang='lat' dir='ltr'><strong>seire,</strong></span> <span class='ocrx_word' id='word_1_391' title='bbox 1937 3772 2071 3812; x_wconf 89' lang='lat' dir='ltr'><strong>con-</strong></span> 
     </span>
    </p>
   </div>
   <div class='ocr_carea' id='block_1_59' title="bbox 503 3851 2076 3923">
    <p class='ocr_par' dir='ltr' id='par_1_59' title="bbox 503 3851 2076 3923">
     <span class='ocr_line' id='line_1_59' title="bbox 503 3851 2076 3923; baseline -0.008 -7"><span class='ocrx_word' id='word_1_392' title='bbox 503 3877 691 3916; x_wconf 87' lang='lat' dir='ltr'><strong>suesse</strong></span> <span class='ocrx_word' id='word_1_393' title='bbox 726 3871 911 3915; x_wconf 86' lang='lat' dir='ltr'><strong>sacras</strong></span> <span class='ocrx_word' id='word_1_394' title='bbox 935 3856 1169 3912; x_wconf 89' lang='lat' dir='ltr'><strong>Litteras</strong></span> <span class='ocrx_word' id='word_1_395' title='bbox 1201 3863 1484 3923; x_wconf 90' lang='lat' dir='ltr'><strong>serpentes</strong></span> <span class='ocrx_word' id='word_1_396' title='bbox 1508 3854 1775 3908; x_wconf 81' lang='lat' dir='ltr'><strong>maximos</strong></span> <span class='ocrx_word' id='word_1_397' title='bbox 1803 3851 2076 3921; x_wconf 84' lang='lat' dir='ltr'><strong>appellare</strong></span> 
     </span>
    </p>
   </div>
   <div class='ocr_carea' id='block_1_60' title="bbox 503 3945 2071 4022">
    <p class='ocr_par' dir='ltr' id='par_1_60' title="bbox 503 3945 2071 4022">
     <span class='ocr_line' id='line_1_60' title="bbox 503 3945 2071 4022; baseline -0.008 -12"><span class='ocrx_word' id='word_1_398' title='bbox 503 3957 790 4017; x_wconf 83' lang='lat' dir='ltr'><strong>dracones,</strong></span> <span class='ocrx_word' id='word_1_399' title='bbox 823 3949 1121 4022; x_wconf 64' lang='lat' dir='ltr'><strong>praesertim</strong></span> <span class='ocrx_word' id='word_1_400' title='bbox 1154 3963 1278 4001; x_wconf 89' lang='lat' dir='ltr'><strong>cum</strong></span> <span class='ocrx_word' id='word_1_401' title='bbox 1301 3947 1367 4000; x_wconf 89' lang='lat' dir='ltr'><strong>de</strong></span> <span class='ocrx_word' id='word_1_402' title='bbox 1393 3945 1555 4000; x_wconf 81' lang='lat' dir='ltr'><strong>Mosis</strong></span> <span class='ocrx_word' id='word_1_403' title='bbox 1579 3947 1728 4016; x_wconf 84' lang='lat' dir='ltr'><strong>virga</strong></span> <span class='ocrx_word' id='word_1_404' title='bbox 1753 3946 2071 4014; x_wconf 89' lang='lat' dir='ltr'><strong>loquuntur,</strong></span> 
     </span>
    </p>
   </div>
   <div class='ocr_carea' id='block_1_61' title="bbox 505 4039 2075 4115">
    <p class='ocr_par' dir='ltr' id='par_1_61' title="bbox 505 4039 2075 4115">
     <span class='ocr_line' id='line_1_61' title="bbox 505 4039 2075 4115; baseline -0.008 -12"><span class='ocrx_word' id='word_1_405' title='bbox 505 4048 677 4103; x_wconf 85' lang='lat' dir='ltr'><strong>fuisse</strong></span> <span class='ocrx_word' id='word_1_406' title='bbox 717 4046 938 4115; x_wconf 85' lang='lat' dir='ltr'><strong>quidem</strong></span> <span class='ocrx_word' id='word_1_407' title='bbox 969 4042 1113 4096; x_wconf 85' lang='lat' dir='ltr'><strong>illam</strong></span> <span class='ocrx_word' id='word_1_408' title='bbox 1146 4041 1299 4110; x_wconf 90' lang='lat' dir='ltr'><strong>prius</strong></span> <span class='ocrx_word' id='word_1_409' title='bbox 1330 4039 1385 4093; x_wconf 90' lang='lat' dir='ltr'><strong>in</strong></span> <span class='ocrx_word' id='word_1_410' title='bbox 1426 4048 1738 4108; x_wconf 88' lang='lat' dir='ltr'><strong>serpentem</strong></span> <span class='ocrx_word' id='word_1_411' title='bbox 1769 4049 2075 4094; x_wconf 79' lang='lat' dir='ltr'><strong>commuta-</strong></span> 
     </span>
    </p>
   </div>
   <div class='ocr_carea' id='block_1_62' title="bbox 505 4127 2073 4204">
    <p class='ocr_par' dir='ltr' id='par_1_62' title="bbox 505 4127 2073 4204">
     <span class='ocr_line' id='line_1_62' title="bbox 505 4127 2073 4204; baseline -0.008 -11"><span class='ocrx_word' id='word_1_412' title='bbox 505 4151 640 4204; x_wconf 85' lang='lat' dir='ltr'><strong>tam,</strong></span> <span class='ocrx_word' id='word_1_413' title='bbox 681 4151 869 4192; x_wconf 87' lang='lat' dir='ltr'><strong>verum</strong></span> <span class='ocrx_word' id='word_1_414' title='bbox 913 4134 1172 4200; x_wconf 90' lang='lat' dir='ltr'><strong>deinceps</strong></span> <span class='ocrx_word' id='word_1_415' title='bbox 1206 4131 1258 4184; x_wconf 91' lang='lat' dir='ltr'><strong>in</strong></span> <span class='ocrx_word' id='word_1_416' title='bbox 1311 4130 1630 4194; x_wconf 88' lang='lat' dir='ltr'><strong>draconem,</strong></span> <span class='ocrx_word' id='word_1_417' title='bbox 1657 4143 1721 4182; x_wconf 88' lang='lat' dir='ltr'><strong>ac</strong></span> <span class='ocrx_word' id='word_1_418' title='bbox 1771 4127 2073 4182; x_wconf 89' lang='lat' dir='ltr'><strong>secundum</strong></span> 
     </span>
    </p>
   </div>
   <div class='ocr_carea' id='block_1_63' title="bbox 504 4219 2069 4296">
    <p class='ocr_par' dir='ltr' id='par_1_63' title="bbox 504 4219 2069 4296">
     <span class='ocr_line' id='line_1_63' title="bbox 504 4219 2069 4296; baseline -0.008 -12"><span class='ocrx_word' id='word_1_419' title='bbox 504 4230 620 4284; x_wconf 69' lang='lat' dir='ltr'><strong>haec</strong></span> <span class='ocrx_word' id='word_1_420' title='bbox 665 4231 844 4296; x_wconf 79' lang='lat' dir='ltr'><strong>virgas</strong></span> <span class='ocrx_word' id='word_1_421' title='bbox 885 4223 1342 4294; x_wconf 68' lang='lat' dir='ltr'><strong>praestigiatorum</strong></span> <span class='ocrx_word' id='word_1_422' title='bbox 1404 4219 1704 4274; x_wconf 82' lang='lat' dir='ltr'><strong>Pharaonis</strong></span> <span class='ocrx_word' id='word_1_423' title='bbox 1753 4221 2069 4283; x_wconf 86' lang='lat' dir='ltr'><strong>devorasse,</strong></span> 
     </span>
    </p>
   </div>
   <div class='ocr_carea' id='block_1_64' title="bbox 2183 1743 3752 1819">
    <p class='ocr_par' dir='ltr' id='par_1_64' title="bbox 2183 1743 3752 1819">
     <span class='ocr_line' id='line_1_64' title="bbox 2183 1743 3752 1819; baseline -0.002 -18"><span class='ocrx_word' id='word_1_424' title='bbox 2183 1747 2381 1810; x_wconf 80' lang='grc' dir='ltr'>αἴτιος,</span> <span class='ocrx_word' id='word_1_425' title='bbox 2435 1743 2579 1799; x_wconf 82' lang='grc' dir='ltr'>καθά</span> <span class='ocrx_word' id='word_1_426' title='bbox 2629 1761 2763 1812; x_wconf 82' lang='grc' dir='ltr'>φησι</span> <span class='ocrx_word' id='word_1_427' title='bbox 2815 1743 3077 1814; x_wconf 73' lang='grc' dir='ltr'>Γαληνὸς,</span> <span class='ocrx_word' id='word_1_428' title='bbox 3139 1747 3494 1816; x_wconf 82' lang='grc' dir='ltr'>συνακμάσας</span> <span class='ocrx_word' id='word_1_429' title='bbox 3537 1747 3612 1819; x_wconf 76' lang='grc' dir='ltr'><strong>τῷ</strong></span> <span class='ocrx_word' id='word_1_430' title='bbox 3643 1747 3752 1799; x_wconf 80' lang='grc' dir='ltr'><strong>Νέ-</strong></span> 
     </span>
    </p>
   </div>
   <div class='ocr_carea' id='block_1_65' title="bbox 2184 1859 2337 1906">
    <p class='ocr_par' dir='ltr' id='par_1_65' title="bbox 2184 1859 2337 1906">
     <span class='ocr_line' id='line_1_65' title="bbox 2184 1859 2337 1906; baseline 0.013 -12"><span class='ocrx_word' id='word_1_431' title='bbox 2184 1859 2337 1906; x_wconf 87' lang='grc' dir='ltr'>ρωνι.</span> 
     </span>
    </p>
   </div>
   <div class='ocr_carea' id='block_1_66' title="bbox 2255 1928 3752 2002">
    <p class='ocr_par' dir='ltr' id='par_1_66' title="bbox 2255 1928 3752 2002">
     <span class='ocr_line' id='line_1_66' title="bbox 2255 1928 3752 2002; baseline 0.001 -19"><span class='ocrx_word' id='word_1_432' title='bbox 2255 1930 2398 2001; x_wconf 76' lang='grc' dir='ltr'>Πρὸς</span> <span class='ocrx_word' id='word_1_433' title='bbox 2422 1929 2482 1983; x_wconf 87' lang='grc' dir='ltr'><strong>δέ</strong></span> <span class='ocrx_word' id='word_1_434' title='bbox 2515 1945 2576 1998; x_wconf 88' lang='grc' dir='ltr'><strong>γε</strong></span> <span class='ocrx_word' id='word_1_435' title='bbox 2606 1931 2716 1993; x_wconf 88' lang='grc' dir='ltr'>τοῖς</span> <span class='ocrx_word' id='word_1_436' title='bbox 2773 1928 3110 1999; x_wconf 78' lang='grc' dir='ltr'>εἰρημένοις,</span> <span class='ocrx_word' id='word_1_437' title='bbox 3159 1929 3536 2001; x_wconf 84' lang='grc' dir='ltr'>έλιττομένους</span> <span class='ocrx_word' id='word_1_438' title='bbox 3583 1931 3752 2002; x_wconf 73' lang='grc' dir='ltr'>ἀλλή-</span> 
     </span>
    </p>
   </div>
   <div class='ocr_carea' id='block_1_67' title="bbox 2180 2020 3754 2092">
    <p class='ocr_par' dir='ltr' id='par_1_67' title="bbox 2180 2020 3754 2092">
     <span class='ocr_line' id='line_1_67' title="bbox 2180 2020 3754 2092; baseline 0.001 -18"><span class='ocrx_word' id='word_1_439' title='bbox 2180 2023 2293 2086; x_wconf 91' lang='grc' dir='ltr'>λοις</span> <span class='ocrx_word' id='word_1_440' title='bbox 2325 2023 2562 2089; x_wconf 79' lang='grc' dir='ltr'>γίνωσκε</span> <span class='ocrx_word' id='word_1_441' title='bbox 2605 2021 2728 2084; x_wconf 72' lang='grc' dir='ltr'>τοὺς</span> <span class='ocrx_word' id='word_1_442' title='bbox 2775 2020 2928 2091; x_wconf 80' lang='grc' dir='ltr'>ὄφεις</span> <span class='ocrx_word' id='word_1_443' title='bbox 2987 2021 3296 2092; x_wconf 79' lang='grc' dir='ltr'>ὀχεύεσθαι,</span> <span class='ocrx_word' id='word_1_444' title='bbox 3345 2022 3490 2077; x_wconf 81' lang='grc' dir='ltr'>καθὰ</span> <span class='ocrx_word' id='word_1_445' title='bbox 3547 2023 3612 2091; x_wconf 81' lang='grc' dir='ltr'><strong>δὴ</strong></span> <span class='ocrx_word' id='word_1_446' title='bbox 3657 2024 3754 2076; x_wconf 74' lang='grc' dir='ltr'><strong>καὶ</strong></span> 
     </span>
    </p>
   </div>
   <div class='ocr_carea' id='block_1_68' title="bbox 2181 2111 3750 2184">
    <p class='ocr_par' dir='ltr' id='par_1_68' title="bbox 2181 2111 3750 2184">
     <span class='ocr_line' id='line_1_68' title="bbox 2181 2111 3750 2184; baseline 0.002 -20"><span class='ocrx_word' id='word_1_447' title='bbox 2181 2115 2309 2175; x_wconf 82' lang='grc' dir='ltr'>τοὺς</span> <span class='ocrx_word' id='word_1_448' title='bbox 2335 2113 2546 2183; x_wconf 75' lang='grc' dir='ltr'>ἐχίνους</span> <span class='ocrx_word' id='word_1_449' title='bbox 2596 2111 2814 2182; x_wconf 79' lang='grc' dir='ltr'>ὀρθίους</span> <span class='ocrx_word' id='word_1_450' title='bbox 2859 2113 3184 2183; x_wconf 74' lang='grc' dir='ltr'>ἱσταμένους</span> <span class='ocrx_word' id='word_1_451' title='bbox 3238 2113 3322 2168; x_wconf 80' lang='grc' dir='ltr'><strong>διά</strong></span> <span class='ocrx_word' id='word_1_452' title='bbox 3358 2113 3456 2184; x_wconf 85' lang='grc' dir='ltr'>τὴν</span> <span class='ocrx_word' id='word_1_453' title='bbox 3488 2115 3750 2169; x_wconf 76' lang='grc' dir='ltr'>ἄκανθαν.</span> 
     </span>
    </p>
   </div>
   <div class='ocr_carea' id='block_1_69' title="bbox 2181 2204 3752 2278">
    <p class='ocr_par' dir='ltr' id='par_1_69' title="bbox 2181 2204 3752 2278">
     <span class='ocr_line' id='line_1_69' title="bbox 2181 2204 3752 2278; baseline 0.001 -20"><span class='ocrx_word' id='word_1_454' title='bbox 2181 2205 2245 2258; x_wconf 86' lang='grc' dir='ltr'>Εί</span> <span class='ocrx_word' id='word_1_455' title='bbox 2273 2205 2329 2258; x_wconf 84' lang='grc' dir='ltr'>δὲ</span> <span class='ocrx_word' id='word_1_456' title='bbox 2352 2206 2441 2257; x_wconf 70' lang='grc' dir='ltr'>καιὶ</span> <span class='ocrx_word' id='word_1_457' title='bbox 2486 2205 2585 2275; x_wconf 79' lang='grc' dir='ltr'>τὴν</span> <span class='ocrx_word' id='word_1_458' title='bbox 2616 2204 2796 2259; x_wconf 83' lang='grc' dir='ltr'>αἰτίαν</span> <span class='ocrx_word' id='word_1_459' title='bbox 2829 2204 3009 2275; x_wconf 79' lang='grc' dir='ltr'>βούλει</span> <span class='ocrx_word' id='word_1_460' title='bbox 3057 2206 3252 2273; x_wconf 82' lang='grc' dir='ltr'>μαθεῖν</span> <span class='ocrx_word' id='word_1_461' title='bbox 3301 2206 3368 2259; x_wconf 89' lang='grc' dir='ltr'>δι’</span> <span class='ocrx_word' id='word_1_462' title='bbox 3403 2208 3470 2277; x_wconf 78' lang='grc' dir='ltr'>ἢν</span> <span class='ocrx_word' id='word_1_463' title='bbox 3515 2209 3563 2260; x_wconf 77' lang='grc' dir='ltr'>οἱ</span> <span class='ocrx_word' id='word_1_464' title='bbox 3591 2208 3752 2278; x_wconf 79' lang='grc' dir='ltr'>ὄφεις</span> 
     </span>
    </p>
   </div>
   <div class='ocr_carea' id='block_1_70' title="bbox 2182 2295 3755 2369">
    <p class='ocr_par' dir='ltr' id='par_1_70' title="bbox 2182 2295 3755 2369">
     <span class='ocr_line' id='line_1_70' title="bbox 2182 2295 3755 2369; baseline 0.003 -21"><span class='ocrx_word' id='word_1_465' title='bbox 2182 2295 2449 2366; x_wconf 80' lang='grc' dir='ltr'>χειμῶνος</span> <span class='ocrx_word' id='word_1_466' title='bbox 2498 2297 2602 2365; x_wconf 83' lang='grc' dir='ltr'>μὲν</span> <span class='ocrx_word' id='word_1_467' title='bbox 2635 2300 2702 2368; x_wconf 86' lang='grc' dir='ltr'>τῇ</span> <span class='ocrx_word' id='word_1_468' title='bbox 2738 2299 2808 2367; x_wconf 84' lang='grc' dir='ltr'>γῇ</span> <span class='ocrx_word' id='word_1_469' title='bbox 2846 2299 3227 2364; x_wconf 80' lang='grc' dir='ltr'>καταδύονται,</span> <span class='ocrx_word' id='word_1_470' title='bbox 3293 2297 3482 2369; x_wconf 79' lang='grc' dir='ltr'>θέρους</span> <span class='ocrx_word' id='word_1_471' title='bbox 3513 2299 3570 2352; x_wconf 87' lang='grc' dir='ltr'>δὲ</span> <span class='ocrx_word' id='word_1_472' title='bbox 3625 2302 3755 2363; x_wconf 79' lang='grc' dir='ltr'>τοὺς</span> 
     </span>
    </p>
   </div>
   <div class='ocr_carea' id='block_1_71' title="bbox 2179 2388 3751 2461">
    <p class='ocr_par' dir='ltr' id='par_1_71' title="bbox 2179 2388 3751 2461">
     <span class='ocr_line' id='line_1_71' title="bbox 2179 2388 3751 2461; baseline 0.004 -20"><span class='ocrx_word' id='word_1_473' title='bbox 2179 2388 2293 2441; x_wconf 75' lang='grc' dir='ltr'>ἀνω</span> <span class='ocrx_word' id='word_1_474' title='bbox 2319 2394 2518 2450; x_wconf 82' lang='grc' dir='ltr'>τόπους</span> <span class='ocrx_word' id='word_1_475' title='bbox 2553 2389 2900 2456; x_wconf 79' lang='grc' dir='ltr'>ἐπιζητοῦσι,</span> <span class='ocrx_word' id='word_1_476' title='bbox 2939 2389 3118 2458; x_wconf 76' lang='grc' dir='ltr'>σαφὴς</span> <span class='ocrx_word' id='word_1_477' title='bbox 3147 2391 3229 2444; x_wconf 83' lang='grc' dir='ltr'><strong>ὅτι</strong></span> <span class='ocrx_word' id='word_1_478' title='bbox 3259 2393 3354 2444; x_wconf 74' lang='grc' dir='ltr'><strong>καὶ</strong></span> <span class='ocrx_word' id='word_1_479' title='bbox 3401 2391 3542 2461; x_wconf 75' lang='grc' dir='ltr'>αὕτη</span> <span class='ocrx_word' id='word_1_480' title='bbox 3609 2393 3751 2447; x_wconf 77' lang='grc' dir='ltr'>ἐστί.</span> 
     </span>
    </p>
   </div>
   <div class='ocr_carea' id='block_1_72' title="bbox 2181 2478 3752 2552">
    <p class='ocr_par' dir='ltr' id='par_1_72' title="bbox 2181 2478 3752 2552">
     <span class='ocr_line' id='line_1_72' title="bbox 2181 2478 3752 2552; baseline 0.003 -21"><span class='ocrx_word' id='word_1_481' title='bbox 2181 2478 2402 2549; x_wconf 77' lang='grc' dir='ltr'>Ψυχρδς</span> <span class='ocrx_word' id='word_1_482' title='bbox 2439 2479 2615 2548; x_wconf 79' lang='grc' dir='ltr'>όόφις</span> <span class='ocrx_word' id='word_1_483' title='bbox 2646 2480 2762 2531; x_wconf 75' lang='grc' dir='ltr'>ἐστὶ</span> <span class='ocrx_word' id='word_1_484' title='bbox 2817 2481 2912 2533; x_wconf 77' lang='grc' dir='ltr'><strong>καὶ</strong></span> <span class='ocrx_word' id='word_1_485' title='bbox 2966 2479 3129 2552; x_wconf 84' lang='grc' dir='ltr'>ξηρὸς</span> <span class='ocrx_word' id='word_1_486' title='bbox 3184 2484 3278 2534; x_wconf 74' lang='grc' dir='ltr'>καὶ</span> <span class='ocrx_word' id='word_1_487' title='bbox 3339 2483 3610 2552; x_wconf 83' lang='grc' dir='ltr'>νευρώδης</span> <span class='ocrx_word' id='word_1_488' title='bbox 3654 2483 3752 2538; x_wconf 78' lang='grc' dir='ltr'>καὶ</span> 
     </span>
    </p>
   </div>
   <div class='ocr_carea' id='block_1_73' title="bbox 2180 2567 3751 2642">
    <p class='ocr_par' dir='ltr' id='par_1_73' title="bbox 2180 2567 3751 2642">
     <span class='ocr_line' id='line_1_73' title="bbox 2180 2567 3751 2642; baseline 0.003 -19"><span class='ocrx_word' id='word_1_489' title='bbox 2180 2569 2520 2640; x_wconf 84' lang='grc' dir='ltr'>ὁλιγόαιμος,</span> <span class='ocrx_word' id='word_1_490' title='bbox 2551 2572 2637 2639; x_wconf 78' lang='grc' dir='ltr'><strong>ἐφ’</strong></span> <span class='ocrx_word' id='word_1_491' title='bbox 2668 2567 2711 2640; x_wconf 81' lang='grc' dir='ltr'>ᾧ</span> <span class='ocrx_word' id='word_1_492' title='bbox 2741 2572 2839 2624; x_wconf 77' lang='grc' dir='ltr'>καὶ</span> <span class='ocrx_word' id='word_1_493' title='bbox 2870 2573 2998 2635; x_wconf 83' lang='grc' dir='ltr'>τοὺς</span> <span class='ocrx_word' id='word_1_494' title='bbox 3032 2572 3274 2642; x_wconf 82' lang='grc' dir='ltr'>θερμοὺς</span> <span class='ocrx_word' id='word_1_495' title='bbox 3321 2575 3408 2626; x_wconf 75' lang='grc' dir='ltr'><strong>ἀεὶ</strong></span> <span class='ocrx_word' id='word_1_496' title='bbox 3429 2576 3629 2638; x_wconf 77' lang='grc' dir='ltr'>τόπους</span> <span class='ocrx_word' id='word_1_497' title='bbox 3691 2575 3751 2638; x_wconf 81' lang='grc' dir='ltr'><strong>ἐξ</strong></span> 
     </span>
    </p>
   </div>
   <div class='ocr_carea' id='block_1_74' title="bbox 2175 2661 3745 2736">
    <p class='ocr_par' dir='ltr' id='par_1_74' title="bbox 2175 2661 3745 2736">
     <span class='ocr_line' id='line_1_74' title="bbox 2175 2661 3745 2736; baseline 0.003 -22"><span class='ocrx_word' id='word_1_498' title='bbox 2175 2663 2428 2732; x_wconf 67' lang='grc' dir='ltr'>ῥινάγκης</span> <span class='ocrx_word' id='word_1_499' title='bbox 2457 2661 2710 2733; x_wconf 76' lang='grc' dir='ltr'>ἐπιζητεῖ</span> <span class='ocrx_word' id='word_1_500' title='bbox 2733 2681 2748 2698; x_wconf 72' lang='grc' dir='ltr'><strong>ι</strong></span> <span class='ocrx_word' id='word_1_501' title='bbox 2786 2665 2881 2717; x_wconf 73' lang='grc' dir='ltr'><strong>καὶ</strong></span> <span class='ocrx_word' id='word_1_502' title='bbox 2910 2665 3102 2734; x_wconf 78' lang='grc' dir='ltr'>ἐπειδὴ</span> <span class='ocrx_word' id='word_1_503' title='bbox 3135 2665 3406 2736; x_wconf 77' lang='grc' dir='ltr'>χειμῶνος</span> <span class='ocrx_word' id='word_1_504' title='bbox 3441 2668 3591 2736; x_wconf 75' lang='grc' dir='ltr'>μὲνὴ</span> <span class='ocrx_word' id='word_1_505' title='bbox 3619 2669 3745 2734; x_wconf 82' lang='grc' dir='ltr'>θερ-</span> 
     </span>
    </p>
   </div>
   <div class='ocr_carea' id='block_1_75' title="bbox 2184 2753 3745 2827">
    <p class='ocr_par' dir='ltr' id='par_1_75' title="bbox 2184 2753 3745 2827">
     <span class='ocr_line' id='line_1_75' title="bbox 2184 2753 3745 2827; baseline 0.003 -22"><span class='ocrx_word' id='word_1_506' title='bbox 2184 2753 2354 2824; x_wconf 88' lang='grc' dir='ltr'>μότης</span> <span class='ocrx_word' id='word_1_507' title='bbox 2387 2753 2537 2807; x_wconf 89' lang='grc' dir='ltr'>κάτω</span> <span class='ocrx_word' id='word_1_508' title='bbox 2573 2757 2770 2824; x_wconf 81' lang='grc' dir='ltr'>χωρεῖν</span> <span class='ocrx_word' id='word_1_509' title='bbox 2811 2753 2992 2820; x_wconf 63' lang='grc' dir='ltr'>εῐωθεζ</span> <span class='ocrx_word' id='word_1_510' title='bbox 3054 2757 3242 2827; x_wconf 81' lang='grc' dir='ltr'>θέρους</span> <span class='ocrx_word' id='word_1_511' title='bbox 3275 2758 3333 2811; x_wconf 71' lang='grc' dir='ltr'>δὲ</span> <span class='ocrx_word' id='word_1_512' title='bbox 3386 2759 3594 2812; x_wconf 81' lang='grc' dir='ltr'>ἄνωθεν</span> <span class='ocrx_word' id='word_1_513' title='bbox 3622 2761 3745 2810; x_wconf 76' lang='grc' dir='ltr'>ἐπι-</span> 
     </span>
    </p>
   </div>
   <div class='ocr_carea' id='block_1_76' title="bbox 2183 2846 3745 2925">
    <p class='ocr_par' dir='ltr' id='par_1_76' title="bbox 2183 2846 3745 2925">
     <span class='ocr_line' id='line_1_76' title="bbox 2183 2846 3745 2925; baseline 0.003 -28"><span class='ocrx_word' id='word_1_514' title='bbox 2183 2846 2436 2912; x_wconf 70' lang='grc' dir='ltr'>πολάζει,</span> <span class='ocrx_word' id='word_1_515' title='bbox 2467 2846 2557 2898; x_wconf 81' lang='grc' dir='ltr'>διὰ</span> <span class='ocrx_word' id='word_1_516' title='bbox 2581 2846 2738 2900; x_wconf 87' lang='grc' dir='ltr'>τοῦτο</span> <span class='ocrx_word' id='word_1_517' title='bbox 2793 2848 2888 2900; x_wconf 74' lang='grc' dir='ltr'><strong>καὶ</strong></span> <span class='ocrx_word' id='word_1_518' title='bbox 2919 2847 3018 2911; x_wconf 86' lang='grc' dir='ltr'>τὰς</span> <span class='ocrx_word' id='word_1_519' title='bbox 3047 2849 3244 2902; x_wconf 78' lang='grc' dir='ltr'>ἑαυτοῦ</span> <span class='ocrx_word' id='word_1_520' title='bbox 3300 2850 3472 2925; x_wconf 84' lang='grc' dir='ltr'>νομὰς</span> <span class='ocrx_word' id='word_1_521' title='bbox 3501 2854 3636 2922; x_wconf 89' lang='grc' dir='ltr'>πρός</span> <span class='ocrx_word' id='word_1_522' title='bbox 3683 2868 3745 2918; x_wconf 83' lang='grc' dir='ltr'><strong>γε</strong></span> 
     </span>
    </p>
   </div>
   <div class='ocr_carea' id='block_1_77' title="bbox 2180 2935 3742 3010">
    <p class='ocr_par' dir='ltr' id='par_1_77' title="bbox 2180 2935 3742 3010">
     <span class='ocr_line' id='line_1_77' title="bbox 2180 2935 3742 3010; baseline 0.003 -22"><span class='ocrx_word' id='word_1_523' title='bbox 2180 2937 2279 3005; x_wconf 80' lang='grc' dir='ltr'>τὴν</span> <span class='ocrx_word' id='word_1_524' title='bbox 2304 2935 2399 2988; x_wconf 81' lang='grc' dir='ltr'>τοῦ</span> <span class='ocrx_word' id='word_1_525' title='bbox 2429 2937 2592 3008; x_wconf 80' lang='grc' dir='ltr'>ἀέρος</span> <span class='ocrx_word' id='word_1_526' title='bbox 2628 2938 2961 2992; x_wconf 86' lang='grc' dir='ltr'>κατάστασιν</span> <span class='ocrx_word' id='word_1_527' title='bbox 2997 2938 3327 2993; x_wconf 77' lang='grc' dir='ltr'>ὑπαλλάττει</span> <span class='ocrx_word' id='word_1_528' title='bbox 3355 2940 3384 2990; x_wconf 85' lang='grc' dir='ltr'><strong>ό</strong></span> <span class='ocrx_word' id='word_1_529' title='bbox 3417 2940 3564 3008; x_wconf 84' lang='grc' dir='ltr'>ὄφις.</span> <span class='ocrx_word' id='word_1_530' title='bbox 3599 2941 3742 3010; x_wconf 89' lang='grc' dir='ltr'><strong>Ὅρα</strong></span> 
     </span>
    </p>
   </div>
   <div class='ocr_carea' id='block_1_78' title="bbox 2179 3029 3744 3103">
    <p class='ocr_par' dir='ltr' id='par_1_78' title="bbox 2179 3029 3744 3103">
     <span class='ocr_line' id='line_1_78' title="bbox 2179 3029 3744 3103; baseline 0.003 -21"><span class='ocrx_word' id='word_1_531' title='bbox 2179 3029 2286 3100; x_wconf 83' lang='grc' dir='ltr'>γὰρ</span> <span class='ocrx_word' id='word_1_532' title='bbox 2317 3031 2398 3082; x_wconf 80' lang='grc' dir='ltr'>ὅτι</span> <span class='ocrx_word' id='word_1_533' title='bbox 2430 3029 2615 3083; x_wconf 80' lang='grc' dir='ltr'>καὶτὰ</span> <span class='ocrx_word' id='word_1_534' title='bbox 2645 3032 2938 3100; x_wconf 81' lang='grc' dir='ltr'>φρεατιαῖα</span> <span class='ocrx_word' id='word_1_535' title='bbox 2968 3029 3136 3086; x_wconf 77' lang='grc' dir='ltr'>ὕδατα</span> <span class='ocrx_word' id='word_1_536' title='bbox 3167 3032 3356 3102; x_wconf 78' lang='grc' dir='ltr'>θέρους</span> <span class='ocrx_word' id='word_1_537' title='bbox 3393 3033 3492 3101; x_wconf 82' lang='grc' dir='ltr'>μὲν</span> <span class='ocrx_word' id='word_1_538' title='bbox 3541 3036 3744 3103; x_wconf 82' lang='grc' dir='ltr'>τυγχά-</span> 
     </span>
    </p>
   </div>
   <div class='ocr_carea' id='block_1_79' title="bbox 2178 3113 3743 3198">
    <p class='ocr_par' dir='ltr' id='par_1_79' title="bbox 2178 3113 3743 3198">
     <span class='ocr_line' id='line_1_79' title="bbox 2178 3113 3743 3198; baseline 0.003 -21"><span class='ocrx_word' id='word_1_539' title='bbox 2178 3123 2486 3194; x_wconf 72' lang='grc' dir='ltr'>νειψυχρά,</span> <span class='ocrx_word' id='word_1_540' title='bbox 2523 3126 2793 3195; x_wconf 84' lang='grc' dir='ltr'>χειμῶνος</span> <span class='ocrx_word' id='word_1_541' title='bbox 2815 3125 2872 3179; x_wconf 75' lang='grc' dir='ltr'>δὲ</span> <span class='ocrx_word' id='word_1_542' title='bbox 2901 3113 3102 3197; x_wconf 53' lang='grc' dir='ltr'>θερμάς</span> <span class='ocrx_word' id='word_1_543' title='bbox 3136 3128 3450 3195; x_wconf 82' lang='grc' dir='ltr'>Τηνικαῦτα</span> <span class='ocrx_word' id='word_1_544' title='bbox 3503 3129 3594 3181; x_wconf 81' lang='grc' dir='ltr'>καὶ</span> <span class='ocrx_word' id='word_1_545' title='bbox 3633 3128 3743 3198; x_wconf 81' lang='grc' dir='ltr'><strong>γάρ</strong></span> 
     </span>
    </p>
   </div>
   <div class='ocr_carea' id='block_1_80' title="bbox 2177 3216 3748 3290">
    <p class='ocr_par' dir='ltr' id='par_1_80' title="bbox 2177 3216 3748 3290">
     <span class='ocr_line' id='line_1_80' title="bbox 2177 3216 3748 3290; baseline 0.004 -23"><span class='ocrx_word' id='word_1_546' title='bbox 2177 3216 2274 3284; x_wconf 83' lang='grc' dir='ltr'><strong>τῆς</strong></span> <span class='ocrx_word' id='word_1_547' title='bbox 2296 3216 2636 3288; x_wconf 78' lang='grc' dir='ltr'>ψυχρότητος</span> <span class='ocrx_word' id='word_1_548' title='bbox 2683 3218 2889 3272; x_wconf 81' lang='grc' dir='ltr'>ἄνωθεν</span> <span class='ocrx_word' id='word_1_549' title='bbox 2946 3219 3388 3290; x_wconf 74' lang='grc' dir='ltr'>ἐπιπολαζούσης</span> <span class='ocrx_word' id='word_1_550' title='bbox 3426 3222 3506 3284; x_wconf 87' lang='grc' dir='ltr'>εἰς</span> <span class='ocrx_word' id='word_1_551' title='bbox 3547 3224 3608 3274; x_wconf 82' lang='grc' dir='ltr'><strong>τὸ</strong></span> <span class='ocrx_word' id='word_1_552' title='bbox 3652 3223 3748 3290; x_wconf 84' lang='grc' dir='ltr'><strong>βά-</strong></span> 
     </span>
    </p>
   </div>
   <div class='ocr_carea' id='block_1_81' title="bbox 2180 3306 3746 3384">
    <p class='ocr_par' dir='ltr' id='par_1_81' title="bbox 2180 3306 3746 3384">
     <span class='ocr_line' id='line_1_81' title="bbox 2180 3306 3746 3384; baseline 0.005 -26"><span class='ocrx_word' id='word_1_553' title='bbox 2180 3306 2331 3376; x_wconf 79' lang='grc' dir='ltr'>θοςὴ</span> <span class='ocrx_word' id='word_1_554' title='bbox 2385 3308 2655 3381; x_wconf 82' lang='grc' dir='ltr'>θερμότης</span> <span class='ocrx_word' id='word_1_555' title='bbox 2685 3313 2874 3380; x_wconf 86' lang='grc' dir='ltr'>χωρεῖ,</span> <span class='ocrx_word' id='word_1_556' title='bbox 2931 3311 3054 3364; x_wconf 78' lang='grc' dir='ltr'>ὅθεν</span> <span class='ocrx_word' id='word_1_557' title='bbox 3118 3313 3214 3366; x_wconf 69' lang='grc' dir='ltr'><strong>καὶ</strong></span> <span class='ocrx_word' id='word_1_558' title='bbox 3266 3312 3445 3383; x_wconf 82' lang='grc' dir='ltr'>θερμά</span> <span class='ocrx_word' id='word_1_559' title='bbox 3485 3315 3746 3384; x_wconf 76' lang='grc' dir='ltr'>τυγχάνει</span> 
     </span>
    </p>
   </div>
   <div class='ocr_carea' id='block_1_82' title="bbox 2177 3399 3740 3478">
    <p class='ocr_par' dir='ltr' id='par_1_82' title="bbox 2177 3399 3740 3478">
     <span class='ocr_line' id='line_1_82' title="bbox 2177 3399 3740 3478; baseline 0.007 -28"><span class='ocrx_word' id='word_1_560' title='bbox 2177 3399 2320 3452; x_wconf 87' lang='grc' dir='ltr'>κατά</span> <span class='ocrx_word' id='word_1_561' title='bbox 2341 3415 2404 3466; x_wconf 84' lang='grc' dir='ltr'><strong>γε</strong></span> <span class='ocrx_word' id='word_1_562' title='bbox 2440 3400 2529 3452; x_wconf 79' lang='grc' dir='ltr'><strong>τὸν</strong></span> <span class='ocrx_word' id='word_1_563' title='bbox 2561 3401 2807 3471; x_wconf 84' lang='grc' dir='ltr'>χειμῶνα</span> <span class='ocrx_word' id='word_1_564' title='bbox 2871 3403 2939 3455; x_wconf 77' lang='grc' dir='ltr'>τὰ</span> <span class='ocrx_word' id='word_1_565' title='bbox 2989 3404 3179 3459; x_wconf 81' lang='grc' dir='ltr'>ὕδατα.</span> <span class='ocrx_word' id='word_1_566' title='bbox 3233 3404 3344 3476; x_wconf 84' lang='grc' dir='ltr'><strong>Τήν</strong></span> <span class='ocrx_word' id='word_1_567' title='bbox 3386 3423 3446 3458; x_wconf 87' lang='grc' dir='ltr'><strong>τε</strong></span> <span class='ocrx_word' id='word_1_568' title='bbox 3501 3408 3611 3478; x_wconf 78' lang='grc' dir='ltr'>γὰρ</span> <span class='ocrx_word' id='word_1_569' title='bbox 3637 3407 3740 3476; x_wconf 80' lang='grc' dir='ltr'><strong>ψυ-</strong></span> 
     </span>
    </p>
   </div>
   <div class='ocr_carea' id='block_1_83' title="bbox 2178 3489 3741 3564">
    <p class='ocr_par' dir='ltr' id='par_1_83' title="bbox 2178 3489 3741 3564">
     <span class='ocr_line' id='line_1_83' title="bbox 2178 3489 3741 3564; baseline 0.005 -22"><span class='ocrx_word' id='word_1_570' title='bbox 2178 3489 2419 3560; x_wconf 86' lang='grc' dir='ltr'>χρότητα</span> <span class='ocrx_word' id='word_1_571' title='bbox 2443 3492 2539 3544; x_wconf 83' lang='grc' dir='ltr'>καὶ</span> <span class='ocrx_word' id='word_1_572' title='bbox 2569 3491 2884 3563; x_wconf 86' lang='grc' dir='ltr'>θερμότητα</span> <span class='ocrx_word' id='word_1_573' title='bbox 2953 3495 3096 3549; x_wconf 84' lang='grc' dir='ltr'>κατά</span> <span class='ocrx_word' id='word_1_574' title='bbox 3135 3511 3199 3564; x_wconf 90' lang='grc' dir='ltr'><strong>γε</strong></span> <span class='ocrx_word' id='word_1_575' title='bbox 3231 3497 3322 3549; x_wconf 70' lang='grc' dir='ltr'><strong>τὸν</strong></span> <span class='ocrx_word' id='word_1_576' title='bbox 3375 3497 3537 3552; x_wconf 83' lang='grc' dir='ltr'>αὑτὸν</span> <span class='ocrx_word' id='word_1_577' title='bbox 3575 3498 3741 3550; x_wconf 83' lang='grc' dir='ltr'>τόπον</span> 
     </span>
    </p>
   </div>
   <div class='ocr_carea' id='block_1_84' title="bbox 2176 3581 3746 3659">
    <p class='ocr_par' dir='ltr' id='par_1_84' title="bbox 2176 3581 3746 3659">
     <span class='ocr_line' id='line_1_84' title="bbox 2176 3581 3746 3659; baseline 0.006 -26"><span class='ocrx_word' id='word_1_578' title='bbox 2176 3584 2269 3634; x_wconf 79' lang='grc' dir='ltr'>καὶ</span> <span class='ocrx_word' id='word_1_579' title='bbox 2343 3583 2534 3652; x_wconf 73' lang='grc' dir='ltr'>χρόνον</span> <span class='ocrx_word' id='word_1_580' title='bbox 2591 3581 2709 3653; x_wconf 70' lang='grc' dir='ltr'>ἅμα</span> <span class='ocrx_word' id='word_1_581' title='bbox 2771 3585 2956 3653; x_wconf 86' lang='grc' dir='ltr'>μένειν</span> <span class='ocrx_word' id='word_1_582' title='bbox 3022 3589 3055 3657; x_wconf 80' lang='grc' dir='ltr'>ἡ</span> <span class='ocrx_word' id='word_1_583' title='bbox 3118 3586 3284 3655; x_wconf 75' lang='grc' dir='ltr'>φύσις</span> <span class='ocrx_word' id='word_1_584' title='bbox 3343 3588 3442 3641; x_wconf 86' lang='grc' dir='ltr'><strong>οὐκ</strong></span> <span class='ocrx_word' id='word_1_585' title='bbox 3496 3590 3746 3659; x_wconf 71' lang='grc' dir='ltr'>ἐνομοθέ-</span> 
     </span>
    </p>
   </div>
   <div class='ocr_carea' id='block_1_85' title="bbox 2175 3688 2362 3740">
    <p class='ocr_par' dir='ltr' id='par_1_85' title="bbox 2175 3688 2362 3740">
     <span class='ocr_line' id='line_1_85' title="bbox 2175 3688 2362 3740; baseline 0.016 -17"><span class='ocrx_word' id='word_1_586' title='bbox 2175 3688 2362 3740; x_wconf 87' lang='grc' dir='ltr'>τησεν.</span> 
     </span>
    </p>
   </div>
   <div class='ocr_carea' id='block_1_86' title="bbox 2261 3761 3747 3840">
    <p class='ocr_par' dir='ltr' id='par_1_86' title="bbox 2261 3761 3747 3840">
     <span class='ocr_line' id='line_1_86' title="bbox 2261 3761 3747 3840; baseline 0.006 -27"><span class='ocrx_word' id='word_1_587' title='bbox 2261 3761 2422 3814; x_wconf 83' lang='grc' dir='ltr'>Ἀλλὰ</span> <span class='ocrx_word' id='word_1_588' title='bbox 2452 3761 2543 3815; x_wconf 70' lang='grc' dir='ltr'>καὶ</span> <span class='ocrx_word' id='word_1_589' title='bbox 2574 3762 2730 3816; x_wconf 81' lang='grc' dir='ltr'>τοῦτο</span> <span class='ocrx_word' id='word_1_590' title='bbox 2761 3765 2898 3836; x_wconf 70' lang='grc' dir='ltr'>πρὸς</span> <span class='ocrx_word' id='word_1_591' title='bbox 2941 3769 3053 3830; x_wconf 84' lang='grc' dir='ltr'>τοῖς</span> <span class='ocrx_word' id='word_1_592' title='bbox 3085 3767 3269 3832; x_wconf 73' lang='grc' dir='ltr'>ἄλλοις</span> <span class='ocrx_word' id='word_1_593' title='bbox 3297 3769 3493 3824; x_wconf 77' lang='grc' dir='ltr'>εἰδέναι</span> <span class='ocrx_word' id='word_1_594' title='bbox 3526 3787 3584 3823; x_wconf 88' lang='grc' dir='ltr'><strong>σε</strong></span> <span class='ocrx_word' id='word_1_595' title='bbox 3620 3769 3747 3840; x_wconf 75' lang='grc' dir='ltr'><strong>βού-</strong></span> 
     </span>
    </p>
   </div>
   <div class='ocr_carea' id='block_1_87' title="bbox 2174 3855 3746 3930">
    <p class='ocr_par' dir='ltr' id='par_1_87' title="bbox 2174 3855 3746 3930">
     <span class='ocr_line' id='line_1_87' title="bbox 2174 3855 3746 3930; baseline 0.004 -23"><span class='ocrx_word' id='word_1_596' title='bbox 2174 3855 2357 3924; x_wconf 87' lang='grc' dir='ltr'>λομαι.</span> <span class='ocrx_word' id='word_1_597' title='bbox 2381 3857 2518 3918; x_wconf 76' lang='grc' dir='ltr'>Τοὺς</span> <span class='ocrx_word' id='word_1_598' title='bbox 2551 3859 2839 3926; x_wconf 83' lang='grc' dir='ltr'>μεγίστους</span> <span class='ocrx_word' id='word_1_599' title='bbox 2875 3859 3026 3928; x_wconf 77' lang='grc' dir='ltr'>ὄφεις</span> <span class='ocrx_word' id='word_1_600' title='bbox 3044 3860 3341 3930; x_wconf 87' lang='grc' dir='ltr'>δράκοντας</span> <span class='ocrx_word' id='word_1_601' title='bbox 3370 3863 3529 3916; x_wconf 71' lang='grc' dir='ltr'>εἴωθε</span> <span class='ocrx_word' id='word_1_602' title='bbox 3559 3865 3746 3916; x_wconf 85' lang='grc' dir='ltr'>καλεῖν</span> 
     </span>
    </p>
   </div>
   <div class='ocr_carea' id='block_1_88' title="bbox 2181 3947 3742 4024">
    <p class='ocr_par' dir='ltr' id='par_1_88' title="bbox 2181 3947 3742 4024">
     <span class='ocr_line' id='line_1_88' title="bbox 2181 3947 3742 4024; baseline 0.006 -25"><span class='ocrx_word' id='word_1_603' title='bbox 2181 3948 2213 4017; x_wconf 87' lang='grc' dir='ltr'>ἡ</span> <span class='ocrx_word' id='word_1_604' title='bbox 2251 3947 2466 4018; x_wconf 82' lang='grc' dir='ltr'>Γραφὴ,</span> <span class='ocrx_word' id='word_1_605' title='bbox 2508 3951 2600 4000; x_wconf 86' lang='grc' dir='ltr'><strong>καί</strong></span> <span class='ocrx_word' id='word_1_606' title='bbox 2640 3950 2840 4019; x_wconf 82' lang='grc' dir='ltr'>μᾶλλον</span> <span class='ocrx_word' id='word_1_607' title='bbox 2877 3952 3037 4020; x_wconf 88' lang='grc' dir='ltr'>ήνίκα</span> <span class='ocrx_word' id='word_1_608' title='bbox 3082 3955 3347 4024; x_wconf 69' lang='grc' dir='ltr'>περὶτῆς</span> <span class='ocrx_word' id='word_1_609' title='bbox 3375 3955 3573 4024; x_wconf 73' lang='grc' dir='ltr'>ῥάϐδου</span> <span class='ocrx_word' id='word_1_610' title='bbox 3595 3957 3742 4023; x_wconf 83' lang='grc' dir='ltr'>λέγει</span> 
     </span>
    </p>
   </div>
   <div class='ocr_carea' id='block_1_89' title="bbox 2175 4034 3744 4111">
    <p class='ocr_par' dir='ltr' id='par_1_89' title="bbox 2175 4034 3744 4111">
     <span class='ocr_line' id='line_1_89' title="bbox 2175 4034 3744 4111; baseline 0.004 -24"><span class='ocrx_word' id='word_1_611' title='bbox 2175 4034 2270 4088; x_wconf 82' lang='grc' dir='ltr'>τοῦ</span> <span class='ocrx_word' id='word_1_612' title='bbox 2303 4036 2566 4102; x_wconf 84' lang='grc' dir='ltr'>Μωσέως,</span> <span class='ocrx_word' id='word_1_613' title='bbox 2611 4037 3021 4109; x_wconf 76' lang='grc' dir='ltr'>μεταϐληθῆναι</span> <span class='ocrx_word' id='word_1_614' title='bbox 3053 4041 3152 4110; x_wconf 88' lang='grc' dir='ltr'><strong>μὲν</strong></span> <span class='ocrx_word' id='word_1_615' title='bbox 3203 4042 3279 4103; x_wconf 83' lang='grc' dir='ltr'><strong>είς</strong></span> <span class='ocrx_word' id='word_1_616' title='bbox 3312 4043 3434 4109; x_wconf 77' lang='grc' dir='ltr'>ὄφιν</span> <span class='ocrx_word' id='word_1_617' title='bbox 3463 4041 3524 4094; x_wconf 83' lang='grc' dir='ltr'><strong>τὸ</strong></span> <span class='ocrx_word' id='word_1_618' title='bbox 3553 4041 3744 4111; x_wconf 88' lang='grc' dir='ltr'>πρότε-</span> 
     </span>
    </p>
   </div>
   <div class='ocr_carea' id='block_1_90' title="bbox 2179 4119 3802 4200">
    <p class='ocr_par' dir='ltr' id='par_1_90' title="bbox 2179 4119 3802 4200">
     <span class='ocr_line' id='line_1_90' title="bbox 2179 4119 3802 4200; baseline 0.007 -25"><span class='ocrx_word' id='word_1_619' title='bbox 2179 4140 2290 4192; x_wconf 90' lang='grc' dir='ltr'>ρον,</span> <span class='ocrx_word' id='word_1_620' title='bbox 2327 4119 2429 4176; x_wconf 77' lang='grc' dir='ltr'>εἶθ’</span> <span class='ocrx_word' id='word_1_621' title='bbox 2455 4122 2628 4187; x_wconf 81' lang='grc' dir='ltr'>οὕτως</span> <span class='ocrx_word' id='word_1_622' title='bbox 2681 4127 2756 4184; x_wconf 77' lang='grc' dir='ltr'>εἰς</span> <span class='ocrx_word' id='word_1_623' title='bbox 2804 4124 3097 4194; x_wconf 88' lang='grc' dir='ltr'>δράκοντα,</span> <span class='ocrx_word' id='word_1_624' title='bbox 3138 4129 3432 4183; x_wconf 81' lang='grc' dir='ltr'>κάντεῦθεν</span> <span class='ocrx_word' id='word_1_625' title='bbox 3470 4130 3570 4192; x_wconf 83' lang='grc' dir='ltr'>τὰς</span> <span class='ocrx_word' id='word_1_626' title='bbox 3609 4131 3745 4200; x_wconf 75' lang='grc' dir='ltr'>ράὄ-</span> <span class='ocrx_word' id='word_1_627' title='bbox 3797 4181 3802 4187; x_wconf 96' lang='grc'>.</span> 
     </span>
    </p>
   </div>
   <div class='ocr_carea' id='block_1_91' title="bbox 2175 4213 3745 4288">
    <p class='ocr_par' dir='ltr' id='par_1_91' title="bbox 2175 4213 3745 4288">
     <span class='ocr_line' id='line_1_91' title="bbox 2175 4213 3745 4288; baseline 0.006 -22"><span class='ocrx_word' id='word_1_628' title='bbox 2175 4213 2297 4277; x_wconf 87' lang='grc' dir='ltr'>δους</span> <span class='ocrx_word' id='word_1_629' title='bbox 2329 4214 2439 4268; x_wconf 83' lang='grc' dir='ltr'><strong>τῶν</strong></span> <span class='ocrx_word' id='word_1_630' title='bbox 2484 4216 2754 4269; x_wconf 84' lang='grc' dir='ltr'>ὲπαοιδῶν</span> <span class='ocrx_word' id='word_1_631' title='bbox 2785 4215 2882 4269; x_wconf 83' lang='grc' dir='ltr'>τοῦ</span> <span class='ocrx_word' id='word_1_632' title='bbox 2915 4217 3116 4288; x_wconf 83' lang='grc' dir='ltr'>Φαραὼ</span> <span class='ocrx_word' id='word_1_633' title='bbox 3154 4222 3465 4282; x_wconf 77' lang='grc' dir='ltr'>καταπιεῖν,</span> <span class='ocrx_word' id='word_1_634' title='bbox 3501 4221 3598 4274; x_wconf 84' lang='grc' dir='ltr'>καὶ</span> <span class='ocrx_word' id='word_1_635' title='bbox 3639 4222 3745 4275; x_wconf 81' lang='grc' dir='ltr'><strong>αὑ-</strong></span> 
     </span>
    </p>
   </div>
   <div class='ocr_carea' id='block_1_92' title="bbox 501 4302 2072 4386">
    <p class='ocr_par' dir='ltr' id='par_1_92' title="bbox 501 4308 2069 4386">
     <span class='ocr_line' id='line_1_92' title="bbox 501 4308 2069 4386; baseline -0.006 -15"><span class='ocrx_word' id='word_1_636' title='bbox 501 4332 622 4386; x_wconf 84' lang='lat' dir='ltr'><strong>quae</strong></span> <span class='ocrx_word' id='word_1_637' title='bbox 649 4325 703 4370; x_wconf 91' lang='lat' dir='ltr'><strong>et</strong></span> <span class='ocrx_word' id='word_1_638' title='bbox 735 4316 865 4380; x_wconf 78' lang='lat' dir='ltr'><strong>ipsa:</strong></span> <span class='ocrx_word' id='word_1_639' title='bbox 895 4313 950 4366; x_wconf 90' lang='lat' dir='ltr'><strong>in</strong></span> <span class='ocrx_word' id='word_1_640' title='bbox 976 4321 1259 4380; x_wconf 89' lang='lat' dir='ltr'><strong>serpentes</strong></span> <span class='ocrx_word' id='word_1_641' title='bbox 1286 4319 1447 4364; x_wconf 89' lang='lat' dir='ltr'><strong>erant</strong></span> <span class='ocrx_word' id='word_1_642' title='bbox 1479 4316 1844 4364; x_wconf 64' lang='lat' dir='ltr'><strong>commutatae.</strong></span> <span class='ocrx_word' id='word_1_643' title='bbox 1877 4308 2069 4364; x_wconf 83' lang='lat' dir='ltr'><strong>Itidem</strong></span> 
     </span>
    </p>
   </div>
   <div class='ocr_carea' id='block_1_93' title="bbox 2176 4302 3749 4386">
    <p class='ocr_par' dir='ltr' id='par_1_93' title="bbox 2185 4303 3749 4380">
     <span class='ocr_line' id='line_1_93' title="bbox 2185 4303 3749 4380; baseline 0.006 -23"><span class='ocrx_word' id='word_1_644' title='bbox 2185 4303 2282 4367; x_wconf 83' lang='grc' dir='ltr'>τὰς</span> <span class='ocrx_word' id='word_1_645' title='bbox 2321 4304 2483 4376; x_wconf 77' lang='grc' dir='ltr'>δῆθεν</span> <span class='ocrx_word' id='word_1_646' title='bbox 2540 4308 2620 4370; x_wconf 85' lang='grc' dir='ltr'><strong>είς</strong></span> <span class='ocrx_word' id='word_1_647' title='bbox 2674 4307 2828 4376; x_wconf 80' lang='grc' dir='ltr'>ὄφεις</span> <span class='ocrx_word' id='word_1_648' title='bbox 2886 4309 3339 4380; x_wconf 78' lang='grc' dir='ltr'>μεταϐληθείσας.</span> <span class='ocrx_word' id='word_1_649' title='bbox 3380 4311 3539 4364; x_wconf 85' lang='grc' dir='ltr'>Ἀλλὰ</span> <span class='ocrx_word' id='word_1_650' title='bbox 3587 4313 3684 4364; x_wconf 79' lang='grc' dir='ltr'>καὶ</span> <span class='ocrx_word' id='word_1_651' title='bbox 3719 4314 3749 4366; x_wconf 86' lang='grc' dir='ltr'><strong>ό</strong></span> 
     </span>
    </p>
   </div>
   <div class='ocr_carea' id='block_1_94' title="bbox 502 4401 2066 4470">
    <p class='ocr_par' dir='ltr' id='par_1_94' title="bbox 502 4401 2066 4470">
     <span class='ocr_line' id='line_1_94' title="bbox 502 4401 2066 4470; baseline -0.006 -6"><span class='ocrx_word' id='word_1_652' title='bbox 502 4417 656 4464; x_wconf 85' lang='lat' dir='ltr'><strong>vates</strong></span> <span class='ocrx_word' id='word_1_653' title='bbox 711 4406 800 4460; x_wconf 90' lang='lat' dir='ltr'><strong>ille</strong></span> <span class='ocrx_word' id='word_1_654' title='bbox 859 4403 1089 4458; x_wconf 87' lang='lat' dir='ltr'><strong>Davich</strong></span> <span class='ocrx_word' id='word_1_655' title='bbox 1143 4403 1210 4456; x_wconf 90' lang='lat' dir='ltr'><strong>de</strong></span> <span class='ocrx_word' id='word_1_656' title='bbox 1261 4411 1483 4456; x_wconf 87' lang='lat' dir='ltr'><strong>cetaceo</strong></span> <span class='ocrx_word' id='word_1_657' title='bbox 1544 4415 1748 4470; x_wconf 79' lang='lat' dir='ltr'><strong>genere</strong></span> <span class='ocrx_word' id='word_1_658' title='bbox 1806 4401 2066 4468; x_wconf 90' lang='lat' dir='ltr'><strong>loquens,</strong></span> 
     </span>
    </p>
   </div>
   <div class='ocr_carea' id='block_1_95' title="bbox 509 4490 2070 4566">
    <p class='ocr_par' dir='ltr' id='par_1_95' title="bbox 509 4490 2070 4566">
     <span class='ocr_line' id='line_1_95' title="bbox 509 4490 2070 4566; baseline -0.006 -13"><span class='ocrx_word' id='word_1_659' title='bbox 509 4500 730 4558; x_wconf 73' lang='lat' dir='ltr'><strong>cDraco,</strong></span> <span class='ocrx_word' id='word_1_660' title='bbox 760 4496 955 4566; x_wconf 87' lang='lat' dir='ltr'><strong>inquit,</strong></span> <span class='ocrx_word' id='word_1_661' title='bbox 1005 4496 1108 4548; x_wconf 91' lang='lat' dir='ltr'><strong>iste</strong></span> <span class='ocrx_word' id='word_1_662' title='bbox 1149 4508 1310 4563; x_wconf 91' lang='lat' dir='ltr'><strong>quem</strong></span> <span class='ocrx_word' id='word_1_663' title='bbox 1351 4490 1671 4552; x_wconf 87' lang='lat' dir='ltr'><strong>condidisti,</strong></span> <span class='ocrx_word' id='word_1_664' title='bbox 1723 4500 1783 4544; x_wconf 90' lang='lat' dir='ltr'><strong>ut</strong></span> <span class='ocrx_word' id='word_1_665' title='bbox 1833 4491 1889 4543; x_wconf 87' lang='lat' dir='ltr'><strong>in</strong></span> <span class='ocrx_word' id='word_1_666' title='bbox 1935 4491 2070 4544; x_wconf 90' lang='lat' dir='ltr'><strong>mari</strong></span> 
     </span>
    </p>
   </div>
   <div class='ocr_carea' id='block_1_96' title="bbox 506 4579 2068 4649">
    <p class='ocr_par' dir='ltr' id='par_1_96' title="bbox 506 4579 2068 4649">
     <span class='ocr_line' id='line_1_96' title="bbox 506 4579 2068 4649; baseline -0.007 -5"><span class='ocrx_word' id='word_1_667' title='bbox 506 4590 780 4644; x_wconf 63' lang='lat' dir='ltr'><strong>luderet.»</strong></span> <span class='ocrx_word' id='word_1_668' title='bbox 841 4586 1110 4640; x_wconf 59' lang='lat' dir='ltr'><strong>Ceterum</strong></span> <span class='ocrx_word' id='word_1_669' title='bbox 1186 4595 1357 4649; x_wconf 78' lang='lat' dir='ltr'><strong>genus</strong></span> <span class='ocrx_word' id='word_1_670' title='bbox 1416 4579 1688 4648; x_wconf 86' lang='lat' dir='ltr'><strong>ejusmodi</strong></span> <span class='ocrx_word' id='word_1_671' title='bbox 1747 4579 2068 4648; x_wconf 84' lang='lat' dir='ltr'><strong>draconum,</strong></span> 
     </span>
    </p>
   </div>
   <div class='ocr_carea' id='block_1_97' title="bbox 503 4669 2072 4750">
    <p class='ocr_par' dir='ltr' id='par_1_97' title="bbox 503 4669 2072 4750">
     <span class='ocr_line' id='line_1_97' title="bbox 503 4669 2072 4750; baseline -0.006 -15"><span class='ocrx_word' id='word_1_672' title='bbox 503 4681 663 4750; x_wconf 88' lang='lat' dir='ltr'><strong>quale</strong></span> <span class='ocrx_word' id='word_1_673' title='bbox 701 4677 971 4746; x_wconf 86' lang='lat' dir='ltr'><strong>quoddam</strong></span> <span class='ocrx_word' id='word_1_674' title='bbox 1022 4673 1289 4727; x_wconf 80' lang='lat' dir='ltr'><strong>exsistere</strong></span> <span class='ocrx_word' id='word_1_675' title='bbox 1319 4671 1481 4738; x_wconf 79' lang='lat' dir='ltr'><strong>vulgo</strong></span> <span class='ocrx_word' id='word_1_676' title='bbox 1516 4669 1854 4737; x_wconf 84' lang='lat' dir='ltr'><strong>perhibetur,</strong></span> <span class='ocrx_word' id='word_1_677' title='bbox 1885 4671 2072 4726; x_wconf 84' lang='lat' dir='ltr'><strong>hacte-</strong></span> 
     </span>
    </p>
   </div>
   <div class='ocr_carea' id='block_1_98' title="bbox 503 4759 2066 4833">
    <p class='ocr_par' dir='ltr' id='par_1_98' title="bbox 503 4759 2066 4833">
     <span class='ocr_line' id='line_1_98' title="bbox 503 4759 2066 4833; baseline -0.006 -12"><span class='ocrx_word' id='word_1_678' title='bbox 503 4784 608 4821; x_wconf 90' lang='lat' dir='ltr'><strong>nus</strong></span> <span class='ocrx_word' id='word_1_679' title='bbox 665 4765 1001 4833; x_wconf 91' lang='lat' dir='ltr'><strong>descriptum</strong></span> <span class='ocrx_word' id='word_1_680' title='bbox 1072 4773 1204 4814; x_wconf 87' lang='lat' dir='ltr'><strong>sane</strong></span> <span class='ocrx_word' id='word_1_681' title='bbox 1257 4774 1527 4828; x_wconf 88' lang='lat' dir='ltr'><strong>nusquam</strong></span> <span class='ocrx_word' id='word_1_682' title='bbox 1587 4759 2066 4827; x_wconf 89' lang='lat' dir='ltr'><strong>deprehendimus.</strong></span> 
     </span>
    </p>
   </div>
   <div class='ocr_carea' id='block_1_99' title="bbox 505 4850 2070 4926">
    <p class='ocr_par' dir='ltr' id='par_1_99' title="bbox 505 4850 2070 4926">
     <span class='ocr_line' id='line_1_99' title="bbox 505 4850 2070 4926; baseline -0.006 -14"><span class='ocrx_word' id='word_1_683' title='bbox 505 4859 618 4912; x_wconf 79' lang='lat' dir='ltr'><strong>Nec</strong></span> <span class='ocrx_word' id='word_1_684' title='bbox 646 4864 935 4926; x_wconf 88' lang='lat' dir='ltr'><strong>propterea</strong></span> <span class='ocrx_word' id='word_1_685' title='bbox 965 4853 1260 4922; x_wconf 82' lang='lat' dir='ltr'><strong>fulgureus.</strong></span> <span class='ocrx_word' id='word_1_686' title='bbox 1306 4851 1448 4920; x_wconf 90' lang='lat' dir='ltr'><strong>ignis</strong></span> <span class='ocrx_word' id='word_1_687' title='bbox 1494 4850 1750 4903; x_wconf 86' lang='lat' dir='ltr'><strong>deorsum</strong></span> <span class='ocrx_word' id='word_1_688' title='bbox 1805 4850 1980 4903; x_wconf 84' lang='lat' dir='ltr'><strong>fertur</strong></span> <span class='ocrx_word' id='word_1_689' title='bbox 2013 4857 2070 4902; x_wconf 90' lang='lat' dir='ltr'><strong>ut</strong></span> 
     </span>
    </p>
   </div>
   <div class='ocr_carea' id='block_1_100' title="bbox 502 4943 2067 5019">
    <p class='ocr_par' dir='ltr' id='par_1_100' title="bbox 502 4943 2067 5019">
     <span class='ocr_line' id='line_1_100' title="bbox 502 4943 2067 5019; baseline -0.006 -15"><span class='ocrx_word' id='word_1_690' title='bbox 502 4946 812 5019; x_wconf 72' lang='lat' dir='ltr'><strong>huiusmodi</strong></span> <span class='ocrx_word' id='word_1_691' title='bbox 837 4946 1102 5000; x_wconf 86' lang='lat' dir='ltr'><strong>dracones</strong></span> <span class='ocrx_word' id='word_1_692' title='bbox 1141 4952 1352 4997; x_wconf 85' lang='lat' dir='ltr'><strong>exurat.</strong></span> <span class='ocrx_word' id='word_1_693' title='bbox 1396 4943 1516 5012; x_wconf 89' lang='lat' dir='ltr'><strong>lpsa</strong></span> <span class='ocrx_word' id='word_1_694' title='bbox 1548 4943 1848 4998; x_wconf 86' lang='lat' dir='ltr'><strong>draconum</strong></span> <span class='ocrx_word' id='word_1_695' title='bbox 1878 4951 2067 4996; x_wconf 88' lang='lat' dir='ltr'><strong>natura</strong></span> 
     </span>
    </p>
   </div>
   <div class='ocr_carea' id='block_1_101' title="bbox 501 5031 2068 5110">
    <p class='ocr_par' dir='ltr' id='par_1_101' title="bbox 501 5031 2068 5110">
     <span class='ocr_line' id='line_1_101' title="bbox 501 5031 2068 5110; baseline -0.008 -16"><span class='ocrx_word' id='word_1_696' title='bbox 501 5043 642 5094; x_wconf 88' lang='lat' dir='ltr'><strong>sicca</strong></span> <span class='ocrx_word' id='word_1_697' title='bbox 673 5043 833 5091; x_wconf 88' lang='lat' dir='ltr'><strong>estet</strong></span> <span class='ocrx_word' id='word_1_698' title='bbox 858 5033 1159 5089; x_wconf 88' lang='lat' dir='ltr'><strong>substantia</strong></span> <span class='ocrx_word' id='word_1_699' title='bbox 1187 5033 1418 5100; x_wconf 89' lang='lat' dir='ltr'><strong>quadam</strong></span> <span class='ocrx_word' id='word_1_700' title='bbox 1454 5033 1607 5102; x_wconf 82' lang='lat' dir='ltr'><strong>ignea</strong></span> <span class='ocrx_word' id='word_1_701' title='bbox 1637 5040 1870 5086; x_wconf 84' lang='lat' dir='ltr'><strong>constat.</strong></span> <span class='ocrx_word' id='word_1_702' title='bbox 1898 5031 2068 5110; x_wconf 81' lang='lat' dir='ltr'><strong>Quip-</strong></span> 
     </span>
    </p>
   </div>
   <div class='ocr_carea' id='block_1_102' title="bbox 504 5120 2071 5199">
    <p class='ocr_par' dir='ltr' id='par_1_102' title="bbox 504 5120 2071 5199">
     <span class='ocr_line' id='line_1_102' title="bbox 504 5120 2071 5199; baseline -0.008 -17"><span class='ocrx_word' id='word_1_703' title='bbox 504 5143 570 5199; x_wconf 86' lang='lat' dir='ltr'><strong>pe</strong></span> <span class='ocrx_word' id='word_1_704' title='bbox 604 5128 672 5182; x_wconf 88' lang='lat' dir='ltr'><strong>de</strong></span> <span class='ocrx_word' id='word_1_705' title='bbox 707 5128 949 5196; x_wconf 90' lang='lat' dir='ltr'><strong>ipsorum</strong></span> <span class='ocrx_word' id='word_1_706' title='bbox 988 5124 1160 5178; x_wconf 87' lang='lat' dir='ltr'><strong>oculis</strong></span> <span class='ocrx_word' id='word_1_707' title='bbox 1186 5123 1350 5176; x_wconf 87' lang='lat' dir='ltr'><strong>etiam</strong></span> <span class='ocrx_word' id='word_1_708' title='bbox 1387 5122 1528 5192; x_wconf 81' lang='lat' dir='ltr'><strong>ignis</strong></span> <span class='ocrx_word' id='word_1_709' title='bbox 1557 5120 1782 5185; x_wconf 86' lang='lat' dir='ltr'><strong>emicat,</strong></span> <span class='ocrx_word' id='word_1_710' title='bbox 1823 5129 1877 5174; x_wconf 92' lang='lat' dir='ltr'><strong>et</strong></span> <span class='ocrx_word' id='word_1_711' title='bbox 1909 5133 2071 5172; x_wconf 68' lang='lat' dir='ltr'><strong>vene-</strong></span> 
     </span>
    </p>
   </div>
   <div class='ocr_carea' id='block_1_103' title="bbox 500 5215 2069 5288">
    <p class='ocr_par' dir='ltr' id='par_1_103' title="bbox 500 5215 2069 5288">
     <span class='ocr_line' id='line_1_103' title="bbox 500 5215 2069 5288; baseline -0.008 -12"><span class='ocrx_word' id='word_1_712' title='bbox 500 5236 630 5276; x_wconf 90' lang='lat' dir='ltr'><strong>num</strong></span> <span class='ocrx_word' id='word_1_713' title='bbox 691 5218 842 5288; x_wconf 84' lang='lat' dir='ltr'><strong>quod</strong></span> <span class='ocrx_word' id='word_1_714' title='bbox 897 5225 1161 5271; x_wconf 86' lang='lat' dir='ltr'><strong>evomunt</strong></span> <span class='ocrx_word' id='word_1_715' title='bbox 1229 5215 1506 5270; x_wconf 85' lang='lat' dir='ltr'><strong>fumosum</strong></span> <span class='ocrx_word' id='word_1_716' title='bbox 1560 5223 1666 5278; x_wconf 87' lang='lat' dir='ltr'><strong>est,</strong></span> <span class='ocrx_word' id='word_1_717' title='bbox 1727 5225 2069 5282; x_wconf 87' lang='lat' dir='ltr'><strong>corporaque</strong></span> 
     </span>
    </p>
   </div>
   <div class='ocr_carea' id='block_1_104' title="bbox 499 5304 2068 5368">
    <p class='ocr_par' dir='ltr' id='par_1_104' title="bbox 499 5304 2068 5368">
     <span class='ocr_line' id='line_1_104' title="bbox 499 5304 2068 5368; baseline -0.008 -1"><span class='ocrx_word' id='word_1_718' title='bbox 499 5321 748 5368; x_wconf 87' lang='lat' dir='ltr'><strong>contacta</strong></span> <span class='ocrx_word' id='word_1_719' title='bbox 784 5309 1023 5364; x_wconf 90' lang='lat' dir='ltr'><strong>dissilire</strong></span> <span class='ocrx_word' id='word_1_720' title='bbox 1051 5308 1203 5363; x_wconf 89' lang='lat' dir='ltr'><strong>facit.</strong></span> <span class='ocrx_word' id='word_1_721' title='bbox 1237 5308 1369 5362; x_wconf 84' lang='lat' dir='ltr'><strong>lude</strong></span> <span class='ocrx_word' id='word_1_722' title='bbox 1401 5307 1458 5360; x_wconf 83' lang='lat' dir='ltr'><strong>fit</strong></span> <span class='ocrx_word' id='word_1_723' title='bbox 1491 5315 1549 5360; x_wconf 92' lang='lat' dir='ltr'><strong>ut</strong></span> <span class='ocrx_word' id='word_1_724' title='bbox 1582 5306 1648 5360; x_wconf 86' lang='lat' dir='ltr'><strong>ad</strong></span> <span class='ocrx_word' id='word_1_725' title='bbox 1681 5304 2068 5358; x_wconf 82' lang='lat' dir='ltr'><strong>inﬂammatio-</strong></span> 
     </span>
    </p>
   </div>
   <div class='ocr_carea' id='block_1_105' title="bbox 499 5401 2065 5478">
    <p class='ocr_par' dir='ltr' id='par_1_105' title="bbox 499 5401 2065 5478">
     <span class='ocr_line' id='line_1_105' title="bbox 499 5401 2065 5478; baseline -0.008 -14"><span class='ocrx_word' id='word_1_726' title='bbox 499 5425 624 5464; x_wconf 89' lang='lat' dir='ltr'><strong>nem</strong></span> <span class='ocrx_word' id='word_1_727' title='bbox 679 5408 979 5478; x_wconf 86' lang='lat' dir='ltr'><strong>dispositus</strong></span> <span class='ocrx_word' id='word_1_728' title='bbox 1030 5406 1099 5461; x_wconf 89' lang='lat' dir='ltr'><strong>sit</strong></span> <span class='ocrx_word' id='word_1_729' title='bbox 1157 5405 1343 5466; x_wconf 90' lang='lat' dir='ltr'><strong>draco,</strong></span> <span class='ocrx_word' id='word_1_730' title='bbox 1403 5401 1666 5458; x_wconf 88' lang='lat' dir='ltr'><strong>siccitatis</strong></span> <span class='ocrx_word' id='word_1_731' title='bbox 1720 5419 1830 5458; x_wconf 74' lang='lat' dir='ltr'><strong>sua:</strong></span> <span class='ocrx_word' id='word_1_732' title='bbox 1881 5415 2065 5455; x_wconf 88' lang='lat' dir='ltr'><strong>causa.</strong></span> 
     </span>
    </p>
   </div>
   <div class='ocr_carea' id='block_1_106' title="bbox 497 5497 2065 5566">
    <p class='ocr_par' dir='ltr' id='par_1_106' title="bbox 497 5497 2065 5566">
     <span class='ocr_line' id='line_1_106' title="bbox 497 5497 2065 5566; baseline -0.007 -12"><span class='ocrx_word' id='word_1_733' title='bbox 497 5501 863 5566; x_wconf 83' lang='lat' dir='ltr'><strong>Quamobrem</strong></span> <span class='ocrx_word' id='word_1_734' title='bbox 897 5498 997 5553; x_wconf 88' lang='lat' dir='ltr'><strong>sibi</strong></span> <span class='ocrx_word' id='word_1_735' title='bbox 1028 5513 1057 5551; x_wconf 91' lang='lat' dir='ltr'><strong>a</strong></span> <span class='ocrx_word' id='word_1_736' title='bbox 1089 5497 1314 5551; x_wconf 84' lang='lat' dir='ltr'><strong>fulmine</strong></span> <span class='ocrx_word' id='word_1_737' title='bbox 1345 5497 1558 5560; x_wconf 89' lang='lat' dir='ltr'><strong>metuit,</strong></span> <span class='ocrx_word' id='word_1_738' title='bbox 1588 5507 1642 5550; x_wconf 92' lang='lat' dir='ltr'><strong>ct</strong></span> <span class='ocrx_word' id='word_1_739' title='bbox 1675 5507 2065 5560; x_wconf 85' lang='lat' dir='ltr'><strong>nonnunquam</strong></span> 
     </span>
    </p>
   </div>
   <div class='ocr_carea' id='block_1_107' title="bbox 499 5584 2064 5662">
    <p class='ocr_par' dir='ltr' id='par_1_107' title="bbox 499 5584 2064 5662">
     <span class='ocr_line' id='line_1_107' title="bbox 499 5584 2064 5662; baseline -0.006 -17"><span class='ocrx_word' id='word_1_740' title='bbox 499 5593 760 5650; x_wconf 67' lang='lat' dir='ltr'><strong>assiliens</strong></span> <span class='ocrx_word' id='word_1_741' title='bbox 804 5605 900 5662; x_wconf 86' lang='lat' dir='ltr'><strong>per</strong></span> <span class='ocrx_word' id='word_1_742' title='bbox 928 5605 1108 5647; x_wconf 86' lang='lat' dir='ltr'><strong>aerem</strong></span> <span class='ocrx_word' id='word_1_743' title='bbox 1151 5590 1340 5646; x_wconf 82' lang='lat' dir='ltr'><strong>fertur.</strong></span> <span class='ocrx_word' id='word_1_744' title='bbox 1390 5588 1594 5656; x_wconf 71' lang='lat' dir='ltr'><strong>Quzerit</strong></span> <span class='ocrx_word' id='word_1_745' title='bbox 1661 5589 1787 5642; x_wconf 79' lang='lat' dir='ltr'><strong>item</strong></span> <span class='ocrx_word' id='word_1_746' title='bbox 1848 5584 2064 5639; x_wconf 86' lang='lat' dir='ltr'><strong>humida</strong></span> 
     </span>
    </p>
   </div>
   <div class='ocr_carea' id='block_1_108' title="bbox 2180 4398 3746 4472">
    <p class='ocr_par' dir='ltr' id='par_1_108' title="bbox 2180 4398 3746 4472">
     <span class='ocr_line' id='line_1_108' title="bbox 2180 4398 3746 4472; baseline 0.006 -24"><span class='ocrx_word' id='word_1_747' title='bbox 2180 4399 2470 4467; x_wconf 81' lang='grc' dir='ltr'>προφήτης</span> <span class='ocrx_word' id='word_1_748' title='bbox 2493 4398 2658 4450; x_wconf 80' lang='grc' dir='ltr'>Δαυῒδ</span> <span class='ocrx_word' id='word_1_749' title='bbox 2692 4399 2754 4452; x_wconf 70' lang='grc' dir='ltr'>τὸ</span> <span class='ocrx_word' id='word_1_750' title='bbox 2785 4402 3010 4468; x_wconf 84' lang='grc' dir='ltr'>κηταῖον</span> <span class='ocrx_word' id='word_1_751' title='bbox 3041 4401 3402 4472; x_wconf 76' lang='grc' dir='ltr'>ὑπεμφαίνων</span> <span class='ocrx_word' id='word_1_752' title='bbox 3425 4407 3579 4471; x_wconf 86' lang='grc' dir='ltr'>γένος</span> <span class='ocrx_word' id='word_1_753' title='bbox 3604 4399 3746 4458; x_wconf 79' lang='grc' dir='ltr'>οὕτω</span> 
     </span>
    </p>
   </div>
   <div class='ocr_carea' id='block_1_109' title="bbox 2179 4485 3734 4565">
    <p class='ocr_par' dir='ltr' id='par_1_109' title="bbox 2179 4485 3734 4565">
     <span class='ocr_line' id='line_1_109' title="bbox 2179 4485 3734 4565; baseline 0.005 -26"><span class='ocrx_word' id='word_1_754' title='bbox 2179 4490 2310 4556; x_wconf 83' lang='grc' dir='ltr'><strong>φησί</strong></span> <span class='ocrx_word' id='word_1_755' title='bbox 2331 4506 2344 4520; x_wconf 88' lang='grc'><strong>·</strong></span> <span class='ocrx_word' id='word_1_756' title='bbox 2380 4507 2399 4539; x_wconf 77' lang='grc' dir='ltr'><strong>ι</strong></span> <span class='ocrx_word' id='word_1_757' title='bbox 2427 4490 2655 4557; x_wconf 86' lang='grc' dir='ltr'>Δράκων</span> <span class='ocrx_word' id='word_1_758' title='bbox 2679 4485 2833 4553; x_wconf 79' lang='grc' dir='ltr'>οὗτος</span> <span class='ocrx_word' id='word_1_759' title='bbox 2854 4489 2914 4543; x_wconf 85' lang='grc' dir='ltr'>ὃν</span> <span class='ocrx_word' id='word_1_760' title='bbox 2938 4491 3178 4554; x_wconf 74' lang='grc' dir='ltr'>ἔπλασας</span> <span class='ocrx_word' id='word_1_761' title='bbox 3208 4492 3502 4560; x_wconf 75' lang='grc' dir='ltr'>ἐμπαίζειν</span> <span class='ocrx_word' id='word_1_762' title='bbox 3527 4495 3690 4565; x_wconf 77' lang='grc' dir='ltr'>αὐτῇ.</span> <span class='ocrx_word' id='word_1_763' title='bbox 3716 4514 3734 4547; x_wconf 74' lang='grc' dir='ltr'><strong>ι</strong></span> 
     </span>
    </p>
   </div>
   <div class='ocr_carea' id='block_1_110' title="bbox 2179 4580 3742 4654">
    <p class='ocr_par' dir='ltr' id='par_1_110' title="bbox 2179 4580 3742 4654">
     <span class='ocr_line' id='line_1_110' title="bbox 2179 4580 3742 4654; baseline 0.004 -21"><span class='ocrx_word' id='word_1_764' title='bbox 2179 4582 2434 4634; x_wconf 75' lang='grc' dir='ltr'>Τοιοῦτον</span> <span class='ocrx_word' id='word_1_765' title='bbox 2459 4582 2514 4632; x_wconf 84' lang='grc' dir='ltr'>δὲ</span> <span class='ocrx_word' id='word_1_766' title='bbox 2545 4582 2698 4648; x_wconf 86' lang='grc' dir='ltr'>γένος</span> <span class='ocrx_word' id='word_1_767' title='bbox 2726 4583 2906 4634; x_wconf 77' lang='grc' dir='ltr'>ὁποῖον</span> <span class='ocrx_word' id='word_1_768' title='bbox 2939 4580 3049 4652; x_wconf 77' lang='grc' dir='ltr'>ἄρα</span> <span class='ocrx_word' id='word_1_769' title='bbox 3078 4584 3404 4654; x_wconf 75' lang='grc' dir='ltr'>φημίζουσιν</span> <span class='ocrx_word' id='word_1_770' title='bbox 3443 4588 3490 4638; x_wconf 81' lang='grc' dir='ltr'>οἱ</span> <span class='ocrx_word' id='word_1_771' title='bbox 3532 4586 3742 4651; x_wconf 71' lang='grc' dir='ltr'>πολλοὶ,</span> 
     </span>
    </p>
   </div>
   <div class='ocr_carea' id='block_1_111' title="bbox 2180 4672 3742 4747">
    <p class='ocr_par' dir='ltr' id='par_1_111' title="bbox 2180 4672 3742 4747">
     <span class='ocr_line' id='line_1_111' title="bbox 2180 4672 3742 4747; baseline 0.005 -25"><span class='ocrx_word' id='word_1_772' title='bbox 2180 4673 2342 4742; x_wconf 81' lang='grc' dir='ltr'>μέχρι</span> <span class='ocrx_word' id='word_1_773' title='bbox 2377 4672 2470 4724; x_wconf 78' lang='grc' dir='ltr'><strong>καὶ</strong></span> <span class='ocrx_word' id='word_1_774' title='bbox 2525 4673 2760 4742; x_wconf 82' lang='grc' dir='ltr'>τήμερον</span> <span class='ocrx_word' id='word_1_775' title='bbox 2811 4675 3196 4743; x_wconf 84' lang='grc' dir='ltr'>γεγραμμένον</span> <span class='ocrx_word' id='word_1_776' title='bbox 3234 4677 3332 4746; x_wconf 83' lang='grc' dir='ltr'><strong>οὐχ</strong></span> <span class='ocrx_word' id='word_1_777' title='bbox 3377 4676 3643 4747; x_wconf 81' lang='grc' dir='ltr'>εὕρομεν·</span> <span class='ocrx_word' id='word_1_778' title='bbox 3681 4680 3742 4732; x_wconf 76' lang='grc' dir='ltr'><strong>οὐ</strong></span> 
     </span>
    </p>
   </div>
   <div class='ocr_carea' id='block_1_112' title="bbox 2175 4759 3746 4836">
    <p class='ocr_par' dir='ltr' id='par_1_112' title="bbox 2175 4759 3746 4836">
     <span class='ocr_line' id='line_1_112' title="bbox 2175 4759 3746 4836; baseline 0.005 -24"><span class='ocrx_word' id='word_1_779' title='bbox 2175 4763 2284 4830; x_wconf 80' lang='grc' dir='ltr'>γὰρ</span> <span class='ocrx_word' id='word_1_780' title='bbox 2307 4763 2399 4812; x_wconf 82' lang='grc' dir='ltr'>ἐπὶ</span> <span class='ocrx_word' id='word_1_781' title='bbox 2424 4759 2600 4830; x_wconf 85' lang='grc' dir='ltr'>τούτῳ</span> <span class='ocrx_word' id='word_1_782' title='bbox 2621 4761 2678 4812; x_wconf 84' lang='grc' dir='ltr'><strong>τὸ</strong></span> <span class='ocrx_word' id='word_1_783' title='bbox 2707 4761 3047 4830; x_wconf 76' lang='grc' dir='ltr'>ἀστραπαῖον</span> <span class='ocrx_word' id='word_1_784' title='bbox 3073 4762 3276 4816; x_wconf 71' lang='grc' dir='ltr'>ἄνωθεν</span> <span class='ocrx_word' id='word_1_785' title='bbox 3296 4766 3746 4836; x_wconf 77' lang='grc' dir='ltr'>καταρρήγνυται</span> 
     </span>
    </p>
   </div>
   <div class='ocr_carea' id='block_1_113' title="bbox 2175 4849 3740 4927">
    <p class='ocr_par' dir='ltr' id='par_1_113' title="bbox 2175 4849 3740 4927">
     <span class='ocr_line' id='line_1_113' title="bbox 2175 4849 3740 4927; baseline 0.006 -27"><span class='ocrx_word' id='word_1_786' title='bbox 2175 4849 2307 4919; x_wconf 78' lang='grc' dir='ltr'>πῦρ,</span> <span class='ocrx_word' id='word_1_787' title='bbox 2364 4849 2456 4901; x_wconf 74' lang='grc' dir='ltr'><strong>ἐπὶ</strong></span> <span class='ocrx_word' id='word_1_788' title='bbox 2504 4849 2582 4918; x_wconf 83' lang='grc' dir='ltr'>τῷ</span> <span class='ocrx_word' id='word_1_789' title='bbox 2624 4851 2748 4912; x_wconf 78' lang='grc' dir='ltr'>τοὺς</span> <span class='ocrx_word' id='word_1_790' title='bbox 2780 4852 3056 4914; x_wconf 78' lang='grc' dir='ltr'>τοιούτους</span> <span class='ocrx_word' id='word_1_791' title='bbox 3094 4853 3392 4919; x_wconf 81' lang='grc' dir='ltr'>δράκοντας</span> <span class='ocrx_word' id='word_1_792' title='bbox 3433 4857 3740 4927; x_wconf 78' lang='grc' dir='ltr'>ὲμπιπρᾷν.</span> 
     </span>
    </p>
   </div>
   <div class='ocr_carea' id='block_1_114' title="bbox 2177 4937 3744 5017">
    <p class='ocr_par' dir='ltr' id='par_1_114' title="bbox 2177 4937 3744 5017">
     <span class='ocr_line' id='line_1_114' title="bbox 2177 4937 3744 5017; baseline 0.004 -24"><span class='ocrx_word' id='word_1_793' title='bbox 2177 4941 2250 4993; x_wconf 83' lang='grc' dir='ltr'><strong>Τὸ</strong></span> <span class='ocrx_word' id='word_1_794' title='bbox 2288 4941 2386 5010; x_wconf 81' lang='grc' dir='ltr'><strong>μὲν</strong></span> <span class='ocrx_word' id='word_1_795' title='bbox 2439 4937 2531 4994; x_wconf 77' lang='grc' dir='ltr'>οὖν</span> <span class='ocrx_word' id='word_1_796' title='bbox 2591 4943 2936 5008; x_wconf 74' lang='grc' dir='ltr'>δρακόντειον</span> <span class='ocrx_word' id='word_1_797' title='bbox 2989 4944 3344 5016; x_wconf 78' lang='grc' dir='ltr'>γένος’ξηρόν</span> <span class='ocrx_word' id='word_1_798' title='bbox 3374 4965 3433 4998; x_wconf 90' lang='grc' dir='ltr'><strong>τε</strong></span> <span class='ocrx_word' id='word_1_799' title='bbox 3457 4947 3554 5014; x_wconf 79' lang='grc' dir='ltr'>τὴν</span> <span class='ocrx_word' id='word_1_800' title='bbox 3583 4950 3744 5017; x_wconf 79' lang='grc' dir='ltr'>φύσιν</span> 
     </span>
    </p>
   </div>
   <div class='ocr_carea' id='block_1_115' title="bbox 2175 5033 3744 5108">
    <p class='ocr_par' dir='ltr' id='par_1_115' title="bbox 2175 5033 3744 5108">
     <span class='ocr_line' id='line_1_115' title="bbox 2175 5033 3744 5108; baseline 0.003 -22"><span class='ocrx_word' id='word_1_801' title='bbox 2175 5036 2290 5086; x_wconf 79' lang='grc' dir='ltr'>ἐστὶ</span> <span class='ocrx_word' id='word_1_802' title='bbox 2322 5036 2416 5087; x_wconf 89' lang='grc' dir='ltr'><strong>καί</strong></span> <span class='ocrx_word' id='word_1_803' title='bbox 2441 5033 2563 5106; x_wconf 77' lang='grc' dir='ltr'>[τὴν</span> <span class='ocrx_word' id='word_1_804' title='bbox 2597 5033 2781 5104; x_wconf 73' lang='grc' dir='ltr'>φύσιν]</span> <span class='ocrx_word' id='word_1_805' title='bbox 2809 5035 3106 5104; x_wconf 60' lang='grc' dir='ltr'>διάπυρον</span> <span class='ocrx_word' id='word_1_806' title='bbox 3139 5037 3248 5105; x_wconf 83' lang='grc' dir='ltr'>πῦρ</span> <span class='ocrx_word' id='word_1_807' title='bbox 3295 5037 3402 5108; x_wconf 77' lang='grc' dir='ltr'>γὰρ</span> <span class='ocrx_word' id='word_1_808' title='bbox 3445 5044 3539 5090; x_wconf 75' lang='grc' dir='ltr'>καὶ</span> <span class='ocrx_word' id='word_1_809' title='bbox 3572 5041 3620 5090; x_wconf 74' lang='grc' dir='ltr'>οἱ</span> <span class='ocrx_word' id='word_1_810' title='bbox 3651 5040 3744 5107; x_wconf 82' lang='grc' dir='ltr'><strong>ὀφ-</strong></span> 
     </span>
    </p>
   </div>
   <div class='ocr_carea' id='block_1_116' title="bbox 2175 5127 3740 5198">
    <p class='ocr_par' dir='ltr' id='par_1_116' title="bbox 2175 5127 3740 5198">
     <span class='ocr_line' id='line_1_116' title="bbox 2175 5127 3740 5198; baseline 0.004 -18"><span class='ocrx_word' id='word_1_811' title='bbox 2175 5129 2371 5197; x_wconf 74' lang='grc' dir='ltr'>θαλμοὶ</span> <span class='ocrx_word' id='word_1_812' title='bbox 2397 5128 2576 5181; x_wconf 77' lang='grc' dir='ltr'>αὐτῶν</span> <span class='ocrx_word' id='word_1_813' title='bbox 2607 5127 2996 5181; x_wconf 67' lang='grc' dir='ltr'>ἀποϐλέπουσι.</span> <span class='ocrx_word' id='word_1_814' title='bbox 3021 5129 3128 5180; x_wconf 77' lang='grc' dir='ltr'>Καὶ</span> <span class='ocrx_word' id='word_1_815' title='bbox 3152 5128 3210 5182; x_wconf 83' lang='grc' dir='ltr'>ὃν</span> <span class='ocrx_word' id='word_1_816' title='bbox 3244 5130 3298 5182; x_wconf 83' lang='grc' dir='ltr'>δὲ</span> <span class='ocrx_word' id='word_1_817' title='bbox 3322 5130 3611 5198; x_wconf 75' lang='grc' dir='ltr'>ἐξεμοῦσιν</span> <span class='ocrx_word' id='word_1_818' title='bbox 3642 5135 3740 5196; x_wconf 74' lang='grc' dir='ltr'>ἰὸν,</span> 
     </span>
    </p>
   </div>
   <div class='ocr_carea' id='block_1_117' title="bbox 2174 5218 3739 5291">
    <p class='ocr_par' dir='ltr' id='par_1_117' title="bbox 2174 5218 3739 5291">
     <span class='ocr_line' id='line_1_117' title="bbox 2174 5218 3739 5291; baseline 0.004 -21"><span class='ocrx_word' id='word_1_819' title='bbox 2174 5218 2462 5288; x_wconf 82' lang='grc' dir='ltr'>καπνώδης</span> <span class='ocrx_word' id='word_1_820' title='bbox 2493 5219 2626 5284; x_wconf 71' lang='grc' dir='ltr'>ἐστὶ,</span> <span class='ocrx_word' id='word_1_821' title='bbox 2663 5219 2757 5270; x_wconf 73' lang='grc' dir='ltr'><strong>καὶ</strong></span> <span class='ocrx_word' id='word_1_822' title='bbox 2791 5219 2988 5288; x_wconf 78' lang='grc' dir='ltr'>διαιρεῖ</span> <span class='ocrx_word' id='word_1_823' title='bbox 3013 5220 3081 5272; x_wconf 81' lang='grc' dir='ltr'>τὰ</span> <span class='ocrx_word' id='word_1_824' title='bbox 3123 5221 3352 5290; x_wconf 82' lang='grc' dir='ltr'>σώματα</span> <span class='ocrx_word' id='word_1_825' title='bbox 3396 5222 3612 5291; x_wconf 75' lang='grc' dir='ltr'>ψαύσας</span> <span class='ocrx_word' id='word_1_826' title='bbox 3645 5227 3739 5277; x_wconf 85' lang='grc' dir='ltr'><strong>αὑ-</strong></span> 
     </span>
    </p>
   </div>
   <div class='ocr_carea' id='block_1_118' title="bbox 2171 5309 3738 5384">
    <p class='ocr_par' dir='ltr' id='par_1_118' title="bbox 2171 5309 3738 5384">
     <span class='ocr_line' id='line_1_118' title="bbox 2171 5309 3738 5384; baseline 0.004 -22"><span class='ocrx_word' id='word_1_827' title='bbox 2171 5311 2299 5364; x_wconf 85' lang='grc' dir='ltr'>τῶν.</span> <span class='ocrx_word' id='word_1_828' title='bbox 2335 5309 2528 5363; x_wconf 83' lang='grc' dir='ltr'>Ἔνθεν</span> <span class='ocrx_word' id='word_1_829' title='bbox 2558 5328 2639 5363; x_wconf 89' lang='grc' dir='ltr'><strong>τοι</strong></span> <span class='ocrx_word' id='word_1_830' title='bbox 2675 5313 2766 5362; x_wconf 80' lang='grc' dir='ltr'><strong>καὶ</strong></span> <span class='ocrx_word' id='word_1_831' title='bbox 2809 5311 3116 5384; x_wconf 79' lang='grc' dir='ltr'>εὔπρηστός</span> <span class='ocrx_word' id='word_1_832' title='bbox 3149 5313 3296 5366; x_wconf 77' lang='grc' dir='ltr'>ἐστιν</span> <span class='ocrx_word' id='word_1_833' title='bbox 3335 5316 3363 5366; x_wconf 85' lang='grc' dir='ltr'>ὁ</span> <span class='ocrx_word' id='word_1_834' title='bbox 3400 5315 3637 5384; x_wconf 80' lang='grc' dir='ltr'>δράκων,</span> <span class='ocrx_word' id='word_1_835' title='bbox 3672 5317 3738 5370; x_wconf 86' lang='grc' dir='ltr'>δι’</span> 
     </span>
    </p>
   </div>
   <div class='ocr_carea' id='block_1_119' title="bbox 2171 5400 3735 5476">
    <p class='ocr_par' dir='ltr' id='par_1_119' title="bbox 2171 5400 3735 5476">
     <span class='ocr_line' id='line_1_119' title="bbox 2171 5400 3735 5476; baseline 0.004 -22"><span class='ocrx_word' id='word_1_836' title='bbox 2171 5401 2239 5472; x_wconf 81' lang='grc' dir='ltr'>ἦν</span> <span class='ocrx_word' id='word_1_837' title='bbox 2269 5403 2383 5471; x_wconf 77' lang='grc' dir='ltr'>ἔχει</span> <span class='ocrx_word' id='word_1_838' title='bbox 2415 5400 2709 5471; x_wconf 71' lang='grc' dir='ltr'>ξηρότητα,</span> <span class='ocrx_word' id='word_1_839' title='bbox 2744 5404 2840 5456; x_wconf 68' lang='grc' dir='ltr'><strong>καὶ</strong></span> <span class='ocrx_word' id='word_1_840' title='bbox 2879 5407 3012 5474; x_wconf 78' lang='grc' dir='ltr'>πρὸς</span> <span class='ocrx_word' id='word_1_841' title='bbox 3044 5404 3380 5472; x_wconf 79' lang='grc' dir='ltr'>κατάφλεξιν</span> <span class='ocrx_word' id='word_1_842' title='bbox 3403 5407 3735 5476; x_wconf 73' lang='grc' dir='ltr'>ἐπιτήδειος.</span> 
     </span>
    </p>
   </div>
   <div class='ocr_carea' id='block_1_120' title="bbox 2173 5487 3734 5567">
    <p class='ocr_par' dir='ltr' id='par_1_120' title="bbox 2173 5487 3734 5567">
     <span class='ocr_line' id='line_1_120' title="bbox 2173 5487 3734 5567; baseline 0.004 -23"><span class='ocrx_word' id='word_1_843' title='bbox 2173 5494 2487 5562; x_wconf 77' lang='grc' dir='ltr'>Πεφόδηται</span> <span class='ocrx_word' id='word_1_844' title='bbox 2530 5487 2622 5545; x_wconf 77' lang='grc' dir='ltr'><strong>οὖν</strong></span> <span class='ocrx_word' id='word_1_845' title='bbox 2653 5493 2737 5546; x_wconf 70' lang='grc' dir='ltr'><strong>διὰ</strong></span> <span class='ocrx_word' id='word_1_846' title='bbox 2778 5494 2948 5546; x_wconf 82' lang='grc' dir='ltr'>ταῦτα</span> <span class='ocrx_word' id='word_1_847' title='bbox 2982 5497 3071 5547; x_wconf 78' lang='grc' dir='ltr'><strong>τὸν</strong></span> <span class='ocrx_word' id='word_1_848' title='bbox 3113 5497 3397 5567; x_wconf 77' lang='grc' dir='ltr'>κεραυνὸν,</span> <span class='ocrx_word' id='word_1_849' title='bbox 3437 5498 3530 5551; x_wconf 81' lang='grc' dir='ltr'>καὶ</span> <span class='ocrx_word' id='word_1_850' title='bbox 3580 5488 3734 5550; x_wconf 61' lang='grc' dir='ltr'>ἁλλόέ</span> 
     </span>
    </p>
   </div>
   <div class='ocr_carea' id='block_1_121' title="bbox 2175 5582 3730 5656">
    <p class='ocr_par' dir='ltr' id='par_1_121' title="bbox 2175 5582 3730 5656">
     <span class='ocr_line' id='line_1_121' title="bbox 2175 5582 3730 5656; baseline 0.005 -23"><span class='ocrx_word' id='word_1_851' title='bbox 2175 5584 2333 5651; x_wconf 80' lang='grc' dir='ltr'>μενός</span> <span class='ocrx_word' id='word_1_852' title='bbox 2368 5584 2514 5634; x_wconf 75' lang='grc' dir='ltr'>ἐστιν</span> <span class='ocrx_word' id='word_1_853' title='bbox 2543 5583 2627 5634; x_wconf 82' lang='grc' dir='ltr'><strong>ὅτε</strong></span> <span class='ocrx_word' id='word_1_854' title='bbox 2663 5582 2730 5634; x_wconf 81' lang='grc' dir='ltr'>δι’</span> <span class='ocrx_word' id='word_1_855' title='bbox 2775 5585 2936 5655; x_wconf 83' lang='grc' dir='ltr'>ἀέρος</span> <span class='ocrx_word' id='word_1_856' title='bbox 2973 5585 3223 5656; x_wconf 77' lang='grc' dir='ltr'>φέρεται,</span> <span class='ocrx_word' id='word_1_857' title='bbox 3250 5587 3450 5652; x_wconf 85' lang='grc' dir='ltr'>τόπους</span> <span class='ocrx_word' id='word_1_858' title='bbox 3486 5606 3544 5641; x_wconf 84' lang='grc' dir='ltr'><strong>τε</strong></span> <span class='ocrx_word' id='word_1_859' title='bbox 3569 5590 3730 5643; x_wconf 82' lang='grc' dir='ltr'>καθύ-</span> 
     </span>
    </p>
   </div>
  </div>
