4062 6186
339 249 433 316 133
756 189 783 198 ‘
1593 241 1993 335 ANNAHUM
2041 239 2235 299 rans
2278 238 2325 296 ι.

3459 231 3562 288 I3!

332 380 491 433 γρους
513 362 766 433 ἐπιζητεῖ
795 362 888 416 καὶ
909 362 1003 417 ἐπὶ
1024 364 1219 433 λίμνας
1250 357 1592 429 καταφεύγει
1617 375 1630 387 ⁸
1665 354 1772 411 οἶδε
1798 356 1903 422 γὰρ

2018 354 2121 405 loca
2164 362 2216 405 et
2250 349 2313 402 ad
2349 356 2538 416 stagna
2573 345 2836 416 confugit.
2882 344 3041 400 Novit
3079 343 3223 398 enim
3256 358 3312 396 se
3347 352 3565 412 prnpter

330 458 410 509 ὅτι
438 455 529 508 διὰ
556 455 656 524 τὴν
680 454 910 508 ἐνοῦσαν
943 454 1095 526 αύτῷ
1128 453 1401 524 ξηρότητα
1429 452 1522 504 κοιλ⁵
1549 450 1656 503 ἀπὸ
1679 448 1902 515 διαστή-

343 563 512 615 ματος
546 544 625 615 τῷ
654 546 927 617 κεραυνίῳ
963 545 1094 616 πυρὶ
1124 543 1547 611 καταφλέγεται.
1584 540 1752 593 Ἔνθα
1800 556 1902 591 που

335 636 491 706 τύχοι
522 638 709 690 λοιπὸν
738 640 767 690 0
794 637 1010 708 δράκων
1040 637 1310 707 συρίττων
1357 636 1451 689 καὶ
1480 632 1652 696 διιὼν,
1687 630 1905 685 ἐπειδὰν

336 730 440 782 ὑπὸ
471 730 567 783 τοῦ
596 730 770 798 πυρὸς
796 728 1104 794 ἐλαύνεται,
1134 728 1256 781 τότε
1300 726 1364 794 δὴ
1422 728 1491 779 τὰ
1526 723 1902 794 παρακείμενα

338 823 481 892 μέρη
523 821 1056 889 συγκαταφλέγεται.
1091 819 1356 879 Πολλάκις
1386 818 1495 885 γὰρ
1536 817 1633 871 καὶ
1669 816 1898 882 δράκον-

333 930 422 975 τος
457 913 592 981 ἄτερ
620 908 747 981 ἦχοί
776 928 926 973 τινες
955 909 1307 974 ἐξακούονται
1343 910 1572 978 ἄσημοι,
1610 906 1705 959 τοῦ
1734 908 1903 973 πυρὸς

332 1002 538 1056 ἄνωθεν
595 1001 1126 1072 καταρῤηγνυμένου
1167 1000 1260 1053 καὶ
1315 998 1533 1067 σώμασι
1588 998 1814 1050 τοιοῖσδε
1869 996 1900 1066 ἡ

332 1093 562 1146 τοιοῖσδε
594 1092 1050 1161 προσπίπτοντος.
1088 1091 1246 1143 Ὅσοι
1277 1091 1333 1142 δέ
1366 1107 1497 1159 φασι
1542 1090 1647 1142 τῶν
1694 1092 1908 1141 ἐντετυ-

334 1186 585 1257 χηκότων
607 1187 729 1247 ταῖς
763 1183 1045 1245 τοιαύταις
1077 1181 1339 1235 καύσεσιν
1376 1182 1458 1235 ὅτι
1489 1180 1773 1233 τεοέανται
1797 1181 1906 1248 χοῖ-

334 1295 425 1347 ρον
446 1277 813 1345 γρυλλίζοντα
844 1275 876 1341 ἢ
916 1273 1165 1343 μηκάζον
1209 1273 1456 1326 αίπόλιον
1491 1272 1523 1338 ἢ
1560 1271 1688 1341 βοῦν
1720 1270 1909 1337 μυκώ-

338 1384 519 1436 μενον,
546 1366 756 1419 ἑαυτῶν
786 1382 846 1418 τε
874 1364 968 1418 καὶ
997 1364 1106 1429 τῶν
1133 1363 1421 1435 ἀκροατῶν
1443 1362 1903 1431 καταψεύδονται·

334 1456 487 1509 οὐδὲν
530 1457 639 1527 γὰρ
672 1455 983 1519 τεθέανται,
1033 1454 1150 1507 ἀλλ’
1194 1456 1223 1507 0
1254 1453 1418 1523 φόϐος
1451 1454 1636 1516 αὐτοῖς
1671 1452 1770 1515 τὰς
1799 1468 1907 1505 τοι·

337 1543 461 1597 ἁσδε
497 1540 809 1614 μορφώσεις
835 1541 1275 1611 είδωλοποίησεν.
1310 1542 1373 1594 El
1415 1543 1460 1595 δ’
1496 1542 1627 1605 ίσως
1668 1544 1761 1596 καὶ
1807 1540 1898 1611 βά-

339 1648 533 1697 um;
559 1633 769 1703 δαίμων
797 1634 858 1686 τὸ
879 1632 1038 1702 σῶμα
1077 1632 1170 1686 τοῦ
1218 1634 1511 1703 δράκοντος
1541 1634 1905 1702 ἐνδυσάμενος

335 1725 413 1787 είς
437 1726 622 1777 ἐκεῖνα
647 1724 756 1777 τῶν
791 1726 976 1796 μερῶν
1006 1726 1132 1793 ἄγει
1152 1724 1247 1778 τὸν
1284 1724 1425 1794 θῆρα
1468 1724 1574 1778 ῦπδ
1605 1725 1700 1778 τοῦ
1737 1726 1907 1794 πυρὸς

337 1813 524 1886 ὥσπερ
558 1816 906 1886 διωκόμενον,
936 1811 1017 1879 οἷς
1043 1816 1108 1887 δὴ
1140 1816 1458 1886 βασκαίνειν
1481 1816 1542 1880 ἐξ
1573 1815 1748 1889 ἀρχῆς
1781 1814 1906 1868 εἵω-

338 1904 447 1968 θεν,
507 1906 618 1958 οὐδ’
653 1899 812 1968 οὗτος
855 1907 883 1959 0
912 1904 1071 1974 λόγος
1108 1905 1444 1976 ἀπόϐλητος.
1496 1905 1746 1973 Ἀρχαίον
1799 1906 1909 1973 γὰρ

337 1996 485 2066 αὐτῴ
517 1996 843 2067 ἐνδιαίτημα
872 1997 934 2050 τὸ
962 1994 1207 2051 τοιοῦτον
1238 1997 1418 2064 γένος,
1451 1994 1613 2067 ἡνίκα
1646 1996 1740 2049 καὶ
1769 1997 1906 2065 μᾶλ-

337 2086 425 2141 λον
457 2089 609 2158 ἡμᾶς
637 2088 950 2159 ὲξορίστους
995 2088 1063 2142 δι’
1116 2088 1286 2143 αὐτοῦ
1318 2088 1410 2142 τοῦ
1450 2087 1783 2158 παραδείσου
1812 2105 1911 2140 πε-

340 2178 591 2248 ποίηκεν,
616 2181 739 2233 ὅθεν
766 2180 951 2235 καινὸν
982 2181 1157 2248 οὐδὲν,
1181 2180 1300 2249 είγε
1323 2181 1420 2235 καὶ⁵
1450 2181 1550 2245 τῆς
1580 2184 1680 2251 γῆς
1710 2180 1913 2249 ταύτης

335 2270 664 2324 ἀπώσασθαι
694 2272 990 2340 φιλονεικεῖ
1017 2273 1104 2328 διὰ
1132 2274 1326 2341 φθόνον
1351 2274 1520 2343 ἡμᾶς.

400 2364 515 2418 Καὶ
561 2365 696 2434 περὶ
744 2366 844 2434 μὲν
902 2365 1113 2418 τούτων
1161 2365 1355 2428 οὕτως.
1402 2367 1464 2418 El
1509 2364 1566 2418 δὲ
1597 2366 1696 2437 τὴν
1736 2367 1913 2421 αἰτίαν

337 2451 617 2521 ἐπιζητεῖς
654 2452 723 2506 δι’
750 2452 817 2523 ἡν
847 2452 1094 2523 αἴλουροι
1138 2454 1234 2507 καὶ
1280 2453 1589 2523 νυκτερίδες
1621 2458 1791 2509 νύκτα
1822 2458 1916 2510 καὶ

340 2544 513 2614 μόνην
566 2545 815 2613 ἀκριϐῶς
870 2545 1101 2615 όρῶσιν,
1157 2544 1294 2614 αὕτη
1362 2546 1500 2625 esti.
1563 2545 1637 2599 Τὸ
1692 2547 1917 2599 ὀπτικὸν

339 2634 563 2704 πνεῦμα
609 2639 825 2699 πάντως
862 2636 1195 2691 λεπτότατον
1234 2637 1472 2707 ἔχουσιν.
1517 2639 1606 2691 Ἐν
1649 2642 1715 2710 τῇ
1758 2643 1916 2693 νυκτὶ

339 2721 432 2779 οὖν
492 2727 731 2797 μετρίως
792 2729 1161 2798 παχυνόμενον
1217 2732 1284 2800 τῇ
1330 2729 1567 2798 ἀπουσίᾳ
1622 2731 1715 2781 τοῦ
1763 2730 1915 2799 ἡλίου

342 2817 476 2887 πρὸς
498 2817 602 2887 τὴν
630 2819 739 2871 τῶν
769 2820 983 2890 ὁρατῶν
1012 2819 1300 2890 ἀντίληψιν
1321 2820 1632 2889 ἐπιτήδειον
1660 2822 1874 2885 γίνεται
1898 2835 1914 2852 ο

342 2910 481 2962 κατά
527 2910 640 2977 γὰρ
676 2910 777 2981 τὴν
820 2911 1035 2982 ἡμέραν
1080 2910 1157 2974 ώς
1210 2912 1538 2964 λεπτότατον
1576 2910 1919 2981 διαφορεῖταί

2008 441 2226 494 insitam
2258 439 2359 492 sibi
2384 439 2687 493 siccitatem
2720 438 2886 491 etiam
2916 452 2979 491 ex
3013 435 3299 491 intervallo
3332 435 3565 504 quodam

2008 537 2277 584 remotum
2335 531 2406 584 ab
2467 530 2590 601 igne
2640 529 2888 584 fulminis
2940 529 3116 583 exuri.
3181 529 3569 598 Saepenumero

2007 621 2227 690 quidem
2260 621 2377 674 soni
2421 621 2786 675 exaudiuntur
2809 620 3051 685 obscuri,
3087 629 3343 689 tanquam
3375 620 3568 675 draco-

2008 713 2119 776 nis,
2149 727 2271 766 cum
2324 710 2501 781 fulgur
2537 710 2792 765 deorsum
2841 711 3012 767 fertur
3040 726 3104 766 ac
3142 712 3226 766 vel
3258 712 3312 765 in
3344 713 3457 766 haec
3488 713 3573 765 vel

2012 806 2102 859 illa
2136 816 2365 873 corpora
2402 804 2580 858 irruit.
2641 803 2745 867 Qui
2797 814 2974 856 autem
3033 803 3321 872 perhibent
3374 805 3461 867 (de
3511 805 3576 857 iis

2010 895 2205 964 loquor
2235 897 2435 965 quibus
2466 894 2731 965 ejusmodi
2764 910 2821 948 se
2848 896 3163 949 obtulerunt
3194 896 3577 951 inflammatio-

2009 987 2151 1054 nes),
2187 1000 2246 1039 se
2274 1001 2497 1054 porcum
2533 985 2910 1055 grunnicntcm
2942 986 3311 1054 conspexisse,
3363 997 3420 1040 ut
3454 1004 3576 1057 gre-

2011 1090 2132 1145 gem
2188 1092 2477 1146 caprarum
2541 1078 2815 1132 balantem
2867 1076 2949 1129 vel
2986 1080 3316 1145 mugientem
3360 1079 3574 1143 bovem,

2011 1175 2119 1220 tam
2153 1167 2361 1235 seipsos
2393 1184 2556 1236 quam
2602 1170 2736 1224 alios
2790 1171 2904 1225 haec
2960 1171 3242 1225 audientes
3297 1174 3578 1228 mendacio

2010 1257 2311 1327 decipiunt.
2356 1260 2499 1313 Nihil
2529 1261 2672 1314 enim
2716 1261 2985 1332 ejusmodi
3014 1263 3286 1326 viderunt,
3319 1264 3412 1318 sed
3444 1265 3578 1318 ima-

2009 1348 2315 1418 ginationes
2367 1365 2555 1404 earum
2607 1367 2792 1406 rerum
2843 1368 2897 1413 ag
2936 1362 3085 1408 metu
3142 1354 3577 1423 proficiscuntur.

2010 1436 2217 1503 Quodsi
2252 1438 2482 1493 fortasse
2514 1441 2724 1496 daemon
2759 1443 2846 1499 ille
2872 1446 3232 1515 praestigiator
3265 1455 3317 1500 et
3342 1446 3579 1513 invidus,

2011 1530 2281 1599 serpentis
2334 1531 2563 1588 indutus
2594 1549 2842 1603 corpore.
2872 1535 3043 1591 feram
3081 1538 3240 1603 hanc,
3273 1538 3420 1594 velut
3460 1539 3582 1611 igne

2010 1620 2181 1689 ipsam
2215 1634 2461 1693 urgente,
2495 1624 2549 1678 in
2583 1626 2837 1681 animalia
2868 1638 3152 1685 mansueta
3187 1630 3395 1685 irruere
3427 1631 3581 1697 facit,

2010 1727 2133 1767 cum
2186 1714 2313 1769 inde
2366 1733 2538 1786 usque
2585 1719 2654 1775 ab
2697 1720 2852 1776 initio
2885 1722 3089 1777 invidia
3129 1724 3361 1792 quadam
3390 1739 3583 1793 prose-

2011 1813 2230 1874 quatur,
2265 1823 2373 1862 non
2400 1810 2505 1879 61
2550 1812 2655 1866 hoc
2684 1812 2757 1866 ita
2790 1812 3021 1882 proferri
3054 1815 3353 1884 putabitur,
3382 1825 3441 1870 ut
3467 1832 3585 1869 om-

2012 1895 2143 1951 nino
2171 1897 2241 1951 sit
2273 1899 2662 1969 rejiciendum;
2722 1918 2844 1957 nam
2879 1920 3049 1973 genus
3076 1906 3178 1960 hoc
3202 1905 3443 1959 ferarum
3477 1905 3580 1961 sibi

2013 2002 2113 2055 pro
2141 1989 2420 2044 domicilio
2446 1991 2558 2060 jam
2588 1993 2717 2046 olim
2751 1997 3061 2064 usurpavit,
3119 2012 3241 2050 cum
3271 2012 3368 2067 per
3404 1996 3452 2052 id
3485 2013 3585 2053 nos

2018 2079 2255 2149 paradisi
2286 2080 2487 2136 finibus
2516 2083 2713 2151 ejecit;
2748 2085 2929 2155 itaque
2959 2087 3095 2141 nihil
3130 2103 3350 2151 novum,
3385 2088 3431 2141 si
3466 2104 3583 2141 ιιιο-

2016 2179 2103 2224 tus
2133 2171 2337 2226 invidia
2375 2173 2524 2242 cupit
2554 2174 2657 2229 hac
2685 2176 2848 2230 etiam
2879 2188 3021 2232 terra
3061 2194 3161 2234 nos
3194 2180 3480 2250 expellere.

2087 2351 2163 2404 Ae
2194 2350 2262 2406 de
2311 2351 2397 2407 his
2427 2353 2641 2422 quidem
2690 2356 2976 2411 hactenus.
3008 2355 3212 2423 Quodsi
3244 2371 3460 2415 causam
3503 2359 3587 2414 vis

2017 2456 2367 2513 cognoscere,
2399 2445 2751 2512 quamobrem
2784 2447 2913 2502 feles
2946 2455 3003 2501 et
3035 2449 3444 2516 vespertiliones
3474 2459 3591 2504 tan-

2018 2541 2132 2587 tum
2165 2543 2327 2589 noctu
2357 2546 2581 2591 acutum
2615 2536 2854 2603 videant,
2898 2539 3041 2593 hanc
3091 2540 3236 2593 illam
3273 2554 3391 2597 esse
3426 2543 3588 2597 Scito.

2020 2621 2161 2679 Sunt
2188 2624 2304 2681 haec
2332 2627 2590 2683 animalia
2624 2629 2842 2698 spiritu,
2876 2645 2986 2701 quo
3013 2632 3273 2687 cernendi
3307 2633 3387 2688 vis
3414 2635 3594 2687 Conti—

2016 2723 2201 2782 netur,
2232 2731 2362 2772 sane
2402 2719 2651 2787 pertenui
2687 2722 2934 2791 praedita.
2975 2721 3322 2795 Quapropter
3353 2726 3398 2780 is
3420 2735 3592 2781 noctu

2021 2806 2367 2861 mediocriter
2413 2808 2484 2864 ob
2522 2810 2654 2865 solis
2702 2812 3003 2868 absentiam
3039 2814 3407 2871 condensatur
3432 2825 3486 2871 et
3524 2816 3592 2870 ad

2018 2898 2426 2967 perceptionem
2478 2915 2660 2956 rerum
2716 2905 3128 2979 aspectabilium
3178 2907 3239 2962 fit
3298 2907 3526 2963 idoneus
3576 2926 3590 2963 :

340 3017 397 3053 τε
444 3002 543 3053 καὶ
592 3002 967 3058 σκεδάννυται.
1004 3003 1175 3057 Τοῦτο
1215 3005 1273 3057 δὲ
1323 3003 1418 3057 καὶ
1460 3004 1519 3057 εν
1557 3003 1737 3067 ἄλλοις
1768 3004 1915 3057 ἐστιν
1940 3024 1992 3082 ο
2021 2988 2483 3082 ίψίρβθξηιετίίίῑι
2510 3000 2765 3063 tanquam
2795 2996 3183 3052 subtilissimus
3206 2998 3499 3069 ἀίεείβειυν
3528 3014 3594 3054 ac

341 3090 469 3144 ἰδεῖν
499 3094 598 3146 καὶ
627 3094 685 3146 ὲν
711 3093 894 3157 αὐτοῖς
922 3096 1033 3157 τοῖς
1064 3094 1300 3151 λέουσιν.
1336 3095 1530 3149 Ἔνθεν
1562 3111 1645 3149 τοι
1696 3096 1791 3149 καὶ
1819 3097 1918 3159 τὰς

342 3184 577 3252 ἡλιακὰς
620 3184 995 3255 μαρμαρυγὰς
1024 3186 1075 3237 ol
1118 3184 1334 3248 λέοντες
1365 3185 1663 3253 φεύγοντες
1686 3185 1757 3239 δι’
1787 3186 1918 3256 ὅλης

342 3274 557 3344 ἡμέρας
594 3278 687 3327 καὶ
717 3277 948 3337 ἄκοντες
993 3273 1329 3344 κρύπτονται
1359 3292 1373 3307 ·
1408 3277 1457 3328 εί
1504 3275 1580 3346 μὴ
1617 3277 1727 3347 γὰρ
1759 3278 1918 3332 τοῦτο

342 3360 427 3435 ἦν,
461 3366 607 3435 τάχα
638 3366 705 3429 ἂν
744 3366 1039 3429 ἀκωλύτως
1068 3367 1126 3420 ὲν
1164 3367 1350 3439 ἡμέρᾳ
1392 3369 1823 3439 περιπατοῦντες
1856 3371 1916 3423 ού

348 3456 559 3527 μικρῶς
589 3457 854 3513 ἔϐλαπτον
882 3462 1007 3524 τοὺς
1033 3460 1218 3523 αὐτοῖς
1252 3460 1704 3530 ἐντυγχάνοντας.

410 3635 652 3689 Γίνωσκε
680 3637 775 3690 καὶ
805 3637 987 3702 τοῦτο,
1015 3637 1101 3690 ὅτι
1130 3637 1158 3689 0
1179 3637 1313 3690 λέων
1337 3636 1669 3706 διωκόμενος
1698 3638 1920 3691 συστέλι

343 3723 422 3776 λει
459 3725 530 3777 τὰ
568 3724 690 3793 ίχνη
746 3725 911 3779 αὐτοῦ
952 3726 1091 3796 (Η).
1120 3724 1277 3779 Οῦτω
1319 3726 1347 3777 0
1390 3724 1596 3795 Κύριος
1648 3727 1919 3798 κατερχό-

351 3832 511 3883 μενος
549 3817 643 3869 ἐπὶ
670 3818 767 3885 τῆς
788 3818 890 3887 γῆς
920 3818 1011 3871 τὸν
1041 3820 1141 3887 τῆς
1172 3818 1478 3887 παρουσίας
1518 3819 1708 3888 καιρὸν
1738 3820 1916 3891 πάντη

348 3908 654 3962 συνέστειλε
698 3910 784 3961 διὰ
831 3911 923 3962 τὸν
962 3910 1211 3963 διάϐολον
1250 3910 1419 3963 πάλαι
1462 3909 1561 3974 τὰς
1614 3910 1920 3981 παρθένους

347 3997 733 4067 ιπιτηροῦντα.
792 3998 850 4052 '0
897 3999 992 4053 τοῦ
1050 3998 1261 4062 λέοντος
1309 3998 1549 4069 σκύμνος
1599 4001 1789 4070 νεκρὸς
1823 4000 1920 4067 μὲν

346 4091 623 4154 γεννᾶται,
656 4089 1052 4161 ἑμφυσώμενος
1078 4088 1137 4143 δὲ
1177 4090 1334 4162 παρά
1369 4089 1705 4160 τοῦπατρὸς
1749 4088 1919 4143 αὐτοῦ

346 4174 712 4245 ζωογονεῖται.
763 4176 921 4231 οὕτω
962 4179 1058 4233 καὶ
1090 4180 1119 4231 0
1148 4177 1284 4242 Θεὸς
1320 4178 1514 4247 πρῶτα
1562 4179 1662 4248 μὲν
1708 4178 1801 4232 ἐπὶ
1841 4176 1921 4250 τῷ

356 4263 526 4337 ’Δδάμ
574 4268 852 4338 ἐποίησεν,
882 4269 1108 4340 ὕστερον
1152 4270 1211 4323 δὲ
1242 4270 1339 4323 καὶ
1386 4269 1473 4321 ἐπ’
1517 4266 1667 4338 αὐτῷ
1700 4269 1778 4341 τῷ
1807 4269 1920 4340 Υίῷ

2021 3078 2370 3151 dispergitur.
2407 3081 2557 3137 Idem
2595 3093 2651 3138 et
2683 3084 2737 3139 in
2772 3086 2895 3142 aliis
2933 3096 3017 3142 est
3050 3087 3248 3153 videre,
3288 3090 3592 3158 praesertim

2020 3171 2154 3240 ipsis
2182 3173 2235 3226 in
2274 3174 2547 3231 leonibus.
2578 3175 2697 3243 Quo
2744 3178 2804 3232 fit
2836 3176 2896 3233 ut
2942 3179 3288 3249 splendorem
3320 3180 3592 3235 radiorum

2020 3262 2279 3319 solarium
2326 3265 2599 3338 fugientes
2642 3269 2807 3324 etiam
2848 3270 3003 3325 inviti
3055 3280 3170 3326 toto
3222 3272 3312 3327 die
3358 3270 3591 3328 latitent.

2018 3354 2154 3411 Nam
2189 3356 2233 3411 si
2278 3358 2488 3428 absque
2530 3360 2636 3415 hoc
2671 3368 2835 3426 esset,
2868 3361 3035 3417 libere
3073 3364 3261 3433 utique
3307 3378 3404 3435 per
3447 3366 3592 3421 diem

2021 3446 2342 3504 aberrantes
2375 3451 2518 3505 haud
2551 3450 2801 3524 exiguam
2832 3453 3147 3512 hominibus
3179 3458 3595 3515 ocemrentibns

2024 3551 2216 3591 noxam
2245 3539 2526 3596 afferrent.

2097 3625 2209 3682 Hoc
2238 3630 2399 3685 etiam
2430 3632 2601 3700 disce,
2626 3633 2845 3691 leonem
2873 3634 3099 3709 vestigia
3127 3653 3221 3694 sua
3250 3643 3594 3707 contrahere,

2024 3719 2243 3788 quoties
2297 3722 2473 3791 ipsum
2522 3725 2687 3796 aliqui
2738 3740 3164 3798 persequuntur.
3199 3730 3288 3787 Sic
3337 3733 3599 3789 Dominus

2024 3823 2239 3880 quoque
2268 3824 2454 3869 noster
2484 3815 2538 3869 in
2574 3826 2773 3874 terram
2819 3819 3160 3876 descendens
3200 3821 3465 3884 adventus
3511 3827 3597 3879 sui

2025 3910 2240 3971 tempus
2292 3907 2561 3961 contraxit
2627 3909 2827 3965 diaboli
2874 3925 3060 3976 causa,
3116 3912 3205 3982 qui
3276 3915 3595 3983 jamdudum

2021 3996 2259 4067 virgines
2319 3998 2662 4057 observabat.
2714 4002 2939 4059 Catulus
2988 4005 3241 4060 leoninus
3303 4006 3356 4058 in
3422 4006 3595 4061 lucem

2024 4096 2272 4144 mortuus
2307 4088 2528 4159 quidem
2578 4089 2780 4157 editur,
2832 4104 3020 4146 verum
3062 4092 3245 4148 alIIatu
3292 4095 3460 4164 patris
3522 4098 3598 4149 vi-

2025 4184 2135 4231 tam
2163 4177 2386 4249 accipit.
2444 4177 2593 4234 Idem
2634 4178 2779 4235 Deus
2818 4180 2975 4235 initio
3004 4180 3133 4238 fecit
3184 4184 3237 4237 in
3274 4185 3502 4252 Adamo,
3535 4202 3601 4242 ac

2024 4268 2281 4339 deinceps
2307 4271 2424 4340 ipso
2446 4271 2610 4325 etiam
2630 4271 2686 4325 in
2708 4272 2845 4327 Filio
2871 4286 2970 4329 suo
2988 4284 3218 4330 mortem
3242 4277 3413 4333 nostri
3436 4293 3600 4335 causa

349 4359 511 4413 αὐτοῦ
539 4359 609 4413 δι’
635 4362 781 4431 ἡμᾶς
803 4360 1129 4432 νεκρωθέντι
1158 4361 1324 4415 ποιεῖ.
1350 4360 1514 4415 Ὅθεν
1537 4360 1629 4413 καὶ
1652 4361 1681 4413 ό
1716 4359 1912 4414 Ἰακὼϐ

2021 4376 2305 4430 perpesso.
2351 4363 2717 4428 Quamobrem
2751 4362 2990 4421 Jacobus
3040 4364 3219 4421 dixit:
3267 4386 3285 4418 ι
3322 4366 3600 4424 Corruens

351 4449 559 4518 ἐλεγενο
590 4469 610 4503 ι
638 4451 951 4504 Ἀναπεσὼν
1003 4451 1276 4521 ἐκοιμὴοη
1321 4452 1397 4512 ὼς
1453 4450 1589 4503 λέων
1641 4449 1738 4503 καὶ
1789 4448 1924 4503 ώσεὶ

351 4542 587 4610 σκύμνος
614 4556 628 4570 ·
674 4542 758 4605 τίς
789 4544 973 4613 ἐγερεῖ
1023 4542 1228 4608 αὐτόν;
1265 4561 1284 4593 ι
1321 4542 1385 4596 El
1429 4540 1485 4593 δὲ
1518 4540 1612 4594 καὶ
1657 4540 1793 4594 λέων
1829 4542 1922 4595 καὶ

351 4636 583 4704 σκύμνος
636 4639 663 4688 0
705 4636 868 4698 αὐτὸς
903 4636 1139 4705 λέγεται,
1188 4637 1249 4688 οὐ
1302 4634 1515 4688 καινόν·
1565 4628 1634 4705 ἦν
1674 4636 1781 4703 γὰρ
1825 4635 1923 4688 καὶ

356 4727 601 4796 βασιλεὺς
623 4730 651 4782 0
678 4730 915 4799 Χριστὸς
944 4730 1038 4780 καὶ
1065 4728 1327 4797 βασιλέως
1350 4728 1484 4790 υἱός.

427 4815 485 4867 Ὀ
522 4815 684 4877 λύκος
720 4815 970 4883 φοϐεῖται
1022 4816 1085 4867 τὸ
1128 4816 1294 4883 φυτὸν
1341 4816 1440 4884 τὴν
1473 4814 1717 4869 σκίλλαν.
1750 4813 1920 4868 Τοῦτο

353 4904 515 4959 εἰδυῖα
540 4908 572 4977 ἡ
602 4906 829 4975 ἀλώπηξ
864 4909 1014 4980 παρὰ
1056 4908 1133 4978 τῷ
1182 4908 1408 4978 τοιούτῳ
1440 4907 1708 4961 ύπνώττει
1741 4908 1915 4978 φυτῷ,

354 5000 404 5049 εἰ
438 5017 561 5052 ποτε
614 5000 709 5053 τοῦ
743 5001 954 5069 φωλεοῦ
1006 5001 1180 5070 αὐτῆς
1209 5000 1313 5064 ἔξω
1356 5001 1494 5070 τύχη
1542 5000 1913 5069 διατρίϐουσα,

357 5089 440 5145 Ila.
491 5096 565 5161 μὴ
612 5093 719 5145 ὑπὸ
768 5094 949 5147 λύκων
1005 5094 1208 5164 βρωθῇ.
1248 5094 1310 5144 Εἰ
1338 5091 1395 5145 δὲ
1430 5094 1463 5161 ἡ
1517 5092 1746 5162 ἀλώπηξ
1772 5091 1914 5145 οὕτω

356 5268 377 5273 ν
420 5231 462 5262 ⁸⁷
484 5231 618 5288 Gen.
652 5248 801 5297 xux,
833 5233 887 5287 9.

423 5376 530 5445 (ιι)
574 5377 941 5433 Leunclavius
972 5375 1154 5429 minus
1193 5373 1443 5444 apposite
1470 5370 1799 5445 συστέλλειν
1845 5370 1914 5422 τὰ

358 5442 468 5517 ίχνή
493 5442 560 5503 de
594 5451 753 5503 leone
772 5449 1016 5517 fugiente
1050 5442 1398 5517 interpretari
1428 5442 1651 5517 videtur
1704 5448 1920 5493 contra-

361 5510 472 5587 ᾔει-ὲ
503 5519 747 5587 vestigia,
774 5510 1121 5587 cuindelere,
1154 5510 1392 5587 abolere,
1415 5510 1773 5587 abscondere:
1824 5522 1916 5563 ce-

356 5584 463 5642 lare
498 5598 591 5643 aut
614 5578 954 5642 c'onfundere
981 5588 1183 5641 rectius
1230 5584 1336 5638 dici
1388 5583 1671 5653 potuisset.
1732 5578 1918 5653 Neque

357 5656 494 5708 enim
522 5658 796 5708 ettutraxit
822 5658 1078 5707 Christus
1094 5654 1364 5706 adventus
1386 5649 1466 5703 sui
1495 5653 1611 5703 sive
1641 5649 1916 5702 ὲνανθοω-

2025 4450 2236 4515 sopitus
2262 4459 2345 4504 est
2371 4457 2429 4503 ut
2461 4450 2569 4516 leo,
2604 4452 2869 4522 quasique
2903 4453 3117 4507 catulus
3146 4454 3398 4511 leoninus
3426 4474 3440 4510 :
3474 4456 3600 4526 quis

2027 4540 2283 4596 excitabit
2314 4555 2439 4595 eum
2456 4539 2536 4594 ⁸τῖ
2563 4559 2583 4592 ι
2622 4540 2733 4597 Nec
2762 4542 3056 4612 quidquam
3091 4543 3315 4599 absurdi
3346 4548 3599 4602 eumdem

2028 4638 2142 4685 tum
2167 4631 2381 4685 leonem
2428 4639 2540 4685 tum
2570 4631 2808 4686 catulum
2832 4631 3114 4686 leoninum
3138 4635 3399 4702 appellari
3428 4652 3442 4691 :
3475 4651 3601 4691 nam

2031 4722 2287 4803 Christus
2315 4732 2367 4778 et
2403 4738 2494 4777 rex
2527 4731 2581 4779 et
2612 4724 2751 4794 regis
2779 4722 2924 4778 filius
2954 4734 3089 4779 erat.

2098 4814 2282 4883 Lupus
2334 4814 2576 4883 scyllam,
2625 4813 2823 4883 plantae
2855 4815 3117 4885 speciem,
3159 4816 3313 4871 vitat.
3366 4817 3427 4872 Id
3475 4833 3602 4873 cum

2027 4904 2311 4975 vulpecula
2337 4904 2502 4969 norit,
2523 4906 2659 4972 apud
2686 4904 2824 4959 hanc
2850 4906 3089 4974 plantam
3112 4909 3391 4966 dormiens
3415 4910 3602 4977 cubat,
3693 4937 3696 4940 ο

2026 4998 2070 5053 si
2100 4997 2239 5051 forte
2284 5012 2410 5051 suas
2442 5003 2596 5049 extra
2636 4996 2869 5050 latebras
2899 4997 3064 5067 degit,
3094 5012 3161 5054 ne
3205 5015 3232 5053 a
3272 5001 3412 5072 lupis
3442 5002 3606 5056 devo-

2025 5097 2199 5144 retur.
2232 5086 2436 5151 Quodsi
2465 5086 2567 5141 hoc
2596 5086 2880 5156 vulpecula
2909 5086 3061 5152 facit,
3093 5088 3264 5143 multo
3301 5091 3469 5162 magis
3505 5107 3605 5145 nos

2037 5368 2255 5437 πήσεως
2276 5376 2510 5436 tempus,
2534 5368 2626 5422 sed
2650 5367 2939 5423 abscondit
2964 5369 3269 5437 celavitque
3292 5382 3358 5422 ne
3383 5366 3604 5421 diabolo

2033 5451 2198 5508 notus
2222 5450 2387 5491 esset.
2431 5437 2686 5503 Quaedam
2710 5452 2926 5508 quoque
2970 5440 3037 5493 ab
3066 5440 3261 5494 eodem
3302 5438 3604 5508 interprete

2035 5506 2220 5583 minus
2250 5508 2538 5583 commode
2562 5506 2773 5563 reddita
2830 5508 3044 5562 videbis
3092 5510 3161 5581 in
3193 5506 3449 5583 versione
3501 5519 3605 5558 suo

2034 5574 2201 5655 nitori
2237 5579 2508 5645 restituta,
2552 5594 2667 5647 quae
2704 5594 2815 5633 non
2848 5586 2932 5635 est
2973 5591 3111 5646 opus
3158 5572 3411 5646 putidius
3474 5589 3608 5629 ven-

2032 5655 2187 5700 ttztre.
3619 5659 3628 5668 '
