4062 6186
16 5412 21 5475 ι

16 5488 25 5675 ξ

16 5672 27 5719 1

18 5732 27 5847 i

414 249 522 307 l5!)
1674 240 1985 305 MICHAE]

2090 240 2099 296 ι
2139 234 2398 325 δινσε
3516 225 3630 292 ηαδ

417 357 605 411 adesse
643 352 909 410 debemus
952 353 1021 409 iis
1067 352 1266 424 quibus
1300 350 1633 408 intellectilis
1682 351 1774 406 ille
1825 350 1985 419 lupus

2090 348 2271 409 ποιεῖ.
2327 344 2505 415 πολλῷ
2570 342 2773 414 μᾶλλον
2837 344 3004 414 ἡμεῖς
3068 343 3301 407 ἰκτίνοις
3370 340 3659 412 ὀφείλομεν

418 445 665 516 abigitur.
701 444 958 511 Qutenam
994 444 1122 500 illa?
1149 444 1343 498 Preces
1364 450 1419 496 et
1445 441 1713 513 jejunium
1742 459 1757 495 :
1794 459 1812 492 ι
1842 440 1977 494 Nam

410 550 587 606 genus
616 535 783 600 istud,
816 535 990 604 inquit
1015 533 1285 597 Christus,
1322 546 1432 586 non
1484 530 1593 586 nisi
1630 530 1884 599 precibus
1922 537 1982 584 et

419 627 620 696 jejunio
644 625 859 696 ejicitur
878 625 943 678 ⁸³.
978 642 998 678 ι

482 795 940 864 Camelopardalis
970 794 1023 848 in
1063 794 1230 866 Libya
1272 795 1514 866 conspici
1560 794 1811 850 traditur.
1850 792 1983 863 Ejus

334 946 347 963 ,
417 892 640 963 duorum
683 887 999 941 animalium
1039 888 1307 942 mistionis
1352 902 1519 942 causa
1543 895 1627 941 est
1656 886 1776 955 ejus
1803 884 1984 955 regio-

410 983 497 1035 nis
550 979 766 1034 siccitas
819 987 874 1033 et
920 992 1076 1047 aqua:
1124 978 1352 1047 penuria
1392 994 1409 1036 :
1468 978 1671 1048 quippe
1721 975 1981 1033 animalia

415 1074 621 1127 diversa
664 1071 1050 1139 variarumque
1085 1070 1392 1141 specierum
1443 1070 1512 1124 ad
1555 1084 1725 1139 aquas
1758 1083 1984 1139 congre-

414 1177 628 1235 gantur,
670 1177 790 1232 qua:
835 1162 891 1216 in
946 1160 1110 1233 Libya
1158 1171 1486 1218 raraesunt.
1523 1161 1599 1216 lta
1645 1162 1706 1217 fit
1745 1170 1805 1217 ut
1848 1161 1983 1231 ipsis

410 1258 555 1321 inter
586 1269 649 1309 se
680 1254 1005 1309 coeuntibus
1039 1253 1167 1309 fera:
1191 1254 1436 1323 quaadam
1466 1253 1829 1307 multiformes
1852 1266 1983 1323 pro-

413 1353 692 1400 creentur.

486 1435 554 1489 Et
585 1435 1026 1500 animadvertito,
1066 1435 1261 1490 dilecte
1299 1435 1394 1502 fili,
1426 1432 1693 1504 ejusmodi
1724 1432 1982 1489 animalia

412 1528 737 1596 composita,
763 1527 921 1595 cujus
952 1528 1168 1596 generis
1198 1536 1326 1582 sunt
1349 1529 1513 1582 etiam
1538 1527 1692 1591 muli,
1720 1542 1829 1582 non
1859 1541 1982 1583 esse

408 1616 495 1671 vel
544 1617 612 1671 ad
664 1618 1077 1687 conceptionem
1134 1619 1219 1673 vel
1276 1618 1712 1687 procreationem
1764 1618 1980 1673 idonea.

2089 439 2328 490 συνεῖναι
2372 436 2442 490 δι’
2482 428 2559 490 ὧν
2595 437 2625 489 6
2652 435 2840 506 νοητὸς
2884 434 3047 497 λύκος
3098 432 3381 489 διώκεται.
3414 433 3549 486 Τίνα
3601 433 3659 485 δὲ

2086 526 2260 581 ταῦτα
2284 543 2299 593 ;
2328 526 2610 597 Προσευχὴ
2638 525 2733 579 καὶ
2758 525 2983 597 νηστεία
3010 541 3025 558 ’
3061 523 3122 578 τδ
3160 525 3316 595 γένος
3340 523 3473 593 γὰρ,
3498 523 3657 594 φησὶ,

2082 617 2242 673 τοῦτο
2293 618 2395 671 οὐκ
2440 616 2762 672 ἐκϐάλλεται
2816 617 2868 670 εί
2918 617 2998 689 μὴ
3025 617 3087 671 ιν
3130 617 3411 686 προσευχῇ
3442 614 3536 669 καὶ
3564 630 3658 683 νη-

2085 711 2259 780 στείᾳ.

2162 800 2227 854 Ἦ
2271 799 2328 853 δέ
2358 815 2423 868 γε
2466 798 2949 868 καμηλοπάρδαλις
2991 798 3051 853 ιν
3095 797 3272 868 Διὸύῃ
3319 795 3660 866 καθορᾶσθαι

2083 891 2387 962 ἱστόρηται.
2420 890 2585 944 Αίτία
2615 889 2674 943 δὲ
2722 890 2818 959 τῆς
2868 887 3127 958 τοιαύτης
3170 887 3456 958 ἐπιμιξίας
3488 888 3519 957 ἡ
3556 888 3655 955 τῆς

2080 980 2270 1052 χώρας
2296 979 2551 1050 ἀνυδρία·
2588 978 2718 1049 περὶ
2749 978 2858 1047 γὰρ
2882 977 2952 1032 τὰ
2982 979 3163 1033 extio:
3194 977 3367 1032 ὕδατα
3395 976 3655 1045 ὀλιγοστὰ

2080 1071 2212 1125 ὄντα
2247 1070 2563 1139 ἁθροίζεται
2597 1068 2857 1138 πολυειδῆ
2891 1066 3030 1134 ζῶα,
3070 1067 3370 1121 κάντεῦθεν
3409 1066 3657 1131 ἀλλήλοις

2080 1162 2529 1233 ὲπιμιγνυμένων
2552 1160 2731 1217 αὐτῶν
2759 1159 2922 1231 θηρία
2956 1158 3287 1231 πολύμορφα
3317 1159 3582 1213 τίκτεται.

2152 1423 2394 1478 Γίνωσκε
2444 1421 2525 1489 δὲ,
2554 1421 2833 1492 ἀγαπητὲ,
2885 1420 2968 1477 ὅτι
3023 1420 3092 1476 τὰ
3142 1419 3373 1477 τοιαῦτα
3424 1421 3659 1477 σύνθετα

2083 1513 2220 1582 ζῶα,
2249 1513 2396 1567 καθὰ
2433 1512 2498 1584 δὴ
2525 1515 2621 1567 καὶ
2665 1514 2716 1565 ol
2743 1512 2979 1583 ἡμίονοι,
3010 1513 3112 1571 οὐκ
3136 1511 3337 1569 εὔθετα
3370 1515 3482 1566 stat
3523 1514 3661 1584 πρὸς

2085 1605 2351 1677 σύλληψίν
2398 1621 2460 1658 τε
2510 1605 2606 1657 καὶ
2666 1605 2945 1675 γέννησιν.
2984 1604 3142 1667 Τίνος
3190 1604 3418 1670 ἐνεκενς
3452 1605 3576 1658 Ὅτι
3603 1603 3664 1670 ἐξ

414 1702 773 1770 Quamobrem
798 1705 974 1762 istuc?
999 1705 1157 1772 Quod
1183 1721 1250 1761 ex
1282 1707 1514 1761 diversis
1531 1708 1829 1778 generibus
1857 1723 1985 1762 con-

2090 1696 2386 1767 ἀλλοτρίων
2414 1696 2786 1765 συνεστηκότα
2836 1692 3011 1748 ταῦτα
3040 1694 3216 1763 γενῶν
3253 1696 3662 1765 διεφθαρμένην

414 1806 573 1864 stent,
606 1812 671 1852 ac
718 1807 1009 1868 propterea
1048 1798 1131 1852 vis
1175 1798 1428 1869 gignendi
1462 1798 1515 1853 in
1547 1799 1630 1853 eis
1670 1798 1856 1854 vitiata
1888 1797 1981 1862 sit,

412 1895 778 1942 consentanea
818 1888 872 1943 id
917 1889 1137 1957 quidem
1173 1890 1406 1945 ratione.
1438 1887 1648 1958 Quippe
1688 1904 1789 1945 nec
1840 1898 1984 1945 terra

413 1979 565 2034 initio
606 1995 788 2033 rerum
824 1993 886 2033 ea
926 1978 1184 2047 produxit
1214 1987 1272 2033 ut
1296 1980 1554 2036 animalia
1600 1989 1796 2035 caetera
1837 1980 1981 2050 (nam

412 2069 670 2139 deinceps
707 2072 943 2125 humana
983 2070 1222 2126 sollertia
1253 2071 1485 2140 quadam
1524 2079 1581 2125 et
1612 2071 1842 2125 artificio
1873 2070 1982 2141 62

412 2161 684 2214 asinorum
736 2170 793 2215 et
833 2174 1096 2229 equorum
1142 2160 1449 2232 excogitata
1488 2170 1573 2215 est
1617 2159 1981 2239 coniunctio),

413 2267 513 2307 nec
549 2267 736 2306 vocem
784 2251 933 2305 illam
981 2251 1219 2305 divinam
1268 2251 1598 2304 audiverunt
1627 2266 1731 2319 qua
1780 2251 1983 2305 dictum

414 2350 497 2396 est
536 2342 695 2395 aliis:
743 2339 1085 2412 cAugescite
1132 2355 1199 2395 ac
1248 2332 1683 2410 multiplicamini
1703 2341 1769 2396 δ’.
1812 2359 1830 2393 ι
1866 2342 1984 2408 Quo

414 2424 469 2487 lit
500 2441 557 2488 ut
582 2432 906 2502 procreandi
940 2432 1020 2487 vis
1052 2432 1105 2485 in
1142 2430 1274 2501 ipsis
1310 2431 1497 2487 vitiata
1525 2432 1616 2486 sit.

481 2523 761 2580 Lnicornu
804 2521 1003 2578 animal
1048 2531 1129 2577 est
1178 2521 1332 2576 valde
1378 2520 1580 2587 ferum,
1628 2524 1774 2593 quod
1807 2537 1985 2593 neque

414 2610 509 2686 per
553 2624 841 2683 venatores
888 2629 1068 2685 neque
1107 2615 1270 2669 modo
1312 2614 1425 2669 ullo
1468 2614 1577 2670 alio
1622 2616 1741 2685 capi
1783 2625 1982 2684 potest.

415 2705 776 2761 Nihilominus
820 2706 931 2760 fera
975 2715 1083 2760 tam
1116 2705 1372 2762 immanis
1418 2706 1487 2761 ad
1522 2705 1783 2763 feminam
1820 2707 1985 2779 virgi-

415 2811 562 2863 nem,
593 2810 713 2864 quae
746 2793 1047 2864 splendidis
1098 2794 1287 2848 induta
1316 2794 1388 2847 sit
1419 2792 1663 2848 vestibus
1690 2802 1745 2847 et
1786 2804 1985 2849 ornatu

415 2886 560 2939 vario
592 2884 822 2949 exculta,
851 2899 959 2938 non
994 2893 1200 2940 tantum
1228 2882 1462 2948 accedit,
1486 2883 1582 2939 sed
1611 2883 1774 2938 etiam
1813 2882 1985 2952 ipsius

414 2978 480 3031 ad
510 2991 685 3047 genua
720 2974 1087 3045 procumbens
1123 2973 1377 3042 quiescit.
1413 2973 1561 3029 idem
1597 2983 1711 3028 tum
1747 2974 1803 3028 in
1844 2974 1984 3029 divi-

414 3064 583 3119 nitatc
613 3065 703 3118 illa
730 3063 1108 3134 inaspectabili
1132 3072 1185 3118 et
1211 3064 1693 3134 incomprehensili
1718 3076 1832 3120 tum
1856 3080 1985 3123 vera

413 3155 636 3226 solaque
665 3152 887 3225 Virgine
919 3154 1103 3209 videre
1133 3164 1248 3219 est;
1279 3154 1384 3210 nisi
1410 3155 1554 3209 enim
1588 3156 1848 3225 templum
1882 3158 1987 3212 hoc

414 3254 692 3314 repertum
756 3257 904 3298 esset
950 3245 1330 3315 puriSsimum,
1392 3245 1533 3301 Deus
1572 3246 1629 3300 in
1683 3248 1843 3303 terris
1877 3264 1984 3307 non

414 3347 742 3404 conspectus
769 3350 871 3387 nec
904 3350 1028 3388 cum
1063 3336 1377 3390 hominibus
1412 3346 1662 3391 versatus
1690 3336 1912 3394 fuisset.

484 3421 733 3477 Formica
761 3424 966 3492 spicam
1009 3414 1386 3479 conscendens
1406 3425 1645 3481 olfacere
1679 3430 1982 3496 consuevit,

414 3522 478 3571 ac
508 3516 779 3585 siquidem
812 3517 1075 3571 hordeum
1122 3519 1519 3589 reperit,.fugit
1551 3520 1678 3576 inde
1723 3536 1889 3592 seque
1918 3524 1987 3581 ad

417 3606 581 3660 tritici
618 3605 821 3676 spicam
870 3606 1105 3661 confert.
1150 3607 1264 3663 lloc
1294 3608 1340 3663 si
1371 3608 1598 3666 formica
1633 3610 1785 3678 facit,
1815 3613 1987 3668 multo

414 3699 585 3768 magis
612 3713 711 3752 nos
734 3697 1121 3753 abhorrentem
1150 3714 1180 3753 a
1205 3700 1433 3755 veritate
1461 3701 1766 3759 doctrinam
1794 3720 1989 3760 cavere

413 3788 695 3854 debemus,
730 3794 785 3842 et
828 3788 895 3842 ad
938 3789 1202 3855 triticum,
1250 3789 1552 3845 doctrinam
1600 3792 1855 3849 videlicet
1901 3810 1988 3850 re-

413 3879 737 3948 ctissimam,
766 3882 1051 3937 accedere.
1079 3880 1209 3947 Quae
1234 3881 1362 3952 lupo
1395 3891 1523 3941 sunt
1557 3884 1822 3939 adversus
1860 3901 1990 3942 oves

414 3970 732 4037 inimicitize,
769 3980 1002 4042 possunt
1028 3972 1159 4026 hinc
1193 3973 1355 4026 etiam
1394 3974 1653 4045 perspici.
1694 3974 1751 4029 Si
1783 3976 1987 4031 chorda

412 4062 598 4133 lupina
628 4063 679 4116 in
711 4064 916 4117 cithara
943 4064 1262 4134 reperiatur,
1286 4064 1508 4135 reliqua:
1538 4065 1606 4121 de
1632 4066 1826 4123 ovibus
1851 4083 1982 4122 con-

414 4153 563 4208 factae
604 4155 825 4209 chordae
858 4156 1020 4209 silent
1049 4171 1113 4210 ac
1141 4170 1340 4209 sonum
1373 4157 1585 4213 nullum
1618 4158 1807 4213 edunt.
1838 4156 1988 4213 Idem

413 4244 599 4299 videre
626 4253 708 4299 est
736 4247 791 4297 in
825 4247 1118 4315 tympanis.
1142 4246 1509 4311 Quamobrem
1538 4248 1685 4303 Deus
1714 4265 1824 4304 rem
1854 4251 1990 4304 adeo

2087 1789 2186 1859 τὴν
2215 1788 2351 1858 πρὸς
2380 1787 2442 1841 τὸ
2468 1786 2679 1843 τίκτειν
2703 1785 3039 1857 ἀπειληχασι
3084 1785 3337 1855 δύναμιν.
3372 1787 3484 1841 Καὶ
3513 1787 3663 1840 είκόσ

2087 1899 2231 1946 τως·
2258 1880 2383 1935 οὔτε
2438 1880 2549 1951 γὰρ
2608 1882 2641 1951 ἡ
2695 1881 2767 1951 γῆ
2825 1879 2948 1936 κατ’
2976 1881 3154 1953 ἀρχάς
3198 1880 3434 1953 ἐξήγαγε
3467 1880 3663 1948 ταῦτα,

2088 1976 2232 2031 καθά
2282 1975 2348 2046 δὴ
2397 1976 2493 2029 καὶ
2545 1972 2615 2028 τὰ
2661 1974 2825 2030 λοιπὰ
2874 1974 2993 2038 ζῶα
3028 1975 3297 2047 (καὶγὰρ
3327 1975 3388 2041 ἐξ
3416 1976 3664 2039 ἐπινοίας

2089 2066 2314 2138 ὕστερον
2370 2066 2716 2137 ἀνθρωπίνης
2778 2067 2807 2138 ἡ
2857 2067 2968 2123 τῶν
3029 2068 3169 2122 ὄνων
3216 2084 3277 2122 τε
3330 2068 3425 2122 καὶ
3480 2068 3665 2123 ῐππων

2087 2155 2365 2228 ἐπενοήθη
2405 2156 2702 2227 σύζευξις),
2732 2157 2861 2217 οὔτε
2893 2156 2993 2224 τῆς
3043 2156 3194 2220 θείας
3227 2158 3445 2229 ἐκείνης
3473 2159 3662 2228 φωνῆς

2088 2248 2327 2317 ἥκουσαν
2373 2247 2472 2316 τῆς
2498 2246 2642 2302 οὕτω
2669 2247 2957 2319 λεγούσης,
2997 2265 3017 2301 ι
3046 2248 3361 2314 aeratae;
3405 2253 3501 2303 καὶ
3526 2251 3666 2321 πληο

2090 2336 2338 2390 θύνεσθε.
2376 2355 2397 2390 t
2433 2338 2625 2392 Ἔνθεν
2673 2355 2754 2392 τοι
2785 2339 2880 2392 καὶ
2913 2339 3013 2409 τὴν
3049 2339 3185 2409 πρὸς
3227 2339 3290 2394 τὸ
3328 2340 3535 2394 τίκτειν
3564 2342 3661 2396 δύο

2089 2444 2252 2498 ναμιν
2275 2428 2675 2498 διεφθαρμένην
2708 2429 3033 2499 ἐσχήκασιν.

2174 2519 2232 2572 Ὀ
2263 2520 2571 2590 μονόκερως
2614 2519 2754 2584 ζῶόν
2804 2521 2921 2577 ἐστι
2957 2521 3053 2576 καὶ
3101 2522 3243 2579 πάνυ
3270 2522 3487 2593 ἄγριον.
3520 2523 3663 2592 μήτε

2089 2614 2354 2685 θηραταῖς
2404 2602 2544 2683 μήτε
2593 2610 2769 2677 ἄλλως
2818 2629 2938 2677 πως
2981 2615 3372 2685 άγρευόμενον.
3405 2615 3665 2686 Παρθένῳ

2086 2706 2145 2760 δὲ
2171 2706 2414 2774 γυναικὶ,
2446 2706 2541 2758 καὶ
2569 2704 2744 2759 ταῦτα
2766 2704 3256 2778 λαμπρειμονούσῃ
3277 2709 3373 2761 καὶ
3397 2706 3662 2769 ποικίλως

2088 2795 2472 2866 ὲστολισμένη,
2503 2795 2602 2849 καὶ
2643 2796 2997 2871 περιέρχεται
3050 2796 3112 2850 τὺ
3154 2796 3493 2868 δυσθήρατον
3522 2796 3663 2860 ζῶον

2089 2887 2182 2939 καὶ
2215 2887 2365 2957 παρὰ
2393 2889 2506 2950 τοῖς
2551 2887 2774 2953 γόνασιν
2800 2888 2973 2957 αὐτῆς
2998 2887 3363 2943 ἀναπαύεται.
3403 2887 3575 2941 Τοῦτο
3602 2887 3661 2940 δὲ

2090 2980 2185 3033 καὶ
2227 2980 2319 3032 ἐπὶ
2361 2980 2457 3049 τῆς
2510 2980 2745 3049 ἀοράτου
2799 2979 2892 3033 καὶ
2941 2980 3218 3050 ἁθηράτου
3266 2980 3524 3050 θεότητος
3564 2982 3665 3032 καὶ

2087 3072 2185 3139 τῆς
2225 3071 2389 3137 ὅντως
2433 3073 2527 3125 καὶ
2573 3073 2741 3142 μόνης
2786 3072 3067 3142 Παρθένου
3104 3072 3252 3126 ἐστιν
3286 3072 3415 3125 ίδείν
3442 3087 3458 3102 ·
3502 3072 3551 3124 εί
3584 3072 3660 3143 μὴ

2088 3162 2199 3231 γὰρ
2244 3163 2273 3214 6
2320 3160 2706 3233 καθαρώτατος
2749 3159 2907 3226 οὗτος
2956 3162 3155 3234 εὑρέθη
3202 3165 3347 3228 ναὸς,
3379 3163 3481 3217 οὐκ
3523 3163 3593 3216 ἂν
3630 3166 3660 3217 6

2087 3252 2222 3316 Θεὸς
2254 3252 2349 3306 επὶ
2394 3254 2493 3323 τῆς
2525 3254 2629 3325 γῆς
2661 3253 2818 3327 ὤφθη
2855 3255 2951 3310 καὶ
2983 3258 3097 3320 τοῖς
3132 3254 3443 3327 ἀνθρώποις
3468 3272 3663 3312 συναν-

2089 3344 2359 3416 εστράφη.

2172 3435 2232 3487 '0
2263 3434 2491 3506 μύρμηξ
2536 3437 2630 3491 ἐπὶ
2668 3437 2762 3494 τὸν
2794 3440 2999 3510 στάχυν
3040 3440 3408 3513 ἀνερχόμενος
3437 3445 3668 3517 ὀσφραίφ

2090 3527 2377 3591 νεται,καὶ
2403 3525 2498 3577 ἐὰν
2523 3526 2710 3598 κριθὴ,
2754 3527 2945 3597 φεύγει
2976 3529 3073 3583 ἀπ’
3115 3531 3281 3585 αὑτοῦ
3313 3535 3406 3587 καὶ
3440 3534 3536 3588 ἐπὶ
3574 3535 3666 3587 τὸν

2089 3614 2184 3672 τοῦ
2232 3615 2387 3668 σίτου
2442 3616 2646 3685 στάχυν
2682 3616 2923 3688 ἔρχεται.
2961 3619 3024 3673 Εί
3068 3620 3129 3674 δὲ
3177 3625 3206 3675 6
3254 3623 3476 3694 μύρμηξ
3521 3623 3665 3676 οὓτω

2092 3709 2254 3773 ποιεῖ,
2288 3706 2468 3778 πολλῷ
2518 3708 2721 3779 μᾶλλον
2773 3711 2934 3781 ἡμεῖς
2980 3711 3081 3784 τὴν
3124 3713 3545 3784 ἑτεροδοξοῦσαν
3580 3717 3662 3769 δι-

2089 3793 2387 3851 δασκαλίαν
2441 3797 2667 3866 φεύγειν
2720 3798 3034 3870 ὀφείλομεν,
3098 3803 3194 3857 ἐπὶ
3249 3803 3308 3859 δὲ
3361 3803 3454 3857 τὸν
3511 3807 3659 3859 σῖτον

2092 3889 2371 3961 ἔρχεσθαι,
2398 3893 2495 3950 τὸν
2544 3893 2838 3965 ὀρθότατον
2863 3895 3068 3968 δηλαδὴ
3096 3898 3273 3967 λόγον.
3306 3900 3370 3953 Ei
3398 3901 3506 3972 γὰρ
3536 3903 3603 3971 ἢν
3635 3904 3664 3955 6

2092 3980 2251 4046 λύκος
2281 3982 2484 4053 ἔχθραν
2513 3989 2650 4055 πρὸς
2683 3986 2750 4039 τὰ
2780 3987 3032 4057 πρόϐατα
3061 4008 3346 4061 κεκτηται,
3368 3993 3671 4047 κάντεῦθεν

2092 4072 2241 4129 ἐστιν
2274 4073 2402 4128 ίὸεῐν
2422 4091 2439 4108 ο
2470 4076 2869 4148 εύρισκομένης
2906 4078 3017 4148 γάρ
3040 4080 3140 4151 τῆς
3171 4082 3371 4151 χορδῆς
3392 4084 3558 4138 αὑτοῦ
3595 4086 3659 4138 ὲν

2095 4165 2321 4237 κιθάρᾳ,
2356 4168 2414 4220 αί
2440 4167 2631 4220 λοιπαὶ
2667 4169 2776 4224 τῶν
2809 4170 3100 4241 προϐάτων
3130 4176 3319 4244 χορδαὶ
3349 4177 3541 4243 σιγῶσι
3571 4179 3666 4229 καὶ

2092 4259 2154 4311 ού
2202 4259 2550 4327 φθέγγονται.
2578 4260 2751 4314 Τοῦτο
2799 4262 2857 4314 δὲ
2909 4265 3007 4318 καὶ
3059 4265 3154 4319 ἐπὶ
3186 4268 3489 4335 τυμπάνων
3518 4268 3667 4320 ἔστιν

414 4351 610 4389 novam
637 4342 692 4389 et
722 4335 1034 4389 inusitatam
1068 4336 1224 4389 initio
1255 4353 1438 4393 rerum
1472 4338 1743 4395 instituit?
1764 4338 1834 4397 Ut
1861 4341 1985 4397 inde

2096 4347 2244 4404 ἰδεῖν.
2277 4350 2436 4414 Τίνος
2476 4351 2533 4405 δὲ
2570 4353 2732 4424 χάριν
2775 4355 2836 4408 τὸ
2870 4357 3174 4428 παράδοξον
3213 4358 3374 4414 τοῦτο
3422 4360 3667 4429 γίνεσθαι

416 4428 616 4482 clarius
652 4428 1092 4498 perspicerentur
1124 4427 1452 4501 inimicitiae,
1485 4444 1619 4501 quas
1652 4430 1990 4491 intellectilis

416 4520 502 4571 ille
536 4523 695 4588 lupus
724 4518 985 4574 adversus
1018 4534 1150 4574 oves
1184 4517 1388 4581 Christi
1410 4521 1551 4589 gerit
1577 4534 1642 4574 ac
1672 4531 1917 4577 exercet.

484 4700 669 4755 Tradit
695 4698 944 4753 ABIianus
970 4697 1420 4753 chamaeledntcm
1450 4699 1617 4754 variis
1641 4699 1831 4755 formis
1862 4715 1995 4756 con-

414 4791 570 4857 spici,
608 4802 666 4844 ut
694 4790 785 4857 qui
820 4790 1006 4843 oculos
1029 4804 1087 4843 se
1120 4788 1453 4843 intuentium
1486 4788 1670 4855 elidat,
1703 4791 1768 4843 ad
1804 4805 1993 4865 exem-

416 4884 563 4950 plum
605 4881 839 4943 Satanae,
865 4880 958 4948 qui
988 4893 1046 4933 se
1076 4878 1133 4932 in
1161 4878 1301 4932 lucis
1330 4877 1581 4950 angelum
1617 4880 1988 4936 transformat.

422 4972 616 5026 Verum
649 4970 971 5025 Aristoteles
1014 4970 1093 5024 ait
1141 4970 1377 5025 maxime
1414 4985 1659 5027 macrum
1692 4980 1747 5026 et
1792 4973 1990 5029 exilem

420 5077 539 5117 esse
578 5062 1022 5116 chaznadeontem
1076 5061 1222 5118 inter
1259 5061 1541 5129 animalia,
1589 5078 1711 5133 qua:
1746 5079 1845 5119 ova
1893 5080 1991 5137 pa.

422 5157 570 5210 riunt
620 5165 675 5210 et
728 5156 1013 5210 terrestria
1062 5164 1226 5222 sunt;
1287 5154 1450 5226 idque
1508 5167 1795 5227 propterea
1845 5160 1993 5229 quod

424 5251 702 5323 sanguinis
736 5264 1028 5320 perparum
1068 5249 1286 5305 habeat.
1332 5248 1485 5306 Hanc
1527 5250 1698 5322 ipsam
1732 5252 1845 5307 vult
1872 5268 1993 5308 esse

422 5358 641 5399 causam
670 5343 872 5399 indolis
894 5346 1092 5403 animae
1116 5343 1174 5399 in
1204 5345 1309 5401 hoc
1335 5343 1577 5399 animali.
1619 5344 1802 5399 Varias
1828 5346 1992 5399 nimi-

421 5454 540 5494 rum
569 5437 771 5494 formas
798 5438 997 5509 accipit
1029 5436 1337 5495 formidinis
1372 5451 1542 5494 causa
1574 5453 1588 5491 :
1626 5449 1808 5495 metus
1846 5441 1991 5494 enim

420 5543 484 5583 ex
524 5530 705 5601 inopia
736 5529 933 5587 caloris
971 5529 1205 5586 exsistit.

448 5632 453 5635 ‘
489 5622 536 5656 ⁸⁸
559 5622 749 5680 Matth.
787 5640 915 5685 xvn.
950 5624 1041 5682 20.
1118 5627 1164 5659 “
1197 5624 1335 5681 Gen.
1371 5640 1409 5681 ι.
1438 5623 1536 5678 92.

2097 4440 2218 4495 κατ’
2263 4442 2445 4512 ἀρχὰς
2489 4446 2948 4516 συγκεχώρηται;
2989 4449 3078 4511 Ὦς
3122 4449 3376 4505 ἐντεῦθεν
3422 4452 3669 4523 ἀριδηλό-

2095 4550 2254 4604 τερον
2283 4534 2574 4602 ιραίνεσθαι
2596 4539 2696 4606 τὴν
2724 4538 2928 4609 ἔχθραν
2961 4540 3030 4610 ἢν
3060 4543 3087 4594 6
3114 4542 3301 4612 νοητὸς
3330 4542 3493 4605 λύκος
3523 4544 3661 4611 πρὸς

2097 4624 2166 4678 τὰ
2199 4624 2292 4677 τοῦ
2322 4626 2563 4692 Χριστοῦ
2595 4627 2888 4699 θριμματα
2917 4632 3201 4701 κέκτηται.

2183 4714 2240 4766 ’0
2272 4716 2372 4785 μὲν
2415 4712 2511 4768 οὖν
2556 4717 2809 4783 Δίλιανὸς
2848 4721 2995 4789 λέγει
3018 4722 3108 4775 τὸν
3137 4723 3505 4793 χαμαιλέοντα
3546 4740 3669 4777 ποι-

2099 4804 2249 4859 κίλον
2302 4804 2590 4875 φαίνεσθαι
2643 4813 2709 4881 τῇ
2762 4815 2945 4883 μορφῇ
3000 4812 3095 4866 ἅτε
3129 4815 3224 4875 τὰς
3272 4814 3383 4867 τῶν
3414 4814 3666 4885 ὁρώντων

2096 4897 2249 4968 ὃψεις
2276 4899 2699 4971 ὶκκρουόμενον,
2736 4904 2880 4957 κατὰ
2918 4904 3153 4977 μίμησιν
3195 4905 3290 4959 τοῦ
3320 4907 3400 4969 είς
3433 4906 3668 4975 ἄγγελον

2099 4990 2276 5059 φωτὸς
2320 4993 2933 5062 μετασχηματιζομένου
2971 4996 3168 5049 Σατάν.
3206 4996 3264 5048 '0
3307 4996 3366 5049 δὲ
3424 4998 3669 5065 Ἀριστο-

2098 5082 2259 5153 τέλης
2297 5082 2466 5152 φησὶν
2492 5084 2575 5137 ὅτι
2605 5085 2917 5154 ἰσχνότατος
2941 5088 2972 5139 6
3004 5088 3323 5157 χαμαιλέων
3360 5089 3471 5142 τῶν
3499 5089 3669 5141 ῶοτό-

2099 5190 2210 5226 κων
2251 5175 2346 5227 καὶ
2373 5173 2577 5237 πεζῶν,
2606 5174 2741 5230 διότι
2783 5174 3205 5247 ὀλιγαιμότατός
3232 5178 3374 5234 ἔστι.
3407 5179 3578 5233 Τοῦτο
3610 5178 3669 5232 δὲ

2102 5264 2273 5317 αῐτιον
2304 5264 2400 5318 καὶ
2445 5264 2542 5318 τοῦ
2585 5265 2685 5335 τῆς
2727 5265 2908 5336 ψυχῆς
2957 5267 3119 5338 ἦθους
3158 5267 3254 5322 τοῦ
3286 5268 3466 5333 ζώουο
3506 5269 3667 5321 πολύ-

2105 5372 2312 5425 μορφον
2343 5355 2451 5426 γάρ
2476 5356 2684 5423 γίνεται
2710 5357 2801 5412 διὰ
2840 5358 2933 5412 τὸν
2968 5358 3169 5429 φόσονο
3192 5363 3220 5416 6
3254 5362 3366 5431 γὰρ
3404 5361 3567 5432 φόϐος
3602 5361 3669 5413 δι’

2107 5444 2316 5498 ἔνδειαν
2349 5445 2703 5517 θερμότητος.
