4062 6186
389 311 490 375 1‘37

1658 325 2065 389 ANNALIUM
2105 329 2300 390 PARS
2339 333 2385 391 Γο

3537 352 3557 415 l
3569 356 3667 417 εἶθ-η

461 427 523 483 Ὀ
554 426 734 499 ἇρῤην
763 421 827 493 ὗς
856 432 1241 499 χαυλιόδοντας
1264 434 1377 506 ἔχει
1413 435 1490 498 ὡς
1513 437 1770 511 ὀξύτερος
1792 442 1873 505 εἰς
1902 443 1962 495 τὸ

2141 447 2290 516 Aper
2344 449 2539 505 dentes
2593 463 2848 509 exsertos
2900 471 2965 533 ac
3023 460 3399 528 prominentes
3460 465 3647 534 habet,

373 517 667 589 πλησσειν,
696 520 757 572 τὸ
795 520 851 573 δὲ
904 522 1039 591 θῆλυ
1080 524 1179 578 ούκ
1232 526 1367 596 ἔχει,
1399 527 1485 595 ἐφ’
1535 521 1579 596 ᾧ
1625 533 1722 586 καὶ
1750 532 1960 601 ἀμυνόο

375 627 545 678 μενον
583 610 794 667 δάκνει.
834 614 994 668 Οὕτω
1030 616 1128 686 μὲν
1172 617 1265 671 οῦν
1290 620 1382 673 καὶ
1421 621 1516 674 ἐπὶ
1563 624 1673 676 τῶν
1706 624 1957 693 ἐλάφωνο

371 700 404 751 ὁ
437 700 536 769 μὲν
562 703 671 770 γὰρ
702 701 880 772 ἄρρην
909 704 1067 774 φέρει
1102 705 1332 775 κέρατα,
1370 712 1404 780 ἠ
1436 711 1495 765 δὲ
1525 711 1716 782 θήλεια
1744 714 1957 768 ούκέρτι.

384 792 555 845 Ἀλλὰ
605 794 704 846 καὶ
756 795 805 847 oi
860 797 1252 867 ἐκτεμνόμενοι
1304 800 1398 864 ὗες
1440 804 1825 872 χαυλιόδοντας
1859 807 1961 859 οὐκ

372 886 584 953 ἔχουσι,
619 886 755 939 διότι
782 886 885 958 τὴν
909 887 1071 957 φύσιν
1122 891 1260 961 πρὸς
1296 893 1361 946 τὸ
1404 893 1760 966 θηλυπρεπὲς
1789 916 1967 968 μετα-

377 976 668 1044 μείὸουσν
706 979 798 1033 καὶ
832 980 943 1051 γὰρ
966 981 1022 1035 αἱ
1050 981 1268 1053 θήλειαι
1300 985 1510 1042 τούτων
1537 988 1888 1059 ἐστέρηνται.

447 1154 690 1209 Γίνωσκε
743 1156 801 1210 δέ
856 1158 949 1212 καὶ
998 1159 1178 1227 τοῦτο,
1211 1162 1293 1217 ὅτι
1349 1166 1404 1218 αἱ
1447 1166 1638 1236 ἄγριαι
1679 1165 1771 1233 ὕες
1812 1170 1958 1241 ἁπλῇ

373 1250 553 1317 τροφῇ
598 1246 885 1317 χρώμεναι
918 1248 1032 1320 (l5)
1069 1252 1217 1316 ἅπαξ
1246 1254 1341 1306 τοῦ
1376 1256 1627 1310 ἐνιαυτοῦ
1659 1260 1959 1326 τίκτουσιν,

374 1340 430 1390 αἱ
473 1338 525 1391 δὲ
559 1337 765 1408 ἧμεραι
798 1340 879 1401 δὶς
907 1341 997 1394 διὰ
1038 1342 1139 1411 τὴν
1170 1346 1404 1414 παχεῖαν
1428 1344 1663 1403 δίαιταν.
1696 1349 1761 1403 Ai
1796 1370 1960 1406 πιαν-

375 1430 555 1482 θεῖσαι
612 1429 706 1493 ὕες
752 1431 1193 1504 λειλιιιοτριχούσι⁹
1253 1439 1609 1507 πιαινόμεναι
1662 1442 1773 1512 γὰρ
1821 1462 1959 1515 σαρ-

375 1522 626 1589 κοῦνται,
659 1525 865 1592 μᾶλλον
894 1527 951 1580 δὲ
982 1528 1233 1582 τοιαῦται
1258 1530 1316 1583 αἱ
1347 1532 1685 1596 πέπτουσαι,
1717 1534 1961 1590 πέπτουο

377 1629 470 1665 σαι
497 1613 553 1666 δὲ
576 1613 858 1668 λείπονται
902 1616 997 1669 τοῦ
1029 1620 1469 1691 περιττώματος,
1501 1624 1556 1677 αἱ
1596 1624 1655 1677 δὲ
1679 1625 1865 1696 τρίχες
1892 1629 1957 1682 ἐκ

376 1704 487 1755 τῶν
516 1706 970 1777 περιττωμάτων.

460 1885 525 1938 Ἦ
557 1884 613 1939 δὲ
649 1886 795 1939 αἰτία
821 1887 889 1940 δι’
917 1889 982 1958 ἢν
1004 1892 1029 1943 ό
1058 1882 1121 1954 ῦς
1149 1909 1208 1945 τε
1234 1895 1327 1947 καὶ
1353 1895 1385 1947 ὁ
1408 1897 1575 1959 ἵππος
1603 1899 1779 1968 ἀφρὸν
1810 1902 1963 1972 παρὰ

378 1977 458 2046 τῷ
484 1979 713 2046 στόματι
741 1979 1024 2050 φέρουσιν,
1061 1982 1223 2055 α’ύτη.
1277 1986 1339 2040 'll
1378 1988 1656 2061 θερμότης
1690 1991 1961 2058 ὡσαύτως

377 2068 474 2121 καὶ
516 2069 548 2134 ή
584 2067 801 2138 κίνησις
845 2069 1151 2127 λευκαίνειν
1192 2076 1353 2131 εῖωθε
1386 2081 1455 2133 τὶ
1500 2081 1641 2152 ὑγρὰ
1675 2083 1812 2153 (l6).
1846 2086 1960 2139 Καὶ

376 2160 477 2227 δρα
528 2161 631 2228 τὴν
690 2160 965 2216 θάλασσαν
997 2180 1013 2197 ·
1066 2170 1358 2241 κινουμένη
1424 2173 1535 2243 γὰρ
1593 2174 1686 2226 ὑπ’
1742 2175 1959 2245 ἀνέμων

376 2252 742 2308 λευκαίνεται.
813 2255 953 2325 ’θρα
1004 2260 1133 2322 τοὺς
1197 2261 1630 2333 θποκπιομένους
1698 2266 1954 2337 λέὸητας.

378 2340 525 2411 Ὅρα
550 2342 650 2413 τὴν
681 2344 740 2397 ἐν
784 2344 861 2413 τῷ
885 2346 1009 2417 ἀέρι
1048 2348 1361 2421 ὑγρότηταο
1413 2355 1678 2424 χειμῶνος
1712 2359 1819 2427 γὰρ
1863 2359 1958 2413 ὑπ’

375 2432 596 2503 ἀνέμων
623 2438 916 2511 κινουμένη
939 2438 1312 2508 λευκαίνεται.
1341 2446 1737 2521 λευκαινομὲνη
1780 2451 1835 2504 δὲ
1865 2452 1954 2505 διὰ

376 2524 477 2595 τὴν
509 2527 820 2594 τηνικαῦτα
863 2530 1026 2598 ψῦξιν
1083 2534 1381 2603 πήγνυται,
1420 2539 1515 2591 καὶ
1551 2538 1727 2603 οὕτως
1762 2542 1794 2610 ἡ
1823 2542 1958 2611 χιὼν

376 2617 757 2684 καταφέρεται
783 2634 799 2649 ο
826 2621 877 2693 ἡ.
901 2622 1012 2692 γὰρ
1043 2623 1177 2692 χιὼν
1221 2625 1374 2678 οὐδὲν
1411 2628 1543 2681 ἄλλο
1569 2631 1718 2682 ἐστὶν
1747 2632 1780 2701 ἢ
1812 2631 1953 2700 ὕδωρ

375 2708 684 2776 ἡμιπαγὲς.
711 2709 868 2764 Οῦτω
895 2712 995 2782 μὲν
1021 2710 1115 2767 οὖν
1146 2717 1241 2769 καὶ
1268 2719 1421 2789 παρᾶ
1452 2720 1527 2790 τῷ
1560 2722 1649 2776 eiii.
1673 2725 1769 2777 καὶ
1801 2724 1957 2795 ἵππῳ

376 2799 527 2871 ὑγρὰ
575 2802 955 2875 λεπτυνόμενα
993 2809 1073 2871 εἰς
1116 2810 1475 2880 πομφόλυγας
1519 2814 1609 2867 διὰ
1644 2815 1958 2887 θερμότητα

376 2896 475 2947 καὶ
504 2895 720 2960 κίνησιν
751 2897 832 2959 εις
857 2898 1033 2967 ἀφρὸν
1073 2901 1525 2970 μεταόἀλλονται.

452 2986 517 3038 El
570 2987 627 3039 δὲ
683 2987 778 3040 καὶ
820 2988 913 3042 τδν
964 2990 1123 3058 λόγον
1153 2992 1358 3056 ἐθέλεις
1390 2997 1583 3065 μαθεῖν
1620 2991 1683 3051 οὗ
1717 2999 1881 3069 χάριν
1906 3001 1955 3053 οἱ

373 3075 546 3140 κύνες
591 3080 745 3147 μόνοι
785 3079 1018 3134 λυττῶσι
1052 3084 1193 3136 κατά
1236 3101 1299 3151 γε
1324 3084 1384 3136 τὸ
1420 3085 1598 3155 θέρος,
1629 3068 1807 3158 σαφὴς
1848 3091 1957 3143 ἰδοὺ
1986 3068 2029 3128 c

374 3176 477 3224 καὶ
534 3164 689 3235 οὗτός
744 3189 828 3226 σοι
868 3174 1185 3244 πρόκειται.
1220 3177 1505 3231 Λυττῶσιν
1560 3182 1611 3234 οἱ
1666 3181 1826 3246 κύνες
1869 3183 1960 3237 διὰ

373 3264 480 3333 τὴν
520 3266 790 3335 πρόληψιν
843 3268 945 3337 τῆς
997 3268 1171 3336 ξηρᾶς
1218 3269 1492 3340 κράσεως.
1525 3271 1690 3325 Φύσει
1737 3274 1794 3327 δέ
1852 3278 1960 3330 εἱσι

375 3355 566 3424 ξηροὶ,
592 3356 688 3409 καὶ
741 3357 902 3412 πλέον
955 3362 1069 3423 τοῖς
1108 3359 1380 3430 καύμασι.
1411 3362 1832 3434 Θερμαινόμενα
1865 3366 1962 3421 οὖν

376 3451 480 3501 καὶ
508 3448 1021 3519 καταξηραινόμενα
1042 3452 1377 3521 ἐκπυροῦται
1407 3454 1475 3508 τὰ
1499 3458 1557 3509 ἐν
1583 3458 1768 3523 αὐτοῖς
1793 3460 1961 3532 ὑγρὰ,

377 3540 685 3593 κάντεῦθεν
713 3541 802 3594 διὰ
830 3542 929 3611 τὴν
953 3542 1094 3611 ἄγαν
1128 3542 1405 3615 ξηρότητα
1433 3546 1745 3617 μαίνονται,
1779 3550 1958 3605 καθά·

379 3648 491 3701 περ
539 3632 590 3684 οἱ
637 3633 1058 3703 φρενητιῶντες.
1090 3635 1256 3690 Ὅθεν
1302 3638 1398 3690 καὶ
1451 3637 1512 3692 τὸ
1566 3640 1745 3695 σίελον
1777 3642 1962 3707 αὐτοῖς

382 3724 539 3787 ἰῶδες
560 3724 772 3794 γίνεται
818 3725 914 3780 καὶ
942 3725 1258 3799 ξηρότερον.
1304 3730 1430 3784 Ὀτι
1480 3731 1538 3785 δὲ
1572 3732 1960 3803 ἐκπυροῦνται,

375 3817 539 3885 δῆλον
577 3818 642 3870 ἐκ
696 3816 791 3871 τοῦ
848 3818 1173 3889 ἀσθμαίνειν
1211 3822 1434 3886 πυκνῶς
1462 3823 1557 3876 καὶ⁸
1612 3823 1840 3895 πυρώδη
1892 3828 1960 3881 τὰ

377 3910 607 3978 ὄμματα
638 3908 785 3979 ἔχειν
830 3912 925 3964 καὶ
973 3913 1321 3981 ἠνεῳγμένον
1368 3914 1431 3966 τὸ
1474 3913 1650 3984 στόμα
1679 3914 1817 3985 πρὸς
1857 3915 1959 3985 ιμ-

378 4001 541 4069 ψυξιν
580 4001 765 4071 ἀέρος.
795 4001 1043 4056 Αυττῶσι
1084 4005 1142 4059 δὲ
1191 4006 1253 4059 οὐ
1303 4007 1507 4072 πάντες
1548 4009 1597 4061 oi
1631 4007 1814 4074 κύνες,
1846 4009 1963 4063 ἀλλ’

380 4094 607 4164 ὅσοιπερ
630 4095 691 4147 ἐν
714 4093 923 4159 τούτοις
955 4095 1261 4169 ξηρότεροι.
1296 4100 1455 4165 Τινὲς
1483 4101 1540 4154 δέ
1572 4119 1708 4171 φασι
1743 4103 1838 4155 καὶ
1868 4102 1961 4156 τὸν

381 4183 539 4236 Κύνα
566 4184 627 4236 τὸ
659 4183 861 4254 ἄστρον
892 4186 1300 4256 συμϐάλλεσθαι
1335 4189 1475 4244 κατά
1504 4208 1628 4245 τινα
1656 4191 1960 4263 ἀπόρροιαν

380 4274 600 4340 τούτοις
644 4278 783 4347 πρὸς
810 4278 911 4348 τὴν
942 4278 1166 4334 λύσσαν.
1203 4282 1609 4352 Λυττήησαντες,
1645 4283 1787 4338 καθά
1824 4301 1961 4355 φησι

2075 539 2308 609 ideoque
2335 542 2516 597 acrius
2541 545 2813 613 vulnerat;
2834 561 2927 603 eos
2958 549 3153 607 dentes
3185 552 3397 609 femeila
3429 559 3644 614 deside-

2072 640 2181 695 rat,
2207 640 2263 686 et
2301 645 2591 703 prapterea
2629 639 2847 706 quoties
2884 655 2951 695 se
2992 651 3177 697 tuetur
3218 648 3467 709 mordere
3517 666 3640 706 con-

2071 725 2272 781 suevit.
2307 725 2499 782 Itidem
2531 730 2584 783 in
2632 730 2811 785 cervis
2844 747 3052 789 marem
3085 750 3290 792 cornua
3323 750 3535 808 gestare
3567 736 3644 797 vi-

2071 815 2283 883 demus,
2341 834 2461 888 quze
2521 820 2578 873 in
2643 820 2844 876 femina
2900 825 3049 877 nulla
3106 839 3254 881 sunt.
3305 827 3480 884 Etiam
3526 834 3642 902 apii

2069 909 2291 962 castrati
2318 909 2513 967 dentes
2549 921 2796 968 exsertos
2829 929 2938 968 non
2981 916 3199 981 habent,
3230 920 3373 987 quod
3403 920 3641 989 ipsorum

2068 1009 2264 1055 natura
2298 1001 2365 1055 de
2394 1002 2533 1057 virili
2564 1003 2619 1056 in
2646 1003 2939 1060 femineam
2968 1006 3399 1078 degeneraverit,
3428 1028 3548 1081 quae
3575 1013 3644 1068 ab

2068 1089 2285 1155 iisdem,
2313 1106 2414 1146 ceu
2447 1093 2651 1148 dictum
2684 1102 2789 1158 est,
2815 1095 3149 1152 destituitur.

2140 1178 2410 1236 Praeterea
2444 1184 2585 1239 scito
2614 1200 2740 1240 sues
2766 1186 3063 1254 silvestres,
3087 1205 3206 1258 quae
3227 1192 3490 1249 alimento
3514 1195 3643 1249 sim-

2067 1269 2196 1340 plici
2250 1281 2497 1340 utuntur,
2531 1276 2698 1329 semel
2740 1276 2793 1330 in
2826 1293 2972 1333 anno
3031 1295 3240 1349 parere,
3276 1297 3399 1337 cum
3431 1285 3642 1341 cicures

2066 1361 2137 1415 ob
2162 1362 2559 1419 nutrimentum
2601 1366 2860 1437 pinguius
2906 1369 3221 1441 largiusque
3274 1374 3356 1427 bis
3405 1376 3639 1443 pariant.

2066 1451 2282 1507 Easdem
2312 1455 2402 1509 ubi
2432 1458 2663 1526 pingues
2691 1458 2850 1514 facta:
2877 1472 3028 1527 sunt,
3057 1472 3202 1517 setas
3231 1479 3293 1519 ac
3325 1466 3461 1533 pilos
3489 1468 3642 1521 amit-

2065 1552 2205 1599 tunt.
2242 1545 2457 1617 Quippe
2487 1563 2609 1602 cum
2645 1551 3030 1620 pinguescunt,
3062 1564 3116 1608 et
3155 1554 3267 1625 jam
3304 1557 3473 1626 magis
3518 1573 3642 1610 car—

2065 1649 2214 1689 nosae
2243 1636 2581 1703 redduntur;
2619 1653 2863 1694 carnosae
2903 1642 3105 1695 rectius
3144 1642 3308 1696 etiam
3344 1643 3636 1714 digerunt;

1986 1734 2033 1793 Β
2062 1739 2185 1793 quae
2210 1724 2465 1795 digerunt
2487 1728 2792 1793 commode,
2817 1745 3005 1798 parum
3026 1730 3133 1802 63
3176 1736 3509 1787 excrementi
3554 1736 3641 1788 ha-

2061 1815 2223 1879 bent;
2254 1816 2321 1870 de
2347 1819 2714 1881 excrementis
2756 1828 2938 1873 autem
2971 1830 3102 1875 setae
3131 1837 3193 1876 ac
3221 1823 3313 1891 pili
3347 1825 3634 1878 exsistunt.

2130 1907 2241 1960 Cur
2272 1923 2404 1976 aper
2439 1918 2494 1962 et
2516 1925 2687 1978 equus
2712 1926 2961 1979 spumam
2995 1913 3140 1968 circa
3167 1928 3229 1968 os
3277 1926 3486 1984 gerant,
3526 1918 3637 1968 lucc

2061 2012 2225 2052 causa
2255 2006 2363 2055 est.
2393 1998 2556 2054 Calor
2582 2008 2636 2055 et
2662 2011 2844 2057 motus
2869 2017 2934 2057 ex
2957 2019 3113 2073 aequo
3141 2019 3229 2059 res
3254 2004 3507 2060 humidas
3529 2004 3642 2059 eﬂl-

2061 2091 2217 2145 ciuut
2248 2091 2424 2147 albas.
2459 2091 2596 2147 Vide
2625 2093 2755 2160 quid
2789 2095 2925 2148 mari
2958 2098 3172 2151 accidat
3199 2115 3213 2151 :
3245 2111 3369 2151 cum
3397 2114 3423 2150 a
3467 2098 3645 2152 ventis

2060 2190 2455 2248 commovetur,
2488 2183 2737 2240 albescit.
2791 2185 3005 2255 inspice
3049 2187 3209 2250 ollas,
3256 2189 3455 2256 quibus
3505 2190 3642 2258 ignis

2060 2274 2367 2343 subjicitur.
2424 2274 2644 2330 Intuere
2695 2277 3008 2341 humorem,
3068 2278 3160 2346 qui
3216 2286 3301 2332 est
3354 2280 3407 2333 in
3464 2294 3638 2334 aere:

2060 2368 2294 2437 agitatus
2324 2382 2354 2421 a
2385 2368 2566 2423 ventis
2598 2369 2834 2424 hiberno
2876 2379 3122 2439 tempore
3169 2369 3407 2425 colorem
3459 2372 3647 2425 album

2059 2457 2286 2528 accipit;
2321 2468 2610 2527 postquam
2653 2460 2850 2523 albuit,
2903 2461 2975 2515 ob
3016 2461 3214 2530 frigus,
3252 2464 3398 2530 quod
3448 2469 3537 2515 est
3589 2464 3644 2515 in

2058 2565 2210 2613 aere,
2259 2550 2601 2619 congelatur.
2638 2550 2714 2604 Ita
2764 2556 2858 2604 nix
2890 2551 3201 2618 delabitur;
3250 2568 3374 2606 nam
3405 2567 3467 2607 ea
3504 2551 3659 2605 nihil.

2058 2648 2147 2696 est
2175 2638 2323 2693 aliud
2354 2654 2517 2707 quam
2547 2654 2687 2708 aqua
2716 2640 3164 2709 semicongelata.
3198 2640 3291 2694 Sic
3317 2640 3481 2709 igitur
3506 2650 3561 2695 et
3587 2640 3642 2694 in

2059 2745 2193 2799 apro
2222 2745 2283 2783 ac
2302 2744 2445 2798 equo
2476 2730 2735 2784 humores
2760 2729 3001 2783 minutas
3027 2730 3083 2783 in
3113 2728 3289 2784 bullas
3313 2729 3517 2784 redacti
3546 2744 3653 2799 per.

2056 2821 2295 2876 calorem
2321 2829 2375 2875 et
2404 2829 2609 2873 motum
2644 2822 2699 2873 in
2716 2835 2969 2889 spumam
3006 2830 3430 2876 convertuntur.

2132 2993 2339 3061 Quodsi
2368 2992 2637 3048 rationem
2661 2994 2779 3061 ejus
2799 3008 3020 3061 quoque
3045 2994 3121 3046 rei
3146 3008 3311 3047 nosse
3335 2993 3637 3054 desideras.

2062 3086 2416 3158 quamobrem
2449 3100 2614 3139 canes
2648 3084 2747 3138 soli
2777 3085 2970 3139 aestivo
3004 3093 3249 3153 tempore
3277 3087 3386 3139 sint
3416 3086 3638 3152 rabiosi,

2062 3178 2337 3233 luculente
2385 3175 2440 3230 id
2473 3176 2659 3245 ipsum
2707 3175 2796 3229 hic
2833 3175 2927 3229 tibi
2975 3174 3287 3231 declarabo.
3319 3176 3519 3230 Rabies
3558 3179 3644 3230 in-

2062 3269 2224 3324 festat
2249 3280 2419 3323 canes
2459 3275 2681 3337 prapter
2715 3266 2876 3321 siccae
2907 3275 3288 3336 temperatura:
3328 3268 3642 3323 incremen-

2065 3368 2203 3412 tum.
2239 3357 2380 3412 Sunt
2411 3358 2557 3411 euim
2592 3372 2624 3410 a
2657 3366 2851 3411 natura
2896 3357 3050 3423 sicci,
3079 3373 3254 3428 eaque
3283 3360 3501 3414 siccitas
3536 3375 3637 3428 per

2061 3459 2227 3505 aestus
2253 3460 2506 3521 augetur.
2541 3449 2731 3519 Itaque
2753 3449 3013 3504 humores
3041 3450 3095 3504 in
3136 3453 3216 3506 eis
3246 3452 3659 3507 incalesi'eutes

2064 3552 2121 3597 et
2162 3543 2418 3609 paulatim
2459 3542 2719 3597 cxsiccati
2758 3542 2909 3596 velut
2954 3541 3381 3597 inﬂammantur.
3414 3543 3549 3597 llinc
3583 3546 3655 3598 lit.

2064 3644 2124 3689 Il
2149 3634 2330 3688 nimim
2351 3635 2617 3690 siccitatis
2635 3649 2800 3689 causa
2828 3635 2882 3687 in
2910 3634 3116 3689 rabiem
3141 3644 3392 3705 agantur,
3414 3634 3640 3706 perinde

2064 3736 2227 3795 atque
2259 3726 2333 3779 illi
2382 3726 2472 3796 qui
2509 3727 2727 3781 exivere
2769 3726 2837 3781 de
2882 3736 3173 3795 potestate.
3208 3726 3328 3793 Quo
3375 3728 3433 3782 lit
3482 3737 3540 3781 ut
3583 3736 3657 3781 et.

2064 3818 2286 3872 salivam
2336 3817 2621 3871 sicciorem
2673 3825 2730 3871 et
2776 3828 3100 3872 venenatam
3146 3804 3400 3875 habeant.
3441 3819 3506 3872 Et
3552 3818 3639 3871 in-

2062 3908 2326 3963 ﬂammari
2353 3924 2447 3963 eos
2472 3908 2557 3963 vel
2585 3908 2711 3963 inde
2736 3918 2903 3977 patet,
2932 3910 3071 3979 quod
3098 3910 3442 3979 frequentius
3468 3911 3665 3964 anilem

2063 4000 2198 4061 lant,
2227 4000 2415 4053 oculos
2444 4000 2647 4053 habent
2673 3998 2954 4055 ﬂammeos
2975 4011 3031 4054 et
3055 4015 3116 4055 os
3146 4010 3393 4069 apertum
3422 4011 3655 4070 propter

2063 4094 2204 4144 aerls
2246 4089 2733 4159 refrigerationem.
2766 4089 2876 4145 Nec
2908 4092 3087 4145 rabies
3110 4092 3226 4147 hate
3248 4108 3415 4148 canes
3449 4110 3671 4151 omnes,

2065 4187 2248 4241 vexat,
2280 4179 2372 4232 sed
2414 4193 2508 4233 eos
2537 4178 2629 4248 qui
2670 4177 2925 4234 sicciores
2974 4188 3120 4235 sunt.
3156 4181 3410 4239 Nonnulli
3453 4187 3644 4241 volunt

2066 4273 2220 4327 sidus
2260 4270 2415 4336 illud,
2447 4270 2589 4339 quod
2629 4269 2837 4324 Canem
2889 4273 3143 4338 dicimus,
3197 4277 3449 4331 nonnihil
3484 4278 3669 4346 quasi.
3740 4324 3751 4337 ,

381 4365 599 4429 Παῦλος
653 4368 683 4420 ὁ
734 4366 996 4437 Σινόπτης
1048 4368 1183 4437 (l7),
1241 4369 1336 4422 καὶ
1394 4369 1594 4439 βρῶσιν
1644 4372 1738 4424 κα)⁸
1799 4372 1959 4424 πόσιν

2074 4362 2290 4417 deﬂuxu
2317 4361 2551 4430 quodam
2584 4361 2649 4415 ad
2683 4360 2877 4415 horum
2909 4363 3175 4419 insaniam
3219 4367 3494 4423 conferre.
3528 4369 3647 4423 Ca:-

383 4457 847 4528 ἀποστρέφονται,
885 4458 1061 4511 σιελον
1096 4458 1154 4512 δέ
1180 4460 1277 4513 καὶ
1320 4459 1543 4529 δαψιλὲς
1571 4461 1664 4513 καὶ
1709 4461 1961 4529 ἀφρῶδες

2076 4466 2247 4508 terum
2278 4461 2560 4521 postquam
2597 4454 2700 4507 hac
2735 4452 2886 4506 rabie
2916 4457 3151 4524 correpti
3188 4466 3340 4518 sunt,
3382 4461 3647 4527 quemad.

385 4548 601 4614 ἀφιᾶσι,
640 4549 737 4601 καὶ
788 4548 993 4611 ἄφωνοι
1039 4550 1311 4603 τούπεπαν
1360 4550 1524 4616 εἰσιν,
1573 4552 1712 4620 πρὸς
1762 4552 1821 4605 δὲ
1870 4553 1967 4607 καὶ

387 4637 646 4704 ἄφρονες,
681 4635 755 4697 ὡς
788 4636 922 4705 μηδὲ
965 4637 1094 4700 τοὺς
1126 4638 1361 4701 οἰκείους
1410 4639 1727 4710 γνωρίζειν.
1772 4640 1967 4712 Ἐφορ⁴

395 4726 533 4795 μῶσι
573 4729 629 4780 δὲ
659 4726 803 4779 κατὰ
835 4727 1038 4788 παντὸς
1084 4728 1253 4797 χωρὶς
1293 4728 1499 4797 ὑλακῆς
1543 4730 1635 4782 καὶ
1686 4730 1965 4795 δάκνουσι,

397 4819 485 4870 καὶ
505 4817 795 4879 δάκνοντες
838 4818 992 4871 οὐδὲν
1032 4818 1265 4887 ὀχληρὸν
1317 4821 1659 4890 παραχρῆμα
1709 4822 1968 4891 φέρουσι,

400 4908 532 4979 πλὴν
562 4910 690 4962 ὅσον
718 4907 912 4979 ὀδύνην
942 4908 1039 4979 τὴν
1085 4910 1150 4962 ἐκ
1182 4908 1276 4962 τοῦ
1327 4910 1666 4981 τραύματος.
1698 4912 1969 4982 ’Ὕστερον

401 5002 452 5054 δὲ
502 5004 669 5067 πάθος
734 5001 1023 5071 ἐμποιοῦσι
1092 5002 1154 5056 τὸ
1215 5002 1555 5073 καλούμενον
1616 5004 1967 5075 ὑδροφόἥιον⁸

403 5093 659 5162 φεύγουσι
704 5095 816 5163 γὰρ
864 5093 926 5146 τὸ
960 5092 1104 5164 ὕδωρ
1134 5094 1184 5147 ol
1225 5093 1581 5163 λυσσόδηκτοι
1608 5093 1700 5146 καὶ
1728 5094 1968 5165 ὁρῶντες

402 5188 526 5241 αὐτὸ
548 5190 640 5243 καλ⁵
664 5187 1127 5259 προσφερόμενοι.
1154 5186 1327 5240 Ἔνιοι
1354 5186 1410 5240 δὲ
1436 5186 1618 5240 αὐτῶν
1648 5188 1744 5241 καὶ
1776 5186 1965 5259 ὥσπερ

468 5368 581 5444 (l5)
838 5373 937 5428 καὶ
961 5412 976 5427 .
1018 5414 1033 5428 .
1075 5412 1091 5430 .
1130 5412 1146 5428 .
1180 5371 1491 5444 χρώμεναι,
1524 5374 1602 5429 Ex
1620 5372 1683 5444 Γ.

472 5441 581 5513 μβ)
610 5438 927 5513 Invenit-tog
952 5483 966 5497 .
998 5479 1014 5496 .
1042 5482 1058 5498 .
1084 5483 1100 5497 .
1134 5438 1229 5513 .τᾶ
1249 5438 1420 5513 ὐᾷίρὰ.
1440 5438 1519 5499 Εἰ
1537 5442 1753 5513 eodem.

472 5508 583 5584 (17)
703 5512 777 5584 V._
799 5512 1009 5584 Παῦλος
1033 5508 1346 5584 όΣινώπηξ,
1405 5516 1594 5584 sicque
1634 5511 1851 5584 videtur
1911 5509 1964 5584 i_u

407 5578 502 5649 suo
530 5580 728 5649 legisse
756 5580 1117 5637 Leunclavius
1154 5600 1168 5635 :
1216 5578 1293 5636 at'
1318 5584 1373 5636 in
1398 5578 1637 5639 Clarom.
1678 5589 1736 5635 et
1784 5578 1971 5649 Fonti-

411 5647 554 5722 sebr.
580 5647 875 5722 Quidnam.
918 5651 1062 5718 Quid
1093 5652 1138 5705 si
1169 5653 1467 5722 Συνόπτης,
1512 5659 1607 5706 aut
1641 5650 1771 5722 quid
1824 5648 1970 5722 ejus-

416 5718 592 5773 modi?
620 5718 871 5775 Nondum
895 5725 1042 5776 enim
1076 5722 1207 5776 mihi
1233 5721 1302 5776 dc
1341 5718 1615 5793 scriptore
1660 5718 1762 5775 illo
1808 5718 1967 5789 plane

2064 4545 2284 4600 modum
2339 4543 2539 4596 Paulus
2588 4542 2911 4612 Sinopensis
2950 4545 3049 4610 ait,
3103 4555 3213 4600 tam
3248 4548 3431 4603 cibum
3480 4566 3643 4617 quam

2062 4647 2252 4708 potum
2289 4644 2635 4689 aversantur.
2665 4634 2842 4688 Simul
2878 4635 3079 4706 largam
3127 4653 3521 4710 spumeamqne
3559 4658 3647 4694 sa.

2062 4730 2226 4783 livam
2252 4728 2528 4792 emittunt,
2558 4736 2612 4781 et
2644 4728 2699 4781 in
2737 4727 3055 4782 universum
3070 4730 3219 4784 muti
3246 4741 3395 4795 sunt,
3424 4749 3488 4786 ac
3521 4743 3643 4787 tau-

2073 4831 2257 4887 topere
2275 4820 2553 4888 desipiunt
2578 4829 2635 4873 ut
2664 4835 2732 4873 ne
2759 4817 3051 4874 familiares
3073 4822 3294 4889 quidem
3322 4837 3653 4892 agnoscant,~

2073 4911 2169 4967 sed
2216 4912 2270 4963 in
2318 4909 2794 4979 quosvisabsque
2831 4910 3027 4963 latratu
3075 4911 3286 4966 irruant
3332 4923 3386 4967 et
3424 4917 3679 4985 quosvis.-

2073 5002 2381 5057 mordeant.
2414 4998 2512 5053 Hic
2540 5014 2755 5055 morsus
2783 5016 2890 5055 non
2933 5001 3198 5057 continuo
3234 5004 3531 5074 quidquam
3560 5022 3646 5061 se-

2071 5108 2196 5149 cum
2229 5092 2387 5146 aﬂ‘ert
2418 5090 2777 5159 aegritudinis
2809 5100 2905 5146 aut
2955 5093 3234 5157 molestiae,
3276 5103 3473 5165 praeter
3517 5113 3671 5153 cum.

2069 5184 2160 5256 qui
2192 5198 2258 5238 ex
2306 5183 2420 5252 ipsa
2461 5197 2519 5237 re
2564 5180 2800 5236 sentitur
2841 5182 3109 5238 dolorem.
3138 5183 3340 5241 Verum
3384 5188 3676 5263 deinceps.

2067 5379 2302 5449 constat.
2328 5389 2437 5443 qua
2460 5383 2618 5449 aetate
2638 5375 2933 5449 ﬂoruerit.
2964 5375 3458 5449 Suspicabaraiias
3480 5385 3638 5449 eum-

2068 5442 2489 5522 denresselculn
2522 5446 2689 5522 Paulo
2702 5442 3251 5522 _Sil_entiario,'cujus
3274 5450 3488 5522 exstant
3516 5443 3659 5508 ἡμιι

2067 5508 2295 5589 ῖαμσεζα
2333 5513 2400 5589 de
2426 5513 2955 5589 T_l_ier_mis_Py_thi_is_,_
2981 5508 3308 5589 et‘qttaédam
3368 5510 3657 5589 ενξϐτδξυ*

2069 5588 2215 5660 mata
2250 5581 2303 5635 in
2336 5583 2627 5660 Florilegio
2656 5581 2871 5660 Maiiml
2900 5581 3157 5660 Planudis
3201 5581 3659 5660 opera_conci.lt--

2070 5658 2232 5714 nato;
2269 5666 2461 5707 verum
2495 5650 2671 5711 donec
2699 5655 2918 5711 uberior
2948 5654 3044 5708 lux
3087 5650 3309 5710 aliunde
3341 5650 3649 5717 aﬂ'ulscrit,

2069 5720 2242 5776 satius
2269 5729 2351 5777 cst
2380 5723 2618 5793 ἐπέχειν.
