4062 6186
427 340 525 403 139

1676 352 2093 413 MICHAELIS
2135 357 2394 418 GLYCE

3550 357 3651 423 H0

421 451 649 504 morbus
700 454 932 519 accedit,
980 471 1141 525 queat
1196 456 1659 526 bydrolihobium.
1710 463 1780 516 ab
1834 477 1973 532 aqua

2093 467 2254 531 κύνες
2307 468 2603 524 ὑλακτοῦσι
2640 471 2734 523 καὶ
2766 470 3054 523 δάκνουσιν
3101 469 3370 532 ἐπιόντες,
3404 472 3495 522 καὶ
3527 472 3655 524 δάκ-

421 554 591 604 metu,
630 557 843 597 vocant.
885 546 1015 599 Nam
1047 546 1138 613 qui
1186 562 1214 600 a
1270 550 1498 604 canibus
1548 553 1775 607 rabiosis
1820 556 1983 609 morsi

2090 574 2272 624 νοντες
2302 560 2465 614 αἴτιοι
2499 561 2593 614 τοῦ
2633 562 2797 615 αὑτοῦ
2838 560 3044 624 πάθους
3089 562 3457 632 κατέστησαν.
3496 563 3566 614 Ἦ
3595 562 3654 617 δὲ

419 644 564 687 sunt.
592 648 784 702 aquam
818 634 1191 700 reformidant,
1213 638 1331 693 sive
1355 640 1501 695 illam
1529 643 1845 699 intueantur
1873 645 1973 700 sive

2087 652 2195 704 τῶν
2230 654 2657 723 συμπτωμάτων
2708 653 2860 707 αἰτία
2888 653 2996 706 τῶν
3048 652 3146 721 μὲν
3177 653 3351 707 ἄλλων
3398 652 3650 724 εὖδηλος·

422 724 645 791 propius
674 725 955 778 accedant.
990 724 1245 782 Nonnulli
1280 732 1444 784 etiam
1481 747 1676 787 canum
1713 750 1864 789 more
1904 737 1983 790 la-

418 825 563 869 trant
593 826 645 869 et
679 817 816 871 alios
845 820 1083 889 aggressi
1113 824 1384 889 mordent,
1421 841 1528 893 quo
1569 841 1749 880 morsu
1781 828 1982 882 malum

418 906 589 974 ipsum
622 922 943 977 propagant.
986 911 1254 967 Caeterum
1302 930 1422 984 quae
1452 916 1786 985 reliquorum
1840 933 1984 987 sym-

413 1006 719 1065 ptomatum
771 1017 932 1056 causa
989 1004 1059 1057 sit
1111 1015 1280 1074 patet.
1333 1005 1465 1061 Nam
1525 1023 1650 1063 cum
1710 1023 1980 1062 venenum

310 1114 315 1115 ν
413 1086 594 1139 omnia
629 1090 867 1144 membra
909 1102 959 1146 et
994 1093 1172 1161 ipsum
1201 1096 1336 1150 adeo
1359 1097 1647 1152 cerebrum
1675 1098 1977 1167 occupavit,

414 1176 724 1246 huiusmodi
764 1192 1127 1252 symptomata
1168 1200 1354 1240 secum
1383 1187 1579 1242 adfert.
1612 1189 1681 1242 At
1724 1190 1843 1257 ejus
1878 1190 1978 1251 rei,

407 1269 551 1337 quod
600 1287 797 1341 aquam
848 1285 1113 1339 metuant,
1160 1291 1377 1331 causam
1423 1278 1587 1347 aliqui
1639 1279 1862 1333 nimiam
1912 1279 1979 1334 ad

406 1362 708 1417 siccitatem
744 1363 1009 1430 referunt,
1045 1367 1198 1435 quasi
1236 1384 1460 1437 prorsus
1505 1371 1573 1423 ab
1613 1371 1842 1424 humore
1870 1369 1980 1425 sint

405 1453 720 1508 abal’cnati.
756 1454 931 1512 Rufus
979 1466 1159 1512 autem
1200 1460 1448 1529 perhibet
1481 1462 1717 1530 speciem
1769 1463 1978 1517 melan-

402 1545 596 1598 choliae
644 1548 937 1615 quamdam
989 1550 1070 1603 eis
1109 1550 1389 1617 accidere,
1442 1551 1706 1606 nimirum
1760 1567 1978 1608 veneno

401 1632 684 1708 humorem
711 1636 861 1691 illum
889 1638 1139 1696 imitante
1162 1639 1233 1696 ob
1262 1656 1423 1710 quem
1450 1642 1538 1696 alii
1571 1643 1674 1697 alia
1705 1652 1975 1701 metuunt.

399 1723 510 1795 64
546 1726 609 1779 Et
640 1727 770 1796 quid
800 1730 985 1786 multis
1019 1732 1110 1787 hic
1153 1734 1337 1789 verbis
1384 1749 1522 1804 opus
1553 1735 1673 1789 est?
1701 1734 1974 1800 Quemad-

2086 743 2428 810 κατειληφὼς
2460 743 2569 812 γὰρ
2604 744 2680 806 ἰὸς
2707 743 2775 795 τά
2822 742 2987 812 μόρια
3038 741 3216 795 πάντα
3249 740 3339 791 καὶ
3367 739 3532 793 αὑτὸν
3564 741 3656 793 τὸν

2084 836 2389 903 ἐγκέφαλον
2437 834 2663 889 τοιαῦτα
2709 835 2863 903 φέρει
2906 834 3310 904 συμπτώματα.
3339 816 3446 885 Τοῦ
3475 833 3530 885 δὲ
3562 850 3657 902 φοι

2084 926 2295 980 δεῖσθαι
2325 926 2383 978 τὸ
2416 925 2561 994 ὕδωρ
2590 924 2735 988 τινὲς
2779 926 2877 994 μὲν
2925 925 3137 993 ἔφησαν
3165 923 3252 976 διὰ
3286 923 3387 993 τὴν
3417 924 3655 993 ἄμετρον

2082 1018 2329 1085 γίνεσθαι
2381 1008 2674 1087 ξηρότητα,
2734 1013 2823 1069 οἵα
2878 1014 3164 1078 παντελῶς
3212 1014 3657 1084 ἠλλοτριωμὲνης

2079 1108 2179 1176 τῆς
2212 1109 2387 1178 ὑγρᾶς
2433 1108 2621 1169 οὐσίας
2649 1124 2662 1139 ο
2712 1108 2741 1159 ὁ
2786 1106 2842 1158 δέ
2894 1122 2958 1172 γε
3002 1105 3231 1172 Ῥοῦφος
3291 1105 3652 1175 μελαγχολίας

2080 1200 2262 1262 αὐτοῖς
2308 1196 2447 1262 εἶδος
2481 1201 2541 1253 τὸ
2582 1199 2824 1252 τοιοῦτον
2875 1196 3199 1267 ἀπεφήνατο
3249 1196 3523 1265 γίνεσθαι,
3558 1194 3651 1249 τοῦ

2082 1288 2161 1342 ίοῦ
2196 1289 2290 1342 τὸν
2327 1290 2500 1360 χυμὸν
2543 1291 2749 1343 ἐκεῖνον
2805 1287 3192 1358 μιμησαμένου
3247 1286 3371 1340 καθ’
3417 1287 3475 1340 ὃν
3518 1286 3652 1340 ἄλλα

2078 1380 2439 1449 πεφόβηνται.
2473 1380 2585 1435 Καὶ
2616 1381 2670 1432 τί
2703 1380 2807 1450 χρὴ
2834 1380 3003 1433 πολλὰ
3031 1380 3241 1446 λέγειν;
3272 1381 3369 1431 ’ον
3393 1378 3500 1448 γὰρ
3529 1381 3654 1448 τρό-

2077 1483 2178 1520 πον
2220 1465 2452 1519 ἐπὶτῶν
2488 1467 2901 1535 μελαγχολικῶν
2952 1470 3002 1521 οἱ
3060 1468 3159 1537 μὲν
3199 1466 3372 1533 ἄλογα
3420 1465 3535 1529 ζῶα
3564 1468 3651 1519 δο-

2076 1554 2263 1610 κοῦσιν
2292 1553 2432 1612 εἶναι
2462 1556 2759 1611 κάντεῦθεν
2790 1559 2890 1621 τὰς
2933 1558 3158 1611 ἐκείνων
3190 1556 3492 1624 μιμοῦνται
3536 1573 3650 1625 φω-

2076 1644 2194 1708 νάς,
2237 1647 2286 1698 οἱ
2342 1645 2398 1698 δὲ
2444 1646 2615 1715 σκεύη
2670 1644 2926 1699 δοκοῦσιν
2979 1641 3121 1698 εῖναι
3177 1644 3480 1715 ὀστράκινα
3537 1645 3649 1697 κάκ

2074 1737 2266 1789 τούτου
2316 1728 2654 1805 κατεαγῆναι
2701 1736 2798 1790 καὶ
2843 1737 2985 1792 πάνυ
3038 1735 3418 1799 δειλαίνονται,
3469 1736 3647 1806 ἕτεροι

400 1815 623 1868 modum
667 1818 813 1871 enim
848 1819 900 1873 in
948 1820 1359 1876 melancholicis
1406 1826 1697 1878 usuvenire
1726 1826 1973 1879 videmus

2075 1828 2166 1881 τδν
2200 1828 2470 1883 ’Ἄτλαντα
2505 1828 2819 1898 νομίζουσιν
2848 1828 3035 1881 ἐπάνω
3076 1828 3299 1881 πίπτειν
3332 1828 3513 1881 αὐτῶν
3551 1825 3647 1881 καὶ

402 1915 461 1959 ιιι
491 1908 581 1961 alii
618 1910 843 1977 quidem
888 1913 1145 1967 animalia
1193 1913 1352 1969 bruta
1398 1915 1500 1970 sibi
1536 1915 1825 1970 videantur
1854 1930 1976 1971 esse

397 2014 462 2053 ac
493 2012 781 2071 propterea
824 2018 985 2059 voces
1033 2020 1226 2060 eorum
1264 2006 1573 2074 imitentur,
1606 2008 1699 2062 alii
1750 2023 1810 2063 se
1846 2024 1971 2063 vasa

397 2106 518 2145 esse
568 2102 804 2150 testacea
848 2096 1078 2151 credant
1124 2107 1179 2153 et
1227 2098 1431 2153 idcirco
1465 2100 1817 2155 vehementer
1855 2116 1973 2156 me-

399 2192 553 2237 tuant
583 2200 652 2239 ne
678 2186 1116 2259 confringantur,
1156 2190 1246 2244 alii
1280 2205 1444 2259 supra
1477 2207 1535 2246 se
1568 2191 1746 2247 delabi
1781 2192 1971 2247 Atlan-

396 2283 506 2328 tem
540 2277 856 2333 existimcnt
888 2279 1121 2348 ideoque
1151 2281 1350 2335 mirum
1384 2281 1684 2336 inimodum
1707 2286 1965 2348 clament,

398 2366 473 2419 ita
517 2369 803 2423 consimile
830 2370 1111 2440 quidpiam
1145 2386 1374 2426 cernere
1406 2372 1535 2427 licet
1572 2373 1737 2427 etiam
1774 2374 1844 2429 iis
1878 2389 1972 2430 ac-

398 2460 584 2516 cidere
633 2478 769 2532 quos
815 2477 980 2519 canes
1028 2463 1230 2519 rabiosi
1277 2466 1710 2521 momorderunt.
1759 2465 1970 2535 Quippe

400 2568 672 2608 venenum
699 2555 874 2622 canis,
903 2572 999 2611 ceu
1022 2557 1220 2611 noxius
1245 2556 1461 2621 humor,
1480 2572 1673 2612 eorum
1705 2566 1971 2626 occupato

398 2645 629 2701 cerebro
664 2647 793 2701 facit
827 2656 883 2701 ut
916 2663 1109 2717 aquam
1157 2657 1436 2714 metuant;
1473 2648 1524 2701 in
1559 2664 1671 2718 quo
1710 2660 1856 2703 metu
1883 2665 1972 2704 ca-

398 2737 507 2804 nis,
560 2754 590 2794 a
646 2755 754 2809 quo
799 2741 963 2795 tuorsi
1014 2750 1162 2805 sunt,
1219 2742 1537 2812 imaginatio
1581 2743 1758 2806 sutrit;
1795 2756 1973 2809 eoque

2072 1920 2160 1974 διὰ
2191 1920 2353 1973 τοῦτο
2388 1920 2531 1990 μέγα
2577 1919 2708 1990 βοᾷν
2760 1920 3184 1988 ἀναγκάζονται,
3221 1919 3365 1973 οὕτω
3414 1921 3506 1972 καὶ
3556 1919 3649 1972 ἐπὶ

2071 2011 2180 2064 τῶν
2218 2010 2601 2080 λυσσοδήκτων
2626 2010 2774 2064 ἐστιν
2805 2010 2953 2064 ίδεῖν.
2989 2010 3047 2063 '0
3081 2011 3192 2081 γάρ
3218 2010 3312 2063 τοῦ
3348 2010 3509 2071 κυνὸς
3546 2010 3647 2074 ἰὸς,

2070 2102 2323 2171 καθάπερ
2349 2118 2431 2163 τις
2458 2103 2632 2172 χυμὸς
2687 2101 2982 2172 μοχθηρὸς,
3010 2101 3102 2155 τὸν
3131 2102 3432 2170 ἐγκέφαλον
3465 2100 3648 2154 αύτῶν

2072 2193 2365 2261 κατασχὼν
2396 2192 2682 2260 φοϐεῖσθαι
2719 2194 2865 2245 ποιεῖ
2905 2192 2967 2244 τὸ
3012 2191 3155 2261 ὕδωρ
3193 2192 3413 2255 αὐτοὺς,
3448 2191 3649 2260 φοϐου-

2076 2286 2269 2355 μένους
2303 2284 2357 2337 δὲ
2392 2284 2481 2337 τὸν
2509 2284 2745 2337 δακόντα
2778 2284 2916 2337 κύνα
2954 2283 3344 2354 φαντάζεσθαι,
3380 2282 3474 2336 καὶ
3504 2281 3648 2335 οὕτω

2073 2376 2317 2431 σπᾶσθαι
2356 2377 2450 2429 καὶ
2481 2376 2766 2445 τελευτᾷν.
2799 2375 2985 2447 Ταύτῃ
3029 2393 3111 2427 τοι
3159 2382 3254 2429 καὶ
3308 2374 3474 2440 σοφόν
3520 2391 3644 2427 τινα

2071 2466 2437 2537 λυσσόδηκτον
2496 2464 2764 2518 εἰσελθεῖν
2820 2467 2877 2520 ὲν
2933 2465 3201 2535 βαλανείῳ
3251 2464 3494 2531 λέγουσι,
3551 2463 3642 2517 καὶ

2074 2562 2251 2614 ἰδόντα
2283 2560 2373 2612 τὸν
2414 2559 2552 2613 κύνα
2606 2561 2665 2613 ἐν
2710 2561 2777 2631 τῇ
2826 2558 3031 2629 λεκάνῃ
3080 2559 3177 2610 καὶ
3222 2558 3295 2625 μὴ
3334 2571 3648 2621 καταπτοη-

2073 2650 2233 2703 θέντα
2260 2651 2456 2703 εἰπεῖν.
2494 2667 2512 2702 ι
2552 2650 2621 2702 Τί
2650 2648 2773 2702 κυνὶ⁵
2808 2650 2988 2702 κοινόν
3009 2649 3123 2700 ὲστι
3152 2647 3246 2699 καὶ
3274 2644 3537 2716 βαλανείῳ
3562 2662 3576 2708 ;
3617 2661 3638 2695 ι

2076 2744 2185 2796 Καὶ
2213 2744 2340 2812 περὶ
2376 2742 2473 2808 μὲν
2505 2740 2712 2796 τούτων
2739 2740 2934 2805 οὕτως.

393 2841 555 2901 pacto
585 2832 873 2903 ringuntur
899 2841 954 2887 et
988 2835 1204 2889 tandem
1238 2849 1361 2889 cum
1397 2841 1574 2887 morte
1621 2834 1785 2889 vitam
1850 2841 2216 2890 commutant.
2277 2834 2607 2890 Perhibetur
2643 2834 2862 2904 quidem
2932 2832 3224 2902 aliquando
3293 2829 3645 2901 philosophus

392 2926 687 2999 quiSpiam,
718 2926 809 2995 qui
842 2935 988 2981 esset
1022 2927 1308 2983 adinorsus
1343 2943 1372 2982 a
1399 2943 1535 2983 cane
1568 2928 1806 2994 rabioso,

1882 2928 2133 2983 balneum
2193 2928 2490 2999 ingressus,
2551 2936 2845 2998 conspecto
2870 2927 2924 2982 in
2965 2926 3103 2996 pelvi
3128 2940 3285 2990 cane,
3311 2925 3443 2978 nihil
3466 2933 3645 2978 extet--

391 3017 531 3073 ritus
560 3018 800 3072 dixisse:
842 3035 860 3068 ι
890 3016 1032 3084 Quid
1061 3018 1186 3072 cani
1207 3033 1497 3074 commune
1526 3036 1651 3074 cum
1682 3021 1911 3075 balneo?
1940 3038 1956 3071 ι
2004 3017 2111 3074 Sed
2138 3019 2205 3073 de
2235 3018 2323 3074 his
2356 3018 2509 3073 satis.

462 3109 635 3166 Ursus
675 3125 894 3165 carnem
928 3110 1118 3181 gignit,
1156 3126 1280 3180 quae
1326 3126 1503 3180 nequc.
1536 3111 1760 3181 ﬁguram
1792 3126 1969 3181 neque
1996 3114 2039 3170 G

391 3204 621 3258 formam
666 3204 848 3257 habet.
883 3201 1081 3255 Verum
1114 3202 1373 3273 deinceps
1404 3218 1499 3257 ore
1543 3202 1787 3257 lambens
1829 3202 1963 3256 arti-

394 3296 549 3350 culos
597 3296 652 3347 in
685 3309 745 3349 ea
791 3293 971 3347 allicit.
1022 3294 1279 3361 Ejusdem
1332 3295 1496 3348 catuli
1544 3310 1651 3349 non
1698 3295 1964 3349 Iactantur

397 3386 676 3448 uberibus,
726 3386 818 3439 sed
872 3386 1117 3455 sugendo
1164 3387 1331 3455 pedes
1373 3402 1500 3441 suos
1550 3396 1865 3456 augescunt.
1900 3385 1967 3439 Et

391 3477 536 3549 parit
578 3485 703 3530 ante
739 3484 954 3545 tempus
984 3491 1130 3542 ursa,
1160 3491 1270 3546 quo
1307 3492 1429 3531 cum
1471 3490 1619 3530 mare
1647 3475 1968 3545 congredia-

374 3568 651 3638 .tur.'lpso
672 3568 726 3623 in
754 3576 910 3638 partu
940 3569 1185 3639 periculo
1207 3584 1314 3623 non
1341 3578 1509 3633 caret,
1538 3569 1769 3638 ideoque
1798 3576 1964 3622 noctu

391 3644 707 3734 parturiens
738 3676 882 3717 ursa:
913 3662 1067 3717 sidus
1100 3662 1455 3735 inspectando
1486 3662 1759 3726 observat,
1792 3674 1966 3729 eoque

396 3761 554 3820 pacto
584 3751 956 3806 difficultatem
994 3762 1182 3820 partus
1214 3750 1446 3819 mitigat.
1468 3749 1641 3804 Verax
1675 3758 1759 3803 est
1782 3750 1967 3802 admo-

395 3842 547 3908 dum,
584 3857 823 3914 cumque
863 3858 962 3912 per
1001 3842 1239 3898 hiemem
1278 3841 1334 3895 in
1366 3842 1537 3896 lustro
1579 3856 1678 3896 suo
1720 3841 1869 3895 sedet
1900 3844 1996 3897 ac'

396 3936 590 3997 esurit,
622 3938 810 4005 pedem
841 3935 1132 3990 lambendo
1165 3950 1224 3990 se
1257 3933 1462 4001 nutrit;
1490 3933 1633 4004 quod
1664 3934 1883 4003 quidem
1914 3936 1965 3989 ei

394 4027 496 4083 soli
553 4026 828 4096 peculiare
874 4036 958 4082 est
998 4027 1144 4081 inter
1185 4026 1439 4082 animalia
1478 4029 1778 4091 terrestria,
1825 4026 1966 4081 sicut

396 4120 542 4174 inter
581 4120 789 4174 marina
820 4120 1035 4191 polypo.

467 4211 601 4265 Cum
639 4210 827 4279 onagri
862 4226 1040 4266 mares
1076 4212 1323 4282 gignunt,
1363 4219 1624 4265 exsecant
1662 4225 1850 4265 eorum
1881 4209 1965 4263 vi-

392 4299 536 4363 rilia,
570 4314 638 4353 ne
669 4306 979 4367 procreent.
1004 4298 1068 4353 Et
1095 4300 1302 4354 animal
1335 4299 1438 4355 hoc
1468 4298 1826 4354 siccissimum
1861 4308 1964 4365 est,

395 4392 625 4460 ideoque
683 4390 1042 4446 sitibundum.
1098 4390 1221 4457 Qua
1278 4390 1346 4445 de
1404 4405 1568 4445 causa
1622 4390 1854 4445 liavides
1898 4390 1967 4447 de

2150 3108 2216 3161 Ἢ
2242 3108 2298 3161 δέ
2330 3124 2393 3176 γε
2441 3109 2640 3176 ἄρκτος
2678 3108 2859 3177 σάρκα
2904 3108 3079 3162 τίκτει
3130 3108 3267 3177 μήτε
3300 3107 3466 3160 τύπον
3502 3108 3643 3176 μήτε

2077 3198 2296 3269 μορφὴν
2348 3199 2598 3268 ἔχουσαν,
2656 3198 2734 3268 τῷ
2786 3198 2843 3251 δὲ
2895 3200 3122 3268 στόματι
3167 3198 3417 3266 λείχουσα
3463 3197 3645 3265 ἄρθρα

2074 3289 2348 3344 ἀποτελεῖ.
2380 3289 2540 3342 Ἀλλὰ
2571 3292 2664 3342 καὶ
2697 3290 2746 3341 οί
2784 3287 3015 3357 σκύμνοι
3047 3290 3221 3359 αὐτῆς
3240 3289 3300 3340 οὺ
3328 3286 3640 3355 θηλάζουσι,

2077 3374 2354 3445 μυζῶντες
2390 3376 2447 3429 δὲ
2482 3377 2609 3440 τοὺς
2644 3377 2809 3442 πόδας
2833 3379 3012 3431 αὐτῶν
3045 3377 3299 3430 ἐντεῦθεν
3326 3376 3640 3441 αύξάνουσι.

2074 3468 2261 3522 Τίκτει
2295 3468 2352 3521 δὲ
2390 3469 2495 3538 πρὸ
2531 3469 2625 3521 τοῦ
2670 3468 2885 3540 καιροῦ,
2919 3470 3005 3522 ἵνα
3050 3470 3127 3539 τῷ
3160 3469 3350 3541 ἄρρενι
3382 3468 3643 3538 συνέρχη-

2074 3577 2185 3614 ται.
2227 3559 2388 3613 Ἀλλὰ
2416 3562 2508 3613 καὶ
2539 3562 2598 3612 ἐν
2643 3559 2721 3630 τῷ
2767 3560 2975 3613 τίκτειν
3007 3560 3307 3613 κινδυνεύει
3349 3561 3381 3628 ἡ
3420 3561 3641 3624 ἄρκτος.

2089 3652 2178 3704 Ἑν
2222 3651 2277 3704 δὲ
2330 3652 2484 3705 νυκτὶ
2538 3650 2806 3703 ὠδίνουσα
2867 3651 3129 3723 προσέχει
3177 3650 3257 3718 τῷ
3310 3651 3408 3719 τῆς
3442 3652 3644 3720 ἄρκτων

2077 3743 2283 3813 ἄστρῳ,
2328 3744 2425 3796 καὶ
2467 3741 2608 3795 οὕτω
2643 3743 2819 3796 τίκτει
2870 3743 3130 3812 εὐχερῶς.
3172 3744 3491 3810 Πολυφάγος
3544 3743 3644 3811 μὲν

2077 3834 2275 3903 ἄρκτος
2321 3834 2488 3901 ἐστὶν,
2554 3835 2613 3886 ὲν
2665 3832 2722 3885 δὲ
2777 3833 3009 3904 χειμῶνι
3067 3833 3508 3903 παρακαθημένη
3570 3832 3642 3901 τῷ

2004 3920 2010 3926 ’
2078 3923 2270 3993 φωλεῷ
2312 3923 2406 3976 καὶ
2446 3923 2690 3976 πεινῶσα
2726 3923 2893 3994 λείχει
2923 3923 3014 3976 τὸν
3065 3923 3200 3976 πόδα
3235 3923 3330 3976 καὶ
3361 3926 3642 3992 τρέφεται.

2076 4015 2229 4084 Μόνη
2262 4015 2319 4068 δὲ
2351 4013 2490 4085 αῦτη
2525 4016 2583 4067 ἐν
2632 4018 2702 4087 γῇ
2737 4018 2934 4087 πάσχει
2979 4016 3159 4081 τοῦτο,
3199 4018 3291 4071 καὶ
3318 4020 3373 4070 ὲν
3399 4017 3642 4086 θαλάσσῃ

2075 4110 2102 4160 ὁ
2134 4107 2427 4173 πολύπους.
3375 4154 3385 4163 .

2160 4200 2322 4254 Ἀλλὰ
2351 4202 2445 4254 καὶ
2484 4202 2592 4255 τῶν
2640 4202 2890 4273 ὀνάγρων
2925 4203 2983 4256 αί
3034 4204 3263 4272 νομάδες
3303 4206 3526 4257 ἐπειδάν
3552 4205 3644 4256 τέο

2078 4308 2246 4346 κωσιν
2295 4293 2521 4364 ἄρρενα,
2550 4295 2806 4365 τέμνουσι
2856 4296 2925 4348 τά
2980 4295 3159 4348 αἰδοῖα
3214 4296 3416 4359 αὐτῶν,
3445 4296 3533 4348 ἶνα
3569 4296 3644 4365 μὴ

2079 4386 2509 4456 σπερματίζωσι.
2542 4387 2861 4457 Κατάξηρον
2887 4386 2941 4439 δὲ
2985 4385 3123 4450 ζῶον
3150 4389 3177 4440 ό
3202 4387 3455 4456 ὅναγρος,
3488 4389 3575 4456 ἐφ’
3603 4381 3645 4453 ᾧ

396 4480 553 4552 aquis
605 4481 904 4546 disserens,
953 4482 1075 4536 ait:
1118 4497 1138 4533 ι
1172 4479 1404 4536 Sument
1469 4495 1561 4535 cas
1609 4481 1797 4552 onagri
1846 4481 1965 4537 sitis

2075 4476 2164 4528 καὶ
2201 4475 2493 4545 διψαλέονο
2527 4478 2669 4530 κατὰ
2714 4477 2824 4547 γὰρ
2873 4475 3029 4529 τοῦτο
3078 4477 3170 4529 καὶ
3222 4480 3249 4529 ὁ
3298 4476 3461 4529 Δαόὶδ
3520 4480 3644 4548 περὶ

395 4590 509 4631 sum
536 4575 939 4645 restinguendae
970 4589 1135 4629 causa
1162 4574 1232 4629 ⁸⁸.
1275 4594 1294 4625 ι

468 4752 816 4825 Vulpeculam
843 4751 1163 4807 nutrimenti
1217 4751 1556 4807 laborantem
1586 4750 1765 4819 inepia
1812 4749 1965 4818 supi--

394 4861 522 4901 nam
558 4847 734 4913 iacere
761 4843 1002 4906 tradunt,
1039 4843 1196 4911 quasi
1234 4842 1279 4897 si
1327 4841 1467 4897 foret
1512 4850 1745 4907 mortua,
1778 4840 1968 4894 simul-

392 4951 502 5007 que
526 4935 828 4992 anhelitum
881 4935 1140 4990 retinere.
1189 4934 1554 5001 Quamobrem
1608 4935 1710 4989 hac
1755 4935 1867 5004 ipsa
1899 4934 1968 4989 de

396 5044 560 5084 causa
598 5028 891 5083 distentam
944 5027 1271 5097 conspicata:
1316 5026 1587 5091 volucres,
1636 5028 1691 5081 in
1744 5042 1862 5081 eam
1911 5041 1970 5081 se

396 5120 689 5178 demittunt
734 5120 1007 5190 velutique
1054 5128 1321 5175 mortuam
1373 5119 1663 5189 attingunt.
1699 5116 1839 5173 Tum
1873 5117 1965 5172 illa

394 5215 575 5270 subito
632 5212 924 5275 exsiliens,
979 5227 1101 5281 quae
1166 5221 1378 5268 mortua
1431 5213 1788 5278 credebatur,
1840 5226 1968 5266 aves

392 5305 803 5376 comprehendit
831 5315 994 5375 atque
1019 5305 1263 5361 devorat.

463 5398 639 5469 Capra
680 5398 947 5453 silvestris
996 5397 1396 5453 velocissimum
1436 5398 1635 5452 animal
1688 5404 1772 5450 est
1824 5405 1879 5450 et
1911 5396 1963 5448 in

391 5488 620 5556 rupibus
645 5486 810 5559 degit.
834 5486 1043 5554 Quodsi
1070 5488 1192 5555 quis
1236 5489 1373 5542 hanc
1416 5498 1736 5542 venatorum
1784 5501 1967 5555 perse-

388 5588 608 5643 quatur,
637 5579 689 5634 in
718 5594 921 5636 cornua
953 5579 1134 5635 desilit
1184 5593 1284 5633 nec
1317 5578 1625 5633 detrimenti
1670 5577 1964 5647 quidquam

390 5666 610 5734 accipit.

465 5755 509 5790 "
547 5756 687 5813 [δεδι.
732 5776 842 5824 ctu,
876 5760 961 5817 ll.

2080 4563 2291 4617 ὑδάτων
2318 4564 2529 4628 διεξιὼν
2558 4564 2702 4619 οὕτω
2732 4567 2867 4635 φησί
2895 4582 2908 4597 ⁸
2958 4586 2975 4618 ι
3004 4567 3048 4619 Π
3055 4567 3393 4638 ροσδέξονται
3423 4568 3647 4636 ὄναγροι

2077 4657 2158 4719 είς
2187 4657 2347 4725 δίψαν
2380 4658 2579 4711 αὐτῶν.
2626 4678 2645 4709 ι

2122 4749 2379 4817 Λέγεται
2413 4750 2472 4801 δὲ
2506 4753 2599 4803 καὶ
2628 4753 2727 4820 τὴν
2760 4752 3021 4805 ἀλώπεκα
3059 4752 3366 4824 βρωμάτων
3402 4753 3643 4823 ἀποροῦ-

2081 4857 2183 4894 σαν
2230 4842 2426 4895 ὑπτίαν
2482 4844 2704 4896 πίπτειν
2757 4843 2893 4896 (basi.
2944 4846 3146 4916 νεκράν
3200 4848 3294 4899 καὶ
3350 4848 3645 4914 φυσᾶσθαι,

2080 4933 2372 4986 κάντεῦθεν
2401 4934 2795 5005 διογκουμένην
2842 4936 3011 5004 αὐτὴν
3051 4938 3266 5007 δρῶντα
3314 4940 3381 4990 τά
3426 4938 3647 5009 πετεινὰ

2076 5028 2453 5081 ἐπιϐαίνουσιν
2524 5027 2695 5097 αὐτῆς
2750 5028 2846 5080 καὶ
2912 5028 3045 5080 ὡσεὶ
3100 5032 3303 5098 νεκρᾶς
3359 5028 3644 5082 ἅπτονται.

2084 5122 2478 5192 Ἐκπηδήσασα
2507 5119 2599 5174 οῦν
2642 5120 2841 5191 αἴφνης
2875 5122 2908 5190 ἡ
2932 5122 3102 5192 νεκρά
3152 5121 3519 5192 συλλαμϐάνει
3552 5124 3645 5174 καὶ

2076 5216 2351 5269 κατεσθίει
2384 5216 2543 5267 αὐτὰ.

2161 5394 2323 5447 Ἀλλά
2369 5393 2636 5463 αἷγαγρος
2681 5394 2985 5464 ταχύτατόν
3031 5396 3148 5448 ἐστι
3178 5397 3319 5461 ζῶον
3362 5400 3455 5453 καὶ
3498 5398 3645 5471 παρὰ

2075 5488 2188 5548 τοῖς
2235 5489 2501 5557 κρημνοῖς
2545 5486 2750 5552 διάγον,
2789 5487 3120 5560 διωκόμενον
3161 5490 3218 5543 δὲ
3258 5490 3476 5544 ἅλλεται
3505 5492 3644 5545 κατά

2075 5576 2343 5645 κεράτων,
2371 5576 2462 5632 καὶ
2484 5578 2545 5629 οὐ
2567 5577 2864 5632 διαθλᾶται.
