4062 6186
299 331 406 397 lit

285 635 312 683 ι
344 633 501 733 estsq.
541 637 666 690 Τισὶ
692 641 748 693 δὲ
783 645 875 696 και
917 653 1259 720 πανουργίας
1291 633 1547 712 ἐνέϐαλεν
1591 661 1732 733 ὑπὲρ
1767 666 1861 717 τοῦ

289 724 383 774 καὶ
428 726 531 790 τὰς
578 730 885 799 ἐνεστώσας
941 739 1234 807 ὲπιόουλάς
1280 747 1575 803 ὲκκλίνειν’
1617 724 1728 806 καῖ.
1765 755 1863 818 τὰς

291 815 599 882 μελλούσας
651 828 1146 893 προφυλάττεσθαι.
1199 837 1319 889 ’Ότι
1375 839 1432 892 δὲ
1495 843 1742 910 φυσικῶς
1796 815 1864 899 τά

286 907 515 962 τοιαῦτα
554 913 650 966 καὶ¹
676 916 736 967 ού
773 918 1007 986 λογικῶς
1033 927 1320 995 ἐνεργοῦσι
1347 931 1414 985 τὰ
1442 933 1576 1000 ζῶα,
1608 935 1768 1005 δῆλον
1798 941 1862 992 ἐκ

290 997 384 1050 τοῦ
425 1003 547 1054 κατ’
586 1001 726 1070 εἶδος
761 1010 992 1066 ἕκαστον
1031 1015 1173 1078 ζῶον
1210 1022 1413 1090 ὁμοίως
1457 1025 1631 1079 ταῦτα
1664 1032 1861 1094 ποιεῖν,

294 1092 386 1192 καῖε
419 1093 497 1161 μὴ
529 1093 867 1154 διαλλάττειν
902 1105 1082 1160 αὐτῶν
1120 1112 1178 1164 ἐν
1212 1113 1291 1182 τῷ
1335 1115 1528 1186 πλήθει
1569 1119 1667 1183 τὰς
1707 1092 1864 1192 hisp;

295 1183 645 1278 ysthyalm
691 1193 784 1245 καὶ
843 1198 986 1252 κατά
1041 1201 1173 1268 μίαν
1227 1207 1404 1277 ὁρμὴν
1429 1183 1566 1263 -ὂλον
1619 1215 1681 1266 τὸ
1724 1183 1865 1278 είδος

294 1277 608 1374 κινεῖσθαι·
671 1287 783 1346 πᾶς
836 1290 947 1360 γὰρ
1000 1293 1230 1361 λαγωὸςᾳ
1265 1301 1464 1368 ὁμοίως
1515 1306 1862 1374 τεχνάζεται,

290 1367 529 1469 altat-ni;
568 1372 734 1438 λύκος
763 1378 965 1447 ὁμοίως
1005 1367 1332 1457 πανουργεῖ,
1361 1395 1457 1446 καὶ
1495 1367 1612 1459 πᾶς
1627 1367 1863 1469 πίθηκος

285 1457 492 1526 ὁμοίως
529 1469 802 1533 μιμεῖται.
841 1471 1022 1542 Ὅπερ
1056 1477 1156 1530 οὐκ
1191 1481 1341 1535 ἔστιν
1399 1485 1488 1538 ἐπ’
1522 1488 1859 1559 ἀνθρώπων

289 1553 482 1644 μυρίαι
513 1560 621 1629 γὰρ
649 1561 759 1613 τῶν
781 1564 1140 1634 ἀνθρωπίνων
1163 1575 1417 1644 πράξεων
1438 1580 1494 1633 αἱ
1521 1553 1650 1638 ὁδοί..
1681 1585 1864 1638 Ἐλεύ-⁸

287 1641 470 1749 θερον.
491 1647 596 1749 γάρ
622 1667 674 1703 τι
707 1653 804 1706 καὶ
837 1657 1190 1722 αὐτεξούσιον
1210 1641 1303 1719 Et,
1325 1668 1567 1738 λογικὸν,
1601 1673 1722 1728 ὅθεν
1762 1678 1864 1749 οὐχ

287 1731 364 1838 ἐν⁸
381 1737 479 1790 καὶ
501 1738 569 1839 τὸ
607 1743 740 1796 αὐτὸ
779 1748 945 1800 πᾶσιν
981 1750 1144 1830 ἔργον
1183 1731 1516 1830 ἀνθρώποις,
1540 1731 1616 1827 ως
1645 1731 1860 1839 ἑκάστῷ

289 1825 418 1878 εῖδει
455 1828 566 1881 τῶν
595 1831 808 1901 ἀλόγων
843 1835 1022 1901 ζώων.
1055 1842 1217 1898 Φύσει
1263 1847 1374 1917 γὰρ
1408 1851 1550 1923 μόνῃ
1575 1854 1746 1908 ταῦτα
1778 1875 1862 1910 κι-

291 1921 483 1983 νεῖται,
518 1925 585 1975 τὰ
633 1926 688 1978 δὲ
723 1928 883 1995 φύσει
921 1936 1220 2005 κινούμενα
1269 1942 1472 2011 ὁμοίως
1507 1949 1657 2016 παρά
1691 1951 1858 2006 πᾶσιν

287 2008 471 2108 tactv:
505 2015 674 2108 att—8E
728 2018 946 2090 λογικαὶ
988 2028 1218 2096 πράξεις
1263 2008 1422 2088 ἄλλαι
1469 2008 1602 2108 nam;
1651 2041 1856 2106 ἀλλοις,

289 2101 519 2200 καὶ-Δούκ
544 2105 601 2170 ἐξ
628 2108 877 2180 ἀνάγκης
905 2115 962 2166 αἱ
992 2117 1158 2172 αὐταὶ
1191 2125 1342 2193 παρά
1376 2127 1532 2182 πᾶσι.
1552 2101 1640 2182 ’Τὸ
1673 2101 1859 2200 μέντοι

288 2193 560 2296 ¹πρόϐατον
599 2198 688 2252 διὰ
735 2201 894 2257 τοῦτο
933 2205 1154 2273 λέγεται
1208 2215 1302 2266 καὶ
1357 2219 1508 2284 παρὰ
1557 2223 1622 2292 τῇ
1665 2193 1856 2296 Ϋραφῇ

286 2283 512 2353 ἄκακον,
547 2291 628 2344 ὅτι
691 2294 912 2352 σύνεσιν
963 2301 1100 2356 ίδίαν
1155 2307 1257 2360 οὐκ
1317 2308 1433 2379 ἔχει
1484 2311 1628 2367 ὥστε
1688 2319 1860 2386 νομὰς

287 2378 564 2472 εῦρίσκειν
594 2386 688 2438 καὶ
728 2390 914 2456 ποτὸν,
945 2392 1012 2446 ἂν
1065 2397 1138 2466 μή
1184 2415 1272 2462 τις
1300 2403 1328 2453 ό
1349 2378 1663 2472 ποιμαίνων
1693 2378 1852 2466 αύτά.

285 2471 464 2572 belli
495 2475 550 2529 δὲ
575 2478 683 2530 τῶν
705 2479 859 2545 ζώων
883 2488 978 2539 καὶ
1007 2490 1276 2556 συνέσεως
1305 2494 1656 2572 ἀνθρωπίνης
1691 2505 1858 2571 ἐγγύς

285 2562 422 2618 ἐστι.
457 2566 565 2618 Καὶ
596 2568 698 2638 ὅρα
739 2572 831 2627 τὸν
870 2580 1124 2645 χερσαῖον
1171 2582 1348 2654 ἐχῖνον
1383 2562 1476 2640 δύο
1516 2562 1860 2650 καέασκέύάξ

286 2654 448 2717 ζοντα
474 2659 564 2712 ἐπὶ
602 2661 699 2716 τοῦ
737 2666 946 2733 φωλεοῦ
975 2671 1272 2739 ἀναπνοὰς,
1317 2679 1454 2749 πρός
1482 2698 1542 2733 τε
1580 2682 1673 2738 τὸν
1707 2686 1860 2742 νότον

285 2748 764 2844 ἀντιφραττούσας
817 2762 910 2813 καὶ
955 2762 1048 2816 τὸν
1107 2748 1436 2837 βορρᾶν,εί
1494 2774 1588 2826 καὶ
1641 2779 1858 2844 φυσικῷ

457 2845 592 2914 πρὸς
625 2847 693 2901 τὰ
737 2851 962 2906 τοιαῦτα
991 2855 1101 2909 τῶν
1129 2859 1343 2928 ἀλόγων
1389 2866 1519 2936 γένη
1548 2839 1854 2937 κεκίνηται..

286 2933 418 2986 Οὐδὲ
445 2937 554 3006 γὰρ
587 2939 912 3022 αὐτεξούσια
962 2947 1029 2998 τά
1085 2947 1224 3017 ζῶα,
1260 2953 1402 3006 καθὰ
1449 2933 1518 3026 δή
1570 2959 1663 3011 και
1695 2933 1858 3014 alia-

291 3031 567 3098 μασκηνὸς
615 3032 869 3126 Ἰωάννης
898 3041 1084 3110 φησιν,
1116 3044 1198 3096 ὅτι
1237 3047 1373 3116 μηδὲ
1400 3047 1618 3118 λογικά.
1647 3053 1854 3126 Λογικῇ

1568 365 1974 427 ANNALIUM
2018 373 2211 432 l’nRS
2255 377 2301 437 Ι.

360 452 692 511 Γίνωσκε-ἇὲ
726 461 806 514 ὅτι
845 464 1058 536 ἑκάστῳ
1083 468 1188 522 τῶν
1231 473 1564 538 ζὼων,κα9ἀ
1597 479 1660 549 δὴ
1697 481 1788 532 καὶ
1827 481 1854 531 ὁ

2030 483 2180 539 Scias
2202 496 2383 543 autem

287 541 563 637 iis-M616;
598 566 752 616 φησι,
784 558 1019 628 φυσικὴν
1042 560 1101 611 ού
1131 561 1357 629 λογικὴν
1391 567 1614 637 ἐνέθηκε
1645 541 1862 625 σύνεσιν
1891 571 1894 574 ’

3438 390 3548 456 112·

2431 492 2658 562 singulis
2697 498 3045 563 animalibus,
3079 503 3535 570 quemadmodum

1969 583 2022 628 et
2051 575 2335 633 Nemesins
2382 584 2618 652 scripsit,
2673 588 2928 646 indidisse
2981 591 3148 646 Deum
3193 595 3535 662 prudentiam

1968 669 2255 733 quamdam
2283 673 2605 739 naturalem,
2635 693 2738 730 non
2772 679 3032 734 discendo
3049 683 3362 751 parabilem.
3392 685 3535 740 Non-

1969 757 2134 814 nullis
2185 764 2446 817 versutias
2487 767 2648 820 etiam
2702 769 2870 832 dedit,
2914 772 3111 840 quibus
3153 784 3204 827 et
3244 787 3536 842 prmsentes

1969 847 2193 906 insidias
2243 853 2516 910 declinare
2573 869 2627 911 et
2679 875 2982 927 praecavere
3036 864 3248 920 futuras
3304 870 3533 936 possint.

1965 937 2204 1002 Quarum
2241 957 2422 996 rerum
2459 945 2772 1001 elfectiones
2819 949 2870 1002 in
2905 951 3078 1005 brutis
3121 969 3148 1006 a
3183 964 3396 1018 natura,
3425 974 3532 1010 non

1967 1030 2176 1085 ratione
2208 1033 2500 1100 proﬁcisci,
2556 1036 2640 1090 vel
2681 1037 2807 1091 inde
2852 1049 3018 1106 patet,
3054 1045 3198 1111 quod
3231 1049 3529 1112 specierum

1967 1125 2285 1192 quarumvis
2319 1126 2571 1181 animalia
2616 1131 2972 1185 con~imiliter
3023 1135 3135 1187 haec
3175 1138 3396 1201 faciant,
3434 1157 3532 1194 nec

1967 1217 2024 1270 in
2058 1225 2203 1270 tanta
2258 1232 2444 1271 eorum
2491 1219 2598 1290 65
2649 1223 2994 1278 multitudine
3040 1229 3418 1295 Operationum
3466 1232 3535 1282 sit.

1965 1306 2268 1363 diversitas.
2314 1310 2515 1365 Eodem
2543 1314 2703 1366 modo
2739 1315 2997 1369 nimirum
3047 1328 3100 1370 et
3135 1319 3383 1374 instituto
3409 1336 3535 1388 spe—

1965 1398 2079 1452 cies
2129 1400 2382 1455 universa
2465 1415 2731 1458 movetur.
2793 1405 3022 1461 Solet-tia
3077 1408 3287 1478 lepores
3343 1427 3535 1467 omnes

1965 1490 2236 1544 consimili
2266 1499 2514 1552 utuntur,
2547 1496 2784 1564 itemque
2831 1496 2942 1564 lupi
2978 1499 3248 1555 consimili
3294 1502 3530 1568 Val’ritii-,

1965 1581 2232 1635 consimili
2287 1581 2523 1652 denique
2582 1588 2742 1640 modo
2789 1589 3016 1656 quilibet
3070 1575 3260 1644 simius
3333 1593 3533 1646 imitari

1964 1670 2136 1735 solet;
2189 1672 2242 1727 id
2297 1675 2439 1743 quod
2497 1675 2550 1728 in
2585 1677 2896 1734 hominibus
2940 1679 3140 1735 locum-
3172 1698 3282 1736 non
3349 1683 3531 1739 habet.

1967 1763 2105 1818 Sunt
2157 1766 2698 1822 enim.humanarum
2755 1772 3028 1826 actionum
3083 1774 3322 1830 rationes
3373 1786 3534 1847 atque

1965 1855 2062 1908 viae
2083 1857 2480 1924 prepemodum
2511 1859 2754 1914 inti-uitae.
2782 1861 2993 1931 Quippe
3013 1864 3237 1920 rationis
3263 1869 3533 1938 particeps

1962 1955 2152 2000 natura
2181 1946 2349 2002 libera
2378 1949 2572 2018 suique
2615 1951 2859 2018 juriset
2907 1955 3117 2022 spontis
3165 1967 3270 2011 est.
3322 1960 3442 2023 Quo
3477 1961 3534 2014 tit

1963 2036 2294 2107 uthomincs
2321 2038 2562 2094 universi
2586 2041 2776 2096 eodem
2829 2057 2993 2110 opere
3041 2060 3147 2100 non
3194 2061 3532 2116 occupentur

1961 2143 2066 2184 nec
2093 2129 2234 2183 idem
2265 2140 2445 2200 agant,
2479 2134 2933 2199 quemadmodum
2974 2135 3028 2189 in
3075 2138 3302 2206 singulis
3345 2141 3533 2195 bruto-

1961 2235 2081 2274 rum
2115 2220 2397 2289 speciebus
2421 2222 2716 2276 usuvenire
2747 2223 3013 2280 videmus.
3047 2225 3313 2282 Nimirum
3357 2231 3471 2284 lucc
3502 2247 3531 2285 a

1961 2314 2077 2368 sola
2105 2323 2296 2368 natura
2327 2322 2617 2369 moventur
2653 2334 2666 2370 :
2700 2332 2820 2386 quae
2868 2328 3048 2373 autem
3095 2335 3125 2374 a
3175 2332 3368 2376 natura
3419 2341 3534 2377 mo-

1960 2415 2176 2472 ventur,
2203 2408 2505 2462 consimilia
2538 2419 2666 2464 sunt
2693 2411 2834 2480 apud
2865 2427 3074 2466 omnes.
3103 2412 3144 2466 E
3174 2415 3389 2469 diverso
3411 2433 3532 2485 qua:

1961 2499 2230 2554 aratione
2277 2500 2698 2570 proﬁciscuntur
2740 2501 3005 2568 actiones,
3055 2504 3174 2560 aliae
3217 2519 3345 2562 sunt
3388 2511 3528 2578 apud

1960 2587 2094 2642 alios
2129 2629 2142 2652 ,
2227 2603 2402 2655 neque
2475 2591 2788 2646 necessario
2847 2593 2991 2662 apud
3053 2607 3244 2648 omnes
3299 2595 3527 2649 eaedem.

1959 2677 2090 2734 Ovis
2175 2678 2378 2734 idcirco
2456 2683 2628 2737 sacris
2718 2684 2884 2738 etiam
2964 2685 3018 2739 in
3072 2685 3295 2742 Litteris
3364 2706 3530 2758 peeuq

1959 2769 2188 2839 simplex
2276 2772 2605 2841 minimeque
2692 2775 2977 2830 subdolum
3073 2776 3306 2840 dicitur.
3385 2782 3550 2849 quod.

1965 2861 2310 2930 prudentiam
2365 2866 2660 2932 quamdam
2723 2867 3053 2935 peculiarem
3123 2885 3228 2924 non
3297 2873 3525 2934 habeat,

1959 2951 2114 3021 cujus
2203 2952 2535 3008 adminiculo
2629 2955 2871 3023 reperire
2937 2966 3166 3036 .pastum
3228 2972 3528 3031 potumque

1957 3044 2149 3112 possit,
2180 3044 2224 3098 si
2257 3043 2464 3099 nullum
2512 3044 2706 3100 habeat
2749 3046 2841 3116 qui
2887 3063 3004 3102 eam
3055 3050 3284 3120 saginrt.
3322 3050 3532 3106 Rursus

287 3121 394 3190 γὰρ
435 3122 579 3195 πάσῃ
610 3124 770 3192 φύσει
815 3133 910 3183 καὶ
937 3131 997 3184 τδ
1023 3135 1372 3200 αὐτεξούσιον
1413 3143 1632 3206 πάντως
1667 3121 1854 3214 ἐμίπέ;

1961 3137 2064 3191 alia
2129 3137 2375 3206 quasdam
2435 3137 2687 3191 animalia
2747 3153 2852 3192 non
2915 3153 3084 3205 pauca
3138 3156 3305 3210 prope
3363 3143 3524 3196 etiam

289 3231 424 3278 ςυκε
460 3215 708 3287 θέλημα*
755 3224 836 3285 είς
873 3224 929 3276 τί
976 3225 1081 3295 γὰρ
1109 3227 1219 3291 ἔξει
1267 3231 1328 3283 τὸ
1359 3232 1594 3300 λογικὸν,
1643 3237 1716 3306 μὴ
1762 3239 1856 3293 αὖ·

1961 3230 2195 3283 humana
2246 3229 2440 3282 absunt
2473 3244 2503 3283 a
2539 3230 2848 3298 prudentia.
2885 3231 3006 3296 Quo
3062 3231 3117 3285 in
3152 3247 3350 3304 genere
3392 3235 3524 3286 mihi

289 3307 580 3372 τεξουσίως
611 3311 969 3386 λογιζομένης
997 3319 1108 3386 Τὴν
1141 3325 1243 3390 μὲν
1271 3325 1379 3394 γὰρ
1409 3328 1644 3397 φυσικὴν
1672 3329 1854 3400 ὄρεξιν

285 3402 376 3452 καὶ
402 3404 513 3462 τοῖς
539 3404 757 3473 ἀλόγοις
795 3406 951 3484 ζῴοις
977 3411 1004 3463 ό
1029 3414 1372 3483 Δημιουργὺς
1396 3417 1700 3490 ὲνέσπειρε,
1719 3421 1856 3492 πρὸς

288 3497 544 3551 σύστασιν
573 3499 675 3563 τῆς
707 3503 917 3566 οἰκείας
947 3505 1166 3574 φύσεως
1205 3508 1447 3576 ἄγουσαν
1493 3513 1854 3582 ἠναγκασμέ-

289 3603 393 3650 νως
451 3589 608 3644 αὐτά.
664 3594 841 3660 Λόγου
902 3595 1014 3668 γὰρ
1073 3600 1410 3670 ἀμοιροῦντα
1473 3604 1533 3656 ού
1595 3603 1853 3659 δύνανται

287 3681 461 3748 ἀγειν,
490 3683 607 3736 ἀλλ’
659 3684 882 3750 ἄγονται
921 3689 1024 3742 ὑπὸ
1063 3691 1161 3758 τῆς
1204 3693 1442 3762 φυσικῆς
1470 3693 1726 3760 ὀρέξεως,
1762 3696 1853 3750 ὅτε

288 3771 399 3840 ἅμα
453 3775 486 3844 ἡ
545 3775 727 3845 ὄρεξις
784 3780 1027 3850 γένηται,
1077 3782 1282 3845 εὐθέως
1321 3785 1416 3836 καὶ
1466 3787 1498 3855 ἡ
1557 3787 1694 3858 πρὸς
1755 3788 1853 3856 τὴν

288 3865 482 3932 πρᾶξιν
503 3869 670 3940 ὁρμή·
701 3871 776 3924 οὐ
806 3876 914 3942 γὰρ
941 3872 1138 3944 λόγφῆ
1169 3874 1331 3947 βουλῇ
1357 3878 1390 3948 ἢ
1426 3877 1614 3947 σκέψει
1657 3878 1690 3948 ἢ
1729 3880 1850 3947 κρί-

288 3973 369 4010 σει
423 3960 741 4030 κέχρηνται.
802 3963 968 4017 Ὅθεν
1020 3964 1144 4019 οὔτε
1202 3968 1278 4031 ὡς
1333 3971 1534 4039 ἀρετὴν
1591 3971 1850 4039 μετιόντα

292 4050 628 4104 ἐπαινοῦνται
684 4054 776 4106 καὶ
844 4055 1275 4124 μακαρίζονται,
1329 4059 1452 4128 οῦτε
1515 4060 1590 4122 ὡς
1653 4063 1850 4115 κακίαν

290 4139 592 4207 πράττοντα
622 4143 965 4208 κολάζονται.
999 4145 1062 4198 Ἦ
1092 4145 1148 4198 δὲ
1180 4147 1372 4219 λογικὴ
1401 4151 1564 4218 φύσις
1594 4150 1706 4220 ἔχει
1749 4151 1850 4220 μὲν

285 4229 390 4299 τὴν
419 4236 648 4303 φυσικὴν
679 4235 861 4304 ὄρεξιν
911 4240 1262 4309 κινουμένην,
1293 4241 1400 4294 ὑπὸ
1441 4241 1498 4294 δὲ
1542 4242 1637 4294 τοῦ
1686 4245 1848 4311 λόγου

286 4324 556 4396 ἀγομένην
590 4343 649 4380 τε
697 4328 793 4380 καὶ
830 4329 1256 4400 ῥυθμιζομένην.
1300 4331 1406 4386 Τοῦ
1448 4334 1555 4402 γὰρ
1599 4334 1757 4403 λόγου
1789 4337 1850 4389 τὺ

287 4417 606 4487 προτέρημα
628 4422 660 4488 η
687 4418 1035 4484 αὑτεξούσιός
1065 4416 1181 4476 ἐστι
1218 4423 1454 4493 θέλησις,
1486 4425 1552 4496 ἣν
1587 4426 1652 4495 δὴ
1691 4445 1851 4495 φυσι-

1960 3329 2272 3377 terrestrem
2304 3320 2583 3387 echinum,
2617 3337 2778 3391 quem
2813 3324 3124 3378 crinaceum
3161 3325 3412 3389 dicimus,
3447 3326 3527 3380 fe-

1959 3421 2173 3468 nestras
2211 3414 2492 3469 hauriendi
2533 3414 2675 3468 aeris
2701 3430 2863 3470 causa
2910 3415 3023 3470 suis
3069 3415 3122 3470 in
3168 3415 3396 3471 latebris
3433 3435 3528 3488 ge-

1957 3507 2134 3562 minas
2189 3507 2505 3562 molientem
2555 3507 2755 3576 aspice,
2813 3523 3042 3575 quarum
3106 3507 3276 3563 altera
3325 3509 3524 3570 boreae,

1959 3598 2128 3652 austri
2162 3598 2326 3652 altera
2362 3597 2520 3651 ﬂatus
2576 3597 2848 3664 obstruat,
2884 3600 3094 3666 tametsi
3144 3599 3209 3654 ad
3255 3600 3526 3669 eiusmodi

1956 3690 2411 3755 machinationes,
2451 3701 2510 3745 ut
2542 3700 2738 3745 castera
2770 3705 2984 3759 quoque
3043 3693 3292 3746 animalia
3339 3694 3523 3759 bruta,

1955 3784 2072 3838 solo
2098 3792 2304 3838 natura:
2329 3783 2491 3838 ductu
2524 3783 2746 3838 feratur.
2777 3782 2887 3837 Nec
2905 3784 3050 3836 enim
3082 3785 3238 3836 bruta
3267 3799 3365 3838 suo
3393 3802 3528 3853 quo-

1954 3876 2077 3930 dam
2109 3877 2373 3929 arbitratu
2413 3882 2598 3944 agunt,
2628 3873 2769 3928 sicut
2801 3882 2855 3928 et
2884 3873 3125 3928 Joannes
3156 3876 3523 3930 Damasceuus

1956 3965 2139 4028 tradit,
2162 3980 2286 4019 cum
2319 3981 2349 4018 a
2391 3965 2602 4019 ratione
2626 3964 3012 4025 destituantur,
3047 3964 3201 4032 cujus
3228 3963 3522 4032 participes
3557 4005 3561 4009 .

1953 4064 2162 4110 natum
2220 4054 2556 4110 voluntatem
2622 4054 2822 4107 habent
2881 4054 3105 4108 liberam
3178 4055 3519 4108 naturaliter.

1952 4149 2086 4204 Nam
2113 4164 2232 4210 cur,
2278 4148 2526 4212 obsecro,
2568 4147 2619 4199 vi
2665 4144 2892 4198 rationis
2939 4144 3178 4214 praedita:
3227 4144 3427 4208 forent,
3478 4148 3522 4198 si

1953 4257 2052 4312 pro
2099 4239 2402 4295 voluntatis
2459 4237 2685 4292 arbitrio
2744 4237 2956 4291 ratione
3027 4252 3139 4290 non
3202 4239 3523 4292 uterentur?

1952 4334 2162 4402 Quippe
2191 4330 2490 4386 naturalem
2535 4327 2835 4397 appetitum
2879 4327 3069 4398 Opifex
3121 4344 3304 4382 rerum
3354 4330 3520 4383 etiam

1953 4423 2126 4477 brutis
2149 4421 2474 4475 animalibus
2503 4419 2716 4479 indidit,
2753 4420 2842 4488 qui
2897 4421 2962 4472 ad
3003 4431 3210 4473 natura!
3243 4436 3353 4474 sua:
3386 4435 3520 4474 con-

287 4504 388 4574 κήν
415 4509 467 4559 ὲν
599 4486 805 4581 λογικῷ
835 4513 1015 4583 φαμὲν
1041 4516 1274 4583 κίνησιν.
1299 4486 1392 4568 At?)
1537 4517 1612 4580 ὡς
1641 4486 1844 4588 ἀρετὴν

1961 4512 2318 4567 servationem
2367 4525 2432 4564 ea
2465 4510 2773 4564 necessario
2810 4510 2992 4564 ducat.
3044 4511 3176 4575 Quae
3227 4511 3371 4564 enim
3424 4527 3535 4564 ex-.

293 4601 539 4663 μετιοῦσα
561 4605 866 4657 ἐπαινεῖται
898 4607 992 4660 καὶ
1029 4609 1412 4679 μακαρίζεται,
1436 4613 1528 4664 καὶ
1553 4612 1628 4672 ὼς
1652 4613 1848 4666 κακίαν

294 4688 543 4752 μετιοῦσα
578 4693 896 4762 κολάζεται.

1959 4606 2130 4676 pertia
2161 4613 2288 4659 sunt
2333 4601 2562 4656 rationis
2605 4601 2806 4656 ducere
2856 4617 2961 4655 non
3016 4611 3264 4670 possunt,
3309 4603 3401 4656 sed
3441 4602 3523 4655 ὀὶ»

1949 4696 2180 4755 naturali
2243 4694 2578 4765 appetitione
2619 4694 2917 4748 ducuntur.
2981 4695 3100 4760 Quo
3156 4694 3214 4749 ﬁt
3277 4706 3335 4748 ut
3395 4712 3518 4748 cum

289 4785 544 4846 appetitus
581 4785 816 4845 exsistit,
855 4801 977 4841 mox
1001 4795 1058 4841 et
1110 4787 1346 4858 impetus
1389 4790 1456 4846 ad
1499 4793 1766 4861 agendum
1823 4809 1947 4848 cum
2002 4805 2068 4846 eo
2115 4789 2439 4859 coniunctus
2499 4785 2602 4841 sit.’
2633 4785 2747 4840 Nec
2803 4784 2951 4840 enim
2994 4785 3079 4838 νει
3165 4786 3376 4840 ratione
3438 4789 3519 4841 νει
3567 4839 3569 4842 -

291 4873 503 4926 consilio
540 4876 623 4930 vel
649 4879 1086 4934 consideratione
1147 4884 1230 4935 vel
1293 4883 1500 4952 judicio
1525 4894 1772 4939 utuntur.
1815 4885 1931 4951 Qua
1961 4887 2077 4945 ipsa
2101 4883 2168 4938 de
2197 4897 2360 4936 causa
2394 4893 2495 4934 nec
2521 4888 2581 4933 ut
2621 4879 2876 4933 virtutem
2933 4878 3168 4932 colentia
3227 4881 3519 4936 laudantur

291 4966 353 5011 et
406 4960 569 5018 felicia
609 4966 1002 5034 praedicantur,
1039 4983 1146 5024 nec
1220 4981 1281 5026 ut
1323 4973 1560 5028 obnoxia
1614 4974 1758 5028 vitiis
1812 4976 2132 5044 puniuntur.
2179 4973 2247 5026 At
2315 4982 2510 5025 natura
2573 4968 2848 5038 particeps
2901 4969 3147 5033 rationis,
3212 4971 3374 5026 habet
3437 4975 3522 5026 illa
3567 5025 3570 5027 ,

292 5053 500 5118 quidem
527 5061 833 5126 appetitum
896 5063 1224 5128 naturalem,
1259 5080 1368 5134 quo
1430 5067 1752 5137 impellitur,
1793 5068 1890 5122 sed
1945 5069 2039 5138 qui
2101 5081 2132 5122 a
2198 5066 2410 5121 ratione
2475 5063 2692 5118 ducitur
2763 5073 2996 5132 apteque
3050 5063 3322 5132 dirigitur.
3376 5065 3520 5120 Nihil

293 5147 430 5201 enim
480 5152 614 5206 ratio
660 5156 1012 5224 praestantius
1073 5159 1238 5216 habet
1301 5176 1463 5229 quam
1526 5164 1670 5231 quod
1732 5164 2016 5218 voluntate
2066 5163 2237 5218 libera
2297 5161 2368 5217 sit
2425 5157 2671 5228 praedita.
2703 5173 2864 5228 quam
2927 5157 2980 5212 in
3045 5168 3240 5214 natura
3292 5163 3528 5216 rationis

295 5235 540 5306 participe
601 5245 898 5298 motionem
936 5248 1237 5303 naturalem
1289 5250 1544 5307 dicimus.
1595 5253 1801 5308 Idcirco
1843 5253 2097 5308 virtutem
2149 5253 2336 5309 colens.
2377 5249 2630 5306 laudatur
2676 5265 2740 5306 ac
2793 5265 2892 5320 pro
2950 5249 3112 5309 beata
3161 5253 3400 5321 ducitur,
3468 5260 3566 5310 ct.

295 5331 636 5406 consimiliter
661 5336 898 5392 obnoxia
939 5341 1086 5396 vitiis
1117 5345 1362 5412 punitur.

362 5465 416 5521 Ei
441 5470 494 5523 δὲ
529 5474 622 5527 καὶ
671 5477 830 5529 τοῦτο
877 5477 1079 5546 ζητεῖς,
1121 5482 1260 5545 τινος
1290 5482 1478 5535 ἕνεκεν
1509 5483 1650 5538 αύτά
1679 5500 1738 5536 τε
1767 5483 1837 5536 τὰ

297 5553 402 5615 ζῶα
428 5565 520 5615 καὶ
550 5567 577 5617 ὁ
605 5565 894 5634 ἄνθρωπος
923 5569 1089 5633 πόδας
1123 5573 1344 5641 ἀρτίους
1366 5574 1572 5644 ἔχουσι,
1599 5577 1838 5643 γίνωσκε

299 5647 370 5699 ὅτι
394 5651 472 5705 διά
501 5655 562 5708 τδ
595 5657 671 5727 μὴ
705 5659 959 5725 ἀτάκτως
985 5661 1260 5718 ἅλλεσθαι.
1296 5665 1454 5720 υῦτω
1489 5668 1584 5720 καὶ
1617 5668 1724 5738 γὰρ
1753 5669 1842 5721 διὰ

303 5738 389 5794 μὲν
426 5745 515 5800 τοῦ
561 5748 675 5805 ἑνὸς
728 5749 1013 5812 ἱστάμενος
1059 5756 1086 5808 ὁ
1127 5754 1430 5827 ἄνθρωπος.
1460 5755 1650 5814 ὥσπεο
1682 5758 1842 5811 πάλιν

2015 5486 2126 5556 66
2157 5485 2360 5552 Quodsi
2411 5487 2574 5541 etiam
2625 5487 2764 5544 seire
2809 5487 2966 5558 cupis
3007 5487 3353 5556 quamobrem
3405 5496 3556 5541 tam-

1948 5577 2204 5632 animalia
2238 5592 2400 5647 quam
2439 5578 2604 5633 homo
2638 5581 2753 5648 pari
2793 5593 3022 5632 numero
3071 5569 3518 5647 pedes'babeant,

1950 5668 2002 5721 id
2029 5679 2312 5738 propterea
2339 5668 2538 5723 factum
2579 5671 2910 5739 c0gnoscito,
2951 5685 3016 5722 ne
3055 5669 3358 5724 inordinate
3386 5686 3518 5724 con-

1952 5760 2178 5820 fuscuue
2225 5760 2530 5818 exsilirent.
2593 5759 2724 5814 Nam
2785 5760 2888 5814 hoc
2936 5760 3098 5816 modo
3153 5759 3240 5829 tit,-:
3279 5771 3336 5817 ut
3389 5774 3550 5819 quin;
