4062 6186
475 306 578 367 Hii

1732 308 2155 368 MICHAELIS
2184 311 2455 370 GLY'C/E'

3607 310 3707 373 Hi

471 412 641 481 homo
675 428 789 491 uni,
830 425 1086 479 animalia
1149 424 1352 491 reliqua
1392 422 1605 477 duobus
1640 424 1869 492 pedibus
1911 425 2039 481 insi-

2144 428 2213 481 τὰ
2270 429 2387 492 ζῶα
2438 429 2529 483 διὰ
2576 429 2669 481 δύο
2720 428 2918 496 ποδῶν,
2965 429 3151 498 ἠρέμα
3199 427 3288 480 διὰ
3345 428 3454 481 τῶν
3505 428 3709 501 ἑτέρων

469 527 643 583 stunt,
679 515 899 571 interim
932 528 1028 582 per
1051 512 1188 566 alios
1206 512 1461 579 paulatim
1498 512 1805 580 progressio
1828 513 1941 566 ﬁat.
1976 514 2032 567 lu

470 607 741 660 nonnullis
798 604 1143 669 animalibus,
1185 603 1383 658 dilecte
1430 604 1527 668 ﬁli,
1582 604 1924 658 consuetudo
1980 604 2039 658 tit

468 713 658 767 reapse
686 705 897 750 natura.

536 790 669 844 Nam
703 786 958 840 animalia
994 788 1148 851 mihi,
1176 802 1379 857 qua-so.
1416 788 1616 859 Libyca
1658 789 1893 853 intuere,
1918 805 2039 858 qua:

374 902 378 907 -
464 897 563 951 per
594 889 1001 945 :cstatem,cum
1032 881 1265 934 maxime
1289 882 1500 942 sitiunt.
1525 896 1555 935 a
1580 890 1709 949 potu
1739 883 2036 944 abstinent,

468 988 565 1040 per
607 971 869 1036 hiemem,
907 987 1031 1025 cum
1094 972 1285 1024 sitiunt
1328 973 1527 1035 minus,
1569 972 1781 1026 bibunt.
1823 972 1882 1026 In
1915 988 2035 1026 eam

461 1065 532 1119 ob
573 1079 789 1119 causam
825 1063 1050 1118 omnino
1103 1064 1320 1125 accidit.
1354 1065 1498 1132 quod
1548 1064 1712 1135 Libya
1759 1080 1854 1133 per
1884 1074 2041 1119 aesta-

464 1164 573 1209 tem
606 1170 764 1224 aqum
790 1154 1001 1208 laboret
1025 1154 1229 1223 inopia.
1262 1153 1605 1224 Quapropter
1635 1154 1869 1209 hiberno
1899 1164 2038 1208 tem-

461 1261 592 1314 pore
643 1261 837 1315 aquam
891 1245 1170 1312 hauriunt,
1218 1261 1341 1300 cum
1389 1246 1509 1315 ejus
1557 1246 1768 1314 cepiam
1815 1246 2036 1300 habent.

462 1340 712 1406 itumque
739 1338 818 1391 sic
846 1324 991 1391 iis'in
1024 1337 1161 1392 locis
1192 1339 1560 1402 assueverint,
1600 1337 1764 1391 etiam
1814 1338 1881 1391 ad
1906 1338 2041 1392 alias

463 1428 717 1497 regiones
765 1427 942 1482 delata
972 1443 1178 1483 morem
1227 1444 1388 1483 suum
1421 1429 1682 1485 retinent.
1732 1428 1809 1485 Ac
1840 1428 1909 1483 de
1952 1429 2039 1484 his

461 1519 681 1589 quidem
718 1521 1006 1598 hactenus.

531 1610 799 1665 Cat-terum
854 1622 977 1682 post
1024 1614 1342 1668 animalium
1400 1615 1738 1669 terrestrium
1806 1611 2041 1669 creatio-

461 1718 588 1757 nem
623 1701 765 1759 Deus
806 1703 1083 1759 hominem
1116 1706 1271 1775 ﬁngit
1313 1722 1377 1761 ac
1426 1706 1479 1759 in
1512 1705 1761 1776 paradiso
1790 1707 2035 1760 collocat.

465 1792 715 1859 Quoiam
748 1792 804 1847 in
851 1794 974 1848 loco
1006 1795 1167 1849 velim
1196 1796 1439 1849 animum
1494 1796 1652 1859 mihi,
1680 1796 1881 1850 dilecte
1940 1795 2035 1857 (iii,

463 1881 736 1937 advertas.
775 1884 1037 1949 Quamvis
1069 1886 1217 1941 enim
1269 1886 1459 1941 volunt
1488 1887 1653 1956 aliqui
1708 1886 1874 1941 Deum
1918 1895 2041 1955 post

462 1971 755 2039 septimum
806 1973 950 2027 diem
995 1974 1310 2043 paradisum
1350 1975 1685 2042 condidisse,
1720 1975 2041 2045 proﬁtentes

463 2079 521 2117 se
555 2060 805 2118 Massica:
834 2065 1080 2120 historia:
1130 2068 1373 2136 vestigiis
1417 2067 1711 2131 inhaerere,
1750 2066 2043 2120 manifesto

464 2169 646 2207 tamen
681 2164 883 2218 errant,
913 2166 970 2209 ut
999 2158 1089 2226 qui
1122 2158 1460 2221 transitorie,
1506 2173 1612 2212 non
1639 2157 1877 2211 adhibita
1924 2173 2044 2227 per-

429 2311 432 2313 ,
463 2244 821 2312 vestigatione
845 2246 1202 2300 conveniente
1238 2246 1477 2303 Litteras
1520 2262 1703 2301 sacras
1732 2249 2036 2318 perlegant.

462 2334 541 2388 Ac
576 2335 697 2388 vide
724 2335 854 2389 mihi
879 2337 1008 2406 quid
1039 2347 1315 2406 spectator
1350 2337 1438 2393 ille
1486 2337 1579 2393 Dei
1624 2337 1803 2395 Moses
1846 2340 1990 2394 dicat
2025 2358 2038 2392 :

470 2444 490 2477 ο
525 2427 769 2482 Absolvit
805 2427 967 2495 Deus,
991 2431 1188 2499 inquit,
1223 2430 1311 2485 die
1338 2440 1493 2484 sexto
1519 2440 1717 2487 cuneta
1751 2447 1872 2502 quae
1897 2432 2042 2486 fece-

470 2528 587 2586 rat;
634 2536 698 2575 ac
747 2521 837 2576 die
883 2523 1119 2592 septimo
1169 2524 1236 2577 ab
1289 2522 1543 2578 omnibus
1591 2523 1872 2593 Operibns,
1923 2539 2043 2593 qua:

465 2609 682 2666 eiiicere
723 2622 989 2681 cmperat,
1019 2613 1309 2683 quievit“.
1344 2632 1361 2665 ι
1418 2612 1607 2683 Itaque
1650 2616 1693 2669 si
1744 2625 1868 2684 post
1897 2615 2040 2668 diem

464 2703 755 2771 septimum
783 2704 921 2759 nihil
951 2705 1201 2768 omnino,
1223 2706 1367 2775 quod
1392 2715 1551 2762 antea
1579 2721 1686 2761 non
1715 2707 2039 2773 exstitisset,

394 2774 429 2843 .’
463 2791 519 2845 in
547 2800 725 2846 ortum
756 2793 1032 2861 produxit,
1061 2794 1153 2863 qui
1181 2774 1304 2864 post
1354 2795 1499 2849 diem
1555 2788 1846 2864 septimum
1882 2811 2046 2866 para-

460 2883 638 2938 disum
697 2885 972 2941 condidit?
1022 2885 1288 2941 Videntur
1333 2887 1554 2955 quidem
1604 2886 1826 2943 Litterae
1875 2903 2044 2943 sacrae

462 2974 567 3029 hoc
606 2976 768 3030 modo
800 2977 971 3044 loqui,
1006 2993 1069 3032 ac
1122 2979 1167 3033 si
1208 2986 1335 3049 post
1365 2979 1510 3035 diem
1560 2981 1851 3049 septimum
1882 2996 2042 3049 para-

462 3068 616 3122 disus
666 3069 920 3124 conditus
973 3068 1139 3125 fuerit.
1193 3089 1207 3125 :
1266 3086 1453 3126 verum
1510 3072 1648 3125 alius
1706 3087 1903 3141 scapus
1959 3081 2041 3126 est

394 3224 395 3227 η
464 3173 677 3218 earum.
734 3158 801 3213 de
862 3159 1097 3228 plurium
1151 3160 1370 3228 quidem
1440 3161 1734 3216 sententia.
1798 3161 2039 3216 Joannes

464 3248 886 3317 Chrysostomus
930 3251 1232 3305 audiendus
1282 3262 1365 3305 est
1414 3252 1533 3317 tibi,
1567 3256 1656 3320 qui
1707 3255 1759 3307 in
1792 3255 2039 3308 oratione

464 3341 531 3392 tle
559 3356 655 3394 sex
704 3339 915 3394 dierum
962 3344 1218 3409 operibus
1274 3359 1349 3396 xu
1400 3344 1534 3399 dicit
1590 3344 1793 3399 Mosem
1848 3361 2035 3400 eorum

464 3447 585 3499 quae
648 3443 802 3487 antea
870 3417 1400 3499 commemorasset.
1460 3452 1728 3492 summam
1783 3438 2038 3495 brevibus

468 3525 666 3579 deinde
711 3527 1187 3596 complectentem,
1245 3528 1669 3598 simplicioribus
1695 3533 2036 3587 occasionem

468 3618 768 3688 praebuisse
799 3627 855 3672 ut
896 3620 1208 3691 huiusmodi
1258 3622 1576 3692 opinionem
1614 3624 1932 3693 'arripercnt
1960 3633 2041 3679 at-

470 3726 576 3778 que
609 3710 937 3781 proferrent.
983 3712 1115 3766 Nam
1159 3715 1477 3783 cmteroqui,
1523 3715 1567 3769 si
1598 3724 1720 3786 post
1753 3716 1896 3771 diem
1949 3732 2039 3773 se-

468 3804 720 3874 ptimum.
777 3814 835 3859 ut
891 3806 995 3876 ipsi
1043 3806 1256 3870 volunt,
1315 3809 1601 3877 paradisus
1636 3818 1718 3863 est
1758 3810 2041 3873 conditus,

470 3898 698 3952 omnino
725 3899 970 3954 dicamus
997 3913 1224 3955 necesse
1254 3907 1338 3955 est
1367 3900 1534 3955 etiam
1590 3900 1784 3956 Adami
1821 3902 1888 3957 de
1917 3902 2039 3972 pul-

466 4006 597 4045 vere
640 3990 1045 4055 formationem,
1105 3992 1348 4062 itemque
1412 4002 1744 4049 structuram
1797 3996 1920 4049 Evaa
1969 3994 2038 4050 de

465 4084 657 4138 Adami
690 4094 862 4149 costa,
924 4097 1047 4154 post
1084 4087 1341 4142 eumdem
1392 4089 1686 4157 septimum
1730 4087 1877 4143 diem
1929 4089 2044 4158 pri-

468 4189 615 4226 mum
650 4172 1265 4251 ΐίιριςπηηρυτιῐηοιπεω
1314 4177 1489 4231 istuc?
1516 4178 1654 4240 Quia
1686 4177 1865 4233 Moses
1895 4177 2039 4233 hanc

469 4278 686 4331 quoque
735 4254 1031 4333 posterius,
1087 4267 1140 4323 id
1196 4279 1279 4324 est
1336 4278 1462 4339 post
1510 4269 1655 4324 diem
1720 4270 2036 4340 septimum,

468 4364 676 4419 narrat.
708 4356 944 4413 Proinde
971 4361 1240 4431 reliquum
1268 4371 1353 4417 est.
1382 4363 1693 4431 paradisum
1740 4371 1869 4418 ante
1896 4364 2037 4418 Ada-

2142 519 2425 574 ποιοῦνται
2447 519 2547 591 τὴν
2573 519 2805 590 βάδισιν.

2216 788 2445 852 Ὄντως,
2472 786 2746 855 ἀγαπητὲ,
2782 785 2851 838 τὸ
2870 784 2994 847 ἔθος
3031 784 3194 853 φύσις
3227 782 3453 837 ὲπίτισι
3476 783 3709 852 γίνεται.

2142 882 2288 953 Ὅρα
2318 882 2425 950 γὰρ
2456 881 2540 933 ὅτι
2587 878 2657 933 τὰ
2702 878 2914 932 Λιϐυκὰ
2955 876 3118 949 θηρία
3152 877 3247 930 τοῦ
3283 878 3385 946 μὲν
3430 876 3621 947 θέρους
3646 878 3709 927 οὐ

2142 973 2308 1037 πίνει,
2355 974 2445 1026 ὅτε
2501 971 2739 1041 μάλιστα
2777 970 2904 1038 δίψα
2949 966 3479 1038 γίνεται,χειμῶνος
3528 966 3585 1019 δὲ
3618 966 3712 1019 πίε

2141 1079 2348 1127 νουσιν,
2384 1062 2513 1115 ὅταν
2559 1056 2724 1133 ἦττον
2758 1059 2977 1130 διψῶσι.
3007 1058 3179 1113 Τοῦτο
3219 1059 3275 1112 δὲ
3316 1058 3529 1125 γίνεται
3570 1057 3711 1110 πάν-

2140 1173 2248 1218 τως
2284 1155 2375 1210 διὰ
2408 1156 2471 1209 τὸ
2502 1156 2575 1226 μὴ
2608 1156 2856 1224 γίνεσθαι
2890 1154 3061 1208 ὕδατα
3091 1152 3283 1222 θέρους
3323 1151 3383 1203 ὲν
3409 1152 3472 1219 τῇ
3508 1149 3709 1220 Λιϐύῃ.

2142 1247 2249 1299 Τοῦ
2304 1246 2362 1300 δὲ
2413 1247 2682 1317 χειμῶνος
2729 1246 2816 1299 διὰ
2853 1245 2913 1298 τὸ
2957 1243 3206 1311 γίνεσθαι
3259 1242 3427 1296 πίνει.
3475 1241 3539 1292 Ὃ
3579 1238 3713 1307 γοῦν

2141 1340 2319 1394 ἐκεῖσε
2351 1339 2609 1399 εἴθισται,
2640 1337 2800 1390 τοῦτο
2835 1336 2933 1389 καὶ
2964 1336 3023 1388 ὲν
3061 1334 3243 1395 ἄλλοις
3271 1335 3460 1395 τόποις
3497 1331 3565 1384 τά
3596 1331 3714 1395 ζῶα

2141 1432 2318 1486 ταῦτα
2364 1430 2796 1500 παραγενόμενα
2828 1428 2991 1492 σώζει
3020 1428 3081 1482 τὸ
3124 1427 3265 1490 ἔθος.
3309 1427 3419 1480 Κάι
3449 1426 3575 1494 περὶ
3613 1423 3715 1494 μὲν

2141 1525 2346 1576 τούτων
2382 1523 2575 1587 οὕτως.

2213 1615 2375 1671 Μετὰ
2412 1616 2471 1669 δὲ
2508 1614 2702 1681 ταῦτα,
2734 1616 2903 1687 ἤγουν
2948 1611 3086 1683 μετὰ
3129 1613 3233 1683 τὴν
3280 1608 3389 1665 τῶν
3439 1610 3713 1681 χερσαίων

2142 1707 2507 1779 παραγωγὴν,
2550 1707 2777 1762 πλάττει
2836 1706 2930 1761 τὸν
2987 1704 3275 1775 ἄνθρωπον
3327 1705 3355 1756 6
3406 1701 3559 1765 θεὸς,
3615 1702 3713 1754 καὶ

2143 1801 2363 1872 τίθησιν.
2411 1799 2576 1854 αὐτὸν
2623 1801 2684 1854 ἐν
2734 1799 2814 1869 τῷ
2864 1798 3200 1869 παραδείσῳ.
3228 1796 3389 1851 nam
3432 1793 3713 1849 κάνταῦθα

2145 1892 2439 1962 πρόσσχες,
2474 1890 2751 1959 ἀγαπητὲ.
2792 1889 2853 1942 Εἰ
2896 1890 3006 1959 γὰρ
3039 1888 3136 1943 καὶ
3183 1886 3404 1955 λέγουσι
3453 1902 3597 1947 τινες
3630 1885 3714 1937 ὅτι

2147 1980 2283 2048 μετὰ
2323 1979 2421 2047 τὴν
2477 1978 2717 2048 ἑϐδόμην
2774 1978 2957 2030 ἔκτισε
3008 1976 3108 2029 τὸν
3132 1975 3466 2047 παράδεισον
3500 1975 3527 2027 6
3557 1973 3711 2035 Θεδςν

2141 2074 2208 2141 τῇ
2266 2073 2536 2142 Μωσαῖκῇ
2600 2071 2764 2142 δῆθεν
2826 2070 3042 2140 ἱστορίᾳ
3093 2069 3371 2137 ἑπόμενοι,
3422 2065 3556 2121 ἀλλὰ
3612 2082 3717 2117 πε-

2145 2163 2445 2235 πλάνηνται
2474 2163 2769 2233 προφανῶς
2806 2164 2901 2217 ἅτε
2928 2162 2994 2231 δὴ
3029 2159 3439 2230 παροδευτικῶς
3486 2156 3717 2227 ἐπερχό-

2147 2269 2300 2320 μενοι
2323 2252 2418 2305 καὶ
2446 2251 2547 2304 οὐκ
2574 2250 2943 2321 ἐρευνητικῶς
2981 2247 3080 2318 τὴν
3118 2248 3364 2319 Γραφήν.
3406 2246 3515 2298 Καὶ
3546 2243 3714 2297 ἄκουε

2144 2344 2196 2396 τί
2235 2360 2401 2413 φησιν
2459 2345 2488 2395 6
2542 2342 2774 2412 θεόπτης
2815 2343 3042 2411 Μωσῆς.
3099 2359 3118 2392 ι
3156 2341 3264 2394 Καὶ
3311 2338 3654 2413 συνετέλεσεν
3688 2338 3717 2389 6

2144 2436 2277 2498 Θεὸς
2302 2436 2479 2490 πάντα
2502 2437 2601 2489 ὅσα
2638 2436 2896 2505 εποίησεν
2929 2437 2988 2487 ἐν
3014 2437 3079 2504 τῇ
3111 2434 3299 2503 ἡμέρᾳ
3330 2435 3396 2501 τῇ
3429 2432 3566 2502 ἒκτῃ
3594 2447 3608 2463 ·
3652 2430 3710 2483 εν

2143 2524 2200 2577 δὲ
2234 2528 2297 2595 τῇ
2329 2524 2529 2594 ἐϐδόμῃ
2568 2525 2919 2578 κατέπαυσεν
2974 2523 3081 2576 ἀπὸ
3124 2522 3344 2575 πάντων
3395 2520 3504 2573 τῶν
3536 2521 3712 2590 ἔργων

2144 2617 2307 2669 αὑτοῦ
2354 2609 2427 2669 ὧν
2476 2616 2683 2686 ἤρξατο
2740 2618 2933 2668 ποιεῖν.
2986 2631 3005 2666 t
3059 2611 3269 2667 Οὐκοῦν
3328 2613 3379 2665 εί
3433 2612 3569 2681 μετὰ
3615 2609 3714 2679 τὴν

2146 2708 2380 2778 ἑϐδόμην
2409 2707 2561 2761 οὐδὲν
2586 2707 2693 2760 άπὸ
2724 2706 2820 2759 τοῦ
2854 2706 2931 2777 μὴ
2960 2705 3114 2768 ὄντος
3140 2707 3223 2769 είς
3248 2707 3309 2758 τὸ
3358 2700 3503 2757 εἶναι
3536 2704 3713 2775 παρή-

2144 2814 2307 2865 γαγε,
2346 2797 2461 2861 πῶς
2511 2797 2701 2851 λοιπὸν
2764 2797 2946 2850 ἔκτισε
3009 2795 3145 2865 μετὰ
3194 2794 3296 2863 τὴν
3340 2793 3574 2862 ἑϐδόμην
3618 2790 3721 2845 τὸν

2146 2888 2513 2960 παράδεισονς
2548 2888 2735 2941 Ἔοικε
2783 2889 2884 2957 μὲν
2928 2887 2960 2955 ἠ
3013 2884 3205 2955 Γραφὴ
3243 2883 3425 2950 λέγειν
3458 2883 3540 2935 ὃτι
3577 2879 3714 2949 μετὰ

2144 2981 2243 3051 τὴν
2274 2981 2509 3050 ἑϐδόμην
2536 2980 2787 3034 ἔκτισται
2825 2982 2854 3032 ὁ
2910 2978 3242 3048 παράδεισος
3263 2992 3279 3008 ο
3311 2974 3427 3028 ἀλλ’
3466 2974 3566 3026 οὐκ
3600 2972 3715 3042 ἔχει

2147 3074 2240 3126 καὶ
2292 3073 2360 3126 τὰ
2411 3072 2508 3126 τοῦ
2568 3069 2792 3136 σκοποῦ,
2838 3069 3019 3133 καθὼς
3087 3067 3456 3123 ὑποπτεύουσι
3504 3063 3713 3118 πολλοί.

2144 3167 2255 3220 Καὶ
2286 3164 2471 3218 πείθου
2506 3166 2586 3235 τῷ
2622 3164 3032 3236 χρυσορῥήμονι
3064 3162 3285 3233 Ἰωάννῃ
3311 3160 3371 3212 ὲν
3407 3163 3474 3229 τῇ
3506 3159 3587 3221 είς
3615 3156 3727 3227 τὴν

2156 3259 2490 3330 Ἐξαήμερον
2511 3257 2788 3328 δωδεκάτῃ
2838 3256 3007 3310 αὑτοῦ
3060 3255 3251 3325 ὁμιλίᾳ
3284 3254 3521 3322 λέγοντι,
3583 3271 3602 3303 ι
3631 3253 3714 3305 ὅτι

2138 3350 2248 3403 τῶν
2278 3349 2421 3403 κατὰ
2458 3348 2754 3418 συντομίαν
2797 3346 3195 3416 ἱστορηθέντων
3236 3343 3549 3414 ἔμπροσθεν
3583 3343 3719 3395 ἀνα·-

2142 3438 2521 3506 κεφαλαίωσιν
2559 3438 2704 3490 ποιεῖ
2755 3437 2784 3489 6
2826 3436 3033 3504 Μωσῆς
3065 3433 3315 3503 ὕστερον,
3345 3429 3573 3485 τοιαῦτα
3618 3428 3716 3481 καὶ

2141 3532 2356 3599 φρονεῖν
2397 3532 2490 3583 καὶ
2532 3528 2713 3596 λέγειν
2754 3529 2878 3591 τοὺς
2928 3526 3334 3593 ἁπλουστέρους
3366 3524 3648 3589 ἐποίησεν.
3687 3539 3707 3572 ι

2144 3623 2350 3675 Ἄλλως
2386 3638 2447 3673 τε
2470 3623 2519 3674 εἰ
2553 3622 2694 3689 μετὰ
2723 3622 2824 3689 τὴν
2856 3619 3113 3689 ἑϐδόμην,
3136 3617 3219 3679 ὦς
3252 3632 3436 3685 φασιν,
3465 3613 3715 3667 ἔκτισται

2139 3716 2168 3766 ὁ
2200 3713 2557 3782 παράδεισος,
2588 3713 2802 3779 ἀνάγκη
2843 3713 2992 3764 πᾶσα
3040 3711 3133 3763 καὶ
3181 3710 3280 3776 τὴν
3321 3707 3431 3760 ἀπὸ
3458 3707 3555 3759 τοῦ
3590 3705 3713 3775 χοὸς

2140 3802 2341 3857 πλάσιν
2363 3802 2458 3854 τοῦ
2495 3801 2687 3869 Ἀδὰμ,
2725 3801 2917 3870 ὥσπερ
2963 3801 3028 3868 δὴ
3066 3799 3159 3852 καὶ
3200 3797 3299 3868 τὴν
3330 3798 3440 3849 ἀπὸ
3472 3795 3713 3864 πλευρᾶς

2139 3896 2237 3961 τῆς
2274 3892 2415 3953 Εὔας
2463 3892 2778 3962 οἰκοδομὴν,
2810 3890 2949 3961 μετὰ
3002 3890 3101 3959 τὴν
3142 3889 3381 3959 ἑϐδόμην
3409 3890 3586 3941 εἰπεῖν
3619 3903 3713 3953 γε·

2140 3984 2421 4052 γενῆσθαι.
2448 3982 2603 4046 Τίνος
2627 3982 2855 4045 ἕνεκεν;
2892 3982 3023 4035 Ὀτι
3064 3981 3157 4034 καὶ
3188 3980 3394 4047 ταύτην
3429 3978 3657 4044 ὕστερον
3683 3974 3713 4026 6

2140 4074 2366 4145 Μωτῆς,
2424 4075 2595 4144 ἤγουν
2660 4073 2799 4143 μετά
2864 4074 2963 4144 τὴν
3012 4073 3289 4142 ἑϐδόμην,
3350 4068 3712 4140 διηγούμενος

2142 4171 2392 4239 εὕρηται.
2429 4169 2543 4240 Πρὸ
2586 4168 2679 4220 τοῦ
2726 4168 2898 4231 Ἀδὰμ
2928 4167 3121 4220 λοιπὸν
3153 4167 3185 4218 ὁ
3217 4165 3566 4233 παράδεισος.
3603 4160 3715 4214 Καὶ

2141 4262 2305 4316 ἄκουε
2340 4262 2394 4314 τί
2436 4278 2601 4333 φησιν
2638 4262 2667 4314 6
2707 4258 3074 4329 Δαμασκηνὸς
3112 4258 3367 4326 Ἰωάννης
3391 4259 3450 4310 ὲν
3482 4255 3559 4326 τῷ
3585 4254 3715 4324 περὶ

2143 4354 2483 4425 παραδείσου
2512 4353 2794 4423 κεφαλαίῳ
2844 4352 3032 4407 αὑτοῦ.
3078 4370 3098 4403 ι
3146 4351 3302 4404 Ἐπεὶ
3344 4350 3401 4403 δὲ
3431 4347 3656 4418 ἔμελλεν
3685 4349 3715 4400 6

467 4460 614 4498 mum
655 4452 774 4502 esse
800 4449 1105 4505 conditum.
1125 4452 1195 4505 Et
1212 4452 1336 4507 audi
1366 4453 1609 4518 obsecro,
1645 4454 1773 4523 quid
1798 4455 2038 4510 Joannes

2143 4447 2274 4509 Θεὸς
2310 4446 2370 4511 ἐξ
2398 4448 2636 4516 ἀοράτου
2675 4463 2735 4499 τε
2772 4446 2866 4499 καὶ
2908 4445 3112 4515 ὁρατῆς
3158 4443 3376 4512 φύσεως
3405 4442 3715 4509 πλαστουρ-

468 4536 834 4595 Damascenus
879 4540 934 4594 in
961 4544 1136 4612 capite
1173 4544 1321 4611 quod
1348 4543 1424 4598 De
1467 4546 1720 4613 paradiso
1763 4547 2043 4614 inscripsit

468 4628 638 4685 dicat.
676 4650 693 4681 ι
725 4629 860 4696 Quia
890 4632 1056 4698 Deus,
1080 4634 1287 4701 inquit,
1308 4634 1584 4689 hominem
1614 4650 1678 4687 ea
1703 4636 1810 4705 67
1843 4647 2036 4690 natura

466 4718 666 4785 partim
712 4719 1088 4787 inaspectabili
1139 4721 1337 4790 partim
1390 4723 1711 4792 aspectabili
1752 4733 2038 4778 creaturus

467 4806 537 4860 ad
576 4808 863 4877 itnaginem
928 4809 1454 4880 similitudinemque
1510 4827 1661 4867 suam
1688 4822 1828 4876 erat.
1882 4814 2037 4885 quasi

465 4897 759 4962 quemdam
813 4914 993 4969 regem
1039 4909 1198 4970 atque
1234 4902 1536 4973 principem
1579 4903 1743 4959 totius
1786 4913 1947 4959 terrae
1974 4919 2039 4958 ac

470 5002 658 5042 eorum
694 5004 815 5058 qua
845 5000 987 5046 terra
1015 4992 1386 5060 continentur,
1430 4994 1741 5065 paradisum
1790 4996 1840 5050 ei
1871 4996 2039 5051 veluti

471 5078 676 5149 regiam
735 5084 1025 5152 quamdam
1060 5087 1357 5155 praestruit,
1412 5096 1473 5144 ut
1514 5088 1571 5143 in
1612 5103 1678 5142 eo
1728 5090 1941 5145 beatam
1979 5104 2044 5144 ac

467 5168 838 5228 felicissimam
879 5177 1047 5232 vitam
1080 5188 1281 5250 Ageret.
1309 5198 1329 5231 ›
1386 5180 1572 5251 Itaque
1626 5181 1750 5236 licet
1794 5180 2041 5235 animad-

467 5275 713 5330 vertere,
747 5268 892 5336 quod
924 5284 1047 5323 cum
1079 5281 1205 5327 ante
1235 5271 1614 5328 formationem
1664 5274 1854 5327 Adami
1881 5289 2037 5342 para-

468 5356 649 5411 disum
699 5360 1049 5425 exstruxerit,
1096 5362 1389 5419 maniiesto
1442 5376 1702 5435 sequatur
1762 5382 1888 5421 eum
1947 5368 2036 5422 die

468 5459 625 5504 sexto
658 5450 932 5506 consitum
958 5468 988 5507 a
1018 5454 1131 5509 Deo
1162 5454 1352 5519 fuisse,
1388 5458 1687 5525 prazsertim
1713 5473 1837 5513 eum
1865 5459 2036 5513 multo

2140 4543 2258 4609 γείν
2317 4541 2411 4594 τὸν
2461 4541 2753 4609 ἄνθρωπον
2819 4540 2942 4594 κατ’
3001 4539 3211 4593 οἰκείαν
3270 4537 3453 4590 εἰκόνα
3499 4551 3559 4589 τε
3615 4534 3715 4587 καὶ

2139 4633 2423 4702 ὁμοίωσιν,
2456 4633 2649 4703 ὥσπερ
2683 4632 2802 4687 τινὰ
2853 4632 3075 4701 βασιλέα
3116 4633 3356 4701 ἄρχοντα
3404 4629 3585 4697 πάσης
3615 4628 3715 4694 τῆς

2139 4721 2244 4787 γῆς
2273 4721 2368 4773 καὶ
2415 4720 2525 4774 τῶν
2576 4724 2634 4785 ὲν
2655 4722 2818 4791 αὐτῇ,
2850 4719 3289 4790 προκαθίστησιν
3333 4718 3483 4787 αὐτῷ
3512 4714 3624 4771 οἷόν
3656 4733 3713 4769 τι

2138 4810 2415 4880 βασίλειον
2468 4810 2560 4864 τὸν
2603 4812 2957 4881 παράδεισον,
2988 4811 3066 4875 ὡς
3105 4810 3357 4865 ἐντεῦθεν
3403 4810 3566 4863 αὑτὸν
3601 4826 3713 4878 p.2-

2140 4904 2344 4975 κειρίαν
2375 4904 2469 4959 καὶ
2513 4903 2984 4975 πανολᾶίανέχειν
3018 4904 3188 4974 ζωήν.
3230 4922 3248 4954 ι
3296 4904 3540 4972 Πρόσεχε
3572 4896 3667 4954 οὖν
3693 4919 3709 4933 ο

2136 4996 2327 5069 ἐπειδὴ
2386 4999 2516 5068 γὰρ,
2548 4997 2624 5060 ὡς
2665 4997 2903 5068 etp-qtae,
2947 4998 3054 5067 πρὸ
3107 4997 3203 5050 τοῦ
3255 4995 3565 5062 πλασθῆναι
3616 4994 3718 5047 τὸν

2155 5090 2325 5159 Ἀδὰμ
2379 5092 2709 5161 καθίστησιν
2754 5090 2902 5160 αὐτῷ
2953 5090 3048 5144 τὸν
3096 5089 3441 5161 παράδεισον,
3488 5086 3714 5158 εὔδηλον

2142 5182 2359 5245 πάντως
2413 5183 2497 5236 ὅτι
2551 5185 2610 5236 ὲν
2656 5185 2721 5253 τῇ
2766 5182 2902 5255 ἕκτῃ
2952 5182 3135 5254 ἡμέρᾳ
3190 5182 3281 5236 καὶ
3334 5180 3523 5234 τοῦτον
3573 5180 3712 5250 etati-

2139 5287 2336 5325 τευσεν
2383 5275 2412 5326 ό
2466 5272 2621 5340 Θεὸς,
2678 5274 2796 5343 εἴγε
2846 5274 2941 5327 καὶ
2989 5275 3190 5344 μᾶλλον
3232 5274 3363 5342 ἔστη
3420 5272 3560 5343 μετὰ
3608 5272 3710 5343 τὴν

2141 5364 2377 5436 ὲόδόμην
2414 5365 2509 5420 τοῦ
2542 5367 2917 5435 δημιουργεῖν,
2956 5365 3031 5428 ὡς
3059 5368 3087 5418 6
3122 5364 3359 5436 χρυσοῦς
3402 5365 3500 5436 τὴν
3529 5363 3708 5433 7161:-

2116 5460 2238 5517 ,τάν
2268 5476 2422 5528 φησι.

470 5542 642 5611 magis
672 5560 703 5597 a
733 5545 969 5615 septimo
993 5547 1101 5613 die,
1153 5550 1611 5619 quemadmodum
1663 5549 1808 5604 idem
1847 5559 2031 5603 orator
2070 5565 2270 5604 aureus
2318 5551 2502 5616 tradit,
2537 5568 2723 5608 creare
2761 5552 3001 5608 desierit.

544 5698 579 5725 ”‘
614 5698 743 5753 Gen.
780 5718 849 5760 tt,
869 5703 925 5756 2.
