4062 6186
381 342 482 407 145

1646 339 2055 400 ANNALIUM
2096 338 2289 401 PARS
2331 340 2373 403 ῐ.

3516 337 3622 403 τις

437 455 664 511 φυτεύει
690 454 873 508 τοίνυν
920 454 980 507 ιν
1007 471 1065 508 τε
1095 458 1161 524 τῇ
1199 454 1334 524 ἕκτῃ
1370 452 1476 523 πρὸ
1501 450 1594 505 τοῦ
1638 452 1813 521 Ἀδὰμ
1844 453 1931 504 τὸν

2111 452 2363 506 Conscrit
2393 466 2526 520 ergo
2565 449 2711 506 Deus
2735 457 2980 521 tempore
3011 450 3391 508 formationem
3432 452 3623 511 Adami

372 550 519 603 θεῖον
585 548 916 615 παράδεισον
968 547 1113 600 κατὰ
1169 546 1439 607 ἀνατολὰς·
1488 546 1548 599 ἂν
1603 545 1784 613 Ἐδέμ.
1853 545 1943 611 Ἐξ

370 639 592 706 ἁπάσης
635 637 747 706 γὰρ
783 638 885 702 τῆς
921 635 1047 706 γῆς,
1102 635 1292 704 ὥσπερ
1354 635 1488 705 φησὶ
1542 631 1883 704 Θεοδώρητος
1914 636 1949 687 6

364 733 544 799 μέγας
598 745 662 782 τε
714 728 997 790 Βασίλειος
1050 727 1148 781 καὶ
1193 728 1223 779 6
1264 726 1625 796 Δαμασκηνδς
1667 724 1941 792 Ἰωάννης,

367 822 531 874 τόπον
562 818 690 874 τινὰ
729 820 871 872 κατὰ
909 819 1174 881 ἀνατολὰς
1229 818 1590 886 ἐκλεξάμενος
1614 858 1629 881 ,
1677 814 1943 885 ὀνομαζό-

372 926 532 980 μενον
564 910 663 982 μιν
709 909 896 979 Ἐδὶμ,
931 912 988 962 ὲν
1035 910 1315 980 περιόπτῳ
1339 908 1396 961 δὲ
1426 907 1677 977 κείμενον
1712 905 1809 959 καὶ
1832 904 1946 959 πά-

370 1017 468 1063 σης
504 1001 603 1069 τῆς
658 999 765 1067 γῆς
812 999 1166 1068 ὑψηλότερον,
1192 998 1417 1064 φυτεύει
1454 1000 1512 1051 ἐν
1542 995 1688 1064 αύτῷ
1713 997 1808 1048 τὸν
1838 1010 1944 1048 πα-

369 1091 637 1160 ράδεισον,
675 1092 750 1152 ὡς
782 1089 1032 1144 ἐντεῦθεν
1058 1089 1328 1158 τρυφερὸν
1347 1083 1459 1142 οἷον
1489 1088 1649 1141 αὑτὸν
1681 1082 1819 1140 εἶναι
1848 1090 1943 1141 καὶ

369 1179 597 1248 θαλερὸν
628 1181 826 1241 εἰσαεὶ,
868 1178 1012 1232 καθά
1054 1194 1188 1245 φησι
1234 1177 1585 1244 Σεϐηριανός’
1616 1176 1797 1246 τρυφὴ
1829 1176 1945 1245 γὰρ

368 1272 400 1338 ἡ
445 1269 612 1335 Ἐδὲμ
656 1270 1040 1338 ἑρμηνεύεται.
1096 1270 1186 1321 Ἐν
1208 1263 1251 1327 ὦ
1284 1269 1351 1341 δὴ
1390 1268 1623 1338 τιμῆσαι
1656 1267 1938 1337 βουληθεὶς

369 1363 627 1428 γεγονότι
661 1361 755 1412 τὸν
800 1361 1087 1430 ἄνθρωπον
1117 1362 1312 1427 ἔταξεν
1340 1362 1512 1413 οξκείν
1543 1364 1571 1415 6
1604 1360 1759 1421 Θεόςο
1788 1378 1807 1412 ι
1843 1358 1945 1413 καὶ

369 1452 517 1504 ἰθετο
549 1469 568 1502 ι
608 1452 738 1519 γὰρ,
769 1452 961 1523 φησὶν,
1003 1470 1021 1503 r
1072 1452 1234 1504 αὑτὸν
1284 1452 1343 1504 ὲν
1391 1451 1471 1520 τῷ
1520 1451 1853 1522 παραδείσῳ.
1912 1468 1933 1502 ι

381 1542 518 1594 Ἀλλ’
543 1542 818 1608 ἐντεῦθεν,
850 1542 1119 1613 ἀγαπητὲ,
1145 1545 1241 1595 καὶ
1268 1539 1427 1595 τοῦτο
1454 1542 1820 1611 μανθάνομεν,
1854 1543 1938 1596 ὅτι

372 1633 432 1696 ἐξ
457 1635 654 1703 ἑτέρας
688 1636 785 1704 μὲν
820 1636 1023 1688 ἔπλασε
1051 1636 1154 1702 γῆς
1191 1637 1286 1687 τὸν
1326 1634 1519 1703 Ἀὁὰμ,
1560 1634 1778 1702 μετὰδὲ
1801 1633 1938 1686 ταῦ-

365 1740 431 1774 τα
462 1726 517 1775 ἑν
552 1723 630 1792 τῷ
665 1726 978 1795 παραδείσῳ
1023 1725 1197 1778 ἔθετο.
1256 1726 1366 1779 Καὶ
1417 1724 1584 1778 ἄκουε
1612 1726 1663 1777 τι
1706 1742 1871 1794 φησιν
1898 1726 1935 1794 ἡ

365 1816 576 1885 Γραφὴο
621 1834 639 1867 ι
670 1817 780 1868 Καὶ
812 1815 1191 1881 ἰξαπὲστειλεν
1212 1816 1390 1878 ὁΘεδς
1416 1818 1508 1869 τδν
1539 1816 1713 1886 Ἀδὰμ
1752 1818 1816 1869 ἐκ
1839 1815 1937 1869 τοῦ

365 1907 695 1973 παραδείσου
736 1907 835 1975 τῆς
869 1908 1111 1976 τρυφῆς,
1148 1894 1477 1977 ἔργάζεσθαι
1502 1908 1602 1979 τήν
1631 1912 1745 1978 τῆν’
1780 1908 1840 1973 δξ
1867 1902 1935 1979 ἧς

363 1998 596 2067 ἐλήφθη.
627 1999 725 2051 Διὰ
772 1999 824 2051 τί
855 1998 911 2051 δὲ
940 2002 1036 2051 καὶ
1072 1999 1216 2062 τίνος
1257 2000 1449 2053 ἕνεκεν
1478 1999 1585 2064 ἔξω
1627 2000 1721 2053 τοῦ
1753 2017 1932 2070 παρα-

360 2088 536 2140 δείσου
582 2088 808 2140 πλάττει
859 2088 951 2141 τὸν
1010 2088 1298 2159 ἄνθρωπον
1351 2090 1379 2141 6
1428 2089 1581 2153 Θεὸς,
1633 2087 1735 2142 εἷθ’
1763 2089 1936 2154 οὕτως

358 2178 570 2245 εἰσάγει
600 2178 762 2231 αὑτὸν
789 2180 847 2230 ὲν
875 2179 1049 2248 αὐτῷς
1074 2179 1239 2232 Ὥστε
1263 2179 1456 2249 μαθεῖν
1479 2179 1731 2233 ἐντεῦθεν
1751 2181 1937 2249 αὐτὸν,

360 2269 432 2331 ὡς
484 2272 512 2322 6
556 2272 961 2341 χρυσορῤήμων
1007 2272 1263 2341 Ἰωάννης
1320 2273 1503 2340 φησὶν.
1553 2274 1686 2341 ὅσης
1733 2271 1933 2339 ἠξίωτο

362 2359 513 2427 παρὰ
543 2358 680 2412 Θεοῦ
720 2358 821 2429 τῆς
850 2359 1039 2429 τιμῆς,
1075 2361 1169 2413 καὶ
1212 2361 1311 2429 ὅση
1357 2360 1488 2431 παρ’
1517 2360 1681 2413 αὐτοῦ
1712 2362 1745 2429 ὴ
1795 2361 1938 2413 ἁπό-

360 2448 550 2513 λαυσις
612 2451 763 2519 αὐτῷ
818 2451 1118 2521 ἐχαρίζετο.
1170 2452 1312 2519 Ὅρα
1370 2450 1478 2520 γὰρ
1511 2450 1594 2503 ὅτι
1642 2451 1733 2503 καὶ
1772 2451 1821 2502 οἱ
1875 2449 1936 2514 ιε

361 2543 654 2612 ἐλαχίστης
681 2542 886 2606 τάξεως
917 2545 1006 2595 ἐπὶ
1035 2543 1133 2612 τὴν
1158 2543 1269 2598 ἅνω
1298 2558 1356 2596 τε
1401 2542 1498 2595 καὶ
1543 2541 1771 2612 πρώτην
1799 2542 1932 2595 ἀνα-

360 2634 703 2705 διδαξάμενοι
752 2637 958 2689 οἴδασιν
1017 2634 1095 2697 ὲξί
1153 2635 1400 2703 ἀνάγκης
1459 2634 1610 2696 τίνες
1666 2633 1932 2703 πρότερον

366 2720 503 2793 ἦσαν
534 2727 628 2777 καὶ
670 2727 806 2778 ὅπου
858 2726 1211 2794 κατήντησαν
1247 2721 1497 2789 ὕστερον,
1555 2723 1583 2776 6
1636 2722 1703 2793 δὴ
1740 2723 1833 2776 καὶ
1866 2721 1928 2775 οὐ

368 2820 571 2887 μικρᾶς
604 2816 979 2885 ἀγαλλιάσεως
1008 2815 1219 2880 γίνεται
1249 2814 1530 2884 πρόξενον.

426 2995 661 3050 Πλὰττει
695 2996 801 3065 μὲν
837 2991 955 3062 οὖν,
999 2995 1073 3059 ὡς
1122 2997 1362 3065 εἴρηται,
1400 2996 1518 3057 τοῖς
1565 2994 1727 3057 ἰδίαις
1767 2993 1930 3065 χερσὶ

357 3088 442 3139 τὸν
470 3086 756 3157 ἄνθρωπον
775 3089 803 3140 6
821 3085 1006 3149 Θεός.ι
1029 3087 1138 3140 Καὶ
1170 3085 1350 3145 ἔλασε.
1368 3104 1389 3138 ι
1415 3085 1548 3156 γὰρ,
1566 3084 1722 3157 φησὶ,
1749 3103 1768 3137 r
1798 3084 1927 3155 χοῦν
1954 3106 2003 3173 c

360 3176 462 3228 ἀπὸ
492 3177 590 3247 τῆς
624 3177 726 3245 γῆς
763 3178 791 3229 6
826 3176 978 3239 Θεὸς,
1014 3175 1109 3229 καὶ
1137 3174 1341 3228 ἔπλασε
1368 3177 1462 3229 τὸν
1492 3175 1798 3245 ἄνθρωπον,
1833 3175 1928 3229 καὶ

358 3267 688 3337 ἐνεφύσησεν
746 3268 827 3329 εἰς
891 3268 953 3320 τὸ
1014 3267 1302 3336 πρόσωπον
1340 3264 1507 3318 αὐτοῦ
1548 3266 1715 3335 πνοὴν
1755 3264 1925 3333 ζωῆς·

357 3357 445 3409 καὶ
473 3356 693 3422 ἐγένετο
746 3355 777 3408 6
831 3354 1115 3425 ἄνθρωπος
1149 3355 1230 3415 si;
1285 3353 1464 3423 ψυχὴν
1497 3353 1730 3416 ζῶσαν.»
1756 3352 1924 3407 Εὑλό-

353 3462 457 3514 γως
514 3446 610 3500 οὖν
659 3447 730 3499 τὰ
760 3447 859 3515 μὲν
905 3448 1147 3516 χερσαῖα
1203 3445 1384 3498 πάντα
1425 3444 1597 3513 θνητὰ
1628 3444 1920 3515 τυγχάνει·

354 3538 539 3607 reﬁxo.
572 3538 701 3609 γὰρ,
735 3540 927 3608 φησὶν,
967 3540 1075 3593 ἀπὸ
1099 3539 1199 3608 τῆς
1218 3538 1327 3607 γῆς
1358 3537 1456 3591 σὺν
1487 3536 1622 3606 αὐτῇ
1652 3540 1718 3606 τῇ
1748 3536 1920 3608 ψυχῇ·

359 3648 378 3681 ι
429 3630 801 3696 Ἑξαγαγέτω,
837 3649 857 3682 ι
896 3630 1004 3700 γάρ
1034 3645 1220 3699 φησιν,
1262 3647 1282 3679 ι
1320 3630 1353 3698 ἡ
1384 3627 1458 3697 γῆ
1480 3626 1658 3697 ψυχὴν
1683 3626 1918 3693 ζῶσαν.»

362 3721 422 3773 '0
450 3722 506 3773 δὲ
543 3721 830 3790 ἄνθρωπος
887 3724 1047 3790 μόνος
1099 3720 1397 3782 ἀθανασίας
1434 3721 1792 3789 μετέσχηκεν,
1838 3719 1919 3773 ὅτι

349 3812 433 3864 διὰ
462 3814 561 3866 τοῦ
595 3812 741 3865 θείου
768 3813 1164 3881 ὶμφυσήματος
1204 3813 1301 3863 καὶ
1334 3811 1435 3864 οὐκ
1479 3790 1719 3881 ἀπὸῖῆς
1750 3810 1914 3864 ἔλασε

348 3904 444 3973 τὴν
486 3904 708 3974 ψυχήν·
745 3924 764 3955 r
813 3904 1168 3972 Ἐνεφύσησε,
1208 3921 1225 3953 ι
1260 3901 1368 3973 γάρ
1418 3917 1608 3970 φησιν,
1654 3918 1674 3952 ι
1726 3903 1807 3964 εἰς
1856 3901 1920 3955 τὸ

354 3995 652 4063 πρόσωπον
704 3994 869 4047 αὑτοῦ
916 3996 1085 4062 πνοὴν
1129 3978 1295 4062 (diﬁc,
1336 4012 1356 4045 ι
1402 3992 1573 4063 αὐτὴν
1606 3992 1704 4064 τὴν
1727 3992 1918 4063 νοερὲν

350 4083 590 4153 δηλονότι
621 4084 821 4157 ψυχήν.
858 4084 991 4137 Οὐδὲ
1023 4085 1130 4153 γὰρ
1182 4086 1293 4137 ἀπὸ
1323 4084 1428 4154 γῆς
1456 4083 1618 4153 αὕτη.
1660 4084 1769 4137 Καὶ
1796 4083 1917 4137 πεί-

349 4160 439 4228 Θου
469 4176 548 4245 τῷ
590 4160 828 4246 θεολόγῳ
861 4175 1149 4246 Γρηγοριῳ
1186 4176 1315 4245 περὶ
1346 4176 1447 4243 τῆς
1490 4174 1583 4228 τοῦ
1620 4175 1912 4245 ἀνθρώπου

348 4267 591 4328 πλάσεως
621 4266 794 4329 οὕτως
820 4267 959 4320 κατὰ
980 4268 1132 4337 ῥῆμα
1161 4266 1428 4331 διεξιόντι.
1459 4284 1478 4318 ι
1506 4254 1615 4321 Καὶ
1637 4268 1787 4339 παρὰ
1813 4266 1913 4336 μὲν

342 4360 436 4428 τῆς
466 4358 601 4427 ὕλης
628 4358 810 4412 λαϐὼν
862 4358 922 4411 τὸ
955 4359 1115 4429 σῶμα
1152 4358 1250 4429 ἢδη
1295 4359 1745 4429 προῦποστάσης,
1778 4358 1913 4429 παρ’

2046 544 2389 615 pra-cedente
2447 543 2701 597 divinum
2728 543 2880 597 illum
2930 545 3242 612 paradisum
3306 545 3358 599 in
3424 544 3619 608 Edem,

2044 650 2237 691 versus
2290 634 2556 690 orientem
2591 634 2787 689 solem.
2846 635 2981 689 Nam
3028 635 3098 692 de
3147 638 3401 692 universa
3453 646 3621 701 terra,

2051 725 2515 794 quemadmodum
2583 733 2639 779 et
2696 726 3069 782 Theodoritus
3123 734 3177 781 et
3242 727 3469 783 Basilius
3531 729 3623 783 ille

2044 833 2274 887 magnus
2330 829 2386 873 et
2431 816 2669 873 Joannes
2736 817 3105 873 Damascenus
3161 819 3359 881 aiunt,
3414 821 3623 875 selecto

2043 909 2282 977 quodam
2311 925 2505 964 versus
2544 910 2812 964 orientem
2848 909 2986 970 loco.
3022 910 3120 979 'qui
3164 910 3332 965 Edem
3375 912 3620 979 appella-

2043 998 2202 1053 batur
2236 1008 2290 1053 et
2314 999 2645 1068 conspicuus
2671 1008 2795 1053 erat
2823 999 3187 1067 universaque
3231 1000 3441 1069 reliqua
3472 1008 3619 1053 terra

2041 1088 2343 1155 sublimior,
2378 1090 2432 1142 in
2478 1104 2543 1144 eo
2577 1089 2698 1158 ipso
2729 1090 3043 1160 paradisum
3087 1091 3349 1147 conserit.
3406 1091 3483 1143 uti
3533 1090 3619 1144 ni-

2042 1179 2237 1233 mirum
2263 1179 2528 1234 delicatus
2571 1190 2717 1235 esset
2747 1195 2810 1235 ac
2853 1190 3116 1249 perpetuo
3149 1179 3396 1244 ﬂoridus,
3421 1196 3619 1249 quem-

2038 1269 2331 1323 admodum
2390 1268 2721 1324 Severianus
2774 1269 3045 1337 scripsit:
3106 1284 3230 1322 nam
3292 1266 3616 1322 vocabulum

2041 1359 2209 1412 Edem
2241 1359 2285 1412 si
2319 1360 2456 1413 velis
2490 1359 2867 1430 interpretari,
2931 1359 3155 1414 delicias
3188 1360 3483 1431 significat.
3522 1359 3620 1413 llic

2041 1444 2321 1501 hominem
2355 1447 2633 1503 conditum
2683 1446 2827 1502 Deus
2878 1448 3123 1502 habitare
3155 1448 3349 1502 voluit.
3397 1449 3618 1503 Etenim

2040 1535 2093 1588 in
2128 1536 2401 1604 paradiso,
2434 1539 2897 1605 quemadmodum
2928 1538 3291 1607 perscriptum
3328 1539 3501 1593 sacris
3536 1549 3620 1593 est

2038 1624 2094 1678 in
2140 1625 2379 1690 Litteris,
2422 1643 2551 1682 eum
2607 1628 2915 1683 collocavit.
2974 1627 3111 1681 Hinc
3158 1637 3371 1692 autem,
3420 1629 3623 1685 dilecte

2040 1716 2134 1779 fili,
2168 1717 2268 1771 hoc
2299 1718 2462 1773 etiam
2493 1718 2777 1781 discimus,
2817 1720 2985 1773 Deum
3014 1735 3082 1774 ex
3118 1719 3225 1773 alia
3264 1728 3408 1773 terra
3462 1734 3600 1773 con-

2037 1805 2206 1858 ditum
2236 1806 2500 1860 Adamum
2554 1808 2606 1861 in
2640 1807 2951 1876 paradisum
2997 1808 3315 1862 collocasse.
3369 1807 3487 1873 Qua
3546 1809 3619 1863 de

2039 1913 2098 1951 re
2130 1899 2260 1967 quid
2313 1904 2491 1954 sacris
2520 1908 2698 1955 exstet
2742 1901 2797 1954 in
2833 1900 3079 1966 Litteris,
3128 1901 3255 1956 audi
3286 1918 3302 1956 :
3345 1919 3362 1951 ι
3399 1902 3613 1970 Abegit,

2038 1988 2320 2058 inquiunt,
2371 1991 2516 2046 Deus
2559 1993 2825 2046 Adamum
2860 2008 2933 2046 ex.
2978 1993 3231 2061 paradiso
3270 1992 3611 2058 deliciarum,

2039 2089 2099 2135 ut
2127 2090 2346 2148 terram,
2382 2083 2527 2137 unde
2561 2095 2811 2152 sumptus
2835 2093 2976 2145 erat,
3005 2084 3243 2138 coleret.
3273 2101 3292 2135 ι
3332 2083 3614 2150 Quamob-

2036 2184 2153 2223 rem
2203 2185 2331 2223 vero
2375 2178 2535 2225 extra
2559 2172 2870 2240 paradisum
2903 2172 3102 2226 format
3123 2172 3427 2236 hominem,
3455 2189 3613 2227 eum-

2040 2276 2146 2329 que
2179 2261 2449 2331 deinceps
2472 2263 2527 2316 in
2560 2262 2707 2317 illum
2735 2264 3074 2319 introducit?
3098 2265 3169 2320 Ut
3195 2265 3323 2319 hinc
3348 2265 3609 2331 disceret,

2035 2353 2103 2407 de
2148 2354 2520 2425 Chrysoslomi
2572 2357 2868 2419 sententia,
2931 2367 3138 2426 quanto
3178 2359 3355 2427 ipsum
3406 2361 3612 2415 honore

2035 2441 2180 2499 Deus
2222 2444 2477 2517 dignatus
2531 2456 2697 2512 esset,
2728 2457 2946 2516 quanta:
2967 2448 3263 2517 voluptatis
3289 2448 3606 2503 fruitionem

2032 2538 2427 2593 concessisset.
2484 2538 2616 2593 Nam
2670 2540 2764 2608 qui
2797 2540 2867 2594 de
2899 2539 3109 2606 ordine;
3141 2541 3393 2608 locoque.
3421 2541 3610 2596 infimo

2034 2627 2103 2681 ad
2132 2628 2471 2697 superiorem
2503 2630 2921 2699 principemque
2954 2630 3379 2697 transferuntur,
3406 2642 3610 2686 norunt

2034 2718 2351 2770 necessario
2377 2716 2469 2787 qui
2496 2717 2648 2787 prius
2672 2717 2876 2773 fuerint
2906 2728 2962 2773 et
2989 2732 3099 2789 quo
3127 2718 3390 2789 deinceps
3416 2734 3609 2788 perve-

2032 2807 2234 2861 nerint.
2272 2806 2410 2873 Quae
2443 2824 2532 2865 res
2584 2824 2694 2864 non
2744 2810 2996 2881 exiguam
3047 2809 3210 2866 nobis
3244 2811 3484 2866 latitiam
3514 2828 3609 2882 pa-

2032 2896 2153 2951 rere
2177 2898 2486 2953 consuevit.

2099 2984 2283 3056 Fingit
2326 3001 2455 3055 ergo
2482 2985 2623 3041 Deus
2650 2987 2931 3041 hominem
2971 2990 3213 3058 propriis
3237 2993 3510 3058 manibus,
3544 3003 3606 3050 ut

2032 3091 2202 3132 sacra:
2230 3076 2449 3132 Litterae
2481 3077 2783 3146 loquuntur
2818 3097 2834 3132 :
2871 3096 2891 3131 ι
2926 3078 3158 3149 Sumpta
3203 3082 3271 3137 de
3295 3093 3435 3140 terra
3477 3087 3600 3155 pul-

2030 3186 2159 3225 vere
2198 3170 2342 3224 Deus
2376 3169 2652 3224 hominem
2708 3169 2983 3238 formavit,
3027 3180 3085 3227 et
3134 3172 3191 3226 in
3233 3175 3354 3244 ejus
3402 3176 3602 3233 faciem

2028 3262 2280 3333 spiritum
2317 3262 2531 3317 vitalem
2566 3261 2875 3332 inSpiravit,
2920 3279 3001 3319 ex.
3037 3280 3147 3334 quo
3175 3267 3428 3321 animans
3460 3269 3603 3323 επε-

2026 3363 2147 3412 ctus
2175 3366 2257 3412 est
2278 3357 2345 3410 ".
2382 3374 2401 3408 ι
2435 3355 2670 3426 ideoque
2700 3371 2808 3410 non
2842 3355 2941 3412 abs
2989 3371 3051 3411 re
3095 3357 3352 3414 animalia
3399 3371 3599 3416 cuncta

2030 3448 2314 3503 terrestria
2357 3446 2521 3502 morti
2585 3454 2714 3502 sunt
2760 3446 3018 3503 obnoxia.
3074 3447 3287 3518 Quippe
3333 3449 3404 3504 de
3449 3460 3597 3505 terra

2024 3549 2140 3593 orta
2172 3547 2298 3593 sunt
2335 3538 2451 3608 ipsa
2498 3553 2621 3594 cum
2674 3538 2882 3605 anima,
2914 3539 3385 3609 {quemadmodum
3424 3544 3599 3599 sacris

2025 3628 2079 3683 in
2108 3627 2325 3682 Litteris
2356 3636 2441 3682 est
2476 3628 2683 3684 dixisse
2729 3629 2937 3685 Deum:
2964 3646 2985 3681 ι
3018 3628 3156 3684 Edat
3195 3641 3338 3685 terra
3372 3632 3597 3688 vitalem

2020 3720 2280 3773 animam.
2320 3735 2338 3769 ι
2376 3718 2539 3773 Solus
2566 3728 2746 3775 autem
2779 3720 2947 3775 homo
2987 3718 3165 3775 factus
3188 3729 3274 3776 est
3304 3720 3588 3777 immorta-

2022 3809 2187 3863 litatis
2219 3824 2286 3864 εχ
2313 3824 2375 3864 eo
2392 3810 2857 3880 particeps,'quod
2877 3810 3114 3865 animam
3141 3826 3241 3881 per
3260 3812 3497 3868 alllatum
3528 3825 3589 3870 et

2019 3898 2429 3969 inspirationem
2467 3899 2730 3966 divinam,
2777 3915 2887 3955 non
2927 3901 3139 3969 clterra
3174 3904 3409 3971 accepit.
3441 3902 3577 3957 Nam

2017 3989 2071 4042 in
2099 3989 2289 4043 faciem
2314 3988 2433 4057 ejus
2453 3989 2703 4057 spiritum
2738 3991 2955 4044 vitalem
2985 3991 3291 4060 inspiravit,
3327 3993 3584 4048 nimirum

2016 4077 2188 4147 ipsam
2248 4079 2483 4133 animam
2564 4079 2901 4150 intelligendi
2976 4080 3230 4135 facultate
3284 4083 3587 4153 praeditam.

2013 4169 2125 4239 68
2151 4167 2264 4224 Nec
2290 4170 2434 4224 eiiim
2470 4169 2582 4224 dici
2613 4179 2794 4241 potest
2837 4172 2978 4225 hanc
3012 4172 3077 4227 de
3109 4179 3253 4226 terra
3291 4174 3588 4231 exstitisse.
3640 4156 3677 4179 ”

2015 4262 2367 4317 Persuadebit
2398 4263 2502 4317 hoc
2527 4262 2622 4317 tibi
2646 4261 2804 4319 facile
2834 4263 3135 4336 Gregorius
3157 4266 3247 4321 ille
3278 4268 3586 4338 theologus,

2015 4354 2106 4423 qui
2131 4354 2196 4409 de
2229 4352 2468 4409 hominis
2498 4353 2829 4409 formatione
2858 4356 2938 4410 sic
2967 4357 3033 4411 ad
3067 4358 3290 4413 verbum
3322 4360 3541 4421 disserit
3567 4377 3587 4414 :

341 4450 539 4502 ἑαυτοῦ
573 4449 632 4501 δὲ
685 4449 853 4519 πνοὴν
906 4450 1103 4511 ἐνθεὶς.
1156 4449 1184 4501 6
1237 4450 1301 4517 δὴ
1347 4450 1538 4517 νοερὰν
1565 4448 1743 4518 ψυχὴν
1772 4447 1904 4501 Θεοῦ

2030 4463 2034 4493 ι
2069 4442 2203 4499 Cum
2232 4444 2299 4499 de
2330 4445 2553 4499 materie
2584 4459 2789 4509 crassa,
2820 4447 3068 4515 quatiam
3107 4449 3428 4512 exsistebat,
3457 4466 3579 4505 cor-
3610 4496 3611 4499 η

339 4540 474 4594 οἶδεν
510 4542 540 4592 6
591 4541 770 4608 λόγος,
818 4541 1058 4610 παράγει
1107 4540 1198 4593 τὸν
1258 4538 1577 4608 ἄνθρωπον.
1617 4557 1636 4590 ›
1672 4540 1915 4609 Πρόσεχε

2030 4550 2122 4601 pus
2146 4536 2490 4607 sumpsisset,
2525 4535 2685 4606 eique
2725 4537 2975 4607 spiritum
3008 4554 3076 4594 ex
3120 4541 3417 4610 semetipso
3445 4542 3583 4597 indi:-

340 4628 447 4686 οὖν.
492 4632 715 4701 Ἐπειδὴ
734 4632 847 4702 γὰρ
872 4634 905 4701 ἡ
932 4633 1095 4700 νοερᾶ
1118 4632 1272 4702 ψυχὴ
1300 4630 1367 4684 δι’
1395 4633 1801 4702 ὲμφυσὴματος
1835 4630 1913 4700 τῷ

2030 4626 2205 4691 iissct,
2236 4627 2393 4696 cujus
2423 4628 2788 4698 appellatione
2816 4630 2975 4685 nobis
2998 4630 3179 4684 anima
3205 4630 3595 4701 intelligentia

342 4723 615 4793 ἀνθρώπῳ
654 4722 963 4775 ἐντέθιιται
1016 4724 1170 4792 παρὰ
1219 4722 1394 4788 Θεοῦ,
1463 4722 1552 4777 διὰ
1606 4724 1766 4777 τοῦτο
1819 4724 1914 4777 καὶ

2030 4719 2061 4770 ri
2093 4717 2318 4786 praedita
2355 4726 2412 4773 et
2441 4719 2619 4789 imago
2657 4717 2751 4773 Dei
2785 4723 2957 4783 venit,
2995 4720 3267 4774 hominem
3319 4722 3373 4776 in
3400 4731 3593 4778 ortum

345 4811 612 4875 ἀθάνατός
641 4814 816 4867 ιστιν.
866 4812 930 4865 'H
952 4812 1007 4865 δὲ
1045 4813 1156 4866 τῶν
1191 4813 1402 4881 ἀλόγων
1425 4812 1581 4878 ζώων
1620 4812 1770 4883 ψυχὴ
1801 4813 1910 4867 ἀπὸ

2030 4808 2280 4863 ποάυεὶι.
2318 4828 2336 4860 ι
2374 4808 2578 4863 Idcirco
2608 4810 2771 4864 velim
2796 4810 3228 4875 animadvertas,
3257 4816 3400 4884 quod
3444 4832 3586 4871 cum

344 4906 439 4973 γῆς
480 4905 775 4972 ἐξελθοῦσα
814 4906 955 4960 κατὰ
984 4906 1093 4977 τὴν·
1112 4906 1262 4959 θείαν
1287 4908 1470 4975 φωνὴν
1516 4905 1724 4976 γεώδης
1765 4907 1905 4973 ἐστὶ,

2030 4900 2190 4952 mima
2235 4898 2608 4969 intelligentia
2662 4900 2717 4954 vi
2776 4910 2966 4955 ornata
3022 4917 3121 4972 per
3163 4903 3590 4973 inspirationem

344 4994 426 5048 διὰ
479 4998 644 5050 τοῦτο
701 4999 797 5050 καὶ
845 4998 1039 5069 θνητή.
1106 4999 1216 5052 Καὶ
1245 4998 1373 5070 περὶ
1431 4998 1530 5067 μιν
1584 4997 1788 5051 τούτων
1813 4997 1903 5051 οὖ-

2030 4990 2218 5045 ]οῐυὶιιῑ
2246 5006 2275 5044 a
2308 4989 2419 5043 Deo
2446 4990 2611 5044 fuerit
2640 4991 2827 5054 insita,
2855 4992 2943 5046 illa
2974 4993 3086 5061 ipsa
3120 4994 3291 5049 etiam
3315 4996 3383 5049 de
3410 5013 3581 5052 causa

340 5101 462 5149 τως,
2009 5082 2332 5138 immortalis
2366 5084 2454 5139 sit.
2488 5086 2558 5141 At
2606 5085 2889 5140 brutorum
2938 5088 3117 5141 anima
3170 5090 3327 5158 jussu
3384 5090 3587 5146 divino

1999 5185 2187 5231 exorta
2216 5176 2282 5231 de
2315 5177 2481 5231 humo
2531 5177 2808 5232 terrestris
2852 5187 2938 5233 est
2986 5179 3217 5248 ideoque
3265 5182 3425 5237 morti
3476 5182 3583 5236 ob—

1998 5267 2184 5322 noxia.
2224 5268 2289 5322 Et
2319 5268 2386 5322 de
2420 5267 2504 5323 his
2532 5267 2754 5337 quidem
2796 5268 2899 5323 hoc
2931 5269 3094 5324 modo
3120 5270 3325 5325 dictum
3361 5279 3501 5326 esto.

2070 5355 2223 5412 Scire
2252 5367 2433 5412 autem
2471 5357 2641 5412 debes
2664 5357 2798 5428 quid
2830 5357 2935 5415 hac
2978 5359 3041 5413 in
3074 5371 3224 5430 parte
3252 5360 3573 5430 Chrysosto—

1998 5462 2122 5501 mus
2150 5463 2368 5517 quoque
2396 5449 2628 5504 tradam
2664 5449 2799 5504 Cum
2823 5449 3045 5518 bestias,
3073 5450 3170 5515 ait,
3189 5448 3566 5518 quadrupedes

1996 5537 2259 5596 conderet
2285 5540 2452 5608 Deus,
2496 5556 2602 5597 una
2639 5556 2764 5598 cum
2808 5540 2943 5612 ipsis
2988 5541 3307 5611 corporibus
3350 5537 3574 5595 animas

423 5345 749 5413 ’Δναγκαῖον
779 5346 836 5400 δὲ
865 5346 1067 5402 εἰδέναι
1100 5365 1180 5411 σε,
1222 5348 1493 5420 ἀγαπητὲ,
1529 5350 1624 5401 καὶ
1652 5350 1704 5401 τί
1732 5366 1899 5419 φησιν

343 5432 433 5486 ἐπὶ
458 5435 672 5499 τούτοις
710 5439 739 5489 6
788 5439 884 5511 τὴν
922 5440 1169 5509 γλῶτταν
1202 5439 1456 5509 χρυσοῦς.
1494 5458 1511 5491 ι
1547 5441 1657 5495 Καὶ
1690 5441 1758 5494 τὰ
1798 5440 1897 5508 μὲν

352 5527 639 5595 τετράποδα
694 5531 863 5584 ποιῶν
891 5534 918 5586 6
948 5532 1081 5598 Θεὸς
1128 5534 1264 5603 ὁμοῦ
1305 5533 1447 5604 μετὰ
1486 5533 1593 5588 τῶν
1626 5532 1895 5603 σωμάτων

404 5706 453 5737 ⁸³
478 5707 614 5765 Gen.
650 5727 708 5777 Il,
744 5715 796 5772 7,
