4062 6186
398 321 499 383 li'l

396 437 557 490 etiam
611 436 925 506 proferebat
979 458 991 494 :

398 545 544 582 nium
581 545 780 600 corpus
816 543 871 585 ut
907 533 1329 588 instrumentum
1374 534 1624 600 fabricat,
1659 539 1855 593 deinde
1890 539 1965 595 illi

396 622 631 675 animam
667 623 941 676 conditam
973 624 1136 677 indit.
1165 623 1276 680 Nec
1303 627 1448 681 enim
1484 638 1732 683 creatura
1759 632 1968 699 perlicit

395 714 653 776 animam,
706 730 776 768 ne
842 714 934 766 Dei
987 730 1046 768 se
1100 716 1425 785 adiutricem
1460 720 1674 790 gloriari
1718 723 1960 790 possit.)

395 798 561 870 Igitur
589 804 828 856 animum
865 805 1105 859 adverte.
1142 807 1450 875 Inspiravit,
1484 811 1680 880 inquit,
1729 813 1831 867 hoc
1858 821 1965 879 est,

400 907 598 959 corpus
630 892 761 946 illud
784 908 813 944 e
844 896 1065 962 pulvere
1114 897 1317 951 factum
1344 900 1444 954 hoc
1490 901 1720 970 amplius
1750 918 1971 957 assecu-

395 990 505 1033 tum
531 990 638 1041 est.
688 992 747 1035 ut
787 984 894 1039 vim
944 989 1233 1053 quamdam
1291 990 1505 1044 vitalem
1560 993 1805 1057 haberet,
1848 1010 1967 1064 quae

391 1072 475 1121 vis
513 1072 639 1125 huic
669 1074 888 1128 animali
929 1076 1068 1130 facta
1123 1088 1205 1131 est
1240 1080 1294 1132 in
1327 1081 1563 1134 animam
1613 1084 1813 1150 vivam,
1863 1085 1967 1139 hoc

389 1169 472 1213 est
497 1161 790 1218 efﬁcaciter
818 1176 1068 1234 agentem
1109 1184 1169 1222 ac
1221 1185 1319 1238 per
1357 1174 1722 1227 membrorum
1760 1184 1965 1229 motum

393 1265 563 1307 artem
593 1271 747 1309 suam
777 1257 1273 1315 demonstrantcm.
1302 1266 1476 1331 Atque
1504 1264 1619 1319 haec
1651 1268 1812 1319 verba
1841 1283 1968 1335 pro-

392 1343 645 1399 feruntur
672 1362 701 1400 a
737 1346 846 1401 Deo
880 1360 1132 1405 nostrum
1166 1353 1232 1406 ad
1264 1362 1484 1422 captum
1533 1370 1591 1409 se
1621 1356 1963 1425 demittente,

390 1434 533 1488 sicut
572 1444 625 1489 et
675 1437 760 1490 illa
798 1456 811 1491 :
855 1456 873 1489 ι
908 1438 1195 1495 Faciamus
1234 1443 1532 1498 hominem.
1575 1463 1594 1496 ι
1660 1445 1777 1501 Non
1820 1446 1964 1502 enim

393 1523 501 1577 ulla
581 1527 665 1579 vel
733 1526 1132 1585 deliberatione
1182 1520 1269 1586 γὲι
1321 1534 1757 1591 consideratione
1824 1537 1966 1592 Deus

394 1616 599 1683 indiget
641 1621 783 1673 :sed
832 1624 932 1674 hac
974 1622 1191 1678 illorum
1242 1627 1533 1682 verborum
1578 1627 1753 1683 forma
1811 1630 1966 1686 nobis

1670 326 2088 386 MICIIAELIS
2127 329 2384 388 GLYCAE

1043 442 1317 496 hominem
1371 456 1503 497 vero
1560 443 1960 514 formans,prir

2069 450 2161 502 καὶ
2195 448 2289 510 τὰς
2315 446 2493 516 ψυχὰς
2523 444 2842 515 παρήγαγε,
2867 428 2955 499 τὸν
2984 445 3039 498 δὲ
3069 442 3352 515 ἄνθρωπον
3384 442 3629 496 πλάττων

3527 324 3628 387 HS

2072 539 2287 609 πρῶτον
2313 539 2713 602 κατασκευάζει
2736 538 2795 591 τὺ
2816 536 2974 606 σῶμα
3002 537 3075 599 ὡς
3102 536 3354 604 ὄργανον,
3389 535 3483 588 καὶ
3511 536 3632 587 τότε

2068 630 2168 700 τὴν
2208 629 2388 700 ψυχὴν
2421 631 2838 699 δημιουργήσας
2881 628 3098 698 ἔθηκεν·
3131 629 3190 681 ού
3222 627 3328 696 γὰρ
3366 626 3507 679 Θέλει
3535 626 3634 694 τὴν

2067 722 2247 792 ψυχὴν
2288 723 2540 791 παρεῖναι
2590 724 2655 790 τῇ
2704 720 3051 790 δημιουργίᾳ,
3072 720 3157 772 ἵνα
3189 720 3263 789 μὴ
3291 718 3634 787 καυχήσηται

2068 815 2143 875 ὡς
2174 815 2437 882 συνεργὸς
2466 814 2559 866 τοῦ
2593 813 2755 865 Θεοῦ.
2791 831 2809 863 ι
2847 812 3090 883 Πρόσεχε
3142 810 3254 863 οὖν.
3303 808 3635 877 Ἐνεφύσηοε

2069 907 2177 977 γάρ
2214 922 2369 977 φησι·
2406 907 2650 960 τουτέστι
2682 905 2742 958 τὸ
2779 903 2939 973 σῶμα
2966 902 3126 955 τοῦτο
3169 903 3230 954 rb
3257 902 3364 956 ἀπὸ
3393 901 3484 953 τοῦ
3515 900 3637 969 χοὸς

2067 996 2345 1065 ἠϐουλήθη
2390 998 2483 1048 καὶ
2543 992 2847 1063 προσέταξε
2905 990 3142 1060 ζωτικὴν
3194 989 3337 1059 ἔχειν
3370 989 3632 1056 δύναμιν,

2068 1087 2191 1156 ἥτις
2218 1085 2437 1153 ἐγένετο
2469 1085 2531 1136 τὸ
2565 1084 2706 1147 ζῶον
2735 1086 2813 1145 εἰς
2837 1081 3020 1151 ψυχὴν
3043 1081 3246 1145 ζῶσαν,
3282 1081 3452 1149 ἧγουν
3485 1081 3639 1145 ἐνερ-

2067 1176 2272 1244 γοῦσαν
2306 1178 2402 1230 καὶ
2432 1174 2534 1245 τὴν
2562 1174 2730 1243 αὐτὴν
2754 1173 2952 1242 τέχνην
2986 1172 3344 1224 δεικνύουσαν
3396 1170 3486 1222 διὰ
3535 1169 3641 1236 τῆς

2068 1265 2178 1318 τῶν
2220 1266 2400 1334 μελῶν
2438 1266 2727 1333 κινήσεως.
2781 1262 3011 1323 Οὐκοῦν,
3056 1261 3329 1331 ἀγαπητέ,
3365 1277 3639 1328 συγκατα-

2070 1357 2285 1420 σάσεως
2312 1356 2488 1410 ταῦτα
2521 1358 2589 1409 τὰ
2620 1356 2862 1426 ῥήματα,
2891 1356 3082 1425 ὥσπερ
3108 1351 3203 1409 οὖν
3230 1354 3325 1408 καὶ
3352 1356 3414 1406 τὸ
3434 1373 3452 1404 ι
3487 1354 3643 1420 ποιῆ.-
3706 1372 3713 1377 ·

2072 1464 2257 1515 σωμεν
2292 1447 2603 1517 ἄνθρωπον.
2650 1466 2668 1499 ι
2707 1447 2798 1516 Μὴ
2830 1448 2938 1517 γὰρ
2972 1446 3260 1516 βουληθεὶς
3306 1446 3334 1499 ὁ
3365 1445 3497 1507 Θεὸς
3530 1445 3639 1497 δεῖ-

2067 1555 2159 1592 ται
2194 1539 2290 1593 καῖ
2332 1539 2599 1607 σκέψεως,
2631 1537 2767 1591 ἀλλά
2810 1537 2889 1607 τῷ
2928 1542 3279 1608 προσχήματι
3326 1535 3420 1590 τοῦ
3458 1537 3641 1605 βήμα-

2067 1644 2162 1691 τος
2201 1627 2542 1692 ἐνδείξασθαι
2591 1627 2839 1697 βούλεται
2874 1628 3008 1695 ήμῖν
3056 1626 3156 1696 τὴν
3192 1626 3637 1696 ὑπερϐάλλουσαν

395 1708 640 1764 indicare
690 1713 809 1766 vult
849 1713 1178 1770 immensum
1232 1717 1516 1787 honorem,
1554 1737 1664 1791 quo
1713 1722 1964 1792 dignatur

2069 1718 2256 1789 τιμὴν,
2284 1716 2351 1790 ἧς
2387 1719 2631 1785 ἀξιοῦται
2656 1717 2785 1788 παρ’
2819 1718 2984 1771 αὑτοῦ
3019 1720 3045 1771 ὁ
3069 1716 3637 1788 πλαστουργούμενος.

393 1796 735 1870 illumquent
766 1801 1055 1861 formabat.
1088 1807 1275 1875 Itaque
1318 1820 1469 1865 creat
1518 1812 1816 1877 hominem.
1868 1831 1958 1869 re-

394 1898 589 1955 apectu
634 1891 885 1963 imaginis
918 1907 1167 1963 mortuae,
1225 1901 1683 1969 quemadmodum
1723 1904 1959 1976 Chryso-

2073 1811 2225 1863 Ποιεῖ
2259 1810 2436 1863 τοίνυν
2460 1809 2552 1862 τὸν
2580 1809 2868 1880 ἄνθρωπον
2902 1808 3043 1861 κατὰ
3073 1810 3173 1878 τὴν
3200 1809 3403 1880 νεκρὰν
3435 1810 3638 1868 εἰκόνα.

2061 1904 2138 1967 ὡς
2187 1906 2214 1957 ὁ
2270 1903 2670 1974 χρυσοῤῥήμων
2727 1901 2914 1972 φησιν.
2952 1902 3172 1955 Ἐκειτο
3208 1902 3316 1971 γάρ
3365 1902 3425 1957 τὸ
3481 1902 3641 1972 σῶμα

392 1987 603 2036 atomus
630 1982 903 2052 loquitur;
946 2002 1145 2057 corpus
1172 1990 1319 2045 enim
1360 1992 1578 2061 jacebat
1618 1997 1772 2064 quasi
1807 2013 1963 2052 mor-

2069 1993 2364 2061 τηνικαῦτα
2398 1993 2632 2064 νεκρὸν,
2692 1992 2788 2047 τοῦ
2844 1992 3125 2055 κινοῦντος
3182 1992 3314 2047 αὐτὸ
3360 1993 3638 2062 δεόμενον.

392 2078 568 2135 tuum,
619 2090 785 2144 egens
846 2088 1082 2135 motore.
1142 2080 1349 2139 Deinde
1405 2085 1480 2141 ait
1524 2090 1557 2141 ':
1618 2105 1637 2139 ι
1696 2088 1960 2159 Spiritum

394 2164 609 2217 vitalem
656 2165 709 2218 in
745 2166 937 2222 faciem
970 2172 1088 2240 ejus
1124 2174 1429 2243 inspiravit.
1474 2196 1493 2230 ι
1545 2178 1672 2235 Haec
1704 2196 1734 2235 a
1779 2183 1965 2238 divino

392 2253 514 2305 viro
547 2270 806 2324 perquam
843 2270 992 2315 recte
1021 2262 1326 2331 ordineque
1371 2267 1649 2333 dicuntur,
1693 2270 1964 2329 refutante

392 2349 653 2413 quosdam
687 2351 779 2418 qui
813 2367 938 2407 eum
984 2353 1301 2427 Origenicas
1326 2362 1614 2430 opiniones
1661 2368 1859 2422 sectari
1890 2370 1966 2424 di-

391 2449 601 2493 cerent.
635 2437 768 2495 Nam
801 2444 983 2500 verbis
1029 2447 1287 2504 indicatis
1315 2452 1467 2521 quasi
1501 2454 1757 2513 radicitus
1801 2475 1966 2529 pecu-

393 2527 579 2585 liarem
619 2532 763 2587 illam
789 2537 1096 2594 animarum
1128 2542 1505 2600 exsistentiam
1538 2558 1786 2606 evertere
1803 2527 1966 2609 ivide-

394 2629 503 2684 tur,
544 2639 705 2692 quam
740 2626 948 2683 delirus
976 2629 1243 2703 Origenes
1276 2638 1545 2694 tradebat.

462 2713 728 2769 Czeterum
757 2718 812 2771 in
842 2720 989 2775 hisce
1025 2724 1211 2779 verbis
1242 2743 1258 2780 :
1301 2746 1320 2778 ‹
1358 2729 1619 2799 Spiritum
1653 2734 1873 2791 vitalem
1911 2738 1968 2791 in

395 2802 591 2859 faciem
624 2808 747 2877 ejus
785 2811 1091 2880 inspiravit,
1127 2834 1145 2867 ι
1179 2818 1397 2887 quidam
1437 2824 1620 2879 audita
1654 2825 1968 2896 inspiratio-

391 2898 476 2951 nis
501 2915 654 2965 voce,
690 2917 791 2957 nec
821 2907 1205 2964 vocabulorum
1232 2927 1473 2982 expensa
1499 2918 1767 2985 crassitie,
1794 2924 1970 2989 quod-

390 3007 497 3061 que
523 2994 644 3050 aliis
675 2996 776 3051 alia
790 2997 1008 3055 Litterae
1030 2996 1202 3059 sacra:
1228 3006 1533 3076 signiﬁcare
1562 3014 1966 3078 consueverint,

2068 2087 2302 2139 Ἔπειτά
2338 2102 2493 2155 φησι,
2535 2104 2554 2136 ι
2586 2084 2696 2138 Kal
2741 2084 3075 2152 ἐνεφύσησεν
3122 2084 3204 2146 είς
3253 2083 3312 2135 τὸ
3344 2084 3639 2154 πρόσωπον

2066 2176 2231 2229 αὑτοῦ
2283 2177 2454 2243 πνοὴν
2490 2176 2655 2239 ζωῆς.
2698 2193 2716 2226 ι
2759 2175 2944 2229 Ταῦτα
3003 2175 3100 2244 μέν
3145 2173 3235 2227 οὖν
3292 2176 3320 2227 ο
3360 2176 3639 2237 θειότατος

2076 2268 2329 2338 Ἰωάννης
2354 2268 2511 2336 ἔλεγε
2538 2269 2633 2321 καὶ
2679 2268 2803 2321 λίαν
2833 2267 3165 2336 εὐμεοόδως,
3194 2267 3474 2337 ἐντρέπων
3512 2268 3641 2328 τοὺς

2066 2359 2327 2427 λέγοντας
2350 2360 2514 2413 αὑτὸν
2546 2360 2629 2412 ὅτι
2658 2359 2725 2413 τά
2768 2359 3080 2429 Ὠριγένους
3108 2361 3313 2427 φρονεῖ.
3368 2360 3503 2411 Ἀπὸ
3531 2358 3641 2428 γὰρ

2067 2450 2175 2503 τῶν
2216 2450 2618 2520 διαληφθέντων
2672 2452 2933 2520 ῥημάτων
2982 2450 3235 2520 ἀνασπᾷν
3288 2449 3431 2503 ἔοικε
3469 2450 3640 2520 πρὸῥο

2071 2539 2220 2610 ῥιζον
2246 2539 2342 2609 τὴν
2366 2540 2709 2610 προῦπαρξιν
2739 2540 2847 2595 τῶν
2880 2539 3092 2611 ψυχῶν,
3130 2541 3194 2611 ἣν
3224 2542 3253 2593 ὁ
3289 2540 3639 2610 ματαιόφρων

2088 2631 2372 2701 Ὠριγένης
2400 2632 2639 2696 ἐδόξαζε.

2139 2722 2249 2775 Kal
2297 2723 2633 2791 ἐνεφύσησεν
2665 2724 2744 2786 είς
2786 2722 2847 2776 τὸ
2901 2724 3192 2794 πρόσωπον
3248 2724 3417 2781 αἰετοῦ
3468 2725 3638 2794 πνοὴν

2072 2812 2238 2883 ζωῆς.
2282 2814 2425 2867 Ἀλλ’
2458 2815 2693 2868 ἐνταῦθα
2740 2817 2802 2868 τὸ
2854 2816 3158 2885 ἐνεφύσησέ
3207 2832 3350 2882 τινες
3376 2814 3645 2867 ἀκούσαν-

2072 2921 2187 2968 τες,
2220 2906 2317 2959 καὶ
2356 2906 2431 2976 μὴ
2472 2906 2828 2976 λογισάμενοι
2858 2908 2958 2974 τὴν
2986 2906 3096 2960 τῶν
3129 2906 3327 2973 λέξεων
3356 2905 3644 2974 παχύτητα

2072 2998 2165 3050 καὶ
2197 2998 2277 3050 ὅτι
2312 2998 2379 3053 δι’
2405 2999 2607 3069 ἐτέρων
2647 2999 2811 3069 ἕτερα
2844 3000 3175 3069 παρίστησιν
3205 3002 3238 3067 ἡ
3280 2999 3494 3070 Γραφὴ,
3526 2999 3641 3051 ἐνό-

389 3079 627 3139 animam
665 3099 787 3140 esse
814 3086 1015 3143 divina:
1048 3093 1363 3161 participem
1391 3100 1645 3153 essentiaa
1682 3112 1963 3169 putarunt.

2073 3104 2239 3154 μισαν
2300 3088 2400 3158 τὴν
2450 3089 2631 3159 ψυχὴν
2692 3089 2879 3153 οὐσίας
2938 3091 3188 3161 μετέχειν
3216 3091 3315 3161 τῆς
3366 3091 3537 3159 αὐτῆς
3565 3091 3644 3159 τῷ

392 3169 499 3226 Sed
532 3174 821 3242 plurinmm
869 3195 898 3233 a
928 3195 1103 3249 scopo
1123 3184 1401 3242 aberrant.
1438 3187 1570 3243 Nam
1606 3191 1657 3246 id
1689 3195 1734 3247 si
1770 3194 1962 3265 largia-

391 3278 539 3327 mur.
578 3266 719 3321 Deus
768 3268 926 3336 ignea
962 3274 1315 3342 semetipsum
1357 3279 1601 3347 gehenna
1635 3284 1826 3351 punire
1864 3287 1960 3341 de-

388 3355 784 3423 prehendetur,
842 3374 966 3414 cum
1002 3362 1069 3417 de
1104 3368 1374 3422 sententia
1409 3385 1683 3429 sacrarum
1726 3376 1959 3433 Littera-

391 3457 511 3495 rum
546 3445 784 3500 animam
810 3465 916 3503 una
947 3465 1069 3505 cum
1106 3468 1336 3523 corpore
1368 3466 1650 3531 perpetuis
1680 3466 1803 3525 istic
1830 3478 1961 3540 sup‘-

390 3533 573 3602 pliciis
607 3537 939 3595 multandam
971 3543 1166 3600 tradat.
1211 3545 1301 3603 Sic
1341 3552 1487 3607 enim
1521 3555 1597 3609 ait
1635 3573 1647 3609 :
1686 3578 1703 3609 ι
1737 3559 1811 3614 Ne
1848 3533 1959 3615 for-

392 3625 731 3682 midaveritis
799 3645 896 3685 eos
964 3635 1059 3703 qui
1132 3651 1331 3707 corpus
1392 3644 1764 3715 interﬁciunt,
1836 3666 1958 3705 cum

391 3718 627 3771 animam
687 3721 797 3791 69
847 3733 1081 3779 vestram
1145 3726 1457 3790 interﬁcere
1506 3749 1826 3807 nequeant:
1863 3744 1959 3798 sed

391 3822 515 3861 eum
545 3811 728 3878 potius
756 3813 1067 3884 formidate,
1114 3820 1206 3891 qui
1241 3833 1296 3877 et
1328 3826 1561 3882 animam
1593 3839 1649 3884 et
1678 3846 1875 3902 corpus
1904 3834 1957 3888 in

390 3902 638 3969 gehenna
707 3906 935 3973 perdere
996 3919 1178 3979 potest
1205 3914 1274 3967 ⁸⁸.
1318 3935 1337 3969 ο
1388 3917 1575 3989 itaque
1623 3925 1958 3993 spiraculum

390 3998 521 4053 illud
554 3999 605 4053 in
631 4002 868 4058 animam
903 4019 1013 4061 non
1039 4019 1431 4066 commutatum
1466 4016 1671 4069 creavit
1698 4017 1957 4084 animam,

336 4088 532 4173 “sicut
562 4101 615 4145 et
658 4109 853 4148 manus
884 4096 1090 4153 litteras
1147 4102 1379 4169 scribit,
1418 4120 1540 4173 cum
1599 4108 1959 4165 nihilominus

391 4196 586 4238 manus
615 4195 830 4239 maneat
859 4202 1071 4258 manus,
1097 4200 1150 4245 et
1174 4192 1365 4249 litterae
1394 4196 1503 4249 sint
1529 4197 1746 4252 litterae.

462 4361 540 4415 Ac
578 4362 877 4431 prudenter
924 4366 1010 4423 hic
1047 4368 1175 4423 mihi
1202 4412 1217 4437 ,
1259 4387 1379 4441 quae
1416 4373 1690 4444 dicantur,
1727 4379 1959 4449 respice.

2070 3179 2209 3249 Θεῷ.
2264 3178 2401 3233 Ἀλλ’
2451 3182 2766 3250 ἐσφάλησαν
2818 3182 2911 3235 τοῦ
2964 3181 3189 3237 σκοποῦ.
3224 3183 3285 3235 El
3330 3182 3438 3251 γάρ
3484 3180 3641 3234 τοῦτο

2068 3269 2352 3339 δώσωμεν,
2393 3272 2642 3341 εὑρεθείη
2671 3272 2737 3325 ἄν
2787 3274 2813 3325 ὁ
2863 3272 2996 3335 Θεὸς
3052 3272 3215 3335 αὐτὸς
3260 3274 3452 3326 ἑαυτὸν
3487 3275 3543 3326 ἐν
3573 3276 3637 3343 τῇ

2068 3364 2270 3436 γεέννῃ
2311 3363 2556 3428 κολάζων
2596 3363 2693 3417 τοῦ
2749 3364 2943 3436 πυρὸς,
3007 3366 3060 3416 εἰ
3111 3381 3176 3431 γε
3233 3364 3375 3418 κατά
3407 3364 3467 3417 τὸ
3498 3365 3643 3432 ἱερὸν

2073 3455 2316 3525 Γράμμα
2348 3455 2445 3508 σὺν
2486 3455 2567 3526 τῷ
2620 3454 2835 3524 σώματι
2862 3455 2963 3524 τὴν
2992 3455 3172 3525 ψυχὴν
3207 3457 3385 3508 ἐκεῖσε
3417 3456 3647 3525 παραδί-

2066 3547 2229 3599 δωσιν
2287 3545 2520 3609 αίωνίως
2573 3544 2926 3609 κολάζεσθαι·
2966 3562 2986 3598 ε
3019 3547 3110 3617 Μὴ
3161 3546 3434 3616 φοϐηθῆτε
3466 3565 3484 3597 ι
3512 3546 3641 3614 γὰρ,

2068 3636 2253 3705 φησὶν,
2284 3653 2302 3685 ι
2351 3634 2459 3688 ἀπὸ
2511 3634 2620 3688 τῶν
2680 3635 3123 3712 ἀποκτεινόντων
3162 3636 3218 3688 τὸ
3251 3636 3431 3705 σῶμα,
3460 3636 3557 3699 τὴν
3589 3637 3645 3686 δὲ

2066 3725 2245 3795 ψυχὴν
2278 3724 2433 3794 ὑμῶν
2472 3724 2547 3793 μὴ
2579 3724 2897 3794 δυναμένων
2927 3725 3275 3787 ἀποκτεῖναι,
3306 3724 3444 3776 ἀλλά
3473 3722 3644 3791 φοϐή-

2067 3819 2195 3888 οητε
2227 3818 2318 3870 τὸν
2367 3818 2668 3886 δυνάμενον
2713 3818 2807 3869 καὶ
2862 3818 3024 3887 σῶμα
3060 3817 3155 3869 καὶ
3188 3816 3365 3886 ψυχὴν
3400 3819 3455 3868 ἐν
3497 3815 3648 3881 γεέν-

2067 3928 2131 3981 νῃ
2164 3907 2448 3964 ἀπολέσαι.
2494 3927 2512 3959 ι
2543 3909 2617 3961 Τὸ
2659 3908 2759 3977 μὲν
2792 3905 2886 3962 οὖν
2922 3910 3228 3978 ἐμφύσημα
3269 3908 3341 3976 μὴ
3370 3908 3645 3975 μεταϐλη-

2070 4003 2157 4055 οέν
2213 4003 2290 4065 είς
2339 3999 2522 4071 ψυχὴν
2569 3998 2977 4070 ἐδημιούργησε
3034 3998 3255 4069 ψυχὴν,
3305 3997 3494 4065 ὥσπερ
3552 3995 3646 4049 οῦν

2068 4095 2162 4146 καὶ
2191 4094 2223 4162 ή
2259 4093 2379 4162 χεὶρ
2410 4091 2610 4160 γράφει
2639 4092 2738 4160 μὲν
2766 4090 3027 4161 γράμμα,
3061 4090 3123 4141 οὑ
3165 4088 3560 4159 μεταεάλλεται
3590 4086 3645 4138 δέ

2068 4187 2215 4255 ὅμως
2242 4186 2323 4247 εἰς
2361 4184 2693 4261 γράμματα,
2721 4184 2834 4237 ἀλλ’
2868 4184 2900 4254 ἡ
2938 4183 3035 4253 μὲν
3067 4182 3189 4253 χεὶρ
3225 4182 3374 4251 μένει
3406 4181 3548 4252 χεὶρ,
3581 4182 3646 4231 τὰ

2067 4278 2122 4331 δὲ
2168 4277 2471 4345 γράμματα
2500 4277 2825 4347 γράμματα.
3457 4270 3491 4285 “

2140 4367 2283 4435 Ὅρα
2336 4367 2524 4420 λοιπὸν
2579 4365 2869 4435 νουνεχῶς.
2905 4364 2981 4417 Tb
3035 4365 3147 4433 γὰρ
3194 4363 3533 4434 ἐνεφύσησεν
3565 4368 3648 4416 ὲν-

394 4453 634 4509 Positnm
667 4464 751 4510 est
777 4457 923 4512 enim
956 4458 1062 4515 hoc
1098 4461 1149 4514 in
1185 4461 1304 4518 loco
1348 4466 1573 4520 verbum
1617 4442 1918 4538 inspira-adi
1947 4512 1961 4537 ,

2069 4458 2240 4512 ταῦϐα
2264 4455 2438 4525 εἶπεν,
2473 4459 2558 4511 ἵνα
2578 4459 2675 4512 σὺν
2703 4457 2781 4527 τῷ
2815 4457 2989 4527 Πατρὶ
3007 4457 3101 4511 καὶ
3133 4457 3212 4528 τῷ
3242 4457 3355 4525 Υίῷ
3385 4457 3651 4525 δημιουρ-

388 4554 453 4600 ut
476 4561 599 4601 cum
626 4546 784 4603 Patre
805 4563 868 4603 ac
898 4548 1038 4605 Filio
1073 4550 1314 4621 Spiritus
1346 4554 1510 4608 etiam
1535 4567 1757 4611 sanctus
1786 4560 1965 4613 homi-

391 4639 479 4693 nis
509 4639 687 4709 0pifex
719 4655 841 4696 esse
892 4641 1382 4698 demonstraretur.
1422 4646 1513 4699 Sic
1547 4647 1689 4700 enim
1729 4651 1968 4718 perscri-

394 4736 546 4799 ptum
574 4739 659 4785 est
698 4747 712 4783 :
751 4750 769 4783 ε
810 4732 955 4785 Dixit
983 4732 1146 4799 Deus,
1182 4731 1447 4789 faciamus
1475 4737 1789 4805 hominem;
1821 4755 1968 4795 sum-

392 4832 595 4893 ptoque
623 4825 693 4879 de
729 4834 873 4879 terra
907 4826 1130 4893 pulvere
1158 4827 1300 4881 Deus
1332 4828 1603 4884 hominem
1631 4831 1899 4887 formavit.
1942 4853 1960 4887 ι

394 4912 529 4981 Quis
572 4924 651 4969 est
684 4915 774 4969 ille
805 4917 898 4985 qui
932 4916 1115 4971 dixit?
1145 4917 1324 4973 Pater.
1384 4920 1452 4974 Et
1509 4922 1633 4990 quis
1685 4923 1963 4993 pulverem

395 5004 677 5072 sumpsit?
715 5003 905 5060 Filius.
939 5005 1127 5075 Itaque
1157 5022 1227 5061 ne
1251 5006 1487 5076 Spiritus
1520 5019 1741 5065 sanctus
1778 5011 1847 5066 ab
1875 5012 1969 5067 ho-

396 5090 562 5147 minis
593 5092 871 5149 creatione
904 5103 1281 5150 removeretur
1302 5105 1357 5152 et
1382 5099 1782 5167 excluderetur,
1802 5102 1969 5157 verbo

400 5183 704 5255 inspira'ndi
732 5187 992 5256 praeclare
1026 5202 1158 5244 usus
1186 5197 1308 5256 est,
1339 5206 1438 5261 per
1478 5191 1608 5247 illud
1657 5192 1855 5263 ipsum,
1891 5193 1968 5249 uti

400 5276 675 5340 diximus,
733 5276 999 5345 Spiritum
1050 5289 1299 5335 sanctum
1334 5292 1773 5337 commonstrans
1805 5292 1969 5355 atque

402 5356 695 5431 dénutans.
731 5368 981 5440 quodque
1010 5371 1196 5442 gratiae
1222 5372 1455 5443 Spiritus
1487 5377 1661 5431 sancti
1694 5375 1969 5445 particeps

402 5460 566 5517 homo
597 5470 709 5517 tum
738 5462 1092 5531 conderetur,
1125 5467 1580 5534 quemadmodum
1627 5468 1861 5538 Cyrillus
1886 5469 1967 5523 lo-

402 5553 607 5619 quitur,
642 5556 859 5615 tametsi
900 5556 1157 5627 deinceps
1187 5558 1424 5615 mandati
1462 5559 1634 5615 divini
1659 5572 1966 5629 transgres-

471 5712 519 5744 ⁸³
562 5714 751 5771 Matth.
787 5732 841 5782 ι,
877 5716 969 5771 28.

2065 4550 2163 4618 γον
2204 4549 2466 4619 ἀποδείξῃ
2524 4549 2617 4601 τοῦ
2688 4548 2983 4619 ἀνθρώπου
3041 4548 3138 4601 καὶ
3195 4548 3256 4600 τὸ
3305 4548 3529 4617 Πνεῦμα
3588 4550 3650 4600 τὸ

2064 4641 2238 4707 ἂγιον.
2284 4640 2421 4710 Φησὶ
2457 4640 2589 4710 γὰρ,
2647 4658 2665 4691 t
2701 4640 2814 4693 Καὶ
2868 4635 3023 4692 εἶπεν
3077 4640 3105 4691 ὁ
3139 4639 3273 4701 Θεὸς
3315 4641 3641 4707 ποιήσωμεν

2065 4728 2372 4798 ἄνθρωπον.
2419 4748 2437 4782 ι
2475 4730 2584 4783 Καὶ
2649 4729 2832 4783 λαϐὼν
2879 4729 3069 4801 ὀίΘεὺς
3099 4729 3229 4800 χοῦν
3258 4730 3368 4783 ἀπὸ
3398 4730 3498 4797 τῆς
3539 4730 3651 4799 γῆς

2066 4819 2267 4872 ἔπλασε
2306 4820 2396 4873 τὸν
2452 4820 2764 4891 ἄνθρωπον.
2813 4821 2910 4883 Τίς
2958 4822 2986 4873 ὁ
3035 4821 3251 4887 εἰπώνς
3306 4821 3371 4877 Ὀ
3432 4822 3647 4891 Πατήρ.

2071 4915 2178 4968 Kal
2205 4913 2286 4977 τίς
2316 4916 2342 4967 ὁ
2368 4912 2582 4979 λαϐώνς
2632 4914 2691 4967 '0
2723 4914 2873 4977 Υίός.
2912 4914 3031 4967 Ἰνα
3058 4914 3192 4982 γοῦν
3223 4916 3295 4984 μὴ
3322 4915 3382 4966 τὸ
3421 4915 3649 4982 Πνεῦμα

2068 5007 2128 5059 τὸ
2157 5006 2309 5075 ἆγιον
2348 5007 2629 5076 ἀλλότριον
2660 5007 2920 5078 φαίνηται
2949 5008 3049 5077 τῆς
3077 5006 3172 5059 τοῦ
3220 5006 3515 5075 ἀνθρώπου
3549 5007 3650 5075 δη·

2075 5096 2384 5170 μιουργίας,
2417 5101 2516 5169 τὴν
2574 5101 2878 5168 ἐνεφύσησε
2918 5099 3066 5164 λέξιν
3112 5100 3206 5152 καὶ
3248 5100 3389 5151 πάνυ
3439 5098 3650 5167 θαυμα-

2074 5190 2204 5255 σίως
2233 5192 2565 5262 παρείληφε.
2594 5190 2662 5243 δι’
2690 5190 2861 5260 αὐτῆς
2886 5191 3275 5259 ύπεμφαίνων,
3304 5191 3379 5252 ὡς
3404 5191 3645 5260 εἴρηται,

2074 5283 2135 5334 τι»
2171 5282 2391 5342 Πνεῦμα
2447 5283 2508 5335 τὸ
2547 5282 2737 5347 ἅγιον,
2793 5282 2891 5335 καὶ
2939 5283 3022 5335 ὅτι
3073 5282 3172 5351 τῆς
3222 5279 3317 5333 τοῦ
3374 5281 3644 5345 παναγίου

2076 5373 2389 5444 Πνεύματος
2422 5374 2663 5442 χάριτος,
2696 5371 2771 5435 ὡς
2805 5375 2832 5425 ὁ
2871 5372 3152 5435 θειότατος
3178 5371 3312 5441 φησὶ
3351 5369 3642 5439 Κύριλλος,

2080 5466 2306 5537 μέτοχος
2362 5466 2389 5517 ὁ
2443 5464 2729 5533 ἄνθρωπος
2782 5464 3085 5535 τηνικαῦτα
3136 5464 3435 5531 παρήγετο,
3478 5463 3644 5530 κεινὴ

2076 5557 2389 5628 παράὸασις
2423 5554 2649 5629 ὕστερον
2684 5557 2782 5622 τήν
2820 5557 3076 5626 τοιαύτην
3108 5547 3405 5627 ἡμάύρωσε
3436 5553 3653 5622 δωρεὰν
