4062 6186
292 353 382 410 li!)
1531 347 1845 410 ANNALll

1971 350 2160 412 PARS
2209 353 2250 415 Ι.
3230 388 3231 391 η
3418 350 3523 413 150

286 464 373 513 καὶ
414 461 689 529 συνέχεεν.
739 461 926 535 Ταύτῃ
960 479 1041 515 τοι
1088 463 1182 515 καὶ
1214 462 1450 522 ἀναστὰς
1490 462 1518 514 6
1553 461 1755 532 Κύριος
1789 465 1845 514 ὲκ

1957 463 2038 517 sio
2088 466 2284 519 donum
2353 466 2453 519 hoc
2489 466 2802 520 obseuravit
2850 476 3009 536 atque
3058 464 3321 519 confudit.
3373 462 3521 518 Hanc

284 552 494 619 νεκρῶν
521 553 827 622 ἐνεφύσησε
855 555 967 615 τοῖς
1000 552 1269 621 μαθηταῖς
1298 550 1385 603 καὶ
1417 546 1536 603 εἷπε
1558 566 1572 580 ⁶
1612 551 1847 604 (Λάϐετε

285 644 505 711 Πηίεῦμα
535 643 716 712 ἅγιον.
755 663 773 694 ι
801 644 934 696 Οὐδὲ
963 643 1073 711 γὰρ
1103 642 1364 712 ἠνέσχετο
1394 642 1491 694 καὶ
1518 641 1673 705 αὖθις
1701 643 1849 712 ἡμᾶς

282 737 560 803 ἀποδεῖξαι
602 739 692 790 τοῦ
729 738 998 803 παναγίου
1032 738 1360 805 μετέχοντας
1396 736 1743 806 Πνεῦματος.
1780 738 1845 790 Ὀ

281 830 338 898 δὴ
388 833 484 883 καὶ
536 831 776 901 τήμερον
809 831 1031 899 ἐμφυσᾷ
1052 828 1129 899 τῷ
1163 828 1549 897 βαπτιζομένῳ
1587 830 1615 881 6
1642 829 1843 898 ἱερεὺς,

283 921 563 989 ζῳογονῶν
602 921 790 987 ὥσπερ
853 922 955 991 τὴν
994 921 1159 974 αὑτοῦ
1214 919 1394 990 ψυχὴν
1432 920 1847 991 νενεκρωμένην

282 1014 373 1083 ήδη
405 1014 489 1084 τῷ
512 1014 608 1067 τοῦ
642 1015 813 1084 ’Δδάμ
846 1014 1279 1083 παραπτώματι.

345 1192 489 1244 Ἀλλ’
527 1193 621 1246 ἐπὶ
649 1193 748 1261 τὴν
782 1192 1105 1257 ἀκολουθίαν
1158 1192 1256 1247 τοῦ
1310 1194 1470 1262 λόγσδυ
1538 1197 1633 1249 καὶ
1686 1195 1847 1258 αὖθις
1942 1195 1949 1204 ’

283 1284 581 1338 ἐπανιτέον.
630 1284 999 1357 Ἕνεφῦσησεν
1060 1287 1141 1350 είς
1200 1286 1264 1340 τὸ
1326 1288 1620 1358 πρόσωπον
1678 1287 1844 1341 αὐτοῦ

283 1376 450 1445 πνοὴν
494 1375 663 1443 ζωῆς.
700 1374 767 1429 Ἦ
796 1376 893 1445 μὲν
927 1374 1025 1430 οῦν
1063 1377 1311 1447 ἡμετέρα
1345 1375 1441 1430 καὶ
1482 1376 1845 1447 ἀληθεστέρα

280 1466 400 1531 δόξα
461 1466 712 1538 περὶτῆς
770 1468 849 1530 είς
914 1468 978 1521 τδ
1034 1468 1197 1537 σῶμα
1243 1467 1346 1537 τῆς
1371 1467 1552 1537 ψυχῆς
1597 1467 1846 1531 ἑνώσεως

279 1559 418 1627 άτιλῆ
453 1558 540 1620 τίς
590 1559 707 1610 ἐστι
751 1559 846 1611 καὶ
885 1559 1085 1628 σαφής.
1135 1557 1211 1611 Τὸ
1263 1556 1362 1626 μιν
1410 1558 1519 1628 γὰρ
1559 1558 1722 1627 σῶμα
1776 1560 1842 1611 ἐκ

278 1650 430 1717 χοὸς,
464 1650 500 1719 ἠ
530 1648 588 1702 δδ
612 1648 761 1719 ψυχὴ
790 1648 1013 1719 άμέσως
1046 1650 1109 1701 ὲκ
1162 1648 1303 1702 Θεοῦ
1336 1651 1673 1719 παράγεται.
1725 1651 1845 1706 Κάν

276 1739 468 1792 τεῦθεν
495 1740 589 1792 καὶ
624 1739 872 1811 ἀλλήλων
897 1741 1331 1810 συναπτομένων
1375 1740 1516 1805 ζῶον
1559 1741 1619 1793 ἐν
1655 1741 1844 1794 σύνθεο

278 1848 365 1884 τον
396 1831 630 1898 γίνεται,
665 1832 760 1884 καὶ
794 1830 952 1884 τοῦτό
981 1832 1133 1885 ἐστιν
1164 1833 1196 1901 ἡ
1229 1832 1349 1885 καθ’
1381 1833 1680 1886 ὑπόστασιν
1711 1833 1846 1885 ἕνω-

279 1939 379 1986 σις,
427 1923 461 1991 ή
510 1922 915 1992 άμφόπαρκτος
974 1923 1084 1976 τῶν
1129 1924 1461 1991 ἑτερουσιῶν
1510 1926 1633 1977 κατ’
1678 1925 1844 1977 αὑτὸν

280 2011 572 2081 συνδρομή.
606 2012 672 2063 Ὃ
695 2011 760 2081 δὴ
786 2014 882 2066 καὶ
912 2012 1211 2081 θαυμάζων
1242 2016 1270 2067 6
1302 2014 1402 2084 τὴν
1434 2015 1685 2083 γλῶτταν
1716 2034 1845 2085 χρυ-

279 2102 395 2165 σοῦς
430 2103 610 2170 ἔλεγε,
646 2121 665 2153 ι
696 2102 821 2165 Πῶς
873 2104 931 2156 ὲν
974 2105 1159 2174 μήτρᾳ
1186 2105 1214 2157 6
1265 2104 1551 2173 ἄνθρωπος
1581 2105 1844 2159 διαπλάτ-

277 2211 457 2257 cavat;
518 2194 609 2247 καὶ
653 2194 772 2256 πῶς
800 2194 997 2263 ἁθρόον
1028 2196 1063 2265 ἠ
1112 2195 1419 2257 θεοείκελος
1452 2196 1601 2267 ψυχὴ
1635 2197 1711 2265 τῷ
1742 2196 1847 2249 σώ-

278 2303 401 2355 ματι
432 2287 997 2356 συμπαρυφίσταται;
1046 2304 1065 2338 ι
1119 2290 1184 2340 Οἱ
1228 2288 1283 2341 δέ
1324 2304 1389 2357 γε
1421 2288 1584 2357 σοφία
1611 2291 1676 2359 τῇ
1709 2288 1843 2355 ἐξω-

276 2375 360 2428 θεν
388 2374 830 2444 ὲγκαυχώμενοι,
862 2375 1050 2442 ἐπειδὴ
1077 2375 1170 2427 τδν
1215 2376 1311 2429 τοῦ
1359 2375 1651 2445 ἀνθρώπου
1704 2378 1844 2431 πλά-

277 2482 403 2533 στην
452 2465 733 2534 ἠγνόησαν
762 2504 778 2528 ,
834 2464 927 2519 καὶ
971 2464 1103 2535 περὶ
1158 2464 1257 2535 τὴν
1319 2464 1518 2518 πλάσιν
1563 2467 1737 2537 αὐτὴν
1784 2468 1845 2533 ἐξ

278 2554 521 2623 ἀνάγκης
546 2552 884 2621 ἐσφάλησαν.
916 2552 1050 2611 Ἀπὸ
1076 2553 1179 2622 γῆς
1216 2552 1316 2622 μὲν
1354 2548 1470 2618 οῦν,
1496 2554 1573 2617 ὡς
1603 2556 1843 2625 εἴρηται,

274 2646 299 2696 6
325 2646 474 2715 χοῦς,
499 2646 565 2698 ἐκ
595 2644 732 2697 Θεοῦ
757 2644 814 2697 δὲ
854 2645 886 2715 ὴ
913 2644 1082 2713 ψυχή.
1109 2644 1221 2698 Καὶ
1248 2646 1408 2699 τοῦτό
1439 2648 1588 2699 ἐστιν
1617 2647 1645 2701 ὅ
1681 2662 1844 2715 φησιν

275 2736 305 2805 ἡ
330 2733 546 2804 Γραφὴ,
588 2752 607 2784 ι
642 2734 751 2787 Καὶ
777 2732 1116 2805 ἐνεφύσησεν
1146 2736 1224 2798 εἱς
1253 2736 1315 2787 τὸ
1346 2735 1638 2805 πρόσωπον
1677 2734 1843 2790 αὐτοῦ

274 2825 437 2896 πνοὴν
470 2824 641 2894 ζωῆς,
689 2826 785 2879 καὶ
834 2824 1057 2894 ἐγένετο
1119 2827 1146 2878 6
1194 2825 1482 2895 ἄνθρωπος
1540 2826 1620 2888 είς
1667 2825 1843 2896 ψυχὴν

275 2917 470 2982 ζῶσαν.
526 2934 545 2968 ι
591 2916 832 2987 Πρόσεχε
883 2915 999 2969 οὖν.
1042 2914 1279 2986 Εὔδηλον
1313 2917 1423 2987 γὰρ
1472 2914 1723 2971 ἐντεῦθεν
1758 2918 1841 2971 ὃτι

279 3008 370 3075 μία
396 3007 483 3069 τίς
512 3007 664 3060 ἐστιν
694 3007 728 3077 ἡ
776 3005 923 3077 ψυχὴ
967 3006 1228 3077 δυνάμεις
1271 3007 1474 3077 ἔχουσα
1529 3008 1839 3080 διαφόρους.

1952 560 2021 613 ob
2051 573 2267 614 causam
2302 559 2564 613 Dominus
2609 574 2733 613 cum
2802 574 2864 611 ex
2916 558 3144 612 mortuis
3195 558 3524 611 resurrexis-

1950 660 2051 716 set,
2102 665 2318 704 rursum
2352 650 2643 719 discipulos
2668 649 2894 714 afflavit,
2934 659 2987 703 et
3022 649 3151 703 dixit
3182 668 3194 703 :
3232 668 3249 701 ι
3283 649 3523 718 Accipite

1951 740 2216 809 Spiritum
2267 750 2545 796 sanctum.
2584 762 2601 795 ι
2666 740 2776 796 Nec
2826 742 2971 803 enim
3024 741 3164 795 ferre
3199 748 3413 810 poterat
3462 747 3522 792 ut

1950 847 2059 887 non
2089 833 2156 887 de
2183 833 2397 901 integro
2439 833 2612 888 sancti
2646 832 2882 901 Spiritus
2932 831 3224 901 participes
3255 847 3376 885 esse
3427 831 3521 885 de-

1948 923 2308 988 clararemur,
2366 939 2524 991 quem
2566 924 2728 978 etiam
2790 923 2953 977 hodie
3021 924 3277 978 sacerdos
3322 924 3370 977 ei
3424 925 3517 992 qui

1946 1015 2255 1084 baptizatur
2281 1014 2445 1079 amat,
2477 1015 2627 1082 quasi
2661 1015 2785 1069 vita:
2809 1015 3105 1069 restituens
3134 1015 3251 1084 ejus
3282 1016 3516 1069 animam

1947 1123 2009 1163 ex
2040 1108 2231 1162 Adami
2267 1108 2704 1178 transgressione
2740 1117 3030 1161 mortuam.

2019 1197 2224 1252 Verum
2257 1200 2537 1252 enimvero
2568 1199 2633 1251 ad
2686 1198 2885 1251 seriem
2921 1196 3191 1251 orationis
3220 1197 3518 1250 institutam

1949 1298 2306 1343 revertamur.
2353 1287 2566 1351 Nostra,
2599 1289 2847 1357 inquam,
2907 1302 3081 1353 eaque
3123 1289 3307 1343 verior
3339 1288 3520 1355 opinio

1946 1379 2012 1435 de
2042 1379 2288 1448 corporis
2322 1394 2448 1433 cum
2500 1380 2681 1432 anima
2728 1378 3117 1448 conjunctione
3165 1377 3391 1447 simplex
3440 1387 3523 1432 est

1944 1476 2109 1537 atque
2147 1451 2456 1534 perspicua.
2506 1466 2721 1535 Corpus
2768 1467 2914 1521 enim
2962 1482 3028 1521 ex
3066 1466 3311 1533 pulvere,
3342 1468 3522 1518 anima

1945 1568 2128 1614 autem
2166 1560 2303 1613 citra
2329 1559 2566 1613 medium
2592 1557 2761 1611 ullum
2793 1573 2823 1611 a
2862 1558 2972 1611 Deo
3005 1557 3344 1626 producitur.
3371 1555 3523 1610 Ideo—

1947 1662 2053 1716 que
2088 1646 2322 1701 dicimus
2353 1648 2437 1703 his
2480 1647 2623 1702 inter
2658 1663 2716 1702 se
2751 1648 3053 1716 c0pulatis,
3101 1646 3301 1700 animal
3352 1662 3519 1698 unum

1948 1739 2201 1807 idemque
2258 1741 2618 1807 compositum
2669 1741 2980 1804 exstitisse;
3020 1753 3141 1804 quae
3190 1738 3408 1805 quidem
3437 1745 3521 1790 est

1950 1832 2039 1885 illa
2066 1831 2370 1897 personalis
2407 1816 2606 1894 unitio,
2641 1830 2898 1884 nimirum
2953 1830 3228 1884 exsistens
3260 1828 3520 1895 utrinque

1949 1931 2271 1977 naturarum
2302 1921 2642 1975 diversarum
2682 1921 2736 1974 in
2786 1936 2954 1973 unum
2987 1935 3303 1973 concursus.
3345 1918 3518 1982 Quam

1946 2030 2060 2069 rem
2094 2014 2512 2079 Clirvsosmmus
2557 2013 2857 2076 admirans,
2898 2030 2915 2061 ι
2949 2010 3195 2079 Quonam
3220 2047 3234 2069 .
3298 2010 3471 2075 inquit
3501 2048 3516 2070 ,

1946 2115 2105 2175 pacto
2142 2104 2193 2158 in
2226 2106 2346 2159 alvo
2378 2112 2634 2159 materna
2670 2104 2935 2158 formatur
2976 2102 3157 2165 homo,
3198 2100 3289 2167 qui
3336 2099 3520 2153 subito

1947 2196 2129 2250 anima
2173 2195 2414 2255 divinam
2451 2193 2867 2250 similitudinem
2898 2190 3140 2245 referens
3170 2190 3379 2243 exsistit
3413 2204 3519 2241 una

1947 2300 2069 2338 cum
2102 2283 2381 2353 corpore?
2420 2302 2438 2334 ι
2499 2282 2599 2348 Qui
2651 2282 2888 2336 extraria
2940 2286 3112 2335 semet
3161 2278 3399 2331 efferunt
3429 2293 3520 2331 sae

1947 2376 2153 2446 pientia
2188 2415 2202 2440 ,
2260 2358 2384 2428 cum
2442 2372 2791 2427 formatorem
2830 2370 3071 2423 hominis
3112 2367 3518 2438 ignoraverint,

1950 2466 2117 2521 etiam
2144 2464 2462 2519 necessario
2516 2463 2569 2516 in
2610 2463 2728 2531 ipsa
2780 2461 2900 2529 ejus
2936 2457 3259 2511 formatione
3304 2457 3523 2509 aberra-

1947 2564 2095 2609 runt.
2115 2554 2210 2608 Est
2238 2554 2400 2623 igitur
2428 2568 2459 2607 e
2488 2561 2626 2607 terra
2660 2551 2856 2621 pulvis,
2892 2564 3015 2604 cum
3046 2548 3222 2601 anima
3254 2548 3323 2600 sit
3356 2561 3384 2598 a
3412 2547 3520 2599 Deo

1944 2651 2208 2723 profecta.
2242 2648 2396 2715 Quod
2435 2648 2654 2717 quidem
2687 2647 2927 2701 indicare
2969 2644 3151 2699 verbis
3184 2642 3269 2694 his
3300 2641 3519 2694 Litterae

1946 2758 2113 2797 sacrm
2146 2742 2336 2795 volunt
2384 2758 2396 2794 :
2439 2758 2456 2790 ι
2512 2739 2777 2809 Spiritum
2818 2736 3034 2790 vitalem
3077 2735 3129 2787 in
3171 2732 3362 2786 faciem
3400 2731 3518 2800 ejus

1946 2833 2253 2904 inspiravit,
2292 2846 2359 2886 ex
2396 2845 2506 2899 quo
2547 2831 2798 2885 animans
2842 2826 3072 2881 effectus
3103 2834 3207 2879 est.
3262 2843 3279 2875 ι
3310 2821 3520 2887 Quibus

1944 2947 2010 2988 ex
2040 2930 2243 2995 verbis,
2273 2930 2317 2984 si
2348 2928 2590 2982 animum
2622 2927 2896 2987 advertas,
2928 2924 3221 2993 perspicue
3246 2922 3519 2992 colligitur

1944 3038 2107 3077 unam
2139 3036 2259 3076 esse
2286 3019 2540 3083 animam,
2573 3017 2805 3072 diversis
2845 3015 3198 3069 facultatibus
3216 3015 3515 3083 prmditam.

278 3100 435 3155 Ὅθεν
491 3100 591 3154 καὶ
643 3100 732 3155 διὰ
789 3101 992 3163 παντὸς
1042 3101 1142 3169 μὲν
1196 3102 1230 3172 ή
1284 3100 1409 3171 δίκη
1440 3101 1536 3155 τοῦ
1568 3103 1844 3173 σώματος,

1949 3114 2069 3179 Quo
2110 3111 2170 3165 fit
2198 3117 2257 3164 ut
2292 3124 2388 3178 per
2419 3108 2735 3162 universum
2784 3120 2845 3160 se
2871 3119 3069 3173 corpus
3112 3104 3261 3157 didat
3286 3143 3300 3166 ,
3349 3112 3402 3157 et
3433 3117 3519 3154 ra-

276 3191 503 3245 ἑκάστου
558 3191 615 3245 δὲ
661 3192 852 3261 μορίου
886 3190 1241 3262 καταλλήλως
1267 3191 1594 3259 ἐφάπτεται.
1634 3192 1849 3247 Αὐτίκα

278 3282 379 3355 γὰρ
418 3284 480 3336 τὸ
528 3283 628 3352 μὲν
672 3282 907 3353 θυμικὸν
951 3280 1123 3352 αὐτῆς
1168 3284 1228 3336 ἑν
1268 3286 1335 3355 τῇ
1381 3283 1583 3354 καρδίᾳ
1628 3282 1848 3351 λέγουσι

279 3375 549 3429 ποιεῖσθαι
595 3374 694 3444 τὴν
750 3374 989 3444 οἴκησιν,
1021 3373 1083 3428 τὺ
1126 3375 1184 3428 δὲ
1215 3374 1618 3445 ἐπιθυμητικὸν
1646 3375 1849 3445 ὁμοίως

279 3469 335 3521 ὲν
378 3466 456 3537 τῷ
508 3467 704 3537 ἥπατι.
748 3466 813 3518 Ἠ
856 3465 913 3518 δὲ
960 3465 1153 3537 λογικὴ
1201 3466 1373 3536 αὐτῆς
1420 3465 1650 3536 δύναμις
1681 3466 1871 3522 αὐτοῦ’

281 3557 668 3628 καθαπτομένη
701 3556 795 3610 τοῦ
827 3557 1136 3625 ἐγκεφάλου
1188 3556 1257 3609 δι’
1303 3556 1471 3610 αὐτοῦ
1518 3559 1629 3620 τοῖς
1678 3560 1847 3614 πᾶσιν

282 3649 575 3718 ἐπιλάμπει
602 3650 695 3700 καὶ
723 3644 1020 3701 δείκνυται.
1052 3645 1161 3700 Καί
1187 3664 1336 3709 τινες
1363 3647 1484 3715 μὲν,
1511 3639 1586 3700 ὧν
1621 3642 1700 3710 εἷς
1729 3650 1844 3700 ἐστι

279 3741 367 3792 καὶ
401 3737 815 3806 Ἀπολλινάριος
842 3738 873 3791 6
898 3737 998 3806 τῆς
1028 3737 1351 3801 Λαοδικείας
1384 3740 1718 3804 ἐπίσκοπος,
1752 3740 1845 3794 δύο

279 3832 588 3897 δοξάζουσιν
622 3830 718 3883 ἐπὶ
748 3830 843 3884 τοῦ
894 3830 1183 3901 ἀνθρώπου
1235 3830 1434 3901 ψυχάς.
1469 3831 1605 3886 Καθ’
1643 3833 1845 3903 ἑαυτὴν

281 3924 384 3991 γὰρ
413 3918 553 3976 εἶναι
586 3922 810 3991 λέγουσι
836 3922 936 3993 τὴν
961 3921 1207 3989 ἀλογίαν,
1246 3922 1379 3974 αὐτὸ
1404 3922 1607 3993 δηλαδὴ
1634 3923 1692 3976 τὺ
1721 3924 1845 3977 άλο-

281 4013 511 4083 γώτερον
543 4014 712 4084 μέρος
755 4014 854 4083 τῆς
903 4013 1082 4083 ψυχῆς
1115 4013 1293 4082 ἡμῶν,
1324 4012 1399 4077 ὡς
1439 4014 1633 4083 ἄλογον
1664 4014 1842 4086 ψυχὴν

282 4105 556 4160 οὖσανκαὶ
608 4106 672 4159 οὐ
721 4105 886 4175 μέρος
938 4106 1036 4173 τῆς
1082 4105 1332 4175 λογικῆς,
1369 4106 1582 4176 πρῶτον
1627 4108 1726 4175 μὲν
1758 4108 1841 4159 ὅτι

284 4198 377 4249 καὶ
412 4197 532 4251 καθ’
579 4196 783 4266 ἑαυτὴν
830 4197 888 4249 ἐν
915 4197 1028 4257 τοῖς
1061 4194 1277 4264 ἀλόγοις
1310 4195 1474 4260 ζώοις
1499 4196 1835 4267 εὑρίσκεται,

285 4286 347 4349 ἐξ
365 4281 423 4340 οὗ
447 4287 603 4353 δῆλον
628 4287 712 4341 ὅτι
743 4280 927 4339 τελεία
969 4286 1052 4349 τίς
1083 4290 1199 4339 ἐστι
1227 4287 1323 4338 καὶ
1352 4286 1412 4339 οὐ
1448 4287 1613 4357 μέρος
1647 4286 1838 4355 ἄλλης,

284 4372 381 4432 εἷθ’
413 4378 492 4432 ὅτι
519 4378 633 4438 τῶν
677 4377 1047 4432 ἀτοπωτάτων
1094 4378 1212 4428 ἐστὶ
1264 4376 1366 4446 τῆς
1406 4377 1633 4446 λογικῆς
1658 4377 1839 4447 ψυχῆς

288 4468 445 4538 μέρος
487 4464 628 4523 εἶναι
673 4468 734 4522 τὸ
792 4467 1008 4536 ἄλογον.
1055 4466 1195 4520 Ἀλλ’
1237 4461 1381 4521 οὗτοι
1417 4470 1517 4538 μὲν
1547 4468 1717 4532 οὕτως
1748 4468 1843 4522 δύο

285 4556 586 4620 δοξάζουσιν
650 4558 744 4609 ἐπὶ
795 4555 890 4609 τοῦ
933 4556 1223 4625 ἀνθρώπου
1273 4558 1475 4628 ψυχὰς,
1520 4559 1841 4629 ἐλέγχονται

286 4648 343 4701 δὲ
375 4652 435 4719 τῇ
462 4648 695 4720 λεγούσῃ
719 4648 838 4718 θείᾳ
868 4649 1082 4719 Γραφῇ·
1120 4668 1138 4700 ι
1175 4650 1284 4703 Καὶ
1330 4651 1544 4716 ἐγένετο
1573 4652 1601 4703 6
1628 4650 1839 4721 ἄνθρω-

290 4754 383 4800 πος
422 4744 500 4801 εἰς
544 4740 725 4810 ψυχὴν
756 4738 958 4804 ζῶσαν
1000 4758 1017 4791 ι
1052 4740 1174 4793 οὐδὲ
1204 4741 1311 4810 γὰρ
1348 4737 1501 4793 εἶπεν
1530 4742 1608 4805 είς
1641 4741 1840 4811 ψυχὰς,

289 4828 394 4881 ἀλλ’
421 4832 496 4893 εἰς
534 4830 719 4900 ψυχὴν
750 4829 951 4894 ζῶσαν.
990 4830 1149 4884 Ἀλλὰ
1172 4833 1265 4884 καὶ¹
1297 4831 1569 4895 Πλωτῖνος
1597 4833 1625 4886 6
1654 4833 1839 4901 σοφὸς,

287 4912 411 4991 ᾧδὴ
439 4923 529 4974 καὶ
570 4920 983 4991 ’Δπολλινάριος
1034 4924 1063 4977 6
1106 4923 1407 4985 Λαοδικεὺς
1441 4924 1837 4993 ἠκολούθησεν,

290 5010 352 5061 ὲκ
397 5011 554 5081 τριῶν
590 5012 744 5079 λέγει
793 5013 1183 5083 συνεστηκέναι
1211 5012 1304 5066 τὸν
1351 5012 1660 5083 ἄνθρωπον,
1691 5014 1755 5066 ἐκ
1779 5031 1839 5067 τε

289 5099 399 5161 νοὸς
425 5102 515 5154 καὶ
557 5102 739 5171 ψυχῆς
780 5101 873 5154 καὶ
914 5104 1192 5172 σώματος.
1228 5102 1389 5157 Ἀλλὰ
1435 5104 1711 5158 κάνταῦθα
1739 5118 1841 5157 πε-

293 5187 563 5260 πλάνηταιο
597 5194 626 5246 6
665 5191 775 5261 γάρ
798 5190 946 5256 νοῦς,
990 5192 1136 5246 καθά
1181 5209 1348 5263 φησιν
1394 5195 1422 5247 6
1471 5194 1641 5262 μέγας
1679 5194 1841 5247 Βασί-

290 5280 445 5346 λειος,
471 5286 779 5354 ταυτοφυής
804 5287 919 5337 ἐστι
944 5287 1010 5355 τῇ
1038 5284 1208 5356 ψυχῇ,
1236 5286 1329 5338 καὶ
1358 5286 1614 5355 καθάπερ
1639 5287 1841 5355 ὀφθαλ-

294 5369 381 5439 μὸς
425 5376 478 5425 ἐν
520 5376 756 5444 σώματι,
787 5374 928 5429 οὕτω
963 5376 1059 5429 καὶ
1093 5378 1121 5430 6
1150 5377 1272 5441 νοῦς
1313 5379 1372 5431 ἐν
1404 5380 1540 5450 αὐτῇ
1571 5381 1637 5449 τῇ
1665 5378 1834 5449 ψυχῇ.

295 5463 358 5515 Τὸ
383 5466 481 5536 γὰρ
507 5467 918 5537 καθαριὼτεριν
952 5471 1043 5523 καὶ
1073 5471 1404 5540 κυριώτερον
1457 5475 1620 5543 μέρος
1665 5474 1838 5543 αὐτῆς

300 5554 401 5619 *οῦς
451 5560 852 5627 ἐπονομάζεται
878 5576 894 5591 ο
936 5560 1069 5614 καθὸ
1119 5562 1184 5631 δὴ
1216 5563 1312 5615 καὶ
1357 5564 1518 5634 νοερὰ
1548 5564 1767 5633 λέγεται
1801 5568 1832 5635 ἡ

300 5645 372 5696 ιοῦ
418 5650 708 5721 ἀνθρώπου
739 5649 907 5721 ψυχὴ,
943 5654 1008 5723 τῇ
1048 5653 1263 5722 μεθέξει
1301 5655 1517 5719 πάντως
1548 5657 1713 5711 αὐτοῦ
1739 5657 1834 5711 τοῦ

298 5751 410 5798 mg.

1871 4437 1919 4497 ι)

1954 3203 2103 3258 tione
2148 3201 2419 3268 modoque
2450 3208 2815 3252 consentaneo
2853 3195 3112 3248 membris
3167 3192 3395 3262 singulis
3422 3205 3518 3259 ap-
3580 3254 3589 3269 .

1949 3292 2204 3365 plicetur.
2259 3291 2338 3344 Ac
2392 3303 2519 3359 pars
2548 3286 2769 3356 quidem
2819 3287 2937 3355 ejus
2985 3286 3073 3339 illa
3104 3300 3221 3353 quae
3252 3285 3358 3335 vim
3411 3284 3518 3335 ira-

1949 3382 2135 3439 scendi
2170 3381 2436 3444 continet,
2481 3380 2664 3434 sedem
2710 3393 2863 3431 suam
2895 3377 2947 3430 in
2973 3378 3138 3431 corde
3166 3375 3336 3429 fertur
3370 3372 3514 3426 obti~

1948 3485 2102 3534 nere,
2135 3470 2307 3523 altera
2348 3481 2477 3522 vero
2506 3482 2611 3536 qua
2649 3466 3117 3536 concupiscimus,
3152 3465 3205 3515 in
3230 3462 3474 3531 jecinore
3500 3501 3515 3523 ,

1949 3563 2056 3633 7o
2088 3561 2246 3617 tertia
2273 3599 2288 3622 ,
2349 3574 2471 3630 quae
2527 3559 2754 3614 rationis
2794 3558 3024 3613 facultas
3056 3565 3173 3616 est,
3207 3556 3258 3608 iu
3290 3554 3519 3608 cerebro

1947 3655 2050 3711 sita
2075 3669 2170 3723 per
2201 3653 2254 3707 id
2280 3653 2538 3707 omnibus
2569 3666 2690 3705 sese
2720 3651 2981 3706 declarat.
3019 3648 3157 3701 Sunt
3193 3647 3354 3699 etiam
3378 3661 3519 3699 non-

1946 3747 2104 3802 nulli.
2136 3761 2370 3816 quorum
2405 3754 2487 3800 est
2538 3745 2592 3798 in
2624 3759 2853 3799 numero
2890 3741 3258 3812 Apollinarius
3289 3740 3516 3794 antistes

1944 3837 2248 3903 Laodiceze,
2274 3836 2365 3906 qui
2390 3837 2601 3890 animas
2620 3834 2672 3888 in
2704 3833 2926 3888 homine
2951 3833 3088 3888 duas
3120 3845 3239 3886 esse
3269 3830 3512 3883 tradunt.

1943 3926 2147 3983 Volunt
2204 3927 2350 3981 enim
2397 3924 2752 3994 peculiariter
2781 3933 2836 3979 et
2860 3937 3104 3977 seorsum
3137 3934 3256 3974 esse
3301 3925 3511 3987 partem

1945 4020 2072 4075 vitae
2122 4026 2324 4073 nostrae
2353 4017 2575 4071 brutam
2622 4030 2686 4069 ac
2737 4013 2967 4068 rationis
3026 4019 3328 4080 expertem,
3365 4007 3516 4060 velut

1943 4112 2179 4167 animam
2230 4107 2520 4179 quamdam
2556 4104 2781 4158 minime
2819 4101 3157 4162 rationalem,
3193 4112 3417 4166 qumque
3445 4110 3516 4151 ne

1942 4217 2069 4274 pars
2098 4200 2316 4271 quidem
2356 4198 2429 4255 sit
2452 4194 2737 4251 rationalis
2759 4194 2973 4247 animae.
3005 4189 3059 4245 Id
3092 4188 3327 4259 primum
3353 4203 3418 4243 ex
3447 4201 3515 4242 eo

1942 4302 2191 4351 statuunt
2221 4331 2237 4355 ,
2304 4290 2449 4361 quod
2504 4289 2620 4342 haec
2671 4284 3018 4357 peculiariter
3068 4297 3132 4336 ac
3178 4294 3422 4334 seorsum
3459 4279 3515 4334 in

1941 4384 2121 4440 brutis
2155 4382 2318 4437 etiam
2379 4377 2709 4447 reperiatur.
2765 4374 2838 4429 De
2874 4387 2982 4442 quo
3020 4370 3282 4440 consequi
3326 4370 3515 4425 volunt

1944 4488 2070 4529 esse
2096 4474 2272 4541 ipsam
2306 4468 2627 4541 perfectam,
2659 4480 2771 4519 non
2801 4460 3011 4534 partem
3042 4462 3282 4517 alterius.
3311 4459 3515 4515 Deinde

1942 4570 2230 4633 propterea
2275 4558 2419 4629 quod
2458 4554 2692 4611 maxime
2714 4555 2784 4610 sit
2805 4554 3096 4608 absurdum
3125 4552 3318 4605 animae
3348 4552 3518 4603 ratio-

1942 4654 2078 4708 nalis
2114 4661 2324 4722 partem
2361 4664 2479 4705 esse
2507 4649 2560 4703 id
2592 4647 2738 4719 quod
2782 4644 3011 4701 rationis
3036 4657 3232 4713 expers
3256 4643 3326 4696 sit
3354 4649 3518 4710 atque

1940 4747 2184 4811 brutum.
2215 4744 2306 4799 Sic
2332 4743 2385 4798 hi
2443 4743 2578 4797 duas
2632 4742 2687 4795 in
2746 4738 2968 4794 homine
3012 4737 3219 4790 animas
3240 4749 3335 4788 sua
3397 4734 3518 4802 qui-

1940 4839 2063 4894 dem
2129 4835 2387 4905 Opinione
2445 4833 2807 4889 constituunt.
2851 4827 3053 4883 Verum
3129 4842 3225 4897 per
3284 4824 3516 4880 Litteras

1942 4942 2126 4984 sacras
2151 4926 2482 4991 refutantur,
2506 4938 2732 4993 quarum
2764 4922 2883 4976 haec
2909 4921 3071 4975 verba
3098 4926 3259 4973 sunt:
3290 4935 3309 4968 ι
3342 4917 3514 4971 Homo

1942 5021 2116 5074 factus
2142 5027 2228 5073 est
2255 5017 2310 5070 in
2364 5016 2600 5070 animam
2628 5014 2859 5069 vivam.»
2892 5010 3010 5073 Non
3040 5012 3186 5065 enim
3219 5010 3374 5065 aiunt
3401 5028 3414 5065 :
3447 5010 3507 5063 In

1942 5110 2174 5175 animas,
2217 5107 2334 5172 sed,
2378 5124 2396 5157 ι
2434 5106 2491 5159 in
2547 5104 2783 5159 animam
2839 5102 3038 5157 vivam.
3083 5120 3102 5154 ι
3158 5100 3515 5155 Doctissimus

1944 5201 2110 5255 etiam
2145 5199 2393 5253 Plotinus
2427 5196 2541 5261 ille,
2579 5209 2742 5265 quem
2774 5191 3123 5247 Laodicensis
3148 5191 3515 5260 Apollinarius

1941 5301 2164 5348 secutus
2193 5298 2297 5353 est,
2347 5288 2626 5343 hominem
2678 5287 2745 5341 de
2772 5285 2945 5340 tribus
2973 5283 3124 5338 hisce
3159 5280 3323 5336 tradit
3368 5279 3515 5334 exsi-

1940 5393 2110 5447 stere,
2160 5381 2421 5436 nimirum
2455 5389 2662 5446 mente,
2714 5376 2917 5441 anima,
2950 5390 3200 5445 corpore.
3248 5372 3362 5437 Qua
3396 5370 3510 5438 ipsa

1942 5475 1996 5529 in
2041 5474 2301 5544 opinione
2332 5471 2689 5526 consimiliter
2734 5468 2961 5523 fallitur.
3017 5468 3171 5522 Mens
3218 5466 3399 5523 enim,
3453 5469 3513 5513 ut

1941 5581 2171 5636 magnus
2201 5565 2291 5619 ille
2319 5563 2555 5647 Basilius
2580 5562 2777 5633 inquit,
2810 5560 3053 5631 ejusdem
3071 5565 3152 5613 est
3182 5570 3302 5610 cum
3327 5551 3508 5604 anima

1941 5667 2148 5713 naturae
2175 5676 2187 5721 ;
2213 5657 2470 5726 quodque
2514 5653 2726 5723 corpori
2758 5651 2949 5709 oculus
2981 5656 3084 5712 est,
3113 5648 3215 5700 hoc
3250 5657 3403 5698 mens
3424 5649 3509 5703 est

1941 5751 2153 5807 animat.

3506 5836 3560 5855 .44

3814 6132 3963 6159 Δ
