4062 6186
251 245 363 305 ξιω

1496 234 1906 297 ANNALIUM
1941 234 2137 297 PARS
2176 236 2227 298 Ι.

3403 241 3509 304 154

261 353 413 425 πιρὲ
444 353 550 424 τῆς
575 350 793 423 φύσεως
829 349 1104 422 λέγουσιν,
1138 349 1215 416 ῶς
1247 349 1306 406 ἐν
1336 347 1474 422 αὐτῇ
1504 345 1599 406 τὸν
1629 351 1837 422 insud-

1951 352 2188 407 lolorum
2220 351 2466 422 corporis
2507 352 2782 425 particeps
2826 353 2943 411 ﬁat.
2982 372 3000 407 ι
3040 354 3109 410 Ει
3136 355 3252 411 base
3294 356 3511 424 quidem

263 466 329 503 να
374 445 506 503 νοῦν
546 444 960 511 ἐνδιαιτᾶσθαι,
1000 443 1255 516 καθάπερ
1293 442 1419 499 τινὰ
1464 443 1691 514 βασιλέα
1736 442 1835 496 τοῦ

261 538 466 601 παντὸς
484 536 973 608 οῠπερκαθήμενον
1021 522 1302 607 σῶματος.
1337 535 1402 591 Οἱ
1447 534 1506 589 δέ
1536 550 1602 604 γε
1631 533 1693 587 τὸ
1735 534 1839 604 τῆς

271 627 604 700 Ἐκκλησίας
633 626 1036 698 πρεσϐεύοντες
1088 623 1372 697 ὁρθόὅοξον
1425 624 1687 696 φρόνημα
1735 624 1839 692 τὴν

259 720 380 775 κατ’
411 720 605 773 εἰκόνα
645 718 780 772 Θεοῦ
816 718 1128 773 κτισθεῖσαν
1154 721 1353 788 νοερὰν
1380 717 1540 787 ἡμῶν
1571 716 1750 787 ψυχὴν
1782 717 1840 769 ἐν

259 825 365 862 τινι
398 808 556 878 τόπῳ
584 806 679 861 τοῦ
709 805 987 877 σώματος,
1043 805 1338 877 ἀσώματον
1373 805 1562 872 οὖσαν,
1602 805 1839 868 τοπικῶς

261 898 607 970 περιορίζειν
632 898 733 952 ούκ
765 899 969 951 ῐσασιν·
994 896 1091 966 ὅλη
1132 898 1229 951 καὶ
1253 897 1363 969 γάρ
1393 897 1462 950 δι’
1499 897 1621 951 ὅλου
1658 898 1839 965 διήκει

261 990 356 1045 τοῦ
402 990 680 1060 σώματος,
714 990 837 1044 ὅλον
868 988 1006 1042 αὐτὸ
1038 988 1286 1058 ψυχοῦσα
1331 988 1427 1043 καὶ
1466 987 1586 1042 ὅλον
1618 988 1716 1057 ὅλη
1744 1004 1843 1041 κα-

268 1078 677 1148 ταφωτίζουσα.
716 1077 825 1131 Καὶ
850 1078 1103 1148 καθάπερ
1132 1079 1161 1130 ὁ
1185 1077 1318 1141 Θεὸς
1345 1069 1406 1130 οὗ
1432 1077 1528 1130 καὶ
1545 1078 1669 1131 κατ’
1698 1076 1843 1130 εικό-

269 1186 333 1223 να
382 1167 851 1240 δεδημιούργηται
900 1167 1062 1239 αὕτη,
1112 1168 1173 1221 οὐ
1217 1168 1382 1241 μέρος
1416 1170 1475 1222 ὲν
1507 1169 1690 1240 μέρει,
1721 1167 1837 1222 ἀλλ’

270 1264 388 1329 ὅλος
426 1265 534 1333 ὅλῳ
591 1264 671 1335 τῷ
730 1263 921 1333 κόσμῳ
968 1264 1093 1317 κατ’
1123 1263 1315 1319 οὐσίαν
1357 1263 1659 1331 περίεστιν,
1691 1261 1836 1317 οὕτω

270 1355 367 1407 καλ⁵
414 1355 448 1424 ἠ
494 1351 592 1406 τοῦ
650 1352 1017 1422 πρωτοτύπου
1076 1351 1241 1405 εἰκὼν
1297 1351 1517 1423 ἀμερὴς
1561 1347 1696 1403 οὖσα
1722 1347 1844 1427 ,καὶ

264 1442 596 1505 άδιάστατος
651 1440 878 1510 ἀμερῶς
939 1442 1035 1495 καὶ
1073 1439 1413 1503 ἁδιαστάτως
1470 1440 1569 1509 ὅλη
1601 1438 1709 1509 ὅλῳ
1762 1437 1842 1507 τῷ

265 1533 485 1605 σώματι
520 1538 813 1602 πρόσεστι.
850 1534 963 1586 Καὶ
997 1532 1193 1586 τούτου
1246 1532 1409 1603 χάριν
1440 1532 1515 1603 μὴ
1564 1530 1840 1601 θαύμαζε·

274 1623 500 1677 ῐστασαι
537 1626 635 1693 μὶν
662 1623 772 1691 γὰρ
803 1621 943 1694 αὕτη
991 1623 1080 1690 ἐφ’
1114 1623 1315 1693 ἑαυτῆς
1352 1623 1609 1693 καθάπερ
1641 1621 1841 1693 ἡλιακή

262 1730 348 1774 τις
378 1715 587 1783 σφαῖρα
638 1714 739 1766 οὐκ
785 1713 891 1777 ἔξω
924 1711 1019 1766 τοῦ
1072 1702 1356 1782 σώματος,
1396 1711 1512 1765 ἀλλ’
1542 1710 1841 1783 ὑπερφυῶς
1878 1700 1917 1755 Β

264 1805 322 1857 ἑν
349 1804 524 1875 αύτῷ,
557 1804 935 1874 συμπλέκεται
990 1803 1047 1860 δὲ
1106 1804 1284 1875 τούτῳ
1344 1805 1467 1863 ταῖς
1516 1804 1607 1871 ἀφ’
1640 1805 1843 1872 ἑαυτῆς

264 1894 588 1964 προϊούσαις
649 1894 874 1963 αὐγαῖς,
933 1894 1139 1958 αἵτινες
1192 1896 1289 1950 καὶ
1348 1895 1693 1965 τεμνομένου
1745 1893 1843 1948 τοῦ

268 1986 523 2056 σώματος
570 1988 803 2052 ἀπαθεῖς
844 1988 939 2040 καλ⁵
970 1988 1301 2059 ἀδιάτμητοι
1338 1988 1614 2058 μένουσιν,
1655 1988 1846 2060 ὥσπερ

263 2077 328 2145 δὴ
358 2079 455 2130 καὶ
492 2076 592 2130 τοῦ
619 2078 780 2148 ἀέρος
808 2081 929 2145 ταῖς
955 2078 1067 2133 τῶν
1098 2080 1317 2152 ἀνέμων
1350 2081 1541 2143 πνοαῖς
1591 2080 1847 2149 κινουμέ-

266 2184 356 2221 νου
385 2169 481 2220 καὶ
511 2169 952 2238 μεταπίπτοντος
999 2171 1062 2224 τὸ
1122 2170 1343 2240 ἡλιακὸν
1376 2170 1491 2239 φῶς
1517 2172 1662 2234 ἅπαξ
1690 2171 1840 2241 αὐτῷ

268 2257 588 2328 συμπλακὲν
617 2257 740 2314 οὔτε
770 2259 946 2331 τομὴν
973 2259 1098 2314 οὔτε
1139 2258 1327 2331 ῥεῦσιν
1350 2258 1475 2313 οὔτε
1504 2261 1842 2333 μετάστασιν

265 2350 581 2418 ὑφίσταται.

1940 442 2129 503 abhis
2166 442 2361 495 tradita
2416 452 2567 498 sunt.
2617 443 2943 499 Aristoteles
2980 454 3160 499 autem
3213 443 3517 497 rationibus

1940 532 2198 593 humanis
2231 533 2455 589 innixus
2492 543 2756 600 mentem.
2785 549 2906 604 quae
2961 534 3016 588 in
3049 534 3267 588 homine
3311 536 3514 604 princi-

1940 633 2126 695 patum
2154 624 2389 688 obtinet,
2416 625 2597 679 sedem
2648 625 2701 679 in
2742 626 2909 680 corde
2945 640 3098 679 suam
3145 625 3347 679 habeve
3382 641 3515 679 con-

1941 715 2143 783 firmat,
2179 716 2328 771 unde
2357 716 2439 771 vis
2467 716 2587 783 ejus
2613 713 2681 769 ab
2705 716 2976 771 electione
3008 715 3349 783 consilioque
3376 731 3512 784 peu-

1942 809 2079 863 dens
2105 808 2422 863 universum
2467 808 2522 861 in
2550 823 2749 876 corpus
2795 808 2954 863 facile
2984 808 3360 863 distribuatur.
3408 808 3515 862 Alii

1941 908 2105 968 caput
2135 898 2310 953 instar
2349 897 2628 966 cujusdam
2663 898 2807 953 arcis
2852 914 2881 951 a
2930 908 3126 953 natura
3180 899 3373 953 dicunt
3420 914 3518 952 ex-

1942 997 2234 1053 structum,
2269 998 2330 1041 ut
2364 989 2617 1057 princeps
2648 986 2702 1041 in
2733 988 2953 1041 homine
2993 1002 3147 1042 mens
3176 988 3333 1058 degat
3363 988 3414 1040 in
3451 1003 3518 1041 eo

1941 1079 2207 1149 quasique
2245 1094 2337 1133 rex
2378 1079 2558 1134 sedem
2607 1094 2772 1148 supra
2811 1093 3014 1146 corpus
3038 1079 3348 1139 universum
3378 1082 3520 1147 pos--

1948 1180 2054 1225 tam
2110 1170 2329 1225 habeat.
2361 1167 2562 1224 Verum
2604 1172 2696 1240 qui
2747 1169 3006 1224 Ecclesiae
3061 1171 3387 1224 sententiain
3436 1186 3521 1223 se-

1942 1268 2211 1328 quuntur,
2247 1258 2485 1312 animam
2518 1271 2759 1313 nostram
2817 1257 3188 1327 intelligentiae
3229 1257 3277 1308 vi
3320 1258 3519 1325 pradi-

1945 1359 2079 1416 tam,
2109 1365 2230 1419 qua:
2261 1350 2326 1403 ad
2363 1346 2653 1419 imaginem
2692 1350 2788 1404 Dei
2819 1350 3037 1402 condita
3070 1359 3151 1402 cst
3184 1358 3238 1402 ct
3274 1351 3519 1416 corporis

1944 1450 2028 1496 est
2052 1456 2268 1511 expers.
2297 1441 2350 1494 in
2386 1450 2535 1495 certo
2569 1440 2802 1509 quodam
2834 1441 3081 1508 corporis
3119 1440 3241 1493 loco
3286 1439 3519 1493 circum.

1945 1532 2183 1587 scribere
2213 1531 2463 1585 localiter
2496 1532 2713 1586 nolunt.
2750 1530 2887 1584 Nam
2924 1540 3031 1584 tota
3068 1546 3165 1600 per
3202 1540 3372 1584 tntum
3401 1547 3522 1582 cur-

1947 1639 2048 1694 pus
2094 1638 2217 1677 sese
2280 1622 2439 1689 didit,
2473 1632 2527 1677 et
2572 1624 2745 1692 ipsum
2798 1624 3039 1686 animat,
3093 1630 3377 1686 totumque
3409 1629 3521 1675 tota

1950 1716 2254 1773 collusuat.
2294 1715 2361 1771 Et
2383 1714 2842 1784 quemadmodum
2870 1712 3033 1776 Deus,
3061 1713 3214 1785 cujus
3244 1713 3311 1768 ad
3333 1714 3521 1782 imagi-

1951 1822 2072 1861 nem
2102 1806 2323 1861 condita
2350 1815 2434 1860 est
2459 1821 2570 1860 non
2598 1820 2728 1875 pars
2761 1806 2815 1860 in
2851 1817 3023 1875 parte,
3052 1806 3147 1860 sed
3181 1814 3323 1860 totus
3348 1816 3518 1859 totum

1951 1897 2211 1951 mundum
2242 1894 2626 1965 complectitur
2659 1895 2897 1948 essentia
2923 1909 3041 1959 sua,
3073 1894 3152 1946 sic
3184 1891 3346 1947 etiam
3372 1891 3523 1960 prim

1951 1987 2091 2056 cipis
2122 1986 2268 2039 illius
2320 1984 2647 2055 exemplaris
2690 1978 3041 2039 simulacrum
3067 2022 3082 2047 ,
3115 1997 3238 2036 cum
3287 1982 3521 2051 partium

1950 2079 2023 2132 sit
2071 2092 2269 2151 expers
2314 2086 2368 2131 et
2408 2077 2753 2133 dimensione
2781 2086 2995 2143 careat,
3034 2077 3170 2131 citra
3199 2076 3523 2131 divisionem

1950 2184 2013 2227 ac
2080 2166 2476 2223 dimensionem
2543 2169 2650 2238 72
2710 2169 2874 2223 ullam
2942 2177 3114 2223 totum
3160 2168 3256 2221 toti
3308 2166 3524 2235 corpori

1947 2259 2124 2313 adest.
2156 2257 2328 2323 Quam
2357 2258 2580 2328 quidem
2605 2274 2718 2314 rem
2750 2258 3007 2329 admirari
3030 2258 3236 2312 desine.
3264 2256 3530 2312 Consistit

1949 2351 2095 2405 cnim
2126 2350 2479 2421 peculiariter
2509 2351 2691 2405 anima
2711 2350 2866 2420 quasi
2902 2350 3093 2420 globus
3123 2350 3341 2419 quidam
3390 2349 3529 2402 sola-

265 2443 349 2497 ris
378 2457 491 2497 non
524 2454 674 2499 cura
702 2458 921 2515 corpus,
949 2446 1042 2502 sed
1087 2445 1142 2501 in
1176 2446 1317 2516 ipso,
1343 2442 1506 2514 idque
1532 2446 1695 2505 modo
1717 2444 1949 2510 quodam
1984 2445 2121 2501 ultra
2151 2444 2426 2516 naturali.
2493 2444 2669 2498 Simul
2728 2442 2945 2512 corpori
3016 2458 3263 2497 connexa
3303 2450 3388 2494 est
3433 2456 3529 2509 per

270 2534 555 2589 derivatos
590 2550 657 2590 ex
705 2535 822 2607 ipsa
870 2538 1092 2603 radios,
1132 2539 1224 2605 qui
1260 2538 1305 2591 si
1350 2553 1552 2608 corpus
1605 2538 1847 2592 sectione
1885 2512 2353 2604 laedatur/tamen
2388 2535 2529 2589 haud
2574 2534 2885 2589 aﬂiciuntur
2930 2543 2986 2595 et
3062 2538 3360 2593 sectionem
3404 2536 3530 2591 nul-

265 2623 372 2680 lam
400 2627 783 2698 experiuntur.
815 2626 1046 2682 Prorsus
1078 2636 1135 2683 ut
1178 2644 1305 2685 aere
1347 2643 1447 2700 per
1476 2631 1634 2683 tlatus
1664 2640 1951 2684 ventorum
1989 2638 2139 2683 moto
2167 2638 2223 2683 et
2282 2629 2486 2698 agitato
2558 2626 2653 2682 lux
2700 2627 2896 2683 solaris
2972 2627 3024 2687 ei
3067 2628 3238 2684 semel
3283 2644 3527 2684 connexa

269 2734 452 2789 neque
482 2720 780 2775 sectionem
812 2735 993 2789 neque
1027 2719 1232 2776 ﬂuxum
1274 2736 1452 2791 neque
1482 2721 1841 2779 mntationcm
1884 2720 2115 2790 patitur.

348 2812 466 2864 Καὶ
524 2812 554 2863 ὁ
605 2811 706 2881 μὲν
756 2811 879 2873 νοῦς
943 2811 1234 2880 ἀσώματος
1288 2813 1437 2865 ἐστιν
1488 2811 1703 2880 άληθῶς
1754 2814 1845 2863 καὶ

270 2901 526 2974 ἀόρατος,
575 2902 693 2956 ἀλλ’
732 2903 880 2973 ὅμως
912 2902 987 2968 ὡς
1036 2905 1095 2955 ὲν
1128 2903 1345 2974 ὀργάνῳ
1376 2903 1454 2974 τῷ
1488 2903 1702 2973 σώματι
1745 2903 1845 2972 τὴν

2029 2814 2230 2881 Estque
2280 2828 2433 2868 mens
2478 2829 2671 2884 reapse
2710 2813 2929 2883 quidem
2958 2828 3157 2883 expers
3197 2813 3443 2883 corporis
3474 2823 3530 2869 et

1954 2904 2397 2975 inaspectabilis,
2435 2921 2620 2960 verum
2657 2906 3017 2961 nihilominus
3060 2906 3112 2958 in
3142 2922 3368 2975 corpore
3404 2916 3527 2958 tan-

272 2995 486 3048 οἰκείαν
516 2994 803 3063 ἐνέργειαν
833 2994 1097 3049 δείκνυσι.
1134 2996 1246 3048 Καὶ
1292 2994 1451 3048 εἴωθε
1496 2995 1596 3065 μὲν
1653 2995 1682 3049 ὁ
1728 2993 1848 3057 νοῦς

1959 3013 2123 3067 quam
2159 2998 2525 3052 instrumento
2563 3012 2714 3052 suam
2745 2996 3117 3051 etlicacitatem
3145 2998 3401 3051 declarat.
3432 2997 3530 3049 Ea-

274 3086 530 3157 ὲνεργεῖν
583 3088 642 3139 εν
684 3080 767 3149 οἷς
798 3086 969 3153 ὑγιῶς
1013 3086 1075 3139 τὸ
1132 3086 1291 3156 σῶμα
1340 3086 1631 3152 διάκειται,
1663 3085 1753 3139 ἐπὶ
1788 3085 1844 3138 δὲ

230 3190 235 3195 ’
272 3178 380 3230 τῶν
428 3177 676 3239 ἀσθενῶς
708 3177 940 3248 ἑχόντων
976 3178 1077 3246 τὴν
1108 3178 1364 3249 τεχνικὴν
1410 3178 1575 3232 αὑτοῦ
1615 3176 1846 3246 δύναμιν

275 3266 531 3333 δέξασθαι
563 3267 842 3339 ἄπρακτος
892 3268 1082 3336 πάντη
1138 3270 1232 3321 καὶ
1274 3268 1633 3337 ἀνενέργητος
1663 3265 1849 3334 φαίνε-

275 3377 383 3415 ται.
437 3359 587 3430 Πλὴν
626 3360 688 3412 οὐ
730 3358 854 3412 καθ’
886 3360 1081 3413 ἑαυτὸν
1143 3359 1306 3423 αὐτὸς
1362 3359 1845 3429 παραὸλάπτεται,

277 3452 534 3521 καθάπερ
592 3451 705 3503 τισὶ
741 3452 850 3504 τῶν
894 3448 1094 3517 ἔξωθεν
1127 3450 1310 3516 ἔδοξεν
1331 3464 1344 3479 ·
1382 3450 1502 3503 οὐδὲ
1536 3448 1645 3519 γάρ
1677 3449 1850 3518 ἁρμο-

273 3541 391 3605 νίας
422 3541 661 3611 ὀργάνου
688 3541 833 3605 τινὸς
867 3541 1226 3612 ὁπωσδήποτε
1256 3539 1608 3610 διεφθορυίας
1635 3538 1853 3606 ἀνάγκη

271 3636 458 3688 πᾶσαν
505 3635 603 3686 καὶ
662 3634 832 3704 αὐτὴν
885 3632 979 3687 τοῦ
1036 3633 1283 3704 τεχνίτου
1328 3631 1428 3698 τὴν
1482 3631 1681 3702 τέχνην
1730 3647 1855 3685 συν·

270 3725 706 3797 διαφθείρεσθαι.
740 3725 849 3777 Καὶ
879 3724 961 3777 ὅτι
1015 3725 1114 3795 μὲν
1154 3724 1233 3795 τῷ
1281 3723 1495 3793 σώματι
1525 3723 1778 3779 σύνεστιν
1813 3723 1848 3792 ἡ

268 3814 599 3888 ψυχὴ,οἳὸα,
639 3817 700 3870 τὸ
735 3817 790 3869 δὲ
820 3816 936 3878 πῶς
965 3818 1022 3869 ὲν
1054 3816 1266 3887 σώματι
1308 3815 1371 3869 τδ
1420 3814 1710 3885 ἀσώματον
1751 3814 1852 3871 οὐκ

273 3907 411 3963 οἶδα*
443 3911 565 3963 οὐδὲ
605 3911 713 3979 γάρ
745 3910 1135 3979 αἰδεσθήσομαι
1155 3908 1255 3977 τὴν
1271 3908 1494 3976 ἄγνοιαν
1523 3905 1616 3958 ἐπὶ
1642 3904 1854 3968 τούτοις

269 3999 570 4069 ὁμολογῶν.
608 3999 671 4052 Ei
711 3999 821 4069 γὰρ
868 3996 1216 4067 ὲξηπλῶσθαι
1248 3995 1453 4065 ταύτην
1482 3996 1614 4066 εῐπῃ
1640 4010 1719 4055 τις
1748 3992 1854 4061 ὅλῳ

265 4092 351 4161 τῷ
377 4092 520 4162 ὅγκῳ
543 4089 637 4144 τοῦ
674 4089 945 4160 σώματος,
971 4088 1219 4159 καθάπερ
1245 4089 1309 4158 δὴ
1338 4089 1433 4140 καὶ
1472 4088 1502 4139 ὅ
1543 4084 1857 4157 χρυσοῤῥή-

273 4200 395 4253 μων
416 4184 568 4252 φησὶ,
586 4183 681 4234 καὶ
704 4182 803 4234 οὐκ
824 4182 936 4250 ἔχει
963 4180 1119 4246 λόγον
1144 4180 1205 4232 τὸ
1231 4179 1545 4250 λεγόμενον·
1576 4178 1734 4229 τοῦτο
1763 4173 1857 4229 καὶ

270 4272 389 4341 γὰρ
416 4271 543 4324 ἴδιον
573 4271 683 4323 τῶν
711 4270 978 4339 σωμάτων
997 4270 1166 4323 ἐστίν.
1193 4268 1399 4331 Ἄλλως
1425 4284 1484 4319 τε
1518 4266 1567 4319 εί
1587 4262 1855 4335 ἐξηπλοῦο

267 4379 339 4415 το
386 4362 459 4432 τῷ
503 4362 599 4414 τοῦ
632 4361 882 4431 σώματος
908 4361 1078 4430 ὄγκῳ,
1106 4359 1200 4413 καὶ
1227 4357 1585 4427 ωνετᾶμνετο
1617 4357 1704 4420 ἂν,
1740 4354 1848 4407 τῶν
1882 4337 1925 4391 υ

271 4453 475 4521 χειρῶν
504 4453 766 4514 πολλάκις
797 4452 892 4506 καὶ
925 4450 1032 4504 τῶν
1076 4449 1251 4503 ποδῶν
1300 4450 1664 4501 ἐκκοπέντων.
1709 4446 1847 4498 Ἀλλ’

268 4545 381 4596 οὐκ
414 4544 555 4596 ἐστιν
580 4546 638 4597 ἐν
664 4544 771 4613 ὅλῳ
798 4541 877 4613 τῷ
935 4542 1178 4611 σώματι,
1216 4539 1274 4592 ἐν
1314 4555 1419 4592 τινι
1469 4538 1525 4591 δὲ
1557 4541 1721 4608 μέρει
1749 4537 1848 4589 αύ-

268 4631 375 4684 τοῦ
426 4633 782 4687 συνείλεκται.
835 4630 1043 4685 Οὐκοῦν
1089 4630 1304 4701 ἀνάγκη
1365 4630 1535 4696 νεκρά
1584 4628 1654 4681 τὰ
1684 4627 1851 4681 λοιπά

254 4712 516 4792 ’γίνεσθαι
581 4725 725 4794 μέρη
751 4739 768 4757 ο
820 4723 881 4777 τὸ
931 4722 1042 4792 γὰρ
1094 4719 1304 4791 ἄψυχον
1358 4721 1578 4784 πάντως
1628 4722 1843 4791 νεκρόν.

281 4814 433 4868 ’.ἀλλ’
471 4816 588 4870 οὐδὲ
623 4814 783 4869 τοῦτο
816 4814 964 4867 ἐστιν
996 4813 1196 4866 εἰπεῖν.
1230 4813 1354 4865 Ὀτι
1389 4812 1491 4884 μὲν
1537 4811 1648 4882 γάρ
1685 4812 1745 4863 ὲν
1767 4809 1848 4880 τῷ

268 4906 493 4972 σώματί
538 4908 691 4959 εστιν
725 4907 903 4976 ἡμῶν,
938 4906 1186 4975 οἴδαμεν,
1217 4904 1279 4957 τὸ
1323 4904 1379 4958 δὲ
1419 4902 1538 4965 πῶς
1571 4902 1672 4965 οὐκ
1701 4901 1849 4955 οἴδα-

264 5013 408 5068 μεν.
440 5000 541 5051 Καὶ
574 5001 657 5052 ὅτι
689 4998 789 5068 μὲν
814 4998 975 5059 άῦ).ό;
1004 5001 1124 5055 ἐστι
1158 4999 1253 5051 καὶ
1296 4995 1585 5064 ἀσώματος
1610 4994 1644 5065 ὴ
1674 4992 1845 5064 ψυχὴ,

260 5084 404 5140 ιῖὁα
434 5089 660 5158 (ηκουσα
693 5089 848 5159 γάρ),
887 5088 961 5154 si;
995 5088 1054 5142 δὲ
1104 5088 1164 5141 τὸ
1208 5082 1349 5149 εἶδος
1401 5084 1570 5154 αὐτῆς
1625 5084 1720 5135 καὶ
1748 5098 1847 5134 πο-

254 5178 434 5247 ταπὴ
478 5182 573 5250 τὴν
608 5180 819 5245 οὐσίαν,
864 5180 965 5232 οὐκ
1013 5173 1155 5243 οῖδα,
1197 5177 1281 5231 ὅτι
1326 5175 1418 5229 καὶ
1444 5172 1851 5243 άνερμήνευτον

252 5268 442 5322 τοῦτο
481 5271 782 5341 μεμένηκε.
841 5269 966 5333 Πῶς
1015 5270 1125 5340 γάρ
1173 5269 1240 5322 ἂν
1284 5266 1383 5321 καὶ
1440 5265 1608 5335 εἰδείη
1637 5280 1722 5326 τις
1751 5262 1850 5332 τὴν

252 5361 407 5415 κατ’
449 5364 623 5416 εἰκόνα
683 5364 997 5419 κτισθεῖσαν
1035 5362 1127 5417 τοῦ
1168 5359 1531 5431 ἀπερινοήτω)
1569 5357 1665 5411 καὶ
1708 5359 1851 5411 ἀκα-

250 5450 557 5521 ταλήπτου
587 5454 764 5523 Θεοῦ;
810 5456 934 5509 Ἐὰν
978 5457 1012 5525 ἡ
1047 5453 1149 5525 τῆς
1178 5453 1358 5525 ψυχῆς
1388 5450 1545 5505 οὐσία
1570 5448 1848 5515 κατελαμ-

251 5545 497 5612 ϐάνετο,
529 5547 970 5619 κατελαμϐάνετο
1018 5548 1085 5603 ἂν
1126 5549 1223 5601 καὶ
1254 5544 1391 5600 αύτδ
1419 5544 1481 5598 τὸ
1517 5542 1615 5613 τῆς
1643 5541 1850 5603 εἰκόνος

256 5640 661 5694 πρωτότυπονο
717 5644 767 5695 εί
805 5642 863 5695 δὲ
914 5641 976 5695 τὸ
1029 5640 1389 5704 πρωτότυπον
1437 5635 1843 5703 ἀκατάληπτον,

1948 3090 2070 3147 dem
2112 3092 2164 3142 in
2192 3089 2264 3145 iis
2298 3104 2527 3159 quorum
2565 3103 2695 3145 sana
2731 3096 2986 3157 recteque
3017 3088 3210 3142 aﬂ‘ecta
3238 3096 3369 3143 sunt
3400 3103 3526 3140 cor-

1946 3194 2080 3251 pora
2109 3179 2402 3237 etlicaciter
2438 3179 2585 3250 agit,
2636 3194 2761 3235 cum
2796 3181 2852 3235 in
2907 3180 3068 3246 aliis,
3114 3179 3207 3248 qui
3254 3178 3529 3233 facultatis

1948 3273 2070 3343 ejus
2096 3272 2403 3329 artiﬁciosa:
2423 3288 2532 3327 non
2572 3281 2701 3328 sunt
2724 3288 2975 3342 capaces,
3000 3273 3172 3328 otiosa
3208 3274 3275 3327 sit
3300 3287 3363 3326 ac
3389 3272 3525 3324 nihil

1950 3363 2173 3419 omnino
2210 3360 2477 3431 perﬁciat.
2515 3360 2633 3416 Non
2669 3368 2847 3416 tamen
2880 3362 2997 3429 ipsa
3034 3368 3289 3428 respectu
3319 3358 3402 3412 sui
3434 3358 3528 3412 lae-

1958 3452 2128 3517 ditur,
2165 3451 2619 3522 quemadmodum
2650 3452 2907 3508 extrariis
2929 3450 3249 3520 quibusdam
3286 3449 3526 3518 philoso-

1950 3543 2077 3613 phis
2106 3545 2284 3603 visum
2332 3542 2626 3597 [ML-Nam
2659 3543 2702 3597 si
2752 3542 2993 3598 maaime
3018 3542 3297 3611 cujusdam
3329 3542 3532 3595 instru-

1954 3636 2122 3691 menti
2178 3636 2460 3691 harmonia
2496 3649 2715 3705 quoquo
2758 3636 2921 3691 modo
2977 3644 3379 3703 corrumpatur,
3422 3649 3531 3687 non

1958 3738 2139 3785 tamen
2169 3729 2393 3787 omnino
2416 3728 2573 3796 sequi
2593 3742 2817 3783 necesse
2840 3736 2927 3781 est
2953 3734 3014 3781 ut
3043 3741 3135 3782 ars
3176 3726 3345 3796 ipsius
3368 3726 3531 3780 etiam

1955 3819 2184 3875 artilicis
2210 3827 2500 3888 propterea
2534 3818 2760 3886 periisse
2780 3826 3074 3873 statuatur.
3093 3817 3293 3870 Adesse
3312 3817 3532 3883 quidem

1958 3912 2013 3964 in
2048 3925 2276 3978 corpore
2303 3909 2540 3965 animam
2593 3910 2719 3965 novi
2756 3918 2853 3965 :at
2894 3908 2986 3978 qui
3030 3922 3117 3961 res
3164 3906 3413 3973 corporis
3441 3921 3532 3957 cx-

1956 4016 2085 4068 pers
2124 4000 2177 4054 in
2208 4014 2440 4066 corpore
2475 3999 2566 4063 sit,
2612 4000 2823 4067 ignoro.
2858 3998 2970 4051 Non
3012 3998 3156 4053 enim
3210 3996 3533 4065 imperitiam

1957 4092 2060 4149 hac
2086 4093 2138 4147 in
2165 4098 2319 4162 parte
2351 4106 2524 4147 meam
2558 4090 2712 4145 fateri
2746 4105 2830 4143 me
2868 4090 3054 4159 pudet.
3091 4089 3303 4158 Quippe
3332 4090 3378 4142 si
3410 4089 3536 4156 quis

1957 4199 2076 4239 eam
2104 4183 2253 4238 dicat
2289 4196 2587 4250 expansam
2637 4195 2759 4235 esse
2792 4196 2886 4247 per
2923 4188 3091 4235 totam
3139 4180 3382 4248 corporis
3414 4195 3535 4233 mo-

1957 4273 2085 4337 lem,
2116 4273 2257 4326 sicut
2276 4256 2710 4341 ’Chrysostomus
2725 4272 2821 4335 ait,
2852 4274 2904 4324 id
2933 4272 3109 4340 ipsum
3136 4270 3344 4325 ratione
3364 4283 3534 4327 caret.

1954 4366 2087 4420 Nam
2145 4365 2248 4419 tale
2286 4366 2547 4435 quiddam
2601 4366 2928 4435 corporibus
2968 4374 3052 4419 est
3108 4365 3419 4433 prpprium;
3470 4381 3536 4418 ac

1955 4455 2260 4525 prmsertim
2315 4455 2362 4513 si
2397 4454 2617 4513 utendi
2652 4470 2775 4510 cum
2826 4453 2972 4511 mole
3010 4456 3255 4525 corporis
3298 4455 3533 4515 dicatur,

1955 4547 2119 4601 etiam
2155 4555 2479 4616 sequeretur
2511 4562 2630 4602 eam
2664 4562 2767 4600 una
2809 4547 3068 4606 resecari,
3099 4548 3313 4615 quoties
3342 4562 3534 4599 manus

1957 4647 2121 4708 atque
2154 4638 2323 4708 pedes
2351 4646 2727 4706 amputantur.
2776 4638 2846 4691 At
2894 4637 3040 4691 enim
3074 4646 3376 4691 statuamus
3410 4652 3533 4690 eam

1954 4744 2058 4798 per
2092 4743 2293 4798 corpus
2326 4727 2645 4783 universum
2691 4742 2798 4781 non
2849 4742 2971 4783 esse
3004 4741 3275 4794 Sparsam,
3303 4727 3396 4781 sed
3427 4743 3532 4781 una

1956 4818 2190 4889 quadam
2225 4818 2398 4888 ipsius
2428 4818 2486 4872 in
2537 4827 2714 4887 parte.
2740 4817 3048 4873 collectam.
3085 4816 3166 4871 Ita
3203 4832 3331 4871 vero
3381 4819 3532 4886 sequi

1956 4922 2182 4964 necesse
2232 4917 2318 4963 est
2364 4916 2422 4962 ut
2469 4907 2713 4961 membra
2748 4907 2959 4976 reliqua
2999 4906 3111 4959 siut
3138 4919 3370 4962 mortua.
3398 4904 3534 4959 Nam

1957 4999 2101 5068 quod
2134 5012 2333 5067 expers
2362 5005 2447 5051 cst
2478 4997 2703 5059 animae.
2742 5012 2965 5067 prorsus
3009 5007 3285 5055 mortuum
3319 5004 3436 5058 est;
3481 4994 3535 5049 id

1957 5090 2100 5158 quod
2130 5089 2221 5143 hic
2267 5088 2370 5143 dici
2401 5088 2613 5158 nequit.
2644 5086 3011 5153 Quamobrem
3062 5102 3188 5142 esse
3216 5086 3435 5156 quidem
3473 5087 3537 5139 il-

1958 5183 2062 5239 lam
2118 5182 2170 5235 in
2221 5194 2450 5249 corpore
2483 5191 2693 5243 nostro.
2724 5181 2962 5251 scimus,
3016 5189 3070 5235 at
3111 5196 3223 5250 quo
3254 5188 3418 5249 pacto
3466 5178 3539 5231 sit

1960 5271 2295 5342 ignoramus.
2330 5269 2519 5325 itidem
2550 5271 2783 5325 animam
2819 5281 3101 5340 expertem
3132 5285 3258 5326 esse
3291 5268 3541 5348 materiei

1958 5377 2155 5418 crassa:
2181 5377 2245 5416 ac
2278 5363 2659 5431 incorporeum
2688 5362 2824 5428 scio,
2850 5363 3071 5429 quando
3098 5365 3168 5416 ita
3205 5378 3263 5417 se
3290 5377 3403 5415 rem
3435 5359 3503 5412 ha
3524 5386 3544 5399 α

1960 5453 2090 5507 bere
2122 5452 2307 5521 accepi
2334 5468 2347 5503 :
2376 5467 2564 5507 verum
2592 5467 2713 5521 quae
2746 5452 2816 5509 sit
2841 5453 2957 5521 ejus
2984 5454 3194 5522 species
3223 5452 3339 5504 sive
3361 5448 3535 5503 forma

1963 5543 2045 5596 vel
2072 5540 2251 5611 qualis
2282 5544 2520 5598 essentia
2541 5585 2556 5610 ,
2589 5545 2730 5600 scire
2761 5560 3000 5614 nequeo.
3034 5544 3246 5612 Quippe
3285 5556 3394 5593 non
3440 5555 3539 5606 po-

1961 5641 2065 5688 test
2108 5633 2212 5687 Itoc
2258 5634 2506 5689 oratione
2556 5636 2875 5695 cuiusouzim
2922 5634 3200 5693 explicari.
3253 5630 3387 5684 Nam
3440 5631 3535 5687 «tui
