4062 6186
474 286 577 350 155

1699 256 2118 323 MlCHAELlS
2154 252 2409 315 GLYC.‘E

3607 233 3712 299 156

471 413 699 455 cernere
729 383 867 466 quis.
888 409 1004 447 eam
1056 390 1252 460 possit,
1285 399 1404 453 quae
1448 380 1663 435 condita
1694 388 1775 434 est
1806 378 1871 432 ad
1908 376 2044 429 ima-
2074 412 2085 434 λ

2190 370 2534 440 κατάληπτυς
2584 365 2643 429 ἐξ
2692 364 2934 432 ἀνάγκης
2986 360 3082 414 καὶ
3212 353 3306 411 τοῦ
3354 353 3717 426 πρωτοτύπυυ

474 494 656 563 ginem
687 490 801 552 Dei,
830 500 987 555 quem
1016 496 1122 536 nec
1156 474 1530 541 intelligentia:
1570 474 1620 526 vi
1667 485 1769 524 nec
1796 469 1902 523 ulla
1927 482 2052 538 per-

475 559 728 654 ceptione
756 572 1221 644 comprehendere
1239 565 1572 639 possumus?
1602 562 1817 632 Quippe
1852 559 2049 615 si'ani-

475 650 579 729 mae
626 663 1017 737 comprehendi
1070 668 1255 730 posset
1311 657 1587 720 essentia,
1632 661 1816 723 posset
1864 650 2054 704 itidem

476 762 733 831 imaginis
769 770 988 826 quoque
1037 753 1290 822 princeps
1323 751 1601 818 exemplar
1635 740 2052 813 comprehendi.

478 857 547 907 At
576 854 619 905 si
658 848 850 916 nequit
880 846 1162 913 exemplar
1189 841 1318 895 illud
1359 839 1614 909 princeps
1642 833 2058 903 comprehendi,

476 942 642 996 etiam
705 937 1017 992 necessario
1051 943 1311 1002 sequetur
1341 930 1626 997 imaginem
1658 927 1774 994 ejus
1804 922 2064 978 consimi-

477 1030 604 1083 liter
650 1025 1043 1094 comprehendi
1088 1038 1197 1075 non
1230 1034 1409 1089 posse.
1448 1019 1561 1081 Qua
1601 1016 1667 1069 de
1717 1028 1883 1069 causa
1920 1013 2068 1066 titul

2156 465 2341 516 εἰκών.
2381 457 2576 512 Ἔνθεν
2626 473 2709 509 τοι
2743 456 2836 508 καὶ
2868 452 3037 507 πολλά
3072 449 3170 519 μὲν
3193 444 3559 517 ὲφιλοσοφήθη
3590 443 3722 514 περὶ

2160 553 2353 622 αὐτῆς,
2380 549 2554 612 οὐδεὶς
2609 546 2665 600 δὲ
2700 548 2800 616 τὴν
2831 544 3032 611 ταύτης
3061 540 3249 594 οὐσίαν
3279 536 3516 606 ἠδυνήθη
3548 551 3721 587 κατα-

2159 641 2421 697 λαϐέσθαι
2477 641 2631 705 ποτὲ,
2676 637 2799 691 κατ’
2855 635 3061 698 εἰκόνα,
3093 633 3167 695 ὡς
3203 632 3441 699 εἴρηται,
3481 627 3722 679 κτισθεῖ-

2160 751 2264 788 σαν
2295 732 2388 785 τοῦ
2424 730 2809 799 ἀκαταλήπτου
2836 728 2931 780 καὶ
2965 726 3325 795 ἀπερινοήτου
3367 718 3528 775 Θεοῦ.
3566 717 3727 770 Ἄ).λά

2159 828 2255 879 καὶ
2309 821 2583 877 παιδεύων
2618 821 2766 889 ἡμᾶς
2819 820 2847 870 6
2906 817 3038 878 Θεὸς
3082 814 3227 867 ὥστε
3279 811 3535 867 ταπεινὸν
3581 808 3727 878 ἔχειν

2165 916 2421 985 φρόνημα
2471 915 2565 967 καὶ
2603 915 2677 982 μὴ
2721 911 2790 963 τὰ
2823 909 2953 977 περὶ
2981 908 3129 975 ἡμᾶς
3174 905 3306 965 ὅλως
3339 898 3727 971 φαντάζεσθαι,

2167 1009 2425 1076 τοιαύτην
2458 1004 2839 1074 ἀκαταληψίαν
2874 1001 3097 1069 ἐνέθηκε
3144 1000 3207 1066 τῇ
3242 996 3409 1064 ψυχῇ.

481 1122 698 1175 tametsi
720 1114 896 1173 multa
933 1117 1086 1170 mulli
1126 1115 1191 1168 de
1240 1128 1299 1166 ea
1368 1108 1718 1165 commentati
1761 1108 1909 1167 sint,
1976 1116 2136 1157 nemo
2175 1110 2356 1154 tamen
2384 1098 2678 1154 essentiam
2725 1097 2897 1165 ipsius
2923 1106 3157 1161 unquam
3184 1088 3287 1159 73
3321 1087 3599 1157 percipere
3634 1098 3733 1152 po-

483 1216 673 1276 tuerit,
705 1211 1002 1269 eonditam,
1059 1216 1117 1261 ut
1150 1205 1353 1259 dictum
1394 1211 1514 1265 est,
1555 1200 1621 1253 ad
1652 1197 1944 1265 imaginem
1970 1193 2073 1247 Dei
2111 1192 2353 1246 neminis
2416 1188 2745 1259 cogitatione
2789 1201 2853 1241 ac
2931 1181 3281 1253 intelligentia
3324 1177 3737 1247 comprehensi-

485 1306 636 1360 bilis.
692 1303 838 1356 Deus
866 1299 1086 1369 quidem
1124 1306 1271 1350 certe
1338 1309 1439 1346 nos
1477 1292 1753 1357 castigans
1784 1296 1837 1341 et
1872 1286 2144 1346 erudiens,
2170 1275 2250 1337 "ut
2278 1283 2459 1337 animo
2493 1282 2729 1335 demisso
2756 1280 2925 1334 simus
2972 1292 3077 1331 nec
3125 1272 3601 1346 imaginationibus
3640 1284 3742 1322 no-

486 1397 616 1451 stris
648 1394 833 1449 omnia
870 1408 991 1459 qute
1018 1392 1071 1445 in
1121 1388 1277 1442 nobis
1325 1396 1452 1440 sunt
1484 1381 1771 1451 complecti
1818 1379 2069 1441 velimus,
2109 1373 2417 1445 hujuswodi
2452 1373 2743 1443 quamdam
2782 1369 3168 1426 obscuritatem
3227 1362 3596 1437 perceptionis
3622 1358 3743 1412 ani-

490 1505 590 1543 ma:
619 1487 831 1541 indidit.

560 1581 660 1634 llic
697 1590 876 1632 autem
905 1576 1144 1649 animum
1173 1571 1328 1634 mihi,
1380 1571 1575 1625 dilecte
1620 1564 1717 1632 ﬁli,
1766 1563 2061 1619 advertito.

2242 1562 2481 1631 Πρόσεχε
2529 1560 2605 1623 δὲ,
2639 1556 2915 1627 ἀγαπητέ.
2953 1552 3169 1614 Φθάσας
3216 1550 3317 1619 μὲν
3362 1548 3468 1619 γὰρ
3499 1549 3526 1601 6
3583 1546 3743 1612 λόγος

440 1710 443 1711 ν
494 1672 712 1728 Dictum
757 1679 1035 1737 estsupra
1070 1667 1122 1719 in
1158 1666 1281 1718 alvo
1322 1672 1563 1717 materna
1594 1660 1772 1715 subito
1806 1657 2063 1719 animam,

2190 1657 2375 1722 ἱδειξεν
2414 1656 2497 1707 ὅτι
2532 1652 2727 1723 ἀθρόον
2777 1653 2835 1705 ἐν
2886 1651 2956 1718 τῇ
3027 1645 3268 1716 μήτρᾳή
3308 1640 3605 1702 θεοείκελος
3663 1637 3743 1707 τῷ

494 1781 615 1835 qua;
646 1764 738 1818 Dei
773 1762 936 1816 refert
968 1758 1280 1829 imaginem,
1320 1772 1425 1811 una
1479 1769 1602 1809 cum
1654 1765 1883 1821 corpore
1928 1746 2068 1801 exsi-

495 1865 661 1916 stere,
690 1864 851 1923 atque
889 1852 993 1906 hoc
1033 1858 1190 1919 pacto
1221 1848 1420 1902 animal
1447 1861 1613 1900 unum
1654 1844 1817 1911 idque
1846 1851 2069 1908 compo-

498 1949 662 2003 situm
693 1944 925 2006 absolvi,
968 1958 1127 2011 quem
1161 1942 1441 1995 hominem
1474 1937 1732 1993 dicimus.
1782 1933 1913 1988 Esse
1939 1932 2070 1986 item

498 2040 642 2091 hanc
674 2034 977 2089 unitionem
1009 2031 1378 2100 personalem,
1409 2027 1669 2081 nimirum
1709 2022 2071 2078 exsistentem

500 2130 756 2197 utrinque
790 2113 1479 2178 naturarumdiversarum
1534 2120 1586 2171 in
1640 2131 1809 2170 unum
1846 2126 2074 2167 concur-

501 2220 731 2272 sionem.
761 2216 928 2284 lgitur
966 2228 1073 2282 quo
1103 2221 1260 2279 pacto
1295 2225 1492 2278 corpus
1524 2218 1579 2262 et
1600 2208 1779 2261 anima
1810 2204 1990 2258 subito
2018 2202 2074 2257 in

502 2309 624 2361 alvo
661 2315 902 2358 materna
926 2309 1287 2362 concurrunt,
1340 2298 1531 2352 eodem
1566 2310 1785 2364 quoque
1829 2308 2017 2347 rursus
2046 2308 2077 2345 a

505 2411 563 2451 se
587 2395 819 2448 invicem
847 2390 1025 2446 subito
1049 2389 1240 2443 mortis
1262 2400 1505 2455 tempore
1528 2383 1874 2437 dirimuntur.
1900 2382 2077 2446 Quare

486 2485 550 2555 psi
582 2484 704 2552 quis
729 2481 1003 2538 existimat
1036 2462 1270 2533 animam
1327 2491 1357 2529 e
1386 2488 1612 2544 corpore
1645 2472 1901 2543 paulatim
1942 2480 2077 2524 leui-

508 2590 636 2643 pore
669 2574 862 2628 mortis
885 2572 1148 2625 excedere
1173 2577 1483 2638 propterea,
1532 2566 1677 2634 quod
1711 2562 2077 2616 membrorum

507 2675 765 2720 extremae
795 2672 977 2733 partes
1010 2662 1064 2714 in
1098 2661 1164 2714 iis
1211 2660 1302 2729 qui
1362 2658 1544 2713 subito
1595 2671 1705 2710 non
1736 2654 2079 2709 emoriuntur

509 2757 669 2826 plane
700 2754 938 2823 [rigeant
964 2766 1027 2805 ac
1077 2765 1298 2804 sensum
1355 2747 1630 2808 amittant,
1683 2752 1939 2811 tauquam
1968 2741 2019 2795 ‘si
2049 2757 2079 2794 a

515 2845 757 2915 corporis
783 2842 1226 2898 extremitatibus
1257 2839 1522 2908 inciperet
1574 2851 1695 2890 sese
1755 2833 2081 2890 contrahere

513 2938 887 3008 paulatimque
919 2935 1084 2989 veluti
1115 2932 1457 2994 convolvere,
1521 2939 1579 2983 ut
1634 2938 1982 2999 posteaquam
2014 2924 2079 2979 ad

2179 1751 2391 1820 σώματι
2425 1744 2917 1817 συμπαρυφίστατο
2966 1741 3131 1811 ψυχὴ,
3171 1735 3468 1791 κάντεῦθεν
3513 1733 3569 1785 ἓν
3602 1732 3743 1795 ζῶιν

2180 1841 2433 1896 σύνθετον
2482 1836 2828 1892 ἀποτελεῖται
2860 1836 2887 1887 6
2915 1830 3221 1902 ἄνθρωπος.
3266 1828 3374 1881 Καὶ
3414 1824 3556 1882 τοῦτ’
3591 1824 3743 1876 ἔστιν

2179 1937 2213 2006 ἡ
2238 1933 2359 1988 καθ’
2395 1932 2693 1987 ὑπόστασιν
2722 1929 2941 1991 ἓνωσις,
2993 1923 3138 1978 τοῦτ’
3190 1922 3337 1975 εστιν
3372 1921 3403 1989 ἡ
3438 1916 3747 1986 ἀμφύπαρο

2180 2046 2307 2089 κτος
2334 2025 2442 2079 τῶν
2465 2021 2793 2093 ὲτερουσίων
2824 2019 2944 2071 κατ’
2972 2016 3134 2069 ac.ch
3165 2011 3458 2081 συνδρομή.
3490 2009 3627 2063 Καθ’
3680 2008 3744 2059 ὃν

2180 2113 2363 2167 τοίνυν
2391 2111 2599 2179 τρόπον
2627 2107 2821 2179 ἀθρόον
2882 2104 3136 2173 ἀλλήλοις
3169 2102 3226 2154 ὲν
3261 2100 3326 2169 τῇ
3395 2097 3578 2167 μήτρᾳ
3620 2095 3750 2148 σύν-

2180 2206 2435 2275 τρέχουσι
2468 2202 2527 2253 τό
2556 2216 2615 2251 τε
2659 2178 2817 2267 σῶμα
2852 2194 3005 2263 καὶὴ
3045 2192 3210 2263 ψυχὴ,
3268 2191 3412 2244 κατά
3462 2188 3551 2242 τὸν
3582 2186 3748 2240 αὐτὸν

2183 2296 2339 2357 αὖθις
2367 2293 2560 2363 ἀθρόον
2608 2289 2853 2357 ἀλλήλων
2881 2287 3179 2340 διίστανται
3215 2281 3353 2336 κατά
3405 2297 3467 2349 γε
3501 2278 3595 2332 τὸν
3648 2276 3749 2330 τοῦ

2185 2385 2415 2440 θανάτου
2448 2380 2663 2450 καιρόν.
2701 2379 2762 2431 Ὀ
2796 2375 2976 2430 τοίνυν
3002 2373 3251 2442 οἰόμενος
3280 2371 3379 2441 τὴν
3408 2367 3585 2439 ψυχὴν
3605 2366 3750 2420 κατὰ

2188 2475 2360 2549 βραχὺ
2397 2472 2490 2527 τοῦ
2542 2472 2790 2540 σώματος
2821 2467 3203 2535 ὑπαναχωρεϊν
3257 2466 3315 2517 ὲν
3351 2461 3428 2532 τῷ
3459 2457 3750 2519 τοῦνθανά-

2186 2587 2280 2623 του
2319 2566 2496 2636 καιρῷ
2525 2564 2613 2617 διὰ
2641 2562 2701 2615 τδ
2749 2558 3089 2628 κατεψῦχθαί
3127 2574 3190 2609 τε
3245 2555 3340 2608 καὶ
3400 2550 3751 2605 παντάπασιν

2188 2660 2534 2730 ἀναισθητεῖν
2570 2657 2640 2708 τὰ
2668 2654 2810 2724 ἄκρα
2834 2653 2943 2705 τῶν
2981 2651 3055 2722 μὴ
3085 2650 3319 2716 ἐξάπινα
3348 2644 3743 2705 τελευτώντων,

2187 2754 2377 2824 ὥσπερ
2424 2749 2530 2803 ἀπὸ
2567 2747 2676 2801 τῶν
2707 2744 2963 2817 περάτων
3012 2742 3105 2796 τοῦ
3156 2740 3408 2809 σώματος
3441 2736 3750 2809 ἀρχομένης

2188 2845 2361 2916 αὐτῆς
2390 2840 2777 2896 συστέλλεσθαι
2808 2837 2901 2891 καὶ
2928 2839 3070 2890 κατά
3108 2835 3272 2904 μέρος
3307 2829 3630 2895 ἑλίττεσθαι,
3661 2828 3751 2881 ἵνα

2190 2905 2411 2989 ἐπειδὰν
2446 2933 2543 3003 ὅλη
2576 2930 2711 3002 πρὸς
2738 2928 2837 2998 τὴν
2903 2926 3137 2996 καρδίαν
3184 2920 3546 2994 συσπειραθῇ,
3584 2921 3610 2971 6
3636 2935 3751 2971 τοι·
3794 2905 3800 2909 ’

513 3044 608 3082 cor
642 3035 747 3080 tota
772 3026 998 3081 collecta
1038 3023 1222 3084 fuerit.
1278 3021 1459 3075 subito
1514 3019 1641 3074 inde
1671 3017 1906 3079 eiiietur.
1958 3030 2079 3070 om-

2190 3027 2340 3089 οὗτος
2369 3026 2685 3095 nudantur
2734 3024 2793 3075 ού
2834 3020 2940 3090 γὰρ
3001 3017 3177 3080 οὕτως
3220 3016 3353 3086 ἔχει,
3398 3012 3511 3068 ἀλλ’
3562 3008 3752 3077 ὥσπερ

515 3119 649 3172 nino
680 3118 727 3171 is
760 3118 1021 3186 Opinione
1065 3130 1163 3169 sua
1221 3114 1452 3171 fallitur.
1508 3110 1721 3178 Quippe
1776 3123 1865 3161 res
1909 3121 1976 3160 eo
2025 3119 2086 3160 se

514 3219 676 3277 pacto
701 3224 811 3262 non
848 3208 1032 3271 habet,
1061 3207 1155 3260 sed
1181 3202 1637 3274 quemadmodum
1660 3200 1796 3253 citra
1826 3195 2087 3267 temporis

519 3299 869 3353 intervallum
898 3298 1078 3352 elucet
1105 3297 1286 3349 anima
1325 3295 1380 3347 in
1431 3306 1682 3360 corpore,
1733 3289 1865 3344 solis
1914 3289 2089 3342 instar

519 3401 646 3440 aera
682 3388 865 3441 subito
890 3384 1284 3450 collustrantis,
1336 3382 1529 3437 eodem
1580 3379 1742 3434 modo
1767 3379 1931 3432 etiam
1965 3377 2089 3431 inde

521 3476 720 3530 avolat.
751 3476 1115 3541 Quamobrem
1149 3489 1248 3529 nec
1275 3474 1607 3534 extenditur,
1644 3482 1702 3524 ut
1727 3469 1981 3539 superius
2006 3469 2091 3520 in-

523 3571 862 3636 dicabamus,
924 3582 1026 3622 nec
1055 3566 1461 3621 dimensionem
1520 3561 1802 3616 admittit:
1855 3560 1950 3616 sed
1983 3567 2094 3613 tota

527 3668 699 3714 totum
726 3673 926 3729 corpus
955 3658 1204 3712 animans
1232 3655 1593 3712 nihilominus
1644 3653 1994 3722 peculiariter
2027 3666 2093 3705 ex

527 3765 587 3804 se
620 3750 891 3805 consistit.
933 3748 1071 3814 Quid
1107 3756 1192 3802 est
1219 3757 1401 3802 autem
1423 3746 1566 3816 quod
1597 3745 1905 3800 extenditur
1933 3742 2091 3797 simul

527 3858 650 3896 cum
680 3856 911 3908 corpore
942 3850 996 3895 et
1031 3841 1209 3911 ipsum
1237 3838 1491 3893 animat?
1551 3839 1758 3892 Natura
1793 3843 1848 3890 et
1872 3834 1981 3888 vita
2016 3850 2096 3887 ra-

530 3931 697 3987 tionis
730 3947 944 4001 expers.
978 3931 1164 4001 Neque
1196 3931 1423 3987 decebat
1447 3930 1502 3984 in
1529 3942 1715 3983 crasso
1740 3925 1943 3980 versari
1974 3941 2096 3980 cor-

530 4038 662 4092 pore
713 4024 971 4089 animatn,
1028 4024 1235 4092 absque
1294 4022 1474 4076 medio
1535 4019 1773 4091 quodam
1833 4018 2098 4073 extremis

534 4127 783 4188 cognato.
817 4117 932 4186 Ipsa
971 4117 1189 4186 quidem
1250 4125 1379 4171 ante
1432 4116 1857 4185 exspiratiouem
1888 4120 2102 4182 postre-

536 4224 680 4263 mam
714 4224 819 4262 una
871 4224 993 4262 cum
1053 4209 1488 4263 extremitatibus
1549 4207 1933 4283 exstinggitur,
1990 4218 2101 4258 non

533 4300 659 4354 inde
685 4300 882 4369 migrat
911 4319 924 4352 :
952 4300 1093 4352 foret
1122 4301 1266 4353 enim
1308 4299 1648 4363 immortalis,
1671 4299 1715 4351 si
1744 4297 1810 4351 ad
1841 4311 1898 4350 se
1926 4296 2100 4364 ipsam

2190 3116 2429 3187 ἁχρόνως
2460 3114 2760 3183 ἐπιλάμπει
2788 3110 2864 3178 τῷ
2907 3110 3117 3177 σώματι
3158 3107 3310 3177 δίκην
3339 3104 3491 3175 ἡλίου
3523 3101 3756 3166 ἐξάπινα

2188 3206 2279 3261 τὸν
2302 3207 2441 3278 ἀέρα
2470 3204 2965 3272 καταφωτίζοντος,
3001 3199 3144 3255 κατὰ
3166 3199 3258 3251 τὸν
3292 3196 3458 3250 αὑτὸν
3486 3194 3641 3261 λόγον
3660 3192 3759 3245 καὶ

2192 3299 2402 3352 ἐκεῖθεν
2428 3298 2755 3365 ἀφίπταται.
2804 3295 3014 3348 Ούκουν
3043 3291 3347 3345 ἐκτείνεται
3401 3288 3579 3348 τοῦτο,
3608 3286 3755 3338 καθά

2191 3390 2397 3445 ἄνωθεν
2427 3389 2675 3456 εἴπομεν,
2709 3385 2830 3439 οὐδὲ
2862 3385 3157 3447 διίσταται,
3193 3381 3329 3435 ἀλλά
3384 3380 3481 3432 καὶ
3516 3378 3637 3430 ὅλον
3683 3375 3758 3429 δι’

2192 3482 2313 3535 ὅλου
2339 3481 2585 3551 ψ’)χοῦσα
2616 3479 2768 3533 οὐδὲν
2798 3474 2960 3550 ἧττον
2993 3476 3080 3545 ἐφ’
3107 3473 3303 3544 ἑαυτῆς
3343 3472 3565 3539 ἔστηκε.
3596 3470 3661 3522 Τί
3692 3470 3752 3521 δέ

2193 3573 2309 3623 ἐστι
2332 3570 2391 3623 τὸ
2422 3567 2887 3637 συνεκτεταμένον
2915 3565 2993 3635 τῷ
3019 3561 3231 3635 σώματι
3258 3562 3354 3615 καὶ
3381 3560 3552 3623 ζωούν
3582 3558 3711 3609 αύτὸ
3736 3574 3754 3623 ;

2207 3659 2269 3713 ἸΙ
2305 3661 2465 3731 φύσις
2494 3660 2588 3711 καὶ
2617 3661 2649 3729 ἡ
2682 3657 2871 3726 ἄλογος
2902 3656 3040 3726 ζωὴ.
3070 3653 3205 3707 Οὐδὲ
3239 3653 3347 3723 γὰρ
3382 3648 3449 3721 ἦν
3484 3650 3761 3718 εὐπρεπὲς

2194 3750 2272 3821 τῷ
2298 3751 2464 3819 παχεῖ
2494 3747 2896 3817 προσομιλῆσαι
2931 3746 3149 3815 σώματι
3180 3744 3278 3814 τὴν
3312 3742 3489 3813 ψυχὴν
3517 3740 3647 3793 ἀνευ
3675 3757 3759 3791 τι-

2196 3842 2284 3907 νὸς
2318 3840 2633 3913 προσφυοῦς
2691 3842 2800 3901 τοῖς
2834 3837 3024 3909 ἄκροις
3076 3836 3392 3906 μεσότητος.
3445 3833 3553 3886 Καὶ
3616 3830 3759 3893 αὓτη

2201 3935 2302 4005 μὲν
2330 3935 2438 4005 πρὸ
2466 3934 2566 4003 τῆς
2601 3930 2897 3992 παντελοῦς
2954 3926 3349 3989 ἀποπνεύσεως
3399 3927 3512 3987 τοῖς
3576 3925 3762 3994 ἀκρω-

2198 4027 2406 4096 τηρίοις
2442 4023 2962 4086 συναποσὸἑννυται,
2995 4021 3055 4071 ού
3093 4019 3199 4090 μὴν
3229 4017 3433 4070 ίκεῖθεν
3468 4016 3759 4086 ὑποχωρεῖ.

2200 4113 2311 4171 Ἦν
2345 4118 2453 4188 γὰρ
2488 4117 2554 4172 ἂν
2588 4112 2854 4177 ἀθάνατος
2908 4112 3316 4183 ὲπανερχομένη
3356 4110 3494 4180 πρὸς
3540 4107 3761 4177 ἑαυτήν.

2217 4208 2282 4261 Ἦ
2305 4207 2361 4260 δέ
2393 4224 2455 4275 γε
2484 4206 2632 4276 ψυχὴ
2665 4204 2762 4258 τοῦ
2798 4204 2963 4275 μέσου
2988 4203 3183 4255 τούτου
3238 4200 3437 4269 δεσμοῦ
3486 4198 3765 4252 διαλυθέν-

2204 4316 2315 4363 τος,
2356 4298 2544 4367 ὥσπερ
2570 4300 2625 4351 ἑν
2658 4295 2915 4367 ἀτόμῳῆ
2966 4297 3101 4366 ῥιπῇ
3148 4289 3456 4363 ὀφθαλμοῦ,
3515 4293 3542 4345 ὃ
3601 4308 3770 4360 φησιν

532 4389 907 4461 colligeretur.
939 4390 1008 4444 At
1036 4390 1139 4445 hoc
1172 4390 1499 4445 intermedio
1532 4387 1751 4442 vinculo
1806 4386 2085 4450 dissoluto1

2202 4388 2554 4451 Ἀπόστολος,
2622 4386 2716 4441 τοῦ
2778 4386 3028 4456 σώματος
3088 4385 3275 4451 ἔξεισι.
3352 4383 3460 4437 Καὶ
3530 4382 3770 4436 τοσαῦτα

537 4489 790 4551 tanquam
834 4481 886 4536 in
918 4481 1099 4551 spatio
1135 4481 1394 4547 temporis
1451 4476 1771 4546 impartibili
1826 4475 1909 4529 vel
1956 4473 2098 4527 oculi

537 4584 837 4637 momento,
896 4573 1037 4626 sicut
1062 4572 1354 4640 Apostolus
1410 4570 1672 4635 loquitur,
1700 4568 1880 4619 anima
1922 4582 1953 4618 e
1980 4580 2100 4619 cor-

540 4679 668 4732 pore
695 4663 947 4716 discedit.
979 4661 1039 4713 Et
1070 4662 1333 4713 hactenus
1351 4659 1567 4724 quidem
1587 4656 1655 4709 de
1684 4656 1865 4709 anima
1894 4657 2098 4709 dictum

536 4768 595 4806 es
602 4763 676 4807 ιο.

609 4840 795 4894 Fuerit
827 4847 1010 4894 autem
1045 4839 1278 4904 pretium
1340 4851 1521 4906 operae
1581 4834 1833 4888 nonnihil
1888 4850 1987 4888 nos
2038 4834 2102 4889 iis

539 4931 703 4986 etiam
740 4931 1016 4985 immorari
1045 4945 1165 4999 quae
1191 4930 1258 4984 de
1285 4944 1514 4998 corpore
1543 4927 1761 4997 quidam
1813 4927 1940 4981 olim
1996 4926 2105 4981 dis-

542 5033 869 5087 seruerunt;
914 5022 1073 5091 idque
1104 5021 1171 5075 de
1220 5037 1382 5075 causa
1428 5020 1767 5088 potissimum
1819 5034 1903 5083 ea,
1964 5019 2105 5085 quod

542 5127 638 5181 pro
661 5113 1016 5181 dispositione
1042 5112 1286 5181 corporis
1315 5122 1371 5166 et
1395 5110 1683 5165 affectione
1735 5111 1913 5160 anima
1970 5124 2107 5175 quo-

539 5219 647 5273 que
694 5206 1043 5258 consueverit
1099 5217 1285 5273 agere.
1347 5200 1479 5256 Nam
1525 5200 1978 5269 quemadmodum
2027 5198 2108 5253 sol

544 5315 654 5368 pro,
695 5299 839 5352 aeris
901 5300 1017 5351 sive
1083 5298 1332 5351 crassitie
1401 5294 1519 5349 sive
1577 5292 1875 5347 subtilitate
1930 5292 2108 5345 radios

542 5389 705 5451 etiam
734 5390 798 5443 ad
831 5405 930 5443 nos
960 5390 1204 5443 diversos
1237 5387 1460 5452 emittit,
1488 5387 1566 5439 sic
1595 5393 1649 5438 ct
1678 5387 1855 5437 anima
1890 5383 1941 5436 vi
1963 5399 2108 5454 prm-

544 5476 655 5529 dtta
686 5475 1064 5546 intelligentia:
1096 5489 1193 5544 pro
1245 5474 1591 5537 instrumenti
1626 5474 1919 5528 alfeetionc
1954 5464 2108 5525 su'am

546 5564 920 5620 etiicacitatem
955 5565 1218 5619 declarat.
1285 5563 1424 5617 llinc
1450 5565 1718 5633 quosdam
1767 5578 1888 5615 esse
1931 5562 2108 5613 fatuus

550 5654 814 5720 videmus,
840 5657 1102 5723 quosdam
1130 5673 1235 5712 non
1261 5656 1386 5712 item
1412 5673 1425 5722 ;
1476 5657 1601 5711 hinc
1634 5656 1767 5707 alios
1798 5653 2111 5707 somnolen-

2202 4481 2301 4550 μὲν
2355 4481 2381 4532 6
2433 4480 2590 4547 λόγος
2640 4480 2745 4550 ἥδη
2800 4478 3043 4547 διείληφε
3107 4476 3234 4546 περὶ
3292 4475 3461 4544 αὐτῆς
3520 4473 3613 4543 τῆς
3661 4474 3767 4541 ψυ-

2199 4575 2321 4641 xii;-

2275 4831 2602 4897 Ἀναγκαῖον
2674 4827 2730 4881 δὲ
2778 4826 3195 4897 προσδιατριψαι
3248 4823 3443 4894 μικρὶν
3505 4824 3598 4876 καὶ⁵
3660 4826 3768 4885 τοῖς

2206 4923 2440 4975 ἔκπαλαι
2496 4922 2623 4991 περὶ
2677 4921 2842 4973 αὑτοῦ
2876 4918 3317 4989 φυσιολογηθεῖσι
3353 4918 3447 4968 τοῦ
3496 4917 3769 4984 σώματος.

2206 5015 2360 5076 Τίνος
2399 5013 2585 5065 ἕνεκεν
2614 5030 2627 5077 ;
2663 5012 2785 5065 ’Ότι
2810 5012 2949 5064 κατά
2978 5011 3082 5080 τὴν
3114 5007 3278 5063 αὐτοῦ
3309 5007 3550 5060 διάθεσιν
3579 5006 3768 5057 εἴωθεν

2208 5107 2411 5176 ἡψυχὴ
2441 5108 2708 5176 ἐνεργεῖν.
2766 5103 3033 5170 Καθάπερ
3068 5104 3175 5169 γὰρ
3226 5102 3253 5152 6
3308 5098 3561 5169 λαμπρὸς
3612 5091 3768 5158 οὗτος

2207 5200 2355 5270 ἥλιος
2380 5198 2518 5251 κατά
2544 5197 2641 5266 τὴν
2676 5195 2768 5247 τοῦ
2816 5194 2975 5262 ἀέρος
3016 5193 3124 5244 εἴτε
3179 5191 3471 5260 παχύτητα
3522 5190 3629 5240 εἴτε
3684 5188 3773 5238 λε-

2216 5292 2452 5360 πτότητα
2486 5288 2620 5358 πρὸς
2656 5288 2806 5357 ἡμᾶς
2838 5285 2935 5346 τὰς
2970 5285 3191 5345 ἀκτῖνας
3225 5282 3473 5351 ἀφίησιν,
3505 5280 3645 5333 οὕτω
3676 5280 3772 5330 καὶ

2211 5383 2371 5448 νοερά
2395 5378 2539 5447 ψυχὴ
2572 5378 2712 5428 κατὰ
2740 5377 2839 5444 τὴν
2886 5374 3115 5443 ὀργάνου
3154 5372 3393 5425 διάθεσιν
3443 5371 3545 5441 τὴν
3568 5367 3775 5433 ἑαλτῆς

2210 5473 2492 5540 ἐνέργ;ιαν
2548 5468 2842 5519 δείκνυσιν.
2914 5462 3190 5517 Ἐντεῦθεν
3226 5467 3324 5518 καὶ
3363 5465 3555 5532 ’μωρόν
3625 5462 3772 5512 ἐστιν

2214 5563 2340 5615 ἰδεῖν
2376 5560 2468 5611 καὶ
2511 5559 2583 5629 μὴ
2614 5553 2878 5619 τοιοῦτον,
2913 5552 3155 5624 ὑπνηλὸν
3207 5553 3302 5605 καὶ
3335 5552 3626 5620 γρήγορον,
3674 5547 3776 5597 θυι

2218 5647 2366 5718 μὼδη
2420 5648 2512 5699 καὶ
2564 5647 2761 5717 πρᾶον,
2835 5642 3078 5713 ἀνδρήῖον
3127 5641 3218 5695 καὶ
3272 5640 3465 5707 δειλὸν,
3520 5640 3613 5691 καὶ
3674 5636 3778 5688 6:1
