4062 6186
347 224 446 303 157

1581 237 1991 297 ANNALIUM
2033 239 2225 294 l’AllS
2267 239 2310 295 Ι.

3480 246 3502 302 1
3520 247 3580 298 Ῐιὸ

347 357 596 412 τοιαῦτα.
643 356 754 410 Καὶ
789 356 863 426 μὴ
918 355 1084 431 μῦθον
1135 353 1375 425 ἠγοῦτά
1427 353 1736 422 λεγόμενα·
1775 350 1917 421 ἔχεις

2031 359 2128 414 tos,
2159 348 2295 402 alios
2330 345 2653 415 vigilantes;
2681 346 2817 402 alios
2855 349 3169 411 iracundos,
3224 350 3360 405 alios
3389 351 3583 417 mites;

350 457 456 519 γὰρ
481 451 574 502 τὸν
597 449 849 520 Σιναῖτην
872 448 1013 501 θεῖον
1053 449 1403 500 Ἀναστάτιον
1433 445 1661 513 λέγοντα
1701 443 1778 512 μὴ
1824 442 1915 495 τὸν

349 544 481 595 Θεὸν
512 538 657 594 εἶναι
708 541 817 593 τῶν
845 539 1101 593 τοιούτων
1128 540 1322 601 αἴτιον,
1376 537 1547 607 αὐτὴν
1590 537 1647 589 δὲ
1714 536 1917 605 μᾶλλον

349 634 445 702 τὴν
478 631 644 700 φύσιν
668 634 763 685 καὶ
794 633 890 703 τὴν
927 631 1037 683 τῶν
1068 631 1353 699 τεσσάρων
1388 628 1671 697 στοιχείων
1697 627 1917 697 συνδρο-

352 725 460 793 μὴν
492 722 591 775 καὶ
612 723 952 777 συνέλευσιν.
987 724 1087 775 ’Ἂν
1120 723 1231 792 γὰρ
1263 720 1804 807 εὑρεθῇπλημμύρα
1822 718 1916 770 τοῦ

349 816 555 884 θερμοῦ
588 816 853 883 στοιχείου
882 818 939 867 ὲν
963 818 1029 883 τῇ
1064 815 1184 884 ὥρᾳ
1208 814 1311 881 τῆς
1363 812 1456 865 τοῦ
1512 812 1746 882 βρέφους
1791 810 1917 862 συλ-

352 904 588 971 λήψεως,
620 903 830 972 θερμῆς
891 903 1142 972 κράσεως
1187 904 1247 955 τὸ
1297 904 1618 972 τικτόμενον
1669 902 1914 970 γίνεται·

349 995 442 1049 ἐὰν
469 996 525 1046 δὲ
555 995 613 1047 τδ
642 995 854 1065 ψυχρὸν
887 996 1352 1065 καθυπερτερὴσῃ
1393 995 1679 1063 στοιχεῖον,
1711 994 1919 1061 ψυχροο

349 1085 512 1149 τέρας
548 1083 714 1146 ἕξεως
760 1082 1077 1152 εὑρίσκεται
1141 1084 1201 1135 τὸ
1244 1083 1585 1153 τικτόμενον.
1637 1082 1918 1135 Ἐντεῦθεν

348 1173 535 1224 λοιπὸν
564 1175 592 1226 ὅ
630 1190 691 1225 τε
724 1172 983 1249 θυμώδης
1022 1174 1114 1225 καὶ
1149 1176 1176 1226 6
1210 1176 1403 1241 πρᾶος,
1452 1174 1479 1224 6
1526 1174 1773 1241 ἀνδρεῖος
1825 1174 1917 1225 καὶ

347 1263 538 1324 δειλός.
572 1265 681 1316 Καὶ
705 1265 806 1331 ὅρα
847 1264 939 1317 τὸν
1007 1264 1102 1317 σῦν
1142 1267 1236 1318 καὶ
1285 1265 1376 1318 τὸν
1427 1265 1646 1331 ἔλαφον,
1681 1265 1773 1317 τὸν
1822 1266 1920 1333 μὲν

350 1357 487 1423 πρὸς
521 1354 760 1424 πόλεμον
781 1354 1006 1424 ἕτοιμον
1037 1355 1125 1408 διά
1159 1355 1495 1425 θερμότητα,
1556 1355 1650 1408 τὸν
1702 1354 1759 1406 δὲ
1822 1355 1920 1421 τὴν

352 1447 533 1513 μάχην
598 1444 870 1511 φεύγοντα
948 1444 1034 1497 διὰ
1096 1446 1195 1514 τὴν
1258 1448 1321 1497 ὲκ
1380 1445 1718 1515 ψυχρότητος
1770 1442 1919 1511 αύτῴ

352 1533 665 1600 προσοῦσαν
696 1533 923 1585 δειλίαν.
976 1534 1104 1586 Ἐὰν
1132 1534 1188 1585 δὲ
1246 1535 1305 1585 τὸ
1359 1534 1522 1603 ξηρὸν
1566 1534 1920 1604 ύπερτερὴσῃ

351 1627 644 1692 στοιχεῖον,
689 1626 955 1694 νηφάλιον
981 1643 1104 1680 τινα
1161 1625 1257 1679 καὶ
1299 1627 1575 1696 γρὴγορον
1637 1626 1919 1678 ἀποτίκτει

348 1712 656 1781 ἄνθρωπον.
694 1714 813 1781 Ἐφ’
836 1708 879 1781 ᾧ
913 1716 1006 1767 καί
1034 1733 1118 1779 τις
1141 1716 1320 1782 σοφὸς,
1354 1711 1397 1784 ᾧ
1420 1716 1591 1786 ὄνομα
1630 1714 1918 1784 Ἡράκλει-

346 1819 456 1863 τος,
496 1804 670 1869 ἔλεγε,
714 1823 730 1854 ι
759 1804 905 1874 ψυχὴ
935 1805 1202 1874 ξηροτὲρη
1230 1807 1534 1883 σοφωτέρη,
1575 1827 1593 1859 ι
1626 1806 1804 1876 ψυχὴν
1828 1806 1917 1857 ὲν-

347 1894 522 1945 ταῦθα
558 1896 658 1963 τὴν
692 1894 788 1947 τοῦ
824 1896 1127 1964 ἐγκεφάλου
1178 1880 1414 1960 καλέσας
1457 1899 1664 1951 οὖσίαν.
1703 1898 1831 1950 Ἐὰν
1863 1896 1920 1948 δὲ

348 1984 410 2034 τὸ
447 1983 615 2051 ὑγρὸν
654 1984 923 2055 πλεονάσῃ
955 1987 1236 2055 στοιχεῖον.
1275 1987 1479 2057 νωθρόν
1507 2004 1628 2039 τινα
1656 1989 1799 2038 ποιεῖ
1828 1986 1921 2038 καὶ

348 2073 691 2142 δυσκὶνητον.
737 2074 893 2128 Κατὰ
926 2076 1096 2129 ταῦτα
1142 2076 1380 2145 λοιπὸνὴ
1413 2080 1476 2129 ὲκ
1506 2078 1721 2146 φύσεως
1754 2075 1925 2145 πραό-

347 2180 450 2229 της
501 2164 766 2233 φρόνησίς
805 2183 863 2217 τε
914 2168 1008 2219 καὶ
1050 2168 1368 2237 σωφροσύνη
1416 2169 1514 2220 οὐκ
1566 2170 1757 2234 ἀρεταὶ
1811 2169 1921 2229 τοῖς

351 2254 518 2316 θείοις
539 2255 787 2325 Πατράσι
809 2257 1106 2325 κρίνονται,
1137 2258 1344 2326 φυσικά
1372 2259 1425 2310 δὲ
1451 2258 1921 2326 πλεονεκτήματα.

352 2346 461 2397 Καὶ
495 2346 770 2415 πρόσσχες
800 2348 950 2416 αὐτῷ
1000 2350 1077 2418 τῷ
1123 2349 1342 2418 μεγάλῳ
1380 2349 1644 2417 Βασιλείῳ
1677 2348 1920 2415 λέγοντιο

360 2456 379 2488 «
422 2438 658 2495 Πολλοὺς
693 2438 865 2505 ἔγνων
897 2439 1056 2507 φύσει
1096 2439 1389 2509 μισοῦντας
1412 2440 1469 2491 τὸ
1503 2439 1793 2508 μίγνυσθαι
1824 2454 1924 2506 γυ-

352 2530 525 2581 ναικί.
551 2524 678 2597 ⁷Δρ’
709 2526 803 2583 νῦν
850 2529 1133 2600 σώφρονας
1168 2532 1364 2593 αὐτοὺς
1402 2530 1782 2600 ὀνομάσομενς
1817 2532 1925 2584 06-

351 2618 575 2687 δαμῶς·
620 2620 946 2689 σωφροσύνη
973 2620 1082 2689 γάρ
1106 2622 1252 2673 ἐστιν
1278 2621 1415 2688 αὑτὴ
1451 2622 1482 2690 ἠ
1513 2622 1802 2689 ἐγκράτεια
1832 2621 1925 2673 καὶ

352 2711 417 2760 τὸ
449 2709 760 2779 μαχόμενον
788 2712 1170 2780 περιγενέσθαι
1199 2712 1309 2764 τῶν
1329 2711 1549 2782 ἡδονῶν.
1595 2731 1612 2764 ι
1656 2713 1764 2766 Καὶ
1797 2713 1925 2784 περὶ

357 2802 459 2871 μὲν
482 2801 692 2857 τούτων
712 2803 906 2867 οὕτως.

538 3157 681 3224 Περὶ
712 3157 851 3213 τοῦ·
894 3176 913 3210 ι
965 3162 1318 3233 Ποιήσωμεν
1353 3165 1687 3235 ἄνθρωπον.
1729 3186 1747 3219 ι

434 3248 533 3299 Διά
564 3249 614 3300 τί
642 3249 697 3302 δὲ
722 3250 971 3306 πλάττων
996 3255 1024 3307 6
1051 3254 1181 3317 Θεὸς
1213 3257 1303 3309 τὸν
1332 3257 1617 3326 ἄνθρωπον
1643 3260 1741 3311 οὐκ
1771 3256 1931 3310 ἔλαϐε

365 3341 561 3407 βῶλον,
593 3340 728 3397 ἀλλὰ
777 3344 904 3415 χοῦν
945 3346 1006 3399 τὸ
1029 3347 1390 3412 λεπτότατον;
1427 3351 1562 3419 ὁμοῦ
1605 3350 1703 3419 μὲν
1725 3352 1788 3402 ἐκ
1810 3351 1932 3403 τού⁴

363 3451 459 3485 του
484 3436 579 3487 καὶ
614 3436 674 3488 τὸ
707 3436 935 3506 φύσημα
962 3439 1345 3492 καταστέλλων
1373 3439 1549 3508 ἡμῶν,
1580 3439 1713 3509 ὁμοῦ
1743 3441 1795 3492 δὲ
1840 3441 1933 3492 καὶ

362 3525 537 3587 διδοὺς
592 3524 844 3579 ἐντεῦθεν
892 3527 1083 3580 ἐλπίδα
1143 3529 1243 3598 τῆς
1294 3530 1666 3593 ἀναστάσεως.
1718 3532 1933 3602 Ἐπειδὴ

368 3616 592 3686 προῄδει
648 3618 728 3669 ὅτι
775 3618 959 3685 μέλλει
1004 3620 1264 3691 τελευτᾷν
1310 3622 1371 3673 τὸ
1403 3621 1542 3684 ζῶον
1574 3622 1669 3674 καὶ
1699 3622 1775 3683 είς
1806 3624 1934 3690 χοῦν

370 3707 666 3777 καταντᾷν,
704 3708 989 3776 προλαὸὼν
1038 3711 1094 3764 ὲν
1138 3713 1204 3780 τῇ
1259 3712 1593 3781 δημιουργίᾳ
1615 3713 1714 3782 τὴν
1744 3713 1935 3765 ἐλπίδι

365 3798 464 3860 τῆς
491 3798 841 3861 ἀναστάσεως
869 3800 1072 3855 δίδωσι.
1094 3802 1377 3871 Λαμὸάνει
1406 3802 1532 3872 χοῦν
1558 3804 1666 3856 ἀπὸ
1690 3804 1787 3873 τῆς
1808 3804 1933 3874 γῆς.

371 3888 434 3939 ἶν’
459 3890 590 3941 ὅταν
620 3888 738 3959 ἴδῃς
766 3891 824 3941 ἐν
850 3890 1009 3961 τάφῳ
1039 3892 1189 3961 χοῦν,
1225 3892 1368 3962 γνῷς
1405 3894 1488 3946 ὅτι
1513 3895 1541 3946 6
1565 3896 1775 3948 ἐκεῖνον
1805 3894 1937 3946 πλά-

372 3995 467 4041 σας
498 3981 591 4032 καὶ
622 3981 811 4035 τοῦτον
853 3983 1156 4052 ἀνίστησιν.
1200 3983 1361 4036 Ἀλλὰ
1414 3985 1507 4038 καὶ
1551 3985 1695 4048 τίνος
1728 3986 1933 4053 ἕνεκεν,

375 4070 673 4140 ἐπιζητεῖς,
706 4072 930 4126 διπλοῦν
973 4076 1197 4128 πλάττει
1221 4076 1312 4128 τὸν
1341 4075 1626 4146 ἄνθρωπον
1647 4078 1711 4130 ἐκ
1743 4095 1801 4131 τε
1833 4078 1938 4147 ψυ-

374 4161 473 4231 κῆς
502 4166 694 4233 νοερᾶς
718 4168 813 4219 καλ⁸
845 4166 1125 4236 σώματος;
1155 4167 1317 4221 Ὥστε
1350 4168 1644 4237 σύνδεσμον
1668 4165 1811 4223 εἶναι
1843 4169 1937 4223 τοῦ

379 4270 433 4305 τε
466 4257 659 4325 νοητοῦ
702 4258 907 4326 κόσμου
939 4260 1032 4313 καὶ
1068 4260 1162 4314 τοῦ
1187 4260 1471 4328 αἰσθητοῦ.
1512 4261 1732 4333 Ἐπειδὴ
1755 4263 1862 4333 γὰρ
1889 4263 1938 4316 oi

379 4343 467 4396 δύο
495 4348 688 4417 κόσμοι
714 4344 862 4403 οῦτοι
884 4353 948 4419 τῇ
992 4352 1152 4421 οὐσίᾳ.
1187 4353 1556 4422 διεστήκασιν,
1594 4354 1679 4405 ἴνα
1714 4356 1788 4423 μὴ
1819 4354 1937 4407 δια-

2015 439 2151 492 alios
2175 436 2363 500 fortes,
2383 438 2516 491 alios
2542 438 2760 493 timidos
2782 440 3011 509 :quibus
3039 441 3147 511 74
3164 441 3299 495 adde
3323 456 3442 509 quae
3462 453 3588 497 sunt

2017 530 2136 598 ejus
2170 531 2385 599 generis
2417 531 2545 583 alia.
2573 529 2685 585 Nec
2716 547 2817 600 pro
2848 532 3048 587 fabulis
3080 534 3309 588 Ine'ctibi
3336 535 3588 589 ducenda

2018 630 2166 675 sunt.
2198 620 2411 691 Quippe
2446 623 2526 675 vir
2561 623 2817 690 eximius,
2863 626 3181 679 Anastasius
3215 626 3476 692 Sinaites,
3514 629 3590 679 ait

2021 712 2187 767 Deum
2212 728 2322 767 non
2353 728 2473 768 esse
2506 714 2693 767 talium
2732 724 3032 780 auctorem,
3071 719 3163 772 sed
3209 718 3377 786 ipsam
3408 719 3587 788 potius

2018 813 2263 857 naturam
2295 814 2347 857 et
2381 804 2774 859 elementorum
2801 816 3037 875 quatuor
3066 823 3418 863 concursum.
3454 810 3584 863 Nam

2019 896 2065 949 si
2101 895 2355 949 elementi
2382 893 2541 949 calidi
2574 896 2905 950 abundantia
2940 908 3181 967 tempore
3209 901 3588 969 conceptionis

2022 987 2347 1051 inveniatur,
2401 997 2886 1056 temperamentum
2921 1005 3137 1058 quoque
3170 992 3402 1046 calidum
3462 1008 3592 1047 con-

2020 1078 2265 1143 sequitur
2296 1078 2347 1131 id
2382 1080 2525 1147 quod
2557 1087 2667 1132 tum
2701 1079 2959 1149 gignitur.
2994 1080 3087 1134 Sin
3121 1082 3377 1135 clementi
3414 1084 3588 1151 frigidi

2019 1168 2103 1223 vis
2145 1170 2315 1238 major
2369 1169 2554 1234 fuerit,
2588 1170 2729 1226 fetus
2761 1172 2922 1224 etiam
2978 1173 3205 1241 frigidus
3254 1185 3590 1241 procreatur.

2024 1258 2227 1313 Eadem
2258 1261 2325 1314 de
2360 1276 2523 1315 causa
2554 1262 2637 1316 vel
2674 1263 2918 1317 iracundi
2954 1264 3035 1316 vel
3068 1264 3252 1328 mites,
3309 1265 3598 1339 velfortts

2021 1351 2105 1404 vel
2163 1350 2506 1407 formidolosi
2560 1353 2810 1408 homines
2862 1358 3178 1424 gignuntur.
3240 1357 3444 1423 Aprum
3511 1359 3595 1410 hic

2022 1441 2156 1494 mihi
2192 1457 2314 1495 cum
2352 1458 2515 1497 cervo
2551 1444 2785 1509 intuere,
2823 1461 3054 1509 quorum
3116 1448 3207 1500 ille
3264 1458 3481 1515 paratus
3506 1457 3590 1500 est

2020 1531 2089 1584 ad
2123 1546 2359 1600 pugnam
2396 1531 2464 1585 ob
2498 1532 2757 1593 calorem,
2789 1533 2878 1587 hic
2909 1549 3145 1602 pugnam
3181 1535 3502 1589 reformidat
3538 1544 3595 1589 ιιι

2025 1622 2161 1690 fugit
2191 1623 2260 1675 ob
2291 1637 2409 1675 eam
2456 1638 2617 1690 quam
2654 1624 2815 1677 habet
2858 1639 2922 1677 ex
2973 1624 3171 1690 [ligore
3227 1625 3592 1701 timiditatpm.

2023 1712 2222 1776 Quodsi
2252 1712 2613 1767 abundaverit
2641 1715 2769 1768 sicci
2818 1716 2898 1769 vis
2945 1716 3222 1778 elementi,
3281 1716 3445 1770 homo
3494 1734 3596 1772 εο-

2022 1803 2175 1856 brius
2211 1814 2373 1871 atque
2409 1804 2533 1872 vigil
2574 1815 2920 1871 procreatur.
2977 1807 3048 1858 De
3085 1820 3194 1874 quo
3222 1807 3436 1874 priscus
3468 1807 3595 1874 qui-

2022 1893 2145 1945 dam
2199 1892 2561 1962 philosophus
2612 1894 2914 1948 Heraclitus
2965 1897 3123 1959 dixit,
3179 1897 3439 1959 animam,
3483 1912 3595 1965 quo

2022 1984 2221 2040 siccior
2236 1984 2325 2050 sit,
2342 2001 2408 2039 eo
2426 1986 2812 2054 sapientiorem
2836 2004 2849 2050 ;
2865 1988 3067 2055 quibus
3085 1988 3137 2040 in
3162 1988 3343 2041 verbis
3359 1988 3592 2041 animam

2024 2086 2179 2130 vocat
2206 2076 2498 2131 essentiam
2530 2078 2757 2131 cerebri.
2808 2078 2864 2131 Si
2920 2078 3154 2147 denique
3203 2079 3359 2147 copia
3414 2079 3593 2148 frigidi

2024 2166 2275 2220 elementi
2295 2167 2653 2235 superaverit,
2672 2168 2905 2236 gignitur
2922 2168 3147 2234 ignavus
3168 2169 3383 2235 quidam
3408 2168 3594 2229 homo,

2023 2259 2224 2327 quique
2252 2258 2539 2312 diﬂiculter
2562 2259 2629 2312 ad
2665 2256 2932 2328 agendum
2967 2259 3282 2327 impellitur.
3314 2259 3431 2322 Quo
3458 2259 3514 2311 fit
3540 2269 3597 2311 ut

2025 2350 2320 2404 naturalem
2352 2350 2847 2413 mansuetmlinem,
2879 2351 3247 2417 prudentiam,
3288 2360 3599 2420 temperan~

2027 2440 2155 2494 tiam
2187 2456 2294 2493 non
2326 2441 2587 2495 virtutum
2644 2431 2762 2495 loco
2788 2440 2958 2494 divini
2994 2441 3178 2493 Patres
3214 2441 3467 2499 habeant,
3503 2441 3598 2491 sed

2025 2547 2146 2587 esse
2184 2533 2450 2586 naturalia
2478 2532 2722 2600 qmedam
2758 2532 3051 2598 beneficia,
3104 2533 3301 2601 quibus
3330 2531 3599 2583 excellant

2026 2624 2163 2678 alios
2188 2624 2299 2687 alii,
2326 2622 2860 2705 statuant.'Basilius
2892 2625 3020 2693 (μηδ
3070 2623 3238 2681 dicat.
3292 2621 3593 2675 advertite:

2032 2713 2258 2769 «Multos
2315 2714 2443 2767 novi
2487 2715 2578 2784 qui
2639 2730 2668 2767 a
2726 2724 2919 2768 natura
2977 2716 3290 2783 complexus
3331 2726 3599 2766 venereos

2027 2805 2212 2861 odere.
2268 2803 2406 2856 Nuiu
2446 2818 2543 2858 eos
2580 2813 2948 2874 temperantes
2999 2805 3352 2858 vocabimus?
3385 2801 3599 2870 Nequa-

2028 2910 2226 2965 quam;
2262 2909 2389 2947 nam
2426 2896 2787 2963 temperantia
2817 2905 2902 2949 est
2936 2897 3275 2949 continentia
3324 2896 3598 2965 qua-dam,

2030 3001 2133 3055 qua
2164 2986 2468 3055 voluptates
2504 2986 2788 3040 nobiscum
2829 2993 3135 3055 pugnantes
3163 2985 3484 3039 vincimus.»
3521 2986 3598 3038 Ac

1956 3098 2004 3159 ο
2031 3074 2097 3129 de
2121 3074 2207 3129 his
2230 3074 2445 3143 quidem
2477 3074 2580 3129 hoc
2608 3074 2771 3128 modo
2802 3074 3005 3128 dictum
3035 3083 3175 3128 esto.

2305 3169 2366 3220 In
2393 3166 2548 3229 illud,
2587 3164 2911 3218 «Faciamus
2933 3165 3194 3218 hominem
3213 3164 3313 3216 ⁸⁸.»

2108 3261 2217 3315 Cur
2250 3268 2432 3313 autem
2475 3259 2616 3313 Deus
2643 3259 2921 3312 hominem
2970 3271 3163 3312 creans
3216 3270 3327 3311 non
3363 3254 3596 3323 glebam,

2034 3352 2128 3406 sed
2165 3351 2464 3421 pulverem,
2497 3350 2588 3419 qui
2639 3359 2724 3403 est
2780 3349 3070 3404 admodum
3128 3358 3289 3403 tenue
3321 3348 3597 3421 quiddam,

2035 3420 2307 3511 sumpsit?
2338 3440 2605 3495 Nimirum
2638 3441 2742 3495 hoc
2765 3440 2927 3495 modo
2960 3441 3133 3495 voluit
3156 3438 3317 3492 simul
3375 3449 3485 3492 tum
3519 3420 3604 3490 in-

2034 3534 2307 3589 nationem
2332 3542 2573 3589 nostram
2609 3533 3002 3603 comprimere,
3042 3541 3153 3585 tum
3189 3530 3605 3585 resurrectionis

2036 3639 2188 3694 spem
2214 3623 2415 3678 facere.
2442 3623 2577 3677 Nam
2604 3625 2732 3693 quia
2754 3631 2912 3677 norat
2939 3621 3140 3675 animal
3174 3621 3278 3675 hoc
3332 3620 3602 3675 emoritu-

2038 3733 2158 3772 rum
2192 3726 2248 3771 et
2273 3717 2328 3770 in
2361 3717 2641 3786 pulverem
2666 3727 3033 3776 reversurum,
3088 3713 3205 3782 ipsa
3244 3715 3295 3765 in
3326 3712 3603 3765 creatione

2036 3810 2187 3864 velut
2210 3817 2561 3862 antevertens
2590 3822 2741 3876 spem
2782 3806 2943 3860 nobis
2990 3805 3058 3859 de
3092 3802 3494 3857 resurrectione
3529 3800 3608 3853 fa-

2037 3916 2162 3956 cere
2190 3900 2380 3954 voluit.
2449 3899 2633 3967 Itaque
2685 3897 2964 3967 pulverem
3022 3897 3089 3949 de
3125 3904 3266 3947 terra
3320 3893 3508 3954 sumit,
3546 3900 3605 3942 ut

2038 4007 2161 4047 cum
2196 3992 2473 4062 pulverem
2533 3992 2585 4042 in
2642 3988 2889 4057 sepulcro
2925 3984 3219 4055 conspicis,
3275 3982 3414 4035 scias
3475 3996 3601 4034 eum

2037 4082 2130 4152 qui
2168 4081 2440 4136 hominem
2468 4079 2711 4134 formarit
2736 4077 2913 4147 ipsum
2938 4076 3100 4129 etiam
3121 4072 3602 4128 recuscitaturum.

2041 4172 2315 4229 Fortassis
2350 4172 2513 4226 etiam
2556 4183 2770 4240 quaeres
2808 4166 3160 4237 quamobrem
3194 4164 3395 4218 crearit
3425 4163 3606 4217 homi-

2042 4280 2168 4320 nem
2208 4263 2503 4333 duplicem,
2540 4262 2721 4315 anima
2752 4259 3007 4313 nimirum
3053 4255 3425 4326 intelligentiae
3456 4269 3609 4307 incn-

2046 4357 2220 4423 tisque
2251 4352 2512 4423 participe
2541 4351 2826 4420 praeditum
2848 4352 2900 4402 et
2926 4362 3175 4415 corpore.
3206 4345 3474 4398 Nimirum
3499 4359 3608 4412 quo

386 4437 572 4506 φόρους
613 4441 883 4511 εἰσαγάγῃ
922 4442 1308 4512 δημιουργοὺς,
1356 4442 1574 4496 διπλοῦν
1607 4443 1744 4507 ζῶον
1778 4422 1836 4496 εν
1863 4444 1928 4513 τᾷ

2044 4422 2219 4501 nexus
2243 4422 2463 4514 quidam
2493 4443 2632 4497 foret
2660 4440 2995 4494 intellectilis
3023 4452 3087 4492 ac
3137 4435 3355 4491 sensilia
3397 4434 3604 4487 mundi.

386 4528 565 4598 κόσμῳ
593 4530 685 4582 τὸν
717 4530 1004 4601 ἄνθρωπον
1037 4534 1304 4597 τέθεικεν,
1348 4534 1423 4596 ὡς
1451 4533 1700 4587 ἐντεῦθεν
1730 4535 1824 4587 ἕνα
1847 4535 1942 4605 δη-

392 4624 637 4692 μιουργὸν
671 4624 782 4675 τῶν
810 4626 922 4678 ἄνω
952 4622 1019 4677 τε
1045 4630 1139 4681 καὶ
1168 4626 1277 4679 τῶν
1309 4629 1459 4680 κάτω
1483 4626 1870 4698 κηρύττεσθαι.

2045 4536 2179 4589 Nam
2210 4550 2332 4589 cum
2367 4533 2419 4588 hi
2449 4534 2557 4588 duo
2588 4531 2775 4585 mundi
2798 4532 3033 4585 essentia
3064 4544 3161 4581 sua
3200 4528 3433 4594 separati
3477 4526 3607 4592 sint,

2049 4641 2117 4679 ne
2154 4624 2352 4679 diversi
2383 4624 2544 4677 etiam
2573 4622 2797 4691 opiﬁces
2851 4621 3315 4680 existimarentur,
3336 4618 3608 4675 hominem

389 4716 573 4770 animal
601 4718 803 4787 duplex
835 4719 887 4770 in
922 4722 1121 4773 mundo
1161 4722 1470 4789 constituit,
1526 4731 1586 4775 ut
1624 4722 1754 4775 hinc
1798 4735 1941 4775 unus
1979 4729 2232 4775 essetam
2263 4733 2583 4789 superarum
2611 4732 2676 4774 ac
2732 4717 3036 4773 ctelestium
3086 4729 3248 4785 quam
3316 4710 3610 4768 inierarum

392 4822 556 4862 rerum
586 4820 803 4864 creator
831 4809 1239 4880 intelligeretur.

461 4920 478 4951 ι
519 4906 837 4973 Ποιήσωμεν
863 4903 1148 4972 ἄνθρωπον
1185 4904 1311 4955 κατ’
1351 4903 1537 4956 εἰκόνα
1580 4904 1876 4975 ἡμετέραν.
1921 4923 1939 4955 ι

395 4995 485 5048 Διά
505 4997 553 5048 τί
592 4997 651 5048 τὸ
683 5000 747 5048 ἐκ
781 4994 1035 5063 σώματος
1074 4995 1168 5047 καὶ
1205 4996 1379 5064 ψυχῆς
1410 4997 1663 5048 συντεθὲν
1690 4995 1828 5058 ζῶον
1854 4995 1948 5049 ἄν·

397 5086 597 5153 θρωπον
617 5090 905 5158 ὠνόμασεν
932 5086 1172 5156 ὴΓραφή
1197 5102 1212 5151 ;
1247 5078 1306 5139 Ὀ
1324 5086 1605 5156 ἄνθρωπος
1626 5089 1690 5155 τῇ
1707 5086 1947 5156 Ἐϐραΐδι

394 5176 643 5250 διαλέκτῳ
680 5180 791 5248 πῦρ
835 5180 1077 5245 λέγεται.
1126 5178 1234 5231 Καὶ
1277 5178 1464 5249 ἐπειδὴ
1499 5178 1720 5249 προῄδει
1763 5180 1790 5229 6
1816 5176 1946 5238 Θεὸς

395 5273 471 5325 ὅτι
499 5276 603 5326 ἀπὸ
644 5274 762 5335 ἑνὸς
792 5272 1080 5340 ἀνθρώπου
1110 5271 1461 5340 ἀνθρωπίνων
1492 5271 1762 5339 σωμάτων
1803 5268 1944 5336 πλη-

401 5365 573 5434 ροῦται
605 5367 705 5435 τῆς
743 5365 1073 5435 οἰκουμένης
1114 5366 1182 5417 τά
1214 5365 1445 5434 πέρατα,
1476 5357 1556 5425 εἷς
1580 5361 1783 5432 ξλύχνος
1826 5361 1947 5425 ἑξά-

404 5458 805 5518 πτειτοοσιύτας
830 5458 1138 5527 λαμπάδας,
1169 5456 1255 5510 διὰ
1275 5455 1432 5508 τοῦτο
1462 5455 1522 5507 τὸ
1550 5455 1788 5507 τοιοῦτον
1811 5453 1949 5516 ζῶον

406 5551 645 5605 ἐκάλεσεν
686 5550 996 5621 ἄνθρωπον,
1030 5549 1278 5604 τουτέστι
1314 5548 1443 5618 πῦρ.
1473 5549 1594 5603 Τῶν
1636 5547 1743 5617 γάρ
1773 5547 1950 5602 ἄλλων

467 5645 509 5675 ⁸⁸
537 5643 671 5698 Gen.
708 5653 743 5703 t,
780 5642 874 5696 26.

2127 4904 2471 4967 «Faciamus,
2497 4901 2669 4971 inquit
2710 4902 2874 4965 Deus,
2904 4900 3183 4954 hominem
3217 4897 3281 4951 ad
3319 4895 3610 4967 imaginem

2050 4994 2349 5053 nostram.)
2381 4994 2492 5048 Cur
2515 5009 2579 5045 ex
2605 4993 2785 5046 anima
2840 5004 3184 5059 corporcque
3209 4987 3314 5058 75
3340 4988 3616 5056 composi-

2053 5100 2166 5144 tum
2199 5086 2399 5142 animal
2432 5086 2650 5139 Litterae
2681 5099 2848 5137 sacra:
2880 5083 3153 5136 hominem
3180 5080 3613 5149 appellant?\’o-

2049 5179 2301 5234 cabnlum
2331 5178 2476 5246 quod
2518 5176 2791 5229 hominem
2829 5175 3116 5239 significat,
3189 5172 3366 5241 ignem
3424 5170 3475 5222 in
3508 5167 3613 5219 lle-

2053 5272 2195 5325 bruta
2235 5269 2412 5338 lingua
2445 5269 2687 5321 denotat.
2749 5266 2815 5319 lit
2864 5269 3081 5333 quando
3110 5272 3268 5317 norat
3313 5264 3422 5332 jam
3488 5266 3613 5309 ante

2057 5359 2197 5413 Deus
2225 5374 2391 5411 unum
2427 5357 2698 5409 hominem
2735 5358 3053 5424 corporibus
3108 5352 3362 5406 humanis
3423 5361 3614 5401 omnes

2056 5451 2207 5506 orbis
2241 5450 2377 5505 ﬁnes
2405 5449 2739 5518 repleturum
2779 5461 3051 5515 unamque
3075 5447 3347 5497 lucernam
3381 5449 3450 5492 tot
3479 5437 3615 5487 latn—

2058 5543 2226 5614 padas
2255 5554 2630 5604 accensurum,
2700 5539 2901 5593 idcirco
2936 5533 3136 5589 anin‘al
3186 5533 3285 5586 hoc
3326 5525 3617 5596 appellavit
