  <div class='ocr_page' id='page_1' title='image "/cluster/home/n/w/nwhite01/storage/ocr_20150623/158/hvd.32044073502676/115.png"; bbox 0 0 4062 6186; ppageno 0'>
   <div class='ocr_carea' id='block_1_1' title="bbox 426 248 530 315">
    <p class='ocr_par' dir='ltr' id='par_1_1' title="bbox 426 248 530 315">
     <span class='ocr_line' id='line_1_1' title="bbox 426 248 530 315; baseline 0.029 -3"><span class='ocrx_word' id='word_1_1' title='bbox 426 248 530 315; x_wconf 76' lang='lat'><strong>159</strong></span> 
     </span>
    </p>
   </div>
   <div class='ocr_carea' id='block_1_2' title="bbox 1656 236 2390 303">
    <p class='ocr_par' dir='ltr' id='par_1_2' title="bbox 1656 236 2390 303">
     <span class='ocr_line' id='line_1_2' title="bbox 1656 236 2390 303; baseline -0.007 -1"><span class='ocrx_word' id='word_1_2' title='bbox 1656 240 2088 303; x_wconf 74' lang='lat' dir='ltr'><strong>MICHAELIS</strong></span> <span class='ocrx_word' id='word_1_3' title='bbox 2128 236 2390 300; x_wconf 62' lang='lat' dir='ltr'><strong>GLYCA&#39;E</strong></span> 
     </span>
    </p>
   </div>
   <div class='ocr_carea' id='block_1_3' title="bbox 3564 231 3665 295">
    <p class='ocr_par' dir='ltr' id='par_1_3' title="bbox 3564 231 3665 295">
     <span class='ocr_line' id='line_1_3' title="bbox 3564 231 3665 295; baseline 0 -1"><span class='ocrx_word' id='word_1_4' title='bbox 3564 231 3665 295; x_wconf 73' lang='lat'><strong>1&#39;60</strong></span> 
     </span>
    </p>
   </div>
   <div class='ocr_carea' id='block_1_4' title="bbox 421 334 1996 425">
    <p class='ocr_par' dir='ltr' id='par_1_4' title="bbox 421 348 1996 425">
     <span class='ocr_line' id='line_1_4' title="bbox 421 348 1996 425; baseline -0.008 -9"><span class='ocrx_word' id='word_1_5' title='bbox 421 359 734 423; x_wconf 76' lang='lat' dir='ltr'><strong>hominem,</strong></span> <span class='ocrx_word' id='word_1_6' title='bbox 760 355 818 412; x_wconf 80' lang='lat' dir='ltr'><strong>id</strong></span> <span class='ocrx_word' id='word_1_7' title='bbox 848 365 929 412; x_wconf 90' lang='lat' dir='ltr'><strong>est</strong></span> <span class='ocrx_word' id='word_1_8' title='bbox 956 355 1160 425; x_wconf 77' lang='lat' dir='ltr'><strong>ignem.</strong></span> <span class='ocrx_word' id='word_1_9' title='bbox 1211 352 1347 409; x_wconf 84' lang='lat' dir='ltr'><strong>Nam</strong></span> <span class='ocrx_word' id='word_1_10' title='bbox 1399 350 1670 405; x_wconf 88' lang='lat' dir='ltr'><strong>clementa</strong></span> <span class='ocrx_word' id='word_1_11' title='bbox 1702 357 1893 403; x_wconf 75' lang='lat' dir='ltr'><strong>czelera</strong></span> <span class='ocrx_word' id='word_1_12' title='bbox 1919 348 1996 403; x_wconf 89' lang='lat' dir='ltr'><strong>sic</strong></span> 
     </span>
    </p>
   </div>
   <div class='ocr_carea' id='block_1_5' title="bbox 2098 334 3670 425">
    <p class='ocr_par' dir='ltr' id='par_1_5' title="bbox 2104 334 3670 425">
     <span class='ocr_line' id='line_1_5' title="bbox 2104 334 3670 425; baseline -0.005 -25"><span class='ocrx_word' id='word_1_13' title='bbox 2104 348 2381 419; x_wconf 77' lang='grc' dir='ltr'><strong>στοιχείων</strong></span> <span class='ocrx_word' id='word_1_14' title='bbox 2430 347 2662 401; x_wconf 78' lang='grc' dir='ltr'><strong>ἕκαστον</strong></span> <span class='ocrx_word' id='word_1_15' title='bbox 2707 344 2780 405; x_wconf 74' lang='grc' dir='ltr'><strong>ὡς</strong></span> <span class='ocrx_word' id='word_1_16' title='bbox 2828 341 3172 425; x_wconf 9' lang='grc' dir='ltr'><strong>ἐστιγμένει.</strong></span> <span class='ocrx_word' id='word_1_17' title='bbox 3208 334 3332 395; x_wconf 75' lang='grc' dir='ltr'>Οἷον</span> <span class='ocrx_word' id='word_1_18' title='bbox 3379 340 3475 394; x_wconf 68' lang='grc' dir='ltr'><strong>ἐὰν</strong></span> <span class='ocrx_word' id='word_1_19' title='bbox 3500 340 3670 412; x_wconf 72' lang='grc' dir='ltr'><strong>λάϐῃς</strong></span> 
     </span>
    </p>
   </div>
   <div class='ocr_carea' id='block_1_6' title="bbox 421 440 1998 513">
    <p class='ocr_par' dir='ltr' id='par_1_6' title="bbox 421 440 1998 513">
     <span class='ocr_line' id='line_1_6' title="bbox 421 440 1998 513; baseline -0.008 -7"><span class='ocrx_word' id='word_1_20' title='bbox 421 460 652 507; x_wconf 85' lang='lat' dir='ltr'><strong>manent</strong></span> <span class='ocrx_word' id='word_1_21' title='bbox 683 458 746 506; x_wconf 90' lang='lat' dir='ltr'><strong>ut</strong></span> <span class='ocrx_word' id='word_1_22' title='bbox 775 449 1069 505; x_wconf 77' lang='lat' dir='ltr'><strong>exsistunt.</strong></span> <span class='ocrx_word' id='word_1_23' title='bbox 1121 444 1176 498; x_wconf 88' lang='lat' dir='ltr'><strong>Si</strong></span> <span class='ocrx_word' id='word_1_24' title='bbox 1233 457 1429 513; x_wconf 84' lang='lat' dir='ltr'><strong>aquam</strong></span> <span class='ocrx_word' id='word_1_25' title='bbox 1480 456 1736 498; x_wconf 81' lang='lat' dir='ltr'><strong>mensura</strong></span> <span class='ocrx_word' id='word_1_26' title='bbox 1766 440 1998 509; x_wconf 86' lang='lat' dir='ltr'><strong>quadam</strong></span> 
     </span>
    </p>
   </div>
   <div class='ocr_carea' id='block_1_7' title="bbox 425 531 1995 615">
    <p class='ocr_par' dir='ltr' id='par_1_7' title="bbox 425 531 1995 615">
     <span class='ocr_line' id='line_1_7' title="bbox 425 531 1995 615; baseline -0.008 -17"><span class='ocrx_word' id='word_1_27' title='bbox 425 545 631 615; x_wconf 87' lang='lat' dir='ltr'><strong>capias,</strong></span> <span class='ocrx_word' id='word_1_28' title='bbox 665 549 850 598; x_wconf 89' lang='lat' dir='ltr'><strong>manet</strong></span> <span class='ocrx_word' id='word_1_29' title='bbox 886 539 1074 593; x_wconf 90' lang='lat' dir='ltr'><strong>eadem</strong></span> <span class='ocrx_word' id='word_1_30' title='bbox 1103 550 1245 606; x_wconf 88' lang='lat' dir='ltr'><strong>aqua</strong></span> <span class='ocrx_word' id='word_1_31' title='bbox 1268 534 1786 589; x_wconf 77' lang='lat' dir='ltr'><strong>necincrementum</strong></span> <span class='ocrx_word' id='word_1_32' title='bbox 1800 531 1995 586; x_wconf 84' lang='lat' dir='ltr'><strong>sumit.</strong></span> 
     </span>
    </p>
   </div>
   <div class='ocr_carea' id='block_1_8' title="bbox 423 626 1997 696">
    <p class='ocr_par' dir='ltr' id='par_1_8' title="bbox 423 626 1997 696">
     <span class='ocr_line' id='line_1_8' title="bbox 423 626 1997 696; baseline -0.01 -8"><span class='ocrx_word' id='word_1_33' title='bbox 423 634 480 688; x_wconf 89' lang='lat' dir='ltr'><strong>Si</strong></span> <span class='ocrx_word' id='word_1_34' title='bbox 518 644 692 688; x_wconf 91' lang='lat' dir='ltr'><strong>utrem</strong></span> <span class='ocrx_word' id='word_1_35' title='bbox 723 645 850 686; x_wconf 88' lang='lat' dir='ltr'><strong>aere</strong></span> <span class='ocrx_word' id='word_1_36' title='bbox 878 626 1342 695; x_wconf 76' lang='lat' dir='ltr'><strong>compleas,.‘nou</strong></span> <span class='ocrx_word' id='word_1_37' title='bbox 1396 633 1551 696; x_wconf 88' lang='lat' dir='ltr'><strong>potes</strong></span> <span class='ocrx_word' id='word_1_38' title='bbox 1604 638 1671 679; x_wconf 78' lang='lat' dir='ltr'><strong>ex</strong></span> <span class='ocrx_word' id='word_1_39' title='bbox 1718 638 1787 678; x_wconf 89' lang='lat' dir='ltr'><strong>eo</strong></span> <span class='ocrx_word' id='word_1_40' title='bbox 1819 632 1997 678; x_wconf 81' lang='lat' dir='ltr'><strong>utrem</strong></span> 
     </span>
    </p>
   </div>
   <div class='ocr_carea' id='block_1_9' title="bbox 423 702 1998 789">
    <p class='ocr_par' dir='ltr' id='par_1_9' title="bbox 423 702 1998 789">
     <span class='ocr_line' id='line_1_9' title="bbox 423 702 1998 789; baseline -0.008 -12"><span class='ocrx_word' id='word_1_41' title='bbox 423 724 584 777; x_wconf 90' lang='lat' dir='ltr'><strong>alium</strong></span> <span class='ocrx_word' id='word_1_42' title='bbox 618 721 847 789; x_wconf 88' lang='lat' dir='ltr'><strong>replere.</strong></span> <span class='ocrx_word' id='word_1_43' title='bbox 882 714 1085 772; x_wconf 84' lang='lat' dir='ltr'><strong>Verum</strong></span> <span class='ocrx_word' id='word_1_44' title='bbox 1115 715 1255 787; x_wconf 78' lang='lat' dir='ltr'><strong>ignis</strong></span> <span class='ocrx_word' id='word_1_45' title='bbox 1296 716 1371 769; x_wconf 84' lang='lat' dir='ltr'><strong>ita</strong></span> <span class='ocrx_word' id='word_1_46' title='bbox 1401 702 1510 771; x_wconf 82' lang='lat' dir='ltr'><strong>non</strong></span> <span class='ocrx_word' id='word_1_47' title='bbox 1545 724 1731 768; x_wconf 71' lang='lat' dir='ltr'><strong>manet</strong></span> <span class='ocrx_word' id='word_1_48' title='bbox 1763 723 1820 768; x_wconf 91' lang='lat' dir='ltr'><strong>ut</strong></span> <span class='ocrx_word' id='word_1_49' title='bbox 1853 712 1998 767; x_wconf 75' lang='lat' dir='ltr'><strong>exsi-</strong></span> 
     </span>
    </p>
   </div>
   <div class='ocr_carea' id='block_1_10' title="bbox 423 804 1992 879">
    <p class='ocr_par' dir='ltr' id='par_1_10' title="bbox 423 804 1992 879">
     <span class='ocr_line' id='line_1_10' title="bbox 423 804 1992 879; baseline -0.008 -10"><span class='ocrx_word' id='word_1_50' title='bbox 423 816 539 876; x_wconf 85' lang='lat' dir='ltr'><strong>stit,</strong></span> <span class='ocrx_word' id='word_1_51' title='bbox 567 813 661 868; x_wconf 88' lang='lat' dir='ltr'><strong>sed</strong></span> <span class='ocrx_word' id='word_1_52' title='bbox 695 826 803 879; x_wconf 92' lang='lat' dir='ltr'><strong>quo</strong></span> <span class='ocrx_word' id='word_1_53' title='bbox 836 808 1083 865; x_wconf 88' lang='lat' dir='ltr'><strong>materiei</strong></span> <span class='ocrx_word' id='word_1_54' title='bbox 1115 809 1238 878; x_wconf 85' lang='lat' dir='ltr'><strong>plus</strong></span> <span class='ocrx_word' id='word_1_55' title='bbox 1271 806 1647 877; x_wconf 84' lang='lat' dir='ltr'><strong>acquisiverit,</strong></span> <span class='ocrx_word' id='word_1_56' title='bbox 1687 820 1755 860; x_wconf 92' lang='lat' dir='ltr'><strong>eo</strong></span> <span class='ocrx_word' id='word_1_57' title='bbox 1789 804 1849 859; x_wconf 85' lang='lat' dir='ltr'><strong>ﬁt</strong></span> <span class='ocrx_word' id='word_1_58' title='bbox 1874 820 1992 858; x_wconf 84' lang='lat' dir='ltr'><strong>ma-</strong></span> 
     </span>
    </p>
   </div>
   <div class='ocr_carea' id='block_1_11' title="bbox 417 894 1995 971">
    <p class='ocr_par' dir='ltr' id='par_1_11' title="bbox 417 894 1995 971">
     <span class='ocr_line' id='line_1_11' title="bbox 417 894 1995 971; baseline -0.004 -17"><span class='ocrx_word' id='word_1_59' title='bbox 417 905 526 971; x_wconf 88' lang='lat' dir='ltr'><strong>jor.</strong></span> <span class='ocrx_word' id='word_1_60' title='bbox 558 902 751 957; x_wconf 83' lang='lat' dir='ltr'><strong>itidem</strong></span> <span class='ocrx_word' id='word_1_61' title='bbox 782 901 826 958; x_wconf 91' lang='lat' dir='ltr'><strong>si</strong></span> <span class='ocrx_word' id='word_1_62' title='bbox 862 915 970 954; x_wconf 87' lang='lat' dir='ltr'><strong>una</strong></span> <span class='ocrx_word' id='word_1_63' title='bbox 1001 899 1223 953; x_wconf 83' lang='lat' dir='ltr'><strong>lucerna</strong></span> <span class='ocrx_word' id='word_1_64' title='bbox 1259 900 1461 953; x_wconf 87' lang='lat' dir='ltr'><strong>multas</strong></span> <span class='ocrx_word' id='word_1_65' title='bbox 1485 897 1621 953; x_wconf 86' lang='lat' dir='ltr'><strong>alias</strong></span> <span class='ocrx_word' id='word_1_66' title='bbox 1653 894 1995 961; x_wconf 83' lang='lat' dir='ltr'><strong>accenderis,</strong></span> 
     </span>
    </p>
   </div>
   <div class='ocr_carea' id='block_1_12' title="bbox 418 988 1996 1061">
    <p class='ocr_par' dir='ltr' id='par_1_12' title="bbox 418 988 1996 1061">
     <span class='ocr_line' id='line_1_12' title="bbox 418 988 1996 1061; baseline -0.004 -16"><span class='ocrx_word' id='word_1_67' title='bbox 418 992 626 1045; x_wconf 83' lang='lat' dir='ltr'><strong>idcirco</strong></span> <span class='ocrx_word' id='word_1_68' title='bbox 647 991 770 1061; x_wconf 79' lang='lat' dir='ltr'><strong>ipsa</strong></span> <span class='ocrx_word' id='word_1_69' title='bbox 808 1006 916 1044; x_wconf 91' lang='lat' dir='ltr'><strong>non</strong></span> <span class='ocrx_word' id='word_1_70' title='bbox 946 989 1317 1044; x_wconf 77' lang='lat' dir='ltr'><strong>exbaurietur.</strong></span> <span class='ocrx_word' id='word_1_71' title='bbox 1345 989 1690 1058; x_wconf 82' lang='lat' dir='ltr'><strong>QuaprOpter</strong></span> <span class='ocrx_word' id='word_1_72' title='bbox 1713 998 1861 1042; x_wconf 91' lang='lat' dir='ltr'><strong>recte</strong></span> <span class='ocrx_word' id='word_1_73' title='bbox 1891 988 1996 1040; x_wconf 87' lang='lat' dir='ltr'><strong>ho-</strong></span> 
     </span>
    </p>
   </div>
   <div class='ocr_carea' id='block_1_13' title="bbox 417 1077 1996 1142">
    <p class='ocr_par' dir='ltr' id='par_1_13' title="bbox 417 1077 1996 1142">
     <span class='ocr_line' id='line_1_13' title="bbox 417 1077 1996 1142; baseline -0.001 -9"><span class='ocrx_word' id='word_1_74' title='bbox 417 1080 554 1134; x_wconf 86' lang='lat' dir='ltr'><strong>mini</strong></span> <span class='ocrx_word' id='word_1_75' title='bbox 587 1096 788 1135; x_wconf 91' lang='lat' dir='ltr'><strong>nomen</strong></span> <span class='ocrx_word' id='word_1_76' title='bbox 818 1081 923 1133; x_wconf 82' lang='lat' dir='ltr'><strong>hoc</strong></span> <span class='ocrx_word' id='word_1_77' title='bbox 946 1081 1177 1135; x_wconf 85' lang='lat' dir='ltr'><strong>inditum</strong></span> <span class='ocrx_word' id='word_1_78' title='bbox 1209 1089 1315 1142; x_wconf 86' lang='lat' dir='ltr'><strong>est.</strong></span> <span class='ocrx_word' id='word_1_79' title='bbox 1350 1079 1491 1135; x_wconf 91' lang='lat' dir='ltr'><strong>sicut</strong></span> <span class='ocrx_word' id='word_1_80' title='bbox 1520 1077 1710 1132; x_wconf 86' lang='lat' dir='ltr'><strong>eadem</strong></span> <span class='ocrx_word' id='word_1_81' title='bbox 1741 1092 1809 1132; x_wconf 81' lang='lat' dir='ltr'><strong>ex</strong></span> <span class='ocrx_word' id='word_1_82' title='bbox 1835 1091 1996 1131; x_wconf 80' lang='lat' dir='ltr'><strong>causa</strong></span> 
     </span>
    </p>
   </div>
   <div class='ocr_carea' id='block_1_14' title="bbox 416 1168 1998 1242">
    <p class='ocr_par' dir='ltr' id='par_1_14' title="bbox 416 1168 1998 1242">
     <span class='ocr_line' id='line_1_14' title="bbox 416 1168 1998 1242; baseline -0.002 -16"><span class='ocrx_word' id='word_1_83' title='bbox 416 1173 674 1227; x_wconf 90' lang='lat' dir='ltr'><strong>eumdem</strong></span> <span class='ocrx_word' id='word_1_84' title='bbox 702 1173 969 1226; x_wconf 85' lang='lat' dir='ltr'><strong>Adamum</strong></span> <span class='ocrx_word' id='word_1_85' title='bbox 1002 1172 1145 1226; x_wconf 86' lang='lat' dir='ltr'><strong>Deus</strong></span> <span class='ocrx_word' id='word_1_86' title='bbox 1176 1169 1488 1242; x_wconf 80' lang='lat' dir='ltr'><strong>appellavit.</strong></span> <span class='ocrx_word' id='word_1_87' title='bbox 1518 1168 1651 1224; x_wconf 88' lang='lat' dir='ltr'><strong>Nam</strong></span> <span class='ocrx_word' id='word_1_88' title='bbox 1684 1169 1807 1237; x_wconf 86' lang='lat' dir='ltr'><strong>quia</strong></span> <span class='ocrx_word' id='word_1_89' title='bbox 1843 1177 1998 1223; x_wconf 68' lang='lat' dir='ltr'><strong>terra:</strong></span> 
     </span>
    </p>
   </div>
   <div class='ocr_carea' id='block_1_15' title="bbox 419 1257 1994 1329">
    <p class='ocr_par' dir='ltr' id='par_1_15' title="bbox 419 1257 1994 1329">
     <span class='ocr_line' id='line_1_15' title="bbox 419 1257 1994 1329; baseline 0.001 -18"><span class='ocrx_word' id='word_1_90' title='bbox 419 1269 657 1328; x_wconf 87' lang='lat' dir='ltr'><strong>quatuor</strong></span> <span class='ocrx_word' id='word_1_91' title='bbox 711 1260 928 1313; x_wconf 78' lang='lat' dir='ltr'><strong>climata</strong></span> <span class='ocrx_word' id='word_1_92' title='bbox 958 1260 1331 1329; x_wconf 82' lang='lat' dir='ltr'><strong>completurus</strong></span> <span class='ocrx_word' id='word_1_93' title='bbox 1360 1266 1503 1321; x_wconf 83' lang='lat' dir='ltr'><strong>erat,</strong></span> <span class='ocrx_word' id='word_1_94' title='bbox 1548 1274 1653 1311; x_wconf 89' lang='lat' dir='ltr'><strong>non</strong></span> <span class='ocrx_word' id='word_1_95' title='bbox 1683 1257 1779 1313; x_wconf 88' lang='lat' dir='ltr'><strong>abs</strong></span> <span class='ocrx_word' id='word_1_96' title='bbox 1813 1273 1870 1312; x_wconf 89' lang='lat' dir='ltr'><strong>re</strong></span> <span class='ocrx_word' id='word_1_97' title='bbox 1895 1274 1994 1313; x_wconf 87' lang='lat' dir='ltr'><strong>uo-</strong></span> 
     </span>
    </p>
   </div>
   <div class='ocr_carea' id='block_1_16' title="bbox 420 1347 1997 1417">
    <p class='ocr_par' dir='ltr' id='par_1_16' title="bbox 420 1347 1997 1417">
     <span class='ocr_line' id='line_1_16' title="bbox 420 1347 1997 1417; baseline 0 -15"><span class='ocrx_word' id='word_1_98' title='bbox 420 1365 543 1403; x_wconf 90' lang='lat' dir='ltr'><strong>men</strong></span> <span class='ocrx_word' id='word_1_99' title='bbox 582 1349 685 1403; x_wconf 89' lang='lat' dir='ltr'><strong>hoc</strong></span> <span class='ocrx_word' id='word_1_100' title='bbox 714 1357 1046 1404; x_wconf 76' lang='lat' dir='ltr'><strong>consecutus</strong></span> <span class='ocrx_word' id='word_1_101' title='bbox 1083 1358 1187 1403; x_wconf 89' lang='lat' dir='ltr'><strong>est.</strong></span> <span class='ocrx_word' id='word_1_102' title='bbox 1241 1348 1377 1417; x_wconf 86' lang='lat' dir='ltr'><strong>Ejus</strong></span> <span class='ocrx_word' id='word_1_103' title='bbox 1406 1347 1538 1401; x_wconf 78' lang='lat' dir='ltr'><strong>milii</strong></span> <span class='ocrx_word' id='word_1_104' title='bbox 1568 1362 1752 1417; x_wconf 67' lang='lat' dir='ltr'><strong>quaeso</strong></span> <span class='ocrx_word' id='word_1_105' title='bbox 1786 1348 1997 1402; x_wconf 88' lang='lat' dir='ltr'><strong>litteras</strong></span> 
     </span>
    </p>
   </div>
   <div class='ocr_carea' id='block_1_17' title="bbox 412 1438 1996 1510">
    <p class='ocr_par' dir='ltr' id='par_1_17' title="bbox 412 1438 1996 1510">
     <span class='ocr_line' id='line_1_17' title="bbox 412 1438 1996 1510; baseline -0.001 -17"><span class='ocrx_word' id='word_1_106' title='bbox 412 1440 731 1505; x_wconf 87' lang='lat' dir='ltr'><strong>considera,</strong></span> <span class='ocrx_word' id='word_1_107' title='bbox 762 1456 884 1510; x_wconf 66' lang='lat' dir='ltr'><strong>quae</strong></span> <span class='ocrx_word' id='word_1_108' title='bbox 918 1452 1154 1509; x_wconf 91' lang='lat' dir='ltr'><strong>quatuor</strong></span> <span class='ocrx_word' id='word_1_109' title='bbox 1212 1439 1302 1494; x_wconf 86' lang='lat' dir='ltr'><strong>illa</strong></span> <span class='ocrx_word' id='word_1_110' title='bbox 1358 1438 1577 1495; x_wconf 84' lang='lat' dir='ltr'><strong>climata</strong></span> <span class='ocrx_word' id='word_1_111' title='bbox 1631 1439 1913 1497; x_wconf 85' lang='lat' dir='ltr'><strong>denotant.</strong></span> <span class='ocrx_word' id='word_1_112' title='bbox 1948 1438 1996 1491; x_wconf 75' lang='grc' dir='ltr'><strong>Δ</strong></span> 
     </span>
    </p>
   </div>
   <div class='ocr_carea' id='block_1_18' title="bbox 416 1529 1982 1602">
    <p class='ocr_par' dir='ltr' id='par_1_18' title="bbox 416 1529 1982 1602">
     <span class='ocr_line' id='line_1_18' title="bbox 416 1529 1982 1602; baseline 0.001 -19"><span class='ocrx_word' id='word_1_113' title='bbox 416 1530 687 1600; x_wconf 77' lang='lat' dir='ltr'><strong>signiﬁcat</strong></span> <span class='ocrx_word' id='word_1_114' title='bbox 724 1531 1005 1595; x_wconf 87' lang='lat' dir='ltr'><strong>anatolen,</strong></span> <span class='ocrx_word' id='word_1_115' title='bbox 1035 1532 1139 1585; x_wconf 79' lang='lat' dir='ltr'><strong>hoc</strong></span> <span class='ocrx_word' id='word_1_116' title='bbox 1184 1540 1269 1586; x_wconf 88' lang='lat' dir='ltr'><strong>est</strong></span> <span class='ocrx_word' id='word_1_117' title='bbox 1322 1540 1532 1595; x_wconf 89' lang='lat' dir='ltr'><strong>ortum;</strong></span> <span class='ocrx_word' id='word_1_118' title='bbox 1586 1529 1631 1583; x_wconf 78' lang='grc' dir='ltr'>Β</span> <span class='ocrx_word' id='word_1_119' title='bbox 1658 1531 1838 1602; x_wconf 90' lang='lat' dir='ltr'><strong>dysin,</strong></span> <span class='ocrx_word' id='word_1_120' title='bbox 1876 1530 1982 1586; x_wconf 89' lang='lat' dir='ltr'><strong>hoc</strong></span> 
     </span>
    </p>
   </div>
   <div class='ocr_carea' id='block_1_19' title="bbox 418 1618 1994 1687">
    <p class='ocr_par' dir='ltr' id='par_1_19' title="bbox 418 1618 1994 1687">
     <span class='ocr_line' id='line_1_19' title="bbox 418 1618 1994 1687; baseline 0.001 -15"><span class='ocrx_word' id='word_1_121' title='bbox 418 1629 503 1672; x_wconf 86' lang='lat' dir='ltr'><strong>est</strong></span> <span class='ocrx_word' id='word_1_122' title='bbox 523 1618 905 1687; x_wconf 83' lang='lat' dir='ltr'><strong>occidentem;</strong></span> <span class='ocrx_word' id='word_1_123' title='bbox 933 1621 974 1673; x_wconf 79' lang='grc' dir='ltr'><strong>Δ</strong></span> <span class='ocrx_word' id='word_1_124' title='bbox 1004 1634 1193 1675; x_wconf 89' lang='lat' dir='ltr'><strong>rursus</strong></span> <span class='ocrx_word' id='word_1_125' title='bbox 1216 1629 1447 1687; x_wconf 78' lang='lat' dir='ltr'><strong>arcium,</strong></span> <span class='ocrx_word' id='word_1_126' title='bbox 1476 1621 1578 1675; x_wconf 88' lang='lat' dir='ltr'><strong>hoc</strong></span> <span class='ocrx_word' id='word_1_127' title='bbox 1602 1630 1687 1675; x_wconf 88' lang='lat' dir='ltr'><strong>est</strong></span> <span class='ocrx_word' id='word_1_128' title='bbox 1718 1636 1895 1674; x_wconf 82' lang='lat' dir='ltr'><strong>ursam</strong></span> <span class='ocrx_word' id='word_1_129' title='bbox 1929 1636 1994 1674; x_wconf 86' lang='lat' dir='ltr'><strong>ac</strong></span> 
     </span>
    </p>
   </div>
   <div class='ocr_carea' id='block_1_20' title="bbox 420 1688 2067 1781">
    <p class='ocr_par' dir='ltr' id='par_1_20' title="bbox 420 1688 2067 1781">
     <span class='ocr_line' id='line_1_20' title="bbox 420 1688 2067 1781; baseline 0.001 -19"><span class='ocrx_word' id='word_1_130' title='bbox 420 1708 893 1777; x_wconf 80' lang='lat' dir='ltr'><strong>septentrionem;</strong></span> <span class='ocrx_word' id='word_1_131' title='bbox 948 1710 997 1764; x_wconf 73' lang='lat' dir='ltr'><strong>lli</strong></span> <span class='ocrx_word' id='word_1_132' title='bbox 1053 1710 1290 1781; x_wconf 87' lang='lat' dir='ltr'><strong>denique</strong></span> <span class='ocrx_word' id='word_1_133' title='bbox 1360 1712 1663 1767; x_wconf 86' lang='lat' dir='ltr'><strong>meridiem.</strong></span> <span class='ocrx_word' id='word_1_134' title='bbox 1721 1709 1993 1765; x_wconf 63' lang='lat' dir='ltr'><strong>Cancrum</strong></span> <span class='ocrx_word' id='word_1_135' title='bbox 2028 1688 2067 1741; x_wconf 76' lang='grc' dir='ltr'><strong>Β</strong></span> 
     </span>
    </p>
   </div>
   <div class='ocr_carea' id='block_1_21' title="bbox 425 1797 1997 1871">
    <p class='ocr_par' dir='ltr' id='par_1_21' title="bbox 425 1797 1997 1871">
     <span class='ocr_line' id='line_1_21' title="bbox 425 1797 1997 1871; baseline 0.002 -19"><span class='ocrx_word' id='word_1_136' title='bbox 425 1799 598 1853; x_wconf 88' lang='lat' dir='ltr'><strong>sacris</strong></span> <span class='ocrx_word' id='word_1_137' title='bbox 625 1799 680 1852; x_wconf 91' lang='lat' dir='ltr'><strong>in</strong></span> <span class='ocrx_word' id='word_1_138' title='bbox 714 1797 936 1855; x_wconf 79' lang='lat' dir='ltr'><strong>Litteris</strong></span> <span class='ocrx_word' id='word_1_139' title='bbox 976 1800 1093 1855; x_wconf 83' lang='lat' dir='ltr'><strong>haec</strong></span> <span class='ocrx_word' id='word_1_140' title='bbox 1121 1800 1284 1855; x_wconf 85' lang='lat' dir='ltr'><strong>verba</strong></span> <span class='ocrx_word' id='word_1_141' title='bbox 1320 1811 1624 1871; x_wconf 89' lang='lat' dir='ltr'><strong>sequuntur</strong></span> <span class='ocrx_word' id='word_1_142' title='bbox 1655 1820 1668 1856; x_wconf 90' lang='lat'><strong>:</strong></span> <span class='ocrx_word' id='word_1_143' title='bbox 1707 1801 1997 1857; x_wconf 66' lang='lat' dir='ltr'><strong>«Conserit</strong></span> 
     </span>
    </p>
   </div>
   <div class='ocr_carea' id='block_1_22' title="bbox 421 1886 1997 1960">
    <p class='ocr_par' dir='ltr' id='par_1_22' title="bbox 421 1886 1997 1960">
     <span class='ocr_line' id='line_1_22' title="bbox 421 1886 1997 1960; baseline 0.004 -18"><span class='ocrx_word' id='word_1_144' title='bbox 421 1886 563 1943; x_wconf 89' lang='lat' dir='ltr'><strong>Deus</strong></span> <span class='ocrx_word' id='word_1_145' title='bbox 591 1891 904 1960; x_wconf 86' lang='lat' dir='ltr'><strong>paradisum</strong></span> <span class='ocrx_word' id='word_1_146' title='bbox 935 1892 987 1946; x_wconf 90' lang='lat' dir='ltr'><strong>in</strong></span> <span class='ocrx_word' id='word_1_147' title='bbox 1021 1892 1192 1947; x_wconf 88' lang='lat' dir='ltr'><strong>Edem</strong></span> <span class='ocrx_word' id='word_1_148' title='bbox 1220 1908 1414 1948; x_wconf 83' lang='lat' dir='ltr'><strong>versus</strong></span> <span class='ocrx_word' id='word_1_149' title='bbox 1447 1894 1720 1949; x_wconf 85' lang='lat' dir='ltr'><strong>orientem</strong></span> <span class='ocrx_word' id='word_1_150' title='bbox 1748 1894 1850 1945; x_wconf 76' lang='grc'><strong>⁸⁸.»</strong></span> <span class='ocrx_word' id='word_1_151' title='bbox 1885 1893 1997 1948; x_wconf 86' lang='lat' dir='ltr'><strong>Cur</strong></span> 
     </span>
    </p>
   </div>
   <div class='ocr_carea' id='block_1_23' title="bbox 423 1981 1997 2063">
    <p class='ocr_par' dir='ltr' id='par_1_23' title="bbox 423 1981 1997 2063">
     <span class='ocr_line' id='line_1_23' title="bbox 423 1981 1997 2063; baseline 0.002 -30"><span class='ocrx_word' id='word_1_152' title='bbox 423 1995 532 2033; x_wconf 91' lang='lat' dir='ltr'><strong>non</strong></span> <span class='ocrx_word' id='word_1_153' title='bbox 560 1997 761 2063; x_wconf 54' lang='lat' dir='ltr'><strong>\versus</strong></span> <span class='ocrx_word' id='word_1_154' title='bbox 788 1981 935 2035; x_wconf 90' lang='lat' dir='ltr'><strong>aliud</strong></span> <span class='ocrx_word' id='word_1_155' title='bbox 976 1982 1135 2036; x_wconf 86' lang='lat' dir='ltr'><strong>clima</strong></span> <span class='ocrx_word' id='word_1_156' title='bbox 1169 1982 1484 2051; x_wconf 85' lang='lat' dir='ltr'><strong>paradisum</strong></span> <span class='ocrx_word' id='word_1_157' title='bbox 1535 1982 1784 2038; x_wconf 86' lang='lat' dir='ltr'><strong>consevit</strong></span> <span class='ocrx_word' id='word_1_158' title='bbox 1813 1983 1997 2053; x_wconf 86' lang='lat' dir='ltr'><strong>potius</strong></span> 
     </span>
    </p>
   </div>
   <div class='ocr_carea' id='block_1_24' title="bbox 419 2071 1997 2139">
    <p class='ocr_par' dir='ltr' id='par_1_24' title="bbox 419 2071 1997 2139">
     <span class='ocr_line' id='line_1_24' title="bbox 419 2071 1997 2139; baseline 0.003 -16"><span class='ocrx_word' id='word_1_159' title='bbox 419 2086 580 2139; x_wconf 90' lang='lat' dir='ltr'><strong>quam</strong></span> <span class='ocrx_word' id='word_1_160' title='bbox 615 2071 682 2126; x_wconf 83' lang='lat' dir='ltr'><strong>ad</strong></span> <span class='ocrx_word' id='word_1_161' title='bbox 717 2072 1028 2126; x_wconf 76' lang='lat' dir='ltr'><strong>orientem?</strong></span> <span class='ocrx_word' id='word_1_162' title='bbox 1081 2071 1238 2128; x_wconf 89' lang='lat' dir='ltr'><strong>Unde</strong></span> <span class='ocrx_word' id='word_1_163' title='bbox 1294 2072 1510 2127; x_wconf 88' lang='lat' dir='ltr'><strong>initium</strong></span> <span class='ocrx_word' id='word_1_164' title='bbox 1538 2088 1733 2128; x_wconf 86' lang='lat' dir='ltr'><strong>cursus</strong></span> <span class='ocrx_word' id='word_1_165' title='bbox 1762 2072 1997 2128; x_wconf 86' lang='lat' dir='ltr'><strong>lumina-</strong></span> 
     </span>
    </p>
   </div>
   <div class='ocr_carea' id='block_1_25' title="bbox 420 2162 1997 2226">
    <p class='ocr_par' dir='ltr' id='par_1_25' title="bbox 420 2162 1997 2226">
     <span class='ocr_line' id='line_1_25' title="bbox 420 2162 1997 2226; baseline 0.003 -12"><span class='ocrx_word' id='word_1_166' title='bbox 420 2162 585 2226; x_wconf 90' lang='lat' dir='ltr'><strong>rium,</strong></span> <span class='ocrx_word' id='word_1_167' title='bbox 619 2162 693 2215; x_wconf 91' lang='lat' dir='ltr'><strong>ibi</strong></span> <span class='ocrx_word' id='word_1_168' title='bbox 724 2171 779 2215; x_wconf 86' lang='lat' dir='ltr'><strong>et</strong></span> <span class='ocrx_word' id='word_1_169' title='bbox 805 2162 1142 2217; x_wconf 85' lang='lat' dir='ltr'><strong>domicilium</strong></span> <span class='ocrx_word' id='word_1_170' title='bbox 1186 2179 1314 2219; x_wconf 88' lang='lat' dir='ltr'><strong>esse</strong></span> <span class='ocrx_word' id='word_1_171' title='bbox 1355 2163 1641 2219; x_wconf 83' lang='lat' dir='ltr'><strong>hominum</strong></span> <span class='ocrx_word' id='word_1_172' title='bbox 1675 2164 1868 2219; x_wconf 83' lang='lat' dir='ltr'><strong>voluit.</strong></span> <span class='ocrx_word' id='word_1_173' title='bbox 1918 2163 1997 2219; x_wconf 81' lang='lat' dir='ltr'><strong>Ac</strong></span> 
     </span>
    </p>
   </div>
   <div class='ocr_carea' id='block_1_26' title="bbox 418 2253 1997 2325">
    <p class='ocr_par' dir='ltr' id='par_1_26' title="bbox 418 2253 1997 2325">
     <span class='ocr_line' id='line_1_26' title="bbox 418 2253 1997 2325; baseline 0.004 -21"><span class='ocrx_word' id='word_1_174' title='bbox 418 2261 684 2321; x_wconf 68' lang='lat' dir='ltr'><strong>prmterea</strong></span> <span class='ocrx_word' id='word_1_175' title='bbox 738 2253 883 2320; x_wconf 91' lang='lat' dir='ltr'><strong>quod</strong></span> <span class='ocrx_word' id='word_1_176' title='bbox 935 2253 1183 2307; x_wconf 82' lang='lat' dir='ltr'><strong>futurum</strong></span> <span class='ocrx_word' id='word_1_177' title='bbox 1241 2265 1359 2311; x_wconf 91' lang='lat' dir='ltr'><strong>erat</strong></span> <span class='ocrx_word' id='word_1_178' title='bbox 1416 2254 1754 2325; x_wconf 77' lang='lat' dir='ltr'><strong>signiﬁcans,</strong></span> <span class='ocrx_word' id='word_1_179' title='bbox 1808 2270 1997 2311; x_wconf 85' lang='lat' dir='ltr'><strong>versus</strong></span> 
     </span>
    </p>
   </div>
   <div class='ocr_carea' id='block_1_27' title="bbox 418 2342 1994 2412">
    <p class='ocr_par' dir='ltr' id='par_1_27' title="bbox 418 2342 1994 2412">
     <span class='ocr_line' id='line_1_27' title="bbox 418 2342 1994 2412; baseline 0.004 -18"><span class='ocrx_word' id='word_1_180' title='bbox 418 2342 686 2396; x_wconf 85' lang='lat' dir='ltr'><strong>orientem</strong></span> <span class='ocrx_word' id='word_1_181' title='bbox 711 2342 762 2395; x_wconf 91' lang='lat' dir='ltr'><strong>in</strong></span> <span class='ocrx_word' id='word_1_182' title='bbox 797 2344 1046 2412; x_wconf 83' lang='lat' dir='ltr'><strong>paradiso</strong></span> <span class='ocrx_word' id='word_1_183' title='bbox 1078 2345 1316 2400; x_wconf 88' lang='lat' dir='ltr'><strong>collocat</strong></span> <span class='ocrx_word' id='word_1_184' title='bbox 1353 2345 1667 2412; x_wconf 86' lang='lat' dir='ltr'><strong>hominem;</strong></span> <span class='ocrx_word' id='word_1_185' title='bbox 1708 2354 1769 2399; x_wconf 92' lang='lat' dir='ltr'><strong>ut</strong></span> <span class='ocrx_word' id='word_1_186' title='bbox 1808 2354 1994 2400; x_wconf 89' lang='lat' dir='ltr'><strong>osten-</strong></span> 
     </span>
    </p>
   </div>
   <div class='ocr_carea' id='block_1_28' title="bbox 419 2431 1994 2505">
    <p class='ocr_par' dir='ltr' id='par_1_28' title="bbox 419 2431 1994 2505">
     <span class='ocr_line' id='line_1_28' title="bbox 419 2431 1994 2505; baseline 0.004 -20"><span class='ocrx_word' id='word_1_187' title='bbox 419 2431 575 2486; x_wconf 89' lang='lat' dir='ltr'><strong>deret</strong></span> <span class='ocrx_word' id='word_1_188' title='bbox 603 2434 789 2488; x_wconf 86' lang='lat' dir='ltr'><strong>itidem</strong></span> <span class='ocrx_word' id='word_1_189' title='bbox 825 2444 991 2505; x_wconf 87' lang='lat' dir='ltr'><strong>atque</strong></span> <span class='ocrx_word' id='word_1_190' title='bbox 1035 2436 1323 2491; x_wconf 83' lang='lat' dir='ltr'><strong>luminaria</strong></span> <span class='ocrx_word' id='word_1_191' title='bbox 1358 2438 1681 2491; x_wconf 83' lang='lat' dir='ltr'><strong>exoriuntur</strong></span> <span class='ocrx_word' id='word_1_192' title='bbox 1712 2445 1768 2490; x_wconf 91' lang='lat' dir='ltr'><strong>et</strong></span> <span class='ocrx_word' id='word_1_193' title='bbox 1801 2451 1994 2492; x_wconf 84' lang='lat' dir='ltr'><strong>versus</strong></span> 
     </span>
    </p>
   </div>
   <div class='ocr_carea' id='block_1_29' title="bbox 418 2525 1996 2593">
    <p class='ocr_par' dir='ltr' id='par_1_29' title="bbox 418 2525 1996 2593">
     <span class='ocr_line' id='line_1_29' title="bbox 418 2525 1996 2593; baseline 0.002 -15"><span class='ocrx_word' id='word_1_194' title='bbox 418 2525 759 2579; x_wconf 86' lang='lat' dir='ltr'><strong>occidentem</strong></span> <span class='ocrx_word' id='word_1_195' title='bbox 796 2542 958 2581; x_wconf 88' lang='lat' dir='ltr'><strong>cursu</strong></span> <span class='ocrx_word' id='word_1_196' title='bbox 1011 2526 1188 2581; x_wconf 86' lang='lat' dir='ltr'><strong>delata</strong></span> <span class='ocrx_word' id='word_1_197' title='bbox 1242 2527 1519 2593; x_wconf 77' lang='lat' dir='ltr'><strong>occidunt,</strong></span> <span class='ocrx_word' id='word_1_198' title='bbox 1577 2528 1658 2583; x_wconf 85' lang='lat' dir='ltr'><strong>sic</strong></span> <span class='ocrx_word' id='word_1_199' title='bbox 1720 2528 1996 2582; x_wconf 84' lang='lat' dir='ltr'><strong>hominem</strong></span> 
     </span>
    </p>
   </div>
   <div class='ocr_carea' id='block_1_30' title="bbox 417 2616 1998 2686">
    <p class='ocr_par' dir='ltr' id='par_1_30' title="bbox 417 2616 1998 2686">
     <span class='ocr_line' id='line_1_30' title="bbox 417 2616 1998 2686; baseline 0.001 -17"><span class='ocrx_word' id='word_1_200' title='bbox 417 2631 633 2686; x_wconf 78' lang='lat' dir='ltr'><strong>quoque</strong></span> <span class='ocrx_word' id='word_1_201' title='bbox 661 2616 729 2671; x_wconf 91' lang='lat' dir='ltr'><strong>de</strong></span> <span class='ocrx_word' id='word_1_202' title='bbox 760 2617 869 2670; x_wconf 82' lang='lat' dir='ltr'><strong>vita</strong></span> <span class='ocrx_word' id='word_1_203' title='bbox 895 2628 1286 2686; x_wconf 81' lang='lat' dir='ltr'><strong>perventurum</strong></span> <span class='ocrx_word' id='word_1_204' title='bbox 1330 2616 1398 2674; x_wconf 91' lang='lat' dir='ltr'><strong>ad</strong></span> <span class='ocrx_word' id='word_1_205' title='bbox 1428 2627 1691 2675; x_wconf 46' lang='lat' dir='ltr'><strong>imortem</strong></span> <span class='ocrx_word' id='word_1_206' title='bbox 1748 2634 1810 2673; x_wconf 90' lang='lat' dir='ltr'><strong>ac</strong></span> <span class='ocrx_word' id='word_1_207' title='bbox 1843 2618 1998 2672; x_wconf 88' lang='lat' dir='ltr'><strong>lumi-</strong></span> 
     </span>
    </p>
   </div>
   <div class='ocr_carea' id='block_1_31' title="bbox 416 2707 1995 2779">
    <p class='ocr_par' dir='ltr' id='par_1_31' title="bbox 416 2707 1995 2779">
     <span class='ocr_line' id='line_1_31' title="bbox 416 2707 1995 2779; baseline 0.003 -20"><span class='ocrx_word' id='word_1_208' title='bbox 416 2707 634 2760; x_wconf 88' lang='lat' dir='ltr'><strong>narium</strong></span> <span class='ocrx_word' id='word_1_209' title='bbox 665 2722 818 2761; x_wconf 92' lang='lat' dir='ltr'><strong>more</strong></span> <span class='ocrx_word' id='word_1_210' title='bbox 868 2723 1192 2762; x_wconf 88' lang='lat' dir='ltr'><strong>occasurum</strong></span> <span class='ocrx_word' id='word_1_211' title='bbox 1240 2709 1517 2779; x_wconf 90' lang='lat' dir='ltr'><strong>aliumque</strong></span> <span class='ocrx_word' id='word_1_212' title='bbox 1573 2725 1764 2765; x_wconf 88' lang='lat' dir='ltr'><strong>rursus</strong></span> <span class='ocrx_word' id='word_1_213' title='bbox 1816 2721 1995 2765; x_wconf 89' lang='lat' dir='ltr'><strong>ortum</strong></span> 
     </span>
    </p>
   </div>
   <div class='ocr_carea' id='block_1_32' title="bbox 418 2797 1992 2863">
    <p class='ocr_par' dir='ltr' id='par_1_32' title="bbox 418 2797 1992 2863">
     <span class='ocr_line' id='line_1_32' title="bbox 418 2797 1992 2863; baseline 0.003 -11"><span class='ocrx_word' id='word_1_214' title='bbox 418 2797 755 2863; x_wconf 76' lang='lat' dir='ltr'><strong>habiturum,</strong></span> <span class='ocrx_word' id='word_1_215' title='bbox 809 2799 1066 2854; x_wconf 80' lang='lat' dir='ltr'><strong>videlicet</strong></span> <span class='ocrx_word' id='word_1_216' title='bbox 1122 2810 1467 2856; x_wconf 89' lang='lat' dir='ltr'><strong>mortuorum</strong></span> <span class='ocrx_word' id='word_1_217' title='bbox 1507 2803 1992 2857; x_wconf 86' lang='lat' dir='ltr'><strong>resurrectionem.</strong></span> 
     </span>
    </p>
   </div>
   <div class='ocr_carea' id='block_1_33' title="bbox 415 2890 1997 2966">
    <p class='ocr_par' dir='ltr' id='par_1_33' title="bbox 415 2890 1997 2966">
     <span class='ocr_line' id='line_1_33' title="bbox 415 2890 1997 2966; baseline 0.004 -23"><span class='ocrx_word' id='word_1_218' title='bbox 415 2890 657 2944; x_wconf 83' lang='lat' dir='ltr'><strong>Adamus</strong></span> <span class='ocrx_word' id='word_1_219' title='bbox 679 2890 744 2944; x_wconf 90' lang='lat' dir='ltr'><strong>ad</strong></span> <span class='ocrx_word' id='word_1_220' title='bbox 771 2904 1023 2944; x_wconf 84' lang='lat' dir='ltr'><strong>occasum</strong></span> <span class='ocrx_word' id='word_1_221' title='bbox 1057 2906 1221 2946; x_wconf 91' lang='lat' dir='ltr'><strong>cursu</strong></span> <span class='ocrx_word' id='word_1_222' title='bbox 1260 2892 1473 2948; x_wconf 87' lang='lat' dir='ltr'><strong>delatus</strong></span> <span class='ocrx_word' id='word_1_223' title='bbox 1503 2900 1604 2959; x_wconf 81' lang='lat' dir='ltr'><strong>cst,</strong></span> <span class='ocrx_word' id='word_1_224' title='bbox 1640 2904 1693 2949; x_wconf 90' lang='lat' dir='ltr'><strong>et</strong></span> <span class='ocrx_word' id='word_1_225' title='bbox 1731 2894 1783 2947; x_wconf 94' lang='lat' dir='ltr'><strong>in</strong></span> <span class='ocrx_word' id='word_1_226' title='bbox 1813 2896 1997 2966; x_wconf 77' lang='lat' dir='ltr'><strong>sepul-</strong></span> 
     </span>
    </p>
   </div>
   <div class='ocr_carea' id='block_1_34' title="bbox 2104 424 3667 510">
    <p class='ocr_par' dir='ltr' id='par_1_34' title="bbox 2104 424 3667 510">
     <span class='ocr_line' id='line_1_34' title="bbox 2104 424 3667 510; baseline -0.006 -16"><span class='ocrx_word' id='word_1_227' title='bbox 2104 439 2276 510; x_wconf 81' lang='grc' dir='ltr'><strong>βῶλον</strong></span> <span class='ocrx_word' id='word_1_228' title='bbox 2316 441 2415 510; x_wconf 78' lang='grc' dir='ltr'><strong>τῆς</strong></span> <span class='ocrx_word' id='word_1_229' title='bbox 2466 443 2595 510; x_wconf 81' lang='grc' dir='ltr'><strong>γῆς,</strong></span> <span class='ocrx_word' id='word_1_230' title='bbox 2631 439 2706 501; x_wconf 75' lang='grc' dir='ltr'><strong>ὡς</strong></span> <span class='ocrx_word' id='word_1_231' title='bbox 2734 437 2853 491; x_wconf 72' lang='grc' dir='ltr'><strong>ἐστι</strong></span> <span class='ocrx_word' id='word_1_232' title='bbox 2890 424 3068 506; x_wconf 82' lang='grc' dir='ltr'><strong>μένει.</strong></span> <span class='ocrx_word' id='word_1_233' title='bbox 3102 433 3288 503; x_wconf 77' lang='grc' dir='ltr'>’Υδωρ</span> <span class='ocrx_word' id='word_1_234' title='bbox 3347 433 3444 485; x_wconf 73' lang='grc' dir='ltr'><strong>ἐὰν</strong></span> <span class='ocrx_word' id='word_1_235' title='bbox 3499 432 3667 503; x_wconf 76' lang='grc' dir='ltr'><strong>λάϐῃς</strong></span> 
     </span>
    </p>
   </div>
   <div class='ocr_carea' id='block_1_35' title="bbox 2102 524 3666 604">
    <p class='ocr_par' dir='ltr' id='par_1_35' title="bbox 2102 524 3666 604">
     <span class='ocr_line' id='line_1_35' title="bbox 2102 524 3666 604; baseline -0.004 -20"><span class='ocrx_word' id='word_1_236' title='bbox 2102 531 2287 604; x_wconf 80' lang='grc' dir='ltr'><strong>μέτρῳ</strong></span> <span class='ocrx_word' id='word_1_237' title='bbox 2315 533 2443 599; x_wconf 77' lang='grc' dir='ltr'><strong>τινὶ,</strong></span> <span class='ocrx_word' id='word_1_238' title='bbox 2490 532 2551 585; x_wconf 87' lang='grc' dir='ltr'>τὸ</span> <span class='ocrx_word' id='word_1_239' title='bbox 2580 531 2715 586; x_wconf 83' lang='grc' dir='ltr'><strong>αὐτὸ</strong></span> <span class='ocrx_word' id='word_1_240' title='bbox 2749 531 2901 601; x_wconf 86' lang='grc' dir='ltr'><strong>μένει</strong></span> <span class='ocrx_word' id='word_1_241' title='bbox 2937 526 3080 597; x_wconf 76' lang='grc' dir='ltr'>ὕδωρ</span> <span class='ocrx_word' id='word_1_242' title='bbox 3108 526 3202 579; x_wconf 79' lang='grc' dir='ltr'><strong>καὶ</strong></span> <span class='ocrx_word' id='word_1_243' title='bbox 3241 526 3561 597; x_wconf 76' lang='grc' dir='ltr'><strong>προσθήκην</strong></span> <span class='ocrx_word' id='word_1_244' title='bbox 3606 524 3666 578; x_wconf 77' lang='grc' dir='ltr'><strong>οὐ</strong></span> 
     </span>
    </p>
   </div>
   <div class='ocr_carea' id='block_1_36' title="bbox 2096 617 3670 695">
    <p class='ocr_par' dir='ltr' id='par_1_36' title="bbox 2096 617 3670 695">
     <span class='ocr_line' id='line_1_36' title="bbox 2096 617 3670 695; baseline -0.004 -18"><span class='ocrx_word' id='word_1_245' title='bbox 2096 624 2388 695; x_wconf 78' lang='grc' dir='ltr'><strong>λαμϐάνει.</strong></span> <span class='ocrx_word' id='word_1_246' title='bbox 2423 625 2609 694; x_wconf 59' lang='grc' dir='ltr'><strong>’Δέίρος</strong></span> <span class='ocrx_word' id='word_1_247' title='bbox 2636 624 2731 676; x_wconf 78' lang='grc' dir='ltr'>ἐὰν</span> <span class='ocrx_word' id='word_1_248' title='bbox 2763 618 3061 691; x_wconf 74' lang='grc' dir='ltr'><strong>πληρώσῃς</strong></span> <span class='ocrx_word' id='word_1_249' title='bbox 3098 617 3285 682; x_wconf 84' lang='grc' dir='ltr'><strong>ἀσκὸν,</strong></span> <span class='ocrx_word' id='word_1_250' title='bbox 3324 617 3482 671; x_wconf 70' lang='grc' dir='ltr'><strong>ἄλλον</strong></span> <span class='ocrx_word' id='word_1_251' title='bbox 3504 618 3670 671; x_wconf 78' lang='grc' dir='ltr'><strong>ἀσκ“ν</strong></span> 
     </span>
    </p>
   </div>
   <div class='ocr_carea' id='block_1_37' title="bbox 2100 708 3669 785">
    <p class='ocr_par' dir='ltr' id='par_1_37' title="bbox 2100 708 3669 785">
     <span class='ocr_line' id='line_1_37' title="bbox 2100 708 3669 785; baseline -0.009 -10"><span class='ocrx_word' id='word_1_252' title='bbox 2100 718 2158 783; x_wconf 68' lang='grc' dir='ltr'><strong>ἐξ</strong></span> <span class='ocrx_word' id='word_1_253' title='bbox 2212 718 2423 771; x_wconf 75' lang='grc' dir='ltr'><strong>ἐκείνου</strong></span> <span class='ocrx_word' id='word_1_254' title='bbox 2467 717 2750 785; x_wconf 78' lang='grc' dir='ltr'><strong>πληρῶσαι</strong></span> <span class='ocrx_word' id='word_1_255' title='bbox 2802 714 2863 766; x_wconf 87' lang='grc' dir='ltr'><strong>οὐ</strong></span> <span class='ocrx_word' id='word_1_256' title='bbox 2914 712 3161 766; x_wconf 77' lang='grc' dir='ltr'><strong>δύνασαι.</strong></span> <span class='ocrx_word' id='word_1_257' title='bbox 3196 710 3275 765; x_wconf 82' lang='grc' dir='ltr'>Τὸ</span> <span class='ocrx_word' id='word_1_258' title='bbox 3320 710 3379 764; x_wconf 79' lang='grc' dir='ltr'>δὲ</span> <span class='ocrx_word' id='word_1_259' title='bbox 3418 709 3550 780; x_wconf 82' lang='grc' dir='ltr'><strong>πῦρ,</strong></span> <span class='ocrx_word' id='word_1_260' title='bbox 3594 708 3669 773; x_wconf 78' lang='grc' dir='ltr'>ὡς</span> 
     </span>
    </p>
   </div>
   <div class='ocr_carea' id='block_1_38' title="bbox 2101 799 3669 879">
    <p class='ocr_par' dir='ltr' id='par_1_38' title="bbox 2101 799 3669 879">
     <span class='ocr_line' id='line_1_38' title="bbox 2101 799 3669 879; baseline -0.006 -18"><span class='ocrx_word' id='word_1_261' title='bbox 2101 808 2271 871; x_wconf 81' lang='grc' dir='ltr'><strong>ἐστιν,</strong></span> <span class='ocrx_word' id='word_1_262' title='bbox 2292 808 2358 861; x_wconf 46' lang='grc' dir='ltr'>κού</span> <span class='ocrx_word' id='word_1_263' title='bbox 2393 809 2522 875; x_wconf 85' lang='grc' dir='ltr'><strong>μένε</strong></span> <span class='ocrx_word' id='word_1_264' title='bbox 2533 810 2570 873; x_wconf 63' lang='grc' dir='ltr'><strong>ἲ,</strong></span> <span class='ocrx_word' id='word_1_265' title='bbox 2602 806 2715 859; x_wconf 78' lang='grc' dir='ltr'><strong>ἀλλ’</strong></span> <span class='ocrx_word' id='word_1_266' title='bbox 2741 807 2873 874; x_wconf 76' lang='grc' dir='ltr'><strong>ὅσην</strong></span> <span class='ocrx_word' id='word_1_267' title='bbox 2898 805 2994 856; x_wconf 76' lang='grc' dir='ltr'><strong>ἐὰν</strong></span> <span class='ocrx_word' id='word_1_268' title='bbox 3014 802 3185 879; x_wconf 74' lang='grc' dir='ltr'><strong>λάϐῃς</strong></span> <span class='ocrx_word' id='word_1_269' title='bbox 3208 802 3362 873; x_wconf 73' lang='grc' dir='ltr'><strong>ὓλην,</strong></span> <span class='ocrx_word' id='word_1_270' title='bbox 3385 799 3669 864; x_wconf 75' lang='grc' dir='ltr'><strong>πλεονάζει</strong></span> 
     </span>
    </p>
   </div>
   <div class='ocr_carea' id='block_1_39' title="bbox 2096 894 3666 971">
    <p class='ocr_par' dir='ltr' id='par_1_39' title="bbox 2096 894 3666 971">
     <span class='ocr_line' id='line_1_39' title="bbox 2096 894 3666 971; baseline -0.005 -16"><span class='ocrx_word' id='word_1_271' title='bbox 2096 901 2155 955; x_wconf 89' lang='grc' dir='ltr'>τὸ</span> <span class='ocrx_word' id='word_1_272' title='bbox 2184 898 2315 971; x_wconf 77' lang='grc' dir='ltr'>πῦρ.</span> <span class='ocrx_word' id='word_1_273' title='bbox 2358 900 2469 952; x_wconf 71' lang='grc' dir='ltr'><strong>Καὶ</strong></span> <span class='ocrx_word' id='word_1_274' title='bbox 2508 898 2737 968; x_wconf 58' lang='grc' dir='ltr'><strong>λύχνους</strong></span> <span class='ocrx_word' id='word_1_275' title='bbox 2768 898 2825 953; x_wconf 81' lang='grc' dir='ltr'>δὲ</span> <span class='ocrx_word' id='word_1_276' title='bbox 2856 895 3088 958; x_wconf 76' lang='grc' dir='ltr'><strong>πολλοὺς</strong></span> <span class='ocrx_word' id='word_1_277' title='bbox 3113 896 3207 951; x_wconf 75' lang='grc' dir='ltr'><strong>ἐὰν</strong></span> <span class='ocrx_word' id='word_1_278' title='bbox 3236 894 3296 960; x_wconf 70' lang='grc' dir='ltr'>ἐξ</span> <span class='ocrx_word' id='word_1_279' title='bbox 3323 894 3441 957; x_wconf 81' lang='grc' dir='ltr'><strong>ἑνὸς</strong></span> <span class='ocrx_word' id='word_1_280' title='bbox 3472 894 3666 965; x_wconf 76' lang='grc' dir='ltr'><strong>λύχνου</strong></span> 
     </span>
    </p>
   </div>
   <div class='ocr_carea' id='block_1_40' title="bbox 2097 985 3668 1063">
    <p class='ocr_par' dir='ltr' id='par_1_40' title="bbox 2097 985 3668 1063">
     <span class='ocr_line' id='line_1_40' title="bbox 2097 985 3668 1063; baseline -0.006 -17"><span class='ocrx_word' id='word_1_281' title='bbox 2097 991 2265 1063; x_wconf 48' lang='lat' dir='ltr'><strong>hinc,</strong></span> <span class='ocrx_word' id='word_1_282' title='bbox 2298 990 2357 1044; x_wconf 80' lang='grc' dir='ltr'><strong>οὐ</strong></span> <span class='ocrx_word' id='word_1_283' title='bbox 2390 992 2810 1059; x_wconf 79' lang='grc' dir='ltr'><strong>καινοτομήσεις</strong></span> <span class='ocrx_word' id='word_1_284' title='bbox 2841 989 3024 1041; x_wconf 81' lang='grc' dir='ltr'><strong>αὐτόν.</strong></span> <span class='ocrx_word' id='word_1_285' title='bbox 3073 988 3405 1059; x_wconf 83' lang='grc' dir='ltr'>Προσφόρως</span> <span class='ocrx_word' id='word_1_286' title='bbox 3434 985 3528 1039; x_wconf 80' lang='grc' dir='ltr'><strong>οὖν</strong></span> <span class='ocrx_word' id='word_1_287' title='bbox 3571 985 3668 1038; x_wconf 82' lang='grc' dir='ltr'><strong>αὐ-</strong></span> 
     </span>
    </p>
   </div>
   <div class='ocr_carea' id='block_1_41' title="bbox 2099 1076 3667 1152">
    <p class='ocr_par' dir='ltr' id='par_1_41' title="bbox 2099 1076 3667 1152">
     <span class='ocr_line' id='line_1_41' title="bbox 2099 1076 3667 1152; baseline -0.004 -15"><span class='ocrx_word' id='word_1_288' title='bbox 2099 1083 2187 1138; x_wconf 77' lang='grc' dir='ltr'><strong>τὸν</strong></span> <span class='ocrx_word' id='word_1_289' title='bbox 2232 1083 2487 1136; x_wconf 69' lang='grc' dir='ltr'><strong>ἐκάλεσεν</strong></span> <span class='ocrx_word' id='word_1_290' title='bbox 2519 1082 2824 1152; x_wconf 79' lang='grc' dir='ltr'><strong>ἄνθρωπον.</strong></span> <span class='ocrx_word' id='word_1_291' title='bbox 2859 1079 3014 1134; x_wconf 82' lang='grc' dir='ltr'><strong>Κατὰ</strong></span> <span class='ocrx_word' id='word_1_292' title='bbox 3043 1078 3199 1132; x_wconf 79' lang='grc' dir='ltr'><strong>τοῦτο</strong></span> <span class='ocrx_word' id='word_1_293' title='bbox 3240 1078 3295 1132; x_wconf 83' lang='grc' dir='ltr'>δὲ</span> <span class='ocrx_word' id='word_1_294' title='bbox 3343 1079 3432 1131; x_wconf 77' lang='grc' dir='ltr'><strong>καὶ</strong></span> <span class='ocrx_word' id='word_1_295' title='bbox 3461 1077 3539 1146; x_wconf 87' lang='grc' dir='ltr'><strong>τῷ</strong></span> <span class='ocrx_word' id='word_1_296' title='bbox 3574 1076 3667 1130; x_wconf 77' lang='grc' dir='ltr'><strong>τοῦ</strong></span> 
     </span>
    </p>
   </div>
   <div class='ocr_carea' id='block_1_42' title="bbox 2109 1165 3669 1244">
    <p class='ocr_par' dir='ltr' id='par_1_42' title="bbox 2109 1165 3669 1244">
     <span class='ocr_line' id='line_1_42' title="bbox 2109 1165 3669 1244; baseline -0.006 -16"><span class='ocrx_word' id='word_1_297' title='bbox 2109 1174 2281 1244; x_wconf 75' lang='grc' dir='ltr'>Ἀδὰμ</span> <span class='ocrx_word' id='word_1_298' title='bbox 2326 1172 2558 1244; x_wconf 83' lang='grc' dir='ltr'><strong>ὀνόματι</strong></span> <span class='ocrx_word' id='word_1_299' title='bbox 2598 1171 3042 1241; x_wconf 79' lang='grc' dir='ltr'><strong>προσηγόρευσεν</strong></span> <span class='ocrx_word' id='word_1_300' title='bbox 3075 1168 3260 1224; x_wconf 80' lang='grc' dir='ltr'><strong>αὐτόν.</strong></span> <span class='ocrx_word' id='word_1_301' title='bbox 3299 1165 3515 1237; x_wconf 79' lang='grc' dir='ltr'><strong>Ἐπειδὴ</strong></span> <span class='ocrx_word' id='word_1_302' title='bbox 3560 1167 3669 1237; x_wconf 80' lang='grc' dir='ltr'><strong>γὰρ</strong></span> 
     </span>
    </p>
   </div>
   <div class='ocr_carea' id='block_1_43' title="bbox 2095 1257 3666 1337">
    <p class='ocr_par' dir='ltr' id='par_1_43' title="bbox 2095 1257 3666 1337">
     <span class='ocr_line' id='line_1_43' title="bbox 2095 1257 3666 1337; baseline -0.006 -19"><span class='ocrx_word' id='word_1_303' title='bbox 2095 1265 2329 1337; x_wconf 71' lang='grc' dir='ltr'><strong>ἤμελλεν</strong></span> <span class='ocrx_word' id='word_1_304' title='bbox 2361 1264 2430 1317; x_wconf 87' lang='grc' dir='ltr'><strong>τὰ</strong></span> <span class='ocrx_word' id='word_1_305' title='bbox 2461 1264 2707 1331; x_wconf 84' lang='grc' dir='ltr'><strong>τέσσαρα</strong></span> <span class='ocrx_word' id='word_1_306' title='bbox 2747 1260 2987 1328; x_wconf 80' lang='grc' dir='ltr'><strong>κλίματα</strong></span> <span class='ocrx_word' id='word_1_307' title='bbox 3010 1258 3071 1324; x_wconf 81' lang='grc' dir='ltr'>ἐξ</span> <span class='ocrx_word' id='word_1_308' title='bbox 3101 1258 3266 1311; x_wconf 79' lang='grc' dir='ltr'><strong>αὑτοῦ</strong></span> <span class='ocrx_word' id='word_1_309' title='bbox 3307 1257 3666 1328; x_wconf 81' lang='grc' dir='ltr'><strong>πληροῦσθαι,</strong></span> 
     </span>
    </p>
   </div>
   <div class='ocr_carea' id='block_1_44' title="bbox 2095 1350 3668 1422">
    <p class='ocr_par' dir='ltr' id='par_1_44' title="bbox 2095 1350 3668 1422">
     <span class='ocr_line' id='line_1_44' title="bbox 2095 1350 3668 1422; baseline -0.008 -11"><span class='ocrx_word' id='word_1_310' title='bbox 2095 1357 2157 1411; x_wconf 81' lang='grc' dir='ltr'>τὸ</span> <span class='ocrx_word' id='word_1_311' title='bbox 2184 1356 2427 1410; x_wconf 79' lang='grc' dir='ltr'><strong>τοιοῦτον</strong></span> <span class='ocrx_word' id='word_1_312' title='bbox 2477 1354 2626 1422; x_wconf 82' lang='grc' dir='ltr'><strong>αὐτῷ</strong></span> <span class='ocrx_word' id='word_1_313' title='bbox 2688 1350 3144 1421; x_wconf 84' lang='grc' dir='ltr'><strong>προσεπιτίθησιν</strong></span> <span class='ocrx_word' id='word_1_314' title='bbox 3187 1350 3383 1417; x_wconf 76' lang='grc' dir='ltr'><strong>ὄνομα.</strong></span> <span class='ocrx_word' id='word_1_315' title='bbox 3420 1351 3526 1401; x_wconf 82' lang='grc' dir='ltr'><strong>Καὶ</strong></span> <span class='ocrx_word' id='word_1_316' title='bbox 3567 1350 3668 1420; x_wconf 81' lang='grc' dir='ltr'><strong>ὅρα</strong></span> 
     </span>
    </p>
   </div>
   <div class='ocr_carea' id='block_1_45' title="bbox 2095 1438 3667 1512">
    <p class='ocr_par' dir='ltr' id='par_1_45' title="bbox 2095 1438 3667 1512">
     <span class='ocr_line' id='line_1_45' title="bbox 2095 1438 3667 1512; baseline -0.006 -13"><span class='ocrx_word' id='word_1_317' title='bbox 2095 1445 2163 1499; x_wconf 68' lang='grc' dir='ltr'><strong>τὰ</strong></span> <span class='ocrx_word' id='word_1_318' title='bbox 2197 1444 2293 1498; x_wconf 83' lang='grc' dir='ltr'><strong>τοῦ</strong></span> <span class='ocrx_word' id='word_1_319' title='bbox 2332 1444 2570 1498; x_wconf 83' lang='grc' dir='ltr'><strong>τοιούτου</strong></span> <span class='ocrx_word' id='word_1_320' title='bbox 2606 1443 2868 1512; x_wconf 81' lang='grc' dir='ltr'><strong>ὀνόματος</strong></span> <span class='ocrx_word' id='word_1_321' title='bbox 2916 1441 3243 1510; x_wconf 77' lang='grc' dir='ltr'><strong>γράμματα.</strong></span> <span class='ocrx_word' id='word_1_322' title='bbox 3294 1439 3375 1492; x_wconf 75' lang='grc' dir='ltr'><strong>Τὰ</strong></span> <span class='ocrx_word' id='word_1_323' title='bbox 3422 1438 3667 1508; x_wconf 74' lang='grc' dir='ltr'><strong>τέσσαρα</strong></span> 
     </span>
    </p>
   </div>
   <div class='ocr_carea' id='block_1_46' title="bbox 2096 1528 3667 1604">
    <p class='ocr_par' dir='ltr' id='par_1_46' title="bbox 2096 1528 3667 1604">
     <span class='ocr_line' id='line_1_46' title="bbox 2096 1528 3667 1604; baseline -0.004 -18"><span class='ocrx_word' id='word_1_324' title='bbox 2096 1537 2206 1602; x_wconf 81' lang='grc' dir='ltr'><strong>γὰρ</strong></span> <span class='ocrx_word' id='word_1_325' title='bbox 2257 1533 2660 1604; x_wconf 76' lang='grc' dir='ltr'><strong>ὑπεμιραίνουσι</strong></span> <span class='ocrx_word' id='word_1_326' title='bbox 2695 1531 2973 1600; x_wconf 74' lang='grc' dir='ltr'><strong>κλίματαο</strong></span> <span class='ocrx_word' id='word_1_327' title='bbox 3013 1530 3156 1597; x_wconf 75' lang='grc' dir='ltr'><strong>ἄλφα</strong></span> <span class='ocrx_word' id='word_1_328' title='bbox 3205 1528 3465 1597; x_wconf 76' lang='grc' dir='ltr'><strong>ἀνατολὴ,</strong></span> <span class='ocrx_word' id='word_1_329' title='bbox 3509 1528 3667 1581; x_wconf 83' lang='grc' dir='ltr'><strong>δέλτα</strong></span> 
     </span>
    </p>
   </div>
   <div class='ocr_carea' id='block_1_47' title="bbox 2094 1619 3669 1694">
    <p class='ocr_par' dir='ltr' id='par_1_47' title="bbox 2094 1619 3669 1694">
     <span class='ocr_line' id='line_1_47' title="bbox 2094 1619 3669 1694; baseline -0.003 -16"><span class='ocrx_word' id='word_1_330' title='bbox 2094 1626 2270 1691; x_wconf 84' lang='grc' dir='ltr'><strong>δύσις,</strong></span> <span class='ocrx_word' id='word_1_331' title='bbox 2305 1626 2451 1693; x_wconf 72' lang='grc' dir='ltr'><strong>ἄλφα</strong></span> <span class='ocrx_word' id='word_1_332' title='bbox 2496 1625 2720 1694; x_wconf 80' lang='grc' dir='ltr'><strong>ἄρκτος,</strong></span> <span class='ocrx_word' id='word_1_333' title='bbox 2760 1622 2834 1691; x_wconf 87' lang='grc' dir='ltr'><strong>μῦ</strong></span> <span class='ocrx_word' id='word_1_334' title='bbox 2872 1620 3211 1692; x_wconf 73' lang='grc' dir='ltr'><strong>μεσημϐρία.</strong></span> <span class='ocrx_word' id='word_1_335' title='bbox 3246 1620 3441 1684; x_wconf 82' lang='grc' dir='ltr'><strong>Καλῶς</strong></span> <span class='ocrx_word' id='word_1_336' title='bbox 3488 1619 3579 1674; x_wconf 82' lang='grc' dir='ltr'><strong>οὖν</strong></span> <span class='ocrx_word' id='word_1_337' title='bbox 3608 1621 3669 1673; x_wconf 88' lang='grc' dir='ltr'>τὸ</span> 
     </span>
    </p>
   </div>
   <div class='ocr_carea' id='block_1_48' title="bbox 2096 1711 3666 1784">
    <p class='ocr_par' dir='ltr' id='par_1_48' title="bbox 2096 1711 3666 1784">
     <span class='ocr_line' id='line_1_48' title="bbox 2096 1711 3666 1784; baseline -0.005 -13"><span class='ocrx_word' id='word_1_338' title='bbox 2096 1717 2339 1771; x_wconf 82' lang='grc' dir='ltr'><strong>τοιοῦτον</strong></span> <span class='ocrx_word' id='word_1_339' title='bbox 2387 1716 2529 1780; x_wconf 82' lang='grc' dir='ltr'><strong>ζῶον</strong></span> <span class='ocrx_word' id='word_1_340' title='bbox 2571 1715 2664 1768; x_wconf 76' lang='grc' dir='ltr'><strong>καὶ</strong></span> <span class='ocrx_word' id='word_1_341' title='bbox 2720 1714 2893 1784; x_wconf 72' lang='grc' dir='ltr'>Ἀδὰμ</span> <span class='ocrx_word' id='word_1_342' title='bbox 2923 1714 3018 1767; x_wconf 75' lang='grc' dir='ltr'><strong>καὶ</strong></span> <span class='ocrx_word' id='word_1_343' title='bbox 3067 1712 3354 1781; x_wconf 78' lang='grc' dir='ltr'><strong>ἄνθρωπον</strong></span> <span class='ocrx_word' id='word_1_344' title='bbox 3396 1711 3666 1783; x_wconf 84' lang='grc' dir='ltr'><strong>προσηγό-</strong></span> 
     </span>
    </p>
   </div>
   <div class='ocr_carea' id='block_1_49' title="bbox 2101 1798 3668 1880">
    <p class='ocr_par' dir='ltr' id='par_1_49' title="bbox 2101 1798 3668 1880">
     <span class='ocr_line' id='line_1_49' title="bbox 2101 1798 3668 1880; baseline -0.004 -18"><span class='ocrx_word' id='word_1_345' title='bbox 2101 1798 2295 1880; x_wconf 80' lang='grc' dir='ltr'><strong>ρευσεν</strong></span> <span class='ocrx_word' id='word_1_346' title='bbox 2319 1825 2334 1841; x_wconf 77' lang='grc' dir='ltr'><strong><em>ο</em></strong></span> <span class='ocrx_word' id='word_1_347' title='bbox 2365 1806 2426 1871; x_wconf 69' lang='grc' dir='ltr'>ἑξ</span> <span class='ocrx_word' id='word_1_348' title='bbox 2455 1805 2621 1860; x_wconf 79' lang='grc' dir='ltr'><strong>αὐτοῦ</strong></span> <span class='ocrx_word' id='word_1_349' title='bbox 2654 1806 2783 1875; x_wconf 80' lang='grc' dir='ltr'><strong>γὰρ,</strong></span> <span class='ocrx_word' id='word_1_350' title='bbox 2826 1805 2900 1867; x_wconf 82' lang='grc' dir='ltr'><strong>ὡς</strong></span> <span class='ocrx_word' id='word_1_351' title='bbox 2947 1804 3295 1875; x_wconf 85' lang='grc' dir='ltr'><strong>προείρηται,</strong></span> <span class='ocrx_word' id='word_1_352' title='bbox 3329 1802 3396 1856; x_wconf 80' lang='grc' dir='ltr'><strong>τὰ</strong></span> <span class='ocrx_word' id='word_1_353' title='bbox 3427 1802 3668 1873; x_wconf 76' lang='grc' dir='ltr'>τέσσαρα</span> 
     </span>
    </p>
   </div>
   <div class='ocr_carea' id='block_1_50' title="bbox 2097 1894 3669 1970">
    <p class='ocr_par' dir='ltr' id='par_1_50' title="bbox 2097 1894 3669 1970">
     <span class='ocr_line' id='line_1_50' title="bbox 2097 1894 3669 1970; baseline -0.004 -18"><span class='ocrx_word' id='word_1_354' title='bbox 2097 1900 2459 1970; x_wconf 77' lang='grc' dir='ltr'><strong>πεπλήρωται</strong></span> <span class='ocrx_word' id='word_1_355' title='bbox 2506 1899 2762 1966; x_wconf 78' lang='grc' dir='ltr'><strong>κλίματα.</strong></span> <span class='ocrx_word' id='word_1_356' title='bbox 2810 1897 2976 1965; x_wconf 81' lang='grc' dir='ltr'><strong>Λέγει</strong></span> <span class='ocrx_word' id='word_1_357' title='bbox 3033 1896 3204 1965; x_wconf 78' lang='grc' dir='ltr'><strong>γὰρη</strong></span> <span class='ocrx_word' id='word_1_358' title='bbox 3242 1895 3465 1965; x_wconf 75' lang='grc' dir='ltr'><strong>Γραφήο</strong></span> <span class='ocrx_word' id='word_1_359' title='bbox 3501 1913 3519 1947; x_wconf 81' lang='grc' dir='ltr'><strong>ι</strong></span> <span class='ocrx_word' id='word_1_360' title='bbox 3555 1894 3669 1949; x_wconf 77' lang='grc' dir='ltr'><strong>Καὶ</strong></span> 
     </span>
    </p>
   </div>
   <div class='ocr_carea' id='block_1_51' title="bbox 2096 1987 3667 2060">
    <p class='ocr_par' dir='ltr' id='par_1_51' title="bbox 2096 1987 3667 2060">
     <span class='ocr_line' id='line_1_51' title="bbox 2096 1987 3667 2060; baseline -0.004 -15"><span class='ocrx_word' id='word_1_361' title='bbox 2096 1992 2395 2060; x_wconf 71' lang='grc' dir='ltr'><strong>ἐφύτευσεν</strong></span> <span class='ocrx_word' id='word_1_362' title='bbox 2422 1993 2450 2044; x_wconf 91' lang='grc' dir='ltr'><strong>ό</strong></span> <span class='ocrx_word' id='word_1_363' title='bbox 2476 1990 2607 2056; x_wconf 80' lang='grc' dir='ltr'>Θεὸς</span> <span class='ocrx_word' id='word_1_364' title='bbox 2649 1990 2979 2060; x_wconf 78' lang='grc' dir='ltr'><strong>παράδεισον</strong></span> <span class='ocrx_word' id='word_1_365' title='bbox 3010 1988 3069 2042; x_wconf 79' lang='grc' dir='ltr'><strong>ὲν</strong></span> <span class='ocrx_word' id='word_1_366' title='bbox 3111 1988 3270 2056; x_wconf 76' lang='grc' dir='ltr'><strong>Ὲδὲμ</strong></span> <span class='ocrx_word' id='word_1_367' title='bbox 3302 1987 3442 2041; x_wconf 62' lang='grc' dir='ltr'><strong>κατὰ</strong></span> <span class='ocrx_word' id='word_1_368' title='bbox 3472 1988 3667 2039; x_wconf 73' lang='grc' dir='ltr'><strong>ἀνατοο</strong></span> 
     </span>
    </p>
   </div>
   <div class='ocr_carea' id='block_1_52' title="bbox 2096 2076 3663 2150">
    <p class='ocr_par' dir='ltr' id='par_1_52' title="bbox 2096 2076 3663 2150">
     <span class='ocr_line' id='line_1_52' title="bbox 2096 2076 3663 2150; baseline -0.005 -13"><span class='ocrx_word' id='word_1_369' title='bbox 2096 2086 2215 2148; x_wconf 81' lang='grc' dir='ltr'><strong>λάς.</strong></span> <span class='ocrx_word' id='word_1_370' title='bbox 2258 2103 2276 2136; x_wconf 72' lang='grc' dir='ltr'><strong>ο</strong></span> <span class='ocrx_word' id='word_1_371' title='bbox 2311 2083 2410 2137; x_wconf 85' lang='grc' dir='ltr'><strong>Διὰ</strong></span> <span class='ocrx_word' id='word_1_372' title='bbox 2452 2083 2505 2133; x_wconf 86' lang='grc' dir='ltr'>τί</span> <span class='ocrx_word' id='word_1_373' title='bbox 2533 2080 2589 2134; x_wconf 82' lang='grc' dir='ltr'>δὲ</span> <span class='ocrx_word' id='word_1_374' title='bbox 2633 2081 2706 2150; x_wconf 78' lang='grc' dir='ltr'><strong>μὴ</strong></span> <span class='ocrx_word' id='word_1_375' title='bbox 2746 2081 2828 2144; x_wconf 77' lang='grc' dir='ltr'>είς</span> <span class='ocrx_word' id='word_1_376' title='bbox 2857 2079 2987 2135; x_wconf 74' lang='grc' dir='ltr'><strong>ἄλλο</strong></span> <span class='ocrx_word' id='word_1_377' title='bbox 3012 2079 3183 2146; x_wconf 82' lang='grc' dir='ltr'><strong>κλίμα</strong></span> <span class='ocrx_word' id='word_1_378' title='bbox 3213 2078 3303 2132; x_wconf 84' lang='grc' dir='ltr'><strong>τὸν</strong></span> <span class='ocrx_word' id='word_1_379' title='bbox 3330 2076 3663 2146; x_wconf 80' lang='grc' dir='ltr'><strong>παράδεισον</strong></span> 
     </span>
    </p>
   </div>
   <div class='ocr_carea' id='block_1_53' title="bbox 2096 2166 3665 2245">
    <p class='ocr_par' dir='ltr' id='par_1_53' title="bbox 2096 2166 3665 2245">
     <span class='ocr_line' id='line_1_53' title="bbox 2096 2166 3665 2245; baseline -0.006 -14"><span class='ocrx_word' id='word_1_380' title='bbox 2096 2177 2415 2245; x_wconf 67' lang='grc' dir='ltr'><strong>ἐφύτευσεν.</strong></span> <span class='ocrx_word' id='word_1_381' title='bbox 2466 2173 2602 2226; x_wconf 71' lang='grc' dir='ltr'><strong>ἀλλὰ</strong></span> <span class='ocrx_word' id='word_1_382' title='bbox 2645 2173 2763 2225; x_wconf 77' lang='grc' dir='ltr'><strong>κατ’</strong></span> <span class='ocrx_word' id='word_1_383' title='bbox 2795 2172 3058 2231; x_wconf 74' lang='grc' dir='ltr'><strong>ἀνατολάς</strong></span> <span class='ocrx_word' id='word_1_384' title='bbox 3086 2187 3101 2234; x_wconf 83' lang='lat'><strong>;</strong></span> <span class='ocrx_word' id='word_1_385' title='bbox 3132 2170 3300 2222; x_wconf 81' lang='grc' dir='ltr'><strong>Ὅθεν</strong></span> <span class='ocrx_word' id='word_1_386' title='bbox 3326 2170 3360 2239; x_wconf 76' lang='grc' dir='ltr'><strong>ἡ</strong></span> <span class='ocrx_word' id='word_1_387' title='bbox 3396 2168 3539 2239; x_wconf 78' lang='grc' dir='ltr'><strong>ἀρχὴ</strong></span> <span class='ocrx_word' id='word_1_388' title='bbox 3569 2166 3665 2222; x_wconf 77' lang='grc' dir='ltr'><strong>τοῦ</strong></span> 
     </span>
    </p>
   </div>
   <div class='ocr_carea' id='block_1_54' title="bbox 2095 2260 3666 2338">
    <p class='ocr_par' dir='ltr' id='par_1_54' title="bbox 2095 2260 3666 2338">
     <span class='ocr_line' id='line_1_54' title="bbox 2095 2260 3666 2338; baseline -0.006 -17"><span class='ocrx_word' id='word_1_389' title='bbox 2095 2268 2294 2338; x_wconf 82' lang='grc' dir='ltr'><strong>δρόμου</strong></span> <span class='ocrx_word' id='word_1_390' title='bbox 2341 2266 2451 2319; x_wconf 83' lang='grc' dir='ltr'><strong>τῶν</strong></span> <span class='ocrx_word' id='word_1_391' title='bbox 2488 2266 2821 2333; x_wconf 77' lang='grc' dir='ltr'><strong>φωστήρων,</strong></span> <span class='ocrx_word' id='word_1_392' title='bbox 2854 2262 3065 2319; x_wconf 77' lang='grc' dir='ltr'><strong>ἐκεῖθεν</strong></span> <span class='ocrx_word' id='word_1_393' title='bbox 3097 2260 3192 2317; x_wconf 74' lang='grc' dir='ltr'><strong>καὶ</strong></span> <span class='ocrx_word' id='word_1_394' title='bbox 3217 2262 3251 2330; x_wconf 79' lang='grc' dir='ltr'><strong>ὴ</strong></span> <span class='ocrx_word' id='word_1_395' title='bbox 3285 2262 3530 2329; x_wconf 81' lang='grc' dir='ltr'><strong>διαγωγὴ</strong></span> <span class='ocrx_word' id='word_1_396' title='bbox 3557 2260 3666 2313; x_wconf 81' lang='grc' dir='ltr'><strong>τῶν</strong></span> 
     </span>
    </p>
   </div>
   <div class='ocr_carea' id='block_1_55' title="bbox 2100 2350 3665 2429">
    <p class='ocr_par' dir='ltr' id='par_1_55' title="bbox 2100 2350 3665 2429">
     <span class='ocr_line' id='line_1_55' title="bbox 2100 2350 3665 2429; baseline -0.006 -17"><span class='ocrx_word' id='word_1_397' title='bbox 2100 2359 2425 2429; x_wconf 77' lang='grc' dir='ltr'>ἀνθρώπων.</span> <span class='ocrx_word' id='word_1_398' title='bbox 2450 2354 2763 2427; x_wconf 80' lang='grc' dir='ltr'><strong>Προμηνύει</strong></span> <span class='ocrx_word' id='word_1_399' title='bbox 2793 2357 2821 2409; x_wconf 88' lang='grc' dir='ltr'><strong>ό</strong></span> <span class='ocrx_word' id='word_1_400' title='bbox 2847 2353 2980 2417; x_wconf 78' lang='grc' dir='ltr'>Θεὸς</span> <span class='ocrx_word' id='word_1_401' title='bbox 3006 2355 3065 2406; x_wconf 83' lang='grc' dir='ltr'>τὸ</span> <span class='ocrx_word' id='word_1_402' title='bbox 3106 2352 3318 2427; x_wconf 83' lang='grc' dir='ltr'><strong>μέλλον.</strong></span> <span class='ocrx_word' id='word_1_403' title='bbox 3352 2352 3505 2407; x_wconf 83' lang='grc' dir='ltr'><strong>Κατὰ</strong></span> <span class='ocrx_word' id='word_1_404' title='bbox 3535 2350 3665 2404; x_wconf 86' lang='grc' dir='ltr'><strong>ἀνα-</strong></span> 
     </span>
    </p>
   </div>
   <div class='ocr_carea' id='block_1_56' title="bbox 2096 2444 3665 2521">
    <p class='ocr_par' dir='ltr' id='par_1_56' title="bbox 2096 2444 3665 2521">
     <span class='ocr_line' id='line_1_56' title="bbox 2096 2444 3665 2521; baseline -0.004 -18"><span class='ocrx_word' id='word_1_405' title='bbox 2096 2451 2253 2520; x_wconf 78' lang='grc' dir='ltr'><strong>τολὴν</strong></span> <span class='ocrx_word' id='word_1_406' title='bbox 2297 2452 2355 2503; x_wconf 70' lang='grc' dir='ltr'><strong>ἐν</strong></span> <span class='ocrx_word' id='word_1_407' title='bbox 2398 2449 2477 2521; x_wconf 80' lang='grc' dir='ltr'><strong>τῷ</strong></span> <span class='ocrx_word' id='word_1_408' title='bbox 2508 2448 2817 2517; x_wconf 84' lang='grc' dir='ltr'><strong>παραδείσῳ</strong></span> <span class='ocrx_word' id='word_1_409' title='bbox 2857 2446 3041 2516; x_wconf 85' lang='grc' dir='ltr'><strong>τίθησι</strong></span> <span class='ocrx_word' id='word_1_410' title='bbox 3097 2447 3187 2500; x_wconf 85' lang='grc' dir='ltr'><strong>τὸν</strong></span> <span class='ocrx_word' id='word_1_411' title='bbox 3231 2444 3539 2515; x_wconf 71' lang='grc' dir='ltr'><strong>ἄνθρωπον,</strong></span> <span class='ocrx_word' id='word_1_412' title='bbox 3574 2444 3665 2497; x_wconf 70' lang='grc' dir='ltr'><strong>ἵνα</strong></span> 
     </span>
    </p>
   </div>
   <div class='ocr_carea' id='block_1_57' title="bbox 2095 2531 3662 2611">
    <p class='ocr_par' dir='ltr' id='par_1_57' title="bbox 2095 2531 3662 2611">
     <span class='ocr_line' id='line_1_57' title="bbox 2095 2531 3662 2611; baseline -0.006 -17"><span class='ocrx_word' id='word_1_413' title='bbox 2095 2541 2243 2611; x_wconf 79' lang='grc' dir='ltr'>δείξῃ</span> <span class='ocrx_word' id='word_1_414' title='bbox 2275 2542 2357 2594; x_wconf 81' lang='grc' dir='ltr'><strong>ὅτι</strong></span> <span class='ocrx_word' id='word_1_415' title='bbox 2381 2540 2569 2606; x_wconf 81' lang='grc' dir='ltr'>ὥσπερ</span> <span class='ocrx_word' id='word_1_416' title='bbox 2596 2531 2742 2592; x_wconf 75' lang='grc' dir='ltr'><strong>οὗτοι</strong></span> <span class='ocrx_word' id='word_1_417' title='bbox 2784 2538 2834 2591; x_wconf 77' lang='grc' dir='ltr'><strong>οἰ</strong></span> <span class='ocrx_word' id='word_1_418' title='bbox 2871 2538 3155 2606; x_wconf 76' lang='grc' dir='ltr'><strong>φωστῆρες</strong></span> <span class='ocrx_word' id='word_1_419' title='bbox 3186 2536 3535 2588; x_wconf 82' lang='grc' dir='ltr'><strong>ἀνατέλλουσι</strong></span> <span class='ocrx_word' id='word_1_420' title='bbox 3566 2534 3662 2585; x_wconf 72' lang='grc' dir='ltr'><strong>καὶ</strong></span> 
     </span>
    </p>
   </div>
   <div class='ocr_carea' id='block_1_58' title="bbox 2097 2624 3664 2702">
    <p class='ocr_par' dir='ltr' id='par_1_58' title="bbox 2097 2624 3664 2702">
     <span class='ocr_line' id='line_1_58' title="bbox 2097 2624 3664 2702; baseline -0.005 -17"><span class='ocrx_word' id='word_1_421' title='bbox 2097 2634 2385 2702; x_wconf 78' lang='grc' dir='ltr'><strong>τρέχουσιν</strong></span> <span class='ocrx_word' id='word_1_422' title='bbox 2415 2634 2494 2696; x_wconf 84' lang='grc' dir='ltr'><strong>είς</strong></span> <span class='ocrx_word' id='word_1_423' title='bbox 2520 2631 2677 2685; x_wconf 85' lang='grc' dir='ltr'><strong>δύσιν</strong></span> <span class='ocrx_word' id='word_1_424' title='bbox 2709 2631 2803 2684; x_wconf 80' lang='grc' dir='ltr'><strong>καὶ</strong></span> <span class='ocrx_word' id='word_1_425' title='bbox 2834 2629 3106 2694; x_wconf 83' lang='grc' dir='ltr'><strong>δύνουσιν,</strong></span> <span class='ocrx_word' id='word_1_426' title='bbox 3152 2627 3326 2690; x_wconf 74' lang='grc' dir='ltr'><strong>οὕτως</strong></span> <span class='ocrx_word' id='word_1_427' title='bbox 3355 2625 3448 2679; x_wconf 80' lang='grc' dir='ltr'><strong>καὶ</strong></span> <span class='ocrx_word' id='word_1_428' title='bbox 3478 2624 3664 2678; x_wconf 78' lang='grc' dir='ltr'><strong>τοῦτον</strong></span> 
     </span>
    </p>
   </div>
   <div class='ocr_carea' id='block_1_59' title="bbox 2096 2703 3663 2793">
    <p class='ocr_par' dir='ltr' id='par_1_59' title="bbox 2096 2703 3663 2793">
     <span class='ocr_line' id='line_1_59' title="bbox 2096 2703 3663 2793; baseline -0.006 -14"><span class='ocrx_word' id='word_1_429' title='bbox 2096 2726 2176 2779; x_wconf 85' lang='grc' dir='ltr'>δεῖ</span> <span class='ocrx_word' id='word_1_430' title='bbox 2220 2724 2328 2779; x_wconf 84' lang='grc' dir='ltr'><strong>ἀπὸ</strong></span> <span class='ocrx_word' id='word_1_431' title='bbox 2370 2727 2468 2793; x_wconf 73' lang='grc' dir='ltr'><strong>τῆς</strong></span> <span class='ocrx_word' id='word_1_432' title='bbox 2524 2723 2670 2792; x_wconf 77' lang='grc' dir='ltr'><strong>ζωῆς</strong></span> <span class='ocrx_word' id='word_1_433' title='bbox 2717 2722 2799 2783; x_wconf 82' lang='grc' dir='ltr'>είς</span> <span class='ocrx_word' id='word_1_434' title='bbox 2849 2721 3080 2776; x_wconf 80' lang='grc' dir='ltr'><strong>θάνατον</strong></span> <span class='ocrx_word' id='word_1_435' title='bbox 3112 2703 3344 2789; x_wconf 75' lang='grc' dir='ltr'>δραμεῖν</span> <span class='ocrx_word' id='word_1_436' title='bbox 3385 2717 3481 2771; x_wconf 70' lang='grc' dir='ltr'><strong>καὶ</strong></span> <span class='ocrx_word' id='word_1_437' title='bbox 3507 2717 3663 2770; x_wconf 82' lang='grc' dir='ltr'>δῦσαι</span> 
     </span>
    </p>
   </div>
   <div class='ocr_carea' id='block_1_60' title="bbox 2097 2808 3663 2883">
    <p class='ocr_par' dir='ltr' id='par_1_60' title="bbox 2097 2808 3663 2883">
     <span class='ocr_line' id='line_1_60' title="bbox 2097 2808 3663 2883; baseline -0.007 -13"><span class='ocrx_word' id='word_1_438' title='bbox 2097 2818 2238 2870; x_wconf 76' lang='grc' dir='ltr'><strong>κατὰ</strong></span> <span class='ocrx_word' id='word_1_439' title='bbox 2268 2817 2359 2870; x_wconf 87' lang='grc' dir='ltr'><strong>τὸν</strong></span> <span class='ocrx_word' id='word_1_440' title='bbox 2388 2817 2557 2869; x_wconf 87' lang='grc' dir='ltr'>τύπον</span> <span class='ocrx_word' id='word_1_441' title='bbox 2597 2815 2704 2869; x_wconf 81' lang='grc' dir='ltr'><strong>τῶν</strong></span> <span class='ocrx_word' id='word_1_442' title='bbox 2729 2814 2916 2883; x_wconf 78' lang='grc' dir='ltr'>φωστή</span> <span class='ocrx_word' id='word_1_443' title='bbox 2927 2829 3057 2882; x_wconf 84' lang='grc' dir='ltr'><strong>ρων,</strong></span> <span class='ocrx_word' id='word_1_444' title='bbox 3085 2811 3179 2863; x_wconf 71' lang='grc' dir='ltr'><strong>καὶ</strong></span> <span class='ocrx_word' id='word_1_445' title='bbox 3202 2809 3370 2879; x_wconf 68' lang='grc' dir='ltr'><strong>ἄλλην</strong></span> <span class='ocrx_word' id='word_1_446' title='bbox 3398 2808 3663 2874; x_wconf 75' lang='grc' dir='ltr'><strong>ἀνατολὴν</strong></span> 
     </span>
    </p>
   </div>
   <div class='ocr_carea' id='block_1_61' title="bbox 2098 2894 3662 2968">
    <p class='ocr_par' dir='ltr' id='par_1_61' title="bbox 2098 2894 3662 2968">
     <span class='ocr_line' id='line_1_61' title="bbox 2098 2894 3662 2968; baseline -0.01 -9"><span class='ocrx_word' id='word_1_447' title='bbox 2098 2907 2260 2959; x_wconf 72' lang='grc' dir='ltr'><strong>πάλιν</strong></span> <span class='ocrx_word' id='word_1_448' title='bbox 2311 2905 2495 2957; x_wconf 72' lang='grc' dir='ltr'><strong>λαϐεῖν</strong></span> <span class='ocrx_word' id='word_1_449' title='bbox 2543 2903 2903 2968; x_wconf 78' lang='grc' dir='ltr'><strong>ἐξανάστασιν</strong></span> <span class='ocrx_word' id='word_1_450' title='bbox 2949 2900 3012 2951; x_wconf 76' lang='grc' dir='ltr'><strong>ὲκ</strong></span> <span class='ocrx_word' id='word_1_451' title='bbox 3051 2897 3282 2964; x_wconf 76' lang='grc' dir='ltr'><strong>νεκρῶν.</strong></span> <span class='ocrx_word' id='word_1_452' title='bbox 3334 2894 3607 2965; x_wconf 84' lang='grc' dir='ltr'><strong>Ἕδραμεν</strong></span> <span class='ocrx_word' id='word_1_453' title='bbox 3634 2894 3662 2945; x_wconf 89' lang='grc' dir='ltr'><strong>ό</strong></span> 
     </span>
    </p>
   </div>
   <div class='ocr_carea' id='block_1_62' title="bbox 414 2980 1996 3077">
    <p class='ocr_par' dir='ltr' id='par_1_62' title="bbox 414 2980 1984 3052">
     <span class='ocr_line' id='line_1_62' title="bbox 414 2980 1984 3052; baseline 0.004 -15"><span class='ocrx_word' id='word_1_454' title='bbox 414 2996 567 3037; x_wconf 86' lang='lat' dir='ltr'><strong>crum</strong></span> <span class='ocrx_word' id='word_1_455' title='bbox 606 2982 972 3051; x_wconf 55' lang='lat' dir='ltr'><strong>praecipitatus</strong></span> <span class='ocrx_word' id='word_1_456' title='bbox 1003 2983 1221 3037; x_wconf 81' lang='lat' dir='ltr'><strong>occidit.</strong></span> <span class='ocrx_word' id='word_1_457' title='bbox 1259 2980 1421 3038; x_wconf 80' lang='lat' dir='ltr'><strong>Venit</strong></span> <span class='ocrx_word' id='word_1_458' title='bbox 1453 2983 1729 3052; x_wconf 85' lang='lat' dir='ltr'><strong>Christus,</strong></span> <span class='ocrx_word' id='word_1_459' title='bbox 1759 2996 1815 3042; x_wconf 86' lang='lat' dir='ltr'><strong>et</strong></span> <span class='ocrx_word' id='word_1_460' title='bbox 1861 3003 1984 3043; x_wconf 89' lang='lat' dir='ltr'><strong>eum</strong></span> 
     </span>
    </p>
   </div>
   <div class='ocr_carea' id='block_1_63' title="bbox 2098 2980 3661 3077">
    <p class='ocr_par' dir='ltr' id='par_1_63' title="bbox 2109 2982 3661 3077">
     <span class='ocr_line' id='line_1_63' title="bbox 2109 2982 3661 3077; baseline -0.01 -27"><span class='ocrx_word' id='word_1_461' title='bbox 2109 2998 2279 3064; x_wconf 68' lang='grc' dir='ltr'><strong>Ἀδὰμ</strong></span> <span class='ocrx_word' id='word_1_462' title='bbox 2328 2998 2408 3058; x_wconf 82' lang='grc' dir='ltr'><strong>είς</strong></span> <span class='ocrx_word' id='word_1_463' title='bbox 2456 2995 2626 3058; x_wconf 78' lang='grc' dir='ltr'><strong>δύσιν,</strong></span> <span class='ocrx_word' id='word_1_464' title='bbox 2664 2993 2852 3045; x_wconf 74' lang='grc' dir='ltr'>ἔδυσεν</span> <span class='ocrx_word' id='word_1_465' title='bbox 2883 2993 2963 3053; x_wconf 84' lang='grc' dir='ltr'><strong>είς</strong></span> <span class='ocrx_word' id='word_1_466' title='bbox 3006 2992 3197 3058; x_wconf 75' lang='grc' dir='ltr'><strong>τάφον.</strong></span> <span class='ocrx_word' id='word_1_467' title='bbox 3219 2982 3425 3040; x_wconf 81' lang='grc' dir='ltr'><strong>Ἦλθεν</strong></span> <span class='ocrx_word' id='word_1_468' title='bbox 3451 2986 3481 3037; x_wconf 89' lang='grc' dir='ltr'><strong>ό</strong></span> <span class='ocrx_word' id='word_1_469' title='bbox 3522 2985 3661 3077; x_wconf 84' lang='grc' dir='ltr'><strong>Χρι-</strong></span> 
     </span>
    </p>
   </div>
   <div class='ocr_carea' id='block_1_64' title="bbox 413 3074 1991 3151">
    <p class='ocr_par' dir='ltr' id='par_1_64' title="bbox 413 3074 1991 3151">
     <span class='ocr_line' id='line_1_64' title="bbox 413 3074 1991 3151; baseline 0.006 -25"><span class='ocrx_word' id='word_1_470' title='bbox 413 3074 507 3143; x_wconf 85' lang='lat' dir='ltr'><strong>qui</strong></span> <span class='ocrx_word' id='word_1_471' title='bbox 542 3074 813 3129; x_wconf 81' lang='lat' dir='ltr'><strong>occiderat</strong></span> <span class='ocrx_word' id='word_1_472' title='bbox 850 3091 1037 3130; x_wconf 87' lang='lat' dir='ltr'><strong>rursus</strong></span> <span class='ocrx_word' id='word_1_473' title='bbox 1076 3076 1279 3131; x_wconf 80' lang='lat' dir='ltr'><strong>exoriri</strong></span> <span class='ocrx_word' id='word_1_474' title='bbox 1337 3076 1486 3131; x_wconf 74' lang='lat' dir='ltr'><strong>fecit.</strong></span> <span class='ocrx_word' id='word_1_475' title='bbox 1521 3078 1732 3133; x_wconf 86' lang='lat' dir='ltr'><strong>Idcirco</strong></span> <span class='ocrx_word' id='word_1_476' title='bbox 1772 3078 1841 3133; x_wconf 90' lang='lat' dir='ltr'><strong>de</strong></span> <span class='ocrx_word' id='word_1_477' title='bbox 1870 3079 1991 3151; x_wconf 85' lang='lat' dir='ltr'><strong>ipso</strong></span> 
     </span>
    </p>
   </div>
   <div class='ocr_carea' id='block_1_65' title="bbox 413 3165 1934 3236">
    <p class='ocr_par' dir='ltr' id='par_1_65' title="bbox 413 3165 1934 3236">
     <span class='ocr_line' id='line_1_65' title="bbox 413 3165 1934 3236; baseline 0.003 -17"><span class='ocrx_word' id='word_1_478' title='bbox 413 3178 565 3220; x_wconf 76' lang='lat' dir='ltr'><strong>vates</strong></span> <span class='ocrx_word' id='word_1_479' title='bbox 604 3165 781 3236; x_wconf 90' lang='lat' dir='ltr'><strong>inquit</strong></span> <span class='ocrx_word' id='word_1_480' title='bbox 817 3184 830 3221; x_wconf 89' lang='lat'><strong>:</strong></span> <span class='ocrx_word' id='word_1_481' title='bbox 879 3186 897 3218; x_wconf 76' lang='grc' dir='ltr'><strong>ι</strong></span> <span class='ocrx_word' id='word_1_482' title='bbox 939 3168 1019 3222; x_wconf 84' lang='grc' dir='ltr'><strong>Εη</strong></span> <span class='ocrx_word' id='word_1_483' title='bbox 1053 3168 1236 3235; x_wconf 85' lang='lat' dir='ltr'><strong>homo,</strong></span> <span class='ocrx_word' id='word_1_484' title='bbox 1263 3169 1350 3223; x_wconf 90' lang='lat' dir='ltr'><strong>cui</strong></span> <span class='ocrx_word' id='word_1_485' title='bbox 1373 3184 1572 3224; x_wconf 88' lang='lat' dir='ltr'><strong>nomen</strong></span> <span class='ocrx_word' id='word_1_486' title='bbox 1602 3179 1752 3225; x_wconf 89' lang='lat' dir='ltr'><strong>ortus</strong></span> <span class='ocrx_word' id='word_1_487' title='bbox 1769 3172 1837 3226; x_wconf 84' lang='grc'><strong>⁸⁷.</strong></span> <span class='ocrx_word' id='word_1_488' title='bbox 1884 3184 1934 3224; x_wconf 73' lang='grc' dir='ltr'><strong>ι·</strong></span> 
     </span>
    </p>
   </div>
   <div class='ocr_carea' id='block_1_66' title="bbox 486 3269 1992 3345">
    <p class='ocr_par' dir='ltr' id='par_1_66' title="bbox 486 3269 1992 3345">
     <span class='ocr_line' id='line_1_66' title="bbox 486 3269 1992 3345; baseline 0.007 -24"><span class='ocrx_word' id='word_1_489' title='bbox 486 3269 599 3325; x_wconf 84' lang='lat' dir='ltr'><strong>lloc</strong></span> <span class='ocrx_word' id='word_1_490' title='bbox 636 3286 854 3341; x_wconf 89' lang='lat' dir='ltr'><strong>quoque</strong></span> <span class='ocrx_word' id='word_1_491' title='bbox 884 3271 1169 3326; x_wconf 89' lang='lat' dir='ltr'><strong>sciendum</strong></span> <span class='ocrx_word' id='word_1_492' title='bbox 1226 3283 1309 3335; x_wconf 87' lang='lat' dir='ltr'><strong>est</strong></span> <span class='ocrx_word' id='word_1_493' title='bbox 1353 3274 1478 3342; x_wconf 85' lang='lat' dir='ltr'><strong>tibi,</strong></span> <span class='ocrx_word' id='word_1_494' title='bbox 1529 3273 1757 3331; x_wconf 77' lang='lat' dir='ltr'><strong>ﬂuvium</strong></span> <span class='ocrx_word' id='word_1_495' title='bbox 1788 3277 1885 3345; x_wconf 91' lang='lat' dir='ltr'><strong>qui</strong></span> <span class='ocrx_word' id='word_1_496' title='bbox 1923 3277 1992 3331; x_wconf 89' lang='lat' dir='ltr'><strong>de</strong></span> 
     </span>
    </p>
   </div>
   <div class='ocr_carea' id='block_1_67' title="bbox 414 3362 1995 3437">
    <p class='ocr_par' dir='ltr' id='par_1_67' title="bbox 414 3362 1995 3437">
     <span class='ocr_line' id='line_1_67' title="bbox 414 3362 1995 3437; baseline 0.004 -21"><span class='ocrx_word' id='word_1_497' title='bbox 414 3362 667 3435; x_wconf 81' lang='lat' dir='ltr'><strong>paradiso</strong></span> <span class='ocrx_word' id='word_1_498' title='bbox 700 3373 1010 3433; x_wconf 85' lang='lat' dir='ltr'><strong>promanat,</strong></span> <span class='ocrx_word' id='word_1_499' title='bbox 1053 3373 1292 3433; x_wconf 89' lang='lat' dir='ltr'><strong>quatuor</strong></span> <span class='ocrx_word' id='word_1_500' title='bbox 1346 3367 1399 3421; x_wconf 88' lang='lat' dir='ltr'><strong>in</strong></span> <span class='ocrx_word' id='word_1_501' title='bbox 1458 3367 1752 3437; x_wconf 85' lang='lat' dir='ltr'><strong>principia,</strong></span> <span class='ocrx_word' id='word_1_502' title='bbox 1814 3370 1867 3424; x_wconf 91' lang='lat' dir='ltr'><strong>id</strong></span> <span class='ocrx_word' id='word_1_503' title='bbox 1910 3376 1995 3425; x_wconf 85' lang='lat' dir='ltr'><strong>est</strong></span> 
     </span>
    </p>
   </div>
   <div class='ocr_carea' id='block_1_68' title="bbox 415 3453 1992 3531">
    <p class='ocr_par' dir='ltr' id='par_1_68' title="bbox 415 3453 1992 3531">
     <span class='ocr_line' id='line_1_68' title="bbox 415 3453 1992 3531; baseline 0.003 -22"><span class='ocrx_word' id='word_1_504' title='bbox 415 3453 616 3520; x_wconf 51' lang='lat' dir='ltr'><strong>fortes,</strong></span> <span class='ocrx_word' id='word_1_505' title='bbox 644 3456 837 3523; x_wconf 85' lang='lat' dir='ltr'><strong>dividi,</strong></span> <span class='ocrx_word' id='word_1_506' title='bbox 874 3457 941 3512; x_wconf 87' lang='lat' dir='ltr'><strong>de</strong></span> <span class='ocrx_word' id='word_1_507' title='bbox 969 3458 1169 3526; x_wconf 88' lang='lat' dir='ltr'><strong>quibus</strong></span> <span class='ocrx_word' id='word_1_508' title='bbox 1194 3458 1417 3519; x_wconf 83' lang='lat' dir='ltr'><strong>ﬂumina</strong></span> <span class='ocrx_word' id='word_1_509' title='bbox 1445 3470 1686 3531; x_wconf 86' lang='lat' dir='ltr'><strong>quatuor</strong></span> <span class='ocrx_word' id='word_1_510' title='bbox 1717 3462 1992 3517; x_wconf 87' lang='lat' dir='ltr'><strong>oriuntur.</strong></span> 
     </span>
    </p>
   </div>
   <div class='ocr_carea' id='block_1_69' title="bbox 416 3546 1994 3622">
    <p class='ocr_par' dir='ltr' id='par_1_69' title="bbox 416 3546 1994 3622">
     <span class='ocr_line' id='line_1_69' title="bbox 416 3546 1994 3622; baseline 0.004 -22"><span class='ocrx_word' id='word_1_511' title='bbox 416 3546 619 3612; x_wconf 86' lang='lat' dir='ltr'><strong>Quodsi</strong></span> <span class='ocrx_word' id='word_1_512' title='bbox 657 3557 892 3618; x_wconf 84' lang='lat' dir='ltr'><strong>quatuor</strong></span> <span class='ocrx_word' id='word_1_513' title='bbox 919 3548 976 3605; x_wconf 86' lang='lat' dir='ltr'><strong>hi</strong></span> <span class='ocrx_word' id='word_1_514' title='bbox 1006 3566 1198 3605; x_wconf 83' lang='lat' dir='ltr'><strong>amnes</strong></span> <span class='ocrx_word' id='word_1_515' title='bbox 1231 3549 1299 3605; x_wconf 88' lang='lat' dir='ltr'><strong>de</strong></span> <span class='ocrx_word' id='word_1_516' title='bbox 1331 3567 1440 3606; x_wconf 87' lang='lat' dir='ltr'><strong>uno</strong></span> <span class='ocrx_word' id='word_1_517' title='bbox 1481 3552 1635 3609; x_wconf 74' lang='lat' dir='ltr'><strong>fonte</strong></span> <span class='ocrx_word' id='word_1_518' title='bbox 1664 3552 1994 3622; x_wconf 84' lang='lat' dir='ltr'><strong>principium</strong></span> 
     </span>
    </p>
   </div>
   <div class='ocr_carea' id='block_1_70' title="bbox 415 3636 1997 3709">
    <p class='ocr_par' dir='ltr' id='par_1_70' title="bbox 415 3636 1997 3709">
     <span class='ocr_line' id='line_1_70' title="bbox 415 3636 1997 3709; baseline 0.004 -20"><span class='ocrx_word' id='word_1_519' title='bbox 415 3636 638 3703; x_wconf 79' lang='lat' dir='ltr'><strong>habent,</strong></span> <span class='ocrx_word' id='word_1_520' title='bbox 700 3654 802 3692; x_wconf 88' lang='lat' dir='ltr'><strong>cur</strong></span> <span class='ocrx_word' id='word_1_521' title='bbox 860 3655 967 3693; x_wconf 87' lang='lat' dir='ltr'><strong>non</strong></span> <span class='ocrx_word' id='word_1_522' title='bbox 1026 3649 1081 3699; x_wconf 85' lang='lat' dir='ltr'><strong>et</strong></span> <span class='ocrx_word' id='word_1_523' title='bbox 1163 3656 1303 3709; x_wconf 75' lang='lat' dir='ltr'><strong>aqua</strong></span> <span class='ocrx_word' id='word_1_524' title='bbox 1370 3642 1613 3709; x_wconf 80' lang='lat' dir='ltr'><strong>ipsorum</strong></span> <span class='ocrx_word' id='word_1_525' title='bbox 1688 3656 1797 3696; x_wconf 90' lang='lat' dir='ltr'><strong>una</strong></span> <span class='ocrx_word' id='word_1_526' title='bbox 1863 3643 1997 3699; x_wconf 81' lang='lat' dir='ltr'><strong>est?</strong></span> 
     </span>
    </p>
   </div>
   <div class='ocr_carea' id='block_1_71' title="bbox 417 3729 1995 3797">
    <p class='ocr_par' dir='ltr' id='par_1_71' title="bbox 417 3729 1995 3797">
     <span class='ocr_line' id='line_1_71' title="bbox 417 3729 1995 3797; baseline 0.008 -20"><span class='ocrx_word' id='word_1_527' title='bbox 417 3742 514 3779; x_wconf 14' lang='lat' dir='ltr'><strong>«cur</strong></span> <span class='ocrx_word' id='word_1_528' title='bbox 550 3743 659 3780; x_wconf 90' lang='lat' dir='ltr'><strong>non</strong></span> <span class='ocrx_word' id='word_1_529' title='bbox 719 3744 827 3781; x_wconf 91' lang='lat' dir='ltr'><strong>una</strong></span> <span class='ocrx_word' id='word_1_530' title='bbox 878 3729 1147 3797; x_wconf 84' lang='lat' dir='ltr'><strong>qualitas?</strong></span> <span class='ocrx_word' id='word_1_531' title='bbox 1206 3729 1471 3787; x_wconf 66' lang='lat' dir='ltr'><strong>Nimirum</strong></span> <span class='ocrx_word' id='word_1_532' title='bbox 1522 3738 1685 3784; x_wconf 68' lang='lat' dir='ltr'><strong>terrm</strong></span> <span class='ocrx_word' id='word_1_533' title='bbox 1726 3730 1995 3789; x_wconf 81' lang='lat' dir='ltr'><strong>locorum-</strong></span> 
     </span>
    </p>
   </div>
   <div class='ocr_carea' id='block_1_72' title="bbox 415 3816 1998 3889">
    <p class='ocr_par' dir='ltr' id='par_1_72' title="bbox 415 3816 1998 3889">
     <span class='ocr_line' id='line_1_72' title="bbox 415 3816 1998 3889; baseline 0.003 -20"><span class='ocrx_word' id='word_1_534' title='bbox 415 3832 522 3885; x_wconf 90' lang='lat' dir='ltr'><strong>que</strong></span> <span class='ocrx_word' id='word_1_535' title='bbox 548 3816 844 3885; x_wconf 85' lang='lat' dir='ltr'><strong>qualitatis,</strong></span> <span class='ocrx_word' id='word_1_536' title='bbox 879 3832 975 3889; x_wconf 88' lang='lat' dir='ltr'><strong>per</strong></span> <span class='ocrx_word' id='word_1_537' title='bbox 1028 3834 1147 3889; x_wconf 65' lang='lat' dir='ltr'><strong>quae</strong></span> <span class='ocrx_word' id='word_1_538' title='bbox 1179 3817 1376 3879; x_wconf 80' lang='lat' dir='ltr'><strong>ﬂuunt,</strong></span> <span class='ocrx_word' id='word_1_539' title='bbox 1413 3816 1706 3887; x_wconf 81' lang='lat' dir='ltr'><strong>participes</strong></span> <span class='ocrx_word' id='word_1_540' title='bbox 1759 3817 1998 3875; x_wconf 85' lang='lat' dir='ltr'><strong>reddun-</strong></span> 
     </span>
    </p>
   </div>
   <div class='ocr_carea' id='block_1_73' title="bbox 419 3906 1998 3978">
    <p class='ocr_par' dir='ltr' id='par_1_73' title="bbox 419 3906 1998 3978">
     <span class='ocr_line' id='line_1_73' title="bbox 419 3906 1998 3978; baseline 0.001 -18"><span class='ocrx_word' id='word_1_541' title='bbox 419 3918 506 3960; x_wconf 81' lang='lat' dir='ltr'><strong>tur</strong></span> <span class='ocrx_word' id='word_1_542' title='bbox 535 3923 549 3970; x_wconf 89' lang='lat'><strong>;</strong></span> <span class='ocrx_word' id='word_1_543' title='bbox 578 3923 687 3977; x_wconf 88' lang='lat' dir='ltr'><strong>quo</strong></span> <span class='ocrx_word' id='word_1_544' title='bbox 724 3910 782 3961; x_wconf 86' lang='lat' dir='ltr'><strong>ﬁt</strong></span> <span class='ocrx_word' id='word_1_545' title='bbox 815 3918 873 3962; x_wconf 90' lang='lat' dir='ltr'><strong>ut</strong></span> <span class='ocrx_word' id='word_1_546' title='bbox 902 3917 1010 3961; x_wconf 92' lang='lat' dir='ltr'><strong>tam</strong></span> <span class='ocrx_word' id='word_1_547' title='bbox 1046 3916 1205 3978; x_wconf 75' lang='lat' dir='ltr'><strong>gustu</strong></span> <span class='ocrx_word' id='word_1_548' title='bbox 1241 3922 1400 3975; x_wconf 88' lang='lat' dir='ltr'><strong>quam</strong></span> <span class='ocrx_word' id='word_1_549' title='bbox 1464 3906 1727 3975; x_wconf 83' lang='lat' dir='ltr'><strong>qualitate</strong></span> <span class='ocrx_word' id='word_1_550' title='bbox 1768 3908 1879 3961; x_wconf 86' lang='lat' dir='ltr'><strong>sint</strong></span> <span class='ocrx_word' id='word_1_551' title='bbox 1916 3908 1998 3962; x_wconf 86' lang='lat' dir='ltr'><strong>di-</strong></span> 
     </span>
    </p>
   </div>
   <div class='ocr_carea' id='block_1_74' title="bbox 416 3998 1999 4069">
    <p class='ocr_par' dir='ltr' id='par_1_74' title="bbox 416 3998 1999 4069">
     <span class='ocr_line' id='line_1_74' title="bbox 416 3998 1999 4069; baseline -0.001 -16"><span class='ocrx_word' id='word_1_552' title='bbox 416 4000 585 4054; x_wconf 74' lang='lat' dir='ltr'><strong>versi.</strong></span> <span class='ocrx_word' id='word_1_553' title='bbox 638 4003 847 4069; x_wconf 86' lang='lat' dir='ltr'><strong>Aquam</strong></span> <span class='ocrx_word' id='word_1_554' title='bbox 885 4001 1056 4069; x_wconf 90' lang='lat' dir='ltr'><strong>ipsam</strong></span> <span class='ocrx_word' id='word_1_555' title='bbox 1091 3999 1223 4053; x_wconf 89' lang='lat' dir='ltr'><strong>mibi</strong></span> <span class='ocrx_word' id='word_1_556' title='bbox 1272 4000 1511 4053; x_wconf 87' lang='lat' dir='ltr'><strong>intuere.</strong></span> <span class='ocrx_word' id='word_1_557' title='bbox 1548 3998 1722 4055; x_wconf 82' lang='lat' dir='ltr'><strong>liabet</strong></span> <span class='ocrx_word' id='word_1_558' title='bbox 1749 4000 1864 4055; x_wconf 61' lang='lat' dir='ltr'><strong>hac</strong></span> <span class='ocrx_word' id='word_1_559' title='bbox 1898 4013 1999 4053; x_wconf 87' lang='lat' dir='ltr'><strong>ua-</strong></span> 
     </span>
    </p>
   </div>
   <div class='ocr_carea' id='block_1_75' title="bbox 418 4089 1997 4161">
    <p class='ocr_par' dir='ltr' id='par_1_75' title="bbox 418 4089 1997 4161">
     <span class='ocr_line' id='line_1_75' title="bbox 418 4089 1997 4161; baseline -0.001 -17"><span class='ocrx_word' id='word_1_560' title='bbox 418 4099 593 4144; x_wconf 86' lang='lat' dir='ltr'><strong>turam</strong></span> <span class='ocrx_word' id='word_1_561' title='bbox 640 4092 888 4145; x_wconf 82' lang='lat' dir='ltr'><strong>eamdem</strong></span> <span class='ocrx_word' id='word_1_562' title='bbox 942 4101 997 4145; x_wconf 92' lang='lat' dir='ltr'><strong>et</strong></span> <span class='ocrx_word' id='word_1_563' title='bbox 1029 4091 1277 4145; x_wconf 89' lang='lat' dir='ltr'><strong>eamdem</strong></span> <span class='ocrx_word' id='word_1_564' title='bbox 1312 4091 1657 4161; x_wconf 88' lang='lat' dir='ltr'><strong>qualitatem.</strong></span> <span class='ocrx_word' id='word_1_565' title='bbox 1721 4089 1919 4145; x_wconf 86' lang='lat' dir='ltr'><strong>Verqu</strong></span> <span class='ocrx_word' id='word_1_566' title='bbox 1949 4089 1997 4145; x_wconf 90' lang='lat' dir='ltr'><strong>si</strong></span> 
     </span>
    </p>
   </div>
   <div class='ocr_carea' id='block_1_76' title="bbox 416 4182 1998 4255">
    <p class='ocr_par' dir='ltr' id='par_1_76' title="bbox 416 4182 1998 4255">
     <span class='ocr_line' id='line_1_76' title="bbox 416 4182 1998 4255; baseline 0.001 -20"><span class='ocrx_word' id='word_1_567' title='bbox 416 4183 755 4237; x_wconf 83' lang='lat' dir='ltr'><strong>absinthium</strong></span> <span class='ocrx_word' id='word_1_568' title='bbox 786 4184 840 4236; x_wconf 92' lang='lat' dir='ltr'><strong>iu</strong></span> <span class='ocrx_word' id='word_1_569' title='bbox 873 4200 992 4237; x_wconf 82' lang='lat' dir='ltr'><strong>cam</strong></span> <span class='ocrx_word' id='word_1_570' title='bbox 1025 4185 1309 4252; x_wconf 86' lang='lat' dir='ltr'><strong>conjicias,</strong></span> <span class='ocrx_word' id='word_1_571' title='bbox 1339 4185 1441 4238; x_wconf 89' lang='lat' dir='ltr'><strong>alia</strong></span> <span class='ocrx_word' id='word_1_572' title='bbox 1465 4184 1699 4253; x_wconf 87' lang='lat' dir='ltr'><strong>qualitas</strong></span> <span class='ocrx_word' id='word_1_573' title='bbox 1730 4184 1786 4238; x_wconf 91' lang='lat' dir='ltr'><strong>in</strong></span> <span class='ocrx_word' id='word_1_574' title='bbox 1816 4199 1880 4238; x_wconf 90' lang='lat' dir='ltr'><strong>ea</strong></span> <span class='ocrx_word' id='word_1_575' title='bbox 1914 4182 1998 4255; x_wconf 5' lang='lat' dir='ltr'><strong>epl-</strong></span> 
     </span>
    </p>
   </div>
   <div class='ocr_carea' id='block_1_77' title="bbox 420 4274 1997 4339">
    <p class='ocr_par' dir='ltr' id='par_1_77' title="bbox 420 4274 1997 4339">
     <span class='ocr_line' id='line_1_77' title="bbox 420 4274 1997 4339; baseline 0.002 -14"><span class='ocrx_word' id='word_1_576' title='bbox 420 4274 623 4339; x_wconf 86' lang='lat' dir='ltr'><strong>iicitur,</strong></span> <span class='ocrx_word' id='word_1_577' title='bbox 657 4275 783 4327; x_wconf 83' lang='lat' dir='ltr'><strong>item</strong></span> <span class='ocrx_word' id='word_1_578' title='bbox 817 4275 945 4339; x_wconf 85' lang='lat' dir='ltr'><strong>alia,</strong></span> <span class='ocrx_word' id='word_1_579' title='bbox 978 4274 1022 4328; x_wconf 90' lang='lat' dir='ltr'><strong>si</strong></span> <span class='ocrx_word' id='word_1_580' title='bbox 1056 4277 1347 4339; x_wconf 70' lang='lat' dir='ltr'><strong>anethum,</strong></span> <span class='ocrx_word' id='word_1_581' title='bbox 1381 4275 1487 4329; x_wconf 83' lang='lat' dir='ltr'><strong>alia</strong></span> <span class='ocrx_word' id='word_1_582' title='bbox 1515 4275 1561 4329; x_wconf 88' lang='lat' dir='ltr'><strong>si</strong></span> <span class='ocrx_word' id='word_1_583' title='bbox 1589 4287 1791 4331; x_wconf 88' lang='lat' dir='ltr'><strong>rutam.</strong></span> <span class='ocrx_word' id='word_1_584' title='bbox 1819 4274 1997 4331; x_wconf 73' lang='lat' dir='ltr'><strong>Crete-</strong></span> 
     </span>
    </p>
   </div>
   <div class='ocr_carea' id='block_1_78' title="bbox 2099 3075 3663 3156">
    <p class='ocr_par' dir='ltr' id='par_1_78' title="bbox 2099 3075 3663 3156">
     <span class='ocr_line' id='line_1_78' title="bbox 2099 3075 3663 3156; baseline -0.008 -17"><span class='ocrx_word' id='word_1_585' title='bbox 2099 3089 2244 3149; x_wconf 79' lang='grc' dir='ltr'><strong>στὸς,</strong></span> <span class='ocrx_word' id='word_1_586' title='bbox 2283 3088 2379 3139; x_wconf 73' lang='grc' dir='ltr'><strong>καὶ</strong></span> <span class='ocrx_word' id='word_1_587' title='bbox 2402 3086 2655 3156; x_wconf 78' lang='grc' dir='ltr'><strong>ἐποίησεν</strong></span> <span class='ocrx_word' id='word_1_588' title='bbox 2683 3084 2960 3136; x_wconf 82' lang='grc' dir='ltr'><strong>ἀνατεῖλαι</strong></span> <span class='ocrx_word' id='word_1_589' title='bbox 2994 3080 3090 3133; x_wconf 84' lang='grc' dir='ltr'><strong>τὸν</strong></span> <span class='ocrx_word' id='word_1_590' title='bbox 3106 3080 3363 3135; x_wconf 79' lang='grc' dir='ltr'>δύσαντα.</span> <span class='ocrx_word' id='word_1_591' title='bbox 3389 3077 3487 3129; x_wconf 69' lang='grc' dir='ltr'><strong>Διὰ</strong></span> <span class='ocrx_word' id='word_1_592' title='bbox 3506 3075 3663 3128; x_wconf 82' lang='grc' dir='ltr'><strong>τοῦτο</strong></span> 
     </span>
    </p>
   </div>
   <div class='ocr_carea' id='block_1_79' title="bbox 2097 3168 3444 3244">
    <p class='ocr_par' dir='ltr' id='par_1_79' title="bbox 2097 3168 3444 3244">
     <span class='ocr_line' id='line_1_79' title="bbox 2097 3168 3444 3244; baseline -0.007 -16"><span class='ocrx_word' id='word_1_593' title='bbox 2097 3178 2246 3244; x_wconf 80' lang='grc' dir='ltr'><strong>λέγει</strong></span> <span class='ocrx_word' id='word_1_594' title='bbox 2278 3178 2305 3228; x_wconf 88' lang='grc' dir='ltr'><strong>ό</strong></span> <span class='ocrx_word' id='word_1_595' title='bbox 2336 3176 2652 3244; x_wconf 76' lang='grc' dir='ltr'><strong>προφήτηςο</strong></span> <span class='ocrx_word' id='word_1_596' title='bbox 2685 3191 2703 3224; x_wconf 77' lang='grc' dir='ltr'><strong>ι</strong></span> <span class='ocrx_word' id='word_1_597' title='bbox 2741 3171 3001 3241; x_wconf 80' lang='grc' dir='ltr'><strong>’Δνατολὴ</strong></span> <span class='ocrx_word' id='word_1_598' title='bbox 3025 3171 3193 3239; x_wconf 75' lang='grc' dir='ltr'><strong>ὄνομα</strong></span> <span class='ocrx_word' id='word_1_599' title='bbox 3214 3168 3383 3237; x_wconf 80' lang='grc' dir='ltr'>αὐτῷ.</span> <span class='ocrx_word' id='word_1_600' title='bbox 3424 3185 3444 3218; x_wconf 73' lang='grc' dir='ltr'><strong>ι</strong></span> 
     </span>
    </p>
   </div>
   <div class='ocr_carea' id='block_1_80' title="bbox 2167 3254 3664 3330">
    <p class='ocr_par' dir='ltr' id='par_1_80' title="bbox 2167 3254 3664 3330">
     <span class='ocr_line' id='line_1_80' title="bbox 2167 3254 3664 3330; baseline -0.009 -9"><span class='ocrx_word' id='word_1_601' title='bbox 2167 3268 2409 3321; x_wconf 83' lang='grc' dir='ltr'>Γίνωσκε</span> <span class='ocrx_word' id='word_1_602' title='bbox 2453 3268 2510 3320; x_wconf 66' lang='grc' dir='ltr'>δὲ</span> <span class='ocrx_word' id='word_1_603' title='bbox 2549 3268 2641 3320; x_wconf 72' lang='grc' dir='ltr'><strong>καὶ</strong></span> <span class='ocrx_word' id='word_1_604' title='bbox 2675 3264 2855 3328; x_wconf 82' lang='grc' dir='ltr'><strong>τοῦτο,</strong></span> <span class='ocrx_word' id='word_1_605' title='bbox 2900 3265 2981 3317; x_wconf 80' lang='grc' dir='ltr'><strong>ὅτι</strong></span> <span class='ocrx_word' id='word_1_606' title='bbox 3016 3264 3044 3314; x_wconf 88' lang='grc' dir='ltr'><strong>ό</strong></span> <span class='ocrx_word' id='word_1_607' title='bbox 3078 3261 3430 3330; x_wconf 76' lang='grc' dir='ltr'><strong>ἐξερχόμενος</strong></span> <span class='ocrx_word' id='word_1_608' title='bbox 3476 3258 3541 3309; x_wconf 72' lang='grc' dir='ltr'><strong>ἐκ</strong></span> <span class='ocrx_word' id='word_1_609' title='bbox 3568 3254 3664 3308; x_wconf 74' lang='grc' dir='ltr'><strong>τοῦ</strong></span> 
     </span>
    </p>
   </div>
   <div class='ocr_carea' id='block_1_81' title="bbox 2100 3349 3662 3428">
    <p class='ocr_par' dir='ltr' id='par_1_81' title="bbox 2100 3349 3662 3428">
     <span class='ocr_line' id='line_1_81' title="bbox 2100 3349 3662 3428; baseline -0.01 -14"><span class='ocrx_word' id='word_1_610' title='bbox 2100 3360 2434 3427; x_wconf 76' lang='grc' dir='ltr'>παραδείσου</span> <span class='ocrx_word' id='word_1_611' title='bbox 2464 3357 2711 3428; x_wconf 80' lang='grc' dir='ltr'><strong>ποταμὸς</strong></span> <span class='ocrx_word' id='word_1_612' title='bbox 2735 3357 2816 3418; x_wconf 78' lang='grc' dir='ltr'><strong>είς</strong></span> <span class='ocrx_word' id='word_1_613' title='bbox 2846 3357 3116 3423; x_wconf 87' lang='grc' dir='ltr'><strong>τέσσαρας</strong></span> <span class='ocrx_word' id='word_1_614' title='bbox 3142 3354 3313 3423; x_wconf 79' lang='grc' dir='ltr'><strong>ἀρχὰς</strong></span> <span class='ocrx_word' id='word_1_615' title='bbox 3351 3349 3662 3420; x_wconf 74' lang='grc' dir='ltr'><strong>μερίζεται,</strong></span> 
     </span>
    </p>
   </div>
   <div class='ocr_carea' id='block_1_82' title="bbox 2098 3443 3667 3522">
    <p class='ocr_par' dir='ltr' id='par_1_82' title="bbox 2098 3443 3667 3522">
     <span class='ocr_line' id='line_1_82' title="bbox 2098 3443 3667 3522; baseline -0.007 -16"><span class='ocrx_word' id='word_1_616' title='bbox 2098 3454 2345 3509; x_wconf 55' lang='grc' dir='ltr'><strong>τουτέστι</strong></span> <span class='ocrx_word' id='word_1_617' title='bbox 2387 3450 2593 3522; x_wconf 77' lang='grc' dir='ltr'><strong>πηγὰς,</strong></span> <span class='ocrx_word' id='word_1_618' title='bbox 2628 3449 2721 3519; x_wconf 81' lang='grc' dir='ltr'><strong>ἀφ’</strong></span> <span class='ocrx_word' id='word_1_619' title='bbox 2750 3445 2824 3504; x_wconf 82' lang='grc' dir='ltr'><strong>ὧν</strong></span> <span class='ocrx_word' id='word_1_620' title='bbox 2865 3450 2915 3504; x_wconf 80' lang='grc' dir='ltr'><strong>οι</strong></span> <span class='ocrx_word' id='word_1_621' title='bbox 2957 3449 3220 3517; x_wconf 78' lang='grc' dir='ltr'><strong>τέσσαρες</strong></span> <span class='ocrx_word' id='word_1_622' title='bbox 3262 3443 3515 3514; x_wconf 84' lang='grc' dir='ltr'>ποταμοί.</span> <span class='ocrx_word' id='word_1_623' title='bbox 3554 3443 3667 3495; x_wconf 81' lang='grc' dir='ltr'><strong>Καὶ</strong></span> 
     </span>
    </p>
   </div>
   <div class='ocr_carea' id='block_1_83' title="bbox 2100 3535 3665 3612">
    <p class='ocr_par' dir='ltr' id='par_1_83' title="bbox 2100 3535 3665 3612">
     <span class='ocr_line' id='line_1_83' title="bbox 2100 3535 3665 3612; baseline -0.01 -12"><span class='ocrx_word' id='word_1_624' title='bbox 2100 3547 2194 3600; x_wconf 75' lang='grc' dir='ltr'><strong>ἐὰν</strong></span> <span class='ocrx_word' id='word_1_625' title='bbox 2222 3546 2269 3599; x_wconf 83' lang='lat' dir='ltr'><strong>oi</strong></span> <span class='ocrx_word' id='word_1_626' title='bbox 2295 3546 2557 3612; x_wconf 85' lang='grc' dir='ltr'><strong>τέσσαρες</strong></span> <span class='ocrx_word' id='word_1_627' title='bbox 2585 3537 2734 3596; x_wconf 68' lang='grc' dir='ltr'><strong>οὗτοι</strong></span> <span class='ocrx_word' id='word_1_628' title='bbox 2762 3540 3000 3609; x_wconf 73' lang='grc' dir='ltr'><strong>ποταμοὶ</strong></span> <span class='ocrx_word' id='word_1_629' title='bbox 3039 3538 3100 3602; x_wconf 75' lang='grc' dir='ltr'><strong>ἐξ</strong></span> <span class='ocrx_word' id='word_1_630' title='bbox 3136 3538 3255 3599; x_wconf 71' lang='grc' dir='ltr'><strong>ἑνὸς</strong></span> <span class='ocrx_word' id='word_1_631' title='bbox 3288 3535 3451 3604; x_wconf 59' lang='grc' dir='ltr'><strong>ἕλωσι</strong></span> <span class='ocrx_word' id='word_1_632' title='bbox 3497 3550 3665 3586; x_wconf 87' lang='grc' dir='ltr'>ποτα-</span> 
     </span>
    </p>
   </div>
   <div class='ocr_carea' id='block_1_84' title="bbox 2103 3625 3662 3707">
    <p class='ocr_par' dir='ltr' id='par_1_84' title="bbox 2103 3625 3662 3707">
     <span class='ocr_line' id='line_1_84' title="bbox 2103 3625 3662 3707; baseline -0.009 -18"><span class='ocrx_word' id='word_1_633' title='bbox 2103 3636 2207 3707; x_wconf 84' lang='grc' dir='ltr'>μοῦ</span> <span class='ocrx_word' id='word_1_634' title='bbox 2236 3636 2335 3707; x_wconf 82' lang='grc' dir='ltr'><strong>τὴν</strong></span> <span class='ocrx_word' id='word_1_635' title='bbox 2364 3637 2561 3705; x_wconf 81' lang='grc' dir='ltr'><strong>ἀρχὴν,</strong></span> <span class='ocrx_word' id='word_1_636' title='bbox 2595 3634 2683 3688; x_wconf 80' lang='grc' dir='ltr'><strong>διὰ</strong></span> <span class='ocrx_word' id='word_1_637' title='bbox 2724 3634 2773 3685; x_wconf 87' lang='grc' dir='ltr'>τί</span> <span class='ocrx_word' id='word_1_638' title='bbox 2811 3632 2886 3702; x_wconf 76' lang='grc' dir='ltr'><strong>μὴ</strong></span> <span class='ocrx_word' id='word_1_639' title='bbox 2930 3631 3025 3685; x_wconf 82' lang='grc' dir='ltr'><strong>καὶ</strong></span> <span class='ocrx_word' id='word_1_640' title='bbox 3065 3630 3125 3683; x_wconf 89' lang='grc' dir='ltr'>τὸ</span> <span class='ocrx_word' id='word_1_641' title='bbox 3158 3627 3303 3697; x_wconf 76' lang='grc' dir='ltr'><strong>ὕδωρ</strong></span> <span class='ocrx_word' id='word_1_642' title='bbox 3348 3625 3528 3680; x_wconf 78' lang='grc' dir='ltr'><strong>αὐτῶν</strong></span> <span class='ocrx_word' id='word_1_643' title='bbox 3565 3626 3662 3688; x_wconf 64' lang='lat' dir='ltr'><strong>tv;</strong></span> 
     </span>
    </p>
   </div>
   <div class='ocr_carea' id='block_1_85' title="bbox 2100 3715 3665 3794">
    <p class='ocr_par' dir='ltr' id='par_1_85' title="bbox 2100 3715 3665 3794">
     <span class='ocr_line' id='line_1_85' title="bbox 2100 3715 3665 3794; baseline -0.005 -19"><span class='ocrx_word' id='word_1_644' title='bbox 2100 3724 2188 3776; x_wconf 68' lang='grc' dir='ltr'><strong>διὰ</strong></span> <span class='ocrx_word' id='word_1_645' title='bbox 2215 3724 2269 3775; x_wconf 90' lang='grc' dir='ltr'>τί</span> <span class='ocrx_word' id='word_1_646' title='bbox 2308 3722 2384 3794; x_wconf 82' lang='grc' dir='ltr'><strong>μὴ</strong></span> <span class='ocrx_word' id='word_1_647' title='bbox 2423 3727 2519 3774; x_wconf 81' lang='grc' dir='ltr'><strong>καὶ</strong></span> <span class='ocrx_word' id='word_1_648' title='bbox 2551 3722 2582 3791; x_wconf 78' lang='grc' dir='ltr'><strong>ἠ</strong></span> <span class='ocrx_word' id='word_1_649' title='bbox 2627 3722 2849 3790; x_wconf 77' lang='grc' dir='ltr'><strong>ποιότης</strong></span> <span class='ocrx_word' id='word_1_650' title='bbox 2880 3721 3063 3781; x_wconf 82' lang='grc' dir='ltr'><strong>αὐτοῖς</strong></span> <span class='ocrx_word' id='word_1_651' title='bbox 3118 3717 3219 3779; x_wconf 82' lang='grc' dir='ltr'><strong>μία</strong></span> <span class='ocrx_word' id='word_1_652' title='bbox 3247 3734 3261 3781; x_wconf 87' lang='grc'><strong>;</strong></span> <span class='ocrx_word' id='word_1_653' title='bbox 3296 3715 3665 3784; x_wconf 76' lang='grc' dir='ltr'><strong>Μεταλαμϐἀ·</strong></span> 
     </span>
    </p>
   </div>
   <div class='ocr_carea' id='block_1_86' title="bbox 2102 3801 3667 3884">
    <p class='ocr_par' dir='ltr' id='par_1_86' title="bbox 2102 3801 3667 3884">
     <span class='ocr_line' id='line_1_86' title="bbox 2102 3801 3667 3884; baseline -0.008 -16"><span class='ocrx_word' id='word_1_654' title='bbox 2102 3833 2253 3871; x_wconf 87' lang='grc' dir='ltr'><strong>νουσι</strong></span> <span class='ocrx_word' id='word_1_655' title='bbox 2282 3815 2381 3882; x_wconf 76' lang='grc' dir='ltr'><strong>τῆς</strong></span> <span class='ocrx_word' id='word_1_656' title='bbox 2411 3817 2512 3884; x_wconf 75' lang='grc' dir='ltr'><strong>γῆς</strong></span> <span class='ocrx_word' id='word_1_657' title='bbox 2551 3814 2647 3868; x_wconf 73' lang='grc' dir='ltr'><strong>καὶ</strong></span> <span class='ocrx_word' id='word_1_658' title='bbox 2677 3814 2774 3881; x_wconf 75' lang='grc' dir='ltr'><strong>τῆς</strong></span> <span class='ocrx_word' id='word_1_659' title='bbox 2807 3812 3094 3879; x_wconf 81' lang='grc' dir='ltr'><strong>ποιότητος</strong></span> <span class='ocrx_word' id='word_1_660' title='bbox 3138 3807 3244 3863; x_wconf 82' lang='grc' dir='ltr'><strong>τῶν</strong></span> <span class='ocrx_word' id='word_1_661' title='bbox 3275 3808 3455 3860; x_wconf 85' lang='grc' dir='ltr'><strong>τόπων</strong></span> <span class='ocrx_word' id='word_1_662' title='bbox 3492 3806 3560 3858; x_wconf 83' lang='grc' dir='ltr'><strong>δι’</strong></span> <span class='ocrx_word' id='word_1_663' title='bbox 3588 3801 3667 3857; x_wconf 75' lang='grc' dir='ltr'><strong>ὧν</strong></span> 
     </span>
    </p>
   </div>
   <div class='ocr_carea' id='block_1_87' title="bbox 2103 3898 3667 3978">
    <p class='ocr_par' dir='ltr' id='par_1_87' title="bbox 2103 3898 3667 3978">
     <span class='ocr_line' id='line_1_87' title="bbox 2103 3898 3667 3978; baseline -0.01 -17"><span class='ocrx_word' id='word_1_664' title='bbox 2103 3908 2489 3978; x_wconf 82' lang='grc' dir='ltr'><strong>παρέρχονται,</strong></span> <span class='ocrx_word' id='word_1_665' title='bbox 2539 3905 2631 3959; x_wconf 81' lang='grc' dir='ltr'><strong>καὶ</strong></span> <span class='ocrx_word' id='word_1_666' title='bbox 2670 3904 2758 3957; x_wconf 74' lang='grc' dir='ltr'>διὰ</span> <span class='ocrx_word' id='word_1_667' title='bbox 2790 3902 2951 3957; x_wconf 78' lang='grc' dir='ltr'><strong>τοῦτο</strong></span> <span class='ocrx_word' id='word_1_668' title='bbox 2982 3898 3445 3970; x_wconf 81' lang='grc' dir='ltr'><strong>παρηλλαγμένην</strong></span> <span class='ocrx_word' id='word_1_669' title='bbox 3482 3898 3667 3965; x_wconf 67' lang='grc' dir='ltr'><strong>έχουσι</strong></span> 
     </span>
    </p>
   </div>
   <div class='ocr_carea' id='block_1_88' title="bbox 2101 3991 3669 4070">
    <p class='ocr_par' dir='ltr' id='par_1_88' title="bbox 2101 3991 3669 4070">
     <span class='ocr_line' id='line_1_88' title="bbox 2101 3991 3669 4070; baseline -0.007 -19"><span class='ocrx_word' id='word_1_670' title='bbox 2101 4002 2202 4070; x_wconf 79' lang='grc' dir='ltr'><strong>τήν</strong></span> <span class='ocrx_word' id='word_1_671' title='bbox 2243 4015 2304 4053; x_wconf 84' lang='grc' dir='ltr'><strong>τε</strong></span> <span class='ocrx_word' id='word_1_672' title='bbox 2346 3998 2534 4066; x_wconf 83' lang='grc' dir='ltr'><strong>γεῦσιν</strong></span> <span class='ocrx_word' id='word_1_673' title='bbox 2572 3995 2754 4053; x_wconf 81' lang='grc' dir='ltr'><strong>αὐτῶν</strong></span> <span class='ocrx_word' id='word_1_674' title='bbox 2802 3995 2897 4049; x_wconf 78' lang='grc' dir='ltr'><strong>καὶ</strong></span> <span class='ocrx_word' id='word_1_675' title='bbox 2932 3994 3215 4063; x_wconf 78' lang='grc' dir='ltr'><strong>ποιότητα.</strong></span> <span class='ocrx_word' id='word_1_676' title='bbox 3243 3996 3386 4061; x_wconf 84' lang='grc' dir='ltr'><strong>Ὅρα</strong></span> <span class='ocrx_word' id='word_1_677' title='bbox 3429 3992 3539 4060; x_wconf 82' lang='grc' dir='ltr'><strong>γὰρ</strong></span> <span class='ocrx_word' id='word_1_678' title='bbox 3583 3991 3669 4041; x_wconf 80' lang='grc' dir='ltr'><strong>ὅτι</strong></span> 
     </span>
    </p>
   </div>
   <div class='ocr_carea' id='block_1_89' title="bbox 2106 4081 3668 4157">
    <p class='ocr_par' dir='ltr' id='par_1_89' title="bbox 2106 4081 3668 4157">
     <span class='ocr_line' id='line_1_89' title="bbox 2106 4081 3668 4157; baseline -0.008 -14"><span class='ocrx_word' id='word_1_679' title='bbox 2106 4091 2198 4143; x_wconf 71' lang='grc' dir='ltr'><strong>καὶ</strong></span> <span class='ocrx_word' id='word_1_680' title='bbox 2227 4088 2357 4141; x_wconf 81' lang='grc' dir='ltr'><strong>αὐτὸ</strong></span> <span class='ocrx_word' id='word_1_681' title='bbox 2379 4090 2440 4140; x_wconf 82' lang='grc' dir='ltr'>τὸ</span> <span class='ocrx_word' id='word_1_682' title='bbox 2471 4084 2616 4157; x_wconf 79' lang='grc' dir='ltr'><strong>ὕδωρ</strong></span> <span class='ocrx_word' id='word_1_683' title='bbox 2647 4088 2777 4154; x_wconf 89' lang='grc' dir='ltr'><strong>μίαν</strong></span> <span class='ocrx_word' id='word_1_684' title='bbox 2832 4088 2931 4154; x_wconf 76' lang='grc' dir='ltr'><strong>μὲν</strong></span> <span class='ocrx_word' id='word_1_685' title='bbox 2967 4086 3084 4154; x_wconf 67' lang='grc' dir='ltr'><strong>ἔχει</strong></span> <span class='ocrx_word' id='word_1_686' title='bbox 3131 4085 3230 4154; x_wconf 76' lang='grc' dir='ltr'><strong>τὴν</strong></span> <span class='ocrx_word' id='word_1_687' title='bbox 3261 4084 3424 4153; x_wconf 78' lang='grc' dir='ltr'><strong>φύσιν</strong></span> <span class='ocrx_word' id='word_1_688' title='bbox 3448 4085 3540 4134; x_wconf 79' lang='grc' dir='ltr'><strong>καὶ</strong></span> <span class='ocrx_word' id='word_1_689' title='bbox 3569 4081 3668 4151; x_wconf 79' lang='grc' dir='ltr'><strong>τὴν</strong></span> 
     </span>
    </p>
   </div>
   <div class='ocr_carea' id='block_1_90' title="bbox 2105 4179 3668 4252">
    <p class='ocr_par' dir='ltr' id='par_1_90' title="bbox 2105 4179 3668 4252">
     <span class='ocr_line' id='line_1_90' title="bbox 2105 4179 3668 4252; baseline -0.003 -18"><span class='ocrx_word' id='word_1_690' title='bbox 2105 4184 2389 4249; x_wconf 81' lang='grc' dir='ltr'><strong>ποιότητα,</strong></span> <span class='ocrx_word' id='word_1_691' title='bbox 2427 4181 2545 4237; x_wconf 78' lang='grc' dir='ltr'><strong>ἀλλ’</strong></span> <span class='ocrx_word' id='word_1_692' title='bbox 2581 4182 2679 4237; x_wconf 76' lang='grc' dir='ltr'><strong>ἐὰν</strong></span> <span class='ocrx_word' id='word_1_693' title='bbox 2712 4181 2959 4252; x_wconf 79' lang='grc' dir='ltr'><strong>ὲμὸληθῇ</strong></span> <span class='ocrx_word' id='word_1_694' title='bbox 2993 4180 3141 4251; x_wconf 80' lang='grc' dir='ltr'><strong>αὐτῷ</strong></span> <span class='ocrx_word' id='word_1_695' title='bbox 3190 4179 3460 4249; x_wconf 75' lang='grc' dir='ltr'><strong>ἀψίνθιον,</strong></span> <span class='ocrx_word' id='word_1_696' title='bbox 3498 4179 3668 4247; x_wconf 68' lang='grc' dir='ltr'><strong>ἀλλην</strong></span> 
     </span>
    </p>
   </div>
   <div class='ocr_carea' id='block_1_91' title="bbox 2105 4268 3666 4347">
    <p class='ocr_par' dir='ltr' id='par_1_91' title="bbox 2105 4268 3666 4347">
     <span class='ocr_line' id='line_1_91' title="bbox 2105 4268 3666 4347; baseline -0.004 -19"><span class='ocrx_word' id='word_1_697' title='bbox 2105 4275 2364 4347; x_wconf 78' lang='grc' dir='ltr'><strong>ποιότητα</strong></span> <span class='ocrx_word' id='word_1_698' title='bbox 2394 4277 2557 4338; x_wconf 80' lang='grc' dir='ltr'><strong>ποιεῖ,</strong></span> <span class='ocrx_word' id='word_1_699' title='bbox 2598 4274 2693 4329; x_wconf 71' lang='grc' dir='ltr'><strong>ἐὰν</strong></span> <span class='ocrx_word' id='word_1_700' title='bbox 2728 4274 2948 4343; x_wconf 77' lang='grc' dir='ltr'><strong>ἄνηθον,</strong></span> <span class='ocrx_word' id='word_1_701' title='bbox 2983 4274 3173 4343; x_wconf 81' lang='grc' dir='ltr'><strong>ἄλλην,</strong></span> <span class='ocrx_word' id='word_1_702' title='bbox 3214 4276 3308 4327; x_wconf 75' lang='grc' dir='ltr'><strong>καὶ</strong></span> <span class='ocrx_word' id='word_1_703' title='bbox 3342 4272 3538 4339; x_wconf 80' lang='grc' dir='ltr'><strong>ἑτέραν</strong></span> <span class='ocrx_word' id='word_1_704' title='bbox 3567 4268 3666 4322; x_wconf 77' lang='grc' dir='ltr'><strong>οὗ·</strong></span> 
     </span>
    </p>
   </div>
   <div class='ocr_carea' id='block_1_92' title="bbox 420 4357 1996 4438">
    <p class='ocr_par' dir='ltr' id='par_1_92' title="bbox 420 4365 1996 4438">
     <span class='ocr_line' id='line_1_92' title="bbox 420 4365 1996 4438; baseline 0.004 -22"><span class='ocrx_word' id='word_1_705' title='bbox 420 4379 539 4417; x_wconf 90' lang='lat' dir='ltr'><strong>rum</strong></span> <span class='ocrx_word' id='word_1_706' title='bbox 570 4365 669 4418; x_wconf 88' lang='lat' dir='ltr'><strong>bos</strong></span> <span class='ocrx_word' id='word_1_707' title='bbox 699 4381 890 4419; x_wconf 79' lang='lat' dir='ltr'><strong>amnes</strong></span> <span class='ocrx_word' id='word_1_708' title='bbox 948 4366 1087 4421; x_wconf 88' lang='lat' dir='ltr'><strong>Deus</strong></span> <span class='ocrx_word' id='word_1_709' title='bbox 1154 4366 1265 4421; x_wconf 87' lang='lat' dir='ltr'><strong>labi</strong></span> <span class='ocrx_word' id='word_1_710' title='bbox 1329 4382 1425 4435; x_wconf 87' lang='lat' dir='ltr'><strong>per</strong></span> <span class='ocrx_word' id='word_1_711' title='bbox 1451 4367 1559 4438; x_wconf 80' lang='lat'><strong>76</strong></span> <span class='ocrx_word' id='word_1_712' title='bbox 1609 4368 1996 4424; x_wconf 82' lang='lat' dir='ltr'><strong>subterraneos</strong></span> 
     </span>
    </p>
   </div>
   <div class='ocr_carea' id='block_1_93' title="bbox 2098 4357 3667 4438">
    <p class='ocr_par' dir='ltr' id='par_1_93' title="bbox 2104 4357 3667 4432">
     <span class='ocr_line' id='line_1_93' title="bbox 2104 4357 3667 4432; baseline -0.004 -17"><span class='ocrx_word' id='word_1_713' title='bbox 2104 4363 2207 4428; x_wconf 76' lang='lat' dir='ltr'><strong>0t;,</strong></span> <span class='ocrx_word' id='word_1_714' title='bbox 2243 4364 2335 4417; x_wconf 75' lang='grc' dir='ltr'><strong>ἐὰν</strong></span> <span class='ocrx_word' id='word_1_715' title='bbox 2362 4367 2627 4432; x_wconf 73' lang='grc' dir='ltr'><strong>πήγανον.</strong></span> <span class='ocrx_word' id='word_1_716' title='bbox 2658 4362 2979 4432; x_wconf 79' lang='grc' dir='ltr'><strong>Διέρχεσθαι</strong></span> <span class='ocrx_word' id='word_1_717' title='bbox 3009 4363 3066 4415; x_wconf 64' lang='grc' dir='ltr'>δὲ</span> <span class='ocrx_word' id='word_1_718' title='bbox 3104 4361 3229 4422; x_wconf 79' lang='grc' dir='ltr'><strong>τοὺς</strong></span> <span class='ocrx_word' id='word_1_719' title='bbox 3265 4359 3544 4429; x_wconf 82' lang='grc' dir='ltr'><strong>ποταμοὺς</strong></span> <span class='ocrx_word' id='word_1_720' title='bbox 3579 4357 3667 4409; x_wconf 76' lang='grc' dir='ltr'><strong>διά</strong></span> 
     </span>
    </p>
   </div>
   <div class='ocr_carea' id='block_1_94' title="bbox 420 4456 1992 4524">
    <p class='ocr_par' dir='ltr' id='par_1_94' title="bbox 420 4456 1992 4524">
     <span class='ocr_line' id='line_1_94' title="bbox 420 4456 1992 4524; baseline 0.004 -16"><span class='ocrx_word' id='word_1_721' title='bbox 420 4456 682 4524; x_wconf 88' lang='lat' dir='ltr'><strong>quosdam</strong></span> <span class='ocrx_word' id='word_1_722' title='bbox 715 4468 928 4513; x_wconf 87' lang='lat' dir='ltr'><strong>meatus</strong></span> <span class='ocrx_word' id='word_1_723' title='bbox 964 4472 1115 4515; x_wconf 88' lang='lat' dir='ltr'><strong>certo</strong></span> <span class='ocrx_word' id='word_1_724' title='bbox 1149 4460 1383 4515; x_wconf 85' lang='lat' dir='ltr'><strong>consilio</strong></span> <span class='ocrx_word' id='word_1_725' title='bbox 1420 4461 1615 4524; x_wconf 83' lang='lat' dir='ltr'><strong>voluit,</strong></span> <span class='ocrx_word' id='word_1_726' title='bbox 1669 4471 1724 4517; x_wconf 89' lang='lat' dir='ltr'><strong>et</strong></span> <span class='ocrx_word' id='word_1_727' title='bbox 1783 4460 1905 4515; x_wconf 89' lang='lat' dir='ltr'><strong>aliis</strong></span> <span class='ocrx_word' id='word_1_728' title='bbox 1960 4473 1992 4514; x_wconf 83' lang='grc' dir='ltr'><strong>ο</strong></span> 
     </span>
    </p>
   </div>
   <div class='ocr_carea' id='block_1_95' title="bbox 421 4546 1996 4622">
    <p class='ocr_par' dir='ltr' id='par_1_95' title="bbox 421 4546 1996 4622">
     <span class='ocr_line' id='line_1_95' title="bbox 421 4546 1996 4622; baseline 0.005 -25"><span class='ocrx_word' id='word_1_729' title='bbox 421 4546 710 4617; x_wconf 83' lang='lat' dir='ltr'><strong>principiis</strong></span> <span class='ocrx_word' id='word_1_730' title='bbox 738 4564 955 4607; x_wconf 89' lang='lat' dir='ltr'><strong>rursum</strong></span> <span class='ocrx_word' id='word_1_731' title='bbox 983 4552 1117 4606; x_wconf 89' lang='lat' dir='ltr'><strong>oriri</strong></span> <span class='ocrx_word' id='word_1_732' title='bbox 1142 4562 1307 4622; x_wconf 83' lang='lat' dir='ltr'><strong>atque</strong></span> <span class='ocrx_word' id='word_1_733' title='bbox 1333 4552 1601 4620; x_wconf 86' lang='lat' dir='ltr'><strong>conspici.</strong></span> <span class='ocrx_word' id='word_1_734' title='bbox 1659 4567 1727 4609; x_wconf 87' lang='lat' dir='ltr'><strong>ue</strong></span> <span class='ocrx_word' id='word_1_735' title='bbox 1783 4552 1876 4621; x_wconf 82' lang='lat' dir='ltr'><strong>qui</strong></span> <span class='ocrx_word' id='word_1_736' title='bbox 1918 4552 1996 4605; x_wconf 87' lang='lat' dir='ltr'><strong>ri-</strong></span> 
     </span>
    </p>
   </div>
   <div class='ocr_carea' id='block_1_96' title="bbox 420 4640 1994 4711">
    <p class='ocr_par' dir='ltr' id='par_1_96' title="bbox 420 4640 1994 4711">
     <span class='ocr_line' id='line_1_96' title="bbox 420 4640 1994 4711; baseline 0.003 -22"><span class='ocrx_word' id='word_1_737' title='bbox 420 4653 519 4705; x_wconf 79' lang='lat' dir='ltr'><strong>pus</strong></span> <span class='ocrx_word' id='word_1_738' title='bbox 588 4640 781 4694; x_wconf 88' lang='lat' dir='ltr'><strong>borum</strong></span> <span class='ocrx_word' id='word_1_739' title='bbox 850 4651 1144 4710; x_wconf 73' lang='lat' dir='ltr'><strong>sequentes</strong></span> <span class='ocrx_word' id='word_1_740' title='bbox 1205 4642 1516 4710; x_wconf 87' lang='lat' dir='ltr'><strong>paradisum</strong></span> <span class='ocrx_word' id='word_1_741' title='bbox 1577 4657 1846 4711; x_wconf 76' lang='lat' dir='ltr'><strong>occupare</strong></span> <span class='ocrx_word' id='word_1_742' title='bbox 1898 4657 1994 4696; x_wconf 80' lang='lat' dir='ltr'><strong>co-</strong></span> 
     </span>
    </p>
   </div>
   <div class='ocr_carea' id='block_1_97' title="bbox 416 4736 638 4783">
    <p class='ocr_par' dir='ltr' id='par_1_97' title="bbox 416 4736 638 4783">
     <span class='ocr_line' id='line_1_97' title="bbox 416 4736 638 4783; baseline 0.009 -2"><span class='ocrx_word' id='word_1_743' title='bbox 416 4736 638 4783; x_wconf 84' lang='lat' dir='ltr'><strong>nentur.</strong></span> 
     </span>
    </p>
   </div>
   <div class='ocr_carea' id='block_1_98' title="bbox 492 4816 1991 4887">
    <p class='ocr_par' dir='ltr' id='par_1_98' title="bbox 492 4816 1991 4887">
     <span class='ocr_line' id='line_1_98' title="bbox 492 4816 1991 4887; baseline 0.004 -20"><span class='ocrx_word' id='word_1_744' title='bbox 492 4816 642 4872; x_wconf 83' lang='lat' dir='ltr'><strong>inter</strong></span> <span class='ocrx_word' id='word_1_745' title='bbox 675 4818 777 4870; x_wconf 86' lang='lat' dir='ltr'><strong>alia</strong></span> <span class='ocrx_word' id='word_1_746' title='bbox 819 4833 970 4883; x_wconf 85' lang='lat' dir='ltr'><strong>vero,</strong></span> <span class='ocrx_word' id='word_1_747' title='bbox 1013 4818 1210 4872; x_wconf 89' lang='lat' dir='ltr'><strong>dilecte</strong></span> <span class='ocrx_word' id='word_1_748' title='bbox 1241 4818 1340 4883; x_wconf 86' lang='lat' dir='ltr'><strong>lili,</strong></span> <span class='ocrx_word' id='word_1_749' title='bbox 1411 4826 1465 4872; x_wconf 92' lang='lat' dir='ltr'><strong>te</strong></span> <span class='ocrx_word' id='word_1_750' title='bbox 1499 4818 1602 4872; x_wconf 85' lang='lat' dir='ltr'><strong>hoc</strong></span> <span class='ocrx_word' id='word_1_751' title='bbox 1633 4833 1848 4887; x_wconf 86' lang='lat' dir='ltr'><strong>quoque</strong></span> <span class='ocrx_word' id='word_1_752' title='bbox 1879 4820 1991 4874; x_wconf 89' lang='lat' dir='ltr'><strong>scio</strong></span> 
     </span>
    </p>
   </div>
   <div class='ocr_carea' id='block_1_99' title="bbox 419 4907 1990 4981">
    <p class='ocr_par' dir='ltr' id='par_1_99' title="bbox 419 4907 1990 4981">
     <span class='ocr_line' id='line_1_99' title="bbox 419 4907 1990 4981; baseline 0.004 -23"><span class='ocrx_word' id='word_1_753' title='bbox 419 4907 797 4975; x_wconf 70' lang='lat' dir='ltr'><strong>quaesiturum.</strong></span> <span class='ocrx_word' id='word_1_754' title='bbox 837 4909 1189 4978; x_wconf 87' lang='lat' dir='ltr'><strong>quamobrem</strong></span> <span class='ocrx_word' id='word_1_755' title='bbox 1219 4908 1287 4961; x_wconf 85' lang='lat' dir='ltr'><strong>de</strong></span> <span class='ocrx_word' id='word_1_756' title='bbox 1326 4909 1487 4973; x_wconf 62' lang='lat' dir='ltr'><strong>caelo,</strong></span> <span class='ocrx_word' id='word_1_757' title='bbox 1544 4918 1711 4972; x_wconf 89' lang='lat' dir='ltr'><strong>terra,</strong></span> <span class='ocrx_word' id='word_1_758' title='bbox 1766 4910 1990 4981; x_wconf 88' lang='lat' dir='ltr'><strong>reliquis</strong></span> 
     </span>
    </p>
   </div>
   <div class='ocr_carea' id='block_1_100' title="bbox 419 4996 1990 5075">
    <p class='ocr_par' dir='ltr' id='par_1_100' title="bbox 419 4996 1990 5075">
     <span class='ocr_line' id='line_1_100' title="bbox 419 4996 1990 5075; baseline 0.005 -27"><span class='ocrx_word' id='word_1_759' title='bbox 419 4996 676 5050; x_wconf 88' lang='lat' dir='ltr'><strong>omnibus</strong></span> <span class='ocrx_word' id='word_1_760' title='bbox 707 4998 897 5053; x_wconf 82' lang='lat' dir='ltr'><strong>ordine</strong></span> <span class='ocrx_word' id='word_1_761' title='bbox 927 4998 1204 5057; x_wconf 82' lang='lat' dir='ltr'><strong>disserens</strong></span> <span class='ocrx_word' id='word_1_762' title='bbox 1235 4996 1431 5063; x_wconf 77' lang='lat' dir='ltr'><strong>Moses,</strong></span> <span class='ocrx_word' id='word_1_763' title='bbox 1466 5014 1733 5069; x_wconf 87' lang='lat' dir='ltr'><strong>nusquam</strong></span> <span class='ocrx_word' id='word_1_764' title='bbox 1770 5001 1990 5075; x_wconf 74' lang='lat' dir='ltr'><strong>angelo-</strong></span> 
     </span>
    </p>
   </div>
   <div class='ocr_carea' id='block_1_101' title="bbox 420 5088 1987 5148">
    <p class='ocr_par' dir='ltr' id='par_1_101' title="bbox 420 5088 1987 5148">
     <span class='ocr_line' id='line_1_101' title="bbox 420 5088 1987 5148; baseline 0.005 -8"><span class='ocrx_word' id='word_1_765' title='bbox 420 5102 540 5140; x_wconf 91' lang='lat' dir='ltr'><strong>rum</strong></span> <span class='ocrx_word' id='word_1_766' title='bbox 584 5088 883 5143; x_wconf 72' lang='grc' dir='ltr'><strong>ςτεοιιοηίε</strong></span> <span class='ocrx_word' id='word_1_767' title='bbox 922 5088 1257 5144; x_wconf 84' lang='lat' dir='ltr'><strong>mentionem</strong></span> <span class='ocrx_word' id='word_1_768' title='bbox 1312 5090 1511 5146; x_wconf 79' lang='lat' dir='ltr'><strong>fecisse</strong></span> <span class='ocrx_word' id='word_1_769' title='bbox 1567 5090 1833 5148; x_wconf 79' lang='lat' dir='ltr'><strong>videatur.</strong></span> <span class='ocrx_word' id='word_1_770' title='bbox 1889 5093 1987 5147; x_wconf 84' lang='lat' dir='ltr'><strong>liic</strong></span> 
     </span>
    </p>
   </div>
   <div class='ocr_carea' id='block_1_102' title="bbox 420 5176 1991 5253">
    <p class='ocr_par' dir='ltr' id='par_1_102' title="bbox 420 5176 1991 5253">
     <span class='ocr_line' id='line_1_102' title="bbox 420 5176 1991 5253; baseline 0.007 -24"><span class='ocrx_word' id='word_1_771' title='bbox 420 5176 823 5233; x_wconf 83' lang='lat' dir='ltr'><strong>animadvertas</strong></span> <span class='ocrx_word' id='word_1_772' title='bbox 851 5194 966 5244; x_wconf 91' lang='lat' dir='ltr'><strong>eos,</strong></span> <span class='ocrx_word' id='word_1_773' title='bbox 994 5180 1194 5247; x_wconf 88' lang='lat' dir='ltr'><strong>quibus</strong></span> <span class='ocrx_word' id='word_1_774' title='bbox 1234 5181 1350 5236; x_wconf 62' lang='lat' dir='ltr'><strong>haec</strong></span> <span class='ocrx_word' id='word_1_775' title='bbox 1384 5181 1767 5251; x_wconf 75' lang='lat' dir='ltr'><strong>przescribebat</strong></span> <span class='ocrx_word' id='word_1_776' title='bbox 1794 5182 1991 5253; x_wconf 77' lang='lat' dir='ltr'><strong>Moses,</strong></span> 
     </span>
    </p>
   </div>
   <div class='ocr_carea' id='block_1_103' title="bbox 417 5271 1991 5345">
    <p class='ocr_par' dir='ltr' id='par_1_103' title="bbox 417 5271 1991 5345">
     <span class='ocr_line' id='line_1_103' title="bbox 417 5271 1991 5345; baseline 0.006 -23"><span class='ocrx_word' id='word_1_777' title='bbox 417 5284 610 5340; x_wconf 88' lang='lat' dir='ltr'><strong>parum</strong></span> <span class='ocrx_word' id='word_1_778' title='bbox 642 5272 993 5326; x_wconf 78' lang='lat' dir='ltr'><strong>conﬁrmatos</strong></span> <span class='ocrx_word' id='word_1_779' title='bbox 1024 5272 1212 5325; x_wconf 82' lang='lat' dir='ltr'><strong>fuisse.</strong></span> <span class='ocrx_word' id='word_1_780' title='bbox 1250 5271 1468 5342; x_wconf 84' lang='lat' dir='ltr'><strong>Absque</strong></span> <span class='ocrx_word' id='word_1_781' title='bbox 1502 5288 1611 5345; x_wconf 90' lang='lat' dir='ltr'><strong>quo</strong></span> <span class='ocrx_word' id='word_1_782' title='bbox 1640 5272 1852 5337; x_wconf 77' lang='lat' dir='ltr'><strong>fuisset,</strong></span> <span class='ocrx_word' id='word_1_783' title='bbox 1882 5291 1991 5331; x_wconf 88' lang='lat' dir='ltr'><strong>non</strong></span> 
     </span>
    </p>
   </div>
   <div class='ocr_carea' id='block_1_104' title="bbox 423 5363 1990 5434">
    <p class='ocr_par' dir='ltr' id='par_1_104' title="bbox 423 5363 1990 5434">
     <span class='ocr_line' id='line_1_104' title="bbox 423 5363 1990 5434; baseline 0.004 -17"><span class='ocrx_word' id='word_1_784' title='bbox 423 5370 503 5418; x_wconf 91' lang='lat' dir='ltr'><strong>tot</strong></span> <span class='ocrx_word' id='word_1_785' title='bbox 564 5363 825 5433; x_wconf 67' lang='lat' dir='ltr'><strong>prodigiis</strong></span> <span class='ocrx_word' id='word_1_786' title='bbox 883 5364 1193 5434; x_wconf 88' lang='lat' dir='ltr'><strong>conspectis</strong></span> <span class='ocrx_word' id='word_1_787' title='bbox 1246 5364 1540 5434; x_wconf 80' lang='lat' dir='ltr'><strong>imaginem</strong></span> <span class='ocrx_word' id='word_1_788' title='bbox 1611 5366 1765 5421; x_wconf 80' lang='lat' dir='ltr'><strong>vituli</strong></span> <span class='ocrx_word' id='word_1_789' title='bbox 1822 5366 1990 5425; x_wconf 87' lang='lat' dir='ltr'><strong>Deum</strong></span> 
     </span>
    </p>
   </div>
   <div class='ocr_carea' id='block_1_105' title="bbox 422 5453 1989 5529">
    <p class='ocr_par' dir='ltr' id='par_1_105' title="bbox 422 5453 1989 5529">
     <span class='ocr_line' id='line_1_105' title="bbox 422 5453 1989 5529; baseline 0.006 -22"><span class='ocrx_word' id='word_1_790' title='bbox 422 5464 852 5526; x_wconf 86' lang='lat' dir='ltr'><strong>ouncupassent.</strong></span> <span class='ocrx_word' id='word_1_791' title='bbox 880 5453 997 5511; x_wconf 81' lang='lat' dir='ltr'><strong>Jam</strong></span> <span class='ocrx_word' id='word_1_792' title='bbox 1024 5455 1116 5525; x_wconf 90' lang='lat' dir='ltr'><strong>qui</strong></span> <span class='ocrx_word' id='word_1_793' title='bbox 1154 5463 1304 5510; x_wconf 89' lang='lat' dir='ltr'><strong>tanta</strong></span> <span class='ocrx_word' id='word_1_794' title='bbox 1336 5456 1591 5511; x_wconf 78' lang='lat' dir='ltr'><strong>facilitate</strong></span> <span class='ocrx_word' id='word_1_795' title='bbox 1612 5457 1989 5529; x_wconf 82' lang='lat' dir='ltr'><strong>jumentorum</strong></span> 
     </span>
    </p>
   </div>
   <div class='ocr_carea' id='block_1_106' title="bbox 493 5620 1489 5688">
    <p class='ocr_par' dir='ltr' id='par_1_106' title="bbox 493 5620 1489 5688">
     <span class='ocr_line' id='line_1_106' title="bbox 493 5620 1489 5688; baseline -0.003 -11"><span class='ocrx_word' id='word_1_796' title='bbox 493 5621 541 5652; x_wconf 84' lang='lat'>“</span> <span class='ocrx_word' id='word_1_797' title='bbox 570 5620 707 5678; x_wconf 87' lang='lat' dir='ltr'><strong>Gen.</strong></span> <span class='ocrx_word' id='word_1_798' title='bbox 741 5637 801 5688; x_wconf 83' lang='lat' dir='ltr'><strong>tt,</strong></span> <span class='ocrx_word' id='word_1_799' title='bbox 830 5622 882 5676; x_wconf 89' lang='lat'><strong>8.</strong></span> <span class='ocrx_word' id='word_1_800' title='bbox 959 5622 1003 5655; x_wconf 84' lang='lat'><strong>&quot;</strong></span> <span class='ocrx_word' id='word_1_801' title='bbox 1034 5620 1261 5676; x_wconf 66' lang='lat' dir='ltr'><strong>Zachar.</strong></span> <span class='ocrx_word' id='word_1_802' title='bbox 1300 5638 1372 5687; x_wconf 81' lang='lat' dir='ltr'><strong>vr,</strong></span> <span class='ocrx_word' id='word_1_803' title='bbox 1406 5621 1489 5675; x_wconf 66' lang='lat' dir='ltr'><strong>li.</strong></span> 
     </span>
    </p>
   </div>
   <div class='ocr_carea' id='block_1_107' title="bbox 2099 4449 3665 4523">
    <p class='ocr_par' dir='ltr' id='par_1_107' title="bbox 2099 4449 3665 4523">
     <span class='ocr_line' id='line_1_107' title="bbox 2099 4449 3665 4523; baseline -0.003 -18"><span class='ocrx_word' id='word_1_804' title='bbox 2099 4470 2260 4507; x_wconf 86' lang='grc' dir='ltr'><strong>τινων</strong></span> <span class='ocrx_word' id='word_1_805' title='bbox 2288 4455 2575 4519; x_wconf 80' lang='grc' dir='ltr'><strong>ὑπονόμων</strong></span> <span class='ocrx_word' id='word_1_806' title='bbox 2620 4455 2803 4507; x_wconf 89' lang='grc' dir='ltr'><strong>τόπων</strong></span> <span class='ocrx_word' id='word_1_807' title='bbox 2832 4453 3184 4523; x_wconf 80' lang='grc' dir='ltr'><strong>ᾠκονόμησεν</strong></span> <span class='ocrx_word' id='word_1_808' title='bbox 3217 4451 3246 4502; x_wconf 83' lang='grc'>6</span> <span class='ocrx_word' id='word_1_809' title='bbox 3291 4450 3444 4513; x_wconf 77' lang='grc' dir='ltr'><strong>Θεὸς,</strong></span> <span class='ocrx_word' id='word_1_810' title='bbox 3484 4450 3577 4503; x_wconf 78' lang='grc' dir='ltr'><strong>καὶ</strong></span> <span class='ocrx_word' id='word_1_811' title='bbox 3608 4449 3665 4512; x_wconf 82' lang='grc' dir='ltr'>ἐξ</span> 
     </span>
    </p>
   </div>
   <div class='ocr_carea' id='block_1_108' title="bbox 2099 4541 3662 4614">
    <p class='ocr_par' dir='ltr' id='par_1_108' title="bbox 2099 4541 3662 4614">
     <span class='ocr_line' id='line_1_108' title="bbox 2099 4541 3662 4614; baseline -0.004 -15"><span class='ocrx_word' id='word_1_812' title='bbox 2099 4546 2305 4614; x_wconf 79' lang='grc' dir='ltr'><strong>ἑτέρων</strong></span> <span class='ocrx_word' id='word_1_813' title='bbox 2342 4545 2523 4613; x_wconf 84' lang='grc' dir='ltr'>ἀρχῶν</span> <span class='ocrx_word' id='word_1_814' title='bbox 2578 4545 2777 4608; x_wconf 75' lang='grc' dir='ltr'><strong>αὐτοὺς</strong></span> <span class='ocrx_word' id='word_1_815' title='bbox 2819 4542 3239 4612; x_wconf 80' lang='grc' dir='ltr'><strong>ἀναφαίνεσθαι,</strong></span> <span class='ocrx_word' id='word_1_816' title='bbox 3291 4542 3379 4595; x_wconf 78' lang='grc' dir='ltr'><strong>ἵνα</strong></span> <span class='ocrx_word' id='word_1_817' title='bbox 3432 4541 3509 4609; x_wconf 78' lang='grc' dir='ltr'><strong>μὴ</strong></span> <span class='ocrx_word' id='word_1_818' title='bbox 3544 4543 3662 4602; x_wconf 77' lang='grc' dir='ltr'><strong>ταῖς</strong></span> 
     </span>
    </p>
   </div>
   <div class='ocr_carea' id='block_1_109' title="bbox 2098 4633 3664 4703">
    <p class='ocr_par' dir='ltr' id='par_1_109' title="bbox 2098 4633 3664 4703">
     <span class='ocr_line' id='line_1_109' title="bbox 2098 4633 3664 4703; baseline 0 -18"><span class='ocrx_word' id='word_1_819' title='bbox 2098 4633 2285 4702; x_wconf 69' lang='grc' dir='ltr'><strong>ὄχθαις</strong></span> <span class='ocrx_word' id='word_1_820' title='bbox 2316 4634 2495 4686; x_wconf 77' lang='grc' dir='ltr'><strong>αὐτῶν</strong></span> <span class='ocrx_word' id='word_1_821' title='bbox 2523 4634 2947 4698; x_wconf 73' lang='grc' dir='ltr'><strong>ἀκολουθοῦντές</strong></span> <span class='ocrx_word' id='word_1_822' title='bbox 2977 4651 3122 4696; x_wconf 84' lang='grc' dir='ltr'><strong>τινες</strong></span> <span class='ocrx_word' id='word_1_823' title='bbox 3159 4633 3322 4688; x_wconf 78' lang='grc' dir='ltr'><strong>αὑτὸν</strong></span> <span class='ocrx_word' id='word_1_824' title='bbox 3344 4634 3664 4703; x_wconf 67' lang='grc' dir='ltr'><strong>ἐπιχειρῶσι</strong></span> 
     </span>
    </p>
   </div>
   <div class='ocr_carea' id='block_1_110' title="bbox 2100 4726 3360 4797">
    <p class='ocr_par' dir='ltr' id='par_1_110' title="bbox 2100 4726 3360 4797">
     <span class='ocr_line' id='line_1_110' title="bbox 2100 4726 3360 4797; baseline 0.003 -17"><span class='ocrx_word' id='word_1_825' title='bbox 2100 4726 2432 4780; x_wconf 76' lang='grc' dir='ltr'><strong>καταλαϐεῖν</strong></span> <span class='ocrx_word' id='word_1_826' title='bbox 2470 4726 2561 4779; x_wconf 75' lang='grc' dir='ltr'><strong>τὸν</strong></span> <span class='ocrx_word' id='word_1_827' title='bbox 2600 4728 2949 4797; x_wconf 77' lang='grc' dir='ltr'><strong>παράδεισον.</strong></span> <span class='ocrx_word' id='word_1_828' title='bbox 3348 4772 3360 4784; x_wconf 92' lang='grc'><strong>.</strong></span> 
     </span>
    </p>
   </div>
   <div class='ocr_carea' id='block_1_111' title="bbox 2170 4813 3663 4889">
    <p class='ocr_par' dir='ltr' id='par_1_111' title="bbox 2170 4813 3663 4889">
     <span class='ocr_line' id='line_1_111' title="bbox 2170 4813 3663 4889; baseline 0.003 -21"><span class='ocrx_word' id='word_1_829' title='bbox 2170 4813 2301 4868; x_wconf 68' lang='grc' dir='ltr'><strong>Οἶδα</strong></span> <span class='ocrx_word' id='word_1_830' title='bbox 2329 4816 2407 4879; x_wconf 85' lang='grc' dir='ltr'><strong>δὲ,</strong></span> <span class='ocrx_word' id='word_1_831' title='bbox 2436 4820 2707 4888; x_wconf 76' lang='grc' dir='ltr'><strong>ἀγαπητὲ,</strong></span> <span class='ocrx_word' id='word_1_832' title='bbox 2735 4820 2817 4870; x_wconf 89' lang='grc' dir='ltr'><strong>ὅτι</strong></span> <span class='ocrx_word' id='word_1_833' title='bbox 2852 4819 2947 4873; x_wconf 82' lang='grc' dir='ltr'><strong>καὶ</strong></span> <span class='ocrx_word' id='word_1_834' title='bbox 2973 4818 3134 4872; x_wconf 81' lang='grc' dir='ltr'><strong>τοῦτο</strong></span> <span class='ocrx_word' id='word_1_835' title='bbox 3167 4819 3305 4889; x_wconf 82' lang='grc' dir='ltr'><strong>μετά</strong></span> <span class='ocrx_word' id='word_1_836' title='bbox 3342 4820 3454 4873; x_wconf 81' lang='grc' dir='ltr'><strong>τῶν</strong></span> <span class='ocrx_word' id='word_1_837' title='bbox 3490 4818 3663 4873; x_wconf 68' lang='grc' dir='ltr'><strong>ἄλλων</strong></span> 
     </span>
    </p>
   </div>
   <div class='ocr_carea' id='block_1_112' title="bbox 2097 4907 3659 4983">
    <p class='ocr_par' dir='ltr' id='par_1_112' title="bbox 2097 4907 3659 4983">
     <span class='ocr_line' id='line_1_112' title="bbox 2097 4907 3659 4983; baseline 0.004 -23"><span class='ocrx_word' id='word_1_838' title='bbox 2097 4907 2304 4978; x_wconf 78' lang='grc' dir='ltr'><strong>ζητεῖς,</strong></span> <span class='ocrx_word' id='word_1_839' title='bbox 2334 4908 2387 4961; x_wconf 90' lang='grc' dir='ltr'>τί</span> <span class='ocrx_word' id='word_1_840' title='bbox 2417 4907 2481 4979; x_wconf 83' lang='grc' dir='ltr'>δή</span> <span class='ocrx_word' id='word_1_841' title='bbox 2528 4926 2655 4963; x_wconf 74' lang='grc' dir='ltr'><strong>ποτε</strong></span> <span class='ocrx_word' id='word_1_842' title='bbox 2709 4912 2837 4980; x_wconf 81' lang='grc' dir='ltr'>περὶ</span> <span class='ocrx_word' id='word_1_843' title='bbox 2868 4910 3100 4983; x_wconf 81' lang='grc' dir='ltr'>οὐρανοῦ</span> <span class='ocrx_word' id='word_1_844' title='bbox 3141 4914 3235 4969; x_wconf 75' lang='grc' dir='ltr'><strong>καὶ</strong></span> <span class='ocrx_word' id='word_1_845' title='bbox 3266 4912 3368 4980; x_wconf 79' lang='grc' dir='ltr'><strong>γῆς</strong></span> <span class='ocrx_word' id='word_1_846' title='bbox 3407 4914 3502 4965; x_wconf 79' lang='grc' dir='ltr'><strong>καὶ</strong></span> <span class='ocrx_word' id='word_1_847' title='bbox 3533 4914 3659 4966; x_wconf 67' lang='grc' dir='ltr'><strong>πάιν·</strong></span> 
     </span>
    </p>
   </div>
   <div class='ocr_carea' id='block_1_113' title="bbox 2096 5000 3661 5075">
    <p class='ocr_par' dir='ltr' id='par_1_113' title="bbox 2096 5000 3661 5075">
     <span class='ocr_line' id='line_1_113' title="bbox 2096 5000 3661 5075; baseline 0.001 -20"><span class='ocrx_word' id='word_1_848' title='bbox 2096 5018 2208 5057; x_wconf 81' lang='grc' dir='ltr'><strong>των</strong></span> <span class='ocrx_word' id='word_1_849' title='bbox 2243 5001 2441 5071; x_wconf 68' lang='grc' dir='ltr'><strong>ἐφεξῆς</strong></span> <span class='ocrx_word' id='word_1_850' title='bbox 2480 5000 2692 5068; x_wconf 81' lang='grc' dir='ltr'><strong>διεξιὼν</strong></span> <span class='ocrx_word' id='word_1_851' title='bbox 2735 5004 2944 5073; x_wconf 78' lang='grc' dir='ltr'><strong>Μωσῆς</strong></span> <span class='ocrx_word' id='word_1_852' title='bbox 2979 5005 3078 5075; x_wconf 84' lang='grc' dir='ltr'><strong>τῆς</strong></span> <span class='ocrx_word' id='word_1_853' title='bbox 3115 5007 3225 5060; x_wconf 86' lang='grc' dir='ltr'><strong>τῶν</strong></span> <span class='ocrx_word' id='word_1_854' title='bbox 3270 5006 3527 5074; x_wconf 83' lang='grc' dir='ltr'><strong>ἀγγέλων</strong></span> <span class='ocrx_word' id='word_1_855' title='bbox 3569 5004 3661 5070; x_wconf 80' lang='grc' dir='ltr'><strong>δηο</strong></span> 
     </span>
    </p>
   </div>
   <div class='ocr_carea' id='block_1_114' title="bbox 2100 5094 3663 5167">
    <p class='ocr_par' dir='ltr' id='par_1_114' title="bbox 2100 5094 3663 5167">
     <span class='ocr_line' id='line_1_114' title="bbox 2100 5094 3663 5167; baseline -0.001 -18"><span class='ocrx_word' id='word_1_856' title='bbox 2100 5097 2392 5167; x_wconf 86' lang='grc' dir='ltr'><strong>μιουργίας</strong></span> <span class='ocrx_word' id='word_1_857' title='bbox 2427 5094 2665 5165; x_wconf 79' lang='grc' dir='ltr'><strong>οὐδαμοῦ</strong></span> <span class='ocrx_word' id='word_1_858' title='bbox 2706 5097 3055 5167; x_wconf 79' lang='grc' dir='ltr'><strong>μεμνημένος</strong></span> <span class='ocrx_word' id='word_1_859' title='bbox 3105 5098 3380 5164; x_wconf 78' lang='grc' dir='ltr'><strong>φαίνεται.</strong></span> <span class='ocrx_word' id='word_1_860' title='bbox 3424 5096 3464 5149; x_wconf 85' lang='grc' dir='ltr'><strong>Γ</strong></span> <span class='ocrx_word' id='word_1_861' title='bbox 3470 5096 3663 5149; x_wconf 77' lang='grc' dir='ltr'><strong>ίνωσχε</strong></span> 
     </span>
    </p>
   </div>
   <div class='ocr_carea' id='block_1_115' title="bbox 2096 5183 3661 5261">
    <p class='ocr_par' dir='ltr' id='par_1_115' title="bbox 2096 5183 3661 5261">
     <span class='ocr_line' id='line_1_115' title="bbox 2096 5183 3661 5261; baseline 0.001 -21"><span class='ocrx_word' id='word_1_862' title='bbox 2096 5186 2189 5240; x_wconf 80' lang='grc' dir='ltr'><strong>οὖν</strong></span> <span class='ocrx_word' id='word_1_863' title='bbox 2221 5188 2305 5242; x_wconf 85' lang='grc' dir='ltr'><strong>ὅτι</strong></span> <span class='ocrx_word' id='word_1_864' title='bbox 2331 5186 2483 5240; x_wconf 81' lang='grc' dir='ltr'>οὐδὲν</span> <span class='ocrx_word' id='word_1_865' title='bbox 2512 5186 2736 5256; x_wconf 84' lang='grc' dir='ltr'><strong>στερεὸν</strong></span> <span class='ocrx_word' id='word_1_866' title='bbox 2775 5186 2900 5241; x_wconf 84' lang='grc' dir='ltr'><strong>οὐδὲ</strong></span> <span class='ocrx_word' id='word_1_867' title='bbox 2935 5186 3152 5257; x_wconf 71' lang='grc' dir='ltr'><strong>βέϐαιον</strong></span> <span class='ocrx_word' id='word_1_868' title='bbox 3187 5183 3334 5257; x_wconf 76' lang='grc' dir='ltr'><strong>εἶχον</strong></span> <span class='ocrx_word' id='word_1_869' title='bbox 3366 5188 3417 5239; x_wconf 83' lang='grc' dir='ltr'><strong>οἱ</strong></span> <span class='ocrx_word' id='word_1_870' title='bbox 3449 5186 3661 5261; x_wconf 66' lang='grc' dir='ltr'><strong>νομοθε-</strong></span> 
     </span>
    </p>
   </div>
   <div class='ocr_carea' id='block_1_116' title="bbox 2093 5274 3666 5350">
    <p class='ocr_par' dir='ltr' id='par_1_116' title="bbox 2093 5274 3666 5350">
     <span class='ocr_line' id='line_1_116' title="bbox 2093 5274 3666 5350; baseline -0.003 -19"><span class='ocrx_word' id='word_1_871' title='bbox 2093 5278 2369 5346; x_wconf 78' lang='grc' dir='ltr'><strong>τούμενοι.</strong></span> <span class='ocrx_word' id='word_1_872' title='bbox 2418 5278 2480 5332; x_wconf 76' lang='lat' dir='ltr'><strong>Et</strong></span> <span class='ocrx_word' id='word_1_873' title='bbox 2513 5278 2589 5348; x_wconf 74' lang='grc' dir='ltr'><strong>μὴ</strong></span> <span class='ocrx_word' id='word_1_874' title='bbox 2627 5278 2735 5350; x_wconf 79' lang='grc' dir='ltr'><strong>γὰρ</strong></span> <span class='ocrx_word' id='word_1_875' title='bbox 2767 5277 2924 5333; x_wconf 80' lang='grc' dir='ltr'><strong>τοῦτο</strong></span> <span class='ocrx_word' id='word_1_876' title='bbox 2959 5274 3047 5349; x_wconf 82' lang='grc' dir='ltr'><strong>ἦν,</strong></span> <span class='ocrx_word' id='word_1_877' title='bbox 3077 5277 3179 5332; x_wconf 77' lang='grc' dir='ltr'><strong>οὐκ</strong></span> <span class='ocrx_word' id='word_1_878' title='bbox 3210 5278 3277 5333; x_wconf 75' lang='grc' dir='ltr'><strong>ἂν</strong></span> <span class='ocrx_word' id='word_1_879' title='bbox 3322 5279 3523 5335; x_wconf 70' lang='grc' dir='ltr'><strong>ἐκεῖνοι</strong></span> <span class='ocrx_word' id='word_1_880' title='bbox 3571 5280 3666 5328; x_wconf 76' lang='grc' dir='ltr'><strong>καὶ</strong></span> 
     </span>
    </p>
   </div>
   <div class='ocr_carea' id='block_1_117' title="bbox 2094 5354 3666 5439">
    <p class='ocr_par' dir='ltr' id='par_1_117' title="bbox 2094 5354 3666 5439">
     <span class='ocr_line' id='line_1_117' title="bbox 2094 5354 3666 5439; baseline -0.002 -19"><span class='ocrx_word' id='word_1_881' title='bbox 2094 5370 2333 5423; x_wconf 82' lang='grc' dir='ltr'><strong>τοσαῦτα</strong></span> <span class='ocrx_word' id='word_1_882' title='bbox 2358 5354 2691 5438; x_wconf 78' lang='grc' dir='ltr'><strong>Θεασάμενοι</strong></span> <span class='ocrx_word' id='word_1_883' title='bbox 2724 5368 2978 5437; x_wconf 80' lang='grc' dir='ltr'><strong>θαύματα</strong></span> <span class='ocrx_word' id='word_1_884' title='bbox 3001 5371 3102 5439; x_wconf 77' lang='grc' dir='ltr'><strong>τὴν</strong></span> <span class='ocrx_word' id='word_1_885' title='bbox 3134 5368 3319 5422; x_wconf 74' lang='grc' dir='ltr'><strong>εἰκόνα</strong></span> <span class='ocrx_word' id='word_1_886' title='bbox 3340 5368 3436 5421; x_wconf 84' lang='grc' dir='ltr'><strong>τοῦ</strong></span> <span class='ocrx_word' id='word_1_887' title='bbox 3462 5368 3666 5436; x_wconf 74' lang='grc' dir='ltr'><strong>μόσχοι.</strong></span> 
     </span>
    </p>
   </div>
   <div class='ocr_carea' id='block_1_118' title="bbox 2097 5460 3671 5535">
    <p class='ocr_par' dir='ltr' id='par_1_118' title="bbox 2097 5460 3671 5535">
     <span class='ocr_line' id='line_1_118' title="bbox 2097 5460 3671 5535; baseline -0.004 -19"><span class='ocrx_word' id='word_1_888' title='bbox 2097 5461 2227 5516; x_wconf 74' lang='grc' dir='ltr'>Θεὸν</span> <span class='ocrx_word' id='word_1_889' title='bbox 2256 5462 2654 5535; x_wconf 81' lang='grc' dir='ltr'><strong>ἀνηγόρευσαν.</strong></span> <span class='ocrx_word' id='word_1_890' title='bbox 2686 5462 2753 5516; x_wconf 77' lang='lat' dir='ltr'><strong>Oi</strong></span> <span class='ocrx_word' id='word_1_891' title='bbox 2789 5461 2846 5517; x_wconf 73' lang='grc' dir='ltr'>δὲ</span> <span class='ocrx_word' id='word_1_892' title='bbox 2876 5460 3080 5534; x_wconf 68' lang='grc' dir='ltr'>ῥᾳδίως</span> <span class='ocrx_word' id='word_1_893' title='bbox 3109 5461 3251 5517; x_wconf 82' lang='grc' dir='ltr'><strong>οὓτω</strong></span> <span class='ocrx_word' id='word_1_894' title='bbox 3295 5461 3365 5517; x_wconf 69' lang='grc' dir='ltr'><strong>τὰ</strong></span> <span class='ocrx_word' id='word_1_895' title='bbox 3389 5463 3496 5514; x_wconf 75' lang='grc' dir='ltr'><strong>τῶν</strong></span> <span class='ocrx_word' id='word_1_896' title='bbox 3538 5475 3671 5528; x_wconf 80' lang='grc' dir='ltr'><strong>κτη-</strong></span> 
     </span>
    </p>
   </div>
  </div>
