4062 6186
500 300 603 364 163

1728 304 2148 368 MICHAELIS
2186 305 2445 368 GLYCAE

3629 311 3728 375 161

500 420 788 476 testatibus
820 422 925 475 illis
959 420 1249 492 supremis.
1310 420 1575 476 Praeterea
1609 431 1831 477 naturas
1857 423 1955 479 has
1987 425 2057 477 in-

2166 441 2277 486 τοις
2316 426 2409 477 καὶ
2438 423 2695 494 δυνάμεις
2722 424 2948 479 καλοῦσι
2988 425 3084 490 τὰς
3115 429 3307 499 νοερᾶς
3333 429 3511 491 πάσας
3543 431 3731 498 φύσεις

498 515 783 569 tellectiles
838 515 890 566 in
923 512 1233 566 universum
1263 512 1442 567 vocari
1473 514 1721 569 videmus
1744 524 2060 585 potestates,

426 660 431 665 ,
496 614 555 659 ιιι
595 622 714 675 quae.
748 605 855 657 sint
886 606 953 657 ab
982 603 1363 659 affectionibus
1390 608 1668 675 corporeis
1708 608 1980 663 immunes
2011 618 2065 663 et

489 706 782 767 pmpterea
842 696 1104 764 perficere
1138 696 1245 763 sibi
1298 698 1554 753 mandata
1608 700 1841 767 possint.
1889 700 2063 755 «Prae-

495 796 661 851 stant,
688 786 862 853 inquit
898 785 1149 851 Davidcs,
1205 788 1424 855 robore,
1475 803 1538 843 ac
1596 789 1887 860 imperium
1949 792 2064 860 ejus

494 877 1065 945 exsequtmtur”'"‘.t
1100 878 1423 935 Praeterhaec
1452 881 1505 935 in
1536 882 1763 952 singulis
1801 882 1947 937 hisee
1979 897 2064 937 sa-

493 967 597 1022 cris
654 968 912 1038 gradibus
964 969 1183 1025 ordines
1228 972 1540 1040 superiores
1594 972 1797 1028 habent
1843 973 2065 1028 inferio-

496 1075 613 1113 rum
674 1060 1116 1117 collustrationes
1169 1071 1331 1133 atque
1390 1074 1730 1133 potestates,
1786 1082 1909 1121 cum
1970 1083 2064 1137 po-

464 1142 753 1207 rsteriores
817 1154 1163 1224 superiorum
1208 1157 1539 1225 prazstanliae
1573 1174 1678 1211 non
1737 1158 1847 1212 sint
1895 1160 2064 1228 parti-

489 1244 661 1313 cipes.

559 1349 673 1404 l-loc
701 1364 916 1420 quoque
944 1348 1258 1407 necessario
1282 1354 1560 1408 Sciendum
1592 1354 1811 1420 esttibi,
1845 1368 2061 1408 omnem

490 1443 753 1496 mentium
791 1444 1005 1498 illarum
1063 1446 1366 1499 cmlestium
1396 1444 1816 1514 appellationem
1872 1447 1926 1498 in
1960 1442 2065 1500 He-

488 1533 633 1589 brma
662 1536 837 1607 lingua
865 1536 1314 1605 significationem
1337 1537 1535 1591 habere
1558 1538 1754 1591 divinae
1780 1537 2063 1606 cujusdam

488 1627 823 1695 singularum
884 1628 1251 1697 pr0prietatis,
1309 1628 1359 1682 id
1418 1628 1560 1697 quod
1619 1628 1779 1683 etiam
1829 1628 2065 1683 Joannes

487 1717 908 1789 Chrysostomus
933 1719 1134 1773 indicat
1152 1720 1201 1772 in
1222 1721 1464 1775 oratione
1487 1735 1582 1773 sua
1604 1720 1756 1774 tertia
1775 1719 2067 1774 deIncom-

2166 516 2240 577 ὠς
2280 516 2388 569 τῶν
2448 519 2777 587 σωματικῶν
2842 519 3031 573 παθῶν
3084 518 3374 591 ἐλευθέρας
3428 523 3724 576 κάντεῦθεν

2168 607 2407 678 πληροῦν
2457 609 2523 661 τὰ
2582 610 2912 679 κελευόμενα
2962 610 3305 680 δυναμέναςο
3369 630 3388 664 ι
3425 614 3669 681 Δυνατοὶ,
3706 635 3728 668 ι

2168 696 2273 765 γάρ
2310 714 2496 767 φησιν,
2547 718 2566 749 ι
2613 700 2779 769 ἰσχύϊ,
2822 700 3103 764 ποιοῦντες
3156 702 3248 754 τὸν
3298 702 3453 768 λόγον
3481 690 3671 759 αὐτοῦ.
3710 724 3728 755 ι

2179 784 2341 837 Ἀλλὰ
2378 787 2470 839 καὶ
2523 789 2667 840 κατὰ
2700 790 2884 842 πᾶσαν
2940 790 3092 859 ἱερὰν
3132 791 3497 861 διακόσμησιν
3528 795 3584 846 αί
3637 798 3737 863 μὲν

2167 873 2602 945 ὑπερϐεϐηκυῖαι
2626 877 2809 942 τάξεις
2831 879 3012 949 ἔχουσι
3044 884 3136 936 καὶ
3166 884 3262 946 τὰς
3291 885 3399 937 τῶν
3431 885 3737 955 ὑφειμένων

2166 966 2583 1037 διακοσμήσεων
2623 969 2919 1040 ἐλλάμψεις
2969 975 3063 1026 καὶ
3122 973 3401 1043 δυνάμεις,
3444 976 3735 1045 ἀμέθεκτοι

2166 1057 2222 1110 δὲ
2254 1059 2361 1114 τῶν
2385 1061 2557 1124 αὐτὰς
2598 1061 3014 1133 ὑπερκειμένων
3049 1065 3105 1117 al
3134 1064 3440 1118 τελευταίαί
3465 1067 3627 1119 είσιν.

2250 1335 2574 1401 Ἀναγκαῖον
2600 1332 2657 1387 δὲ
2698 1332 2832 1403 πρὸς
2861 1334 2976 1397 τοῖς
3005 1334 3184 1399 ἄλλοις
3219 1334 3312 1389 καὶ
3338 1335 3495 1388 τοῦτο
3537 1335 3735 1389 εἰδέναι

2168 1434 2249 1488 σε,
2280 1426 2363 1478 ὅτι
2404 1428 2551 1479 πᾶσα
2589 1427 2619 1493 ἡ
2648 1424 2758 1477 τῶν
2781 1427 3118 1495 ἐπουρανίων
3157 1427 3291 1479 νοῶν
3324 1427 3609 1494 ἐπωνυμία
3638 1427 3737 1494 δήι-

2166 1518 2331 1571 λωσιν
2361 1518 2474 1588 ἔχει
2510 1520 2608 1587 τῆς
2638 1518 2868 1572 ἑκάστου
2895 1515 3158 1581 θεοειδοῦς
3192 1517 3735 1588 ίδιότητοςἙὸραῑκῇ

2168 1612 2339 1680 φωνῇ,
2373 1609 2515 1663 καθὰ
2553 1610 2616 1679 δὴ
2656 1610 2749 1661 καὶ
2778 1610 2805 1661 ὁ
2846 1609 3252 1680 χρυσορρήμων
3279 1608 3536 1679 Ἰωάννης
3568 1609 3737 1679 φησὶν

2169 1708 2225 1759 ἐν
2256 1707 2333 1777 τῷ
2363 1706 2492 1775 περὶ
2524 1706 2909 1775 ἁκαταλήπτου
2941 1702 3108 1776 τρίτῳ
3149 1706 3293 1777 λόγῳ
3324 1705 3509 1760 αὐτοῦ.
3537 1707 3608 1758 Τὸ
3633 1706 3737 1775 μὲν

489 1771 810 1878 prehensili.
833 1810 951 1875 Quo
982 1811 1035 1863 ﬁt
1064 1820 1120 1863 ut
1144 1812 1341 1879 partim
1368 1811 1631 1875 Cherubi,
1653 1811 1850 1880 partim
1905 1800 2057 1866 Sera-

2167 1771 2349 1851 αιτιῖᾷν
2394 1771 2697 1868 Χερουϐὶμ,
2753 1771 2813 1852 et
2861 1799 2916 1850 δὲ
2959 1771 3583 1867 ὲεράφιμᾶςαλούμενα,
3635 1771 3735 1849 ’Τά

488 1904 576 1971 phi
615 1912 906 1966 vocentur;
932 1918 1053 1955 nam
1082 1903 1352 1972 ejusmodi
1392 1904 1611 1957 nomina
1657 1902 1935 1957 declarant
1975 1920 2066 1957 ea-

490 2010 608 2047 rum
632 1994 967 2049 eerctiones.
993 1993 1070 2049 Ae
1097 1994 1554 2062 quemadmodum
1578 1993 1803 2063 angelus
1822 1994 1945 2049 inde
1971 2010 2064 2049 no-

491 2101 612 2140 men
632 2087 864 2155 accepit,
888 2087 1029 2155 quod
1053 2102 1248 2141 arcana
1269 2087 1356 2141 illa
1382 2102 1563 2140 rerum
1586 2086 1887 2141 divinarum
1908 2087 2065 2142 nobis

491 2179 727 2242 nuntiet,
782 2180 1021 2246 itemque
1054 2180 1433 2250 archangelus,
1473 2179 1621 2248 quod
1673 2180 1883 2251 angelis
1939 2195 2061 2235 cum

490 2266 724 2335 imperio
756 2268 961 2335 prarsit,
1016 2268 1093 2321 sic
1144 2278 1199 2321 et
1234 2268 1631 2339 appellationes
1668 2270 1784 2325 ista:
1839 2272 2062 2340 sapien—

492 2359 619 2410 tiam
659 2360 898 2427 ipsarum
935 2360 1339 2429 purita—tcmque
1388 2361 1554 2416 nobis
1584 2363 1845 2419 indicant.
1909 2362 2064 2419 Sicut

491 2446 655 2500 etiam
686 2448 784 2499 ala:
820 2448 1212 2503 sublimitatem
1273 2449 1326 2502 in
1370 2450 1453 2504 eis
1476 2460 1692 2506 natura
1749 2453 2062 2521 significant

492 2542 639 2607 (nam
703 2541 889 2595 volare
946 2541 1235 2596 Gabritlus
1293 2558 1400 2597 non
1462 2545 1663 2599 idcirco
1724 2547 2057 2615 perhibetur,

490 2635 635 2702 quod
666 2636 893 2705 angelus
930 2636 1035 2691 iste
1064 2652 1272 2706 pennas
1299 2637 1497 2692 habeat
1536 2656 1548 2691 :
1607 2640 1701 2693 sed
1757 2641 1829 2694 uti
1882 2641 2061 2699 discas

489 2741 616 2781 eum
646 2726 714 2781 de
732 2728 866 2782 locis
896 2728 1166 2795 supremis
1191 2728 1260 2783 ad
1283 2728 1534 2783 homines
1557 2731 1788 2799 venire),
1817 2732 1889 2785 ita
1914 2747 2063 2786 com-

491 2826 680 2886 parata
713 2832 800 2872 res
826 2828 909 2872 est
932 2818 982 2870 in
1014 2819 1286 2874 tlherubis
1325 2834 1545 2889 quoque
1563 2835 1627 2875 ac
1653 2820 1946 2891 Seraphis;
1981 2823 2059 2877 ni-

495 2907 572 2961 hil
602 2909 747 2963 enim
781 2909 1023 2978 ipsorum
1055 2910 1152 2963 alte
1182 2909 1445 2964 denmant
1468 2910 1617 2965 aliud
1650 2926 1812 2980 quam
1848 2923 2059 2967 natura:

491 2998 907 3063 sublimitatem,
942 2998 1169 3068 perinde
1196 3008 1255 3053 ut
1284 2999 1424 3053 oculi
1453 2999 1920 3069 perspicacitatetn
1957 3002 2055 3056 de-

2166 1888 2389 1941 τοιαῦτα
2447 1892 2541 1943 καὶ
2592 1890 2698 1958 γὰρ
2752 1889 2991 1957 ὀνόματα
3056 1890 3155 1953 τὰς
3218 1891 3499 1960 ἐνεργείας
3554 1890 3738 1943 αὐτῶν

2169 1982 2596 2052 ὑπεμφαίνουσι,
2641 1983 2736 2035 καὶ
2791 1982 3046 2055 καθάπερ
3085 1984 3318 2053 ἄγγελος
3357 1984 3573 2051 λέγεται
3598 1985 3738 2037 διότι

2166 2074 2259 2135 τὰς
2301 2072 2447 2135 θείας
2477 2072 2839 2142 ἐκφαντορίας
2869 2075 3192 2143 ἀναγγέλλει
3219 2077 3371 2145 ἡμῖν,
3402 2078 3497 2130 καὶ
3533 2077 3743 2146 ἀρχάγ-

2165 2165 2320 2232 γελος
2360 2167 2545 2236 ἐπειδὴ
2574 2168 2682 2220 τῶν
2711 2165 2958 2233 ἀγγέλων
2997 2168 3175 2238 ἄρχει,
3208 2168 3382 2231 οὕτως
3409 2170 3742 2223 αἱτοιαῦται

2167 2258 2535 2327 προσηγορέαι
2562 2258 2660 2328 τὴν
2692 2262 2882 2329 σοφίαν
2916 2260 3097 2314 αὐτῶν
3127 2262 3223 2313 καὶ
3258 2261 3611 2332 καθαρότητα
3639 2262 3745 2327 δη-

2164 2347 2346 2401 λοῦσιν
2376 2351 2528 2420 ἡμῖν.
2584 2350 2694 2403 Καὶ
2723 2350 2913 2420 ὥσπερ
2971 2353 3026 2404 αἱ
3074 2351 3345 2419 πτέρυγες
3380 2352 3441 2403 τὸ
3470 2352 3602 2418 ὕψος
3637 2351 3744 2421 δη-

2164 2440 2315 2493 λοῦσι
2367 2442 2466 2512 τῆς
2513 2443 2727 2512 φύσεως
2778 2444 2895 2512 (καὶ
2942 2443 3049 2514 γὰρ
3092 2445 3119 2496 ὁ
3154 2443 3394 2513 Γαϐριὴλ
3437 2443 3745 2513 πετόμενος

2166 2533 2418 2600 φαίνεται
2466 2534 2564 2586 οὐκ
2609 2534 2797 2604 ἐπειδὴ
2835 2535 3013 2606 πτερὰ
3055 2536 3186 2605 περὶ
3208 2535 3301 2589 τὸν
3325 2536 3573 2603 ἄγγελον,
3617 2534 3745 2589 ἀλλ’

2166 2624 2251 2677 ἵνα
2284 2625 2466 2695 μάθῃς
2517 2627 2599 2679 ὅτι
2633 2628 2695 2679 ἐκ
2725 2626 2833 2679 τῶν
2889 2628 3181 2681 ἀνωτάτων
3235 2628 3453 2698 χωρίων
3506 2628 3597 2681 ἐπὶ
3632 2630 3743 2698 τὴν

2162 2716 2510 2785 ἀνθρωπίνην
2544 2718 2772 2786 ἀφῖκται
2815 2718 3019 2788 φύσιν),
3065 2719 3206 2773 οὓτω
3239 2720 3304 2789 δὴ
3357 2722 3451 2772 καὶ
3493 2721 3585 2772 sua
3622 2720 3739 2773 τῶν

2162 2809 2441 2879 Χερουϐὶμ
2477 2810 2572 2862 καὶ
2610 2810 2859 2880 Σεραφὶμ
2887 2811 3041 2863 οὐδὲν
3072 2812 3200 2864 ἄλλο
3222 2812 3374 2881 δηλοί
3396 2814 3462 2864 τὰ
3490 2812 3671 2881 πτερὰ
3700 2813 3735 2880 ἦ

2160 2900 2221 2951 τὸ
2258 2899 2391 2969 ὕψος
2419 2902 2515 2971 τῆς
2550 2902 2788 2970 φύσεως,
2827 2905 2923 2955 καί
2952 2906 3000 2956 οἱ
3037 2904 3309 2973 ὀφθαλμοὶ
3336 2905 3396 2957 τὸ
3420 2905 3738 2974 ὁιορατικὸν

2161 2993 2365 3045 αὐτῶν.
2403 2994 2679 3057 Ὡσαύτως
2705 2997 2765 3049 τὸ
2801 2996 2889 3049 διὰ
2933 2996 3134 3056 παντὸς
3166 2998 3428 3064 ἀνυμνείν
3475 2998 3533 3048 τὸ
3556 2998 3739 3066 ἄγρυο

491 3090 724 3151 οίατοιιισ,
752 3088 1050 3144 celebratio
1105 3098 1367 3158 perpetua
1400 3090 1732 3159 vigilantiam
1763 3107 2055 3147 summam.

2169 3100 2299 3136 πνον
2325 3085 2504 3138 αὐτῶν
2538 3086 2871 3157 ὑπεμφαίνει
2907 3089 3000 3140 καὶ
3029 3088 3320 3157 γρήγορον.
3358 3089 3513 3141 Οὕτω
3541 3088 3608 3159 δὴ
3638 3091 3739 3142 καὶ

490 3180 606 3234 Hoc
631 3180 793 3236 modo
836 3180 1226 3248 appellationes
1273 3194 1462 3234 eorum
1514 3182 1709 3250 partim
1754 3183 2053 3252 sapientiae,

490 3272 686 3339 partim
745 3270 998 3340 puritatis
1050 3271 1412 3326 indicationes
1459 3272 1684 3327 habent.
1742 3272 1875 3327 Nam
1927 3274 2057 3343 quid

490 3362 637 3416 aliud
673 3372 830 3417 sonat
850 3362 1229 3417 Cheruborum
1256 3379 1454 3419 nomen
1498 3365 1608 3435 78
1630 3380 1789 3435 quam
1818 3368 2057 3435 cognitio

491 3451 891 3521 multiplicata?
946 3452 1086 3518 Quid
1122 3452 1494 3524 Seraphorum
1541 3473 1703 3525 quam
1735 3473 1831 3511 ora
1861 3457 2057 3527 ignea?

492 3543 838 3598 Thronorum
876 3559 976 3597 vox
1006 3544 1139 3598 nihil
1172 3544 1439 3615 signiﬁcat
1470 3546 1619 3601 aliud
1665 3562 1827 3616 quam
1866 3562 2054 3601 eorum

490 3636 862 3691 excellentiam
893 3646 1159 3692 secretam
1212 3638 1279 3692 ab
1330 3640 1582 3694 omnibus
1634 3640 1801 3693 rebus
1830 3639 2056 3692 humili-

491 3731 612 3792 bus,
651 3731 892 3798 itemque
927 3730 1420 3801 promptitudinem
1479 3733 1546 3785 ad
1585 3733 1836 3786 obeunda
1869 3732 2055 3788 divina

494 3820 823 3877 ministeria.
865 3819 930 3874 Et
962 3821 1169 3891 primus
1202 3822 1421 3891 quidem
1472 3822 1561 3875 hic
1594 3823 1795 3893 gradus
1845 3825 1912 3879 ab
1941 3826 2056 3895 ipso

492 3921 808 3964 naturarum
837 3912 1080 3965 onmium
1114 3923 1338 3967 auctore
1390 3913 1746 3982 principeque
1781 3915 1890 3969 Deo
1919 3918 2055 3971 citra

490 4004 733 4057 medium
770 4003 938 4057 ullum
970 4003 1300 4059 instituitur.
1350 4004 1730 4061 Donlinatuum
1766 4007 2056 4076 appellatio

490 4096 717 4149 denotat
747 4095 969 4148 minime
998 4095 1255 4150 servilem
1289 4099 1579 4164 quamdam
1608 4098 1877 4167 planeque
1907 4100 2057 4170 inge-

491 4201 652 4242 nuam
671 4186 1102 4250 subvectionem,
1135 4203 1255 4256 qua:
1281 4188 1654 4243 indesinenter
1669 4191 1907 4244 dominio
1934 4206 2056 4245 vere

492 4277 725 4346 principi
764 4290 959 4345 parere
992 4280 1195 4347 cupiat.
1232 4278 1347 4333 Vox
1392 4290 1727 4348 potestatum
1784 4282 2057 4351 significat

492 4370 703 4423 virilem
761 4369 1053 4438 quamdam
1112 4371 1507 4437 eflicacitatem,
1558 4389 1787 4443 eamque
1825 4375 2053 4441 ﬁrmam,

2160 3177 2228 3229 τὰ
2257 3176 2496 3244 ὀνόματα
2539 3179 2653 3231 τῶν
2695 3179 2795 3247 μὲν
2828 3179 2927 3249 τὴν
2962 3181 3156 3249 σοφίαν
3186 3180 3365 3234 αὐτῶν
3419 3180 3588 3249 δηλοῖ,
3622 3183 3741 3234 τῶν

2158 3267 2215 3320 δὲ
2241 3268 2339 3338 τὴν
2368 3269 2739 3339 καθαρότητα.
2777 3271 2841 3323 Τί
2866 3272 2972 3338 γὰρ
3006 3272 3119 3323 ἐστι
3151 3273 3482 3341 Χερουὸὶμῆ
3515 3273 3740 3342 πεπλη-

2160 3360 2405 3429 θυσμὲνη
2427 3362 2664 3427 γνῶσιςς
2693 3362 2824 3415 τίδὲ
2854 3363 3101 3431 Σεραφὶμ
3134 3363 3164 3432 ἧ
3200 3364 3419 3431 ἔμπυρα
3452 3364 3756 3432 arduam;-

2174 3451 2239 3504 'H
2272 3452 2328 3504 δὲ
2354 3454 2462 3505 τῶν
2487 3453 2693 3522 θρόνων
2725 3456 2917 3522 κλῆσις
2950 3454 3101 3506 οὐδὲν
3136 3453 3264 3506 ἄλλο
3301 3453 3333 3523 ἢ
3366 3453 3426 3504 τὸ
3452 3454 3559 3504 ἀπδ
3594 3454 3736 3505 πάν-

2161 3562 2269 3597 των
2292 3544 2399 3596 τῶν
2426 3544 2763 3614 περιπεζίων
2786 3546 3124 3616 ἐξῃρημένον
3156 3544 3335 3599 αὐτῶν
3372 3546 3735 3613 ὑπεμφαίνει,

2159 3637 2257 3688 καὶ
2294 3634 2351 3687 τὸ
2375 3635 2503 3705 περὶ
2524 3637 2620 3697 τὰς
2644 3635 2793 3697 θείας
2832 3636 3097 3706 ὑποδοχὰς
3141 3636 3599 3704 ἀναπεπταμένον
3637 3639 3739 3687 καὶ

2162 3724 2401 3794 ἕτοιμον.
2446 3721 2613 3791 Οὗτος
2650 3726 2752 3798 μὲν
2796 3723 2891 3781 οὖν
2945 3729 2974 3781 ὁ
3017 3726 3232 3798 πρῶτος
3271 3726 3567 3807 διάκοσμος
3597 3728 3735 3798 παρ’

2161 3819 2330 3887 αὐτῆς
2364 3820 2461 3889 τῆς
2498 3820 2811 3873 οὐσιοποιοῦ
2847 3819 3105 3891 θεαρχίας
3131 3822 3354 3887 ἀμέσως
3384 3812 3691 3889 μυούμενος
3715 3834 3734 3850 ⁶

2160 3910 2191 3976 ἡ
2217 3909 2272 3960 δὲ
2302 3909 2410 3961 τῶν
2449 3912 2789 3981 κυριοτήτων
2817 3913 3106 3979 ἐπωνυμία
3141 3912 3293 3981 δηλοῖ
3320 3913 3621 3965 ἀδούλωτον
3650 3930 3737 3962 τι-

2158 4015 2226 4053 να
2270 4002 2365 4053 καὶ
2405 4005 2587 4072 πάντη
2627 4002 2922 4073 ἐλευθέραν
2961 4006 3255 4071 ἀναγωγὴν
3292 4003 3393 4072 τῆς
3431 4005 3602 4064 ὅντως
3631 4022 3736 4057 xu-

2161 4092 2414 4162 ριαρχίας
2449 4094 2846 4163 ἀκαταλήκτως
2873 4096 3192 4165 ἐφιεμένην.
3239 4095 3304 4147 Ἦ
3333 4096 3389 4148 δὲ
3421 4098 3529 4148 τῶν
3565 4098 3735 4149 δυνά-

2162 4195 2308 4247 μεων
2334 4182 2650 4251 ἀρρενωπόν
2676 4198 2796 4233 τινα
2829 4185 2923 4235 καὶ
2957 4184 3356 4236 ἁκατὰσειστον
3390 4186 3521 4253 πρὶς
3550 4190 3737 4247 πάσας

2158 4274 2255 4334 τὰς
2298 4273 2548 4336 θεοειδεῖς
2584 4274 2863 4343 ἐνεργείας
2898 4276 3251 4345 παρίστησιν,
3283 4279 3314 4348 ὴ
3356 4278 3409 4328 δὲ
3442 4278 3549 4328 τῶν
3573 4278 3736 4339 ἐξου-

2162 4364 2295 4417 σιῶν
2326 4365 2597 4435 εὖκοσμόν
2627 4385 2746 4421 τινα
2777 4370 2869 4422 καὶ
2902 4372 3261 4441 ἀσύμφυρτον
3291 4374 3417 4440 περὶ
3454 4370 3551 4433 τὰς
3574 4372 3741 4436 θείας

494 4460 548 4513 in
582 4460 841 4515 omnibus
884 4461 1086 4518 divinis
1125 4463 1467 4530 actionibus;
1515 4464 1871 4535 imperiorum
1926 4480 2056 4520 con-

2162 4458 2429 4527 ὑποδοχὰς
2464 4459 2740 4522 εὐταξίαν.
2792 4461 2939 4531 Αὕτη
2987 4464 3085 4531 μὲν
3124 4459 3218 4515 οὖν
3251 4464 3283 4532 ἡ
3324 4464 3462 4532 μέση
3500 4463 3610 4515 τῶν
3640 4465 3709 4517 οὐ

493 4553 801 4607 venientem
828 4568 891 4607 ac
913 4551 1254 4608 confusionis
1283 4562 1560 4622 expertem
1595 4556 1649 4609 in
1699 4555 1891 4611 ciliciis
1917 4557 2054 4612 divi-

492 4642 578 4699 nis
601 4646 875 4700 ordinem.
905 4647 970 4699 Et
994 4646 1105 4698 bam
1129 4645 1304 4698 media
1336 4645 1640 4699 cmlestium
1665 4648 1877 4703 illarum
1902 4664 2055 4703 men—

492 4739 625 4792 tium
661 4747 742 4792 est
762 4736 1081 4804 descriptio,
1139 4750 1260 4805 quae
1293 4737 1574 4812 perficitur
1608 4748 1663 4792 et
1716 4738 2053 4791 illuminatur

492 4847 592 4899 per
624 4830 872 4883 ordinem
906 4829 1163 4896 primum,
1222 4828 1445 4896 ipsaque
1474 4830 1714 4884 vicissim
1747 4847 1875 4887 suas
1930 4833 2055 4888 illu-

493 4918 785 4972 strationes
810 4932 935 4969 cum
973 4924 1237 4985 sequente
1268 4918 1658 4971 communicat.
1684 4920 1741 4972 In
1776 4920 1878 4975 hac
1904 4924 2052 4990 prin-

493 5011 776 5079 cipatuum
810 5024 914 5062 vox
945 5009 1149 5063 indicat
1204 5023 1324 5063 esse
1376 5008 1523 5079 ipsos
1578 5009 1688 5065 Deo
1725 5012 1931 5067 similes
1989 5029 2051 5069 ac

492 5097 859 5167 principatum
889 5098 1443 5168 obtinere,.quodque
1474 5100 1539 5154 ad
1572 5102 1941 5173 principatum
1987 5105 2052 5158 il—

428 5251 455 5289 vi
487 5192 601 5246 lum
635 5191 937 5261 principem
973 5205 1072 5261 pro
1107 5191 1315 5246 viribus
1343 5192 1788 5261 conformentur;
1824 5195 2051 5248 archan-

485 5282 751 5349 gelorum,
788 5298 884 5338 eos
911 5298 1122 5338 summa
1153 5284 1478 5348 consectari,
1526 5293 1585 5339 ut
1619 5285 1713 5355 qui
1745 5288 2046 5341 communi-

432 5356 447 5383 ”
486 5384 613 5430 cent
651 5384 759 5427 tam
831 5389 953 5429 cum
1008 5375 1404 5443 principatibus
1460 5392 1619 5446 quam
1655 5392 1777 5432 cum
1813 5378 2046 5450 angelis,

484 5485 611 5523 eum
646 5468 1063 5536 principatibus,
1096 5468 1238 5536 quod
1272 5468 1338 5521 ad
1392 5470 1840 5525 ultranaturalem
1894 5472 2046 5525 illum

480 5560 843 5629 principatum
882 5575 1002 5613 sese
1049 5569 1386 5625 convertant,
1457 5576 1580 5615 cum
1621 5562 1849 5633 angelis,
1898 5563 2042 5632 quod

551 5714 598 5747 ³⁹
618 5714 679 5747 ’⁸ο
705 5714 849 5771 Psal.
882 5728 979 5780 cu,
1003 5713 1093 5769 20.

2162 4550 2357 4619 ρανίων
2395 4550 2531 4601 νοῶν
2575 4550 2939 4621 διακόσμησις
2983 4553 3447 4622 τελεσιουργεῖται
3480 4554 3580 4622 μὲν
3632 4556 3740 4607 καὶ

2157 4638 2457 4700 φωτίζεται
2501 4637 2588 4690 διὰ
2636 4639 2738 4708 τῆς
2792 4641 3018 4710 πρώτης
3068 4643 3391 4711 ἱεραρχικῆς
3426 4643 3741 4713 διακοσμή-

2159 4747 2317 4795 σεως,
2341 4730 2731 4801 διαπορθμεύει
2759 4732 2816 4787 δέ
2843 4736 2908 4803 τῇ
2944 4735 3063 4803 μετ’
3086 4735 3258 4805 αὐτὴν
3276 4737 3372 4797 τὰς
3400 4736 3735 4806 ἐλλάμψεις.

2167 4822 2233 4874 Ἡ
2265 4822 2323 4875 δέ
2374 4839 2437 4890 γε
2468 4824 2578 4876 τῶν
2610 4824 2798 4894 ἀρχῶν
2831 4828 3116 4895 ἐπωνυμία
3146 4828 3207 4879 τὸ
3259 4828 3492 4889 θεοειδὲς
3540 4810 3741 4881 αὖτῶν

2156 4910 2409 4979 ἐμφαίνει
2444 4914 2539 4965 καὶ
2570 4913 2895 4982 ἡγεμονικὸν
2930 4918 3024 4967 καὶ
3051 4916 3111 4967 τὸ
3134 4916 3271 4984 πρὸς
3297 4917 3395 4986 τὴν
3426 4918 3743 4985 ἀρχοποιὸν

2156 5003 2330 5074 ἀρχὴν
2370 5004 2446 5067 ὡς
2502 5006 2728 5058 δυνατὸν
2763 5006 3201 5060 ἀποτυποῦσθαι.
3259 5008 3322 5060 Ἢ
3352 5007 3410 5060 δὲ
3448 5009 3559 5061 τῶν
3590 5011 3741 5080 ἀρχαι

2156 5096 2406 5163 αγγέλων
2464 5097 2751 5167 ἐπωνυμία
2813 5100 2924 5151 τῶν
2984 5100 3171 5169 ἄκρων
3218 5098 3736 5169 ἀντιλαμϐάνεσθαι

2155 5189 2339 5257 δηλοῖο
2378 5191 2496 5252 ταῖς
2521 5190 2628 5260 γὰρ
2654 5192 2851 5260 ἀρχαῖς
2892 5191 2985 5242 καὶ
3016 5193 3127 5256 τοίς
3162 5190 3418 5258 ἀγγέλοις
3448 5197 3743 5257 κοινωνεῖ,

2154 5286 2277 5344 ταῖς
2306 5282 2405 5351 μὲν
2433 5282 2512 5335 ὅτι
2562 5282 2696 5353 πρὸς
2751 5282 2848 5351 τὴν
2892 5282 3216 5351 ὑπερούσιον
3270 5281 3443 5352 ἀρχὴν
3474 5282 3746 5352 ἀρχικῶς

2154 5374 2552 5442 ἐπέστραπται,
2588 5376 2697 5436 τοῖς
2727 5373 2783 5426 δὲ
2831 5374 2912 5427 ὅτι
2944 5376 3036 5426 καὶ
3065 5374 3163 5444 τῆς
3214 5374 3559 5444 ὑποφητικῆς
3602 5378 3743 5430 ἐστι

2153 5466 2362 5530 τάξεως
2392 5468 2487 5527 τὰς
2520 5465 2818 5535 θεαρχικὰς
2864 5464 3161 5535 ἐλλάμψεις
3199 5464 3288 5519 διὰ
3336 5465 3443 5518 τῶν
3478 5465 3738 5535 πρώτων

2156 5560 2560 5630 ὑποφαινομένη
2598 5557 2883 5628 δυνάμεων
2920 5559 3012 5611 καὶ
3068 5561 3180 5621 τοῖς
3236 5557 3490 5627 ἀγγέλοις
3542 5557 3745 5625 αὐτὰς
