4062 6186
301 316 409 383 155

1576 304 1856 364 ANNALI
1870 303 1980 362 ΗΜ
2025 301 2214 359 PARS
2252 299 2295 360 I.

3440 286 3542 353 166

288 408 748 496 ,ἀπαγγελλουσω
783 422 846 477 Ἥ
900 424 957 476 δὲ
990 421 1099 475 τῶν
1144 420 1393 489 ἀγγέλων
1432 416 1723 485 ἐπωνυμία
1775 416 1874 483 τὴν
1906 468 1907 471 η

2011 412 2335 469 ihilominus
2363 408 2556 464 ordine
2596 407 2988 479 discipulorum
3024 410 3243 477 quoque
3292 405 3546 461 contine-

302 515 715 586 ἐκφαντορικὴν
742 512 924 567 αὐτῶν
959 511 1307 577 λειτουργεαν
1344 510 1701 578 παρίστησιν.

1980 516 2162 568 antur,
2216 504 2293 558 uti
2326 504 2418 571 qui
2448 502 2665 558 divinas
2710 501 3101 556 illustrationes
3130 515 3160 553 a
3195 498 3387 570 primis
3426 496 3551 552 'illis

300 611 668 683 potestatibus
701 608 972 677 accipiant
1001 616 1057 661 et
1085 604 1324 661 vicissim
1393 602 1602 672 angelis
1655 594 1949 670 exponant.
1992 600 2321 669 Angelorum
2385 598 2624 668 denique
2691 596 3014 653 vocabulum
3094 597 3550 667 signiﬁcationem

301 703 597 760 ministerii
631 699 896 762 continet,
931 713 1039 768 quo
1066 712 1156 753 res
1186 696 1396 751 divinas
1428 692 1742 747 enuntiant.

382 793 627 857 Ἐδειξεν
656 791 749 845 οὖν
786 793 813 843 6
842 790 1002 858 λόγος
1046 789 1121 852 ὡς
1172 790 1228 841 αἱ
1267 787 1485 859 πρῶται
1545 785 1647 854 μὲν
1686 784 1868 851 τάξεις

307 890 555 959 ἀμέσως,
580 888 643 937 ἐκ
682 883 819 937 Θεοῦ
851 884 951 946 τὰς
992 882 1288 951 ἑλλάμψεις
1327 880 1599 949 δέχονται⁹
1644 876 1797 947 παρὰ
1823 877 1884 930 δὲ

307 983 418 1033 τῶν
472 978 705 1047 πρώτων
736 976 792 1029 αι
826 972 1102 1043 δεύτεραι,
1138 972 1232 1027 καὶ
1286 969 1520 1039 καθεξῆς
1572 970 1625 1022 αἱ
1673 968 1880 1032 λοιπαὶ,

2060 786 2133 840 De
2165 784 2265 839 hac
2293 784 2621 839 indicatione
2651 790 2839 838 nostra
2873 785 3217 852 perspicu’um
3239 790 3320 837 est
3351 783 3556 850 primos

1989 876 2208 929 ordines
2243 876 2378 929 citra
2426 873 2663 927 medium
2700 872 2972 941 quoddam
3031 889 3060 926 a
3094 872 3204 927 Deo
3257 889 3384 929 suas
3433 875 3555 927 illu-

1990 963 2283 1019 strationes
2340 964 2624 1032 consequi,
2675 963 2873 1018 deinde
2903 978 2933 1016 a
2969 964 3158 1034 primis
3206 965 3494 1030 secundos,
3527 980 3556 1020 a

312 1071 558 1124 τουτέστι
593 1066 746 1137 παρὰ
771 1065 879 1119 τῶν
904 1066 1174 1133 δευτέρων
1206 1064 1262 1116 αἱ
1292 1064 1497 1131 τρίται.
1529 1061 1654 1115 Ὀτι
1680 1059 1737 1111 δὲ
1770 1059 1887 1113 δια-

2011 1054 2248 1111 ;ecnndis
2280 1053 2493 1109 tertios.
2527 1052 2797 1108 Caeterum
2823 1068 2946 1108 esse
2969 1053 3215 1122 quaedam
3250 1055 3395 1123 apud
3444 1070 3555 1110 coa-

313 1162 457 1231 φορά
510 1161 597 1223 τίς
643 1160 762 1211 ἐστι
803 1156 955 1227 παρὰ
992 1158 1113 1218 ταῖς
1164 1155 1279 1210 ἄνω
1332 1154 1621 1222 δυνάμεσιι
1654 1151 1748 1217 καὶ
1801 1150 1883 1202 ὅτι

317 1242 457 1305 κατά
487 1268 552 1318 γε
582 1240 684 1317 τὴν
714 1248 904 1302 στάσιν
935 1246 1029 1300 καὶ
1052 1246 1206 1313 τάξιν
1233 1246 1412 1298 αὐτῶν
1443 1245 1538 1298 καὶ
1567 1243 1665 1314 τὴν
1688 1240 1887 1311 γνῶσιν

312 1344 526 1411 ἔχουσι,
587 1342 684 1395 καὶ
716 1342 743 1394 6
779 1340 1055 1407 θειότατος
1109 1338 1357 1403 ὑπέδειξε
1408 1335 1678 1406 Κύριλλος
1722 1335 1780 1387 ἐν
1820 1334 1886 1400 τῇ

314 1433 488 1504 βίδλῳ
517 1431 629 1484 τῶν
655 1431 842 1499 Θησαυ
854 1429 963 1499 ρῶν
991 1427 1163 1491 οὕτως
1193 1427 1365 1480 εἰπών
1385 1442 1399 1458 ο
1436 1444 1455 1478 ι
1496 1424 1665 1479 Παντὶ
1687 1414 1891 1491 λογικῷ

315 1522 783 1595 συμμεμέτρηται
823 1522 857 1589 ή
886 1521 1107 1594 γνῶσις,
1152 1518 1230 1582 ὼς
1268 1518 1462 1588 ἑτέραν
1494 1517 1596 1586 μὲν
1628 1511 1765 1570 εἴναι
1800 1532 1891 1567 πι-

317 1614 536 1668 στεύειν
557 1615 617 1666 ὲν
650 1594 924 1679 ἀγγέλοις,
959 1610 1183 1681 μείζονα
1204 1610 1259 1662 δὲ
1292 1611 1348 1661 ἐν
1379 1606 1763 1678 άρχαγγέλοις,
1794 1607 1889 1658 καὶ

1991 1149 2153 1203 lestes
2188 1146 2304 1202 illas
2340 1154 2640 1214 potestates
2672 1145 3007 1208 discrimina,
3048 1145 3300 1214 quodque
3326 1147 3415 1201 illa
3444 1148 3556 1217 ipsa

1992 1239 2228 1293 maxime
2259 1238 2569 1313 consistant
2591 1236 2645 1291 in
2678 1238 2917 1307 ipsorum
2950 1245 3098 1291 statu
3128 1238 3323 1305 ordine
3353 1247 3407 1292 et
3434 1256 3533 1309 cog

1993 1330 2229 1403 nitionc,
2261 1328 2481 1382 divinus
2508 1328 2671 1383 etiam
2700 1328 2781 1381 vir
2810 1325 3043 1397 Cyrillus
3074 1327 3129 1380 in
3158 1326 3297 1380 libro
3332 1327 3564 1381 Thesau-

1996 1438 2173 1475 rorum
2209 1434 2309 1474 suo
2333 1419 2517 1483 docet,
2548 1434 2613 1473 ac
2643 1418 2794 1473 hisce
2825 1418 3048 1487 quidem
3074 1416 3256 1473 verbis
3293 1434 3307 1471 :
3344 1416 3564 1471 «Omnis

1994 1523 2185 1567 natura
2216 1512 2489 1583 particeps
2522 1511 2769 1577 rationis,
2794 1511 2957 1565 etiam
2984 1509 3310 1581 cognitionis
3342 1510 3564 1564 modum
3602 1508 3609 1517 '

1999 1618 2421 1673 mensuramque
2446 1608 2650 1656 certam
2683 1600 2870 1665 habet,
2936 1601 3009 1653 ita
3059 1610 3116 1655 ut
3164 1600 3311 1653 credi
3358 1615 3454 1668 par
3497 1603 3567 1654 sit

314 1706 401 1757 ἔτι
444 1704 653 1765 ταύτας
705 1701 1083 1771 ὑπερέχουσαν
1126 1701 1184 1752 ἐν
1220 1702 1339 1763 ταῖς
1368 1698 1626 1769 ἀνωτέρω
1655 1696 1891 1766 δυνάμε-

2011 1695 2157 1750 aliam
2187 1695 2239 1749 in
2268 1693 2473 1763 angelis
2501 1707 2622 1747 csse
2645 1692 2915 1760 aliamque
2949 1691 3213 1760 majorem
3245 1690 3297 1744 in
3332 1691 3563 1744 areban-

318 1782 426 1849 σιν.
474 1814 495 1845 ι
542 1794 703 1848 Ἀλλὰ
734 1794 828 1846 καὶ
862 1795 890 1845 6
925 1778 1288 1867 Δαμασκηνὸς
1320 1792 1578 1864 Ἰωάννης
1608 1790 1737 1861 περὶ
1771 1788 1892 1842 τού-

318 1906 431 1940 των
457 1885 633 1950 οὓτως
659 1884 825 1955 φησι·
869 1902 888 1934 ι
927 1882 1292 1954 Διαφέρονται
1330 1882 1388 1935 δὲ
1426 1880 1673 1951 ἀλλήλων
1699 1880 1755 1932 αἱ
1780 1880 1893 1934 ἄνω

316 1958 579 2047 δυνάμεις
608 1976 686 2047 τῷ
714 1976 983 2046 φωτισμῷ
1023 1977 1213 2047 καὶ-τῇ
1251 1978 1457 2045 στάσει,
1494 1974 1606 2026 εἴτε
1637 1972 1775 2043 πρὸς
1803 1971 1893 2024 τὸν

321 2062 609 2141 φωτισμὸν
636 2069 737 2141 τὴν
765 2068 953 2122 στάσιν
982 2066 1225 2137 ἔχοντες,
1243 2065 1364 2139 νεῐτε
1397 2063 1533 2135 πρὸς
1570 2064 1670 2135 τὴν
1699 2062 1889 2119 στάσιν

321 2161 419 2215 τοῦ
453 2142 739 2231 φωτισμδῦ
776 2148 1124 2230 μετέχοντες,
1158 2159 1252 2212 καὶ
1275 2156 1538 2227 ἀλλήλους
1571 2154 1896 2233 φωτίζοντες

318 2254 411 2307 διὰ
430 2254 492 2306 τὸ
524 2252 789 2322 ὑπερέχον
818 2253 918 2322 τῆς
946 2250 1200 2316 τάξεωςῆ
1228 2249 1495 2319 φύσεως.)
1526 2249 1693 2320 Δῆλον
1719 2248 1799 2309 δὲ,
1824 2247 1901 2310 ὡς

322 2345 421 2398 καὶ
450 2344 663 2399 ἄνωθεν
693 2343 934 2413 εἴρηται,
958 2343 1039 2395 ὅτι
1070 2342 1120 2393 οἱ
1159 2341 1516 2411 ὑπερέχοντες
1551 2341 1663 2403 τοῖς
1708 2338 1903 2392 ὑποϐε-

319 2436 522 2505 6ηκόσι
573 2435 916 2507 μεταδιδόασι
942 2433 1033 2486 τοῦ
1059 2451 1120 2486 τε
1147 2433 1432 2503 φωτισμοῦ
1474 2434 1566 2485 καὶ
1621 2431 1895 2510 γνώσεως.

1998 1787 2155 1861 gelis,
2187 1800 2349 1856 quam
2378 1786 2549 1854 ipsam
2590 1798 2807 1853 quoque
2835 1768 3057 1853 superet
3080 1798 3142 1838 ea
3171 1798 3290 1852 qua:
3316 1782 3567 1836 sublimi-

1999 1878 2187 1932 oribus
2217 1876 2272 1929 in
2306 1873 2668 1945 potestatibus
2693 1872 2965 1927 exsistit.»
3027 1872 3228 1927 Eadem
3279 1872 3346 1925 de
3394 1887 3452 1925 re
3477 1869 3570 1923 Jo—

2002 1982 2175 2021 annes
2208 1964 2576 2019 Damascenus
2639 1964 2711 2016 ita
2742 1963 2959 2018 disserit
2986 1982 3007 2039 b:
3043 1983 3061 2014 ι
3106 1961 3408 2016 Potestates
3465 1962 3570 2015 illst:

1999 2071 2250 2127 supernae
2282 2064 2387 2110 tam
2414 2053 2812 2107 illuminatione
2849 2066 3012 2120 quam
3072 2052 3265 2128 ordine
3315 2060 3571 2121 statuque

2003 2130 2283 2211 diﬁ‘eruut,
2302 2147 2415 2202 sive
2434 2146 2570 2200 adeo
2588 2160 2686 2223 pro
2704 2143 3128 2204 illuminationis,
3139 2144 3349 2197 ratione
3396 2153 3573 2197 status

2002 2242 2241 2310 ipsarum
2293 2220 2637 2311 comparatus
2660 2246 2785 2308 est,
2826 2235 2941 2289 sive
2994 2222 3090 2303 pro
3135 2220 3346 2289 ratiunc
3400 2244 3575 2290 status

2003 2329 2421 2386 illuminationis
2443 2326 2736 2397 participes
2756 2325 2912 2390 ﬁunt,
2933 2334 2988 2379 et
3006 2325 3093 2380 alii
3113 2325 3245 2379 alios
3266 2324 3575 2378 illuminant

2004 2400 2225 2495 propter
2261 2418 2638 2474 excellentiam
2685 2416 2767 2469 vel
2802 2410 3011 2493 ordinis
3062 2417 3144 2469 vel
3187 2426 3414 2470 naturae.
3450 2434 3468 2466 ι
3518 2416 3575 2470 ld

323 2528 551 2600 quidem
586 2527 934 2598 perSpicuum
966 2537 1073 2589 est,
1108 2527 1251 2596 quod
1307 2527 1558 2597 superius
1588 2527 1754 2582 etiam
1796 2534 1880 2581 est
1930 2520 2252 2583 indicatum,
2298 2514 2707 2569 excellentiorcs
2740 2527 2862 2566 cum
2911 2511 3257 2568 interioribus
3301 2519 3408 2567 tam
3450 2512 3579 2566 illu~

325 2619 685 2692 minationem
710 2633 871 2689 quam
903 2620 1268 2692 cOgnitioriem
1301 2634 1452 2681 suam
1484 2621 1909 2691 communicare.

397 2709 545 2778 Πρὸς
577 2690 690 2770 τοῖς
718 2690 1031 2777 εἰρημένοις
1060 2708 1117 2761 δὲ
1146 2706 1240 2760 καὶ
1268 2708 1426 2761 τοῦτό
1458 2690 1645 2779 φησιν,
1686 2710 1767 2762 ὅτι
1807 2708 1904 2762 καὶ

324 2803 658 2870 φυλάττουσι
685 2801 823 2869 μέρη
842 2801 938 2869 τῆς
954 2801 1056 2873 γῆς
1085 2802 1142 2853 αἱ
1165 2801 1276 2855 άνω
1309 2801 1588 2871 δυνάμεις,
1616 2802 1708 2853 καὶ
1732 2800 1902 2854 ἐθνιῖιν

324 2895 425 2948 καὶ
478 2894 665 2945 τόπων
718 2892 1095 2960 προῖστανται,
1150 2891 1331 2955 καθὼς
1366 2893 1471 2945 ὑπὸ
1512 2892 1604 2945 τοῦ
1641 2896 1907 2964 Δημιουρ-

324 2985 429 3053 γοῦ
465 2983 802 3059 ἐτάχθησαν.
838 2984 959 3061 Ὅτι
992 2983 1048 3036 δὲ
1082 2983 1256 3057 ταῦτα
1287 2983 1462 3047 οὕτως
1495 2984 1630 3055 ἔχει,
1668 2987 1759 3039 καὶ
1791 2988 1819 3038 6
1847 2986 1902 3037 ἐν

2074 2715 2278 2771 Praeter
2308 2714 2420 2769 haec
2445 2713 2609 2767 tradit
2633 2710 2776 2767 idem
2807 2712 2915 2782 79
2950 2720 3249 2782 potestates
3281 2712 3445 2767 hasce
3466 2727 3575 2767 cte-

2005 2809 2171 2862 lestes
2206 2805 2499 2861 attributas
2524 2804 2628 2860 sibi
2661 2812 2817 2857 terra:
2848 2816 3032 2874 partes
3055 2805 3351 2871 custodire,
3384 2808 3577 2861 certis-

2004 2911 2109 2967 que
2138 2896 2378 2966 singulas
2415 2905 2527 2948 tum
2570 2894 2884 2948 nationibus
2912 2904 3024 2949 tum
3060 2896 3193 2949 locis
3224 2911 3348 2950 cum
3409 2897 3580 2965 impe—

2007 2991 2089 3045 rio
2121 2998 2498 3061 potestateque
2528 2987 2606 3040 sic
2631 3001 2884 3055 praeesse,
2938 2988 3396 3055 quemadmodum
3448 2991 3582 3059 ipsis

329 3077 712 3159 ττατριάρχαις
738 3076 1035 3157 ᾁγιώτατος
1054 3076 1332 3165 Γερμανὸς
1349 3076 1732 3164 ἀριδηλότερον
1748 3076 1907 3141 τοῦτο

2012 3085 2082 3136 ab
2104 3081 2299 3150 Opilice
2329 3095 2510 3135 rerum
2540 3078 2922 3148 praescriptum
2958 3080 3047 3133 sit.
3087 3078 3219 3145 Quae
3248 3080 3469 3149 quidem
3508 3082 3581 3134 ita

328 3170 690 3238 παρίστησιν.
733 3168 819 3221 Ἔν
848 3168 955 3239 γὰρ
991 3168 1069 3245 τῷ
1096 3170 1178 3232 εἰς
1220 3168 1319 3239 τὴν
1351 3169 1607 3241 κοξμησιν
1637 3170 1737 3239 τῆς
1779 3169 1905 3222 Θεο-

334 3264 578 3333 μήτορος
613 3262 758 3332 λόγῳ
796 3259 961 3314 αὐτοῦ
1008 3261 1105 3314 καὶ
1144 3261 1268 3315 τάδε
1301 3263 1431 3334 περὶ
1465 3262 1657 3329 τούτου
1704 3264 1868 3334 φησιν
1890 3281 1902 3293 ·

336 3342 356 3403 ι
401 3354 558 3423 Ἀμα
584 3352 665 3423 τῷ
698 3351 961 3421 συστῆναι
986 3353 1054 3405 τὰ
1081 3352 1189 3429 τῷν
1209 3352 1515 3429 ἀνθρώπων
1548 3354 1706 3425 γένη,
1740 3356 1903 3424 ἄγγε-

333 3446 433 3527 λοι
474 3447 574 3515 τῆς
641 3445 844 3521 τούτων
890 3445 1061 3521 ζωῆς
1121 3446 1508 3517 ἐπιτροπεύειν
1582 3446 1903 3516 ἐτάχθησαν.

340 3526 580 3607 Ἔστησε
611 3537 740 3609 γὰρ,
766 3538 950 3609 φησὶν,
976 3538 1099 3612 ἔρια
1140 3526 1311 3609 ἐθνῶν
1331 3540 1472 3594 κατὰ
1489 3540 1722 3611 ἀριθμὸν
1743 3542 1910 3607 ἀγγέ-

333 3633 446 3685 λων
487 3629 645 3707 Θεοῦ,
678 3629 773 3684 καὶ
828 3631 1171 3701 παρεμϐαλεί
1200 3632 1431 3701 ἄγγελος
1483 3634 1688 3703 Κυρίου
1727 3632 1912 3701 κύκλῳ

338 3720 451 3774 τῶν
473 3720 823 3788 φοϐουμένων
849 3721 1242 3795 αύτόν.Ἦνίκα
1257 3724 1315 3776 δὲ
1345 3725 1426 3786 εἰς
1467 3722 1912 3793 εἰδωλολατρεταν

346 3814 395 3864 οἱ
430 3812 711 3880 ἄνθρωποι
757 3810 1371 3893 ἐξέκλιναν,διέστησαν
1413 3814 1507 3867 ἀπ’
1535 3814 1715 3892 αὐτῶν
1741 3814 1834 3867 καὶ
1862 3814 1911 3865 οἱ

342 3894 590 3971 ἄγγελοι.
642 3891 780 3956 Καθ’
812 3892 872 3956 δν
911 3886 967 3956 δέ
1006 3886 1189 3958 λοιτιδν
1229 3904 1406 3958 ἔτικτε
1449 3888 1697 3976 καιρὸνη
1745 3905 1916 3958 πανά-

347 3982 564 4063 μωμος,
602 3992 895 4064 ὴνώθησαν
933 3993 1004 4047 τὰ
1041 3996 1099 4050 ὲν
1128 3996 1341 4068 οὐρανῷ
1376 3999 1488 4060 τοῖς
1518 3997 1611 4050 ἐπὶ
1655 4000 1778 4067 γῆς,
1822 3998 1915 4049 καὶ

349 4085 643 4153 σύμφωνον
685 4085 991 4153 πολίτευμα
1029 4087 1252 4154 γέγονεν
1292 4088 1543 4154 ἀγγέλοις
1571 4088 1665 4140 καὶ
1703 4087 1914 4155 ἀνθρὼ-

350 4159 495 4237 rion,
524 4175 619 4226 καὶ
653 4177 751 4243 μία
780 4173 1079 4251 δοξολογέα.
1121 4194 1139 4227 ι
1176 4176 1429 4230 Τοιοῦτον
1457 4175 1513 4228 δέ
1540 4194 1593 4228 τι
1618 4178 1709 4229 καὶ
1728 4178 1755 4227 6
1783 4193 1915 4245 χρυ-

355 4258 651 4336 σορῤήμων
668 4258 921 4335 Ἰωάννης
951 4256 1077 4335 περὶ
1104 4265 1213 4318 τῶν
1247 4267 1495 4335 ἀγγέλων
1516 4266 1754 4332 διέξεισι.
1778 4260 1917 4336 Φησὶ

354 4349 446 4409 ttat
479 4359 589 4425 γάρ
619 4358 705 4431 ὅτι
739 4358 767 4408 6
799 4357 1085 4426 προφήτης
1122 4358 1317 4428 Δανιὴλ
1356 4340 1501 4428 μέγα
1527 4376 1578 4410 τι
1611 4359 1799 4428 χρῆμα
1823 4358 1915 4410 λέ-

2011 3190 2069 3229 se
2095 3172 2296 3226 habere
2340 3169 2723 3225 sanctissimus
2782 3170 2871 3223 ille
2931 3170 3242 3239 patriarcha
3278 3170 3583 3226 Germanus

2012 3250 2279 3320 illustrius
2316 3263 2579 3317 declarat.
2614 3262 2823 3317 Etenim
2854 3262 2906 3315 in
2935 3262 3180 3317 oratione
3214 3263 3281 3318 de
3310 3264 3589 3318 obdormi-

2012 3359 2162 3411 tioue
2220 3356 2310 3411 Dei
2363 3354 2661 3410 Genitricis
2696 3356 2809 3409 limc
2864 3354 3030 3408 verba
3094 3354 3265 3424 ips-ius
3321 3363 3582 3409 exstant:

2018 3446 2181 3501 «Cum
2214 3461 2385 3515 genus
2417 3446 2717 3501 humanum
2749 3445 3030 3499 conditum
3060 3454 3231 3511 esset,
3278 3445 3457 3515 angeli
3502 3446 3586 3499 di-

2013 3540 2215 3595 viuitus
2244 3539 2524 3593 constituti
2553 3548 2703 3605 sunt,
2759 3540 2850 3608 qui
2911 3540 3036 3593 vitae
3082 3538 3323 3609 ipsorum
3377 3549 3583 3595 tutores

2013 3641 2198 3689 essent
2227 3640 2390 3700 atque
2414 3631 2695 3707 praesides.
2733 3630 2823 3685 Sic
2854 3630 2999 3684 cnim
3029 3632 3391 3702 perscriptum
3416 3634 3587 3687 sacris

2018 3722 2069 3774 in
2104 3720 2586 3795 Litterislegimns
2624 3722 2938 3775 «nationum
2980 3722 3179 3776 limites
3238 3738 3335 3791 pro
3366 3724 3587 3793 angelo-

2019 3828 2138 3875 rum
2175 3812 2269 3867 Dei
2306 3829 2536 3869 numero
2576 3814 2819 3868 statuit.»
2857 3814 2988 3869 Item
3022 3833 3033 3867 :
3080 3816 3346 3886 «Angelus
3375 3815 3587 3869 Domini

2016 3903 2224 3955 circum
2252 3903 2510 3958 timentes
2539 3919 2663 3958 eum
2702 3916 2878 3960 castra
2912 3905 3206 3958 munit“.i
3242 3903 3373 3959 Inde
3408 3905 3587 3958 Immi-

2025 3992 2186 4047 nibus
2211 3994 2277 4047 ad
2314 3994 2654 4049 deastrorum
2711 3997 2891 4051 cultus
2934 3995 3373 4050 exorliitantibus
3412 3999 3587 4065 angeli

2017 4099 2233 4154 quoque
2263 4085 2333 4138 ab
2389 4084 2470 4139 eis
2519 4096 2886 4142 recesserunt.
2951 4085 3155 4141 Verum
3195 4101 3301 4154 quo
3329 4087 3589 4156 deinceps

2019 4188 2265 4246 tempore
2304 4177 2455 4246 virgo
2489 4176 2778 4245 purissima
2816 4177 3053 4246 peperit,
3086 4175 3330 4232 cmlcstia
3365 4194 3583 4232 rursum

2019 4286 2143 4326 cum
2174 4271 2408 4327 terrenis
2438 4272 2590 4324 unita
2619 4279 2768 4331 sunt,
2809 4270 3099 4341 angelique
3129 4286 3251 4325 cum
3277 4269 3593 4325 hominibus

2023 4362 2234 4418 versari
2265 4377 2329 4416 ac
2364 4360 2532 4414 Deum
2565 4359 2842 4415 celebrare
2869 4361 3347 4415 consentientibus
3399 4363 3595 4415 animis

354 4438 433 4515 γει
464 4449 592 4509 τοὺς
623 4447 889 4515 ἀγγέλους
934 4445 1095 4513 εἶναι,
1137 4450 1521 4519 προστάγματι
1567 4450 1622 4502 δὲ
1654 4450 1788 4501 Θεοῦ
1817 4452 1907 4527 πᾶ-

2023 4460 2327 4520 οωρετυηι.
2364 4448 2662 4504 Consimile
2692 4450 2758 4504 de
2807 4449 3016 4518 angelis
3045 4449 3306 4518 quiddam
3364 4450 3596 4521 Chryso-

358 4551 452 4587 σαν
476 4536 576 4605 τὴν
611 4539 789 4588 κτίσιν
812 4536 1091 4608 διαλαχεῖν
1122 4542 1215 4591 καὶ
1249 4539 1358 4591 τῶν
1389 4539 1558 4593 ἐθνῶν
1580 4532 1917 4603 ἐπιστατεῖν,

365 4626 451 4677 καὶ
495 4625 705 4679 τούτων
751 4628 846 4679 τὸν
885 4628 984 4697 μὲν
1020 4630 1146 4693 τοὺς
1186 4614 1400 4700 Πέρσας
1443 4632 1665 4701 ὲφορᾷν,
1719 4629 1811 4684 τὸν
1864 4632 1920 4683 δὲ

363 4718 705 4787 ἀρχάγγελον
750 4719 970 4788 Μιχαὴλ
1004 4723 1096 4773 τὸν
1152 4724 1215 4774 ἐκ
1249 4708 1553 4793 ⁸περιτομῆς
1592 4724 1719 4776 λαὸν
1749 4741 1919 4794 φρου-

364 4804 495 4875 ρεῖν.
526 4810 795 4879 Συστῆναι
817 4811 872 4863 δὲ
898 4803 1008 4874 τοῖς
1035 4814 1250 4881 ἐφόροις
1276 4814 1441 4883 ἄμφω
1461 4817 1545 4867 δια
1557 4800 1917 4885 πληκτισμδν,

363 4899 430 4951 οὐ
483 4902 615 4955 κατὰ
655 4903 826 4965 πάῦος
870 4903 1041 4973 ὀργῆς
1073 4894 1207 4975 (18),
1244 4906 1378 4958 ἀλλὰ
1425 4894 1567 4959 κατὰ
1622 4907 1763 4960 θεῖόν
1803 4926 1927 4961 τινα

364 4988 459 5042 καὶ
490 4994 803 5064 ἀπόρρητον
832 4997 1011 5063 λόγον,
1060 4996 1153 5048 τοῦ
1189 4997 1286 5065 μὲν
1321 4998 1591 5051 δουλεύειν
1636 4998 1927 5061 Ἰουδαίους

370 5082 600 5151 Πέρσαις
631 5086 1036 5153 ἀναγκάζοντος
1070 5089 1143 5150 ὡς
1171 5088 1265 5141 τοῦ
1305 5089 1441 5142 Θεοῦ
1472 5090 1629 5160 δῆθεν
1654 5107 1932 5162 καταφρο-

370 5178 556 5243 νητὰς,
587 5179 682 5231 τοῦ
710 5180 763 5231 δὲ
794 5181 931 5251 πρὸς
961 5182 1059 5249 τὴν
1091 5181 1409 5253 ἐλευθερίαν
1448 5183 1801 5241 ἀνθέλκοντος
1837 5186 1931 5235 καὶ

362 5266 644 5332 λέγοντοςε
692 5288 709 5321 ι
744 5270 978 5336 Παῦσαι,
1010 5270 1237 5342 Περσῶν
1272 5266 1579 5343 προστάται·
1613 5276 1639 5326 6
1667 5274 1774 5347 γὰρ
1798 5274 1930 5339 Θεὸς

445 5422 485 5455 ⁸⁸
510 5424 659 5489 1³8³1.
694 5440 921 5490 xxxviii,
958 5424 1011 5481 8.

449 5562 553 5631 (18)
584 5565 639 5619 ln
669 5564 725 5619 F.
754 5565 943 5638 codice
978 5569 1195 5635 negatio
1246 5568 1307 5620 ού
1345 5570 1497 5638 κατὰ,
1549 5571 1718 5631 πάθος
1765 5571 1935 5638 ὀργῆς

371 5646 623 5701 expressa
673 5636 971 5703 reperitur,
1030 5633 1151 5705 quin
1210 5638 1351 5691 haud
1405 5633 1570 5695 dubie
1649 5641 1777 5694 huic
1802 5633 1936 5695 loco

374 5718 595 5770 prorsus
626 5704 935 5760 necessaria
969 5704 1074 5771 est,
1108 5722 1423 5777 quanquam
1479 5710 1533 5763 in
1588 5708 1936 5765 Valliccllano

2026 4554 2234 4613 stomus
2267 4555 2485 4610 quoque
2535 4530 2952 4596 commemorat.
3006 4542 3193 4605 Vates,
3243 4542 3439 4609 inquit,
3490 4543 3598 4596 Da-

2027 4635 2206 4689 nielus
2231 4634 2451 4703 angelos
2485 4632 2746 4687 eximium
2787 4633 3047 4702 quiddam
3080 4649 3201 4689 esse
3257 4636 3441 4701 tradit,
3474 4636 3597 4691 Dci-

2028 4742 2131 4795 que
2158 4726 2312 4795 jussu
2347 4734 2651 4779 creaturam
2688 4724 2999 4779 universam
3026 4725 3081 4779 in
3107 4740 3202 4780 eos
3224 4727 3594 4789 distributum,

2029 4820 2121 4891 qui
2160 4819 2440 4872 nationum
2470 4832 2687 4887 quoque
2712 4818 2822 4871 sint
2856 4817 3138 4886 praesides.
3169 4818 3345 4871 Alium
3384 4819 3440 4872 in
3462 4817 3595 4873 Pcr-

2031 4925 2120 4964 sas
2154 4909 2358 4963 deﬁxos
2382 4909 2572 4963 oculos
2598 4909 2823 4974 habere,
2852 4908 3173 4962 Michaelum
3213 4911 3599 4981 archangelum

2034 5019 2129 5072 pro
2166 4992 2365 5071 pepnlo
2397 4999 2727 5054 circumciso
2757 4999 3014 5054 excubias
3047 5015 3227 5068 agere.
3264 5001 3404 5066 Quin
3435 5004 3597 5057 etiam

2035 5097 2172 5149 inter
2191 5096 2468 5161 utriusque
2490 5087 2725 5145 nationis
2744 5090 3000 5160 praesides
3014 5089 3177 5146 hosce
3196 5094 3599 5147 contentionem

2010 5203 2101 5241 :ex
2134 5185 2418 5239 iracundia
2444 5182 2735 5252 quamdam
2762 5183 2985 5245 oboriri,
3014 5184 3177 5239 modo
3200 5185 3409 5239 scilicet
3440 5186 3605 5239 ratio-

2036 5291 2213 5345 ncque
2242 5274 2423 5329 divina
2453 5282 2506 5328 et
2548 5272 2833 5336 ineﬂabili,
2868 5274 2997 5327 dum
3025 5274 3113 5328 ille
3137 5276 3359 5343 quidem
3390 5274 3602 5330 Judatos

2045 5590 2199 5647 erasa
2232 5575 2533 5637 fuerit,nec
2559 5576 2611 5632 in
2646 5594 2746 5632 suo
2772 5577 3034 5647 repererit
3085 5574 3466 5647 Lcunclavius,
3512 5571 3608 5644 qui

2044 5655 2096 5696 ct
2132 5646 2390 5718 aliorsum
2428 5649 2591 5701 vertit
2654 5645 2976 5718 particulam
3031 5645 3424 5718 advet'_sat_i_\"atn
3474 5647 3610 5703 ἀλλὰ

2046 5716 2195 5767 modo
2226 5716 2419 5769 scilicet
2448 5714 2753 5787 rationique
2780 5718 2953 5770 duim:
2994 5725 3039 5767 et
3075 5714 3345 5783 iitrﬂatili.
