  <div class='ocr_page' id='page_1' title='image "/cluster/home/n/w/nwhite01/storage/ocr_20150623/158/hvd.32044073502676/119.png"; bbox 0 0 4062 6186; ppageno 0'>
   <div class='ocr_carea' id='block_1_1' title="bbox 512 304 609 367">
    <p class='ocr_par' dir='ltr' id='par_1_1' title="bbox 512 304 609 367">
     <span class='ocr_line' id='line_1_1' title="bbox 512 304 609 367; baseline 0.021 -2"><span class='ocrx_word' id='word_1_1' title='bbox 512 304 609 367; x_wconf 78' lang='lat'><strong>167</strong></span> 
     </span>
    </p>
   </div>
   <div class='ocr_carea' id='block_1_2' title="bbox 1797 304 2526 371">
    <p class='ocr_par' dir='ltr' id='par_1_2' title="bbox 1797 304 2526 371">
     <span class='ocr_line' id='line_1_2' title="bbox 1797 304 2526 371; baseline 0.007 -6"><span class='ocrx_word' id='word_1_2' title='bbox 1797 304 2222 368; x_wconf 82' lang='lat' dir='ltr'><strong>MICHAELIS</strong></span> <span class='ocrx_word' id='word_1_3' title='bbox 2260 309 2526 371; x_wconf 68' lang='lat' dir='ltr'><strong>GLYC/E</strong></span> 
     </span>
    </p>
   </div>
   <div class='ocr_carea' id='block_1_3' title="bbox 3666 306 3767 374">
    <p class='ocr_par' dir='ltr' id='par_1_3' title="bbox 3666 306 3767 374">
     <span class='ocr_line' id='line_1_3' title="bbox 3666 306 3767 374; baseline 0.03 -3"><span class='ocrx_word' id='word_1_4' title='bbox 3666 306 3767 374; x_wconf 80' lang='lat'><strong>168</strong></span> 
     </span>
    </p>
   </div>
   <div class='ocr_carea' id='block_1_4' title="bbox 509 419 2065 496">
    <p class='ocr_par' dir='ltr' id='par_1_4' title="bbox 509 419 2065 491">
     <span class='ocr_line' id='line_1_4' title="bbox 509 419 2065 491; baseline -0.002 -12"><span class='ocrx_word' id='word_1_5' title='bbox 509 420 694 479; x_wconf 82' lang='lat' dir='ltr'><strong>l‘crsis</strong></span> <span class='ocrx_word' id='word_1_6' title='bbox 724 423 931 477; x_wconf 87' lang='lat' dir='ltr'><strong>servire</strong></span> <span class='ocrx_word' id='word_1_7' title='bbox 962 421 1107 491; x_wconf 88' lang='lat' dir='ltr'><strong>cogit</strong></span> <span class='ocrx_word' id='word_1_8' title='bbox 1136 429 1189 474; x_wconf 91' lang='lat' dir='ltr'><strong>ut</strong></span> <span class='ocrx_word' id='word_1_9' title='bbox 1223 419 1317 475; x_wconf 86' lang='lat' dir='ltr'><strong>Dei</strong></span> <span class='ocrx_word' id='word_1_10' title='bbox 1368 428 1797 490; x_wconf 78' lang='lat' dir='ltr'><strong>contemptores,</strong></span> <span class='ocrx_word' id='word_1_11' title='bbox 1846 421 1934 477; x_wconf 89' lang='lat' dir='ltr'><strong>hic</strong></span> <span class='ocrx_word' id='word_1_12' title='bbox 1963 436 2065 476; x_wconf 44' lang='lat' dir='ltr'><strong>veri</strong></span> 
     </span>
    </p>
   </div>
   <div class='ocr_carea' id='block_1_5' title="bbox 2172 419 3773 496">
    <p class='ocr_par' dir='ltr' id='par_1_5' title="bbox 2200 422 3773 496">
     <span class='ocr_line' id='line_1_5' title="bbox 2200 422 3773 496; baseline 0.003 -21"><span class='ocrx_word' id='word_1_13' title='bbox 2200 422 2400 492; x_wconf 79' lang='grc' dir='ltr'>ἔπληξε</span> <span class='ocrx_word' id='word_1_14' title='bbox 2434 425 2535 485; x_wconf 75' lang='grc' dir='ltr'><strong>μὲν</strong></span> <span class='ocrx_word' id='word_1_15' title='bbox 2567 424 2999 495; x_wconf 79' lang='grc' dir='ltr'>ἁμαρτάνοντας,</span> <span class='ocrx_word' id='word_1_16' title='bbox 3048 424 3543 496; x_wconf 71' lang='grc' dir='ltr'><strong>ἐπιστρεφομένους</strong></span> <span class='ocrx_word' id='word_1_17' title='bbox 3575 423 3633 478; x_wconf 66' lang='grc' dir='ltr'>δὲ</span> <span class='ocrx_word' id='word_1_18' title='bbox 3670 427 3773 479; x_wconf 85' lang='grc' dir='ltr'><strong>οὐκ</strong></span> 
     </span>
    </p>
   </div>
   <div class='ocr_carea' id='block_1_6' title="bbox 505 510 2080 583">
    <p class='ocr_par' dir='ltr' id='par_1_6' title="bbox 505 510 2080 583">
     <span class='ocr_line' id='line_1_6' title="bbox 505 510 2080 583; baseline -0.003 -12"><span class='ocrx_word' id='word_1_19' title='bbox 505 529 577 571; x_wconf 76' lang='lat' dir='ltr'><strong>ex</strong></span> <span class='ocrx_word' id='word_1_20' title='bbox 605 515 709 569; x_wconf 86' lang='lat' dir='ltr'><strong>alia</strong></span> <span class='ocrx_word' id='word_1_21' title='bbox 744 523 899 583; x_wconf 87' lang='lat' dir='ltr'><strong>parte</strong></span> <span class='ocrx_word' id='word_1_22' title='bbox 935 513 991 565; x_wconf 91' lang='lat' dir='ltr'><strong>in</strong></span> <span class='ocrx_word' id='word_1_23' title='bbox 1025 510 1334 565; x_wconf 85' lang='lat' dir='ltr'><strong>libertatem</strong></span> <span class='ocrx_word' id='word_1_24' title='bbox 1371 510 1635 578; x_wconf 83' lang='lat' dir='ltr'><strong>vindicat,</strong></span> <span class='ocrx_word' id='word_1_25' title='bbox 1674 527 1740 567; x_wconf 90' lang='lat' dir='ltr'><strong>ac</strong></span> <span class='ocrx_word' id='word_1_26' title='bbox 1772 510 1926 567; x_wconf 91' lang='lat' dir='ltr'><strong>hisce</strong></span> <span class='ocrx_word' id='word_1_27' title='bbox 1954 528 2080 568; x_wconf 86' lang='lat' dir='ltr'><strong>ver-</strong></span> 
     </span>
    </p>
   </div>
   <div class='ocr_carea' id='block_1_7' title="bbox 2192 515 2685 583">
    <p class='ocr_par' dir='ltr' id='par_1_7' title="bbox 2192 515 2685 583">
     <span class='ocr_line' id='line_1_7' title="bbox 2192 515 2685 583; baseline 0 -16"><span class='ocrx_word' id='word_1_28' title='bbox 2192 515 2621 583; x_wconf 81' lang='grc' dir='ltr'>ἀποστρέφεται.</span> <span class='ocrx_word' id='word_1_29' title='bbox 2666 535 2685 567; x_wconf 72' lang='grc' dir='ltr'><strong>ι</strong></span> 
     </span>
    </p>
   </div>
   <div class='ocr_carea' id='block_1_8' title="bbox 507 604 3773 680">
    <p class='ocr_par' dir='ltr' id='par_1_8' title="bbox 507 604 3773 680">
     <span class='ocr_line' id='line_1_8' title="bbox 507 604 3773 680; baseline 0 -15"><span class='ocrx_word' id='word_1_30' title='bbox 507 609 594 666; x_wconf 88' lang='lat' dir='ltr'><strong>bis</strong></span> <span class='ocrx_word' id='word_1_31' title='bbox 624 609 792 662; x_wconf 88' lang='lat' dir='ltr'><strong>utitur</strong></span> <span class='ocrx_word' id='word_1_32' title='bbox 825 623 840 659; x_wconf 91' lang='lat'><strong>:</strong></span> <span class='ocrx_word' id='word_1_33' title='bbox 879 604 1129 666; x_wconf 66' lang='lat' dir='ltr'><strong>«Desine,</strong></span> <span class='ocrx_word' id='word_1_34' title='bbox 1157 604 1448 658; x_wconf 85' lang='lat' dir='ltr'><strong>Persarum</strong></span> <span class='ocrx_word' id='word_1_35' title='bbox 1478 619 1722 674; x_wconf 67' lang='lat' dir='ltr'><strong>praeses;</strong></span> <span class='ocrx_word' id='word_1_36' title='bbox 1779 621 1907 660; x_wconf 88' lang='lat' dir='ltr'><strong>nam</strong></span> <span class='ocrx_word' id='word_1_37' title='bbox 1958 617 2254 676; x_wconf 70' lang='lat' dir='ltr'><strong>peccantes</strong></span> <span class='ocrx_word' id='word_1_38' title='bbox 2282 608 2506 677; x_wconf 80' lang='lat' dir='ltr'><strong>quidem</strong></span> <span class='ocrx_word' id='word_1_39' title='bbox 2549 609 2649 665; x_wconf 86' lang='lat' dir='ltr'><strong>bos</strong></span> <span class='ocrx_word' id='word_1_40' title='bbox 2691 609 2943 664; x_wconf 85' lang='lat' dir='ltr'><strong>multavit</strong></span> <span class='ocrx_word' id='word_1_41' title='bbox 2982 608 3283 680; x_wconf 68' lang='lat' dir='ltr'><strong>amisitque</strong></span> <span class='ocrx_word' id='word_1_42' title='bbox 3351 608 3518 677; x_wconf 86' lang='lat' dir='ltr'><strong>Deus,</strong></span> <span class='ocrx_word' id='word_1_43' title='bbox 3577 625 3773 666; x_wconf 83' lang='lat' dir='ltr'><strong>verum</strong></span> 
     </span>
    </p>
   </div>
   <div class='ocr_carea' id='block_1_9' title="bbox 503 706 1519 760">
    <p class='ocr_par' dir='ltr' id='par_1_9' title="bbox 503 706 1519 760">
     <span class='ocr_line' id='line_1_9' title="bbox 503 706 1519 760; baseline -0.011 0"><span class='ocrx_word' id='word_1_44' title='bbox 503 706 568 760; x_wconf 89' lang='lat' dir='ltr'><strong>ad</strong></span> <span class='ocrx_word' id='word_1_45' title='bbox 607 719 665 757; x_wconf 90' lang='lat' dir='ltr'><strong>se</strong></span> <span class='ocrx_word' id='word_1_46' title='bbox 697 714 993 756; x_wconf 87' lang='lat' dir='ltr'><strong>conversos</strong></span> <span class='ocrx_word' id='word_1_47' title='bbox 1024 712 1133 752; x_wconf 91' lang='lat' dir='ltr'><strong>non</strong></span> <span class='ocrx_word' id='word_1_48' title='bbox 1161 708 1466 753; x_wconf 82' lang='lat' dir='ltr'><strong>aversatur.</strong></span> <span class='ocrx_word' id='word_1_49' title='bbox 1502 717 1519 749; x_wconf 71' lang='grc' dir='ltr'><strong>ι</strong></span> 
     </span>
    </p>
   </div>
   <div class='ocr_carea' id='block_1_10' title="bbox 568 791 2080 862">
    <p class='ocr_par' dir='ltr' id='par_1_10' title="bbox 568 791 2080 862">
     <span class='ocr_line' id='line_1_10' title="bbox 568 791 2080 862; baseline -0.001 -13"><span class='ocrx_word' id='word_1_50' title='bbox 568 795 688 849; x_wconf 83' lang='lat' dir='ltr'><strong>Jam</strong></span> <span class='ocrx_word' id='word_1_51' title='bbox 747 792 976 862; x_wconf 81' lang='lat' dir='ltr'><strong>singulis</strong></span> <span class='ocrx_word' id='word_1_52' title='bbox 1031 792 1201 846; x_wconf 89' lang='lat' dir='ltr'><strong>etiam</strong></span> <span class='ocrx_word' id='word_1_53' title='bbox 1267 791 1510 846; x_wconf 89' lang='lat' dir='ltr'><strong>ﬁdelium</strong></span> <span class='ocrx_word' id='word_1_54' title='bbox 1566 792 1760 847; x_wconf 83' lang='lat' dir='ltr'><strong>adesse</strong></span> <span class='ocrx_word' id='word_1_55' title='bbox 1816 792 2080 849; x_wconf 75' lang='lat' dir='ltr'><strong>custodite</strong></span> 
     </span>
    </p>
   </div>
   <div class='ocr_carea' id='block_1_11' title="bbox 484 885 2079 956">
    <p class='ocr_par' dir='ltr' id='par_1_11' title="bbox 484 885 2079 956">
     <span class='ocr_line' id='line_1_11' title="bbox 484 885 2079 956; baseline -0.001 -13"><span class='ocrx_word' id='word_1_56' title='bbox 484 903 664 944; x_wconf 82' lang='lat' dir='ltr'><strong>causa</strong></span> <span class='ocrx_word' id='word_1_57' title='bbox 707 886 956 940; x_wconf 88' lang='lat' dir='ltr'><strong>divinum</strong></span> <span class='ocrx_word' id='word_1_58' title='bbox 985 885 1260 956; x_wconf 81' lang='lat' dir='ltr'><strong>angelum,</strong></span> <span class='ocrx_word' id='word_1_59' title='bbox 1295 885 1643 956; x_wconf 87' lang='lat' dir='ltr'><strong>magnusillc</strong></span> <span class='ocrx_word' id='word_1_60' title='bbox 1666 885 1901 942; x_wconf 85' lang='lat' dir='ltr'><strong>Basilius</strong></span> <span class='ocrx_word' id='word_1_61' title='bbox 1936 886 2079 941; x_wconf 87' lang='lat' dir='ltr'><strong>inter</strong></span> 
     </span>
    </p>
   </div>
   <div class='ocr_carea' id='block_1_12' title="bbox 497 974 2077 1049">
    <p class='ocr_par' dir='ltr' id='par_1_12' title="bbox 497 974 2077 1049">
     <span class='ocr_line' id='line_1_12' title="bbox 497 974 2077 1049; baseline -0.001 -14"><span class='ocrx_word' id='word_1_62' title='bbox 497 983 636 1035; x_wconf 84' lang='lat' dir='ltr'><strong>alios</strong></span> <span class='ocrx_word' id='word_1_63' title='bbox 669 974 914 1035; x_wconf 81' lang='lat' dir='ltr'><strong>tradidit.</strong></span> <span class='ocrx_word' id='word_1_64' title='bbox 951 977 1452 1044; x_wconf 87' lang='lat' dir='ltr'><strong>Quemadmodum,</strong></span> <span class='ocrx_word' id='word_1_65' title='bbox 1495 978 1694 1047; x_wconf 84' lang='lat' dir='ltr'><strong>inquit,</strong></span> <span class='ocrx_word' id='word_1_66' title='bbox 1745 993 1876 1047; x_wconf 86' lang='lat' dir='ltr'><strong>apes</strong></span> <span class='ocrx_word' id='word_1_67' title='bbox 1910 978 2077 1049; x_wconf 81' lang='lat' dir='ltr'><strong>abigit</strong></span> 
     </span>
    </p>
   </div>
   <div class='ocr_carea' id='block_1_13' title="bbox 496 1069 2071 1138">
    <p class='ocr_par' dir='ltr' id='par_1_13' title="bbox 496 1069 2071 1138">
     <span class='ocr_line' id='line_1_13' title="bbox 496 1069 2071 1138; baseline -0.001 -12"><span class='ocrx_word' id='word_1_68' title='bbox 496 1074 680 1127; x_wconf 81' lang='lat' dir='ltr'><strong>fumus</strong></span> <span class='ocrx_word' id='word_1_69' title='bbox 707 1110 721 1132; x_wconf 90' lang='lat'><strong>,</strong></span> <span class='ocrx_word' id='word_1_70' title='bbox 754 1082 808 1125; x_wconf 87' lang='lat' dir='ltr'><strong>et</strong></span> <span class='ocrx_word' id='word_1_71' title='bbox 836 1070 1114 1125; x_wconf 67' lang='lat' dir='ltr'><strong>columbas</strong></span> <span class='ocrx_word' id='word_1_72' title='bbox 1143 1069 1365 1138; x_wconf 84' lang='lat' dir='ltr'><strong>depellit</strong></span> <span class='ocrx_word' id='word_1_73' title='bbox 1385 1069 1566 1135; x_wconf 60' lang='lat' dir='ltr'><strong>laetor,</strong></span> <span class='ocrx_word' id='word_1_74' title='bbox 1602 1070 1679 1123; x_wconf 91' lang='lat' dir='ltr'><strong>sic</strong></span> <span class='ocrx_word' id='word_1_75' title='bbox 1737 1080 1791 1124; x_wconf 88' lang='lat' dir='ltr'><strong>et</strong></span> <span class='ocrx_word' id='word_1_76' title='bbox 1820 1070 1941 1124; x_wconf 72' lang='lat' dir='ltr'><strong>vita:</strong></span> <span class='ocrx_word' id='word_1_77' title='bbox 1971 1085 2071 1125; x_wconf 79' lang='lat' dir='ltr'><strong>no-</strong></span> 
     </span>
    </p>
   </div>
   <div class='ocr_carea' id='block_1_14' title="bbox 494 1160 2075 1233">
    <p class='ocr_par' dir='ltr' id='par_1_14' title="bbox 494 1160 2075 1233">
     <span class='ocr_line' id='line_1_14' title="bbox 494 1160 2075 1233; baseline -0.003 -15"><span class='ocrx_word' id='word_1_78' title='bbox 494 1174 621 1219; x_wconf 75' lang='lat' dir='ltr'><strong>strze</strong></span> <span class='ocrx_word' id='word_1_79' title='bbox 650 1164 932 1218; x_wconf 79' lang='lat' dir='ltr'><strong>custodem</strong></span> <span class='ocrx_word' id='word_1_80' title='bbox 966 1162 1217 1233; x_wconf 76' lang='lat' dir='ltr'><strong>angelum</strong></span> <span class='ocrx_word' id='word_1_81' title='bbox 1256 1160 1442 1216; x_wconf 85' lang='lat' dir='ltr'><strong>multis</strong></span> <span class='ocrx_word' id='word_1_82' title='bbox 1477 1161 1871 1229; x_wconf 86' lang='lat' dir='ltr'><strong>deplorandum</strong></span> <span class='ocrx_word' id='word_1_83' title='bbox 1903 1163 2075 1233; x_wconf 79' lang='lat' dir='ltr'><strong>lacry-</strong></span> 
     </span>
    </p>
   </div>
   <div class='ocr_carea' id='block_1_15' title="bbox 493 1253 2077 1326">
    <p class='ocr_par' dir='ltr' id='par_1_15' title="bbox 493 1253 2077 1326">
     <span class='ocr_line' id='line_1_15' title="bbox 493 1253 2077 1326; baseline -0.003 -15"><span class='ocrx_word' id='word_1_84' title='bbox 493 1260 599 1313; x_wconf 86' lang='lat' dir='ltr'><strong>mis</strong></span> <span class='ocrx_word' id='word_1_85' title='bbox 636 1257 941 1326; x_wconf 71' lang='lat' dir='ltr'><strong>fmiensquc</strong></span> <span class='ocrx_word' id='word_1_86' title='bbox 966 1262 1258 1325; x_wconf 89' lang='lat' dir='ltr'><strong>peccatum</strong></span> <span class='ocrx_word' id='word_1_87' title='bbox 1287 1269 1316 1308; x_wconf 92' lang='lat' dir='ltr'><strong>a</strong></span> <span class='ocrx_word' id='word_1_88' title='bbox 1350 1254 1510 1309; x_wconf 88' lang='lat' dir='ltr'><strong>nobis</strong></span> <span class='ocrx_word' id='word_1_89' title='bbox 1543 1255 1801 1325; x_wconf 85' lang='lat' dir='ltr'><strong>sejungit.</strong></span> <span class='ocrx_word' id='word_1_90' title='bbox 1834 1253 1988 1309; x_wconf 82' lang='lat' dir='ltr'><strong>Idem</strong></span> <span class='ocrx_word' id='word_1_91' title='bbox 2021 1264 2077 1308; x_wconf 90' lang='lat' dir='ltr'><strong>et</strong></span> 
     </span>
    </p>
   </div>
   <div class='ocr_carea' id='block_1_16' title="bbox 492 1347 2075 1418">
    <p class='ocr_par' dir='ltr' id='par_1_16' title="bbox 492 1347 2075 1418">
     <span class='ocr_line' id='line_1_16' title="bbox 492 1347 2075 1418; baseline -0.003 -13"><span class='ocrx_word' id='word_1_92' title='bbox 492 1352 873 1406; x_wconf 83' lang='lat' dir='ltr'><strong>Tlteodorctus</strong></span> <span class='ocrx_word' id='word_1_93' title='bbox 907 1350 1129 1404; x_wconf 82' lang='lat' dir='ltr'><strong>indicat.</strong></span> <span class='ocrx_word' id='word_1_94' title='bbox 1161 1347 1295 1403; x_wconf 85' lang='lat' dir='ltr'><strong>Nam</strong></span> <span class='ocrx_word' id='word_1_95' title='bbox 1326 1348 1383 1402; x_wconf 85' lang='lat' dir='ltr'><strong>in</strong></span> <span class='ocrx_word' id='word_1_96' title='bbox 1403 1348 1802 1418; x_wconf 81' lang='lat' dir='ltr'><strong>&#39;l‘herapeutica</strong></span> <span class='ocrx_word' id='word_1_97' title='bbox 1826 1364 1920 1403; x_wconf 90' lang='lat' dir='ltr'><strong>sua</strong></span> <span class='ocrx_word' id='word_1_98' title='bbox 1950 1363 2075 1402; x_wconf 78' lang='lat' dir='ltr'><strong>ver-</strong></span> 
     </span>
    </p>
   </div>
   <div class='ocr_carea' id='block_1_17' title="bbox 490 1440 2075 1510">
    <p class='ocr_par' dir='ltr' id='par_1_17' title="bbox 490 1440 2075 1510">
     <span class='ocr_line' id='line_1_17' title="bbox 490 1440 2075 1510; baseline -0.001 -14"><span class='ocrx_word' id='word_1_99' title='bbox 490 1443 575 1496; x_wconf 84' lang='lat' dir='ltr'><strong>bis</strong></span> <span class='ocrx_word' id='word_1_100' title='bbox 606 1442 997 1506; x_wconf 69' lang='grc' dir='ltr'>ιιὶεορ,υιίιιιι’;</span> <span class='ocrx_word' id='word_1_101' title='bbox 1038 1440 1254 1496; x_wconf 73' lang='lat' dir='ltr'><strong>«Elates</strong></span> <span class='ocrx_word' id='word_1_102' title='bbox 1295 1440 1553 1509; x_wconf 83' lang='lat' dir='ltr'><strong>superbia</strong></span> <span class='ocrx_word' id='word_1_103' title='bbox 1611 1440 1861 1495; x_wconf 81' lang='lat' dir='ltr'><strong>diabolus</strong></span> <span class='ocrx_word' id='word_1_104' title='bbox 1888 1441 2075 1510; x_wconf 87' lang='lat' dir='ltr'><strong>lapsus</strong></span> 
     </span>
    </p>
   </div>
   <div class='ocr_carea' id='block_1_18' title="bbox 490 1531 2074 1601">
    <p class='ocr_par' dir='ltr' id='par_1_18' title="bbox 490 1531 2074 1601">
     <span class='ocr_line' id='line_1_18' title="bbox 490 1531 2074 1601; baseline 0.001 -14"><span class='ocrx_word' id='word_1_105' title='bbox 490 1549 612 1587; x_wconf 76' lang='lat' dir='ltr'><strong>esse</strong></span> <span class='ocrx_word' id='word_1_106' title='bbox 643 1532 838 1596; x_wconf 83' lang='lat' dir='ltr'><strong>fertur,</strong></span> <span class='ocrx_word' id='word_1_107' title='bbox 879 1547 941 1587; x_wconf 89' lang='lat' dir='ltr'><strong>ac</strong></span> <span class='ocrx_word' id='word_1_108' title='bbox 969 1532 1233 1601; x_wconf 80' lang='lat' dir='ltr'><strong>deinceps</strong></span> <span class='ocrx_word' id='word_1_109' title='bbox 1272 1532 1538 1586; x_wconf 84' lang='lat' dir='ltr'><strong>adversus</strong></span> <span class='ocrx_word' id='word_1_110' title='bbox 1570 1531 1822 1588; x_wconf 81' lang='lat' dir='ltr'><strong>homines</strong></span> <span class='ocrx_word' id='word_1_111' title='bbox 1842 1546 2074 1588; x_wconf 81' lang='lat' dir='ltr'><strong>exorna-</strong></span> 
     </span>
    </p>
   </div>
   <div class='ocr_carea' id='block_1_19' title="bbox 492 1623 2073 1693">
    <p class='ocr_par' dir='ltr' id='par_1_19' title="bbox 492 1623 2073 1693">
     <span class='ocr_line' id='line_1_19' title="bbox 492 1623 2073 1693; baseline 0.001 -16"><span class='ocrx_word' id='word_1_112' title='bbox 492 1634 575 1677; x_wconf 93' lang='lat' dir='ltr'><strong>tos</strong></span> <span class='ocrx_word' id='word_1_113' title='bbox 608 1623 841 1693; x_wconf 83' lang='lat' dir='ltr'><strong>imagine</strong></span> <span class='ocrx_word' id='word_1_114' title='bbox 870 1623 1055 1677; x_wconf 84' lang='lat' dir='ltr'><strong>divina</strong></span> <span class='ocrx_word' id='word_1_115' title='bbox 1119 1625 1301 1677; x_wconf 81' lang='lat' dir='ltr'><strong>furore</strong></span> <span class='ocrx_word' id='word_1_116' title='bbox 1332 1624 1567 1693; x_wconf 87' lang='lat' dir='ltr'><strong>quodam</strong></span> <span class='ocrx_word' id='word_1_117' title='bbox 1605 1624 1903 1687; x_wconf 80' lang='lat' dir='ltr'><strong>exarsisse,</strong></span> <span class='ocrx_word' id='word_1_118' title='bbox 1960 1625 2073 1679; x_wconf 81' lang='lat' dir='ltr'><strong>bel-</strong></span> 
     </span>
    </p>
   </div>
   <div class='ocr_carea' id='block_1_20' title="bbox 489 1713 2070 1796">
    <p class='ocr_par' dir='ltr' id='par_1_20' title="bbox 489 1713 2070 1796">
     <span class='ocr_line' id='line_1_20' title="bbox 489 1713 2070 1796; baseline 0.001 -27"><span class='ocrx_word' id='word_1_119' title='bbox 489 1719 711 1786; x_wconf 91' lang='lat' dir='ltr'><strong>lumque</strong></span> <span class='ocrx_word' id='word_1_120' title='bbox 733 1717 994 1770; x_wconf 89' lang='lat' dir='ltr'><strong>adversus</strong></span> <span class='ocrx_word' id='word_1_121' title='bbox 1025 1715 1172 1796; x_wconf 78' lang='lat' dir='ltr'><strong>ipsos</strong></span> <span class='ocrx_word' id='word_1_122' title='bbox 1228 1717 1558 1785; x_wconf 78' lang='lat' dir='ltr'><strong>suscepisse.</strong></span> <span class='ocrx_word' id='word_1_123' title='bbox 1620 1713 1728 1769; x_wconf 80' lang='lat' dir='ltr'><strong>liae</strong></span> <span class='ocrx_word' id='word_1_124' title='bbox 1779 1717 1845 1769; x_wconf 89' lang='lat' dir='ltr'><strong>de</strong></span> <span class='ocrx_word' id='word_1_125' title='bbox 1907 1733 2070 1771; x_wconf 85' lang='lat' dir='ltr'><strong>causa</strong></span> 
     </span>
    </p>
   </div>
   <div class='ocr_carea' id='block_1_21' title="bbox 2263 794 3767 869">
    <p class='ocr_par' dir='ltr' id='par_1_21' title="bbox 2263 794 3767 869">
     <span class='ocr_line' id='line_1_21' title="bbox 2263 794 3767 869; baseline -0.003 -20"><span class='ocrx_word' id='word_1_126' title='bbox 2263 794 2382 850; x_wconf 86' lang='grc' dir='ltr'>Ὅτι</span> <span class='ocrx_word' id='word_1_127' title='bbox 2419 795 2472 849; x_wconf 82' lang='grc' dir='ltr'>δὲ</span> <span class='ocrx_word' id='word_1_128' title='bbox 2528 796 2670 861; x_wconf 83' lang='grc' dir='ltr'>θεῖος</span> <span class='ocrx_word' id='word_1_129' title='bbox 2717 794 2948 865; x_wconf 79' lang='grc' dir='ltr'>ἄγγελος</span> <span class='ocrx_word' id='word_1_130' title='bbox 2998 798 3077 851; x_wconf 78' lang='grc' dir='ltr'><strong>ἑνὶ</strong></span> <span class='ocrx_word' id='word_1_131' title='bbox 3134 797 3353 869; x_wconf 79' lang='grc' dir='ltr'><strong>ἑκάστῳ</strong></span> <span class='ocrx_word' id='word_1_132' title='bbox 3409 798 3767 868; x_wconf 81' lang='grc' dir='ltr'>προσεδρεύει</span> 
     </span>
    </p>
   </div>
   <div class='ocr_carea' id='block_1_22' title="bbox 2186 886 3765 960">
    <p class='ocr_par' dir='ltr' id='par_1_22' title="bbox 2186 886 3765 960">
     <span class='ocr_line' id='line_1_22' title="bbox 2186 886 3765 960; baseline 0.002 -21"><span class='ocrx_word' id='word_1_133' title='bbox 2186 886 2292 940; x_wconf 84' lang='grc' dir='ltr'><strong>τῶν</strong></span> <span class='ocrx_word' id='word_1_134' title='bbox 2316 889 2523 941; x_wconf 83' lang='grc' dir='ltr'>πιστῶν</span> <span class='ocrx_word' id='word_1_135' title='bbox 2557 889 2799 959; x_wconf 71' lang='grc' dir='ltr'>φυλακῆς</span> <span class='ocrx_word' id='word_1_136' title='bbox 2828 888 3035 952; x_wconf 72' lang='grc' dir='ltr'>ἕνεκεν,</span> <span class='ocrx_word' id='word_1_137' title='bbox 3068 890 3374 960; x_wconf 76' lang='grc' dir='ltr'><strong>διείληπται</strong></span> <span class='ocrx_word' id='word_1_138' title='bbox 3426 891 3527 959; x_wconf 81' lang='grc' dir='ltr'>μὲν</span> <span class='ocrx_word' id='word_1_139' title='bbox 3564 892 3658 943; x_wconf 72' lang='grc' dir='ltr'><strong>καὶ</strong></span> <span class='ocrx_word' id='word_1_140' title='bbox 3684 890 3765 960; x_wconf 85' lang='grc' dir='ltr'><strong>τῷ</strong></span> 
     </span>
    </p>
   </div>
   <div class='ocr_carea' id='block_1_23' title="bbox 2188 981 3770 1053">
    <p class='ocr_par' dir='ltr' id='par_1_23' title="bbox 2188 981 3770 1053">
     <span class='ocr_line' id='line_1_23' title="bbox 2188 981 3770 1053; baseline 0.003 -22"><span class='ocrx_word' id='word_1_141' title='bbox 2188 981 2408 1051; x_wconf 77' lang='grc' dir='ltr'>μεγάλῳ</span> <span class='ocrx_word' id='word_1_142' title='bbox 2440 981 2709 1051; x_wconf 75' lang='grc' dir='ltr'>Βασιλείῳ</span> <span class='ocrx_word' id='word_1_143' title='bbox 2734 982 2972 1051; x_wconf 83' lang='grc' dir='ltr'>λέγοντι·</span> <span class='ocrx_word' id='word_1_144' title='bbox 3009 1001 3027 1034; x_wconf 78' lang='grc' dir='ltr'><strong>ι</strong></span> <span class='ocrx_word' id='word_1_145' title='bbox 3074 983 3147 1047; x_wconf 83' lang='grc' dir='ltr'>Ως</span> <span class='ocrx_word' id='word_1_146' title='bbox 3176 982 3275 1046; x_wconf 82' lang='grc' dir='ltr'>τὰς</span> <span class='ocrx_word' id='word_1_147' title='bbox 3306 982 3565 1053; x_wconf 76' lang='grc' dir='ltr'><strong>μελίσσας</strong></span> <span class='ocrx_word' id='word_1_148' title='bbox 3593 1001 3770 1051; x_wconf 84' lang='grc' dir='ltr'>φυγα-</span> 
     </span>
    </p>
   </div>
   <div class='ocr_carea' id='block_1_24' title="bbox 2180 1073 3766 1155">
    <p class='ocr_par' dir='ltr' id='par_1_24' title="bbox 2180 1073 3766 1155">
     <span class='ocr_line' id='line_1_24' title="bbox 2180 1073 3766 1155; baseline 0.003 -30"><span class='ocrx_word' id='word_1_149' title='bbox 2180 1073 2323 1125; x_wconf 81' lang='grc' dir='ltr'>δέύει</span> <span class='ocrx_word' id='word_1_150' title='bbox 2355 1075 2560 1137; x_wconf 80' lang='grc' dir='ltr'>καπνὸς</span> <span class='ocrx_word' id='word_1_151' title='bbox 2587 1075 2679 1127; x_wconf 76' lang='grc' dir='ltr'><strong>καὶ</strong></span> <span class='ocrx_word' id='word_1_152' title='bbox 2708 1074 2807 1138; x_wconf 77' lang='grc' dir='ltr'>τὰς</span> <span class='ocrx_word' id='word_1_153' title='bbox 2840 1077 3169 1145; x_wconf 75' lang='grc' dir='ltr'>περιστεράς</span> <span class='ocrx_word' id='word_1_154' title='bbox 3202 1074 3475 1139; x_wconf 76' lang='grc' dir='ltr'><strong>ἐξελαύνει</strong></span> <span class='ocrx_word' id='word_1_155' title='bbox 3508 1075 3766 1155; x_wconf 59' lang='grc' dir='ltr'>δυσωδία,</span> 
     </span>
    </p>
   </div>
   <div class='ocr_carea' id='block_1_25' title="bbox 2174 1164 3767 1236">
    <p class='ocr_par' dir='ltr' id='par_1_25' title="bbox 2174 1164 3767 1236">
     <span class='ocr_line' id='line_1_25' title="bbox 2174 1164 3767 1236; baseline 0.002 -19"><span class='ocrx_word' id='word_1_156' title='bbox 2174 1164 2321 1217; x_wconf 75' lang='grc' dir='ltr'>οὓτω</span> <span class='ocrx_word' id='word_1_157' title='bbox 2346 1166 2444 1218; x_wconf 77' lang='grc' dir='ltr'>καὶ</span> <span class='ocrx_word' id='word_1_158' title='bbox 2474 1166 2567 1217; x_wconf 74' lang='grc' dir='ltr'><strong>τὸν</strong></span> <span class='ocrx_word' id='word_1_159' title='bbox 2605 1165 2824 1234; x_wconf 81' lang='grc' dir='ltr'>φύλακα</span> <span class='ocrx_word' id='word_1_160' title='bbox 2853 1167 2950 1232; x_wconf 84' lang='grc' dir='ltr'><strong>τῆς</strong></span> <span class='ocrx_word' id='word_1_161' title='bbox 2979 1166 3125 1235; x_wconf 81' lang='grc' dir='ltr'>ζωῆς</span> <span class='ocrx_word' id='word_1_162' title='bbox 3156 1167 3314 1236; x_wconf 78' lang='grc' dir='ltr'>ἡμῶν</span> <span class='ocrx_word' id='word_1_163' title='bbox 3340 1166 3583 1234; x_wconf 70' lang='grc' dir='ltr'>ἄγγελον</span> <span class='ocrx_word' id='word_1_164' title='bbox 3611 1168 3643 1234; x_wconf 81' lang='grc' dir='ltr'>ἡ</span> <span class='ocrx_word' id='word_1_165' title='bbox 3669 1183 3767 1220; x_wconf 79' lang='grc' dir='ltr'>πο-</span> 
     </span>
    </p>
   </div>
   <div class='ocr_carea' id='block_1_26' title="bbox 2174 1254 3762 1325">
    <p class='ocr_par' dir='ltr' id='par_1_26' title="bbox 2174 1254 3762 1325">
     <span class='ocr_line' id='line_1_26' title="bbox 2174 1254 3762 1325; baseline 0 -19"><span class='ocrx_word' id='word_1_166' title='bbox 2174 1254 2445 1325; x_wconf 77' lang='grc' dir='ltr'>λύδακρυς</span> <span class='ocrx_word' id='word_1_167' title='bbox 2468 1255 2561 1307; x_wconf 71' lang='grc' dir='ltr'>καὶ</span> <span class='ocrx_word' id='word_1_168' title='bbox 2580 1254 2824 1325; x_wconf 81' lang='grc' dir='ltr'><strong>δυσώδης</strong></span> <span class='ocrx_word' id='word_1_169' title='bbox 2855 1254 2949 1322; x_wconf 82' lang='grc' dir='ltr'><strong>ἀφ’</strong></span> <span class='ocrx_word' id='word_1_170' title='bbox 2979 1255 3134 1325; x_wconf 84' lang='grc' dir='ltr'>ήμῶν</span> <span class='ocrx_word' id='word_1_171' title='bbox 3166 1255 3433 1324; x_wconf 80' lang='grc' dir='ltr'><strong>διίστησιν</strong></span> <span class='ocrx_word' id='word_1_172' title='bbox 3461 1254 3762 1325; x_wconf 48' lang='grc' dir='ltr'>ἁμαρτῇ.»</span> 
     </span>
    </p>
   </div>
   <div class='ocr_carea' id='block_1_27' title="bbox 2154 1342 3768 1417">
    <p class='ocr_par' dir='ltr' id='par_1_27' title="bbox 2154 1342 3768 1417">
     <span class='ocr_line' id='line_1_27' title="bbox 2154 1342 3768 1417; baseline 0 -19"><span class='ocrx_word' id='word_1_173' title='bbox 2154 1348 2285 1416; x_wconf 79' lang='grc' dir='ltr'><strong>⁴Οὐχ</strong></span> <span class='ocrx_word' id='word_1_174' title='bbox 2315 1342 2478 1417; x_wconf 80' lang='grc' dir='ltr'>ἦττον</span> <span class='ocrx_word' id='word_1_175' title='bbox 2511 1346 2568 1399; x_wconf 83' lang='grc' dir='ltr'>δὲ</span> <span class='ocrx_word' id='word_1_176' title='bbox 2614 1347 2681 1399; x_wconf 73' lang='grc' dir='ltr'><strong>τὰ</strong></span> <span class='ocrx_word' id='word_1_177' title='bbox 2723 1351 2853 1416; x_wconf 83' lang='grc' dir='ltr'>περὶ</span> <span class='ocrx_word' id='word_1_178' title='bbox 2883 1348 3074 1399; x_wconf 81' lang='grc' dir='ltr'>τούτου</span> <span class='ocrx_word' id='word_1_179' title='bbox 3116 1346 3207 1400; x_wconf 78' lang='grc' dir='ltr'><strong>καὶ</strong></span> <span class='ocrx_word' id='word_1_180' title='bbox 3257 1347 3406 1415; x_wconf 80' lang='grc' dir='ltr'>αὐτῷ</span> <span class='ocrx_word' id='word_1_181' title='bbox 3436 1347 3514 1407; x_wconf 81' lang='grc' dir='ltr'>τῷ</span> <span class='ocrx_word' id='word_1_182' title='bbox 3559 1345 3768 1398; x_wconf 76' lang='grc' dir='ltr'>Θεοδωο</span> 
     </span>
    </p>
   </div>
   <div class='ocr_carea' id='block_1_28' title="bbox 2182 1436 3765 1510">
    <p class='ocr_par' dir='ltr' id='par_1_28' title="bbox 2182 1436 3765 1510">
     <span class='ocr_line' id='line_1_28' title="bbox 2182 1436 3765 1510; baseline -0.003 -17"><span class='ocrx_word' id='word_1_183' title='bbox 2182 1442 2329 1510; x_wconf 83' lang='grc' dir='ltr'>ρήτῳ</span> <span class='ocrx_word' id='word_1_184' title='bbox 2378 1438 2697 1509; x_wconf 81' lang='grc' dir='ltr'>δεδήλωται.</span> <span class='ocrx_word' id='word_1_185' title='bbox 2739 1440 2827 1492; x_wconf 85' lang='grc' dir='ltr'>Ἐν</span> <span class='ocrx_word' id='word_1_186' title='bbox 2878 1440 2989 1510; x_wconf 81' lang='grc' dir='ltr'>γὰρ</span> <span class='ocrx_word' id='word_1_187' title='bbox 3041 1441 3107 1510; x_wconf 81' lang='grc' dir='ltr'>τῇ</span> <span class='ocrx_word' id='word_1_188' title='bbox 3163 1439 3547 1509; x_wconf 75' lang='grc' dir='ltr'>Θεραπευτικῇ</span> <span class='ocrx_word' id='word_1_189' title='bbox 3597 1436 3765 1490; x_wconf 75' lang='grc' dir='ltr'>αὐτοῦ</span> 
     </span>
    </p>
   </div>
   <div class='ocr_carea' id='block_1_29' title="bbox 2181 1529 3765 1600">
    <p class='ocr_par' dir='ltr' id='par_1_29' title="bbox 2181 1529 3765 1600">
     <span class='ocr_line' id='line_1_29' title="bbox 2181 1529 3765 1600; baseline -0.001 -16"><span class='ocrx_word' id='word_1_190' title='bbox 2181 1532 2305 1586; x_wconf 85' lang='grc' dir='ltr'>τάδε</span> <span class='ocrx_word' id='word_1_191' title='bbox 2351 1532 2538 1600; x_wconf 73' lang='grc' dir='ltr'>φησξνο</span> <span class='ocrx_word' id='word_1_192' title='bbox 2577 1549 2595 1582; x_wconf 82' lang='grc' dir='ltr'><strong>ι</strong></span> <span class='ocrx_word' id='word_1_193' title='bbox 2640 1530 2933 1600; x_wconf 74' lang='grc' dir='ltr'><strong>Ἐπαρθεὶς</strong></span> <span class='ocrx_word' id='word_1_194' title='bbox 2961 1533 2988 1584; x_wconf 98' lang='lat'><strong>6</strong></span> <span class='ocrx_word' id='word_1_195' title='bbox 3019 1530 3268 1593; x_wconf 79' lang='grc' dir='ltr'>διάϐολος</span> <span class='ocrx_word' id='word_1_196' title='bbox 3292 1529 3513 1598; x_wconf 78' lang='grc' dir='ltr'>λέγεται</span> <span class='ocrx_word' id='word_1_197' title='bbox 3542 1546 3765 1582; x_wconf 76' lang='grc' dir='ltr'>πεπτω-ι</span> 
     </span>
    </p>
   </div>
   <div class='ocr_carea' id='block_1_30' title="bbox 2181 1619 3763 1691">
    <p class='ocr_par' dir='ltr' id='par_1_30' title="bbox 2181 1619 3763 1691">
     <span class='ocr_line' id='line_1_30' title="bbox 2181 1619 3763 1691; baseline -0.001 -18"><span class='ocrx_word' id='word_1_198' title='bbox 2181 1621 2358 1684; x_wconf 84' lang='grc' dir='ltr'>κέναι,</span> <span class='ocrx_word' id='word_1_199' title='bbox 2388 1619 2505 1674; x_wconf 85' lang='grc' dir='ltr'>εἶτα</span> <span class='ocrx_word' id='word_1_200' title='bbox 2528 1620 2668 1674; x_wconf 79' lang='grc' dir='ltr'>κατὰ</span> <span class='ocrx_word' id='word_1_201' title='bbox 2700 1620 2811 1674; x_wconf 85' lang='grc' dir='ltr'><strong>τῶν</strong></span> <span class='ocrx_word' id='word_1_202' title='bbox 2841 1619 3144 1691; x_wconf 78' lang='grc' dir='ltr'>ἀνθρώπων</span> <span class='ocrx_word' id='word_1_203' title='bbox 3167 1620 3243 1683; x_wconf 83' lang='grc' dir='ltr'><strong>ὡς</strong></span> <span class='ocrx_word' id='word_1_204' title='bbox 3273 1621 3442 1673; x_wconf 74' lang='grc' dir='ltr'>εἰκόνι</span> <span class='ocrx_word' id='word_1_205' title='bbox 3465 1620 3585 1690; x_wconf 78' lang='grc' dir='ltr'>θείᾳ</span> <span class='ocrx_word' id='word_1_206' title='bbox 3615 1638 3763 1673; x_wconf 82' lang='grc' dir='ltr'>τετι-</span> 
     </span>
    </p>
   </div>
   <div class='ocr_carea' id='block_1_31' title="bbox 2184 1708 3766 1783">
    <p class='ocr_par' dir='ltr' id='par_1_31' title="bbox 2184 1708 3766 1783">
     <span class='ocr_line' id='line_1_31' title="bbox 2184 1708 3766 1783; baseline -0.002 -17"><span class='ocrx_word' id='word_1_207' title='bbox 2184 1713 2443 1783; x_wconf 78' lang='grc' dir='ltr'>μημένων</span> <span class='ocrx_word' id='word_1_208' title='bbox 2484 1712 2773 1782; x_wconf 85' lang='grc' dir='ltr'>λυττῆσαι,</span> <span class='ocrx_word' id='word_1_209' title='bbox 2809 1712 2904 1765; x_wconf 77' lang='grc' dir='ltr'><strong>καὶ</strong></span> <span class='ocrx_word' id='word_1_210' title='bbox 2936 1712 3030 1765; x_wconf 75' lang='grc' dir='ltr'><strong>τὸν</strong></span> <span class='ocrx_word' id='word_1_211' title='bbox 3059 1710 3199 1764; x_wconf 80' lang='grc' dir='ltr'>κατὰ</span> <span class='ocrx_word' id='word_1_212' title='bbox 3250 1708 3457 1765; x_wconf 79' lang='grc' dir='ltr'>τούτων</span> <span class='ocrx_word' id='word_1_213' title='bbox 3503 1709 3766 1775; x_wconf 72' lang='grc' dir='ltr'>ἀναδέξα-</span> 
     </span>
    </p>
   </div>
   <div class='ocr_carea' id='block_1_32' title="bbox 488 1804 2065 1886">
    <p class='ocr_par' dir='ltr' id='par_1_32' title="bbox 488 1808 2065 1879">
     <span class='ocr_line' id='line_1_32' title="bbox 488 1808 2065 1879; baseline 0.002 -18"><span class='ocrx_word' id='word_1_214' title='bbox 488 1824 668 1863; x_wconf 83' lang='lat' dir='ltr'><strong>rerum</strong></span> <span class='ocrx_word' id='word_1_215' title='bbox 704 1808 955 1878; x_wconf 88' lang='lat' dir='ltr'><strong>opiﬁcem</strong></span> <span class='ocrx_word' id='word_1_216' title='bbox 995 1824 1095 1877; x_wconf 90' lang='lat' dir='ltr'><strong>per</strong></span> <span class='ocrx_word' id='word_1_217' title='bbox 1123 1808 1441 1877; x_wconf 70' lang='lat' dir='ltr'><strong>angelorum</strong></span> <span class='ocrx_word' id='word_1_218' title='bbox 1477 1808 1874 1877; x_wconf 85' lang='lat' dir='ltr'><strong>inspectionetn</strong></span> <span class='ocrx_word' id='word_1_219' title='bbox 1911 1820 2065 1879; x_wconf 88' lang='lat' dir='ltr'><strong>atquc</strong></span> 
     </span>
    </p>
   </div>
   <div class='ocr_carea' id='block_1_33' title="bbox 2172 1804 3764 1886">
    <p class='ocr_par' dir='ltr' id='par_1_33' title="bbox 2182 1804 3764 1874">
     <span class='ocr_line' id='line_1_33' title="bbox 2182 1804 3764 1874; baseline -0.002 -17"><span class='ocrx_word' id='word_1_220' title='bbox 2182 1808 2305 1859; x_wconf 89' lang='grc' dir='ltr'>σθαι</span> <span class='ocrx_word' id='word_1_221' title='bbox 2359 1805 2617 1873; x_wconf 81' lang='grc' dir='ltr'>πόλεμον.</span> <span class='ocrx_word' id='word_1_222' title='bbox 2653 1804 2844 1858; x_wconf 85' lang='grc' dir='ltr'>Ἔνθεν</span> <span class='ocrx_word' id='word_1_223' title='bbox 2886 1821 2966 1857; x_wconf 87' lang='grc' dir='ltr'><strong>τοι</strong></span> <span class='ocrx_word' id='word_1_224' title='bbox 2998 1804 3215 1857; x_wconf 78' lang='grc' dir='ltr'>καὶτὸν</span> <span class='ocrx_word' id='word_1_225' title='bbox 3267 1804 3499 1874; x_wconf 84' lang='grc' dir='ltr'>ποιητὴν</span> <span class='ocrx_word' id='word_1_226' title='bbox 3550 1806 3614 1873; x_wconf 77' lang='grc' dir='ltr'>τῇ</span> <span class='ocrx_word' id='word_1_227' title='bbox 3651 1804 3764 1854; x_wconf 81' lang='grc' dir='ltr'>τῶν</span> 
     </span>
    </p>
   </div>
   <div class='ocr_carea' id='block_1_34' title="bbox 490 1899 2069 1969">
    <p class='ocr_par' dir='ltr' id='par_1_34' title="bbox 490 1899 2069 1969">
     <span class='ocr_line' id='line_1_34' title="bbox 490 1899 2069 1969; baseline 0.003 -18"><span class='ocrx_word' id='word_1_228' title='bbox 490 1901 715 1955; x_wconf 87' lang='lat' dir='ltr'><strong>tutelam</strong></span> <span class='ocrx_word' id='word_1_229' title='bbox 746 1915 919 1969; x_wconf 90' lang='lat' dir='ltr'><strong>genus</strong></span> <span class='ocrx_word' id='word_1_230' title='bbox 951 1899 1253 1952; x_wconf 88' lang='lat' dir='ltr'><strong>humanum</strong></span> <span class='ocrx_word' id='word_1_231' title='bbox 1288 1900 1593 1965; x_wconf 87' lang='lat' dir='ltr'><strong>custodire,</strong></span> <span class='ocrx_word' id='word_1_232' title='bbox 1627 1915 1696 1953; x_wconf 92' lang='lat' dir='ltr'><strong>ne</strong></span> <span class='ocrx_word' id='word_1_233' title='bbox 1726 1914 1825 1969; x_wconf 83' lang='lat' dir='ltr'><strong>per</strong></span> <span class='ocrx_word' id='word_1_234' title='bbox 1854 1901 1962 1955; x_wconf 90' lang='lat' dir='ltr'><strong>vim</strong></span> <span class='ocrx_word' id='word_1_235' title='bbox 2007 1910 2069 1955; x_wconf 82' lang='lat' dir='ltr'><strong>ac</strong></span> 
     </span>
    </p>
   </div>
   <div class='ocr_carea' id='block_1_35' title="bbox 490 1987 2069 2060">
    <p class='ocr_par' dir='ltr' id='par_1_35' title="bbox 490 1987 2069 2060">
     <span class='ocr_line' id='line_1_35' title="bbox 490 1987 2069 2060; baseline 0.002 -20"><span class='ocrx_word' id='word_1_236' title='bbox 490 1990 834 2060; x_wconf 79' lang='lat' dir='ltr'><strong>tyrannidem</strong></span> <span class='ocrx_word' id='word_1_237' title='bbox 886 1987 1397 2057; x_wconf 83' lang='lat' dir='ltr'><strong>inadspectabiliter</strong></span> <span class='ocrx_word' id='word_1_238' title='bbox 1431 2002 1526 2042; x_wconf 81' lang='lat' dir='ltr'><strong>eos</strong></span> <span class='ocrx_word' id='word_1_239' title='bbox 1570 2002 1882 2059; x_wconf 78' lang='lat' dir='ltr'><strong>aggressus,</strong></span> <span class='ocrx_word' id='word_1_240' title='bbox 1930 2004 2069 2058; x_wconf 88' lang='lat' dir='ltr'><strong>quos</strong></span> 
     </span>
    </p>
   </div>
   <div class='ocr_carea' id='block_1_36' title="bbox 486 2077 2069 2148">
    <p class='ocr_par' dir='ltr' id='par_1_36' title="bbox 486 2077 2069 2148">
     <span class='ocr_line' id='line_1_36' title="bbox 486 2077 2069 2148; baseline 0 -16"><span class='ocrx_word' id='word_1_241' title='bbox 486 2083 603 2134; x_wconf 66' lang='lat' dir='ltr'><strong>odit</strong></span> <span class='ocrx_word' id='word_1_242' title='bbox 632 2096 695 2134; x_wconf 82' lang='lat' dir='ltr'><strong>ex</strong></span> <span class='ocrx_word' id='word_1_243' title='bbox 739 2079 966 2144; x_wconf 80' lang='lat' dir='ltr'><strong>invidia,</strong></span> <span class='ocrx_word' id='word_1_244' title='bbox 1009 2077 1144 2132; x_wconf 85' lang='lat' dir='ltr'><strong>citra</strong></span> <span class='ocrx_word' id='word_1_245' title='bbox 1171 2078 1496 2148; x_wconf 84' lang='lat' dir='ltr'><strong>cujusquam</strong></span> <span class='ocrx_word' id='word_1_246' title='bbox 1544 2089 1750 2133; x_wconf 90' lang='lat' dir='ltr'><strong>metum</strong></span> <span class='ocrx_word' id='word_1_247' title='bbox 1784 2094 1850 2134; x_wconf 86' lang='lat' dir='ltr'><strong>ac</strong></span> <span class='ocrx_word' id='word_1_248' title='bbox 1896 2080 2069 2135; x_wconf 83' lang='lat' dir='ltr'><strong>libere</strong></span> 
     </span>
    </p>
   </div>
   <div class='ocr_carea' id='block_1_37' title="bbox 490 2171 2069 2244">
    <p class='ocr_par' dir='ltr' id='par_1_37' title="bbox 490 2171 2069 2244">
     <span class='ocr_line' id='line_1_37' title="bbox 490 2171 2069 2244; baseline 0.001 -20"><span class='ocrx_word' id='word_1_249' title='bbox 490 2174 734 2244; x_wconf 66' lang='lat' dir='ltr'><strong>perdat.»</strong></span> <span class='ocrx_word' id='word_1_250' title='bbox 769 2172 901 2237; x_wconf 83' lang='lat' dir='ltr'><strong>Quae</strong></span> <span class='ocrx_word' id='word_1_251' title='bbox 932 2173 1155 2239; x_wconf 89' lang='lat' dir='ltr'><strong>quidem</strong></span> <span class='ocrx_word' id='word_1_252' title='bbox 1186 2173 1258 2225; x_wconf 89' lang='lat' dir='ltr'><strong>ita</strong></span> <span class='ocrx_word' id='word_1_253' title='bbox 1289 2186 1433 2237; x_wconf 91' lang='lat' dir='ltr'><strong>esse,</strong></span> <span class='ocrx_word' id='word_1_254' title='bbox 1488 2186 1551 2225; x_wconf 92' lang='lat' dir='ltr'><strong>ac</strong></span> <span class='ocrx_word' id='word_1_255' title='bbox 1590 2171 1780 2227; x_wconf 88' lang='lat' dir='ltr'><strong>ﬁdeles</strong></span> <span class='ocrx_word' id='word_1_256' title='bbox 1828 2173 2069 2243; x_wconf 86' lang='lat' dir='ltr'><strong>singulos</strong></span> 
     </span>
    </p>
   </div>
   <div class='ocr_carea' id='block_1_38' title="bbox 489 2258 2066 2334">
    <p class='ocr_par' dir='ltr' id='par_1_38' title="bbox 489 2258 2066 2334">
     <span class='ocr_line' id='line_1_38' title="bbox 489 2258 2066 2334; baseline -0.001 -16"><span class='ocrx_word' id='word_1_257' title='bbox 489 2267 691 2319; x_wconf 82' lang='lat' dir='ltr'><strong>habere</strong></span> <span class='ocrx_word' id='word_1_258' title='bbox 718 2265 1001 2319; x_wconf 82' lang='lat' dir='ltr'><strong>custodem</strong></span> <span class='ocrx_word' id='word_1_259' title='bbox 1037 2263 1313 2333; x_wconf 79' lang='lat' dir='ltr'><strong>angelum,</strong></span> <span class='ocrx_word' id='word_1_260' title='bbox 1347 2258 1594 2317; x_wconf 82' lang='lat' dir='ltr'><strong>etiam’in</strong></span> <span class='ocrx_word' id='word_1_261' title='bbox 1619 2263 1909 2334; x_wconf 80' lang='lat' dir='ltr'><strong>Evangelia</strong></span> <span class='ocrx_word' id='word_1_262' title='bbox 1927 2264 2066 2318; x_wconf 83' lang='lat' dir='ltr'><strong>Mat-</strong></span> 
     </span>
    </p>
   </div>
   <div class='ocr_carea' id='block_1_39' title="bbox 485 2353 2066 2426">
    <p class='ocr_par' dir='ltr' id='par_1_39' title="bbox 485 2353 2066 2426">
     <span class='ocr_line' id='line_1_39' title="bbox 485 2353 2066 2426; baseline -0.004 -12"><span class='ocrx_word' id='word_1_263' title='bbox 485 2359 613 2415; x_wconf 67' lang='lat' dir='ltr'><strong>tltaai</strong></span> <span class='ocrx_word' id='word_1_264' title='bbox 647 2359 827 2413; x_wconf 74' lang='lat' dir='ltr'><strong>verbis</strong></span> <span class='ocrx_word' id='word_1_265' title='bbox 858 2358 944 2411; x_wconf 88' lang='lat' dir='ltr'><strong>his</strong></span> <span class='ocrx_word' id='word_1_266' title='bbox 972 2356 1265 2426; x_wconf 81' lang='lat' dir='ltr'><strong>exponitur</strong></span> <span class='ocrx_word' id='word_1_267' title='bbox 1298 2371 1313 2409; x_wconf 92' lang='lat'><strong>:</strong></span> <span class='ocrx_word' id='word_1_268' title='bbox 1350 2353 1570 2409; x_wconf 71' lang='lat' dir='ltr'><strong>«Videte</strong></span> <span class='ocrx_word' id='word_1_269' title='bbox 1599 2370 1667 2409; x_wconf 87' lang='lat' dir='ltr'><strong>ne</strong></span> <span class='ocrx_word' id='word_1_270' title='bbox 1700 2357 1781 2408; x_wconf 84' lang='lat' dir='ltr'><strong>vel</strong></span> <span class='ocrx_word' id='word_1_271' title='bbox 1814 2371 1979 2408; x_wconf 90' lang='lat' dir='ltr'><strong>unum</strong></span> <span class='ocrx_word' id='word_1_272' title='bbox 2000 2371 2066 2410; x_wconf 80' lang='lat' dir='ltr'><strong>cx</strong></span> 
     </span>
    </p>
   </div>
   <div class='ocr_carea' id='block_1_40' title="bbox 484 2447 2061 2524">
    <p class='ocr_par' dir='ltr' id='par_1_40' title="bbox 484 2447 2061 2524">
     <span class='ocr_line' id='line_1_40' title="bbox 484 2447 2061 2524; baseline -0.005 -16"><span class='ocrx_word' id='word_1_273' title='bbox 484 2454 671 2524; x_wconf 64' lang='lat' dir='ltr'><strong>parvis</strong></span> <span class='ocrx_word' id='word_1_274' title='bbox 698 2452 847 2506; x_wconf 90' lang='lat' dir='ltr'><strong>hisce</strong></span> <span class='ocrx_word' id='word_1_275' title='bbox 878 2448 1244 2505; x_wconf 87' lang='lat' dir='ltr'><strong>contemnatis</strong></span> <span class='ocrx_word' id='word_1_276' title='bbox 1280 2467 1292 2502; x_wconf 91' lang='lat'><strong>:</strong></span> <span class='ocrx_word' id='word_1_277' title='bbox 1330 2463 1456 2501; x_wconf 89' lang='lat' dir='ltr'><strong>nam</strong></span> <span class='ocrx_word' id='word_1_278' title='bbox 1502 2447 1678 2518; x_wconf 82' lang='lat' dir='ltr'><strong>angeli</strong></span> <span class='ocrx_word' id='word_1_279' title='bbox 1712 2462 1898 2502; x_wconf 88' lang='lat' dir='ltr'><strong>eorum</strong></span> <span class='ocrx_word' id='word_1_280' title='bbox 1926 2461 2061 2501; x_wconf 84' lang='lat' dir='ltr'><strong>sem-</strong></span> 
     </span>
    </p>
   </div>
   <div class='ocr_carea' id='block_1_41' title="bbox 484 2538 2067 2617">
    <p class='ocr_par' dir='ltr' id='par_1_41' title="bbox 484 2538 2067 2617">
     <span class='ocr_line' id='line_1_41' title="bbox 484 2538 2067 2617; baseline -0.004 -19"><span class='ocrx_word' id='word_1_281' title='bbox 484 2562 581 2617; x_wconf 81' lang='lat' dir='ltr'><strong>per</strong></span> <span class='ocrx_word' id='word_1_282' title='bbox 604 2545 796 2599; x_wconf 83' lang='lat' dir='ltr'><strong>faciem</strong></span> <span class='ocrx_word' id='word_1_283' title='bbox 838 2542 1013 2596; x_wconf 76' lang='lat' dir='ltr'><strong>Patris</strong></span> <span class='ocrx_word' id='word_1_284' title='bbox 1047 2540 1174 2605; x_wconf 88' lang='lat' dir='ltr'><strong>mei,</strong></span> <span class='ocrx_word' id='word_1_285' title='bbox 1207 2539 1300 2609; x_wconf 89' lang='lat' dir='ltr'><strong>qui</strong></span> <span class='ocrx_word' id='word_1_286' title='bbox 1328 2540 1439 2608; x_wconf 74' lang='lat'><strong>80</strong></span> <span class='ocrx_word' id='word_1_287' title='bbox 1466 2539 1518 2591; x_wconf 90' lang='lat' dir='ltr'><strong>in</strong></span> <span class='ocrx_word' id='word_1_288' title='bbox 1578 2540 1730 2594; x_wconf 65' lang='lat' dir='ltr'><strong>caelis</strong></span> <span class='ocrx_word' id='word_1_289' title='bbox 1757 2551 1863 2605; x_wconf 89' lang='lat' dir='ltr'><strong>est,</strong></span> <span class='ocrx_word' id='word_1_290' title='bbox 1920 2538 2067 2609; x_wconf 87' lang='lat' dir='ltr'><strong>aspi-</strong></span> 
     </span>
    </p>
   </div>
   <div class='ocr_carea' id='block_1_42' title="bbox 482 2632 1968 2701">
    <p class='ocr_par' dir='ltr' id='par_1_42' title="bbox 482 2632 1968 2701">
     <span class='ocr_line' id='line_1_42' title="bbox 482 2632 1968 2701; baseline -0.005 -7"><span class='ocrx_word' id='word_1_291' title='bbox 482 2640 747 2694; x_wconf 67' lang='lat' dir='ltr'><strong>riunt”.»</strong></span> <span class='ocrx_word' id='word_1_292' title='bbox 785 2637 861 2691; x_wconf 77' lang='lat' dir='ltr'><strong>Ac</strong></span> <span class='ocrx_word' id='word_1_293' title='bbox 890 2634 958 2688; x_wconf 85' lang='lat' dir='ltr'><strong>de</strong></span> <span class='ocrx_word' id='word_1_294' title='bbox 992 2634 1076 2688; x_wconf 78' lang='lat' dir='ltr'><strong>liis</strong></span> <span class='ocrx_word' id='word_1_295' title='bbox 1113 2632 1340 2701; x_wconf 86' lang='lat' dir='ltr'><strong>quidem</strong></span> <span class='ocrx_word' id='word_1_296' title='bbox 1370 2632 1488 2686; x_wconf 70' lang='lat' dir='ltr'><strong>hate</strong></span> <span class='ocrx_word' id='word_1_297' title='bbox 1520 2632 1759 2687; x_wconf 80' lang='lat' dir='ltr'><strong>indicata</strong></span> <span class='ocrx_word' id='word_1_298' title='bbox 1788 2642 1968 2687; x_wconf 88' lang='lat' dir='ltr'><strong>sunto.</strong></span> 
     </span>
    </p>
   </div>
   <div class='ocr_carea' id='block_1_43' title="bbox 553 2810 2061 2883">
    <p class='ocr_par' dir='ltr' id='par_1_43' title="bbox 553 2810 2061 2883">
     <span class='ocr_line' id='line_1_43' title="bbox 553 2810 2061 2883; baseline -0.003 -12"><span class='ocrx_word' id='word_1_299' title='bbox 553 2818 821 2871; x_wconf 77' lang='lat' dir='ltr'><strong>Praeterea</strong></span> <span class='ocrx_word' id='word_1_300' title='bbox 864 2813 1154 2883; x_wconf 61' lang='lat' dir='ltr'><strong>quaesitum</strong></span> <span class='ocrx_word' id='word_1_301' title='bbox 1187 2827 1217 2865; x_wconf 87' lang='lat' dir='ltr'><strong>a</strong></span> <span class='ocrx_word' id='word_1_302' title='bbox 1251 2810 1530 2865; x_wconf 83' lang='lat' dir='ltr'><strong>nonnullis</strong></span> <span class='ocrx_word' id='word_1_303' title='bbox 1559 2819 1645 2865; x_wconf 77' lang='lat' dir='ltr'><strong>est</strong></span> <span class='ocrx_word' id='word_1_304' title='bbox 1679 2827 1809 2865; x_wconf 79' lang='lat' dir='ltr'><strong>nunt</strong></span> <span class='ocrx_word' id='word_1_305' title='bbox 1847 2813 1930 2868; x_wconf 69' lang='lat' dir='ltr'><strong>lite</strong></span> <span class='ocrx_word' id='word_1_306' title='bbox 1960 2828 2061 2883; x_wconf 85' lang='lat' dir='ltr'><strong>po-</strong></span> 
     </span>
    </p>
   </div>
   <div class='ocr_carea' id='block_1_44' title="bbox 478 2904 2065 2973">
    <p class='ocr_par' dir='ltr' id='par_1_44' title="bbox 478 2904 2065 2973">
     <span class='ocr_line' id='line_1_44' title="bbox 478 2904 2065 2973; baseline -0.003 -10"><span class='ocrx_word' id='word_1_307' title='bbox 478 2919 712 2965; x_wconf 84' lang='lat' dir='ltr'><strong>testates</strong></span> <span class='ocrx_word' id='word_1_308' title='bbox 744 2905 1093 2960; x_wconf 81' lang='lat' dir='ltr'><strong>intellectiles</strong></span> <span class='ocrx_word' id='word_1_309' title='bbox 1126 2915 1252 2957; x_wconf 83' lang='lat' dir='ltr'><strong>ante</strong></span> <span class='ocrx_word' id='word_1_310' title='bbox 1277 2904 1400 2958; x_wconf 86' lang='lat' dir='ltr'><strong>coeli</strong></span> <span class='ocrx_word' id='word_1_311' title='bbox 1432 2912 1701 2973; x_wconf 83' lang='lat' dir='ltr'><strong>terraeque</strong></span> <span class='ocrx_word' id='word_1_312' title='bbox 1729 2906 2065 2960; x_wconf 86' lang='lat' dir='ltr'><strong>creationem</strong></span> 
     </span>
    </p>
   </div>
   <div class='ocr_carea' id='block_1_45' title="bbox 480 2997 2064 3068">
    <p class='ocr_par' dir='ltr' id='par_1_45' title="bbox 480 2997 2064 3068">
     <span class='ocr_line' id='line_1_45' title="bbox 480 2997 2064 3068; baseline -0.003 -10"><span class='ocrx_word' id='word_1_313' title='bbox 480 3003 714 3058; x_wconf 73' lang='lat' dir='ltr'><strong>conditu:</strong></span> <span class='ocrx_word' id='word_1_314' title='bbox 740 3000 969 3064; x_wconf 83' lang='lat' dir='ltr'><strong>fuerint,</strong></span> <span class='ocrx_word' id='word_1_315' title='bbox 997 3014 1064 3052; x_wconf 92' lang='lat' dir='ltr'><strong>an</strong></span> <span class='ocrx_word' id='word_1_316' title='bbox 1096 3007 1382 3068; x_wconf 80' lang='lat' dir='ltr'><strong>postquam</strong></span> <span class='ocrx_word' id='word_1_317' title='bbox 1418 2998 1509 3051; x_wconf 85' lang='lat' dir='ltr'><strong>illa</strong></span> <span class='ocrx_word' id='word_1_318' title='bbox 1542 2998 1659 3067; x_wconf 83' lang='lat' dir='ltr'><strong>jam</strong></span> <span class='ocrx_word' id='word_1_319' title='bbox 1713 2997 1853 3053; x_wconf 80' lang='lat' dir='ltr'><strong>facta</strong></span> <span class='ocrx_word' id='word_1_320' title='bbox 1887 3009 2064 3054; x_wconf 87' lang='lat' dir='ltr'><strong>erant.</strong></span> 
     </span>
    </p>
   </div>
   <div class='ocr_carea' id='block_1_46' title="bbox 482 3086 2065 3154">
    <p class='ocr_par' dir='ltr' id='par_1_46' title="bbox 482 3086 2065 3154">
     <span class='ocr_line' id='line_1_46' title="bbox 482 3086 2065 3154; baseline 0.001 -11"><span class='ocrx_word' id='word_1_321' title='bbox 482 3093 559 3145; x_wconf 75' lang='lat' dir='ltr'><strong>Ac</strong></span> <span class='ocrx_word' id='word_1_322' title='bbox 587 3087 969 3143; x_wconf 79' lang='lat' dir='ltr'><strong>Tlicodoretus</strong></span> <span class='ocrx_word' id='word_1_323' title='bbox 1012 3086 1233 3154; x_wconf 86' lang='lat' dir='ltr'><strong>quidem</strong></span> <span class='ocrx_word' id='word_1_324' title='bbox 1286 3101 1412 3139; x_wconf 87' lang='lat' dir='ltr'><strong>eum</strong></span> <span class='ocrx_word' id='word_1_325' title='bbox 1461 3086 1748 3141; x_wconf 86' lang='lat' dir='ltr'><strong>Gennadio</strong></span> <span class='ocrx_word' id='word_1_326' title='bbox 1799 3091 2065 3144; x_wconf 90' lang='lat' dir='ltr'><strong>mundum</strong></span> 
     </span>
    </p>
   </div>
   <div class='ocr_carea' id='block_1_47' title="bbox 2178 1892 3764 1965">
    <p class='ocr_par' dir='ltr' id='par_1_47' title="bbox 2178 1892 3764 1965">
     <span class='ocr_line' id='line_1_47' title="bbox 2178 1892 3764 1965; baseline -0.001 -19"><span class='ocrx_word' id='word_1_327' title='bbox 2178 1893 2424 1962; x_wconf 78' lang='grc' dir='ltr'>ἀγγέλων</span> <span class='ocrx_word' id='word_1_328' title='bbox 2445 1893 2736 1965; x_wconf 77' lang='grc' dir='ltr'>ἐπιστασίᾳ</span> <span class='ocrx_word' id='word_1_329' title='bbox 2762 1892 2825 1947; x_wconf 78' lang='grc' dir='ltr'>τὸ</span> <span class='ocrx_word' id='word_1_330' title='bbox 2852 1892 2959 1946; x_wconf 82' lang='grc' dir='ltr'><strong>τῶν</strong></span> <span class='ocrx_word' id='word_1_331' title='bbox 2991 1893 3295 1963; x_wconf 83' lang='grc' dir='ltr'>ἀνθρώπων</span> <span class='ocrx_word' id='word_1_332' title='bbox 3326 1892 3632 1964; x_wconf 75' lang='grc' dir='ltr'>φρουρῆσαι</span> <span class='ocrx_word' id='word_1_333' title='bbox 3662 1892 3764 1959; x_wconf 81' lang='grc' dir='ltr'>γέ-</span> 
     </span>
    </p>
   </div>
   <div class='ocr_carea' id='block_1_48' title="bbox 2177 1986 3765 2057">
    <p class='ocr_par' dir='ltr' id='par_1_48' title="bbox 2177 1986 3765 2057">
     <span class='ocr_line' id='line_1_48' title="bbox 2177 1986 3765 2057; baseline 0.001 -19"><span class='ocrx_word' id='word_1_334' title='bbox 2177 2004 2286 2052; x_wconf 87' lang='grc' dir='ltr'>νος,</span> <span class='ocrx_word' id='word_1_335' title='bbox 2314 1988 2461 2050; x_wconf 78' lang='grc' dir='ltr'>ὅπως</span> <span class='ocrx_word' id='word_1_336' title='bbox 2500 1986 2576 2057; x_wconf 83' lang='grc' dir='ltr'>μὴ</span> <span class='ocrx_word' id='word_1_337' title='bbox 2607 1987 2699 2057; x_wconf 80' lang='grc' dir='ltr'>βίᾳ</span> <span class='ocrx_word' id='word_1_338' title='bbox 2740 1987 2835 2041; x_wconf 75' lang='grc' dir='ltr'><strong>καὶ</strong></span> <span class='ocrx_word' id='word_1_339' title='bbox 2868 1986 3142 2055; x_wconf 72' lang='grc' dir='ltr'>τυραννίδι</span> <span class='ocrx_word' id='word_1_340' title='bbox 3173 1986 3477 2057; x_wconf 80' lang='grc' dir='ltr'>χρώμενος,</span> <span class='ocrx_word' id='word_1_341' title='bbox 3513 1987 3765 2055; x_wconf 76' lang='grc' dir='ltr'><strong>ἀοράτως</strong></span> 
     </span>
    </p>
   </div>
   <div class='ocr_carea' id='block_1_49' title="bbox 2177 2078 3752 2149">
    <p class='ocr_par' dir='ltr' id='par_1_49' title="bbox 2177 2078 3752 2149">
     <span class='ocr_line' id='line_1_49' title="bbox 2177 2078 3752 2149; baseline -0.001 -19"><span class='ocrx_word' id='word_1_342' title='bbox 2177 2078 2368 2143; x_wconf 80' lang='grc' dir='ltr'>ἐπιὼν,</span> <span class='ocrx_word' id='word_1_343' title='bbox 2402 2079 2494 2142; x_wconf 79' lang='grc' dir='ltr'><strong>οὓς</strong></span> <span class='ocrx_word' id='word_1_344' title='bbox 2519 2080 2609 2133; x_wconf 82' lang='grc' dir='ltr'>διὰ</span> <span class='ocrx_word' id='word_1_345' title='bbox 2645 2078 2839 2147; x_wconf 80' lang='grc' dir='ltr'>φθόνον</span> <span class='ocrx_word' id='word_1_346' title='bbox 2878 2079 3159 2149; x_wconf 79' lang='grc' dir='ltr'>ἐμίσησεν,</span> <span class='ocrx_word' id='word_1_347' title='bbox 3194 2078 3365 2141; x_wconf 80' lang='grc' dir='ltr'>ἀδεῶς</span> <span class='ocrx_word' id='word_1_348' title='bbox 3394 2078 3704 2149; x_wconf 78' lang='grc' dir='ltr'>διαφθείρῃ.</span> <span class='ocrx_word' id='word_1_349' title='bbox 3733 2097 3752 2129; x_wconf 71' lang='grc' dir='ltr'><strong>ι</strong></span> 
     </span>
    </p>
   </div>
   <div class='ocr_carea' id='block_1_50' title="bbox 2176 2169 3764 2241">
    <p class='ocr_par' dir='ltr' id='par_1_50' title="bbox 2176 2169 3764 2241">
     <span class='ocr_line' id='line_1_50' title="bbox 2176 2169 3764 2241; baseline -0.001 -18"><span class='ocrx_word' id='word_1_350' title='bbox 2176 2170 2300 2223; x_wconf 82' lang='grc' dir='ltr'>Ὀτι</span> <span class='ocrx_word' id='word_1_351' title='bbox 2320 2170 2377 2223; x_wconf 85' lang='grc' dir='ltr'>δὲ</span> <span class='ocrx_word' id='word_1_352' title='bbox 2400 2170 2571 2223; x_wconf 85' lang='grc' dir='ltr'>ταῦτα</span> <span class='ocrx_word' id='word_1_353' title='bbox 2601 2170 2775 2233; x_wconf 77' lang='grc' dir='ltr'>οὕτως</span> <span class='ocrx_word' id='word_1_354' title='bbox 2822 2170 2958 2241; x_wconf 75' lang='grc' dir='ltr'>ἔχει,</span> <span class='ocrx_word' id='word_1_355' title='bbox 2988 2171 3085 2224; x_wconf 83' lang='grc' dir='ltr'>καὶ</span> <span class='ocrx_word' id='word_1_356' title='bbox 3114 2171 3197 2223; x_wconf 83' lang='grc' dir='ltr'>ὄτι</span> <span class='ocrx_word' id='word_1_357' title='bbox 3224 2169 3332 2223; x_wconf 86' lang='grc' dir='ltr'>τῶν</span> <span class='ocrx_word' id='word_1_358' title='bbox 3391 2171 3599 2224; x_wconf 81' lang='grc' dir='ltr'>πιστῶν</span> <span class='ocrx_word' id='word_1_359' title='bbox 3629 2170 3764 2223; x_wconf 75' lang='grc' dir='ltr'>ἕκα-</span> 
     </span>
    </p>
   </div>
   <div class='ocr_carea' id='block_1_51' title="bbox 2178 2262 3765 2333">
    <p class='ocr_par' dir='ltr' id='par_1_51' title="bbox 2178 2262 3765 2333">
     <span class='ocr_line' id='line_1_51' title="bbox 2178 2262 3765 2333; baseline 0.001 -18"><span class='ocrx_word' id='word_1_360' title='bbox 2178 2280 2301 2327; x_wconf 91' lang='grc' dir='ltr'>στος</span> <span class='ocrx_word' id='word_1_361' title='bbox 2331 2262 2562 2332; x_wconf 82' lang='grc' dir='ltr'>ἄγγελον</span> <span class='ocrx_word' id='word_1_362' title='bbox 2611 2262 2829 2333; x_wconf 80' lang='grc' dir='ltr'>φύλακα</span> <span class='ocrx_word' id='word_1_363' title='bbox 2877 2264 3177 2332; x_wconf 83' lang='grc' dir='ltr'>κέκτηται,</span> <span class='ocrx_word' id='word_1_364' title='bbox 3201 2264 3296 2317; x_wconf 74' lang='grc' dir='ltr'><strong>καὶ</strong></span> <span class='ocrx_word' id='word_1_365' title='bbox 3332 2263 3410 2333; x_wconf 75' lang='grc' dir='ltr'>τῷ</span> <span class='ocrx_word' id='word_1_366' title='bbox 3437 2263 3579 2316; x_wconf 84' lang='grc' dir='ltr'>κατὰ</span> <span class='ocrx_word' id='word_1_367' title='bbox 3608 2265 3765 2316; x_wconf 85' lang='grc' dir='ltr'>Ματ-</span> 
     </span>
    </p>
   </div>
   <div class='ocr_carea' id='block_1_52' title="bbox 2176 2354 3771 2427">
    <p class='ocr_par' dir='ltr' id='par_1_52' title="bbox 2176 2354 3771 2427">
     <span class='ocr_line' id='line_1_52' title="bbox 2176 2354 3771 2427; baseline 0.002 -21"><span class='ocrx_word' id='word_1_368' title='bbox 2176 2354 2326 2407; x_wconf 74' lang='grc' dir='ltr'>θατον</span> <span class='ocrx_word' id='word_1_369' title='bbox 2358 2354 2681 2424; x_wconf 71' lang='grc' dir='ltr'>[εὐαγγελίῳ</span> <span class='ocrx_word' id='word_1_370' title='bbox 2709 2354 3036 2423; x_wconf 63' lang='grc' dir='ltr'>διείληπται.</span> <span class='ocrx_word' id='word_1_371' title='bbox 3061 2356 3224 2423; x_wconf 82' lang='grc' dir='ltr'>Λέγει</span> <span class='ocrx_word' id='word_1_372' title='bbox 3250 2357 3383 2427; x_wconf 83' lang='grc' dir='ltr'>γάρ·</span> <span class='ocrx_word' id='word_1_373' title='bbox 3414 2372 3435 2407; x_wconf 76' lang='grc' dir='ltr'><strong>σ</strong></span> <span class='ocrx_word' id='word_1_374' title='bbox 3455 2356 3646 2425; x_wconf 80' lang='grc' dir='ltr'>Ὀρᾶτε</span> <span class='ocrx_word' id='word_1_375' title='bbox 3682 2355 3771 2425; x_wconf 70' lang='grc' dir='ltr'>μὴ</span> 
     </span>
    </p>
   </div>
   <div class='ocr_carea' id='block_1_53' title="bbox 2176 2443 3762 2514">
    <p class='ocr_par' dir='ltr' id='par_1_53' title="bbox 2176 2443 3762 2514">
     <span class='ocr_line' id='line_1_53' title="bbox 2176 2443 3762 2514; baseline 0.001 -19"><span class='ocrx_word' id='word_1_376' title='bbox 2176 2445 2630 2514; x_wconf 82' lang='grc' dir='ltr'>καταφρονήσητε</span> <span class='ocrx_word' id='word_1_377' title='bbox 2684 2444 2802 2506; x_wconf 67' lang='grc' dir='ltr'>ἑνδς</span> <span class='ocrx_word' id='word_1_378' title='bbox 2852 2446 2962 2496; x_wconf 79' lang='grc' dir='ltr'><strong>τῶν</strong></span> <span class='ocrx_word' id='word_1_379' title='bbox 3030 2444 3245 2513; x_wconf 82' lang='grc' dir='ltr'>μικρῶν</span> <span class='ocrx_word' id='word_1_380' title='bbox 3274 2443 3519 2497; x_wconf 78' lang='grc' dir='ltr'>τούτων·</span> <span class='ocrx_word' id='word_1_381' title='bbox 3570 2446 3617 2497; x_wconf 75' lang='lat' dir='ltr'><strong>ot</strong></span> <span class='ocrx_word' id='word_1_382' title='bbox 3648 2445 3762 2513; x_wconf 81' lang='grc' dir='ltr'><strong>γὰρ</strong></span> 
     </span>
    </p>
   </div>
   <div class='ocr_carea' id='block_1_54' title="bbox 2174 2535 3760 2606">
    <p class='ocr_par' dir='ltr' id='par_1_54' title="bbox 2174 2535 3760 2606">
     <span class='ocr_line' id='line_1_54' title="bbox 2174 2535 3760 2606; baseline 0 -19"><span class='ocrx_word' id='word_1_383' title='bbox 2174 2535 2396 2602; x_wconf 79' lang='grc' dir='ltr'>ἄγγελοι</span> <span class='ocrx_word' id='word_1_384' title='bbox 2448 2538 2630 2588; x_wconf 83' lang='grc' dir='ltr'>αὐτῶν</span> <span class='ocrx_word' id='word_1_385' title='bbox 2683 2536 2947 2605; x_wconf 80' lang='grc' dir='ltr'>διηνεκῶς</span> <span class='ocrx_word' id='word_1_386' title='bbox 2997 2536 3166 2605; x_wconf 84' lang='grc' dir='ltr'>ὁρῶσι</span> <span class='ocrx_word' id='word_1_387' title='bbox 3222 2535 3282 2588; x_wconf 84' lang='grc' dir='ltr'><strong>τὸ</strong></span> <span class='ocrx_word' id='word_1_388' title='bbox 3326 2536 3621 2606; x_wconf 77' lang='grc' dir='ltr'>πρόσω-τον</span> <span class='ocrx_word' id='word_1_389' title='bbox 3662 2536 3760 2588; x_wconf 76' lang='grc' dir='ltr'>τοῦ</span> 
     </span>
    </p>
   </div>
   <div class='ocr_carea' id='block_1_55' title="bbox 2178 2625 3760 2699">
    <p class='ocr_par' dir='ltr' id='par_1_55' title="bbox 2178 2625 3760 2699">
     <span class='ocr_line' id='line_1_55' title="bbox 2178 2625 3760 2699; baseline 0.003 -22"><span class='ocrx_word' id='word_1_390' title='bbox 2178 2625 2388 2696; x_wconf 80' lang='grc' dir='ltr'>Πατρός</span> <span class='ocrx_word' id='word_1_391' title='bbox 2414 2644 2516 2697; x_wconf 89' lang='grc' dir='ltr'><strong>μου</strong></span> <span class='ocrx_word' id='word_1_392' title='bbox 2542 2626 2637 2680; x_wconf 84' lang='grc' dir='ltr'>τοῦ</span> <span class='ocrx_word' id='word_1_393' title='bbox 2664 2629 2721 2679; x_wconf 82' lang='grc' dir='ltr'>ὲν</span> <span class='ocrx_word' id='word_1_394' title='bbox 2749 2629 3018 2699; x_wconf 79' lang='grc' dir='ltr'>οὐρανοῖς.</span> <span class='ocrx_word' id='word_1_395' title='bbox 3044 2645 3067 2679; x_wconf 73' lang='grc' dir='ltr'><strong>ι</strong></span> <span class='ocrx_word' id='word_1_396' title='bbox 3102 2628 3213 2682; x_wconf 70' lang='grc' dir='ltr'><strong>Καὶ</strong></span> <span class='ocrx_word' id='word_1_397' title='bbox 3256 2630 3386 2698; x_wconf 76' lang='grc' dir='ltr'>περὶ</span> <span class='ocrx_word' id='word_1_398' title='bbox 3417 2628 3515 2698; x_wconf 84' lang='grc' dir='ltr'><strong>μὲν</strong></span> <span class='ocrx_word' id='word_1_399' title='bbox 3553 2628 3760 2682; x_wconf 70' lang='grc' dir='ltr'>τούτων</span> 
     </span>
    </p>
   </div>
   <div class='ocr_carea' id='block_1_56' title="bbox 2174 2714 2369 2779">
    <p class='ocr_par' dir='ltr' id='par_1_56' title="bbox 2174 2714 2369 2779">
     <span class='ocr_line' id='line_1_56' title="bbox 2207 2714 2229 2731; baseline 0 -2"><span class='ocrx_word' id='word_1_400' title='bbox 2207 2714 2229 2731; x_wconf 88' lang='grc'><strong>..</strong></span> 
     </span>
     <span class='ocr_line' id='line_1_57' title="bbox 2174 2730 2369 2779; baseline 0.015 -11"><span class='ocrx_word' id='word_1_401' title='bbox 2174 2730 2369 2779; x_wconf 85' lang='grc' dir='ltr'>ουτως.</span> 
     </span>
    </p>
   </div>
   <div class='ocr_carea' id='block_1_57' title="bbox 2156 2810 3760 2885">
    <p class='ocr_par' dir='ltr' id='par_1_57' title="bbox 2156 2810 3760 2885">
     <span class='ocr_line' id='line_1_58' title="bbox 2156 2810 3760 2885; baseline 0.001 -22"><span class='ocrx_word' id='word_1_402' title='bbox 2156 2826 2157 2829; x_wconf 79' lang='lat'>‘</span> <span class='ocrx_word' id='word_1_403' title='bbox 2249 2810 2454 2864; x_wconf 61' lang='lat' dir='ltr'><strong>&quot;suae</strong></span> <span class='ocrx_word' id='word_1_404' title='bbox 2484 2812 2580 2864; x_wconf 72' lang='grc' dir='ltr'><strong>καὶ</strong></span> <span class='ocrx_word' id='word_1_405' title='bbox 2612 2810 2771 2865; x_wconf 78' lang='grc' dir='ltr'>τοῦτο</span> <span class='ocrx_word' id='word_1_406' title='bbox 2800 2811 2954 2883; x_wconf 82' lang='grc' dir='ltr'>παρά</span> <span class='ocrx_word' id='word_1_407' title='bbox 2988 2830 3137 2867; x_wconf 85' lang='grc' dir='ltr'>τισιν</span> <span class='ocrx_word' id='word_1_408' title='bbox 3171 2815 3465 2885; x_wconf 70' lang='grc' dir='ltr'>ἠπόρηται,</span> <span class='ocrx_word' id='word_1_409' title='bbox 3501 2813 3613 2866; x_wconf 77' lang='grc' dir='ltr'>εἴτε</span> <span class='ocrx_word' id='word_1_410' title='bbox 3652 2814 3760 2883; x_wconf 70' lang='grc' dir='ltr'>πρὸ</span> 
     </span>
    </p>
   </div>
   <div class='ocr_carea' id='block_1_58' title="bbox 2173 2903 3758 2977">
    <p class='ocr_par' dir='ltr' id='par_1_58' title="bbox 2173 2903 3758 2977">
     <span class='ocr_line' id='line_1_59' title="bbox 2173 2903 3758 2977; baseline 0.001 -20"><span class='ocrx_word' id='word_1_411' title='bbox 2173 2905 2271 2974; x_wconf 78' lang='grc' dir='ltr'><strong>τῆς</strong></span> <span class='ocrx_word' id='word_1_412' title='bbox 2296 2904 2634 2975; x_wconf 75' lang='grc' dir='ltr'>παραγωγῆς</span> <span class='ocrx_word' id='word_1_413' title='bbox 2662 2903 2758 2957; x_wconf 81' lang='grc' dir='ltr'>τοῦ</span> <span class='ocrx_word' id='word_1_414' title='bbox 2814 2905 3050 2977; x_wconf 83' lang='grc' dir='ltr'>οὐρανοῦ</span> <span class='ocrx_word' id='word_1_415' title='bbox 3082 2904 3178 2958; x_wconf 74' lang='grc' dir='ltr'><strong>καὶ</strong></span> <span class='ocrx_word' id='word_1_416' title='bbox 3206 2908 3304 2977; x_wconf 84' lang='grc' dir='ltr'>τῆς</span> <span class='ocrx_word' id='word_1_417' title='bbox 3338 2906 3444 2976; x_wconf 84' lang='grc' dir='ltr'>γῆς</span> <span class='ocrx_word' id='word_1_418' title='bbox 3474 2906 3583 2959; x_wconf 79' lang='grc' dir='ltr'>εἴτε</span> <span class='ocrx_word' id='word_1_419' title='bbox 3615 2905 3758 2977; x_wconf 75' lang='grc' dir='ltr'>μετά</span> 
     </span>
    </p>
   </div>
   <div class='ocr_carea' id='block_1_59' title="bbox 2175 2997 3759 3069">
    <p class='ocr_par' dir='ltr' id='par_1_59' title="bbox 2175 2997 3759 3069">
     <span class='ocr_line' id='line_1_60' title="bbox 2175 2997 3759 3069; baseline 0.001 -20"><span class='ocrx_word' id='word_1_420' title='bbox 2175 2997 2271 3066; x_wconf 80' lang='grc' dir='ltr'>τὴν</span> <span class='ocrx_word' id='word_1_421' title='bbox 2301 2998 2667 3067; x_wconf 76' lang='grc' dir='ltr'>δημιουργίαν</span> <span class='ocrx_word' id='word_1_422' title='bbox 2697 2997 2876 3051; x_wconf 83' lang='grc' dir='ltr'>αὐτῶν</span> <span class='ocrx_word' id='word_1_423' title='bbox 2905 2998 2961 3050; x_wconf 74' lang='lat' dir='ltr'><strong>at</strong></span> <span class='ocrx_word' id='word_1_424' title='bbox 2982 2999 3167 3069; x_wconf 71' lang='lat' dir='ltr'><strong>vesperi.</strong></span> <span class='ocrx_word' id='word_1_425' title='bbox 3196 2998 3453 3067; x_wconf 81' lang='grc' dir='ltr'>δυνάμεις</span> <span class='ocrx_word' id='word_1_426' title='bbox 3468 2998 3759 3068; x_wconf 81' lang='grc' dir='ltr'>παρήχθη-</span> 
     </span>
    </p>
   </div>
   <div class='ocr_carea' id='block_1_60' title="bbox 2179 3085 3760 3161">
    <p class='ocr_par' dir='ltr' id='par_1_60' title="bbox 2179 3085 3760 3161">
     <span class='ocr_line' id='line_1_61' title="bbox 2179 3085 3760 3161; baseline 0 -20"><span class='ocrx_word' id='word_1_427' title='bbox 2179 3108 2296 3143; x_wconf 86' lang='grc' dir='ltr'>σαν.</span> <span class='ocrx_word' id='word_1_428' title='bbox 2348 3089 2406 3142; x_wconf 82' lang='grc' dir='ltr'>Ὀ</span> <span class='ocrx_word' id='word_1_429' title='bbox 2442 3089 2540 3160; x_wconf 80' lang='grc' dir='ltr'>μὲν</span> <span class='ocrx_word' id='word_1_430' title='bbox 2570 3085 2663 3143; x_wconf 83' lang='grc' dir='ltr'><strong>οὖν</strong></span> <span class='ocrx_word' id='word_1_431' title='bbox 2693 3088 3064 3161; x_wconf 81' lang='grc' dir='ltr'>Θεοδώρητος,</span> <span class='ocrx_word' id='word_1_432' title='bbox 3116 3089 3205 3143; x_wconf 75' lang='grc' dir='ltr'><strong>ναὶ</strong></span> <span class='ocrx_word' id='word_1_433' title='bbox 3239 3091 3346 3160; x_wconf 83' lang='grc' dir='ltr'>μὴν</span> <span class='ocrx_word' id='word_1_434' title='bbox 3376 3094 3469 3145; x_wconf 73' lang='grc' dir='ltr'><strong>καὶ</strong></span> <span class='ocrx_word' id='word_1_435' title='bbox 3496 3092 3523 3143; x_wconf 92' lang='lat'><strong>6</strong></span> <span class='ocrx_word' id='word_1_436' title='bbox 3553 3090 3760 3142; x_wconf 77' lang='grc' dir='ltr'>Γεννά-</span> 
     </span>
    </p>
   </div>
   <div class='ocr_carea' id='block_1_61' title="bbox 481 3178 2065 3255">
    <p class='ocr_par' dir='ltr' id='par_1_61' title="bbox 481 3178 2062 3247">
     <span class='ocr_line' id='line_1_62' title="bbox 481 3178 2062 3247; baseline -0.001 -10"><span class='ocrx_word' id='word_1_437' title='bbox 481 3184 630 3237; x_wconf 86' lang='lat' dir='ltr'><strong>hunc</strong></span> <span class='ocrx_word' id='word_1_438' title='bbox 669 3182 772 3235; x_wconf 87' lang='lat' dir='ltr'><strong>sub</strong></span> <span class='ocrx_word' id='word_1_439' title='bbox 804 3181 996 3235; x_wconf 85' lang='lat' dir='ltr'><strong>oculos</strong></span> <span class='ocrx_word' id='word_1_440' title='bbox 1021 3179 1312 3233; x_wconf 90' lang='lat' dir='ltr'><strong>cadentem</strong></span> <span class='ocrx_word' id='word_1_441' title='bbox 1350 3178 1679 3247; x_wconf 89' lang='lat' dir='ltr'><strong>productum</strong></span> <span class='ocrx_word' id='word_1_442' title='bbox 1710 3194 1833 3234; x_wconf 87' lang='lat' dir='ltr'><strong>esse</strong></span> <span class='ocrx_word' id='word_1_443' title='bbox 1880 3182 1937 3235; x_wconf 91' lang='lat' dir='ltr'><strong>in</strong></span> <span class='ocrx_word' id='word_1_444' title='bbox 1971 3198 2062 3235; x_wconf 89' lang='lat' dir='ltr'><strong>or—</strong></span> 
     </span>
    </p>
   </div>
   <div class='ocr_carea' id='block_1_62' title="bbox 2172 3178 3758 3255">
    <p class='ocr_par' dir='ltr' id='par_1_62' title="bbox 2172 3182 3758 3255">
     <span class='ocr_line' id='line_1_63' title="bbox 2172 3182 3758 3255; baseline 0 -20"><span class='ocrx_word' id='word_1_445' title='bbox 2172 3182 2275 3245; x_wconf 82' lang='grc' dir='ltr'>διος</span> <span class='ocrx_word' id='word_1_446' title='bbox 2310 3184 2415 3255; x_wconf 80' lang='grc' dir='ltr'><strong>πρὸ</strong></span> <span class='ocrx_word' id='word_1_447' title='bbox 2467 3183 2577 3236; x_wconf 82' lang='grc' dir='ltr'>τῶν</span> <span class='ocrx_word' id='word_1_448' title='bbox 2608 3183 2861 3252; x_wconf 83' lang='grc' dir='ltr'>ἀοράτων</span> <span class='ocrx_word' id='word_1_449' title='bbox 2910 3182 3129 3252; x_wconf 79' lang='grc' dir='ltr'>φύσεων</span> <span class='ocrx_word' id='word_1_450' title='bbox 3182 3182 3609 3253; x_wconf 76' lang='grc' dir='ltr'>διισχυρίζονται</span> <span class='ocrx_word' id='word_1_451' title='bbox 3660 3182 3758 3235; x_wconf 73' lang='grc' dir='ltr'><strong>τὸν</strong></span> 
     </span>
    </p>
   </div>
   <div class='ocr_carea' id='block_1_63' title="bbox 486 3272 2063 3339">
    <p class='ocr_par' dir='ltr' id='par_1_63' title="bbox 486 3272 2063 3339">
     <span class='ocr_line' id='line_1_64' title="bbox 486 3272 2063 3339; baseline 0.001 -11"><span class='ocrx_word' id='word_1_452' title='bbox 486 3288 598 3328; x_wconf 89' lang='lat' dir='ltr'><strong>tum</strong></span> <span class='ocrx_word' id='word_1_453' title='bbox 638 3284 766 3328; x_wconf 89' lang='lat' dir='ltr'><strong>ante</strong></span> <span class='ocrx_word' id='word_1_454' title='bbox 803 3284 1027 3328; x_wconf 87' lang='lat' dir='ltr'><strong>naturas</strong></span> <span class='ocrx_word' id='word_1_455' title='bbox 1060 3274 1178 3325; x_wconf 84' lang='lat' dir='ltr'><strong>illas</strong></span> <span class='ocrx_word' id='word_1_456' title='bbox 1209 3272 1634 3339; x_wconf 83' lang='lat' dir='ltr'><strong>inaSpeCtabiles</strong></span> <span class='ocrx_word' id='word_1_457' title='bbox 1666 3275 1889 3331; x_wconf 84' lang='lat' dir='ltr'><strong>asserit.</strong></span> <span class='ocrx_word' id='word_1_458' title='bbox 1926 3274 2063 3329; x_wconf 84' lang='lat' dir='ltr'><strong>Nam</strong></span> 
     </span>
    </p>
   </div>
   <div class='ocr_carea' id='block_1_64' title="bbox 484 3365 2068 3437">
    <p class='ocr_par' dir='ltr' id='par_1_64' title="bbox 484 3365 2068 3437">
     <span class='ocr_line' id='line_1_65' title="bbox 484 3365 2068 3437; baseline 0.001 -17"><span class='ocrx_word' id='word_1_459' title='bbox 484 3369 611 3436; x_wconf 81' lang='lat' dir='ltr'><strong>quia</strong></span> <span class='ocrx_word' id='word_1_460' title='bbox 642 3367 806 3421; x_wconf 88' lang='lat' dir='ltr'><strong>certis</strong></span> <span class='ocrx_word' id='word_1_461' title='bbox 837 3366 1239 3434; x_wconf 87' lang='lat' dir='ltr'><strong>circumscripti</strong></span> <span class='ocrx_word' id='word_1_462' title='bbox 1265 3365 1531 3419; x_wconf 81' lang='lat' dir='ltr'><strong>limitibus</strong></span> <span class='ocrx_word' id='word_1_463' title='bbox 1559 3375 1689 3419; x_wconf 88' lang='lat' dir='ltr'><strong>sunt</strong></span> <span class='ocrx_word' id='word_1_464' title='bbox 1708 3367 1909 3437; x_wconf 85' lang='lat' dir='ltr'><strong>angeli,</strong></span> <span class='ocrx_word' id='word_1_465' title='bbox 1935 3383 2068 3423; x_wconf 90' lang='lat' dir='ltr'><strong>con-</strong></span> 
     </span>
    </p>
   </div>
   <div class='ocr_carea' id='block_1_65' title="bbox 486 3456 2067 3529">
    <p class='ocr_par' dir='ltr' id='par_1_65' title="bbox 486 3456 2067 3529">
     <span class='ocr_line' id='line_1_66' title="bbox 486 3456 2067 3529; baseline 0.001 -17"><span class='ocrx_word' id='word_1_466' title='bbox 486 3459 749 3514; x_wconf 79' lang='lat' dir='ltr'><strong>veniebat</strong></span> <span class='ocrx_word' id='word_1_467' title='bbox 784 3458 1009 3511; x_wconf 78' lang='lat' dir='ltr'><strong>cumino</strong></span> <span class='ocrx_word' id='word_1_468' title='bbox 1042 3467 1097 3510; x_wconf 90' lang='lat' dir='ltr'><strong>ut</strong></span> <span class='ocrx_word' id='word_1_469' title='bbox 1170 3457 1324 3511; x_wconf 80' lang='lat' dir='ltr'><strong>locus</strong></span> <span class='ocrx_word' id='word_1_470' title='bbox 1372 3456 1568 3525; x_wconf 88' lang='lat' dir='ltr'><strong>aliquis</strong></span> <span class='ocrx_word' id='word_1_471' title='bbox 1616 3460 1909 3514; x_wconf 77' lang='lat' dir='ltr'><strong>exsisteret</strong></span> <span class='ocrx_word' id='word_1_472' title='bbox 1956 3475 2067 3529; x_wconf 90' lang='lat' dir='ltr'><strong>quo</strong></span> 
     </span>
    </p>
   </div>
   <div class='ocr_carea' id='block_1_66' title="bbox 481 3548 2064 3620">
    <p class='ocr_par' dir='ltr' id='par_1_66' title="bbox 481 3548 2064 3620">
     <span class='ocr_line' id='line_1_67' title="bbox 481 3548 2064 3620; baseline -0.001 -13"><span class='ocrx_word' id='word_1_473' title='bbox 481 3553 917 3607; x_wconf 87' lang='lat' dir='ltr'><strong>continerentur.</strong></span> <span class='ocrx_word' id='word_1_474' title='bbox 954 3548 1153 3604; x_wconf 78' lang='lat' dir='ltr'><strong>Verum</strong></span> <span class='ocrx_word' id='word_1_475' title='bbox 1216 3549 1408 3619; x_wconf 90' lang='lat' dir='ltr'><strong>reliqui</strong></span> <span class='ocrx_word' id='word_1_476' title='bbox 1444 3550 1635 3605; x_wconf 86' lang='lat' dir='ltr'><strong>Patres</strong></span> <span class='ocrx_word' id='word_1_477' title='bbox 1694 3552 1799 3605; x_wconf 91' lang='lat' dir='ltr'><strong>hoc</strong></span> <span class='ocrx_word' id='word_1_478' title='bbox 1852 3566 2064 3620; x_wconf 49' lang='lat' dir='ltr'><strong>nequam-</strong></span> 
     </span>
    </p>
   </div>
   <div class='ocr_carea' id='block_1_67' title="bbox 478 3642 2064 3715">
    <p class='ocr_par' dir='ltr' id='par_1_67' title="bbox 478 3642 2064 3715">
     <span class='ocr_line' id='line_1_68' title="bbox 478 3642 2064 3715; baseline -0.001 -16"><span class='ocrx_word' id='word_1_479' title='bbox 478 3660 646 3715; x_wconf 88' lang='lat' dir='ltr'><strong>quam</strong></span> <span class='ocrx_word' id='word_1_480' title='bbox 675 3643 979 3697; x_wconf 83' lang='lat' dir='ltr'><strong>admittere</strong></span> <span class='ocrx_word' id='word_1_481' title='bbox 1009 3642 1283 3696; x_wconf 80' lang='lat' dir='ltr'><strong>videntur.</strong></span> <span class='ocrx_word' id='word_1_482' title='bbox 1316 3642 1455 3706; x_wconf 86' lang='lat' dir='ltr'><strong>Quid</strong></span> <span class='ocrx_word' id='word_1_483' title='bbox 1507 3657 1736 3713; x_wconf 82' lang='lat' dir='ltr'><strong>magnus</strong></span> <span class='ocrx_word' id='word_1_484' title='bbox 1785 3642 1875 3697; x_wconf 87' lang='lat' dir='ltr'><strong>ille</strong></span> <span class='ocrx_word' id='word_1_485' title='bbox 1907 3643 2064 3699; x_wconf 87' lang='lat' dir='ltr'><strong>Basi-</strong></span> 
     </span>
    </p>
   </div>
   <div class='ocr_carea' id='block_1_68' title="bbox 479 3734 2062 3803">
    <p class='ocr_par' dir='ltr' id='par_1_68' title="bbox 479 3734 2062 3803">
     <span class='ocr_line' id='line_1_69' title="bbox 479 3734 2062 3803; baseline -0.001 -12"><span class='ocrx_word' id='word_1_486' title='bbox 479 3737 605 3801; x_wconf 79' lang='lat' dir='ltr'><strong>lius,</strong></span> <span class='ocrx_word' id='word_1_487' title='bbox 636 3737 693 3790; x_wconf 91' lang='lat' dir='ltr'><strong>in</strong></span> <span class='ocrx_word' id='word_1_488' title='bbox 728 3736 869 3790; x_wconf 90' lang='lat' dir='ltr'><strong>libro</strong></span> <span class='ocrx_word' id='word_1_489' title='bbox 900 3749 999 3789; x_wconf 89' lang='lat' dir='ltr'><strong>suo</strong></span> <span class='ocrx_word' id='word_1_490' title='bbox 1030 3734 1104 3787; x_wconf 85' lang='lat' dir='ltr'><strong>De</strong></span> <span class='ocrx_word' id='word_1_491' title='bbox 1130 3734 1423 3801; x_wconf 70' lang='lat' dir='ltr'><strong>primorum</strong></span> <span class='ocrx_word' id='word_1_492' title='bbox 1457 3749 1548 3787; x_wconf 78' lang='lat' dir='ltr'><strong>sea:</strong></span> <span class='ocrx_word' id='word_1_493' title='bbox 1567 3734 1771 3787; x_wconf 78' lang='lat' dir='ltr'><strong>dierum</strong></span> <span class='ocrx_word' id='word_1_494' title='bbox 1798 3738 2062 3803; x_wconf 74' lang='lat' dir='ltr'><strong>operibus,</strong></span> 
     </span>
    </p>
   </div>
   <div class='ocr_carea' id='block_1_69' title="bbox 482 3825 2064 3892">
    <p class='ocr_par' dir='ltr' id='par_1_69' title="bbox 482 3825 2064 3892">
     <span class='ocr_line' id='line_1_70' title="bbox 482 3825 2064 3892; baseline 0.001 -10"><span class='ocrx_word' id='word_1_495' title='bbox 482 3830 650 3892; x_wconf 87' lang='lat' dir='ltr'><strong>dicat,</strong></span> <span class='ocrx_word' id='word_1_496' title='bbox 682 3827 813 3882; x_wconf 79' lang='lat' dir='ltr'><strong>audi</strong></span> <span class='ocrx_word' id='word_1_497' title='bbox 852 3843 864 3880; x_wconf 92' lang='lat'>:</span> <span class='ocrx_word' id='word_1_498' title='bbox 902 3826 1067 3879; x_wconf 68' lang='lat' dir='ltr'><strong>«Erat</strong></span> <span class='ocrx_word' id='word_1_499' title='bbox 1095 3825 1376 3890; x_wconf 82' lang='lat' dir='ltr'><strong>antiquior</strong></span> <span class='ocrx_word' id='word_1_500' title='bbox 1402 3825 1594 3879; x_wconf 89' lang='lat' dir='ltr'><strong>mundi</strong></span> <span class='ocrx_word' id='word_1_501' title='bbox 1648 3836 1773 3880; x_wconf 91' lang='lat' dir='ltr'><strong>ortu</strong></span> <span class='ocrx_word' id='word_1_502' title='bbox 1821 3827 2064 3883; x_wconf 88' lang='lat' dir='ltr'><strong>conditio</strong></span> 
     </span>
    </p>
   </div>
   <div class='ocr_carea' id='block_1_70' title="bbox 481 3918 2061 3991">
    <p class='ocr_par' dir='ltr' id='par_1_70' title="bbox 481 3918 2061 3991">
     <span class='ocr_line' id='line_1_71' title="bbox 481 3918 2061 3991; baseline -0.003 -15"><span class='ocrx_word' id='word_1_503' title='bbox 481 3921 731 3991; x_wconf 65' lang='lat' dir='ltr'><strong>quaedam</strong></span> <span class='ocrx_word' id='word_1_504' title='bbox 768 3928 822 3975; x_wconf 87' lang='lat' dir='ltr'><strong>et</strong></span> <span class='ocrx_word' id='word_1_505' title='bbox 850 3930 1049 3985; x_wconf 83' lang='lat' dir='ltr'><strong>status,</strong></span> <span class='ocrx_word' id='word_1_506' title='bbox 1087 3918 1528 3972; x_wconf 82' lang='lat' dir='ltr'><strong>ultramundanis</strong></span> <span class='ocrx_word' id='word_1_507' title='bbox 1566 3919 1670 3973; x_wconf 86' lang='lat' dir='ltr'><strong>illis</strong></span> <span class='ocrx_word' id='word_1_508' title='bbox 1699 3919 2061 3988; x_wconf 86' lang='lat' dir='ltr'><strong>potestatibus</strong></span> 
     </span>
    </p>
   </div>
   <div class='ocr_carea' id='block_1_71' title="bbox 477 4010 2059 4081">
    <p class='ocr_par' dir='ltr' id='par_1_71' title="bbox 477 4010 2059 4081">
     <span class='ocr_line' id='line_1_72' title="bbox 477 4010 2059 4081; baseline -0.001 -14"><span class='ocrx_word' id='word_1_509' title='bbox 477 4013 838 4069; x_wconf 78' lang='lat' dir='ltr'><strong>conveniens.</strong></span> <span class='ocrx_word' id='word_1_510' title='bbox 874 4012 933 4066; x_wconf 91' lang='lat' dir='ltr'><strong>in</strong></span> <span class='ocrx_word' id='word_1_511' title='bbox 965 4026 1031 4066; x_wconf 91' lang='lat' dir='ltr'><strong>eo</strong></span> <span class='ocrx_word' id='word_1_512' title='bbox 1064 4025 1249 4067; x_wconf 86' lang='lat' dir='ltr'><strong>rerum</strong></span> <span class='ocrx_word' id='word_1_513' title='bbox 1289 4011 1473 4080; x_wconf 79' lang='lat' dir='ltr'><strong>Opifex</strong></span> <span class='ocrx_word' id='word_1_514' title='bbox 1507 4010 1755 4081; x_wconf 74' lang='lat' dir='ltr'><strong>quaedam</strong></span> <span class='ocrx_word' id='word_1_515' title='bbox 1792 4011 2059 4075; x_wconf 78' lang='lat' dir='ltr'><strong>condidit,</strong></span> 
     </span>
    </p>
   </div>
   <div class='ocr_carea' id='block_1_72' title="bbox 477 4103 2062 4170">
    <p class='ocr_par' dir='ltr' id='par_1_72' title="bbox 477 4103 2062 4170">
     <span class='ocr_line' id='line_1_73' title="bbox 477 4103 2062 4170; baseline -0.002 -10"><span class='ocrx_word' id='word_1_516' title='bbox 477 4109 736 4161; x_wconf 88' lang='lat' dir='ltr'><strong>nimirum</strong></span> <span class='ocrx_word' id='word_1_517' title='bbox 760 4104 943 4160; x_wconf 87' lang='lat' dir='ltr'><strong>lucem</strong></span> <span class='ocrx_word' id='word_1_518' title='bbox 972 4104 1121 4157; x_wconf 88' lang='lat' dir='ltr'><strong>illam</strong></span> <span class='ocrx_word' id='word_1_519' title='bbox 1159 4103 1556 4168; x_wconf 83' lang='lat' dir='ltr'><strong>intellectilem,</strong></span> <span class='ocrx_word' id='word_1_520' title='bbox 1614 4103 1857 4158; x_wconf 89' lang='lat' dir='ltr'><strong>beatitati</strong></span> <span class='ocrx_word' id='word_1_521' title='bbox 1894 4119 2062 4170; x_wconf 76' lang='lat' dir='ltr'><strong>ange-</strong></span> 
     </span>
    </p>
   </div>
   <div class='ocr_carea' id='block_1_73' title="bbox 477 4194 2059 4265">
    <p class='ocr_par' dir='ltr' id='par_1_73' title="bbox 477 4194 2059 4265">
     <span class='ocr_line' id='line_1_74' title="bbox 477 4194 2059 4265; baseline 0 -16"><span class='ocrx_word' id='word_1_522' title='bbox 477 4199 654 4251; x_wconf 84' lang='lat' dir='ltr'><strong>lorum</strong></span> <span class='ocrx_word' id='word_1_523' title='bbox 687 4197 980 4250; x_wconf 85' lang='lat' dir='ltr'><strong>Dominum</strong></span> <span class='ocrx_word' id='word_1_524' title='bbox 1014 4195 1357 4265; x_wconf 74' lang='lat' dir='ltr'><strong>diligentiam</strong></span> <span class='ocrx_word' id='word_1_525' title='bbox 1389 4194 1871 4250; x_wconf 63' lang='lat' dir='ltr'><strong>convenientem.»</strong></span> <span class='ocrx_word' id='word_1_526' title='bbox 1920 4196 2059 4249; x_wconf 88' lang='lat' dir='ltr'><strong>Audi</strong></span> 
     </span>
    </p>
   </div>
   <div class='ocr_carea' id='block_1_74' title="bbox 478 4285 2060 4357">
    <p class='ocr_par' dir='ltr' id='par_1_74' title="bbox 478 4285 2060 4357">
     <span class='ocr_line' id='line_1_75' title="bbox 478 4285 2060 4357; baseline -0.001 -13"><span class='ocrx_word' id='word_1_527' title='bbox 478 4290 643 4344; x_wconf 82' lang='lat' dir='ltr'><strong>etiam</strong></span> <span class='ocrx_word' id='word_1_528' title='bbox 685 4286 818 4356; x_wconf 89' lang='lat' dir='ltr'><strong>quid</strong></span> <span class='ocrx_word' id='word_1_529' title='bbox 846 4286 1148 4356; x_wconf 87' lang='lat' dir='ltr'><strong>Gregorius</strong></span> <span class='ocrx_word' id='word_1_530' title='bbox 1181 4288 1271 4339; x_wconf 89' lang='lat' dir='ltr'><strong>ille</strong></span> <span class='ocrx_word' id='word_1_531' title='bbox 1320 4295 1686 4356; x_wconf 88' lang='lat' dir='ltr'><strong>cognomento</strong></span> <span class='ocrx_word' id='word_1_532' title='bbox 1747 4285 2060 4357; x_wconf 79' lang='lat' dir='ltr'><strong>Tlteologus</strong></span> 
     </span>
    </p>
   </div>
   <div class='ocr_carea' id='block_1_75' title="bbox 477 4365 2058 4453">
    <p class='ocr_par' dir='ltr' id='par_1_75' title="bbox 477 4365 2058 4453">
     <span class='ocr_line' id='line_1_76' title="bbox 477 4365 2058 4453; baseline 0.002 -21"><span class='ocrx_word' id='word_1_533' title='bbox 477 4379 625 4434; x_wconf 85' lang='lat' dir='ltr'><strong>dicat</strong></span> <span class='ocrx_word' id='word_1_534' title='bbox 660 4398 674 4434; x_wconf 93' lang='lat'><strong>:</strong></span> <span class='ocrx_word' id='word_1_535' title='bbox 731 4397 752 4427; x_wconf 81' lang='grc' dir='ltr'><strong>ι</strong></span> <span class='ocrx_word' id='word_1_536' title='bbox 782 4381 1026 4435; x_wconf 81' lang='lat' dir='ltr'><strong>Primum</strong></span> <span class='ocrx_word' id='word_1_537' title='bbox 1065 4365 1204 4435; x_wconf 79' lang='lat' dir='ltr'><strong>Dens</strong></span> <span class='ocrx_word' id='word_1_538' title='bbox 1238 4382 1514 4453; x_wconf 85' lang='lat' dir='ltr'><strong>angelicas</strong></span> <span class='ocrx_word' id='word_1_539' title='bbox 1548 4382 1874 4452; x_wconf 89' lang='lat' dir='ltr'><strong>divinasque</strong></span> <span class='ocrx_word' id='word_1_540' title='bbox 1906 4392 2058 4451; x_wconf 64' lang='grc' dir='ltr'>ροισι</span> 
     </span>
    </p>
   </div>
   <div class='ocr_carea' id='block_1_76' title="bbox 478 4472 2055 4542">
    <p class='ocr_par' dir='ltr' id='par_1_76' title="bbox 478 4472 2055 4542">
     <span class='ocr_line' id='line_1_77' title="bbox 478 4472 2055 4542; baseline -0.001 -17"><span class='ocrx_word' id='word_1_541' title='bbox 478 4480 647 4527; x_wconf 87' lang='lat' dir='ltr'><strong>states</strong></span> <span class='ocrx_word' id='word_1_542' title='bbox 675 4484 859 4525; x_wconf 56' lang='lat' dir='ltr'><strong>mente</strong></span> <span class='ocrx_word' id='word_1_543' title='bbox 886 4472 1143 4540; x_wconf 88' lang='lat' dir='ltr'><strong>concipit.</strong></span> <span class='ocrx_word' id='word_1_544' title='bbox 1176 4472 1251 4525; x_wconf 75' lang='lat' dir='ltr'><strong>Ea</strong></span> <span class='ocrx_word' id='word_1_545' title='bbox 1285 4472 1543 4542; x_wconf 81' lang='lat' dir='ltr'><strong>cogitatio</strong></span> <span class='ocrx_word' id='word_1_546' title='bbox 1570 4488 1695 4526; x_wconf 83' lang='lat' dir='ltr'><strong>mox</strong></span> <span class='ocrx_word' id='word_1_547' title='bbox 1723 4472 2055 4542; x_wconf 85' lang='lat' dir='ltr'><strong>opusipsum</strong></span> 
     </span>
    </p>
   </div>
   <div class='ocr_carea' id='block_1_77' title="bbox 2169 3273 3757 3345">
    <p class='ocr_par' dir='ltr' id='par_1_77' title="bbox 2169 3273 3757 3345">
     <span class='ocr_line' id='line_1_78' title="bbox 2169 3273 3757 3345; baseline -0.001 -18"><span class='ocrx_word' id='word_1_548' title='bbox 2169 3275 2365 3345; x_wconf 70' lang='grc' dir='ltr'>ἐρατὸν</span> <span class='ocrx_word' id='word_1_549' title='bbox 2394 3274 2608 3327; x_wconf 73' lang='grc' dir='ltr'>τουτονὶ</span> <span class='ocrx_word' id='word_1_550' title='bbox 2639 3274 2847 3344; x_wconf 80' lang='grc' dir='ltr'>κόσμον</span> <span class='ocrx_word' id='word_1_551' title='bbox 2882 3274 3265 3345; x_wconf 81' lang='grc' dir='ltr'>παραχθῆναι·</span> <span class='ocrx_word' id='word_1_552' title='bbox 3299 3273 3486 3344; x_wconf 74' lang='grc' dir='ltr'>ἐπειδὴ</span> <span class='ocrx_word' id='word_1_553' title='bbox 3519 3274 3627 3344; x_wconf 84' lang='grc' dir='ltr'>γὰρ</span> <span class='ocrx_word' id='word_1_554' title='bbox 3655 3290 3757 3327; x_wconf 86' lang='grc' dir='ltr'>πε-</span> 
     </span>
    </p>
   </div>
   <div class='ocr_carea' id='block_1_78' title="bbox 2172 3366 3761 3439">
    <p class='ocr_par' dir='ltr' id='par_1_78' title="bbox 2172 3366 3761 3439">
     <span class='ocr_line' id='line_1_79' title="bbox 2172 3366 3761 3439; baseline -0.001 -19"><span class='ocrx_word' id='word_1_555' title='bbox 2172 3369 2461 3439; x_wconf 76' lang='grc' dir='ltr'>ρίγραπτοί</span> <span class='ocrx_word' id='word_1_556' title='bbox 2492 3370 2632 3421; x_wconf 75' lang='grc' dir='ltr'>εἰσιν</span> <span class='ocrx_word' id='word_1_557' title='bbox 2665 3371 2712 3421; x_wconf 79' lang='grc' dir='ltr'>οἱ</span> <span class='ocrx_word' id='word_1_558' title='bbox 2747 3367 2992 3436; x_wconf 83' lang='grc' dir='ltr'>ἄγγελοι,</span> <span class='ocrx_word' id='word_1_559' title='bbox 3039 3366 3248 3438; x_wconf 72' lang='grc' dir='ltr'>ἔπρεπε</span> <span class='ocrx_word' id='word_1_560' title='bbox 3282 3368 3496 3429; x_wconf 75' lang='grc' dir='ltr'>παντως</span> <span class='ocrx_word' id='word_1_561' title='bbox 3540 3372 3633 3418; x_wconf 71' lang='grc' dir='ltr'><strong>καὶ</strong></span> <span class='ocrx_word' id='word_1_562' title='bbox 3667 3367 3761 3419; x_wconf 84' lang='grc' dir='ltr'>τό-</span> 
     </span>
    </p>
   </div>
   <div class='ocr_carea' id='block_1_79' title="bbox 2169 3457 3759 3530">
    <p class='ocr_par' dir='ltr' id='par_1_79' title="bbox 2169 3457 3759 3530">
     <span class='ocr_line' id='line_1_80' title="bbox 2169 3457 3759 3530; baseline -0.001 -17"><span class='ocrx_word' id='word_1_563' title='bbox 2169 3479 2269 3514; x_wconf 90' lang='grc' dir='ltr'><strong>πον</strong></span> <span class='ocrx_word' id='word_1_564' title='bbox 2312 3458 2449 3515; x_wconf 78' lang='grc' dir='ltr'>εἶναί</span> <span class='ocrx_word' id='word_1_565' title='bbox 2502 3478 2645 3526; x_wconf 87' lang='grc' dir='ltr'>τινα,</span> <span class='ocrx_word' id='word_1_566' title='bbox 2683 3462 2757 3525; x_wconf 85' lang='grc' dir='ltr'>ὡς</span> <span class='ocrx_word' id='word_1_567' title='bbox 2791 3457 3045 3514; x_wconf 78' lang='grc' dir='ltr'>ἐντεῦθεν</span> <span class='ocrx_word' id='word_1_568' title='bbox 3075 3461 3275 3523; x_wconf 76' lang='grc' dir='ltr'>αὐτοὺς</span> <span class='ocrx_word' id='word_1_569' title='bbox 3326 3461 3387 3512; x_wconf 82' lang='grc' dir='ltr'>ὲν</span> <span class='ocrx_word' id='word_1_570' title='bbox 3416 3460 3565 3529; x_wconf 83' lang='grc' dir='ltr'>αὐτῷ</span> <span class='ocrx_word' id='word_1_571' title='bbox 3596 3469 3759 3530; x_wconf 82' lang='grc' dir='ltr'>περι-</span> 
     </span>
    </p>
   </div>
   <div class='ocr_carea' id='block_1_80' title="bbox 2167 3552 3757 3625">
    <p class='ocr_par' dir='ltr' id='par_1_80' title="bbox 2167 3552 3757 3625">
     <span class='ocr_line' id='line_1_81' title="bbox 2167 3552 3757 3625; baseline -0.002 -19"><span class='ocrx_word' id='word_1_572' title='bbox 2167 3552 2499 3625; x_wconf 83' lang='grc' dir='ltr'>γράφεσθαι.</span> <span class='ocrx_word' id='word_1_573' title='bbox 2542 3553 2681 3606; x_wconf 81' lang='grc' dir='ltr'><strong>Ἀλλ’</strong></span> <span class='ocrx_word' id='word_1_574' title='bbox 2714 3554 2742 3606; x_wconf 88' lang='lat'><strong>6</strong></span> <span class='ocrx_word' id='word_1_575' title='bbox 2788 3553 2974 3616; x_wconf 84' lang='grc' dir='ltr'>λοιπὸς</span> <span class='ocrx_word' id='word_1_576' title='bbox 3000 3555 3110 3607; x_wconf 83' lang='grc' dir='ltr'><strong>τῶν</strong></span> <span class='ocrx_word' id='word_1_577' title='bbox 3162 3553 3421 3624; x_wconf 66' lang='grc' dir='ltr'>Πατάρων</span> <span class='ocrx_word' id='word_1_578' title='bbox 3454 3553 3757 3619; x_wconf 60' lang='grc' dir='ltr'>κατάλογος</span> 
     </span>
    </p>
   </div>
   <div class='ocr_carea' id='block_1_81' title="bbox 2167 3646 3757 3716">
    <p class='ocr_par' dir='ltr' id='par_1_81' title="bbox 2167 3646 3757 3716">
     <span class='ocr_line' id='line_1_82' title="bbox 2167 3646 3757 3716; baseline -0.003 -17"><span class='ocrx_word' id='word_1_579' title='bbox 2167 3646 2433 3714; x_wconf 78' lang='grc' dir='ltr'>οὐμενοῦν</span> <span class='ocrx_word' id='word_1_580' title='bbox 2466 3647 2597 3699; x_wconf 80' lang='grc' dir='ltr'>αὐτὸ</span> <span class='ocrx_word' id='word_1_581' title='bbox 2631 3647 3064 3716; x_wconf 84' lang='grc' dir='ltr'>καταδεχόμενος</span> <span class='ocrx_word' id='word_1_582' title='bbox 3124 3646 3403 3715; x_wconf 84' lang='grc' dir='ltr'>φαίνεται.</span> <span class='ocrx_word' id='word_1_583' title='bbox 3464 3646 3575 3699; x_wconf 75' lang='grc' dir='ltr'><strong>Καὶ</strong></span> <span class='ocrx_word' id='word_1_584' title='bbox 3605 3662 3757 3713; x_wconf 74' lang='grc' dir='ltr'>τηνι-</span> 
     </span>
    </p>
   </div>
   <div class='ocr_carea' id='block_1_82' title="bbox 2164 3738 3751 3810">
    <p class='ocr_par' dir='ltr' id='par_1_82' title="bbox 2164 3738 3751 3810">
     <span class='ocr_line' id='line_1_83' title="bbox 2164 3738 3751 3810; baseline -0.001 -19"><span class='ocrx_word' id='word_1_585' title='bbox 2164 3740 2343 3793; x_wconf 82' lang='grc' dir='ltr'>καῦτα</span> <span class='ocrx_word' id='word_1_586' title='bbox 2359 3739 2454 3793; x_wconf 81' lang='grc' dir='ltr'>τοῦ</span> <span class='ocrx_word' id='word_1_587' title='bbox 2479 3740 2715 3810; x_wconf 77' lang='grc' dir='ltr'>μεγάλου</span> <span class='ocrx_word' id='word_1_588' title='bbox 2744 3740 3032 3793; x_wconf 87' lang='grc' dir='ltr'>Βασιλείου</span> <span class='ocrx_word' id='word_1_589' title='bbox 3056 3741 3114 3793; x_wconf 78' lang='grc' dir='ltr'>ὲν</span> <span class='ocrx_word' id='word_1_590' title='bbox 3134 3743 3200 3810; x_wconf 82' lang='grc' dir='ltr'>τῇ</span> <span class='ocrx_word' id='word_1_591' title='bbox 3237 3740 3566 3810; x_wconf 82' lang='grc' dir='ltr'>Ἐξαημέρῳ</span> <span class='ocrx_word' id='word_1_592' title='bbox 3586 3738 3751 3791; x_wconf 77' lang='grc' dir='ltr'>αὐτοῦ</span> 
     </span>
    </p>
   </div>
   <div class='ocr_carea' id='block_1_83' title="bbox 2167 3828 3754 3904">
    <p class='ocr_par' dir='ltr' id='par_1_83' title="bbox 2167 3828 3754 3904">
     <span class='ocr_line' id='line_1_84' title="bbox 2167 3828 3754 3904; baseline -0.003 -17"><span class='ocrx_word' id='word_1_593' title='bbox 2167 3834 2414 3901; x_wconf 85' lang='grc' dir='ltr'>λέγοντος</span> <span class='ocrx_word' id='word_1_594' title='bbox 2436 3832 2623 3886; x_wconf 56' lang='grc' dir='ltr'>ἄκουε</span> <span class='ocrx_word' id='word_1_595' title='bbox 2651 3851 2668 3883; x_wconf 79' lang='grc' dir='ltr'><strong>ι</strong></span> <span class='ocrx_word' id='word_1_596' title='bbox 2684 3828 2791 3885; x_wconf 81' lang='grc' dir='ltr'>Ἦν</span> <span class='ocrx_word' id='word_1_597' title='bbox 2813 3850 2899 3896; x_wconf 85' lang='grc' dir='ltr'><strong>τις</strong></span> <span class='ocrx_word' id='word_1_598' title='bbox 2915 3831 3267 3904; x_wconf 73' lang='grc' dir='ltr'>πρεσϐυτέρα</span> <span class='ocrx_word' id='word_1_599' title='bbox 3286 3834 3386 3902; x_wconf 86' lang='grc' dir='ltr'>τῆς</span> <span class='ocrx_word' id='word_1_600' title='bbox 3420 3831 3515 3884; x_wconf 81' lang='grc' dir='ltr'>τοῦ</span> <span class='ocrx_word' id='word_1_601' title='bbox 3547 3833 3754 3900; x_wconf 83' lang='grc' dir='ltr'>κόσμου</span> 
     </span>
    </p>
   </div>
   <div class='ocr_carea' id='block_1_84' title="bbox 2166 3923 3757 3995">
    <p class='ocr_par' dir='ltr' id='par_1_84' title="bbox 2166 3923 3757 3995">
     <span class='ocr_line' id='line_1_85' title="bbox 2166 3923 3757 3995; baseline -0.003 -17"><span class='ocrx_word' id='word_1_602' title='bbox 2166 3925 2437 3993; x_wconf 76' lang='grc' dir='ltr'>γενέσεως</span> <span class='ocrx_word' id='word_1_603' title='bbox 2479 3923 2838 3989; x_wconf 82' lang='grc' dir='ltr'>κατάστασις,</span> <span class='ocrx_word' id='word_1_604' title='bbox 2894 3926 3012 3987; x_wconf 80' lang='grc' dir='ltr'>ταῖς</span> <span class='ocrx_word' id='word_1_605' title='bbox 3050 3924 3444 3995; x_wconf 83' lang='grc' dir='ltr'>ὐπερκοσμίοις</span> <span class='ocrx_word' id='word_1_606' title='bbox 3492 3924 3757 3992; x_wconf 78' lang='grc' dir='ltr'>δυνάμεσι</span> 
     </span>
    </p>
   </div>
   <div class='ocr_carea' id='block_1_85' title="bbox 2167 4016 3755 4090">
    <p class='ocr_par' dir='ltr' id='par_1_85' title="bbox 2167 4016 3755 4090">
     <span class='ocr_line' id='line_1_86' title="bbox 2167 4016 3755 4090; baseline -0.004 -18"><span class='ocrx_word' id='word_1_607' title='bbox 2167 4020 2477 4090; x_wconf 84' lang='grc' dir='ltr'>πρέπουσα.</span> <span class='ocrx_word' id='word_1_608' title='bbox 2512 4019 2987 4088; x_wconf 78' lang='grc' dir='ltr'>Δημιουργήματα</span> <span class='ocrx_word' id='word_1_609' title='bbox 3037 4018 3094 4070; x_wconf 78' lang='grc' dir='ltr'>δὲ</span> <span class='ocrx_word' id='word_1_610' title='bbox 3150 4020 3208 4070; x_wconf 82' lang='grc' dir='ltr'>ὲν</span> <span class='ocrx_word' id='word_1_611' title='bbox 3236 4018 3373 4088; x_wconf 79' lang='grc' dir='ltr'>αὐτῇ</span> <span class='ocrx_word' id='word_1_612' title='bbox 3424 4016 3453 4068; x_wconf 94' lang='lat'><strong>6</strong></span> <span class='ocrx_word' id='word_1_613' title='bbox 3485 4018 3594 4067; x_wconf 82' lang='grc' dir='ltr'>τῶν</span> <span class='ocrx_word' id='word_1_614' title='bbox 3619 4017 3755 4067; x_wconf 74' lang='grc' dir='ltr'>ὅλων</span> 
     </span>
    </p>
   </div>
   <div class='ocr_carea' id='block_1_86' title="bbox 2165 4108 3755 4181">
    <p class='ocr_par' dir='ltr' id='par_1_86' title="bbox 2165 4108 3755 4181">
     <span class='ocr_line' id='line_1_87' title="bbox 2165 4108 3755 4181; baseline -0.004 -19"><span class='ocrx_word' id='word_1_615' title='bbox 2165 4109 2503 4181; x_wconf 83' lang='grc' dir='ltr'>Δημιουργδς</span> <span class='ocrx_word' id='word_1_616' title='bbox 2528 4108 2825 4162; x_wconf 81' lang='grc' dir='ltr'>ἀπετέλεσε</span> <span class='ocrx_word' id='word_1_617' title='bbox 2855 4108 2970 4177; x_wconf 83' lang='grc' dir='ltr'>φῶς</span> <span class='ocrx_word' id='word_1_618' title='bbox 3000 4108 3212 4177; x_wconf 84' lang='grc' dir='ltr'>νοητὸν,</span> <span class='ocrx_word' id='word_1_619' title='bbox 3247 4109 3454 4175; x_wconf 88' lang='grc' dir='ltr'>πρέπον</span> <span class='ocrx_word' id='word_1_620' title='bbox 3475 4109 3543 4176; x_wconf 85' lang='grc' dir='ltr'>τῇ</span> <span class='ocrx_word' id='word_1_621' title='bbox 3581 4122 3755 4173; x_wconf 84' lang='grc' dir='ltr'>μακα-</span> 
     </span>
    </p>
   </div>
   <div class='ocr_carea' id='block_1_87' title="bbox 2168 4192 3757 4269">
    <p class='ocr_par' dir='ltr' id='par_1_87' title="bbox 2168 4192 3757 4269">
     <span class='ocr_line' id='line_1_88' title="bbox 2168 4192 3757 4269; baseline -0.003 -18"><span class='ocrx_word' id='word_1_622' title='bbox 2168 4201 2374 4269; x_wconf 83' lang='grc' dir='ltr'>ριότητι</span> <span class='ocrx_word' id='word_1_623' title='bbox 2403 4199 2510 4252; x_wconf 86' lang='grc' dir='ltr'><strong>τῶν</strong></span> <span class='ocrx_word' id='word_1_624' title='bbox 2536 4196 2834 4267; x_wconf 79' lang='grc' dir='ltr'>φιλούντων</span> <span class='ocrx_word' id='word_1_625' title='bbox 2868 4192 3119 4266; x_wconf 77' lang='grc' dir='ltr'>ἀγγέλων</span> <span class='ocrx_word' id='word_1_626' title='bbox 3153 4199 3247 4249; x_wconf 74' lang='grc' dir='ltr'><strong>τὸν</strong></span> <span class='ocrx_word' id='word_1_627' title='bbox 3273 4198 3495 4266; x_wconf 76' lang='grc' dir='ltr'>Κύριον.</span> <span class='ocrx_word' id='word_1_628' title='bbox 3523 4213 3546 4249; x_wconf 72' lang='grc' dir='ltr'><strong>ι</strong></span> <span class='ocrx_word' id='word_1_629' title='bbox 3593 4195 3757 4247; x_wconf 75' lang='grc' dir='ltr'><strong>Ἀλλά</strong></span> 
     </span>
    </p>
   </div>
   <div class='ocr_carea' id='block_1_88' title="bbox 2163 4285 3752 4358">
    <p class='ocr_par' dir='ltr' id='par_1_88' title="bbox 2163 4285 3752 4358">
     <span class='ocr_line' id='line_1_89' title="bbox 2163 4285 3752 4358; baseline -0.004 -16"><span class='ocrx_word' id='word_1_630' title='bbox 2163 4291 2259 4344; x_wconf 73' lang='grc' dir='ltr'><strong>καὶ</strong></span> <span class='ocrx_word' id='word_1_631' title='bbox 2288 4289 2384 4342; x_wconf 80' lang='grc' dir='ltr'>τοῦ</span> <span class='ocrx_word' id='word_1_632' title='bbox 2431 4288 2683 4358; x_wconf 74' lang='grc' dir='ltr'>θεολόγον</span> <span class='ocrx_word' id='word_1_633' title='bbox 2716 4288 3021 4357; x_wconf 81' lang='grc' dir='ltr'>Γρηγορίου</span> <span class='ocrx_word' id='word_1_634' title='bbox 3049 4288 3300 4356; x_wconf 77' lang='grc' dir='ltr'>λέγοντος</span> <span class='ocrx_word' id='word_1_635' title='bbox 3358 4285 3533 4346; x_wconf 69' lang='grc' dir='ltr'>οὕτως</span> <span class='ocrx_word' id='word_1_636' title='bbox 3564 4285 3752 4337; x_wconf 70' lang='grc' dir='ltr'>ἄκουε·</span> 
     </span>
    </p>
   </div>
   <div class='ocr_carea' id='block_1_89' title="bbox 2171 4378 3755 4453">
    <p class='ocr_par' dir='ltr' id='par_1_89' title="bbox 2171 4378 3755 4453">
     <span class='ocr_line' id='line_1_90' title="bbox 2171 4378 3755 4453; baseline -0.005 -18"><span class='ocrx_word' id='word_1_637' title='bbox 2171 4402 2189 4435; x_wconf 76' lang='grc' dir='ltr'><strong>ι</strong></span> <span class='ocrx_word' id='word_1_638' title='bbox 2226 4383 2339 4437; x_wconf 70' lang='grc' dir='ltr'><strong>Καὶ</strong></span> <span class='ocrx_word' id='word_1_639' title='bbox 2368 4381 2581 4453; x_wconf 79' lang='grc' dir='ltr'>πρῶτον</span> <span class='ocrx_word' id='word_1_640' title='bbox 2611 4380 2711 4448; x_wconf 83' lang='grc' dir='ltr'>μὲν</span> <span class='ocrx_word' id='word_1_641' title='bbox 2767 4382 2937 4432; x_wconf 66' lang='lat' dir='ltr'><strong>sweet</strong></span> <span class='ocrx_word' id='word_1_642' title='bbox 2968 4378 3065 4441; x_wconf 78' lang='grc' dir='ltr'>τὰς</span> <span class='ocrx_word' id='word_1_643' title='bbox 3114 4378 3416 4446; x_wconf 71' lang='grc' dir='ltr'>ἅγγελικὰς</span> <span class='ocrx_word' id='word_1_644' title='bbox 3467 4378 3755 4441; x_wconf 74' lang='grc' dir='ltr'>οὐρανίους</span> 
     </span>
    </p>
   </div>
   <div class='ocr_carea' id='block_1_90' title="bbox 2162 4465 3757 4542">
    <p class='ocr_par' dir='ltr' id='par_1_90' title="bbox 2162 4465 3757 4542">
     <span class='ocr_line' id='line_1_91' title="bbox 2162 4465 3757 4542; baseline -0.008 -15"><span class='ocrx_word' id='word_1_645' title='bbox 2162 4474 2441 4542; x_wconf 84' lang='grc' dir='ltr'>δυνάμεις,</span> <span class='ocrx_word' id='word_1_646' title='bbox 2471 4474 2564 4524; x_wconf 77' lang='grc' dir='ltr'>καὶ</span> <span class='ocrx_word' id='word_1_647' title='bbox 2598 4472 2657 4522; x_wconf 69' lang='grc' dir='ltr'>τὸ</span> <span class='ocrx_word' id='word_1_648' title='bbox 2710 4469 2947 4539; x_wconf 78' lang='grc' dir='ltr'>ἐννόημα</span> <span class='ocrx_word' id='word_1_649' title='bbox 3003 4468 3164 4538; x_wconf 80' lang='grc' dir='ltr'>ἔργον</span> <span class='ocrx_word' id='word_1_650' title='bbox 3193 4465 3287 4539; x_wconf 81' lang='grc' dir='ltr'><strong>ἦν,</strong></span> <span class='ocrx_word' id='word_1_651' title='bbox 3332 4469 3473 4535; x_wconf 80' lang='grc' dir='ltr'>λόγῳ</span> <span class='ocrx_word' id='word_1_652' title='bbox 3505 4468 3757 4536; x_wconf 74' lang='grc' dir='ltr'>συμπληο</span> 
     </span>
    </p>
   </div>
   <div class='ocr_carea' id='block_1_91' title="bbox 478 4547 2065 4634">
    <p class='ocr_par' dir='ltr' id='par_1_91' title="bbox 478 4564 2055 4634">
     <span class='ocr_line' id='line_1_92' title="bbox 478 4564 2055 4634; baseline -0.002 -14"><span class='ocrx_word' id='word_1_653' title='bbox 478 4574 617 4631; x_wconf 89' lang='lat' dir='ltr'><strong>erat,</strong></span> <span class='ocrx_word' id='word_1_654' title='bbox 671 4580 927 4621; x_wconf 88' lang='lat' dir='ltr'><strong>sermone</strong></span> <span class='ocrx_word' id='word_1_655' title='bbox 966 4565 1302 4632; x_wconf 82' lang='lat' dir='ltr'><strong>completum</strong></span> <span class='ocrx_word' id='word_1_656' title='bbox 1360 4579 1421 4617; x_wconf 87' lang='lat' dir='ltr'><strong>ac</strong></span> <span class='ocrx_word' id='word_1_657' title='bbox 1474 4564 1670 4633; x_wconf 90' lang='lat' dir='ltr'><strong>spiritu</strong></span> <span class='ocrx_word' id='word_1_658' title='bbox 1726 4564 2055 4634; x_wconf 82' lang='lat' dir='ltr'><strong>perfectum.</strong></span> 
     </span>
    </p>
   </div>
   <div class='ocr_carea' id='block_1_92' title="bbox 2172 4547 3757 4634">
    <p class='ocr_par' dir='ltr' id='par_1_92' title="bbox 2172 4558 3757 4634">
     <span class='ocr_line' id='line_1_93' title="bbox 2172 4558 3757 4634; baseline -0.004 -18"><span class='ocrx_word' id='word_1_659' title='bbox 2172 4564 2431 4634; x_wconf 83' lang='grc' dir='ltr'>ρούμενον</span> <span class='ocrx_word' id='word_1_660' title='bbox 2482 4563 2578 4615; x_wconf 76' lang='grc' dir='ltr'><strong>καὶ</strong></span> <span class='ocrx_word' id='word_1_661' title='bbox 2610 4561 2883 4630; x_wconf 79' lang='grc' dir='ltr'>πνεύματι</span> <span class='ocrx_word' id='word_1_662' title='bbox 2938 4559 3355 4631; x_wconf 78' lang='grc' dir='ltr'>τελειούμενον·</span> <span class='ocrx_word' id='word_1_663' title='bbox 3398 4560 3653 4627; x_wconf 72' lang='grc' dir='ltr'>δεύτερον</span> <span class='ocrx_word' id='word_1_664' title='bbox 3699 4558 3757 4611; x_wconf 73' lang='grc' dir='ltr'><strong>δὲ</strong></span> 
     </span>
    </p>
   </div>
   <div class='ocr_carea' id='block_1_93' title="bbox 480 4651 2065 4724">
    <p class='ocr_par' dir='ltr' id='par_1_93' title="bbox 480 4656 2064 4712">
     <span class='ocr_line' id='line_1_94' title="bbox 480 4656 2064 4712; baseline -0.001 0"><span class='ocrx_word' id='word_1_665' title='bbox 480 4659 734 4712; x_wconf 71' lang='lat' dir='ltr'><strong>Secundo</strong></span> <span class='ocrx_word' id='word_1_666' title='bbox 771 4657 1037 4711; x_wconf 88' lang='lat' dir='ltr'><strong>mundum</strong></span> <span class='ocrx_word' id='word_1_667' title='bbox 1068 4672 1098 4709; x_wconf 90' lang='lat' dir='ltr'><strong>e</strong></span> <span class='ocrx_word' id='word_1_668' title='bbox 1121 4656 1353 4709; x_wconf 81' lang='lat' dir='ltr'><strong>materie</strong></span> <span class='ocrx_word' id='word_1_669' title='bbox 1385 4671 1569 4710; x_wconf 87' lang='lat' dir='ltr'><strong>crassa</strong></span> <span class='ocrx_word' id='word_1_670' title='bbox 1616 4666 1961 4712; x_wconf 84' lang='lat' dir='ltr'><strong>constantem</strong></span> <span class='ocrx_word' id='word_1_671' title='bbox 2008 4672 2064 4711; x_wconf 86' lang='lat' dir='ltr'><strong>et</strong></span> 
     </span>
    </p>
   </div>
   <div class='ocr_carea' id='block_1_94' title="bbox 2172 4651 3757 4724">
    <p class='ocr_par' dir='ltr' id='par_1_94' title="bbox 2172 4651 3757 4724">
     <span class='ocr_line' id='line_1_95' title="bbox 2172 4651 3757 4724; baseline -0.004 -14"><span class='ocrx_word' id='word_1_672' title='bbox 2172 4660 2337 4710; x_wconf 78' lang='grc' dir='ltr'>ὲννοεῖ</span> <span class='ocrx_word' id='word_1_673' title='bbox 2382 4656 2587 4724; x_wconf 82' lang='grc' dir='ltr'>κόσμον</span> <span class='ocrx_word' id='word_1_674' title='bbox 2640 4656 2827 4708; x_wconf 78' lang='grc' dir='ltr'>ὑλικὸν</span> <span class='ocrx_word' id='word_1_675' title='bbox 2886 4657 2981 4708; x_wconf 74' lang='grc' dir='ltr'><strong>καὶ</strong></span> <span class='ocrx_word' id='word_1_676' title='bbox 3035 4654 3333 4724; x_wconf 80' lang='grc' dir='ltr'>ὁρώμενον.</span> <span class='ocrx_word' id='word_1_677' title='bbox 3377 4671 3398 4703; x_wconf 73' lang='grc' dir='ltr'><strong>ι</strong></span> <span class='ocrx_word' id='word_1_678' title='bbox 3463 4652 3668 4720; x_wconf 67' lang='lat' dir='ltr'><strong>&quot;Upon:</strong></span> <span class='ocrx_word' id='word_1_679' title='bbox 3700 4651 3757 4703; x_wconf 79' lang='grc' dir='ltr'>δὲ</span> 
     </span>
    </p>
   </div>
   <div class='ocr_carea' id='block_1_95' title="bbox 478 4746 2065 4819">
    <p class='ocr_par' dir='ltr' id='par_1_95' title="bbox 478 4746 2065 4819">
     <span class='ocr_line' id='line_1_96' title="bbox 478 4746 2065 4819; baseline -0.001 -17"><span class='ocrx_word' id='word_1_680' title='bbox 478 4749 871 4817; x_wconf 66' lang='grc' dir='ltr'>υςρευιεὺὶιειιι</span> <span class='ocrx_word' id='word_1_681' title='bbox 926 4748 1181 4819; x_wconf 65' lang='lat' dir='ltr'><strong>cogitat.»</strong></span> <span class='ocrx_word' id='word_1_682' title='bbox 1232 4746 1369 4800; x_wconf 91' lang='lat' dir='ltr'><strong>lluic</strong></span> <span class='ocrx_word' id='word_1_683' title='bbox 1421 4748 1729 4802; x_wconf 82' lang='lat' dir='ltr'><strong>consimilia</strong></span> <span class='ocrx_word' id='word_1_684' title='bbox 1796 4750 1958 4802; x_wconf 82' lang='lat' dir='ltr'><strong>tradit</strong></span> <span class='ocrx_word' id='word_1_685' title='bbox 2009 4757 2065 4802; x_wconf 90' lang='lat' dir='ltr'><strong>et</strong></span> 
     </span>
    </p>
   </div>
   <div class='ocr_carea' id='block_1_96' title="bbox 2172 4746 3757 4819">
    <p class='ocr_par' dir='ltr' id='par_1_96' title="bbox 2172 4746 3757 4819">
     <span class='ocr_line' id='line_1_97' title="bbox 2172 4746 3757 4819; baseline -0.003 -17"><span class='ocrx_word' id='word_1_686' title='bbox 2172 4749 2338 4819; x_wconf 75' lang='grc' dir='ltr'>τούτῳ</span> <span class='ocrx_word' id='word_1_687' title='bbox 2372 4749 2597 4812; x_wconf 75' lang='grc' dir='ltr'>διέξεισι</span> <span class='ocrx_word' id='word_1_688' title='bbox 2615 4749 2710 4800; x_wconf 68' lang='grc' dir='ltr'><strong>καὶ</strong></span> <span class='ocrx_word' id='word_1_689' title='bbox 2738 4751 2766 4801; x_wconf 91' lang='lat'><strong>6</strong></span> <span class='ocrx_word' id='word_1_690' title='bbox 2796 4748 3021 4816; x_wconf 76' lang='grc' dir='ltr'>ἀδελφὸς</span> <span class='ocrx_word' id='word_1_691' title='bbox 3049 4746 3214 4799; x_wconf 75' lang='grc' dir='ltr'>αὐτοῦ</span> <span class='ocrx_word' id='word_1_692' title='bbox 3238 4746 3560 4814; x_wconf 74' lang='grc' dir='ltr'>Καισαριος,</span> <span class='ocrx_word' id='word_1_693' title='bbox 3587 4764 3602 4795; x_wconf 77' lang='grc' dir='ltr'><strong>ι</strong></span> <span class='ocrx_word' id='word_1_694' title='bbox 3644 4746 3757 4797; x_wconf 71' lang='grc' dir='ltr'><strong>[ιά-</strong></span> 
     </span>
    </p>
   </div>
   <div class='ocr_carea' id='block_1_97' title="bbox 480 4840 2065 4910">
    <p class='ocr_par' dir='ltr' id='par_1_97' title="bbox 480 4840 2065 4910">
     <span class='ocr_line' id='line_1_98' title="bbox 480 4840 2065 4910; baseline -0.003 -14"><span class='ocrx_word' id='word_1_695' title='bbox 480 4842 650 4896; x_wconf 81' lang='lat' dir='ltr'><strong>lrater</strong></span> <span class='ocrx_word' id='word_1_696' title='bbox 681 4842 802 4910; x_wconf 77' lang='lat' dir='ltr'><strong>ejus</strong></span> <span class='ocrx_word' id='word_1_697' title='bbox 829 4840 1102 4895; x_wconf 74' lang='lat' dir='ltr'><strong>Ctesarius</strong></span> <span class='ocrx_word' id='word_1_698' title='bbox 1137 4858 1149 4893; x_wconf 89' lang='lat'><strong>:</strong></span> <span class='ocrx_word' id='word_1_699' title='bbox 1190 4858 1207 4890; x_wconf 79' lang='grc' dir='ltr'><strong>ι</strong></span> <span class='ocrx_word' id='word_1_700' title='bbox 1242 4842 1465 4903; x_wconf 90' lang='lat' dir='ltr'><strong>Omnes,</strong></span> <span class='ocrx_word' id='word_1_701' title='bbox 1528 4841 1725 4909; x_wconf 87' lang='lat' dir='ltr'><strong>inquit,</strong></span> <span class='ocrx_word' id='word_1_702' title='bbox 1757 4842 1937 4895; x_wconf 86' lang='lat' dir='ltr'><strong>carnis</strong></span> <span class='ocrx_word' id='word_1_703' title='bbox 1968 4856 2065 4894; x_wconf 76' lang='lat' dir='ltr'><strong>ex-</strong></span> 
     </span>
    </p>
   </div>
   <div class='ocr_carea' id='block_1_98' title="bbox 478 4929 2067 5001">
    <p class='ocr_par' dir='ltr' id='par_1_98' title="bbox 478 4929 2067 5001">
     <span class='ocr_line' id='line_1_99' title="bbox 478 4929 2067 5001; baseline 0 -18"><span class='ocrx_word' id='word_1_704' title='bbox 478 4940 662 5001; x_wconf 82' lang='lat' dir='ltr'><strong>pertes</strong></span> <span class='ocrx_word' id='word_1_705' title='bbox 725 4929 800 4983; x_wconf 88' lang='lat' dir='ltr'><strong>illi</strong></span> <span class='ocrx_word' id='word_1_706' title='bbox 869 4939 1044 4984; x_wconf 70' lang='lat' dir='ltr'><strong>emtus</strong></span> <span class='ocrx_word' id='word_1_707' title='bbox 1079 4932 1396 5001; x_wconf 75' lang='lat' dir='ltr'><strong>angelorum</strong></span> <span class='ocrx_word' id='word_1_708' title='bbox 1462 4932 1608 4999; x_wconf 86' lang='lat' dir='ltr'><strong>prius</strong></span> <span class='ocrx_word' id='word_1_709' title='bbox 1664 4933 1848 4997; x_wconf 88' lang='lat' dir='ltr'><strong>etiam,</strong></span> <span class='ocrx_word' id='word_1_710' title='bbox 1898 4946 2067 4999; x_wconf 87' lang='lat' dir='ltr'><strong>quam-</strong></span> 
     </span>
    </p>
   </div>
   <div class='ocr_carea' id='block_1_99' title="bbox 481 5023 2056 5093">
    <p class='ocr_par' dir='ltr' id='par_1_99' title="bbox 481 5023 2056 5093">
     <span class='ocr_line' id='line_1_100' title="bbox 481 5023 2056 5093; baseline 0 -17"><span class='ocrx_word' id='word_1_711' title='bbox 481 5023 723 5077; x_wconf 90' lang='lat' dir='ltr'><strong>mundus</strong></span> <span class='ocrx_word' id='word_1_712' title='bbox 770 5023 857 5077; x_wconf 86' lang='lat' dir='ltr'><strong>hic</strong></span> <span class='ocrx_word' id='word_1_713' title='bbox 906 5024 1165 5087; x_wconf 83' lang='lat' dir='ltr'><strong>oriretur,</strong></span> <span class='ocrx_word' id='word_1_714' title='bbox 1225 5024 1277 5076; x_wconf 93' lang='lat' dir='ltr'><strong>in</strong></span> <span class='ocrx_word' id='word_1_715' title='bbox 1310 5023 1429 5077; x_wconf 85' lang='lat' dir='ltr'><strong>luce</strong></span> <span class='ocrx_word' id='word_1_716' title='bbox 1487 5024 1811 5093; x_wconf 70' lang='lat' dir='ltr'><strong>degebant.)</strong></span> <span class='ocrx_word' id='word_1_717' title='bbox 1866 5023 2056 5077; x_wconf 86' lang='lat' dir='ltr'><strong>Itidem</strong></span> 
     </span>
    </p>
   </div>
   <div class='ocr_carea' id='block_1_100' title="bbox 478 5112 2059 5182">
    <p class='ocr_par' dir='ltr' id='par_1_100' title="bbox 478 5112 2059 5182">
     <span class='ocr_line' id='line_1_101' title="bbox 478 5112 2059 5182; baseline -0.001 -15"><span class='ocrx_word' id='word_1_718' title='bbox 478 5113 805 5167; x_wconf 82' lang='lat' dir='ltr'><strong>Anastasius</strong></span> <span class='ocrx_word' id='word_1_719' title='bbox 839 5112 1103 5177; x_wconf 71' lang='lat' dir='ltr'><strong>Sinaitcs,</strong></span> <span class='ocrx_word' id='word_1_720' title='bbox 1131 5114 1213 5167; x_wconf 87' lang='lat' dir='ltr'><strong>vir</strong></span> <span class='ocrx_word' id='word_1_721' title='bbox 1240 5113 1399 5182; x_wconf 85' lang='lat' dir='ltr'><strong>plane</strong></span> <span class='ocrx_word' id='word_1_722' title='bbox 1425 5112 1666 5175; x_wconf 82' lang='lat' dir='ltr'><strong>divinus,</strong></span> <span class='ocrx_word' id='word_1_723' title='bbox 1732 5113 1801 5165; x_wconf 82' lang='lat' dir='ltr'><strong>de</strong></span> <span class='ocrx_word' id='word_1_724' title='bbox 1831 5113 1915 5166; x_wconf 86' lang='lat' dir='ltr'><strong>his</strong></span> <span class='ocrx_word' id='word_1_725' title='bbox 1950 5113 2059 5166; x_wconf 89' lang='lat' dir='ltr'><strong>dis-</strong></span> 
     </span>
    </p>
   </div>
   <div class='ocr_carea' id='block_1_101' title="bbox 478 5204 2053 5273">
    <p class='ocr_par' dir='ltr' id='par_1_101' title="bbox 478 5204 2053 5273">
     <span class='ocr_line' id='line_1_102' title="bbox 478 5204 2053 5273; baseline -0.003 -12"><span class='ocrx_word' id='word_1_726' title='bbox 478 5206 612 5261; x_wconf 77' lang='lat' dir='ltr'><strong>serit</strong></span> <span class='ocrx_word' id='word_1_727' title='bbox 643 5225 655 5262; x_wconf 86' lang='lat'><strong>:</strong></span> <span class='ocrx_word' id='word_1_728' title='bbox 700 5207 876 5261; x_wconf 69' lang='lat' dir='ltr'><strong>«Deus</strong></span> <span class='ocrx_word' id='word_1_729' title='bbox 910 5207 1003 5261; x_wconf 86' lang='lat' dir='ltr'><strong>ille</strong></span> <span class='ocrx_word' id='word_1_730' title='bbox 1027 5215 1237 5273; x_wconf 87' lang='lat' dir='ltr'><strong>noster,</strong></span> <span class='ocrx_word' id='word_1_731' title='bbox 1276 5207 1372 5272; x_wconf 76' lang='lat' dir='ltr'><strong>ait,</strong></span> <span class='ocrx_word' id='word_1_732' title='bbox 1425 5204 1517 5273; x_wconf 90' lang='lat' dir='ltr'><strong>qui</strong></span> <span class='ocrx_word' id='word_1_733' title='bbox 1551 5219 1769 5272; x_wconf 88' lang='lat' dir='ltr'><strong>semper</strong></span> <span class='ocrx_word' id='word_1_734' title='bbox 1821 5206 2053 5269; x_wconf 80' lang='lat' dir='ltr'><strong>exsistit,</strong></span> 
     </span>
    </p>
   </div>
   <div class='ocr_carea' id='block_1_102' title="bbox 478 5296 2053 5368">
    <p class='ocr_par' dir='ltr' id='par_1_102' title="bbox 478 5296 2053 5368">
     <span class='ocr_line' id='line_1_103' title="bbox 478 5296 2053 5368; baseline -0.001 -16"><span class='ocrx_word' id='word_1_735' title='bbox 478 5307 609 5354; x_wconf 89' lang='lat' dir='ltr'><strong>ante</strong></span> <span class='ocrx_word' id='word_1_736' title='bbox 635 5300 819 5353; x_wconf 89' lang='lat' dir='ltr'><strong>omnia</strong></span> <span class='ocrx_word' id='word_1_737' title='bbox 848 5309 1028 5353; x_wconf 85' lang='lat' dir='ltr'><strong>creata</strong></span> <span class='ocrx_word' id='word_1_738' title='bbox 1086 5300 1288 5368; x_wconf 86' lang='lat' dir='ltr'><strong>cogitat</strong></span> <span class='ocrx_word' id='word_1_739' title='bbox 1338 5306 1393 5352; x_wconf 89' lang='lat' dir='ltr'><strong>et</strong></span> <span class='ocrx_word' id='word_1_740' title='bbox 1427 5296 1613 5351; x_wconf 88' lang='lat' dir='ltr'><strong>condit</strong></span> <span class='ocrx_word' id='word_1_741' title='bbox 1637 5298 1909 5367; x_wconf 85' lang='lat' dir='ltr'><strong>angelicas</strong></span> <span class='ocrx_word' id='word_1_742' title='bbox 1948 5313 2053 5351; x_wconf 72' lang='lat' dir='ltr'><strong>co:-</strong></span> 
     </span>
    </p>
   </div>
   <div class='ocr_carea' id='block_1_103' title="bbox 476 5391 2060 5463">
    <p class='ocr_par' dir='ltr' id='par_1_103' title="bbox 476 5391 2060 5463">
     <span class='ocr_line' id='line_1_104' title="bbox 476 5391 2060 5463; baseline -0.001 -18"><span class='ocrx_word' id='word_1_743' title='bbox 476 5393 747 5462; x_wconf 87' lang='lat' dir='ltr'><strong>lestcsqne</strong></span> <span class='ocrx_word' id='word_1_744' title='bbox 782 5401 1103 5463; x_wconf 84' lang='lat' dir='ltr'><strong>potestates,</strong></span> <span class='ocrx_word' id='word_1_745' title='bbox 1134 5391 1591 5460; x_wconf 85' lang='lat' dir='ltr'><strong>quemadmodum</strong></span> <span class='ocrx_word' id='word_1_746' title='bbox 1630 5393 1748 5461; x_wconf 89' lang='lat' dir='ltr'><strong>ipse</strong></span> <span class='ocrx_word' id='word_1_747' title='bbox 1773 5393 1922 5446; x_wconf 89' lang='lat' dir='ltr'><strong>solus</strong></span> <span class='ocrx_word' id='word_1_748' title='bbox 1963 5406 2060 5445; x_wconf 90' lang='lat' dir='ltr'><strong>no-</strong></span> 
     </span>
    </p>
   </div>
   <div class='ocr_carea' id='block_1_104' title="bbox 482 5482 2061 5553">
    <p class='ocr_par' dir='ltr' id='par_1_104' title="bbox 482 5482 2061 5553">
     <span class='ocr_line' id='line_1_105' title="bbox 482 5482 2061 5553; baseline -0.001 -14"><span class='ocrx_word' id='word_1_749' title='bbox 482 5486 609 5539; x_wconf 61' lang='lat' dir='ltr'><strong>vit.»</strong></span> <span class='ocrx_word' id='word_1_750' title='bbox 652 5484 856 5539; x_wconf 55' lang='lat' dir='ltr'><strong>Prteter</strong></span> <span class='ocrx_word' id='word_1_751' title='bbox 888 5485 988 5537; x_wconf 88' lang='lat' dir='ltr'><strong>hos</strong></span> <span class='ocrx_word' id='word_1_752' title='bbox 1017 5492 1072 5537; x_wconf 90' lang='lat' dir='ltr'><strong>et</strong></span> <span class='ocrx_word' id='word_1_753' title='bbox 1094 5483 1334 5538; x_wconf 76' lang='lat' dir='ltr'><strong>Severus</strong></span> <span class='ocrx_word' id='word_1_754' title='bbox 1368 5494 1421 5537; x_wconf 85' lang='lat' dir='ltr'><strong>et</strong></span> <span class='ocrx_word' id='word_1_755' title='bbox 1452 5482 1722 5538; x_wconf 85' lang='lat' dir='ltr'><strong>Diodorus</strong></span> <span class='ocrx_word' id='word_1_756' title='bbox 1748 5496 1801 5537; x_wconf 88' lang='lat' dir='ltr'><strong>et</strong></span> <span class='ocrx_word' id='word_1_757' title='bbox 1835 5498 2061 5553; x_wconf 86' lang='lat' dir='ltr'><strong>magnus</strong></span> 
     </span>
    </p>
   </div>
   <div class='ocr_carea' id='block_1_105' title="bbox 477 5575 2060 5645">
    <p class='ocr_par' dir='ltr' id='par_1_105' title="bbox 477 5575 2060 5645">
     <span class='ocr_line' id='line_1_106' title="bbox 477 5575 2060 5645; baseline 0.004 -19"><span class='ocrx_word' id='word_1_758' title='bbox 477 5576 565 5631; x_wconf 90' lang='lat' dir='ltr'><strong>ille</strong></span> <span class='ocrx_word' id='word_1_759' title='bbox 594 5575 1012 5644; x_wconf 79' lang='lat' dir='ltr'><strong>Amphilochius</strong></span> <span class='ocrx_word' id='word_1_760' title='bbox 1045 5575 1517 5645; x_wconf 83' lang='lat' dir='ltr'><strong>inaspeclabilitnn</strong></span> <span class='ocrx_word' id='word_1_761' title='bbox 1543 5586 1864 5631; x_wconf 73' lang='lat' dir='ltr'><strong>naturarum</strong></span> <span class='ocrx_word' id='word_1_762' title='bbox 1913 5592 2060 5633; x_wconf 87' lang='lat' dir='ltr'><strong>crea-</strong></span> 
     </span>
    </p>
   </div>
   <div class='ocr_carea' id='block_1_106' title="bbox 549 5724 1129 5796">
    <p class='ocr_par' dir='ltr' id='par_1_106' title="bbox 549 5724 1129 5796">
     <span class='ocr_line' id='line_1_107' title="bbox 549 5724 1129 5796; baseline 0.009 -17"><span class='ocrx_word' id='word_1_763' title='bbox 549 5728 590 5757; x_wconf 79' lang='lat'><strong>&quot;</strong></span> <span class='ocrx_word' id='word_1_764' title='bbox 627 5724 818 5781; x_wconf 72' lang='lat' dir='ltr'><strong>Matth.</strong></span> <span class='ocrx_word' id='word_1_765' title='bbox 852 5743 1005 5796; x_wconf 82' lang='lat' dir='ltr'><strong>xvm,</strong></span> <span class='ocrx_word' id='word_1_766' title='bbox 1040 5730 1129 5786; x_wconf 77' lang='grc'><strong>10.</strong></span> 
     </span>
    </p>
   </div>
   <div class='ocr_carea' id='block_1_107' title="bbox 2169 4838 3759 4911">
    <p class='ocr_par' dir='ltr' id='par_1_107' title="bbox 2169 4838 3759 4911">
     <span class='ocr_line' id='line_1_108' title="bbox 2169 4838 3759 4911; baseline -0.001 -19"><span class='ocrx_word' id='word_1_767' title='bbox 2169 4857 2279 4905; x_wconf 86' lang='grc' dir='ltr'>σαι,</span> <span class='ocrx_word' id='word_1_768' title='bbox 2298 4860 2314 4891; x_wconf 68' lang='grc' dir='ltr'><strong>ι</strong></span> <span class='ocrx_word' id='word_1_769' title='bbox 2350 4840 2547 4906; x_wconf 75' lang='grc' dir='ltr'>λέγων,</span> <span class='ocrx_word' id='word_1_770' title='bbox 2592 4860 2610 4891; x_wconf 80' lang='grc' dir='ltr'><strong>ι</strong></span> <span class='ocrx_word' id='word_1_771' title='bbox 2633 4843 2690 4893; x_wconf 80' lang='grc' dir='ltr'>ὲν</span> <span class='ocrx_word' id='word_1_772' title='bbox 2715 4846 2855 4910; x_wconf 73' lang='grc' dir='ltr'>φωτὶ</span> <span class='ocrx_word' id='word_1_773' title='bbox 2890 4842 3080 4911; x_wconf 79' lang='grc' dir='ltr'>διῆγον</span> <span class='ocrx_word' id='word_1_774' title='bbox 3108 4842 3164 4893; x_wconf 82' lang='grc' dir='ltr'>αἱ</span> <span class='ocrx_word' id='word_1_775' title='bbox 3193 4842 3422 4909; x_wconf 79' lang='grc' dir='ltr'>ἄσαρκοι</span> <span class='ocrx_word' id='word_1_776' title='bbox 3452 4840 3561 4892; x_wconf 82' lang='grc' dir='ltr'><strong>τῶν</strong></span> <span class='ocrx_word' id='word_1_777' title='bbox 3581 4838 3759 4906; x_wconf 73' lang='grc' dir='ltr'>’ἀγγέ-</span> 
     </span>
    </p>
   </div>
   <div class='ocr_carea' id='block_1_108' title="bbox 2167 4933 3755 5003">
    <p class='ocr_par' dir='ltr' id='par_1_108' title="bbox 2167 4933 3755 5003">
     <span class='ocr_line' id='line_1_109' title="bbox 2167 4933 3755 5003; baseline -0.001 -20"><span class='ocrx_word' id='word_1_778' title='bbox 2167 4933 2273 4984; x_wconf 61' lang='grc' dir='ltr'>λτον</span> <span class='ocrx_word' id='word_1_779' title='bbox 2300 4936 2510 5003; x_wconf 71' lang='grc' dir='ltr'>χορεῖαι</span> <span class='ocrx_word' id='word_1_780' title='bbox 2530 4934 2627 4985; x_wconf 70' lang='grc' dir='ltr'>καὶ</span> <span class='ocrx_word' id='word_1_781' title='bbox 2662 4934 2768 5003; x_wconf 82' lang='grc' dir='ltr'><strong>πρὸ</strong></span> <span class='ocrx_word' id='word_1_782' title='bbox 2793 4933 2886 4986; x_wconf 78' lang='grc' dir='ltr'>τοῦ</span> <span class='ocrx_word' id='word_1_783' title='bbox 2914 4933 3169 5002; x_wconf 86' lang='grc' dir='ltr'>γενέσθαι</span> <span class='ocrx_word' id='word_1_784' title='bbox 3196 4936 3286 4985; x_wconf 74' lang='grc' dir='ltr'><strong>τὸν</strong></span> <span class='ocrx_word' id='word_1_785' title='bbox 3317 4933 3545 5003; x_wconf 65' lang='grc' dir='ltr'>κόσμον.</span> <span class='ocrx_word' id='word_1_786' title='bbox 3588 4951 3608 4984; x_wconf 75' lang='grc' dir='ltr'><strong>ι</strong></span> <span class='ocrx_word' id='word_1_787' title='bbox 3649 4933 3755 4985; x_wconf 77' lang='grc' dir='ltr'>Καὶ</span> 
     </span>
    </p>
   </div>
   <div class='ocr_carea' id='block_1_109' title="bbox 2168 5026 3755 5098">
    <p class='ocr_par' dir='ltr' id='par_1_109' title="bbox 2168 5026 3755 5098">
     <span class='ocr_line' id='line_1_110' title="bbox 2168 5026 3755 5098; baseline -0.001 -20"><span class='ocrx_word' id='word_1_788' title='bbox 2168 5027 2499 5090; x_wconf 78' lang='grc' dir='ltr'>όθειότατος</span> <span class='ocrx_word' id='word_1_789' title='bbox 2563 5027 2914 5090; x_wconf 69' lang='grc' dir='ltr'>Ἀναστάσιος</span> <span class='ocrx_word' id='word_1_790' title='bbox 2965 5029 2993 5080; x_wconf 92' lang='lat'><strong>6</strong></span> <span class='ocrx_word' id='word_1_791' title='bbox 3050 5029 3305 5098; x_wconf 70' lang='grc' dir='ltr'>Σιναῖτης</span> <span class='ocrx_word' id='word_1_792' title='bbox 3363 5028 3490 5095; x_wconf 76' lang='grc' dir='ltr'>περὶ</span> <span class='ocrx_word' id='word_1_793' title='bbox 3544 5026 3755 5078; x_wconf 79' lang='grc' dir='ltr'>τούτων</span> 
     </span>
    </p>
   </div>
   <div class='ocr_carea' id='block_1_110' title="bbox 2168 5090 3754 5189">
    <p class='ocr_par' dir='ltr' id='par_1_110' title="bbox 2168 5090 3754 5189">
     <span class='ocr_line' id='line_1_111' title="bbox 2168 5090 3754 5189; baseline -0.001 -18"><span class='ocrx_word' id='word_1_794' title='bbox 2168 5118 2309 5171; x_wconf 74' lang='grc' dir='ltr'>οὕτω</span> <span class='ocrx_word' id='word_1_795' title='bbox 2348 5120 2501 5188; x_wconf 81' lang='grc' dir='ltr'>φησί·</span> <span class='ocrx_word' id='word_1_796' title='bbox 2545 5120 2705 5182; x_wconf 70' lang='grc' dir='ltr'>«Θεὸς</span> <span class='ocrx_word' id='word_1_797' title='bbox 2737 5120 2937 5189; x_wconf 63' lang='grc' dir='ltr'>ἡμῶνό</span> <span class='ocrx_word' id='word_1_798' title='bbox 2958 5120 3045 5175; x_wconf 73' lang='grc' dir='ltr'><strong>ἀεὶ</strong></span> <span class='ocrx_word' id='word_1_799' title='bbox 3072 5120 3146 5174; x_wconf 82' lang='grc' dir='ltr'>ὣν</span> <span class='ocrx_word' id='word_1_800' title='bbox 3169 5090 3275 5189; x_wconf 51' lang='grc' dir='ltr'><strong>πῖλδ</strong></span> <span class='ocrx_word' id='word_1_801' title='bbox 3307 5090 3490 5188; x_wconf 77' lang='grc' dir='ltr'>πάσης</span> <span class='ocrx_word' id='word_1_802' title='bbox 3522 5120 3754 5178; x_wconf 82' lang='grc' dir='ltr'>κτίσεως</span> 
     </span>
    </p>
   </div>
   <div class='ocr_carea' id='block_1_111' title="bbox 2167 5212 3753 5283">
    <p class='ocr_par' dir='ltr' id='par_1_111' title="bbox 2167 5212 3753 5283">
     <span class='ocr_line' id='line_1_112' title="bbox 2167 5212 3753 5283; baseline 0 -20"><span class='ocrx_word' id='word_1_803' title='bbox 2167 5213 2339 5264; x_wconf 83' lang='grc' dir='ltr'>ὲννοεῖ</span> <span class='ocrx_word' id='word_1_804' title='bbox 2369 5214 2465 5264; x_wconf 72' lang='grc' dir='ltr'>καὶ</span> <span class='ocrx_word' id='word_1_805' title='bbox 2499 5215 2645 5264; x_wconf 86' lang='grc' dir='ltr'>ποιεῖ</span> <span class='ocrx_word' id='word_1_806' title='bbox 2694 5212 3129 5281; x_wconf 73' lang='grc' dir='ltr'>τὰς’ὰγγελικὰς</span> <span class='ocrx_word' id='word_1_807' title='bbox 3190 5215 3285 5265; x_wconf 68' lang='grc' dir='ltr'><strong>καὶ</strong></span> <span class='ocrx_word' id='word_1_808' title='bbox 3322 5213 3611 5283; x_wconf 76' lang='grc' dir='ltr'>οὐρανίους</span> <span class='ocrx_word' id='word_1_809' title='bbox 3668 5212 3753 5263; x_wconf 80' lang='grc' dir='ltr'>δυο</span> 
     </span>
    </p>
   </div>
   <div class='ocr_carea' id='block_1_112' title="bbox 2168 5300 3756 5372">
    <p class='ocr_par' dir='ltr' id='par_1_112' title="bbox 2168 5300 3756 5372">
     <span class='ocr_line' id='line_1_113' title="bbox 2168 5300 3756 5372; baseline -0.001 -17"><span class='ocrx_word' id='word_1_810' title='bbox 2168 5305 2385 5372; x_wconf 75' lang='grc' dir='ltr'>νὰμεις,</span> <span class='ocrx_word' id='word_1_811' title='bbox 2417 5305 2492 5366; x_wconf 79' lang='grc' dir='ltr'><strong>ὡς</strong></span> <span class='ocrx_word' id='word_1_812' title='bbox 2528 5307 2683 5372; x_wconf 78' lang='grc' dir='ltr'>μόνος</span> <span class='ocrx_word' id='word_1_813' title='bbox 2715 5304 2875 5367; x_wconf 80' lang='grc' dir='ltr'>αὐτὸς</span> <span class='ocrx_word' id='word_1_814' title='bbox 2928 5300 3087 5359; x_wconf 75' lang='grc' dir='ltr'>οἶδεν.</span> <span class='ocrx_word' id='word_1_815' title='bbox 3114 5324 3131 5357; x_wconf 77' lang='grc' dir='ltr'><strong>ι</strong></span> <span class='ocrx_word' id='word_1_816' title='bbox 3187 5305 3345 5357; x_wconf 71' lang='grc' dir='ltr'><strong>Ἀλ).ὰ</strong></span> <span class='ocrx_word' id='word_1_817' title='bbox 3391 5306 3486 5357; x_wconf 74' lang='grc' dir='ltr'><strong>κα)⁸</strong></span> <span class='ocrx_word' id='word_1_818' title='bbox 3514 5305 3543 5355; x_wconf 89' lang='lat'><strong>6</strong></span> <span class='ocrx_word' id='word_1_819' title='bbox 3576 5303 3756 5371; x_wconf 66' lang='grc' dir='ltr'><strong>Σεὸῆι</strong></span> 
     </span>
    </p>
   </div>
   <div class='ocr_carea' id='block_1_113' title="bbox 2171 5395 3759 5467">
    <p class='ocr_par' dir='ltr' id='par_1_113' title="bbox 2171 5395 3759 5467">
     <span class='ocr_line' id='line_1_114' title="bbox 2171 5395 3759 5467; baseline -0.001 -21"><span class='ocrx_word' id='word_1_820' title='bbox 2171 5414 2284 5464; x_wconf 51' lang='grc' dir='ltr'>ρος,</span> <span class='ocrx_word' id='word_1_821' title='bbox 2311 5398 2397 5447; x_wconf 70' lang='grc' dir='ltr'>ναὶ</span> <span class='ocrx_word' id='word_1_822' title='bbox 2434 5398 2540 5467; x_wconf 82' lang='grc' dir='ltr'><strong>μὴν</strong></span> <span class='ocrx_word' id='word_1_823' title='bbox 2564 5398 2656 5448; x_wconf 70' lang='grc' dir='ltr'><strong>καὶ</strong></span> <span class='ocrx_word' id='word_1_824' title='bbox 2686 5397 2711 5447; x_wconf 86' lang='grc' dir='ltr'>ὁ</span> <span class='ocrx_word' id='word_1_825' title='bbox 2745 5397 3011 5467; x_wconf 73' lang='grc' dir='ltr'>Διόδωρος</span> <span class='ocrx_word' id='word_1_826' title='bbox 3045 5396 3208 5460; x_wconf 77' lang='grc' dir='ltr'>αὐτός</span> <span class='ocrx_word' id='word_1_827' title='bbox 3243 5414 3302 5448; x_wconf 84' lang='grc' dir='ltr'><strong>τε</strong></span> <span class='ocrx_word' id='word_1_828' title='bbox 3336 5396 3364 5448; x_wconf 93' lang='lat'><strong>6</strong></span> <span class='ocrx_word' id='word_1_829' title='bbox 3406 5395 3582 5464; x_wconf 78' lang='grc' dir='ltr'>μέγας</span> <span class='ocrx_word' id='word_1_830' title='bbox 3621 5395 3759 5463; x_wconf 82' lang='grc' dir='ltr'><strong>Ἀμ-</strong></span> 
     </span>
    </p>
   </div>
   <div class='ocr_carea' id='block_1_114' title="bbox 2171 5487 3751 5558">
    <p class='ocr_par' dir='ltr' id='par_1_114' title="bbox 2171 5487 3751 5558">
     <span class='ocr_line' id='line_1_115' title="bbox 2171 5487 3751 5558; baseline 0.001 -20"><span class='ocrx_word' id='word_1_831' title='bbox 2171 5489 2412 5557; x_wconf 49' lang='lat' dir='ltr'><strong>saepe;</strong></span> <span class='ocrx_word' id='word_1_832' title='bbox 2470 5489 2848 5558; x_wconf 57' lang='grc' dir='ltr'>πρεσϐυτέραν</span> <span class='ocrx_word' id='word_1_833' title='bbox 2910 5490 3263 5542; x_wconf 68' lang='grc' dir='ltr'>ἀποδείκνυσι</span> <span class='ocrx_word' id='word_1_834' title='bbox 3325 5487 3419 5539; x_wconf 82' lang='grc' dir='ltr'>τοῦ</span> <span class='ocrx_word' id='word_1_835' title='bbox 3459 5487 3751 5556; x_wconf 72' lang='grc' dir='ltr'>ὁρωμένου</span> 
     </span>
    </p>
   </div>
   <div class='ocr_carea' id='block_1_115' title="bbox 2173 5578 3756 5653">
    <p class='ocr_par' dir='ltr' id='par_1_115' title="bbox 2173 5578 3756 5653">
     <span class='ocr_line' id='line_1_116' title="bbox 2173 5578 3756 5653; baseline 0.001 -22"><span class='ocrx_word' id='word_1_836' title='bbox 2173 5579 2362 5631; x_wconf 66' lang='grc' dir='ltr'>τούτου</span> <span class='ocrx_word' id='word_1_837' title='bbox 2394 5578 2600 5649; x_wconf 81' lang='grc' dir='ltr'>κόσμου</span> <span class='ocrx_word' id='word_1_838' title='bbox 2651 5581 2745 5631; x_wconf 77' lang='grc' dir='ltr'><strong>καὶ</strong></span> <span class='ocrx_word' id='word_1_839' title='bbox 2780 5578 3040 5649; x_wconf 72' lang='grc' dir='ltr'>αἰσθητοῦ</span> <span class='ocrx_word' id='word_1_840' title='bbox 3090 5581 3188 5651; x_wconf 79' lang='grc' dir='ltr'>τὴν</span> <span class='ocrx_word' id='word_1_841' title='bbox 3228 5580 3335 5635; x_wconf 82' lang='grc' dir='ltr'><strong>τῶν</strong></span> <span class='ocrx_word' id='word_1_842' title='bbox 3369 5580 3620 5649; x_wconf 69' lang='grc' dir='ltr'>ἀοράτων</span> <span class='ocrx_word' id='word_1_843' title='bbox 3654 5578 3756 5653; x_wconf 80' lang='grc' dir='ltr'><strong>φύ-</strong></span> 
     </span>
    </p>
   </div>
  </div>
