4062 6186
326 258 441 323 1'11}

1607 266 2010 330 ANNALIUM
2058 268 2265 327 PARS
2286 263 2335 326 Ι.

3480 267 3587 336 1Ἰὲ

318 372 522 441 τρόπον
538 371 597 438 ἐξ
624 373 815 441 ἀνδρὸς
844 374 1007 444 μόνου
1039 380 1345 446 γενήσεται,
1378 379 1491 432 ἀῖελ’
1521 381 1584 433 ἐκ
1614 383 1907 450 συναφείας

2014 384 2209 437 deinde
2239 391 2531 451 conspecta
2562 379 2845 434 verissime
2880 381 3182 435 vaticinans
3202 380 3338 437 dixit
3370 402 3384 437 :
3417 402 3434 435 ι
3472 384 3588 440 Hoc

316 464 639 533 ἀμφοτέρου
673 467 766 519 καὶ
798 468 962 536 νόμου
988 470 1248 538 γαμικοῦ.

2019 490 2165 528 nunc
2195 474 2412 527 demum
2437 489 2498 527 os
2523 489 2589 527 ex
2618 473 2838 526 ossibus
2872 472 3007 527 meis
3041 474 3255 526 est“.r
3298 474 3431 528 Nam
3469 492 3588 530 tnu—

318 556 420 643 lier
455 557 686 614 minime
716 560 979 632 deinceps
1002 565 1197 620 eodem
1226 568 1387 622 tundo
1435 571 1659 625 exsistet
1712 586 1741 625 e
1777 571 1892 624 viro
1924 569 2064 634 solo,
2105 568 2201 623 sed
2257 584 2353 637 per
2394 569 2679 622 amborum
2722 568 3170 637 conjunctionem
3224 578 3281 623 et
3337 571 3584 643 coniugii

317 632 495 719 'egem
528 653 930 720 procreabitur.

388 743 602 797 Οὐκοῦν
633 747 917 800 ἐπιϐάλλει
956 752 983 801 6
1022 750 1152 813 Θεὸς
1177 751 1437 805 ἔκστασιν
1472 754 1547 823 τῷ
1593 755 1786 823 Ἀδὰμ,
1814 756 1907 809 καὶ

321 831 457 899 μέαν
491 834 596 886 τῶν
634 835 884 905 πλευρῶν
909 839 1075 892 αὐτοῦ
1107 840 1286 894 λαϐὼν
1313 843 1411 912 τὴν
1442 842 1588 897 Εὕαν
1607 846 1902 913 οἰκοδομεῖ.

330 922 661 991 ’.τιναγκαῖον
685 927 791 996 γὰρ
819 924 884 997 ἦν
912 930 987 998 μὴ
1014 933 1107 985 καὶ
1138 934 1237 1002 τὴν
1268 932 1411 987 Εὔαν
1441 937 1550 989 ἀπὸ
1581 936 1683 1011 γῆς
1710 939 1906 1007 προελ-

317 1013 453 1078 θεῖν,
508 1016 627 1069 ἀλλ’
658 1018 766 1078 ἀπὸ
815 1023 913 1090 τῆς
959 1022 1146 1087 οὐσίας
1175 1025 1265 1078 τοῦ
1310 1026 1503 1096 Ἀδάμ,
1542 1028 1615 1090 ὡς
1646 1029 1898 1082 ἐντεῦθεν

318 1107 545 1176 φίλτρον
578 1110 865 1181 ἐντεθῆναι
920 1118 1029 1179 τοῖς
1082 1117 1390 1185 ὁμοζύγοις.
1459 1120 1771 1174 Ἑπιὸάλλει
1806 1120 1900 1174 οῦν

317 1200 602 1265 ἔκστασιν,
636 1204 754 1273 ήτοι
784 1207 955 1275 κάρον
983 1208 1225 1276 ἐντίθησι
1252 1210 1329 1278 τῷ
1370 1210 1562 1281 Ἀδὰμ,
1596 1214 1669 1276 ὡς
1707 1214 1781 1284 μὴ
1805 1215 1901 1267 λα-

314 1287 433 1339 ϐεῖν
489 1290 685 1360 ὀδύνης
740 1293 996 1364 αἴσθησιν
1051 1298 1108 1348 ὲν
1141 1301 1205 1368 τῇ
1259 1298 1553 1368 ἀφαιρέσει
1598 1301 1698 1369 τῆς
1733 1303 1901 1356 πλευο

320 1382 444 1448 ρᾶς,
509 1383 583 1445 ὡς
630 1386 657 1436 6
697 1387 934 1456 χρυσοῦς
962 1389 1061 1458 τὴν
1093 1391 1342 1458 γλῶττάν
1378 1409 1531 1463 φησι,
1607 1395 1904 1449 κάντεῦθεν

314 1471 606 1542 ἐχθρωδῶς
659 1476 960 1531 διακεῖσθαι
1018 1480 1155 1549 πρὸς
1187 1482 1284 1552 τὴν
1343 1484 1631 1553 ὀμόζυγον.
1712 1486 1904 1555 ’Διραι-

318 1568 493 1631 ρείται
518 1568 651 1635 γοῦν
688 1570 820 1639 μίαν
848 1574 957 1624 τῶν
986 1574 1238 1643 πλευρῶν
1271 1575 1457 1639 αὐτοῦ,
1499 1580 1593 1631 καὶ
1627 1580 1906 1648 οἰκοδομεῖ

314 1655 417 1724 τὴν
450 1661 710 1724 γυναῖκα,
759 1662 852 1714 καὶ
900 1664 1255 1733 ἀνεπλήρωσε
1312 1668 1493 1737 σάρκα
1528 1669 1647 1725 ἀντ’
1702 1671 1897 1740 αὐτῆς.

315 1747 478 1810 Τίνος
520 1749 615 1804 οὖν
645 1751 833 1818 ἕνεκεν
877 1756 1270 1827 ἀνεπλήρωσεν
1299 1778 1312 1823 ;
1346 1759 1465 1812 Ἵνα
1513 1760 1587 1832 μὴ
1620 1764 1717 1833 ἔχῃ
1756 1764 1896 1833 μετά

315 1837 420 1909 τὴν
440 1840 533 1892 τοῦ
565 1840 735 1901 ὕπνου
793 1846 1115 1916 ἀπαλλαγὴν
1152 1852 1216 1901 ἐκ
1263 1836 1369 1902 τοῦ⁷
1390 1850 1668 1916 λείποντος
1703 1855 1902 1907 claei.

316 1931 509 1984 νεσθαι
544 1934 636 1986 τοῦ
673 1938 954 2003 γεγονότος
975 1957 990 1972 ο
1031 1943 1079 2000 ει
1110 1940 1218 2011 γὰρ
1248 1944 1304 1995 ἐν
1337 1943 1414 2015 τῷ
1443 1945 1541 2015 τῆς
1563 1947 1903 2016 ἀφαιρέσεως

318 2024 499 2092 καιρῷ
532 2027 826 2097 ἠγνόησεν,
852 2030 965 2082 ἀλλ’
1000 2033 1151 2101 ὅμως
1179 2033 1375 2102 ἔμελλε
1411 2040 1550 2105 μετὰ
1583 2036 1756 2094 ταῦτα
1786 2042 1905 2093 ἐπι-

318 2118 613 2183 γινώσκειν
645 2123 707 2174 τὸ
740 2128 996 2190 γεγονός’
1033 2130 1116 2194 ἐφ’
1167 2123 1210 2196 ᾧ
1252 2131 1341 2185 διὰ
1399 2133 1599 2201 σαρκὸς
1660 2136 1755 2204 τὴν
1806 2138 1903 2206 τῆς

321 2210 566 2279 πλευρᾶς
595 2215 982 2287 ἀνεπλήρωσεν
1026 2222 1282 2293 ἔλλειψιν.

397 2319 418 2351 ι
456 2303 566 2356 Καὶ
598 2301 755 2357 εἶπεν
782 2310 810 2360 6
861 2311 1016 2375 Θεὸς,
1069 2314 1376 2380 Λῦξάνεσθε
1410 2321 1505 2374 καὶ
1541 2322 1900 2391 πληθύνεσθε,

320 2392 417 2443 καὶ
449 2394 780 2465 πληρώσατε
822 2401 923 2470 τήν
975 2406 1097 2474 γῆν.
1148 2425 1166 2458 ι
1232 2408 1323 2477 Τῷ
1359 2412 1585 2482 μεγάλῳ
1640 2415 1905 2486 Βασιλείῳ

322 2490 665 2554 προσεκτέον
720 2494 1019 2549 κάνταῦθα.
1054 2498 1192 2568 Φησὶ
1226 2503 1335 2571 γὰρ
1365 2503 1447 2556 ὅτι
1490 2505 1651 2575 διπλῆ
1680 2509 1710 2578 ή
1740 2507 1905 2579 αὔξη-

323 2594 435 2641 σις,
470 2582 502 2651 ἡ
534 2581 637 2650 μὲν
667 2584 935 2654 σώματος,
962 2590 994 2659 ἡ
1017 2589 1072 2642 δὲ
1106 2591 1285 2662 ψυχῆς
1306 2610 1319 2624 ο
1356 2596 1470 2649 ἀλλ’
1500 2599 1530 2666 ἠ
1566 2600 1665 2667 μὲν
1689 2600 1782 2653 τοῦ
1807 2601 1910 2654 σώ-

324 2686 496 2761 ματος
531 2672 761 2740 αὔξησις
787 2676 819 2744 ἡ
853 2676 959 2729 ἀπὸ
986 2678 1079 2731 τοῦ
1109 2682 1307 2751 μικροῦ
1340 2685 1423 2748 εἰς
1459 2687 1519 2739 τὸ
1546 2687 1785 2758 καθῆκον
1815 2694 1910 2761 μέ-

323 2760 485 2828 γεθος
520 2765 985 2833 ἀποκατάστασις,
1020 2772 1053 2841 ἡ
1105 2772 1162 2824 δὲ
1194 2774 1291 2843 τῆς
1337 2774 1518 2846 ψυχῆς
1548 2777 1776 2850 αὔξησις
1818 2760 1909 2837 διὰ

324 2856 439 2905 τῶν
471 2858 816 2926 μαθημάτων
866 2864 1335 2930 προσεπιγίνεται.
1384 2868 1544 2921 Ἀλλά
1580 2871 1672 2923 καὶ
1703 2873 1731 2925 6
1779 2890 1911 2942 χρυ-

326 2950 627 3019 σορῥήμων
645 2952 897 3019 Ἰωάννης
927 2957 1053 3026 περὶ
1070 2956 1245 3027 ψυχῆς
1277 2958 1419 3012 οὕτω
1444 2962 1633 3032 φησὶν,
1664 2964 1744 3016 ὃτι
1764 2964 1910 3033 ἅπαξ

2082 756 2194 812 lloc
2225 770 2384 827 pacto
2410 757 2722 824 consomvit
2760 756 3029 811 Adamum
3066 757 3230 822 Deus,
3259 767 3589 829 sumptaque

2007 859 2154 904 costa
2184 850 2357 919 ipsius
2396 856 2500 903 una
2535 849 2700 902 Evam
2734 851 3060 905 construxit.
3130 851 3264 904 Nam
3330 868 3592 907 necessa-

2010 941 2148 991 rium
2182 950 2299 992 erat
2326 938 2492 991 Evam
2524 954 2631 993 non
2671 938 2880 1001 itidem,
2936 949 2995 993 ut
3049 941 3101 993 in
3131 940 3337 996 Adamo
3386 942 3591 1000 factum

2010 1039 2150 1087 erat.
2182 1043 2212 1082 e
2251 1036 2393 1082 terra
2424 1029 2731 1097 provenire,
2795 1030 2887 1083 sed
2920 1044 2981 1083 ex
3012 1030 3127 1098 ipsa
3166 1034 3346 1100 potius
3395 1033 3586 1088 Ademi
3626 1078 3637 1103 λ,

2009 1121 2268 1181 essentia,
2310 1136 2417 1189 quo
2450 1121 2551 1175 liae
2587 1122 2801 1176 ratione
2833 1130 3055 1176 mutuus
3079 1138 3231 1177 amor
3262 1124 3587 1195 coniugibus
3635 1106 3643 1153 ί

2011 1212 2316 1266 inderetur.
2358 1212 2423 1267 Et
2456 1228 2710 1268 somnum
2737 1215 2785 1268 ei
2820 1229 3041 1282 gravem
3077 1215 3344 1275 immittit,
3376 1232 3442 1270 ne
3465 1232 3603 1272 sen-.

2009 1318 2130 1357 sum
2178 1304 2415 1373 aliquem
2445 1305 2650 1361 doloris
2679 1306 2737 1358 in
2770 1305 3120 1375 ademptione
3144 1317 3307 1361 costa:
3340 1308 3590 1376 percipe-

2007 1407 2110 1462 ret,
2157 1400 2617 1468 quemadmodum
2657 1400 3079 1469 Chrysostomus
3122 1400 3235 1458 ait.
3274 1401 3382 1471 83
3417 1417 3599 1471 eaque

2004 1490 2081 1544 de.
2111 1505 2275 1545 causa
2304 1492 2592 1563 coniugem
2631 1492 2819 1546 liOStili
2864 1501 3097 1560 qttodam
3123 1493 3249 1547 odio
3297 1509 3592 1562 proseque-

2009 1592 2178 1635 retur.
2218 1581 2404 1637 Itidem
2424 1597 2630 1639 costam
2663 1599 2823 1638 unam
2850 1586 3039 1647 sumit,
3070 1586 3139 1640 de
3171 1603 3275 1654 qua
3308 1588 3592 1641 inuliercm

2004 1675 2295 1739 construit,
2326 1676 2553 1745 ejusque
2579 1677 2757 1732 locum
2787 1693 2950 1731 carne
3001 1679 3259 1746 complet.
3301 1679 3369 1731 At
3396 1695 3593 1747 quam-

2005 1766 2194 1821 obrem
2232 1769 2504 1837 complet?
2536 1769 2614 1823 Ne
2660 1786 2854 1824 somno
2893 1771 3183 1834 excitatus,
3229 1787 3325 1840 per
3352 1773 3404 1827 id
3442 1774 3588 1841 quod

2006 1859 2211 1921 aberat,
2242 1862 2445 1915 sentire
2502 1862 2642 1931 quod
2696 1863 2973 1919 acciderat
3034 1876 3234 1929 posset.
3263 1865 3587 1935 Quanquam

2007 1949 2152 2002 enim
2204 1952 2305 2006 hoc
2335 1951 2695 2020 ademptionis
2744 1962 2992 2023 tempore
3023 1954 3345 2022 ignorasset,
3409 1966 3586 2014 tamen

2008 2040 2266 2109 deinceps
2332 2043 2814 2098 animadversuros
2854 2052 2989 2097 erat.
3050 2045 3389 2115 Quapropter
3424 2064 3590 2107 carne

2012 2134 2150 2189 Deus
2183 2144 2343 2190 costa:
2381 2136 2649 2190 defectum
2697 2136 2988 2205 supplevit.

2088 2317 2260 2383 «Dixit
2289 2317 2431 2371 Dens
2474 2336 2486 2371 :
2518 2318 2834 2389 Augescite,
2864 2318 3328 2389 multiplicamini.
3385 2323 3594 2391 replete

2034 2425 2271 2464 erram.»
2309 2410 2420 2466 lloc
2451 2411 2502 2464 in
2532 2411 2651 2465 loco
2690 2411 2871 2465 Basilii
2904 2412 3082 2467 verbis
3112 2414 3357 2468 animum
3400 2416 3594 2469 adver-

2014 2507 2132 2562 tito.
2166 2504 2355 2559 Tradit
2388 2506 2535 2560 enim
2568 2506 2766 2575 duplex
2807 2507 3212 2560 incrementum
3244 2522 3388 2569 esse,
3443 2526 3588 2578 quo-

2012 2614 2132 2652 rum
2160 2597 2305 2652 aliud
2341 2598 2414 2652 sit
2440 2598 2687 2668 corporis
2718 2597 2866 2651 aliud
2895 2598 3114 2652 animae.
3189 2600 3452 2668 Corporis
3507 2602 3592 2654 in-

2012 2701 2353 2744 crementum
2382 2700 2465 2745 est
2497 2691 2565 2745 de
2592 2699 2801 2745 statura
2841 2706 3009 2761 parva
3044 2674 3469 2746 convenientem
3521 2695 3590 2748 ad

2015 2783 2446 2852 magnitudinem
2483 2786 2794 2854 pervenire.
2856 2784 2926 2838 At
2958 2787 3356 2840 incrementum
3394 2788 3593 2841 animae

2014 2890 2113 2944 per
2145 2874 2463 2945 disciplinas
2500 2877 2910 2945 consequimur.
2946 2876 3123 2932 Etiam
3164 2878 3596 2949 Clirysostomus

2018 2968 2083 3022 de
2108 2966 2287 3021 anima
2320 2966 2515 3035 inquit,
2541 2982 2659 3021 eam
2686 2982 2810 3021 cum
2838 2968 3008 3021 semel
3033 2984 3062 3021 a
3098 2968 3209 3022 Deo
3246 2984 3398 3022 suam
3428 2979 3594 3023 natu-

324 3042 570 3096 λαϐοῦσα
620 3045 680 3097 τὸ
726 3042 866 3099 εἶναι
915 3048 1067 3118 παρὰ
1111 3048 1247 3107 Θεοῦ
1282 3052 1421 3124 πρὸς
1454 3052 1688 3126 αὔξησιν
1726 3057 1907 3112 οὐκέτι

2020 3073 2131 3111 ram
2172 3067 2227 3112 et
2255 3056 2629 3113 exsistentiam
2664 3066 2821 3111 nacta
2883 3066 2990 3123 est,
3046 3072 3197 3111 more
3245 3062 3494 3125 corporis
3524 3059 3593 3112 ad

326 3135 472 3188 καθά
504 3136 568 3206 δὴ
614 3137 708 3189 καὶ
742 3140 801 3192 τὸ
844 3140 1001 3209 σῶμα
1032 3145 1232 3213 χωρεῖ’
1273 3145 1389 3208 πῶς
1436 3147 1530 3199 καὶ
1562 3148 1670 3218 γὰρ
1702 3149 1909 3214 άποσος

326 3227 468 3298 αῦτη
504 3232 597 3282 καί
633 3231 1038 3301 ἀσχημάτιστος
1066 3236 1223 3300 οὖσα,
1259 3238 1333 3298 ὡς
1376 3238 1540 3294 εἰκὼν
1592 3242 1685 3295 τοῦ
1732 3243 1908 3309 Θεοῦ;

326 3321 525 3375 Τελεία
562 3323 663 3391 μὲν
692 3323 784 3376 οὖν
819 3323 876 3389 ἐξ
906 3328 1079 3396 ἀρχῆς
1104 3328 1331 3400 αῦτῆςή
1365 3332 1529 3402 νοερὰ
1559 3332 1776 3388 ἔκτιστο
1803 3336 1909 3404 ψυ-

323 3415 418 3480 χὴ,
452 3416 499 3465 εἰ
529 3415 623 3467 καὶ
653 3416 796 3469 κατὰ
829 3419 1023 3486 μικρὸν
1054 3420 1203 3472 δοκεί
1235 3422 1520 3489 συναύξειν
1551 3425 1627 3501 τῷ
1671 3426 1906 3495 σώματι.

328 3509 440 3559 Καὶ
463 3508 626 3575 δῆλον
658 3511 714 3574 ἐξ
747 3504 821 3563 ὧν
853 3513 877 3563 6
919 3512 1141 3583 Νῦσσης
1166 3513 1321 3584 φησι·
1350 3532 1369 3566 ι
1399 3516 1471 3569 Τὸ
1505 3519 1601 3585 τῆς
1625 3517 1807 3589 ψυχῆς
1832 3517 1912 3570 εἴ·

323 3599 412 3657 ὅτις
446 3600 591 3651 κατὰ
644 3601 743 3669 τὴν
774 3603 1069 3669 ἀναλογίαν
1119 3606 1210 3659 τοῦ
1257 3609 1621 3678 ὑποκειμένου
1675 3611 1909 3679 ὀργάνου

326 3691 603 3755 φαίνεται.
651 3692 714 3744 Ἠ
748 3693 856 3763 γὰρ
909 3696 1044 3767 πρὸς
1080 3697 1181 3768 τὴν
1211 3700 1436 3769 ἐμπαθῆ
1479 3703 1572 3753 καὶ
1599 3700 1791 3771 ζωώδη
1823 3703 1914 3770 γέ-

323 3798 477 3834 νεσιν
526 3785 784 3838 κοινωνία
815 3787 915 3840 οὐκ
944 3787 1108 3852 εὐθὺς
1160 3791 1466 3859 ἐκλάμπειν
1515 3792 1594 3860 τῷ
1626 3792 1911 3863 πλάσματι

321 3876 426 3942 τὴν
457 3874 610 3927 θείαν
656 3876 838 3929 εἰκόνα
872 3880 1148 3950 ἐποίησεν,
1204 3882 1318 3934 ἀλλ’
1344 3882 1449 3952 ὁδῷ
1481 3901 1586 3937 τινι
1621 3884 1913 3939 ἀκολουθία

322 3969 417 4018 ἐπὶ
451 3970 507 4019 τι
540 3968 749 4022 τέλειον
776 3971 899 4038 ἄγει
929 3973 1021 4024 τὸν
1062 3973 1368 4044 ἄνθρωπον,
1408 3978 1508 4028 οὐκ
1533 3977 1699 4047 ἄλλης
1720 3978 1797 4047 τῷ
1822 3996 1913 4047 νη-

327 4063 443 4129 πίῳ
471 4063 564 4113 καὶ
590 4064 785 4131 ἑτέρας
822 4064 898 4134 τῷ
928 4064 1117 4136 τελείῳ
1152 4069 1510 4138 ἐγγινομένης
1544 4070 1744 4139 ψυχῆς,
1780 4070 1914 4138 ᾀλλά

325 4156 426 4220 τῆς
460 4155 627 4223 αὐτῆς
664 4156 719 4206 ὲν
766 4157 956 4227 ἐκείνῳ
985 4158 1085 4226 μὲν
1111 4158 1169 4209 τὸ
1196 4157 1405 4223 ἀτελὲς,
1439 4161 1495 4211 ὲν
1523 4160 1699 4229 τούτῳ
1728 4160 1784 4213 δὲ
1810 4160 1916 4213 δει-

325 4246 599 4312 κνυούςης
632 4246 693 4297 τὸ
726 4247 952 4303 τέλειον.
995 4267 1012 4298 ι
1067 4248 1261 4301 Τελεία
1292 4250 1391 4319 μὲν
1434 4248 1529 4307 οὖν
1561 4253 1593 4321 ἡ
1642 4252 1790 4323 ψυχὴ
1821 4256 1915 4307 καὶ

324 4338 381 4386 ὲν
412 4340 648 4405 βρεφικῇ
694 4338 900 4408 ἡλικίᾳ,
929 4340 1182 4391 ἀδυνατεῖ
1207 4339 1262 4392 δὲ
1296 4338 1394 4409 τὴν
1441 4339 1571 4408 ὅλην
1605 4342 1777 4411 αὐτῆς
1804 4343 1917 4396 δει-

2014 3146 2406 3201 incrementum
2459 3145 2679 3215 aliquod
2734 3144 2885 3205 aliud
2934 3161 3279 3216 nequaquam
3344 3144 3591 3201 tendere.

2012 3239 2148 3293 Nam
2177 3239 2266 3303 qui
2306 3239 2420 3294 fieri
2461 3250 2646 3309 posset
2674 3239 2780 3294 hoc
2811 3240 2865 3292 in
2907 3239 3109 3303 anima,
3160 3254 3279 3307 quae
3336 3248 3591 3305 tanquam

2014 3332 2192 3403 imago
2231 3332 2323 3387 Dei
2360 3342 2468 3387 tam
2502 3333 2822 3401 quantitatis
2856 3346 3051 3401 expers
3073 3339 3159 3385 est
3182 3345 3345 3398 quam
3372 3330 3596 3399 tigttr:t:?

2015 3423 2385 3489 Quamobrem
2421 3426 2605 3487 anima
2640 3423 3015 3494 intelligentia:
3047 3423 3099 3476 vi
3142 3422 3372 3492 prtedita
3412 3422 3490 3477 sic
3513 3432 3599 3477 est

2014 3533 2045 3572 a
2081 3517 2190 3572 Deo
2218 3517 2460 3582 condita,
2518 3526 2577 3571 ut
2632 3518 2820 3571 statim
2877 3515 2946 3570 ab
2983 3515 3139 3591 initio
3206 3517 3446 3585 perfecta
3504 3518 3596 3581 sit,

2015 3607 2232 3661 etiamsi
2261 3608 2522 3677 paulatim
2557 3623 2662 3661 una
2691 3624 2813 3661 eum
2850 3621 3084 3676 corpore.
3137 3608 3388 3667 videatur
3419 3608 3599 3661 incre-

2016 3702 2261 3749 mentum
2296 3694 2515 3763 aliquod
2550 3710 2789 3749 sumere.
2827 3695 3181 3764 Perspicuum
3243 3695 3347 3751 boc
3402 3704 3482 3748 cst
3533 3711 3599 3747 ex
3686 3726 3695 3731 -

2017 3781 2169 3837 hisce
2199 3782 2425 3853 Nysscni
2460 3782 2706 3855 Gregorii
2735 3783 2921 3837 verbis
2950 3800 2964 3837 :
3004 3801 3022 3834 ι
3054 3783 3265 3837 Animae
3299 3783 3467 3839 forma
3504 3799 3600 3851 pro

2016 3875 2373 3929 instrumenti
2396 3876 2630 3943 subjeCti
2659 3877 2871 3933 ratione
2901 3875 3258 3944 conspicitur.
3290 3874 3595 3935 Cumenim

2018 3966 2289 4035 particeps
2316 3976 2509 4021 natura
2535 3978 2721 4022 nostra
2751 3968 2823 4021 sit
2849 3968 2968 4036 ejus
3013 3978 3188 4026 ortus,
3221 3968 3315 4033 qui
3365 3976 3418 4019 et
3455 3966 3601 4019 vitiis

2016 4058 2289 4113 obnoxius
2321 4068 2377 4113 et
2402 4059 2718 4112 animalium
2745 4059 2969 4112 rationis
2996 4059 3300 4125 expertium
3321 4058 3460 4112 ortui
3481 4057 3604 4112 afﬁ-

2018 4148 2107 4205 nis
2130 4159 2233 4213 cst,
2271 4150 2386 4204 fieri
2414 4149 2607 4218 nequit
2641 4158 2699 4203 ut
2731 4149 2973 4202 hominis
3022 4149 3075 4202 in
3124 4151 3382 4218 ﬁgmento
3418 4152 3600 4203 statim

2018 4242 2204 4297 divina
2235 4243 2413 4313 imago
2441 4242 2675 4307 eluceat,
2712 4243 2809 4296 sed
2843 4242 2935 4297 via
2962 4246 3199 4311 quadam
3231 4260 3295 4296 ac
3328 4244 3474 4299 serie
3506 4245 3602 4299 Ιιο·

2021 4335 2226 4391 minem
2288 4336 2356 4393 ad
2395 4334 2786 4404 perfectionem
2848 4336 3138 4404 pervenire
3198 4352 3427 4392 necesse.
3482 4348 3601 4403 est;

325 4426 511 4477 xw’aw
536 4406 1146 4498 ἐνέργειανξΚαθάπερ
1170 4430 1279 4498 γὰρ
1313 4406 1573 4497 μουσικὸς
1606 4406 1827 4500 ἀριστος
1858 4434 1907 4485 ὲν

2019 4444 2131 4482 non
2160 4426 2305 4496 quod
2338 4426 2440 4481 alia
2464 4425 2681 4490 infanti,
2710 4426 2813 4479 alia
2846 4436 3057 4480 matura
3091 4435 3249 4482 aetate
3302 4428 3416 4482 viro
3445 4429 3603 4482 inda-

330 4521 429 4586 μὲν
465 4522 690 4587 μικροῖς
736 4521 920 4583 αὐλοῖς
971 4522 1161 4576 στενόν
1213 4539 1266 4575 τι
1301 4525 1397 4576 καὶ
1449 4521 1715 4594 ἐκτροπον
1750 4523 1907 4591 μέλος

2021 4533 2107 4576 tur
2138 4522 2344 4585 anima,
2374 4520 2467 4575 sed
2500 4537 2605 4574 una
2637 4522 2935 4589 eademque
2968 4520 3149 4574 anima
3184 4525 3237 4574 in
3266 4522 3357 4574 illo
3381 4520 3601 4589 quidem

327 4613 640 4679 ἀπήχησεν,
687 4614 854 4681 ἡνίκα
883 4614 940 4667 δὲ
990 4615 1332 4685 εὐρυπόρους
1371 4615 1507 4687 εὕρῃ
1540 4615 1760 4677 αὐλοὺς,
1790 4615 1915 4667 τότε

328 4710 428 4772 τὴν
460 4707 628 4759 αὑτοῦ
658 4707 856 4776 τέχνην
888 4708 1017 4776 ὃλην
1070 4710 1375 4774 ὑπέδειξεν,
1424 4709 1569 4762 οὕτω
1603 4709 1697 4762 καὶ
1742 4707 1913 4778 ψυχὴ,

326 4801 402 4860 ὡς
430 4802 456 4852 ὅ
496 4800 758 4868 Θεολόγος
816 4801 1113 4871 Γρηγόριος
1164 4804 1220 4854 ὲν
1277 4805 1388 4864 τοῖς
1419 4801 1718 4872 ἐμμέτροις
1748 4799 1915 4854 αὑτοῦ

327 4893 583 4958 διέξεισιν
619 4894 811 4948 ἔπεσιο
846 4898 989 4949 κατὰ
1010 4898 1119 4965 γάρ
1148 4896 1246 4966 τὴν
1272 4895 1369 4948 τοῦ
1407 4894 1641 4964 ὀργάνου
1670 4891 1913 4946 διάθεσιν

328 4984 478 5035 οὕτω
512 4985 742 5054 κάκείνη
772 4987 870 5055 τὴν
902 4986 1184 5057 ἐνέργειαν
1220 4986 1517 5040 δείκνυσιν.

2021 4615 2498 4686 imperfectionem
2530 4628 2709 4678 suam,
2738 4614 2792 4667 in
2827 4614 2931 4668 hoc
2952 4612 3345 4684 perfectionem
3378 4614 3607 4669 demon-

2019 4716 2281 4763 strante.»
2324 4707 2397 4761 De
2424 4722 2532 4776 quo
2555 4708 2667 4776 jam
2704 4707 2886 4778 colligi
2921 4716 3103 4777 potest
3131 4707 3370 4761 animam
3400 4708 3453 4760 in
3487 4707 3603 4774 ipsa

2021 4800 2187 4853 etiam
2220 4796 2458 4852 infantili
2494 4805 2653 4851 aetate
2689 4795 2985 4866 perfectam
3013 4811 3159 4859 esse,
3208 4810 3396 4849 verum
3441 4794 3611 4849 facul-

2025 4903 2191 4948 tatem
2230 4906 2384 4945 suam
2413 4899 2465 4945 et
2492 4889 2871 4945 emcaeitatem
2914 4905 3133 4944 omnem
3166 4888 3450 4943 declarare
3472 4902 3606 4941 nee-

2022 4986 2152 5040 dnm
2187 4998 2367 5053 posse.
2396 4979 2869 5048 Quemadmodum
2902 4978 3047 5037 enim
3082 4980 3324 5034 musicus
3346 4987 3607 5046 praestan-

329 5079 575 5134 tissimus
609 5080 838 5136 minutis
870 5081 924 5135 in
983 5082 1133 5137 tibiis
1163 5082 1306 5138 exile
1335 5090 1499 5151 atque
1555 5082 1826 5139 absonum
1890 5099 2109 5139 carmen
2177 5080 2345 5141 canit,
2382 5086 2436 5132 al
2476 5093 2599 5137 cum
2635 5076 2793 5130 tibias
2841 5076 3071 5157 adeptus
3109 5085 3192 5129 est
3220 5074 3447 5143 amplas,
3494 5083 3606 5126 tum

326 5174 542 5228 scilicet
576 5185 754 5229 artem
790 5190 943 5229 suam
977 5186 1145 5231 totam
1214 5175 1580 5241 demonstrat,
1609 5179 1691 5234 sic
1741 5188 1795 5233 et
1832 5179 2014 5232 anima
2050 5196 2064 5233 :
2103 5197 2120 5229 ι
2144 5175 2430 5231 Debilibus
2499 5186 2623 5225 cum
2697 5169 2957 5224 membris
2988 5168 3184 5224 debilis
3231 5168 3379 5237 ipSa,
3413 5167 3480 5221 de
3510 5182 3607 5221 va-

328 5272 460 5327 lidis
496 5273 700 5339 elucet,
725 5284 781 5329 et
813 5289 1029 5330 onmem
1057 5276 1299 5347 denique
1325 5288 1566 5332 mentem
1593 5286 1890 5341 ostentat,»
1934 5276 2398 5346 quemadmodum
2461 5270 2757 5343 Gregorius
2793 5274 3160 5338 cognomento
3192 5262 3503 5331 Theologt-s
3548 5260 3603 5312 in

327 5371 895 5425 commentationibus
936 5373 1072 5437 suis,
1136 5389 1271 5443 quas
1346 5374 1595 5431 versibus
1647 5381 1735 5429 est
1791 5374 2113 5443 complexus
2177 5372 2276 5441 (l),
2316 5370 2516 5441 inquit.
2580 5367 2716 5423 Nam
2778 5373 2943 5437 prout
3013 5364 3445 5418 instrumentum
3472 5357 3609 5413 affe-

328 5473 482 5519 ctum
512 5461 699 5525 fuerit,
734 5462 851 5532 ipsa
883 5480 1099 5534 quoque
1124 5467 1230 5520 vim
1262 5477 1316 5521 et
1354 5467 1730 5523 ciiicacitatem
1756 5483 1912 5524 suam
1953 5468 2214 5524 declarat.
3394 5454 3397 5457 6

401 5592 452 5622 “
478 5590 617 5646 Gen.
655 5609 715 5655 ll,
745 5592 833 5647 25.

405 5710 485 5782 (Ι)
521 5711 684 5780 Greg.
727 5711 801 5764 De
836 5711 1037 5765 anima.
