4062 6186
4 5546 13 5649 ὲ

4 5700 13 5823 ἒ

10 5852 15 5879 φ

442 292 549 361 175
1688 298 2105 359 MICHAELIS
2143 300 2428 361 GLYCAZ.
3583 290 3686 359 176

509 404 851 478 «Augescite,
882 408 1059 480 inquit
1091 410 1255 473 Deus,
1281 408 1749 477 multiplicamini,
1798 412 2005 481 replete

2185 431 2205 464 ι
2238 412 2545 479 Δὺξάνεσθε
2577 412 2671 464 καὶ
2704 408 3060 480 πληθύνεσθε,
3090 403 3186 459 καὶ
3210 402 3539 475 πληρώσατε
3587 402 3691 474 τήν

431 507 688 561 terranm
728 514 839 556 non
872 514 989 555 eam
1020 502 1241 570 quidem
1278 500 1702 565 inhabitatione,
1758 504 1853 559 sed
1900 505 2006 558 im-

426 592 585 659 perio
614 600 815 655 vestro,
846 589 1305 661 quemadmodum
1370 591 1485 647 haec
1545 592 1712 647 verba
1777 608 2009 664 magnus

431 679 525 735 ille
548 681 778 737 Basilius
814 683 1229 752 interpretatur.
1292 684 1402 739 Nec
1439 685 1585 739 enim
1621 686 1877 741 homines
1910 701 2009 741 ne-

432 787 586 827 cesse
618 771 818 828 habent
841 766 955 845 84
980 774 1061 827 vel
1094 785 1369 845 perustam
1404 775 1552 830 illam
1602 791 1631 831 a
1659 777 1773 831 sole
1802 785 2001 832 terram

436 865 522 939 vel
548 864 727 919 cultus
744 864 921 921 omnis
946 874 1225 937 expertem
1242 867 1327 922 vel
1350 866 1551 937 frigore
1570 867 1738 923 nimio
1762 868 2007 924 inutilem

430 955 511 1009 vol
541 954 876 1010 inaccessam
909 957 1127 1027 replere
1166 975 1178 1011 :
1218 958 1314 1013 sed
1350 958 1450 1012 hac
1499 973 1636 1013 voce
1669 959 1812 1014 Deus
1846 959 2005 1014 nobis

422 1047 512 1116 jus
545 1047 821 1117 replendae
859 1058 1019 1105 terra:
1050 1051 1351 1106 concessit.
1391 1050 1615 1121 Nosque
1654 1052 1793 1108 adeo
1825 1052 2004 1122 reple-

426 1156 549 1196 mus
578 1156 698 1197 eam
731 1158 797 1198 ex
834 1143 1062 1199 rationis
1120 1144 1369 1199 arbitrio.
1428 1145 1790 1215 Posteaquam
1854 1145 2002 1201 enim

423 1233 810 1302 perspeximus
841 1243 1107 1304 quantum
1145 1226 1380 1307 spatium
1416 1244 1559 1291 terra
1584 1245 1807 1307 perusta
1834 1245 1886 1292 et
1919 1236 2004 1290 in-

428 1324 742 1379 habitabilis
774 1337 1025 1396 occupet,
1092 1334 1359 1395 quantum
1427 1327 1740 1397 aquilonale
1814 1327 1998 1394 clima,

424 1414 570 1483 quod
604 1415 753 1470 nimii
788 1416 1003 1487 frigoris
1031 1432 1192 1473 causa
1226 1418 1416 1489 nequit
1466 1418 1640 1474 excoli
1692 1426 1747 1473 et
1804 1429 1889 1475 est
1924 1419 2003 1474 in-

2115 504 2433 575 γῆν.ιΠλὴν
2449 504 2508 557 ού
2533 505 2600 573 τῇ
2623 502 2857 572 οἰκήσει,
2877 500 3011 553 ἀλλά
3027 501 3093 569 τῇ
3116 496 3354 567 ἐξουσίᾳ,
3377 495 3452 559 ὡς
3470 496 3498 547 ὁ
3520 494 3692 565 μέγας

2116 598 2248 668 φησι
2284 596 2581 657 Βασίλειος.
2627 594 2703 648 Ού
2734 596 2843 663 γὰρ
2871 592 3042 663 δήπου
3079 590 3174 643 καὶ
3196 590 3294 660 τὴν
3322 587 3691 656 διακεκαυμέ-

2114 707 2211 759 νην
2265 690 2360 742 καὶ
2419 684 2778 757 ἀγεώργητον
2828 687 2924 739 καὶ
2980 685 3080 755 τὴν
3139 680 3566 752 κατεψυγμένην
3596 679 3694 732 καὶ

2116 782 2317 847 ἄϐατον
2348 781 2467 836 κατῖ
2494 782 2740 851 ἀνάγκην
2792 782 2840 833 οἱ
2872 777 3149 849 ἄνθρωποι
3182 771 3514 845 πληροῦσινο
3555 770 3693 824 ἀλλὰ

2115 876 2339 945 κυρίους
2362 876 2508 945 ἡμᾶς
2547 873 2769 944 εποίησε
2801 870 3067 943 πληροῦν.
3106 869 3216 922 Καὶ
3246 863 3569 939 πληροῦμεν
3596 863 3694 918 αύ-

2113 967 2212 1037 τὴν
2238 967 2316 1036 τῷ
2337 965 2787 1035 λογισμῷ.”οταν
2810 962 2919 1033 γὰρ
2954 963 3150 1031 ἴδωμεν
3181 960 3345 1013 πόσον
3374 958 3573 1028 μέτρον
3593 957 3693 1026 τῆς

2108 1060 2545 1130 διακεκαυμένης
2570 1060 2666 1113 καλ⁸
2694 1058 2979 1128 ἀοικήτου,
3008 1056 3138 1109 ὅταν
3187 1054 3389 1119 ἴδωμεν
3417 1052 3583 1103 πόσον
3625 1048 3687 1101 τὸ

2108 1152 2278 1221 κλίμα
2316 1152 2375 1204 τὸ
2422 1151 2656 1221 βόρειον,
2705 1150 2734 1203 ὃ
2774 1150 2862 1203 διὰ
2894 1148 2993 1219 τὴν
3026 1144 3481 1216 ὑπερϐάλλουσαν
3525 1140 3689 1211 ψύξιν

2108 1236 2463 1307 ἀγεώργητόν
2488 1238 2718 1292 ἐστικαὶ
2740 1237 3032 1308 ἄχρηστον,
3059 1235 3158 1288 οὐκ
3175 1230 3574 1305 ὲπληρώσαμεν
3590 1228 3692 1300 τὴν

2107 1330 2231 1398 γῆν,
2266 1329 2401 1382 ἀλλὰ
2451 1331 2512 1383 τὺ
2543 1330 2813 1401 χρήσιμον
2858 1327 3236 1397 ἐκλεξάμενοι,
3278 1326 3341 1378 τὺ
3371 1324 3497 1378 ὅσον
3523 1323 3694 1392 ἄχρη-

2109 1437 2234 1473 στον
2259 1422 2339 1483 είς
2370 1421 2629 1492 διαμονὴν
2656 1419 2964 1491 ἀνθρώποις
2996 1416 3498 1487 ἀπεπεμψάμεθα.⁶

426 1507 581 1575 utile,
622 1524 804 1562 annon
843 1519 1042 1563 terram
1114 1511 1378 1581 reliquam
1419 1511 1866 1583 complet-imus?
1913 1515 2111 1569 Annon
2176 1516 2382 1572 delecta
2455 1522 2577 1587 ejus
2610 1516 2728 1571 utili
2801 1525 2980 1586 parte,
3038 1512 3306 1585 quidquid
3356 1507 3686 1566 habitationi

429 1604 709 1659 hominum
740 1612 826 1657 est
860 1603 1073 1667 inutile,
1116 1605 1522 1674 relinquimus?

503 1697 681 1751 «Dixit
712 1697 841 1751 item
875 1696 1019 1752 Deus
1047 1713 1063 1749 :
1101 1697 1178 1751 En
1213 1713 1316 1769 ego
1346 1700 1593 1753 concessi
1623 1696 1783 1753 vobis
1810 1712 2000 1752 omnes

2181 1717 2199 1750 ι
2242 1699 2348 1750 Καὶ
2375 1693 2531 1751 εἶπεν
2557 1701 2583 1751 ὀ
2604 1697 2737 1760 Θεός
2758 1714 2771 1728 ·
2809 1697 2941 1751 ’1δοῦ
2972 1696 3182 1751 δέδωκα
3218 1695 3350 1765 ὑμῖν
3386 1696 3499 1749 πᾶν
3536 1695 3695 1762 ξύλον

427 1788 721 1861 frugiferas
746 1789 994 1854 arbores,
1030 1790 1228 1859 quibus
1254 1790 1322 1844 ad
1352 1791 1665 1849 alimoniam
1689 1796 1744 1845 et
1770 1804 1865 1846 vos
1888 1799 2005 1844 uta.

426 1883 563 1937 mini
596 1891 652 1937 et
695 1896 887 1937 omnes
944 1882 1132 1936 bestiae
1189 1890 1475 1938 terrestres
1500 1884 1566 1936 ⁸⁵.
1608 1883 1707 1937 llic
1765 1882 2005 1937 animum

427 1972 715 2027 advertite.
753 1970 893 2025 Deus
921 1972 1138 2041 quidem
1183 1972 1413 2042 piscium
1443 1981 1498 2027 et
1541 1973 1862 2028 animalium
1913 1988 2008 2027 re-

428 2066 699 2136 liquorum
755 2064 1035 2119 dominum
1099 2064 1227 2119 fecit
1260 2064 1561 2129 hominem,
1616 2081 1803 2120 verum
1853 2074 1911 2120 ut
1940 2065 2009 2119 iis

430 2168 751 2213 vesceretur
778 2174 889 2211 non
922 2158 1191 2227 permisit.
1230 2159 1500 2214 Nimirum
1539 2159 1653 2212 haec
1702 2160 1876 2228 prima
1921 2158 2007 2212 lex

434 2257 646 2303 tantum
702 2247 911 2301 homini
956 2249 1230 2305 fructuum
1263 2264 1420 2303 usum
1466 2250 1823 2308 concedebat.
1880 2262 2006 2301 cum

432 2341 612 2397 adhuc
636 2341 894 2411 paradiso
927 2340 1127 2411 dignus
1155 2350 1322 2396 esset.
1378 2342 1570 2409 Itaque
1602 2349 1712 2395 tam
1758 2340 2009 2395 homines

430 2446 595 2502 quam
627 2446 803 2487 aerea:
832 2432 1089 2488 volucres,
1114 2440 1170 2488 et
1201 2439 1461 2487 terestres
1506 2431 1694 2486 bestiae
1740 2430 2008 2487 fructibus

432 2528 716 2591 arborum,
751 2525 958 2588 herbis,
994 2523 1243 2595 gramine
1275 2524 1665 2579 vescebantur.
1735 2522 1804 2577 Et
1832 2538 2009 2592 quan-

428 2633 591 2688 quam
621 2618 787 2673 hodie
813 2618 920 2680 leo,
948 2617 1210 2688 pardaiis,
1238 2617 1356 2672 alia:
1382 2616 1514 2672 terre
1537 2616 1780 2671 cruentis
1805 2624 2010 2671 macta-3

431 2711 676 2766 tionibus
706 2709 955 2779 cibisque
986 2709 1346 2769 delectentur,
1409 2718 1596 2763 tamen
1645 2706 1698 2762 id
1743 2707 2007 2776 temporis

430 2804 549 2859 haec
582 2803 747 2858 etiam
779 2801 1036 2857 animalia
1062 2802 1165 2872 legi
1194 2810 1407 2856 natura:
1465 2800 1686 2855 subdita
1735 2798 2009 2853 fructibus

430 2904 642 2949 tantum
675 2895 988 2950 alebantur.
1030 2894 1113 2949 Ac
1148 2901 1507 2963 posteaquam
1542 2892 1686 2947 Deus
1724 2891 2003 2946 hominem

421 2988 538 3057 jam
591 2986 793 3042 factum
845 2985 1391 3054 iutemperantiorem
1450 2983 1609 3049 vidit,
1662 2983 1831 3037 altera
1886 2983 2007 3051 lege

2112 1789 2140 1841 ὃ
2171 1789 2283 1859 εχει
2308 1790 2521 1860 καρπὸν
2550 1791 2606 1843 ὲν
2626 1788 2825 1860 ἐαυτῷ.
2865 1787 3027 1859 Ὑμῖν
3061 1786 3215 1841 ἔσται
3249 1788 3331 1848 είς
3355 1786 3563 1857 βρῶσιν
3592 1783 3695 1839 καὶ

2114 1884 2250 1937 πᾶσι
2278 1884 2386 1945 τοῖς
2422 1882 2630 1954 θηρίοις
2659 1882 2759 1951 τῆς
2782 1882 2908 1951 γῆς.
2950 1899 2969 1932 ι
3005 1880 3253 1950 Πρόσεχε
3279 1878 3373 1932 οὖν
3398 1896 3412 1909 ·
3453 1879 3695 1949 ἄρχοντα

2118 1977 2216 2045 μὲν
2246 1977 2356 2046 γὰρ
2398 1974 2507 2028 τῶν
2558 1972 2758 2043 ίχθύων
2803 1972 2900 2025 καὶ
2949 1972 3060 2026 τῶν
3086 1971 3294 2025 λοιπῶν
3338 1970 3564 2039 ἐποίησε
3600 1969 3698 2024 τὸν

2114 2070 2399 2140 ἄνθρωπον
2426 2069 2454 2121 ὁ
2486 2067 2639 2130 Θεὸς,
2677 2065 2738 2118 ού
2761 2065 2871 2135 μὴν
2902 2063 2959 2117 δὲ
3006 2062 3100 2116 καὶ
3123 2064 3222 2133 τὴν
3255 2063 3563 2117 ἀπόλαυσιν
3592 2064 3698 2117 αύ-

2113 2162 2222 2214 τῶν
2251 2158 2400 2231 αὐτῷ
2428 2156 2875 2227 συγκεχώρηκεν.
2903 2156 3069 2208 Ὥστε
3096 2156 3129 2225 ή
3160 2154 3260 2223 μὲν
3291 2154 3486 2224 πρώτη
3532 2171 3698 2223 νομο-

2117 2257 2268 2310 θεσία
2298 2254 2528 2326 καρπῶν
2577 2253 2876 2307 ἀπολαύειν
2926 2251 3247 2305 ὲνδέδωκεν.
3286 2251 3407 2304 Ἔτι
3439 2252 3548 2321 γὰρ
3583 2254 3700 2304 ὲνο-

2120 2346 2395 2418 μιζόμεθα
2435 2346 2577 2409 ἄξιοι
2623 2344 2719 2398 τοῦ
2755 2342 3089 2416 παραδείσου
3125 2335 3302 2395 εἶναι’
3340 2344 3552 2414 καρπὸς
3578 2343 3698 2396 λοι-

2116 2441 2217 2491 πὸν
2251 2437 2346 2491 καίΙ
2384 2436 2517 2507 χλόη
2546 2436 2640 2488 καὶ
2672 2434 2865 2505 χόρτος
2901 2436 3036 2504 ήμῖν
3070 2434 3149 2496 είς
3180 2433 3407 2503 βρῶσιν,
3439 2435 3553 2500 τοῖς
3600 2451 3699 2487 πε-

2114 2532 2313 2594 τεινοῖς
2344 2546 2402 2584 τε
2433 2528 2529 2582 τοῦ
2582 2526 2817 2597 ούρανοῦ
2872 2527 2965 2581 καὶ
3020 2527 3156 2580 πᾶσι
3195 2527 3307 2588 τοῖς
3347 2526 3558 2596 θηρίοις
3590 2525 3698 2594 τῆς

2115 2624 2237 2694 γῆς.
2280 2622 2343 2675 El
2378 2621 2487 2690 γὰρ
2531 2620 2625 2672 καλ⁵
2674 2619 2769 2672 νῦν
2805 2620 3003 2689 αἵμασι
3058 2618 3351 2689 χαίρουσιν
3399 2618 3427 2670 ὃ
3459 2635 3516 2670 τε
3558 2616 3696 2669 λέων

2116 2712 2209 2767 καὶ
2255 2714 2288 2782 ἡ
2321 2710 2607 2780 πάρδαλις,
2637 2708 2753 2761 ἀλλ’
2773 2709 2924 2778 ὅμως
2956 2708 3049 2761 καὶ
3078 2706 3253 2759 ταῦτα
3279 2705 3357 2776 τῷ
3402 2708 3552 2776 νόμῳ
3591 2706 3693 2775 τῆς

2116 2805 2329 2875 φύσεως
2366 2801 2785 2871 ὑποτεταγμένα
2823 2801 3059 2871 καρποῖς
3091 2798 3427 2869 διετρέφετο.
3470 2798 3690 2867 Ἐπειδὴ

2114 2898 2171 2951 δὲ
2200 2895 2383 2959 sese;
2429 2893 2881 2964 ὲκδεδιῃτημὲνον
2934 2889 3040 2944 εἶδε
3073 2892 3167 2945 τὸν
3214 2890 3526 2961 ἄνθρωπον,
3569 2891 3693 2945 δευφ

2115 2992 2258 3063 τὲρῳ
2316 2992 2466 3059 νόμῳ
2503 2989 2645 3059 μετὰ
2690 2988 2783 3041 τὸν
2833 2985 3216 3057 κατακλυσμὸν
3270 2987 3485 3040 πάντων
3538 2985 3692 3055 αύτῷ

426 3089 549 3150 post
572 3078 837 3133 diluvium
869 3087 1197 3147 potestatem
1227 3076 1276 3132 ei
1299 3076 1704 3131 facitomnibus
1724 3074 2002 3130 vescendi.

2112 3058 2390 3153 συγχωρεῖ
2411 3058 2513 3150 τὴν
2545 3079 2869 3145 ἀπόλαυσιν,
2911 3097 2929 3131 ι
2963 3077 3151 3132 Ταῦτα
3177 3078 3352 3134 πάντα
3382 3079 3456 3141 ὡς
3480 3077 3693 3148 λάχανα

424 3171 634 3227 (Iuncta
668 3171 845 3236 vobis,
875 3170 971 3233 ait,
1008 3167 1235 3239 perinde
1258 3167 1492 3224 fruenda
1523 3168 1766 3222 concedo
1801 3178 1856 3222 ut
1878 3168 2005 3224 her—

428 3264 622 3317 barum
651 3263 824 3315 olera.
874 3261 1108 3331 Propter
1139 3261 1282 3315 hanc
1310 3261 1730 3314 concessionem
1783 3260 1995 3329 reliqua

426 3353 588 3406 etiam
619 3351 876 3406 animalia
909 3352 1244 3420 quibuslibet
1275 3353 1425 3406 vesci
1455 3360 1762 3421 coeperunt.
1818 3350 2006 3421 Itaque

427 3446 515 3499 leo
542 3445 865 3499 carnivorus
928 3445 1095 3498 abeo
1148 3452 1393 3513 tempore
1448 3444 1572 3510 fuit,
1627 3454 1681 3499 et
1714 3445 2005 3500 morticina

428 3537 676 3589 vultures
704 3538 1024 3590 observant.
1062 3532 1173 3590 Neo
1203 3536 1351 3591 enim
1383 3535 1434 3590 id
1463 3536 1725 3605 temporis
1750 3552 1860 3606 quo
1885 3536 2005 3607 pri-

428 3643 576 3683 mum
608 3628 927 3682 oriebantur
953 3627 1235 3693 animalia,
1268 3637 1470 3683 terram
1489 3630 1734 3684 vultures
1766 3630 2006 3685 cireum-

428 3719 771 3785 spcetabant,
793 3728 851 3774 ut
876 3719 941 3773 ad
975 3728 1191 3789 pastum
1221 3720 1486 3775 cadavera
1506 3733 2001 3791 consequerentur,

430 3813 528 3867 scd
591 3812 644 3866 in
681 3812 853 3881 pratis
905 3812 1220 3868 alimoniam
1260 3813 1598 3882 quaerebant.
1657 3814 1917 3869 Videmus
1951 3825 2006 3869 et

432 3904 594 3959 hodie
626 3918 790 3958 canes
820 3904 1201 3960 medicamenti
1260 3920 1425 3961 causa
1455 3904 1699 3976 gramine
1756 3920 2005 3975 saepenu-

430 4012 583 4053 mero
620 3995 788 4067 pasci,
816 4012 926 4050 non
959 3996 1105 4066 quod
1133 3997 1240 4052 hoc
1263 3998 1600 4052 nutrimento
1623 3997 1772 4051 velut
1810 3997 2006 4053 idoneo

431 4098 743 4156 vescantur,
772 4090 867 4145 sed
897 4089 1025 4168 quia
1053 4088 1303 4144 doctrina
1341 4089 1575 4158 quadam
1635 4098 1865 4148 naturae.
1920 4089 2005 4143 di-

430 4183 636 4239 scendo
673 4198 781 4237 non
825 4191 1105 4251 percepta,
1160 4184 1394 4237 tendunt
1440 4183 1506 4237 ad
1548 4198 1611 4237 ea
1647 4183 1873 4237 rationis
1907 4198 2006 4237 ex-

428 4284 611 4345 pertes
640 4275 832 4329 bestiae
863 4290 983 4343 quae
1006 4275 1141 4343 ipsis
1164 4276 1319 4330 utilia
1349 4286 1497 4330 sunt.
1530 4274 1809 4347 Ejusmodi
1836 4277 2007 4331 fuisse

2108 3177 2302 3247 χόρτου
2322 3173 2565 3243 φάγεοθε
2606 3190 2626 3225 ι
2666 3171 2860 3225 εἰπών.
2890 3171 3075 3241 Ταύτῃ
3116 3171 3217 3238 μὲν
3254 3166 3347 3223 οὖν
3376 3173 3445 3240 τῇ
3477 3187 3693 3239 συγχω-

2111 3271 2266 3342 ρήσει
2293 3267 2387 3319 καὶ
2416 3264 2487 3319 τὰ
2520 3264 2682 3319 λοιπὰ
2726 3264 2845 3327 ζῶα
2874 3264 2967 3317 τοῦ
2997 3263 3195 3316 ἐσθίειν
3246 3262 3440 3317 ἔλαϐον
3471 3263 3688 3318 ἄδειαν.

2120 3358 2210 3422 Ἐξ
2234 3356 2441 3409 ἐκείνου
2471 3352 2529 3406 δὲ
2556 3350 2745 3404 λοιπὸν
2795 3351 3097 3421 αίμοὸόρος
3127 3352 3156 3403 ὁ
3186 3350 3345 3414 λέων,
3391 3350 3449 3414 ἐξ
3479 3349 3690 3403 ἐκείνου

2108 3449 2200 3499 καὶ
2225 3446 2398 3513 γῦπες
2425 3438 2757 3510 ἀναμένουσι
2787 3439 3106 3511 θνησιμαῖα.
3145 3438 3220 3491 Οὐ
3250 3439 3421 3508 δήπου
3458 3439 3565 3508 γὰρ
3592 3440 3691 3491 καὶ

2108 3538 2280 3606 γῦπες
2338 3536 2455 3606 ἅμα
2512 3533 2590 3605 τῷ
2622 3533 2952 3605 γεννηθῆναι
2991 3531 3105 3596 ζῶα
3152 3531 3553 3599 περιεσκόπουν
3588 3532 3689 3600 τὴν

2109 3632 2232 3700 γῆν,
2263 3629 2337 3691 ὡς
2371 3626 2579 3681 ἐκεῖθεν
2609 3622 2755 3681 οὗτοι
2784 3624 3072 3694 τραφῶσιν
3093 3639 3108 3657 ο
3147 3624 3282 3677 ἀλλὰ
3314 3622 3485 3675 ταῦτα
3509 3623 3689 3676 πάντα

2108 3722 2233 3783 τοὺς
2256 3719 2532 3787 λειμῶνας
2554 3717 2937 3787 περιήρχοντο.
2973 3715 3083 3768 Καὶ
3104 3714 3199 3768 νῦν
3225 3707 3335 3784 γὰρ
3366 3715 3694 3791 κύναςοὸρῶ-

2111 3829 2212 3883 μεν
2242 3809 2539 3879 θεραπείας
2582 3808 2769 3859 ἕνεκεν
2810 3803 3071 3867 πολλάκις
3116 3804 3396 3874 ἄγρωστιν
3442 3805 3692 3871 ὲπινεμο·

2112 3905 2326 3973 μένους,
2377 3901 2479 3954 οὐκ
2530 3899 2718 3970 ἐπειδὴ
2770 3897 3029 3968 συμφυής
3072 3898 3219 3949 ἐστιν
3269 3897 3302 3967 ἡ
3344 3897 3540 3968 τροφὴ,
3571 3897 3689 3950 ἀλλ’

2109 3994 2296 4065 ἐπειδὴ
2326 3993 2593 4063 ἀδιδάκτῳ
2613 3991 2717 4045 τινὶ
2750 3990 2967 4058 φύσεως
2999 3989 3319 4061 διδασκαλίᾳ
3351 3992 3440 4043 ἐπὶ
3466 3991 3526 4045 τὸ
3552 4009 3690 4059 συμ-

2110 4087 2275 4158 φέρον
2321 4087 2541 4155 ἔρχεται
2580 4084 2650 4137 τὰ
2684 4083 2876 4151 ἄλογα.
2903 4082 3150 4136 Τοιαῦτα
3172 4081 3387 4152 λόγισαι
3422 4080 3563 4137 εἶναι
3590 4084 3689 4140 καὶ

2108 4184 2232 4237 τότε
2262 4182 2329 4235 τὰ
2361 4180 2633 4252 αἱμοσόρα
2659 4178 2768 4232 τῶν
2786 4176 2943 4242 ζώων
2962 4217 2974 4241 ,
3005 4177 3201 4247 χόρτον
3222 4179 3435 4241 ἑαυτοῖς
3465 4181 3543 4241 είς
3565 4196 3689 4250 τρο-

2112 4277 2217 4346 φὴν
2246 4275 2502 4337 ἐπινοεῖν,
2524 4274 2585 4326 οὐ
2611 4271 2721 4343 μὴν
2741 4270 2992 4341 ἀλλήλοις
3015 4271 3455 4326 ἐπιϐουλεύοντα.
3487 4272 3690 4341 Συγκε-

429 4374 561 4420 tunc
590 4365 845 4418 animalia
872 4366 1161 4420 carnivora
1215 4368 1482 4438 cogitabis
1512 4409 1525 4433 ,
1580 4385 1701 4439 qua:
1758 4372 2004 4441 gramine

2113 4368 2361 4439 χώρηται
2389 4362 2504 4433 οὖν,
2533 4364 2607 4427 ὡς
2627 4364 2878 4434 εἴρηται,
2914 4363 3055 4431 μετὰ
3088 4364 3180 4417 τὸν
3210 4364 3600 4435 κατακλυσμὸν
3652 4365 3688 4437 ἡ

430 4456 641 4512 scilicet
678 4456 825 4513 vesci
852 4460 1274 4525 consueverint,
1319 4476 1430 4516 non
1456 4461 1561 4517 sibi
1600 4462 1836 4518 invicem
1870 4463 2005 4518 insi—

430 4547 588 4603 diari.
626 4548 787 4603 Facta
821 4559 901 4603 est
933 4551 1096 4621 igitur
1122 4550 1403 4608 fruitionis
1470 4554 1663 4607 horum
1718 4556 2006 4610 concessio

430 4650 549 4708 post
588 4640 871 4704 diluvium,
897 4641 1042 4695 sicut
1074 4642 1369 4698 indicatum
1391 4653 1473 4697 est
1509 4646 1798 4700 hactenus.
1828 4647 2007 4700 Enim-

432 4744 566 4783 vero
592 4741 720 4784 sunt
754 4731 1030 4801 hodieque
1084 4732 1359 4796 nonnulli,
1409 4733 1501 4799 qui
1535 4735 1698 4787 vitam
1745 4742 1897 4790 suam
1940 4738 2007 4790 ad

434 4818 799 4872 imitationem
831 4822 957 4875 vita:
987 4821 1250 4889 paradisi,
1279 4830 1543 4891 quantum
1577 4825 1700 4893 ejus
1726 4806 1839 4880 fieri
1883 4836 2006 4895 pot»

431 4916 533 4967 est,
570 4907 918 4964 instituentes
951 4926 978 4964 a
1018 4910 1248 4965 nimium
1282 4927 1466 4967 crassa
1494 4913 1582 4967 illa
1605 4916 1848 4969 ciborum
1877 4915 2008 4968 frui-

434 5006 581 5052 tione
608 4999 895 5067 abhorent,
933 5017 996 5057 ac
1032 5012 1144 5057 tum
1171 5004 1437 5059 fructibus
1472 5014 1584 5060 tum
1614 5006 1921 5061 seminibus
1951 5016 2007 5062 et

431 5088 684 5144 omnibus
714 5089 780 5144 iis
819 5107 938 5169 quae
967 5094 1034 5147 de
1067 5094 1356 5151 arboribus
1388 5086 1720 5167 proveniunt
1755 5106 2003 5154 utuntur.

430 5182 780 5251 Quaecunque
811 5183 1018 5239 scilicet
1051 5198 1250 5254 pneter
1298 5191 1410 5243 haec
1458 5205 1797 5259 supervanea
1850 5200 2002 5257 sunt,

2115 4460 2436 4525 ἀπόλαυσις,
2470 4456 2611 4527 πλὴν
2636 4454 2775 4509 ἀλλά
2801 4455 2896 4508 καὶ
2924 4455 3020 4509 νῦν
3073 4456 3216 4510 κατά
3245 4456 3482 4527 μίμησιν
3509 4457 3608 4526 τῆς
3630 4459 3690 4510 ὲν

2113 4553 2194 4623 τῷ
2216 4549 2534 4620 παραδείσῳ
2574 4546 2720 4618 ζωῆς
2756 4548 2971 4609 ἑαυτοῖς
2999 4548 3157 4615 ἄγειν
3183 4547 3524 4619 βουλόμενοι,
3561 4550 3692 4619 φεύ-

2114 4659 2305 4711 γοντες
2329 4640 2536 4711 ταύτην
2564 4638 2663 4712 τὴν
2704 4637 2969 4693 πολύυλον
2998 4626 3300 4692 ἀπόλαυσιν
3325 4632 3435 4693 τῶν
3464 4640 3690 4711 βρωμά-

2113 4747 2245 4796 των,
2274 4731 2359 4784 ἐπ’
2392 4731 2596 4784 ἐκεῖνον
2644 4728 2736 4782 τὸν
2794 4729 2930 4799 βίον,
2987 4727 3172 4792 καθὼς
3236 4724 3351 4783 οἷόν
3399 4731 3460 4783 τέ
3517 4733 3687 4796 ἐστιν,

2114 4822 2340 4883 ἑαυτοὺς
2371 4822 2657 4891 ἀγόμενοι,
2712 4823 2948 4891 καρποῖς
2991 4823 3086 4875 καὶ
3119 4822 3402 4893 σπέρμασι
3449 4826 3546 4877 καὶ
3573 4825 3688 4886 τοῖς

2113 4914 2175 4965 ἐκ
2212 4912 2320 4965 τῶν
2347 4913 2668 4984 ἀκροδρύων
2711 4915 2791 4976 εἰς
2840 4913 3119 4985 διαγωγὴν
3161 4914 3469 4986 χρώμενοι⁸
3524 4915 3585 4968 τὸ
3628 4915 3687 4968 δὲ

2112 5004 2377 5075 περισσὸν
2399 5006 2606 5059 τούτων
2626 5006 2701 5068 ὡς
2719 5006 2829 5059 οὐκ»
2861 5006 3161 5074 ἀναγκαῖον
3191 5009 3649 5079 ἀποστρεφόμεθα
3669 5022 3683 5039 ο

2112 5100 2172 5152 οὐ
2194 5099 2305 5169 γὰρ
2339 5097 2607 5168 βδελυκτά
2628 5098 2725 5151 διὰ
2751 5100 2840 5151 τὸν
2871 5100 3139 5155 κτίσαντα
3158 5140 3173 5166 ,
3220 5100 3341 5154 οὐδὲ
3371 5102 3569 5171 αἱρετὰ
3597 5099 3685 5155 διὰ

2110 5191 2212 5261 τὴν
2238 5192 2339 5261 τῆς
2371 5191 2572 5260 σαρκὸς
2601 5191 2915 5247 εὐπάθειαν.

434 5287 693 5346 tauquam
715 5290 824 5331 non
857 5282 1163 5335 necessaria
1227 5298 1567 5340 recusamus.
1604 5280 1836 5340 'Etcnint
1901 5301 2003 5341 nec
2042 5285 2433 5341 abominabilia
2462 5286 2657 5355 put-ari
2714 5286 2915 5342 debent
2945 5296 3171 5358 propter
3233 5297 3558 5357 creatorem,
3585 5300 3691 5345 nec

430 5368 736 5436 expetenda
764 5382 1097 5440 magnopere
1118 5382 1345 5441 propter
1381 5375 1568 5431 carnis
1602 5375 1789 5432 luxum
1835 5387 1890 5434 et
1936 5378 2002 5434 ad
2045 5377 2271 5434 delicias
2310 5377 2760 5448 propensionem.

845 5464 917 5519 De
945 5470 1183 5523 carnium
1217 5472 1583 5527 visceratione.

499 5557 609 5627 85
640 5559 774 5617 Novi
811 5573 881 5630 te,
924 5564 1123 5621 dilecte
1157 5566 1252 5634 iiIi,
1292 5568 1391 5623 hac
1425 5569 1588 5623 etiam
1621 5571 1673 5624 in
1713 5580 1863 5640 parte
1885 5588 1991 5627 non

501 5717 544 5746 ⁸⁸
573 5718 708 5775 Gen.
737 5737 773 5786 l,
799 5722 889 5778 29.

2618 5478 2759 5545 Περὶ
2783 5477 3199 5548 κρεωδαισίας.

2170 5565 2303 5627 Οἶδα
2358 5570 2435 5638 δὲ,
2474 5570 2749 5642 ἀγαπητὲ,
2784 5572 2866 5626 ὅτι
2924 5570 3022 5628 καὶ
3071 5573 3162 5626 ἐπὶ
3200 5572 3376 5642 τούτῳ
3399 5571 3688 5642 ήπόρηκας
