4062 6186
18 5317 24 5500 ῑ

18 5511 30 5858 ἒ

347 193 446 264 179
485 173 488 175 6
1614 203 2036 266 itilGHAELIS
2078 209 2334 269 suae
3486 213 3589 276 ise

337 328 448 366 non
477 312 659 368 fuerit.
686 313 1030 384 Quapropter
1056 315 1233 377 omnis
1258 315 1344 368 hic
1367 315 1631 368 dubitatio
1663 317 1900 388 tollatur.

2037 318 2160 383 θεὶς,
2207 321 2330 372 τότε
2367 321 2501 390 πρὸς
2529 318 2691 374 αὐτὸν
2725 320 2929 388 ἔλεγεψ
2964 314 3072 394 Ui}
3111 322 3156 374 δ’
3187 322 3253 375 ἂν
3278 323 3465 394 ἡμέρᾳ
3489 323 3594 390 φά-

340 402 472 457 Νιιιη
523 405 566 458 si
610 406 816 470 statim,
852 421 973 460 cum
1025 407 1295 459 hominem
1344 407 1602 460 conderet
1638 407 1799 462 Deus.
1843 410 1910 480 ad

340 511 464 548 eum
497 494 723 550 dixisset
756 513 769 550 :
813 516 830 548 ‹
869 497 1204 564 Quacunque
1253 496 1340 549 die
1378 499 1674 552 vcsccmini
1712 499 1778 554 de
1813 501 1912 555 hac

340 588 558 651 arbore,
591 599 762 643 morte
793 589 1174 655 multabimini,
1208 610 1225 642 ι
1259 590 1581 644 habuissent
1609 608 1740 644 sane
1767 593 1911 663 quod

340 680 666 747 objicerent,
710 681 799 750 qui
849 681 1112 739 Adamum
1165 683 1308 734 inter
1353 683 1811 756 immortalitatem
1848 699 1910 736 ac

344 771 723 830 mortalitatem
767 771 1002 843 medium
1051 773 1204 842 quasi
1261 773 1480 829 faciunt.
1522 775 1587 826 At
1631 789 1752 828 cum
1793 784 1916 842 post

346 863 676 914 creationem
709 863 880 932 ipsius
908 879 1016 932 non
1056 863 1252 935 exiguo
1299 863 1588 932 interiecto
1620 865 1795 934 spatio
1835 867 1915 920 lex

344 951 458 1003 haec
487 954 820 1024 promulgata
853 955 1038 1020 fuerit,
1073 972 1168 1024 per
1199 973 1358 1026 quam
1399 973 1546 1011 mors
1574 958 1917 1013 occasionem

348 1042 610 1098 adversus
649 1061 762 1100 nos
813 1049 1066 1116 arripuit,
1125 1065 1348 1119 prorsus
1388 1050 1478 1104 hic
1526 1048 1774 1104 ha‘sitare
1811 1066 1918 1104 non

343 1135 633 1224 deberat”,
668 1138 759 1206 qui
797 1139 1030 1193 Litteras
1079 1157 1262 1196 sacras
1315 1150 1369 1194 et
1426 1151 1632 1196 attente
1676 1157 1772 1195 nec
1803 1143 1921 1197 sine

344 1229 695 1282 convcnienti
727 1229 1189 1300 pervestigatione
1241 1246 1298 1284 se
1347 1232 1528 1302 legere
1571 1232 1918 1302 proﬁtentur.

349 1319 514 1386 Igitur
545 1320 613 1374 ab
649 1320 806 1374 initio
847 1337 1029 1375 rerum
1083 1321 1222 1376 Deus
1257 1323 1533 1398 hominem
1569 1325 1621 1376 in
1661 1333 1802 1396 statu
1837 1325 1924 1377 in-

349 1407 543 1460 teritus
589 1417 812 1477 experte
858 1409 1122 1468 condidit.
1185 1413 1286 1464 hoc
1338 1421 1421 1464 est
1475 1411 1835 1472 immortalem
1870 1412 1924 1466 in

346 1507 524 1552 ortum
562 1501 818 1568 produxit
844 1501 911 1555 ad
944 1502 1230 1572 imaginem
1264 1505 1586 1558 aeternitatis
1617 1519 1749 1558 suzc.

415 1591 557 1644 Nihil
601 1591 687 1646 hic
720 1592 1050 1647 diilicultatis
1097 1595 1257 1663 objici
1319 1595 1414 1647 tibi
1456 1596 1677 1664 patitor.
1748 1593 1924 1650 Habes

2013 428 2148 480 γητε
2179 413 2287 466 ἀπὸ
2328 414 2422 467 τοῦ
2467 413 2660 482 φυτοῦ,
2690 413 2908 483 θανάτῳ
2949 415 3334 479 ἀποθανεῖσθε,
3375 435 3394 467 ι
3449 413 3595 486 εἶχον

2014 504 2078 556 ἄν
2107 523 2157 560 τι
2193 507 2287 560 καὶ
2317 507 2497 573 λέγειν
2529 508 2581 559 οἰ
2610 504 2773 573 μέτον
2804 505 2966 559 αὑτὸν
2996 506 3300 568 ἀθανασίας
3327 503 3466 559 εἶναι
3499 507 3596 560 καὶ

2017 595 2340 665 θνητότητος
2375 597 2649 664 λέγοντες.
2695 597 2849 649 Ἐπεὶ
2879 597 2935 648 δὲ
2967 597 3147 666 πολλῷ
3181 599 3318 667 μετᾶ
3365 603 3465 667 τὴν
3499 599 3596 654 αὐψ

2018 687 2109 739 τοῦ
2142 689 2484 757 παραγωγὴν
2514 687 2739 758 ὕστερον
2772 689 2972 741 ἐδίδοτο
3004 690 3068 741 τὰ
3099 689 3201 758 τῆς
3233 690 3481 754 ἐντολῆς,
3503 691 3595 756 ἀερ*

2016 770 2084 848 ἧς
2117 778 2225 848 ἄρα
2274 779 2369 832 καὶ
2423 780 2606 850 χώραν
2638 761 2664 832 ἀ
2695 780 2925 842 θάνατος
2964 781 3237 849 ἐλάμδανε
3281 781 3405 838 καθ’
3437 783 3596 850 ἡμῶν

2019 869 2066 936 (ι
2089 869 2213 922 Ἐάν
2236 870 2344 941 γὰρ
2366 871 2597 941 φάγητε,
2629 890 2645 922 ι
2676 872 2830 941 φησι,
2855 891 2871 922 ι
2894 871 3491 941 θανάτῳάποθανεῖσθε
3521 874 3593 938 ι),

2019 961 2384 1032 ἀμφιϐάλλειν
2419 962 2556 1025 ὅλως
2609 963 2709 1015 οὐκ
2761 963 2972 1030 ἔπρεπε
3021 963 3148 1024 τοὺς
3193 963 3596 1032 ἐπερχομένους

2019 1053 2157 1116 τέως
2182 1055 2553 1123 ἐρευνητικῶς
2596 1054 2694 1124 τὴν
2739 1055 2982 1124 Γραφήν.
3018 1053 3241 1108 Ἔκτισε
3300 1057 3398 1122 μὲν
3437 1053 3598 1106 οὖνὸ

2021 1144 2154 1208 Θεὸς
2185 1146 2272 1198 ἐπ’
2306 1146 2585 1215 ἀφθαρσίᾳ
2620 1147 2711 1199 τὸν
2764 1146 3050 1215 ἄνθρωπον
3091 1147 3187 1200 ἀπ’
3212 1146 3407 1215 ἀρχῆς.
3437 1162 3600 1196 τουτ-

2022 1235 2169 1288 έστιν
2221 1237 2497 1305 ἄφθαρτον
2535 1237 2733 1292 αὐτίκα
2777 1240 3066 1311 παρήγαγε
3114 1237 3232 1294 κατ’
3268 1237 3452 1298 εἰκόνα
3496 1239 3597 1305 τῆς

2024 1326 2326 1396 arenam;
2362 1327 2550 1396 aerei.

2109 1595 2268 1648 Ἀλλά
2297 1597 2369 1664 μὴ
2396 1596 2714 1667 δυτχέραινε
2761 1595 2951 1651 τούτου
3002 1595 3212 1651 ἕνεκεν.
3271 1597 3456 1665 Ἔχεις
3505 1595 3604 1650 τὸν

349 1684 696 1739 Anastasium
723 1685 1015 1749 Sinaitem,
1067 1686 1242 1740 virum
1270 1688 1537 1754 divinum,
1581 1689 1670 1757 qui
1707 1689 1760 1741 in
1804 1705 1924 1743 ora-

2037 1688 2282 1756 Σιναῖτην
2313 1687 2455 1740 θεῖον
2503 1690 2854 1743 Ἀναστάσιον
2895 1693 2952 1743 ἐν
2982 1689 3058 1759 τῷ
3101 1689 3226 1757 περὶ
3258 1688 3602 1750 ἀναστάοεως

351 1775 494 1829 tione
517 1791 613 1830 sua
649 1777 714 1831 de
745 1779 1166 1832 Resurrectioue
1231 1779 1310 1832 sic
1361 1780 1575 1847 inquit:
1615 1799 1633 1831 ι
1670 1780 1924 1834 Condidit

349 1864 625 1920 hominem
662 1867 823 1933 Deus,
860 1878 914 1922 et
953 1870 1170 1938 quidem
1207 1869 1300 1922 Dei
1339 1869 1403 1922 ad
1451 1870 1741 1937 imaginem
1796 1886 1923 1923 eum

346 1955 605 2010 condidit.
645 1958 767 2011 llwc
789 1958 963 2028 prima
998 1959 1095 2012 fuit
1129 1959 1356 2016 creatio.
1395 1961 1646 2030 simplex,
1710 1961 1922 2013 nullum

345 2047 582 2116 Cttnjllgii
607 2048 881 2102 vinculum
916 2050 1145 2113 habens,
1169 2050 1423 2104 interitus
1445 2065 1640 2119 expers
1675 2069 1691 2102 ι
1723 2049 1924 2117 Quodsi

349 2136 518 2204 prima
575 2140 776 2192 crcatio
809 2140 970 2194 fuerit
1000 2156 1195 2209 expers
1229 2141 1504 2205 interitus,
1567 2142 1924 2209 quemadmo-

348 2231 475 2280 dum
507 2238 727 2283 sanctus
768 2231 855 2284 hic
896 2231 977 2284 vir
1022 2232 1119 2295 ait,
1180 2231 1308 2300 quid
1365 2231 1432 2284 de
1483 2229 1704 2284 homine
1750 2230 1927 2300 primo

348 2319 630 2372 dicemus?
700 2320 958 2374 nimirum
1016 2322 1156 2374 Deus
1207 2337 1330 2376 eum
1408 2321 1592 2376 statim
1649 2323 1716 2375 ab
1771 2321 1928 2375 initio

348 2423 622 2481 expertem
661 2412 914 2467 interitus
947 2414 1192 2468 cendidit
1242 2423 1291 2468 et
1330 2415 1474 2468 dono
1508 2413 1928 2468 immortalitatis

349 2503 584 2555 ornavit.
615 2501 745 2568 Quae
767 2503 989 2571 quidem
1019 2504 1184 2558 verba
1211 2519 1555 2573 nequaquam
1603 2518 1722 2558 mea
1777 2511 1926 2566 sunt,

349 2593 444 2648 sed
488 2595 569 2646 vir
603 2595 836 2649 eximius
867 2595 1113 2649 Andreas
1139 2597 1368 2660 antistes
1414 2596 1689 2650 Cretensis
1721 2597 1773 2649 in
1810 2611 1931 2649 ora-

351 2686 496 2738 tione
522 2701 620 2739 sua
653 2685 726 2740 De
758 2687 822 2739 iis
847 2687 938 2756 qui
986 2687 1402 2741 obdormieruut
1447 2687 1502 2741 iu
1534 2688 1676 2740 hunc
1710 2687 1927 2742 modum

353 2777 635 2845 loquitur:
679 2795 696 2829 ι
737 2778 870 2832 Cum
911 2779 1185 2832 hominem
1221 2789 1462 2834 creasset
1491 2780 1654 2845 Deus,
1712 2782 1816 2836 hoc
1879 2781 1928 2837 ei

353 2871 627 2939 dignitatis
655 2871 881 2946 largitus
918 2880 1001 2925 est
1034 2879 1094 2925 ut
1147 2881 1294 2926 esset
1346 2873 1619 2941 particeps
1679 2873 1927 2938 rationis,

354 2965 689 3036 intelligendi
720 2965 976 3020 facultate
998 2966 1278 3034 praeditus,
1306 2964 1650 3034 innuorlalis,
1678 2967 1932 3022 interitus

351 3073 564 3127 expers.
602 3076 620 3109 ι
675 3057 880 3125 Quodsi
923 3057 1243 3128 dignitatem
1303 3060 1442 3115 hanc
1505 3060 1930 3113 immortalitatis

351 3151 560 3204 homini
595 3151 734 3206 Deus
761 3151 1052 3217 concessit,
1086 3153 1176 3221 qui
1213 3154 1329 3206 tieri
1361 3161 1559 3222 potest;
1590 3162 1650 3206 ut
1677 3151 1930 3206 eumdem

350 3242 554 3308 pariter
585 3252 641 3300 et
692 3241 975 3296 mortalem
1031 3251 1088 3296 et
1116 3242 1479 3296 immortalem
1512 3242 1779 3308 dicamus,
1849 3243 1935 3296 vel

350 3331 644 3385 obnoxium
677 3332 917 3385 interitui
948 3333 1152 3401 pariter
1194 3342 1250 3387 et
1300 3333 1551 3388 interitus
1613 3335 1938 3403 expertem?

355 3433 541 3500 nequit
563 3432 664 3484 hoc
694 3446 914 3500 prorsus
949 3445 1067 3484 mea
1096 3432 1312 3499 quidem
1342 3433 1596 3500 opinione
1630 3429 1937 3486 ﬁeri.'Nant

357 3526 517 3580 morti
547 3525 628 3578 vel
679 3525 922 3579 interitui
956 3525 1199 3595 subjecta
1234 3526 1475 3581 conditio
1509 3527 1693 3583 tribui.

423 3618 531 3686 37
565 3615 1018 3670 Enimveroscire
1070 3617 1289 3685 quidem
1353 3633 1570 3686 nequeo
1628 3619 1826 3688 quibus
1882 3619 1936 3673 hi

358 3710 537 3764 causis
563 3708 794 3778 permoti
825 3723 933 3762 non
969 3707 1130 3761 modo
1155 3723 1263 3761 non
1309 3709 1585 3764 miscenda
1647 3711 1935 3777 misceant,

357 3819 477 3856 cum
507 3803 694 3857 Adami
726 3817 925 3872 corpus
961 3801 1140 3856 medio
1195 3801 1337 3855 inter
1379 3801 1840 3857 immortalitatem
1874 3819 1937 3857 ac

358 3896 742 3949 mortalitatem
774 3895 891 3948 loco
910 3895 1276 3956 constituunt,
1339 3893 1432 3947 sed
1460 3893 1620 3947 etiam
1666 3895 1938 3948 naturales

358 3989 672 4042 atlertiones
706 3997 868 4056 atque
903 3988 1122 4040 morbos
1162 3987 1211 4040 ei
1262 3986 1501 4040 tribuere
1553 4001 1662 4040 non
1715 4003 1943 4041 verean-

362 4097 469 4143 tur.
502 4083 748 4152 quiante
805 4091 1088 4150 peceatqu
1146 4087 1255 4132 tam
1326 4077 1540 4132 illarum
1590 4077 1936 4132 all'cctionum

359 4186 520 4238 quam
555 4172 808 4223 interitus
855 4183 1052 4244 expers
1087 4176 1228 4230 erat,
1274 4178 1328 4220 et
1371 4167 1594 4236 quidem
1636 4167 1940 4236 hoc§ipsum

362 4261 1065 4316 citrademonstrationem
1119 4259 1354 4328 aliquant
1413 4275 1443 4312 e
1491 4260 1666 4314 sacris
1719 4260 1940 4329 petitam

2029 1777 2170 1847 λόγῳ
2197 1779 2360 1832 αὐτοῦ
2395 1781 2518 1850 περὶ
2544 1780 2749 1832 τούτων
2779 1779 2920 1832 οὕτω
2942 1779 3168 1846 λέγοντα
3186 1795 3200 1810 ⁶
3239 1797 3256 1828 ι
3293 1777 3402 1831 Καὶ
3422 1779 3610 1846 ἐποίη-

2030 1883 2087 1918 σε
2117 1872 2206 1917 τὸν
2240 1867 2528 1936 ἀνθρωπνι
2559 1869 2586 1919 6
2613 1868 2743 1928 826;
2767 1885 2781 1898 ·
2809 1869 2929 1920 κατ’
2960 1867 3146 1920 εἰκόνα
3179 1866 3311 1918 Θεοῦ
3348 1867 3607 1934 ἐποίησεν

2027 1957 2208 2012 αὐτόν,
2253 1958 2448 2027 Πρώτη
2475 1958 2691 2028 ποίησις
2735 1957 2874 2028 αὕτη
2939 1957 3106 2025 ἁπλῆ,
3135 1958 3358 2023 ἄζυγος,
3389 1957 3611 2025 ἄφθαρ-

2028 2064 2138 2108 τος.
2187 2067 2204 2098 ι
2238 2049 2409 2114 Εἴπερ
2441 2044 2533 2100 οὖν
2576 2050 2608 2117 ἠ
2641 2048 2834 2118 πρώτη
2860 2049 3078 2117 ποίησις
3108 2049 3386 2119 ἄφθαρτος
3417 2044 3504 2119 ἦν,
3529 2047 3606 2111 ὡς

2028 2141 2054 2193 6
2089 2140 2408 2210 διαληφθεὶς
2431 2136 2584 2204 οὗτος
2607 2142 2708 2212 ἔφη
2747 2143 2886 2205 θεῖος
2912 2143 3072 2213 ἀνὴρ,
3106 2142 3234 2212 περὶ
3271 2141 3362 2194 τοῦ
3388 2140 3607 2206 πρώτου

2029 2231 2238 2287 ἐκείνου
2265 2231 2318 2284 τί
2349 2231 2455 2301 χρὴ
2475 2234 2566 2286 καὶ
2598 2234 2777 2300 λέγειν
2809 2231 3096 2302 ἀνθρώπου
3120 2250 3134 2297 ;
3161 2231 3473 2300 ’Ᾱφθαρτον
3511 2229 3611 2297 μὲν

2029 2324 2136 2393 γάρ
2164 2324 2324 2377 αὐτὸν
2349 2327 2376 2376 ὁ
2402 2325 2534 2386 Θεὸς
2563 2325 2766 2378 αὐτίκα
2799 2325 3143 2395 παρήγαγεν,
3180 2323 3256 2386 ὡς
3289 2323 3390 2393 ήδη
3424 2321 3610 2392 προεί-

2033 2433 2214 2486 ρηται,
2246 2417 2342 2469 καὶ
2370 2417 2641 2488 ἀθανασίᾳ
2672 2418 2962 2488 τετίμηκε.
3006 2418 3113 2472 Καὶ
3145 2417 3245 2480 οὐκ
3278 2417 3384 2486 ὲμά
3412 2415 3476 2467 τὰ
3510 2416 3606 2484 ῥή-

2034 2525 2199 2574 ματα.
2249 2509 2309 2562 '0
2341 2507 2614 2573 θειότατος
2687 2511 2944 2580 Ἀνδρέας
2985 2511 3012 2562 6
3043 2510 3269 2578 Κρήτης
3316 2511 3372 2559 ὲν
3423 2507 3498 2577 τῷ
3532 2507 3612 2567 εἰς

2031 2599 2399 2668 κοιμηθέντας
2423 2599 2569 2670 λόγῳ
2595 2601 2758 2676 αὐτῷ
2795 2602 2924 2670 περὶ
2945 2599 3150 2653 τούτων
3185 2599 3356 2661 οὕτως
3383 2597 3614 2668 εὓρηται

2033 2688 2206 2755 λέγων
2228 2705 2242 2719 ·
2281 2710 2298 2742 ι
2343 2691 2565 2755 Πλάσκς
2591 2695 2618 2745 6
2656 2693 2787 2756 Θεὸς
2813 2693 2904 2746 τὸν
2936 2693 3244 2762 ἄνθρωπον,
3287 2691 3501 2756 ἀξίωμα
3527 2690 3613 2741 δέ-

2033 2782 2203 2835 δωκεν
2235 2782 2384 2853 αὐτῷ
2418 2784 2478 2836 τὸ
2507 2784 2723 2850 λογικόν
2760 2802 2820 2836 τε
2865 2784 2960 2838 καὶ
2991 2785 3176 2854 νοερὸν
3211 2786 3304 2835 καὶ
3345 2783 3611 2836 ἀθάνατον

2034 2876 2130 2928 καὶ
2155 2875 2482 2946 ἀνώλεθρον.
2522 2896 2540 2928 ι
2578 2878 2751 2947 Εἴπερ
2790 2874 2884 2930 οὖν
2913 2877 3131 2946 ἀξίωμα
3164 2877 3361 2930 δέδωκε
3405 2875 3482 2943 τῷ
3515 2877 3609 2926 ἀν·

2035 2965 2240 3034 θρὼπῳ
2261 2966 2320 3019 τὸ
2349 2967 2622 3021 ἀθάνατον
2657 2971 2684 3022 6
2703 2968 2856 3034 Θεὸς,
2883 2970 2997 3032 πῶς
3021 2968 3209 3021 λοιπον
3230 2968 3392 3020 αὐτὸν
3421 2968 3614 3032 θνητὸν

2040 3059 2134 3112 καὶ
2158 3051 2714 3131 ἀθάνατονέίπωμεν,
2737 3062 2768 3132 ἢ
2803 3061 3042 3133 φθαρτὸν
3061 3061 3260 3130 ὁμοίως
3283 3060 3375 3113 καὶ
3405 3059 3615 3127 ἄφθαρ·

2043 3169 2168 3218 τον;
2205 3153 2566 3219 ’Δνένδεκτον,
2589 3156 2664 3217 ὡς
2692 3152 2868 3225 οἰμαι,
2891 3155 3046 3209 τοῦτο
3077 3157 3168 3209 καὶ
3191 3155 3308 3206 λίαν
3338 3154 3501 3215 ἐστὶν,
3529 3155 3613 3204 ὅτι

2051 3245 2182 3314 μηδὲ
2226 3246 2492 3316 προσήκει
2545 3245 2624 3314 τῷ
2677 3245 2928 3316 ἀθανάτῳ
2973 3245 3067 3298 καὶ
3117 3243 3409 3314 ἀνωλέθρῳ
3441 3259 3614 3314 προτ-

2047 3335 2239 3389 άπτειν
2269 3336 2403 3395 ὅλως
2434 3337 2495 3389 τὸ
2529 3337 2721 3406 θνητὸν
2749 3340 2838 3392 καὶ
2868 3337 3146 3407 ἄφθαρτον

1989 3431 2282 3488 immortali
2325 3447 2379 3490 et
2430 3435 2681 3490 interitus
2710 3435 2920 3504 experti
2953 3448 3290 3504 nequaquam
3323 3439 3503 3502 potest
3535 3434 3618 3488 vel

2131 3615 2292 3668 Ἀλλά
2329 3616 2438 3685 γὰρ
2467 3616 2564 3668 οὐκ
2619 3612 2736 3669 οἶδα
2779 3615 2940 3668 πόθεν
2984 3616 3180 3668 ὲκείνοι
3233 3613 3485 3678 λαϐὅντες
3518 3614 3618 3680 τὰς

2039 3709 2297 3779 ἀφορμὰς
2357 3709 2416 3761 οὐ
2482 3709 2549 3761 τά
2606 3709 2815 3777 ἄμικτα
2867 3707 3156 3777 μιγνύωσι
3214 3707 3396 3776 μόνον,
3454 3707 3619 3776 ἡνίκα

2038 3801 2240 3869 δηλαδὴ
2276 3801 2336 3852 τὸ
2378 3799 2538 3870 σῶμα
2564 3799 2656 3852 τοῦ
2695 3787 2883 3869 ’Δδὰρί
2912 3801 3090 3852 ὲκεῖω
3118 3799 3280 3868 μέσον
3315 3799 3620 3860 ἀθανασίας

2040 3889 2182 3946 εἶναι
2212 3893 2306 3945 καὶ
2359 3892 2686 3960 θνητᾶτητος
2715 3891 2988 3959 λέγουσιν.
3034 3891 3172 3944 ἀλλὰ
3205 3893 3298 3944 καὶ
3333 3891 3478 3955 πάθη
3514 3908 3619 3958 φυ-

2043 3985 2172 4037 σικά
2221 3983 2298 4053 τῷ
2333 3983 2439 4053 πρὸ
2479 3985 2579 4050 τῆς
2638 3983 2916 4052 ἁμαρτίας
2975 3983 3177 4034 ἀπαθεῖ
3228 3984 3326 4058 καὶ
3357 3983 3620 4051 ἀφθάρτῳ

2047 4075 2384 4144 προσάπτειν
2418 4073 2478 4125 οὒ
2511 4072 2928 4143 παραιτοῦνται,
2955 4075 3049 4124 καὶ
3082 4072 3255 4125 ταῦτα
3288 4074 3454 4142 χωρὶς
3487 4075 3626 4125 ἀπο-

2047 4165 2268 4228 δείξεως
2311 4165 2610 4236 γρτφικῆς.
2677 4164 2838 4218 ’Λλλά
2874 4165 2948 4236 μὴ
2980 4165 3144 4217 δέδιθι
3176 4165 3367 4217 τούτου
3410 4165 3619 4218 ἕνεκεν.

2052 4259 2175 4312 Ὀτι
2204 4259 2300 4326 μὲν
2339 4262 2446 4328 γὰρ
2480 4262 2507 4311 6
2539 4258 2662 4312 κατ’
2711 4259 2894 4312 εἰκόνα
2941 4258 3078 4311 Θεοῦ
3113 4258 3370 4328 τοιαύτης
3411 4258 3622 4328 ὑπῆρχε

364 4351 579 4407 Litteris
605 4351 823 4404 faciant.
856 4349 1202 4420 Quapropter
1226 4351 1365 4404 nihil
1398 4351 1484 4405 hic
1516 4353 1609 4406 tibi
1647 4353 1933 4406 verendum

2050 4349 2263 4417 φύσεως
2289 4348 2384 4402 ἀπ’
2417 4351 2610 4419 ἀρχῆς,
2664 4349 2944 4418 ἀψθάρτου
2967 4349 3167 4420 δηλαδὴ
3201 4350 3293 4402 καὶ
3330 4349 3628 4414 ἀθανάτουι

363 4451 464 4496 est.
501 4442 630 4496 Nam
662 4443 937 4515 [marinum
967 4443 1030 4494 ad
1062 4442 1352 4512 imaginem
1390 4443 1479 4498 Dei
1514 4444 1796 4498 conditum
1853 4448 1946 4502 tali

365 4539 432 4590 ab
480 4537 635 4590 initio
686 4546 880 4590 natura
935 4535 1217 4604 praeditum
1261 4535 1452 4597 fuisse,
1519 4537 1775 4588 nimirum
1849 4537 1952 4590 im-

367 4633 576 4685 mortali
610 4638 664 4685 et
701 4631 954 4685 interitus
993 4639 1241 4696 experte,
1297 4643 1360 4680 ac
1424 4638 1687 4696 praeterea
1749 4644 1950 4698 corpus

367 4723 498 4778 illud
541 4724 728 4775 Adami
779 4722 930 4775 nullo
1002 4722 1164 4776 [nodo
1215 4720 1305 4773 ulli
1371 4719 1607 4788 passioui
1653 4709 1949 4772 obnoxium

370 4815 558 4879 luisse,
595 4830 756 4881 supra
819 4815 1100 4869 interitum
1169 4815 1379 4871 scilicet
1416 4826 1633 4867 onmem
1691 4811 1947 4879 positum,

368 4905 607 4960 Jnanncs
638 4903 728 4957 ille
763 4914 950 4960 noster
979 4905 1407 4978 Chrysostomus
1467 4912 1522 4957 et
1585 4901 1849 4971 prolixius
1896 4910 1954 4954 et

372 4997 572 5052 clarius
609 5007 660 5050 te
687 4997 921 5051 docebit.
955 4998 1166 5053 Etenim
1221 5000 1374 5053 fuere
1433 4995 1678 5050 nonnulli
1733 5003 1840 5048 tam
1897 4994 1949 5047 in

377 5092 478 5143 hoc
515 5104 743 5158 corpore
767 5089 1009 5144 interitui
1033 5093 1272 5147 obnoxio
1304 5091 1578 5160 carpendo
1611 5087 1952 5142 etelevando

375 5183 665 5245 acerbi,ut
697 5183 860 5235 etiam
933 5183 1216 5254 indignum
1265 5183 1514 5237 dicerent
1572 5179 1717 5251 quod
1757 5195 1785 5232 a
1843 5178 1952 5233 Deo

373 5278 650 5332 conditum
681 5276 1043 5331 existimetur.
1079 5276 1134 5330 Si
1183 5277 1523 5346 ﬁgmentum,
1559 5275 1799 5341 aiebant,
1842 5289 1954 5328 ma-

374 5387 543 5424 nuum
578 5369 673 5423 Dei
707 5369 872 5433 foret,
905 5384 1010 5424 non
1037 5378 1118 5423 tot
1158 5369 1391 5423 miseriis
1415 5378 1469 5423 et
1499 5368 1758 5422 aerumnis
1809 5376 1954 5422 esset

375 5464 691 5518 obnoxium.
719 5461 994 5517 Adversus
1025 5462 1124 5514 hos
1152 5459 1240 5514 ille
1269 5460 1321 5512 in
1359 5459 1506 5513 hunc
1535 5461 1754 5513 modum
1784 5459 1953 5513 disse-

378 5555 494 5609 rit:
533 5575 553 5608 ι
587 5555 759 5611 Nemo
805 5555 938 5610 mihi
1002 5553 1277 5608 hominem
1351 5551 1501 5606 hunc
1565 5551 1807 5624 obiiciat,
1861 5550 1949 5619 qui

380 5645 626 5712 otl'endit,
663 5648 755 5718 qui
783 5647 1180 5704 condemnatus
1205 5651 1307 5709 est,
1342 5643 1432 5714 qui
1464 5642 1690 5698 allectus
1724 5641 1954 5714 ignomi-

2054 4441 2145 4492 καὶ
2177 4440 2257 4492 ὅτι
2292 4441 2351 4492 τὸ
2387 4441 2546 4507 σῶμα
2577 4439 2668 4492 τοῦ
2708 4439 2880 4508 ’Λδάμ
2911 4441 3086 4490 ἐκεῖνο
3120 4439 3242 4491 καθ’
3275 4433 3386 4491 οἷον
3412 4439 3473 4509 δή
3503 4457 3623 4491 τινα

2051 4534 2254 4602 τρόπον
2282 4533 2380 4586 οὒκ
2421 4534 2650 4601 ἔπασχε,
2687 4532 2892 4602 φθορᾶς
2951 4533 3170 4601 ἁπάσης
3204 4534 3503 4603 ὑπέρτερον
3542 4532 3622 4596 ὃν,

2052 4628 2079 4677 6
2109 4625 2511 4695 χρυσοῤῥήμων
2555 4625 2807 4694 Ἰωάννης
2840 4623 2930 4675 ἐπὶ
2960 4624 3119 4676 πλέον
3141 4624 3339 4687 διδάξει
3371 4642 3428 4676 σε
3453 4629 3625 4692 σαφέ-

2056 4732 2244 4784 στερον
2289 4719 2386 4768 ἆτε
2419 4716 2481 4785 δὴ
2534 4717 2624 4767 τὸν
2657 4717 2784 4786 πρὶ
2833 4714 3024 4767 τούτου
3080 4714 3236 4782 λόγον
3262 4718 3317 4768 ἐν
3358 4719 3423 4786 τῇ
3459 4715 3626 4785 βίϐλῳ

2053 4807 2160 4859 τῶν
2193 4807 2524 4876 ἀνδριάντων
2566 4809 2910 4876 ποιούμενος.
2985 4807 3202 4876 Ἐπειδὴ
3238 4809 3345 4877 γὰρ
3371 4809 3431 4860 τὸ
3467 4808 3623 4874 σῶμα

2052 4898 2211 4951 τοῦτο
2239 4900 2477 4969 φθαρτὶν
2501 4899 2854 4968 διασύραντες
2885 4895 3024 4969 ἦσαν
3055 4901 3144 4950 ἐπὶ
3171 4899 3424 4952 τοτοῦτόν
3455 4916 3622 4962 τινες,

2054 4991 2193 5044 ὥστε
2253 4992 2348 5045 καὶ
2396 4991 2612 5056 ἀνάξιον
2662 4993 2795 5044 αὐτὸ
2828 4993 2926 5062 τῆς
2951 4990 3046 5042 τοῦ
3076 4990 3212 5043 Θεοῦ
3264 4991 3626 5059 δημιουργίας

2053 5087 2351 5140 ἀποκαλεῖν
2377 5087 2393 5152 (
2417 5087 2600 5152 ἔλεγον
2625 5086 2732 5156 γὰρ
2768 5086 2838 5146 ὡς
2895 5083 3010 5150 εἴγε
3044 5083 3272 5152 πλάσμα
3323 5082 3431 5134 τῶν
3465 5081 3627 5134 θείων

2056 5179 2270 5248 ὑπῆρχε
2306 5179 2527 5248 χειρῶν,
2563 5179 2663 5231 οὐκ
2697 5178 2761 5230 ἀν
2793 5177 2932 5229 οὕτω
2991 5175 3204 5245 μυρίοις
3245 5175 3502 5226 ὑπέκειτο
3525 5171 3628 5223 πά-

2056 5269 2172 5322 θεσι
2194 5271 2233 5339 ),
2263 5271 2488 5322 τοιοῖσδε
2525 5270 2660 5338 προς
2701 5269 2898 5331 αὐτοὺς
2933 5269 3110 5335 λόγοις
3149 5269 3453 5336 ἐχρήσατο·
3490 5283 3509 5316 ι
3535 5264 3626 5333 Μή

2061 5378 2148 5429 μοι
2175 5363 2266 5414 τὸν
2299 5362 2588 5432 ἄνθρωπον
2639 5359 2850 5413 τουτονί
2902 5359 3106 5426 λεγέτω
3139 5375 3222 5419 τις
3277 5361 3362 5409 τὸν
3405 5371 3632 5426 προτκε-

2059 5457 2353 5524 κρουκοτα,
2413 5455 2502 5504 τὸν
2559 5451 3055 5510 καταδικασθέντα,
3113 5451 3202 5501 τὸν
3259 5447 3625 5518 ἠτιμωμένον,

2058 5546 2176 5599 ἀλλ’
2202 5546 2250 5597 εἰ
2284 5543 2538 5613 βούλεσθε
2583 5543 2798 5612 μαθεῖν.
2837 5545 3022 5598 ὁποῖον
3051 5542 3109 5605 ἐξ
3139 5541 3312 5609 ἀρχῆς
3347 5537 3546 5590 ἔπλασε
3573 5534 3634 5587 τὸ

2061 5641 2219 5710 σῶμα
2268 5638 2422 5710 ἡμῶν
2457 5639 2484 5690 ὁ
2518 5638 2672 5704 Θεδς,
2728 5639 2819 5691 ἐπὶ
2872 5639 2963 5692 τὸν
3009 5635 3336 5707 παράδεισον
3390 5631 3632 5699 ἔλθωμεν
