4062 6186
332 281 426 348 181

1572 262 2009 350 'ANNALIUM
2054 289 2247 351 rans
2291 292 2338 352 ι.

3488 292 3590 359 181’.

326 404 425 455 καὶ
456 398 549 452 τὸν
588 398 648 464 ἐξ
699 398 873 469 ἀρχῆς
910 399 1207 467 γενόμενον
1246 399 1540 470 ἄνθρωπον
1568 402 1788 471 ῐδωμεν.
1842 405 1916 457 Οὐ

2048 408 2113 459 tia
2148 425 2160 459 :
2200 407 2293 461 sed
2324 407 2589 477 siquidem
2629 410 2768 466 scire
2796 410 2959 465 vultis
3010 412 3301 481 qualenam
3341 412 3407 465 ab
3454 410 3610 465 initio

325 494 436 561 γὰρ
468 491 645 553 οὕτως
670 492 731 542 τδ
778 491 937 560 σῶμα
964 492 1136 543 ἒκεῖνο
1158 491 1396 559 φθαρτὸν
1416 493 1506 544 καὶ
1536 493 1801 562 ἐπίκηρον
1826 489 1912 562 ἦν,

323 582 465 637 ἀλλὰ
499 582 756 651 καθάπερ
776 599 858 644 τις
883 580 1119 651 χρυσοῦς
1149 581 1372 650 ἀνδριὰς
1407 582 1516 635 ἀπὸ
1546 582 1916 651 χωνευτηρίου

329 673 617 743 προελθὼν
662 675 789 743 ἄρτι
844 672 941 726 καὶ
997 672 1269 742 λαμπρῶς
1319 672 1689 735 ἀποστίλϐων,
1742 672 1918 733 οὕτως

327 766 515 835 πάσης
561 765 768 835 φθορᾶς
791 764 852 816 rb
886 764 1047 832 σῶμα
1089 767 1266 818 ἐκεῖνο
1301 764 1642 832 ἀπήλλακτο,
1676 764 1771 817 καὶ
1796 763 1919 817 οὔτε

332 856 496 917 πόνος
532 854 785 925 ἠνώχλει,
814 854 943 907 οὗτε
968 855 1135 925 ἱδρὼς
1170 856 1517 924 ἐλυμαίνετο,
1541 856 1602 909 οὐ
1640 855 1923 925 φροντίδες

333 951 720 1014 ὲπεῦοὑλευον,
751 950 853 1003 οὐκ
880 950 1113 1017 ἀθυμίαι
1147 949 1525 1020 ἐπολιόρκουν,
1550 950 1610 1002 οὐ
1639 948 1834 1019 ῥύπος,
1860 948 1922 1001 οὐ

333 1044 600 1111 δάκρυον,
640 1042 753 1095 οὐδ’
793 1041 923 1094 ἄλλο
961 1058 1013 1094 τι
1046 1041 1154 1094 τῶν
1192 1042 1455 1095 τοιούτων
1485 1040 1676 1094 ὲλύπει
1708 1040 1921 1094 παθῶν.

351 1132 494 1184 Ἀλλ’
528 1133 720 1202 ἐπειδὴ
752 1132 892 1202 πρδς
926 1132 1020 1184 τόν
1048 1132 1351 1202 εὐεργέτην
1389 1132 1668 1202 ἐξύϐρισε,
1701 1132 1835 1192 Θεός
1866 1149 1925 1184 τε

337 1225 597 1291 γενέσθαι
624 1225 844 1294 ἤλπισε,
863 1226 961 1278 καὶ
986 1224 1164 1294 μείζω
1192 1224 1290 1294 τῆς
1320 1225 1527 1287 οἰκείας
1550 1226 1709 1289 ἀξίας
1735 1225 1929 1278 ἐλαϐεν

339 1319 575 1381 ἔννοιαν,
630 1320 751 1371 τότε
797 1319 888 1388 δὴ,
928 1318 1050 1373 τότε
1087 1318 1446 1390 σωφρονίζων
1498 1319 1665 1372 αὑτὸν
1715 1321 1743 1372 ό
1799 1320 1928 1384 Θεὸς

341 1411 590 1479 φθαρτὸν
609 1409 773 1463 αὑτὸν
797 1410 1024 1481 ἐποίησε
1059 1411 1153 1464 καὶ
1179 1410 1398 1481 θνητὸν,
1433 1411 1529 1463 καὶ
1558 1413 1676 1473 ταῖς
1708 1410 1945 1472 πολλαῖς

339 1502 574 1565 ταύταις
634 1503 905 1569 ἀνάγκαις
967 1504 1260 1572 κατέδησε.
1301 1520 1321 1555 ι
1390 1501 1575 1555 Ταῦτα
1626 1501 1727 1570 μὲν
1783 1501 1933 1555 οὖνὸ

342 1596 627 1657 θειότατος
667 1594 942 1665 Ἰωάννης.
983 1595 1102 1664 Ἐφ’
1134 1588 1178 1663 ᾧ
1219 1596 1312 1648 καὶ
1352 1593 1634 1664 ἄφθαρτον
1667 1595 1846 1647 ἐκεῖνο
1875 1592 1934 1645 τὸ

344 1687 509 1755 σῶμα
537 1686 765 1748 δικαίως
810 1686 839 1738 ό
869 1688 1029 1755 λόγος
1062 1685 1292 1739 ἐκάλεσε
1313 1702 1328 1717 σ
1392 1683 1454 1737 τὸ
1484 1683 1591 1753 γάρ
1620 1684 1707 1753 οἵᾳ
1738 1683 1803 1753 δή
1826 1701 1936 1739 τινι

344 1741 525 1849 φθορᾷ
588 1778 665 1848 μὴ
728 1741 1091 1849 ἀποκείρενον
1150 1778 1431 1849 ἄφθαρτον
1486 1741 1940 1846 όμολογουιίένως
1974 1741 2014 1795 Β

344 1872 524 1925 ἐστίν.

2022 512 2219 563 corpus
2252 498 2407 551 nobis
2449 498 2590 552 Deus
2631 498 2971 565 formaverit,
3033 501 3098 554 ad
3135 500 3445 571 paradisum
3485 516 3610 551 nos-

2022 595 2133 641 met
2160 586 2512 647 conferamus
2544 599 2597 643 et
2649 591 2928 644 hominum
2985 592 3133 645 illum
3190 586 3493 661 principem
3532 590 3616 642 in-

2029 690 2299 735 tueamur.
2327 683 2437 737 Nec
2482 684 2627 737 enim
2660 701 2859 754 corpus
2917 686 3087 755 ipsius
3135 684 3383 739 interitui
3440 684 3615 737 obno-

2025 774 2169 828 xium
2197 784 2251 829 et
2275 776 2541 831 caducum
2575 786 2712 842 erat,
2741 778 2837 832 sed
2867 778 3039 833 instar
3068 794 3250 833 aureae
3296 785 3489 831 statua:
3520 790 3606 828 re-

2025 881 2157 920 cens
2187 866 2395 919 educta:
2438 867 2506 921 de
2540 866 2760 921 fornace
2796 867 3130 937 miriﬁceque
3178 864 3514 938 splendentis
3548 863 3616 917 ah

2027 954 2176 1007 omni
2214 970 2413 1024 corpus
2443 955 2574 1008 illud
2603 956 2823 1010 interitu
2874 967 2994 1012 erat
3037 958 3300 1011 immune.
3365 956 3485 1010 Non
3539 953 3616 1006 illi

2030 1046 2293 1099 molestus
2324 1055 2443 1099 erat
2474 1046 2628 1101 labor
2664 1047 2827 1112 ullus,
2860 1064 2969 1103 non
2992 1064 3021 1101 a
3044 1051 3243 1102 sudore
3293 1048 3614 1107 laadebalur,

2031 1151 2139 1190 non
2177 1134 2579 1190 insidiabantur
2631 1138 2680 1191 ei
2718 1154 2885 1203 curm,
2949 1153 3056 1192 non
3118 1154 3382 1193 maerores
3438 1139 3616 1207 ipsum

2031 1229 2439 1298 oppugnabant,
2478 1244 2586 1283 non
2624 1231 2839 1295 sordes,
2874 1245 2983 1284 non
3016 1231 3296 1299 lacrymae,
3326 1245 3435 1282 non
3472 1228 3618 1282 aliud

2032 1319 2329 1388 quidquam
2367 1319 2637 1388 ejusmodi
2698 1318 3049 1374 allectionum
3100 1319 3353 1373 vexabat.
3421 1316 3622 1370 Verum

2036 1420 2385 1480 posteaquam
2412 1411 2679 1466 adversus
2709 1412 3014 1467 beneficum
3045 1426 3169 1483 erga
3195 1428 3253 1468 se
3285 1411 3452 1465 Deum
3474 1420 3619 1479 petu-

2037 1500 2212 1555 lanter
2247 1504 2439 1573 gessit,
2470 1512 2523 1558 et
2560 1504 2729 1557 Deum
2794 1518 2853 1557 se
2905 1518 3195 1557 evasurum
3254 1503 3513 1570 Speravit,
3574 1510 3630 1555 et

2039 1594 2243 1663 majora
2276 1610 2436 1663 quam
2471 1595 2642 1665 ipsius
2671 1595 3099 1666 dignitasferret
3128 1595 3312 1648 animo
3351 1594 3627 1662 c0neepit,

2044 1691 2158 1736 tum
2194 1699 2323 1739 vero
2360 1687 2640 1758 castigans
2691 1702 2818 1743 eum
2860 1688 3005 1741 Deus
3046 1685 3299 1741 interitui
3354 1686 3630 1753 mortique

2048 1777 2286 1831 reddidit
2318 1779 2650 1845 obnoxium,
2682 1796 2747 1836 ae
2792 1781 2962 1841 variis
3010 1780 3162 1835 hisce
3203 1777 3630 1833 necessitatibus

2046 1869 2393 1924 adstrinxita
2453 1871 2580 1927 llaec
2613 1873 2853 1928 hominis
2901 1874 3047 1927 illius
3080 1872 3251 1927 divini
3282 1870 3447 1925 verba
3484 1878 3632 1932 sunt,

344 1984 580 2037 quorum
615 1969 947 2025 auctoritate
981 1969 1027 2025 si
1061 1984 1263 2039 corpus
1293 1968 1491 2023 Adami
1523 1968 1775 2024 dicamus
1802 1966 2063 2023 interitus
2098 1984 2294 2039 expers
2325 1970 2517 2037 fuisse,
2555 1981 2703 2027 recte
2755 1972 2810 2027 id
2871 1972 3093 2042 quidem
3156 1970 3353 2025 facturi
3409 1983 3632 2025 sumus:

346 2081 476 2120 nam
510 2066 656 2134 quod
694 2065 828 2120 nulli
854 2066 1165 2136 subjectum
1190 2077 1276 2122 est
1296 2065 1570 2130 interitui,
1604 2064 1750 2119 haud
1777 2063 1945 2120 dubie
1981 2065 2261 2120 latendum
2299 2075 2380 2121 est
2417 2066 2680 2122 interitus
2716 2082 2915 2137 expers
2944 2082 3087 2122 esse.

422 2164 482 2214 Ei
512 2163 570 2215 δὲ
599 2163 902 2233 ἄφθαρτον,
930 2162 1049 2226 πῶς
1072 2162 1181 2232 ἀρα
1209 2162 1303 2215 καὶ
1328 2160 1452 2215 τίνα
1479 2160 1682 2232 τρόπον
1706 2161 1937 2231 ἔπασχε,

343 2249 507 2304 τοῦτο
538 2251 736 2320 μαθεῖν
782 2247 1067 2320 ἀξιοῦμεν.
1113 2248 1313 2318 Ἡμεῖς
1346 2248 1457 2320 γὰρ
1486 2250 1581 2319 ἀφ’
1614 2249 1828 2302 ἑαυτῶν
1853 2251 1942 2301 ὲν-

346 2345 563 2413 νοῆσαι,
621 2341 742 2404 πῶς
782 2341 1061 2395 ὑπέπιπτε
1118 2339 1322 2395 πάθεσι
1358 2340 1520 2410 σῶμα
1556 2342 1739 2410 πάσης
1770 2340 1945 2410 ἀπηλ-

347 2436 624 2505 λαγμένον
660 2435 889 2506 φθορᾶς,
940 2436 1041 2488 οὐκ
1074 2435 1240 2503 ἐσμὲν
1296 2435 1494 2497 ἱκανοὶ,
1532 2435 1628 2487 καὶ
1663 2433 1753 2488 διὰ
1786 2434 1942 2487 τοῦτο

347 2525 785 2603 παρακαλοῦμεν
821 2524 1032 2595 μαθεῖν.
1102 2524 1229 2581 ’Ότι
1264 2525 1320 2579 δὲ
1358 2524 1635 2595 ἄφθαρτον
1666 2526 1843 2577 ἐκεῖνο
1883 2525 1945 2577 τὸ

349 2616 515 2689 σῶμα
567 2622 662 2673 καὶ⁸
715 2620 983 2673 ἀθάνατον
1030 2613 1120 2687 ἦν,
1177 2620 1205 2671 ὁ
1260 2616 1538 2688 μακάριος
1594 2616 1764 2681 ἔδειξε
1834 2616 1946 2668 Κύ-

350 2712 536 2782 ριλλος
581 2714 639 2765 ὲν
681 2712 758 2782 τῷ
809 2714 887 2775 εἰς
918 2713 1018 2779 τὴν
1072 2710 1443 2782 δημιουργίαν
1492 2708 1588 2763 τοῦ
1650 2708 1943 2779 ἀνθρώπου

344 2804 499 2874 λόγῳ
526 2803 716 2866 αὐτοῦ,
756 2803 895 2857 κατά
924 2802 1070 2867 λέξιν
1093 2802 1270 2864 οὕτως
1302 2800 1475 2854 εἰπών
1499 2818 1514 2833 ο
1559 2819 1577 2852 ι
1617 2800 1947 2869 Ἐπεποίητο

352 2897 457 2967 μξν
483 2897 594 2949 ἀπὸ
623 2895 729 2964 γῆς
751 2895 812 2951 τὸ
839 2895 999 2965 σῶμα
1020 2894 1115 2950 τοῦ
1148 2893 1343 2963 ’Δδάμ,
1366 2893 1593 2962 ἄμεινον
1624 2892 1683 2945 δὲ
1712 2891 1945 2944 θανάτου

349 2972 451 3047 καὶ
477 2988 686 3060 φθορᾶς
729 2984 800 3061 ἦν
824 3004 839 3019 ο
896 2987 1230 3057 ὲνεφύτευσε
1275 2986 1386 3057 γὰρ
1433 2982 1585 3057 αὐτῷ
1616 2984 1716 3054 τὴν
1740 2984 1885 3053 ζωὴν
1919 2984 1947 3036 ό

348 3064 454 3160 si;
507 3079 654 3145 ζωῆς
680 3080 935 3151 χορηγός.
976 3097 993 3130 ι
1053 3078 1215 3134 Ἀλλά
1245 3079 1342 3131 καὶ
1369 3078 1397 3131 ὀ
1450 3077 1626 3147 μέγας
1663 3074 1943 3139 Βασίλειος

2116 2161 2322 2227 Quodsi
2368 2178 2571 2231 expers
2618 2164 2876 2218 interitus
2925 2163 3047 2229 fuit,
3090 2177 3199 2232 quo
3224 2169 3383 2231 pacto
3417 2160 3636 2215 tandem

2044 2254 2255 2324 aliquid
2287 2256 2401 2325 pati
2434 2258 2680 2326 potuerit
2710 2257 2854 2311 scire
2887 2256 3164 2326 cupimus.
3233 2254 3449 2308 Etenim
3493 2253 3641 2322 cogi-

2045 2354 2160 2400 tare
2211 2363 2310 2417 per
2360 2362 2465 2401 nos
2525 2348 2696 2416 ipsos,
2745 2348 2839 2417 qui
2890 2361 3095 2416 corpus
3124 2346 3192 2401 ab
3225 2345 3374 2399 omni
3406 2345 3637 2398 liberum

2046 2451 2110 2491 ac
2139 2436 2382 2492 immune
2416 2438 2643 2493 interitu
2674 2440 2776 2492 sub
2803 2437 3126 2494 affectiones
3153 2438 3352 2491 cadere
3378 2436 3640 2506 potuerit,

2047 2546 2153 2584 non
2188 2532 2321 2586 satis
2356 2546 2687 2600 possumus;
2744 2531 2979 2600 ideoque
3009 2546 3105 2599 per
3137 2530 3278 2585 alios
3320 2530 3427 2583 hoc
3458 2530 3638 2598 ipsum

2046 2623 2361 2692 expetimus
2397 2639 2757 2694 cognoscere.
2819 2624 3037 2693 Corpus
3076 2623 3302 2692 quidem
3355 2624 3470 2692 88
3506 2623 3638 2675 illn.l

2047 2726 2246 2781 expers
2275 2712 2530 2767 interitus
2562 2722 2616 2766 et
2647 2712 2958 2767 immortale
2996 2712 3191 2777 fuisse,
3235 2712 3431 2765 beatus
3475 2712 3640 2764 etiam

2048 2802 2285 2873 Cyrillus
2320 2804 2586 2867 ostendit,
2619 2804 2671 2857 in
2707 2805 2955 2858 oratione
2986 2820 3081 2859 sua
3114 2805 3185 2858 de
3219 2803 3460 2858 hominis
3492 2817 3636 2855 crcao

2054 2897 2201 2949 tione
2236 2895 2315 2950 sic
2343 2896 2409 2948 ad
2446 2896 2673 2949 verbum
2716 2896 3035 2949 disserens:
3103 2897 3209 2949 «De
3245 2907 3384 2949 terra
3416 2895 3637 2964 quidem

2052 2988 2254 3042 factum
2291 2996 2409 3042 erat
2442 2987 2635 3042 Adami
2674 3001 2876 3055 corpus
2904 3026 2917 3052 ,
2968 2986 3065 3042 sed
3106 2987 3250 3040 idem
3289 3003 3452 3055 supra
3492 3003 3643 3042 mor-

2051 3088 2158 3134 tem
2212 3089 2269 3135 et
2325 3079 2607 3134 interitum
2664 3094 2883 3133 onmem
2944 3078 3182 3149 positum
3226 3089 3383 3133 erat:
3438 3081 3643 3149 quippe

350 3147 489 3245 aj'atb
512 3147 981 3243 routo'ﬂep‘totdw
1014 3170 1169 3239 ἔλεγε
1198 3187 1211 3201 ·
1236 3188 1256 3223 ι
1284 3168 1622 3233 Πλάσαςντὸν
1656 3168 1943 3239 ἄνθρωπον

2051 3174 2218 3228 vitam
2248 3173 2297 3228 ei
2343 3173 2469 3229 vitae
2512 3172 2895 3242 suppeditator
2960 3180 3016 3225 et
3067 3178 3263 3225 auctor
3302 3147 3636 3224 inseverat.»

352 3269 383 3335 ῤ
418 3265 551 3327 Θεὸς
586 3264 811 3319 αἰωνίου
838 3262 987 3341 ζωῆς
1017 3262 1325 3316 ἀπόλαυσιν
1366 3260 1519 3331 αὐτῷ
1559 3258 1883 3331 ἐχαρίσατο.
1923 3278 1941 3310 ι

350 3356 500 3427 Πρὸς
533 3355 589 3408 δέ
620 3372 684 3424 γε
711 3357 826 3418 τοῖς
848 3354 1162 3425 εἰρημένοις
1190 3352 1284 3406 καὶ
1308 3354 1336 3405 ὁ
1364 3351 1643 3416 θειότατος
1680 3350 1948 3421 Βαρλαάμ

351 3447 499 3502 οὕτω
526 3446 665 3517 πρὸς
715 3446 952 3514 Ἰωάσαφ
985 3445 1219 3516 εὕρηται
1244 3444 1420 3511 λέγων
1439 3460 1458 3478 ο
1487 3464 1506 3497 ι
1529 3444 1634 3497 Τὸν
1651 3443 1749 3497 ἀπ’
1771 3442 1947 3513 ἀρχῆς

350 3524 649 3610 ἄνθρωπον
681 3539 709 3591 ό
732 3537 866 3602 Θεὸς
890 3537 1336 3607 αὐτεξουσιότητι
1356 3536 1452 3589 καλ⁸
1484 3535 1763 3603 ἀθανασία
1784 3535 1949 3604 τιμή-

354 3618 460 3690 σας
516 3627 744 3698 βασιλέα
801 3627 1024 3680 πάντων
1062 3627 1174 3679 τῶν
1211 3625 1475 3694 ἐπιγείων
1519 3623 1882 3693 κατέστησεν.
1922 3641 1942 3674 ι

364 3716 514 3772 Ἀλλ’
544 3719 666 3787 ὅρα,
731 3717 827 3770 καὶ
860 3717 936 3787 μὴ
973 3718 1273 3787 παρέργως
1306 3714 1546 3784 ὲπέρχου
1598 3712 1667 3766 τά
1722 3711 1948 3766 τοιαῦτα

352 3793 481 3863 θεῖα
510 3808 670 3880 ῥητά.
705 3810 859 3874 "Atta.
894 3808 993 3878 μὲν
1038 3810 1149 3877 γάρ
1172 3808 1201 3858 ὀ
1235 3805 1357 3859 κατ’
1407 3805 1594 3858 εἰκόνα
1637 3803 1945 3874 παρήγετο,

352 3903 455 3956 καὶ
486 3902 604 3969 ἅμα
633 3902 733 3972 τῆς
769 3901 1259 3969 αὑτεξουσιότητος
1317 3897 1519 3968 ἠξίωτο
1549 3897 1643 3950 καὶ
1678 3895 1778 3964 τῆς
1807 3894 1945 3948 ἀθα-

350 3996 553 4058 νασίας
585 3995 691 4047 ὑπὸ
746 3976 921 4047 Θεοῦ.Δ
970 3994 1081 4046 Καὶ
1111 3992 1228 4054 πῶς
1262 3990 1456 4043 λοιπὸν
1486 3986 1652 4042 αὐτὸν
1700 3986 1960 4053 εἴπωμεν.

354 4086 663 4147 ἀθανασίας
694 4082 834 4139 εἶναι
866 4084 959 4138 καὶ
989 4082 1321 4152 θνητότητος
1373 4081 1643 4151 μέτοχον;
1692 4077 1949 4130 Ἀσυλλό-

354 4194 571 4248 γιστον,
613 4180 688 4241 ὡς
743 4174 920 4246 οἶμαι,
953 4176 1049 4229 καὶ
1080 4173 1239 4228 τοῦτο
1268 4173 1393 4226 λίαν
1428 4172 1601 4225 ἐστίν.
1634 4170 1696 4228 Εἰ
1722 4170 1831 4240 γὰρ
1866 4170 1950 4221 ὲν-

354 4262 550 4341 νοῆσαι
582 4272 804 4340 εἰχομεν
834 4270 915 4321 ὅτι
945 4266 1174 4338 βασιλέα
1216 4265 1524 4336 κατέστησε
1553 4263 1660 4315 τῶν
1688 4260 1951 4329 ἐπιγείων

354 4348 547 4427 αὖτὸν,
592 4362 868 4431 ἀθανασίᾳ
902 4361 1145 4429 τιμήσας
1178 4357 1340 4410 αὐτὸν
1382 4355 1674 4425 πρότερον,
1732 4352 1835 4405 οὐκ
1882 4351 1950 4406 ἂν

2051 3267 2198 3321 Idem
2224 3275 2275 3320 et
2310 3282 2338 3320 a
2371 3265 2571 3319 Basilio
2626 3280 2824 3334 magno
2885 3264 3071 3318 verbis
3122 3265 3208 3317 his
3263 3264 3642 3332 signiﬁcatur:

2058 3361 2225 3414 «Cum
2290 3358 2583 3412 formasset
2648 3356 2933 3410 hominem
2993 3354 3182 3418 Deus,
3246 3363 3464 3406 aetezna:
3521 3353 3645 3406 vita:

2051 3452 2371 3506 fruitionem
2404 3451 2453 3505 ei
2486 3450 2715 3521 largitus
2743 3457 2881 3504 est.»
2950 3445 3153 3501 Prazter
3178 3449 3280 3500 hos
3307 3445 3527 3499 divinus
3551 3445 3643 3498 ille

2051 3546 2369 3599 Barlaamus
2400 3543 2465 3597 ad
2496 3540 2840 3611 Joasaphum
2873 3541 2928 3594 in
2960 3540 3100 3593 hanc
3129 3524 3462 3593 sententiam
3491 3540 3635 3591 scri-

2053 3636 2201 3705 psit:
2238 3633 2533 3688 llominem
2582 3632 2734 3685 illum
2789 3630 3093 3701 principem
3156 3628 3303 3683 Deus
3356 3628 3647 3681 voluntate

2052 3726 2224 3780 libera
2261 3724 2543 3793 praeditum
2581 3731 2636 3775 et
2669 3729 2923 3776 ornatum
2957 3719 3370 3772 immortalitate
3398 3717 3631 3771 univer-

2053 3832 2234 3870 sarum
2272 3830 2451 3869 rerum
2512 3813 2854 3869 terrestrium
2919 3826 3103 3881 regem
3142 3810 3446 3865 constituit.
3511 3809 3635 3878 lpsa

2053 3908 2287 3977 denique
2316 3922 2589 3961 sacrarum
2619 3907 2941 3960 Litterarum
2968 3904 3133 3959 verba
3164 3903 3297 3959 mihi
3325 3903 3521 3970 aspice,
3544 3915 3647 3954 nec

2055 4001 2232 4055 obiter
2270 4000 2505 4069 perlege.
2538 3998 2711 4052 Simul
2744 3998 2891 4051 enim
2930 3996 3098 4049 homo
3130 3995 3196 4048 ad
3228 3992 3517 4060 imaginem
3552 3994 3644 4045 Dei

2054 4091 2419 4153 condebatur,
2455 4097 2511 4142 et
2536 4097 2643 4140 tam
2679 4087 2908 4142 arbitrio
2940 4085 3241 4139 voluntatis
3272 4084 3450 4137 libero
3482 4100 3646 4153 quam

2055 4180 2469 4237 immortalitate
2505 4177 2769 4233 divinitus
2794 4176 3120 4231 donabatur.
3160 4175 3280 4242 Quo
3304 4176 3468 4247 igitur
3492 4186 3650 4246 pacto

2054 4275 2303 4329 dicemus
2327 4288 2451 4325 eum
2489 4271 2693 4334 tariter
2733 4268 3163 4325 immortalitatis
3196 4283 3259 4322 ac
3295 4268 3647 4323 mortalitatis

2052 4365 2421 4436 participem?
2485 4362 2757 4419 Abhorret
2798 4363 2898 4415 hoc
2919 4362 3214 4417 scilicetab
3234 4361 3382 4416 Otnni
3411 4363 3642 4415 ratione.

355 4452 543 4508 ἐκεῖσε
572 4452 669 4531 καὶ
702 4452 1008 4522 θνητότητα
1032 4448 1517 4520 παρεμιγνύομεν,
1552 4447 1652 4499 οὐκ
1682 4445 1747 4498 ἂν
1775 4443 1943 4497 ἀσυλ-

2057 4458 2272 4527 Quippe
2306 4457 2352 4509 si
2377 4455 2660 4508 nobiseum
2683 4463 2828 4508 recte
2865 4468 3155 4523 possemus
3177 4452 3487 4523 expendere
3506 4451 3649 4519 quod

356 4546 585 4610 λόγιστα
611 4541 681 4593 τὰ
712 4539 947 4615 τοιαῦτα
972 4536 1327 4604 διενοούμεθα
1354 4539 1480 4609 περὶ
1514 4536 1605 4589 τοῦ
1639 4535 1948 4605 γεγενημέ-

357 4652 454 4688 νου
511 4633 636 4687 κατ’
686 4634 874 4685 εἰκόνα
938 4629 1097 4684 Θεοῦ.
1134 4631 1299 4684 Ἀλλά
1329 4631 1424 4683 καὶ
1459 4633 1487 4683 ὁ
1540 4629 1948 4700 χρυσορρήμων

372 4729 629 4800 Ἰωάννης
652 4729 784 4782 αὐτὸ
818 4727 975 4780 τοῦτο
995 4726 1321 4797 παρίστησι,
1345 4724 1561 4791 διεξιὼν
1586 4724 1788 4778 οὑτωσὶ
1810 4721 1953 4776 κατὰ

358 4824 507 4888 λέξιν
537 4824 594 4876 ἐν
624 4825 691 4892 τῇ
725 4823 804 4884 εἰς
836 4821 935 4891 τὴν
978 4808 1317 4890 Ἐξαήμερον
1372 4824 1458 4872 κα¹
1514 4817 1702 4888 ὁμιλίᾳ
1746 4815 1948 4869 αὐτοῦ’

367 4934 386 4968 ι
425 4916 854 4987 Δημιουργήσας
910 4914 1001 4967 τὸν
1059 4912 1407 4984 ἀνθρωπονὸ
1463 4912 1618 4978 Θεὸς,
1669 4910 1952 4981 ὴὸουλήθη

361 5011 585 5063 πάντων
632 5010 745 5061 τῶν
777 5006 1076 5078 ὁρωμένων
1123 5006 1221 5077 τὴν
1257 5004 1431 5077 ἀρχὴν
1464 5003 1631 5056 αὐτὸν
1653 5002 1819 5072 ἔχειν.
1863 5003 1955 5055 Διὸ

364 5101 461 5153 καὶ
484 5099 583 5169 τὴν
613 5101 708 5169 τῆς
735 5099 916 5169 ψυχῆς
948 5098 1135 5150 οὐσίαν
1157 5098 1309 5166 αὐτῷ
1326 5094 1641 5167 ἐχαρίσατο.
1669 5092 1956 5163 βουληθεὶς

364 5187 509 5242 εἶναι
542 5191 708 5242 αὐτὸν
759 5190 854 5242 καὶ
910 5189 1184 5243 ἀθάνατον
1236 5190 1319 5251 εἰς
1372 5188 1431 5239 τὸ
1475 5185 1751 5256 διηνεκές.
1815 5184 1959 5237 Ἀλλ’

363 5284 554 5353 ἐπειδὴ
585 5283 676 5335 διὰ
701 5281 976 5352 ῥᾳθυμίαν
1002 5280 1201 5334 ὤλισθε
1226 5282 1318 5332 καὶ
1338 5280 1556 5350 παρέϐη
1586 5279 1684 5350 τὴν
1706 5280 1957 5332 δοθεῖσαν

364 5374 519 5445 αὐτῷ
550 5374 796 5443 ἐντολὴν,
823 5372 941 5425 οὐδὲ
971 5372 1150 5436 οὕτως
1179 5373 1512 5441 ἀπεστράφη
1544 5372 1732 5424 τέλεον
1767 5371 1956 5434 αὑτὸν,

364 5466 509 5519 ἀλλά
560 5466 664 5535 τῆς
721 5464 821 5533 μὲν
854 5462 1156 5525 ἀθανασίας
1225 5460 1597 5532 ἀπεστέρησε,
1655 5460 1873 5529 θανάτῳ
1904 5460 1959 5511 δὲ

365 5556 752 5620 καταδικάσας
789 5555 882 5609 ἐπὶ
950 5556 1051 5627 τῆς
1113 5554 1288 5625 αὐτῆς
1339 5554 1518 5627 ἀφῆκε
1577 5553 1767 5625 σχεδὸν
1818 5547 1960 5608 εἶναι

366 5650 567 5719 ἀρχῆς.
608 5667 628 5700 ι
666 5696 669 5697 κ

2057 4550 2329 4603 hominem
2350 4548 2492 4601 Deus
2512 4545 2854 4600 terrestrium
2892 4559 3073 4614 regem
3091 4542 3462 4605 constituerit,
3482 4557 3649 4593 orna-

2057 4653 2168 4698 tum
2221 4640 2288 4694 ab
2312 4655 2370 4694 se
2396 4640 2549 4708 prius
2574 4635 3008 4699 immortalitate,
3052 4651 3160 4689 non
3186 4634 3275 4688 hic
3301 4633 3652 4687 mortalitatis

2053 4736 2346 4806 quidquam
2365 4734 2814 4793 innnisceremus,
2838 4729 3031 4784 nonde
3045 4728 3267 4783 condito
3279 4726 3344 4781 ad
3361 4726 3651 4798 imaginem

2054 4831 2148 4884 Dei
2173 4829 2466 4898 quidquam
2492 4826 2717 4881 absurdi
2742 4825 3139 4896 cogitaremus.
3175 4820 3324 4875 Facit
3345 4821 3455 4875 huc
3478 4817 3644 4874 Joan-

2055 4925 2142 4976 nis
2164 4921 2540 4993 Chrysostomi
2566 4920 2741 4986 locus,
2762 4920 2856 4989 qui
2880 4918 2935 4972 in
2963 4915 3211 4972 oratione
3234 4915 3296 4969 21
3328 4915 3392 4969 de
3414 4930 3508 4969 sex
3533 4913 3649 4966 die-

2057 5031 2177 5070 rum
2237 5013 2497 5084 operibus
2557 5020 2769 5067 exstat:
2838 5008 3023 5065 tCum
3079 5008 3383 5071 hominem,
3445 5006 3649 5075 inquit,

2060 5115 2300 5160 creasset
2324 5104 2467 5159 Deus
2496 5104 2673 5158 voluit
2719 5118 2845 5156 eum
2878 5102 2932 5155 in
2967 5116 3053 5155 res
3082 5101 3365 5154 universas
3401 5108 3649 5166 aspecta-

2062 5200 2196 5254 hiles
2254 5197 2544 5266 imperium
2577 5196 2801 5248 habere.
2869 5194 3081 5249 Idcirco
3114 5191 3278 5246 etiam
3309 5188 3360 5243 ei
3397 5198 3647 5240 naturam

2062 5301 2115 5345 et
2142 5289 2438 5345 essentiam
2472 5289 2669 5341 anima:
2711 5286 2939 5355 largitus
2967 5292 3070 5347 est,
3105 5281 3252 5352 quod
3299 5294 3421 5335 eum
3459 5292 3651 5347 perpe—

2067 5394 2157 5439 tuo
2190 5382 2354 5435 vellet
2384 5380 2751 5434 immortalem
2782 5394 2925 5432 esse.
2980 5376 3058 5430 Ac
3089 5372 3303 5429 tametsi
3339 5386 3434 5439 per
3465 5382 3648 5422 secor-

2063 5477 2205 5530 diam
2255 5475 2443 5544 lapsus
2491 5474 2562 5527 sit
2609 5473 3039 5538 mandatumque
3096 5466 3197 5521 sibi
3264 5458 3644 5530 prmscriptum

2067 5582 2444 5636 transgressus
2467 5607 2481 5632 ,
2518 5581 2626 5620 non
2673 5573 2854 5618 tamen
2890 5562 3067 5629 ipsnm
3107 5567 3330 5626 prorsus
3360 5557 3648 5602 ίινοτδθιιιῖι

2068 5673 2173 5727 est,
2230 5661 2324 5714 sed
2387 5658 2801 5713 immortalitate
2848 5652 3140 5722 spoliatum
3178 5662 3241 5700 ac
3275 5650 3451 5697 morte
3493 5642 3647 5697 dam-

2071 5762 2257 5809 natum
2306 5752 2705 5824 prepcmodum
2753 5749 2808 5803 iu
2840 5744 3032 5801 eodem
3088 5736 3322 5809 imperio
3358 5734 3637 5804 reliquita
