4062 6186
417 225 518 290 183

406 436 748 493 constituere
807 439 1036 492 voluerit
1103 437 1510 506 aspw-tabilium
1600 457 1814 510 regem,
1887 445 1982 496 sed

407 529 574 582 etiam
611 529 715 583 hoc
751 529 1038 598 imperium
1080 528 1129 582 ci
1173 543 1496 586 concessum
1533 531 1780 590 absolute
1817 535 1983 602 fuisse

410 623 574 676 rebus
612 621 744 688 ips's
775 620 1086 678 declararit.
1149 620 1362 690 Quippe
1394 623 1460 676 ad
1503 623 1682 692 ipsum
1723 627 1984 685 animalia

408 726 606 769 cuncta
637 713 879 776 deduxit,
918 717 1133 768 tametsi
1167 718 1296 786 quid
1334 727 1652 774 secuturum
1692 736 1838 774 esset
1873 737 1982 787 non

410 805 708 873 ignoraret.
769 804 889 870 Quo
925 804 1128 864 fattum
1169 816 1226 860 ut
1258 809 1442 863 omnia
1488 810 1742 864 Servilem
1775 811 1828 863 in
1863 827 1983 864 mo-

407 892 534 943 dum
583 891 685 960 ipsi
735 895 972 946 astantia
1027 911 1155 949 suas
1217 913 1314 965 per
1373 898 1552 966 ipsum
1585 899 1984 968 appellationes

403 983 736 1049 acceperint.
829 985 903 1040 Ita
983 1002 1080 1055 per
1155 998 1398 1044 mentum
1482 991 1858 1062 intelligentiae
1932 993 1980 1048 vi

403 1073 682 1142 praeditam
754 1076 896 1130 Deus
979 1078 1258 1134 hominem
1348 1082 1511 1136 etiam
1574 1085 1984 1141 immortalitate

403 1163 640 1216 ornavit.
715 1162 1041 1234 Quanquam
1125 1168 1274 1221 enim
1334 1167 1577 1224 futuram
1642 1185 1752 1224 non
1812 1171 1983 1227 multo

402 1262 526 1322 post
575 1255 1023 1310 cxorbitationem
1072 1273 1182 1312 non
1232 1259 1490 1324 nesciret,
1530 1271 1708 1315 tamen
1749 1279 1872 1318 eum
1913 1265 1982 1318 ob
2053 1285 2060 1295 ·

399 1347 577 1402 solum
612 1349 962 1419 cogitationis
1004 1350 1310 1407 institutmn
1358 1353 1620 1410 damnare
1653 1372 1762 1411 non
1794 1359 1981 1423 vellet,

402 1444 774 1491 consientanea
812 1438 921 1493 Deo
957 1437 1167 1495 ratione
1202 1443 1492 1498 consilium
1539 1448 1980 1517 suum-perficit;

399 1529 647 1600 adeoque
679 1531 880 1585 mentis
912 1533 1255 1603 participem,
1282 1543 1344 1590 ut
1364 1535 1623 1603 diximus,
1662 1540 1898 1594 animam
1932 1542 1980 1596 ei

397 1620 648 1690 largitur,
675 1634 731 1677 ut
764 1623 990 1678 omnino
1026 1625 1350 1682 immortalis
1373 1641 1540 1684 esset.
1566 1629 1859 1687 Enimvero
1885 1649 1983 1688 cur

398 1713 675 1768 hominem
703 1715 884 1770 statim
915 1718 983 1772 ab
1013 1718 1170 1773 initio
1203 1735 1384 1790 regem
1421 1728 1762 1778 terrestrium
1789 1735 1844 1780 et
1875 1726 1978 1780 im-

398 1807 682 1860 mortalem
729 1810 1013 1866 condidit?
1044 1811 1114 1866 Ut
1150 1812 1278 1867 hinc
1322 1813 1602 1870 discamus
1627 1818 1791 1878 etiam
1819 1818 1976 1886 opifi-

396 1913 512 1950 cem
566 1898 714 1952 illum
759 1903 932 1956 nostri
972 1903 1140 1958 Deum
1188 1903 1404 1958 cunctis
1434 1905 1542 1960 illis
1580 1908 1832 1976 supernis
1867 1907 1979 1979 89

395 1991 759 2058 potestatibus
788 2007 910 2047 cum
946 1995 1172 2064 imperio
1195 2011 1450 2065 prazcssc,
1479 2014 1690 2053 necnon
1726 2002 1976 2054 eumdem

395 2095 518 2132 esse
540 2080 903 2138 immortalem
929 2087 1216 2155 ciuilisque
1237 2099 1519 2156 expertem
1541 2090 1819 2146 interitus.
1841 2089 1919 2144 Na
1945 2111 1975 2144 ιι

395 2185 462 2224 ea
510 2171 578 2226 de
619 2188 783 2229 causa
825 2176 1046 2244 pulvere
1094 2189 1314 2246 sumpto
1362 2178 1539 2248 inquit
1576 2201 1589 2235 :
1635 2201 1652 2233 ‹
1693 2181 1979 2239 Faciamus

397 2260 676 2316 hominem
714 2265 780 2318 ad
831 2266 1122 2334 imaginem
1153 2278 1421 2323 nostram.
1466 2289 1484 2323 ι
1525 2271 1680 2338 Quod
1708 2288 1832 2327 cum
1875 2274 1981 2327 50-

397 2353 544 2407 temo
576 2369 682 2406 non
712 2355 1009 2426 ignoraret,
1031 2376 1068 2408 -‹
1113 2358 1281 2424 Deus,
1319 2361 1415 2428 ait,
1455 2374 1685 2418 mortem
1716 2380 1823 2418 non
1848 2380 1980 2420 con-

394 2442 555 2511 didit,
590 2447 685 2502 sed
741 2446 794 2501 in
851 2457 999 2504 statu
1037 2449 1296 2507 interitus
1330 2463 1553 2525 experte
1583 2455 1648 2510 ad
1688 2457 1977 2527 imag'nem

395 2537 722 2591 :eternitatis
755 2552 868 2593 suae
901 2540 1177 2596 hominem
1235 2545 1445 2600 creavit
1471 2545 1536 2598 ⁸⁸.
1577 2563 1595 2596 ι
1630 2547 1708 2602 Ac
1760 2548 1976 2604 tametsi

396 2627 659 2697 deinceps
685 2645 810 2684 etim
837 2633 905 2686 ad
935 2644 1164 2688 mortem
1198 2637 1495 2706 damnavit,
1529 2653 1637 2694 non
1671 2649 1848 2692 tamen
1885 2641 1977 2696 diu

394 2721 795 2778 consolationis
822 2739 986 2794 egere
1041 2728 1315 2795 permisit.
1353 2728 1486 2783 Nam
1534 2731 1793 2786 transfert
1843 2732 1981 2786 Eno-

391 2815 584 2881 chum,
617 2832 791 2886 caque
833 2836 894 2876 re
937 2831 1188 2876 naturam
1219 2832 1463 2877 nostram
1509 2825 1884 2880 condocefacit
1921 2835 1979 2882 ut

398 2911 864 2968 immortalitatem
899 2915 1045 2970 illam
1077 2927 1374 2987 exspectet,
1407 2935 1512 2988 qua
1537 2921 1975 2990 proptcrinobe-

393 2999 657 3058 dientiam
709 3007 931 3061 excidit.
971 3008 1110 3064 Audi
1146 3009 1280 3078 quid
1328 3009 1518 3064 hacin
1567 3023 1719 3081 parte
1751 2999 1978 3084 magnus

393 3092 483 3147 ille
543 3094 878 3153 Athanasius
924 3100 976 3154 in
1025 3102 1278 3156 oratione
1325 3117 1421 3157 sua
1462 3103 1530 3156 de
1584 3103 1977 3174 Assumptione
2007 3128 2050 3187 ο

395 3187 575 3240 tradat
603 3204 618 3240 :
651 3206 668 3238 ι
705 3187 852 3244 Mors
885 3191 1104 3260 quidem
1137 3192 1364 3247 intravit
1389 3208 1486 3263 per
1516 3194 1973 3264 inobedieutiam,

393 3294 582 3332 verum
639 3281 996 3337 nihilominus
1047 3299 1158 3338 Suae
1218 3287 1669 3342 comminationis
1735 3290 1977 3360 vigorem

395 3370 584 3423 laxans
611 3371 753 3427 Deus
776 3375 960 3427 statim
992 3375 1235 3430 humano
1271 3381 1456 3448 generi
1490 3393 1642 3449 spem
1691 3382 1978 3436 immorta-

395 3461 566 3516 litatis
616 3463 747 3516 oriri
799 3463 948 3529 facit,
1001 3466 1128 3521 dum
1188 3468 1473 3526 Eoocbum
1517 3453 1772 3528 e'medio
1813 3475 1976 3544 rapit,

395 3569 572 3622 eoque
604 3565 758 3624 pacto
794 3571 894 3610 nos
929 3557 1089 3612 docet
1122 3571 1296 3616 metas
1325 3561 1752 3618 immortalitatis
1783 3581 1980 3635 exspe-

398 3648 626 3700 ctandas
691 3649 853 3703 nobis
911 3663 1052 3705 esse.
1098 3669 1118 3704 ι
1155 3651 1497 3708 Confirmant
1547 3657 1662 3712 haec
1693 3667 1749 3712 et
1773 3657 1980 3714 Christi

398 3737 674 3808 discipuli,
711 3755 834 3794 cum
871 3741 1062 3798 dicunt
1087 3759 1149 3799 ea
1184 3761 1304 3814 qua:
1333 3745 1558 3803 Enocho
1589 3759 1642 3804 et
1669 3749 1798 3803 Elia:
1838 3750 1981 3804 acci-

397 3832 602 3890 derint.
646 3846 1040 3903 repraesentare
1073 3839 1233 3893 nobis
1275 3839 1565 3911 insigniter
1599 3841 1978 3897 liberationem

399 3927 572 3979 nostri
601 3926 670 3979 ab
704 3927 926 3983 interitu
967 3940 1022 3984 et
1055 3930 1216 3986 vitam
1247 3933 1395 3987 illam
1431 3944 1774 4004 perpetuam.
1805 3935 1882 3989 Ac
1911 3936 1981 3990 de

401 4019 484 4073 his
497 4019 717 4089 quidem
739 4020 792 4074 in
813 4021 959 4075 hunc
979 4024 1198 4077 modum
1219 4024 1296 4078 illi
1314 4025 1713 4082 disseruerunt.
1741 4026 1981 4084 Joannes

397 4124 579 4166 autem
613 4112 1042 4184 Clirysostomus
1092 4118 1341 4185 exposuit
1381 4119 1542 4173 etiam
1575 4120 1838 4175 illustrius
1886 4121 1982 4175 ho-

400 4204 600 4256 minem
633 4205 868 4272 primum
897 4206 1000 4260 hac
1045 4207 1113 4262 ab
1142 4209 1363 4263 interitu
1392 4207 1741 4264 immunitate
1781 4209 1982 4278 praedi-

399 4304 512 4348 tum
569 4295 763 4359 fuisse,
797 4297 959 4367 idque
1017 4316 1114 4368 per
1149 4303 1265 4355 haec
1312 4303 1430 4373 ipsa
1460 4304 1624 4358 verba
1661 4322 1674 4357 :
1715 4322 1734 4356 ι
1773 4303 1982 4358 Placuit

397 4385 657 4442 Enochus
703 4387 832 4456 Deo,
867 4402 1153 4462 propterea
1197 4395 1550 4450 transfertur.
1585 4397 1684 4451 llic
1715 4395 1847 4450 mihi
1873 4394 1978 4451 Do-

1691 234 2112 296 MlClIAELIS
2153 236 2418 296 GLYC/E

482 343 580 398 ilic
598 356 778 401 autem
804 347 1100 402 notandum
1127 348 1269 415 quod
1296 362 1400 398 non
1435 346 1610 400 solum
1639 347 1778 404 Deus
1804 350 1978 418 ipsum
2011 372 2064 420 Α

3558 231 3658 296 184

2170 351 2312 406 Ἀλλ’
2338 351 2574 408 ἐνταῦθα
2598 350 3074 425 προσέχεινᾶξιον.
3100 347 3234 402 Οὐδὲ
3255 347 3366 418 γὰρ
3387 346 3660 432 ὴὸουλήθη

2093 445 2252 515 μόνον
2307 447 2334 499 6
2383 446 2518 510 Θεὸς
2559 448 2784 518 βασιλέα
2834 445 3178 515 καταστῆσαι
3225 445 3334 497 τῶν
3371 441 3664 510 ὁρωμένων

2088 537 2273 602 αὑτὸν,
2314 537 2451 592 ἀλλὰ
2478 540 2572 592 καὶ
2603 538 2784 609 ἔργοις
2819 539 3002 601 αὐτοῖς
3037 530 3464 608 ἀπηρτισμένην
3494 532 3662 595 ἔδειξε

2088 630 2184 700 τὴν
2215 632 2412 701 ἀρκῆνο
2474 633 2690 701 Ἤγαγε
2719 632 2830 703 γὰρ
2861 632 2930 688 τά
2983 631 3099 696 ζῶα
3137 630 3316 683 πάντα
3359 626 3664 697 τηνικαῦτα.

2088 723 2226 791 πρὸς
2251 724 2438 788 αὑτὸν,
2479 725 2656 778 καίτοι
2689 740 2752 793 γε
2789 724 2850 778 τὸ
2911 723 3106 794 μέλλον
3136 721 3237 776 οὐκ
3281 721 3513 789 ἀγνοῶν.
3549 717 3661 771 Καὶ

2087 815 2234 872 οὕτω
2257 818 2323 871 τὰ
2349 819 2528 872 πάντα
2561 818 2796 890 δουλικῷ
2827 817 3214 889 παριστάμενα
3254 815 3496 884 σχήματι
3529 811 3660 882 παρ’

2087 911 2252 964 αὐτοῦ
2272 913 2372 975 τὰς
2395 913 2719 984 ἐπωνυμίας
2745 913 3010 983 ἐδέχοντο.
3034 911 3191 966 Οὕτω
3211 910 3310 982 μὲν
3335 909 3428 963 οὖν
3452 908 3656 978 ἔφθασε

2085 1005 2175 1060 διὰ
2205 1021 2268 1072 γε
2319 1009 2421 1075 τῆς
2473 1009 2664 1076 νοερᾶς
2699 1006 2884 1077 ψυχῆς
2937 1006 3035 1059 καὶ
3081 1003 3358 1072 ἀθανασίᾳ
3416 1003 3660 1070 τιμήσας

2087 1096 2272 1152 αὐτόν.
2301 1097 2364 1152 Et
2393 1097 2502 1168 γὰρ
2541 1099 2636 1150 καὶ
2660 1097 2758 1168 τὴν
2804 1097 3188 1167 γενησομένην
3219 1091 3385 1147 αὐτοῦ
3423 1091 3542 1161 μετ’
3595 1092 3656 1144 οὐ

2089 1187 2222 1240 πολὺ
2255 1189 2649 1258 παρεκτροπὴν
2677 1190 2779 1242 οὐκ
2809 1184 2878 1260 ἦν
2895 1187 3130 1257 ἀγνοῶν,
3162 1186 3280 1242 ἀλλ’
3313 1186 3505 1254 ἐπειδὴ
3557 1200 3659 1239 κα-

2089 1277 2396 1343 ταδικάζειν
2425 1280 2489 1332 ὲκ
2523 1279 2692 1352 μόνης
2721 1280 2784 1333 οὐ
2815 1279 2964 1332 θέλει
2992 1278 3390 1350 προαιρέσεως,
3415 1276 3512 1344 τὴν
3533 1277 3662 1330 ἑαυ-

2084 1371 2180 1427 τοῦ
2214 1371 2410 1444 βουλὴν
2448 1375 2536 1428 ἐπ’
2559 1373 2710 1444 αὑτῷ
2741 1374 3064 1445 θεοπρεπῶς
3111 1374 3400 1443 ἐκπληροῖ,
3435 1372 3529 1424 καὶ
3555 1369 3659 1438 ψυ-

2085 1466 2186 1536 Χῆς
2219 1465 2390 1535 αὐτῷ.
2447 1467 2594 1528 καθά
2645 1467 2711 1536 δὴ
2763 1469 2862 1523 καὶ
2914 1467 3268 1536 προείρηται,
3328 1463 3660 1533 μεταδίδωσι

2085 1560 2299 1629 νοερᾶς,
2333 1557 2407 1622 ὡς
2437 1559 2692 1613 ἐντεῦθεν
2727 1559 2892 1612 αὐτὸν
2939 1554 3078 1612 εἶναι
3133 1559 3229 1610 καὶ
3275 1554 3542 1611 ἀθάνατον
3576 1555 3655 1614 εἰς

2083 1648 2142 1700 τὸ
2168 1647 2435 1718 διηνεκές.
2488 1648 2656 1703 ’Λλλά
2701 1649 2812 1718 γὰρ
2863 1647 3005 1710 τίνος
3048 1647 3243 1703 ἕνεκεν¹
3277 1644 3516 1712 ἄρχοντα
3551 1637 3658 1691 τῶν

2084 1738 2342 1805 ἐπιγείων
2376 1737 2600 1806 ἐποίησε
2640 1738 2736 1792 καὶ
2786 1738 3055 1792 ἀθάνατον
3090 1733 3284 1788 αὐτίκα
3327 1732 3420 1785 τὸν
3451 1728 3664 1798 ἄνθρωα-

2086 1842 2222 1888 πονς
2257 1825 2375 1880 Ἱνα
2405 1826 2666 1896 μάθωμεν
2696 1825 2946 1878 ἐντεῦθεν
2977 1826 3058 1877 ὅτι
3091 1822 3185 1875 καὶ⁵
3208 1823 3235 1874 6
3255 1821 3488 1890 ποιήσας
3515 1818 3662 1886 ἡμᾶς

2084 1917 2218 1979 Θεὸς
2254 1917 2444 1971 πασῶν
2474 1917 2634 1988 ἄρχει
2678 1917 2786 1969 τῶν
2814 1917 2928 1970 ἀνω
2951 1916 3260 1984 δυνάμεων,
3285 1913 3382 1965 καὶ⁵
3408 1911 3491 1964 ὅτι
3526 1908 3663 1962 ἀθά-

2085 2007 2243 2069 νατός
2273 2007 2391 2058 ἐστι
2418 2006 2513 2059 καὶ
2545 2006 2820 2077 ἄφθαρτος
2851 2005 2948 2058 καὶ
2978 2001 3303 2073 ἀνώλεθρος.
3335 1999 3458 2053 Ἐπὶ
3486 1998 3661 2067 τούτῳ

2085 2095 2194 2166 γὰρ
2225 2096 2320 2150 καί⁵
2346 2093 2638 2166 προλαϐὼν
2667 2096 2794 2167 χοῦν
2817 2096 2972 2167 ἔλεγε
2995 2111 3008 2125 ·
3045 2114 3068 2147 ι
3091 2093 3224 2148 Κατ’
3247 2093 3452 2147 οἰκείαν
3479 2091 3665 2143 εἰκόνα

2087 2187 2406 2255 ποιήσωμεν
2441 2187 2531 2240 τὸν
2557 2187 2866 2258 ἄνθρωπον.
2909 2207 2927 2239 ι
2995 2189 3059 2240 Ὃ
3113 2186 3178 2256 δὴ
3215 2185 3308 2239 καὶ
3350 2185 3378 2236 6
3412 2182 3667 2251 Σολομὼν

2085 2280 2244 2340 εἰδὼς
2267 2319 2283 2342 ,
2321 2298 2337 2330 ι
2378 2280 2438 2332 ’0
2461 2280 2615 2344 Θεὸς,
2647 2279 2824 2348 ἔλεγε,
2852 2280 3081 2334 θάνατον
3108 2279 3208 2332 οὐκ
3239 2277 3516 2348 εποίησεν,
3551 2274 3668 2328 ἀλλ’

2087 2366 2171 2420 ἐπ’
2203 2366 2483 2438 ἀφθαρσίᾳ
2511 2367 2603 2420 τὸν
2636 2366 2928 2435 ἄνθρωπον
2973 2367 3158 2420 ἔκτισε
3191 2364 3314 2418 κατ’
3349 2365 3536 2418 εἰκόνα
3565 2359 3664 2430 τῆς

2085 2454 2390 2526 ἀῖδιότητος
2418 2455 2607 2510 αὑτοῦ.
2637 2475 2655 2508 ι
2695 2454 2838 2525 Πλὴν
2872 2456 2920 2508 εί
2951 2456 3046 2507 καὶ
3090 2454 3312 2522 θανάτῳ
3343 2451 3666 2505 κατεδίκασε

2089 2547 2228 2615 μετὰ
2279 2545 2454 2600 ταῦτα
2501 2547 2594 2600 τὸν
2645 2547 2953 2616 ἄνθρωπον,
2984 2544 3100 2599 ἀλλ’
3128 2545 3228 2597 οὐκ
3252 2544 3465 2626 ἀφῆκεν
3496 2541 3665 2594 αὐτὸν

2083 2636 2524 2708 ἀπαραμύθητον
2559 2635 2701 2692 εἶναι
2729 2639 2892 2709 μέχρι
2924 2635 3143 2692 πολλοῦ.
3190 2635 3530 2704 Μετατίθησι
3554 2635 3665 2702 γὰρ

2085 2726 2175 2778 τὸν
2215 2727 2406 2798 Ἑνὼχ,
2432 2729 2524 2781 καὶ
2547 2728 2853 2798 τηνικαῦτα
2875 2729 2974 2797 τὴν
3005 2727 3206 2797 θνητὴν
3229 2726 3474 2780 ἐδίδασκε
3503 2724 3667 2793 φύσιν

2085 2819 2242 2890 ἡμῶν
2273 2819 2572 2875 ἀθανασίαν
2609 2821 2824 2891 ἐκείνην
2854 2820 3176 2890 ἐκδέχεσθαι
3219 2814 3284 2890 ἦς
3321 2819 3545 2885 ἐξέπεσε
3575 2816 3666 2870 διὰ

2084 2911 2184 2981 τὴν
2214 2911 2547 2982 παράϐασιν.
2603 2913 2713 2966 Καὶ
2748 2913 2912 2965 ἄκουε
2939 2913 2994 2965 τί
3027 2913 3154 2982 περὶ
3178 2910 3386 2964 τούτων
3418 2908 3583 2977 φησὶν
3637 2907 3665 2958 6

2087 3006 2263 3076 μέγας
2307 3003 2629 3068 Ἀθανάσιος
2662 3007 2720 3058 ὲν
2742 3003 2820 3074 τῷ
2857 3006 2942 3068 είς.
2963 3003 3061 3074 τὴν
3092 3002 3360 3073 ἀνάληψιν
3392 3002 3535 3070 λόγῳ
3569 3001 3667 3053 αὐ-

2083 3099 2178 3150 τοῦ
2198 3111 2212 3126 ·
2247 3115 2266 3148 ι
2301 3095 2544 3159 Θάνατος
2578 3098 2678 3165 μὲν
2708 3095 2926 3166 εἰσῆλθε
2954 3096 3043 3149 διὰ
3072 3096 3173 3167 τὴν
3195 3094 3502 3164 παρακοήν,
3520 3093 3666 3146 λύων

2082 3188 2137 3242 δὲ
2160 3191 2310 3258 ὅμως
2336 3188 2436 3260 τὴν
2463 3189 2559 3257 τῆς
2595 3187 2830 3256 ἀπειλῆς
2864 3187 3052 3258 ἀκμὴν
3080 3189 3107 3240 6
3134 3187 3266 3249 Θεὸς
3291 3185 3478 3238 ἐλπίδα
3504 3183 3669 3245 εὐθὺς

2080 3263 2382 3343 ἀθανασίας
2413 3281 2655 3334 ἀνέτειλε
2696 3279 2776 3352 τῷ
2806 3282 2976 3350 γένει,
3016 3279 3112 3334 καὶ
3141 3279 3234 3332 τὸν
3278 3278 3452 3348 Ἐνὼχ
3476 3280 3539 3332 ὲκ
3566 3279 3670 3348 μὲ-

2081 3388 2176 3426 σου
2213 3371 2475 3441 ἁρπάζει,
2507 3370 2808 3426 κάντεῦθεν
2841 3371 2939 3443 τὴν
2973 3371 3176 3444 θνητὴν
3215 3371 3460 3425 ἐδίδασκε
3505 3369 3674 3440 φύσιν

2079 3463 2238 3533 ὄρους
2273 3463 2578 3526 ἀθανασίας
2618 3463 2736 3534 ἅμα
2771 3463 3118 3534 ἐκδέχεσθαι.
3156 3483 3175 3516 ι
3224 3463 3411 3516 Ταῦτα
3448 3461 3547 3532 μὲν
3572 3455 3671 3514 οὖν

2081 3553 2461 3608 ὲπιὸεὸαιοῦσι
2512 3555 2609 3608 καὶ
2639 3557 2688 3608 oi
2723 3555 2969 3626 μαθηταὶ
3031 3552 3272 3624 Χριστοῦ
3301 3553 3551 3622 λέγοντες
3583 3553 3669 3606 ὅτι

2081 3649 2178 3716 τὴν
2240 3646 2656 3717 ἀπαφθάρτισιν
2715 3647 2878 3716 ἡμῶν
2928 3648 3024 3700 καὶ
3074 3645 3387 3710 πολυζωῒαν
3415 3645 3483 3699 τὰ
3522 3645 3669 3697 κατά

2081 3739 2172 3794 τὸν
2207 3739 2379 3810 Ἑνὼχ
2432 3740 2528 3793 καὶ
2594 3738 2781 3794 Ἠλίαν
2818 3735 3067 3808 ἐναργῶς
3103 3740 3367 3810 παριστᾷ.
3421 3739 3668 3810 Πρόσεχε

2081 3832 2174 3887 οὖν
2194 3849 2208 3864 ·
2231 3832 2330 3902 τὴν
2353 3833 2462 3904 γὰρ
2513 3833 2926 3903 ἀπαφθάρτισιν
2957 3833 3114 3904 ἡμῶν
3157 3833 3250 3886 καί
3274 3832 3673 3887 ἀπαθανάτισιν

2083 3921 2190 3975 ἀπδ
2219 3920 2356 3974 Θεοῦ
2390 3921 2571 3974 λαϐὼν
2601 3923 2630 3974 6
2679 3921 2854 3993 Ἑνὼχ
2916 3923 3007 3976 διὰ
3053 3923 3156 3992 τῆς
3192 3923 3539 3990 μεταθέσεως
3569 3921 3673 3992 τὴν

2083 4014 2284 4084 θνητὴν
2327 4013 2574 4068 ἐδίδασκε
2637 4013 2798 4084 φύσιν
2831 4013 3011 4083 ἡμῶν,
3058 4014 3134 4076 ὡς
3165 4014 3266 4085 ἤδη
3316 4013 3672 4083 προείρηται,

2082 4110 2240 4178 ὅρους
2265 4108 2568 4172 ἀθανασίας
2597 4107 2937 4178 ἐκδέχεσθαι.
2991 4109 3100 4160 Καὶ
3157 4101 3304 4160 οὗτοι
3342 4108 3440 4177 μὲν
3471 4106 3667 4168 οὕτως·

2082 4201 2195 4255 ὁδὲ
2250 4200 2658 4272 χρυσόρρήμων
2701 4200 2958 4272 Ἰωάννης
3019 4199 3411 4270 ἀριδηλότερον
3464 4199 3670 4264 ἔδειξεν

2083 4295 2172 4349 ὅτι
2212 4295 2314 4366 τὴν
2367 4293 2784 4364 ἀπαφθάρτισιν
2837 4292 3048 4363 ταύτην
3103 4292 3132 4345 6
3193 4291 3411 4362 πρῶτος
3466 4294 3675 4353 ἐκεῖνος

2087 4383 2233 4459 εἶχεν
2278 4387 2588 4457 ἄνθρωπος,
2623 4385 2765 4439 οὕτω
2816 4385 2958 4439 κατά
2987 4385 3136 4451 λέξιν
3167 4385 3377 4438 εἰπών·
3410 4403 3428 4438 ι
3459 4381 3676 4454 Εὐηρὲ-

399 4481 530 4536 mini
576 4484 874 4540 bonitatem
924 4486 1155 4540 intuere.
1185 4486 1324 4542 Cum
1356 4490 1500 4543 enim
1552 4489 1844 4559 reperisset
1878 4491 1979 4545 lio-

2088 4499 2283 4552 στησεν
2350 4481 2523 4550 Ἑνὼχ
2589 4479 2667 4551 τῷ
2701 4479 2840 4550 Θεῷ,
2873 4478 2968 4532 καὶ
3014 4478 3384 4551 μετατίθεται.
3425 4479 3536 4534 Καὶ
3562 4480 3668 4548 ὅρα

399 4572 600 4626 minem
627 4575 844 4646 egregia
873 4577 1072 4630 virtute
1103 4577 1417 4645 praeditum,
1472 4594 1580 4631 non
1621 4594 1684 4631 ca
1717 4579 1980 4649 dignitate

397 4664 596 4730 spoliat
622 4665 800 4734 ipsum
843 4682 1005 4733 quam
1051 4675 1179 4719 ante
1213 4667 1454 4720 mandati
1496 4667 1842 4721 violatiouem
1878 4670 1978 4724 ho-

401 4751 536 4805 mini
566 4755 800 4822 priinutu
843 4753 1076 4810 formato
1108 4755 1331 4825 largitus
1364 4755 1561 4810 fuerat.
1597 4775 1615 4807 ι
1654 4755 1860 4824 Quodsi
1909 4757 1983 4812 ita

404 4853 508 4910 est,
541 4844 673 4913 quid
735 4847 913 4901 verbis
967 4857 1050 4901 est
1099 4848 1275 4918 Opus?
1321 4846 1456 4902 Nam
1491 4848 1537 4904 si
1583 4850 1792 4918 primus
1819 4847 1983 4904 homo

403 4934 804 5013 immunitatem
831 4938 978 4993 illam
1007 4939 1077 4994 ab
1104 4939 1328 4995 interitu
1361 4941 1570 5006 habuit,
1601 4957 1764 5012 quam
1797 4951 1855 4998 tit
1886 4943 1984 5000 ho-

399 5027 578 5082 mines
616 5039 934 5097 exspectent
963 5029 1545 5089 Enochus'translatus
1572 5033 1781 5100 docuit,
1804 5037 1984 5091 omni-

399 5136 472 5174 no
505 5121 854 5191 perspicuum
914 5134 996 5178 est
1051 5124 1196 5192 quod
1242 5140 1271 5179 a
1330 5124 1439 5180 Deo
1473 5126 1597 5180 talis
1627 5128 1885 5182 conditus
1914 5126 1982 5182 ab

402 5215 558 5269 initio
584 5214 770 5279 fuerit,
803 5217 1018 5286 qualem
1043 5233 1108 5272 ex
1133 5220 1365 5274 mortuis
1395 5227 1834 5274 resurrecturum
1857 5235 1982 5274 ura-

401 5311 522 5365 cula
555 5309 736 5364 divina
772 5313 1018 5366 tradunt.
1075 5312 1170 5366 llis
1226 5321 1280 5366 tu
1319 5313 1478 5367 fidem
1532 5313 1796 5385 derOgarc
1846 5313 1980 5368 noli.

403 5403 539 5458 Nam
565 5409 620 5457 et
653 5403 977 5458 Anastasius
1008 5405 1096 5459 ille
1130 5404 1389 5468 Sinaites.
1425 5405 1481 5460 in
1512 5405 1760 5461 oratione
1790 5422 1886 5461 sua
1917 5406 1984 5462 de

406 5499 837 5563 resurrectione,
875 5498 1059 5556 verbis
1109 5498 1196 5555 his
1244 5499 1434 5555 eadem
1483 5501 1824 5571 apertissime
1878 5509 1983 5554 tra-

477 5659 525 5693 ⁸⁸
552 5660 678 5732 Sap.
711 5681 744 5728 ι,
787 5663 868 5718 15.

2087 4576 2358 4628 Δεσπότσυ
2386 4573 2722 4642 ἀγαοὸτητα.
2767 4571 2958 4643 Eupth
2988 4574 3099 4643 γὰρ
3125 4573 3298 4643 ἄνδρα
3327 4572 3426 4642 τὴν
3465 4569 3672 4642 ἀρετὴν

2089 4666 2492 4738 κατωρθωκότα
2542 4666 2643 4718 οὐκ
2689 4665 3052 4736 ἀπεστέρισεν
3101 4665 3265 4720 αὐτὸν
3284 4665 3382 4735 τῆς
3413 4665 3566 4729 ἀξίας
3601 4664 3674 4734 ἢν

2088 4755 2608 4828 τῷ-πρωτοπὶσάστῳ
2661 4756 2960 4826 ἐχαρίσατο
2998 4755 3105 4826 πρὸ
3150 4755 3248 4824 τῆς
3298 4753 3674 4823 παραϐάσεως

2089 4851 2188 4920 τῆς
2219 4849 2463 4919 ἐντολῆς.
2504 4868 2528 4903 ι
2579 4850 2642 4904 Ei
2678 4849 2738 4903 δὲ
2769 4848 2930 4902 τοῦτο
2958 4845 3129 4911 οὕτως
3162 4847 3299 4918 ἔχει,
3339 4849 3391 4900 τί
3429 4847 3537 4917 χρὴ
3569 4844 3673 4898 καὶ

2091 4942 2310 5010 λέγεινς
2369 4941 2432 4994 Et
2483 4942 2593 5013 γὰρ
2647 4942 2675 4994 6
2735 4940 2951 5011 πρῶτος
2985 4943 3193 5002 ἐκεῖνος
3249 4939 3541 5010 ἅνθρωπος
3567 4937 3671 5007 τὴν

2091 5033 2503 5104 ἀπαφθάρτηισιν
2543 5029 2655 5104 εἶχε
2695 5033 2924 5104 ταύτην,
2957 5034 3023 5106 ἥν
3064 5029 3379 5102 ἐκδέχεσθαι
3409 5031 3508 5102 τὴν
3540 5031 3674 5101 θνη-

2090 5128 2190 5200 τὴν
2225 5128 2388 5197 φύσιν
2421 5127 2669 5181 ἐδίδασκε
2729 5127 3104 5198 μετατεθεὶςὸ
3173 5125 3366 5196 Ἑνὼχ,
3414 5125 3669 5195 φαίνεται
3757 5160 3760 5163 -

2091 5224 2309 5286 πάντως
2362 5222 2445 5275 ὅτι
2481 5219 2723 5283 τοιοῦτος
2752 5220 2857 5272 ὑπὸ
2883 5219 3018 5273 Θεοῦ
3050 5219 3312 5290 παρήχθη
3338 5217 3457 5272 κατ’
3493 5217 3670 5287 ἀρχὰς

2089 5319 2117 5368 6
2145 5316 2433 5387 ἄνθρωπος
2490 5315 2676 5368 ὁποῖον
2712 5313 2879 5368 αὐτὸν
2913 5316 2975 5366 ὲκ
3005 5312 3218 5382 νεκρῶν
3268 5309 3562 5384 ἐγερθῆναι
3596 5312 3670 5364 τὰ

2092 5409 2212 5462 θεῖα
2240 5408 2511 5475 φάσκουσι
2539 5407 2717 5473 λόγια.
2761 5405 2852 5476 Μὴ
2899 5401 2994 5458 οὖν
3027 5407 3247 5459 ἀπίστει
3285 5408 3399 5466 τοῖς
3433 5405 3668 5472 λεγομέ-

2093 5515 2226 5562 νοις.
2253 5497 2398 5565 Ὅρα.
2424 5495 2535 5567 γὰρ
2558 5496 2640 5549 ὅτι
2667 5495 2762 5549 καὶ
2787 5498 2814 5550 6
2846 5496 3108 5564 Σιναῖτης
3134 5495 3278 5560 θεῖος
3315 5493 3670 5554 ’Λναστάσιος
