4062 6186
347 299 449 361 185

1641 292 2048 363 ANNALIUM
2085 294 2278 357 PARS
2316 295 2364 358 Ῐ.

3502 300 3599 365 186

342 418 403 467 ὲν
434 409 509 483 τᾷ
530 426 668 481 περ.
692 408 1044 473 ἀσαστασεως
1071 407 1217 480 λόγῳ
1266 406 1433 462 αὑτοῦ
1462 405 1552 461 τὸν
1582 419 1711 479 περι
1733 399 1922 461 cardiu

2032 418 2160 465 ctat.
2184 410 2314 465 Tale
2339 409 2659 468 suscitatum
2691 420 2776 466 est
2804 427 2865 466 ex
2900 412 3132 467 mortuis
3152 427 3369 482 corpus,
3398 413 3603 469 dudum

341 506 503 573 λόγον
531 503 916 576 ἀριδηλότερον
948 504 1202 566 ποιεῖται,
1236 501 1330 554 καὶ
1366 499 1510 554 οὕτω
1539 500 1674 569 φησί
1700 516 1716 530 ·
1749 518 1767 551 ι
1801 501 1925 553 Τοι-

341 599 502 652 οῦτον
535 598 600 649 ὲκ
624 594 834 666 νεκρῶν
856 596 1150 664 ἐγήγερται
1176 594 1235 646 τὸ
1262 592 1420 663 σῶμα
1440 593 1501 644 τὸ
1532 592 1719 653 πεσὸν,
1744 593 1925 644 ὁποῖον

341 686 412 761 ἦν
444 687 542 743 ἀπ’
579 687 778 759 ἀρχῆς,
803 686 1216 755 ἁποὸαλόμενον
1245 684 1392 738 ἅπαν
1425 684 1563 753 ὅπερ
1602 682 1801 751 ἔφθασε
1837 681 1924 735 διὰ

344 785 449 854 τὴν
472 782 752 852 ἁμαρτίαν
776 778 1148 849 ὲπισυμθῆναι
1179 776 1344 846 αὐτῷ.
1387 795 1405 828 ι
1446 777 1686 845 Πρόσεχε
1723 773 1835 829 οῦν.
1864 775 1925 827 Εἰ

347 878 455 945 γὰρ
480 874 726 927 τοιοῦτον
754 873 1055 941 ἐγήγερται
1108 870 1291 922 ὁποῖον
1314 864 1382 939 ἦν
1419 868 1514 920 ἀπ’
1543 867 1739 935 ἀρχῆς,
1774 867 1834 918 τὸ
1868 867 1925 919 δὲ

348 967 705 1037 ἐγειρόμενον
740 965 919 1016 ἐκεῖνο
952 961 1116 1030 σῶμα
1144 960 1268 1011 τότε
1311 959 1544 1012 θανάτου
1584 959 1679 1011 καὶ
1719 955 1926 1026 φθορᾶς

348 1061 580 1130 ἄμεινον
595 1057 887 1127 ἐγερθῆναι
907 1054 1283 1125 ὡμολόγηται,
1309 1053 1399 1104 καὶ
1418 1051 1630 1121 βεϐαιοῖ
1656 1049 1745 1103 τὸν
1768 1051 1926 1117 λόγον

344 1156 377 1206 6
407 1154 712 1222 πάμμεγας
744 1148 953 1210 Παῦλος
982 1145 1125 1199 οὕτω
1158 1144 1333 1213 λέγων
1359 1159 1373 1175 ο
1404 1161 1426 1195 ι
1465 1143 1557 1195 Δεῖ
1594 1141 1656 1194 τὸ
1689 1140 1926 1211 φθαρτὸν

346 1246 507 1298 τοῦτο
560 1241 890 1296 ἐνδύσασθαι
937 1238 1275 1308 ἀφθαρσίαν,
1308 1237 1403 1288 καὶ
1448 1234 1510 1288 τὸ
1539 1233 1732 1298 θνητὸν
1771 1232 1927 1283 τοῦτο

349 1334 682 1389 ἐνδύσασθαι
717 1331 1045 1394 ἀθανασίαν,
1086 1348 1104 1381 ι
1135 1327 1358 1398 εὔδηλον
1391 1330 1607 1388 πάντως
1644 1327 1726 1379 ὅτι
1753 1324 1846 1377 καὶ
1866 1321 1927 1375 τὸ

347 1428 508 1497 σῶμα
540 1428 742 1490 ἐκεῖνο,
765 1424 911 1491 λέγω
930 1423 994 1491 δὴ
1024 1424 1085 1475 τὸ
1114 1419 1347 1494 πρώτως
1378 1420 1484 1473 ὑπὸ
1510 1417 1645 1471 Θεοῦ
1678 1415 1925 1486 ποιηθὲν,

290 1520 301 1527 ’
342 1523 626 1575 ἀθάνατον
669 1518 887 1588 ἀληθῶς
948 1516 1164 1586 ὑπῆρχε
1212 1515 1310 1567 καὶ
1359 1512 1658 1583 ἄφθαρτον,
1712 1510 1787 1573 ὡς
1824 1509 1927 1579 ήδη

348 1615 616 1677 πολλάκις
636 1613 963 1683 εἰρήκαμεν.
997 1609 1139 1663 Αὐτὸ
1162 1607 1319 1661 τοῦτο
1344 1605 1645 1675 παρίστησι
1673 1605 1769 1655 καὶ
1786 1602 1927 1654 Νυσ-

348 1706 518 1769 casia;
572 1706 716 1767 θεῖος
775 1702 1098 1773 Γρηγόριος,
1132 1700 1293 1771 ἡνίκα
1326 1701 1422 1751 καὶ
1456 1696 1661 1767 μᾶλλον
1697 1695 1926 1765 εὓρηται

2028 503 2350 572 collapsum,
2382 504 2540 572 quale
2569 505 2639 559 ab
2693 504 2847 559 initio
2892 515 3030 568 erat,
3067 507 3284 575 rejectis
3315 517 3475 576 atque
3509 510 3606 561 de-

2029 596 2223 666 positis
2255 597 2511 650 omnibus
2561 612 2683 665 qua:
2719 599 2868 664 prius
2900 598 2947 651 ei
2991 614 3088 667 per
3132 608 3409 665 peccatum
3458 600 3604 653 acci—

2029 689 2182 743 dere.
2214 688 2386 744 Velim
2424 690 2506 744 his
2539 690 2667 743 mihi
2729 691 2910 745 verbis
2961 692 3204 744 animum
3236 691 3508 745 advertas.
3544 691 3600 745 Si

2031 782 2119 834 tali
2144 782 2469 837 suscitatum
2511 792 2594 835 est
2624 782 2779 848 quale
2806 782 2873 835 ab
2914 781 3068 834 initio
3096 792 3235 845 erat,
3276 784 3374 835 etsi
3404 798 3604 851 corpus

2030 872 2183 935 illud,
2217 874 2359 941 quod
2392 872 2681 934 excitatur,
2713 873 2789 925 sic
2818 871 3069 925 suscitari
3102 883 3316 928 constat
3342 882 3398 927 ut
3437 890 3601 943 supra

2032 976 2261 1021 mortem
2294 964 2682 1032 interitumque
2717 966 2950 1032 positum
2983 965 3073 1029 sit,
3106 968 3246 1034 quod
3282 966 3457 1035 ipsum
3492 983 3602 1019 ma-

2030 1072 2166 1127 gnus
2207 1057 2293 1111 ille
2340 1056 2541 1110 Paulus
2571 1054 2857 1109 conﬁrmat
2891 1056 3041 1108 hisce
3072 1056 3253 1111 verbis
3281 1074 3293 1108 :
3328 1076 3344 1106 ι
3378 1056 3607 1125 Oportet

2031 1148 2135 1201 hoc
2166 1146 2525 1216 corruptibile
2555 1144 2956 1213 incorruptibili
2994 1154 3214 1210 natura,
3245 1154 3300 1200 et
3329 1147 3430 1200 hoc
3459 1163 3605 1200 mor-

2031 1240 2137 1293 tale
2170 1237 2578 1291 immortalitate
2609 1236 2757 1290 indui
2788 1236 2853 1300 ",
2893 1255 2910 1287 ι
2932 1236 3115 1304 'plane
3143 1236 3491 1305 perspicuum
3524 1246 3608 1291 est

2030 1332 2193 1387 etiam
2225 1346 2424 1399 corpus
2453 1330 2605 1393 illud,
2629 1328 2772 1399 quod
2815 1338 2898 1382 est
2922 1330 3164 1382 omnium
3195 1329 3371 1397 primo
3402 1330 3608 1382 factum

2031 1439 2060 1478 a
2094 1424 2223 1485 Deo,
2272 1438 2461 1477 revera
2504 1421 2815 1477 immortale
2850 1436 2914 1474 ac
2952 1420 3209 1474 interitus
3242 1435 3436 1490 expers
3473 1421 3611 1473 [uisa

2030 1532 2087 1571 se
2119 1515 2253 1584 (20f),
2278 1515 2435 1570 sicuti
2463 1515 2575 1583 jam
2609 1528 2751 1582 saepe
2781 1513 3041 1567 diximus.
3073 1512 3216 1565 ldem
3242 1522 3295 1565 et
3323 1510 3613 1581 Nyssensis

2031 1609 2121 1664 ille
2153 1608 2449 1677 Gregorius
2491 1607 2601 1676 90
2643 1605 2828 1670 tradit,
2863 1604 2953 1658 ubi
3000 1604 3205 1658 dictum
3252 1603 3381 1657 illud
3415 1604 3603 1657 liccle-

2032 1702 2213 1757 siastze
2245 1700 2507 1761 declarat,
2545 1698 2701 1765 cujus
2734 1700 2848 1749 haec
2894 1695 3056 1748 verba
3086 1702 3215 1748 sunt
3245 1712 3258 1747 :
3303 1712 3321 1745 ‹
3353 1691 3492 1757 Quid
3524 1699 3609 1746 est

348 1800 412 1851 τὸ
463 1797 560 1851 τοῦ
603 1792 1091 1865 Ἐκκλησιαστικοῦ
1149 1792 1312 1862 ῥητὸν
1369 1789 1808 1859 ὲπεξηγούμενος
1866 1785 1924 1838 τδ

2032 1792 2174 1863 quod
2206 1792 2344 1845 fuit?
2370 1792 2512 1844 idem
2536 1789 2664 1843 illud
2696 1786 2839 1857 quod
2872 1788 2998 1840 erit.
3028 1783 3167 1850 Quid
3194 1784 3428 1838 factum?
3460 1783 3607 1837 idem

347 1887 717 1956 διαλαμϐάνον
743 1885 917 1945 οὕτως
948 1887 1005 1937 ὲν
1031 1883 1211 1949 λέξεσι
1233 1900 1248 1914 °
1288 1902 1306 1933 ι
1335 1883 1399 1934 Τί
1418 1884 1479 1934 τὸ
1506 1882 1763 1949 γεγονός;
1795 1879 1928 1932 αὐτὸ

346 1981 412 2033 τὸ
439 1978 831 2048 γενησόμενον.
875 1977 984 2029 Καὶ
1026 1976 1082 2027 τί
1140 1974 1204 2026 τὸ
1241 1974 1646 2043 πεποιημένον;
1705 1971 1839 2023 αὐτὸ
1868 1968 1930 2022 τὸ

347 2070 811 2140 ποιηθησόμενον.
852 2086 873 2118 ι
913 2068 1074 2134 Λέγει
1096 2066 1207 2137 γὰρ
1235 2066 1317 2118 ὅτι
1349 2066 1495 2134 χειρὶ
1524 2063 1659 2116 Θεοῦ
1699 2078 1931 2130 πεποιη-

351 2164 513 2233 μένος
541 2161 832 2231 ἄνθρωπος
855 2158 954 2227 οὐχ
1001 2158 1029 2210 6
1059 2157 1154 2209 νῦν
1185 2159 1304 2209 ἐστι
1339 2156 1428 2209 διὰ
1480 2155 1581 2225 τὴν
1629 2154 1929 2223 ἁμαρτίαν,

348 2249 523 2317 ἧγουν
554 2248 791 2316 τρεπτὸς
848 2246 943 2297 καὶ
976 2245 1242 2316 φθαρτὸς,
1293 2244 1451 2296 τοῦτο
1495 2240 1564 2312 ἦν
1603 2243 1699 2295 ἀπ’
1729 2242 1927 2310 ἀρχῆς,

348 2340 466 2393 ἀλλ’
501 2340 530 2391 ὃ
565 2337 930 2407 ποιηθήσεται
965 2336 1219 2405 ὕστερον,
1266 2336 1537 2405 ἄτρεπτας
1564 2334 1808 2405 δηλονότι
1836 2331 1931 2384 καὶ

348 2429 657 2496 ἄφθαρτος.
692 2427 865 2496 Είπερ
906 2423 1002 2479 οῦν
1047 2429 1074 2477 ὁ
1103 2425 1237 2488 Θεὸς
1271 2423 1357 2476 ἐπ’
1393 2424 1671 2494 ἀφθαρσίᾳ
1722 2424 1811 2475 τὸν
1838 2421 1933 2475 ἀνι

350 2522 572 2590 θρωπον
595 2520 803 2583 ἔκτισε,
858 2519 1187 2572 κατέίκόνα
1222 2520 1321 2586 τῆς
1376 2517 1678 2585 ἁῖδιότητος
1737 2514 1929 2577 αὐτοῦ,

342 2614 500 2668 -καθά
523 2629 661 2682 φησι
693 2611 945 2681 Σολομῶν
965 2626 980 2640 ·
1024 2612 1188 2681 εἴπερ
1219 2606 1312 2665 οὖν
1344 2609 1513 2673 ἔδειξε
1534 2611 1593 2661 τὸ
1619 2610 1814 2661 οἰκεῖον
1836 2626 1929 2674 »φι-

336 2706 576 2773 »λότιμον
621 2701 892 2773 μεταδοὺς
920 2699 1071 2770 αὑτῷ
1098 2700 1275 2769 ψυχῆς
1306 2701 1499 2769 νοερᾶς
1542 2699 1617 2760 ὡς
1648 2694 1791 2749 εἶναι
1822 2685 1932 2751 ’καὶ

346 2796 629 2852 ἀθάνατον
657 2795 715 2857 ἐς
734 2795 798 2846 τὸ
814 2794 1090 2871 διηνεκὲς,
1117 2794 1193 2857 ὡς
1228 2794 1255 2845 6
1287 2791 1523 2863 χρυσοῦς
1546 2792 1644 2863 τὴν
1685 2791 1932 2860 γλῶττάν

351 2907 522 2959 φησιν
542 2906 555 2921 ·
579 2888 741 2957 εἴπερ
769 2886 862 2940 οῦν
881 2887 1031 2960 ζωῆς
1062 2888 1282 2939 αἰωνίου
1308 2885 1611 2939 ἀπόλαυσιν
1637 2886 1932 2957 ἐχαρίσατο

344 2983 432 3052 τῷ
460 2980 741 3052 ἀνθρώπῳ
774 2979 901 3034 κατ’
935 2980 1114 3049 ἀρχὰς
1146 2981 1176 3032 6
1214 2979 1370 3043 Θεὸς,
1410 2978 1485 3041 ὡς
1511 2980 1539 3030 6
1586 2981 1759 3047 μέγας
1798 2980 1931 3049 φησὶ

2033 1888 2162 1942 illud
2192 1886 2334 1955 quod
2370 1887 2458 1939 ﬁet
2488 1886 2557 1938 ⁷ο.
2593 1904 2611 1934 ι
2636 1885 2820 1952 lnqnit
2847 1883 2990 1935 enim
3032 1883 3133 1935 hoc
3168 1882 3286 1935 loco
3324 1894 3485 1933 manu
3514 1879 3606 1934 Dei

2033 1980 2235 2034 factum
2270 1979 2571 2040 hominem,
2616 1989 2725 2029 non
2774 1975 2918 2043 quod
2965 1988 3111 2026 nunc
3158 1981 3379 2042 propter
3410 1986 3606 2040 pecea-

2036 2083 2148 2127 tum
2179 2082 2282 2133 est,
2327 2070 2586 2123 nimirum
2620 2067 2907 2120 mutationi
2942 2076 2997 2121 et
3030 2064 3272 2119 interitui
3319 2063 3604 2124 obnoxius,

2032 2166 2100 2217 ab
2132 2164 2290 2218 initio
2344 2162 2534 2224 fuisse,
2572 2159 2666 2213 sed
2700 2158 2844 2227 quod
2888 2157 3150 2224 deinceps
3201 2154 3485 2213 etlicietur,
3516 2169 3607 2206 ex-

2033 2270 2162 2326 pers
2200 2255 2407 2309 scilicet
2438 2251 2755 2306 mutationis
2781 2260 2837 2305 et
2872 2249 3149 2303 interitus.
3186 2247 3533 2316 Quapropter
3562 2245 3610 2299 si

2034 2348 2180 2401 Deus
2216 2348 2270 2400 in
2296 2354 2440 2400 statu
2487 2343 2740 2398 interitus
2774 2350 3000 2411 experte
3031 2338 3280 2394 condidit
3327 2337 3607 2391 hominem

2033 2440 2100 2494 ad
2146 2439 2432 2508 imaginem
2467 2434 2791 2490 aeternitatis
2838 2449 2969 2496 suae,
3004 2429 3460 2502 quemadmodum
3512 2428 3613 2484 So-

2034 2533 2177 2587 lomo
2205 2531 2485 2599 loquitur;
2545 2528 2587 2581 si
2655 2527 2917 2581 honorem
2971 2524 3022 2578 ei
3074 2521 3350 2592 proprium
3393 2520 3608 2581 detulit,

2035 2622 2436 2678 communicata
2469 2635 2591 2673 cum
2622 2619 2741 2687 ipso
2767 2616 2947 2669 anima
2988 2610 3358 2683 intelligentia:
3392 2610 3443 2663 vi
3473 2624 3611 2678 pra:-

2034 2715 2168 2778 dita,
2187 2730 2295 2784 quo
2326 2727 2586 2783 perpetuo
2610 2707 2934 2764 immortalis
2957 2713 3123 2781 esset,
3144 2701 3608 2772 quemadmodum

2034 2805 2459 2876 Chrysostomus
2496 2803 2611 2865 ait;
2662 2801 2706 2854 si
2748 2808 2967 2852 aeterna:
2990 2795 3114 2849 vine
3158 2791 3472 2847 fruitionem
3498 2789 3611 2842 lar-

2034 2903 2177 2971 gitus
2208 2907 2291 2951 est
2340 2895 2545 2950 homini
2582 2894 2648 2947 al)
2682 2892 2860 2947 initio
2912 2892 3071 2952 Drus,
3127 2898 3183 2941 ut
3233 2899 3460 2954 magnus
3520 2882 3612 2936 ille

2037 2991 2267 3046 Basilius
2295 2989 2572 3057 loquitur;
2604 2987 2648 3039 si
2676 2983 2868 3039 Adami
2907 2981 3081 3050 prima
3119 2978 3325 3032 creulio
3358 2976 3613 3029 interitus

338 3074 674 3135 Βασίλειος·
732 3070 893 3141 εἴπερ
932 3066 1026 3123 οὖν
1068 3073 1099 3140 η
1153 3070 1349 3139 πρώτη
1383 3070 1604 3149 ποίησις
1630 3068 1722 3121 ’τοῦ
1761 3068 1927 3137 ’Δδάμ

2035 3095 2152 3141 erat
2182 3086 2404 3152 expers,
2444 3091 2502 3133 ut
2554 3074 2874 3131 Anastasius
2914 3071 3003 3125 ille
3040 3068 3280 3123 Sinaites
3320 3066 3525 3135 inquit;
3562 3069 3613 3117 si

350 3164 635 3232 ἀφθαρτος
684 3157 775 3231 ἦν,
813 3161 889 3222 ὡς
926 3162 955 3211 6
993 3160 1249 3227 Σιναϊτης
1287 3158 1423 3228 φησὶ
1474 3157 1618 3219 θεῖος
1663 3158 1927 3210 Ἀναστά-

2034 3177 2354 3249 dignitatem
2413 3173 2555 3226 hanc
2605 3168 2672 3222 ab
2728 3165 2885 3220 initio
2934 3163 3080 3217 Deus
3122 3158 3329 3215 homini
3365 3157 3516 3211 dedit
3550 3166 3612 3209 nt

340 3272 468 3318 στος
493 3270 508 3286 ο
536 3254 710 3320 εἰπερ
746 3250 1089 3318 οὖνάξίωμα
1138 3250 1337 3303 δέδωκε
1375 3249 1453 3319 τῷ
1489 3248 1765 3318 ἀνθρώπῳ
1812 3249 1930 3301 κατ’

342 3347 531 3418 ἀρχὰς
566 3348 596 3398 6
658 3344 788 3407 Θεὸς
827 3344 887 3396 τὸ
940 3344 1210 3395 ἀθάνατον
1260 3342 1352 3393 καὶ
1405 3340 1730 3412 ἀνώλεθρον,
1772 3339 1845 3401 ὼς
1905 3341 1932 3392 6

340 3442 494 3505 θεῖος
545 3440 805 3509 ’Δνδρέας
855 3437 1088 3508 εὕρηται
1130 3436 1343 3505 λέγων·
1381 3435 1537 3505 εἴπερ
1586 3434 1930 3502 αὐτεξουσιό-

344 3551 476 3605 τητι
524 3533 620 3586 καὶ
669 3528 940 3599 ἀθανασίᾳ
970 3529 1211 3598 τιμήσας
1253 3527 1346 3580 τὸν
1384 3527 1671 3596 ἄνθρωπον
1716 3530 1745 3580 6
1799 3528 1930 3589 Θεὸς

350 3627 584 3699 βασιλέα
609 3626 830 3679 πάντων
883 3624 994 3674 τῶν
1025 3620 1286 3688 ἐπιγείων
1327 3621 1649 3688 κατέστησε,
1682 3619 1931 3688 καθάπερ

344 3724 376 3775 6
404 3717 678 3790 μακάριός
701 3732 835 3786 φησι
858 3714 1149 3784 Βαρλαὰμ,
1176 3713 1294 3776 πῶς
1324 3712 1511 3765 λοιπὸν
1541 3711 1735 3782 θνητὸν
1769 3712 1931 3764 αὑτὸν

346 3811 491 3883 ὁμοῦ
519 3812 616 3863 καὶ
652 3809 920 3861 ἀθάνατον
956 3804 1061 3857 ὑπὸ
1091 3804 1229 3857 Θεοῦ
1258 3804 1612 3874 παραχθῆναι
1655 3806 1929 3874 είπωμεν;

344 3904 693 3966 ἀνι-ιδικτσν,
725 3900 800 3961 ὼς
823 3895 1000 3969 οἶμαι,
1035 3898 1196 3950 τοῦτο
1228 3898 1323 3950 καὶ
1353 3896 1473 3950 λί-αν
1504 3896 1642 3949 ἐστί.
1674 3898 1792 3950 Καὶ
1819 3898 1930 3959 πῶς

347 3996 462 4066 γὰρ
510 3994 610 4046 οὐκ
649 3992 990 4055 ἀνένδεκτον,
1033 3991 1148 4058 εἴγε
1199 3991 1349 4042 καὶὸ
1379 3990 1548 4051 πολὺς
1587 3990 1645 4041 ὲν
1684 3988 1933 4059 θεολογίᾳ

349 4085 656 4155 Γρηγόριος
675 4083 777 4135 οὐκ
812 4084 877 4153 ἑᾷ
909 4080 1044 4152 περὶ
1065 4079 1159 4134 τοῦ
1182 4078 1404 4150 πρώτου
1433 4079 1724 4152 ἀνθρώπου
1750 4083 1932 4132 τοιαῦ-

344 4194 419 4229 τα
454 4174 857 4243 φαντάζεσθαι;
906 4173 1125 4235 -Παντὸς
1176 4174 1287 4239 γὰρ
1346 4172 1799 4242 ὲπικαλύμματος
1839 4177 1931 4224 καὶ

344 4268 739 4339 προελήματος
770 4267 997 4321 ἀνενδεᾶ
1035 4266 1128 4319 τὸν
1161 4267 1255 4319 ἀπ’
1293 4265 1470 4334 ἀρχῆς
1515 4266 1720 4318 ἐκεῖνον
1759 4264 1930 4318 εἰπὼν

346 4361 515 4426 εἶναι,
549 4360 721 4425 ἔδειξε
748 4359 1043 4429 προφανῶς
1066 4359 1147 4411 ὅτι
1179 4357 1374 4426 στολὴν
1400 4357 1703 4419 ἀθανασίας
1726 4360 1931 4427 ἠμφιε-

2033 3260 2353 3341 immortalis
2403 3273 2457 3318 et
2488 3258 2921 3330 iucorruptibilis
2953 3265 3118 3319 esset,
3156 3261 3214 3306 nt
3254 3251 3335 3304 vir
3390 3249 3610 3303 divinus

2030 3363 2277 3417 Andreas
2306 3358 2509 3413 dixisse
2539 3353 2841 3424 reperitur;
2874 3350 2919 3404 si
2964 3346 3240 3402 hominem
3274 3343 3416 3397 Deus
3440 3341 3610 3395 liber-

2035 3465 2142 3509 tate
2168 3449 2467 3506 voluntatis
2508 3447 2769 3501 donatum
2799 3450 2856 3497 et
2908 3452 3233 3494 exornatum
3285 3433 3612 3489 immortali-
3670 3480 3673 3481 ν

2033 3557 2142 3602 tate
2174 3559 2354 3614 regem
2377 3541 2623 3596 omnium
2651 3535 2994 3592 terrestrium
3024 3529 3321 3593 constituit,
3352 3526 3615 3598 quemad-

2033 3636 2251 3690 modum
2276 3634 2361 3687 vir
2383 3632 2576 3686 beatus
2605 3627 2920 3680 Barlaamus
2947 3622 3225 3693 praedicat,
3255 3635 3362 3688 quo
3392 3617 3607 3672 tandem

2031 3743 2125 3781 ore
2160 3726 2367 3795 pariter
2399 3739 2523 3778 eum
2557 3720 2845 3774 mortalem
2880 3731 2941 3771 ac
3001 3713 3363 3769 immortalem
3417 3728 3447 3763 ιι
3504 3712 3617 3763 Deo

2032 3815 2311 3870 conditum
2370 3811 2652 3866 dicemus?
2688 3811 2888 3879 nequit
2936 3807 3039 3861 hoc
3098 3805 3208 3859 ullo
3266 3812 3420 3871 pacto
3470 3802 3611 3867 ﬁeri,

2027 3908 2248 3977 quando
2299 3903 2660 3975 peritissimus
2696 3902 2785 3955 ille
2827 3914 3009 3953 rerum
3057 3896 3364 3951 divinarum
3412 3894 3621 3964 Grego-v

2026 4002 2142 4054 rius
2166 3998 2435 4068 ejusmodi
2468 4011 2569 4050 nos
2592 3996 2661 4049 de
2683 3993 2906 4048 homine
2935 3993 3028 4045 illo
3058 3988 3304 4059 principe
3326 3986 3617 4053 imaginari

2030 4107 2139 4144 non
2193 4090 2344 4144 sinit.
2384 4088 2517 4142 Cum
2568 4087 2714 4141 enim
2774 4085 2929 4137 illum
2988 4081 3139 4135 nullo
3177 4080 3262 4133 vel
3299 4088 3619 4147 legumento

2028 4185 2115 4237 vel
2150 4180 2349 4236 vestitu
2381 4180 2683 4249 indiguisse
2736 4176 2921 4240 tradit,
2950 4174 3095 4229 clare
3130 4171 3473 4226 demonstrat
3518 4184 3617 4222 ora

2032 4287 2162 4331 natu
2194 4272 2613 4328 immortalitatis
2662 4269 2920 4324 amictum
2960 4267 3146 4321 fuisse.
3196 4265 3484 4317 Enimvero
3528 4262 3617 4316 his

2028 4366 2408 4423 contradicere
2440 4364 2578 4417 velle
2619 4363 2861 4432 iniquum
2910 4359 3092 4413 fuerit.
3126 4358 3258 4411 Nam
3294 4357 3381 4411 vel
3415 4373 3614 4425 corpus

349 4454 549 4522 σμένος
620 4446 690 4521 ἦν
718 4453 747 4503 6
799 4451 1019 4520 πρῶτος
1077 4447 1182 4501 ὑπὸ
1211 4447 1346 4501 Θεοῦ
1378 4447 1803 4518 δημιουργηθελις
1845 4448 1927 4500 ἀν-

2040 4462 2171 4515 illud
2196 4458 2577 4516 aB‘octionibus
2602 4459 2750 4509 hisee
2778 4453 3117 4509 naturalibus
3142 4452 3445 4520 subjectum
3474 4460 3613 4511 erat,

348 4544 594 4614 θρωπος.
635 4542 775 4595 Ἀλλ’
797 4544 890 4595 ἰπὶ
915 4542 1129 4604 τοῦτοις
1155 4541 1460 4609 ἀντιλέγειν
1499 4542 1556 4593 οὐ
1583 4540 1824 4610 θεμιτόν.
1858 4543 1928 4593 Ἢ

346 4637 460 4706 γάρ
498 4637 760 4690 ὑπέκειτο
810 4637 872 4688 τὸ
906 4636 1069 4704 σῶμα
1104 4637 1281 4688 ἐκεῖνο
1314 4634 1516 4688 πάθεσι
1553 4638 1802 4701 φυσικοῖς
1833 4636 1929 4686 καὶ

350 4727 590 4797 φθαρτὸν
645 4727 1096 4796 ὁμολογουμένως
1149 4723 1259 4795 ἦν,
1320 4726 1353 4797 ἢ
1412 4726 1600 4779 παθῶν
1661 4726 1921 4778 παντοίωι

350 4822 655 4890 ὑπέρτερον
706 4817 797 4891 ἦν,
849 4820 923 4882 ὡς
960 4819 1164 4887 ὁλόγος
1203 4819 1304 4890 ἤδη
1352 4819 1615 4888 διείληφε.
1658 4819 1765 4872 Καὶ
1802 4819 1928 4887 περὶ

344 4913 666 4982 ἀφθαρσίας
685 4912 1048 4982 ἀμφιξάλλειν
1070 4913 1129 4964 οὺ
1146 4913 1273 4983 χρή·
1302 4914 1553 4980 φαίνεται
1574 4914 1677 4981 γὰρ
1706 4915 1783 4966 ἔτι
1801 4912 1929 4981 φθο-

347 5008 424 5076 ρᾷ
462 5006 759 5076 οίᾳδήποτε
795 5006 873 5075 μὴ
906 5004 1262 5074 ὑποκείμενον
1296 5003 1509 5074 ἀληθῶς
1543 5006 1817 5075 ἄφθαρτον
1837 5001 1924 5076 ἦν.

417 5102 578 5157 Οὕτω
611 5102 713 5174 μὲν
747 5098 863 5166 οὖν,
883 5100 1157 5170 ἀγαπητὲ,
1184 5101 1279 5153 καὶ
1308 5102 1368 5152 τὸ
1394 5101 1552 5169 σῶμα
1586 5101 1680 5154 τοῦ
1722 5102 1924 5171 Κυρίου

340 5196 506 5268 ἡμῶν
546 5195 728 5265 Ἰησοῦ
769 5195 1009 5266 Χριστοῦ
1042 5196 1136 5248 καὶ
1176 5194 1417 5265 φθαρτὸν
1442 5194 1790 5265 ὡμολόγηται
1821 5196 1926 5267 πρὸ

336 5288 440 5342 τοῦ
492 5288 727 5352 πάθους,
758 5288 945 5357 ἐπειδὴ
1003 5288 1201 5341 πάθεσι
1231 5290 1481 5356 (ευσικοίς
1516 5289 1790 5353 ὑπέκειτο,
1832 5291 1926 5342 καὶ

337 5381 624 5451 ἄφθαρτον
664 5376 822 5444 αὖθις
860 5381 995 5452 μετά
1031 5381 1094 5433 τὸ
1128 5381 1297 5445 πάθος
1322 5381 1415 5435 καὶ
1444 5385 1543 5453 τὴν
1589 5384 1921 5437 ἀνάστασιν·

445 5522 489 5552 ⁶⁹
520 5518 541 5573 l
570 5521 700 5575 Cor.
732 5537 820 5587 xv,
851 5521 944 5575 55.
1020 5521 1066 5552 τ’
1093 5519 1275 5578 Ecole.
1318 5539 1355 5587 ι,
1386 5523 1439 5576 9.

406 5658 523 5726 (20)
563 5658 663 5739 llic
691 5667 747 5739 et
804 5657 944 5739 infra
990 5657 1051 5739 in
1081 5660 1251 5738 multa
1282 5659 1550 5739 disputat
1603 5665 1796 5736 Glyeas
1851 5667 1918 5722 de

333 5731 759 5802 immortalitate
785 5728 946 5797 primi
990 5727 1233 5783 hominis
1266 5727 1483 5799 Adami,
1531 5727 1715 5803 qu.e'a
1766 5739 1907 5791 veri-

2036 4564 2091 4608 et
2147 4568 2244 4622 pro
2290 4552 2545 4605 conlesso
2596 4557 2870 4603 statuetur
2922 4544 3217 4600 obnoxium
3275 4543 3609 4609 corruptioni

2038 4646 2201 4701 fuisse
2228 4663 2242 4699 :
2269 4646 2353 4700 vel
2390 4659 2551 4713 supra
2586 4656 2777 4697 omnes
2812 4638 3128 4694 alfecﬁoncs
3179 4646 3294 4689 erat
3352 4636 3609 4704 positum,

2032 4738 2496 4809 quemadmodum
2530 4735 2773 4790 oratione
2824 4732 3094 4802 superiori
3133 4739 3213 4784 est
3255 4730 3609 4782 declaratum.

2040 4834 2229 4903 Itaque
2265 4834 2331 4888 de
2361 4829 2876 4900 incorruptiliilitatc
2909 4828 3078 4896 ipsius
3106 4825 3329 4879 minime
3356 4824 3615 4875 dubitan-

2036 4928 2165 4979 dum
2220 4934 2327 4989 est,
2364 4942 2486 4979 cum
2522 4923 2809 4976 manifesto
2850 4929 3032 4991 pateat
3068 4918 3315 4972 interitui
3352 4915 3482 4968 nulli
3534 4932 3616 4967 rc-

2034 5032 2163 5086 apse
2198 5018 2502 5100 subjei-tum
2545 5015 2730 5068 fuisse.

2105 5108 2305 5163 Eodem
2342 5111 2524 5171 modo,
2562 5108 2760 5162 dilecte
2791 5105 2885 5169 ﬁli,
2929 5121 3126 5173 corpus
3186 5104 3350 5158 etiam
3396 5100 3609 5153 Domni

2034 5205 2202 5258 nostri
2240 5203 2367 5257 Jcsu
2399 5202 2606 5256 Christi
2645 5199 3002 5268 corruptibile
3030 5197 3200 5249 fuisse
3228 5197 3464 5249 fatemur
3485 5202 3612 5245 ante

2034 5299 2363 5366 passionem,
2382 5311 2505 5350 eum
2531 5294 2914 5347 aC’ectiouibus
2937 5290 3278 5345 naturalibus
3306 5290 3607 5354 subjectum

2034 5390 2217 5456 fuerit,
2247 5403 2310 5441 ac
2330 5404 2548 5440 rursum
2576 5397 2694 5455 post
2725 5386 3036 5456 passionem
3065 5393 3121 5439 et
3146 5384 3607 5438 resurrectionem

2032 5677 2139 5721 tate
2165 5669 2381 5740 longius
2406 5671 2686 5734 aberrant,
2728 5680 2787 5723 ut
2833 5668 3080 5738 pluribus
3117 5664 3352 5733 theologi
3399 5663 3608 5719 edisse—

2020 5750 2151 5792 runt
2188 5757 2253 5796 ac
2282 5757 2447 5795 sacrae
2472 5744 2768 5810 Scriptura:
2799 5742 3152 5808 interpretes,
3190 5754 3327 5806 quos
3358 5747 3609 5796 ρυιςδυίιι.
