4062 6186
460 305 558 369 167

1745 307 2170 370 MICHAE’LIS
2207 309 2474 373 GLYC/E

3613 307 3716 377 168

457 421 644 480 Persis
673 423 880 478 servire
910 422 1055 493 cogit
1083 432 1138 476 ut
1172 421 1265 478 Dei
1316 429 1745 492 contemptores,
1794 422 1882 479 hic
1910 437 2014 477 ven

2147 423 2349 494 ἔπληξε
2382 426 2484 486 μὲν
2515 425 2948 496 ἁμαρτάνοντας,
2996 425 3492 497 ἐπιστρεφομένους
3523 423 3581 480 δὲ
3617 429 3722 481 οὐκ

453 529 526 572 ex
554 515 658 570 alia
693 523 848 584 parte
884 515 938 567 in
973 512 1283 567 libertatem
1318 513 1584 580 vindicat,
1621 529 1688 568 ac
1720 512 1874 569 hisce
1902 530 2028 570 ver-

2139 516 2570 584 ἀποστρέφεται.
2614 536 2632 568 ι

456 609 543 667 bis
573 609 741 664 utitur
774 625 788 661 :
827 606 1078 669 «Desine,
1106 606 1396 661 Persarum
1427 621 1671 676 praeses;
1723 622 1855 662 nam
1905 617 2202 678 peccantes
2229 609 2454 678 quidem
2497 610 2599 666 hos
2638 610 2892 666 multavit
2929 609 3232 681 amisitque
3299 609 3466 678 Deus,
3526 619 3722 667 verum

451 707 518 761 ad
556 720 614 758 se
646 716 941 758 conversos
972 715 1082 755 non
1109 708 1414 756 aversatur.
1449 718 1468 751 ›

516 796 637 852 Jam
690 794 925 866 singulis
981 795 1150 850 etiam
1215 793 1458 848 ﬁdelium
1514 793 1708 850 adesse
1763 793 2028 850 custodia:

433 905 613 946 causa
656 889 905 943 divinum
933 888 1209 958 angelum,
1243 887 1592 958 magnusillc
1613 887 1849 943 Basilius
1883 888 2028 944 inter

446 985 585 1038 alios
618 976 863 1037 tradidit.
900 977 1400 1046 Quemadmodum,
1443 979 1643 1049 inquit,
1693 995 1825 1050 apes
1858 979 2026 1050 abigit

444 1076 629 1130 [Irritus
656 1112 670 1136 ,
703 1083 758 1127 et
784 1072 1063 1126 columbas
1092 1070 1314 1140 depellit
1333 1070 1515 1136 loetor,
1551 1071 1628 1126 sic
1686 1081 1740 1126 et
1769 1071 1890 1126 vitae
1919 1087 2020 1126 no-

443 1177 570 1221 strzn
599 1165 881 1220 custodem
914 1163 1166 1234 angelum
1204 1162 1390 1217 multis
1425 1162 1820 1232 deplorandum
1851 1164 2024 1235 lacry-

441 1261 548 1314 mis
585 1257 890 1327 l‘oetensque
915 1264 1206 1327 peceatum
1236 1270 1266 1310 a
1299 1255 1459 1311 nobis
1492 1257 1750 1326 seiungit.
1783 1255 1937 1311 Idem
1968 1265 2026 1310 et

441 1353 822 1408 Tlteodorctus
855 1351 1078 1406 indicat.
1109 1349 1245 1404 Nam
1275 1350 1331 1404 in
1351 1349 1751 1420 'l'herapeutica
1775 1366 1869 1405 sua
1899 1364 2024 1404 ver-

440 1444 524 1498 bis
555 1443 946 1508 liisce,utitur:
987 1441 1202 1497 «Elates
1244 1442 1502 1511 superbia
1559 1441 1810 1496 diabolus
1837 1442 2024 1512 lapsus

439 1550 561 1589 esse
593 1534 788 1598 fertur,
816 1524 890 1588 ac
917 1533 1186 1603 deinceps
1221 1533 1487 1608 adversus
1518 1532 1771 1590 homines
1791 1544 2024 1590 ertorna-

440 1635 524 1679 tos
557 1624 791 1695 imagine
819 1625 1004 1680 divina
1068 1626 1250 1678 furore
1281 1625 1518 1694 quodam
1553 1625 1851 1687 exarsisse,
1909 1625 2022 1680 bel-

437 1720 660 1788 lumque
681 1718 943 1772 adversus
974 1717 1121 1797 ipsos
1176 1719 1507 1786 suscepisse.
1569 1715 1677 1772 Hac
1728 1719 1795 1772 de
1856 1734 2020 1773 causa

2211 795 2330 852 Ὀτι
2367 793 2421 851 δὲ
2476 797 2618 862 θεῖος
2664 796 2896 866 ἄγγελος
2945 799 3026 853 ἐνὶ
3081 798 3302 870 ἑκάστῳ
3357 798 3716 870 προσεδρεύει

2134 887 2240 941 τῶν
2264 890 2471 942 πιστῶν
2505 890 2748 960 φυλακῆς
2777 890 2984 953 ἕνεκεν.
3016 891 3322 962 διείληπται
3375 891 3474 960 μὲν
3513 893 3607 944 καὶ
3632 891 3714 961 τῷ

2136 982 2357 1052 μεγάλῳ
2389 982 2658 1052 Βασιλείῳ
2682 982 2920 1052 λέγοντι·
2957 1002 2976 1036 ι
3021 983 3095 1048 Ως
3124 983 3224 1048 τὰς
3253 983 3514 1054 μελίσσας
3541 1001 3718 1053 φυγα-

2119 1074 2271 1127 δέύει
2303 1076 2509 1138 καπνὸς
2535 1076 2627 1128 καὶ
2656 1075 2756 1140 τὰς
2788 1079 3118 1147 περιστερὰς
3151 1075 3424 1141 ἐξελαύνει
3455 1077 3716 1156 δυιι’ωδίαν

2122 1164 2270 1218 οὕτω
2295 1167 2394 1220 καὶ
2421 1167 2516 1219 τὸν
2553 1166 2773 1236 φύλακα
2801 1169 2899 1234 τῆς
2927 1167 3074 1237 ζωῆς
3105 1168 3262 1238 ἡμῶν
3287 1167 3532 1235 ⁴ἄγγελον
3560 1169 3592 1236 ἡ
3617 1184 3717 1222 πο-

2122 1255 2394 1326 λύδακρυς
2416 1256 2510 1309 καὶ
2529 1255 2772 1326 δυσώδης
2803 1256 2897 1324 ἀφ’
2927 1256 3083 1326 ἡμῶν
3114 1256 3382 1326 διίστησιν
3410 1255 3712 1327 ἁμαρτία.»

2102 1349 2235 1417 ,Οὐχ
2263 1343 2427 1418 ἦττον
2460 1347 2516 1401 δὲ
2562 1347 2630 1400 τὰ
2671 1352 2801 1418 περὶ
2831 1349 3023 1401 τούτου
3064 1347 3156 1401 καὶ
3206 1348 3355 1417 αὐτῷ
3381 1348 3463 1408 ’τῷ
3507 1346 3718 1400 8605m—

2129 1443 2278 1511 ρήτῳ
2327 1439 2646 1510 δεδήλωται.
2688 1441 2776 1493 Ἐν
2826 1441 2938 1512 γὰρ
2989 1442 3056 1511 τῇ
3111 1440 3496 1510 Θεραπευτικῇ
3546 1437 3715 1491 αὑτοῦ

2129 1533 2254 1587 τάδε
2299 1533 2488 1602 φησίνο
2526 1550 2545 1583 ι
2589 1532 2882 1601 Ἐπαρθεὶς
2909 1534 2937 1585 6
2968 1531 3217 1594 διάϐολος
3239 1530 3463 1599 λέγεται
3491 1547 3716 1584 πεπτω-υ

2129 1623 2308 1686 κέναι,
2337 1621 2455 1675 εἶτα
2475 1621 2617 1675 κατὰ
2649 1621 2759 1676 τῶν
2789 1620 3094 1692 ἀνθρώπων
3115 1621 3192 1684 ὡς
3221 1622 3392 1674 είκόνι
3413 1621 3535 1691 θείᾳ
3564 1639 3712 1674 τετιο

2133 1714 2392 1784 μημένων
2432 1713 2722 1782 λυττῆσαι,
2757 1713 2854 1766 καὶ⁹
2885 1713 2978 1766 τὸν
3007 1711 3147 1766 κατὰ
3199 1709 3407 1766 τούτων
3451 1709 3715 1776 ἀναδέξαι

437 1826 618 1866 rerum
653 1809 904 1880 opiﬁcem
944 1825 1044 1880 per
1071 1810 1389 1878 angelorum
1425 1809 1824 1879 inspectionem
1859 1821 2014 1881 atque

2131 1808 2255 1860 σθαι
2308 1806 2566 1874 πόλεμον.
2602 1805 2793 1860 Ἔνθεν
2835 1821 2915 1858 τοι
2947 1805 3040 1859 καὶ
3070 1804 3162 1858 τὸν
3217 1805 3449 1875 ποιητὴν
3499 1807 3563 1874 τῇ
3599 1805 3713 1856 τῶν

439 1902 664 1957 tutelam
695 1916 868 1972 genus
899 1901 1201 1954 humanum
1236 1901 1542 1965 custodire,
1576 1916 1645 1954 ne
1675 1913 1774 1970 per
1803 1901 1910 1956 vim
1956 1911 2018 1956 ac

439 1992 782 2062 tyrannidem
834 1989 1345 2059 inadspcctabiliter
1379 2004 1474 2044 eos
1518 2004 1832 2061 aggressus,
1879 2005 2018 2060 quos

435 2085 552 2135 odit
581 2098 645 2134 ex
687 2081 914 2146 inviulia,
957 2080 1092 2134 citra
1119 2080 1444 2149 cujusquam
1493 2091 1699 2135 metum
1733 2095 1799 2136 ac
1844 2081 2018 2136 libere

439 2174 684 2244 perdat.»
719 2172 850 2238 Qure
881 2173 1104 2240 quidem
1135 2174 1208 2227 ita
1237 2187 1382 2238 esse,
1437 2187 1500 2226 ac
1539 2172 1729 2228 ﬁdeles
1776 2174 2018 2244 singulos

439 2266 641 2319 habere
667 2265 951 2318 custodem
986 2263 1262 2333 angelum,
1295 2258 1544 2317 etiam’in
1568 2263 1858 2335 Evangelia
1877 2264 2016 2318 Mat-

435 2357 564 2414 thtei
598 2357 778 2412 verbis
808 2357 895 2411 his
921 2355 1215 2426 exponitur
1247 2371 1262 2410 :
1299 2353 1520 2410 «Videte
1549 2371 1616 2410 ne
1649 2357 1731 2409 vel
1763 2371 1929 2409 unum
1949 2371 2016 2411 ex

433 2452 620 2523 parvis
648 2451 798 2506 hisce
828 2449 1193 2504 eontemnatis
1229 2467 1242 2503 :
1280 2463 1406 2502 nam
1451 2447 1628 2519 angeli
1661 2463 1848 2503 eorum
1874 2460 2010 2500 sem-

434 2561 531 2616 per
553 2544 746 2598 faciem
779 2541 963 2596 Patris
996 2539 1123 2605 mei,
1155 2539 1248 2609 qui
1276 2539 1389 2610 80
1415 2539 1468 2592 in
1527 2540 1679 2594 caelis
1706 2550 1812 2606 est,
1869 2539 2017 2610 aspi-

431 2638 696 2694 τίθημ’.»
733 2637 811 2690 Ac
839 2634 908 2688 de
941 2634 1026 2688 his
1062 2631 1294 2702 quidem.
1319 2632 1438 2686 haec
1469 2632 1709 2688 indicata
1737 2643 1916 2688 sunto.

502 2818 772 2872 Pmterea
813 2813 1103 2884 quaesitum
1135 2827 1165 2866 a
1199 2809 1479 2866 nonnullis
1507 2819 1594 2865 est
1627 2826 1758 2866 num
1794 2813 1879 2868 late
1908 2829 2009 2883 po-

425 2919 660 2966 testatos
693 2905 1041 2960 intellectiles
1074 2914 1200 2958 ante
1225 2903 1349 2958 coeli
1380 2912 1650 2974 terraeque
1677 2905 2014 2970 creationem

427 3003 663 3058 conditae
688 2999 917 3064 fuerint,
945 3013 1012 3052 an
1043 3007 1330 3068 postquam
1365 2997 1457 3051 illa
1489 2997 1608 3067 jam
1661 2997 1801 3053 facta
1835 3009 2012 3055 erant.

429 3093 507 3144 Ac
535 3086 916 3142 Theodoretus
959 3085 1180 3154 quidem
1234 3100 1360 3140 cum
1409 3085 1697 3140 Gcnuadio
1747 3092 2014 3144 mundum

2127 1894 2374 1962 ἀγγέλων
2393 1895 2684 1966 ἐπιστασίᾳ
2709 1893 2774 1948 τὸ
2800 1893 2908 1947 τῶν
2939 1894 3244 1964 ἀνθρώπων
3275 1892 3582 1965 φρουρῆσαι
3611 1893 3711 1960 γέο

2125 2004 2235 2053 νος,
2263 1989 2410 2051 ὅπως
2449 1988 2525 2058 μὴ
2556 1987 2648 2057 βίᾳ
2689 1988 2784 2042 καὶ
2816 1987 3092 2057 τυραννίδι
3122 1987 3426 2058 χρώμενος,
3462 1987 3712 2056 ἀοράτως

2125 2079 2318 2144 ἐπιὼν,
2350 2079 2443 2143 οὓς
2468 2080 2558 2134 διὰ
2594 2078 2788 2148 φθόνον
2826 2080 3108 2150 ἐμίσησεν,
3140 2079 3314 2143 ’ἀδεῶς
3335 2078 3652 2150 διαφθείρῃ.
3680 2097 3699 2130 ι

2125 2171 2249 2224 Ὀτι
2269 2170 2326 2224 δὲ
2349 2170 2520 2224 ταῦτα
2550 2171 2724 2234 οὕτως
2771 2170 2906 2242 ἔχει,
2938 2171 3034 2224 καὶ
3063 2171 3146 2224 ὅτι
3172 2171 3282 2224 τῶν
3339 2172 3549 2225 πιστῶν
3578 2171 3711 2224 ἔκα-

2126 2281 2251 2327 στος
2280 2263 2512 2332 ἄγγελον
2559 2263 2778 2333 φύλακα
2826 2265 3125 2334 κέκτηται,
3149 2264 3245 2318 καὶ
3281 2263 3360 2334 τῷ
3385 2264 3528 2318 κατὰ
3557 2266 3712 2318 Maso

2124 2354 2276 2408 θαίον
2307 2355 2630 2426 Εὑαγγελίῳ
2657 2355 2986 2424 διείληπται.
3009 2357 3173 2424 Λέγει
3199 2358 3332 2429 γάρ·
3363 2373 3384 2408 t
3403 2345 3596 2426 Ὁρᾶτε
3631 2355 3719 2427 μὴ.

2125 2446 2579 2515 καταφρονήσητε
2631 2444 2752 2508 lvii;
2797 2446 2911 2498 ’τῶν
2979 2445 3194 2514 μικρῶν
3222 2444 3428 2498 τούτων
3454 2462 3469 2476 ·
3518 2447 3566 2498 οἱ
3598 2445 3709 2515 γὰρ

2123 2535 2345 2603 ἄγγελοι
2397 2538 2579 2588 αὐτῶν
2631 2537 2896 2607 διηνεκῶς
2946 2536 3115 2607 ὁρῶσι
3171 2536 3231 2590 τὸ
3275 2537 3570 2607 πρόσωπον
3611 2537 3708 2590 τοῦ

2126 2626 2338 2697 Πατρός
2363 2645 2464 2698 μου
2491 2627 2586 2681 τοῦ
2613 2629 2671 2681 ἐν
2697 2629 2968 2700 οὐρανοῖς.
2994 2646 3015 2680 ι
3051 2629 3162 2682 Kal
3205 2631 3335 2700 περὶ
3366 2628 3464 2700 μὲν
3501 2629 3708 2683 τούτων

2122 2715 2318 2780 οὕτως.

2197 2811 2403 2866 Ἔτι-δὲ
2433 2813 2530 2865 καὶ
2561 2812 2720 2866 τοῦτο
2749 2813 2902 2885 παρά
2937 2831 3086 2868 τισιν
3119 2816 3414 2886 ἠπόρηται,
3449 2814 3562 2868 εἴτε
3601 2815 3708 2884 πρδ

2122 2906 2220 2975 τῆς
2245 2905 2583 2976 παραγωγῆς
2611 2904 2706 2958 τοῦ
2762 2906 2999 2978 οὐρανοῦ
3031 2906 3126 2960 καὶ
3155 2909 3253 2978 τῆς
3287 2907 3392 2977 γῆς
3423 2907 3533 2960 εἴτε
3564 2906 3706 2979 μετά

2123 2999 2220 3068 τὴν
2249 2999 2616 3068 δημιουργίαν
2645 2998 2826 3052 αὐτῶν
2853 2999 2910 3051 al.
2930 3000 3115 3070 vospa't
3144 2999 3402 3068 δυνάμεις
3417 2999 3708 3069 παρήχθη-

2127 3108 2246 3144 σαν.
2297 3089 2355 3143 '0
2391 3089 2489 3161 μὲν
2519 3085 2612 3144 οὖν
2641 3089 3013 3162 Θεοδὼρητος,
3064 3090 3153 3144 ναὶ
3187 3091 3295 3162 μὴν
3322 3094 3418 3146 καὶ
3445 3093 3472 3144 6
3503 3091 3708 3144 Γεννά-

429 3183 578 3237 hunc
616 3181 719 3235 sub
751 3180 944 3234 oculos
969 3179 1260 3232 cadentem
1297 3179 1628 3248 productum
1659 3194 1781 3235 esse
1829 3182 1886 3236 in
1919 3198 2011 3236 or-

2119 3183 2224 3246 διος
2259 3185 2364 3255 πρὸ
2417 3184 2526 3237 τῶν
2557 3183 2809 3254 ἀοράτων
2859 3183 3077 3253 φύσεων
3129 3184 3558 3254 διισχυρίζονται
3609 3183 3707 3236 τὴν

433 3287 546 3328 tum
587 3284 715 3328 ante
751 3283 976 3327 naturas
1007 3273 1126 3326 illas
1156 3271 1582 3340 inaspectabiles
1613 3275 1837 3331 asserit.
1874 3274 2015 3330 Nam

429 3369 561 3436 quia
590 3367 754 3421 cer-tis
786 3366 1188 3435 circumscripti
1213 3365 1479 3419 limitibus
1507 3375 1638 3420 sunt
1657 3368 1858 3438 angeli,
1883 3383 2016 3423 con-

434 3459 698 3514 veniebat
731 3457 958 3512 cumino
983 3467 1045 3510 ut
1119 3457 1272 3511 locus
1319 3457 1516 3525 aliquis
1563 3460 1857 3514 exsisteret
1904 3475 2016 3530 quo

429 3553 866 3608 continerentur.
903 3547 1102 3604 Verum
1164 3549 1358 3619 reliqui
1392 3550 1584 3604 Patres
1642 3551 1747 3606 hoc
1801 3567 2013 3621 nequa-

427 3659 594 3714 quam
623 3642 927 3698 admittere
958 3641 1232 3696 videntur.
1265 3641 1404 3706 Quid
1456 3657 1684 3714 magnus
1733 3642 1824 3696 ille
1855 3643 2012 3699 Basi-

427 3737 554 3800 lius,
586 3737 641 3789 in
676 3735 948 3790 librosuo
979 3733 1052 3786 De
1077 3734 1372 3801 primorum
1405 3749 1497 3787 sea:
1515 3734 1720 3787 dierum
1747 3737 2010 3803 operibus,

431 3829 599 3892 dicat,
631 3826 761 3881 audi
800 3842 812 3880 :
851 3825 1016 3879 tErat
1043 3824 1324 3889 antiquior
1350 3825 1542 3879 mundi
1596 3836 1721 3880 ortu
1769 3826 2012 3883 conditio

429 3919 680 3990 quaedam
717 3927 771 3973 et
798 3929 997 3985 status,
1035 3918 1476 3972 ultramundanis
1514 3918 1619 3973 illis
1647 3919 2010 3988 potestatibus

425 4011 786 4067 conveniens.
821 4011 881 4065 ln
913 4025 978 4065 eo
1011 4025 1197 4066 rerum
1237 4011 1420 4080 opil‘ex
1454 4009 1702 4081 quaedam
1739 4011 2007 4076 condidit,

424 4107 684 4160 nimirum
709 4103 892 4159 lucem
919 4103 1070 4156 illam
1107 4101 1504 4168 intellectilem,
1561 4103 1804 4158 beatitati
1843 4119 2011 4170 ange-

424 4197 602 4250 lorum
635 4195 929 4249 Dominum
961 4194 1304 4265 diligentium
1337 4194 1816 4250 convenientem.»
1867 4196 2006 4250 Audi

427 4290 592 4344 etiam
633 4285 767 4355 quid
794 4285 1104 4356 Gregorius
1129 4287 1219 4340 ille
1267 4295 1633 4356 cognomento
1694 4284 2008 4357 Tlteologus

425 4378 574 4433 dicat
608 4397 622 4433 :
678 4397 700 4426 ι
731 4381 974 4434 Primum
1013 4364 1152 4435 Dens
1185 4383 1462 4453 angelicas
1495 4381 1822 4452 divinaeque
1852 4392 2006 4452 pote~

427 4480 596 4526 states
623 4483 806 4524 meme
834 4471 1092 4540 concipit.
1123 4471 1200 4525 Ea
1232 4472 1491 4542 cogitatio
1518 4488 1642 4526 mox
1670 4473 2002 4542 opusipsum

2117 3275 2314 3346 ὁρατὸν
2343 3274 2558 3328 τουτονὶ
2579 3275 2796 3345 ’κόσμον
2830 3275 3213 3346 παραχθῆναι·
3247 3274 3436 3346 ἐπειδὴ
3469 3275 3576 3345 γὰρ
3602 3291 3706 3329 πε-

2121 3369 2410 3439 ρίγραπτοί
2441 3371 2581 3422 εἰσιν
2613 3371 2660 3422 οί
2695 3367 2942 3437 ἄγγελοι,
2987 3367 3196 3438 ἔπρεπε
3230 3369 3445 3431 πάντως
3489 3373 3581 3420 καὶ
3615 3369 3712 3420 τό-

2117 3453 2218 3514 πον
2260 3457 2398 3515 εἷναί
2451 3478 2594 3528 τινα,
2631 3462 2706 3526 ὡς
2739 3459 2994 3516 ἐντεῦθεν
3023 3462 3224 3524 αὐτοὺς
3274 3462 3335 3513 ὲν
3364 3461 3514 3531 αὐτῷ
3543 3470 3708 3532 περι-

2115 3552 2448 3625 γράφεσθαι.
2490 3553 2630 3606 Ἀλλ’
2663 3555 2692 3607 6
2736 3554 2923 3618 λοιπὸς
2948 3557 3059 3608 τῶν
3110 3554 3369 3625 Πατέρων
3402 3553 3708 3619 κατάλογος

2115 3646 2382 3715 οὐμενοῦν
2413 3647 2546 3700 αὐτὸ
2579 3647 3012 3718 καταδεχόμενος
3073 3647 3351 3716 φαίνεται.
3413 3646 3524 3700 Καὶ
3553 3663 3708 3714 τηνι-

2113 3740 2292 3793 καῦτα
2307 3739 2402 3794 τοῦ
2427 3741 2664 3811 μεγάλου
2691 3741 2980 3794 Βασιλείου
3005 3741 3062 3794 ἓν
3081 3744 3148 3811 τῇ
3184 3740 3513 3811 Ἓξαημέρῳ
3533 3739 3702 3792 αὐτοῦ

2114 3834 2363 3902 λέγοντος
2385 3833 2580 3888 ἄκους’
2599 3851 2616 3884 ι
2631 3829 2740 3887 Ἦν
2761 3850 2847 3898 τις
2863 3832 3215 3905 πρεσϐυτέρα
3233 3835 3334 3903 τῆς
3368 3832 3464 3885 τοῦ
3493 3833 3706 3900 κόσμου

2114 3926 2386 3993 γενέσεως
2427 3924 2786 3991 κατάστασις,
2842 3927 2961 3989 ταῖς
2998 3925 3392 3996 ὑπερκοσμίοις
3427 3924 3710 3992 ’δυνάμεσι

2115 4020 2426 4091 πρέπουσα.
2461 4019 2935 4090 Δημιουργήματα
2984 4019 3042 4072 δὲ
3097 4021 3157 4071 ὲν
3183 4019 3321 4088 αὐτῇ
3372 4017 3400 4069 6
3433 4019 3540 4068 τῶν
3564 4017 3706 4068 ὅλων

2113 4109 2452 4182 Δημιουργδς
2476 4109 2773 4162 ἀπετέλεσε
2803 4109 2919 4178 φῶς
2949 4109 3159 4178 νοητὸν,
3194 4109 3402 4176 πρέπον
3423 4109 3492 4177 τῇ
3527 4122 3707 4174 μακα-

2116 4201 2323 4270 ριότητι
2351 4199 2459 4253 τῶν
2485 4197 2782 4269 φιλούντων
2816 4193 3067 4268 ἀγγέλων
3101 4200 3194 4251 τὸν
3220 4187 3443 4267 Κύριον.
3470 4214 3494 4250 ο
3539 4195 3708 4248 Ἀλλὰ

2110 4291 2207 4344 καὶ
2236 4289 2332 4343 τοῦ
2379 4289 2632 4358 θεολόγον
2664 4289 2969 4358 Γρηγορίου
2997 4288 3248 4356 λέγοντος
3304 4285 3479 4348 οὓτως
3511 4285 3703 4339 ἄκουε·

2118 4402 2137 4435 ι
2174 4383 2288 4437 Καὶ
2316 4381 2530 4454 πρῶτον
2559 4381 2660 4449 μὲν
2714 4383 2885 4433 ὲννοεῑ
2915 4378 3013 4441 τὰς
3061 4379 3364 4448 ἁγγελικὰς
3414 4378 3704 4442 οὐρανίους

2109 4474 2390 4543 δυνάμεις,
2418 4475 2512 4524 καὶ
2546 4472 2605 4523 τὸ
2657 4470 2896 4540 ἐννόημα
2951 4469 3111 4539 ἔργον
3140 4465 3234 4540 ἦν,
3279 4469 3420 4536 λόγῳ
3453 4467 3704 4536 συμπλη-

426 4571 565 4630 erat,
619 4579 875 4620 sermone
913 4564 1250 4633 completum
1307 4579 1369 4617 ac
1421 4564 1618 4632 spiritu
1673 4563 2003 4633 perfectum.

2119 4564 2380 4634 ρούμενον
2430 4563 2526 4615 καὶ
2558 4561 2831 4630 πνεύματι
2885 4559 3302 4631 τελειοὺμενον·
3345 4561 3596 4628 δεύτερον
3640 4558 3707 4610 δὲ

428 4657 682 4712 Secundo
719 4657 986 4712 mundum
1015 4672 1046 4709 e
1069 4656 1301 4708 materie
1333 4669 1517 4709 crassa
1563 4665 1909 4710 constantem
1956 4669 2012 4711 et

427 4749 820 4818 aspectabilem
874 4749 1129 4819 cogitat.»
1180 4745 1316 4799 lluic
1369 4746 1677 4800 consimilia
1743 4749 1906 4800 tradit
1956 4757 2013 4802 et

427 4842 598 4897 frater
629 4843 749 4912 ejus
777 4841 1050 4896 Ctesarius
1083 4856 1097 4893 :
1137 4856 1155 4889 ι
1189 4840 1412 4902 Omnes,
1475 4838 1674 4906 inquit,
1704 4840 1884 4894 carnis
1916 4855 2013 4894 ex-

425 4943 610 5003 pertes
673 4931 748 4985 illi
815 4939 991 4984 cretus
1027 4930 1343 5000 angelorum
1408 4929 1556 4998 prius
1611 4931 1795 4996 etiam,
1845 4946 2016 4999 quam-

429 5024 670 5078 mundus
718 5023 804 5076 hic
853 5023 1113 5085 oriretur,
1171 5022 1225 5075 in
1257 5020 1376 5075 luce
1434 5021 1758 5092 degebant.)
1811 5022 2004 5077 Itidem

426 5112 752 5166 Anastasius
786 5111 1051 5175 Sinaitcs,
1079 5111 1160 5165 vir
1187 5111 1346 5180 plane
1373 5111 1613 5174 divinus,
1679 5113 1747 5164 de
1778 5113 1862 5166 his
1897 5113 2007 5168 dis-

423 5205 560 5260 serit
591 5223 604 5260 :
649 5204 824 5258 «Deus
857 5204 950 5258 ille
974 5212 1184 5271 noster,
1224 5205 1320 5271 ait,
1373 5204 1466 5274 qui
1497 5219 1716 5273 semper
1767 5207 2000 5271 exsistit,

425 5305 557 5352 ante
583 5296 766 5350 omnia
795 5305 976 5350 creata
1033 5297 1236 5366 cogitat
1285 5304 1341 5352 et
1374 5296 1560 5351 condit
1584 5298 1856 5368 angelicas
1894 5314 2001 5352 cce-

423 5391 696 5461 lestcsque
729 5396 1051 5460 potestates,
1081 5391 1538 5460 quemadmodum
1577 5392 1696 5461 ipse
1720 5392 1870 5446 solus
1909 5406 2007 5445 no-

430 5484 558 5540 vit.»
600 5483 803 5537 Praztcr
835 5481 936 5536 bos
965 5491 1020 5536 et
1042 5481 1281 5538 Severus
1315 5495 1368 5538 et
1398 5482 1668 5538 Diodorus
1695 5497 1748 5538 et
1781 5499 2008 5553 magnus

425 5575 514 5630 ille
543 5573 960 5644 Amphilochius
993 5574 1463 5645 inaspectabilium
1489 5587 1810 5632 naturarum
1859 5592 2007 5632 crea-

497 5728 539 5758 "
575 5726 764 5784 Matth.
799 5745 951 5798 xvm,
987 5731 1075 5787 l0.

2114 4661 2285 4710 ὲννοεῖ
2329 4657 2535 4724 κόσμον
2588 4656 2774 4708 ὑλικὸν
2833 4657 2929 4709 καὶ
2983 4655 3280 4725 ὁρώμενον.
3325 4672 3348 4704 ι
3409 4653 3611 4721 Ὅμοια
3641 4650 3707 4704 δὲ

2114 4749 2286 4820 τούτῳ
2320 4749 2544 4814 διέξεισι
2563 4749 2658 4801 καὶ
2686 4751 2714 4801 6
2743 4749 2969 4818 ἀδελφὸς
2997 4747 3162 4801 αὑτοῦ
3185 4746 3506 4816 Καισάριος,
3531 4764 3548 4794 ι
3586 4745 3707 4796 Πᾶ-

2117 4857 2226 4906 σαι,
2245 4861 2262 4892 ›
2297 4840 2495 4908 λέγων,
2540 4860 2557 4892 ι
2581 4844 2638 4893 ὲν
2662 4846 2802 4911 φωτὶ
2837 4842 3028 4912 διῆγον
3054 4842 3111 4894 αί
3140 4843 3370 4910 ἄσαρκοι
3400 4841 3506 4893 τῶν
3525 4837 3711 4906 ’ἀγγέ-

2115 4933 2221 4985 λων
2248 4936 2457 5004 χορεῖαι
2477 4935 2574 4987 καὶ
2610 4935 2716 5004 πρὸ
2741 4934 2834 4986 τοῦ
2862 4933 3116 5003 γενέσθαι
3143 4936 3234 4986 τὸν
3264 4933 3491 5003 κόσμον.
3534 4950 3552 4984 ι
3590 4933 3707 4984 Καὶ

2115 5027 2447 5091 ὁθείάτατος
2510 5028 2861 5090 Ἀνασῖάσιος
2912 5029 2940 5080 ὁ
2998 5029 3253 5119 Σιναΐξης
3311 5028 3438 5095 περὶ
3490 5025 3705 5078 τούτων

2115 5119 2257 5172 οὕτω
2295 5121 2449 5190 φησί’
2491 5121 2653 5182 «Θεὸς
2683 5121 2838 5190 ἡμῶν
2857 5122 2884 5173 6
2905 5121 2993 5176 ἀεὶ
3019 5120 3094 5174 ὣν
3117 5121 3222 5190 πρὸ
3255 5121 3438 5189 πάσης
3468 5119 3704 5179 κτίσεως

2114 5213 2286 5266 ὲννοεῖ
2316 5214 2412 5264 καὶ
2446 5215 2592 5264 ποιεῖ
2641 5213 3076 5282 τὰς’ἁγγελικὰς
3137 5215 3232 5266 xal
3268 5213 3556 5284 οὐρανίους
3609 5211 3703 5263 δυ-

2115 5305 2332 5373 νάμεις,
2364 5305 2439 5366 ὡς
2475 5307 2631 5373 μόνος
2662 5305 2822 5368 αὐτὸς
2875 5301 3034 5360 οἶδεν.
3061 5325 3079 5357 ι
3133 5306 3292 5359 Ἀλλὰ.
3339 5307 3434 5360 καὶ
3463 5305 3490 5356 6
3522 5301 3710 5370 Σεὸῆα

2117 5414 2231 5465 ρος,
2258 5398 2344 5448 ναὶ
2381 5398 2488 5467 μὴν
2511 5399 2602 5448 καὶ
2632 5397 2658 5448 ὁ
2692 5397 2958 5468 Διόδωρος
2991 5397 3155 5460 αὑτός
3190 5415 3250 5450 τε
3283 5398 3312 5450 6
3354 5397 3527 5466 μέγας
3564 5394 3713 5462 ’Λμ-

2117 5489 2359 5558 φιλόλιος
2417 5488 2796 5559 πρεσϐυτέραν
2857 5490 3210 5542 ἀποδείκνυσι
3272 5487 3367 5540 τοῦ
3407 5486 3704 5557 ὁρωμένου

2119 5580 2310 5632 τούτου
2341 5579 2547 5649 κόσμου
2597 5581 2693 5632 καὶ
2726 5579 2987 5650 αἰσθητοῦ
3036 5581 3136 5652 τὴν
3174 5580 3284 5635 τῶν
3316 5581 3563 5650 ἀοράτων
3595 5576 3713 5652 φύ-
