4062 6186
339 261 446 334 169

1613 267 2022 328 ANNALIUM
2066 271 2258 332 PARS
2295 272 2344 331 Ι.

3499 271 3600 334 ΠΟ

333 399 474 435 σεων
502 381 891 450 δημιουργίαν.
927 380 987 436 Ὀ
1015 382 1072 438 δὲ
1102 381 1466 455 Δαμασκηνὸς.
1505 382 1759 452 Ἰωάννης
1791 385 1920 454 περὶ

2030 389 2227 442 tionem
2267 385 2532 441 mundum
2567 386 2713 441 hunc
2749 385 2851 442 sub
2883 385 3073 442 oculos
3109 384 3396 440 cadentem
3443 392 3605 451 atque

323 472 518 528 τούτου
548 475 645 536 καὶ
686 475 813 529 τάδε
852 476 1038 545 φησίεν
1098 495 1118 530 ι
1148 477 1367 547 Ἔτεροι
1394 475 1492 546 μὲν
1522 470 1616 530 οὖν
1653 476 1796 544 μετὰ
1818 475 1909 529 τὸν

323 565 547 636 πρῶτον
605 568 834 638 οὐρανὸν
885 568 984 631 τὰς
1039 569 1312 638 ἀοράτοος
1372 569 1506 637 φασὶ
1559 567 1910 639 παραχθῆναι

321 657 612 726 δυνάμεις,
644 660 758 728 ἐγὼ
790 660 845 713 δὲ
876 659 953 731 τῷ
980 659 1226 730 Θεολόγῳ
1255 659 1542 731 Γρηγορίῳ
1568 659 1908 732 συντίθεμαιξ

321 750 540 820 lapsus
574 751 683 822 γάρ
711 752 928 824 πρῶτον
976 754 1076 824 τὴν
1115 753 1316 824 γοερὰν.
1360 752 1550 806 οὐσίαν
1602 751 1923 820 κτισθῆναι,¹

321 845 422 896 καὶ
446 845 570 898 τότε
598 844 698 915 τὴν
728 845 1018 918 αἰσθητὴν,
1051 845 1147 900 καί
1180 844 1352 908 οὕτως
1379 843 1439 910 ἐξ
1465 844 1792 914 ἀμφοτέρων
1823 843 1913 897 τὸν

323 937 636 1008 ἄνθρωπον.
677 955 696 990 ι
733 938 980 1008 Παράγει
1012 937 1112 1007 μὲν
1145 940 1172 992 6
1201 937 1333 1001 Θεὸς
1358 938 1457 1008 τὰς
1486 937 1598 991 ἄνω
1629 937 1912 1007 δυνάμεις,

323 1029 408 1091 ὡς
455 1029 672 1101 εἴρηται
701 1031 985 1101 πρότερον,
1018 1029 1210 1087 επειτα
1239 1030 1295 1086 δὲ
1326 1030 1418 1084 τὸν
1445 1031 1676 1101 οὐρανὸν
1696 1031 1792 1082 καὶ
1815 1029 1915 1100 τὴν

327 1119 456 1189 γῆν,
483 1121 582 1191 τὴν
614 1120 892 1180 θάλασσαν
921 1122 1018 1175 καὶ
1067 1122 1246 1176 πάντα
1297 1123 1364 1176 τα
1400 1125 1456 1175 εν
1491 1123 1699 1186 αὐτοῖς.
1751 1121 1917 1185 Τέλος

325 1209 548 1266 πάντων
583 1215 705 1275 ταῖς
737 1213 968 1277 οἰκείαις
997 1213 1158 1284 χερσὶ
1211 1213 1440 1269 πλάττει
1477 1214 1570 1266 τὸν
1604 1212 1914 1283 ἄνθρωπον,

323 1302 456 1373 χοῦν
485 1304 666 1358 λαϐὼν
691 1305 798 1358 ἀπὸ
825 1305 925 1374 τῆς
955 1308 1086 1379 γῆς,
1111 1308 1206 1361 καὶ
1238 1307 1562 1378 ἐμφυσήσεις
1593 1305 1762 1376 αύτῷ,
1783 1305 1918 1358 καθ-

321 1395 469 1466 άπερ
501 1397 712 1451 ἄνωθεν
740 1399 974 1469 εἴρηται.

409 1659 770 1732 «Ποιήσωμεν
807 1661 1100 1733 ἄνθρωπον
1134 1663 1254 1718 κατ’
1285 1664 1468 1719 εἰκόνα
1507 1665 1790 1738 ἡμετέραν
1827 1667 1921 1720 καὶ

2019 476 2278 532 sensilem
2311 475 2660 545 praecessisse
2696 475 2942 530 tradunt.
2999 473 3228 529 Joannis
3283 471 3608 526 Damasceni

2018 570 2135 624 haec
2169 569 2338 622 verba
2369 578 2502 624 sunt
2534 586 2548 623 :
2588 569 2722 622 «Alii
2778 568 3000 638 quidem
3032 575 3155 638 post
3216 564 3417 620 ccelnm
3477 563 3607 616 illul

2017 662 2256 731 primum
2291 659 2712 727 inaspectahiles
2746 669 3050 730 potestates
3077 657 3329 714 conditas
3358 671 3482 712 esse
3525 656 3610 710 di-

2014 762 2148 808 cunt
2176 769 2188 806 :
2235 767 2422 806 verum
2454 768 2552 823 ego
2570 751 2851 823 Gregorio,
2871 752 2956 806 cui
2993 749 3250 820 Τιλεοίοεί
3285 763 3614 818 cognomen-

2019 852 2131 897 tum
2196 853 2283 898 est
2333 844 2590 909 inditum,
2624 844 2910 899 assentior.
2961 843 3178 898 Etenim
3245 839 3611 895 conveniebat

2020 942 2187 1002 atque
2223 948 2322 1003 par
2347 942 2465 988 erat
2499 933 2672 1002 primo
2697 933 3065 988 intellectilem
3107 932 3403 986 essentiam
3436 930 3608 985 creari

2019 1040 2085 1080 ac
2116 1024 2316 1080 deinde
2345 1025 2624 1092 sensilem,
2678 1025 2854 1094 deque
2887 1025 2974 1079 his
3008 1023 3272 1078 ambobus
3304 1023 3607 1076 hominem.

2030 1117 2217 1186 Itaque
2273 1130 2542 1185 supernas
2573 1116 2694 1170 illas
2728 1123 3033 1185 potestates
3082 1114 3242 1170 initio
3274 1111 3414 1168 Deus
3441 1113 3494 1166 in
3521 1128 3609 1166 or-

2021 1217 2134 1262 tum
2168 1207 2444 1278 producit.
2479 1205 2620 1263 iline
2651 1207 3143 1282 cmlumhterram,
3193 1220 3366 1271 mare,
3417 1215 3614 1258 cuncta

2021 1301 2104 1355 his
2130 1300 2772 1370 comprehensa'condit.
2851 1299 2931 1353 Ad
2990 1308 3298 1354 extremum
3359 1296 3614 1351 manibus

2019 1393 2136 1446 suis
2166 1392 2444 1447 hominem
2473 1392 2693 1459 format,
2723 1408 2846 1448 cum
2879 1392 3164 1462 pulverem
3194 1391 3264 1445 de
3297 1399 3440 1445 terra
3464 1405 3615 1443 sum-

2021 1485 2220 1554 psisset
2250 1499 2313 1538 ac
2349 1485 2542 1539 facient
2575 1486 2694 1553 ejus
2719 1485 2985 1550 alDasset,
3029 1483 3496 1554 quemadmodum
3525 1497 3616 1535 su—

2023 1587 2119 1642 pra
2147 1575 2725 1632 commemoravimus.

2104 1663 2439 1730 «Faciamus,
2471 1665 2666 1737 inquit,
2706 1668 2986 1723 hominem
3019 1667 3086 1722 ad
3133 1667 3426 1738 imaginem
3458 1666 3613 1721 simi-

324 1751 458 1804 καθ⁹
478 1753 799 1822 ὁμοίωσιν,ι
827 1758 918 1808 καὶ
949 1756 1263 1827 ὰρχέτωσαν
1293 1757 1402 1810 τῶν
1437 1757 1638 1832 ἰχθύων
1663 1758 1763 1828 τῆς
1797 1760 1920 1828 γῆς.

2030 1756 2427 1828 litudinemque
2456 1769 2762 1826 nostram»
2801 1762 2893 1828 qui
2928 1760 3159 1816 marinis
3191 1760 3457 1829 piscibus,
3519 1774 3616 1812 vo-

324 1846 427 1897 Διὰ
464 1847 519 1898 τί
547 1847 766 1918 πρῶτον
795 1849 1036 1903 ἐνταῦθα
1089 1849 1200 1904 τῶν
1259 1849 1459 1919 ἰχθύων
1514 1851 1920 1922 ἐμνημόνευσε,

331 1956 353 1989 ι
387 1937 500 1990 Καὶ
521 1937 848 2010 ἀρχέτωσαν
873 1939 984 1993 τῶν
1015 1941 1212 2012 ἰχθύων
1239 1944 1339 2011 τῆς
1367 1940 1668 2013 Θαλάσσης,
1696 1944 1805 1996 τῶν
1831 1962 1924 1996 πε-

320 2029 521 2082 τεινῶν
569 2029 666 2083 τοῦ
715 2031 948 2101 οὐρανοῦ
981 2036 1076 2085 καὶ
1120 2034 1232 2086 τῶν
1285 2033 1490 2105 θηριων
1536 2036 1632 2104 τῆς
1664 2036 1767 2105 γῆς
1796 2056 1812 2087 ι
1848 2039 1924 2089 εἰ-

326 2123 480 2184 πὼνς
540 2122 701 2176 Κατὰ
752 2123 851 2194 τὴν
917 2124 1070 2189 τάξιν
1127 2125 1221 2193 τῆς
1273 2127 1669 2198 δημιουργίας·
1706 2129 1924 2199 πρῶτον

326 2214 442 2283 γὰρ
496 2215 546 2267 οἰ
585 2214 769 2285 ἰχθύες
800 2217 863 2268 ἐκ
925 2213 1024 2288 τῆς
1061 2216 1340 2286 θαλάσσης
1375 2219 1645 2288 ἐγένοντο,
1680 2217 1798 2274 εἶτα
1855 2225 1922 2276 τὰ

331 2306 582 2374 πετεινὰ,
649 2309 788 2380 μετὰ
842 2309 1019 2365 ταῦτα
1090 2310 1150 2364 δὲ
1204 2311 1313 2366 ἀπὸ
1356 2313 1456 2384 τῆς
1493 2312 1598 2384 γῆς
1630 2315 1700 2368 τὰ
1728 2315 1924 2388 τετρά-

325 2398 493 2454 ποδα.

400 2492 512 2544 Καὶ
546 2492 708 2546 τοῦτο
759 2492 814 2546 δὲ
872 2492 1154 2566 ζητοῦσιν,
1203 2497 1481 2568 ἀγαπητὲ,
1534 2498 1680 2562 τίνος
1732 2499 1922 2553 ἕνεκεν

319 2584 505 2654 ἤγαγε
538 2585 608 2638 τὰ
635 2584 750 2649 ζῶα
787 2587 924 2656 πρὸς
954 2587 1046 2642 τὸν
1089 2588 1262 2658 Ἀδὰμ
1296 2591 1323 2644 6
1351 2590 1505 2655 Θεός.
1541 2591 1815 2660 Ἒφθασεν
1844 2593 1920 2645 εἰ·

324 2675 451 2728 πὼν
491 2676 573 2730 ὅτι
610 2696 629 2728 «
659 2677 985 2748 Ποιήσωμεν
1023 2680 1313 2750 ἄνθρωπον
1355 2683 1478 2736 κατ’
1515 2684 1702 2736 εἰκόνα
1724 2685 1922 2753 ἡμετέ-

323 2784 450 2836 ραν,
485 2767 581 2820 καί
611 2767 830 2838 ἀρχέτω
861 2769 971 2822 τῶν
999 2771 1219 2840 ἰχθύων.
1253 2792 1272 2824 ι
1311 2773 1432 2828 Ἷνα
1470 2773 1596 2844 γοῦν
1631 2776 1766 2844 ὅπερ
1799 2772 1918 2829 εἷπε

319 2858 486 2926 δῆλον
519 2858 704 2929 ἔργοις
721 2862 905 2924 αὐτοῖς
929 2862 1178 2932 γένηται,
1207 2865 1295 2919 δια
1322 2866 1479 2920 τοῦτο
1507 2869 1574 2920 τὰ
1604 2865 1717 2931 ζῶα
1745 2868 1920 2938 ἤγαγε

323 2953 467 3022 πρὸς
497 2954 590 3006 τὸν
635 2954 810 3025 Ἀδὰμ
840 2956 917 3019 ὼς
963 2957 1215 3009 ἐντεῦθεν
1250 2961 1342 3012 καὶ
1373 2959 1474 3028 τὴν
1510 2959 1792 3029 ὑποταγὴν
1826 2960 1922 3013 αύ-

322 3045 439 3096 1in
493 3046 906 3115 ἐπιγνωσθῆναι
943 3049 1060 3118 (καὶ
1094 3050 1203 3120 γὰρ
1233 3050 1309 3113 ὡς
1361 3049 1524 3105 δοῦλα
1587 3053 1921 3122 παρίσταντο

2033 1847 2278 1902 iucribus
2311 1851 2510 1915 aereis,
2542 1851 2736 1907 bestiis
2768 1861 2926 1907 terrae
2949 1853 3290 1907 dominetur.
3320 1849 3616 1904 Enimvero

2030 1955 2127 1995 cur
2159 1941 2246 1997 his
2280 1942 2334 1996 in
2369 1943 2553 1998 verbis
2586 1943 2765 2014 primo
2792 1943 3028 2014 piscium
3067 1943 3208 1998 facta
3240 1952 3326 1997 est
3361 1940 3616 1996 mentio?

2036 2032 2416 2101 «Dominetur,
2447 2036 2544 2102 ait,
2579 2037 2812 2093 marinis
2843 2037 3144 2108 piscibus.»
3208 2033 3476 2090 Nimirum
3514 2033 3618 2088 hoc

2031 2125 2208 2180 ordini
2239 2129 2540 2183 creationis
2597 2137 2680 2185 est
2736 2138 3193 2186 consentaneum.
3256 2128 3390 2183 Nam
3439 2127 3618 2197 primo

2031 2217 2210 2286 pisces
2241 2235 2270 2273 e
2306 2220 2444 2273 mari
2501 2229 2631 2275 sunt
2678 2221 2808 2287 orti,
2865 2221 3066 2278 deinde
3099 2223 3208 2293 8.1
3245 2221 3514 2284 volucres,
3556 2233 3620 2272 ac

2030 2309 2336 2366 secundum
2374 2312 2473 2368 has
2499 2312 2688 2369 bestia:
2723 2313 2792 2369 de
2823 2322 2972 2369 terra
3003 2314 3412 2385 quadrupedes.

2101 2491 2241 2546 Sunt
2276 2492 2462 2558 etiam,
2498 2493 2695 2549 dilecte
2723 2494 2819 2557 ﬁli,
2849 2495 2942 2561 qui
2975 2495 3117 2550 scire
3147 2495 3317 2549 velint
3350 2494 3620 2561 quamcb-

2031 2598 2144 2638 rem
2178 2585 2437 2639 animalia
2466 2587 2690 2641 condita
2730 2586 2872 2642 Deus
2904 2589 2970 2642 ad
3006 2587 3274 2641 Adamum
3299 2586 3614 2642 deduxerit.

2028 2669 2202 2724 Antea
2257 2672 2467 2727 scilicet
2525 2674 2778 2729 dixerat:
2817 2674 3141 2731 «Faciamus
3206 2674 3485 2730 hominem
3549 2676 3617 2727 ad

2032 2761 2323 2833 imaginem
2362 2775 2627 2832 nostram,
2665 2766 2756 2838 qui
2787 2767 3030 2836 piscibus
3072 2766 3306 2837 aliisque
3361 2765 3616 2821 domine-

2032 2858 2168 2903 tum
2212 2851 2432 2922 Utergo
2470 2857 2668 2925 rcipsa,
2705 2859 2854 2926 quod
2914 2858 3155 2924 dixerat,
3219 2858 3493 2921 eveniret,
3550 2857 3617 2911 ad

2029 2944 2297 2998 Adamum
2327 2947 2582 3000 animalia
2615 2949 2860 3014 deduxit,
2890 2960 2946 3003 ut
2972 2949 3100 3005 hinc
3131 2966 3321 3005 eorum
3350 2952 3614 3005 obedien-

2036 3037 2105 3092 tia
2134 3048 2526 3108 cognoscetur:
2559 3041 2761 3110 quippe
2782 3042 3208 3097 circumstabant
3230 3044 3404 3112 ipsum
3435 3043 3619 3098 omnia

324 3138 357 3190 ἃ
375 3137 599 3208 πάντα),
623 3140 714 3190 καὶ
738 3139 836 3210 τὴν
867 3140 1113 3194 δοθεῖσαν
1136 3142 1242 3195 ὑπὸ
1266 3142 1400 3195 Θεοῦ
1422 3144 1615 3214 σοφίαν
1642 3144 1720 3213 τῷ
1753 3145 1927 3212 Ἀδὰμ
1955 3102 2000 3164 c
2036 3138 2292 3198 umquam
2321 3130 2442 3202 ei“
2477 3131 2773 3202 ¹¹¹³¹¹⁰ῙΡί³ο

323 3225 497 3295 δήλην
537 3225 795 3293 γενέσθαι
829 3228 992 3281 παντί
1019 3244 1032 3258 ·
1088 3220 1174 3297 ἐφ’
1199 3229 1413 3296 ἑκάστῳ
1472 3231 1583 3302 γάρ
1635 3232 1742 3284 τῶν
1773 3231 1926 3296 ζώων

325 3317 507 3385 ὅνομα
533 3317 688 3371 ἔθετο
717 3322 781 3385 τῇ
820 3319 990 3372 αὑτοῦ
1028 3319 1189 3388 φύσει
1220 3320 1584 3389 κατάλληλον.

402 3409 728 3480 Ποιήσ-ιεεεν
767 3412 1052 3480 ἅνθρωπτιν
1113 3413 1234 3464 κατ’
1273 3415 1459 3466 εἰκόνα
1518 3415 1798 3485 ἡμετέραν
1833 3414 1929 3467 καὶ

323 3501 455 3554 καθ’
483 3501 766 3571 ὁμοίωσιν,
789 3503 1037 3558 τουτέστι
1062 3503 1325 3575 ὸώσωμεν
1343 3507 1493 3577 αὐτῷ
1519 3507 1675 3574 λόγου
1709 3525 1773 3560 πε
1787 3524 1930 3577 ριου-

332 3593 481 3656 σίαν,
506 3594 583 3657 ὡς
607 3594 635 3644 6
663 3594 839 3662 μέγας
881 3595 1016 3666 φησὶ
1045 3597 1353 3662 Βασίλειος.
1389 3618 1406 3650 «
1442 3600 1550 3652 Καὶ
1578 3600 1637 3652 τὸ
1673 3601 1774 3668 μὲν
1806 3598 1928 3651 κατ’

327 3685 519 3738 εἰκόνα
553 3687 617 3740 ὲκ
647 3686 786 3742 Θεοῦ
843 3687 1058 3755 ἔλαϐον,
1110 3691 1278 3761 ἤγουν
1316 3691 1374 3746 τὸ
1421 3692 1636 3758 λογικὸν
1674 3687 1837 3752 εἶναι,
1870 3693 1930 3744 τὸ

324 3777 387 3830 δὲ
445 3777 569 3830 καθ’
605 3777 864 3846 ὁμοίωσιν
926 3781 1053 3850 ἐμοὶ
1088 3783 1406 3838 κατέλιπεν.
1444 3783 1504 3834 Εἰ
1559 3785 1666 3856 γὰρ
1721 3786 1930 3837 ἐκεῖθεν

328 3869 429 3921 καὶ
458 3868 616 3921 τοῦτο
656 3869 881 3934 ἔλαόυν,
921 3871 1054 3924 ποία
1087 3874 1247 3942 χάρις
1279 3874 1402 3944 ἐμοί
1431 3893 1445 3940 ;
1483 3877 1634 3945 Ἕχω
1660 3877 1842 3929 τοίνυν
1873 3877 1930 3929 τὸ

329 3960 456 4012 καθ’
485 3958 771 4028 ὁμοίωσιν,
801 3961 964 4032 ήνίκα
987 3965 1223 4034 χρηστὸς
1257 3965 1349 4034 ἀφ’
1387 3966 1583 4019 ἑαυτοῦ
1617 3967 1861 4038 γίνομαι.
1905 3988 1922 4018 ι

330 4047 559 4108 Τούτοις
587 4047 682 4101 οὖν
729 4049 1045 4114 ἀκολούθως
1092 4055 1236 4106 καὶό
1269 4056 1630 4126 Δαμασκηνὸς
1673 4057 1928 4125 Ἰωάννης

331 4142 506 4210 φησὶν
531 4143 615 4195 ὅτι
638 4143 761 4195 καθ’
795 4143 1054 4213 ὁμοίωσιν
1091 4146 1349 4216 ὲποίησεν
1372 4149 1518 4217 ἡμᾶς
1543 4152 1569 4202 6
1612 4149 1768 4212 Θεὸς,
1787 4149 1928 4202 ὥστε

328 4233 658 4303 ὁμοιοῦσθαι
695 4235 844 4304 αύτῴ
875 4236 1017 4289 κατὰ
1044 4237 1104 4290 τὸ
1134 4237 1353 4290 δυνατὸν
1391 4237 1666 4310 ἀνθρώπῳ
1694 4257 1704 4271 ·
1736 4244 1766 4310 ἡ
1805 4242 1932 4307 ἀρε-

327 4325 402 4393 τὴ
419 4324 529 4394 γὰρ
561 4325 624 4376 εκ
652 4323 788 4376 Θεοῦ
825 4325 925 4394 μὲν
952 4325 1106 4396 ἐδόοη
1157 4329 1222 4398 τῇ
1262 4327 1422 4395 φύσει
1459 4328 1641 4398 ἡμῶν,
1679 4329 1764 4397 ἐφ’
1795 4333 1930 4401 ἡμῖν

2102 3377 2371 3460 Ρῖωἰρινεει
2393 3406 2625 3461 debebat
2657 3408 2758 3461 hoc
2792 3423 2954 3478 paeto
3015 3408 3286 3478 sapientia
3345 3409 3616 3462 divinitus

2031 3497 2240 3552 Adanto
2269 3513 2531 3554 concessa
2564 3499 2933 3554 innotescere.
2967 3497 3102 3554 Nam
3131 3500 3364 3571 singulis
3404 3503 3618 3554 anima-

2033 3590 2173 3645 libus
2206 3599 2320 3645 tum
2369 3607 2570 3646 nomen
2623 3592 2890 3661 cujusque
2947 3604 3153 3647 natura:
3184 3602 3618 3648 consentaneum

2033 3682 2230 3737 indidit
2259 3701 2272 3738 :
2303 3681 2624 3740 «Faciamus
2654 3687 2932 3740 hominem
2979 3689 3044 3740 ad
3105 3687 3399 3758 imaginem
3429 3687 3623 3741 sin-.ili-

2036 3776 2392 3847 tudinemqne
2433 3788 2736 3834 nostram.»
2782 3778 2896 3832 Hoc
2936 3787 3043 3843 est,
3081 3779 3379 3849 largiamur
3441 3781 3488 3833 ci
3533 3795 3620 3834 ra-

2036 3867 2199 3922 tionis
2246 3869 2663 3932 abundantiam,
2719 3881 2776 3924 ut
2810 3885 3038 3939 magnus
3101 3872 3191 3926 ille
3247 3871 3478 3925 Basilius
3534 3871 3618 3925 his

2033 3959 2215 4012 verbis
2244 3958 2506 4015 declarat.
2545 3963 2618 4013 lix
2651 3961 2740 4016 his
2772 3963 2916 4030 quod
2939 3961 3230 4031 imaginem
3255 3961 3473 4022 attinet,
3498 3976 3619 4014 eam

2033 4049 2220 4117 accepi
2252 4063 2280 4101 a
2319 4049 2448 4114 Deo,
2486 4049 2745 4103 nimirum
2805 4055 2949 4121 quod
3005 4052 3236 4106 rationis
3263 4053 3398 4118 {sum
3454 4053 3622 4120 parti-

2033 4157 2198 4211 ceps;
2251 4142 2397 4210 quod
2447 4142 2863 4198 similitudinem
2899 4144 3036 4198 mihi
3098 4144 3345 4215 reliquit.
3402 4142 3538 4199 Nam
3574 4144 3618 4197 si

2034 4235 2138 4290 hoc
2170 4249 2390 4304 quoque
2416 4235 2655 4291 indidem
2685 4237 2892 4306 accepi,
2924 4252 3173 4308 quaenam
3201 4238 3332 4292 mihi
3359 4251 3620 4293 concessa

2033 4333 2119 4381 est
2146 4325 2360 4397 gratia?
2417 4327 2768 4397 Quapropter
2804 4327 2899 4382 Dei
2967 4328 3385 4383 similitudinem
3416 4327 3616 4390 refero,

328 4417 388 4469 δέ
421 4415 626 4486 ἐστινῆ
655 4419 914 4486 ἐμμεῖναι
947 4418 1086 4488 αὐτῇ
1121 4422 1215 4470 καὶ
1247 4419 1618 4490 ἀκολουθῆσαι
1655 4421 1732 4491 τῷ
1780 4422 1924 4492 Θεῷ.

2033 4432 2159 4471 cum
2190 4432 2260 4472 ex
2291 4419 2502 4488 mcipso
2536 4420 2710 4473 bonus
2741 4421 2865 4472 lio.»
2926 4419 3020 4474 llis
3053 4429 3418 4474 consentanea
3451 4417 3619 4473 Joano

331 4512 365 4575 ἦ
395 4511 765 4579 ἀποφοιτῆσαι
814 4509 987 4576 αὐτῆς
1026 4512 1120 4564 καὶ
1149 4511 1517 4581 ἀκολουθῆσαι
1558 4513 1636 4584 τῷ
1669 4513 1925 4583 διαϐόλῳ.

342 4597 408 4651 ’0
433 4598 490 4652 δὲ
523 4599 934 4670 χρυσορῤἠμων
956 4598 1214 4671 Ἰωάννης
1237 4601 1295 4653 ὲν
1323 4605 1388 4672 τῇ
1422 4602 1502 4664 εἰς
1529 4601 1626 4672 τὴν
1665 4602 1936 4673 Ἐξιήμε-

335 4710 430 4762 ρον
472 4691 560 4746 καί
615 4693 805 4762 ὁμιλίᾳ
850 4692 1018 4769 αύτοῦ
1077 4695 1172 4748 καὶ
1201 4693 1326 4748 τάδε
1356 4699 1543 4764 φησιν’
1591 4715 1609 4746 «
1644 4688 1720 4768 Ἶιί
1752 4699 1936 4768 ἡμέρᾳ

335 4784 598 4855 ιποίησεν
621 4785 648 4836 6
679 4784 811 4848 Θεὸς
845 4785 938 4836 τὸν
982 4785 1178 4855 Ἀδάμ,
1212 4787 1334 4840 κατ’
1359 4787 1544 4839 εἰκόνα
1575 4787 1712 4840 Θεοῦ
1738 4789 1898 4858 ἐποίη
1918 4817 1935 4830 -

340 4889 438 4924 σεν
484 4871 672 4938 αὐτὸν,
697 4872 978 4924 τουτέστιν
1009 4873 1120 4924 ἀπὸ
1150 4873 1369 4927 πάντων
1402 4874 1628 4945 δέδωκεξ
1650 4877 1747 4944 τὴν
1782 4877 1939 4941 ἐξουε¹

339 4963 466 5017 σίαν
487 4962 655 5034 αὐτῷ.
683 4963 896 5034 Ὠσπερ
924 4966 1033 5034 γὰρ
1058 4967 1085 5018 6
1115 4965 1247 5028 Θεὸς
1274 4965 1369 5035 τὴν
1404 4967 1547 5020 κατὰ
1594 4970 1810 5022 πάντων
1837 4972 1935 5039 ἁρ-

338 5057 443 5124 χὴν
474 5053 610 5124 ἔχει,
636 5055 747 5108 τῶν
778 5071 837 5108 τε
871 5057 1084 5126 ὁρατῶν
1109 5056 1219 5110 τῶν
1270 5075 1325 5110 τε
1359 5059 1633 5130 ἀοράτων,
1665 5061 1931 5133 δημιουρ-

336 5147 435 5215 γὸς
466 5147 724 5199 ἁπάντων
757 5151 1065 5217 τυγχάνων,
1113 5147 1255 5201 οὕτω
1283 5151 1375 5202 καὶ
1406 5152 1465 5202 τὸ
1514 5151 1653 5214 ζῶον
1681 5153 1841 5207 τοῦτο
1872 5155 1933 5208 τὸ

335 5239 558 5304 λογικὶν
587 5239 1004 5310 δημιουργήσας
1061 5239 1330 5312 ἐϐουλήθη
1377 5245 1596 5296 πάντων
1633 5246 1740 5298 τῶν
1793 5249 1933 5317 ὀρω-

341 5330 520 5400 μένων
544 5330 646 5401 τὴν
680 5331 854 5401 ἀρχὴν
889 5333 1054 5385 αὑτὸν
1087 5333 1249 5402 ἔχειν.
1275 5335 1365 5388 Διὸ
1387 5337 1480 5388 καὶ
1505 5335 1604 5406 τὴν
1626 5337 1726 5406 τῆς
1751 5338 1932 5410 ψυχῆς

335 5423 530 5476 οὐσίαν
561 5423 711 5492 αὐτῷ
741 5423 1055 5493 ὲχαρίσατο,
1091 5425 1375 5496 βουληθεὶς
1405 5430 1566 5483 αὐτὸν
1602 5432 1697 5482 καὶ
1727 5431 1932 5486 ἀθάνα-

333 5529 428 5565 τον
455 5513 595 5567 εἶναι
642 5515 721 5577 εἰς
751 5515 813 5567 τὸ
845 5515 1116 5587 διηνεκές.
1161 5519 1324 5574 Ἀλλὰ
1353 5523 1448 5573 καὶ
1479 5523 1807 5590 παραϐάντα
1831 5526 1928 5597 τὴν

335 5607 560 5676 ἐντολὴν
583 5606 686 5659 οὐκ
715 5608 1048 5680 ἀπεστράφη
1077 5610 1284 5675 τέλεον,
1331 5613 1468 5667 ἀλλὰ
1501 5614 1609 5684 ,τῆς
1650 5618 1750 5686 μὲν
1795 5619 1928 5672 ἀθα-

335 5699 529 5765 νασίας
560 5701 930 5774 ἀπεστέρησε,
961 5703 1180 5774 θανάτῳ
1209 5705 1264 5759 δὲ
1299 5706 1663 5773 καταδικάσας
1698 5710 1794 5766 ἐπὶ
1827 5713 1925 5784 τῆς

2039 4526 2138 4566 nes
2163 4510 2326 4564 etiam
2360 4510 2731 4568 Damascenus
2773 4513 2958 4572 tradit.
2995 4513 3160 4568 Deum
3190 4529 3292 4567 nos
3325 4513 3392 4567 ad
3429 4512 3621 4565 simili-

2042 4602 2284 4657 tudinem
2307 4604 2642 4664 condidisse.
2673 4615 2734 4659 ut
2767 4621 2865 4676 pro
2918 4605 3124 4659 viribus
3174 4604 3429 4657 humanis
3465 4604 3512 4657 ei
3545 4606 3622 4658 si-

2041 4693 2198 4747 miles
2229 4695 2547 4750 evadamus.
2583 4696 2800 4766 Quippe
2831 4698 3004 4752 virtus
3035 4712 3062 4752 a
3091 4695 3202 4751 Deo
3232 4695 3455 4780 quidem
3484 4711 3622 4750 con-

2037 4802 2188 4842 Ccssa
2222 4796 2306 4843 cst
2335 4799 2543 4844 naturae
2584 4799 2806 4857 uostrze,
2841 4807 3031 4846 verum
3054 4792 3108 4845 in
3135 4801 3407 4862 potestate
3431 4802 3618 4845 nostra

2036 4881 2198 4932 situm
2235 4895 2318 4934 eSt
2361 4890 2417 4934 ut
2445 4883 2528 4936 vel
2558 4882 2610 4937 in
2632 4900 2693 4938 ea
2715 4899 3134 4954 perseveremus
3164 4893 3216 4939 et
3243 4884 3615 4954 obsequantur

2037 4971 2170 5037 Deo,
2209 4973 2293 5027 vel
2325 4973 2392 5027 ab
2431 4990 2494 5029 ea
2525 4978 2843 5030 recedamus
2875 4987 2930 5030 et
2966 4979 3338 5046 obsequamur
3375 4975 3619 5031 diabolo.

2034 5064 2277 5119 Joannes
2300 5063 2744 5136 Chrysostomus,
2778 5067 2834 5120 in
2875 5067 3127 5122 oratione
3155 5067 3221 5120 21
3261 5067 3327 5121 de
3377 5081 3470 5121 sex
3502 5067 3620 5119 die-

2038 5174 2158 5212 rum
2189 5159 2452 5230 operibus
2491 5161 2603 5215 haec
2634 5162 2796 5215 verba
2832 5163 3088 5232 profert:
3129 5182 3146 5214 «
3185 5162 3304 5229 Quo
3349 5163 3437 5216 die
3474 5160 3619 5216 Deus

2033 5250 2302 5305 Adamum
2331 5251 2599 5316 condidit,
2629 5252 2696 5306 ad
2736 5253 3026 5323 imaginem
3058 5253 3152 5309 Dci
3184 5254 3427 5309 condidit
3464 5269 3615 5316 eum,

2034 5343 2138 5397 hoc
2195 5352 2300 5407 est,
2364 5345 2608 5398 omnium
2664 5355 2990 5414 potestatein
3053 5347 3102 5399 ei
3135 5347 3427 5400 concessit.
3483 5347 3614 5398 Nam

2037 5436 2178 5490 sicut
2206 5435 2496 5505 imperium
2539 5437 2682 5492 Deus
2721 5439 2882 5493 habet
2913 5439 2966 5492 in
3003 5439 3186 5493 omnia
3223 5446 3333 5491 tam
3367 5448 3617 5506 aspecta-

2036 5527 2165 5583 bilia
2215 5543 2381 5596 quam
2439 5528 2873 5598 inaspectabilia,
2930 5538 3188 5596 tanquam
3227 5529 3615 5580 universorum

2032 5620 2236 5692 opifex,
2276 5621 2349 5676 ita
2379 5637 2503 5676 cum
2542 5623 2745 5677 animal
2787 5623 2889 5676 hoc
2920 5620 3152 5674 rationis
3177 5621 3456 5691 particeps
3479 5633 3616 5674 con-

2031 5714 2278 5783 didisset,
2309 5716 2512 5775 babcrc
2545 5716 2720 5787 ipsum
2764 5715 2934 5772 voluit
2968 5714 3338 5784 imperiumin
3367 5730 3456 5771 res
3489 5713 3612 5768 uni-
