4062 6186
346 247 483 313 173"
1626 260 2030 324 ANNAIJUM
2078 261 2354 323 PARS-1.
3499 264 3607 335 174

337 361 539 431 τρόπον
554 362 617 427 ἐξ
643 363 835 432 ἀνδρὸς
862 365 1026 435 μόνου
1058 371 1364 438 γενήσεται,
1396 372 1510 425 dii-1’
1540 374 1603 427 ἐκ
1634 377 1918 444 συναφείας

2031 379 2228 432 deinde
2258 388 2549 448 conspecta
2581 377 2865 432 verissime
2899 378 3201 433 vaticinans
3221 378 3357 434 dixit
3388 399 3402 434 :
3436 400 3453 433 ι
3491 382 3607 439 Hoc

334 454 657 523 ἀμφοτέροιν
690 457 785 509 καὶ
817 459 981 527 νόμου
1007 458 1267 529 γαμικοῦ.

2038 485 2183 524 nunc
2214 469 2429 523 demmn
2455 486 2516 525 os
2541 486 2607 525 ex
2636 471 2857 524 ossibus
2890 470 3025 525 meis
3061 470 3260 524 est“:
3316 471 3449 526 Nam
3488 490 3607 528 mu-

335 545 438 641 lier
472 547 703 603 minime
733 550 997 623 deinceps
1021 557 1215 612 eodem
1244 561 1406 615 modo
1454 564 1679 618 exsistet
1731 580 1760 619 e
1796 566 1911 619 viro
1944 565 2082 629 solo,
2124 564 2219 619 sed
2275 580 2371 634 per
2413 566 2698 620 amborum
2741 566 3188 635 conjunctionem
3242 575 3300 622 et
3356 569 3603 641 conjugii

336 620 512 708 'egem
543 644 948 709 procreabitur.

406 733 619 787 Οὐκοῦν
650 738 934 791 ἐπιϐάλλει
974 743 1001 792 ὀ
1039 742 1170 805 Θεὸς
1195 742 1455 799 ἔκστασιν
1490 747 1566 817 τῷ
1612 749 1805 818 Ἀδὰμ,
1832 752 1925 805 καὶ

338 820 473 888 μίαν
506 824 613 876 τῶν
650 825 901 896 πλευρῶν
926 830 1091 883 αὑτοῦ
1124 832 1303 886 λαϐὼν
1330 836 1428 905 τὴν
1461 836 1606 890 Εὕαν
1626 840 1919 907 οἰκοδομεῖ.

347 911 677 980 ’σὶναγκαῖον
700 918 807 987 γὰρ
834 915 901 989 ἦν
928 922 1004 989 μὴ
1031 925 1124 977 καὶ
1155 926 1253 995 τὴν
1286 925 1427 980 Εὔαν
1458 930 1568 982 ἀπὸ
1598 930 1701 1006 γῆς
1729 934 1923 1002 προελ-

333 1002 470 1068 Θεῖν,
524 1007 643 1059 ἀλλ’
673 1009 781 1069 ἀπὸ
830 1014 929 1081 τῆς
975 1015 1163 1079 οὐσίας
1192 1018 1282 1070 τοῦ
1326 1019 1520 1089 Ἀδάμ,
1559 1002 1633 1084 ὡς
1664 1025 1915 1077 ἐντεῦθεν

335 1097 560 1166 φίλτρον
595 1101 880 1172 ἐντεθῆναι
936 1110 1045 1171 τοῖς
1097 1109 1406 1177 ὀμοζύγοις.
1475 1114 1789 1169 Ἐπιὸάλλει
1823 1115 1917 1169 οὖν

333 1190 618 1256 ἔκστασιν,
652 1195 769 1264 ἦτοι
798 1198 970 1267 κάρον
998 1200 1241 1268 ἐντίθησι
1268 1202 1345 1271 τῷ
1386 1204 1579 1275 Ἀδὰμ,
1612 1208 1686 1270 ὡς
1724 1208 1798 1279 μὴ
1822 1210 1917 1262 λαο

331 1276 449 1329 δεῖν
504 1280 700 1351 ὀδύνης
754 1284 1010 1356 αἴκθησιν
1065 1290 1123 1341 ὲν
1156 1293 1220 1361 τῇ
1275 1292 1568 1362 ἀφαιρέσει
1615 1276 1917 1363 τῆςπλευ-

337 1371 459 1438 ρᾶς,
524 1373 598 1437 ὡς
644 1376 671 1427 ὁ
711 1378 948 1447 χρυσοῦς
977 1381 1075 1450 τὴν
1108 1383 1356 1451 γλῶττάν
1393 1403 1546 1456 φησι,
1623 1389 1920 1445 κάντεῦθεν

330 1461 621 1531 ἐχθρωδῶς
673 1467 974 1522 διακεῖσθαι
1032 1472 1169 1541 πρὸς
1201 1474 1297 1545 τὴν
1358 1477 1646 1545 ὀμόζυγον.
1727 1481 1918 1549 ’Λφαι-

332 1557 507 1621 ρεῖται
533 1558 664 1625 γοῦν
701 1560 833 1629 μίαν
861 1565 971 1615 τῶν
1001 1566 1252 1635 πλευρῶν
1284 1568 1471 1633 αὐτοῦ,
1513 1573 1607 1625 καὶ
1642 1575 1921 1642 οἰκοδομεῖ

327 1645 430 1713 τὴν
464 1651 723 1714 γυναῖκα,
772 1653 865 1705 καὶ
913 1655 1268 1724 ἀνεπλήρωσε
1326 1661 1506 1731 σάρκα
1541 1663 1661 1721 ἀντ’
1717 1665 1912 1734 αὐτῆς.

328 1736 491 1799 Τίνος
534 1739 628 1793 οὖν
658 1741 845 1808 ἕνεκεν
890 1720 1325 1818 ἀνεπλήρωσενς
1359 1720 1478 1831 "luat
1526 1754 1600 1825 μὴ
1633 1757 1731 1827 ἔχῃ
1769 1720 1911 1827 μετά
1950 1720 1989 1780 Β

328 1826 432 1897 τὴν
453 1830 546 1881 τοῦ
577 1830 747 1893 ὕπνου
805 1836 1127 1908 ἀπαλλαγὴν
1164 1844 1228 1894 ἐκ
1276 1843 1369 1895 τοῦ
1403 1843 1681 1910 λείποντος
1716 1850 1915 1902 αἰσθά-

329 1920 523 1974 νεσθαι
557 1924 649 1975 τοῦ
685 1929 967 1993 γεγονότος
988 1948 1003 1963 ο
1043 1935 1093 1991 εί
1122 1933 1231 2004 γὰρ
1261 1936 1317 1988 ἐν
1350 1937 1427 2009 τῷ
1456 1939 1554 2009 τῆς
1576 1941 1917 2011 ἀφαιρέσεως

330 2012 512 2081 καιρῷ
544 2016 838 2087 ἠγνόησεν,
863 2022 978 2074 ἀλλ’
1012 2024 1163 2093 ὅμως
1191 2026 1387 2095 ἔμελλε
1423 2034 1562 2099 μετὰ
1595 2032 1768 2088 ταῦτα
1798 2037 1918 2087 ἐπι-

329 2106 625 2201 γινώσκειν
657 2114 719 2164 τὸ
751 2120 1009 2182 γεγονός’
1046 2122 1128 2187 ἐφ’
1179 2115 1222 2188 ᾧ
1265 2124 1352 2179 διά
1410 2127 1611 2195 σαρκὸς
1671 2131 1767 2198 τὴν
1818 2133 1915 2201 τῆς

332 2199 579 2269 πλευρᾶς
608 2206 994 2279 ἀνεπλήρωσεν
1038 2214 1294 2285 ἔλλειψιν.

410 2308 430 2340 ι
466 2293 579 2346 Καὶ
612 2291 766 2348 εἶπεν
794 2301 839 2369 ὀη
872 2302 1027 2366 Θεὸς,
1080 2306 1387 2373 Λὺξάνεσθε
1422 2315 1515 2368 καὶ
1551 2316 1912 2385 πληθύνεσθε,

330 2382 429 2433 καὶ
460 2384 791 2455 πληρώσατε
834 2392 934 2461 τὴν
987 2398 1108 2465 γῆν.
1159 2417 1177 2450 ι
1244 2401 1334 2471 Τῷ
1369 2406 1595 2476 μεγάλῳ
1645 2382 1915 2481 -Βασιλεὶω

332 2480 676 2573 προσεκτέον
730 2484 1029 2541 κάνταῦθα.
1065 2490 1203 2561 Φησὶ
1237 2496 1345 2564 γὰρ
1375 2497 1457 2549 ὅτι
1500 2499 1660 2570 διπλῆ
1688 2504 1720 2572 ἡ
1750 2480 1916 2573 αὔξηο

333 2583 446 2630 σις,
481 2571 514 2641 ἡ
546 2571 647 2639 μὲν
677 2574 946 2644 σώματος,
973 2581 1004 2650 ή
1027 2581 1082 2634 δὲ
1116 2583 1295 2654 ψυχῆς
1317 2603 1329 2616 ·
1366 2589 1481 2642 ἀλλ’
1510 2593 1540 2660 ἡ
1575 2594 1674 2661 μὲν
1697 2594 1791 2648 τοῦ
1816 2596 1919 2648 σώ-

333 2675 509 2756 ματος
544 2661 771 2730 αὔξησις
798 2667 829 2735 ἡ
863 2667 969 2720 ἀπὸ
996 2670 1088 2723 τοῦ
1119 2674 1317 2743 μικροῦ
1351 2678 1433 2741 είς
1469 2680 1528 2732 τὸ
1555 2682 1794 2752 καθῆκον
1824 2688 1919 2756 μὲ-

332 2749 497 2817 γεθος
533 2754 995 2823 ἀποκατάστασις,
1029 2764 1062 2833 ἡ
1114 2763 1171 2816 δὲ
1204 2766 1302 2835 τῆς
1346 2767 1527 2839 ψυχῆς
1557 2749 1785 2844 αὔξησις
1824 2749 1917 2832 ea

332 2845 448 2894 τῶν
481 2848 826 2916 μαθημάτων
876 2856 1344 2922 προσεπιγίνεται.
1393 2860 1553 2914 Ἀλλὰ
1589 2865 1681 2916 καὶ
1711 2868 1738 2919 ὁ
1787 2885 1920 2937 χρυ-

334 2939 636 3008 σορρήμων
653 2942 907 3009 Ἰωάννης
937 2948 1062 3016 περὶ
1078 2948 1253 3018 ψυχῆς
1285 2950 1429 3004 οὕτω
1452 2954 1642 3024 φησὶν,
1673 2957 1753 3010 ὅτι
1773 2958 1918 3028 ἅπαξ

2100 752 2213 808 lloc
2242 766 2403 823 pacto
2428 755 2740 823 consopivit
2778 755 3047 810 Adamum
3084 756 3247 821 Deus,
3278 766 3608 829 sumptaque

2024 855 2172 901 costa
2202 846 2375 915 ipsius
2414 853 2517 900 una
2552 846 2718 901 Evam
2752 850 3077 903 construxit.
3147 850 3282 903 Nam
3347 867 3611 908 necessa-

2027 936 2164 988 rium
2199 947 2317 989 erat
2345 935 2509 989 Evam
2540 953 2648 992 non
2688 938 2897 1001 itidem,
2953 948 3012 992 ut
3066 940 3118 992 in
3148 940 3353 995 Adamo
3403 942 3607 1000 factum

2026 1035 2167 1083 erat.
2199 1040 2229 1079 e
2269 1033 2409 1081 terra
2441 1028 2747 1095 provenire,
2811 1028 2904 1083 sed
2937 1043 2999 1083 ex
3027 1029 3142 1097 ipsa
3183 1034 3362 1099 potius
3410 1034 3602 1088 Adami
3644 1066 3659 1114 γε

2025 1118 2285 1179 eSSentia,
2327 1135 2434 1187 quo
2468 1120 2567 1174 hac
2602 1121 2817 1176 ratione
2849 1130 3071 1177 mutuus
3095 1138 3247 1177 amor
3278 1124 3603 1195 coniugibus
3652 1144 3659 1153 '

2027 1208 2332 1262 inderetur.
2373 1210 2439 1264 Et
2472 1226 2725 1267 somnum
2753 1214 2801 1267 ei
2836 1229 3056 1281 gravem
3092 1215 3359 1277 immittit,
3391 1233 3457 1271 ne
3480 1233 3617 1272 sen-.

2026 1314 2145 1353 sum
2194 1301 2430 1370 aliquem
2461 1303 2665 1359 doloris
2694 1304 2751 1357 in
2784 1304 3135 1375 ademptione
3158 1319 3322 1361 costae
3354 1309 3605 1377 percipe-

2022 1402 2125 1458 ret,
2173 1396 2631 1463 quemadmodum
2672 1398 3093 1468 Cbrysostomns
3136 1400 3211 1454 ait
3237 1441 3250 1458 ,
3288 1402 3395 1472 33
3431 1418 3614 1472 eaque

2020 1485 2097 1539 de.
2126 1501 2290 1540 causa
2319 1488 2606 1559 coniugem
2646 1491 2832 1544 hostili
2878 1501 3110 1559 quodam
3136 1493 3262 1546 odio
3310 1510 3604 1563 proseque-

2023 1587 2192 1631 retur.
2232 1577 2419 1634 ltidem
2439 1594 2645 1636 costam
2677 1597 2837 1636 unam
2864 1584 3052 1648 sumit,
3084 1585 3152 1639 de
3184 1602 3288 1654 qua
3321 1590 3604 1642 mulierem

2019 1671 2309 1735 construit,
2340 1672 2567 1742 eiusque
2593 1675 2770 1729 locum
2801 1691 2963 1730 carne
3014 1678 3272 1745 complet.
3314 1680 3382 1732 At
3409 1696 3606 1748 quam-

2019 1762 2207 1817 obrem
2246 1766 2518 1833 complet?
2550 1766 2628 1820 Ne
2673 1783 2868 1822 somno
2906 1769 3196 1833 excitatus,
3241 1787 3338 1839 per
3365 1774 3417 1827 id
3455 1776 3600 1842 quod

2020 1853 2225 1917 aberat,
2256 1858 2458 1911 sentire
2516 1859 2655 1928 quod
2710 1862 2985 1916 acciderat
3046 1875 3246 1927 posset.
3276 1864 3599 1936 Quanquam

2019 1944 2165 1998 enim
2216 1947 2319 2002 hoc
2348 1948 2709 2017 ademptionis
2758 1960 3004 2021 tempore
3036 1953 3357 2023 ignorasset,
3420 1967 3597 2015 tamen

2020 2036 2279 2106 deinceps
2346 2040 2827 2096 animadversuros
2866 2051 3002 2097 erat.
3062 2044 3401 2115 Quapropter
3435 2064 3602 2108 carne

2024 2130 2162 2185 Deus
2195 2140 2357 2186 costze
2394 2133 2662 2187 defectum
2709 2135 3000 2203 supplevit.

2099 2313 2272 2379 «Dixit
2300 2314 2443 2368 Dens
2485 2334 2498 2368 :
2530 2316 2846 2387 Augescite,
2876 2318 3338 2388 multiplicamini.
3395 2324 3603 2392 replete

2024 2414 2283 2459 terram.»
2320 2407 2431 2462 lloc
2462 2408 2514 2461 in
2543 2409 2663 2463 loco
2702 2409 2883 2464 Basilii
2916 2412 3092 2467 verbis
3122 2414 3366 2468 animum
3410 2418 3603 2470 adver-

2024 2502 2142 2557 tito.
2177 2500 2366 2555 Tradit
2400 2503 2546 2556 enim
2579 2504 2778 2573 duplex
2818 2506 3221 2560 incrementum
3253 2522 3397 2571 esse,
3452 2526 3597 2579 quo-

2022 2609 2141 2647 rum
2170 2594 2315 2647 aliud
2352 2594 2425 2648 sit
2451 2596 2698 2665 corporis
2729 2595 2876 2649 aliud
2905 2596 3123 2650 animm.
3198 2599 3460 2677 Corporis
3515 2604 3601 2655 in-

2022 2696 2363 2740 crementum
2392 2697 2476 2741 est
2508 2687 2575 2742 de
2602 2696 2811 2742 statura
2851 2703 3018 2758 parva
3053 2693 3478 2746 conuenientem
3530 2696 3598 2749 ad

2024 2779 2456 2847 magnitudinem
2493 2784 2804 2851 pervenire.
2865 2782 2935 2836 At
2967 2785 3365 2839 incrementum
3402 2789 3602 2842 animae

2023 2886 2122 2940 per
2154 2871 2473 2941 disciplinas
2509 2874 2919 2943 consequimur.
2955 2874 3131 2930 Etiam
3173 2877 3604 2948 Glirysostomus

2026 2963 2091 3017 de
2116 2962 2296 3016 anima
2329 2963 2524 3032 inquit,
2550 2980 2667 3018 eam
2695 2980 2819 3018 cum
2847 2966 3017 3019 semel
3041 2982 3070 3019 a
3108 2967 3217 3021 Deo
3254 2984 3405 3021 suam
3436 2980 3602 3023 natu—

331 3032 578 3086 λαϐοῦσα
628 3035 689 3087 τὸ
734 3032 875 3089 εἶναι
924 3039 1076 3109 παρὰ
1120 3041 1256 3097 Θεοῦ
1290 3044 1429 3115 πρὸς
1462 3044 1695 3118 αὔξησιν
1735 3050 1917 3107 οὐκέτι

2028 3068 2139 3106 ram
2180 3063 2235 3108 et
2263 3053 2638 3109 exsistentiatn
2673 3064 2829 3108 nacta
2891 3064 2997 3121 est,
3054 3071 3205 3110 more
3253 3062 3501 3125 corporis
3531 3059 3601 3111 ad

336 3124 481 3178 καθὰ
513 3126 577 3195 δὴ
623 3127 716 3179 καὶ
750 3129 809 3182 τὸ
851 3130 1009 3200 σῶμα
1040 3136 1241 3204 χωρεῖ’
1280 3137 1397 3199 πῶς
1444 3140 1538 3192 καὶ
1570 3141 1679 3210 γὰρ
1710 3142 1915 3208 ἅποσος

334 3216 475 3287 αὕτη
513 3223 605 3272 καὶ
641 3221 1046 3292 ἀσχημάτιστος
1073 3227 1230 3291 οὖσα,
1267 3229 1341 3289 ὡς
1383 3230 1547 3287 εἰκὼν
1600 3235 1693 3288 τοῦ
1739 3237 1914 3302 Θεοῦ;

335 3310 535 3364 Τελεία
570 3313 669 3381 μὲν
699 3313 791 3367 οὖν
825 3314 882 3380 ἐξ
913 3318 1086 3387 ἀρχῆς
1112 3320 1337 3392 αὐτῆςή
1372 3324 1535 3394 νοερὰ
1566 3325 1783 3380 ἔκτιστο
1810 3330 1915 3397 ψυ-

331 3404 427 3469 χὴ,
459 3404 507 3454 εἰ
536 3405 630 3456 καὶ
659 3407 802 3459 κατὰ
834 3410 1029 3477 μικρὸν
1060 3410 1209 3463 δοκεί
1242 3414 1526 3481 συναύξειν
1557 3419 1633 3493 τῷ
1678 3419 1912 3488 σώματι.

332 3497 446 3548 Καὶ
470 3497 633 3565 δῆλον
664 3500 720 3563 ἐξ
752 3494 826 3553 ὧν
858 3503 883 3553 ὁ
924 3502 1148 3573 Νύσσης
1173 3505 1327 3575 φησί·
1356 3525 1374 3559 ι
1405 3508 1477 3561 Τὸ
1511 3512 1607 3578 τῆς
1631 3510 1813 3582 ψυχῆς
1838 3511 1918 3564 εἴ·

329 3588 421 3645 δας
452 3589 597 3647 κατὰ
649 3590 748 3658 τὴν
779 3593 1075 3659 ἀναλογίαν
1126 3598 1216 3650 τοῦ
1262 3600 1626 3671 ὑποκειμένου
1681 3604 1915 3672 ὀργάνου

331 3680 609 3743 φαίνεται.
656 3682 720 3734 'Il
752 3684 861 3754 γάρ
914 3687 1049 3758 πρὸς
1085 3688 1187 3759 τὴν
1217 3692 1441 3762 ἐμπαθῆ
1483 3695 1577 3745 καὶ
1604 3694 1796 3764 ζωώδη
1828 3697 1920 3764 γέ-

328 3787 483 3823 νεσιν
531 3775 788 3827 κοινωνία
819 3778 919 3831 οὐκ
949 3778 1113 3843 εὐθὺς
1166 3783 1471 3853 ἐκλάμπειν
1519 3786 1598 3854 τῷ
1630 3785 1915 3857 πλάσματι

326 3864 433 3931 τὴν
462 3863 615 3915 θείαν
659 3867 842 3920 είκόνα
876 3870 1153 3942 ἐποίησεν,
1208 3874 1323 3926 ἀλλ’
1348 3876 1453 3945 ὁδῴ
1486 3894 1589 3931 τινι
1624 3878 1917 3935 ἀκολουθία

328 3957 424 4006 ἐπὶ
454 3959 510 4008 τε
545 3958 751 4011 τέλειον
779 3961 902 4029 ἄγει
932 3965 1025 4016 τὸν
1067 3966 1372 4036 ἄνθρωπον,
1413 3971 1511 4021 οὐκ
1537 3971 1703 4042 ἄλλης
1724 3972 1801 4043 τῷ
1826 3991 1918 4043 νη-

332 4050 447 4118 πίῳ
474 4052 568 4102 καὶ
595 4054 789 4121 ἐτέρας
825 4056 901 4125 τῷ
932 4056 1122 4128 τελείῳ
1157 4061 1513 4131 ἐγγινομένης
1547 4064 1747 4134 ψυχῆς,
1784 4066 1918 4133 ᾁλλὰ

329 4143 431 4209 τῆς
463 4144 633 4212 αὐτῆς
667 4147 723 4197 ὲν
769 4148 960 4217 ἐκείνῳ
988 4149 1089 4217 μὲν
1115 4150 1173 4201 τὸ
1199 4150 1408 4216 ἀτελὲς,
1443 4154 1499 4205 ὲν
1527 4155 1702 4224 τούτῳ
1731 4155 1787 4209 δὲ
1814 4156 1919 4209 δει-

328 4235 605 4301 κνυούσης
637 4237 697 4288 τὸ
729 4237 955 4294 τέλειον.
998 4258 1016 4289 ι
1070 4240 1263 4293 Τελεία
1296 4242 1394 4311 μὲν
1438 4241 1533 4300 οὖν
1565 4248 1596 4315 ἡ
1645 4247 1792 4318 ψυχὴ
1824 4252 1918 4303 καὶ

328 4326 387 4373 ὲν
418 4328 653 4395 βρεφικῇ
698 4328 903 4399 ἡλικίᾳ,
932 4330 1185 4383 ἀδυνατεῖ
1211 4331 1265 4387 δὲ
1299 4330 1398 4402 τὴν
1445 4332 1575 4402 ὅλην
1608 4337 1779 4404 αὐτῆς
1806 4338 1919 4390 δει-

2022 3140 2414 3197 incrementum
2467 3142 2687 3211 aliquod
2742 3142 2892 3202 aliud
2942 3160 3286 3214 nequaquam
3351 3144 3598 3200 tendere.

2020 3234 2155 3288 Nam
2184 3235 2275 3299 qui
2314 3235 2427 3290 ﬁeri
2467 3246 2655 3306 posset
2681 3237 2788 3291 ltoc
2818 3238 2872 3290 in
2915 3237 3117 3302 anima,
3167 3252 3286 3307 qua:
3343 3248 3598 3305 tanquam

2020 3326 2199 3398 imago
2238 3328 2331 3383 Dei
2368 3338 2475 3383 tam
2509 3331 2829 3398 quantitatis
2862 3344 3057 3399 expers
3080 3338 3351 3398 estquam
3378 3330 3602 3400 tigurie?

2021 3417 2393 3484 Quamobrem
2428 3423 2611 3483 anima
2647 3421 3021 3492 intelligentia:
3053 3422 3106 3475 vi
3148 3422 3377 3491 praedita
3417 3423 3495 3478 sic
3519 3433 3605 3477 est

2020 3527 2051 3567 a
2086 3512 2196 3566 Deo
2224 3512 2467 3577 condita,
2524 3523 2583 3568 ut
2638 3516 2825 3568 statim
2882 3514 2951 3569 ab
2988 3514 3144 3591 initio
3211 3516 3451 3584 perfecta
3510 3520 3601 3582 sit,

2021 3601 2239 3656 etiamsi
2267 3603 2529 3672 paulatim
2563 3620 2668 3658 una
2698 3621 2819 3659 cum
2854 3620 3089 3675 corpore
3142 3607 3393 3669 videatur
3424 3608 3604 3662 incre-

2020 3697 2267 3745 mentum
2302 3690 2522 3759 aliquod
2557 3707 2794 3746 sumere.
2833 3693 3185 3763 Perspicuum
3247 3695 3351 3751 lioc
3407 3705 3488 3749 cst
3538 3712 3604 3749 ex
3690 3726 3699 3733 ~

2021 3777 2174 3833 hisce
2204 3778 2430 3849 Nysseni
2466 3778 2712 3850 Gregorii
2741 3781 2925 3835 verbis
2954 3798 2968 3835 :
3008 3800 3026 3833 ι
3059 3782 3269 3836 Animze
3303 3782 3473 3839 fon-nia
3509 3800 3604 3852 pro

2020 3870 2377 3925 instrumenti
2401 3872 2635 3940 subjeCti
2664 3873 2876 3929 ratione
2905 3873 3262 3942 conspicitur.
3294 3875 3599 3934 Cumxenim

2022 3962 2293 4031 particeps
2320 3973 2514 4017 natura
2540 3974 2725 4018 nostra
2756 3965 2828 4017 sit
2852 3965 2972 4033 ejus
3016 3977 3192 4026 ortus,
3225 3967 3319 4032 qui
3369 3976 3422 4019 et
3460 3967 3605 4021 vitiis

2020 4054 2293 4109 obnoxius
2324 4065 2381 4109 et
2406 4056 2722 4109 animalium
2750 4056 2973 4109 rationis
3000 4058 3303 4123 expertium
3324 4059 3465 4111 ortui
3485 4058 3607 4112 alli-

2021 4145 2109 4201 nis
2133 4156 2236 4210 est,
2274 4146 2389 4201 ﬁeri
2418 4146 2611 4215 nequit
2643 4156 2702 4200 ut
2734 4146 2977 4200 hominis
3025 4148 3079 4201 in
3128 4150 3386 4218 ligmento
3422 4152 3602 4204 statim

2020 4238 2205 4294 divina
2237 4239 2416 4311 imago
2444 4239 2678 4304 eluceat,
2715 4241 2811 4294 sed
2846 4240 2929 4297 via
2966 4244 3201 4311 quadam
3234 4260 3298 4296 ac
3330 4244 3477 4299 serie
3509 4246 3604 4300 lio-

2024 4331 2226 4388 minem
2290 4333 2358 4389 ad
2397 4331 2789 4400 perfectionem
2851 4335 3139 4402 pervenire
3199 4352 3429 4391 necessa
3485 4349 3603 4403 est;

328 4414 515 4466 xw’atv
539 4417 847 4483 ἐνέργειαν.
881 4419 1149 4490 Καθάπερ
1173 4423 1283 4491 γὰρ
1316 4399 1576 4489 μουσικδς
1609 4399 1828 4493 ἄριστος
1860 4428 1916 4480 ὲν

2022 4439 2132 4477 non
2161 4422 2306 4491 quod
2340 4422 2441 4477 alia
2466 4422 2683 4486 infanti,
2714 4423 2817 4476 alia
2848 4434 3060 4478 matura
3094 4435 3251 4481 celate
3304 4428 3417 4481 viro
3446 4429 3605 4482 inda-

332 4510 434 4574 μὲν
468 4511 692 4576 μικροῖς
739 4511 922 4573 αὐλοῖς
975 4513 1164 4567 στενόν
1216 4532 1269 4567 τι
1304 4516 1400 4568 καὶ
1451 4514 1718 4586 ἔκτροπον
1752 4517 1915 4585 μέλος

2023 4528 2108 4571 tur
2138 4518 2344 4582 anima,
2376 4516 2469 4570 sed
2501 4533 2607 4571 una
2640 4518 2938 4587 eademque
2970 4518 3151 4572 anima
3186 4522 3239 4573 in
3268 4520 3357 4573 illo
3382 4520 3603 4588 quidem

330 4601 643 4668 ἁπήχησεν,
690 4603 856 4671 ἡνίκα
886 4604 941 4656 δὲ
992 4606 1334 4675 εὐρυπόρους
1373 4607 1509 4679 εὕρῃ
1543 4608 1762 4670 αὐλοὺς,
1791 4609 1916 4661 τότε

330 4696 431 4761 την
460 4696 630 4747 αὑτοῦ
659 4696 858 4766 τέχνην
890 4697 1019 4766 ὅλην
1071 4700 1376 4766 ὑπέδειξεν,
1427 4701 1571 4755 οὕτω
1605 4703 1699 4755 καὶ
1743 4700 1913 4771 ψυχὴ,

329 4789 455 4848 ὡςὸ
497 4789 760 4858 Θεολόγος
818 4791 1115 4861 Γρηγόριος
1166 4795 1222 4847 ἐν
1279 4796 1390 4856 τοῖς
1421 4794 1718 4865 ἐμμέτροις
1749 4792 1916 4847 αὐτοῦ

329 4881 586 4947 διέξεισιν
622 4884 812 4938 ἔπεσι·
847 4888 990 4939 κατά
1012 4889 1121 4956 γὰρ
1150 4888 1248 4957 τὴν
1274 4888 1370 4941 τοῦ
1409 4887 1641 4957 ὀργάνου
1670 4884 1914 4939 διάθεσιν

330 4972 477 5023 οὕτω
513 4975 742 5044 κάκείνη
773 4976 871 5045 τὴν
902 4976 1185 5046 ἐνέργειαν
1221 4977 1517 5033 δείκνυσιν.

2022 4610 2500 4681 imperfectionem
2532 4626 2711 4677 suam,
2740 4612 2795 4665 in
2830 4612 2933 4666 hoc
2955 4610 3345 4682 perfectionem
3379 4612 3609 4667 demon-

2020 4711 2281 4758 strante.»
2323 4704 2395 4758 De
2424 4719 2533 4773 quo
2556 4705 2668 4774 jam
2706 4705 2887 4775 colligi
2921 4700 3103 4774 potest
3131 4704 3370 4759 animam
3401 4706 3453 4758 in
3488 4706 3605 4773 ipsa

2021 4795 2186 4849 etiam
2219 4794 2458 4849 infantili
2494 4803 2654 4849 :etate
2689 4793 2986 4863 perfectam
3014 4809 3159 4856 esse,
3208 4807 3396 4847 verum
3442 4793 3613 4850 facul-

2026 4897 2190 4943 tatem
2229 4903 2383 4942 suam
2412 4897 2464 4942 et
2492 4887 2870 4943 ellicacitatem
2914 4902 3132 4941 onmem
3165 4886 3450 4941 declarare
3473 4903 3607 4942 nec-

2022 4980 2151 5034 dum
2186 4993 2365 5049 posse.
2395 4977 2868 5044 Quemadmodum
2900 4976 3047 5037 enim
3082 4979 3323 5033 musicus
3345 4988 3607 5046 praestan-

330 5069 576 5123 tissimus
611 5069 837 5125 niinutis
870 5069 924 5124 in
984 5072 1141 5128 tibiis.
1164 5072 1307 5128 exile
1336 5082 1500 5143 atque
1555 5076 1825 5132 absonum
1889 5093 2108 5133 carmen
2176 5076 2343 5137 canit,
2380 5082 2435 5128 at
2474 5089 2598 5133 cum
2633 5073 2792 5127 tibias
2841 5074 3071 5157 adeptus
3108 5085 3191 5129 est
3219 5075 3448 5144 amplas,
3495 5084 3606 5127 tum

326 5162 542 5216 scilicet
577 5174 752 5217 artem
789 5178 944 5218 suam
978 5175 1146 5220 totam
1214 5166 1581 5233 demonstrat,
1609 5172 1691 5227 sic
1740 5181 1794 5227 et
1831 5173 2013 5226 anima
2050 5190 2063 5226 :
2102 5191 2119 5222 ‹
2145 5170 2428 5225 Debilibus
2497 5183 2621 5222 cum
2694 5168 2955 5224 membris
2986 5168 3182 5224 debilis
3230 5168 3379 5236 ipsa,
3413 5168 3479 5221 de
3510 5184 3607 5223 va-

328 5260 458 5315 lidis
494 5263 699 5327 elucet,
725 5272 780 5317 et
812 5278 1031 5320 onmem
1059 5266 1299 5338 denique
1325 5280 1567 5323 mentem
1593 5279 1887 5336 ostentam
1932 5271 2396 5340 quemadmodum
2459 5267 2756 5339 Gregorius
2792 5273 3159 5336 cognomento
3190 5263 3503 5333 Theologt-s
3547 5261 3602 5313 in

325 5360 894 5415 commentationibus
937 5364 1072 5427 suis,
1136 5380 1270 5433 quas
1346 5366 1595 5422 versibus
1646 5375 1733 5423 est
1790 5367 2111 5437 complexus
2175 5367 2274 5437 (l),
2314 5365 2514 5437 inquit.
2577 5363 2714 5420 Nam
2776 5372 2941 5435 prout
3011 5364 3444 5418 instrumentum
3472 5358 3608 5414 atl‘e-

326 5460 480 5507 ctmn
512 5450 699 5515 fuerit,
732 5454 848 5523 ipsa
881 5469 1098 5523 quoque
1123 5458 1229 5511 vim
1261 5468 1315 5512 et
1355 5458 1728 5516 ellicacitatem
1753 5476 1909 5517 suam
1950 5461 2211 5519 declarat.
3392 5454 3397 5457 l

401 5580 449 5611 “
476 5578 617 5636 Gen.
655 5599 714 5643 ιι,
743 5583 828 5638 23.

406 5699 481 5771 (ι)
519 5700 683 5769 Greg.
726 5701 797 5754 De
832 5703 1036 5754 anima.
