4062 6186
441 286 547 356 175

1686 282 2103 357 MIanELIs
2142 298 2426 359 cum.

3582 289 3684 359 1'16

506 398 847 471 «Augeseite,
878 401 1057 475 inquit
1089 404 1254 469 Deus,
1280 405 1748 476 multiplicamini,
1796 410 2002 479 replete

2184 429 2202 462 ι
2238 410 2543 477 Αὐξὰνεσῠε
2575 410 2669 463 καὶ
2702 406 3058 479 πληθύνεσθε,
3089 402 3184 458 καὶ
3208 401 3537 473 πληρώσατε
3586 401 3689 473 τὴν

428 500 685 553 terram,»
725 506 835 549 non
868 507 986 549 eam
1018 497 1241 566 quidem
1276 497 1701 564 inhabitatione,
1756 502 1851 556 sed
1897 502 2004 556 im-

422 584 583 652 perio
611 593 813 649 vestro,
844 585 1304 656 quemadmodum
1369 589 1484 645 haec
1543 590 1710 645 verba
1775 606 2007 661 magnus

427 672 520 727 ille
544 673 777 731 Basilius
812 677 1227 749 interpretatur.
1290 681 1400 736 Nec
1438 682 1582 737 enim
1620 683 1875 739 homines
1909 700 2007 739 ne-

428 781 584 821 cesse
616 765 818 823 habent
841 763 953 841 84
979 772 1061 824 vel
1093 782 1368 841 perustam
1402 772 1550 827 illam
1600 788 1629 828 a
1658 775 1771 829 sole
1799 783 1999 830 terram

432 860 521 935 vel
546 859 727 915 cultus
744 860 920 937 omnis
944 871 1222 933 expertem
1241 864 1327 919 vel
1348 863 1549 934 frigore
1568 864 1736 921 nimio
1760 865 2005 922 inutilem

427 950 510 1004 vel
540 950 875 1007 inaccessam
907 954 1125 1023 replere
1164 972 1178 1009 :
1217 955 1313 1009 sed
1347 954 1449 1009 hac
1497 970 1633 1010 voce
1667 956 1810 1011 Deus
1844 956 2003 1011 nobis

420 1043 511 1112 jus
544 1043 820 1113 replenda
858 1055 1017 1102 terra
1048 1048 1349 1103 concessit.
1389 1047 1614 1118 Nosque
1652 1049 1791 1105 adeo
1822 1050 2001 1120 reple-

425 1153 549 1192 mus
577 1153 697 1193 eam
729 1154 796 1194 ex
832 1140 1060 1195 rationis
1119 1141 1367 1196 arbitrio.
1426 1142 1787 1213 Posteaquam
1852 1142 2000 1198 enim

422 1230 808 1298 perspeximus
839 1240 1105 1301 quantum
1143 1220 1379 1304 spatium
1415 1242 1557 1288 terra
1581 1243 1804 1304 perusta
1832 1242 1885 1290 et
1917 1234 2002 1288 in-

426 1320 740 1376 habitabilis
772 1333 1022 1393 occupet,
1089 1332 1357 1393 quautum
1424 1325 1737 1395 aquilonale
1812 1325 1996 1392 clima,

422 1411 568 1480 quod
602 1411 752 1467 nimii
786 1412 1000 1484 frigoris
1029 1429 1190 1469 causa
1223 1414 1413 1486 nequit
1464 1416 1637 1471 excoli
1689 1424 1745 1471 et
1801 1426 1887 1472 est
1921 1417 2001 1472 in-

2114 502 2431 573 γῆν.ιΠλὴν
2447 502 2507 556 οὐ
2531 503 2597 572 τῇ
2620 500 2855 571 οἰκήσει,
2875 498 3009 552 ἀλλὰ
3024 500 3091 568 τῇ
3114 495 3352 566 ἐξουσίᾳ,
3376 493 3451 558 ὡς
3469 495 3496 547 ὁ
3518 493 3690 564 μέγας

2113 596 2246 665 φησι
2282 594 2580 656 Βασίλειος.
2625 592 2700 647 Οὐ
2732 594 2841 661 γὰρ
2869 591 3040 662 δήπου
3076 588 3172 642 καὶ
3194 589 3292 659 τὴν
3320 585 3688 655 διακεκαυμὲο

2112 706 2208 757 νην
2263 688 2358 740 καὶ
2417 683 2776 756 ἀγεώργητον
2826 686 2922 737 καὶ
2978 684 3079 753 τὴν
3137 679 3564 750 κατεψυγμένην
3594 679 3691 731 καὶ

2113 780 2315 833 ἄϐατον
2345 779 2467 834 κατῖ
2492 780 2737 849 ἀνάγκην
2790 780 2838 831 οἱ
2869 775 3148 848 ἄνθρωποι
3179 769 3511 843 πληροῦσιν·
3551 769 3690 823 ἀλλὰ

2113 874 2337 943 κυρίους
2359 874 2505 943 ἡμᾶς
2545 872 2767 942 ἐποίησε
2798 868 3064 942 πληροῦν.
3104 867 3214 921 Kal
3244 862 3565 937 πληροῦμεν
3593 861 3691 917 αὖ·

2111 965 2210 1035 τὴν
2236 965 2313 1035 τῷ
2334 963 2785 1033 λογισμῷ.Ὂταν
2807 960 2917 1032 γὰρ
2951 961 3147 1029 ἴδωμεν
3178 958 3342 1012 πόσον
3372 956 3569 1027 μέτρον
3591 956 3691 1025 τῆς

2105 1058 2543 1128 διακεκαυμένης
2568 1057 2663 1111 καὶ
2692 1057 2976 1126 ἀοικήτου,
3005 1055 3135 1107 ὅταν
3185 1052 3387 1118 ἴδωμεν
3414 1051 3580 1102 πόσον
3622 1046 3684 1100 τὸ

2106 1150 2276 1218 κλίμα
2313 1149 2373 1202 τδ
2420 1150 2653 1219 βόρειον,
2702 1148 2731 1201 ὃ
2771 1148 2859 1202 διὰ
2892 1147 2991 1217 τὴν
3024 1142 3478 1214 ὑπερόἁλλουσαν
3522 1138 3686 1209 ψύξιν

2105 1233 2460 1305 ἀγεώργητόν
2486 1237 2715 1290 ἐστικαὶ
2738 1235 3030 1307 ἄχρηστον,
3056 1234 3157 1287 οὐκ
3173 1229 3572 1304 ἐπληρώσαμεν
3588 1227 3688 1299 τὴν

2105 1328 2228 1397 γῆν,
2263 1327 2399 1380 ἀλλὰ
2448 1329 2510 1381 τὸ
2541 1329 2811 1399 χρήσιμον
2855 1326 3234 1396 ἐκλεξάμενοι,
3275 1325 3338 1377 τὸ
3369 1323 3495 1376 ὅσον
3520 1321 3689 1390 ἀχρη-

2106 1435 2231 1471 στον
2257 1420 2337 1481 είς
2366 1418 2627 1490 διαμονὴν
2653 1418 2961 1489 ἀνθρώποις
2992 1414 3495 1486 ἀπεπεμψάμεθα.¹

425 1504 579 1572 utile,
620 1520 801 1559 annon
841 1517 1039 1560 terram
1110 1509 1376 1578 reliquam
1417 1509 1863 1580 complerimus?
1910 1513 2109 1567 Annon
2174 1514 2379 1570 delecta
2452 1520 2575 1585 eius
2608 1514 2726 1569 utili
2797 1523 2977 1584 parte,
3036 1511 3303 1584 quidquid
3352 1506 3682 1565 habitationi

426 1600 706 1655 hominum
738 1609 824 1654 est
857 1600 1071 1664 inutile,
1113 1602 1519 1671 relinquimus?

502 1694 678 1748 «Dixit
709 1694 839 1748 item
873 1692 1017 1749 Dens
1045 1710 1060 1747 :
1098 1694 1175 1748 Eu
1210 1710 1313 1767 ego
1344 1696 1591 1758 concessi
1622 1694 1779 1750 vobis
1807 1709 1998 1750 omnes

2178 1715 2196 1748 ι
2240 1697 2345 1748 Καὶ
2372 1692 2528 1749 εἶπεν
2554 1699 2581 1749 ὁ
2602 1696 2734 1759 Θεός
2755 1712 2768 1726 °
2806 1696 2937 1749 Ἰδοὺ
2969 1695 3179 1750 δέδωκα
3216 1693 3346 1765 ὑμῖν
3383 1695 3496 1749 πᾶν
3534 1694 3691 1761 ξύλον

426 1785 719 1857 frugiferas
743 1786 993 1851 arbores,
1027 1788 1226 1856 quibus
1252 1788 1319 1842 ad
1349 1788 1662 1849 alimoniam
1686 1793 1742 1842 et
1767 1802 1862 1843 vos
1886 1796 2003 1842 uta-

424 1880 561 1934 mini
593 1888 650 1933 et
692 1893 885 1933 omnes
941 1879 1129 1934 bestia
1186 1888 1472 1935 terrestres
1497 1881 1563 1934 ⁸⁵.
1605 1880 1704 1935 Hic
1761 1880 2002 1936 animum

425 1969 712 2025 advertito.
750 1967 890 2023 Deus
918 1969 1135 2038 quidem
1181 1970 1410 2039 piscium
1440 1978 1496 2025 et
1538 1971 1859 2025 animalium
1911 1986 2005 2025 re-

425 2062 697 2133 liquorum
753 2061 1033 2116 dominum
1096 2062 1225 2117 fecit
1258 2062 1557 2127 hominem,
1612 2078 1800 2117 verum
1849 2071 1908 2117 ut
1938 2062 2006 2117 iis

427 2165 749 2210 vesceretur
776 2170 886 2208 non
920 2155 1189 2224 permisit.
1228 2156 1498 2212 Nimirum
1536 2156 1651 2210 hac
1698 2157 1873 2225 prima
1918 2156 2004 2210 lex

431 2253 644 2299 tantum
700 2244 909 2297 homini
954 2246 1228 2301 fructuum
1260 2262 1417 2300 usum
1463 2247 1820 2306 concedebat,
1877 2260 2004 2299 cum

430 2337 610 2393 adhuc
633 2337 892 2406 paradiso
925 2336 1124 2407 dignus
1153 2348 1319 2392 esset.
1376 2338 1567 2406 Itaque
1599 2346 1709 2392 tam
1755 2338 2006 2393 homines

428 2442 592 2497 quam
624 2442 801 2482 aerea
830 2428 1087 2484 volucres
1112 2436 1167 2485 et
1199 2436 1458 2484 terestres
1502 2428 1692 2483 bestia
1738 2428 2005 2484 fructibus

430 2524 714 2587 arborum,
748 2520 955 2584 herbis,
992 2519 1240 2592 gramine
1273 2522 1663 2576 vescebantur.
1732 2520 1801 2575 Et
1829 2508 2006 2590 quan?-

426 2630 589 2684 quam
618 2615 785 2670 hodie
810 2614 917 2677 leo,
946 2614 1207 2685 pardalis,
1235 2614 1352 2669 alia
1379 2613 1511 2669 fera
1534 2613 1777 2671 cruentis
1801 2622 2007 2668 mactas

428 2707 673 2762 tionibus
703 2706 1343 2775 cibisque-delectentur.
1407 2714 1592 2761 tamen
1641 2703 1696 2760 id
1739 2704 2004 2774 temporis

427 2801 545 2855 hac
580 2800 745 2854 etiam
776 2798 1033 2854 animalia
1060 2798 1163 2869 legi
1190 2808 1403 2853 natura
1462 2798 1683 2853 subdita
1732 2797 2005 2851 fructibus

427 2900 640 2946 tantum
672 2891 984 2947 alebantur.
1027 2891 1109 2946 Ac
1145 2900 1503 2960 posteaquam
1538 2890 1683 2945 Deus
1720 2889 2000 2944 hominem

418 2985 534 3054 jam
588 2983 790 3038 factum
842 2982 1387 3052 iutemperantiorem
1445 2980 1605 3047 vidit,
1658 2981 1827 3036 altera
1883 2982 2002 3049 lege

2109 1787 2137 1839 ὃ
2168 1787 2280 1857 εχει
2305 1788 2518 1858 καρπὸν
2548 1790 2603 1841 ὲν
2623 1786 2823 1859 ἑαυτῷ.
2862 1785 3025 1857 ’Υμῖν
3058 1785 3212 1839 ἔσται
3247 1787 3328 1847 εἰς
3351 1784 3563 1856 βρῶσιν
3591 1782 3689 1838 καὶ

2111 1882 2247 1935 πᾶσι
2275 1882 2383 1943 τοῖς
2419 1879 2626 1951 θηρίοις
2655 1880 2756 1949 τῆς
2779 1880 2905 1950 γῆς.
2947 1898 2966 1931 ι
3002 1878 3249 1949 Πρόσεχε
3276 1875 3371 1930 οὖν
3395 1894 3409 1908 ·
3450 1878 3689 1949 ἄρχοντα

2115 1975 2213 2042 μὲν
2243 1975 2353 2044 γὰρ
2395 1972 2505 2026 τῶν
2555 1971 2755 2041 ἰχθύων
2800 1970 2897 2024 καὶ
2946 1971 3058 2025 τῶν
3082 1969 3291 2024 λοιπῶν
3334 1969 3563 2038 ἐποίησε
3598 1968 3693 2022 τὸν

2110 2067 2395 2138 ἄνθρωπον
2422 2067 2451 2118 ὁ
2483 2065 2635 2128 Θεὸς,
2675 2064 2735 2116 οὐ
2758 2064 2869 2133 μὴν
2898 2062 2956 2116 δὲ
3003 2061 3097 2115 καὶ
3120 2062 3218 2132 τὴν
3252 2062 3560 2115 ἀπόλαυσιν
3589 2063 3693 2117 αὐ-

2110 2159 2219 2211 τῶν
2248 2156 2397 2228 αὑτῷ
2425 2153 2873 2226 συγκεχώρηκεν.
2900 2154 3066 2206 Ὥστε
3093 2154 3126 2224 ἡ
3157 2152 3257 2222 μὲν
3288 2152 3483 2223 πρώτη
3530 2169 3693 2222 νομο-

2113 2255 2265 2308 Θεσία
2294 2252 2525 2323 καρπῶν
2573 2251 2875 2305 ἀπολαύειν
2923 2250 3243 2305 ὲνδέδωκεν,
3282 2249 3403 2303 Ἔτι
3435 2250 3545 2319 γὰρ
3580 2252 3694 2303 ἐνο-

2116 2344 2392 2415 μιξόμεοα
2432 2343 2573 2407 ἄξιοι
2620 2342 2716 2396 τοῦ
2751 2341 3085 2415 παραδείσου
3121 2333 3262 2394 εἶναι
3285 2358 3299 2373 ο
3337 2343 3549 2412 καρπὸς
3577 2342 3693 2395 λοι-

2113 2438 2214 2489 πὴν
2248 2435 2343 2489 καὶ
2380 2434 2514 2504 χλόη
2542 2434 2637 2486 καὶ
2669 2433 2862 2503 χόρτος
2898 2434 3033 2503 ἡμῖν
3067 2432 3146 2494 είς
3176 2431 3403 2502 βρῶσιν,
3436 2434 3549 2499 τοῖς
3598 2451 3693 2486 πε-

2110 2531 2310 2592 τεινοῖς
2341 2544 2399 2582 τε
2430 2527 2526 2580 τοῦ
2579 2524 2814 2596 οὐρανοῦ
2869 2525 2961 2585 καὶ
3016 2526 3153 2578 πᾶσι
3192 2526 3303 2586 τοῖς
3343 2524 3555 2595 Θηρίοις
3587 2524 3692 2593 τῆς

2111 2622 2234 2692 γῆς.
2277 2620 2339 2672 Εἰ
2374 2619 2484 2688 γὰρ
2528 2618 2621 2671 καὶ
2670 2617 2766 2670 νῦν
2802 2618 2999 2687 αἴμασι
3055 2617 3347 2687 χαίρουσιν
3395 2617 3423 2668 ὃ
3455 2633 3512 2669 τε
3554 2615 3690 2668 λέων

2113 2710 2205 2765 καὶ
2252 2711 2284 2781 ἡ
2317 2708 2603 2779 πάρδαλις,
2633 2707 2750 2759 ἀλλ’
2769 2707 2921 2777 ὅμως
2952 2706 3045 2759 καὶ
3075 2705 3251 2758 ταῦτα
3275 2704 3353 2774 τῷ
3399 2706 3549 2775 νόμῳ
3588 2704 3688 2774 τῆς

2112 2803 2325 2873 φύσεως
2362 2798 2781 2869 ὑποτεταγμένα
2820 2800 3055 2869 καρποῖς
3088 2796 3423 2868 διετρέφετο.
3466 2796 3685 2866 Ἐπειδὴ

2110 2896 2167 2949 δὲ
2196 2894 2378 2957 ὁΘεὸς
2425 2891 2878 2962 ἐκδεδιῃτημένον
2930 2887 3037 2943 εἶδε
3069 2890 3163 2943 τὸν
3211 2889 3521 2959 ἄνθρωπον,
3566 2890 3688 2945 δευτ

2112 2991 2254 3061 τὲρῳ
2312 2990 2461 3058 νόμῳ
2499 2987 2640 3057 μετὰ
2686 2986 2779 3039 τὸν
2829 2984 3213 3055 κατακλυσμὸν
3266 2985 3482 3038 πάντων
3534 2983 3687 3053 αὐτῷ

422 3086 546 3147 post
569 3075 834 3130 diluvium
865 3085 1194 3145 potestatem
1224 3075 1273 3130 ei
1295 3074 1700 3129 facitomnibus
1720 3072 1999 3128 vescendi.

2109 3056 2386 3151 συγχωρεί
2406 3056 2510 3149 τὴν
2540 3078 2865 3144 ἀπόλαυσιν,
2907 3095 2926 3131 ι
2960 3076 3148 3131 Ταῦτα
3172 3077 3348 3133 πάντα
3378 3077 3452 3141 ὡς
3477 3076 3687 3147 λάχανα

421 3168 631 3225 (iuncta
664 3169 842 3235 vobis,
871 3167 967 3231 ait,
1003 3165 1231 3236 perinde
1254 3164 1489 3222 fruenda
1519 3166 1762 3220 concedo
1796 3176 1853 3219 ut
1875 3165 2002 3221 her-

424 3261 618 3315 barum
648 3260 821 3317 olera.
871 3259 1105 3328 Propter
1136 3259 1278 3313 hanc
1306 3258 1727 3312 concessionem
1780 3258 1992 3328 reliqua

422 3350 585 3404 etiam
616 3349 873 3403 animalia
906 3349 1241 3418 quibuslibet
1272 3350 1422 3417 vesci
1451 3358 1759 3419 coeperunt.
1814 3347 2003 3419 Itaque

423 3444 512 3497 leo
539 3442 862 3497 carnivorus
926 3443 1091 3503 abeo
1145 3449 1391 3511 tempore
1444 3441 1568 3508 fuit,
1623 3452 1678 3497 et
1710 3443 2002 3498 morticina

424 3534 673 3587 vultures
702 3536 1021 3587 observant.
1058 3530 1171 3588 Neo
1200 3532 1347 3589 enim
1379 3533 1431 3588 id
1459 3535 1722 3603 temporis
1747 3550 1857 3603 quo
1882 3534 2001 3605 pri-

425 3641 573 3681 mum
604 3626 924 3680 oriebantur
950 3625 1232 3691 animalia,
1265 3635 1467 3680 terram
1486 3628 1731 3682 vultures
1762 3628 2003 3683 circum-

425 3716 768 3783 spectabant,
790 3726 848 3771 ut
873 3716 939 3770 ad
972 3725 1188 3786 pastum
1218 3717 1483 3773 cadavera
1503 3732 1998 3788 consequerentur,

427 3810 524 3865 sed
587 3809 640 3863 in
678 3809 850 3878 pratis
902 3809 1217 3868 alimoniam
1257 3811 1595 3879 quarebaut.
1653 3811 1913 3867 Videmus
1948 3822 2003 3867 et

429 3900 590 3955 hodie
622 3914 786 3955 canes
816 3900 1197 3965 medicamenti
1257 3916 1421 3958 causa
1452 3902 1696 3974 gramine
1752 3918 2002 3972 saepenu—

425 4008 579 4049 mero
616 3992 784 4063 pasci,
812 4008 921 4047 non
955 3993 1101 4062 quod
1130 3994 1237 4049 hoc
1259 3996 1596 4049 nutrimento
1619 3995 1768 4049 velut
1806 3995 2001 4050 idoneo

427 4095 739 4152 vescantur,
767 4086 863 4141 sed
892 4086 1021 4165 quia
1049 4084 1299 4141 doctrina
1337 4086 1570 4155 quadam
1631 4095 1861 4146 natura.
1916 4087 2001 4141 di-

426 4179 632 4236 scendo
668 4194 776 4233 non
821 4188 1101 4248 percepta,
1156 4180 1390 4234 tendunt
1435 4180 1502 4234 ad
1543 4195 1607 4234 ea
1643 4180 1869 4234 rationis
1902 4195 2002 4234 ex-

425 4281 607 4342 pertes
635 4272 828 4327 bestia
859 4272 1137 4340 quaeipsis
1159 4273 1314 4326 utilia
1344 4283 1492 4327 sunt.
1526 4271 1805 4343 Ejusmodi
1832 4274 2002 4328 fuisse

2103 3175 2298 3245 χόρτου
2318 3171 2561 3241 φάγεσθε
2602 3187 2622 3223 ι
2662 3169 2857 3223 εἰπών.
2886 3169 3072 3239 Ταύτῃ
3112 3169 3213 3237 μὲν
3250 3164 3343 3222 οὖν
3372 3170 3441 3239 τῇ
3472 3185 3688 3238 συγχω·

2107 3268 2262 3340 ρήσει
2289 3265 2383 3317 καὶ
2413 3263 2483 3317 τὰ
2516 3263 2678 3317 λοιπὰ
2723 3262 2841 3325 ζῶα
2871 3263 2964 3315 τοῦ
2993 3261 3191 3314 ἐσθίειν
3242 3261 3436 3315 ἔλαϐον
3468 3261 3683 3317 ἄδειαν.

2117 3355 2207 3419 Ἐξ
2231 3354 2437 3407 ἐκείνου
2467 3350 2525 3404 δὲ
2553 3348 2742 3403 λοιπὸν
2791 3349 3093 3419 αῑμοϐόρος
3123 3350 3152 3401 ὁ
3182 3348 3341 3413 λέων,
3387 3348 3444 3413 ὲξ
3476 3348 3686 3402 ἐκείνου

2104 3447 2196 3497 καὶ
2221 3444 2395 3511 γῦπες
2422 3437 2754 3507 ἀναμένουσι
2784 3437 3102 3509 θνησιμαῖα.
3141 3436 3217 3490 Οὐ
3246 3437 3418 3506 δήπου
3454 3437 3561 3506 γὰρ
3589 3439 3686 3490 καὶ

2104 3536 2277 3604 γῦπες
2335 3534 2451 3603 ἅμα
2509 3532 2586 3603 τῷ
2618 3532 2948 3603 γεννηθῆναι
2988 3529 3101 3594 ζῶα
3148 3530 3550 3597 περιεσκόπουν
3585 3531 3685 3599 τὴν

2106 3629 2229 3697 γῆν,
2259 3627 2334 3689 ὡς
2367 3624 2575 3679 ἐκεῖθεν
2606 3620 2750 3679 οὗτοι
2781 3622 3069 3692 τραφῶσιν
3089 3637 3105 3654 ο
3143 3622 3279 3675 ἀλλὰ
3310 3621 3482 3674 ταῦτα
3506 3622 3685 3675 πάντα

2104 3720 2229 3781 τοὺς
2252 3717 2528 3785 λειμῶνας
2551 3715 2934 3785 περιήρχοντο.
2969 3713 3079 3766 Καὶ
3100 3712 3195 3767 νῦν
3221 3705 3331 3782 γὰρ
3362 3714 3690 3790 κύναςνὸρῶ-

2107 3827 2208 3882 μεν
2238 3807 2535 3877 Θεραπείας
2578 3805 2765 3858 ἕνεκεν
2807 3801 3067 3865 πολλάκις
3113 3802 3392 3873 ἄγρωστιν
3438 3804 3687 3870 ὲπινεμο⁹

2108 3903 2322 3971 μένους,
2374 3899 2475 3952 οὐκ
2526 3897 2715 3968 ἐπειδὴ
2766 3895 3025 3967 συμφυής
3068 3896 3215 3949 ὲστιν
3265 3896 3298 3965 ἡ
3339 3896 3536 3966 τροφὴ,
3568 3896 3684 3949 ἀλλ’

2104 3992 2292 4064 ἐπειδὴ
2323 3991 2590 4061 etiam
2609 3989 2714 4043 τινὶ
2746 3989 2963 4057 φύσεως
2995 3987 3315 4060 διδασκαλίᾳ
3347 3991 3436 4042 ἐπὶ
3461 3990 3521 4043 τὸ
3548 4008 3686 4058 συμ-

2105 4085 2271 4157 φέρον
2317 4085 2537 4153 ἔρχεται
2577 4082 2646 4135 τὰ
2680 4081 2873 4149 ἄλογα.
2899 4080 3146 4134 Τοιαῦτα
3169 4080 3383 4151 λόγισαι
3417 4079 3559 4136 εἶναι
3587 4083 3685 4147 καὶ

2104 4182 2227 4235 τότε
2257 4180 2325 4233 τὰ
2357 4179 2629 4251 αἱμοϐόρα
2655 4176 2763 4231 τῶν
2782 4175 2939 4241 ζώων
2958 4216 2970 4239 ,
3001 4176 3197 4246 χόρτον
3219 4178 3430 4240 ἑαυτοῖς
3461 4180 3539 4239 εἰς
3562 4195 3685 4249 τρο.

2108 4275 2213 4344 φὴν
2242 4273 2497 4336 ἐπινοεῖν,
2520 4273 2581 4324 οὐ
2607 4269 2717 4341 μὴν
2737 4268 2987 4340 ἀλλήλοις
3011 4269 3451 4325 ἐπιϐουλεύοντα.
3482 4271 3687 4339 Συγκε-

425 4372 557 4417 tunc
586 4362 841 4417 animalia
868 4363 1157 4417 carnivora
1211 4365 1478 4434 cogitabis
1507 4406 1520 4430 ,
1576 4382 1697 4437 qua
1754 4370 2000 4438 gramine

2109 4366 2355 4437 χώρηται
2385 4360 2500 4431 οὖν,
2529 4362 2603 4426 ὡς
2623 4362 2874 4433 εἴρηται,
2910 4361 3051 4429 μετὰ
3085 4362 3177 4416 τὸν
3206 4362 3597 4434 κατακλυσμὸν
3649 4364 3683 4436 ἠ

426 4454 637 4509 scilicet
673 4454 821 4510 vesci
847 4457 1270 4521 consueverint,
1314 4472 1425 4512 non
1452 4458 1556 4513 sibi
1596 4459 1832 4515 invicem
1865 4461 2000 4515 insi-

426 4544 584 4600 diari.
622 4546 783 4600 Facta
817 4556 897 4601 est
928 4547 1091 4618 igitur
1116 4546 1399 4605 fruitionis
1465 4551 1659 4606 horum
1714 4553 2002 4608 concessio

426 4646 545 4707 post
583 4637 866 4702 diluvium,
892 4638 1037 4693 sicut
1068 4639 1365 4697 indicatum
1386 4651 1469 4696 est
1504 4644 1793 4698 hactenus.
1824 4643 2003 4698 Enim-

428 4742 560 4782 vero
587 4739 715 4783 sunt
749 4728 1026 4800 hodieque
1078 4732 1355 4796 nonnulli,
1404 4732 1497 4799 qui
1530 4734 1693 4787 vitam
1740 4738 1893 4789 suam
1935 4735 2001 4789 ad

429 4819 794 4873 imitationem
826 4822 952 4875 vita
982 4822 1245 4890 paradisi,
1274 4831 1539 4892 quantum
1573 4825 1696 4894 ejus
1721 4805 1835 4880 fieri
1878 4826 2001 4895 pot-

425 4918 526 4970 est,
564 4909 913 4965 instituentes
946 4926 974 4965 a
1012 4912 1243 4967 nimium
1277 4927 1462 4968 crassa
1489 4914 1577 4968 illa
1600 4916 1843 4969 ciborum
1872 4914 2004 4968 frui-

428 5008 575 5054 tione
602 5002 890 5069 abhorent,
928 5018 992 5059 ac
1028 5013 1139 5058 tum
1166 5005 1433 5060 fructibus
1468 5016 1580 5060 tum
1610 5006 1916 5061 seminibus
1947 5016 2003 5071 et

426 5091 678 5146 omnibus
709 5092 775 5146 iis
815 5108 933 5171 qua
963 5095 1029 5148 de
1063 5096 1352 5151 arboribus
1384 5086 1717 5166 proveniunt
1751 5104 1998 5153 utuntur.

424 5182 775 5252 (linteumque
807 5184 1014 5240 scilicet
1048 5199 1246 5255 prater
1293 5191 1406 5242 hac
1455 5204 1793 5258 supervanea
1846 5199 1999 5256 sunt,

2111 4458 2432 4523 ἀπόλαυσις,
2466 4455 2606 4525 πλὴν
2633 4452 2770 4507 ἀλλὰ
2797 4453 2893 4506 καὶ
2920 4453 3016 4507 νῦν
3068 4454 3212 4508 κατά
3241 4455 3477 4525 μίμησιν
3504 4456 3605 4525 τῆς
3627 4458 3686 4509 ἐν

2108 4550 2188 4621 τῷ
2210 4547 2529 4617 παραδείσῳ
2570 4544 2716 4616 ζωῆς
2752 4546 2967 4609 ἑαυτοῖς
2995 4546 3152 4614 ἄγειν
3179 4546 3520 4617 βουλόμενοι,
3557 4548 3689 4617 (pati-

2110 4656 2300 4709 γοντες
2324 4637 2531 4708 ταύτην
2559 4635 2659 4709 τὴν
2700 4635 2965 4690 πολύυλον
2995 4626 3296 4691 ἀπόλαυσιν
3320 4639 3430 4693 τῶν
3459 4639 3687 4709 βρωμὰο

2109 4745 2240 4794 των,
2270 4728 2354 4782 ἐπ’
2386 4728 2591 4781 ἐκεῖνον
2640 4725 2731 4780 τὸν
2789 4727 2927 4797 βίον,
2983 4726 3168 4790 καθὼς
3232 4722 3347 4782 οἷόν
3394 4729 3455 4782 τέ
3512 4731 3683 4795 ἐστιν,

2109 4820 2336 4882 ἑαυτοὺς
2366 4818 2652 4889 ἀγόμενοι,
2706 4821 2944 4889 καρποῖς
2986 4820 3082 4873 καὶ
3114 4821 3397 4891 σπέρμασι
3445 4824 3685 4885 καὶτοῖς

2108 4913 2170 4964 ἐκ
2208 4910 2323 4963 τῶν
2342 4909 2663 4981 ἀκροδρύων
2706 4912 2786 4974 εἰς
2834 4911 3115 4983 διαγωγὴν
3157 4912 3465 4984 χρώμενοι·
3520 4914 3581 4967 τὸ
3625 4913 3683 4967 δὲ

2108 5002 2372 5074 περισσὸν
2394 5003 2601 5057 τούτων
2621 5003 2696 5066 ὼς
2715 5004 2825 5057 οὐκ
2856 5005 3157 5072 ἀναγκαῖον
3186 5008 3645 5077 ἀποστρεφόμεθα
3666 5021 3680 5039 ο

2107 5098 2167 5150 οὐ
2189 5097 2301 5167 γὰρ
2334 5095 2601 5166 βδελυκτά
2624 5096 2721 5150 διὰ
2747 5097 2836 5149 τὸν
2867 5098 3134 5153 κτίσαντα
3152 5138 3169 5165 ,
3215 5098 3337 5152 οὐδὲ
3367 5100 3565 5169 αἱρετὰ
3594 5098 3682 5154 διὰ

2106 5190 2207 5259 τὴν
2234 5190 2335 5259 τῆς
2366 5189 2567 5258 σαρκὺς
2596 5189 2911 5245 εὐπάθειαν.

428 5286 689 5346 tauquam
710 5292 820 5331 non
853 5282 1159 5335 necessaria
1223 5297 1563 5339 recusamus.
1600 5280 1832 5339 'Etenim
1896 5299 1998 5340 nec
2037 5283 2430 5340 abominabilia
2458 5284 2643 5353 putari
2709 5284 2910 5340 debent
2940 5294 3166 5356 propter
3228 5296 3554 5356 creatorem,
3580 5297 3688 5343 nec

425 5368 732 5434 cxpetmtda
759 5382 1093 5439 magnopere
1114 5381 1341 5440 propter
1377 5374 1564 5429 carnis
1598 5374 1785 5431 luxum
1830 5386 1887 5433 et
1932 5377 1998 5432 ad
2041 5376 2267 5433 delicias
2305 5374 2755 5446 propensionem.

841 5464 913 5519 De
941 5468 1180 5521 carnium
1213 5471 1579 5525 visceratione.

495 5555 604 5626 85
637 5557 771 5614 Novi
807 5571 877 5627 te,
921 5562 1120 5619 dilecte
1154 5560 1248 5633 ﬁli,
1288 5566 1387 5622 hac
1421 5568 1584 5622 etiam
1617 5570 1670 5624 in
1709 5578 1859 5639 parte
1880 5587 1987 5627 non

496 5717 540 5746 ⁸⁸
569 5717 705 5773 Gen.
733 5736 769 5785 ι,
796 5720 886 5777 99.

2614 5476 2755 5543 Πῳὶ
2778 5476 3193 5546 κρεωδαισίας.

2167 5563 2299 5625 Οἶδα
2354 5567 2431 5636 δὲ,
2470 5568 2745 5641 ἀγαπητὲ,
2780 5570 2861 5625 ὅτι
2920 5569 3017 5626 καὶ
3066 5571 3156 5625 ἐπὶ
3195 5571 3371 5641 τούτῳ
3396 5571 3687 5642 ἠπόρηκας
