4062 6186
347 224 448 294 179

1614 231 2037 293 ailCHAELlS
2079 236 2335 297 GLYCE

3487 238 3591 301 180

338 358 449 396 non
479 342 659 397 fuerit.
686 342 1030 412 Quapropter
1057 342 1234 404 omnis
1258 343 1345 396 hic
1367 343 1632 400 dubitatio
1663 346 1900 416 tollatur.

2041 346 2161 411 ἐὺς,
2209 349 2330 399 τότε
2368 348 2502 418 πρὸς
2531 346 2692 402 αὑτὸν
2727 347 2930 415 ἔλεγεν·
2965 340 3072 420 ιτᾙ
3112 348 3156 400 δ’
3187 348 3253 401 ἂν
3279 348 3465 420 ἡμέρᾳ.
3489 349 3596 416 φά-

340 431 473 486 Nam
524 434 566 486 si
610 434 816 498 statim,
852 450 974 488 cum
1026 435 1296 487 hominem
1345 436 1602 489 conderet
1639 435 1800 490 Deus.
1843 437 1911 506 ad

341 539 464 576 cum
497 523 723 579 dixisset
756 541 769 578 :
813 545 830 576 ‹
869 525 1204 594 Quacunque
1255 525 1342 578 die
1379 528 1673 580 vest'etnini
1713 528 1779 582 de
1813 529 1913 582 hac

340 616 558 679 arbore,
592 627 762 671 morte
794 618 1175 684 multabimini,
1209 639 1226 670 ›
1260 618 1582 672 habuissent
1610 636 1741 673 sane
1769 621 1913 690 quod

340 708 666 776 objicercut,
711 710 800 778 qui
851 710 1114 768 Adamum
1167 711 1309 763 inter
1355 711 1812 784 immortalitatem
1849 727 1910 763 ac

345 800 725 860 mortalitatem
769 801 1004 864 medium
1053 802 1205 871 quasi
1262 801 1482 857 faciunt.
1523 804 1588 854 At
1633 817 1754 856 cum
1794 810 1917 871 post

348 892 678 944 creationem
711 892 881 961 ipsius
909 909 1018 946 non
1057 892 1254 963 exiguo
1300 892 1590 960 interiecto
1622 893 1796 961 spatio
1837 895 1916 948 lex

345 980 460 1032 haec
490 984 822 1053 promulgata
854 984 1039 1048 fuerit,
1075 1000 1170 1053 per
1201 1001 1359 1054 quam
1401 1001 1548 1039 mors
1576 986 1918 1041 occasionem

350 1072 613 1128 adversus
651 1091 763 1128 nos
815 1077 1068 1145 arripuit,
1127 1093 1350 1147 prorsus
1389 1078 1479 1132 hic
1528 1077 1776 1132 haesitare
1813 1095 1920 1132 non

345 1165 635 1252 debebant,
670 1167 761 1235 qui
799 1167 1032 1221 Litteras
1081 1185 1264 1224 sacras
1317 1178 1371 1222 et
1427 1179 1634 1223 attente
1678 1186 1774 1223 nec
1804 1171 1922 1225 sine

347 1258 697 1310 convenienti
729 1258 1191 1327 pervestigatione
1243 1275 1300 1313 se
1349 1260 1529 1330 legere
1573 1261 1920 1330 proﬁtentur.

351 1349 516 1415 Igitur
547 1349 616 1402 ab
653 1349 809 1402 initio
849 1365 1030 1404 rerum
1085 1349 1224 1404 Deus
1259 1351 1535 1424 hominem
1571 1352 1623 1404 in
1663 1361 1804 1423 statu
1839 1352 1927 1405 in-

351 1436 545 1489 teritus
591 1445 814 1506 experte
860 1437 1125 1496 condidit.
1188 1441 1288 1492 hoc
1340 1449 1423 1492 est
1477 1439 1838 1500 immortalem
1873 1439 1926 1494 in

349 1537 526 1581 ortum
565 1529 821 1597 produxit
846 1529 912 1584 ad
947 1530 1234 1601 imaginem
1267 1532 1588 1587 aeternitatis
1619 1547 1751 1585 suzc.

417 1620 559 1673 Nihil
603 1620 690 1674 hic
722 1621 1053 1675 dillicultatis
1099 1623 1260 1691 objici
1323 1623 1417 1675 tibi
1458 1624 1680 1692 patitor.
1751 1621 1926 1677 Habes

2015 456 2149 508 γητε
2180 441 2289 494 ἀπὸ
2330 441 2423 494 τοῦ
2467 441 2662 509 φυτοῦ,
2691 441 2910 510 θανάτῳ
2951 441 3334 505 ἀποθανεῖσθε,
3375 461 3394 492 ι
3448 438 3596 512 εἶχον

2015 532 2078 584 ἄν
2109 551 2158 587 τι
2194 535 2289 587 καὶ
2318 534 2499 600 λέγειν
2531 535 2584 586 οἱ
2611 531 2773 600 μέσον
2805 533 2968 586 αὐτὸν
2997 532 3299 594 ἀθανασίας
3328 529 3466 584 εἶναι
3500 531 3596 585 καὶ

2018 623 2342 692 θνητότητος
2377 624 2651 691 λέγοντες.
2696 624 2850 676 Ἐπεὶ
2880 624 2936 674 δὲ
2969 623 3149 692 πολλῷ
3182 625 3319 693 μετὰ
3366 629 3466 692 τὴν
3501 624 3598 680 ain

2019 714 2110 766 τοῦ
2144 717 2486 784 παραγωγὴν
2516 715 2740 786 ὕστερον
2773 716 2973 768 ἐδίδοτο
3005 715 3068 768 τὰ
3100 715 3202 784 τῆς
3235 716 3482 780 ἐντολῆς,
3503 716 3596 781 ἀφ’

2017 798 2086 875 ἧς
2119 806 2227 875 ἄρα
2276 806 2371 860 καὶ
2425 807 2608 876 χώραν
2639 787 2666 860 6
2697 807 2926 869 θάνατος
2965 807 3238 875 ἐλάμϐανε
3282 806 3406 860 καθ’
3438 807 3598 875 ἡμῶν

2021 898 2067 963 (ι
2091 896 2214 950 Ἐάν
2238 898 2346 968 γὰρ
2368 898 2599 968 φάγητε,
2631 916 2648 948 ι
2678 899 2832 968 φησὶ,
2857 917 2873 948 ι
2895 897 3491 968 θανάτῳ-ἀποθανεῖσθε
3522 899 3594 963 ι),

2021 988 2386 1059 ἀμφιδάλλειν
2421 989 2558 1052 ὅλως
2611 990 2711 1042 οὐκ
2763 989 2973 1056 ἔπρεπε
3023 989 3148 1050 τοὺς
3194 988 3597 1057 ἐπερχομένους

2021 1080 2160 1143 τέως
2185 1082 2555 1150 ἐρευνητικῶς
2598 1081 2696 1150 τὴν
2742 1082 2984 1150 Γραφήν.
3020 1079 3242 1134 ’Έκτισε
3301 1081 3398 1148 μὲν
3439 1078 3600 1132 οὖνὸ

2023 1171 2156 1235 Θεὸς
2187 1174 2274 1226 ἐπ’
2309 1173 2587 1241 ἀφθαρσέα
2623 1175 2714 1226 τὸν
2766 1173 3051 1241 ἄνθρωπον
3092 1173 3189 1225 ἀπ’
3214 1171 3408 1240 ἀρχῆς.
3439 1187 3600 1222 τουτ-

2025 1263 2172 1315 ἐστιν
2225 1264 2500 1332 ἄφθαρτον
2536 1265 2735 1320 αὒτεκα
2779 1267 3068 1337 παρήγαγε
3116 1263 3234 1318 κατ’
3270 1263 3453 1324 εἰκόνα
3497 1264 3599 1330 τῆς

2027 1353 2328 1423 ἀῖδιὸτητος
2365 1354 2552 1422 αὑτοῦ.

2111 1623 2271 1675 Ἀλὶά
2300 1623 2372 1692 μὴ
2399 1623 2716 1694 δυσχέραινε
2763 1621 2954 1678 τούτου
3005 1621 3215 1677 ἕνεκεν.
3273 1621 3458 1690 Ἔχεις
3508 1620 3607 1674 τὶν

351 1713 699 1768 Anastasium
725 1714 1018 1777 Sinaitem,
1069 1715 1244 1768 virum
1273 1716 1540 1781 divinum,
1583 1716 1672 1784 qui
1710 1716 1763 1769 in
1806 1733 1926 1770 ora-

2041 1715 2285 1783 Σιναῖτην
2315 1714 2458 1767 θεῖον
2505 1717 2856 1770 Ἀναστάσιον
2897 1719 2955 1769 ἐν
2984 1714 3061 1785 τῷ
3104 1715 3228 1782 περὶ
3260 1713 3604 1775 ἀναστάσεως

354 1804 498 1858 tione
520 1820 616 1859 sua
651 1807 716 1860 de
748 1807 1169 1861 Resurrectione
1233 1807 1313 1861 sic
1364 1808 1578 1875 inquit:
1617 1827 1635 1858 ι
1673 1807 1926 1862 Condidit

352 1893 627 1950 hominem
664 1897 825 1962 Deus,
863 1907 916 1952 et
955 1899 1173 1967 quidem
1211 1898 1302 1951 Dei
1342 1897 1406 1950 ad
1454 1898 1744 1965 imaginem
1798 1913 1925 1950 eum

349 1985 608 2040 condidit.
648 1987 770 2041 Haec
793 1987 966 2057 prima
1001 1987 1098 2040 t‘uit
1133 1988 1358 2044 creatio.
1398 1988 1648 2057 simplex,
1712 1988 1925 2041 nullum

349 2077 585 2145 coniugii
610 2077 884 2130 vinculum
919 2079 1149 2142 habens,
1171 2079 1426 2132 interitus
1448 2093 1644 2147 expers
1678 2097 1694 2129 ι
1725 2077 1926 2143 Quodsi

352 2165 522 2233 prima
579 2169 780 2221 creatio
812 2169 973 2223 fuerit
1004 2184 1198 2238 expers
1233 2170 1507 2234 interitus,
1569 2170 1927 2237 quemadmo—

351 2260 478 2309 dum
511 2267 731 2312 sanctus
771 2259 858 2313 hic
900 2260 981 2312 vir
1025 2260 1122 2323 ait,
1183 2259 1311 2328 quid
1369 2259 1435 2312 de
1486 2257 1708 2312 homine
1753 2258 1930 2327 primo

352 2349 633 2402 dicemus?
703 2349 962 2402 nimirum
1021 2350 1160 2402 Deus
1211 2366 1335 2404 eum
1412 2349 1596 2404 statim
1653 2350 1719 2402 ab
1776 2349 1932 2402 initio

353 2452 626 2510 expertem
666 2441 918 2496 interitus
951 2442 1195 2496 candidit
1245 2452 1294 2496 et
1334 2442 1478 2496 dono
1511 2441 1932 2496 immortalitatis

354 2532 588 2584 ornavit.
619 2529 749 2596 Quae
776 2531 993 2599 quidem
1023 2533 1187 2587 verba
1215 2547 1558 2601 nequaquam
1607 2546 1726 2585 mea
1781 2539 1930 2594 sunt,

354 2623 448 2677 sed
493 2624 574 2676 vir
607 2624 840 2678 eximius
872 2624 1118 2677 Andreas
1143 2625 1372 2686 antistes
1418 2624 1693 2677 Cretensis
1725 2625 1777 2676 in
1813 2639 1936 2676 ora-

356 2715 501 2768 tione
527 2731 624 2769 sua
657 2714 730 2769 De
763 2716 826 2768 iis
851 2716 942 2785 qui
990 2715 1406 2770 obdounierunt
1451 2715 1506 2769 in
1538 2715 1680 2768 hunc
1715 2714 1931 2769 modum

358 2807 640 2875 loquitur:
682 2824 701 2858 ι
741 2807 874 2861 Cum
915 2807 1190 2861 hominem
1226 2815 1466 2862 creasset
1495 2807 1658 2873 Deus,
1716 2810 1820 2864 hoc
1883 2808 1932 2864 ei

357 2899 632 2968 dignitatis
660 2901 886 2974 largitus
922 2909 1006 2954 est
1039 2908 1098 2954 ut
1151 2909 1298 2955 esset
1351 2901 1623 2968 particeps
1683 2901 1931 2965 rationis,

359 2993 693 3064 intelligendi
725 2993 980 3048 facultate
1003 2994 1282 3063 praeditus,
1310 2992 1654 3061 immortalis,
1682 2994 1937 3049 interitus

357 3102 569 3156 expers.
606 3105 624 3138 ι
679 3087 884 3154 Quodsi
928 3086 1246 3156 dignitatem
1309 3089 1447 3144 hanc
1510 3088 1935 3142 immortalitatis

356 3181 564 3234 homini
598 3180 738 3235 Deus
766 3181 1056 3246 concessit,
1091 3181 1180 3250 qui
1217 3183 1334 3235 lieri
1365 3189 1564 3250 potest;
1594 3190 1654 3234 ut
1681 3179 1934 3234 eumdem

356 3272 558 3339 pariter
591 3281 646 3330 et
697 3271 980 3325 mortalem
1037 3279 1092 3325 et
1120 3271 1484 3325 immortalem
1517 3270 1784 3336 dicamus,
1853 3269 1940 3324 vel

355 3361 650 3415 obnoxium
682 3361 922 3414 interitui
954 3361 1157 3430 pariter
1199 3371 1256 3416 et
1305 3361 1555 3416 interitus
1617 3363 1942 3430 expertem?

360 3463 546 3529 nequit
568 3462 669 3514 hoc
700 3475 920 3529 prorsus
955 3474 1073 3514 mea
1101 3460 1317 3528 quidem
1347 3461 1601 3528 opinione
1636 3457 1942 3514 ﬁeri.'Nant

362 3556 524 3610 morti
553 3555 634 3608 vel
686 3553 928 3608 interitui
962 3554 1204 3624 subjecta
1240 3554 1481 3610 conditio
1515 3555 1698 3610 tribui.

429 3647 537 3717 87
572 3645 1023 3700 Enimveroscire
1076 3645 1295 3714 quidem
1359 3661 1576 3715 nequeo
1635 3647 1832 3716 quibus
1888 3647 1941 3701 hi

364 3741 543 3793 causis
569 3738 800 3808 permoti
831 3752 940 3791 non
975 3737 1136 3791 modo
1161 3752 1269 3790 non
1314 3738 1591 3792 miscenda
1653 3739 1941 3804 misceant,

363 3849 484 3886 cum
513 3833 702 3886 Adami
732 3847 931 3900 corpus
967 3830 1146 3884 medio
1199 3830 1343 3884 inter
1385 3830 1846 3885 immortalitatem
1880 3846 1942 3884 ac

365 3925 748 3979 mortalitatem
781 3924 897 3976 loco
916 3923 1282 3986 constituunt,
1345 3922 1438 3976 sed
1465 3922 1627 3976 etiam
1672 3923 1944 3976 naturales

364 4018 678 4072 aitet-tiones
712 4026 874 4085 atque
909 4017 1128 4069 morbos
1167 4017 1216 4068 ei
1267 4014 1507 4068 tribuere
1559 4029 1668 4067 non
1721 4030 1949 4068 verean-

368 4125 474 4172 tur,
507 4112 596 4180 qui
627 4121 754 4164 ante
810 4120 1093 4178 peccaturo
1152 4116 1261 4160 tam
1331 4106 1545 4160 illarum
1596 4105 1942 4160 all'ectionum

365 4215 526 4268 quam
561 4200 814 4252 interitus
861 4212 1058 4272 expers
1093 4204 1234 4258 erat,
1280 4206 1334 4249 et
1377 4195 1600 4264 quidem
1642 4196 1946 4264 hoc;ipsum

368 4297 503 4344 citra
543 4290 1072 4343 demonstrationem
1125 4288 1361 4356 aliquam
1420 4304 1449 4341 e
1497 4289 1672 4342 sacris
1726 4289 1946 4356 petitam

2032 1805 2172 1874 λόγῳ
2201 1805 2362 1858 αὑτοῦ
2398 1807 2521 1877 περὶ
2547 1807 2752 1859 τούτων
2782 1805 2923 1858 οὕτω
2945 1805 3170 1871 λέγοντα
3189 1821 3202 1836 ·
3242 1823 3259 1854 ι
3297 1803 3406 1856 Καὶ
3425 1804 3610 1872 ἐποίη-

2033 1911 2090 1946 σε
2121 1900 2209 1944 τὴν
2243 1893 2531 1963 ἄνθρωπον
2562 1895 2590 1946 6
2616 1894 2746 1954 Θεός
2771 1911 2784 1925 ·
2811 1895 2932 1946 κατ’
2963 1892 3149 1945 εἰκόνα
3182 1892 3314 1944 Θεοῦ
3351 1892 3608 1960 ἐποίησεν

2030 1984 2212 2038 αὑτόν.
2256 1985 2450 2054 Πρώτη
2478 1985 2694 2053 ποίησις
2739 1983 2877 2054 αὕτη
2941 1983 3110 2052 ἀτελῆ,
3139 1984 3361 2049 ἄζυγος,
3393 1983 3612 2051 6390:19-

2031 2091 2141 2136 τος.
2191 2095 2208 2126 ι
2242 2075 2413 2141 Εἴπερ
2444 2070 2536 2126 οὖν
2579 2076 2612 2143 ἡ
2645 2075 2837 2144 πρώτη
2863 2075 3082 2143 ποίησις
3111 2075 3390 2145 ἄφθαρτος
3420 2070 3508 2144 ἦν,
3533 2072 3608 2136 ὡς

2031 2168 2058 2220 6
2093 2167 2411 2237 διαληφθεὶς
2435 2163 2587 2230 οὗτος
2610 2169 2712 2237 ἔφη
2750 2169 2889 2231 θεῖος
2915 2169 3075 2239 ἀνὴρ,
3109 2167 3236 2237 περὶ
3274 2166 3366 2219 τοῦ
3391 2165 3609 2232 πρώτου

2033 2259 2242 2314 ἐκείνου
2268 2259 2321 2310 τι
2353 2258 2458 2328 χρὴ
2479 2260 2570 2312 καὶ
2602 2260 2780 2327 λέγειν
2813 2257 3100 2328 ἀνθρώπου
3123 2276 3138 2323 ;
3163 2256 3476 2326 ’Λφθαρτον
3514 2254 3613 2322 μὲν

2033 2352 2139 2420 γάρ
2168 2351 2328 2404 αὐτὸν
2353 2355 2380 2403 6
2405 2351 2537 2412 Θεὸς
2568 2351 2770 2405 αὐτίκα
2803 2352 3148 2421 παρήγαγεν,
3184 2349 3259 2412 ὡς
3293 2349 3394 2418 ἤδη
3427 2346 3612 2417 προεί-

2037 2460 2218 2513 ρηται,
2250 2444 2345 2496 καὶ
2373 2443 2645 2514 ἀθανασία
2676 2444 2966 2514 τετίμηκε.
3010 2444 3116 2498 Καὶ
3149 2443 3250 2502 οὐκ
3281 2443 3388 2511 ὲμῇι
3416 2440 3480 2492 τά,
3514 2441 3608 2510 ρή-

2039 2553 2202 2601 ματα.
2253 2536 2312 2588 '0
2345 2534 2618 2600 θειότατος
2690 2537 2947 2606 ’Λεαδρέας
2989 2537 3016 2588 6
3048 2535 3273 2604 Κρήτης
3320 2537 3375 2584 ἐν
3427 2533 3502 2602 τῷ
3536 2533 3615 2592 εἰς

2036 2626 2403 2694 κοιμηθέντας
2427 2626 2573 2697 λόγῳ
2599 2627 2762 2704 αὐτοῦ
2799 2628 2928 2696 περὶ
2949 2625 3154 2679 τούτων
3188 2624 3360 2686 οὕτως
3388 2622 3617 2694 εὕρηται

2036 2715 2210 2782 λέγων
2232 2732 2246 2746 ·
2285 2737 2303 2769 ‹
2348 2718 2568 2782 Πλάσις
2595 2721 2622 2772 6
2659 2720 2791 2783 Θεὸς
2817 2719 2908 2772 τὸν
2940 2718 3248 2788 ἄνθρωπον,
3291 2717 3504 2781 ἀξίωμα
3531 2715 3616 2766 δέ·

2037 2809 2207 2862 δωκεν
2240 2809 2388 2880 αὐτῷ
2422 2811 2482 2863 τδ
2510 2811 2728 2876 λογικόν
2764 2828 2824 2862 τε
2869 2810 2964 2863 καὶ
2996 2811 3180 2880 νοερὸν
3215 2811 3308 2861 καὶ
3349 2808 3614 2861 ἀθάνατον

2038 2903 2134 2955 καὶ
2159 2901 2487 2972 ἀνώλεθρον.
2527 2923 2545 2955 ι
2582 2904 2755 2973 Εἴπερ
2795 2901 2888 2956 οὖν
2918 2903 3135 2972 ἀξίωμα
3169 2903 3365 2956 δέδςοκε
3410 2901 3487 2969 τῷ
3519 2903 3613 2952 ἀν-

2040 2992 2244 3062 θρώπῳ
2265 2993 2324 3046 τὸ
2353 2993 2626 3047 ἀθάνατον
2661 2997 2688 3048 6
2707 2995 2861 3060 Θεὸς,
2888 2995 3001 3058 πῶς
3026 2994 3214 3046 λοιπὸν
3235 2993 3396 3046 αὑτὸν
3425 2994 3620 3058 θνητὸν

2045 3087 2139 3139 καὶ
2163 3078 2719 3158 ἀθάνατονέἶπωμεν,
2742 3088 2772 3158 ἦ
2807 3088 3047 3159 φθαρτὸν
3065 3087 3265 3156 ὁμοίως
3288 3086 3380 3139 καὶ
3409 3084 3619 3153 ἄφθαρ-

2048 3196 2173 3245 τον;
2209 3180 2572 3246 Ἀνένδεκτον,
2593 3183 2669 3244 ὡς
2696 3179 2872 3251 οἶμαι,
2895 3182 3050 3235 τοῦτο
3082 3183 3172 3234 καὶ
3195 3180 3314 3232 λίαν
3342 3180 3506 3240 ἐστὶν,
3534 3180 3618 3230 ὃτι

2055 3271 2187 3341 μηδὲ
2231 3273 2496 3342 προσήκει
2551 3271 2629 3340 τῷ
2681 3272 2933 3342 ἀθανάτῳ
2977 3272 3072 3324 καὶ
3122 3268 3414 3340 άνωλέθρῳ
3447 3284 3616 3339 προσ.

2053 3363 2244 3417 ἅπτειν
2273 3363 2408 3422 ὅλως
2439 3363 2500 3416 τὸ
2534 3363 2726 3432 θνητὸν
2753 3366 2843 3418 καὶ
2874 3363 3151 3433 ἄφθαρτον

1994 3458 2288 3516 immortali
2329 3473 2384 3516 et
2435 3462 2686 3516 interitus
2715 3461 2926 3531 experti
2958 3474 3295 3530 nequaquam
3328 3465 3506 3528 potest
3541 3459 3622 3513 vel

2137 3641 2298 3696 Ἀλλά
2335 3642 2444 3712 γάρ
2472 3643 2570 3694 οὐκ
2623 3638 2741 3696 οἶδα
2785 3641 2945 3694 πόθεν
2989 3641 3186 3694 ἐκεῖνοι
3238 3639 3490 3704 λαόάντες
3525 3640 3622 3705 τάς

2044 3736 2303 3806 ἀφορμὰς
2362 3736 2422 3787 οὐ
2488 3735 2554 3788 τά
2611 3735 2820 3803 ἄμικτα
2873 3733 3161 3803 μιγνύουσι
3219 3732 3402 3802 μόνον,
3460 3732 3624 3802 ἡνίκα

2044 3828 2246 3896 δηλαδὴ
2281 3827 2342 3880 τὸ
2385 3825 2543 3896 σῶμα
2569 3825 2661 3878 τοῦ
2700 3813 2888 3895 ’Λδαμί
2918 3828 3096 3878 ὲκεῖκο
3124 3826 3286 3894 μέσον
3322 3825 3624 3886 ἀθανασίας

2046 3917 2187 3974 εἶναι
2217 3920 2311 3972 καὶ
2365 3919 2692 3987 θνητὸτητος
2720 3917 2993 3984 λέγουσιν.
3041 3917 3177 3970 ἀλλὰ
3211 3919 3304 3969 καὶ
3338 3917 3484 3980 πάθη
3519 3933 3624 3983 φυ-

2050 4012 2178 4064 σικὰ
2227 4010 2304 4080 τῷ
2339 4010 2445 4080 πρὸ
2485 4011 2585 4077 τῆς
2644 4009 2922 4078 ἁμαρτίας
2981 4009 3183 4060 ἀπαθεῖ
3235 4009 3331 4085 καὶ
3362 4008 3625 4077 ἀφθάρτῳ

2053 4102 2390 4172 προσάπτειν
2424 4101 2484 4152 οὐ
2516 4099 2934 4170 παραιτοῦνται,
2961 4101 3055 4150 καὶ
3089 4097 3260 4152 ταῦτα
3293 4099 3459 4167 χωρὶς
3493 4100 3632 4151 ἀπο-

2053 4193 2274 4256 δείξεως
2316 4192 2616 4262 γραφικῆς.
2683 4191 2845 4245 Ἀ).λά
2880 4190 2954 4262 μὴ
2986 4190 3150 4243 δέδιθι
3182 4190 3372 4243 τούτου
3417 4190 3625 4244 ἕνεκεν.

2059 4287 2181 4338 Ὀτι
2210 4286 2306 4352 μὲν
2345 4289 2452 4354 γὰρ
2486 4289 2514 4338 6
2545 4285 2668 4338 κατ’
2717 4285 2901 4338 εἰκόνα
2948 4284 3084 4337 Θεοῦ
3119 4285 3376 4353 τοιαύτης
3417 4284 3628 4354 ὑπῆρχε

369 4381 586 4437 Litteris
612 4380 830 4434 faciant.
863 4379 1208 4448 Quapropter
1232 4380 1370 4433 nihil
1405 4380 1490 4433 hic
1523 4381 1616 4434 tibi
1653 4380 1937 4434 verendum

2057 4376 2270 4444 φύσεως
2295 4375 2390 4429 ἀπ’
2423 4378 2616 4446 ἀρχῆς,
2670 4376 2950 4444 ἀφθάρτου
2973 4375 3174 4445 δηλαδὴ
3208 4376 3299 4428 καὶ
3336 4375 3634 4440 ἀθανάτου,

369 4481 471 4527 est.
509 4472 637 4525 Nam
669 4473 943 4544 hominem
974 4472 1036 4524 ad
1069 4471 1358 4540 imaginem
1397 4471 1486 4526 Dei
1520 4472 1802 4526 conditum
1859 4475 1952 4529 tali

371 4569 439 4622 ab
487 4567 642 4620 initio
693 4576 887 4620 natura
941 4564 1224 4634 praeditum
1267 4565 1458 4626 fuisse,
1525 4565 1782 4618 nimirum
1856 4565 1958 4618 im-

373 4663 583 4716 mortali
617 4669 670 4715 et
708 4662 960 4715 interitus
999 4669 1248 4727 experte,
1303 4673 1367 4710 ac
1430 4667 1693 4726 praeterea
1756 4672 1958 4726 corpus

373 4755 504 4809 illud
546 4755 734 4807 Adami
787 4754 937 4807 nullo
1009 4753 1170 4807 modo
1221 4751 1311 4804 ulli
1376 4749 1613 4819 passioni
1659 4738 1956 4801 obnbxium

378 4849 564 4913 luisse,
601 4862 763 4916 supra
826 4847 1108 4901 interitum
1176 4847 1387 4902 scilicet
1423 4857 1640 4896 omnem
1698 4841 1954 4909 positum,

375 4938 614 4992 Joannes
645 4938 734 4990 ille
769 4947 958 4991 noster
987 4937 1414 5008 Cbrysostomus
1475 4942 1530 4988 et
1594 4931 1856 5001 prolixius
1903 4940 1962 4984 et

379 5031 579 5084 clarius
615 5041 666 5083 te
694 5030 927 5083 docebit.
962 5029 1173 5083 Etenim
1229 5029 1381 5082 l'uere
1441 5025 1685 5079 nonnulli
1741 5033 1847 5076 tam
1904 5023 1956 5076 in

385 5125 486 5174 hoc
525 5136 750 5188 corpore
775 5120 1017 5174 interitui
1041 5122 1280 5176 obnoxio
1311 5119 1586 5188 carpendo
1618 5127 1672 5171 et
1693 5115 1960 5170 elevando

383 5213 673 5275 acet‘bi,ut
706 5213 868 5265 etiam
941 5213 1224 5283 indignum
1274 5212 1523 5266 dicereut
1580 5207 1724 5278 quod
1765 5223 1793 5259 a
1851 5207 1960 5260 Deo

381 5308 658 5363 conditum
689 5307 1051 5362 existimetur.
1087 5306 1143 5360 Si
1191 5307 1531 5376 tigmcutum,
1567 5303 1806 5369 aiebant,
1850 5317 1962 5356 ma-

382 5417 552 5456 numn
588 5399 680 5454 Dei
716 5400 880 5464 foret,
913 5416 1017 5455 non
1046 5408 1126 5454 tot
1167 5399 1400 5452 miseriis
1424 5406 1478 5452 et
1507 5395 1766 5451 :erumnis
1818 5405 1962 5450 esset

383 5493 699 5548 obnoxium.
727 5492 1002 5547 Adversus
1033 5492 1132 5545 hos
1160 5490 1248 5544 ille
1278 5490 1329 5542 in
1367 5489 1515 5543 hunc
1544 5489 1763 5542 modum
1792 5488 1962 5542 disse-

387 5587 502 5640 rit:
543 5605 561 5639 ι
596 5585 767 5642 Nemo
814 5585 946 5641 tnihi
1011 5584 1286 5640 hominem
1360 5581 1509 5636 hunc
1574 5581 1816 5654 obiiciat,
1869 5579 1958 5648 qui

388 5677 634 5745 olfendit,
671 5679 763 5749 qui
792 5677 1189 5734 condemnatus
1214 5681 1316 5741 cst,
1351 5672 1441 5744 qui
1473 5671 1699 5729 allectus
1733 5670 1964 5743 ignomi-

2060 4468 2152 4518 καὶ
2183 4467 2263 4518 ὅτι
2299 4467 2358 4519 τὸ
2393 4467 2552 4534 σῶμα
2583 4465 2675 4517 τοῦ
2715 4465 2887 4534 ’Λδάμ
2917 4467 3092 4516 ἐκεῖνο
3127 4465 3249 4517 καθ’
3281 4459 3393 4517 οἷον
3418 4465 3480 4535 δή
3510 4482 3629 4518 τινα

2058 4561 2261 4629 τρόπον
2288 4560 2386 4612 οῦκ
2427 4560 2656 4627 ἔπασχε,
2694 4559 2898 4627 φθορᾶς
2957 4559 3177 4627 ἁπάσης
3211 4559 3510 4628 ὑπέρτερον
3548 4557 3630 4622 ὃν,

2058 4655 2086 4704 6
2116 4651 2517 4721 χρυσορέήμων
2561 4651 2814 4719 Ἰωάννης
2846 4650 2936 4701 ἐπὶ
2968 4651 3126 4702 πλέον
3148 4650 3345 4713 διδάξει
3377 4667 3434 4702 σε
3459 4654 3632 4717 σαφέ-

2063 4759 2251 4812 στερον
2296 4745 2392 4794 ἀτε
2425 4742 2487 4812 δὴ
2541 4742 2630 4793 τὸν
2663 4743 2790 4812 π-ρὶ
2840 4741 3031 4793 τούτου
3088 4740 3244 4808 λόγον
3270 4744 3324 4794 ἐν
3365 4744 3430 4811 τῇ
3466 4741 3633 4811 βίϐλῳ

2061 4835 2167 4888 τῶν
2199 4834 2531 4910 ἀνδριάντων
2573 4834 2918 4902 ποιούμενος.
2991 4833 3209 4903 Ἐπειδὴ
3245 4836 3352 4903 γάρ
3378 4835 3438 4886 τδ
3473 4834 3632 4900 σῶμα

2060 4926 2218 4979 τοῦτο
2247 4928 2484 4996 φθαρτῖΝ
2507 4925 2861 4994 διασύραντες
2891 4922 3031 4995 ἦσαν
3061 4927 3151 4976 ἐπὶ
3178 4924 3430 4978 τοσοῦτόν
3461 4941 3630 4989 τινες,

2061 5019 2201 5072 ὥστε
2261 5019 2354 5072 καὶ
2404 5019 2618 5083 ἀνάξιον
2669 5019 2802 5071 αὐτὸ
2835 5019 2932 5088 τῆς
2958 5016 3052 5070 τοῦ
3083 5016 3219 5070 Θεοῦ
3271 5016 3634 5086 δημιουργίας

2061 5114 2358 5167 ἀποκαλεῖν
2385 5115 2400 5180 (
2425 5114 2607 5179 ἔλεγον
2631 5113 2738 5183 γάρ
2775 5112 2846 5173 ὡς
2902 5111 3016 5176 εἴγε
3051 5109 3280 5179 πλάσμα
3330 5108 3438 5160 τῶν
3473 5107 3636 5160 θείων

2064 5206 2278 5276 ὑπῆρχε
2314 5206 2536 5275 χειρῶν,
2570 5205 2670 5258 οὐκ
2704 5205 2769 5257 ἂν
2800 5203 2940 5255 οὕτω
2999 5201 3212 5271 μυρίοις
3252 5201 3509 5252 ὑπέκειτο
3533 5198 3636 5250 τιά-

2064 5297 2241 5367 θεσι),
2271 5298 2496 5350 τοιοῖσδε
2533 5296 2668 5365 προς
2709 5295 2906 5356 αὐτοὺς
2940 5295 3118 5360 λόγοις
3156 5295 3460 5362 ἐχρήσατο·
3498 5309 3516 5342 ι
3543 5290 3635 5360 Μή

2069 5407 2157 5458 μοι
2183 5392 2274 5442 τὸν
2308 5389 2596 5459 ἄνθρωπον
2646 5386 2857 5439 τουτονὶ
2909 5385 3114 5452 λεγέτω
3147 5401 3229 5446 τις
3283 5388 3370 5435 τὸν
3411 5397 3640 5451 προτκεο

2067 5484 2361 5552 κρουκότα,
2421 5482 2510 5532 τὸν
2568 5477 3062 5536 καταδικασθέντα,
3121 5477 3209 5527 τὸν
3266 5472 3634 5544 ἠτιμωμένον,

2067 5574 2185 5628 ἀλλ’
2211 5574 2259 5624 εἰ
2293 5571 2547 5642 βούλεσθε
2591 5570 2806 5639 μαθεῖν.
2846 5572 3030 5624 ὁποῖον
3059 5568 3116 5631 ἐξ
3147 5567 3319 5636 ἀρχῆς
3355 5564 3554 5616 ἔπλασε
3582 5561 3644 5614 τὸ

2070 5669 2228 5737 σῶμα
2277 5665 2431 5737 ἡμῶν
2466 5667 2493 5718 6
2527 5665 2682 5730 Θεὶς,
2736 5666 2828 5717 ἐπὶ
2880 5665 2971 5718 τὸν
3017 5662 3343 5734 παράδεισον
3398 5657 3642 5726 ἔλθωμεν
