4062 6186
326 261 410 329 181

1554 245 1992 334 ἈΝΝᾹωυΜ
2035 273 2228 336 mas
2273 276 2320 338 ι.

3469 280 3572 348 182

320 378 530 435 καὶτὸν
568 377 630 444 ἐξ
681 379 854 450 ἀρχῆς
891 380 1189 450 γενόμενον
1229 381 1522 454 ἄνθρωπον
1549 385 1770 455 ἴδωμεν.
1824 389 1898 442 Οὐ

2021 393 2096 444 tia
2129 410 2142 445 :
2182 393 2275 446 sed
2306 393 2571 462 siquidem
2609 396 2748 452 scire
2777 396 2940 452 vultis
2991 398 3282 469 qualenam
3322 400 3388 454 ab
3435 399 3590 460 initio

317 473 418 541 γάρ
449 470 626 534 οὕτως
651 472 712 523 τὸ
759 472 919 541 σῶμα
945 474 1118 524 ἐκεῖνο
1141 473 1378 543 φθαρτὸν
1397 476 1488 528 καὶ
1517 477 1782 546 ἐπίκηρον
1807 473 1894 547 ἦν,

316 563 446 618 όλλά
480 562 737 632 καθάπερ
757 580 840 626 τις
863 562 1100 632 χρυσοῦς
1131 563 1354 633 ἀνδριάς
1389 564 1498 618 άπὸ
1527 583 1770 635 χωνευτη
1783 566 1898 635 ρίου

319 654 597 724 προελθὼν
642 655 770 725 ἄρτι
825 655 922 708 καὶ
977 654 1251 724 λαμπρῶς
1301 656 1671 719 ἀποστίλϐων,
1723 657 1900 718 οὕτως

319 747 495 816 nisi],
540 745 749 816 φθορᾶς
771 746 834 798 τδ
867 745 1028 814 σῶμα
1070 749 1248 801 ἐκεῖνο
1282 747 1623 815 ἀπήλλακτο,
1656 748 1752 802 καὶ
1777 747 1901 802 οὔτε

320 836 477 898 πόνος
511 835 766 906 ἠνώχλει,
795 837 924 890 οὕτε
949 837 1116 907 ἱδρὼς
1151 839 1498 908 ἐλυμαίνετο,
1521 840 1583 892 οὐ
1621 839 1904 909 φροντίδες

321 931 700 996 ἐπεϐούλευον,
731 933 834 985 οὐκ
861 932 1094 1000 ἀθυμίαι
1127 932 1505 1003 ἐπολιόρκουν,
1531 934 1592 986 οὗ
1619 933 1814 1003 ῥύπος,
1841 932 1902 985 οὐ

321 1025 579 1093 δάκρυον,
619 1024 733 1076 οὐδ’
773 1024 904 1076 ἄλλο
941 1041 994 1077 τι
1027 1024 1135 1077 τῶν
1171 1025 1435 1078 τοιούτων
1465 1024 1656 1078 ἐλύπει
1689 1025 1900 1079 παθῶν.

336 1113 472 1165 Ἀλλ’
506 1114 700 1184 ἐπειδὴ
731 1114 872 1184 πρὸς
906 1114 1000 1167 τόν
1027 1115 1331 1185 εὐεργέτην
1369 1115 1648 1185 ἐξύϐρισε,
1681 1115 1815 1176 Θεός
1846 1132 1905 1168 τε

323 1206 576 1272 γενέσθαι
602 1207 823 1276 ἦλπισε,
843 1209 940 1260 καὶ
966 1206 1144 1276 μείζω
1171 1207 1270 1278 τῆς
1299 1208 1507 1271 οἰκείας
1530 1209 1689 1272 ἀξίας
1714 1209 1908 1262 ἔλαϐεν

323 1299 552 1362 ἔννοιαν,
608 1302 730 1353 τότε
777 1301 867 1370 δὴ,
907 1299 1030 1356 τότε
1067 1301 1426 1373 σωφρονίζων
1478 1303 1644 1356 αὑτὸν
1694 1305 1722 1357 ὁ
1779 1305 1907 1368 Θεὸς

324 1391 568 1460 φθαρτδν
587 1392 752 1445 αὑτὸν
775 1392 1004 1464 ἐποίησε
1038 1394 1132 1446 καὶ
1158 1393 1378 1464 θνητὸν,
1412 1395 1508 1448 καὶ
1537 1398 1655 1458 ταῖς
1687 1395 1922 1458 πολλαῖς.

322 1483 552 1548 ταύταις
612 1485 884 1552 ἀνάγκαις
946 1486 1238 1555 κατέδησε.
1280 1503 1300 1538 ι
1369 1485 1554 1540 Ταῦτα
1604 1485 1706 1555 μὲν
1761 1485 1856 1540 οὖν
1885 1489 1912 1540 ὁ

325 1577 605 1639 θειότατος
645 1577 920 1648 Ἰωάννης.
961 1577 1081 1646 Ἐφ’
1113 1570 1157 1646 ᾧ
1197 1580 1291 1632 καὶ
1331 1576 1612 1648 ἄφθαρτον
1646 1579 1824 1631 ἐκεῖνο
1853 1577 1912 1630 τὸ

327 1668 485 1737 σῶμα
514 1667 743 1730 δικαίως
788 1669 817 1720 6
846 1669 1007 1738 λόγος
1039 1668 1270 1722 ἐκάλεσε
1291 1685 1307 1701 ο
1370 1667 1433 1722 τὸ
1463 1667 1569 1736 γὰρ
1599 1667 1686 1738 οἵα
1716 1668 1781 1738 δή
1804 1685 1914 1724 τινι

325 1760 502 1830 φθορᾷ
565 1759 643 1829 μὴ
705 1759 1068 1832 ὑποκείμενον
1128 1760 1409 1832 ἄφθαρτον
1465 1758 1918 1831 ὁμολογουμένως

325 1852 500 1907 ἐστίν.

2003 497 2200 549 corpus
2233 483 2388 536 nobis
2431 484 2571 538 Deus
2611 485 2953 553 formaverit,
3015 488 3080 542 ad
3116 488 3426 558 paradisum
3466 504 3590 540 nos-

2004 580 2114 626 met
2141 572 2492 632 conferamus
2524 584 2577 628 et
2629 577 2909 631 hominum
2966 579 3115 633 illum
3171 575 3474 650 principem
3513 578 3596 631 in-

2010 675 2280 720 tueamur.
2307 669 2417 723 Nec
2462 669 2607 724 enim
2641 687 2838 740 corpus
2898 673 3068 742 ipsius
3117 673 3364 727 interitui
3421 672 3595 726 obno-

2005 758 2149 813 xium
2177 769 2231 814 et
2255 761 2522 826 caducum
2554 772 2692 828 erat,
2721 765 2816 819 sed
2847 765 3020 820 instar
3048 781 3230 820 aureae
3276 773 3470 818 statuae
3499 778 3586 816 re-

2005 865 2137 904 cens
2167 851 2376 904 educta:
2417 852 2486 906 de
2520 853 2740 908 fornace
2776 854 3111 924 miriﬁceque
3158 853 3494 924 splendentis
3528 852 3596 906 ab

2007 938 2156 992 omni
2193 954 2394 1009 corpus
2422 934 2554 994 illud
2581 942 2802 996 interitu
2854 953 2974 998 erat
3017 945 3280 998 immune.
3345 943 3464 998 Non
3519 941 3597 994 illi

2010 1030 2272 1084 molestus
2303 1039 2423 1085 erat
2453 1031 2608 1086 labor
2644 1033 2806 1098 ullus,
2838 1051 2949 1090 non
2971 1050 3001 1088 a
3024 1038 3223 1090 sudore
3273 1036 3594 1095 laedebatur,

2010 1135 2118 1174 non
2156 1120 2558 1176 insidiabantur
2610 1124 2659 1177 ei
2697 1140 2864 1190 cura},
2928 1139 3036 1179 non
3098 1141 3362 1181 numeres
3417 1127 3596 1196 ipsttm

2010 1214 2419 1283 oppugnabant,
2457 1230 2566 1269 non
2603 1218 2818 1282 sordes,
2852 1232 2962 1271 non
2995 1217 3275 1287 lacrymas,
3306 1219 3415 1270 non
3452 1217 3598 1271 aliud

2011 1304 2308 1374 quidquam
2345 1304 2616 1374 ejusmodi
2677 1305 3028 1361 aﬂ‘ectionum
3079 1307 3333 1361 vexabat.
3402 1305 3602 1360 Verum

2015 1405 2365 1466 posteaquam
2390 1397 2658 1453 adversus
2686 1399 2993 1454 beneﬁcum
3024 1415 3149 1471 erga
3173 1417 3233 1456 se
3264 1399 3432 1462 Deum
3453 1408 3599 1469 petu-

2015 1485 2190 1540 lanter
2225 1489 2417 1558 gessit,
2447 1498 2502 1544 et
2539 1490 2708 1544 Deum
2773 1505 2832 1545 se
2883 1507 3175 1546 evasurum
3233 1492 3492 1559 speravit,
3553 1500 3608 1544 et

2017 1579 2222 1648 majora
2253 1595 2414 1649 quam
2449 1581 2621 1651 ipsius
2649 1581 3078 1653 dignitasferret
3106 1584 3291 1637 animo
3329 1583 3618 1651 c0ncepit.’

2022 1676 2136 1721 tum
2171 1684 2302 1726 vero
2338 1673 2619 1745 castigans
2669 1689 2796 1730 eum
2838 1675 2984 1729 Deus
3025 1674 3277 1729 interitui
3333 1675 3608 1742 mortique

2025 1762 2264 1817 reddidit
2296 1765 2628 1832 obnoxium,
2661 1783 2726 1823 ac
2770 1768 2941 1828 variis
2987 1767 3141 1826 hisce
3181 1765 3608 1822 necessitatibus

2023 1854 2371 1910 adstrinxit.»
2432 1857 2559 1913 llaec
2590 1860 2832 1914 hominis
2879 1861 3026 1915 illius
3058 1859 3229 1914 divini
3260 1858 3424 1915 verba
3461 1867 3609 1920 sunt,

325 1964 557 2018 quorum
592 1950 924 2006 auctoritate
959 1950 1005 2007 si
1039 1965 1240 2021 corpus
1271 1950 1468 2007 Adami
1501 1951 1753 2008 dicamus
1779 1951 2041 2008 interitus
2075 1969 2272 2025 expers
2302 1956 2494 2023 fuisse,
2533 1967 2680 2013 recte
2732 1959 2788 2014 id
2848 1959 3070 2030 quidem
3133 1957 3330 2014 facturi
3387 1971 3610 2014 sumus:

326 2061 451 2100 nam
486 2047 632 2115 quod
670 2045 805 2101 nulli
831 2047 1142 2118 subjectum
1167 2048 1548 2113 estinteritui,
1581 2048 1728 2104 haud
1753 2047 1923 2104 dubie
1958 2049 2238 2105 latendum
2275 2060 2358 2106 est
2394 2051 2656 2108 interitus
2693 2068 2892 2124 expers
2921 2068 3065 2108 esse.

393 2145 456 2195 Εἰ
488 2143 546 2196 δὲ
575 2143 880 2215 ἄφθαρτον,
907 2143 1026 2208 πῶς
1049 2144 1159 2214 ἄρα
1185 2145 1280 2197 καὶ
1306 2143 1430 2198 τίνα
1456 2144 1659 2215 τρόπον
1683 2144 1914 2215 ἔπασχε,

322 2230 482 2284 τοῦτο
513 2231 712 2301 μαθεῖν
759 2229 1044 2301 ἀξιοῦμεν.
1090 2230 1290 2300 Ἡμεῖς
1322 2231 1434 2303 γάρ
1463 2233 1558 2302 ἀφ’
1591 2233 1805 2286 ἑαυτῶν
1829 2235 1919 2285 ὲν-

323 2325 539 2393 νοῆσαι,
598 2321 720 2384 πῶς
758 2323 1038 2376 ὑπέπιπτε
1095 2321 1298 2378 πάθεσι
1334 2323 1497 2393 σῶμα
1533 2325 1716 2394 πάσης
1746 2325 1921 2394 ἀπηλ-

323 2416 600 2485 λαγμένον
636 2416 865 2487 φθορᾶς,
916 2417 1018 2470 οὐκ
1049 2417 1216 2486 ἐσμὲν
1273 2417 1471 2480 ἱκανοὶ,
1509 2419 1606 2470 καὶ
1639 2416 1729 2472 διὰ
1762 2418 1919 2471 τοῦτο

322 2506 762 2586 παρακαλοῦμεν
797 2505 1008 2577 μαθεῖν.
1077 2507 1205 2564 Ὀτι
1239 2507 1296 2562 δὲ
1333 2507 1612 2578 ἄφθαρτον
1642 2509 1820 2562 ἐκεῖνο
1859 2509 1922 2562 τδ

324 2597 488 2672 σῶμα
541 2603 638 2654 καὶ
691 2601 960 2655 ἀθάνατον
1005 2595 1096 2670 ἦν,
1153 2602 1181 2654 ὁ
1236 2599 1514 2672 μακάριος
1570 2599 1740 2665 ἔδειξε
1811 2601 1922 2653 Κύ-

323 2694 508 2763 ριλλος
555 2695 615 2746 ὲν
657 2694 734 2765 τῷ
784 2697 863 2758 εἰς
893 2695 994 2761 τὴν
1047 2693 1419 2765 δημιουργίαν
1467 2692 1563 2747 τοῦ
1625 2692 1918 2763 ἀνθρώπου

318 2785 470 2857 λόγῳ
499 2784 692 2848 αὐτοῦ,
731 2785 871 2839 κατὰ
900 2784 1045 2851 λέξιν
1068 2785 1246 2848 οὕτως
1277 2784 1452 2838 εἰπών
1474 2801 1490 2816 ·
1535 2803 1553 2836 ι
1592 2785 1922 2854 Ἐπεποίητο

323 2879 423 2950 μὲν
451 2879 570 2931 ἀπὸ
599 2877 705 2946 γῆς
727 2877 787 2934 τὸ
814 2877 974 2948 σῶμα
995 2877 1090 2932 τοῦ
1122 2875 1319 2946 Ἀδὰμ,
1341 2877 1569 2946 ἄμεινον
1599 2875 1658 2929 δὲ
1687 2875 1920 2929 θανάτου

319 2953 415 3028 καὶ
444 2971 662 3042 φθορᾶς
704 2966 775 3044 ἦν
799 2986 814 3002 ο
871 2970 1204 3040 ἐνεφύτευσε
1249 2969 1360 3041 γὰρ
1407 2964 1560 3042 αὐτῷ
1591 2967 1690 3039 τὴν
1714 2967 1860 3036 ζωὴν
1894 2968 1922 3020 6

319 3045 418 3144 τῇς
475 3061 629 3127 ζωῆς
655 3063 911 3134 χορηγός.
951 3079 990 3112 ι.
1027 3061 1190 3118 Ἀλλά
1219 3062 1316 3115 καὶ
1343 3061 1372 3115 6
1425 3060 1601 3132 μέγας
1638 3059 1917 3124 Βασίλειος

2092 2145 2299 2213 Quodsi
2345 2164 2548 2218 expers
2595 2151 2853 2205 interitus
2901 2151 3024 2215 fuit,
3067 2164 3176 2219 quo
3200 2156 3360 2218 pacto
3394 2148 3612 2203 tandem

2021 2239 2232 2310 aliquid
2264 2242 2378 2311 pati
2410 2243 2656 2312 potuerit
2686 2243 2831 2297 scire
2863 2243 3142 2313 cupimus.
3210 2241 3426 2296 Etenim
3469 2241 3618 2310 cogi-

2022 2339 2138 2385 tare
2187 2348 2286 2402 per
2336 2347 2441 2387 nos
2501 2333 2672 2402 ipsos,
2722 2334 2816 2403 qui
2867 2347 3072 2403 corpus
3101 2333 3170 2388 ab
3202 2333 3350 2386 omni
3382 2333 3614 2386 liberum

2021 2437 2086 2476 ac
2115 2421 2358 2478 immune
2391 2423 2618 2479 interitu
2649 2425 2752 2479 sub
2779 2423 3103 2480 affectiones
3129 2425 3328 2478 cadere
3353 2423 3616 2494 potuerit,

2023 2530 2129 2569 non
2165 2517 2297 2571 satis
2333 2531 2663 2586 possumus;
2721 2518 2955 2587 ideoque
2985 2533 3081 2586 per
3113 2517 3254 2571 alios
3297 2517 3402 2570 hoc
3433 2517 3614 2586 ipsum

2021 2608 2337 2677 expetimus
2372 2612 2733 2680 cognoscere.
2795 2611 3012 2679 Corpus
3052 2610 3277 2679 quidem
3331 2610 3445 2680 38
3481 2609 3614 2662 illul

2021 2711 2222 2766 expers
2250 2697 2505 2753 interitus
2536 2707 2591 2752 et
2623 2698 2933 2753 immortale
2971 2698 3166 2764 fuisse,
3209 2698 3406 2752 beatus
3450 2699 3616 2752 etiam

2023 2786 2260 2859 Cyrillus
2295 2790 2561 2852 ostendit,
2593 2790 2646 2843 in
2681 2790 2930 2844 oratione
2960 2806 3055 2845 sua
3088 2791 3159 2844 de
3193 2789 3434 2844 hominis
3466 2805 3612 2843 πίνεις

2029 2882 2177 2934 tione
2211 2881 2290 2935 sic
2317 2881 2384 2934 ad
2421 2880 2648 2934 verbum
2690 2881 3008 2936 disserens:
3077 2883 3184 2936 «De
3219 2893 3360 2936 terra
3391 2883 3612 2951 quidem

2027 2972 2228 3028 factum
2264 2981 2384 3027 erat
2416 2972 2611 3027 Adami
2648 2987 2851 3041 corpus
2877 3012 2892 3038 ,
2941 2972 3040 3028 sed
3079 2973 3224 3027 idem
3263 2989 3427 3043 supra
3466 2991 3618 3029 mor-

2025 3074 2132 3120 tem
2186 3073 2243 3120 et
2299 3064 2582 3120 interitum
2637 3081 2856 3120 omnem
2917 3065 3156 3136 positum
3199 3076 3357 3120 erat:
3413 3054 3618 3136 quippe

321 3131 456 3228 αδτδ
481 3131 956 3232 τοῦτοίπαριστῶν
988 3153 1144 3232 ἔλεγε
1172 3171 1186 3185 ·
1210 3172 1230 3206 ι
1258 3131 1596 3216 Πλάσὰςτὺν
1629 3152 1916 3224 ἄνθρωπον

2024 3159 2192 3213 vitam
2221 3157 2271 3212 ei
2315 3158 2443 3214 vita:
2485 3158 2868 3228 suppeditator
2933 3167 2989 3212 et
3040 3165 3236 3212 auctor
3276 3158 3611 3212 inseverat.»

322 3247 522 3317 ὁθεδς
560 3229 786 3300 αἰωνίου
813 3245 962 3324 ζωῆς
991 3229 1299 3300 ἀπόλαυσιν
1341 3243 1492 3315 αὐτῷ
1533 3242 1857 3316 ἐχαρίσατο.
1897 3262 1916 3295 ι

320 3338 468 3409 Πρὸς
503 3337 562 3390 δέ
593 3353 659 3406 γε
685 3339 800 3400 τοῖς
822 3337 1136 3407 εἰρημένοις
1163 3335 1258 3390 καὶ
1283 3337 1310 3389 ὁ
1338 3335 1618 3401 θειότατος
1653 3335 1922 3405 Βαρλαάμ

321 3430 468 3484 οὕτω
497 3428 640 3499 πρὸς
689 3428 926 3496 ’Ῑωάσαφ
959 3427 1126 3499 εὓρητ
1137 3445 1193 3483 αι
1218 3427 1394 3494 λέγων
1413 3443 1432 3462 ·
1461 3448 1480 3480 ι
1503 3428 1608 3481 Τὸν
1625 3427 1722 3482 ἀπ’
1745 3427 1920 3498 ἀρχῆς

321 3499 416 3584 ἄνθ
428 3536 622 3592 ρωπον
655 3521 683 3574 ὁ
706 3519 840 3584 Θεὸς
863 3520 1310 3591 αὐτεξουσιότητι
1330 3520 1425 3573 καὶ
1457 3519 1736 3588 ἀθανασία
1756 3520 1922 3589 τιμή-

323 3599 426 3672 σας
487 3608 718 3679 βασιλέα
775 3609 997 3662 πάντων
1035 3609 1148 3662 τῶν
1185 3608 1448 3678 ἐπιγείων
1492 3607 1855 3677 κατέστησεν.
1895 3625 1914 3659 ι

332 3697 485 3754 Ἀλλ’
516 3699 639 3768 ὅρα,
704 3699 802 3751 καὶ
833 3699 910 3769 μὴ
947 3700 1245 3769 παρέργως
1279 3697 1519 3768 ὲπέρχου
1571 3697 1640 3751 τά
1694 3695 1920 3750 τοιαῦτα

321 3774 448 3844 θέἰα
480 3789 644 3861 ῥητά.
679 3791 832 3855 Ἀμα
867 3775 966 3859 μὲν
1011 3792 1122 3860 γάρ
1145 3790 1174 3842 6
1207 3787 1330 3842 κατ’
1380 3788 1566 3842 εἰκόνα
1609 3787 1917 3858 παρήγετο,

322 3877 419 3938 καὶ
452 3883 577 3949 ἅμα
606 3882 707 3952 τῆς
739 3869 1232 3950 ἀύτεξουσιότητος
1289 3880 1492 3951 ἠξίωτο
1521 3880 1616 3933 καὶ
1651 3879 1751 3947 τῆς
1779 3878 1917 3933 ἀθα-

320 3959 523 4039 νασίας
557 3959 665 4028 ὕπὸ
718 3957 896 4028 Θεοῦ,
943 3975 1054 4028 Καὶ
1084 3973 1201 4036 πῶς
1235 3973 1428 4026 λοιπὸν
1457 3969 1624 4025 αὑτὸν
1673 3969 1931 4037 εἴπωμεν.

215 4095 218 4098 -
323 4066 636 4128 ἀθανασίας
666 4063 806 4120 εἶναι
838 4064 932 4119 καὶ
962 4063 1294 4134 θνητὸτητος
1345 4064 1615 4134 μέτοχον;
1665 4060 1920 4114 Ἀσυλλὸ-

323 4176 541 4242 γιστον,
585 4159 660 4222 ὡς
715 4155 893 4227 οἶμαι,
927 4157 1021 4210 καὶ
1052 4155 1212 4236 τοῦτο
1241 4155 1365 4232 λίαν
1399 4155 1573 4209 ἐστίν.
1605 4155 1668 4211 Εἰ
1693 4154 1802 4224 γάρ
1838 4154 1922 4206 ἐν·

322 4241 518 4323 νοῆσαι
552 4252 777 4320 εἴχομεν
807 4251 888 4303 ὅτι
918 4247 1147 4320 βασιλέα
1188 4247 1496 4318 κατέστησε
1524 4247 1631 4299 τῶν
1659 4245 1922 4314 ἐπιγείων

322 4346 516 4409 αὑτὸν,
563 4343 840 4412 ἀθανασίᾳ
873 4343 1117 4410 τιμήσας
1149 4338 1312 4392 αὐτὸν
1353 4337 1646 4408 πρότερον,
1704 4336 1806 4390 οὐκ
1852 4335 1920 4391 ἂν

2024 3252 2171 3306 Idem
2197 3260 2249 3306 et
2282 3267 2312 3305 a
2345 3250 2544 3305 Basilio
2600 3267 2797 3322 magno
2857 3250 3045 3304 verbis
3095 3251 3182 3305 bis
3236 3252 3616 3319 signiﬁcatur:

2031 3345 2198 3399 «Cum
2263 3343 2556 3398 formasset
2620 3342 2906 3396 hominem
2965 3341 3154 3406 Deus,
3218 3350 3438 3394 attenta:
3494 3341 3619 3394 vitae

2023 3436 2343 3492 frnitionem
2376 3436 2426 3490 ei
2459 3436 2688 3506 largitus
2716 3443 2854 3490 est.»
2922 3431 3126 3488 Praeter
3150 3437 3252 3488 bos
3279 3433 3500 3487 divinus
3525 3433 3616 3487 ille

2024 3530 2341 3584 Barlaamus
2373 3529 2438 3582 ad
2469 3526 2812 3597 Joasaphum
2845 3527 2900 3580 in
2932 3527 3073 3580 hanc
3101 3511 3434 3580 sententiam
3463 3528 3609 3578 scri-

2026 3620 2173 3690 psit:
2210 3618 2506 3673 llominem
2554 3618 2707 3672 illum
2761 3615 3066 3686 principem
3128 3614 3274 3670 Deus
3326 3615 3621 3668 voluntate

2024 3711 2196 3765 libera
2231 3709 2516 3779 praeditum
2552 3717 2608 3762 et
2640 3714 2895 3762 ornatum
2929 3705 3342 3759 immortalitate
3369 3705 3605 3759 univcr-

2025 3815 2206 3855 sarmn
2243 3815 2423 3854 rerum
2484 3799 2826 3855 terrestrium
2891 3813 3075 3867 regem
3113 3796 3418 3851 constituit.
3483 3797 3609 3866 Ipsa

2025 3893 2258 3962 denique
2288 3908 2561 3947 sacrarum
2591 3892 2913 3945 Litterarum
2940 3891 3104 3946 verba
3135 3889 3268 3945 mibi
3295 3891 3494 3957 aspice,
3517 3903 3620 3942 nec

2026 3985 2204 4040 obiter
2240 3985 2476 4054 perlege.
2509 3983 2682 4037 Simul
2715 3983 2863 4036 enim
2902 3982 3069 4035 homo
3101 3981 3167 4034 ad
3197 3979 3490 4047 imaginem
3525 3981 3616 4032 Dei

2025 4076 2390 4138 condebatur,
2426 4081 2482 4127 et
2506 4082 2613 4126 tam
2649 4073 2880 4127 arbitrio
2911 4071 3212 4126 voluntatis
3242 4071 3420 4125 libero
3453 4087 3618 4140 quam

2025 4165 2440 4222 immortalitate
2475 4162 2740 4218 divinitus
2765 4163 3090 4218 donabatur.
3129 4162 3250 4229 Quo
3273 4163 3439 4234 igitur
3463 4173 3621 4234 pacto

2025 4259 2273 4313 dicemus
2297 4272 2420 4310 eum
2459 4256 2664 4320 lariter
2703 4255 3133 4312 immortalitatis
3166 4270 3229 4309 ac
3265 4255 3618 4310 mortalitatis

2023 4350 2391 4420 participem?
2454 4348 2729 4404 Abhorret
2769 4349 2869 4402 hoc
2889 4349 3184 4404 scilicetab
3204 4348 3352 4403 omni
3380 4349 3613 4403 ratione.

323 4432 511 4490 ὲὲεῖσε
541 4433 640 4512 καὶ
673 4433 980 4515 Θνητότητα
1003 4448 1146 4502 παρε
1158 4429 1488 4500 μιγνὺομεν,
1523 4429 1624 4482 οὐκ
1653 4428 1718 4481 ἂν
1745 4427 1916 4481 ἀσυλ-

2027 4443 2242 4512 Quippe
2275 4441 2323 4495 si
2346 4440 2631 4494 nobiscum
2653 4449 2798 4495 recte
2835 4455 3124 4510 possemus
3145 4439 3456 4510 expendere
3475 4439 3620 4508 quod

323 4527 555 4592 λόγιστα
581 4522 653 4575 τὰ
683 4513 1299 4597 τοιαῦταλδιενοούμεθα
1325 4522 1452 4591 περὶ
1485 4519 1576 4572 τοῦ
1609 4519 1918 4588 γεγενημέ-

324 4635 418 4671 νου
478 4614 607 4669 κατ’
657 4615 845 4667 εἰκόνα
898 4603 1068 4666 Θεοῦ.
1105 4613 1270 4666 Ἀλλὰ
1300 4613 1395 4665 καὶ
1429 4615 1457 4666 ὁ
1511 4611 1918 4683 χρυσορρήμων

339 4711 600 4781 Ἰωάννης
623 4709 755 4763 αὐτὸ
788 4709 946 4762 τοῦτο
965 4708 1292 4779 παρίστησι,
1315 4706 1531 4774 διεξιὼν
1556 4707 1758 4761 οὑτωσὶ
1779 4704 1922 4760 κατὰ

326 4805 475 4870 λέξιν
507 4805 566 4856 ὲν
595 4806 662 4873 τῇ
696 4804 775 4866 εἰς
806 4791 904 4873 τὴν
947 4789 1287 4872 Ἐξαήμερον
1342 4806 1428 4854 κα¹
1483 4800 1672 4871 ὁμιλίᾳ
1716 4798 1882 4852 αὑτοῦ
1903 4813 1917 4828 ⁸

335 4915 353 4949 ι
391 4896 823 4968 Δημιουργήσας
879 4895 972 4949 τὸν
1026 4894 1378 4966 ἄνθρωπονὸ
1433 4894 1588 4961 Θεὸς,
1639 4893 1920 4965 ἡδουλήθη

330 4992 556 5044 πάντων
603 4990 715 5042 τῶν
747 4987 1046 5058 ὁρωμένων
1093 4987 1191 5058 τὴν
1227 4973 1401 5058 ἀρχὴν
1434 4986 1600 5039 αὑτὸν
1623 4984 1788 5056 ἔχειν.
1831 4986 1924 5039 Διὸ

334 5082 428 5132 καὶ
449 5079 552 5151 τὴν
583 5081 678 5150 τῆς
705 5079 886 5150 ψυχῆς
917 5078 1104 5132 οὐσίαν
1127 5079 1278 5148 αὐτῷ
1296 5077 1611 5148 ἐχαρίσατο.
1637 5075 1925 5147 βουληθεὶς

335 5167 478 5223 εἶναι
511 5172 678 5222 αὑτὸν
729 5172 824 5224 καὶ
879 5171 1153 5225 ἀθάνατον
1205 5172 1289 5232 είς
1341 5169 1402 5222 τὸ
1445 5168 1719 5240 διηνεκές.
1783 5168 1927 5220 Ἀλλ’

335 5264 522 5334 ἐπειδὴ
555 5264 646 5316 διά
671 5264 807 5333 ρᾳου
817 5262 946 5333 μίαν
971 5261 1170 5315 ὤλισθε
1194 5259 1288 5315 καὶ
1307 5262 1526 5332 παρέϐη
1556 5262 1652 5333 τὴν
1674 5263 1926 5316 δοθεῖσαν

337 5355 487 5426 αὖτῷ
519 5355 765 5424 ἐντολὴν,
791 5353 910 5407 οὐδὲ
940 5353 1118 5418 οὕτως
1147 5356 1480 5424 ἀπεστράφη
1512 5355 1701 5407 τέλεον
1735 5354 1924 5419 αὐτὸν,

337 5446 477 5500 ἀλλὰ
527 5447 633 5515 τῆς
690 5444 789 5515 μὲν
822 5443 1124 5508 ἀθανασίας
1193 5443 1566 5515 ἀπεστέρησε,
1623 5443 1840 5513 θανάτῳ
1871 5443 1928 5496 δὲ

340 5536 720 5601 καταδικάσας
757 5536 851 5591 ἐπὶ
917 5537 1020 5608 τῆς
1081 5536 1256 5608 αὐτῆς
1307 5537 1486 5610 ἀφῆκε
1545 5536 1735 5608 σχεδὸν
1786 5530 1927 5592 εἶναι

342 5629 532 5700 ἀρχῆς.
576 5647 598 5680 ι
635 5676 640 5679 »

2026 4535 2299 4588 hominem
2320 4533 2462 4586 Deus
2481 4531 2825 4586 terrestrium
2863 4546 3043 4601 regem
3060 4529 3432 4594 constituerit,
3451 4545 3620 4582 orna-

2026 4636 2137 4681 tum
2190 4624 2258 4678 ab
2281 4639 2340 4679 se
2366 4625 2519 4693 prius
2545 4622 2977 4686 immortalitate,
3020 4637 3130 4676 non
3155 4621 3244 4676 hic
3269 4621 3622 4675 mortalitatis

2022 4719 2316 4790 quidquam
2334 4719 2784 4779 immisceremus,
2807 4733 2914 4771 non
2934 4716 3000 4771 de
3014 4713 3314 4770 eonditoad
3329 4713 3622 4785 imaginem

2023 4815 2117 4869 Dei
2141 4813 2437 4884 quidquam
2462 4811 2687 4866 absurdi
2711 4811 3107 4883 cogitaremus.
3142 4807 3292 4862 Facit
3314 4807 3424 4862 huc
3446 4803 3614 4862 Joan-

2024 4909 2110 4961 nis
2133 4906 2510 4978 Chrysostomi
2535 4905 2712 4973 locus,
2732 4906 2825 4976 qui
2848 4905 2904 4959 in
2931 4901 3179 4958 oratione
3201 4901 3264 4955 21
3295 4901 3360 4956 de
3383 4915 3477 4955 sex
3502 4900 3620 4954 die-

2025 5015 2146 5054 rum
2206 4999 2466 5068 operibus
2526 5006 2739 5053 exstat:
2807 4994 2990 5050 iCum
3046 4995 3352 5059 hominem,
3415 4993 3619 5063 inquit,

2027 5099 2269 5145 creasset
2293 5089 2437 5144 Deus
2465 5088 2642 5143 voluit
2688 5103 2813 5142 eum
2846 5087 2900 5140 in
2934 5102 3021 5141 res
3049 5088 3334 5141 universas
3369 5095 3618 5155 aspecta-

2030 5184 2165 5238 biles
2223 5182 2514 5252 imperium
2545 5181 2770 5234 habere.
2837 5179 3050 5234 Idcirco
3081 5177 3246 5234 etiam
3277 5175 3329 5231 ei
3365 5185 3616 5229 naturam

2030 5285 2084 5330 et
2110 5275 2407 5330 essentiam
2440 5275 2638 5326 animae
2680 5271 2906 5341 largitus
2935 5279 3038 5335 est,
3073 5268 3220 5340 quod
3267 5283 3390 5322 eum
3427 5279 3620 5336 perpe—

2035 5378 2126 5424 tuo
2158 5367 2324 5421 vellet
2352 5365 2718 5420 immortalem
2749 5380 2893 5418 esse.
2948 5363 3026 5417 Ae
3055 5359 3271 5416 tametsi
3307 5373 3402 5427 per
3433 5369 3617 5410 secor-

2031 5462 2173 5516 diam
2223 5460 2410 5530 lapsus
2458 5459 2530 5514 sit
2575 5458 3007 5524 mandatumque
3064 5453 3166 5507 sibi
3232 5446 3614 5518 praescriptum

2035 5566 2412 5622 transgressus
2434 5593 2448 5618 ,
2485 5567 2592 5606 non
2639 5559 2822 5604 tamen
2857 5548 3035 5615 ipsum
3075 5554 3297 5612 prorsus
3327 5546 3617 5593 aversatus

2036 5657 2140 5712 est,
2198 5646 2293 5700 sed
2354 5644 2768 5699 immortalitate
2814 5637 3108 5707 spoliatum
3146 5649 3210 5687 ac
3243 5639 3420 5686 morte
3462 5631 3616 5686 «latn-

2039 5747 2225 5795 natum
2273 5737 2670 5810 propemodum
2719 5734 2774 5788 in
2805 5730 3000 5787 eodeni
3055 5724 3290 5798 imperio
3324 5723 3605 5795 reliquita
