4062 6186
390 237 492 304 183

378 447 720 503 constituere
778 449 1010 503 voluerit
1077 450 1484 518 aspectabiliutn
1574 470 1788 523 regem,
1861 458 1956 510 sed

379 539 545 592 etiam
583 539 687 593 hoc
723 539 1012 609 imperium
1054 540 1103 594 ei
1147 556 1469 598 concessum
1507 543 1755 598 absolute
1791 548 1957 604 fuisse

381 632 546 685 rebus
583 631 716 700 ips's
747 631 1060 694 declararit.
1123 633 1336 703 Quippe
1368 635 1434 689 ad
1477 637 1656 705 ipsum
1697 641 1958 700 animalia

379 737 578 779 cuncta
609 726 853 788 deduxit,
891 729 1107 782 tametsi
1141 730 1270 798 quid
1307 740 1626 786 secuturum
1665 749 1812 788 esset
1847 751 1956 798 non

383 817 682 884 ignoraret.
743 817 863 882 Quo
899 817 1102 876 fattum
1143 829 1200 872 ut
1231 822 1414 876 omnia
1462 823 1716 877 Servilem
1749 825 1802 876 in
1836 841 1956 878 um-

379 903 506 956 dum
556 903 659 973 ipsi
708 908 946 959 astantia
1000 922 1129 961 suas
1192 925 1287 977 per
1347 910 1525 978 ipsum
1559 911 1957 980 appellationes

376 997 709 1062 acceperint.
801 997 877 1052 lta
955 1014 1053 1068 per
1129 1011 1371 1056 mentem
1457 1003 1832 1074 intelligentiae
1905 1007 1952 1062 vi

377 1087 656 1154 prmditam
727 1089 868 1142 Deus
953 1090 1230 1146 hominem
1321 1094 1484 1147 etiam
1547 1097 1956 1154 immortalitate

376 1175 614 1227 ornavit.
688 1174 1014 1246 Quanquam
1099 1180 1247 1234 enim
1307 1179 1549 1235 futuram
1616 1197 1725 1236 non
1785 1184 1956 1240 multo

375 1273 500 1334 post
547 1266 996 1321 cxorbitationem
1045 1285 1154 1323 non
1205 1271 1463 1336 nesciret,
1503 1283 1682 1328 tamen
1723 1293 1845 1330 cum
1885 1278 1955 1332 ob

371 1359 550 1414 solum
585 1360 935 1430 cngitationis
975 1361 1283 1418 institutum
1331 1364 1593 1432 damnare
1626 1384 1734 1423 non
1768 1371 1954 1435 vellet,

374 1455 746 1502 consentanea
785 1450 894 1504 Deo
929 1448 1140 1507 ratione
1174 1455 1464 1510 consilium
1511 1461 1954 1530 suum-perficit;

372 1540 619 1610 adeoque
652 1542 852 1596 mentis
884 1544 1228 1615 participem,
1255 1555 1314 1602 ut
1336 1547 1595 1615 diximus,
1635 1553 1871 1606 animam
1905 1554 1953 1608 ei

371 1631 620 1701 largitur,
647 1645 703 1688 ut
737 1635 962 1688 omnino
999 1637 1322 1694 immortalis
1345 1653 1512 1696 esset.
1538 1641 1831 1699 Enimvero
1858 1661 1955 1700 cur

371 1725 647 1779 hominem
675 1727 856 1782 statim
887 1729 955 1783 ab
986 1729 1143 1784 initio
1175 1746 1356 1802 regem
1393 1739 1734 1791 terrestrium
1761 1748 1816 1792 et
1847 1739 1950 1792 im-

371 1818 654 1872 mortalem
701 1821 985 1877 condidit?
1016 1823 1086 1878 Ut
1123 1824 1250 1879 hinc
1294 1825 1573 1882 discamus
1598 1830 1763 1890 etiam
1791 1830 1948 1898 opifi-

368 1923 484 1961 cem
538 1909 686 1964 illum
731 1914 903 1968 nostri
943 1914 1111 1970 Deum
1160 1915 1376 1970 cunctis
1405 1917 1514 1972 illis
1552 1920 1804 1989 supernis
1838 1920 1951 1991 89

367 2002 731 2069 potestatibus
759 2019 882 2058 cum
918 2007 1144 2076 imperio
1167 2024 1421 2076 prmesse,
1451 2027 1661 2065 necnon
1698 2015 1948 2067 eumdem

366 2106 489 2144 esse
511 2091 874 2149 immortalem
901 2098 1187 2166 omnisque
1209 2110 1490 2168 expertem
1513 2103 1791 2158 interitus.
1814 2101 1891 2158 Na
1917 2124 1946 2157 ιι

366 2197 433 2235 ea
481 2183 550 2237 de
589 2200 754 2239 causa
796 2187 1018 2256 pulvere
1065 2201 1286 2258 sumpto
1334 2191 1511 2261 inquit
1548 2213 1560 2247 :
1606 2213 1624 2246 ι
1665 2193 1950 2252 Faciamus

369 2271 648 2327 hominem
686 2276 751 2330 ad
802 2277 1093 2346 imaginem
1125 2290 1393 2334 nostram.
1438 2301 1454 2336 ι
1496 2284 1652 2350 Quod
1680 2301 1804 2340 cum
1845 2287 1952 2340 So-

368 2364 516 2418 tomo
548 2380 654 2418 non
683 2365 980 2438 ignoraret,
1003 2388 1039 2419 .t
1084 2369 1253 2436 Deus,
1290 2373 1387 2439 ait,
1426 2386 1657 2430 mortem
1687 2393 1794 2431 non
1820 2393 1951 2432 con-

366 2454 526 2522 didit,
561 2458 656 2513 sed
713 2457 766 2512 in
821 2469 970 2516 statu
1008 2461 1267 2520 interitus
1301 2476 1524 2536 experte
1554 2468 1620 2522 ad
1659 2469 1947 2539 imag'nem

366 2547 694 2602 aeternitatis
726 2564 840 2604 suae
872 2552 1149 2608 hominem
1207 2557 1415 2612 creavit
1442 2558 1508 2612 ⁸⁸.
1548 2575 1566 2608 ι
1601 2559 1678 2615 Δρ
1731 2561 1947 2616 tametsi

367 2639 630 2708 deinceps
656 2656 780 2696 eum
808 2643 876 2698 ad
906 2655 1136 2700 mortem
1169 2649 1466 2718 daumavit,
1500 2665 1607 2706 non
1641 2661 1819 2705 tamen
1856 2654 1948 2710 diu

365 2732 766 2789 consolationis
793 2751 957 2806 egere
1012 2740 1287 2807 permisit.
1323 2740 1456 2795 Nam
1505 2744 1763 2798 transfert
1814 2745 1951 2800 Eno-

363 2826 555 2892 chum,
588 2843 762 2896 eaque
805 2847 864 2886 re
909 2843 1158 2888 naturam
1190 2845 1432 2889 nostram
1479 2837 1855 2892 condocefacit
1891 2848 1950 2894 ut

369 2921 835 2979 immortalitatem
870 2926 1015 2982 illam
1047 2939 1344 2999 eXSpeetet,
1377 2946 1483 3000 qua
1508 2933 1945 3002 propterinobe-

364 3011 627 3068 dientiam
679 3018 902 3072 excidit.
941 3019 1079 3075 Audi
1117 3021 1250 3091 quid
1297 3021 1400 3076 hac
1433 3023 1487 3076 in
1537 3035 1689 3093 parte
1722 3011 1948 3097 magnus

363 3104 454 3158 ille
513 3106 848 3165 Athanasius
894 3112 947 3165 in
995 3115 1248 3168 oratione
1295 3130 1392 3169 sua
1433 3115 1500 3169 de
1555 3115 1947 3186 Assumptione
1977 3141 2021 3200 ο

365 3198 545 3251 tradat
573 3216 588 3252 :
622 3217 638 3249 ι
676 3199 823 3256 Mors
855 3203 1074 3271 quidem
1107 3205 1334 3259 intravit
1359 3221 1456 3276 per
1487 3207 1943 3275 inobedieutiam,

363 3305 553 3344 verum
610 3293 966 3348 nihilominus
1018 3310 1128 3350 Sua:
1188 3300 1639 3354 eomminationis
1704 3303 1947 3372 vigorem

365 3381 554 3435 laxans
582 3382 724 3438 Deus
747 3387 931 3438 statim
962 3387 1206 3443 humano
1241 3394 1426 3460 generi
1460 3406 1612 3468 spem
1660 3395 1948 3450 immorta-

365 3473 536 3527 litatis
587 3475 717 3528 oriri
769 3475 919 3540 facit,
971 3478 1098 3533 dum
1158 3480 1443 3537 Euochum
1487 3499 1519 3537 e
1562 3485 1742 3540 medio
1784 3488 1946 3557 rapit,

366 3580 541 3632 eoque
575 3578 729 3634 ναι-ιο
765 3583 864 3622 nos
899 3569 1059 3625 docet
1092 3583 1266 3628 metas
1295 3573 1722 3632 immortalitatis
1753 3593 1950 3648 exspe-

368 3659 597 3712 ctandas
661 3660 823 3715 nobis
881 3676 1022 3717 esse.
1069 3682 1088 3716 ι
1125 3663 1467 3721 Conﬁrmant
1517 3669 1632 3725 haec
1663 3680 1718 3725 et
1743 3669 1949 3725 Christi

367 3749 644 3820 discipuli,
681 3766 803 3806 eum
841 3753 1032 3810 dicunt
1057 3772 1119 3812 ea
1154 3773 1274 3826 quae
1304 3757 1528 3816 Enoeho
1559 3770 1610 3817 et
1638 3763 1768 3816 Eliaa
1807 3763 1951 3818 acci-

367 3843 572 3902 derint.
617 3859 1010 3915 repraesentare
1043 3851 1202 3905 nobis
1244 3852 1535 3924 insigniter
1569 3855 1948 3910 liberationem

370 3939 542 3990 nostri
571 3938 639 3991 ab
673 3939 895 3994 interitu
937 3952 990 3996 et
1025 3943 1186 3998 vitam
1215 3945 1364 3999 illam
1401 3957 1743 4016 perpetuam.
1775 3948 1851 4002 Ac
1881 3949 1950 4004 de

372 4031 454 4082 his
467 4031 687 4099 quidem
708 4032 762 4085 in
782 4033 929 4087 hunc
949 4036 1167 4089 modum
1189 4036 1264 4090 illi
1283 4037 1682 4095 disseruerunt.
1710 4039 1950 4096 Joannes

367 4134 548 4176 autem
583 4123 1011 4195 Clirysostomus
1061 4130 1310 4196 exposuit
1349 4130 1511 4185 etiam
1545 4132 1807 4187 illustrius
1855 4133 1952 4187 ho-

369 4214 570 4267 minem
602 4217 837 4284 primum
867 4217 968 4272 hac
1015 4219 1082 4272 ab
1111 4219 1332 4275 interitu
1361 4219 1710 4277 immunitate
1749 4222 1950 4291 praedi-

368 4316 481 4359 tum
539 4307 733 4370 fuisse,
767 4309 928 4378 idque
987 4327 1082 4380 per
1118 4313 1234 4367 haec
1281 4314 1398 4384 ipsa
1428 4316 1592 4370 verba
1629 4333 1643 4370 :
1684 4335 1702 4368 ι
1741 4315 1951 4370 Placuit

366 4397 626 4454 Enochus
673 4399 801 4468 Deo,
836 4413 1121 4473 propterea
1166 4407 1518 4462 transfertur.
1554 4409 1652 4463 llic
1683 4408 1816 4462 mihi
1841 4407 1946 4464 Do-

1665 247 2088 310 MlClIAELlS
2129 250 2391 310 GLYC/E

455 355 553 410 Hic
570 366 750 410 autem
775 357 1073 412 notandum
1101 360 1242 427 quod
1270 374 1375 411 non
1409 359 1584 413 solum
1613 360 1752 416 Deus
1778 363 1952 432 ipsum
1985 385 2038 432 Α

3533 245 3633 310 184

2145 364 2286 419 Ἀλλ’
2312 364 2548 422 ἐνταῦθα
2572 365 3048 439 προσέχεινιάξιον.
3074 362 3206 418 Οὐδὲ
3230 362 3339 432 γὰρ
3361 361 3636 432 ἠϐουλήθη

2067 457 2226 528 μόνον
2281 461 2308 512 ὁ
2357 460 2492 524 Θεὸς
2532 461 2758 532 βασιλέα
2807 459 3152 528 καταστῆσαι
3198 459 3307 511 τῶν
3344 457 3638 524 ὁρωμένων

2061 549 2248 615 αὑτὸν,
2289 551 2426 606 ἀλλά
2452 554 2545 605 καὶ
2577 552 2758 622 εργοις
2793 554 2975 616 αὐτοῖς
3011 544 3438 622 ἀπηρτισμένην
3467 547 3637 610 ἔδειξε

2062 644 2158 713 τὴν
2189 645 2386 714 ἀρχὴν.
2448 647 2664 714 Ἦγαγε
2694 646 2803 717 γὰρ
2835 647 2903 702 τὰ
2955 645 3073 710 ζῶα
3111 644 3289 696 πάντα
3333 640 3639 711 τηνικαῦτα

2063 736 2199 804 πρὸς
2226 738 2412 804 αὑτὸν,
2452 739 2629 792 καίτοι
2663 754 2726 807 γε
2762 739 2823 792 τὸ
2884 737 3080 808 μέλλον
3109 735 3210 790 οὐκ
3255 734 3485 803 ἀγνοῶν.
3523 732 3636 786 Καὶ

2061 828 2208 884 οὕτω
2231 831 2296 884 τὰ
2323 833 2502 886 πάντα
2534 832 2770 903 δουλικῷ
2801 831 3186 903 παριστάμενα
3227 830 3468 898 σχήματι
3502 826 3636 896 παρ’

2060 924 2226 977 αὑτοῦ
2246 927 2344 988 τὰς
2369 927 2554 981 Enuiou
2564 927 2692 998 μίας
2719 927 2983 996 ἐδέχοντο.
3007 925 3164 980 Οὕτω
3184 925 3283 996 μὲν
3307 923 3400 978 οὖν
3425 923 3632 993 ἔφθασε

2059 1018 2148 1073 διά
2178 1035 2242 1085 γε
2293 1022 2394 1088 τῆς
2445 1023 2637 1090 νοερᾶς
2673 1019 2856 1091 ψυχῆς
2910 1020 3007 1073 καὶ
3054 1017 3330 1088 ἀθανασίᾳ
3389 1017 3636 1084 τιμήσας

2060 1109 2244 1165 αὐτόν.
2275 1111 2337 1164 Ei
2365 1111 2476 1182 γὰρ
2515 1113 2609 1164 καὶ
2633 1111 2731 1182 τὴν
2777 1111 3160 1181 γενησομένην
3193 1106 3358 1161 αὑτοῦ
3395 1105 3516 1176 μετ’
3569 1107 3631 1159 οὐ

2062 1200 2196 1254 πολὺ
2228 1203 2622 1272 παρεκτροπὴν
2649 1205 2752 1256 οὐκ
2782 1198 2850 1274 ἦν
2868 1201 3102 1271 ἀγνοῶν,
3135 1200 3252 1257 ἀλλ’
3286 1201 3477 1269 ἐπειδὴ
3530 1215 3634 1254 κα-

2027 1299 2032 1306 ·
2062 1290 2370 1356 ταδικάζειν
2398 1293 2462 1346 ἐκ
2496 1293 2666 1365 μόνης
2694 1294 2756 1347 οὐ
2787 1293 2934 1346 θέλει
2965 1292 3362 1364 προαιρέσεως,
3388 1291 3485 1359 τὴν
3506 1292 3637 1346 ἑαυ-

2057 1384 2153 1440 τοῦ
2187 1385 2382 1458 βουλὴν
2420 1389 2508 1441 ἐπ’
2532 1387 2682 1458 αὺτῷ
2713 1389 3036 1459 θεοπρεπῶς
3083 1388 3373 1458 ἐκπληροῖ,
3408 1387 3501 1439 καὶ
3528 1385 3634 1453 ψυ-

2058 1479 2158 1549 κῆς
2192 1479 2363 1549 αὐτῷ.
2420 1481 2566 1541 καθά
2619 1481 2684 1550 δὴ
2736 1483 2834 1538 καὶ
2886 1481 3241 1550 προείρηται,
3301 1478 3633 1548 μεταδίδωσι

2057 1573 2272 1642 νοερᾶς.
2305 1571 2379 1636 ὡς
2409 1573 2664 1626 ἐντεῦθεν
2700 1573 2864 1626 αὐτὸν
2912 1569 3050 1626 εἶναι
3105 1573 3202 1625 καὶ
3247 1569 3514 1624 ἀθάνατον
3549 1570 3628 1628 εἰς

2055 1661 2115 1714 τὸ
2140 1661 2408 1731 διηνεκές.
2461 1661 2626 1716 Ἀλλὰ
2673 1663 2784 1732 γὰρ
2835 1662 2977 1724 τίνος
3020 1661 3212 1714 ἕνεκεν
3249 1659 3488 1726 ἄρχοντα
3523 1652 3632 1705 τῶν

2056 1751 2314 1818 ἐπιγείων
2348 1752 2572 1820 ἑποίησε
2612 1752 2708 1806 καὶ
2758 1752 3028 1806 ἀθάνατον
3063 1747 3257 1802 αὐτίκα
3299 1746 3392 1800 τὸν
3424 1743 3638 1813 ἄνθρω-

2058 1855 2194 1902 πον;
2229 1838 2347 1893 Ἱνα
2377 1839 2638 1909 μάθωμεν
2668 1839 2918 1893 ἐντεῦθεν
2949 1840 3030 1891 ὅτι
3063 1837 3157 1890 καὶ
3180 1837 3207 1889 6
3226 1835 3460 1904 ποιήσας
3487 1833 3636 1902 ἡμᾶς

2056 1930 2190 1992 Θεὸς
2227 1929 2416 1984 πασῶν
2446 1931 2606 2002 ἄρχει
2651 1930 2758 1983 τῶν
2786 1931 2900 1985 ἀνω
2922 1930 3232 1998 δυνάμεων,
3257 1927 3353 1979 καὶ
3381 1925 3464 1978 ὅτι
3498 1923 3636 1977 ἀθά-

2057 2019 2215 2082 νατός
2245 2020 2362 2072 ἐστι
2390 2020 2485 2072 καὶ
2517 2019 2793 2091 ἄφθαρτος
2823 2020 2920 2072 καὶ
2949 2016 3275 2087 ἀνώλεθρος.
3306 2013 3430 2068 Ἐπὶ
3458 2013 3634 2081 τούτῳ

2057 2108 2166 2179 γὰρ
2197 2109 2292 2163 καὶ
2317 2107 2610 2179 προλαϐὼν
2638 2110 2766 2180 χοῦν
2789 2110 2944 2180 ἔλεγε
2966 2125 2980 2139 ο
3017 2129 3040 2161 ι
3062 2107 3196 2163 Κατ’
3220 2107 3423 2161 οίκείαν
3452 2106 3637 2158 εἰκόνα

2058 2201 2378 2268 ποιήσωμεν
2412 2201 2503 2254 τὸν
2529 2201 2838 2272 ἄνθρωπον.
2881 2221 2898 2254 ι
2966 2203 3030 2254 Ὂ
3085 2200 3150 2270 δὴ
3187 2200 3280 2254 καὶ
3322 2199 3350 2250 6
3385 2196 3638 2266 Σολομὼν

2056 2293 2216 2353 είδὼς
2239 2332 2254 2356 ,
2292 2311 2309 2343 ι
2350 2293 2410 2346 '0
2433 2294 2587 2358 Θεὸς,
2618 2293 2796 2363 ἔλεγε,
2823 2294 3052 2348 θάνατον
3079 2293 3182 2350 οὐκ
3211 2291 3488 2362 εποίησεν,
3521 2288 3638 2342 ἀλλ’

2057 2379 2143 2432 ἐπ’
2175 2379 2454 2452 ἀφθαρσίᾳ
2483 2381 2574 2434 τὸν
2607 2380 2898 2449 ἄνθρωπον
2945 2381 3128 2434 ἔκτισε
3163 2379 3286 2432 κατ’
3321 2379 3506 2432 εἰκόνα
3537 2374 3635 2444 τῆς

2057 2467 2360 2538 ἀῖδιότητος
2389 2468 2578 2524 αὐτοῦ.
2608 2488 2626 2522 ι
2666 2467 2809 2538 Πλὴν
2843 2470 2891 2521 εί
2921 2470 3016 2522 καὶ
3062 2468 3284 2536 θανάτῳ
3314 2465 3637 2520 κατεδίκασε

2059 2560 2200 2628 μετὰ
2250 2559 2426 2614 ταῦτα
2473 2561 2565 2613 τὸν
2615 2560 2924 2630 ἄνθρωπον,
2955 2558 3071 2613 ἀλλ’
3099 2559 3200 2612 οὐκ
3223 2558 3437 2638 ἀφῆκεν
3468 2556 3636 2609 αὑτὸν

2055 2649 2494 2722 ἀπαραμύθητον
2530 2649 2671 2705 εἶναι
2700 2653 2863 2723 μέχρι
2896 2650 3114 2706 πολλοῦ.
3160 2650 3500 2718 Μετατίθησι
3526 2650 3635 2717 γὰρ

2055 2739 2146 2792 τὸν
2185 2740 2377 2811 Ἑνὼχ,
2403 2743 2495 2795 καὶ
2517 2742 2824 2812 τηνικαῦτα
2847 2743 2945 2811 τὴν
2976 2741 3176 2811 θνητὴν
3199 2741 3444 2794 ἐδίδασκε
3474 2739 3636 2807 φύσιν

2055 2832 2212 2904 ἡμῶν
2243 2832 2543 2888 ἀθανασίαν
2581 2834 2794 2905 ἐκείνην
2824 2835 3146 2904 ἐκδέχεσθαι
3189 2829 3256 2905 ἧς
3292 2833 3517 2900 ἐξέπεσε
3546 2831 3635 2884 διὰ

2055 2924 2154 2994 τὴν
2185 2925 2517 2995 παράϐασιν.
2573 2926 2684 2979 Καὶ
2719 2927 2883 2979 ἄκουε
2909 2927 2964 2979 τί
2998 2924 3356 2996 περὶτούτων
3390 2923 3554 2991 φησὶν
3606 2921 3634 2972 6

2058 3019 2234 3088 μέγας
2278 3017 2600 3081 Ἀθανάσιος
2633 3020 2690 3072 ἐν
2711 3017 2790 3088 τῷ
2828 3020 2907 3083 εἰς
2934 3017 3031 3088 τὴν
3062 3017 3330 3087 ἀνάληψιν
3363 3017 3506 3085 λόγῳ
3540 3015 3637 3068 αὖ·

2053 3111 2150 3164 τοῦ
2169 3124 2182 3140 ·
2219 3129 2237 3161 ι
2272 3108 2514 3172 Θάνατος
2549 3111 2648 3179 μὲν
2678 3109 2897 3180 εἰσῆλθε
2924 3110 3014 3163 διὰ
3043 3110 3143 3181 τὴν
3165 3107 3636 3179 παρακοὴν,λύων

2053 3201 2108 3255 δὲ
2131 3204 2281 3272 ὅμως
2307 3201 2406 3273 τὴν
2433 3203 2530 3269 τῆς
2565 3200 2799 3269 ἀπειλῆς
2835 3201 3022 3272 ἀκμὴν
3050 3203 3076 3253 6
3104 3201 3236 3262 Θεὸς
3261 3199 3449 3252 ἐλπίδα
3475 3197 3639 3259 εὐθὺς

2051 3277 2352 3356 ἀθανασίας
2383 3294 2624 3348 ἀνέτειλε
2667 3293 2746 3364 τῷ
2776 3295 2946 3364 γένει,
2986 3293 3081 3347 καὶ
3111 3293 3204 3346 τὸν
3248 3292 3422 3363 Ἐνὼχ
3446 3295 3509 3346 ὲκ
3537 3293 3638 3363 μέ-

2051 3401 2146 3439 σου
2183 3384 2446 3454 ἀρπάζει,
2477 3383 2778 3440 κάντεῦθεν
2811 3385 2910 3456 τὴν
2943 3385 3146 3458 θνητὴν
3185 3384 3430 3439 ἐδίδασκε
3476 3384 3640 3456 φύσιν

2049 3476 2208 3546 ὄρους
2244 3477 2548 3540 ἀθανασίας
2587 3477 2706 3547 ἅμα
2740 3476 3088 3548 ἐκδέχεσθαι.
3126 3496 3144 3530 ι
3193 3477 3381 3530 Ταῦτα
3418 3475 3518 3546 μὲν
3543 3470 3637 3528 οὖν

2050 3567 2431 3622 ἐπιϐεϐαιοῦσι
2481 3569 2578 3622 καὶ
2609 3571 2658 3622 oi
2693 3569 2938 3640 parentat
3000 3567 3241 3638 Χριστοῦ
3271 3567 3520 3636 λέγοντες
3553 3567 3638 3620 ὅτι

2051 3662 2148 3729 τὴν
2210 3660 2626 3731 ἀπαφθάρτισιν
2685 3661 2848 3730 ἡμῶν
2897 3662 2994 3714 κα)⁸
3043 3660 3357 3725 πολυζωῖαν
3385 3660 3453 3713 τὰ
3492 3659 3636 3712 κατὰ

2051 3753 2142 3807 τὸν
2177 3753 2348 3824 Ἑνὼχ
2401 3754 2497 3808 καὶ
2563 3751 2750 3807 Ἧλίαν
2787 3747 3036 3822 ἐναργῶς
3073 3755 3336 3824 παριστᾷ.
3391 3753 3636 3824 Πρόσεχε

2051 3845 2144 3900 οὖν
2163 3863 2178 3877 ·
2201 3845 2300 3916 τὴν
2323 3846 2432 3917 γὰρ
2483 3847 2896 3918 ἀπαφθάρτισιν
2927 3847 3083 3918 ἡμῶν
3126 3849 3219 3900 καὶ
3243 3847 3641 3902 ἀπαθανάτισιν

2052 3935 2160 3988 ἀπὸ
2188 3934 2326 3988 Θεοῦ
2359 3934 2540 3987 λαϐὼν
2571 3937 2599 3988 6
2648 3935 2823 4006 Ἑνὼχ
2885 3937 2976 3990 διὰ
3023 3937 3125 4005 τῆς
3161 3937 3509 4004 μεταθέσεως
3539 3936 3640 4006 τὴν

2053 4027 2254 4098 θνητὴν
2296 4027 2542 4082 ἐδίδασκε
2606 4027 2768 4097 φύσιν
2801 4027 2980 4097 ἡμῶν,
3027 4027 3102 4090 ὡς
3134 4028 3236 4100 ἤδη
3285 4028 3640 4097 προείρηται,

2051 4123 2209 4190 ὅρους
2235 4121 2538 4186 ἀθανασίας
2567 4121 2906 4192 ἐκδέχεσθαι.
2960 4123 3069 4174 Καὶ
3127 4114 3272 4174 οὗτοι
3311 4122 3410 4191 μὲν
3440 4121 3636 4182 οὕτως·

2051 4214 2164 4268 ὁδὲ
2219 4213 2626 4286 χρυσόρῥήμων
2670 4215 2927 4286 Ἰωάννης
2988 4214 3380 4284 ἀριδηλότερον
3433 4213 3638 4279 ἔδειξεν

2052 4307 2142 4362 ὅτι
2181 4309 2282 4380 τὴν
2335 4308 2752 4378 ἀπαφθάρτισιν
2806 4306 3017 4376 ταύτην
3072 4306 3100 4359 6
3163 4306 3380 4377 πρῶτος
3434 4309 3643 4367 ἐκεῖνος

2056 4396 2202 4471 εἶχεν
2247 4399 2556 4470 ἄνθρωπος,
2591 4399 2734 4453 οὕτω
2784 4400 2926 4454 κατά
2956 4399 3104 4465 λέξιν
3135 4399 3345 4452 εἰπών’
3379 4419 3397 4452 ι
3428 4396 3643 4469 Εὑηρέ-

367 4493 499 4547 mini
544 4495 842 4550 bonitatem
892 4497 1124 4552 intuere.
1155 4497 1292 4554 Cum
1324 4502 1468 4555 enim
1521 4502 1812 4571 reperisset
1846 4503 1946 4558 Ιιο-

2057 4511 2252 4565 στησεν
2319 4495 2491 4563 Ἑνὼχ
2557 4493 2636 4564 τῷ
2670 4493 2808 4563 Θεῷ,
2841 4492 2936 4547 καὶ
2982 4493 3352 4564 μετατίθεται.
3394 4494 3505 4550 Καὶ
3531 4495 3635 4562 ὅρα

368 4583 569 4638 minem
596 4585 812 4657 egregia
841 4589 1040 4642 virtute
1072 4589 1385 4658 praeditum,
1440 4607 1549 4644 non
1590 4606 1652 4645 ea
1685 4591 1948 4663 dignitate

365 4675 564 4742 spoliat
591 4676 770 4746 ipsum
811 4695 973 4746 quam
1019 4689 1146 4734 ante
1181 4680 1422 4735 mandati
1465 4680 1810 4736 violationcm
1847 4683 1945 4738 bo-

370 4764 504 4818 mini
535 4767 768 4835 primutu
811 4767 1044 4824 formato
1075 4770 1300 4840 largitus
1331 4770 1529 4824 fuerat.
1565 4789 1584 4822 ι
1621 4769 1828 4838 Quodsi
1878 4771 1950 4826 ita

371 4867 476 4923 est,
509 4858 641 4928 quid
703 4861 882 4916 verbis
934 4873 1018 4916 est
1066 4864 1243 4934 Opus!
1288 4862 1424 4917 Nam
1459 4862 1504 4918 si
1550 4864 1760 4934 primus
1786 4861 1950 4918 homo

371 4948 771 5027 immunitatem
799 4953 944 5008 illam
975 4953 1045 5008 ab
1071 4954 1296 5010 interitu
1329 4955 1539 5022 habuit,
1569 4971 1731 5026 quam
1766 4966 1823 5012 ut
1853 4958 1951 5014 lto-

366 5042 546 5096 mincs
584 5054 902 5114 exspectent
931 5043 1514 5102 Enoclms’translatus
1540 5047 1749 5112 docuit,
1773 5051 1952 5104 omni-

368 5149 441 5188 no
473 5137 822 5205 perspicuum
882 5149 963 5192 εει
1019 5139 1164 5205 quod
1210 5154 1239 5192 a
1298 5138 1408 5192 Deo
1441 5139 1565 5193 talis
1595 5141 1853 5194 conditus
1882 5139 1950 5194 ab

370 5228 526 5283 initio
552 5229 738 5292 fuerit,
771 5230 986 5299 qualem
1010 5245 1076 5284 ex
1101 5232 1333 5285 mortuis
1364 5238 1801 5286 resurrecturum
1824 5247 1950 5286 ora-

369 5324 490 5378 cula
522 5323 705 5376 divina
740 5324 986 5377 tradunt.
1043 5324 1138 5378 llis
1193 5334 1248 5378 tu
1287 5324 1447 5379 fidem
1501 5325 1764 5396 deregare
1816 5326 1948 5381 noli.

371 5415 507 5469 Nam
533 5422 588 5468 et
620 5415 945 5469 Anastasius
976 5417 1064 5470 ille
1098 5416 1357 5480 Sinaites,
1394 5417 1449 5471 in
1481 5417 1729 5473 oratione
1758 5435 1854 5474 sua
1885 5419 1952 5474 de

373 5510 805 5573 resurrectione,
843 5508 1027 5567 verbis
1077 5510 1164 5567 his
1212 5511 1402 5567 eadem
1451 5512 1793 5583 apertissime
1845 5522 1951 5567 tra-

445 5672 493 5705 ⁸⁸
520 5672 645 5744 Sap.
679 5692 713 5739 ι,
755 5675 836 5730 15.

2056 4589 2326 4641 Δεσπότου
2354 4586 2691 4655 ἀγαθὸτητα.
2735 4585 2926 4657 Εὐρὼν
2957 4587 3067 4657 γὰρ
3093 4587 3265 4657 ἄνδρα
3295 4586 3412 4656 τὴν-
3433 4584 3638 4657 ἀρετὴν

2057 4675 2460 4750 κατωρθωκὸτα
2510 4679 2611 4732 οὐκ
2657 4679 3020 4750 ἀπεστέρισεν
3069 4679 3233 4734 αὑτὸν
3252 4679 3350 4748 τῆς
3381 4679 3535 4743 ἀξίας
3569 4679 3640 4749 ἢν

2056 4771 2138 4840 τῷ
2159 4769 2576 4842 πρωτοπλάστῳ
2629 4770 2928 4840 ἐχαρίσατο
2966 4770 3072 4840 πρὸ
3117 4769 3216 4839 τῆς
3266 4768 3640 4837 παραὸάσεως

2057 4864 2157 4933 τῆς
2187 4862 2430 4933 ἐντολῆς.
2472 4882 2496 4916 ι
2547 4863 2610 4918 Et
2646 4863 2705 4917 δὲ
2737 4862 2896 4916 τοῦτο
2926 4859 3096 4926 οὕτως
3130 4861 3268 4932 ἔχει,
3308 4863 3360 4914 τί
3398 4862 3505 4931 χρὴ
3537 4859 3639 4912 καὶ

2059 4956 2278 5023 λέγεινς
2337 4955 2399 5008 Εί
2451 4955 2561 5027 γὰρ
2615 4955 2643 5008 6
2703 4953 2918 5025 πρῶτος
2952 4956 3160 5016 ἐκεῖνος
3215 4953 3509 5024 ἄνθρωπος
3535 4951 3638 5021 τὴν

2059 5047 2470 5117 ἀπαφθάρτισιν
2511 5043 2622 5118 εἶχε
2663 5047 2892 5118 ταύτην,
2923 5048 2991 5119 ἢν
3031 5045 3347 5117 ἐκδέχεσθαι
3377 5045 3477 5116 τὴν
3508 5045 3641 5115 θνη-

2058 5140 2158 5212 τὴν
2193 5141 2356 5210 φύσιν
2389 5141 2637 5194 ἐδίδασκε
2697 5141 3015 5212 μετατεθεὶς
3041 5143 3071 5194 6
3140 5139 3334 5209 Ἑνὼχ,
3382 5140 3639 5210 φαίνεται

2059 5237 2276 5299 πάντως
2330 5235 2413 5288 ὅτι
2449 5233 2691 5296 τοιοῦτος
2720 5234 2824 5286 ὑπὸ
2851 5233 2986 5287 Θεοῦ
3018 5233 3279 5304 παρήχθη
3305 5232 3425 5286 κατ’
3460 5232 3640 5302 ἀρχὰς

2057 5331 2086 5382 6
2114 5330 2401 5400 ἄνθρωπος
2458 5329 2644 5381 ὁποῖον
2680 5327 2846 5380 αὐτὸν
2880 5330 2942 5379 ὲκ
2973 5326 3185 5396 νεκρῶν
3235 5323 3530 5398 ἐγερθῆναι
3565 5327 3639 5379 τὰ

2060 5422 2180 5476 θεῖα
2209 5421 2479 5489 φάσκουσι
2507 5420 2684 5486 λόγια.
2729 5419 2820 5489 Μὴ
2866 5415 2962 5472 οὖν
2995 5421 3214 5473 ἀπίστει
3253 5422 3365 5480 τοῖς
3400 5419 3639 5488 λεγομέο

2061 5528 2194 5574 νοις.
2220 5509 2365 5578 Ὅρα
2391 5508 2503 5580 γὰρ
2526 5510 2608 5562 ὅτι
2635 5508 2730 5562 καὶ
2754 5511 2781 5562 6
2813 5511 3068 5577 Σιναῖτης
3101 5509 3242 5574 θεῖος
3281 5509 3640 5570 Ἀναστάσιος
