4062 6186
372 265 468 327 185

1663 260 2069 330 ANNALIUM
2106 261 2299 324 PARS
2339 263 2386 326 Ι,

3523 268 3621 334 186

366 384 424 432 ἐν
454 375 529 449 τῷ
552 391 690 447 περι
714 374 1065 439 ἀναστασεως
1092 374 1237 446 λόγῳ
1287 373 1454 429 αὐτοῦ
1482 372 1573 428 τὸν
1602 386 1732 447 περι
1754 366 1943 428 τᾶστῢυ

2051 386 2181 432 ctat.
2206 377 2336 433 Tale
2360 377 2681 435 suseitatum
2713 388 2798 434 est
2826 395 2887 434 ex
2923 380 3153 436 mortuis
3174 396 3391 451 corpus.
3419 382 3624 439 dudum

364 473 523 539 λόγον
552 469 937 542 ἀριδηλότερον
969 470 1223 533 ποιεῖται,
1257 468 1351 521 καὶ
1387 465 1531 521 οὕτω
1559 467 1695 537 φησί
1721 483 1737 497 ·
1770 486 1788 519 ι
1822 469 1946 520 Τοιο

362 564 521 617 οὖτον
556 564 621 615 ὲκ
646 560 854 632 νεκρῶν
878 562 1171 630 ἐγήγερται
1196 561 1256 613 τὺ
1283 559 1441 630 σῶμα
1461 560 1522 611 τὸ
1552 559 1740 621 πεσὸν,
1765 561 1946 611 ὁποῖον

361 652 433 726 ἦν
465 653 563 708 ἀπ’
600 653 799 724 ἀρχῆς,
823 652 1237 721 ἀποϐαλόμενον
1267 651 1413 705 ἆπαν
1445 651 1583 721 ὅπερ
1622 650 1822 718 ἔφθασε
1858 649 1945 703 διὰ

365 751 469 819 τὴν
492 747 773 817 ἁμαρτίαν
797 745 1169 814 ὲπισυμϐῆναι
1199 743 1365 813 αὐτῷ.
1408 762 1426 795 ι
1467 744 1707 812 Πρόσεχε
1744 740 1855 796 οὖν.
1884 743 1946 794 Εἰ

367 843 475 911 γὰρ
501 840 747 893 τοιοῦτον
775 839 1075 907 ἐγήγερται
1128 837 1312 889 ὁποῖον
1334 831 1403 906 ἦν
1440 835 1534 887 ἀπ’
1564 834 1760 903 ἀρχῆς,
1795 834 1855 885 τὸ
1890 834 1946 886 δὲ

368 932 726 1003 ἐγειρόμενον
761 931 940 982 ἐκεῖνο
973 928 1136 996 σῶμα
1165 927 1289 978 τότε
1332 926 1564 979 θανάτου
1604 926 1700 978 καὶ
1739 922 1947 993 φθορᾶς

368 1026 600 1095 ἄμεινον
616 1023 909 1093 ἐγερθῆναι
929 1020 1304 1092 ὡμολόγηται,
1329 1021 1420 1071 καὶ
1440 1018 1651 1087 βεϐαιοῖ
1678 1016 1765 1069 τὸν
1789 1018 1946 1084 λόγον

364 1121 398 1172 6
429 1119 732 1188 πάμμεγας
764 1114 974 1176 Παῦλος
1003 1112 1146 1165 οὕτω
1179 1111 1354 1179 λέγων
1380 1126 1393 1142 ο
1422 1129 1447 1162 ι
1486 1111 1578 1162 Δεῖ
1614 1108 1676 1161 τὸ
1709 1108 1946 1179 φθαρτὸν

366 1211 531 1264 τοῦτο
581 1207 911 1262 ἐνδύσασθαι
958 1205 1295 1275 ἀφθαρσίαν,
1328 1204 1423 1255 καὶ
1469 1202 1530 1254 τὸ
1559 1200 1753 1265 θνητὸν
1792 1199 1947 1251 τοῦτο

368 1300 703 1355 ἐνδύσασθαι
737 1297 1065 1360 ἀθανασίαν,
1106 1314 1124 1347 ι
1155 1294 1378 1364 εὔδηλον
1411 1297 1627 1355 πάντως
1665 1294 1747 1346 ὅτι
1774 1289 1947 1343 καὶτὸ

366 1393 532 1463 σῶμα
563 1394 762 1455 ἐκεῖνο,
786 1390 931 1456 λέγω
951 1390 1014 1458 δὴ
1044 1390 1105 1441 τὸ
1134 1386 1367 1460 πρώτως
1398 1386 1505 1440 ὑπὸ
1530 1384 1665 1438 Θεοῦ
1697 1382 1945 1453 ποιηθὲν,

310 1486 319 1491 ’
362 1489 646 1540 ἀθάνατον
690 1484 907 1553 ἀληθῶς
968 1482 1184 1552 ὑπῆρχε
1232 1481 1330 1533 καὶ
1379 1479 1679 1549 ἄφθαρτον,
1732 1477 1807 1540 ὡς
1844 1476 1947 1547 ήδη

368 1581 637 1642 πολλάκις
656 1579 984 1648 εἰρήκαμεν.
1018 1575 1159 1629 Αὐτὸ
1182 1573 1339 1627 τοῦτο
1364 1572 1665 1641 παρίστησι
1693 1573 1789 1622 καὶ⁸
1806 1569 1948 1622 Νυσ-

366 1672 541 1735 σαεὺς
593 1671 736 1732 θεῖος
794 1668 1117 1739 Γρηγόριος,
1152 1667 1313 1737 ἡνίκα
1346 1667 1442 1717 καὶ
1477 1663 1681 1733 μᾶλλον
1717 1662 1946 1732 εὓρηται

365 1765 433 1817 τὸ
486 1763 582 1816 τοῦ
622 1758 1111 1831 Ἐκκλησιαστικοῦ
1169 1758 1332 1828 ῥητὸν
1388 1756 1828 1826 ὲπεξηγούμενος
1885 1753 1944 1805 τὸ
1981 1746 2022 1804 Β

364 1853 737 1921 διαλαμϐάνον
762 1852 937 1912 οὕτως
968 1853 1026 1903 ἐν
1051 1850 1230 1915 λέξεσι
1253 1866 1268 1880 ο
1308 1868 1325 1900 ι
1355 1850 1419 1901 Τί
1438 1850 1499 1900 τὸ
1526 1848 1783 1916 γεγονός;
1815 1845 1948 1899 αὐτὸ

364 1946 433 1999 τὸ
460 1944 850 2014 γενησόμενον.
895 1943 1003 1995 Καὶ
1046 1942 1101 1992 τί
1160 1940 1222 1993 τὸ
1260 1941 1666 2010 πεποιημένους
1725 1938 1859 1990 αὐτὸ
1888 1935 1949 1988 τὸ

366 2036 830 2107 ποιηθησόμενον.
871 2052 892 2085 ι
932 2034 1094 2101 Λέγει
1116 2033 1226 2103 γὰρ
1254 2033 1336 2085 ὅτι
1369 2033 1514 2101 χειρὶ
1543 2030 1679 2083 Θεοῦ
1719 2045 1950 2097 πεποιη-

370 2129 537 2198 μένος
563 2127 851 2197 ἄνθρωπος
873 2125 973 2193 οὐχ
1020 2125 1049 2177 ὃ
1078 2123 1174 2176 νῦν
1205 2125 1323 2176 ἐστι
1359 2123 1447 2176 διὰ
1499 2122 1601 2191 τὴν
1649 2120 1949 2190 ἁμαρτίαν,

366 2214 547 2283 ἡγουν
577 2214 810 2283 τρεπτδς
866 2213 962 2265 καὶ
996 2212 1262 2283 φθαρτὸς.
1313 2211 1471 2263 τοῦτο
1514 2206 1584 2279 ἦν
1623 2210 1718 2262 ἀπ’
1748 2210 1946 2278 ἀρχῆς.

366 2306 488 2359 ἀλλ’
524 2305 554 2357 ὃ
587 2303 949 2374 ποιηθήσεται
984 2303 1238 2372 ὕστερον,
1286 2302 1557 2373 ἄτρεπτος
1583 2301 1827 2372 δηλονότι
1855 2298 1950 2352 καὶ

366 2394 675 2463 ἄφθαρτος.
710 2394 883 2463 Ετπερ
925 2390 1021 2446 οὖν
1066 2395 1094 2444 6
1123 2392 1257 2455 Θεὸς
1290 2390 1377 2443 ἐπ’
1412 2391 1691 2461 ἀφθαρσίᾳ
1742 2391 1830 2443 τὸν
1856 2389 1951 2442 ἀν’

367 2488 593 2556 θρωπον
615 2486 822 2551 ἔκτισε,
876 2485 1205 2539 κατέίκόνα
1241 2487 1340 2553 τῆς
1395 2484 1697 2553 ἁῖδιότητος
1757 2481 1947 2545 αὑτοῦ,

360 2580 523 2635 καθά
547 2596 680 2648 φησι
711 2578 964 2648 Σολομὼν
984 2593 999 2607 ·
1043 2579 1207 2648 εἴπερ
1237 2573 1331 2632 οὖν
1363 2577 1532 2641 ἔδειξε
1554 2578 1612 2628 τὸ
1638 2578 1832 2629 οἰκεῖον
1858 2593 1948 2641 φι-

354 2672 596 2739 λότιμον
640 2668 910 2739 μεταδοὺς
939 2666 1089 2737 αὑτῷ
1116 2667 1294 2737 ψυχῆς
1324 2668 1518 2736 νοερᾶς
1562 2666 1635 2727 ὡς
1667 2662 1810 2717 εἶναι
1840 2652 1951 2719 ’καὶ

365 2762 648 2818 ἀθάνατον
676 2761 733 2823 ἐς
752 2760 1109 2837 τὸδιηνεκὲς,
1136 2761 1211 2823 ὼς
1246 2761 1274 2813 6
1306 2758 1541 2830 χρυσοῦς
1566 2760 1663 2830 τὴν
1703 2758 1950 2827 γλῶττάν

369 2873 544 2926 φησιν
562 2872 576 2886 ⁸
599 2854 759 2924 εἴπερ
787 2853 880 2906 οὖν
899 2853 1049 2927 ζωῆς
1080 2855 1301 2907 αἰωνίου
1326 2852 1630 2906 ἀπόλαυσιν
1656 2853 1949 2924 ἐχαρίσατο

360 2948 451 3017 τῷ
480 2945 760 3017 ἀνθρώπῳ
792 2946 919 3000 κατ’
953 2947 1132 3015 ἀρχὰς
1164 2947 1195 2999 6
1233 2946 1388 3010 Θεὸς,
1428 2945 1503 3008 ὡς
1530 2947 1558 2997 ὀ
1605 2948 1778 3015 μέγας
1815 2947 1949 3016 φησὶ

356 3040 692 3101 Bautis-ter
750 3037 911 3107 ειπερ
950 3033 1044 3090 οὖν
1086 3039 1117 3107 ἡ
1171 3037 1367 3106 πρώτη
1402 3037 1618 3098 ποίησις
1648 3036 1740 3088 τοῦ
1779 3036 1949 3104 Ἀδὰμ

368 3129 653 3198 ᾱςθαρτος
702 3123 793 3197 ἦν,
832 3127 907 3189 ὡς
945 3128 973 3178 6
1011 3127 1267 3194 Σιναῖτης
1305 3125 1442 3195 φησὶ
1493 3107 1636 3186 θεῖος
1682 3126 1948 3178 Ἀναστά-

370 3238 487 3283 me;
514 3236 528 3252 ο
556 3220 727 3286 εἴπερ
765 3216 864 3273 οὖν
889 3217 1107 3285 ἀξίωμα
1156 3216 1355 3269 δέδωκε
1393 3216 1472 3285 τῷ
1508 3215 1783 3285 ἀνθρώπῳ
1830 3216 1948 3269 κατ’

362 3313 551 3384 ἀρχὰς
586 3314 615 3364 ὀ
676 3311 806 3373 Θεὸς
846 3310 907 3363 τὸ
958 3310 1227 3362 ἀθάνατον
1277 3309 1370 3361 καὶ
1423 3307 1749 3379 ἀνώλεθρον,
1790 3306 1863 3369 ὡς
1922 3309 1950 3359 6

362 3407 513 3472 θεῖος
565 3406 823 3475 ’Δνδρέας
874 3403 1106 3474 εὓρηται
1148 3402 1361 3471 λέγων’
1399 3402 1555 3472 εἰπερ
1604 3401 1948 3468 αὑτεξουσιό-

363 3517 494 3571 τητι
542 3499 637 3552 καὶ
687 3494 958 3565 ἀθανασίᾳ
989 3495 1228 3564 τιμήσας
1271 3493 1364 3546 τὸν
1401 3494 1689 3563 ἄνθρωπον
1734 3497 1763 3547 6
1817 3495 1948 3557 Θεὸς

356 3593 602 3665 ,βασιλέα
626 3592 848 3645 πάντων
902 3590 1012 3640 τῶν
1042 3587 1303 3654 ἐπιγείων
1344 3588 1667 3655 κατέστησε,
1701 3586 1949 3655 καθάπερ

363 3690 394 3741 6
422 3684 695 3755 μακάριός
719 3698 853 3752 φησι
876 3680 1167 3750 Βαρλαάμ,
1193 3680 1312 3742 πῶς
1342 3679 1529 3732 λοιπὸν
1559 3678 1753 3749 θνητὸν
1786 3678 1948 3731 αὑτὸν

362 3776 509 3849 ὁμοῦ
537 3778 633 3829 καὶ
669 3775 938 3827 ἀθάνατον
974 3770 1079 3823 ὑπὸ
1108 3770 1246 3824 Θεοῦ
1274 3770 1631 3841 παραχθῆναι
1672 3772 1947 3841 είπωμεν;

362 3869 711 3933 ἀνι-ιδεκτον,
743 3866 818 3928 ὡς
842 3861 1018 3936 οἶμαι,
1052 3863 1213 3916 τοῦτο
1246 3864 1340 3917 καὶ
1370 3863 1492 3917 λίαν
1522 3863 1660 3916 ἐστί.
1690 3865 1809 3917 ,Καὶ
1836 3865 1947 3927 πῶς

2050 471 2371 540 collapsum,
2404 473 2562 540 quale
2591 473 2661 527 ab
2715 472 2869 527 initio
2914 484 3052 537 erat,
3089 476 3305 543 rejectis
3337 484 3497 545 atque
3530 478 3627 530 de-

2050 563 2244 634 positis
2277 564 2533 618 omnibus
2583 581 2704 633 qlia}
2741 566 2889 632 prius
2922 567 2968 619 ei
3012 582 3109 635 per
3152 577 3430 634 peccatum
3479 568 3625 621 acci-

2050 656 2204 711 dere.
2236 656 2407 712 Velim
2444 658 2528 712 his
2560 658 2689 711 mihi
2751 659 2932 712 verbis
2983 660 3225 712 animum
3256 660 3529 713 advertas.
3565 660 3621 713 Si

2052 750 2141 802 tali
2165 750 2489 804 suscitatqu
2532 760 2615 803 est
2645 750 2801 817 quale
2828 749 2895 803 ab
2936 749 3089 802 initio
3117 760 3256 814 erat,
3297 753 3395 804 etsi
3424 766 3624 820 corpus

2052 840 2204 903 illud,
2238 841 2380 909 quod
2413 839 2702 902 excitatur,
2734 841 2810 893 sic
2839 840 3089 893 suscitari
3123 852 3336 896 constat
3362 851 3419 896 ut
3458 858 3621 911 supra

2053 943 2281 988 mortem
2314 932 2703 1000 interitumque
2737 934 2971 1001 positum
3004 933 3094 997 sit,
3127 936 3267 1002 quod
3303 934 3478 1003 ipsum
3512 952 3623 989 ma-

2051 1040 2187 1095 gnus
2228 1025 2314 1080 ille
2360 1024 2562 1079 Paulus
2592 1023 2878 1077 conﬁrmat
2912 1024 3062 1077 hisce
3092 1024 3273 1079 verbis
3302 1042 3314 1077 :
3348 1044 3365 1074 ι
3399 1024 3628 1094 Oportet

2052 1116 2156 1168 hoc
2186 1114 2545 1184 corruptibile
2576 1112 2976 1181 incorrttptihili
3015 1123 3235 1178 natura,
3266 1123 3320 1168 ct
3350 1115 3451 1169 hoc
3480 1131 3626 1168 mor-

2052 1207 2158 1260 tale
2191 1205 2599 1259 immortalitate
2630 1204 2778 1257 indui
2808 1205 2873 1268 ⁸³,
2913 1224 2930 1255 ι
2953 1204 3136 1273 'plaue
3163 1205 3511 1273 perspicuum
3545 1215 3629 1259 est

2050 1300 2213 1355 etiam
2246 1314 2444 1367 corpus
2474 1298 2625 1361 illud,
2649 1297 2791 1367 quod
2835 1306 2919 1351 est
2942 1298 3184 1350 omnium
3215 1297 3391 1366 primo
3422 1298 3628 1350 factum

2052 1407 2080 1445 a
2114 1391 2243 1453 Deo,
2293 1405 2481 1445 revera
2525 1389 2834 1445 immortale
2871 1405 2935 1443 ac
2973 1389 3228 1443 interitus
3262 1404 3457 1459 expers
3492 1390 3633 1443 [uisa

2051 1499 2108 1539 se
2139 1482 2273 1551 (20‘),
2299 1482 2456 1538 sicuti
2482 1483 2594 1550 jam
2628 1496 2771 1550 διὀβο
2801 1482 3061 1535 diximus.
3093 1480 3236 1533 ldem
3263 1490 3315 1534 et
3343 1479 3633 1550 Nysseusis

2052 1577 2141 1631 ille
2173 1575 2469 1645 Gregorius
2511 1575 2621 1644 90
2663 1573 2848 1637 tradit,
2883 1572 2973 1626 ubi
3020 1572 3225 1626 dictum
3272 1572 3401 1625 illud
3435 1573 3623 1626 liccle-

2053 1670 2233 1725 siastte
2266 1668 2528 1728 declarat,
2565 1666 2721 1733 cujus
2753 1667 2868 1717 inre
2914 1663 3076 1716 verba
3106 1671 3235 1715 sunt
3264 1680 3277 1716 :
3322 1680 3340 1713 ι
3373 1660 3513 1726 Quid
3543 1668 3628 1715 est

2051 1760 2194 1830 quod
2224 1759 2363 1813 fuit?
2390 1760 2531 1812 idem
2557 1757 2684 1810 illud
2716 1754 2859 1825 quod
2892 1756 3018 1808 erit.
3048 1752 3186 1818 Quid
3213 1752 3448 1806 factum?
3480 1752 3625 1806 idem

2054 1855 2183 1909 illud
2212 1854 2354 1923 quod
2390 1854 2477 1907 ﬁet
2508 1854 2576 1905 το.
2613 1871 2631 1902 ›
2657 1853 2839 1919 lnquit
2867 1851 3010 1903 enim
3051 1851 3153 1903 hoc
3187 1850 3306 1903 loco
3344 1863 3505 1901 manu
3534 1848 3626 1902 Dei

2053 1946 2256 2001 factum
2291 1946 2591 2007 hominem,
2636 1957 2745 1997 non
2794 1943 2937 2011 quod
2984 1957 3131 1995 nunc
3179 1951 3398 2011 propter
3430 1956 3626 2009 pecca-

2056 2049 2169 2093 tum
2199 2049 2302 2100 est.
2347 2037 2606 2090 nimirum
2639 2035 2926 2089 mutationi
2962 2044 3016 2089 et
3050 2033 3291 2088 interitui
3339 2033 3624 2093 obnoxius,

2052 2134 2121 2185 ah
2152 2131 2310 2184 initio
2364 2129 2553 2193 fuisse,
2592 2127 2685 2181 sed
2719 2126 2863 2195 quod
2907 2126 3170 2193 deinceps
3221 2123 3504 2183 etlicietur.
3536 2138 3628 2175 ex-

2054 2238 2182 2294 pers
2220 2221 2426 2276 scilicet
2459 2218 2775 2274 mutationis
2800 2228 2856 2273 et
2892 2218 3169 2272 interitus.
3205 2216 3553 2285 Quapropter
3582 2215 3629 2268 si

2054 2315 2200 2368 Deus
2235 2315 2289 2368 in
2316 2321 2460 2367 statu
2506 2310 2760 2365 interitus
2793 2319 3020 2379 experte
3051 2307 3299 2363 condidit
3347 2306 3628 2361 hominem

2052 2407 2119 2462 ad
2166 2406 2452 2476 imaginem
2486 2402 2811 2458 aeternitatis
2857 2417 2989 2464 sum,
3023 2398 3480 2470 quemadmodum
3531 2397 3634 2453 So-

2053 2501 2196 2554 lomo
2225 2498 2504 2567 loquitur;
2564 2496 2606 2549 si
2674 2495 2936 2549 honorem
2991 2492 3041 2546 ei
3093 2489 3369 2560 proprium
3412 2488 3628 2551 detulit,

2053 2590 2455 2645 communicata
2488 2603 2610 2641 cum
2642 2587 2760 2655 ipso
2786 2584 2966 2637 anima
3008 2578 3378 2651 intelligentiae
3411 2578 3462 2631 vi
3493 2593 3630 2648 pra»

2052 2682 2187 2746 dita,
2207 2698 2314 2752 quo
2345 2696 2605 2751 perpetuo
2629 2675 2954 2732 immortalis
2977 2681 3142 2749 esset,
3163 2670 3627 2739 quemadmodum

2052 2773 2478 2843 Chrysostomus
2516 2771 2629 2833 ait;
2681 2769 2725 2822 si
2766 2777 2985 2820 aeterna:
3010 2763 3133 2817 vita:
3178 2759 3491 2815 fruitioucm
3518 2758 3630 2811 lar-

2052 2870 2195 2938 gitus
2227 2875 2310 2919 est
2359 2863 2565 2918 homini
2601 2863 2667 2915 al)
2722 2861 2879 2913 initio
2931 2860 3090 2919 Deus,
3146 2867 3202 2909 ut
3252 2868 3479 2923 magnus
3539 2851 3631 2905 ille

2056 2959 2286 3014 Basilius
2313 2957 2592 3025 loquitur;
2623 2955 2667 3007 si
2695 2951 2887 3007 Adami
2926 2949 3100 3018 prima
3138 2947 3344 3000 crcatio
3377 2944 3632 2997 interitus

2054 3062 2170 3108 erat
2200 3052 2423 3119 expers,
2462 3058 2521 3101 ut
2573 3042 2893 3098 Anastasius
2932 3039 3021 3093 ille
3059 3037 3298 3092 Siuaites
3339 3035 3545 3104 inquit;
3582 3038 3633 3087 si

2052 3144 2372 3217 dignitatem
2433 3141 2574 3194 hanc
2623 3137 2691 3190 ab
2746 3133 2904 3188 initio
2953 3131 3098 3186 Deus
3140 3126 3348 3184 homini
3385 3126 3535 3179 dedit
3570 3135 3631 3177 nt

2050 3228 2372 3309 immortalis
2421 3241 2475 3286 et
2506 3226 2940 3298 iucorruptibilis
2972 3232 3136 3286 esset,
3174 3229 3233 3274 ut
3272 3219 3355 3272 vir
3409 3218 3628 3270 divinus

2048 3330 2295 3385 Andreas
2324 3326 2527 3381 dixisse
2557 3321 2859 3392 reperitur;
2893 3318 2938 3372 si
2982 3314 3259 3370 hominem
3294 3311 3435 3365 Deus
3459 3310 3629 3363 liber-

2053 3432 2160 3477 tate
2186 3417 2486 3474 voluntatis
2526 3416 2786 3469 donatum
2817 3418 2874 3465 et
2926 3420 3252 3463 exornatum
3303 3401 3631 3457 immortali-

2050 3524 2160 3569 tate
2191 3527 2373 3582 regem
2396 3509 2641 3563 omnium
2670 3503 3012 3561 terrestrium
3042 3497 3340 3561 constituit,
3369 3494 3634 3566 quemad-

2050 3604 2269 3658 modum
2294 3601 2379 3655 vir
2402 3600 2595 3653 beatos
2623 3596 2937 3649 Barlaamus
2964 3591 3243 3661 praedicat,
3273 3603 3380 3657 quo
3411 3586 3626 3641 tandem

2050 3711 2143 3749 ore
2178 3693 2386 3763 pariter
2417 3707 2541 3746 eum
2576 3688 2862 3742 mortalem
2897 3700 2958 3739 ac
3019 3681 3380 3737 immortalem
3435 3696 3465 3731 ιι
3522 3680 3635 3733 Deo

2050 3783 2329 3837 conditum
2388 3779 2670 3834 dicemus?
2716 3780 2905 3847 nequit
2954 3775 3057 3828 hoc
3115 3774 3227 3827 ullo
3284 3781 3438 3840 pacto
3487 3771 3629 3836 ﬁeri,

2045 3875 2266 3944 quando
2317 3872 2678 3942 peritissimus
2713 3870 2803 3923 ille
2844 3882 3026 3921 rerutn
3074 3865 3383 3919 divinarum
3430 3862 3637 3932 Grego-

363 3961 480 4031 γὰρ
528 3961 628 4012 οὐκ
667 3958 1007 4021 ἀνένδεκτον,
1051 3957 1166 4025 ιίγε
1216 3958 1367 4008 καὶὸ
1397 3956 1565 4018 πολὺς
1605 3957 1663 4008 ὲν
1701 3956 1948 4027 θεολογίᾳ

2051 3970 2161 4022 rius
2185 3965 2453 4036 ejusmodi
2487 3978 2587 4017 nos
2610 3964 2678 4016 de
2701 3961 2923 4015 homine
2952 3961 3046 4013 illo
3076 3957 3323 4028 principe
3344 3955 3635 4022 imaginari

364 4051 673 4121 Γρηγόριος
693 4049 794 4101 οὐκ
829 4049 895 4119 ἑᾷ
926 4047 1061 4118 περὶ
1082 4045 1176 4100 τοῦ
1200 4045 1422 4117 πρώτου
1450 4046 1742 4118 ἀνθρώπου
1768 4051 1948 4099 τοιαῦ-

2051 4074 2156 4112 nnn
2211 4058 2362 4111 sinit.
2401 4056 2535 4109 Cum
2585 4054 2732 4107 enim
2791 4053 2946 4105 illum
3007 4050 3157 4103 nullo
3196 4049 3280 4101 vel
3317 4056 3637 4116 legumento

362 4160 436 4194 τα
472 4140 874 4208 φαντάζεσθαις
922 4139 1142 4202 Παντὸς
1194 4140 1304 4206 γὰρ
1363 4138 1816 4209 ὲπικαλύμματος
1858 4144 1948 4192 καὶ

2051 4153 2132 4205 vel
2168 4148 2365 4204 vestitu
2399 4146 2700 4216 indiguisse
2753 4143 2939 4209 tradit,
2968 4142 3113 4196 clare
3148 4140 3490 4194 demonstrat
3535 4153 3635 4191 or-

362 4234 756 4304 προελήματος
788 4233 1015 4286 ἀνενδεᾶ
1053 4233 1145 4285 τὸν
1178 4234 1272 4285 ἀπ’
1310 4232 1486 4301 ἀρχῆς
1532 4233 1738 4285 ἐκεῖνον
1777 4231 1948 4286 εἰπὼν

2051 4255 2180 4297 natu
2212 4240 2631 4296 immortalitatis
2680 4237 2937 4292 amictum
2977 4236 3165 4289 fuisse.
3214 4234 3502 4286 Enimvero
3546 4230 3634 4284 his

363 4326 533 4391 εἶναι,
566 4325 739 4390 ἔδειξε
765 4324 1060 4394 προφανῶς
1083 4325 1164 4377 ὅτι
1197 4323 1391 4393 στολὴν
1417 4325 1720 4385 ἀθανασίας
1744 4328 1948 4394 ἡμφιε-

2051 4333 2425 4389 contradicere
2457 4332 2596 4384 velle
2637 4330 2878 4399 iniquum
2926 4328 3110 4381 fuerit.
3144 4326 3276 4380 Nam
3312 4325 3399 4378 vel
3432 4340 3631 4391 corpus

366 4418 566 4487 σμένος
638 4412 708 4486 ἦν
735 4418 764 4468 6
817 4416 1036 4486 πρῶτος
1094 4413 1199 4467 ὑπὸ
1228 4414 1364 4466 Θεοῦ
1395 4414 1820 4485 δημιουργηθεις
1862 4415 1948 4467 ἀν-

2059 4429 2188 4482 illud
2213 4426 2594 4483 atl'octionibus
2619 4426 2767 4476 hisce
2795 4421 3135 4477 naturalibus
3160 4420 3463 4488 subjectum
3492 4427 3629 4479 erat,

366 4510 611 4580 θρωπος.
653 4508 792 4561 Ἀλλ’
814 4510 907 4561 ἐπὶ
933 4508 1145 4569 τούτοις
1171 4507 1477 4575 ἀντιλέγειν
1515 4508 1573 4559 οὺ
1600 4507 1841 4576 θεμιτόν.
1875 4509 1945 4559 Ἢ

2054 4531 2109 4575 et
2164 4535 2261 4589 pro
2308 4520 2562 4573 conl‘esso
2613 4525 2888 4571 statuetur
2940 4513 3234 4569 obnoxium
3292 4511 3626 4578 corruptiuui

364 4603 477 4672 γάρ
516 4603 777 4656 ὑπέκειτο
827 4603 890 4653 τὸ
923 4602 1086 4671 σῶμα
1121 4603 1298 4654 ἐκεῖνο
1331 4600 1533 4654 πάθεσι
1570 4605 1819 4668 φυσικοῖς
1850 4602 1946 4653 καὶ

2056 4613 2219 4668 tuisse
2245 4630 2259 4667 :
2286 4614 2370 4667 vel
2406 4627 2568 4680 supra
2603 4624 2793 4664 omnes
2828 4607 3145 4662 affectiones
3195 4614 3311 4658 erat
3370 4604 3627 4672 positum,

368 4694 607 4762 φθαρτὸν
662 4693 1113 4762 ὁμολογουμένως
1166 4689 1277 4762 ἦν,
1337 4692 1370 4763 ἢ
1429 4692 1617 4744 παθῶν
1677 4693 1939 4745 παντοίωι

2058 4706 2512 4776 quemadmodum
2546 4703 2789 4757 oratione
2841 4699 3111 4769 superiori
3149 4708 3230 4753 est
3272 4699 3626 4750 declaratum.

368 4788 671 4856 ὑπέρτερον
723 4783 814 4857 ἦν,
866 4786 939 4848 ὡς
978 4785 1181 4853 ὁλόγος
1220 4785 1320 4856 ήδη
1368 4784 1632 4853 διείληφε.
1676 4785 1782 4839 Καὶ
1819 4786 1945 4854 περὶ

2051 4802 2246 4869 Itaque
2282 4802 2349 4855 de
2379 4797 2893 4868 incorruptilrilitate
2926 4795 3096 4863 ipsius
3123 4793 3345 4846 minime
3373 4793 3632 4845 doman-

364 4879 683 4948 ἀφθαρσίας
701 4878 1064 4948 ἀμφιόἀλλειν
1087 4879 1146 4929 οὐ
1163 4879 1289 4949 χρὴ·
1318 4879 1570 4946 φαίνεται
1591 4880 1695 4948 γὰρ
1723 4882 1800 4933 ἔτι
1818 4879 1946 4948 φθο-

366 4974 442 5043 ρᾷ
478 4972 775 5042 οίᾳδήποτε
812 4972 890 5041 μὴ
922 4970 1279 5041 ὑποκείμενον
1312 4970 1525 5040 ἀληθῶς
1560 4973 1835 5042 ἄοθαρτον
1854 4968 1942 5044 ἦν.

436 5068 595 5123 οὕτω
629 5068 729 5139 μὲν
763 5064 878 5132 οὖν,
900 5067 1174 5137 ἁγαπητὲ,
1201 5067 1295 5119 καὶ
1325 5069 1384 5119 τὸ
1410 5068 1569 5137 σῶμα
1602 5068 1697 5121 τοῦ
1739 5070 1941 5139 Κυρίου

359 5162 523 5233 ἡμῶν
563 5161 745 5231 Ἰησοῦ
784 5161 1026 5232 Χριστοῦ
1059 5163 1153 5214 καὶ
1192 5160 1434 5232 φθαρτὸν
1458 5161 1808 5233 ὡμολόγηται
1839 5163 1942 5234 πρὸ

356 5253 457 5307 τοῦ
510 5253 744 5317 πάθους,
775 5253 962 5323 ἐπειδὴ
1019 5254 1217 5307 πάθεσι
1248 5257 1498 5322 ςυσικοίς
1534 5256 1807 5321 ὑπέκειτο,
1849 5257 1943 5308 καὶ

356 5346 641 5415 ἄφθαρτον
680 5341 838 5409 αὖθις
874 5347 1011 5417 μετά
1047 5346 1110 5398 τὸ
1144 5347 1314 5411 πάθος
1340 5348 1431 5401 καὶ
1461 5352 1560 5420 τὴν
1606 5351 1937 5404 ἀνάστασιν*

461 5486 506 5517 δ’
537 5482 559 5538 ι
586 5485 716 5539 Cor.
749 5501 835 5552 xv,
866 5486 961 5540 55.
1037 5486 1082 5517 ⁷ο
1109 5485 1291 5545 Eccle.
1335 5505 1372 5554 ι,
1402 5489 1456 5543 9.

425 5622 540 5690 (20)
579 5623 679 5697 llic
708 5631 762 5678 et
819 5623 958 5697 infra
1007 5624 1069 5697 _iu
1097 5627 1267 5697 multa
1321 5627 1567 5697 disputat
1620 5631 1812 5697 Giycas
1867 5634 1934 5688 de

351 5696 774 5767 immortalitate
801 5695 963 5763 primi
1006 5695 1249 5751 hominis
1283 5690 1500 5765 Adaini,
1547 5690 1731 5771 qute'a
1782 5706 1924 5757 veri-

2052 4894 2183 4947 dum
2237 4902 2344 4955 est,
2381 4909 2502 4947 cum
2540 4891 2825 4945 manifesto
2867 4895 3049 4958 pateat
3086 4886 3332 4940 interitui
3369 4885 3499 4937 nulla
3551 4900 3634 4936 rc-

2052 4999 2179 5053 apse
2215 4985 2519 5067 subjertum
2562 4983 2746 5035 fuisse.

2122 5075 2322 5131 Eodem
2358 5078 2541 5139 modo,
2580 5076 2776 5130 dilecte
2806 5074 2901 5137 ﬁli,
2945 5089 3144 5142 corpus
3204 5072 3367 5127 etiam
3412 5070 3544 5122 Βοιιι
3576 5070 3626 5118 ni

2050 5171 2219 5224 nostri
2256 5169 2383 5223 Jcsu
2415 5169 2623 5223 Christi
2662 5168 3018 5236 corruptibile
3047 5166 3218 5219 fuisse
3246 5165 3481 5219 iamnur
3502 5170 3628 5213 ante

2050 5265 2521 5332 passiouetn,cum
2549 5262 2931 5315 :lU‘TCllOlllbUS
2953 5260 3295 5314 naturalihus
3324 5258 3624 5322 subjectum

2051 5356 2233 5423 fuerit,
2263 5370 2327 5408 ac
2348 5370 2566 5407 rursum
2593 5364 2711 5422 post
2743 5354 3052 5424 passionem
3082 5363 3137 5407 et
3163 5352 3624 5407 resurrectioinzm

2049 5645 2155 5689 tate
2180 5636 2397 5707 longius
2422 5638 2703 5700 aberrant,
2745 5647 2803 5691 ut
2849 5634 3097 5705 pluribus
3134 5632 3369 5703 theologi
3417 5632 3625 5687 vdisse.

2037 5718 2167 5759 runt
2204 5724 2268 5763 ac
2297 5725 2463 5762 δεητιρ
2487 5710 2784 5777 Scriptura:
2816 5709 3170 5774 interpretes,
3208 5724 3344 5775 quos
3375 5715 3625 5764 ουηδιιιιι.
