  <div class='ocr_page' id='page_1' title='image "/cluster/home/n/w/nwhite01/storage/ocr_20150623/158/hvd.32044073502676/139.png"; bbox 0 0 4062 6186; ppageno 0'>
   <div class='ocr_carea' id='block_1_1' title="bbox 395 306 495 373">
    <p class='ocr_par' dir='ltr' id='par_1_1' title="bbox 395 306 495 373">
     <span class='ocr_line' id='line_1_1' title="bbox 395 306 495 373; baseline -0.03 0"><span class='ocrx_word' id='word_1_1' title='bbox 395 306 495 373; x_wconf 76' lang='grc'><strong>187</strong></span> 
     </span>
    </p>
   </div>
   <div class='ocr_carea' id='block_1_2' title="bbox 1676 293 2393 365">
    <p class='ocr_par' dir='ltr' id='par_1_2' title="bbox 1676 293 2393 365">
     <span class='ocr_line' id='line_1_2' title="bbox 1676 293 2393 365; baseline -0.007 0"><span class='ocrx_word' id='word_1_2' title='bbox 1676 293 2099 365; x_wconf 64' lang='lat' dir='ltr'><strong>immutans</strong></span> <span class='ocrx_word' id='word_1_3' title='bbox 2132 304 2393 363; x_wconf 65' lang='lat' dir='ltr'><strong>cum;</strong></span> 
     </span>
    </p>
   </div>
   <div class='ocr_carea' id='block_1_3' title="bbox 3556 302 3653 366">
    <p class='ocr_par' dir='ltr' id='par_1_3' title="bbox 3556 302 3653 366">
     <span class='ocr_line' id='line_1_3' title="bbox 3556 302 3653 366; baseline -0.01 0"><span class='ocrx_word' id='word_1_4' title='bbox 3556 302 3653 366; x_wconf 79' lang='lat'><strong>188</strong></span> 
     </span>
    </p>
   </div>
   <div class='ocr_carea' id='block_1_4' title="bbox 393 413 1999 492">
    <p class='ocr_par' dir='ltr' id='par_1_4' title="bbox 393 418 1975 492">
     <span class='ocr_line' id='line_1_4' title="bbox 393 418 1975 492; baseline -0.004 -15"><span class='ocrx_word' id='word_1_5' title='bbox 393 421 826 492; x_wconf 82' lang='lat' dir='ltr'><strong>incorruptibile.</strong></span> <span class='ocrx_word' id='word_1_6' title='bbox 864 420 994 475; x_wconf 76' lang='lat' dir='ltr'><strong>Nam</strong></span> <span class='ocrx_word' id='word_1_7' title='bbox 1047 419 1368 474; x_wconf 80' lang='lat' dir='ltr'><strong>aﬂ‘ectiones</strong></span> <span class='ocrx_word' id='word_1_8' title='bbox 1416 418 1688 488; x_wconf 77' lang='lat' dir='ltr'><strong>ejusmodi</strong></span> <span class='ocrx_word' id='word_1_9' title='bbox 1750 428 1975 489; x_wconf 81' lang='lat' dir='ltr'><strong>prorsiis</strong></span> 
     </span>
    </p>
   </div>
   <div class='ocr_carea' id='block_1_5' title="bbox 2105 413 3659 492">
    <p class='ocr_par' dir='ltr' id='par_1_5' title="bbox 2105 413 3659 485">
     <span class='ocr_line' id='line_1_5' title="bbox 2105 413 3659 485; baseline -0.001 -18"><span class='ocrx_word' id='word_1_10' title='bbox 2105 421 2174 468; x_wconf 69' lang='lat' dir='ltr'><strong>:a‘t</strong></span> <span class='ocrx_word' id='word_1_11' title='bbox 2202 415 2429 468; x_wconf 78' lang='grc' dir='ltr'>τοιαῦτα</span> <span class='ocrx_word' id='word_1_12' title='bbox 2484 414 2591 485; x_wconf 76' lang='grc' dir='ltr'><strong>γὰρ</strong></span> <span class='ocrx_word' id='word_1_13' title='bbox 2622 413 2855 469; x_wconf 77' lang='grc' dir='ltr'>ἀπέθετο</span> <span class='ocrx_word' id='word_1_14' title='bbox 2904 413 3048 484; x_wconf 70' lang='grc' dir='ltr'><strong>πάοη</strong></span> <span class='ocrx_word' id='word_1_15' title='bbox 3091 413 3441 468; x_wconf 74' lang='grc' dir='ltr'>παντάπασιν</span> <span class='ocrx_word' id='word_1_16' title='bbox 3469 414 3532 467; x_wconf 83' lang='grc' dir='ltr'>ὲκ</span> <span class='ocrx_word' id='word_1_17' title='bbox 3567 430 3659 466; x_wconf 83' lang='grc' dir='ltr'>νε-</span> 
     </span>
    </p>
   </div>
   <div class='ocr_carea' id='block_1_6' title="bbox 393 511 1975 583">
    <p class='ocr_par' dir='ltr' id='par_1_6' title="bbox 393 511 1975 583">
     <span class='ocr_line' id='line_1_6' title="bbox 393 511 1975 583; baseline -0.002 -16"><span class='ocrx_word' id='word_1_18' title='bbox 393 516 649 583; x_wconf 82' lang='lat' dir='ltr'><strong>deposuit</strong></span> <span class='ocrx_word' id='word_1_19' title='bbox 680 530 742 567; x_wconf 81' lang='lat' dir='ltr'><strong>ex</strong></span> <span class='ocrx_word' id='word_1_20' title='bbox 780 512 1009 566; x_wconf 76' lang='lat' dir='ltr'><strong>mortuis</strong></span> <span class='ocrx_word' id='word_1_21' title='bbox 1048 511 1396 565; x_wconf 87' lang='lat' dir='ltr'><strong>suscitatum.</strong></span> <span class='ocrx_word' id='word_1_22' title='bbox 1424 511 1538 576; x_wconf 80' lang='lat' dir='ltr'><strong>Qua</strong></span> <span class='ocrx_word' id='word_1_23' title='bbox 1572 512 1689 581; x_wconf 89' lang='lat' dir='ltr'><strong>ipsa</strong></span> <span class='ocrx_word' id='word_1_24' title='bbox 1721 512 1789 565; x_wconf 89' lang='lat' dir='ltr'><strong>de</strong></span> <span class='ocrx_word' id='word_1_25' title='bbox 1811 528 1975 566; x_wconf 84' lang='lat' dir='ltr'><strong>causa</strong></span> 
     </span>
    </p>
   </div>
   <div class='ocr_carea' id='block_1_7' title="bbox 395 602 1978 672">
    <p class='ocr_par' dir='ltr' id='par_1_7' title="bbox 395 602 1978 672">
     <span class='ocr_line' id='line_1_7' title="bbox 395 602 1978 672; baseline -0.002 -12"><span class='ocrx_word' id='word_1_26' title='bbox 395 607 601 660; x_wconf 89' lang='lat' dir='ltr'><strong>nudum</strong></span> <span class='ocrx_word' id='word_1_27' title='bbox 639 621 668 658; x_wconf 89' lang='lat' dir='ltr'><strong>e</strong></span> <span class='ocrx_word' id='word_1_28' title='bbox 715 606 965 672; x_wconf 85' lang='lat' dir='ltr'><strong>sepulcro</strong></span> <span class='ocrx_word' id='word_1_29' title='bbox 1027 602 1249 666; x_wconf 78' lang='lat' dir='ltr'><strong>exsiliit,</strong></span> <span class='ocrx_word' id='word_1_30' title='bbox 1288 603 1495 656; x_wconf 78' lang='lat' dir='ltr'><strong>relictis</strong></span> <span class='ocrx_word' id='word_1_31' title='bbox 1549 604 1602 655; x_wconf 92' lang='lat' dir='ltr'><strong>in</strong></span> <span class='ocrx_word' id='word_1_32' title='bbox 1662 617 1728 656; x_wconf 90' lang='lat' dir='ltr'><strong>eo</strong></span> <span class='ocrx_word' id='word_1_33' title='bbox 1761 606 1978 659; x_wconf 89' lang='lat' dir='ltr'><strong>cunctis</strong></span> 
     </span>
    </p>
   </div>
   <div class='ocr_carea' id='block_1_8' title="bbox 397 694 1979 767">
    <p class='ocr_par' dir='ltr' id='par_1_8' title="bbox 397 694 1979 767">
     <span class='ocr_line' id='line_1_8' title="bbox 397 694 1979 767; baseline -0.002 -13"><span class='ocrx_word' id='word_1_34' title='bbox 397 697 800 767; x_wconf 82' lang='lat' dir='ltr'><strong>sepulcralibus</strong></span> <span class='ocrx_word' id='word_1_35' title='bbox 844 696 1056 749; x_wconf 82' lang='lat' dir='ltr'><strong>exuviis</strong></span> <span class='ocrx_word' id='word_1_36' title='bbox 1090 713 1102 748; x_wconf 91' lang='lat'>:</span> <span class='ocrx_word' id='word_1_37' title='bbox 1132 696 1331 764; x_wconf 81' lang='lat' dir='ltr'><strong>quippe</strong></span> <span class='ocrx_word' id='word_1_38' title='bbox 1375 697 1486 765; x_wconf 88' lang='lat' dir='ltr'><strong>jam</strong></span> <span class='ocrx_word' id='word_1_39' title='bbox 1540 694 1741 749; x_wconf 81' lang='lat' dir='ltr'><strong>factum</strong></span> <span class='ocrx_word' id='word_1_40' title='bbox 1796 697 1979 751; x_wconf 85' lang='lat' dir='ltr'><strong>incor-</strong></span> 
     </span>
    </p>
   </div>
   <div class='ocr_carea' id='block_1_9' title="bbox 401 785 1979 858">
    <p class='ocr_par' dir='ltr' id='par_1_9' title="bbox 401 785 1979 858">
     <span class='ocr_line' id='line_1_9' title="bbox 401 785 1979 858; baseline -0.001 -16"><span class='ocrx_word' id='word_1_41' title='bbox 401 787 682 858; x_wconf 86' lang='lat' dir='ltr'><strong>ruptibile,</strong></span> <span class='ocrx_word' id='word_1_42' title='bbox 716 800 815 839; x_wconf 86' lang='lat' dir='ltr'><strong>ceu</strong></span> <span class='ocrx_word' id='word_1_43' title='bbox 852 785 1115 850; x_wconf 80' lang='lat' dir='ltr'><strong>diximus,</strong></span> <span class='ocrx_word' id='word_1_44' title='bbox 1173 802 1280 839; x_wconf 91' lang='lat' dir='ltr'><strong>non</strong></span> <span class='ocrx_word' id='word_1_45' title='bbox 1319 786 1618 856; x_wconf 82' lang='lat' dir='ltr'><strong>tegumenti</strong></span> <span class='ocrx_word' id='word_1_46' title='bbox 1656 786 1820 841; x_wconf 90' lang='lat' dir='ltr'><strong>ullius</strong></span> <span class='ocrx_word' id='word_1_47' title='bbox 1853 803 1979 857; x_wconf 77' lang='lat' dir='ltr'><strong>cge-</strong></span> 
     </span>
    </p>
   </div>
   <div class='ocr_carea' id='block_1_10' title="bbox 400 882 512 934">
    <p class='ocr_par' dir='ltr' id='par_1_10' title="bbox 400 882 512 934">
     <span class='ocr_line' id='line_1_10' title="bbox 400 882 512 934; baseline -0.018 0"><span class='ocrx_word' id='word_1_48' title='bbox 400 882 512 934; x_wconf 76' lang='lat' dir='ltr'><strong>bnl.</strong></span> 
     </span>
    </p>
   </div>
   <div class='ocr_carea' id='block_1_11' title="bbox 466 968 1983 1039">
    <p class='ocr_par' dir='ltr' id='par_1_11' title="bbox 466 968 1983 1039">
     <span class='ocr_line' id='line_1_11' title="bbox 466 968 1983 1039; baseline 0.001 -17"><span class='ocrx_word' id='word_1_49' title='bbox 466 970 606 1036; x_wconf 82' lang='lat' dir='ltr'><strong>Quid</strong></span> <span class='ocrx_word' id='word_1_50' title='bbox 665 970 848 1023; x_wconf 90' lang='lat' dir='ltr'><strong>multis</strong></span> <span class='ocrx_word' id='word_1_51' title='bbox 909 968 1088 1023; x_wconf 82' lang='lat' dir='ltr'><strong>verbis</strong></span> <span class='ocrx_word' id='word_1_52' title='bbox 1140 984 1279 1037; x_wconf 88' lang='lat' dir='ltr'><strong>opus</strong></span> <span class='ocrx_word' id='word_1_53' title='bbox 1336 970 1456 1023; x_wconf 90' lang='lat' dir='ltr'><strong>est?</strong></span> <span class='ocrx_word' id='word_1_54' title='bbox 1515 970 1569 1026; x_wconf 91' lang='lat' dir='ltr'><strong>Si</strong></span> <span class='ocrx_word' id='word_1_55' title='bbox 1631 972 1837 1039; x_wconf 86' lang='lat' dir='ltr'><strong>primus</strong></span> <span class='ocrx_word' id='word_1_56' title='bbox 1894 970 1983 1024; x_wconf 91' lang='lat' dir='ltr'><strong>ille</strong></span> 
     </span>
    </p>
   </div>
   <div class='ocr_carea' id='block_1_12' title="bbox 402 1060 1981 1129">
    <p class='ocr_par' dir='ltr' id='par_1_12' title="bbox 402 1060 1981 1129">
     <span class='ocr_line' id='line_1_12' title="bbox 402 1060 1981 1129; baseline 0.001 -16"><span class='ocrx_word' id='word_1_57' title='bbox 402 1065 640 1114; x_wconf 78' lang='lat' dir='ltr'><strong>Adamus</strong></span> <span class='ocrx_word' id='word_1_58' title='bbox 700 1061 902 1129; x_wconf 78' lang='lat' dir='ltr'><strong>pariter</strong></span> <span class='ocrx_word' id='word_1_59' title='bbox 960 1060 1202 1112; x_wconf 82' lang='lat' dir='ltr'><strong>mortalis</strong></span> <span class='ocrx_word' id='word_1_60' title='bbox 1255 1072 1371 1113; x_wconf 87' lang='lat' dir='ltr'><strong>crat</strong></span> <span class='ocrx_word' id='word_1_61' title='bbox 1428 1072 1480 1113; x_wconf 82' lang='lat' dir='ltr'><strong>ct</strong></span> <span class='ocrx_word' id='word_1_62' title='bbox 1534 1063 1869 1127; x_wconf 79' lang='lat' dir='ltr'><strong>immortalis,</strong></span> <span class='ocrx_word' id='word_1_63' title='bbox 1938 1065 1981 1116; x_wconf 86' lang='lat' dir='ltr'><strong>si</strong></span> 
     </span>
    </p>
   </div>
   <div class='ocr_carea' id='block_1_13' title="bbox 399 1150 1982 1215">
    <p class='ocr_par' dir='ltr' id='par_1_13' title="bbox 399 1150 1982 1215">
     <span class='ocr_line' id='line_1_13' title="bbox 399 1150 1982 1215; baseline 0 -10"><span class='ocrx_word' id='word_1_64' title='bbox 399 1154 739 1206; x_wconf 84' lang='lat' dir='ltr'><strong>naturalibus</strong></span> <span class='ocrx_word' id='word_1_65' title='bbox 787 1150 1165 1203; x_wconf 70' lang='lat' dir='ltr'><strong>affectionibus</strong></span> <span class='ocrx_word' id='word_1_66' title='bbox 1214 1151 1485 1205; x_wconf 74' lang='lat' dir='ltr'><strong>obnoxius</strong></span> <span class='ocrx_word' id='word_1_67' title='bbox 1542 1161 1678 1215; x_wconf 84' lang='lat' dir='ltr'><strong>erat,</strong></span> <span class='ocrx_word' id='word_1_68' title='bbox 1721 1163 1780 1205; x_wconf 89' lang='lat' dir='ltr'><strong>ut</strong></span> <span class='ocrx_word' id='word_1_69' title='bbox 1830 1152 1982 1205; x_wconf 89' lang='lat' dir='ltr'><strong>multi</strong></span> 
     </span>
    </p>
   </div>
   <div class='ocr_carea' id='block_1_14' title="bbox 400 1244 1985 1312">
    <p class='ocr_par' dir='ltr' id='par_1_14' title="bbox 400 1244 1985 1312">
     <span class='ocr_line' id='line_1_14' title="bbox 400 1244 1985 1312; baseline 0.001 -15"><span class='ocrx_word' id='word_1_70' title='bbox 400 1248 736 1312; x_wconf 85' lang='lat' dir='ltr'><strong>opinantur,</strong></span> <span class='ocrx_word' id='word_1_71' title='bbox 811 1245 1035 1297; x_wconf 90' lang='lat' dir='ltr'><strong>omnino</strong></span> <span class='ocrx_word' id='word_1_72' title='bbox 1106 1244 1475 1296; x_wconf 48' lang='lat' dir='ltr'><strong>necessarium</strong></span> <span class='ocrx_word' id='word_1_73' title='bbox 1551 1258 1631 1297; x_wconf 87' lang='lat' dir='ltr'><strong>est</strong></span> <span class='ocrx_word' id='word_1_74' title='bbox 1680 1254 1985 1298; x_wconf 79' lang='lat' dir='ltr'><strong>statuamus</strong></span> 
     </span>
    </p>
   </div>
   <div class='ocr_carea' id='block_1_15' title="bbox 413 1322 1986 1405">
    <p class='ocr_par' dir='ltr' id='par_1_15' title="bbox 413 1322 1986 1405">
     <span class='ocr_line' id='line_1_15' title="bbox 413 1322 1986 1405; baseline -0.001 -18"><span class='ocrx_word' id='word_1_75' title='bbox 413 1337 520 1405; x_wconf 77' lang='lat'><strong>91</strong></span> <span class='ocrx_word' id='word_1_76' title='bbox 580 1322 769 1387; x_wconf 82' lang='lat' dir='ltr'><strong>nostra</strong></span> <span class='ocrx_word' id='word_1_77' title='bbox 822 1350 1039 1402; x_wconf 91' lang='lat' dir='ltr'><strong>quoque</strong></span> <span class='ocrx_word' id='word_1_78' title='bbox 1109 1349 1338 1402; x_wconf 86' lang='lat' dir='ltr'><strong>corpora</strong></span> <span class='ocrx_word' id='word_1_79' title='bbox 1411 1334 1671 1402; x_wconf 80' lang='lat' dir='ltr'><strong>deinceps</strong></span> <span class='ocrx_word' id='word_1_80' title='bbox 1719 1335 1986 1387; x_wconf 87' lang='lat' dir='ltr'><strong>conditio-</strong></span> 
     </span>
    </p>
   </div>
   <div class='ocr_carea' id='block_1_16' title="bbox 411 1425 1982 1495">
    <p class='ocr_par' dir='ltr' id='par_1_16' title="bbox 411 1425 1982 1495">
     <span class='ocr_line' id='line_1_16' title="bbox 411 1425 1982 1495; baseline 0 -16"><span class='ocrx_word' id='word_1_81' title='bbox 411 1448 496 1479; x_wconf 66' lang='lat' dir='ltr'><strong>nis</strong></span> <span class='ocrx_word' id='word_1_82' title='bbox 528 1429 770 1493; x_wconf 70' lang='lat' dir='ltr'><strong>eiusdem</strong></span> <span class='ocrx_word' id='word_1_83' title='bbox 807 1427 1010 1486; x_wconf 80' lang='lat' dir='ltr'><strong>futura,</strong></span> <span class='ocrx_word' id='word_1_84' title='bbox 1058 1425 1101 1479; x_wconf 91' lang='lat' dir='ltr'><strong>si</strong></span> <span class='ocrx_word' id='word_1_85' title='bbox 1151 1426 1367 1493; x_wconf 90' lang='lat' dir='ltr'><strong>quidem</strong></span> <span class='ocrx_word' id='word_1_86' title='bbox 1402 1426 1466 1478; x_wconf 86' lang='lat' dir='ltr'><strong>ad</strong></span> <span class='ocrx_word' id='word_1_87' title='bbox 1496 1436 1698 1479; x_wconf 88' lang='lat' dir='ltr'><strong>statum</strong></span> <span class='ocrx_word' id='word_1_88' title='bbox 1730 1427 1888 1495; x_wconf 84' lang='lat' dir='ltr'><strong>primi</strong></span> <span class='ocrx_word' id='word_1_89' title='bbox 1922 1426 1982 1479; x_wconf 89' lang='lat' dir='ltr'><strong>il-</strong></span> 
     </span>
    </p>
   </div>
   <div class='ocr_carea' id='block_1_17' title="bbox 406 1515 1988 1582">
    <p class='ocr_par' dir='ltr' id='par_1_17' title="bbox 406 1515 1988 1582">
     <span class='ocr_line' id='line_1_17' title="bbox 406 1515 1988 1582; baseline 0 -13"><span class='ocrx_word' id='word_1_90' title='bbox 406 1520 512 1571; x_wconf 86' lang='lat' dir='ltr'><strong>lius</strong></span> <span class='ocrx_word' id='word_1_91' title='bbox 547 1519 736 1570; x_wconf 76' lang='lat' dir='ltr'><strong>AJami</strong></span> <span class='ocrx_word' id='word_1_92' title='bbox 772 1526 1140 1570; x_wconf 86' lang='lat' dir='ltr'><strong>revertentur.</strong></span> <span class='ocrx_word' id='word_1_93' title='bbox 1216 1517 1269 1569; x_wconf 90' lang='lat' dir='ltr'><strong>Id</strong></span> <span class='ocrx_word' id='word_1_94' title='bbox 1304 1532 1431 1571; x_wconf 89' lang='lat' dir='ltr'><strong>vero</strong></span> <span class='ocrx_word' id='word_1_95' title='bbox 1470 1517 1574 1569; x_wconf 89' lang='lat' dir='ltr'><strong>dici</strong></span> <span class='ocrx_word' id='word_1_96' title='bbox 1609 1516 1760 1570; x_wconf 76' lang='lat' dir='ltr'><strong>nefas</strong></span> <span class='ocrx_word' id='word_1_97' title='bbox 1800 1515 1988 1582; x_wconf 80' lang='lat' dir='ltr'><strong>fuerit,</strong></span> 
     </span>
    </p>
   </div>
   <div class='ocr_carea' id='block_1_18' title="bbox 408 1606 1991 1675">
    <p class='ocr_par' dir='ltr' id='par_1_18' title="bbox 408 1606 1991 1675">
     <span class='ocr_line' id='line_1_18' title="bbox 408 1606 1991 1675; baseline 0.001 -17"><span class='ocrx_word' id='word_1_98' title='bbox 408 1609 627 1675; x_wconf 82' lang='lat' dir='ltr'><strong>quando</strong></span> <span class='ocrx_word' id='word_1_99' title='bbox 661 1608 826 1660; x_wconf 85' lang='lat' dir='ltr'><strong>etiam</strong></span> <span class='ocrx_word' id='word_1_100' title='bbox 852 1606 1096 1660; x_wconf 86' lang='lat' dir='ltr'><strong>oratione</strong></span> <span class='ocrx_word' id='word_1_101' title='bbox 1126 1606 1413 1661; x_wconf 83' lang='lat' dir='ltr'><strong>deﬁciente</strong></span> <span class='ocrx_word' id='word_1_102' title='bbox 1441 1606 1598 1660; x_wconf 80' lang='lat' dir='ltr'><strong>(idem</strong></span> <span class='ocrx_word' id='word_1_103' title='bbox 1630 1608 1809 1660; x_wconf 75' lang='lat' dir='ltr'><strong>facere</strong></span> <span class='ocrx_word' id='word_1_104' title='bbox 1836 1607 1991 1660; x_wconf 86' lang='lat' dir='ltr'><strong>nobis</strong></span> 
     </span>
    </p>
   </div>
   <div class='ocr_carea' id='block_1_19' title="bbox 412 1698 1986 1769">
    <p class='ocr_par' dir='ltr' id='par_1_19' title="bbox 412 1698 1986 1769">
     <span class='ocr_line' id='line_1_19' title="bbox 412 1698 1986 1769; baseline -0.001 -18"><span class='ocrx_word' id='word_1_105' title='bbox 412 1701 540 1769; x_wconf 74' lang='lat' dir='ltr'><strong>ipsa:</strong></span> <span class='ocrx_word' id='word_1_106' title='bbox 571 1714 656 1751; x_wconf 76' lang='lat' dir='ltr'><strong>res</strong></span> <span class='ocrx_word' id='word_1_107' title='bbox 698 1698 916 1751; x_wconf 78' lang='lat' dir='ltr'><strong>abunde</strong></span> <span class='ocrx_word' id='word_1_108' title='bbox 950 1708 1200 1766; x_wconf 89' lang='lat' dir='ltr'><strong>possunt.</strong></span> <span class='ocrx_word' id='word_1_109' title='bbox 1237 1698 1448 1766; x_wconf 85' lang='lat' dir='ltr'><strong>Quippe</strong></span> <span class='ocrx_word' id='word_1_110' title='bbox 1480 1700 1522 1751; x_wconf 92' lang='lat' dir='ltr'><strong>si</strong></span> <span class='ocrx_word' id='word_1_111' title='bbox 1571 1699 1734 1751; x_wconf 88' lang='lat' dir='ltr'><strong>homo</strong></span> <span class='ocrx_word' id='word_1_112' title='bbox 1769 1698 1855 1750; x_wconf 81' lang='lat' dir='ltr'><strong>llic</strong></span> <span class='ocrx_word' id='word_1_113' title='bbox 1887 1699 1986 1750; x_wconf 78' lang='lat' dir='ltr'><strong>ob-</strong></span> 
     </span>
    </p>
   </div>
   <div class='ocr_carea' id='block_1_20' title="bbox 2085 505 3654 576">
    <p class='ocr_par' dir='ltr' id='par_1_20' title="bbox 2085 505 3654 576">
     <span class='ocr_line' id='line_1_20' title="bbox 2085 505 3654 576; baseline 0.002 -20"><span class='ocrx_word' id='word_1_114' title='bbox 2085 507 2235 575; x_wconf 79' lang='grc' dir='ltr'>χρῶν</span> <span class='ocrx_word' id='word_1_115' title='bbox 2291 506 2536 576; x_wconf 83' lang='grc' dir='ltr'>ἐγερθέν.</span> <span class='ocrx_word' id='word_1_116' title='bbox 2600 505 2796 559; x_wconf 81' lang='grc' dir='ltr'>Ἔνθεν</span> <span class='ocrx_word' id='word_1_117' title='bbox 2840 524 2922 557; x_wconf 89' lang='grc' dir='ltr'><strong>τοι</strong></span> <span class='ocrx_word' id='word_1_118' title='bbox 2958 507 3055 559; x_wconf 72' lang='grc' dir='ltr'><strong>καὶ</strong></span> <span class='ocrx_word' id='word_1_119' title='bbox 3106 507 3309 576; x_wconf 84' lang='grc' dir='ltr'>γυμνὸν</span> <span class='ocrx_word' id='word_1_120' title='bbox 3362 509 3427 559; x_wconf 83' lang='grc' dir='ltr'>ὲκ</span> <span class='ocrx_word' id='word_1_121' title='bbox 3483 508 3654 575; x_wconf 85' lang='grc' dir='ltr'>τάφου</span> 
     </span>
    </p>
   </div>
   <div class='ocr_carea' id='block_1_21' title="bbox 2085 596 3653 669">
    <p class='ocr_par' dir='ltr' id='par_1_21' title="bbox 2085 596 3653 669">
     <span class='ocr_line' id='line_1_21' title="bbox 2085 596 3653 669; baseline -0.001 -18"><span class='ocrx_word' id='word_1_122' title='bbox 2085 599 2357 669; x_wconf 78' lang='grc' dir='ltr'><strong>ἐξέθορεν,</strong></span> <span class='ocrx_word' id='word_1_123' title='bbox 2391 600 2569 651; x_wconf 82' lang='grc' dir='ltr'>ἐκεῖσε</span> <span class='ocrx_word' id='word_1_124' title='bbox 2598 599 2917 652; x_wconf 82' lang='grc' dir='ltr'>παντάπασι</span> <span class='ocrx_word' id='word_1_125' title='bbox 2959 596 3276 651; x_wconf 75' lang='grc' dir='ltr'>καταλιπὼν</span> <span class='ocrx_word' id='word_1_126' title='bbox 3308 597 3653 664; x_wconf 72' lang='grc' dir='ltr'>τάὲνεάφιαο</span> 
     </span>
    </p>
   </div>
   <div class='ocr_carea' id='block_1_22' title="bbox 2086 686 3661 757">
    <p class='ocr_par' dir='ltr' id='par_1_22' title="bbox 2086 686 3661 757">
     <span class='ocr_line' id='line_1_22' title="bbox 2086 686 3661 757; baseline 0 -19"><span class='ocrx_word' id='word_1_127' title='bbox 2086 689 2181 739; x_wconf 72' lang='grc' dir='ltr'><strong>καὶ</strong></span> <span class='ocrx_word' id='word_1_128' title='bbox 2214 686 2322 756; x_wconf 79' lang='grc' dir='ltr'><strong>γάρ</strong></span> <span class='ocrx_word' id='word_1_129' title='bbox 2362 686 2659 755; x_wconf 75' lang='grc' dir='ltr'>ἄφθαρτον,</span> <span class='ocrx_word' id='word_1_130' title='bbox 2702 687 2776 749; x_wconf 85' lang='grc' dir='ltr'>ὡς</span> <span class='ocrx_word' id='word_1_131' title='bbox 2808 688 3047 756; x_wconf 79' lang='grc' dir='ltr'>εἴρηται,</span> <span class='ocrx_word' id='word_1_132' title='bbox 3096 688 3321 755; x_wconf 71' lang='grc' dir='ltr'>γεγονὸς</span> <span class='ocrx_word' id='word_1_133' title='bbox 3355 686 3661 757; x_wconf 77' lang='grc' dir='ltr'>ἐπικαλύμ-</span> 
     </span>
    </p>
   </div>
   <div class='ocr_carea' id='block_1_23' title="bbox 2089 777 3083 852">
    <p class='ocr_par' dir='ltr' id='par_1_23' title="bbox 2089 777 3083 852">
     <span class='ocr_line' id='line_1_23' title="bbox 2089 777 3083 852; baseline 0.001 -19"><span class='ocrx_word' id='word_1_134' title='bbox 2089 800 2259 851; x_wconf 82' lang='grc' dir='ltr'>ματος</span> <span class='ocrx_word' id='word_1_135' title='bbox 2298 783 2629 852; x_wconf 66' lang='grc' dir='ltr'>οἱουδήτινος</span> <span class='ocrx_word' id='word_1_136' title='bbox 2656 783 2756 834; x_wconf 84' lang='grc' dir='ltr'><strong>οὐκ</strong></span> <span class='ocrx_word' id='word_1_137' title='bbox 2795 777 2862 852; x_wconf 76' lang='grc' dir='ltr'>ἦν</span> <span class='ocrx_word' id='word_1_138' title='bbox 2887 782 3083 844; x_wconf 68' lang='grc' dir='ltr'>ἐνδεές.</span> 
     </span>
    </p>
   </div>
   <div class='ocr_carea' id='block_1_24' title="bbox 2172 957 3662 1029">
    <p class='ocr_par' dir='ltr' id='par_1_24' title="bbox 2172 957 3662 1029">
     <span class='ocr_line' id='line_1_24' title="bbox 2172 957 3662 1029; baseline -0.001 -15"><span class='ocrx_word' id='word_1_139' title='bbox 2172 960 2334 1014; x_wconf 73' lang='grc' dir='ltr'>Ἃ).λά</span> <span class='ocrx_word' id='word_1_140' title='bbox 2359 959 2412 1012; x_wconf 78' lang='grc' dir='ltr'>τί</span> <span class='ocrx_word' id='word_1_141' title='bbox 2440 959 2543 1029; x_wconf 78' lang='grc' dir='ltr'>χρὴ</span> <span class='ocrx_word' id='word_1_142' title='bbox 2578 959 2749 1011; x_wconf 75' lang='grc' dir='ltr'>πολλὰ</span> <span class='ocrx_word' id='word_1_143' title='bbox 2788 958 2969 1025; x_wconf 79' lang='grc' dir='ltr'>λέγειν</span> <span class='ocrx_word' id='word_1_144' title='bbox 2996 976 3008 1023; x_wconf 88' lang='grc'><strong>;</strong></span> <span class='ocrx_word' id='word_1_145' title='bbox 3038 960 3213 1028; x_wconf 78' lang='grc' dir='ltr'>Εἴπερ</span> <span class='ocrx_word' id='word_1_146' title='bbox 3263 957 3358 1013; x_wconf 73' lang='grc' dir='ltr'><strong>οὖν</strong></span> <span class='ocrx_word' id='word_1_147' title='bbox 3387 961 3415 1008; x_wconf 83' lang='lat'><strong>6</strong></span> <span class='ocrx_word' id='word_1_148' title='bbox 3449 960 3662 1029; x_wconf 79' lang='grc' dir='ltr'>πρῶτος</span> 
     </span>
    </p>
   </div>
   <div class='ocr_carea' id='block_1_25' title="bbox 2090 1049 3662 1123">
    <p class='ocr_par' dir='ltr' id='par_1_25' title="bbox 2090 1049 3662 1123">
     <span class='ocr_line' id='line_1_25' title="bbox 2090 1049 3662 1123; baseline -0.001 -17"><span class='ocrx_word' id='word_1_149' title='bbox 2090 1058 2295 1116; x_wconf 76' lang='grc' dir='ltr'>ἐκεῖνος</span> <span class='ocrx_word' id='word_1_150' title='bbox 2341 1054 2513 1122; x_wconf 73' lang='grc' dir='ltr'><strong>Ἀδὰμ</strong></span> <span class='ocrx_word' id='word_1_151' title='bbox 2545 1054 2737 1121; x_wconf 79' lang='grc' dir='ltr'>θνητὸς</span> <span class='ocrx_word' id='word_1_152' title='bbox 2786 1053 2923 1121; x_wconf 77' lang='grc' dir='ltr'>ὁμοῦ</span> <span class='ocrx_word' id='word_1_153' title='bbox 2958 1054 3051 1106; x_wconf 77' lang='grc' dir='ltr'>καὶ</span> <span class='ocrx_word' id='word_1_154' title='bbox 3098 1052 3363 1115; x_wconf 75' lang='grc' dir='ltr'>ἀθάνατος</span> <span class='ocrx_word' id='word_1_155' title='bbox 3386 1049 3474 1123; x_wconf 79' lang='grc' dir='ltr'>ἦν,</span> <span class='ocrx_word' id='word_1_156' title='bbox 3508 1054 3662 1123; x_wconf 79' lang='grc' dir='ltr'>εἴπερ</span> 
     </span>
    </p>
   </div>
   <div class='ocr_carea' id='block_1_26' title="bbox 2090 1137 3665 1213">
    <p class='ocr_par' dir='ltr' id='par_1_26' title="bbox 2090 1137 3665 1213">
     <span class='ocr_line' id='line_1_26' title="bbox 2090 1137 3665 1213; baseline 0.002 -20"><span class='ocrx_word' id='word_1_157' title='bbox 2090 1137 2181 1194; x_wconf 80' lang='grc' dir='ltr'><strong>οὖν</strong></span> <span class='ocrx_word' id='word_1_158' title='bbox 2240 1144 2489 1209; x_wconf 81' lang='grc' dir='ltr'><strong>φυσικοῖς</strong></span> <span class='ocrx_word' id='word_1_159' title='bbox 2547 1140 2808 1193; x_wconf 80' lang='grc' dir='ltr'>ὑπέκειτο</span> <span class='ocrx_word' id='word_1_160' title='bbox 2871 1141 3071 1195; x_wconf 78' lang='grc' dir='ltr'>πάθεσι</span> <span class='ocrx_word' id='word_1_161' title='bbox 3110 1143 3251 1195; x_wconf 84' lang='grc' dir='ltr'>κατά</span> <span class='ocrx_word' id='word_1_162' title='bbox 3302 1159 3363 1209; x_wconf 85' lang='grc' dir='ltr'><strong>γε</strong></span> <span class='ocrx_word' id='word_1_163' title='bbox 3409 1144 3507 1213; x_wconf 83' lang='grc' dir='ltr'><strong>τὴν</strong></span> <span class='ocrx_word' id='word_1_164' title='bbox 3558 1146 3665 1196; x_wconf 84' lang='grc' dir='ltr'><strong>τῶν</strong></span> 
     </span>
    </p>
   </div>
   <div class='ocr_carea' id='block_1_27' title="bbox 2094 1230 3666 1305">
    <p class='ocr_par' dir='ltr' id='par_1_27' title="bbox 2094 1230 3666 1305">
     <span class='ocr_line' id='line_1_27' title="bbox 2094 1230 3666 1305; baseline 0.002 -22"><span class='ocrx_word' id='word_1_165' title='bbox 2094 1231 2359 1283; x_wconf 58' lang='grc' dir='ltr'>πλειόνων</span> <span class='ocrx_word' id='word_1_166' title='bbox 2406 1230 2698 1300; x_wconf 70' lang='grc' dir='ltr'>ὑπόληψιν,</span> <span class='ocrx_word' id='word_1_167' title='bbox 2761 1232 2972 1300; x_wconf 80' lang='grc' dir='ltr'><strong>ἀνάγκη</strong></span> <span class='ocrx_word' id='word_1_168' title='bbox 3024 1232 3173 1284; x_wconf 80' lang='grc' dir='ltr'>πᾶσα</span> <span class='ocrx_word' id='word_1_169' title='bbox 3205 1234 3300 1285; x_wconf 74' lang='grc' dir='ltr'>καὶ</span> <span class='ocrx_word' id='word_1_170' title='bbox 3327 1235 3394 1285; x_wconf 77' lang='grc' dir='ltr'>τὰ</span> <span class='ocrx_word' id='word_1_171' title='bbox 3426 1234 3666 1305; x_wconf 76' lang='grc' dir='ltr'>ἡμέτερα</span> 
     </span>
    </p>
   </div>
   <div class='ocr_carea' id='block_1_28' title="bbox 2094 1322 3664 1395">
    <p class='ocr_par' dir='ltr' id='par_1_28' title="bbox 2094 1322 3664 1395">
     <span class='ocr_line' id='line_1_28' title="bbox 2094 1322 3664 1395; baseline 0.002 -22"><span class='ocrx_word' id='word_1_172' title='bbox 2094 1324 2234 1392; x_wconf 77' lang='grc' dir='ltr'>μετὰ</span> <span class='ocrx_word' id='word_1_173' title='bbox 2282 1322 2458 1376; x_wconf 80' lang='grc' dir='ltr'>ταῦτα</span> <span class='ocrx_word' id='word_1_174' title='bbox 2507 1324 2768 1392; x_wconf 77' lang='grc' dir='ltr'>τοιαύτης</span> <span class='ocrx_word' id='word_1_175' title='bbox 2828 1324 3210 1387; x_wconf 78' lang='grc' dir='ltr'>ὲπττεύξεσθαι</span> <span class='ocrx_word' id='word_1_176' title='bbox 3264 1325 3491 1395; x_wconf 67' lang='grc' dir='ltr'>λήξεως,</span> <span class='ocrx_word' id='word_1_177' title='bbox 3549 1326 3664 1394; x_wconf 77' lang='grc' dir='ltr'>εἴγε</span> 
     </span>
    </p>
   </div>
   <div class='ocr_carea' id='block_1_29' title="bbox 2094 1398 3667 1485">
    <p class='ocr_par' dir='ltr' id='par_1_29' title="bbox 2094 1398 3667 1485">
     <span class='ocr_line' id='line_1_29' title="bbox 2094 1398 3667 1485; baseline 0.004 -23"><span class='ocrx_word' id='word_1_178' title='bbox 2094 1410 2231 1479; x_wconf 71' lang='grc' dir='ltr'>πρὸς</span> <span class='ocrx_word' id='word_1_179' title='bbox 2268 1399 2476 1464; x_wconf 69' lang='grc' dir='ltr'>ἐκεῖνον</span> <span class='ocrx_word' id='word_1_180' title='bbox 2518 1412 2700 1481; x_wconf 81' lang='grc' dir='ltr'>ἔχουσι</span> <span class='ocrx_word' id='word_1_181' title='bbox 2731 1413 2822 1464; x_wconf 78' lang='grc' dir='ltr'><strong>τὸν</strong></span> <span class='ocrx_word' id='word_1_182' title='bbox 2863 1412 3084 1482; x_wconf 85' lang='grc' dir='ltr'>πρῶτον</span> <span class='ocrx_word' id='word_1_183' title='bbox 3134 1398 3304 1482; x_wconf 72' lang='grc' dir='ltr'>Ἀδάμ</span> <span class='ocrx_word' id='word_1_184' title='bbox 3346 1411 3545 1484; x_wconf 82' lang='grc' dir='ltr'>δηλαδὴ</span> <span class='ocrx_word' id='word_1_185' title='bbox 3569 1415 3667 1485; x_wconf 81' lang='grc' dir='ltr'><strong>τὴν</strong></span> 
     </span>
    </p>
   </div>
   <div class='ocr_carea' id='block_1_30' title="bbox 2092 1498 3667 1569">
    <p class='ocr_par' dir='ltr' id='par_1_30' title="bbox 2092 1498 3667 1569">
     <span class='ocr_line' id='line_1_30' title="bbox 2092 1498 3667 1569; baseline 0.001 -18"><span class='ocrx_word' id='word_1_186' title='bbox 2092 1499 2372 1552; x_wconf 76' lang='grc' dir='ltr'>ἐπάνοδον.</span> <span class='ocrx_word' id='word_1_187' title='bbox 2418 1498 2580 1550; x_wconf 80' lang='grc' dir='ltr'><strong>’Λλλὰ</strong></span> <span class='ocrx_word' id='word_1_188' title='bbox 2616 1499 2723 1569; x_wconf 88' lang='grc' dir='ltr'><strong>γάρ</strong></span> <span class='ocrx_word' id='word_1_189' title='bbox 2765 1499 2858 1551; x_wconf 68' lang='grc' dir='ltr'>ἐπὶ</span> <span class='ocrx_word' id='word_1_190' title='bbox 2884 1500 3097 1561; x_wconf 80' lang='grc' dir='ltr'>τούτοις</span> <span class='ocrx_word' id='word_1_191' title='bbox 3125 1499 3365 1552; x_wconf 84' lang='grc' dir='ltr'>τοιοῦτόν</span> <span class='ocrx_word' id='word_1_192' title='bbox 3399 1514 3450 1553; x_wconf 86' lang='grc' dir='ltr'><strong>τι</strong></span> <span class='ocrx_word' id='word_1_193' title='bbox 3491 1502 3667 1569; x_wconf 82' lang='grc' dir='ltr'>λέγειν</span> 
     </span>
    </p>
   </div>
   <div class='ocr_carea' id='block_1_31' title="bbox 2092 1588 3667 1663">
    <p class='ocr_par' dir='ltr' id='par_1_31' title="bbox 2092 1588 3667 1663">
     <span class='ocr_line' id='line_1_31' title="bbox 2092 1588 3667 1663; baseline 0.003 -22"><span class='ocrx_word' id='word_1_194' title='bbox 2092 1589 2153 1641; x_wconf 80' lang='grc' dir='ltr'>οὐ</span> <span class='ocrx_word' id='word_1_195' title='bbox 2187 1589 2417 1654; x_wconf 78' lang='grc' dir='ltr'>δίκαιον,</span> <span class='ocrx_word' id='word_1_196' title='bbox 2456 1591 2571 1657; x_wconf 75' lang='grc' dir='ltr'>εἴγε</span> <span class='ocrx_word' id='word_1_197' title='bbox 2605 1589 2700 1643; x_wconf 72' lang='grc' dir='ltr'>καὶ</span> <span class='ocrx_word' id='word_1_198' title='bbox 2741 1589 2846 1659; x_wconf 82' lang='grc' dir='ltr'><strong>πρὸ</strong></span> <span class='ocrx_word' id='word_1_199' title='bbox 2907 1588 3002 1641; x_wconf 72' lang='grc' dir='ltr'>τοῦ</span> <span class='ocrx_word' id='word_1_200' title='bbox 3067 1590 3226 1657; x_wconf 80' lang='grc' dir='ltr'><strong>λόγου</strong></span> <span class='ocrx_word' id='word_1_201' title='bbox 3280 1591 3492 1645; x_wconf 77' lang='grc' dir='ltr'>πείθειν</span> <span class='ocrx_word' id='word_1_202' title='bbox 3525 1594 3667 1663; x_wconf 76' lang='grc' dir='ltr'>ἡμᾶς</span> 
     </span>
    </p>
   </div>
   <div class='ocr_carea' id='block_1_32' title="bbox 2097 1677 3663 1753">
    <p class='ocr_par' dir='ltr' id='par_1_32' title="bbox 2097 1677 3663 1753">
     <span class='ocr_line' id='line_1_32' title="bbox 2097 1677 3663 1753; baseline 0.006 -26"><span class='ocrx_word' id='word_1_203' title='bbox 2097 1677 2254 1731; x_wconf 71' lang='grc' dir='ltr'>[κανά</span> <span class='ocrx_word' id='word_1_204' title='bbox 2282 1682 2373 1732; x_wconf 78' lang='grc' dir='ltr'><strong>καὶ</strong></span> <span class='ocrx_word' id='word_1_205' title='bbox 2400 1679 2520 1731; x_wconf 77' lang='grc' dir='ltr'>λίαν</span> <span class='ocrx_word' id='word_1_206' title='bbox 2558 1680 2697 1733; x_wconf 84' lang='grc' dir='ltr'><strong>αύτά</strong></span> <span class='ocrx_word' id='word_1_207' title='bbox 2717 1681 2974 1748; x_wconf 77' lang='grc' dir='ltr'><strong>τυγχάνει</strong></span> <span class='ocrx_word' id='word_1_208' title='bbox 3008 1679 3074 1733; x_wconf 83' lang='grc' dir='ltr'><strong>τά</strong></span> <span class='ocrx_word' id='word_1_209' title='bbox 3108 1680 3430 1750; x_wconf 88' lang='grc' dir='ltr'>πράγματα.</span> <span class='ocrx_word' id='word_1_210' title='bbox 3467 1684 3525 1735; x_wconf 82' lang='grc' dir='ltr'>Εἰ</span> <span class='ocrx_word' id='word_1_211' title='bbox 3555 1686 3663 1753; x_wconf 69' lang='grc' dir='ltr'><strong>γὰρ</strong></span> 
     </span>
    </p>
   </div>
   <div class='ocr_carea' id='block_1_33' title="bbox 408 1764 1999 1857">
    <p class='ocr_par' dir='ltr' id='par_1_33' title="bbox 408 1789 1985 1857">
     <span class='ocr_line' id='line_1_33' title="bbox 408 1789 1985 1857; baseline -0.001 -15"><span class='ocrx_word' id='word_1_212' title='bbox 408 1790 610 1844; x_wconf 73' lang='lat' dir='ltr'><strong>noxius</strong></span> <span class='ocrx_word' id='word_1_213' title='bbox 672 1790 935 1851; x_wconf 67' lang='lat' dir='ltr'><strong>intcmui,</strong></span> <span class='ocrx_word' id='word_1_214' title='bbox 994 1800 1347 1857; x_wconf 81' lang='lat' dir='ltr'><strong>posteaquam</strong></span> <span class='ocrx_word' id='word_1_215' title='bbox 1397 1789 1651 1843; x_wconf 75' lang='lat' dir='ltr'><strong>defossus</strong></span> <span class='ocrx_word' id='word_1_216' title='bbox 1696 1790 1749 1842; x_wconf 91' lang='lat' dir='ltr'><strong>in</strong></span> <span class='ocrx_word' id='word_1_217' title='bbox 1784 1799 1985 1843; x_wconf 82' lang='lat' dir='ltr'><strong>terram</strong></span> 
     </span>
    </p>
   </div>
   <div class='ocr_carea' id='block_1_34' title="bbox 2105 1764 3669 1857">
    <p class='ocr_par' dir='ltr' id='par_1_34' title="bbox 2105 1764 3669 1840">
     <span class='ocr_line' id='line_1_34' title="bbox 2105 1764 3669 1840; baseline 0.002 -19"><span class='ocrx_word' id='word_1_218' title='bbox 2105 1768 2322 1840; x_wconf 62' lang='grc' dir='ltr'>ἄφθορᾷ</span> <span class='ocrx_word' id='word_1_219' title='bbox 2359 1771 2719 1839; x_wconf 79' lang='grc' dir='ltr'>ὑποκείμενος</span> <span class='ocrx_word' id='word_1_220' title='bbox 2772 1764 2929 1832; x_wconf 67' lang='grc' dir='ltr'>οὗτος</span> <span class='ocrx_word' id='word_1_221' title='bbox 2991 1769 3283 1838; x_wconf 79' lang='grc' dir='ltr'>ἄνθρωπος</span> <span class='ocrx_word' id='word_1_222' title='bbox 3333 1772 3669 1840; x_wconf 70' lang='grc' dir='ltr'>χωννύμενος</span> 
     </span>
    </p>
   </div>
   <div class='ocr_carea' id='block_1_35' title="bbox 409 1876 1986 1947">
    <p class='ocr_par' dir='ltr' id='par_1_35' title="bbox 409 1876 1986 1947">
     <span class='ocr_line' id='line_1_35' title="bbox 409 1876 1986 1947; baseline 0.003 -20"><span class='ocrx_word' id='word_1_223' title='bbox 409 1876 576 1929; x_wconf 64' lang='lat' dir='ltr'><strong>fuerit</strong></span> <span class='ocrx_word' id='word_1_224' title='bbox 606 1886 662 1930; x_wconf 88' lang='lat' dir='ltr'><strong>et</strong></span> <span class='ocrx_word' id='word_1_225' title='bbox 693 1878 1118 1945; x_wconf 76' lang='lat' dir='ltr'><strong>coinpulrucrit,</strong></span> <span class='ocrx_word' id='word_1_226' title='bbox 1156 1878 1589 1947; x_wconf 84' lang='lat' dir='ltr'><strong>incorruptibilis</strong></span> <span class='ocrx_word' id='word_1_227' title='bbox 1618 1887 1673 1931; x_wconf 89' lang='lat' dir='ltr'><strong>ct</strong></span> <span class='ocrx_word' id='word_1_228' title='bbox 1702 1879 1986 1933; x_wconf 85' lang='lat' dir='ltr'><strong>immorta-</strong></span> 
     </span>
    </p>
   </div>
   <div class='ocr_carea' id='block_1_36' title="bbox 412 1968 1989 2038">
    <p class='ocr_par' dir='ltr' id='par_1_36' title="bbox 412 1968 1989 2038">
     <span class='ocr_line' id='line_1_36' title="bbox 412 1968 1989 2038; baseline 0.001 -17"><span class='ocrx_word' id='word_1_229' title='bbox 412 1970 477 2022; x_wconf 88' lang='lat' dir='ltr'><strong>lis</strong></span> <span class='ocrx_word' id='word_1_230' title='bbox 520 1984 583 2021; x_wconf 81' lang='lat' dir='ltr'><strong>ex</strong></span> <span class='ocrx_word' id='word_1_231' title='bbox 631 1969 863 2022; x_wconf 86' lang='lat' dir='ltr'><strong>mortuis</strong></span> <span class='ocrx_word' id='word_1_232' title='bbox 898 1970 1215 2031; x_wconf 77' lang='lat' dir='ltr'><strong>suscitatur,</strong></span> <span class='ocrx_word' id='word_1_233' title='bbox 1252 1970 1411 2023; x_wconf 82' lang='lat' dir='ltr'><strong>beato</strong></span> <span class='ocrx_word' id='word_1_234' title='bbox 1444 1968 1614 2023; x_wconf 81' lang='lat' dir='ltr'><strong>Paulo</strong></span> <span class='ocrx_word' id='word_1_235' title='bbox 1666 1972 1768 2024; x_wconf 81' lang='lat' dir='ltr'><strong>llOC</strong></span> <span class='ocrx_word' id='word_1_236' title='bbox 1817 1972 1989 2038; x_wconf 87' lang='lat' dir='ltr'><strong>ipsutn</strong></span> 
     </span>
    </p>
   </div>
   <div class='ocr_carea' id='block_1_37' title="bbox 413 2061 1992 2128">
    <p class='ocr_par' dir='ltr' id='par_1_37' title="bbox 413 2061 1992 2128">
     <span class='ocr_line' id='line_1_37' title="bbox 413 2061 1992 2128; baseline 0.003 -17"><span class='ocrx_word' id='word_1_237' title='bbox 413 2061 592 2114; x_wconf 89' lang='lat' dir='ltr'><strong>verbis</strong></span> <span class='ocrx_word' id='word_1_238' title='bbox 626 2061 772 2113; x_wconf 85' lang='lat' dir='ltr'><strong>liisce</strong></span> <span class='ocrx_word' id='word_1_239' title='bbox 806 2062 1243 2128; x_wconf 82' lang='lat' dir='ltr'><strong>comprobante:</strong></span> <span class='ocrx_word' id='word_1_240' title='bbox 1280 2061 1528 2115; x_wconf 68' lang='lat' dir='ltr'><strong>«Seritur</strong></span> <span class='ocrx_word' id='word_1_241' title='bbox 1559 2062 1613 2115; x_wconf 91' lang='lat' dir='ltr'><strong>in</strong></span> <span class='ocrx_word' id='word_1_242' title='bbox 1641 2062 1992 2125; x_wconf 83' lang='lat' dir='ltr'><strong>mortalitate,</strong></span> 
     </span>
    </p>
   </div>
   <div class='ocr_carea' id='block_1_38' title="bbox 413 2152 1994 2222">
    <p class='ocr_par' dir='ltr' id='par_1_38' title="bbox 413 2152 1994 2222">
     <span class='ocr_line' id='line_1_38' title="bbox 413 2152 1994 2222; baseline 0.002 -19"><span class='ocrx_word' id='word_1_243' title='bbox 413 2154 709 2205; x_wconf 77' lang='lat' dir='ltr'><strong>suscitatur</strong></span> <span class='ocrx_word' id='word_1_244' title='bbox 784 2152 837 2204; x_wconf 92' lang='lat' dir='ltr'><strong>in</strong></span> <span class='ocrx_word' id='word_1_245' title='bbox 886 2152 1414 2216; x_wconf 72' lang='lat' dir='ltr'><strong>immortalitate“,i</strong></span> <span class='ocrx_word' id='word_1_246' title='bbox 1488 2154 1791 2209; x_wconf 71' lang='lat' dir='ltr'><strong>clarissime</strong></span> <span class='ocrx_word' id='word_1_247' title='bbox 1845 2162 1994 2222; x_wconf 77' lang='lat' dir='ltr'><strong>patet</strong></span> 
     </span>
    </p>
   </div>
   <div class='ocr_carea' id='block_1_39' title="bbox 412 2243 1989 2313">
    <p class='ocr_par' dir='ltr' id='par_1_39' title="bbox 412 2243 1989 2313">
     <span class='ocr_line' id='line_1_39' title="bbox 412 2243 1989 2313; baseline 0.001 -20"><span class='ocrx_word' id='word_1_248' title='bbox 412 2245 571 2296; x_wconf 75' lang='lat' dir='ltr'><strong>etiam</strong></span> <span class='ocrx_word' id='word_1_249' title='bbox 599 2243 865 2297; x_wconf 85' lang='lat' dir='ltr'><strong>Adamum</strong></span> <span class='ocrx_word' id='word_1_250' title='bbox 889 2257 1015 2298; x_wconf 85' lang='lat' dir='ltr'><strong>ante</strong></span> <span class='ocrx_word' id='word_1_251' title='bbox 1043 2257 1319 2313; x_wconf 83' lang='lat' dir='ltr'><strong>peccatum</strong></span> <span class='ocrx_word' id='word_1_252' title='bbox 1349 2247 1505 2299; x_wconf 87' lang='lat' dir='ltr'><strong>talem</strong></span> <span class='ocrx_word' id='word_1_253' title='bbox 1528 2248 1597 2301; x_wconf 85' lang='lat' dir='ltr'><strong>ab</strong></span> <span class='ocrx_word' id='word_1_254' title='bbox 1620 2247 1776 2300; x_wconf 87' lang='lat' dir='ltr'><strong>initio</strong></span> <span class='ocrx_word' id='word_1_255' title='bbox 1800 2246 1989 2311; x_wconf 69' lang='lat' dir='ltr'><strong>fuisst-,</strong></span> 
     </span>
    </p>
   </div>
   <div class='ocr_carea' id='block_1_40' title="bbox 415 2335 1995 2408">
    <p class='ocr_par' dir='ltr' id='par_1_40' title="bbox 415 2335 1995 2408">
     <span class='ocr_line' id='line_1_40' title="bbox 415 2335 1995 2408; baseline 0.003 -22"><span class='ocrx_word' id='word_1_256' title='bbox 415 2335 675 2404; x_wconf 77' lang='lat' dir='ltr'><strong>niiuiruin</strong></span> <span class='ocrx_word' id='word_1_257' title='bbox 734 2337 1210 2405; x_wconf 81' lang='lat' dir='ltr'><strong>incorruptibilem</strong></span> <span class='ocrx_word' id='word_1_258' title='bbox 1246 2348 1298 2391; x_wconf 91' lang='lat' dir='ltr'><strong>et</strong></span> <span class='ocrx_word' id='word_1_259' title='bbox 1362 2338 1743 2393; x_wconf 82' lang='lat' dir='ltr'><strong>immertalem.</strong></span> <span class='ocrx_word' id='word_1_260' title='bbox 1812 2339 1995 2408; x_wconf 81' lang='lat' dir='ltr'><strong>Neque</strong></span> 
     </span>
    </p>
   </div>
   <div class='ocr_carea' id='block_1_41' title="bbox 416 2423 1994 2498">
    <p class='ocr_par' dir='ltr' id='par_1_41' title="bbox 416 2423 1994 2498">
     <span class='ocr_line' id='line_1_41' title="bbox 416 2423 1994 2498; baseline 0.007 -26"><span class='ocrx_word' id='word_1_261' title='bbox 416 2423 612 2474; x_wconf 88' lang='lat' dir='ltr'><strong>mirum</strong></span> <span class='ocrx_word' id='word_1_262' title='bbox 649 2424 750 2477; x_wconf 76' lang='lat' dir='ltr'><strong>hoc</strong></span> <span class='ocrx_word' id='word_1_263' title='bbox 783 2424 874 2476; x_wconf 87' lang='lat' dir='ltr'><strong>tibi</strong></span> <span class='ocrx_word' id='word_1_264' title='bbox 907 2425 1176 2490; x_wconf 67' lang='lat' dir='ltr'><strong>videatur,</strong></span> <span class='ocrx_word' id='word_1_265' title='bbox 1235 2427 1462 2494; x_wconf 77' lang='lat' dir='ltr'><strong>quando</strong></span> <span class='ocrx_word' id='word_1_266' title='bbox 1490 2428 1657 2482; x_wconf 89' lang='lat' dir='ltr'><strong>etiam</strong></span> <span class='ocrx_word' id='word_1_267' title='bbox 1685 2431 1994 2498; x_wconf 77' lang='lat' dir='ltr'><strong>cmijectum</strong></span> 
     </span>
    </p>
   </div>
   <div class='ocr_carea' id='block_1_42' title="bbox 418 2514 1997 2590">
    <p class='ocr_par' dir='ltr' id='par_1_42' title="bbox 418 2514 1997 2590">
     <span class='ocr_line' id='line_1_42' title="bbox 418 2514 1997 2590; baseline 0.006 -25"><span class='ocrx_word' id='word_1_268' title='bbox 418 2514 472 2565; x_wconf 91' lang='lat' dir='ltr'><strong>in</strong></span> <span class='ocrx_word' id='word_1_269' title='bbox 531 2523 730 2566; x_wconf 81' lang='lat' dir='ltr'><strong>teriam</strong></span> <span class='ocrx_word' id='word_1_270' title='bbox 784 2531 971 2569; x_wconf 85' lang='lat' dir='ltr'><strong>semen</strong></span> <span class='ocrx_word' id='word_1_271' title='bbox 1009 2517 1112 2570; x_wconf 79' lang='lat' dir='ltr'><strong>tale</strong></span> <span class='ocrx_word' id='word_1_272' title='bbox 1148 2519 1438 2573; x_wconf 73' lang='lat' dir='ltr'><strong>consuevit</strong></span> <span class='ocrx_word' id='word_1_273' title='bbox 1466 2520 1596 2573; x_wconf 87' lang='lat' dir='ltr'><strong>oriri</strong></span> <span class='ocrx_word' id='word_1_274' title='bbox 1642 2521 1801 2590; x_wconf 82' lang='lat' dir='ltr'><strong>quale</strong></span> <span class='ocrx_word' id='word_1_275' title='bbox 1846 2523 1997 2589; x_wconf 87' lang='lat' dir='ltr'><strong>prius</strong></span> 
     </span>
    </p>
   </div>
   <div class='ocr_carea' id='block_1_43' title="bbox 414 2602 1997 2679">
    <p class='ocr_par' dir='ltr' id='par_1_43' title="bbox 414 2602 1997 2679">
     <span class='ocr_line' id='line_1_43' title="bbox 414 2602 1997 2679; baseline 0.004 -23"><span class='ocrx_word' id='word_1_276' title='bbox 414 2612 555 2657; x_wconf 87' lang='lat' dir='ltr'><strong>erat.</strong></span> <span class='ocrx_word' id='word_1_277' title='bbox 599 2602 734 2658; x_wconf 81' lang='lat' dir='ltr'><strong>Nam</strong></span> <span class='ocrx_word' id='word_1_278' title='bbox 771 2606 886 2660; x_wconf 87' lang='lat' dir='ltr'><strong>sive</strong></span> <span class='ocrx_word' id='word_1_279' title='bbox 919 2607 1085 2660; x_wconf 80' lang='lat' dir='ltr'><strong>tritici</strong></span> <span class='ocrx_word' id='word_1_280' title='bbox 1122 2625 1351 2677; x_wconf 84' lang='lat' dir='ltr'><strong>granum</strong></span> <span class='ocrx_word' id='word_1_281' title='bbox 1404 2610 1644 2679; x_wconf 81' lang='lat' dir='ltr'><strong>appelles</strong></span> <span class='ocrx_word' id='word_1_282' title='bbox 1697 2612 1813 2665; x_wconf 85' lang='lat' dir='ltr'><strong>sive</strong></span> <span class='ocrx_word' id='word_1_283' title='bbox 1866 2613 1997 2666; x_wconf 89' lang='lat' dir='ltr'><strong>bor-</strong></span> 
     </span>
    </p>
   </div>
   <div class='ocr_carea' id='block_1_44' title="bbox 417 2695 1997 2772">
    <p class='ocr_par' dir='ltr' id='par_1_44' title="bbox 417 2695 1997 2772">
     <span class='ocr_line' id='line_1_44' title="bbox 417 2695 1997 2772; baseline 0.005 -25"><span class='ocrx_word' id='word_1_284' title='bbox 417 2695 505 2748; x_wconf 90' lang='lat' dir='ltr'><strong>dei</strong></span> <span class='ocrx_word' id='word_1_285' title='bbox 534 2696 651 2751; x_wconf 84' lang='lat' dir='ltr'><strong>sive</strong></span> <span class='ocrx_word' id='word_1_286' title='bbox 683 2696 829 2752; x_wconf 87' lang='lat' dir='ltr'><strong>aliud</strong></span> <span class='ocrx_word' id='word_1_287' title='bbox 869 2699 1103 2766; x_wconf 82' lang='lat' dir='ltr'><strong>quodvis</strong></span> <span class='ocrx_word' id='word_1_288' title='bbox 1133 2716 1318 2753; x_wconf 89' lang='lat' dir='ltr'><strong>semen</strong></span> <span class='ocrx_word' id='word_1_289' title='bbox 1345 2742 1359 2766; x_wconf 97' lang='lat'><strong>,</strong></span> <span class='ocrx_word' id='word_1_290' title='bbox 1410 2701 1541 2755; x_wconf 89' lang='lat' dir='ltr'><strong>illud</strong></span> <span class='ocrx_word' id='word_1_291' title='bbox 1579 2702 1758 2772; x_wconf 89' lang='lat' dir='ltr'><strong>ipsum</strong></span> <span class='ocrx_word' id='word_1_292' title='bbox 1790 2719 1821 2756; x_wconf 92' lang='lat' dir='ltr'><strong>c</strong></span> <span class='ocrx_word' id='word_1_293' title='bbox 1857 2712 1997 2756; x_wconf 51' lang='lat' dir='ltr'><strong>terra</strong></span> 
     </span>
    </p>
   </div>
   <div class='ocr_carea' id='block_1_45' title="bbox 420 2790 1596 2860">
    <p class='ocr_par' dir='ltr' id='par_1_45' title="bbox 420 2790 1596 2860">
     <span class='ocr_line' id='line_1_45' title="bbox 420 2790 1596 2860; baseline 0.011 -23"><span class='ocrx_word' id='word_1_294' title='bbox 420 2790 606 2856; x_wconf 50' lang='lat' dir='ltr'><strong>prodit</strong></span> <span class='ocrx_word' id='word_1_295' title='bbox 633 2795 778 2857; x_wconf 82' lang='lat' dir='ltr'><strong>quod</strong></span> <span class='ocrx_word' id='word_1_296' title='bbox 809 2791 861 2842; x_wconf 90' lang='lat' dir='ltr'><strong>in</strong></span> <span class='ocrx_word' id='word_1_297' title='bbox 902 2807 1019 2844; x_wconf 86' lang='lat' dir='ltr'><strong>eam</strong></span> <span class='ocrx_word' id='word_1_298' title='bbox 1056 2792 1362 2860; x_wconf 67' lang='lat' dir='ltr'><strong>conjectum</strong></span> <span class='ocrx_word' id='word_1_299' title='bbox 1399 2794 1596 2851; x_wconf 68' lang='lat' dir='ltr'><strong>fuerat.</strong></span> 
     </span>
    </p>
   </div>
   <div class='ocr_carea' id='block_1_46' title="bbox 492 2964 1999 3039">
    <p class='ocr_par' dir='ltr' id='par_1_46' title="bbox 492 2964 1999 3039">
     <span class='ocr_line' id='line_1_46' title="bbox 492 2964 1999 3039; baseline 0.009 -23"><span class='ocrx_word' id='word_1_300' title='bbox 492 2964 615 3020; x_wconf 78' lang='lat' dir='ltr'><strong>chc</strong></span> <span class='ocrx_word' id='word_1_301' title='bbox 661 2967 903 3021; x_wconf 62' lang='lat' dir='ltr'><strong>fabrilesa</strong></span> <span class='ocrx_word' id='word_1_302' title='bbox 938 2969 1031 3023; x_wconf 81' lang='lat' dir='ltr'><strong>tibi</strong></span> <span class='ocrx_word' id='word_1_303' title='bbox 1062 2986 1406 3039; x_wconf 77' lang='lat' dir='ltr'><strong>nequaquam</strong></span> <span class='ocrx_word' id='word_1_304' title='bbox 1442 2972 1751 3027; x_wconf 75' lang='lat' dir='ltr'><strong>vidcantur.</strong></span> <span class='ocrx_word' id='word_1_305' title='bbox 1787 2973 1999 3029; x_wconf 80' lang='lat' dir='ltr'><strong>Etenim</strong></span> 
     </span>
    </p>
   </div>
   <div class='ocr_carea' id='block_1_47' title="bbox 421 3059 2002 3132">
    <p class='ocr_par' dir='ltr' id='par_1_47' title="bbox 421 3059 2002 3132">
     <span class='ocr_line' id='line_1_47' title="bbox 421 3059 2002 3132; baseline 0.008 -23"><span class='ocrx_word' id='word_1_306' title='bbox 421 3071 652 3127; x_wconf 83' lang='lat' dir='ltr'><strong>magnus</strong></span> <span class='ocrx_word' id='word_1_307' title='bbox 680 3059 846 3113; x_wconf 82' lang='lat' dir='ltr'><strong>etiam</strong></span> <span class='ocrx_word' id='word_1_308' title='bbox 878 3060 1215 3115; x_wconf 76' lang='lat' dir='ltr'><strong>Athanasius</strong></span> <span class='ocrx_word' id='word_1_309' title='bbox 1252 3062 1340 3117; x_wconf 90' lang='lat' dir='ltr'><strong>ille</strong></span> <span class='ocrx_word' id='word_1_310' title='bbox 1374 3066 1607 3132; x_wconf 88' lang='lat' dir='ltr'><strong>probare</strong></span> <span class='ocrx_word' id='word_1_311' title='bbox 1638 3066 1847 3131; x_wconf 89' lang='lat' dir='ltr'><strong>volens,</strong></span> <span class='ocrx_word' id='word_1_312' title='bbox 1900 3082 2002 3121; x_wconf 90' lang='lat' dir='ltr'><strong>nos</strong></span> 
     </span>
    </p>
   </div>
   <div class='ocr_carea' id='block_1_48' title="bbox 419 3150 2003 3224">
    <p class='ocr_par' dir='ltr' id='par_1_48' title="bbox 419 3150 2003 3224">
     <span class='ocr_line' id='line_1_48' title="bbox 419 3150 2003 3224; baseline 0.006 -21"><span class='ocrx_word' id='word_1_313' title='bbox 419 3165 488 3203; x_wconf 78' lang='lat' dir='ltr'><strong>ex</strong></span> <span class='ocrx_word' id='word_1_314' title='bbox 528 3150 932 3220; x_wconf 86' lang='lat' dir='ltr'><strong>incorruptibili</strong></span> <span class='ocrx_word' id='word_1_315' title='bbox 968 3163 1163 3207; x_wconf 81' lang='lat' dir='ltr'><strong>natura</strong></span> <span class='ocrx_word' id='word_1_316' title='bbox 1217 3156 1604 3224; x_wconf 86' lang='lat' dir='ltr'><strong>corruptibiles</strong></span> <span class='ocrx_word' id='word_1_317' title='bbox 1651 3157 1824 3212; x_wconf 83' lang='lat' dir='ltr'><strong>factos</strong></span> <span class='ocrx_word' id='word_1_318' title='bbox 1883 3174 2003 3214; x_wconf 85' lang='lat' dir='ltr'><strong>esse</strong></span> 
     </span>
    </p>
   </div>
   <div class='ocr_carea' id='block_1_49' title="bbox 422 3242 2002 3320">
    <p class='ocr_par' dir='ltr' id='par_1_49' title="bbox 422 3242 2002 3320">
     <span class='ocr_line' id='line_1_49' title="bbox 422 3242 2002 3320; baseline 0.008 -27"><span class='ocrx_word' id='word_1_319' title='bbox 422 3255 487 3295; x_wconf 81' lang='lat' dir='ltr'><strong>ac</strong></span> <span class='ocrx_word' id='word_1_320' title='bbox 523 3242 760 3297; x_wconf 85' lang='lat' dir='ltr'><strong>vicissim</strong></span> <span class='ocrx_word' id='word_1_321' title='bbox 784 3260 846 3297; x_wconf 77' lang='lat' dir='ltr'><strong>ex</strong></span> <span class='ocrx_word' id='word_1_322' title='bbox 878 3246 1215 3314; x_wconf 78' lang='lat' dir='ltr'><strong>corruptibili</strong></span> <span class='ocrx_word' id='word_1_323' title='bbox 1241 3257 1649 3304; x_wconf 88' lang='lat' dir='ltr'><strong>resurrecturos</strong></span> <span class='ocrx_word' id='word_1_324' title='bbox 1673 3248 2002 3320; x_wconf 84' lang='lat' dir='ltr'><strong>incorrupti-</strong></span> 
     </span>
    </p>
   </div>
   <div class='ocr_carea' id='block_1_50' title="bbox 428 3333 2004 3407">
    <p class='ocr_par' dir='ltr' id='par_1_50' title="bbox 428 3333 2004 3407">
     <span class='ocr_line' id='line_1_50' title="bbox 428 3333 2004 3407; baseline 0.007 -21"><span class='ocrx_word' id='word_1_325' title='bbox 428 3333 590 3398; x_wconf 84' lang='lat' dir='ltr'><strong>biles,</strong></span> <span class='ocrx_word' id='word_1_326' title='bbox 629 3335 782 3403; x_wconf 78' lang='lat' dir='ltr'><strong>grani</strong></span> <span class='ocrx_word' id='word_1_327' title='bbox 813 3336 1172 3391; x_wconf 86' lang='lat' dir='ltr'><strong>similitudine</strong></span> <span class='ocrx_word' id='word_1_328' title='bbox 1206 3353 1367 3406; x_wconf 86' lang='lat' dir='ltr'><strong>quam</strong></span> <span class='ocrx_word' id='word_1_329' title='bbox 1400 3340 1686 3407; x_wconf 86' lang='lat' dir='ltr'><strong>aptissime</strong></span> <span class='ocrx_word' id='word_1_330' title='bbox 1722 3357 1853 3396; x_wconf 87' lang='lat' dir='ltr'><strong>usus</strong></span> <span class='ocrx_word' id='word_1_331' title='bbox 1900 3354 2004 3407; x_wconf 80' lang='lat' dir='ltr'><strong>est,</strong></span> 
     </span>
    </p>
   </div>
   <div class='ocr_carea' id='block_1_51' title="bbox 423 3423 2004 3497">
    <p class='ocr_par' dir='ltr' id='par_1_51' title="bbox 423 3423 2004 3497">
     <span class='ocr_line' id='line_1_51' title="bbox 423 3423 2004 3497; baseline 0.008 -22"><span class='ocrx_word' id='word_1_332' title='bbox 423 3424 481 3476; x_wconf 90' lang='lat' dir='ltr'><strong>in</strong></span> <span class='ocrx_word' id='word_1_333' title='bbox 520 3423 665 3478; x_wconf 86' lang='lat' dir='ltr'><strong>hunc</strong></span> <span class='ocrx_word' id='word_1_334' title='bbox 701 3426 921 3479; x_wconf 83' lang='lat' dir='ltr'><strong>modum</strong></span> <span class='ocrx_word' id='word_1_335' title='bbox 950 3427 1016 3480; x_wconf 86' lang='lat' dir='ltr'><strong>ad</strong></span> <span class='ocrx_word' id='word_1_336' title='bbox 1053 3428 1384 3483; x_wconf 81' lang='lat' dir='ltr'><strong>Antiochum</strong></span> <span class='ocrx_word' id='word_1_337' title='bbox 1419 3430 1734 3486; x_wconf 86' lang='lat' dir='ltr'><strong>disserens:</strong></span> <span class='ocrx_word' id='word_1_338' title='bbox 1769 3432 2004 3497; x_wconf 62' lang='lat' dir='ltr'><strong>«Quem-</strong></span> 
     </span>
    </p>
   </div>
   <div class='ocr_carea' id='block_1_52' title="bbox 424 3515 2005 3593">
    <p class='ocr_par' dir='ltr' id='par_1_52' title="bbox 424 3515 2005 3593">
     <span class='ocr_line' id='line_1_52' title="bbox 424 3515 2005 3593; baseline 0.008 -27"><span class='ocrx_word' id='word_1_339' title='bbox 424 3515 720 3568; x_wconf 86' lang='lat' dir='ltr'><strong>admodum</strong></span> <span class='ocrx_word' id='word_1_340' title='bbox 763 3532 935 3585; x_wconf 81' lang='lat' dir='ltr'><strong>grano</strong></span> <span class='ocrx_word' id='word_1_341' title='bbox 989 3519 1192 3586; x_wconf 81' lang='lat' dir='ltr'><strong>spicam</strong></span> <span class='ocrx_word' id='word_1_342' title='bbox 1243 3520 1313 3573; x_wconf 90' lang='lat' dir='ltr'><strong>ab</strong></span> <span class='ocrx_word' id='word_1_343' title='bbox 1364 3519 1523 3574; x_wconf 89' lang='lat' dir='ltr'><strong>initio</strong></span> <span class='ocrx_word' id='word_1_344' title='bbox 1561 3520 1702 3576; x_wconf 86' lang='lat' dir='ltr'><strong>Deus</strong></span> <span class='ocrx_word' id='word_1_345' title='bbox 1732 3524 2005 3593; x_wconf 76' lang='lat' dir='ltr'><strong>adjunxit,</strong></span> 
     </span>
    </p>
   </div>
   <div class='ocr_carea' id='block_1_53' title="bbox 423 3606 2005 3681">
    <p class='ocr_par' dir='ltr' id='par_1_53' title="bbox 423 3606 2005 3681">
     <span class='ocr_line' id='line_1_53' title="bbox 423 3606 2005 3681; baseline 0.005 -22"><span class='ocrx_word' id='word_1_346' title='bbox 423 3615 478 3659; x_wconf 83' lang='lat' dir='ltr'><strong>et</strong></span> <span class='ocrx_word' id='word_1_347' title='bbox 519 3606 754 3660; x_wconf 85' lang='lat' dir='ltr'><strong>contrita</strong></span> <span class='ocrx_word' id='word_1_348' title='bbox 804 3607 955 3676; x_wconf 74' lang='lat' dir='ltr'><strong>Spit‘a</strong></span> <span class='ocrx_word' id='word_1_349' title='bbox 1001 3623 1231 3677; x_wconf 76' lang='lat' dir='ltr'><strong>granum</strong></span> <span class='ocrx_word' id='word_1_350' title='bbox 1281 3610 1550 3663; x_wconf 87' lang='lat' dir='ltr'><strong>consitum</strong></span> <span class='ocrx_word' id='word_1_351' title='bbox 1582 3626 1773 3666; x_wconf 82' lang='lat' dir='ltr'><strong>rursus</strong></span> <span class='ocrx_word' id='word_1_352' title='bbox 1803 3613 2005 3681; x_wconf 88' lang='lat' dir='ltr'><strong>spicam</strong></span> 
     </span>
    </p>
   </div>
   <div class='ocr_carea' id='block_1_54' title="bbox 428 3697 2004 3770">
    <p class='ocr_par' dir='ltr' id='par_1_54' title="bbox 428 3697 2004 3770">
     <span class='ocr_line' id='line_1_54' title="bbox 428 3697 2004 3770; baseline 0.007 -21"><span class='ocrx_word' id='word_1_353' title='bbox 428 3697 703 3766; x_wconf 89' lang='lat' dir='ltr'><strong>producit,</strong></span> <span class='ocrx_word' id='word_1_354' title='bbox 737 3698 819 3752; x_wconf 86' lang='lat' dir='ltr'><strong>sic</strong></span> <span class='ocrx_word' id='word_1_355' title='bbox 864 3699 1022 3752; x_wconf 81' lang='lat' dir='ltr'><strong>bono</strong></span> <span class='ocrx_word' id='word_1_356' title='bbox 1063 3699 1328 3754; x_wconf 88' lang='lat' dir='ltr'><strong>divinitus</strong></span> <span class='ocrx_word' id='word_1_357' title='bbox 1363 3702 1794 3770; x_wconf 85' lang='lat' dir='ltr'><strong>incorruptibilis</strong></span> <span class='ocrx_word' id='word_1_358' title='bbox 1824 3705 2004 3760; x_wconf 73' lang='lat' dir='ltr'><strong>fat-tus</strong></span> 
     </span>
    </p>
   </div>
   <div class='ocr_carea' id='block_1_55' title="bbox 422 3792 2006 3861">
    <p class='ocr_par' dir='ltr' id='par_1_55' title="bbox 422 3792 2006 3861">
     <span class='ocr_line' id='line_1_55' title="bbox 422 3792 2006 3861; baseline 0.004 -16"><span class='ocrx_word' id='word_1_359' title='bbox 422 3800 530 3855; x_wconf 89' lang='lat' dir='ltr'><strong>est,</strong></span> <span class='ocrx_word' id='word_1_360' title='bbox 568 3792 765 3846; x_wconf 77' lang='lat' dir='ltr'><strong>deinde</strong></span> <span class='ocrx_word' id='word_1_361' title='bbox 800 3808 895 3861; x_wconf 79' lang='lat' dir='ltr'><strong>per</strong></span> <span class='ocrx_word' id='word_1_362' title='bbox 923 3792 1351 3847; x_wconf 85' lang='lat' dir='ltr'><strong>inobedientiam</strong></span> <span class='ocrx_word' id='word_1_363' title='bbox 1380 3794 1598 3846; x_wconf 87' lang='lat' dir='ltr'><strong>attritus</strong></span> <span class='ocrx_word' id='word_1_364' title='bbox 1630 3795 1854 3850; x_wconf 82' lang='lat' dir='ltr'><strong>interiit.</strong></span> <span class='ocrx_word' id='word_1_365' title='bbox 1904 3797 2006 3851; x_wconf 85' lang='lat' dir='ltr'><strong>Ve-</strong></span> 
     </span>
    </p>
   </div>
   <div class='ocr_carea' id='block_1_56' title="bbox 428 3886 2008 3954">
    <p class='ocr_par' dir='ltr' id='par_1_56' title="bbox 428 3886 2008 3954">
     <span class='ocr_line' id='line_1_56' title="bbox 428 3886 2008 3954; baseline 0.003 -17"><span class='ocrx_word' id='word_1_366' title='bbox 428 3901 547 3938; x_wconf 84' lang='lat' dir='ltr'><strong>ium</strong></span> <span class='ocrx_word' id='word_1_367' title='bbox 600 3886 689 3939; x_wconf 91' lang='lat' dir='ltr'><strong>ubi</strong></span> <span class='ocrx_word' id='word_1_368' title='bbox 747 3901 840 3954; x_wconf 85' lang='lat' dir='ltr'><strong>per</strong></span> <span class='ocrx_word' id='word_1_369' title='bbox 885 3896 1116 3939; x_wconf 87' lang='lat' dir='ltr'><strong>mortem</strong></span> <span class='ocrx_word' id='word_1_370' title='bbox 1169 3887 1370 3939; x_wconf 73' lang='lat' dir='ltr'><strong>seritur</strong></span> <span class='ocrx_word' id='word_1_371' title='bbox 1425 3897 1480 3940; x_wconf 89' lang='lat' dir='ltr'><strong>et</strong></span> <span class='ocrx_word' id='word_1_372' title='bbox 1517 3896 1660 3939; x_wconf 85' lang='lat' dir='ltr'><strong>terra</strong></span> <span class='ocrx_word' id='word_1_373' title='bbox 1710 3887 2008 3949; x_wconf 82' lang='lat' dir='ltr'><strong>defoditur,</strong></span> 
     </span>
    </p>
   </div>
   <div class='ocr_carea' id='block_1_57' title="bbox 422 3976 2011 4046">
    <p class='ocr_par' dir='ltr' id='par_1_57' title="bbox 422 3976 2011 4046">
     <span class='ocr_line' id='line_1_57' title="bbox 422 3976 2011 4046; baseline 0.004 -18"><span class='ocrx_word' id='word_1_374' title='bbox 422 3976 718 4046; x_wconf 82' lang='lat' dir='ltr'><strong>repullulat</strong></span> <span class='ocrx_word' id='word_1_375' title='bbox 765 3985 819 4031; x_wconf 93' lang='lat' dir='ltr'><strong>et</strong></span> <span class='ocrx_word' id='word_1_376' title='bbox 876 3977 1314 4046; x_wconf 85' lang='lat' dir='ltr'><strong>incorruptibilis</strong></span> <span class='ocrx_word' id='word_1_377' title='bbox 1367 3976 1445 4039; x_wconf 75' lang='lat' dir='ltr'><strong>fit,</strong></span> <span class='ocrx_word' id='word_1_378' title='bbox 1494 3978 1672 4045; x_wconf 87' lang='lat' dir='ltr'><strong>qualis</strong></span> <span class='ocrx_word' id='word_1_379' title='bbox 1726 3979 1794 4033; x_wconf 88' lang='lat' dir='ltr'><strong>ab</strong></span> <span class='ocrx_word' id='word_1_380' title='bbox 1850 3979 2011 4035; x_wconf 90' lang='lat' dir='ltr'><strong>initio</strong></span> 
     </span>
    </p>
   </div>
   <div class='ocr_carea' id='block_1_58' title="bbox 420 4067 2009 4137">
    <p class='ocr_par' dir='ltr' id='par_1_58' title="bbox 420 4067 2009 4137">
     <span class='ocr_line' id='line_1_58' title="bbox 420 4067 2009 4137; baseline 0.002 -14"><span class='ocrx_word' id='word_1_381' title='bbox 420 4078 593 4123; x_wconf 64' lang='lat' dir='ltr'><strong>erat.»</strong></span> <span class='ocrx_word' id='word_1_382' title='bbox 649 4067 769 4122; x_wconf 89' lang='lat' dir='ltr'><strong>Noli</strong></span> <span class='ocrx_word' id='word_1_383' title='bbox 804 4068 906 4123; x_wconf 91' lang='lat' dir='ltr'><strong>hoc</strong></span> <span class='ocrx_word' id='word_1_384' title='bbox 934 4068 1053 4124; x_wconf 92' lang='lat' dir='ltr'><strong>loco</strong></span> <span class='ocrx_word' id='word_1_385' title='bbox 1086 4069 1222 4123; x_wconf 83' lang='lat' dir='ltr'><strong>milii</strong></span> <span class='ocrx_word' id='word_1_386' title='bbox 1267 4069 1548 4137; x_wconf 86' lang='lat' dir='ltr'><strong>objicere:</strong></span> <span class='ocrx_word' id='word_1_387' title='bbox 1592 4071 1639 4124; x_wconf 88' lang='lat' dir='ltr'><strong>si</strong></span> <span class='ocrx_word' id='word_1_388' title='bbox 1694 4081 1812 4125; x_wconf 90' lang='lat' dir='ltr'><strong>erat</strong></span> <span class='ocrx_word' id='word_1_389' title='bbox 1849 4081 2009 4126; x_wconf 88' lang='lat' dir='ltr'><strong>antea</strong></span> 
     </span>
    </p>
   </div>
   <div class='ocr_carea' id='block_1_59' title="bbox 423 4160 2012 4231">
    <p class='ocr_par' dir='ltr' id='par_1_59' title="bbox 423 4160 2012 4231">
     <span class='ocr_line' id='line_1_59' title="bbox 423 4160 2012 4231; baseline 0.004 -17"><span class='ocrx_word' id='word_1_390' title='bbox 423 4160 774 4225; x_wconf 85' lang='lat' dir='ltr'><strong>immortalis,</strong></span> <span class='ocrx_word' id='word_1_391' title='bbox 806 4177 915 4230; x_wconf 90' lang='lat' dir='ltr'><strong>quo</strong></span> <span class='ocrx_word' id='word_1_392' title='bbox 945 4170 1104 4231; x_wconf 83' lang='lat' dir='ltr'><strong>pacto</strong></span> <span class='ocrx_word' id='word_1_393' title='bbox 1130 4162 1392 4229; x_wconf 87' lang='lat' dir='ltr'><strong>deinceps</strong></span> <span class='ocrx_word' id='word_1_394' title='bbox 1420 4161 1669 4217; x_wconf 87' lang='lat' dir='ltr'><strong>iuteritui</strong></span> <span class='ocrx_word' id='word_1_395' title='bbox 1706 4165 2012 4220; x_wconf 86' lang='lat' dir='ltr'><strong>mortalita-</strong></span> 
     </span>
    </p>
   </div>
   <div class='ocr_carea' id='block_1_60' title="bbox 425 4249 2008 4321">
    <p class='ocr_par' dir='ltr' id='par_1_60' title="bbox 425 4249 2008 4321">
     <span class='ocr_line' id='line_1_60' title="bbox 425 4249 2008 4321; baseline 0.005 -18"><span class='ocrx_word' id='word_1_396' title='bbox 425 4250 575 4318; x_wconf 88' lang='lat' dir='ltr'><strong>tique</strong></span> <span class='ocrx_word' id='word_1_397' title='bbox 609 4249 781 4304; x_wconf 84' lang='lat' dir='ltr'><strong>factus</strong></span> <span class='ocrx_word' id='word_1_398' title='bbox 810 4262 895 4305; x_wconf 88' lang='lat' dir='ltr'><strong>est</strong></span> <span class='ocrx_word' id='word_1_399' title='bbox 929 4252 1247 4306; x_wconf 82' lang='lat' dir='ltr'><strong>obnoxius?</strong></span> <span class='ocrx_word' id='word_1_400' title='bbox 1311 4251 1463 4308; x_wconf 85' lang='lat' dir='ltr'><strong>Hanc</strong></span> <span class='ocrx_word' id='word_1_401' title='bbox 1499 4263 1550 4308; x_wconf 89' lang='lat' dir='ltr'><strong>tu</strong></span> <span class='ocrx_word' id='word_1_402' title='bbox 1612 4255 1745 4309; x_wconf 90' lang='lat' dir='ltr'><strong>mibi</strong></span> <span class='ocrx_word' id='word_1_403' title='bbox 1796 4270 2008 4321; x_wconf 85' lang='lat' dir='ltr'><strong>vocem,</strong></span> 
     </span>
    </p>
   </div>
   <div class='ocr_carea' id='block_1_61' title="bbox 425 4341 2014 4414">
    <p class='ocr_par' dir='ltr' id='par_1_61' title="bbox 425 4341 2014 4414">
     <span class='ocr_line' id='line_1_61' title="bbox 425 4341 2014 4414; baseline 0.005 -21"><span class='ocrx_word' id='word_1_404' title='bbox 425 4355 534 4409; x_wconf 90' lang='lat' dir='ltr'><strong>quo</strong></span> <span class='ocrx_word' id='word_1_405' title='bbox 566 4349 747 4409; x_wconf 86' lang='lat' dir='ltr'><strong>pacto.</strong></span> <span class='ocrx_word' id='word_1_406' title='bbox 784 4341 1005 4395; x_wconf 87' lang='lat' dir='ltr'><strong>missam</strong></span> <span class='ocrx_word' id='word_1_407' title='bbox 1038 4343 1219 4396; x_wconf 81' lang='lat' dir='ltr'><strong>facito.</strong></span> <span class='ocrx_word' id='word_1_408' title='bbox 1255 4342 1387 4397; x_wconf 84' lang='lat' dir='ltr'><strong>Nam</strong></span> <span class='ocrx_word' id='word_1_409' title='bbox 1418 4343 1557 4397; x_wconf 89' lang='lat' dir='ltr'><strong>Deus</strong></span> <span class='ocrx_word' id='word_1_410' title='bbox 1580 4352 1717 4408; x_wconf 87' lang='lat' dir='ltr'><strong>erat,</strong></span> <span class='ocrx_word' id='word_1_411' title='bbox 1743 4343 1833 4414; x_wconf 89' lang='lat' dir='ltr'><strong>qui</strong></span> <span class='ocrx_word' id='word_1_412' title='bbox 1862 4345 2014 4401; x_wconf 80' lang='lat' dir='ltr'><strong>dixe-</strong></span> 
     </span>
    </p>
   </div>
   <div class='ocr_carea' id='block_1_62' title="bbox 2092 1862 3670 1935">
    <p class='ocr_par' dir='ltr' id='par_1_62' title="bbox 2092 1862 3670 1935">
     <span class='ocr_line' id='line_1_62' title="bbox 2092 1862 3670 1935; baseline 0.003 -24"><span class='ocrx_word' id='word_1_413' title='bbox 2092 1863 2158 1929; x_wconf 78' lang='grc' dir='ltr'>τῇ</span> <span class='ocrx_word' id='word_1_414' title='bbox 2198 1862 2266 1929; x_wconf 85' lang='grc' dir='ltr'>γῇ</span> <span class='ocrx_word' id='word_1_415' title='bbox 2304 1862 2398 1913; x_wconf 83' lang='grc' dir='ltr'><strong>καὶ</strong></span> <span class='ocrx_word' id='word_1_416' title='bbox 2432 1864 2743 1933; x_wconf 65' lang='grc' dir='ltr'>σηπόμενος</span> <span class='ocrx_word' id='word_1_417' title='bbox 2778 1862 3056 1932; x_wconf 69' lang='grc' dir='ltr'>ἄφθαρτος</span> <span class='ocrx_word' id='word_1_418' title='bbox 3093 1864 3157 1914; x_wconf 78' lang='grc' dir='ltr'>ἐκ</span> <span class='ocrx_word' id='word_1_419' title='bbox 3192 1863 3403 1932; x_wconf 81' lang='grc' dir='ltr'>νεκρῶν</span> <span class='ocrx_word' id='word_1_420' title='bbox 3434 1865 3670 1935; x_wconf 77' lang='grc' dir='ltr'>ἐγήγερο</span> 
     </span>
    </p>
   </div>
   <div class='ocr_carea' id='block_1_63' title="bbox 2092 1950 3671 2023">
    <p class='ocr_par' dir='ltr' id='par_1_63' title="bbox 2092 1950 3671 2023">
     <span class='ocr_line' id='line_1_63' title="bbox 2092 1950 3671 2023; baseline 0.003 -21"><span class='ocrx_word' id='word_1_421' title='bbox 2092 1966 2181 2002; x_wconf 79' lang='grc' dir='ltr'><strong>ται</strong></span> <span class='ocrx_word' id='word_1_422' title='bbox 2215 1954 2310 2002; x_wconf 76' lang='grc' dir='ltr'>καὶ</span> <span class='ocrx_word' id='word_1_423' title='bbox 2333 1950 2624 2016; x_wconf 77' lang='grc' dir='ltr'>ἀθάνατος,</span> <span class='ocrx_word' id='word_1_424' title='bbox 2659 1954 2753 2003; x_wconf 74' lang='grc' dir='ltr'><strong>καὶ</strong></span> <span class='ocrx_word' id='word_1_425' title='bbox 2784 1954 2966 2005; x_wconf 83' lang='grc' dir='ltr'>πιστοῖ</span> <span class='ocrx_word' id='word_1_426' title='bbox 3014 1953 3104 2004; x_wconf 60' lang='grc' dir='ltr'>τὸν</span> <span class='ocrx_word' id='word_1_427' title='bbox 3146 1953 3303 2019; x_wconf 79' lang='grc' dir='ltr'>λόγον</span> <span class='ocrx_word' id='word_1_428' title='bbox 3338 1954 3363 2005; x_wconf 87' lang='lat'><strong>6</strong></span> <span class='ocrx_word' id='word_1_429' title='bbox 3399 1955 3671 2023; x_wconf 74' lang='grc' dir='ltr'>μακάριος</span> 
     </span>
    </p>
   </div>
   <div class='ocr_carea' id='block_1_64' title="bbox 2097 2041 3672 2113">
    <p class='ocr_par' dir='ltr' id='par_1_64' title="bbox 2097 2041 3672 2113">
     <span class='ocr_line' id='line_1_64' title="bbox 2097 2041 3672 2113; baseline 0.003 -21"><span class='ocrx_word' id='word_1_430' title='bbox 2097 2041 2307 2103; x_wconf 69' lang='grc' dir='ltr'>Παῦλος</span> <span class='ocrx_word' id='word_1_431' title='bbox 2363 2041 2509 2095; x_wconf 75' lang='grc' dir='ltr'>οὕτω</span> <span class='ocrx_word' id='word_1_432' title='bbox 2555 2043 2684 2111; x_wconf 77' lang='grc' dir='ltr'>περὶ</span> <span class='ocrx_word' id='word_1_433' title='bbox 2732 2043 2924 2095; x_wconf 86' lang='grc' dir='ltr'>τούτου</span> <span class='ocrx_word' id='word_1_434' title='bbox 2966 2042 3178 2111; x_wconf 80' lang='grc' dir='ltr'>λέγων·</span> <span class='ocrx_word' id='word_1_435' title='bbox 3216 2062 3234 2093; x_wconf 76' lang='grc' dir='ltr'><strong>ι</strong></span> <span class='ocrx_word' id='word_1_436' title='bbox 3280 2043 3573 2113; x_wconf 78' lang='grc' dir='ltr'>Σπείρεται</span> <span class='ocrx_word' id='word_1_437' title='bbox 3616 2046 3672 2096; x_wconf 78' lang='grc' dir='ltr'>ἐν</span> 
     </span>
    </p>
   </div>
   <div class='ocr_carea' id='block_1_65' title="bbox 2097 2132 3673 2206">
    <p class='ocr_par' dir='ltr' id='par_1_65' title="bbox 2097 2132 3673 2206">
     <span class='ocr_line' id='line_1_65' title="bbox 2097 2132 3673 2206; baseline 0.004 -23"><span class='ocrx_word' id='word_1_438' title='bbox 2097 2132 2294 2202; x_wconf 82' lang='grc' dir='ltr'>φθορᾷ,</span> <span class='ocrx_word' id='word_1_439' title='bbox 2348 2134 2622 2206; x_wconf 74' lang='grc' dir='ltr'>ἐγείρεται</span> <span class='ocrx_word' id='word_1_440' title='bbox 2665 2136 2723 2187; x_wconf 78' lang='grc' dir='ltr'>ἐν</span> <span class='ocrx_word' id='word_1_441' title='bbox 2785 2135 3086 2206; x_wconf 74' lang='grc' dir='ltr'><strong>ἀφθαρσίᾳ,</strong></span> <span class='ocrx_word' id='word_1_442' title='bbox 3124 2153 3143 2186; x_wconf 75' lang='grc' dir='ltr'><strong>ι</strong></span> <span class='ocrx_word' id='word_1_443' title='bbox 3198 2134 3418 2203; x_wconf 75' lang='grc' dir='ltr'>εὔδηλον</span> <span class='ocrx_word' id='word_1_444' title='bbox 3459 2138 3673 2197; x_wconf 81' lang='grc' dir='ltr'>πάντως</span> 
     </span>
    </p>
   </div>
   <div class='ocr_carea' id='block_1_66' title="bbox 2098 2205 3674 2298">
    <p class='ocr_par' dir='ltr' id='par_1_66' title="bbox 2098 2205 3674 2298">
     <span class='ocr_line' id='line_1_66' title="bbox 2098 2205 3674 2298; baseline -0.001 -16"><span class='ocrx_word' id='word_1_445' title='bbox 2098 2231 2181 2283; x_wconf 80' lang='grc' dir='ltr'><strong>ὅτι</strong></span> <span class='ocrx_word' id='word_1_446' title='bbox 2211 2229 2305 2282; x_wconf 72' lang='grc' dir='ltr'>καὶ</span> <span class='ocrx_word' id='word_1_447' title='bbox 2331 2230 2359 2281; x_wconf 98' lang='lat'><strong>6</strong></span> <span class='ocrx_word' id='word_1_448' title='bbox 2398 2228 2504 2298; x_wconf 85' lang='grc' dir='ltr'><strong>πρὸ</strong></span> <span class='ocrx_word' id='word_1_449' title='bbox 2536 2205 2634 2297; x_wconf 66' lang='grc' dir='ltr'>τῆς</span> <span class='ocrx_word' id='word_1_450' title='bbox 2666 2205 2950 2296; x_wconf 79' lang='grc' dir='ltr'>ἁμαρτίας</span> <span class='ocrx_word' id='word_1_451' title='bbox 2976 2228 3179 2290; x_wconf 78' lang='grc' dir='ltr'>ἐκεῖνος</span> <span class='ocrx_word' id='word_1_452' title='bbox 3232 2227 3403 2296; x_wconf 75' lang='grc' dir='ltr'><strong>’Ᾱδὰμ</strong></span> <span class='ocrx_word' id='word_1_453' title='bbox 3434 2229 3674 2292; x_wconf 72' lang='grc' dir='ltr'>τοιοῦτος</span> 
     </span>
    </p>
   </div>
   <div class='ocr_carea' id='block_1_67' title="bbox 2098 2319 3678 2393">
    <p class='ocr_par' dir='ltr' id='par_1_67' title="bbox 2098 2319 3678 2393">
     <span class='ocr_line' id='line_1_67' title="bbox 2098 2319 3678 2393; baseline 0.001 -20"><span class='ocrx_word' id='word_1_454' title='bbox 2098 2319 2166 2393; x_wconf 77' lang='grc' dir='ltr'><strong>ἢν</strong></span> <span class='ocrx_word' id='word_1_455' title='bbox 2197 2323 2289 2374; x_wconf 82' lang='grc' dir='ltr'>ἀπ’</span> <span class='ocrx_word' id='word_1_456' title='bbox 2319 2322 2518 2391; x_wconf 81' lang='grc' dir='ltr'>ἀρχῆς,</span> <span class='ocrx_word' id='word_1_457' title='bbox 2548 2323 2825 2392; x_wconf 73' lang='grc' dir='ltr'>ἄφθαρτος</span> <span class='ocrx_word' id='word_1_458' title='bbox 2873 2320 3075 2390; x_wconf 65' lang='grc' dir='ltr'>δηλαδὴ</span> <span class='ocrx_word' id='word_1_459' title='bbox 3115 2320 3209 2373; x_wconf 76' lang='grc' dir='ltr'>καὶ</span> <span class='ocrx_word' id='word_1_460' title='bbox 3247 2320 3537 2383; x_wconf 84' lang='grc' dir='ltr'>ἀθάνατος.</span> <span class='ocrx_word' id='word_1_461' title='bbox 3568 2325 3678 2376; x_wconf 74' lang='grc' dir='ltr'><strong>Καὶ</strong></span> 
     </span>
    </p>
   </div>
   <div class='ocr_carea' id='block_1_68' title="bbox 2103 2410 3676 2483">
    <p class='ocr_par' dir='ltr' id='par_1_68' title="bbox 2103 2410 3676 2483">
     <span class='ocr_line' id='line_1_68' title="bbox 2103 2410 3676 2483; baseline 0.001 -19"><span class='ocrx_word' id='word_1_462' title='bbox 2103 2414 2179 2483; x_wconf 79' lang='grc' dir='ltr'>μὴ</span> <span class='ocrx_word' id='word_1_463' title='bbox 2214 2412 2462 2480; x_wconf 77' lang='grc' dir='ltr'>θαύμαζε</span> <span class='ocrx_word' id='word_1_464' title='bbox 2503 2412 2693 2464; x_wconf 81' lang='grc' dir='ltr'>τούτου</span> <span class='ocrx_word' id='word_1_465' title='bbox 2724 2410 2933 2476; x_wconf 73' lang='grc' dir='ltr'>ἕνεκεν,</span> <span class='ocrx_word' id='word_1_466' title='bbox 2971 2412 3084 2479; x_wconf 79' lang='grc' dir='ltr'>εἷ’γε</span> <span class='ocrx_word' id='word_1_467' title='bbox 3121 2411 3216 2463; x_wconf 79' lang='grc' dir='ltr'><strong>καὶ</strong></span> <span class='ocrx_word' id='word_1_468' title='bbox 3245 2412 3471 2482; x_wconf 84' lang='grc' dir='ltr'>σπέρμα</span> <span class='ocrx_word' id='word_1_469' title='bbox 3506 2418 3570 2482; x_wconf 83' lang='grc' dir='ltr'>τῇ</span> <span class='ocrx_word' id='word_1_470' title='bbox 3605 2416 3676 2483; x_wconf 81' lang='grc' dir='ltr'>γῇ</span> 
     </span>
    </p>
   </div>
   <div class='ocr_carea' id='block_1_69' title="bbox 2102 2502 3678 2575">
    <p class='ocr_par' dir='ltr' id='par_1_69' title="bbox 2102 2502 3678 2575">
     <span class='ocr_line' id='line_1_69' title="bbox 2102 2502 3678 2575; baseline -0.001 -17"><span class='ocrx_word' id='word_1_471' title='bbox 2102 2505 2577 2575; x_wconf 78' lang='grc' dir='ltr'>καταϐαλλόμενον</span> <span class='ocrx_word' id='word_1_472' title='bbox 2608 2503 2849 2557; x_wconf 77' lang='grc' dir='ltr'>τοιοῦτον</span> <span class='ocrx_word' id='word_1_473' title='bbox 2879 2502 3225 2556; x_wconf 79' lang='grc' dir='ltr'>ἀναδίδοσθαι</span> <span class='ocrx_word' id='word_1_474' title='bbox 3251 2502 3467 2569; x_wconf 80' lang='grc' dir='ltr'>εἴωθεν,</span> <span class='ocrx_word' id='word_1_475' title='bbox 3495 2507 3678 2557; x_wconf 73' lang='grc' dir='ltr'>ὁποῖον</span> 
     </span>
    </p>
   </div>
   <div class='ocr_carea' id='block_1_70' title="bbox 2099 2589 3677 2667">
    <p class='ocr_par' dir='ltr' id='par_1_70' title="bbox 2099 2589 3677 2667">
     <span class='ocr_line' id='line_1_70' title="bbox 2099 2589 3677 2667; baseline -0.001 -15"><span class='ocrx_word' id='word_1_476' title='bbox 2099 2600 2209 2667; x_wconf 84' lang='grc' dir='ltr'><strong>ἀρα</strong></span> <span class='ocrx_word' id='word_1_477' title='bbox 2258 2596 2652 2666; x_wconf 75' lang='grc' dir='ltr'>καὶπρότερον</span> <span class='ocrx_word' id='word_1_478' title='bbox 2693 2596 2990 2664; x_wconf 77' lang='grc' dir='ltr'>ἐτύγχανεν</span> <span class='ocrx_word' id='word_1_479' title='bbox 3023 2589 3185 2648; x_wconf 76' lang='grc' dir='ltr'>εἶναι.</span> <span class='ocrx_word' id='word_1_480' title='bbox 3230 2594 3353 2647; x_wconf 84' lang='grc' dir='ltr'>Εῐτε</span> <span class='ocrx_word' id='word_1_481' title='bbox 3389 2598 3499 2665; x_wconf 81' lang='grc' dir='ltr'>γὰρ</span> <span class='ocrx_word' id='word_1_482' title='bbox 3528 2597 3677 2649; x_wconf 77' lang='grc' dir='ltr'>σίτου</span> 
     </span>
    </p>
   </div>
   <div class='ocr_carea' id='block_1_71' title="bbox 2103 2674 3680 2759">
    <p class='ocr_par' dir='ltr' id='par_1_71' title="bbox 2103 2674 3680 2759">
     <span class='ocr_line' id='line_1_71' title="bbox 2103 2674 3680 2759; baseline -0.001 -17"><span class='ocrx_word' id='word_1_483' title='bbox 2103 2674 2303 2743; x_wconf 77' lang='grc' dir='ltr'>κόκκον</span> <span class='ocrx_word' id='word_1_484' title='bbox 2339 2688 2515 2751; x_wconf 78' lang='grc' dir='ltr'>εἴποις</span> <span class='ocrx_word' id='word_1_485' title='bbox 2546 2690 2657 2741; x_wconf 72' lang='grc' dir='ltr'>εἴτε</span> <span class='ocrx_word' id='word_1_486' title='bbox 2692 2686 2940 2756; x_wconf 84' lang='grc' dir='ltr'>κριθους,</span> <span class='ocrx_word' id='word_1_487' title='bbox 2973 2689 3020 2739; x_wconf 84' lang='lat' dir='ltr'><strong>si</strong></span> <span class='ocrx_word' id='word_1_488' title='bbox 3063 2686 3249 2756; x_wconf 78' lang='grc' dir='ltr'>ἕτερον</span> <span class='ocrx_word' id='word_1_489' title='bbox 3276 2688 3497 2759; x_wconf 78' lang='grc' dir='ltr'>σπέρμα</span> <span class='ocrx_word' id='word_1_490' title='bbox 3541 2689 3680 2741; x_wconf 82' lang='grc' dir='ltr'>οῖον-</span> 
     </span>
    </p>
   </div>
   <div class='ocr_carea' id='block_1_72' title="bbox 2101 2779 3679 2851">
    <p class='ocr_par' dir='ltr' id='par_1_72' title="bbox 2101 2779 3679 2851">
     <span class='ocr_line' id='line_1_72' title="bbox 2101 2779 3679 2851; baseline -0.001 -17"><span class='ocrx_word' id='word_1_491' title='bbox 2101 2784 2328 2851; x_wconf 83' lang='grc' dir='ltr'>δήποτε,</span> <span class='ocrx_word' id='word_1_492' title='bbox 2362 2779 2542 2834; x_wconf 76' lang='grc' dir='ltr'>ἐκεισε</span> <span class='ocrx_word' id='word_1_493' title='bbox 2601 2781 2820 2843; x_wconf 86' lang='grc' dir='ltr'>πάντως</span> <span class='ocrx_word' id='word_1_494' title='bbox 2851 2779 3251 2849; x_wconf 64' lang='grc' dir='ltr'>ἐπανέρχεσθαι</span> <span class='ocrx_word' id='word_1_495' title='bbox 3286 2781 3532 2850; x_wconf 80' lang='grc' dir='ltr'>πέφυκεν</span> <span class='ocrx_word' id='word_1_496' title='bbox 3558 2780 3679 2835; x_wconf 84' lang='grc' dir='ltr'>ὅθεν</span> 
     </span>
    </p>
   </div>
   <div class='ocr_carea' id='block_1_73' title="bbox 2102 2868 2760 2939">
    <p class='ocr_par' dir='ltr' id='par_1_73' title="bbox 2102 2868 2760 2939">
     <span class='ocr_line' id='line_1_73' title="bbox 2102 2868 2760 2939; baseline 0.003 -16"><span class='ocrx_word' id='word_1_497' title='bbox 2102 2870 2348 2939; x_wconf 80' lang='grc' dir='ltr'>δηλονότι</span> <span class='ocrx_word' id='word_1_498' title='bbox 2380 2868 2760 2925; x_wconf 77' lang='grc' dir='ltr'>ἐκπέπτωκεν.</span> 
     </span>
    </p>
   </div>
   <div class='ocr_carea' id='block_1_74' title="bbox 2189 2961 3683 3034">
    <p class='ocr_par' dir='ltr' id='par_1_74' title="bbox 2189 2961 3683 3034">
     <span class='ocr_line' id='line_1_74' title="bbox 2189 2961 3683 3034; baseline 0.001 -19"><span class='ocrx_word' id='word_1_499' title='bbox 2189 2963 2350 3015; x_wconf 79' lang='grc' dir='ltr'>Ἀλλά</span> <span class='ocrx_word' id='word_1_500' title='bbox 2380 2964 2455 3034; x_wconf 81' lang='grc' dir='ltr'>μὴ</span> <span class='ocrx_word' id='word_1_501' title='bbox 2488 2963 2657 3033; x_wconf 75' lang='grc' dir='ltr'>μῦθον</span> <span class='ocrx_word' id='word_1_502' title='bbox 2682 2961 2815 3031; x_wconf 78' lang='grc' dir='ltr'>ἡγοῦ</span> <span class='ocrx_word' id='word_1_503' title='bbox 2854 2962 2924 3017; x_wconf 85' lang='grc' dir='ltr'>τὰ</span> <span class='ocrx_word' id='word_1_504' title='bbox 2963 2962 3257 3031; x_wconf 84' lang='grc' dir='ltr'>λεγόμενα.</span> <span class='ocrx_word' id='word_1_505' title='bbox 3303 2963 3445 3033; x_wconf 81' lang='grc' dir='ltr'><strong>Ὀρα</strong></span> <span class='ocrx_word' id='word_1_506' title='bbox 3473 2961 3580 3033; x_wconf 87' lang='grc' dir='ltr'>γὰρ</span> <span class='ocrx_word' id='word_1_507' title='bbox 3602 2963 3683 3016; x_wconf 74' lang='grc' dir='ltr'>ὅτι</span> 
     </span>
    </p>
   </div>
   <div class='ocr_carea' id='block_1_75' title="bbox 2108 3054 3689 3124">
    <p class='ocr_par' dir='ltr' id='par_1_75' title="bbox 2108 3054 3689 3124">
     <span class='ocr_line' id='line_1_75' title="bbox 2108 3054 3689 3124; baseline 0 -16"><span class='ocrx_word' id='word_1_508' title='bbox 2108 3057 2199 3108; x_wconf 68' lang='grc' dir='ltr'><strong>καὶ</strong></span> <span class='ocrx_word' id='word_1_509' title='bbox 2253 3058 2280 3109; x_wconf 88' lang='lat'><strong>6</strong></span> <span class='ocrx_word' id='word_1_510' title='bbox 2338 3055 2512 3124; x_wconf 78' lang='grc' dir='ltr'>μέγας</span> <span class='ocrx_word' id='word_1_511' title='bbox 2582 3056 2905 3118; x_wconf 75' lang='grc' dir='ltr'>Ἀθανάσιος</span> <span class='ocrx_word' id='word_1_512' title='bbox 2960 3054 3240 3119; x_wconf 73' lang='grc' dir='ltr'>ἀποδεῖξαι</span> <span class='ocrx_word' id='word_1_513' title='bbox 3305 3055 3476 3109; x_wconf 82' lang='grc' dir='ltr'>θέλων</span> <span class='ocrx_word' id='word_1_514' title='bbox 3522 3054 3689 3119; x_wconf 72' lang='grc' dir='ltr'>ὅτιεξ</span> 
     </span>
    </p>
   </div>
   <div class='ocr_carea' id='block_1_76' title="bbox 2109 3132 3688 3219">
    <p class='ocr_par' dir='ltr' id='par_1_76' title="bbox 2109 3132 3688 3219">
     <span class='ocr_line' id='line_1_76' title="bbox 2109 3132 3688 3219; baseline -0.001 -17"><span class='ocrx_word' id='word_1_515' title='bbox 2109 3148 2390 3219; x_wconf 75' lang='grc' dir='ltr'>ἀφθάρτου</span> <span class='ocrx_word' id='word_1_516' title='bbox 2426 3132 2677 3218; x_wconf 72' lang='grc' dir='ltr'>φθαρτοὶ</span> <span class='ocrx_word' id='word_1_517' title='bbox 2701 3150 3035 3218; x_wconf 82' lang='grc' dir='ltr'>γεγόναμεν,</span> <span class='ocrx_word' id='word_1_518' title='bbox 3066 3150 3162 3203; x_wconf 72' lang='grc' dir='ltr'><strong>καὶ</strong></span> <span class='ocrx_word' id='word_1_519' title='bbox 3190 3150 3273 3202; x_wconf 85' lang='grc' dir='ltr'>ὅτι</span> <span class='ocrx_word' id='word_1_520' title='bbox 3299 3149 3406 3204; x_wconf 73' lang='grc' dir='ltr'>ἀπὸ</span> <span class='ocrx_word' id='word_1_521' title='bbox 3443 3148 3688 3217; x_wconf 77' lang='grc' dir='ltr'>φθαρτοῦ</span> 
     </span>
    </p>
   </div>
   <div class='ocr_carea' id='block_1_77' title="bbox 2113 3238 3691 3309">
    <p class='ocr_par' dir='ltr' id='par_1_77' title="bbox 2113 3238 3691 3309">
     <span class='ocr_line' id='line_1_77' title="bbox 2113 3238 3691 3309; baseline -0.001 -17"><span class='ocrx_word' id='word_1_522' title='bbox 2113 3240 2276 3292; x_wconf 83' lang='grc' dir='ltr'>πάλιν</span> <span class='ocrx_word' id='word_1_523' title='bbox 2313 3239 2583 3308; x_wconf 76' lang='grc' dir='ltr'>ἄφθαρτοι</span> <span class='ocrx_word' id='word_1_524' title='bbox 2622 3240 2982 3309; x_wconf 82' lang='grc' dir='ltr'>ἁνιστάμεθα.</span> <span class='ocrx_word' id='word_1_525' title='bbox 3037 3238 3116 3308; x_wconf 84' lang='grc' dir='ltr'>τῷ</span> <span class='ocrx_word' id='word_1_526' title='bbox 3154 3240 3248 3292; x_wconf 84' lang='grc' dir='ltr'>τοῦ</span> <span class='ocrx_word' id='word_1_527' title='bbox 3290 3240 3492 3293; x_wconf 81' lang='grc' dir='ltr'>κόκκου</span> <span class='ocrx_word' id='word_1_528' title='bbox 3553 3239 3691 3291; x_wconf 77' lang='grc' dir='ltr'>ὕπο-</span> 
     </span>
    </p>
   </div>
   <div class='ocr_carea' id='block_1_78' title="bbox 2108 3330 3689 3400">
    <p class='ocr_par' dir='ltr' id='par_1_78' title="bbox 2108 3330 3689 3400">
     <span class='ocr_line' id='line_1_78' title="bbox 2108 3330 3689 3400; baseline -0.001 -17"><span class='ocrx_word' id='word_1_529' title='bbox 2108 3332 2366 3399; x_wconf 81' lang='grc' dir='ltr'>δείγματι</span> <span class='ocrx_word' id='word_1_530' title='bbox 2407 3335 2498 3383; x_wconf 71' lang='grc' dir='ltr'><strong>καὶ</strong></span> <span class='ocrx_word' id='word_1_531' title='bbox 2527 3330 2671 3399; x_wconf 69' lang='grc' dir='ltr'>μάλα</span> <span class='ocrx_word' id='word_1_532' title='bbox 2706 3330 3004 3399; x_wconf 80' lang='grc' dir='ltr'>προσφυῶς</span> <span class='ocrx_word' id='word_1_533' title='bbox 3056 3332 3349 3400; x_wconf 76' lang='grc' dir='ltr'>ἐχρήσατο,</span> <span class='ocrx_word' id='word_1_534' title='bbox 3398 3331 3535 3400; x_wconf 80' lang='grc' dir='ltr'>πρὸς</span> <span class='ocrx_word' id='word_1_535' title='bbox 3566 3332 3689 3382; x_wconf 83' lang='lat' dir='ltr'><strong>&#39;Av-</strong></span> 
     </span>
    </p>
   </div>
   <div class='ocr_carea' id='block_1_79' title="bbox 2108 3421 3689 3494">
    <p class='ocr_par' dir='ltr' id='par_1_79' title="bbox 2108 3421 3689 3494">
     <span class='ocr_line' id='line_1_79' title="bbox 2108 3421 3689 3494; baseline -0.001 -19"><span class='ocrx_word' id='word_1_536' title='bbox 2108 3424 2285 3494; x_wconf 79' lang='grc' dir='ltr'>τίοχον</span> <span class='ocrx_word' id='word_1_537' title='bbox 2320 3424 2494 3487; x_wconf 74' lang='grc' dir='ltr'>οὕτως</span> <span class='ocrx_word' id='word_1_538' title='bbox 2525 3422 2724 3476; x_wconf 81' lang='grc' dir='ltr'>εἰπών·</span> <span class='ocrx_word' id='word_1_539' title='bbox 2774 3441 2793 3472; x_wconf 78' lang='grc' dir='ltr'><strong>ι</strong></span> <span class='ocrx_word' id='word_1_540' title='bbox 2829 3424 3045 3493; x_wconf 76' lang='grc' dir='ltr'>Ὥσπερ</span> <span class='ocrx_word' id='word_1_541' title='bbox 3082 3424 3173 3474; x_wconf 76' lang='grc' dir='ltr'><strong>ἐπὶ</strong></span> <span class='ocrx_word' id='word_1_542' title='bbox 3197 3421 3292 3474; x_wconf 83' lang='grc' dir='ltr'>τοῦ</span> <span class='ocrx_word' id='word_1_543' title='bbox 3325 3422 3527 3475; x_wconf 86' lang='grc' dir='ltr'>κόκκου</span> <span class='ocrx_word' id='word_1_544' title='bbox 3562 3422 3689 3473; x_wconf 59' lang='grc' dir='ltr'>στάι</span> 
     </span>
    </p>
   </div>
   <div class='ocr_carea' id='block_1_80' title="bbox 2110 3512 3690 3585">
    <p class='ocr_par' dir='ltr' id='par_1_80' title="bbox 2110 3512 3690 3585">
     <span class='ocr_line' id='line_1_80' title="bbox 2110 3512 3690 3585; baseline -0.002 -17"><span class='ocrx_word' id='word_1_545' title='bbox 2110 3533 2208 3584; x_wconf 89' lang='grc' dir='ltr'><strong>χυν</strong></span> <span class='ocrx_word' id='word_1_546' title='bbox 2246 3517 2506 3585; x_wconf 82' lang='grc' dir='ltr'>ἐποίησεν</span> <span class='ocrx_word' id='word_1_547' title='bbox 2529 3516 2623 3568; x_wconf 78' lang='grc' dir='ltr'>ἀπ’</span> <span class='ocrx_word' id='word_1_548' title='bbox 2646 3516 2821 3585; x_wconf 75' lang='grc' dir='ltr'>ἀρχῆς</span> <span class='ocrx_word' id='word_1_549' title='bbox 2853 3516 2881 3565; x_wconf 92' lang='lat'><strong>6</strong></span> <span class='ocrx_word' id='word_1_550' title='bbox 2909 3514 3061 3580; x_wconf 80' lang='grc' dir='ltr'>Θεὸς,</span> <span class='ocrx_word' id='word_1_551' title='bbox 3098 3512 3192 3565; x_wconf 80' lang='grc' dir='ltr'><strong>τοῦ</strong></span> <span class='ocrx_word' id='word_1_552' title='bbox 3216 3514 3273 3565; x_wconf 82' lang='grc' dir='ltr'><strong>δὲ</strong></span> <span class='ocrx_word' id='word_1_553' title='bbox 3299 3517 3530 3582; x_wconf 77' lang='grc' dir='ltr'>στάχυος</span> <span class='ocrx_word' id='word_1_554' title='bbox 3562 3531 3690 3565; x_wconf 85' lang='grc' dir='ltr'>συν-</span> 
     </span>
    </p>
   </div>
   <div class='ocr_carea' id='block_1_81' title="bbox 2109 3607 3690 3676">
    <p class='ocr_par' dir='ltr' id='par_1_81' title="bbox 2109 3607 3690 3676">
     <span class='ocr_line' id='line_1_81' title="bbox 2109 3607 3690 3676; baseline -0.001 -18"><span class='ocrx_word' id='word_1_555' title='bbox 2109 3607 2384 3676; x_wconf 77' lang='grc' dir='ltr'>τριδέντος</span> <span class='ocrx_word' id='word_1_556' title='bbox 2439 3609 2665 3676; x_wconf 83' lang='grc' dir='ltr'>γέγονεν</span> <span class='ocrx_word' id='word_1_557' title='bbox 2705 3609 2734 3659; x_wconf 83' lang='lat'><strong>6</strong></span> <span class='ocrx_word' id='word_1_558' title='bbox 2793 3607 3011 3673; x_wconf 80' lang='grc' dir='ltr'>κόκκος,</span> <span class='ocrx_word' id='word_1_559' title='bbox 3082 3607 3177 3659; x_wconf 77' lang='grc' dir='ltr'>καὶ</span> <span class='ocrx_word' id='word_1_560' title='bbox 3211 3607 3374 3660; x_wconf 79' lang='grc' dir='ltr'>πάλιν</span> <span class='ocrx_word' id='word_1_561' title='bbox 3432 3609 3458 3658; x_wconf 86' lang='grc' dir='ltr'>ὁ</span> <span class='ocrx_word' id='word_1_562' title='bbox 3492 3608 3690 3668; x_wconf 79' lang='grc' dir='ltr'>κόκκος</span> 
     </span>
    </p>
   </div>
   <div class='ocr_carea' id='block_1_82' title="bbox 2113 3696 3689 3769">
    <p class='ocr_par' dir='ltr' id='par_1_82' title="bbox 2113 3696 3689 3769">
     <span class='ocr_line' id='line_1_82' title="bbox 2113 3696 3689 3769; baseline -0.003 -18"><span class='ocrx_word' id='word_1_563' title='bbox 2113 3702 2473 3769; x_wconf 81' lang='grc' dir='ltr'>σπειρόμενος</span> <span class='ocrx_word' id='word_1_564' title='bbox 2506 3698 2906 3753; x_wconf 77' lang='grc' dir='ltr'>ἀναϐλαστάνει</span> <span class='ocrx_word' id='word_1_565' title='bbox 2945 3698 3171 3768; x_wconf 84' lang='grc' dir='ltr'>στάχυν,</span> <span class='ocrx_word' id='word_1_566' title='bbox 3202 3698 3374 3761; x_wconf 70' lang='grc' dir='ltr'>οὕτως</span> <span class='ocrx_word' id='word_1_567' title='bbox 3407 3697 3512 3749; x_wconf 77' lang='grc' dir='ltr'>ὑπὸ</span> <span class='ocrx_word' id='word_1_568' title='bbox 3551 3696 3689 3750; x_wconf 75' lang='grc' dir='ltr'>Θεοῦ</span> 
     </span>
    </p>
   </div>
   <div class='ocr_carea' id='block_1_83' title="bbox 2110 3788 3693 3862">
    <p class='ocr_par' dir='ltr' id='par_1_83' title="bbox 2110 3788 3693 3862">
     <span class='ocr_line' id='line_1_83' title="bbox 2110 3788 3693 3862; baseline 0.001 -21"><span class='ocrx_word' id='word_1_569' title='bbox 2110 3792 2136 3841; x_wconf 94' lang='lat'><strong>6</strong></span> <span class='ocrx_word' id='word_1_570' title='bbox 2172 3791 2461 3861; x_wconf 83' lang='grc' dir='ltr'>ἄνθρωπος</span> <span class='ocrx_word' id='word_1_571' title='bbox 2490 3793 2711 3860; x_wconf 81' lang='grc' dir='ltr'>γέγονεν</span> <span class='ocrx_word' id='word_1_572' title='bbox 2752 3791 3053 3862; x_wconf 80' lang='grc' dir='ltr'>ἄφθαρτος,</span> <span class='ocrx_word' id='word_1_573' title='bbox 3083 3788 3200 3843; x_wconf 82' lang='grc' dir='ltr'>εἶτα</span> <span class='ocrx_word' id='word_1_574' title='bbox 3227 3791 3283 3842; x_wconf 73' lang='grc' dir='ltr'><strong>δὲ</strong></span> <span class='ocrx_word' id='word_1_575' title='bbox 3330 3790 3418 3843; x_wconf 71' lang='grc' dir='ltr'>διὰ</span> <span class='ocrx_word' id='word_1_576' title='bbox 3451 3790 3550 3858; x_wconf 76' lang='grc' dir='ltr'>τῆς</span> <span class='ocrx_word' id='word_1_577' title='bbox 3584 3806 3693 3843; x_wconf 51' lang='grc' dir='ltr'>παθ-</span> 
     </span>
    </p>
   </div>
   <div class='ocr_carea' id='block_1_84' title="bbox 2115 3883 3694 3954">
    <p class='ocr_par' dir='ltr' id='par_1_84' title="bbox 2115 3883 3694 3954">
     <span class='ocr_line' id='line_1_84' title="bbox 2115 3883 3694 3954; baseline -0.003 -18"><span class='ocrx_word' id='word_1_578' title='bbox 2115 3883 2318 3953; x_wconf 85' lang='grc' dir='ltr'>ρακοῆς</span> <span class='ocrx_word' id='word_1_579' title='bbox 2343 3884 2635 3954; x_wconf 77' lang='grc' dir='ltr'>συνετρίϐη</span> <span class='ocrx_word' id='word_1_580' title='bbox 2661 3886 2756 3936; x_wconf 77' lang='grc' dir='ltr'>καὶ</span> <span class='ocrx_word' id='word_1_581' title='bbox 2784 3885 2961 3954; x_wconf 84' lang='grc' dir='ltr'>φθορᾷ</span> <span class='ocrx_word' id='word_1_582' title='bbox 2981 3885 3299 3951; x_wconf 81' lang='grc' dir='ltr'>περιέπεσε.</span> <span class='ocrx_word' id='word_1_583' title='bbox 3321 3884 3694 3951; x_wconf 81' lang='grc' dir='ltr'>σπειρόμενος</span> 
     </span>
    </p>
   </div>
   <div class='ocr_carea' id='block_1_85' title="bbox 2112 3976 3693 4047">
    <p class='ocr_par' dir='ltr' id='par_1_85' title="bbox 2112 3976 3693 4047">
     <span class='ocr_line' id='line_1_85' title="bbox 2112 3976 3693 4047; baseline -0.001 -19"><span class='ocrx_word' id='word_1_584' title='bbox 2112 3977 2168 4030; x_wconf 82' lang='grc' dir='ltr'>δὲ</span> <span class='ocrx_word' id='word_1_585' title='bbox 2204 3977 2295 4029; x_wconf 74' lang='grc' dir='ltr'><strong>διὰ</strong></span> <span class='ocrx_word' id='word_1_586' title='bbox 2326 3977 2419 4029; x_wconf 82' lang='grc' dir='ltr'><strong>τοῦ</strong></span> <span class='ocrx_word' id='word_1_587' title='bbox 2457 3978 2694 4031; x_wconf 85' lang='grc' dir='ltr'>θανάτου</span> <span class='ocrx_word' id='word_1_588' title='bbox 2721 3981 2813 4030; x_wconf 76' lang='grc' dir='ltr'><strong>καὶ</strong></span> <span class='ocrx_word' id='word_1_589' title='bbox 2843 3980 2909 4047; x_wconf 83' lang='grc' dir='ltr'>τῇ</span> <span class='ocrx_word' id='word_1_590' title='bbox 2938 3980 3008 4047; x_wconf 77' lang='grc' dir='ltr'>γῇ</span> <span class='ocrx_word' id='word_1_591' title='bbox 3047 3976 3536 4047; x_wconf 66' lang='grc' dir='ltr'>καταχωννύμενος</span> <span class='ocrx_word' id='word_1_592' title='bbox 3560 3978 3693 4027; x_wconf 81' lang='grc' dir='ltr'>ἀνα·</span> 
     </span>
    </p>
   </div>
   <div class='ocr_carea' id='block_1_86' title="bbox 2114 4065 3692 4139">
    <p class='ocr_par' dir='ltr' id='par_1_86' title="bbox 2114 4065 3692 4139">
     <span class='ocr_line' id='line_1_86' title="bbox 2114 4065 3692 4139; baseline -0.001 -17"><span class='ocrx_word' id='word_1_593' title='bbox 2114 4070 2427 4134; x_wconf 75' lang='grc' dir='ltr'>ὅλαστάνει,</span> <span class='ocrx_word' id='word_1_594' title='bbox 2461 4071 2553 4122; x_wconf 81' lang='grc' dir='ltr'><strong>καὶ</strong></span> <span class='ocrx_word' id='word_1_595' title='bbox 2601 4070 2809 4137; x_wconf 76' lang='grc' dir='ltr'>γίνεται</span> <span class='ocrx_word' id='word_1_596' title='bbox 2841 4069 3034 4139; x_wconf 84' lang='grc' dir='ltr'>ὥσπερ</span> <span class='ocrx_word' id='word_1_597' title='bbox 3064 4065 3132 4139; x_wconf 81' lang='grc' dir='ltr'>ἦν</span> <span class='ocrx_word' id='word_1_598' title='bbox 3161 4069 3444 4139; x_wconf 70' lang='grc' dir='ltr'>ἄφθαρτος</span> <span class='ocrx_word' id='word_1_599' title='bbox 3465 4070 3559 4139; x_wconf 55' lang='grc' dir='ltr'>άπῗ</span> <span class='ocrx_word' id='word_1_600' title='bbox 3587 4070 3692 4137; x_wconf 85' lang='grc' dir='ltr'>ἀρ-</span> 
     </span>
    </p>
   </div>
   <div class='ocr_carea' id='block_1_87' title="bbox 2114 4156 3691 4231">
    <p class='ocr_par' dir='ltr' id='par_1_87' title="bbox 2114 4156 3691 4231">
     <span class='ocr_line' id='line_1_87' title="bbox 2114 4156 3691 4231; baseline -0.004 -17"><span class='ocrx_word' id='word_1_601' title='bbox 2114 4161 2238 4231; x_wconf 81' lang='grc' dir='ltr'>χῆς.</span> <span class='ocrx_word' id='word_1_602' title='bbox 2281 4179 2299 4213; x_wconf 76' lang='grc' dir='ltr'><strong>ι</strong></span> <span class='ocrx_word' id='word_1_603' title='bbox 2329 4161 2439 4213; x_wconf 74' lang='grc' dir='ltr'><strong>Καὶ</strong></span> <span class='ocrx_word' id='word_1_604' title='bbox 2472 4162 2546 4230; x_wconf 84' lang='grc' dir='ltr'>μή</span> <span class='ocrx_word' id='word_1_605' title='bbox 2583 4176 2675 4230; x_wconf 84' lang='grc' dir='ltr'><strong>μοι</strong></span> <span class='ocrx_word' id='word_1_606' title='bbox 2695 4161 2820 4227; x_wconf 81' lang='grc' dir='ltr'>λέγε</span> <span class='ocrx_word' id='word_1_607' title='bbox 2852 4161 2928 4222; x_wconf 85' lang='grc' dir='ltr'><strong>ὡς</strong></span> <span class='ocrx_word' id='word_1_608' title='bbox 2968 4162 3082 4227; x_wconf 77' lang='grc' dir='ltr'>εἴγε</span> <span class='ocrx_word' id='word_1_609' title='bbox 3119 4161 3257 4224; x_wconf 85' lang='grc' dir='ltr'>τέως</span> <span class='ocrx_word' id='word_1_610' title='bbox 3301 4160 3572 4222; x_wconf 80' lang='grc' dir='ltr'>ἀθάνατος</span> <span class='ocrx_word' id='word_1_611' title='bbox 3600 4156 3691 4228; x_wconf 77' lang='grc' dir='ltr'>ἦν,</span> 
     </span>
    </p>
   </div>
   <div class='ocr_carea' id='block_1_88' title="bbox 2116 4252 3742 4325">
    <p class='ocr_par' dir='ltr' id='par_1_88' title="bbox 2116 4252 3742 4325">
     <span class='ocr_line' id='line_1_88' title="bbox 2116 4252 3742 4325; baseline 0 -19"><span class='ocrx_word' id='word_1_612' title='bbox 2116 4256 2233 4317; x_wconf 87' lang='grc' dir='ltr'><strong>πῶς</strong></span> <span class='ocrx_word' id='word_1_613' title='bbox 2273 4255 2515 4308; x_wconf 80' lang='grc' dir='ltr'>ὑπέπεσε</span> <span class='ocrx_word' id='word_1_614' title='bbox 2580 4255 2719 4322; x_wconf 86' lang='grc' dir='ltr'><strong>μετά</strong></span> <span class='ocrx_word' id='word_1_615' title='bbox 2777 4253 2950 4305; x_wconf 80' lang='grc' dir='ltr'>ταῦτα</span> <span class='ocrx_word' id='word_1_616' title='bbox 2990 4255 3168 4325; x_wconf 78' lang='grc' dir='ltr'>φθορᾷ</span> <span class='ocrx_word' id='word_1_617' title='bbox 3215 4255 3308 4307; x_wconf 76' lang='grc' dir='ltr'>καὶ</span> <span class='ocrx_word' id='word_1_618' title='bbox 3366 4252 3690 4323; x_wconf 87' lang='grc' dir='ltr'>θνητότητι;</span> <span class='ocrx_word' id='word_1_619' title='bbox 3737 4252 3742 4257; x_wconf 76' lang='grc'><em>’</em></span> 
     </span>
    </p>
   </div>
   <div class='ocr_carea' id='block_1_89' title="bbox 2113 4338 3696 4415">
    <p class='ocr_par' dir='ltr' id='par_1_89' title="bbox 2113 4338 3696 4415">
     <span class='ocr_line' id='line_1_89' title="bbox 2113 4338 3696 4415; baseline -0.001 -18"><span class='ocrx_word' id='word_1_620' title='bbox 2113 4344 2250 4413; x_wconf 80' lang='grc' dir='ltr'>ἄφες</span> <span class='ocrx_word' id='word_1_621' title='bbox 2290 4346 2351 4397; x_wconf 88' lang='grc' dir='ltr'><strong>τὸ</strong></span> <span class='ocrx_word' id='word_1_622' title='bbox 2384 4346 2525 4408; x_wconf 86' lang='grc' dir='ltr'>πῶς.</span> <span class='ocrx_word' id='word_1_623' title='bbox 2575 4346 2707 4407; x_wconf 73' lang='grc' dir='ltr'>θεὸς</span> <span class='ocrx_word' id='word_1_624' title='bbox 2741 4340 2809 4414; x_wconf 79' lang='grc' dir='ltr'>ἦν</span> <span class='ocrx_word' id='word_1_625' title='bbox 2839 4346 2866 4395; x_wconf 91' lang='lat'><strong>6</strong></span> <span class='ocrx_word' id='word_1_626' title='bbox 2913 4345 3083 4397; x_wconf 77' lang='grc' dir='ltr'>εἰπών</span> <span class='ocrx_word' id='word_1_627' title='bbox 3107 4359 3121 4375; x_wconf 87' lang='grc'><strong>·</strong></span> <span class='ocrx_word' id='word_1_628' title='bbox 3166 4363 3187 4396; x_wconf 74' lang='grc' dir='ltr'><strong>ι</strong></span> <span class='ocrx_word' id='word_1_629' title='bbox 3231 4338 3306 4415; x_wconf 69' lang='grc' dir='ltr'>Ἶςί</span> <span class='ocrx_word' id='word_1_630' title='bbox 3334 4344 3380 4398; x_wconf 78' lang='grc' dir='ltr'><strong>δ’</strong></span> <span class='ocrx_word' id='word_1_631' title='bbox 3413 4346 3480 4398; x_wconf 83' lang='grc' dir='ltr'><strong>ἂν</strong></span> <span class='ocrx_word' id='word_1_632' title='bbox 3510 4344 3696 4413; x_wconf 68' lang='grc' dir='ltr'>ἡμέρᾳ</span> 
     </span>
    </p>
   </div>
   <div class='ocr_carea' id='block_1_90' title="bbox 428 4431 1999 4532">
    <p class='ocr_par' dir='ltr' id='par_1_90' title="bbox 428 4431 1999 4503">
     <span class='ocr_line' id='line_1_90' title="bbox 428 4431 1999 4503; baseline 0.006 -19"><span class='ocrx_word' id='word_1_633' title='bbox 428 4441 535 4493; x_wconf 81' lang='lat' dir='ltr'><strong>rat,</strong></span> <span class='ocrx_word' id='word_1_634' title='bbox 575 4449 593 4480; x_wconf 76' lang='grc' dir='ltr'><strong>ι</strong></span> <span class='ocrx_word' id='word_1_635' title='bbox 625 4431 965 4501; x_wconf 87' lang='lat' dir='ltr'><strong>Quocunque</strong></span> <span class='ocrx_word' id='word_1_636' title='bbox 993 4434 1081 4488; x_wconf 89' lang='lat' dir='ltr'><strong>die</strong></span> <span class='ocrx_word' id='word_1_637' title='bbox 1112 4436 1405 4489; x_wconf 81' lang='lat' dir='ltr'><strong>vescemini</strong></span> <span class='ocrx_word' id='word_1_638' title='bbox 1454 4436 1555 4491; x_wconf 87' lang='lat' dir='ltr'><strong>bac</strong></span> <span class='ocrx_word' id='word_1_639' title='bbox 1583 4436 1801 4503; x_wconf 86' lang='lat' dir='ltr'><strong>arbore,</strong></span> <span class='ocrx_word' id='word_1_640' title='bbox 1837 4448 1999 4494; x_wconf 81' lang='lat' dir='ltr'><strong>mortc</strong></span> 
     </span>
    </p>
   </div>
   <div class='ocr_carea' id='block_1_91' title="bbox 2105 4431 3697 4532">
    <p class='ocr_par' dir='ltr' id='par_1_91' title="bbox 2115 4435 3697 4520">
     <span class='ocr_line' id='line_1_91' title="bbox 2115 4435 3697 4520; baseline -0.003 -29"><span class='ocrx_word' id='word_1_641' title='bbox 2115 4441 2331 4507; x_wconf 79' lang='grc' dir='ltr'>φάγητε</span> <span class='ocrx_word' id='word_1_642' title='bbox 2367 4438 2475 4492; x_wconf 79' lang='grc' dir='ltr'><strong>ἀπὸ</strong></span> <span class='ocrx_word' id='word_1_643' title='bbox 2504 4437 2600 4490; x_wconf 81' lang='grc' dir='ltr'>τοῦ</span> <span class='ocrx_word' id='word_1_644' title='bbox 2636 4436 2830 4506; x_wconf 78' lang='grc' dir='ltr'>φυτοῦ,</span> <span class='ocrx_word' id='word_1_645' title='bbox 2858 4436 3075 4507; x_wconf 83' lang='grc' dir='ltr'>θανάτῳ</span> <span class='ocrx_word' id='word_1_646' title='bbox 3115 4435 3499 4520; x_wconf 77' lang='grc' dir='ltr'>ἀποθανεῖσθε.</span> <span class='ocrx_word' id='word_1_647' title='bbox 3532 4454 3551 4487; x_wconf 80' lang='grc' dir='ltr'><strong>ι</strong></span> <span class='ocrx_word' id='word_1_648' title='bbox 3584 4436 3697 4487; x_wconf 75' lang='grc' dir='ltr'>Καὶ</span> 
     </span>
    </p>
   </div>
   <div class='ocr_carea' id='block_1_92' title="bbox 430 4523 2009 4599">
    <p class='ocr_par' dir='ltr' id='par_1_92' title="bbox 430 4523 2009 4599">
     <span class='ocr_line' id='line_1_92' title="bbox 430 4523 2009 4599; baseline 0.006 -24"><span class='ocrx_word' id='word_1_649' title='bbox 430 4523 890 4579; x_wconf 82' lang='lat' dir='ltr'><strong>multabimini“.</strong></span> <span class='ocrx_word' id='word_1_650' title='bbox 924 4542 943 4577; x_wconf 80' lang='grc' dir='ltr'><strong>ι</strong></span> <span class='ocrx_word' id='word_1_651' title='bbox 1009 4525 1074 4580; x_wconf 85' lang='grc' dir='ltr'>Ει</span> <span class='ocrx_word' id='word_1_652' title='bbox 1121 4528 1292 4583; x_wconf 83' lang='lat' dir='ltr'><strong>audes</strong></span> <span class='ocrx_word' id='word_1_653' title='bbox 1326 4537 1381 4581; x_wconf 93' lang='lat' dir='ltr'><strong>tu</strong></span> <span class='ocrx_word' id='word_1_654' title='bbox 1414 4528 1547 4582; x_wconf 89' lang='lat' dir='ltr'><strong>mibi</strong></span> <span class='ocrx_word' id='word_1_655' title='bbox 1584 4529 1854 4597; x_wconf 71' lang='lat' dir='ltr'><strong>obiicere,</strong></span> <span class='ocrx_word' id='word_1_656' title='bbox 1900 4546 2009 4599; x_wconf 90' lang='lat' dir='ltr'><strong>quo</strong></span> 
     </span>
    </p>
   </div>
   <div class='ocr_carea' id='block_1_93' title="bbox 429 4614 2011 4686">
    <p class='ocr_par' dir='ltr' id='par_1_93' title="bbox 429 4614 2011 4686">
     <span class='ocr_line' id='line_1_93' title="bbox 429 4614 2011 4686; baseline 0.007 -20"><span class='ocrx_word' id='word_1_657' title='bbox 429 4622 589 4682; x_wconf 86' lang='lat' dir='ltr'><strong>pacto</strong></span> <span class='ocrx_word' id='word_1_658' title='bbox 615 4615 860 4669; x_wconf 88' lang='lat' dir='ltr'><strong>mortalis</strong></span> <span class='ocrx_word' id='word_1_659' title='bbox 890 4614 1067 4669; x_wconf 83' lang='lat' dir='ltr'><strong>factus</strong></span> <span class='ocrx_word' id='word_1_660' title='bbox 1098 4617 1168 4671; x_wconf 90' lang='lat' dir='ltr'><strong>sit</strong></span> <span class='ocrx_word' id='word_1_661' title='bbox 1194 4617 1285 4686; x_wconf 91' lang='lat' dir='ltr'><strong>qui</strong></span> <span class='ocrx_word' id='word_1_662' title='bbox 1338 4620 1660 4674; x_wconf 88' lang='lat' dir='ltr'><strong>immortalis</strong></span> <span class='ocrx_word' id='word_1_663' title='bbox 1692 4622 1852 4675; x_wconf 74' lang='lat' dir='ltr'><strong>erat?</strong></span> <span class='ocrx_word' id='word_1_664' title='bbox 1904 4623 2011 4677; x_wconf 81' lang='lat' dir='ltr'><strong>De-</strong></span> 
     </span>
    </p>
   </div>
   <div class='ocr_carea' id='block_1_94' title="bbox 430 4705 2012 4782">
    <p class='ocr_par' dir='ltr' id='par_1_94' title="bbox 430 4705 2012 4782">
     <span class='ocr_line' id='line_1_94' title="bbox 430 4705 2012 4782; baseline 0.007 -25"><span class='ocrx_word' id='word_1_665' title='bbox 430 4705 574 4770; x_wconf 82' lang='lat' dir='ltr'><strong>sine,</strong></span> <span class='ocrx_word' id='word_1_666' title='bbox 608 4721 715 4773; x_wconf 88' lang='lat' dir='ltr'><strong>quo</strong></span> <span class='ocrx_word' id='word_1_667' title='bbox 746 4715 925 4774; x_wconf 87' lang='lat' dir='ltr'><strong>pacto,</strong></span> <span class='ocrx_word' id='word_1_668' title='bbox 957 4706 1323 4777; x_wconf 83' lang='lat' dir='ltr'><strong>interrogare.</strong></span> <span class='ocrx_word' id='word_1_669' title='bbox 1383 4707 1624 4762; x_wconf 85' lang='lat' dir='ltr'><strong>Joannes</strong></span> <span class='ocrx_word' id='word_1_670' title='bbox 1658 4710 1748 4764; x_wconf 88' lang='lat' dir='ltr'><strong>ille</strong></span> <span class='ocrx_word' id='word_1_671' title='bbox 1781 4710 2012 4782; x_wconf 85' lang='lat' dir='ltr'><strong>Chryso-</strong></span> 
     </span>
    </p>
   </div>
   <div class='ocr_carea' id='block_1_95' title="bbox 430 4797 2012 4858">
    <p class='ocr_par' dir='ltr' id='par_1_95' title="bbox 430 4797 2012 4858">
     <span class='ocr_line' id='line_1_95' title="bbox 430 4797 2012 4858; baseline 0.006 -10"><span class='ocrx_word' id='word_1_672' title='bbox 430 4804 644 4849; x_wconf 81' lang='lat' dir='ltr'><strong>stomus</strong></span> <span class='ocrx_word' id='word_1_673' title='bbox 694 4797 749 4849; x_wconf 91' lang='lat' dir='ltr'><strong>in</strong></span> <span class='ocrx_word' id='word_1_674' title='bbox 782 4798 1030 4851; x_wconf 87' lang='lat' dir='ltr'><strong>oratione</strong></span> <span class='ocrx_word' id='word_1_675' title='bbox 1080 4813 1177 4852; x_wconf 87' lang='lat' dir='ltr'><strong>sua</strong></span> <span class='ocrx_word' id='word_1_676' title='bbox 1231 4799 1298 4853; x_wconf 88' lang='lat' dir='ltr'><strong>de</strong></span> <span class='ocrx_word' id='word_1_677' title='bbox 1340 4799 1528 4853; x_wconf 82' lang='lat' dir='ltr'><strong>Adami</strong></span> <span class='ocrx_word' id='word_1_678' title='bbox 1561 4801 1759 4855; x_wconf 78' lang='lat' dir='ltr'><strong>exsilio</strong></span> <span class='ocrx_word' id='word_1_679' title='bbox 1793 4802 2012 4858; x_wconf 82' lang='lat' dir='ltr'><strong>dubita-</strong></span> 
     </span>
    </p>
   </div>
   <div class='ocr_carea' id='block_1_96' title="bbox 432 4887 2009 4963">
    <p class='ocr_par' dir='ltr' id='par_1_96' title="bbox 432 4887 2009 4963">
     <span class='ocr_line' id='line_1_96' title="bbox 432 4887 2009 4963; baseline 0.006 -24"><span class='ocrx_word' id='word_1_680' title='bbox 432 4887 638 4939; x_wconf 84' lang='lat' dir='ltr'><strong>tionem</strong></span> <span class='ocrx_word' id='word_1_681' title='bbox 677 4887 815 4942; x_wconf 89' lang='lat' dir='ltr'><strong>hane</strong></span> <span class='ocrx_word' id='word_1_682' title='bbox 851 4888 947 4942; x_wconf 90' lang='lat' dir='ltr'><strong>tibi</strong></span> <span class='ocrx_word' id='word_1_683' title='bbox 976 4888 1172 4944; x_wconf 87' lang='lat' dir='ltr'><strong>solvet.</strong></span> <span class='ocrx_word' id='word_1_684' title='bbox 1242 4887 1644 4961; x_wconf 81' lang='lat' dir='ltr'><strong>Transgressus</strong></span> <span class='ocrx_word' id='word_1_685' title='bbox 1674 4904 1775 4956; x_wconf 89' lang='lat' dir='ltr'><strong>est,</strong></span> <span class='ocrx_word' id='word_1_686' title='bbox 1810 4893 2009 4963; x_wconf 89' lang='lat' dir='ltr'><strong>inquit,</strong></span> 
     </span>
    </p>
   </div>
   <div class='ocr_carea' id='block_1_97' title="bbox 433 4979 2013 5053">
    <p class='ocr_par' dir='ltr' id='par_1_97' title="bbox 433 4979 2013 5053">
     <span class='ocr_line' id='line_1_97' title="bbox 433 4979 2013 5053; baseline 0.006 -23"><span class='ocrx_word' id='word_1_687' title='bbox 433 4979 748 5033; x_wconf 88' lang='lat' dir='ltr'><strong>mandatum</strong></span> <span class='ocrx_word' id='word_1_688' title='bbox 782 4981 1064 5047; x_wconf 77' lang='lat' dir='ltr'><strong>Adamus;</strong></span> <span class='ocrx_word' id='word_1_689' title='bbox 1098 4983 1338 5037; x_wconf 88' lang='lat' dir='ltr'><strong>comedit</strong></span> <span class='ocrx_word' id='word_1_690' title='bbox 1390 4999 1420 5037; x_wconf 87' lang='lat' dir='ltr'><strong>a</strong></span> <span class='ocrx_word' id='word_1_691' title='bbox 1478 5000 1587 5052; x_wconf 90' lang='lat' dir='ltr'><strong>quo</strong></span> <span class='ocrx_word' id='word_1_692' title='bbox 1647 4984 1838 5053; x_wconf 84' lang='lat' dir='ltr'><strong>jussus</strong></span> <span class='ocrx_word' id='word_1_693' title='bbox 1898 4995 2013 5041; x_wconf 87' lang='lat' dir='ltr'><strong>erat</strong></span> 
     </span>
    </p>
   </div>
   <div class='ocr_carea' id='block_1_98' title="bbox 433 5070 2014 5142">
    <p class='ocr_par' dir='ltr' id='par_1_98' title="bbox 433 5070 2014 5142">
     <span class='ocr_line' id='line_1_98' title="bbox 433 5070 2014 5142; baseline 0.006 -20"><span class='ocrx_word' id='word_1_694' title='bbox 433 5070 746 5126; x_wconf 87' lang='lat' dir='ltr'><strong>abstinere:</strong></span> <span class='ocrx_word' id='word_1_695' title='bbox 796 5082 1082 5142; x_wconf 87' lang='lat' dir='ltr'><strong>propterea</strong></span> <span class='ocrx_word' id='word_1_696' title='bbox 1118 5073 1211 5142; x_wconf 90' lang='lat' dir='ltr'><strong>qui</strong></span> <span class='ocrx_word' id='word_1_697' title='bbox 1265 5074 1531 5128; x_wconf 77' lang='lat' dir='ltr'><strong>imortalis</strong></span> <span class='ocrx_word' id='word_1_698' title='bbox 1571 5076 1707 5139; x_wconf 69' lang='lat' dir='ltr'><strong>om,</strong></span> <span class='ocrx_word' id='word_1_699' title='bbox 1770 5077 2014 5132; x_wconf 87' lang='lat' dir='ltr'><strong>mortalis</strong></span> 
     </span>
    </p>
   </div>
   <div class='ocr_carea' id='block_1_99' title="bbox 434 5163 2006 5239">
    <p class='ocr_par' dir='ltr' id='par_1_99' title="bbox 434 5163 2006 5239">
     <span class='ocr_line' id='line_1_99' title="bbox 434 5163 2006 5239; baseline 0.004 -22"><span class='ocrx_word' id='word_1_700' title='bbox 434 5163 610 5218; x_wconf 77' lang='lat' dir='ltr'><strong>factus</strong></span> <span class='ocrx_word' id='word_1_701' title='bbox 648 5175 751 5219; x_wconf 88' lang='lat' dir='ltr'><strong>est.</strong></span> <span class='ocrx_word' id='word_1_702' title='bbox 815 5165 1064 5230; x_wconf 88' lang='lat' dir='ltr'><strong>Quonam</strong></span> <span class='ocrx_word' id='word_1_703' title='bbox 1116 5166 1168 5219; x_wconf 89' lang='lat' dir='ltr'><strong>id</strong></span> <span class='ocrx_word' id='word_1_704' title='bbox 1214 5175 1375 5235; x_wconf 86' lang='lat' dir='ltr'><strong>pacto</strong></span> <span class='ocrx_word' id='word_1_705' title='bbox 1408 5168 1751 5239; x_wconf 85' lang='lat' dir='ltr'><strong>percunctari</strong></span> <span class='ocrx_word' id='word_1_706' title='bbox 1793 5169 2006 5238; x_wconf 82' lang='lat' dir='ltr'><strong>desine,</strong></span> 
     </span>
    </p>
   </div>
   <div class='ocr_carea' id='block_1_100' title="bbox 435 5256 2013 5333">
    <p class='ocr_par' dir='ltr' id='par_1_100' title="bbox 435 5256 2013 5333">
     <span class='ocr_line' id='line_1_100' title="bbox 435 5256 2013 5333; baseline 0.005 -24"><span class='ocrx_word' id='word_1_707' title='bbox 435 5272 503 5310; x_wconf 90' lang='lat' dir='ltr'><strong>ne</strong></span> <span class='ocrx_word' id='word_1_708' title='bbox 538 5257 676 5315; x_wconf 81' lang='lat' dir='ltr'><strong>forte</strong></span> <span class='ocrx_word' id='word_1_709' title='bbox 705 5256 773 5310; x_wconf 88' lang='lat' dir='ltr'><strong>de</strong></span> <span class='ocrx_word' id='word_1_710' title='bbox 807 5256 911 5310; x_wconf 90' lang='lat' dir='ltr'><strong>boc</strong></span> <span class='ocrx_word' id='word_1_711' title='bbox 941 5256 1157 5310; x_wconf 89' lang='lat' dir='ltr'><strong>mortali</strong></span> <span class='ocrx_word' id='word_1_712' title='bbox 1208 5272 1439 5326; x_wconf 88' lang='lat' dir='ltr'><strong>corpore</strong></span> <span class='ocrx_word' id='word_1_713' title='bbox 1485 5260 1655 5330; x_wconf 80' lang='lat' dir='ltr'><strong>magis</strong></span> <span class='ocrx_word' id='word_1_714' title='bbox 1687 5263 1849 5315; x_wconf 88' lang='lat' dir='ltr'><strong>etiam</strong></span> <span class='ocrx_word' id='word_1_715' title='bbox 1903 5264 2013 5333; x_wconf 79' lang='lat' dir='ltr'><strong>lia:-</strong></span> 
     </span>
    </p>
   </div>
   <div class='ocr_carea' id='block_1_101' title="bbox 435 5334 2016 5415">
    <p class='ocr_par' dir='ltr' id='par_1_101' title="bbox 435 5334 2016 5415">
     <span class='ocr_line' id='line_1_101' title="bbox 435 5334 2016 5415; baseline 0.005 -15"><span class='ocrx_word' id='word_1_716' title='bbox 435 5348 590 5411; x_wconf 89' lang='lat' dir='ltr'><strong>sites,</strong></span> <span class='ocrx_word' id='word_1_717' title='bbox 632 5356 685 5400; x_wconf 89' lang='lat' dir='ltr'><strong>et</strong></span> <span class='ocrx_word' id='word_1_718' title='bbox 718 5361 957 5415; x_wconf 75' lang='lat' dir='ltr'><strong>quonam</strong></span> <span class='ocrx_word' id='word_1_719' title='bbox 992 5355 1150 5415; x_wconf 87' lang='lat' dir='ltr'><strong>pacto</strong></span> <span class='ocrx_word' id='word_1_720' title='bbox 1195 5359 1632 5404; x_wconf 84' lang='lat' dir='ltr'><strong>resurrecturum</strong></span> <span class='ocrx_word' id='word_1_721' title='bbox 1671 5353 1743 5406; x_wconf 89' lang='lat' dir='ltr'><strong>sit</strong></span> <span class='ocrx_word' id='word_1_722' title='bbox 1771 5368 1834 5406; x_wconf 78' lang='lat' dir='ltr'><strong>ex</strong></span> <span class='ocrx_word' id='word_1_723' title='bbox 1870 5334 2016 5407; x_wconf 90' lang='lat' dir='ltr'><strong>mor-</strong></span> 
     </span>
    </p>
   </div>
   <div class='ocr_carea' id='block_1_102' title="bbox 435 5438 2020 5508">
    <p class='ocr_par' dir='ltr' id='par_1_102' title="bbox 435 5438 2020 5508">
     <span class='ocr_line' id='line_1_102' title="bbox 435 5438 2020 5508; baseline 0.004 -15"><span class='ocrx_word' id='word_1_724' title='bbox 435 5438 547 5493; x_wconf 88' lang='lat' dir='ltr'><strong>tuis</strong></span> <span class='ocrx_word' id='word_1_725' title='bbox 584 5438 890 5493; x_wconf 81' lang='lat' dir='ltr'><strong>immort‘ale</strong></span> <span class='ocrx_word' id='word_1_726' title='bbox 922 5447 1152 5508; x_wconf 68' lang='lat' dir='ltr'><strong>quieras,</strong></span> <span class='ocrx_word' id='word_1_727' title='bbox 1199 5454 1323 5493; x_wconf 89' lang='lat' dir='ltr'><strong>cum</strong></span> <span class='ocrx_word' id='word_1_728' title='bbox 1358 5443 1586 5497; x_wconf 90' lang='lat' dir='ltr'><strong>mortale</strong></span> <span class='ocrx_word' id='word_1_729' title='bbox 1625 5444 1695 5499; x_wconf 93' lang='lat' dir='ltr'><strong>sit</strong></span> <span class='ocrx_word' id='word_1_730' title='bbox 1743 5456 1798 5499; x_wconf 88' lang='lat' dir='ltr'><strong>et</strong></span> <span class='ocrx_word' id='word_1_731' title='bbox 1829 5461 2020 5500; x_wconf 86' lang='lat' dir='ltr'><strong>corru-</strong></span> 
     </span>
    </p>
   </div>
   <div class='ocr_carea' id='block_1_103' title="bbox 436 5528 2013 5608">
    <p class='ocr_par' dir='ltr' id='par_1_103' title="bbox 436 5528 2013 5608">
     <span class='ocr_line' id='line_1_103' title="bbox 436 5528 2013 5608; baseline 0.007 -26"><span class='ocrx_word' id='word_1_732' title='bbox 436 5530 652 5600; x_wconf 88' lang='lat' dir='ltr'><strong>ptibile.</strong></span> <span class='ocrx_word' id='word_1_733' title='bbox 688 5528 823 5585; x_wconf 85' lang='lat' dir='ltr'><strong>Nam</strong></span> <span class='ocrx_word' id='word_1_734' title='bbox 848 5531 940 5600; x_wconf 90' lang='lat' dir='ltr'><strong>qui</strong></span> <span class='ocrx_word' id='word_1_735' title='bbox 970 5529 1039 5585; x_wconf 90' lang='lat' dir='ltr'><strong>de</strong></span> <span class='ocrx_word' id='word_1_736' title='bbox 1069 5545 1135 5586; x_wconf 88' lang='lat' dir='ltr'><strong>eo</strong></span> <span class='ocrx_word' id='word_1_737' title='bbox 1169 5532 1404 5599; x_wconf 83' lang='lat' dir='ltr'><strong>dubitat,</strong></span> <span class='ocrx_word' id='word_1_738' title='bbox 1430 5552 1539 5605; x_wconf 86' lang='lat' dir='ltr'><strong>quo</strong></span> <span class='ocrx_word' id='word_1_739' title='bbox 1579 5549 1737 5607; x_wconf 84' lang='lat' dir='ltr'><strong>pacto</strong></span> <span class='ocrx_word' id='word_1_740' title='bbox 1783 5539 1874 5608; x_wconf 86' lang='lat' dir='ltr'><strong>qui</strong></span> <span class='ocrx_word' id='word_1_741' title='bbox 1919 5540 2013 5592; x_wconf 84' lang='lat' dir='ltr'><strong>im-</strong></span> 
     </span>
    </p>
   </div>
   <div class='ocr_carea' id='block_1_104' title="bbox 513 5708 1543 5785">
    <p class='ocr_par' dir='ltr' id='par_1_104' title="bbox 513 5708 1543 5785">
     <span class='ocr_line' id='line_1_104' title="bbox 513 5708 1543 5785; baseline 0.009 -23"><span class='ocrx_word' id='word_1_742' title='bbox 513 5709 557 5737; x_wconf 82' lang='lat'>“</span> <span class='ocrx_word' id='word_1_743' title='bbox 588 5708 607 5763; x_wconf 81' lang='grc' dir='ltr'><strong>Ι</strong></span> <span class='ocrx_word' id='word_1_744' title='bbox 637 5710 763 5766; x_wconf 74' lang='lat' dir='ltr'><strong>Cor.</strong></span> <span class='ocrx_word' id='word_1_745' title='bbox 799 5729 887 5780; x_wconf 79' lang='lat' dir='ltr'><strong>xv,</strong></span> <span class='ocrx_word' id='word_1_746' title='bbox 926 5713 1018 5770; x_wconf 72' lang='grc'><strong>42.</strong></span> <span class='ocrx_word' id='word_1_747' title='bbox 1097 5716 1140 5748; x_wconf 79' lang='grc'><strong>⁷³</strong></span> <span class='ocrx_word' id='word_1_748' title='bbox 1174 5714 1314 5772; x_wconf 82' lang='lat' dir='ltr'><strong>Gen.</strong></span> <span class='ocrx_word' id='word_1_749' title='bbox 1360 5735 1418 5785; x_wconf 85' lang='lat' dir='ltr'><strong>ii,</strong></span> <span class='ocrx_word' id='word_1_750' title='bbox 1463 5718 1543 5772; x_wconf 84' lang='lat' dir='ltr'><strong>l9.</strong></span> 
     </span>
    </p>
   </div>
   <div class='ocr_carea' id='block_1_105' title="bbox 2118 4514 3699 4598">
    <p class='ocr_par' dir='ltr' id='par_1_105' title="bbox 2118 4514 3699 4598">
     <span class='ocr_line' id='line_1_105' title="bbox 2118 4514 3699 4598; baseline -0.004 -15"><span class='ocrx_word' id='word_1_751' title='bbox 2118 4533 2182 4583; x_wconf 77' lang='grc' dir='ltr'><strong>σὺ</strong></span> <span class='ocrx_word' id='word_1_752' title='bbox 2211 4532 2392 4597; x_wconf 83' lang='grc' dir='ltr'>λέγεις</span> <span class='ocrx_word' id='word_1_753' title='bbox 2425 4531 2506 4582; x_wconf 86' lang='grc' dir='ltr'>ὅτι</span> <span class='ocrx_word' id='word_1_754' title='bbox 2530 4529 2646 4591; x_wconf 83' lang='grc' dir='ltr'><strong>πῶς</strong></span> <span class='ocrx_word' id='word_1_755' title='bbox 2674 4530 2702 4581; x_wconf 83' lang='lat'><strong>6</strong></span> <span class='ocrx_word' id='word_1_756' title='bbox 2728 4529 2997 4592; x_wconf 85' lang='grc' dir='ltr'>ἀθάνατος</span> <span class='ocrx_word' id='word_1_757' title='bbox 3022 4528 3268 4595; x_wconf 72' lang='grc' dir='ltr'>ἐγεγόνει</span> <span class='ocrx_word' id='word_1_758' title='bbox 3297 4514 3529 4598; x_wconf 81' lang='grc' dir='ltr'>θνητός;</span> <span class='ocrx_word' id='word_1_759' title='bbox 3560 4527 3699 4594; x_wconf 82' lang='grc' dir='ltr'>ἄφες</span> 
     </span>
    </p>
   </div>
   <div class='ocr_carea' id='block_1_106' title="bbox 2116 4617 3700 4691">
    <p class='ocr_par' dir='ltr' id='par_1_106' title="bbox 2116 4617 3700 4691">
     <span class='ocr_line' id='line_1_106' title="bbox 2116 4617 3700 4691; baseline -0.005 -16"><span class='ocrx_word' id='word_1_760' title='bbox 2116 4625 2175 4676; x_wconf 77' lang='grc' dir='ltr'>τὸ</span> <span class='ocrx_word' id='word_1_761' title='bbox 2210 4622 2362 4684; x_wconf 79' lang='grc' dir='ltr'>πῶς’</span> <span class='ocrx_word' id='word_1_762' title='bbox 2422 4623 2451 4672; x_wconf 83' lang='lat'><strong>6</strong></span> <span class='ocrx_word' id='word_1_763' title='bbox 2505 4622 2910 4691; x_wconf 79' lang='grc' dir='ltr'>χρυσορῤήμων</span> <span class='ocrx_word' id='word_1_764' title='bbox 2950 4620 3203 4687; x_wconf 82' lang='grc' dir='ltr'>Ἰωάννης</span> <span class='ocrx_word' id='word_1_765' title='bbox 3253 4621 3312 4670; x_wconf 79' lang='grc' dir='ltr'>ἐν</span> <span class='ocrx_word' id='word_1_766' title='bbox 3367 4617 3449 4688; x_wconf 81' lang='grc' dir='ltr'>τῷ</span> <span class='ocrx_word' id='word_1_767' title='bbox 3490 4618 3566 4679; x_wconf 75' lang='grc' dir='ltr'><strong>εἰς</strong></span> <span class='ocrx_word' id='word_1_768' title='bbox 3599 4617 3700 4685; x_wconf 76' lang='grc' dir='ltr'>τὴν</span> 
     </span>
    </p>
   </div>
   <div class='ocr_carea' id='block_1_107' title="bbox 2117 4708 3701 4784">
    <p class='ocr_par' dir='ltr' id='par_1_107' title="bbox 2117 4708 3701 4784">
     <span class='ocr_line' id='line_1_107' title="bbox 2117 4708 3701 4784; baseline -0.007 -16"><span class='ocrx_word' id='word_1_769' title='bbox 2117 4716 2332 4784; x_wconf 80' lang='grc' dir='ltr'>ὲξορίαν</span> <span class='ocrx_word' id='word_1_770' title='bbox 2358 4713 2453 4767; x_wconf 81' lang='grc' dir='ltr'>τοῦ</span> <span class='ocrx_word' id='word_1_771' title='bbox 2493 4714 2665 4784; x_wconf 73' lang='grc' dir='ltr'><strong>’Λδὰμ</strong></span> <span class='ocrx_word' id='word_1_772' title='bbox 2695 4714 2839 4783; x_wconf 72' lang='grc' dir='ltr'>λόγῳ</span> <span class='ocrx_word' id='word_1_773' title='bbox 2863 4713 3029 4767; x_wconf 72' lang='grc' dir='ltr'>αὑτοῦ</span> <span class='ocrx_word' id='word_1_774' title='bbox 3054 4713 3152 4781; x_wconf 81' lang='grc' dir='ltr'>τὴν</span> <span class='ocrx_word' id='word_1_775' title='bbox 3190 4711 3425 4779; x_wconf 76' lang='grc' dir='ltr'>ἀπορίαν</span> <span class='ocrx_word' id='word_1_776' title='bbox 3449 4708 3701 4761; x_wconf 73' lang='grc' dir='ltr'>ἐπιλύσει</span> 
     </span>
    </p>
   </div>
   <div class='ocr_carea' id='block_1_108' title="bbox 2121 4800 3704 4877">
    <p class='ocr_par' dir='ltr' id='par_1_108' title="bbox 2121 4800 3704 4877">
     <span class='ocr_line' id='line_1_108' title="bbox 2121 4800 3704 4877; baseline -0.008 -15"><span class='ocrx_word' id='word_1_777' title='bbox 2121 4827 2203 4862; x_wconf 87' lang='grc' dir='ltr'><strong>σοι</strong></span> <span class='ocrx_word' id='word_1_778' title='bbox 2235 4810 2463 4877; x_wconf 84' lang='grc' dir='ltr'>ταύτην,</span> <span class='ocrx_word' id='word_1_779' title='bbox 2516 4806 2660 4859; x_wconf 78' lang='grc' dir='ltr'>οὓτω</span> <span class='ocrx_word' id='word_1_780' title='bbox 2709 4807 2905 4873; x_wconf 85' lang='grc' dir='ltr'>λέγων·</span> <span class='ocrx_word' id='word_1_781' title='bbox 2949 4823 2967 4856; x_wconf 78' lang='grc' dir='ltr'><strong>ι</strong></span> <span class='ocrx_word' id='word_1_782' title='bbox 3012 4802 3233 4875; x_wconf 77' lang='grc' dir='ltr'>Παρέϐη</span> <span class='ocrx_word' id='word_1_783' title='bbox 3287 4804 3385 4872; x_wconf 81' lang='grc' dir='ltr'>τὴν</span> <span class='ocrx_word' id='word_1_784' title='bbox 3421 4800 3642 4869; x_wconf 60' lang='grc' dir='ltr'>ἐντολὴν</span> <span class='ocrx_word' id='word_1_785' title='bbox 3673 4801 3704 4851; x_wconf 90' lang='grc' dir='ltr'>ὁ</span> 
     </span>
    </p>
   </div>
   <div class='ocr_carea' id='block_1_109' title="bbox 2130 4892 3702 4968">
    <p class='ocr_par' dir='ltr' id='par_1_109' title="bbox 2130 4892 3702 4968">
     <span class='ocr_line' id='line_1_109' title="bbox 2130 4892 3702 4968; baseline -0.006 -15"><span class='ocrx_word' id='word_1_786' title='bbox 2130 4898 2327 4968; x_wconf 84' lang='grc' dir='ltr'>Ἀδὰμ,</span> <span class='ocrx_word' id='word_1_787' title='bbox 2363 4898 2569 4966; x_wconf 76' lang='grc' dir='ltr'>ἔφαγεν</span> <span class='ocrx_word' id='word_1_788' title='bbox 2601 4899 2695 4965; x_wconf 86' lang='grc' dir='ltr'>ἀφ’</span> <span class='ocrx_word' id='word_1_789' title='bbox 2728 4892 2793 4951; x_wconf 77' lang='grc' dir='ltr'>οὗ</span> <span class='ocrx_word' id='word_1_790' title='bbox 2823 4897 3187 4967; x_wconf 80' lang='grc' dir='ltr'>παρηγγέλθη</span> <span class='ocrx_word' id='word_1_791' title='bbox 3240 4895 3316 4964; x_wconf 84' lang='grc' dir='ltr'><strong>μὴ</strong></span> <span class='ocrx_word' id='word_1_792' title='bbox 3349 4896 3567 4962; x_wconf 77' lang='grc' dir='ltr'>φαγεῖν,</span> <span class='ocrx_word' id='word_1_793' title='bbox 3605 4894 3702 4944; x_wconf 60' lang='grc' dir='ltr'><strong>κλὶ</strong></span> 
     </span>
    </p>
   </div>
   <div class='ocr_carea' id='block_1_110' title="bbox 2117 4974 3791 5061">
    <p class='ocr_par' dir='ltr' id='par_1_110' title="bbox 2117 4974 3791 5061">
     <span class='ocr_line' id='line_1_110' title="bbox 2117 4974 3791 5061; baseline -0.006 -17"><span class='ocrx_word' id='word_1_794' title='bbox 2117 4990 2308 5044; x_wconf 85' lang='grc' dir='ltr'>τούτου</span> <span class='ocrx_word' id='word_1_795' title='bbox 2334 4992 2496 5061; x_wconf 86' lang='grc' dir='ltr'>χάριν</span> <span class='ocrx_word' id='word_1_796' title='bbox 2525 4992 2551 5043; x_wconf 94' lang='lat'><strong>6</strong></span> <span class='ocrx_word' id='word_1_797' title='bbox 2575 4990 2843 5053; x_wconf 80' lang='grc' dir='ltr'>ἀθάνατος</span> <span class='ocrx_word' id='word_1_798' title='bbox 2877 4989 3120 5059; x_wconf 80' lang='grc' dir='ltr'>ἐγεγόνει</span> <span class='ocrx_word' id='word_1_799' title='bbox 3143 4988 3359 5057; x_wconf 87' lang='grc' dir='ltr'>θνητός.</span> <span class='ocrx_word' id='word_1_800' title='bbox 3386 5006 3403 5037; x_wconf 76' lang='grc' dir='ltr'><strong>ι</strong></span> <span class='ocrx_word' id='word_1_801' title='bbox 3440 4987 3611 5054; x_wconf 75' lang='grc' dir='ltr'>’Ἄφες</span> <span class='ocrx_word' id='word_1_802' title='bbox 3642 4985 3702 5035; x_wconf 82' lang='grc' dir='ltr'>τὸ</span> <span class='ocrx_word' id='word_1_803' title='bbox 3788 4974 3791 4977; x_wconf 61' lang='grc'><em>’</em></span> 
     </span>
    </p>
   </div>
   <div class='ocr_carea' id='block_1_111' title="bbox 2120 5077 3700 5151">
    <p class='ocr_par' dir='ltr' id='par_1_111' title="bbox 2120 5077 3700 5151">
     <span class='ocr_line' id='line_1_111' title="bbox 2120 5077 3700 5151; baseline -0.006 -16"><span class='ocrx_word' id='word_1_804' title='bbox 2120 5083 2257 5148; x_wconf 89' lang='grc' dir='ltr'>πῶς,</span> <span class='ocrx_word' id='word_1_805' title='bbox 2284 5083 2372 5135; x_wconf 80' lang='grc' dir='ltr'>ἵνα</span> <span class='ocrx_word' id='word_1_806' title='bbox 2404 5081 2480 5151; x_wconf 78' lang='grc' dir='ltr'><strong>μὴ</strong></span> <span class='ocrx_word' id='word_1_807' title='bbox 2509 5082 2603 5135; x_wconf 71' lang='grc' dir='ltr'><strong>καὶ</strong></span> <span class='ocrx_word' id='word_1_808' title='bbox 2632 5080 2726 5134; x_wconf 73' lang='grc' dir='ltr'><strong>ἐπὶ</strong></span> <span class='ocrx_word' id='word_1_809' title='bbox 2755 5080 2888 5149; x_wconf 85' lang='grc' dir='ltr'>τῷδε</span> <span class='ocrx_word' id='word_1_810' title='bbox 2920 5082 2998 5150; x_wconf 83' lang='grc' dir='ltr'>τῷ</span> <span class='ocrx_word' id='word_1_811' title='bbox 3035 5078 3215 5148; x_wconf 85' lang='grc' dir='ltr'>θνητῷ</span> <span class='ocrx_word' id='word_1_812' title='bbox 3249 5078 3461 5147; x_wconf 81' lang='grc' dir='ltr'>σώματι</span> <span class='ocrx_word' id='word_1_813' title='bbox 3492 5077 3700 5130; x_wconf 76' lang='grc' dir='ltr'>πλείονι</span> 
     </span>
    </p>
   </div>
   <div class='ocr_carea' id='block_1_112' title="bbox 2121 5169 3701 5246">
    <p class='ocr_par' dir='ltr' id='par_1_112' title="bbox 2121 5169 3701 5246">
     <span class='ocr_line' id='line_1_112' title="bbox 2121 5169 3701 5246; baseline -0.006 -18"><span class='ocrx_word' id='word_1_814' title='bbox 2121 5175 2386 5246; x_wconf 81' lang='grc' dir='ltr'>συσχεθῇς</span> <span class='ocrx_word' id='word_1_815' title='bbox 2405 5178 2632 5245; x_wconf 76' lang='grc' dir='ltr'>ἀποριᾳ,</span> <span class='ocrx_word' id='word_1_816' title='bbox 2656 5174 2771 5237; x_wconf 84' lang='grc' dir='ltr'><strong>πῶς</strong></span> <span class='ocrx_word' id='word_1_817' title='bbox 2796 5171 3183 5241; x_wconf 79' lang='grc' dir='ltr'>ἀναστήσεται,</span> <span class='ocrx_word' id='word_1_818' title='bbox 3204 5172 3401 5238; x_wconf 79' lang='grc' dir='ltr'>λέγων,</span> <span class='ocrx_word' id='word_1_819' title='bbox 3428 5169 3701 5223; x_wconf 83' lang='grc' dir='ltr'>ἀθάνατον</span> 
     </span>
    </p>
   </div>
   <div class='ocr_carea' id='block_1_113' title="bbox 2118 5254 3703 5334">
    <p class='ocr_par' dir='ltr' id='par_1_113' title="bbox 2118 5254 3703 5334">
     <span class='ocr_line' id='line_1_113' title="bbox 2118 5254 3703 5334; baseline -0.004 -19"><span class='ocrx_word' id='word_1_820' title='bbox 2118 5265 2181 5316; x_wconf 82' lang='grc' dir='ltr'>ὲκ</span> <span class='ocrx_word' id='word_1_821' title='bbox 2220 5264 2453 5333; x_wconf 84' lang='grc' dir='ltr'>νεκρῶν,</span> <span class='ocrx_word' id='word_1_822' title='bbox 2498 5264 2613 5330; x_wconf 77' lang='grc' dir='ltr'>εἴγε</span> <span class='ocrx_word' id='word_1_823' title='bbox 2648 5261 2843 5334; x_wconf 62' lang='grc' dir='ltr'>θνητόν</span> <span class='ocrx_word' id='word_1_824' title='bbox 2881 5263 2998 5313; x_wconf 79' lang='grc' dir='ltr'>ἐστι</span> <span class='ocrx_word' id='word_1_825' title='bbox 3048 5260 3144 5314; x_wconf 76' lang='grc' dir='ltr'><strong>καὶ</strong></span> <span class='ocrx_word' id='word_1_826' title='bbox 3188 5259 3469 5328; x_wconf 82' lang='grc' dir='ltr'>φθαρτόν;</span> <span class='ocrx_word' id='word_1_827' title='bbox 3503 5254 3563 5310; x_wconf 82' lang='grc' dir='ltr'><strong>Ὀ</strong></span> <span class='ocrx_word' id='word_1_828' title='bbox 3589 5256 3703 5325; x_wconf 86' lang='grc' dir='ltr'><strong>γάρ</strong></span> 
     </span>
    </p>
   </div>
   <div class='ocr_carea' id='block_1_114' title="bbox 2120 5343 3704 5423">
    <p class='ocr_par' dir='ltr' id='par_1_114' title="bbox 2120 5343 3704 5423">
     <span class='ocr_line' id='line_1_114' title="bbox 2120 5343 3704 5423; baseline -0.008 -18"><span class='ocrx_word' id='word_1_829' title='bbox 2120 5350 2479 5423; x_wconf 77' lang='grc' dir='ltr'>ἀμφιϐάλλων</span> <span class='ocrx_word' id='word_1_830' title='bbox 2510 5349 2598 5402; x_wconf 81' lang='grc' dir='ltr'><strong>ἐπ’</strong></span> <span class='ocrx_word' id='word_1_831' title='bbox 2618 5349 2833 5420; x_wconf 76' lang='grc' dir='ltr'>ἐκείνῳ,</span> <span class='ocrx_word' id='word_1_832' title='bbox 2862 5348 2982 5410; x_wconf 83' lang='grc' dir='ltr'><strong>πῶς</strong></span> <span class='ocrx_word' id='word_1_833' title='bbox 3011 5348 3278 5409; x_wconf 84' lang='grc' dir='ltr'>ἀθάνατος</span> <span class='ocrx_word' id='word_1_834' title='bbox 3308 5344 3549 5413; x_wconf 76' lang='grc' dir='ltr'>ἐγεγόνει</span> <span class='ocrx_word' id='word_1_835' title='bbox 3572 5343 3704 5413; x_wconf 82' lang='grc' dir='ltr'>θνη-</span> 
     </span>
    </p>
   </div>
   <div class='ocr_carea' id='block_1_115' title="bbox 2119 5439 3706 5513">
    <p class='ocr_par' dir='ltr' id='par_1_115' title="bbox 2119 5439 3706 5513">
     <span class='ocr_line' id='line_1_115' title="bbox 2119 5439 3706 5513; baseline -0.004 -18"><span class='ocrx_word' id='word_1_836' title='bbox 2119 5446 2231 5506; x_wconf 77' lang='grc' dir='ltr'>τὸς,</span> <span class='ocrx_word' id='word_1_837' title='bbox 2262 5442 2323 5507; x_wconf 72' lang='grc' dir='ltr'>ἐξ</span> <span class='ocrx_word' id='word_1_838' title='bbox 2343 5441 2591 5513; x_wconf 85' lang='grc' dir='ltr'>ἀνάγκης</span> <span class='ocrx_word' id='word_1_839' title='bbox 2625 5441 2693 5494; x_wconf 86' lang='grc' dir='ltr'>ἂν</span> <span class='ocrx_word' id='word_1_840' title='bbox 2714 5442 3010 5512; x_wconf 85' lang='grc' dir='ltr'>ἀπορήσειε</span> <span class='ocrx_word' id='word_1_841' title='bbox 3034 5441 3127 5493; x_wconf 73' lang='grc' dir='ltr'>καὶ</span> <span class='ocrx_word' id='word_1_842' title='bbox 3156 5442 3249 5493; x_wconf 77' lang='grc' dir='ltr'>ἐπὶ</span> <span class='ocrx_word' id='word_1_843' title='bbox 3271 5439 3467 5509; x_wconf 83' lang='grc' dir='ltr'>τούτῳ.</span> <span class='ocrx_word' id='word_1_844' title='bbox 3488 5439 3706 5489; x_wconf 84' lang='grc' dir='ltr'>Οὐκοῦν</span> 
     </span>
    </p>
   </div>
   <div class='ocr_carea' id='block_1_116' title="bbox 2121 5526 3707 5606">
    <p class='ocr_par' dir='ltr' id='par_1_116' title="bbox 2121 5526 3707 5606">
     <span class='ocr_line' id='line_1_116' title="bbox 2121 5526 3707 5606; baseline -0.008 -16"><span class='ocrx_word' id='word_1_845' title='bbox 2121 5539 2257 5606; x_wconf 76' lang='grc' dir='ltr'>ἄφες</span> <span class='ocrx_word' id='word_1_846' title='bbox 2288 5535 2347 5589; x_wconf 85' lang='grc' dir='ltr'>τὺ</span> <span class='ocrx_word' id='word_1_847' title='bbox 2382 5535 2523 5599; x_wconf 86' lang='grc' dir='ltr'>πῶς.</span> <span class='ocrx_word' id='word_1_848' title='bbox 2572 5534 2633 5589; x_wconf 82' lang='grc' dir='ltr'><strong>Ὀ</strong></span> <span class='ocrx_word' id='word_1_849' title='bbox 2658 5533 2791 5597; x_wconf 83' lang='grc' dir='ltr'>Θεὸς</span> <span class='ocrx_word' id='word_1_850' title='bbox 2819 5535 2977 5601; x_wconf 86' lang='grc' dir='ltr'>ὅπου,</span> <span class='ocrx_word' id='word_1_851' title='bbox 3012 5534 3190 5587; x_wconf 73' lang='grc' dir='ltr'>ἐκεῖσε</span> <span class='ocrx_word' id='word_1_852' title='bbox 3251 5530 3435 5602; x_wconf 80' lang='grc' dir='ltr'>χώραν</span> <span class='ocrx_word' id='word_1_853' title='bbox 3463 5528 3561 5582; x_wconf 65' lang='grc' dir='ltr'><strong>οὐκ</strong></span> <span class='ocrx_word' id='word_1_854' title='bbox 3583 5526 3707 5597; x_wconf 79' lang='grc' dir='ltr'>ἔχει</span> 
     </span>
    </p>
   </div>
  </div>
