4062 6186
347 340 454 408 18θ

1662 330 2073 398 ANNALIUM
2117 337 2310 398 PARS
2347 338 2398 396 Ι.

3515 343 3616 408 190

343 456 404 506 τὸ
440 454 577 515 πῶς.
615 451 858 504 Ἐπλασε
882 449 984 519 μὲν
1011 449 1121 519 γὰρ
1154 449 1241 502 ἐπ’
1272 447 1554 518 ἀφθαρσίᾳ
1605 448 1694 500 τὸν
1725 449 1934 517 ἀνθρω-

2044 451 2296 503 mortalis
2326 457 2443 504 erat
2481 451 2728 504 mortalis
2755 450 2929 505 factus
2961 451 3052 514 sit.
3081 455 3393 515 necessario
3425 454 3491 509 dc
3521 455 3628 510 hoc

342 559 448 598 πον
478 545 506 598 6
532 543 687 609 Θεὸς,
719 540 960 613 ἄρχοντα
979 540 1089 594 τῶν
1123 539 1386 609 ἐπιγείων
1413 541 1634 594 πάντων
1667 539 1940 608 κατέστη-

344 653 429 700 σε,
466 634 694 706 διηνεκῆ
728 633 929 686 δέδωκε
971 632 1072 703 τὴν
1102 631 1404 687 ἀθανασίαν
1465 632 1638 702 αὐτῷ,
1689 631 1946 707 καθάπερ

342 731 464 786 ἄνω
496 728 846 799 διείληπται·
880 726 976 780 καὶ
1007 719 1122 795 εἶχε
1163 725 1262 795 μὲν
1291 726 1372 789 εἰς
1402 724 1615 788 αἰῶνας
1650 723 1794 778 οὕτω
1824 727 1948 781 κατ’

343 822 531 888 αὑτὸν,
584 823 668 874 ὅτι
732 821 829 874 καὶ
879 819 1280 891 ἀμεταμέλητα
1343 820 1572 882 τάθεῖα
1601 821 1942 890 χαρίσματα.

333 892 504 968 ν’Δλλ’
563 915 754 986 ἐπειδὴ
794 915 932 986 πρὸς
993 915 1274 985 ἁμαρτίαν
1314 912 1476 966 αὑτὸν
1530 912 1676 982 ἐώρα
1728 915 1948 968 κατολι-

353 1009 665 1076 σθαίνοντα,
688 1005 988 1061 κάντεῦθεν
1007 1006 1348 1059 ἐκπίπτοντα
1368 1005 1468 1072 τῆς
1495 1003 1705 1074 ὑψηλῆς
1732 1006 1946 1076 ἐκείνης

352 1107 452 1154 καὶ
490 1101 778 1170 ἰσαγγέλου
809 1100 1108 1168 διαγωγῆς,
1147 1099 1477 1168 παραχωρεῖ
1527 1099 1616 1150 διὰ
1667 1099 1827 1152 τοῦτο
1851 1101 1947 1154 καὶ

351 1192 622 1261 λαμϐάνει
679 1191 824 1257 κατ’,
858 1190 1024 1244 αὐτοῦ
1061 1192 1248 1260 χώραν
1310 1189 1339 1241 6
1370 1187 1624 1253 θάνατος,
1671 1189 1753 1242 ὃτι
1809 1189 1944 1258 μηδὲ

353 1285 655 1354 συνέφερεν
685 1282 871 1336 ἔκτοτε
902 1282 1128 1354 διηνεκῆ
1157 1281 1445 1351 προσεῖναι
1489 1279 1590 1352 τὴν
1642 1281 1944 1334 ἀθανασίαν
1985 1301 1990 1305 ·

351 1375 529 1444 αὐτῷ.
559 1375 672 1428 Καὶ
698 1376 813 1445 γὰρ
841 1375 891 1428 εἰ
933 1373 1009 1445 μὴ
1039 1372 1234 1442 γέγονέ
1267 1391 1319 1426 τι
1346 1372 1610 1435 τοιοῦτον,
1635 1371 1685 1424 εί
1716 1372 1791 1442 μὴ
1812 1390 1948 1440 συγ-

353 1467 604 1535 χώρησις
647 1466 861 1517 ἐκεῖθεν
915 1463 1118 1516 ἐδίδοτο
1164 1462 1585 1532 φιλανθρωπίας
1609 1463 1820 1525 ἕνεκεν,
1855 1464 1942 1516 ἵνα

357 1558 437 1624 μὴ
468 1556 738 1608 ἀθάνατον
850 1555 910 1608 τὸ
942 1554 1136 1619 κακὸν,
1181 1555 1283 1606 οὐκ
1309 1554 1374 1608 ἂν
1399 1554 1596 1623 ἐκείνῳ
1632 1553 1707 1622 τῷ
1743 1553 1944 1625 πρώτῳ

365 1648 565 1718 Ἀδὰμ,
607 1649 683 1718 τῷ
714 1647 801 1702 ἐπ’
827 1648 1110 1719 ἀφθαρσίᾳ
1142 1647 1422 1701 κτισθέντι
1455 1647 1576 1700 κατ’
1626 1648 1812 1699 εἰκόνα
1847 1649 1944 1714 τῆς

352 1739 657 1808 ἁῖδιὸτητος
712 1740 806 1792 τοῦ
838 1741 1000 1804 Θεοῦ,
1044 1743 1388 1811 προσήγγισε
1441 1739 1672 1800 θάνατος
1693 1754 1711 1773 ⁸
1739 1741 1838 1792 οὐκ
1865 1740 1941 1818 ’ἂν

356 1831 604 1884 ὑπέπεσε
643 1831 837 1904 φθορᾷ.
861 1832 920 1886 τὸ
955 1832 1116 1900 σῶμα
1139 1833 1316 1886 ἐκεῖνο
1333 1833 1393 1885 τὸ
1427 1833 1636 1902 φθορᾶς
1668 1832 1762 1884 καὶ
1783 1813 1942 1886 θανά·
1976 1813 2016 1865 Β

353 1936 451 1996 νυ
477 1923 702 1993 ἄμεινον
728 1925 974 1994 ὑπάρχον
1001 1925 1062 1976 τὸ
1091 1923 1375 1995 πρότερον.
1406 1926 1465 1978 Εἰ
1491 1926 1547 1977 δὲ
1573 1924 1747 1977 ταῦτα
1765 1922 1940 1986 οὕτως

350 2018 492 2085 ἔχει,
547 2017 667 2079 πῶς
722 2018 994 2070 ἀθάνατον
1053 2016 1219 2069 αὑτὸν
1277 2014 1415 2086 ὁμοῦ
1475 2017 1570 2069 καί
1612 2014 1806 2086 θνητὸν
1837 2015 1941 2067 ὑπὸ

349 2107 495 2161 Θεοῦ
527 2109 882 2179 παραχθῆναι
941 2112 1222 2178 εἰπωμενς
1283 2109 1344 2162 Ei
1401 2109 1511 2179 γὰρ
1571 2110 1665 2162 καὶ
1722 2109 1941 2179 θανάτῳ

347 2203 599 2255 ὑπέπεσε
631 2201 709 2272 μὴ
765 2203 1011 2270 φυλάξας
1050 2201 1149 2272 τὴν
1189 2185 1631 2266 δοθεῖσανάὑτῷ
1693 2202 1938 2272 ἐντολὴν,

347 2293 471 2346 ἀλλ’
526 2293 756 2348 ὕστατον
803 2295 901 2362 τῆς
957 2295 1297 2362 οἰκονομίας,
1337 2293 1422 2358 ,ὡς
1453 2295 1554 2364 ἤδη
1587 2294 1934 2364 προείρηται,

351 2383 520 2437 τοῦτο
541 2385 740 2447 πάντες
772 2386 1104 2456 εὑρήσομεν,
1141 2386 1260 2452 εἴγε
1307 2388 1374 2454 τῇ
1428 2385 1722 2456 ἀκολουθίᾳ
1774 2401 1942 2454 προσ-

349 2479 506 2547 έχειν
538 2454 854 2550 αἱρούμεθα
897 2454 1015 2549 -τῆής
1069 2480 1234 2547 ἀγίας
1270 2478 1514 2550 Γραφῆς.
1553 2454 1820 2547 Οὐδὲ-γὰρ
1851 2454 1964 2532 ὅτε]

351 2571 579 2640 παρῆγε
634 2571 725 2624 τὸν
772 2571 1064 2643 ἄνθρωπον
1091 2573 1119 2624 6
1149 2569 1304 2635 Θεὸς,
1358 2571 1433 2634 ὡς
1465 2571 1576 2624 ἄνω
1604 2571 1937 2639 διείληπται,

343 2664 476 2714 τότε
522 2662 659 2732 πρὸς
693 2663 858 2716 αὑτὸν
891 2663 1082 2731 ἔλεγεν
1106 2679 1120 2694 ο
1157 2679 1176 2714 ι
1225 2657 1304 2736 τῌ
1337 2662 1380 2715 δ’
1411 2664 1477 2716 ἂν
1510 2663 1694 2734 ἡμέρᾳ
1723 2663 1938 2732 φάγητε

341 2755 459 2807 ἀπὸ
489 2756 586 2808 τοῦ
620 2755 814 2824 φυτοῦ,
846 2757 1060 2825 θανάτῳ
1093 2755 1482 2820 ἀποθανεῖσθε,
1510 2775 1527 2807 ι
1578 2757 1716 2810 ἀλλά
1761 2755 1937 2826 πολλῷ

346 2848 496 2916 μετά
521 2847 621 2918 τὴν
649 2845 818 2903 αὑτοῦ
847 2850 1191 2922 παραγωγὴν
1244 2847 1494 2920 ὕστερον.
1532 2852 1688 2904 Μετὰ
1739 2853 1850 2921 γὰρ
1879 2851 1939 2903 τὸ

346 2938 582 2992 καθίσαι
619 2940 870 3009 βασιλέα,
906 2944 1046 3010 μετά
1089 2941 1152 2996 τὸ
1181 2939 1486 3012 ἀναχθῆναι
1540 2943 1608 2996 τά
1659 2935 1776 3007 ζῶα
1803 2943 1940 3011 πρὸς

347 3031 540 3096 αὑτὸν,
608 3033 750 3101 μετὰ
794 3036 856 3086 τὸ
897 3035 1074 3103 πέρας
1135 3034 1226 3088 ἐπ’
1259 3034 1410 3104 αὑτῷ
1454 3033 1710 3099 δέξασθαι
1743 3035 1812 3086 τὰ
1836 3030 1936 3103 τῆς

347 3121 507 3188 θείας
529 3125 746 3196 βουλῆς,
779 3128 899 3180 τότε
932 3129 1069 3198 πρὸς
1097 3128 1258 3180 αὑτὸν
1282 3130 1314 3196 ή
1339 3126 1564 3197 τοιαύτη
1597 3129 1791 3195 γέγονε
1815 3128 1939 3182 θεία
1964 3152 2012 3215 C

347 3215 532 3286 φωνὴ,
563 3217 684 3268 τότε
719 3217 805 3288 δὴ,
843 3219 966 3270 τότε
1010 3220 1106 3270 καὶ
1137 3219 1324 3287 χώραν
1349 3220 1376 3270 6
1399 3218 1627 3280 θάνατος
1659 3217 1933 3287 ἐλάμϐανε

345 3305 476 3356 κατ’
504 3305 691 3360 αὑτοῦ.
735 3307 837 3358 Διά
864 3306 918 3360 τί
947 3306 1004 3360 δὲ
1041 3306 1241 3371 ταῦτα,
1276 3308 1370 3359 καὶ
1392 3307 1535 3369 τίνος
1568 3307 1753 3359 ἕνεκεν
1777 3323 1790 3370 ;
1815 3307 1933 3358 Ἵνα

349 3395 442 3466 μὴ·
464 3397 740 3451 ἀθανάτου
777 3399 1064 3468 μείναντος
1101 3397 1272 3452 αὑτοῦ
1318 3398 1456 3468 μετά
1487 3400 1586 3468 τὴν
1616 3398 1933 3468 παράϐασιν

351 3489 521 3560 μείνῃ
550 3490 649 3541 σὺν
679 3489 827 3560 αὑτῷ
850 3490 943 3542 καὶ
974 3489 1033 3542 τὸ
1061 3491 1232 3543 κακὸν
1256 3489 1314 3558 ἐξ
1354 3491 1602 3560 ἀνάγκης
1641 3490 1931 3546 ἀθάνατον.

2047 542 2211 597 etiam
2255 543 2619 606 dubitaverit,
2664 559 2769 598 nec
2819 537 3296 600 resuscitationem
3345 545 3520 616 ipsius
3564 564 3630 602 ex

2047 633 2279 689 mortuis
2315 633 2475 687 facile
2524 633 2919 688 admittendam
2981 636 3390 692 existimaverit.
3429 639 3631 704 Quam-

2046 725 2236 779 obrem
2300 725 2431 779 illud
2509 736 2707 790 tuum,
2757 743 2866 796 quo
2919 737 3100 797 pacto,
3151 731 3377 786 missum
3440 731 3628 788 facito.

2048 815 2152 872 Ubi
2193 817 2372 881 Deus,
2410 817 2480 872 ibi
2510 834 2619 888 quo
2661 829 2822 888 pacto
2864 819 3045 874 locum
3083 837 3189 877 non
3227 823 3412 878 habet.
3483 825 3628 879 Con~

2049 907 2188 962 didit
2223 897 2368 962 enim
2406 908 2546 964 Deus
2581 911 2858 964 hominem
2889 913 2957 965 ad
2991 923 3195 968 statum
3247 915 3505 970 interitus
3535 934 3630 970 ex-

2046 1006 2281 1066 pertem,
2320 1000 2564 1052 omnium
2603 1003 2943 1056 terrestrium
2979 1004 3282 1074 principem
3319 1008 3629 1069 constituit,

2048 1098 2373 1157 perpetuam
2411 1091 2462 1143 ei
2498 1091 2723 1160 largitus
2753 1091 2862 1161 92
2895 1105 2977 1147 est
3016 1095 3503 1162 immortalitatem,
3552 1101 3629 1154 uti

2048 1192 2212 1247 supra
2243 1179 2578 1235 declaratum
2612 1189 2715 1245 est,
2752 1183 3191 1253 ipsum‘denique
3227 1189 3371 1256 quod
3407 1193 3628 1255 attinet,

2047 1268 2337 1324 habiturus
2389 1271 2528 1324 hanc
2577 1281 2697 1326 erat
2740 1271 2903 1326 homo
2945 1275 3159 1330 saeculis
3206 1280 3454 1343 aeternis,
3502 1297 3628 1335 cum

2049 1371 2278 1412 munera
2313 1359 2404 1414 Dei
2451 1361 2563 1414 sint
2613 1363 3028 1429 irrevocabilia;
3084 1367 3176 1421 sed
3231 1369 3357 1437 quia
3415 1370 3633 1426 videbat

2047 1466 2174 1506 eum
2211 1451 2276 1505 ad
2320 1462 2606 1522 peccatum
2646 1455 2822 1510 delabi
2857 1472 2921 1511 ac
2951 1468 3245 1528 propterea
3274 1463 3492 1518 sublimi
3539 1465 3632 1519 illo

2049 1544 2173 1598 vitae
2202 1559 2424 1614 genere,
2455 1548 2598 1615 quod
2641 1548 2962 1618 angelorum
3007 1551 3134 1605 vitae
3165 1569 3262 1622 par
3291 1565 3428 1621 erat,
3478 1559 3630 1611 exci-

2047 1636 2200 1702 dere,
2238 1638 2358 1706 ipso
2398 1640 2736 1694 concedente
2770 1656 2917 1696 mors
2941 1643 3205 1700 adversus
3233 1662 3358 1700 cum
3389 1653 3632 1703 occasio-

2048 1745 2172 1784 nem
2205 1732 2418 1801 arripit.
2478 1733 2690 1804 Quippe
2724 1749 2794 1788 ne
2830 1737 3158 1804 expediebat
3197 1743 3418 1810 quidem
3453 1744 3628 1799 homi-

2047 1837 2170 1876 nem
2204 1837 2268 1875 ex
2317 1838 2383 1878 eo
2419 1831 2666 1891 tempore
2723 1826 3088 1884 immortalem
3138 1846 3280 1886 esse.
3339 1834 3474 1888 Nam
3524 1839 3628 1893 nisi

2049 1913 2156 1967 tale
2187 1913 2443 1983 quiddam
2475 1915 2793 1983 accidisset,
2851 1920 2956 1974 nisi
2991 1923 3320 1979 condonatio
3368 1927 3630 1999 deinceps

2046 2005 2188 2060 facta
2217 2005 2411 2062 fuisset
2434 2024 2500 2062 ex
2533 2007 2938 2078 benevolentia,
2966 2029 3036 2068 ne
3067 2015 3269 2069 malum
3304 2027 3629 2087 perpetuum

2047 2098 2210 2164 foret,
2246 2117 2592 2172 nequaquam
2628 2104 2970 2173 permisisset
2996 2105 3142 2162 Deus
3174 2118 3232 2162 ut
3266 2125 3412 2164 mors
3432 2113 3496 2164 ad
3531 2113 3630 2168 ho-

2047 2190 2257 2244 minem
2301 2193 2538 2262 primum
2572 2193 2627 2246 in
2671 2204 2814 2248 statu
2867 2207 3095 2266 experte
3140 2199 3400 2256 interitus
3440 2205 3631 2259 condi-

2049 2291 2163 2335 tum
2195 2282 2261 2336 ad
2311 2283 2606 2356 imaginem
2647 2285 2972 2343 aeternitatis
3005 2287 3098 2344 Dei
3153 2293 3473 2360 accederet;
3523 2313 3626 2353 nec

2045 2388 2246 2442 corpus
2302 2374 2434 2429 illud
2496 2391 2660 2446 supra
2715 2394 2944 2434 mortem
2990 2393 3045 2436 et
3087 2383 3367 2439 interitum
3409 2403 3629 2442 omnem

2045 2466 2198 2533 prius
2227 2467 2464 2534 positum
2488 2471 2828 2540 corruptioni
2859 2471 3060 2528 factum
3085 2475 3282 2536 fuisset
3305 2479 3628 2535 obnoxium.

2045 2556 2177 2620 Qua:
2207 2575 2330 2613 cum
2363 2560 2437 2614 ita
2468 2561 2598 2627 sint,
2631 2579 2741 2632 quo
2774 2565 2990 2619 tandem
3029 2578 3188 2634 pacto
3210 2569 3462 2626 dicemus
3499 2586 3628 2626 eum

2045 2652 2331 2706 mortalem
2368 2655 2576 2722 pariter
2608 2664 2662 2709 et
2713 2657 3076 2712 immortalem
3127 2675 3249 2716 esse
3289 2663 3568 2718 conditum
3598 2681 3627 2720 a

2045 2740 2203 2796 Deo?
2256 2743 2582 2815 Quanquam
2624 2747 2771 2801 enim
2817 2764 2952 2825 non.
2986 2761 3206 2806 servato
3235 2756 3493 2809 mandato
3524 2758 3632 2812 sibi

2044 2835 2364 2902 praescripto
2397 2835 2451 2889 in
2477 2847 2708 2892 mortem
2738 2840 2948 2905 incidit,
2987 2851 3166 2898 tamen
3201 2847 3301 2900 hoc
3335 2849 3510 2916 ipsum
3543 2866 3630 2903 re-

2043 2925 2172 2978 ferri
2212 2925 2411 2981 debere
2461 2928 2529 2981 ad
2575 2931 2933 2998 posteriorem
3001 2934 3144 2988 illam
3199 2939 3627 2996 adtniuistratio~

2043 3033 2192 3084 nem,
2227 3020 2307 3074 uti
2359 3021 2617 3091 superius
2665 3024 2969 3079 indicatum
3019 3036 3127 3092 est,
3175 3033 3538 3100 reperiemus,
3580 3036 3628 3089 si

2045 3113 2265 3180 quidem
2298 3114 2463 3168 seriei
2499 3126 2782 3170 sacrarum
2808 3109 3147 3173 Litterarum
3182 3123 3470 3180 advertere
3503 3128 3628 3180 ani-

2049 3221 2198 3259 mum
2233 3207 2503 3261 volemus.
2551 3195 2675 3264 'Non
2707 3210 2856 3264 enim
2899 3222 3010 3265 tum
3053 3228 3176 3266 cum
3221 3215 3482 3272 conderet
3527 3221 3628 3273 ho-

2045 3298 2248 3352 minem
2308 3299 2469 3365 Deus,
2526 3307 2585 3354 ut
2643 3312 2804 3356 antea
2839 3303 3176 3370 dicebamus,
3227 3307 3311 3360 his
3347 3310 3412 3362 al
3450 3309 3624 3378 ipsum

2045 3392 2227 3445 verbis
2265 3407 2400 3446 usus
2438 3401 2558 3447 est:
2612 3392 2982 3465 «Quaeunque
3032 3397 3120 3452 die
3180 3401 3471 3455 vescen:ini
3525 3404 3628 3460 hac

2045 3487 2256 3552 arbore,
2284 3495 2458 3542 morte
2487 3486 2934 3555 multabimini",
2970 3507 2989 3540 ι
3042 3492 3138 3547 sed
3186 3493 3463 3563 aliquanto
3504 3507 3631 3567 post

345 3581 472 3648 ejus
512 3583 844 3636 creationem
897 3583 1182 3654 interjecto
1233 3590 1504 3652 tempore.
1557 3583 1914 3652 Posteaquam
1951 3581 2101 3636 enim
2151 3595 2334 3648 regem
2376 3579 2553 3650 ipsum
2601 3581 2990 3651 constituerat,
3013 3593 3346 3657 posteaquam
3367 3589 3628 3655 animalia

349 3685 549 3730 cuncta
579 3677 877 3732 deduxerat
907 3678 973 3732 ad
1004 3692 1152 3744 eum,
1182 3686 1532 3748 posteaquam
1557 3677 1803 3732 ditinum
1831 3677 1898 3730 de
1927 3676 2044 3745 ipso
2065 3675 2354 3729 consilium
2379 3673 2444 3726 ad
2471 3673 2672 3727 exitum
2703 3677 3025 3744 perductum
3068 3691 3206 3748 erat,
3249 3692 3361 3738 tum
3402 3685 3622 3743 demum

349 3772 456 3825 bac
485 3786 612 3824 eum
649 3785 783 3824 voce
804 3770 1140 3840 ,compellat.
1176 3769 1352 3824 Simul
1385 3769 1647 3825 achrsus
1678 3770 1856 3840 ipsum
1889 3767 1942 3822 id
1973 3767 2406 3837 temporismors
2433 3767 2614 3821 locum
2643 3767 2870 3824 invenit.
2899 3770 3264 3837 Quamobrem
3301 3777 3443 3833 hoc?
3467 3779 3542 3834 Ne
3576 3782 3624 3837 si

350 3865 650 3919 mansisset
681 3863 1005 3917 immortalis
1031 3873 1156 3932 post
1183 3866 1700 3933 transgressionem,
1732 3861 2044 3917 necessario
2071 3870 2354 3932 peccatum
2384 3876 2600 3931 quoque
2631 3877 2754 3916 cum
2795 3863 2912 3932 ipso
2944 3867 3062 3920 sine
3098 3866 3204 3922 [ine
3244 3881 3512 3928 maneret.

423 3958 547 4009 Ὅτι
579 3957 638 4008 δὲ
675 3955 942 4018 ἀθάνατος
989 3955 1186 4024 ἔμελλε
1222 3959 1399 4024 μεῖναι
1442 3957 1580 4025 μετά
1612 3957 1711 4025 τὴν
1745 3957 1931 4026 ἁμαρ·

344 4047 472 4098 τίαν
500 4048 528 4098 6
566 4046 878 4115 ἅνθρωπος,
925 4047 974 4098 εί
1007 4047 1084 4115 μὴ
1114 4046 1306 4115 γέγονέ
1366 4063 1449 4105 τις
1497 4048 1780 4116 οἰκονομία
1811 4047 1935 4099 θεία

343 4140 490 4193 ὥστε
519 4137 595 4209 μὴ
627 4140 720 4193 καὶ
749 4139 896 4208 ἡμᾶς
926 4137 1169 4191 ἀθάνατα
1203 4139 1434 4208 πάσχειν
1457 4142 1596 4192 κατὰ
1618 4141 1741 4201 τοὺς
1772 4141 1934 4191 ἐκπε-

348 4235 544 4294 σόντας
599 4232 889 4298 ἀγγέλους,
947 4233 974 4283 6
1030 4229 1251 4300 Νύσσης
1283 4229 1421 4293 θεῖος
1475 4229 1777 4300 Γρηγὸριος
1818 4233 1929 4294 τοῖς

345 4326 585 4396 ἀμαθέσι
615 4324 800 4376 δίδωσι
828 4323 966 4386 τέως
993 4325 1126 4392 ἡμῖν
1159 4324 1385 4376 ἐννοεῖν.
1436 4341 1453 4372 ι
1492 4322 1715 4392 Ἐπειδῆ
1738 4324 1846 4393 γὰρ
1870 4324 1928 4377 ὲν

343 4425 463 4484 τοῖς
500 4419 1000 4492 ἀπηγορευμένοις,
1029 4437 1046 4470 ι
1084 4417 1240 4487 φησὶ,
1289 4437 1306 4467 ‹
1337 4417 1625 4485 γεγόνασιν
1648 4417 1696 4468 οἰ
1724 4417 1930 4487 πρῶτοι

341 4515 630 4582 ἄνθρωποι
661 4516 757 4565 καὶ
788 4515 888 4582 τῆς
935 4512 1336 4582 μακαριότητος
1360 4511 1576 4579 ἐκείνης
1601 4511 1931 4580 ἀπεγυμνώ-

347 4606 548 4675 θησαν,
609 4603 844 4674 χιτῶνας
893 4603 1275 4671 δερματίνους,
1311 4601 1480 4670 ῆγουν
1523 4602 1623 4670 τὴν
1679 4602 1789 4654 ἀπὸ
1819 4604 1928 4654 τῶν

2112 3955 2180 4008 Et
2233 3969 2363 4009 vero
2420 3954 2780 4009 immortalem
2831 3956 3075 4012 futurum
3127 3959 3296 4016 fuisse
3347 3963 3624 4020 hominem

2040 4043 2204 4098 etiam
2256 4052 2377 4112 post
2407 4054 2718 4111 peceatum,
2758 4046 2866 4100 nisi
2896 4047 3229 4116 dispensatio
3267 4049 3450 4108 divina
3478 4070 3625 4122 quae-

2040 4131 2164 4189 dam
2205 4134 2569 4198 accessisset,
2627 4151 2697 4188 ne
2732 4135 2829 4204 ipsi
2867 4152 3084 4207 quoque
3119 4143 3402 4211 perpetuis
3449 4146 3624 4214 pretiis

2038 4227 2460 4298 subjiceremur,
2494 4234 2551 4280 ut
2585 4227 2796 4296 angelis
2826 4227 2992 4298 lapsis
3033 4229 3250 4295 accidit,
3285 4234 3506 4290 divinus
3535 4237 3624 4290 ille

2037 4321 2139 4382 vir,
2170 4319 2466 4390 Gregorius
2495 4311 2726 4373 antistes
2759 4319 3037 4392 Nysscnus
3075 4325 3340 4380 ostendit.
3401 4325 3622 4383 Postea-

2039 4428 2227 4482 quam,
2258 4412 2355 4476 ait,
2389 4410 2642 4465 homines
2676 4412 2750 4466 illi
2790 4413 3066 4483 principes
3115 4420 3282 4472 vetita
3331 4425 3623 4479 cummi-e-

2039 4514 2168 4558 runt
2199 4519 2263 4558 ac
2299 4503 2558 4558 beatitate
2591 4519 2686 4560 sua
2719 4505 2907 4560 nudati
2943 4517 3094 4572 sunt,
3128 4511 3370 4579 pellieeis
3401 4517 3628 4583 tunicis,

2040 4597 2143 4653 hoc
2179 4605 2266 4652 est
2293 4591 2612 4652 animaliqu
2639 4598 2994 4664 mortalitate,
3026 4611 3176 4658 certo
3217 4606 3450 4674 quodam
3489 4625 3619 4663 cou-

344 4697 504 4760 ζώων
551 4696 877 4765 νεκρότητα,
927 4693 1288 4762 οἰκονομικῶς
1321 4692 1551 4764 ἐνέθηκε
1587 4696 1654 4764 τῇ
1684 4696 1763 4757 εἰς
1797 4693 1928 4746 6.0a-

2043 4691 2159 4746 silio
2194 4699 2248 4745 et
2280 4690 2691 4760 dispensatione
2724 4690 2870 4746 Deus
2902 4704 3155 4748 naturam
3189 4697 3256 4751 ad
3301 4699 3623 4757 innnortali-

347 4789 546 4842 νασίαν
575 4779 892 4856 ’κτῖσθείσῃ
925 4784 1108 4852 φύσει,
1147 4784 1231 4836 ἵνα
1262 4783 1337 4852 μὴ
1365 4783 1428 4836 τὸ
1453 4785 1619 4837 κακὸν
1655 4784 1925 4840 ἀθάνατον

345 4872 405 4946 ᾖ.
441 4894 460 4927 ι
505 4875 703 4936 Καλῶς
751 4874 810 4926 δὲ
864 4870 1017 4925 εἶπεν
1071 4873 1432 4942 οἰκονομικῶς
1493 4875 1521 4925 ὁ
1569 4872 1714 4936 θεῖος
1773 4868 1926 4936 οὗτος

345 4969 520 5038 ἀνήρ·
546 4965 853 5034 κηδόμενος
881 4963 988 5033 γὰρ
1021 4963 1180 5033 ἡμῶν
1206 4967 1234 5016 6
1271 4963 1423 5028 Θεὸς,
1452 4961 1594 5015 ὥστε
1639 4963 1714 5034 μὴ
1741 4965 1924 5034 ἀμαρ-

341 5063 535 5114 τάνειν
584 5059 832 5116 ἀθάνατα
878 5057 975 5110 καὶ
1034 5055 1174 5108 ὥστε
1219 5055 1295 5126 μὴ
1333 5056 1800 5128 συμπαραμένειν
1847 5058 1926 5120 εἰς

342 5153 553 5214 αἰῶνας
587 5153 654 5220 τῇ
687 5150 946 5219 ὲπωδύνῳ
970 5148 1146 5219 ταύτῃ
1170 5150 1266 5202 καὶ
1299 5149 1548 5220 μοχθηρᾷ
1575 5149 1755 5220 βιοτῇ,
1781 5149 1926 5203 καθά

339 5235 414 5310 δῆ
440 5242 537 5295 καὶ
566 5244 594 5294 6
629 5239 864 5310 χρυσοῦς
890 5242 992 5309 τὴν
1021 5239 1270 5307 γλῶττάν
1301 5257 1456 5310 φησι,
1495 5243 1822 5311 παραχωρεῖ
1846 5239 1924 5312 τῷ

341 5337 568 5406 θανάτῳ
616 5335 759 5386 κατά
799 5332 894 5385 τοῦ
947 5331 1224 5386 ἀθανάτου
1274 5332 1546 5404 χωρῆσαι,
1583 5332 1678 5386 καὶ
1716 5333 1927 5402 γίνεται

340 5428 526 5496 τούτῳ
591 5426 671 5495 τῷ
723 5424 911 5494 τρόπῳ
969 5424 1162 5491 θνητὸς
1211 5427 1238 5477 6
1290 5425 1554 5490 ἀθάνατος
1597 5427 1692 5478 καὶ
1751 5426 1929 5496 φθαρ-

340 5523 438 5586 τὸς
499 5521 707 5590 ὁμοίως
756 5521 784 5572 6
833 5518 1133 5587 ἄφθαρτος.
1195 5517 1303 5570 Καὶ
1361 5519 1596 5572 πειθέτω
1638 5520 1786 5588 ἡμᾶς
1835 5519 1928 5572 ἐπὶ

335 5617 508 5671 πλέον
534 5617 561 5667 6
594 5613 772 5684 μέγας
822 5612 1100 5677 Βασίλειος
1147 5612 1292 5666 οὔτω
1321 5615 1450 5684 περὶ
1500 5615 1691 5666 τούτου
1723 5612 1926 5679 λέγων’

327 5819 338 5824 -
413 5781 458 5811 ⁷³
491 5780 631 5836 Gen.
673 5795 730 5847 tt,
768 5779 853 5833 Π.

2040 4791 2201 4837 tatem
2231 4784 2510 4838 conditam
2540 4783 2744 4848 induit,
2776 4800 2845 4838 ne
2893 4786 3094 4840 malum
3142 4803 3410 4861 perpetuo
3454 4797 3623 4852 dura-

2039 4885 2144 4928 ret.
2219 4873 2432 4940 Quibus
2486 4873 2541 4928 in
2593 4875 2775 4930 verbis
2825 4879 3086 4946 pratclare
3151 4883 3357 4939 dictum
3421 4887 3622 4945 fecisse

2039 4966 2210 5020 Deum
2249 4966 2357 5020 hoc
2385 4974 2540 5020 certe
2571 4970 2807 5036 quodam
2838 4971 3067 5025 consilio
3091 4985 3146 5027 et
3186 4975 3621 5046 diSpeusatione.

2038 5060 2173 5113 Nam
2215 5059 2488 5114 sollicitus
2518 5058 2588 5114 de
2629 5061 2812 5126 nobis,
2847 5077 2916 5117 ne
2960 5062 3100 5119 forte
3132 5080 3397 5139 perpetuo
3428 5089 3621 5143 pecca-

2041 5166 2229 5206 remus
2260 5167 2366 5205 neu
2406 5150 2580 5206 tristis
2623 5150 2738 5207 haec
2789 5162 2842 5206 et
2885 5169 3197 5214 aerumnosa
3236 5165 3345 5217 vita
3395 5165 3619 5222 duraret

2031 5250 2320 5307 aeternum,
2355 5242 2430 5296 uti
2466 5241 2707 5297 Joannes
2739 5243 2904 5298 etiam
2939 5245 3366 5318 Chrysostomus
3416 5255 3616 5324 inquit,

2032 5332 2193 5386 morti
2217 5340 2543 5401 potestatem
2570 5331 2702 5386 facit
2719 5332 3085 5390 immortalem
3107 5339 3430 5412 invadendi,
3453 5354 3618 5412 atque

2033 5424 2134 5479 hoc
2158 5427 2321 5478 modo
2344 5426 2589 5480 mortalis
2614 5425 2672 5479 lit
2691 5427 2782 5496 qui
2809 5429 3134 5484 immortalis
3197 5444 3334 5493 erat.
3352 5411 3618 5490 lett-orru-

2031 5516 2244 5588 ptibilis
2286 5517 2378 5586 qui
2415 5517 2543 5572 nulli
2573 5533 2688 5573 erat
2725 5521 2966 5575 interitui
3005 5523 3293 5578 obnoxius.
3317 5525 3424 5596 93
3467 5528 3613 5582 Idem

2029 5610 2186 5666 nobis
2221 5609 2384 5665 etiam
2437 5607 2671 5665 Basilius
2708 5615 3055 5681 persualcat,
3093 5615 3250 5684 cuius
3286 5620 3401 5674 ha-c
3445 5623 3612 5677 verba
