4062 6186
388 281 519 349 191·

1677 274 2102 339 MICHAELIS
2137 274 2397 337 GLYC/E

3540 264 3642 333 192

382 408 541 459 sunt:
586 392 1020 463 «MortemDeus
1069 407 1178 447 non
1214 390 1515 463 prohibuit,
1550 406 1619 448 ne
1650 392 1992 458 inlirmitas,,

2119 392 2231 444 Οὐκ
2263 390 2505 444 ἐκώλυσε
2549 387 2606 442 δὲ
2638 386 2727 441 τὸν
2761 386 2992 441 θάνατον
3021 386 3049 438 ὁ
3084 383 3240 446 θεὸς,
3288 381 3376 436 ἵνα
3401 379 3477 451 μὴ
3509 383 3643 437 ἀθά-

384 509 448 549 ac
476 490 696 546 morbus
742 486 835 540 ille
874 493 1063 539 noster
1102 494 1369 538 mternum
1420 484 1664 539 duraret.
1730 484 1849 550 Quo
1904 484 1963 541 ﬁt

386 596 443 639 ut
485 585 540 638 in
577 583 730 636 luero
763 592 911 632 mors
949 575 1075 645 poni
1114 575 1329 642 debeat,
1355 584 1412 630 et
1458 575 1575 629 hmo
1601 591 1761 645 poena
1790 576 1961 631 bene-

384 674 491 730 ﬁcii
522 674 643 727 loco
683 650 909 730 haberi,
932 665 1394 734 quemadmodum
1421 665 1719 735 Gregorius
1752 666 1840 721 ille
1870 681 1962 721 co-

386 769 684 834 gnomento
712 757 1022 828 Tlieologus
1054 756 1307 826 scripsit;
1361 757 1607 827 adeoque
1635 772 1731 811 nos
1760 757 1966 812 idcirco

388 868 619 909 mcerere
652 865 762 905 non
795 849 1077 904 convertit.
1146 848 1408 915 Quamvis
1458 851 1604 904 enim
1648 851 1699 904 in
1745 863 1965 917 terram,

390 945 535 999 unde
569 943 772 1007 sumpti
800 956 1018 1006 sumus,
1068 941 1572 1011 revertitnurjuxta
1622 942 1970 1010 imprecatio-

390 1052 511 1090 nem
550 1034 694 1087 illam
736 1034 863 1087 Dei:
906 1028 1105 1087 «Terra
1139 1047 1218 1097 es,
1247 1042 1300 1086 et
1328 1032 1381 1085 in
1410 1041 1609 1087 terram
1642 1032 1963 1099 redibis“,i

390 1138 571 1181 tamen
599 1125 863 1189 indidem,
899 1126 975 1178 uti
1003 1125 1433 1195 Chrysostomus
1467 1125 1705 1195 scripsit,
1737 1125 1968 1180 suscita-

392 1233 514 1271 mur
550 1232 613 1269 ac
652 1217 936 1269 meliorem
974 1220 1038 1267 ad
1068 1216 1441 1270 conditionem
1489 1212 1969 1278 transformamur,

393 1314 461 1363 ita
493 1319 551 1362 ut
580 1309 715 1362 tales
749 1323 963 1360 rursum
996 1309 1289 1361 evadamus
1318 1309 1505 1375 quales
1539 1323 1755 1363 eramus
1794 1309 1969 1376 prius,

395 1401 501 1454 hoc
534 1410 616 1454 est
649 1399 907 1453 interitus
940 1409 1198 1468 expertes
1237 1408 1291 1452 et
1332 1400 1687 1454 immortales.

469 1490 614 1543 Nihil
648 1492 818 1559 igitur
856 1489 945 1543 hic
974 1490 1364 1554 btesitandum,
1412 1491 1631 1559 quando
1674 1492 1863 1547 Patres
1895 1491 1971 1545 illi

394 1582 561 1638 divini
602 1581 1063 1636 resurrectionem
1097 1598 1161 1635 ex
1204 1584 1434 1637 mortuis
1466 1583 1598 1637 nihil
1634 1585 1778 1639 aliud
1812 1584 1973 1640 nobis

395 1675 639 1744 polliceri
682 1673 905 1728 tradunt
940 1691 1100 1744 quam
1157 1675 1434 1745 lapsorum
1490 1677 1545 1729 in
1596 1676 1867 1745 integrum
1920 1683 1975 1728 et

2074 503 2236 539 νατον
2265 486 2397 555 ἡμῖν
2447 482 2547 554 τὴν
2581 479 2897 552 ἀρρωστίαν
2952 478 3192 549 τηρήσῃ.
3220 493 3238 526 ι
3295 474 3420 528 Ἐπὶ
3466 474 3646 545 κέρδει

2071 577 2259 630 λοιπὸν
2293 579 2319 629 ὁ
2361 575 2613 637 Θάνατος,
2671 575 2767 627 καὶ
2822 569 2909 623 ἐπ’
2964 565 3287 638 εὐεργεσίαν
3340 566 3648 651 ήτιμωρία

2071 671 2274 724 δίδοται
2306 669 2448 722 κατὰ
2475 668 2565 721 τὶν
2592 668 2650 719 ὲν
2684 663 2936 734 θεολογίᾳ
2958 662 3131 731 μέγαν
3165 660 3490 729 Γρηγόριον.
3534 655 3648 725 Ἐφ’

2071 759 2116 830 ᾧ
2163 764 2258 814 καὶ
2318 758 2744 830 σκυθρωπάζειν
2792 755 2884 807 ἐπὶ
2936 754 3146 814 τούτοις
3181 751 3281 802 οὐκ
3308 747 3550 815 εὔλογον.
3589 748 3650 799 Et

2075 855 2186 924 γὰρ
2226 854 2322 906 καὶ
2356 853 2435 916 είς
2473 852 2577 921 γῆν
2636 850 2758 903 ὅθεν
2820 845 3135 917 ὲλήφθημεν
3189 839 3653 911 ἀποστρεφόμεθα

2079 947 2222 1001 κατὰ
2258 943 2356 1015 τὴν
2387 942 2529 1013 ἀρὰν
2575 942 2791 1009 ἐκείνην
2826 940 2927 1009 τὴν
2966 938 3110 1004 οὕτω
3157 939 3427 1006 λέγουσαν
3457 954 3475 986 ι
3506 935 3582 1004 Γῆ
3605 929 3655 985 ei

2079 1041 2175 1092 καὶ
2208 1039 2289 1101 είς
2315 1037 2419 1107 γῆν
2451 1034 2752 1106 ἀπελεύσῃ,
2783 1052 2800 1085 ι
2839 1034 2957 1087 ἀλλ’
2987 1032 3222 1097 ἐκεῖθεν,
3258 1032 3333 1094 ὡς
3370 1032 3397 1083 ὁ
3426 1030 3656 1100 χρυσορ-

2079 1131 2274 1201 ρήμων
2320 1130 2573 1197 Ἰωάννης
2605 1129 2761 1197 φησὶ,
2797 1127 2892 1179 καὶ
2950 1124 3107 1188 αὖθις
3138 1118 3654 1192 ἀντιλαμϐανόμεθα,

2080 1222 2377 1277 κάντεῦθεν
2436 1222 2527 1273 ἐπὶ
2557 1220 2616 1271 τὸ
2668 1219 2879 1289 βέλτιον
2935 1213 3522 1287 μεταστοιχειούμεθα,
3564 1212 3657 1263 καὶ

2079 1314 2315 1367 τοιοῦτοι
2360 1312 2623 1383 γινόμεθα
2668 1312 2833 1365 πάλιν
2867 1311 3043 1362 ὁποῖοι
3076 1309 3167 1361 καὶ
3200 1308 3467 1377 πρότερον
3492 1301 3657 1375 ἦμεν,

2080 1408 2360 1459 τουτέστιν
2388 1405 2657 1475 ἄφθαρτοι
2686 1406 2778 1458 καὶ
2805 1404 3084 1458 ἀθάνατοι.

2078 1552 2081 1555 _
2166 1495 2559 1566 ’Δμφιίῗάλλειν
2584 1495 2677 1548 οὖν
2703 1498 2795 1548 ἐπὶ
2823 1495 3034 1558 τούτοις
3058 1495 3118 1548 οὐ
3149 1494 3383 1559 δίκαιον,
3417 1492 3535 1558 εἴγε
3565 1490 3660 1544 καὶ

2085 1585 2289 1655 μᾶλλον
2318 1588 2366 1640 οἱ
2400 1587 2531 1639 θεῖοι
2566 1589 2805 1657 Πατέρες
2827 1585 2977 1638 οὐδὲν
3013 1587 3145 1656 ἡμῖν
3177 1585 3365 1652 ἕτερον
3394 1579 3661 1648 ἐπαγγέλ-

2085 1678 2276 1735 λεσθαι
2299 1679 2520 1747 λέγουσι
2552 1680 2649 1748 τὴν
2684 1680 2748 1730 ὲκ
2776 1678 2989 1747 νεκρῶν
3020 1680 3322 1731 ἀνάστασιν
3353 1676 3384 1744 ἢ
3410 1675 3509 1744 τὴν
3531 1673 3662 1741 πρὸς

395 1767 765 1821 conditionem
801 1766 1086 1837 pristinam
1120 1764 1546 1822 restitutionem.
1602 1766 1758 1833 Vide,
1789 1768 1831 1822 si
1865 1768 1984 1837 pla—

2097 1771 2151 1824 τὸ
2197 1772 2427 1841 ἀρχαῖον
2475 1772 2584 1824 τῶν
2635 1772 3008 1824 πεπτωκότων
3050 1769 3513 1825 ἀποκατάστασιν.
3554 1767 3664 1818 Καὶ

396 1868 503 1921 cet,
541 1860 673 1929 quid
710 1874 819 1927 pra:
849 1858 1066 1913 caeteris
1125 1860 1346 1914 divinus
1400 1858 1491 1913 ille
1540 1859 1625 1913 vir
1664 1858 1984 1914 Anastasius

398 1955 451 2004 in
480 1952 578 2005 hac
603 1963 756 2012 parte
788 1950 975 2005 dicat:
1010 1950 1216 2015 «Fecit,
1261 1951 1471 2016 inquit,
1512 1951 1789 2004 hominem
1819 1950 1985 2016 Deus,

395 2055 453 2103 et
488 2047 709 2116 quidem
740 2062 865 2101 eum
904 2046 971 2101 ad
1001 2047 1300 2118 imaginem
1339 2047 1435 2101 Dei
1474 2045 1624 2101 fecit.
1659 2045 1783 2100 llrec
1814 2048 1988 2117 prima

408 2140 651 2195 heminis
686 2139 891 2193 creatio
928 2139 1053 2204 fuit,
1088 2140 1344 2209 simplex,
1382 2154 1577 2209 expers
1603 2138 1861 2210 conjugii,
1890 2154 1988 2194 ex-

401 2246 528 2301 pers
557 2230 856 2292 interitus;
907 2232 971 2285 ad
1011 2247 1173 2301 quam
1206 2232 1540 2286 creationem
1575 2248 1865 2301 corporum
1906 2246 1990 2287 re-

404 2327 678 2377 surrectio
708 2325 952 2393 respicit,
1006 2326 1081 2377 uti
1111 2340 1232 2395 qua:
1262 2325 1329 2379 sit
1360 2325 1635 2394 lapsorum
1659 2322 1723 2378 ad
1761 2324 1989 2395 pristina

404 2415 669 2467 reversio.
738 2412 875 2478 Quid
918 2414 1087 2467 multa
1121 2413 1356 2484 proferri
1405 2400 1695 2484 opusﬂest?
1744 2415 1991 2484 exposita

404 2504 458 2558 in
523 2503 898 2574 Evatgcliis"

413 2596 715 2666 itidemque
795 2598 964 2652 altera
1034 2599 1099 2652 de
1167 2600 1425 2655 drachma
1502 2600 1756 2669 perdita,
1835 2614 1989 2669 pror-

403 2704 500 2745 sus
587 2692 759 2759 ipsum
857 2690 1097 2745 hominis
1177 2704 1284 2746 tam
1366 2692 1767 2746 deerratiunem
1833 2692 1995 2760 atque

405 2781 617 2851 lapsum
671 2798 832 2851 quam
878 2785 943 2837 ad
998 2783 1290 2853 pristinum
1360 2793 1562 2838 statum
1622 2784 1995 2838 reversionem

402 2872 702 2929 declarant.
789 2875 924 2927 Nam
987 2876 1135 2930 illam
1191 2876 1261 2930 ob
1320 2892 1541 2931 causam
1607 2877 1815 2933 relictis
1880 2889 1989 2930 ca:-

406 2963 474 3017 lis
504 2962 649 3017 Deus
685 2961 738 3017 in
780 2973 981 3017 terram
1014 2964 1300 3020 descendit
1353 2975 1406 3020 et
1455 2964 1620 3020 homo
1663 2965 1844 3020 laetus
1890 2973 1994 3029 est,

410 3063 469 3109 ut
512 3070 633 3119 nos,
672 3056 763 3124 qui
811 3055 948 3125 lapsi
997 3072 1242 3123 eramus,
1287 3057 1351 3112 ad
1396 3058 1690 3126 pristinum
1745 3058 1996 3127 adeoque
2024 3103 2063 3127 τ,

408 3146 643 3215 primum
678 3149 831 3203 illum
863 3149 1125 3204 honorem
1181 3151 1491 3205 reduceret.
1554 3150 1861 3220 Ceteroqui
1906 3167 1997 3206 re-

404 3252 597 3294 versus
624 3240 767 3294 ﬁlius
803 3241 891 3294 ille
925 3242 1183 3312 prodigus
1213 3257 1321 3297 non
1376 3243 1630 3298 audisset
1667 3261 1679 3297 :
1749 3242 1997 3302 «induite

409 3332 587 3400 ipsum
620 3330 803 3399 priore
834 3333 973 3385 stola
992 3332 1094 3386 ".i

480 3422 686 3488 Quodsi
718 3424 810 3491 qui
841 3425 1032 3479 dicunt
1069 3426 1340 3482 Adamum
1372 3430 1592 3497 quidem
1640 3448 1670 3486 a
1715 3432 1829 3488 Deo
1864 3449 1998 3489 eon-

408 3511 583 3566 ditum
615 3511 783 3567 fuisse
813 3513 1203 3580 immortalem,
1232 3535 1423 3574 verum
1453 3522 1813 3578 nihilominus
1840 3526 1996 3580 talem

412 3605 689 3659 exstitisse
716 3605 807 3674 qui
838 3608 1082 3663 mortalis
1115 3622 1235 3664 esse
1260 3622 1467 3681 posset,
1501 3615 1601 3669 hoc
1623 3626 1707 3670 est
1733 3620 1823 3686 qui
1854 3634 1998 3672 mor-

413 3698 607 3751 talitati
639 3709 824 3767 posset
852 3700 1125 3756 obnoxius
1159 3703 1273 3757 ﬁeri
1308 3744 1323 3770 ,
1380 3706 1649 3776 siquidem
1685 3711 1998 3765 mandatum

412 3787 517 3841 sibi
550 3790 923 3859 prmacriptum
953 3810 1059 3847 non
1092 3798 1433 3864 observaret,
1479 3799 1621 3855 hanc
1647 3816 1746 3855 nos
1779 3804 1998 3871 quidem

418 3879 663 3949 ipsorum
690 3886 994 3940 orationem
1026 3887 1386 3955 admittimus,
1419 3900 1580 3960 atque
1602 3893 1813 3948 admitti
1840 3911 2003 3965 posse

415 3973 689 4038 videatur,
725 3980 1027 4041 praesertim
1060 3979 1127 4033 iis
1158 3982 1249 4050 qui
1277 3981 1440 4035 altius
1466 3997 1745 4038 sacrorum
1780 3987 2003 4042 Patrum

421 4064 626 4135 scripta
664 4070 1033 4139 penestigare
1064 4072 1299 4139 nolunt;
1332 4090 1444 4128 non
1482 4086 1660 4130 tamen
1693 4093 1817 4131 eutn
1846 4082 2005 4147 quid-

416 4168 579 4223 quam
629 4156 797 4211 fuisse
840 4173 1084 4227 paSsttm,
1138 4162 1193 4217 id
1225 4173 1310 4218 est
1342 4164 1435 4218 ulli
1469 4163 1740 4221 aliectioni
1769 4170 2003 4223 naturali

420 4253 548 4296 ante
602 4251 1092 4316 transgressionem
1148 4254 1453 4323 subjectum
1497 4258 1695 4321 fuisse.
1754 4261 2006 4314 concedi-

424 4348 572 4387 mus.
614 4336 735 4400 Quo
770 4340 914 4392 enim
948 4340 997 4394 id
1032 4354 1191 4409 pacto
1222 4348 1688 4404 concederemus?
1731 4366 1854 4404 cum
1902 4353 2006 4407 tale

994 2506 1060 2559 de
1132 2521 1234 2561 ove
1305 2508 1598 2561 aberrante
1671 2507 2023 2577 similitudo,_

2089 1864 2393 1933 πρόσσχες,
2446 1864 2494 1915 εἰ
2536 1863 2737 1932 βούλει,
2788 1862 2897 1933 πρὸ
2930 1862 3039 1915 τῶν
3075 1861 3251 1914 ἄλλων
3281 1860 3361 1929 τῷ
3402 1858 3667 1929 θειοτάτῳ

2102 1954 2443 2023 Ἀναστασίῳ
2457 1955 2587 2024 περὶ
2610 1953 2816 2005 τούτων
2842 1952 3013 2014 οὕτως
3038 1952 3272 2016 λέγοντιο
3307 1971 3323 2001 ι
3352 1952 3460 2004 Καὶ
3481 1951 3671 2019 ἑποξη-

2093 2066 2152 2101 σε
2188 2048 2280 2101 τὸν
2320 2047 2611 2116 ἄνθρωπον
2650 2049 2676 2098 ὁ
2707 2046 2873 2107 Θεόςο
2924 2044 3044 2096 κατ’
3074 2044 3259 2097 εἰκόνα
3304 2043 3439 2096 Θεοῦ
3476 2042 3667 2111 ἐποίη-

2094 2155 2187 2192 σεν
2229 2140 2414 2194 αὐτόν.
2469 2137 2667 2207 Πρώτη
2712 2138 2932 2204 ποίησις
2982 2136 3146 2204 αὓτη,
3210 2135 3378 2203 ἁπλῆ,
3439 2135 3663 2201 ἄζυγος,

2093 2228 2400 2298 ἄφθαρτος·
2451 2227 2586 2296 πρὸς
2641 2227 2707 2299 ἦν
2756 2225 2820 2296 δὴ
2870 2226 3089 2295 ποίησιν
3146 2227 3328 2296 ἀφορᾷ
3377 2229 3473 2278 καὶ
3504 2220 3673 2295 ἡτῶν

2096 2325 2367 2389 σωμάτων
2391 2323 2711 2383 ἀνάστασις.
2742 2340 2761 2371 ι
2798 2321 2909 2373 Καὶ
2924 2321 2975 2371 τί
3010 2319 3117 2390 χρὴ
3151 2319 3319 2372 πολλὰ
3346 2320 3561 2386 λέγειν;
3604 2316 3668 2371 Ἢ

2096 2418 2154 2469 ὲν
2178 2415 2533 2484 Εὐαγγελίοις
2564 2414 2657 2466 τοῦ
2689 2414 3041 2483 πλανωμένου
3069 2413 3342 2482 προϐάτου
3379 2409 3669 2481 παραϐολὴ

2096 2508 2191 2559 καὶ
2244 2508 2275 2574 ἡ
2331 2508 2429 2575 τῆς
2473 2504 2855 2573 ἀπολλυμένης
2893 2505 3157 2567 ὡσαύτως
3204 2504 3451 2574 δραχμῆς
3504 2496 3675 2567 αὐτὴν

2099 2595 2504 2663 ύπεμιραίνονσι
2552 2594 2770 2657 πάντως
2826 2595 2925 2664 τὴν
2960 2593 3053 2646 τοῦ
3083 2593 3374 2663 ἀνθρώπου
3413 2595 3506 2645 καὶ
3541 2592 3673 2643 πλά-

2099 2706 2195 2756 νην
2230 2687 2319 2739 καὶ
2359 2686 2656 2751 ἔκπτωσιν,
2692 2686 2786 2739 καὶ
2819 2686 2917 2755 τὴν
2949 2689 3027 2749 είς
3061 2688 3121 2739 τὸ
3154 2686 3314 2740 πάλιν
3339 2685 3672 2754 ἐπιστροφὴν

2100 2779 2194 2830 καὶ
2237 2776 2557 2847 ἀνάκλησιν.
2604 2777 2727 2829 Ἐπὶ
2767 2776 2943 2845 τούτῳ
2984 2776 3093 2846 γὰρ
3143 2775 3238 2828 καὶ
3296 2774 3482 2838 κλίνας
3508 2770 3673 2844 ούραέ

2101 2870 2223 2931 vei);
2254 2871 2280 2921 ὁ
2318 2868 2449 2931 Θεὸς
2479 2867 2828 2936 κλταϐἐδηκε
2865 2870 2959 2923 καὶ
2988 2867 3275 2935 ἅνθρωπος
3301 2868 3550 2934 γέγονεν,
3588 2866 3676 2918 ἵνα

2102 2964 2227 3024 τοὺς
2258 2963 2591 3026 ἐκπεσόντας
2619 2965 2769 3034 ἡμᾶς
2811 2964 2905 3016 ἐπὶ
2938 2964 3035 3032 τὴν
3069 2961 3302 3031 ἀρχαίαν
3325 2961 3419 3013 καὶ
3456 2960 3676 3031 πρώτην

2104 3057 2432 3129 ἑπαναγὰγῃ
2468 3057 2656 3127 τιμήν.
2694 3057 2804 3108 Καὶ
2840 3057 2949 3126 γὰρ
2981 3058 3029 3107 εἰ
3071 3056 3144 3124 μὴ
3172 3055 3331 3107 τοῦτο
3359 3049 3448 3124 ἦν,
3478 3055 3577 3105 οὐκ
3609 3054 3677 3105 ἂν

2099 3148 2433 3217 ἐπιστρέψας
2467 3150 2717 3212 όᾶσωτος
2748 3148 3005 3218 ἤκουσεν·
3045 3166 3062 3199 ι
3095 3147 3381 3199 Ἐνδύσατε
3403 3145 3563 3198 αὑτὸν
3579 3146 3679 3216 τὴν

2100 3239 2324 3310 πρώτην
2352 3241 2561 3310 στολήν.
2596 3246 2617 3291 i’

2174 3423 2238 3477 Εί
2268 3425 2326 3477 δὲ
2373 3427 2466 3480 καὶ
2499 3425 2716 3495 λέγουσί
2760 3444 2903 3490 τινες
2936 3427 3243 3496 πλασθῆναι
3286 3427 3386 3496 μὲν
3413 3426 3684 3481 ἀθάνατον

2103 3518 2208 3570 ὑπὸ
2239 3517 2378 3570 Θεοῦ
2414 3520 2506 3571 τὸν
2540 3519 2734 3588 ’Λδὰμ,
2763 3520 2989 3589 δυνάμει
3022 3520 3076 3573 δὲ
3110 3521 3305 3590 θνητὸν
3342 3516 3504 3584 εἶναι,
3531 3536 3686 3572 τουτ-

2066 3608 2222 3660 »έστι
2266 3606 2531 3662 δύνασθαι
2577 3609 2867 3679 θνητοτητι
2917 3614 3257 3681 περιπεσεῖν,
3289 3613 3406 3681 είγε
3451 3610 3526 3682 μὴ
3583 3611 3685 3679 φύ-

2105 3701 2201 3765 λαξ
2238 3703 2444 3754 ὲσεῖται
2496 3698 2594 3773 τῆς
2639 3702 2888 3772 δοθείσης
2925 3704 3074 3773 αὑτῴ
3122 3705 3368 3773 ἐντολῆς,
3410 3704 3684 3774 δεχόμεθα

2112 3795 2208 3860 μὲν
2236 3794 2324 3845 τὸν
2348 3793 2506 3861 λόγον
2537 3794 2717 3846 αὐτῶν
2756 3796 3186 3865 (εύποράδεκτος
3210 3796 3319 3864 γαρ
3341 3790 3480 3848 εἶναι
3512 3796 3685 3859 δοκεῖς

2107 3886 2200 3937 καὶ
2249 3884 2485 3954 μάλιστα
2522 3888 2633 3949 τοῖς
2665 3886 2740 3956 μὴ
2773 3885 2986 3940 θέλουσι
3027 3891 3145 3951 ταῖς
3178 3890 3288 3940 τῶν
3314 3890 3486 3957 ἁγίων
3511 3890 3688 3942 Πατέ-

2112 3978 2573 4048 ρωνὲμὸαθύνειν
2603 3982 2890 4050 γραφαῖς),
2923 3982 3152 4050 πάσχειν
3206 3982 3261 4033 δὲ
3311 3984 3445 4044 ὅλως
3497 3982 3685 4044 αὐτὸν,

2107 4071 2386 4122 τουτέστιν
2416 4069 2512 4140 οἵῳ
2544 4070 2607 4139 δή
2646 4087 2751 4123 τινι
2788 4072 3003 4141 φυσικῷ
3040 4073 3203 4127 πάθει
3240 4074 3346 4145 πρὸ
3383 4075 3479 4141 τῆς
3511 4076 3689 4145 παραυ

2108 4164 2323 4227 ϐάσεως
2362 4165 2713 4231 ὑποκεῖσθαι,
2756 4167 2992 4236 οὐδαμοῦ
3042 4168 3202 4219 τοῦτο
3252 4167 3687 4238 καταδεχόμεθσ.

2110 4255 2235 4317 Πῶς
2266 4256 2394 4324 γὰρ,
2438 4257 2491 4308 εἴ
2529 4257 2591 4326 γέ
2628 4275 2747 4311 τινα
2789 4259 2896 4310 τῶν
2938 4260 3111 4326 ἁγίων
3154 4260 3411 4329 Πατὲρουν
3446 4258 3689 4311 τοιοῦτόν

2111 4364 2164 4398 τι
2214 4349 2343 4417 περὶ
2384 4348 2479 4401 τοῦ
2525 4351 2748 4419 πρώτου
2782 4350 3072 4420 ἀνθρώπου
3108 4352 3372 4415 διεξιόντα
3402 4354 3498 4421 οὐχ
3528 4351 3689 4419 εὖρο-

421 4424 680 4513 quiddam
741 4429 804 4481 de
858 4431 1067 4487 Adamu
1123 4434 1382 4491 traditum
1434 4438 1508 4493 ab
1545 4440 1653 4494 ullo
1690 4450 1992 4496 sanctorum

2112 4458 2245 4510 psv;
2276 4442 2494 4495 Μᾶλλον
2557 4446 2655 4512 μὲν
2700 4444 2792 4496 οὖν
2844 4444 3028 4513 ἁπαθῆ
3068 4445 3287 4512 λέγουσι
3331 4445 3422 4499 τὸν
3451 4445 3694 4499 τοιοῦτον

421 4514 641 4570 Patrum
694 4536 963 4591 nusquam
1015 4529 1377 4596 reperiamus.
1450 4531 1593 4596 Quin
1633 4535 1814 4603 p0tius
1848 4536 2002 4589 aiunt

423 4624 547 4663 eum
568 4611 922 4669 aﬂ‘ectionum
953 4628 1230 4687 expertem
1261 4622 1452 4689 fuisse,
1484 4640 1757 4694 supraque
1781 4624 2004 4682 cunctas

425 4707 777 4763 necessitates
810 4713 1122 4778 corporales
1172 4716 1432 4782 positum.
1494 4718 1735 4771 Primum
1786 4720 2006 4774 divinus

425 4793 530 4857 vir,
562 4794 801 4852 Joannes
839 4800 927 4854 ille
965 4804 1353 4871 llamaseenus,
1411 4806 1689 4860 hominem
1754 4818 1880 4862 ante
1932 4811 2006 4862 la-

427 4898 586 4955 psum
624 4888 758 4944 dicit
805 4893 873 4946 ab
909 4893 1295 4952 affectionibus
1338 4899 1605 4953 universis
1661 4899 2006 4956 immunitate

427 4993 641 5035 summa
668 4985 951 5052 praeditum
984 4988 1171 5044 fuisse.
1191 4989 1324 5044 Nam
1359 4991 1551 5055 fames,
1580 4992 1998 5064 sitis,iatigatio,

426 5085 653 5128 somnus
671 5085 725 5130 et
755 5078 943 5146 sudor,
972 5084 1431 5150 quemadmodum
1467 5086 1628 5140 tradit
1664 5088 1802 5139 idem
1833 5087 2008 5156 capite

427 5164 612 5232 LXIV,
657 5168 768 5241 94
823 5182 947 5240 post
994 5180 1485 5243 transsressionem
1545 5180 1778 5247 primum
1842 5182 2006 5234 vitam

427 5259 720 5315 humanam
782 5266 1125 5320 invaserunt.
1208 5269 1412 5323 Praeter
1475 5271 1623 5324 hunc
1684 5273 2009 5327 Anastasius

429 5346 697 5417 Sinaites,
738 5354 788 5406 in
825 5357 1074 5411 oratione
1105 5373 1203 5413 sua
1228 5360 1295 5413 de
1327 5362 1735 5418 resurrectione
1775 5365 1869 5418 itas
1905 5379 2001 5417 ex-

431 5454 611 5511 pertes
647 5446 782 5511 vitii,
817 5462 1046 5517 qumque
1083 5451 1379 5521 vituperari
1438 5469 1547 5507 non
1599 5464 1876 5510 merentur
1928 5456 2011 5509 al-

428 5532 717 5603 fectiones,
768 5553 873 5592 una
931 5555 1053 5593 eum
1090 5554 1314 5611 peccato
1350 5554 1566 5599 exortas
1612 5545 1665 5599 in
1718 5547 1873 5601 nobis
1906 5561 2008 5599 una

498 5703 544 5734 ”
569 5701 707 5759 Cen.
738 5721 821 5776 ιιι,
854 5706 942 5762 19.
1019 5708 1066 5742 π
1094 5707 1226 5766 Luc.
1261 5726 1350 5777 xv,
1381 5711 1433 5767 8.
1512 5713 1558 5746 ⁷⁸
1585 5713 1717 5769 ibid.
1747 5714 1835 5768 22.

2116 4531 2277 4601 εἶναι,
2320 4539 2413 4589 καὶ
2446 4540 2775 4606 σωματικῶν
2828 4538 3018 4589 πασῶν
3076 4539 3378 4610 ὑπέρτερον
3414 4541 3692 4606 ἀνειῑγκὼνι

2114 4630 2325 4681 Αὐτίκα
2348 4631 2457 4698 γὰρ
2485 4631 2511 4683 ό
2543 4630 2816 4692 θειότατος
2854 4632 3107 4701 Ἰωάννης
3136 4633 3494 4702 Δαμασκηνὸς
3515 4632 3695 4702 ἄκραν

2116 4721 2260 4791 ἔχειν
2290 4722 2559 4775 ἀπάθειαν
2590 4721 2678 4775 τὸν
2719 4723 2823 4792 πρὸ
2875 4726 2971 4795 τῆς
3009 4725 3698 4798 παραϐάσειςιςοᾶνθρωπον

2118 4814 2271 4880 Ξλεγε
2297 4825 2313 4842 ⁸
2348 4816 2511 4867 πεῖναι
2552 4818 2661 4885 γὰρ
2707 4818 2799 4869 καὶ
2851 4817 3003 4886 δίψα,
3037 4820 3205 4881 κόπος
3260 4821 3355 4874 καὶ
3394 4820 3557 4883 ὕπνος
3596 4822 3697 4871 καὶ

2121 4904 2299 4976 ἱδρὼς,
2327 4906 2401 4969 ὡς
2436 4910 2463 4960 ὁ
2500 4909 2638 4972 θεῖος
2673 4928 2826 4972 ουτος
2870 4912 3009 4981 ἀνὴρ
3063 4915 3121 4965 ἐν
3176 4914 3459 4984 ἑξηκοστῷ
3505 4915 3700 4982 τετέιρ⁴

2110 5017 2187 5071 τῳ
2250 5000 2530 5072 κεφαλαίῳ
2601 5002 2764 5055 αὑτοῦ
2834 5002 3006 5071 λέγων
3059 5005 3333 5076 εὓρηται,
3391 5007 3528 5076 μετά
3593 5010 3698 5076 τὴν

2122 5092 2437 5163 παράϐασιν
2488 5097 2567 5155 εἰς
2617 5096 2709 5146 τὸν
2770 5094 3115 5165 ἀνθρώπινον
3169 5096 3281 5165 βίον
3335 5098 3686 5167 εἰσήλθοσαν.

2123 5187 2286 5239 Ἀλλὰ
2320 5187 2415 5239 καὶ
2444 5188 2471 5239 ὁ
2503 5188 2755 5258 Σιναῖτης
2790 5188 2932 5251 θεῖος
2972 5190 3328 5252 Ἀναστασιος
3357 5192 3414 5241 ἐν
3440 5192 3520 5262 τῷ
3555 5194 3693 5262 περὶ

2109 5275 2486 5339 ’Λναστάσεως
2543 5277 2684 5346 λόγῳ
2715 5277 2881 5329 αὑτοῦ
2911 5278 2976 5330 τὰ
3008 5279 3309 5350 ἀδιάϐλητον.
3338 5280 3511 5334 ταῦτα
3546 5282 3705 5351 πάθη

2110 5372 2174 5437 τῇ
2209 5370 2305 5438 τῆς
2357 5370 2554 5430 κακίας
2595 5370 2781 5440 εἰσόδῳ
2836 5372 3378 5442 συνεπακολουθῆσαι
3416 5376 3545 5443 ἡμῖν
3576 5374 3708 5428 ἑλε-

2112 5466 2209 5522 γεν
2249 5460 2305 5508 ὲν
2344 5459 2406 5525 τῇ
2458 5455 2549 5507 τοῦ
2586 5456 2915 5527 δερματίνου
2961 5460 3187 5530 χιτῶνος
3234 5463 3522 5534 περιϐολῇ.
3554 5465 3705 5520 Οὐδὲ

2114 5546 2221 5614 γὰρ
2255 5545 2631 5613 συμπεφυκὼς
2661 5542 2815 5614 οὗτος
2851 5552 2917 5619 τῇ
2955 5550 3146 5624 λογικῇ
3206 5555 3367 5623 φύσει
3403 5554 3544 5609 καθὰ
3580 5559 3706 5622 τοῖς

2228 5706 2251 5717 ο-
