4062 6186
368 174 465 239 193

1634 163 2035 229 ANNALIUM
2082 160 2275 221 PARS
2320 161 2362 223 l.
2452 182 2457 185 '

3512 150 3616 213 194

360 286 579 353 ἀλόγοις
627 284 869 353 ἐγένετο,
916 281 1030 337 ἀλλ’
1083 283 1308 354 ὕστερον
1359 280 1618 343 ἐπετίθει,
1682 279 1924 342 κολάζων

2050 290 2150 327 :um
2188 274 2426 340 pellicem
2483 271 2682 341 tunica!
2711 266 2914 325 amictu
2949 263 3102 321 dicit.
3156 262 3367 319 Etenim
3398 263 3487 317 illa
3512 281 3624 317 nat

359 379 569 431 ἐκεῖνον
595 376 688 431 τὸν
732 377 791 428 ἐν
832 377 965 445 τιμῇ
997 375 1099 445 μὲν
1131 375 1256 427 ὄντα
1291 373 1368 441 μὴ
1411 370 1661 424 συνιέντα
1696 370 1778 432 δὲ,
1812 368 1939 422 κάν-

358 466 552 520 τεῦθεν
587 468 667 528 εἰς
710 467 1022 536 ὑπόμνησιν
1055 465 1203 533 ἄγων
1254 457 1328 521 ὧν
1377 462 1636 528 ἐξέπεσεν
1696 458 1938 527 ἀγαθῶν.

370 557 538 611 Ἀλλά
565 557 661 609 καὶ
693 558 721 609 ό
750 555 988 627 χρυσοῦς
1030 556 1130 624 τὴν
1176 553 1422 623 γλῶτταν
1457 553 1712 621 Ἰωάννης
1742 551 1801 604 τὸ
1843 548 1938 602 τοῦ

358 647 581 718 πρώτου
624 647 907 715 παριστῶν
951 646 1159 708 ἀπαθὲς
1216 645 1403 713 ἔλεγεν
1444 663 1463 695 ι
1506 641 1790 712 Ἐννόησόν
1848 656 1940 709 μοι

361 738 780 810 μακαριότητος
833 738 1166 809 ὑπερϐολὴν,
1215 737 1333 799 πῶς
1392 735 1657 805 ἀνώτεροι
1719 733 1939 788 πάντων

357 830 466 883 τῶν
501 828 839 900 σωματικῶν
880 829 930 881 οἱ
962 826 1383 896 πρωτόπλαστοι
1414 821 1580 893 ἦσαν,
1614 824 1731 886 πῶς
1769 822 1940 875 καθάο

361 940 466 993 περ
492 922 585 974 τὸν
633 921 863 992 οὐρανὸν
895 918 1039 974 οὕτω
1087 918 1187 989 τὴν
1244 919 1349 988 γῆν
1377 917 1577 988 ᾠκουν,
1608 916 1703 969 καὶ
1733 917 1793 969 ὲν
1839 916 1941 966 σῶ-

364 1030 493 1083 ματι
520 1015 885 1082 τυγχάνοντες
905 1011 976 1065 τά
1002 1010 1111 1063 τῶν
1138 1010 1408 1079 σωμάτων
1429 1009 1529 1078 οὐχ
1561 1008 1883 1077 ὑπέμειναν.
1916 1024 1935 1057 ι

363 1105 498 1157 Οὔτε
531 1105 640 1172 γάρ
679 1105 878 1174 στέγης
930 1100 1055 1156 οὔτε
1099 1100 1301 1171 ὀρόφου
1348 1100 1473 1153 οὔτε
1525 1098 1758 1169 ἱματίων
1816 1097 1940 1150 οὔτε

360 1195 518 1249 ἄλλου
566 1194 783 1258 οὐδενὸς
826 1192 935 1245 τῶν
988 1192 1252 1246 τοιούτων
1304 1192 1536 1245 ἐδέοντο.
1588 1190 1753 1243 Ἀλλά
1788 1189 1885 1241 καὶ
1912 1191 1939 1242 ό

363 1286 614 1353 θεολόγος
637 1267 961 1356 Γρηγόριος,
995 1282 1453 1352 ἐπικαλύμματος
1486 1282 1581 1336 καὶ
1605 1281 1935 1352 προϐλήμα-

359 1394 448 1439 τος
486 1378 563 1448 μὴ
599 1375 812 1431 δέεσθαι
840 1374 1142 1454 λέγωντδν
1176 1374 1274 1429 ἀπ’
1315 1374 1491 1445 ἀρχῆς
1524 1372 1838 1444 ἄνθρωπον,
1868 1372 1940 1426 τὰ

362 1469 500 1522 αὑτᾶ
528 1468 609 1538 τῷ
642 1467 1067 1538 Χρυσορῤήμονι
1108 1466 1323 1529 πάντως
1350 1467 1605 1535 ἐνέφηνε.
1628 1466 1793 1534 Σῶμα
1830 1466 1938 1534 γὰρ

368 1560 506 1629 μήτε
558 1560 794 1628 κρυμοῖς
825 1560 1134 1611 ὑποπίπτον
1186 1558 1327 1628 μήτε
1382 1556 1661 1625 eaeam.
1711 1556 1773 1609 Εί
1826 1558 1935 1627 γὰρ

2045 375 2178 418 tune
2205 363 2430 417 rationis
2466 359 2736 431 participi,
2770 367 3025 429 tanquam
3061 356 3237 412 brutis
3268 353 3612 415 animalibus,

2044 454 2362 508 naturaliter
2411 469 2519 508 non
2553 451 2888 515 adhaerebat,
2931 450 3026 505 sed
3057 449 3315 519 deinceps
3363 446 3615 505 accessit,

2044 554 2103 599 ut
2132 547 2179 600 ei
2208 560 2385 615 poena:
2435 545 2555 599 loco
2595 543 2757 606 foret,
2812 543 2906 613 qui
2954 556 3077 596 cum
3114 551 3257 595 esset
3298 540 3351 594 in
3382 539 3617 599 honore,

2043 638 2284 691 animum
2308 649 2489 693 tamen
2535 652 2645 692 non
2680 636 2951 699 advertit;
2993 647 3103 704 quo
3142 648 3241 703 per
3270 633 3443 704 ipsam
3474 628 3617 685 scili-

2041 737 2128 782 cet
2156 728 2549 782 admoneretur
2583 726 2781 797 quibus
2814 727 2970 781 bonis
3001 707 3319 779 excidisset.
3376 722 3616 777 Joannes

2044 818 2174 871 item
2216 817 2637 889 Chrysostomus
2689 817 2985 871 ostendens
3042 816 3319 870 hominem
3378 814 3615 884 primum

2042 916 2323 978 expertem
2355 907 2707 963 aﬂectionum
2750 906 2936 969 fuisse,
2980 905 3162 959 verbis
3220 905 3368 958 hisce
3401 904 3617 957 utitur:

2048 997 2377 1059 «Considera
2408 997 2543 1051 mihi
2576 996 2852 1051 beatitatis
2881 994 3293 1057 abundantiam,
3322 1009 3430 1062 quo
3460 1001 3620 1061 pacto

2026 1080 2205 1158 'supra
2241 1102 2330 1142 res
2364 1101 2658 1157 corporeas
2688 1101 2881 1140 omnes
2924 1084 3086 1154 positi
3141 1083 3339 1137 fuerint
3366 1085 3618 1138 homines

2045 1178 2120 1233 illi
2145 1177 2397 1247 principe
2425 1178 2546 1232 loco
2582 1176 2797 1232 formati
2830 1191 2859 1229 a
2902 1174 3048 1240 Deo;
3080 1189 3188 1244 quo
3220 1181 3380 1243 pacto
3413 1182 3614 1228 terram

2040 1266 2121 1319 sic
2150 1265 2482 1320 incoluerint
2510 1280 2575 1320 ac
2607 1265 2652 1319 si
2687 1265 2885 1333 malum
2922 1264 3248 1328 incolerent,
3302 1276 3412 1332 quo
3460 1272 3620 1332 pacto

2042 1354 2096 1408 in
2136 1348 2460 1426 edrporibus
2506 1356 2861 1422 exsistentes,
2912 1370 3033 1425 qua:
3078 1353 3297 1425 propria
3329 1369 3619 1424 corporum

2041 1456 2169 1501 sunt
2197 1463 2305 1502 non
2340 1448 2685 1516 pertulerint.
2726 1447 2836 1502 Nec
2859 1448 3004 1503 enim
3036 1447 3120 1501 vel
3148 1454 3290 1501 tecto
3319 1448 3410 1502 vel
3437 1446 3626 1517 Isque-

2040 1542 2119 1592 ari
2156 1538 2244 1593 vel
2278 1539 2616 1595 indumentis
2649 1540 2733 1594 vel
2762 1539 2867 1595 alia
2902 1538 3155 1608 quapiam
3194 1539 3282 1593 tali
3314 1556 3372 1593 re
3406 1539 3620 1611 indiga-

364 1646 552 1698 ἐλύπει
592 1644 837 1698 τοιοῦτόν
864 1662 918 1699 τι
948 1645 1117 1707 πάθος
1143 1643 1298 1709 αὑτὸ,
1325 1644 1421 1697 καὶ
1450 1644 1845 1715 σκεπάσματος
1868 1643 1936 1698 ἂν

2050 1630 2221 1685 bant.)
2261 1628 2644 1685 Consimiliter
2664 1628 2961 1702 Gregorius
2998 1629 3089 1683 ille
3123 1629 3410 1699 theologus
3442 1628 3619 1683 homi-

362 1736 421 1802 ὲξ
455 1735 705 1804 ἀνάγκης
760 1736 853 1789 καὶ
888 1733 1538 1806 προϐλήματοςίέπιδεές
1587 1730 1678 1804 ἦν.
1729 1732 1843 1787 Ούκ
1872 1733 1939 1787 ἂν

362 1826 524 1880 αὑτὸν
554 1827 787 1895 πάσχειν
835 1825 989 1897 ᾠήθη
1036 1826 1176 1879 κατά
1228 1842 1278 1879 τι
1309 1827 1337 1878 ό
1368 1825 1513 1887 θεῖος
1547 1819 1703 1887 οὗτος
1756 1826 1924 1895 ἀνὴρ,

360 1914 473 1981 εἴτε
505 1915 601 1966 καὶ
642 1913 849 1982 μᾶλλον
875 1912 975 1984 τὴν
1009 1911 1327 1982 παχυτέραν
1367 1911 1548 1981 σάρκα
1592 1912 1689 1965 καὶ
1716 1909 1937 1982 θνητὴν,

361 2005 456 2073 ἀφ’
485 1999 553 2076 ἧς
581 2006 688 2076 ἄρα
720 2007 815 2059 καὶ
842 2005 905 2059 τὸ
945 2005 1171 2075 πάσχειν
1204 2005 1364 2075 ἡμῖν,
1413 2006 1472 2057 ἐν
1494 2005 1562 2075 τῇ
1596 2003 1693 2057 τοῦ
1735 2003 1940 2074 δερμα-

361 2097 510 2148 τίνου
545 2099 777 2165 χιτῶνος
810 2095 1075 2166 περιύολῇ
1107 2095 1198 2149 τὸν
1243 2095 1418 2167 Ἀδὰμ
1471 2094 1799 2149 ἐνδύσασθαι
1828 2094 1941 2149 ἐλε-

322 2186 480 2251 ’”γεν.
522 2176 735 2246 Ἐδειξε
785 2180 896 2250 γὰρ
953 2179 1204 2235 ἐντεῦθεν
1257 2177 1339 2239 ὅτι
1400 2182 1507 2253 πρὸ
1543 2181 1642 2251 τῆς
1683 2172 1941 2249 τοιαύτης

363 2272 663 2345 περιϐολῆς
721 2272 944 2343 ἀπαθὴς
1003 2273 1032 2325 ό
1067 2271 1360 2343 ἄνθρωπος
1407 2269 1475 2344 ῆν
1524 2273 1620 2327 ἅτε
1660 2272 1724 2342 δὴ
1760 2270 1947 2343 σάρκά

362 2365 704 2435 λεπτοτέραν
737 2363 1109 2433 ἐνδεδυμένος,
1151 2364 1423 2419 ἀθάνατόν
1454 2380 1514 2416 τε
1574 2366 1668 2417 καὶ
1721 2363 1941 2432 ἀφθαρ-

363 2473 476 2512 τον.
520 2456 666 2508 Ἀλλ’
699 2456 791 2508 ἐπὶ
820 2455 1049 2518 ταύταις
1101 2457 1224 2513 ταῖς
1280 2454 1457 2520 λέξεσι
1499 2456 1848 2525 χαλεπαίνειν
1878 2457 1942 2509 οὑ

361 2547 492 2616 χρή.
544 2542 703 2596 Κατὰ
727 2542 838 2613 γὰρ
870 2541 961 2596 τὸν
988 2541 1428 2615 Χρυσορρήμονα
1474 2544 1726 2612 Ἰωάννην
1762 2543 1942 2614 πάσης

361 2632 691 2703 ἀπήλλακτο
720 2634 783 2686 τὸ
808 2632 969 2702 σῶμα
1005 2634 1185 2686 ἐκεῖνο
1217 2631 1445 2703 φθορᾶς.
1488 2631 1604 2701 Ἐφ’
1632 2626 1676 2700 ᾦ
1712 2634 1807 2686 καὶ
1840 2633 1944 2701 άφ-

363 2727 568 2795 θαρτον
618 2726 753 2779 αὐτὸ
806 2724 1034 2788 δικαίως
1063 2725 1090 2779 ό
1121 2724 1281 2793 λόγος
1324 2724 1608 2779 ἐκάλεσεν.
1647 2723 1710 2776 El
1748 2724 1806 2777 δὲ
1836 2726 1944 2794 ἀφ-

363 2820 585 2889 ϐαρ-τον,
624 2817 851 2888 εὑδηλον
885 2819 969 2872 ὅτι
1020 2818 1117 2872 καὶ
1167 2817 1437 2871 ἀθάνατον
1582 2817 1645 2869 El
1673 2816 1781 2889 γὰρ
1810 2817 1947 2870 ἐπά-

2039 1736 2162 1776 nem
2188 1721 2423 1791 primum
2465 1737 2569 1776 nec
2598 1728 2916 1793 tegumento
2959 1737 3060 1777 nec
3090 1723 3291 1777 vestitu
3324 1720 3622 1791 indiguisse

2037 1808 2191 1865 dicit.
2243 1811 2488 1866 Habebat
2539 1812 2686 1866 enim
2739 1825 2962 1882 corpus,
3005 1811 3150 1882 quod
3200 1826 3379 1879 neque
3430 1810 3618 1882 frigori

2038 1912 2142 1953 nec
2197 1900 2352 1954 πειυί
2413 1882 2554 1955 foret
2607 1900 2934 1955 obnoxium.
2998 1901 3213 1972 Quippe
3264 1903 3308 1956 si
3349 1902 3632 1981 ejusmodi

2039 1991 2305 2058 qumpiam
2334 1991 2552 2048 aﬂectio
2586 1992 2815 2049 laesisset
2847 1992 3049 2063 ipsum,
3101 1994 3264 2049 etiam
3309 1998 3622 2050 necessario

2042 2090 2149 2136 tam
2194 2090 2508 2154 legumento
2559 2100 2722 2165 quam
2761 2084 2959 2141 vestitu
3006 2084 3347 2157 indiguisset.
3407 2086 3481 2140 De
3510 2099 3622 2155 quo

2040 2174 2312 2246 colligitur
2345 2178 2596 2232 divinum
2648 2179 2794 2234 hunc
2854 2179 3029 2233 virum
3077 2170 3424 2234 exiSlimasse
3476 2178 3621 2233 nihil

2040 2268 2268 2322 omnino
2291 2267 2395 2323 tale
2446 2269 2555 2324 ullo
2585 2279 2744 2338 pacto
2781 2285 2981 2341 corpus
3016 2271 3147 2325 illud
3194 2271 3429 2324 hominis
3457 2269 3622 2341 primi

2042 2372 2360 2429 perpessum
2392 2374 2537 2416 esse.
2599 2362 2712 2416 Imo
2743 2363 2904 2416 tradit
2929 2363 3067 2416 idem
3100 2361 3366 2416 Adamum
3397 2377 3618 2417 carnem

2044 2450 2186 2505 hanc
2236 2452 2567 2507 crassiorem
2616 2462 2674 2506 et
2734 2453 2891 2507 morti
2939 2453 3256 2516 obnoxiam,
3302 2468 3330 2506 a
3366 2467 3470 2520 qua
3502 2452 3619 2521 ipsa

2044 2538 2471 2611 proﬁciscuntur
2530 2545 2846 2614 huiusmodi
2907 2544 3269 2610 aﬂectiones,
3328 2559 3434 2598 una
3492 2562 3618 2600 cum

2045 2635 2248 2690 amictu
2270 2634 2512 2705 pellicem
2541 2636 2739 2691 tunicae
2771 2636 3042 2692 induisse.
3106 2637 3227 2703 Quo
3250 2637 3490 2693 indicare
3522 2653 3622 2694 vo-

2046 2726 2148 2780 luit
2178 2733 2310 2782 ante
2341 2729 2600 2781 amictum
2636 2724 2903 2799 ejusmodi
2941 2729 3110 2782 fuisse
3154 2729 3433 2783 huminem
3486 2718 3653 2783 alle-~

2047 2817 2289 2872 ctiouum
2315 2827 2616 2887 expertem,
2667 2820 2838 2890 utqui
2866 2835 3034 2875 carne
3071 2820 3354 2876 subtiliore
3401 2823 3625 2876 immor-

362 2912 559 2978 γεσθαι
595 2909 825 2963 εἰώθασι
859 2911 955 2963 καὶ
990 2902 1135 2962 νόσοι
1170 2909 1264 2962 καὶ
1290 2907 1511 2962 θάνατοι
1545 2907 1607 2961 ἔκ
1637 2926 1694 2963 τε
1722 2908 1944 2963 πλεονε-

2056 2908 2150 2963 tali
2206 2917 2260 2964 et
2314 2909 2719 2980 incorruptibili
2781 2912 2935 2981 prius
2993 2912 3434 2993 indutusvesset.
3490 2915 3624 2980 Quae

362 3005 486 3070 ξίας
514 3005 611 3057 καὶ
656 3002 949 3073 ἐλλείψεως
978 3002 1085 3055 τῶν
1116 3002 1401 3072 τεσσάρων
1454 3001 1671 3072 χυμῶν,
1700 3001 1845 3055 καθὰ
1874 2999 1942 3073 δὴ

364 3098 445 3165 τῷ
474 3097 899 3167 Χρυσορρήμονι
949 3095 1115 3161 δοκεῖ,
1147 3095 1208 3147 τὸ
1260 3094 1317 3148 δέ
1349 3110 1412 3165 γε
1443 3093 1601 3165 σῶμα
1633 3093 1727 3147 τοῦ
1770 3093 1943 3164 Ἀδὰμ

364 3190 431 3242 ἐν
462 3187 709 3258 ἀπαθείᾳ
737 3187 888 3257 διῆγε
922 3187 1018 3240 καὶ
1048 3186 1315 3249 ὡσαύτως
1347 3182 1494 3258 εἶχεν
1522 3185 1609 3241 ἀεὶ
1661 3185 1805 3260 (οὑδέ
1833 3185 1945 3256 γὰρ

366 3281 660 3335 ἀλλοίωσιν
697 3280 913 3350 ἐδέχετό
967 3294 1091 3332 τινα
1124 3278 1529 3350 παραπλησίως
1574 3279 1729 3349 ἡμῖν,
1764 3280 1858 3333 ἅτε
1880 3279 1946 3350 δὴ

369 3373 564 3427 παθῶν
605 3370 876 3425 παντοίων
931 3370 1236 3440 ὑπέρτερον
1259 3369 1366 3437 ὃν),
1409 3370 1664 3439 φαίνεται
1724 3371 1947 3437 πάντως

369 3467 456 3519 ὅτι
495 3463 593 3518 καὶ
632 3461 933 3524 ἀθανασίας
964 3461 1181 3532 ὑπῆρχε
1217 3464 1468 3533 μέτοχον,
1504 3461 1579 3523 ὡς
1601 3463 1639 3536 ό
1652 3455 1806 3532 λόγος
1842 3464 1946 3535 ῆδη

368 3555 589 3623 φθάσας
632 3552 928 3622 ἐδήλωσεν.
967 3550 1091 3604 Ὅτι
1131 3550 1189 3604 δὲ
1234 3553 1483 3620 φυσικῶν
1530 3551 1721 3605 παθῶν
1752 3552 1952 3629 ἀνῴτε-

370 3664 469 3716 ρος
492 3648 522 3700 ό
556 3642 846 3716 ἄνθρωπος
870 3640 940 3717 ἦν
972 3650 1028 3696 ἐν
1044 3643 1238 3711 ἐκείνῳ
1262 3645 1339 3712 τῷ
1370 3643 1571 3714 καιρῷ,
1602 3645 1698 3695 καὶ
1728 3644 1756 3695 ό
1778 3642 1950 3712 μέγας

362 3738 541 3804 ἔδειξε
568 3734 850 3800 Βασίλειος
874 3738 933 3789 ἐν
956 3737 1067 3799 τοῖς
1092 3738 1414 3805 ἀσκητικοίς
1439 3736 1605 3789 αὑτοῦ
1628 3736 1773 3788 κατὰ
1799 3736 1951 3807 ῥῆμα

363 3828 589 3894 ᾶιεξιὼν
673 3828 904 3882 οὑτωσί·
964 3826 1233 3897 «Ὥσπερ
1289 3829 1336 3878 εί
1388 3822 1532 3898 ἦμεν
1593 3828 1649 3879 ἐν
1706 3826 1785 3897 τῷ
1841 3845 1951 3881 πα-

367 3919 609 3990 ραδείσῳ
634 3918 735 3988 τῆς
770 3916 1004 3988 τρυφῆς,
1044 3915 1143 3969 οὑκ
1181 3915 1248 3968 ἂν
1309 3913 1557 3977 ἐπινοίας
1608 3914 1705 3967 και
1746 3914 1950 3987 μόχθου

365 4007 682 4078 γεωργικοὺ
742 4005 1216 4079 προσεδεήθημεν,
1249 4005 1427 4069 οὕτως
1459 4006 1507 4058 εί
1540 4001 1687 4077 ἦμεν
1720 4008 1777 4060 ἐν
1805 4008 1953 4060 άπαο

366 4101 497 4172 θείᾳ
545 4101 691 4155 κατά
716 4116 781 4168 γε
818 4100 882 4152 τὸ
915 4101 1025 4170 πρὸ
1060 4099 1157 4153 τοῦ
1192 4099 1646 4168 παραπτώματος
1677 4099 1737 4151 ἐν
1767 4102 1834 4169 τῇ
1859 4100 1958 4170 δη.

373 4191 645 4261 ⁸ιιουργίᾳ⁵
668 4191 937 4261 χάρισμα,
973 4190 1187 4251 οὐδενὸς
1220 4189 1288 4243 ἂν
1318 4189 1426 4242 τῶν
1453 4190 1512 4254 ἐξ
1543 4190 1792 4261 ἰατρικῆς
1817 4190 1955 4260 πρὸς

2046 3014 2207 3056 voces
2233 3000 2491 3056 exhibere
2523 3003 2619 3058 tibi
2663 3004 2923 3059 molestiae
2959 3004 3097 3058 nihil
3141 3004 3358 3059 debent.
3391 3004 3521 3059 Nam
3552 3006 3621 3059 de

2045 3091 2420 3163 Chrysostomi
2454 3097 2734 3150 sententia
2765 3110 2964 3166 corpus
2989 3095 3119 3149 illud
3147 3095 3213 3150 ab
3243 3096 3473 3150 interitu
3504 3107 3625 3150 erat

2047 3186 2333 3252 immune;
2372 3188 2543 3259 'quam
2596 3191 2663 3243 oh
2718 3203 2939 3243 causam
2973 3189 3170 3241 [nerito
3203 3188 3624 3258 incorruptibile
3700 3172 3701 3175 η

2049 3280 2267 3338 dicitur.
2300 3281 2505 3349 Quodsi
2526 3290 2640 3338 erat
2657 3279 3086 3351 incorruptibile,
3105 3280 3326 3349 planum
3353 3291 3434 3335 est
3460 3281 3622 3334 etiam

2051 3375 2356 3431 immortale
2387 3376 2575 3430 fuiSse.
2634 3373 2769 3428 Nam
2822 3387 2947 3426 cum
2993 3371 3165 3426 morbi
3210 3381 3375 3442 atque
3420 3383 3627 3427 mortes

2052 3473 2161 3520 tam
2212 3481 2280 3521 ex
2311 3445 2647 3521 abundantia
2678 3480 2841 3534 quam
2888 3462 3106 3539 delectu
3146 3470 3381 3532 quatuor
3434 3462 3629 3515 humo-

2052 3572 2171 3611 rum
2235 3558 2366 3613 oriri
2416 3558 2825 3623 consueverint,
2862 3558 3197 3613 assentiente
3229 3555 3389 3608 nobis
3431 3553 3485 3607 in
3521 3554 3629 3609 hoc

2054 3648 2172 3719 ipso
2222 3649 2389 3704 etiam
2441 3651 2831 3722 Cbrysostotno
2861 3690 2876 3714 ,
2906 3657 2961 3704 et
3010 3664 3139 3703 vero
3180 3664 3378 3718 corpus
3433 3647 3630 3702 Λύδηιί

2049 3753 2249 3809 expers
2297 3740 2649 3797 atl‘ectionum
2702 3739 2906 3803 fuerit,
2957 3740 3147 3795 eodem
3206 3739 3367 3793 modo
3416 3740 3627 3795 scilicet

2055 3829 2311 3885 allectum
2366 3846 2629 3901 perpetuo
2691 3831 2824 3903 (non
2893 3832 3040 3885 enim
3122 3830 3484 3885 mutationem
3548 3830 3633 3885 υι-

2055 3922 2161 3975 lam
2204 3921 2567 3987 admittebat,
2629 3922 2773 3991 quod
2844 3921 2899 3975 in
2957 3921 3116 3975 nobis
3171 3922 3465 3976 usuvenire
3512 3938 3632 3977 cer-

2056 4013 2259 4077 nimus,
2316 4022 2571 4082 tanquam
2639 4029 2802 4082 supra
2858 4026 3050 4066 omnes
3111 4011 3427 4067 all'ectiones
3478 4014 3630 4081 posi-

2059 4103 2196 4173 tum)
2226 4144 2241 4170 ,
2302 4105 2653 4173 perspicuum
2711 4118 2940 4173 prorsus
3009 4111 3093 4156 est
3134 4102 3296 4157 etiam
3324 4105 3633 4179 particeps

2062 4194 2488 4250 immortalitatis
2560 4195 2767 4261 fuisse,
2829 4180 3286 4265 quemadmodum
3320 4196 3431 4267 jani
3493 4195 3634 4251 mul-

370 4284 738 4365 παραμυθίαν
771 4283 1101 4354 ἐχρῄζομεν.
1126 4300 1145 4334 ι
1176 4282 1353 4353 Εἴπερ
1387 4281 1477 4335 οὖν
1507 4283 1566 4335 ἐν
1596 4285 1663 4354 τῇ
1690 4282 1947 4353 δημιουρ-

2066 4287 2225 4341 toties
2265 4296 2348 4340 est
2390 4284 2727 4351 indicatum;
2767 4296 2822 4341 et
2866 4282 3037 4340 fuisse
3082 4285 3357 4341 hominem
3396 4288 3465 4341 ‘id
3501 4297 3637 4343 tem-

368 4378 477 4448 -ιία
507 4380 757 4448 χάρισμα
779 4371 893 4445 εἶχε
923 4376 1034 4446 πρὸ
1061 4375 1157 4427 τοῦ
1186 4374 1638 4444 παραπτώματος
1684 4373 1961 4438 ἀπαθείας

371 4475 403 4524 ὁ
432 4471 745 4539 ἄνθρωπος,
776 4468 893 4531 πῶς
945 4467 1195 4534 εἴπωμεν
1228 4467 1330 4536 οἴῳ
1360 4466 1422 4536 δή
1455 4484 1563 4520 τινι
1595 4467 1811 4537 φυσικῷ
1840 4466 1955 4537 7πά-

373 4565 467 4616 θει
508 4561 868 4634 περιπίπτειν
909 4561 1075 4615 αὑτὸν
1101 4562 1158 4613 ἐν
1185 4558 1263 4630 τῷ
1294 4560 1393 4629 τῆς
1430 4558 1707 4622 ἀπαθείας
1735 4559 1915 4630 καιρῷ
1943 4577 1957 4625 ;

386 4655 560 4709 Ἀλλὰ
591 4655 689 4707 καὶ
726 4656 756 4707 ό
785 4653 963 4725 μέγας
994 4651 1248 4721 Μάξιμος
1267 4652 1337 4703 τὰ
1368 4649 1519 4719 πάθη
1547 4651 1747 4714 ταῦτα,
1778 4650 1959 4721 λύπην

375 4749 579 4819 ἡδονὴν
625 4745 925 4815 ἐπιθυμίαν
977 4744 1076 4798 καὶ
1129 4742 1232 4795 ὅσα
1282 4742 1417 4796 ἄλλα
1445 4740 1692 4808 τοιαῦτα,
1718 4741 1839 4813 άτῇ
1870 4744 1961 4793 άν-

376 4841 641 4917 θρωπκίνῃ
672 4839 834 4907 φύσει
869 4837 1135 4907 πρόσεστι
1170 4838 1436 4906 τήμερον,
1474 4838 1537 4887 ὲκ
1576 4836 1675 4904 τῆς
1704 4835 1813 4888 τῶν
1836 4835 1962 4887 ἀλό-

372 4951 501 5001 γων
548 4931 702 4999 ἔλεγε
736 4930 930 5001 μοίρας
984 4928 1077 4979 ἐπὶ
1124 4926 1218 4980 τὸν
1268 4926 1558 4996 ἄνθρωπον
1608 4927 1958 4995 εἰσδραμεὶνο

379 5021 581 5090 ἐπειδὴ
615 5020 725 5090 γὰρ
760 5016 1101 5089 ὁμοιωθῆναι
1149 5014 1520 5085 κατεδικάσθη
1572 5018 1687 5079 τοῖς
1711 5016 1964 5084 ἀνοήτοις

379 5116 617 5186 κτήνεσι
662 5113 808 5168 κατά
834 5111 1070 5177 γένεσιν,
1106 5109 1320 5162 ἐκεῖθεν
1360 5107 1422 5172 ἐξ
1467 5108 1717 5179 ἀνάγκης
1751 5109 1848 5161 καὶ¹
1895 5108 1963 5161 τὸ.

380 5210 544 5278 πάθη
579 5208 753 5261 ταῦτα
809 5204 945 5276 πρὸς
1005 5201 1199 5256 ἑαυτὸν
1251 5202 1625 5254 ἐπεσπάσατο.
1685 5199 1820 5252 Οὐδὲ
1854 5201 1964 5270 γὰρ

382 5299 824 5372 προηγουμένως
862 5292 1185 5363 ωνεκτίσθη
1218 5292 1393 5344 ταῦτα
1424 5291 1503 5361 τῷ
1522 5290 1821 5362 ἀνθρώπῳ,
1864 5309 1966 5346 κα..

378 5394 499 5455 θὼς
517 5394 548 5446 ό
570 5391 711 5453 θεῖος
741 5381 896 5448 οὗτος
926 5384 1066 5455 ἀνὴρ
1098 5384 1156 5436 ὲν
1194 5384 1309 5445 τοῖς
1333 5381 1474 5452 πρὸς
1510 5381 1823 5435 Θαλάσσιον
1850 5383 1966 5435 ἕλε-

380 5504 513 5557 τεν,
543 5484 634 5539 διὰ
655 5483 712 5535 δὲ
738 5482 838 5551 τὴν
872 5481 970 5548 τῆς
998 5475 1343 5543 τελειότητος
1361 5472 1642 5528 ἔκπτωσιν
1667 5474 1964 5543 ὑπεισῆλθε

380 5578 473 5646 τῷ
510 5570 844 5642 άλογωτέρῳ
896 5568 1055 5639 μέρει
1110 5564 1464 5636 πρωφυέντα
1495 5565 1596 5636 τῆς
1626 5563 1867 5633 φύσεως.
1899 5568 1963 5622 El

719 5667 991 5727 Ριτιιοι,
1038 5665 1151 5723 Gn.
1198 5660 1453 5725 CLVIII.

2061 4379 2214 4448 poris
2260 4393 2426 4447 supra
2475 4392 2667 4432 omnes
2722 4377 3045 4449 aﬂectiones
3099 4380 3357 4449 positum,
3407 4380 3636 4450 magnus

2061 4468 2152 4523 ille
2174 4467 2405 4523 Basilius
2434 4467 2487 4521 in
2521 4467 2778 4521 Ascett‘cis
2809 4468 2922 4522 suis
2948 4469 3184 4523 ostendit
3211 4468 3299 4523 ubi
3324 4467 3390 4523 ad
3409 4471 3634 4524 verbum

2064 4560 2177 4615 haec
2194 4568 2448 4614 exstant:
2479 4559 2979 4627 «Quemadmodum
3000 4557 3110 4629 95
3138 4559 3180 4613 si
3202 4574 3447 4614 essemus
3466 4559 3517 4613 in
3538 4576 3637 4631 pa-

2063 4651 2244 4706 radiso
2274 4651 2612 4716 deliciarum,
2645 4667 2754 4705 nou
2789 4651 2873 4705 vel
2919 4651 3363 4706 consideratione
3415 4651 3502 4706 vel
3553 4652 3634 4705 Ia-

2065 4746 2195 4809 bere
2234 4742 2609 4815 agricultionis
2655 4726 3046 4813 indigeremus,
3080 4742 3151 4796 ita
3198 4742 3242 4796 si
3293 4734 3543 4798 essemus
3581 4744 3638 4798 in

2064 4844 2208 4893 Statu
2239 4836 2591 4889 aﬂectionum
2623 4838 2869 4903 experte,
2903 4833 3200 4888 secundum
3229 4829 3375 4887 illam
3407 4826 3637 4905 gratiam

2064 4941 2186 4995 quae
2216 4927 2375 4981 nobis
2404 4936 2523 4982 erat
2556 4934 2682 4980 ante
2717 4925 2929 4993 lapsum
2958 4924 3011 4978 in
3040 4927 3318 4979 creatiOue
3349 4940 3637 4991 concessa,

2064 5016 2201 5070 nihil
2238 5027 2355 5070 arte
2404 5018 2609 5072 medica
2665 5026 2920 5070 nostrum
2974 5015 3042 5069 ad
3092 5030 3251 5070 usum
3296 5032 3636 5087 egeremus»

2067 5108 2271 5174 Quodsi
2315 5124 2448 5179 ergo
2478 5112 2707 5179 gratiam
2763 5106 2906 5160 hanc
2946 5115 3075 5187 ante
3125 5107 3337 5177 lapsum
3381 5108 3435 5162 in
3492 5123 3646 5163 crea-

2069 5198 2221 5257 tione
2280 5201 2473 5255 habuit
2527 5201 2732 5264 homo,
2782 5215 2890 5268 quo
2939 5200 3156 5254 tandem
3236 5214 3332 5254 ore
3396 5201 3644 5256 dicemus

2067 5306 2192 5347 eum
2226 5290 2321 5345 ulli
2354 5289 2630 5346 allectioni
2667 5289 2899 5344 naturali
2932 5290 3231 5345 obnoxium
3279 5292 3329 5344 id
3385 5290 3645 5361 temporis

2069 5383 2261 5450 fuisse,
2318 5396 2445 5437 cum
2516 5378 2744 5451 prorsus
2801 5396 3001 5449 expers
3050 5381 3402 5435 aﬂectionum
3464 5363 3646 5435 foret?

2067 5478 2197 5545 quin
2226 5478 2390 5529 etiam
2422 5488 2651 5545 magnus
2686 5471 2774 5527 ille
2808 5472 3073 5527 Maximus
3110 5472 3428 5527 affectiones
3455 5473 3643 5537 hasce,

2068 5570 2410 5639 malitiam,
2456 5568 2810 5641 voluptatem,
2839 5566 3141 5638 appetitum
3194 5567 3436 5635 aliasque
3490 5565 3648 5639 tales,

3273 5662 3305 5722 7
