4062 6186
431 243 537 307 195
646 258 651 261 ’
1710 244 1962 305 MICHA;

2064 248 2128 305 lS
2166 247 2426 307 GLYCE
2618 276 2627 279 -
3552 246 3648 309 1ἷό

424 379 548 433 quae
581 362 741 416 hodie
771 362 957 418 insunt
980 360 1231 418 humanae
1262 369 1494 425 naturae,
1530 358 1596 414 de
1621 368 1767 418 sorte
1797 362 1961 419 bruto

2094 364 2150 417 δὲ
2180 363 2349 417 ταῦτα
2387 365 2556 426 οὕτως
2592 365 2729 432 ἔχει,
2769 363 2883 426 πῶς
2938 365 3180 434 εἴπωμεν
3210 363 3266 417 ιν
3299 362 3434 433 αὐτῇ
3464 365 3529 433 τῇ
3561 381 3645 416 τε·

423 470 546 509 rum
580 458 630 508 in
661 454 932 508 hominem
964 453 1248 509 translatas
1271 465 1390 505 esse
1429 451 1584 505 dicit.
1630 451 1962 523 Posteaquan

2072 450 2334 523 ’λειότητι
2367 454 2596 523 πάσχειν
2644 454 2781 517 ὅλως
2813 453 2904 506 τὸν
2947 454 3166 525 πρῶτον
3204 455 3410 507 ικετνον
3443 454 3647 522 ἀνθρωο

424 544 571 597 enim
606 542 1000 597 condemnatus
1042 551 1154 603 est,
1211 548 1268 593 ut
1322 547 1445 593 ortu
1497 538 1674 593 brutis
1715 542 1978 609 jumentis
2088 560 2225 608 nov;

423 636 723 693 consimilis
775 636 865 700 sit,
913 632 1229 687 necessario
1268 646 1487 699 quoque
1524 632 1661 687 tales
1740 634 2059 690 aﬂectiones
2100 636 2226 690 inde
2257 647 2449 691 nactus
2480 646 2582 693 est.
2635 636 2754 692 Non
2789 638 2932 693 enim
2965 638 3066 692 illa:
3090 636 3242 706 prius
3274 645 3429 691 erant
3461 635 3515 688 in
3545 636 3677 690 ho-‘

422 732 567 785 mine
637 731 888 791 conditae,
940 728 1399 797 quemadmodum
1452 726 1671 782 divinus
1739 728 1830 783 hic
1874 729 1957 783 vir
1994 731 2046 783 in
2089 731 2155 785 iis
2185 746 2305 801 quae
2339 732 2404 786 ad
2432 731 2777 788 Thalassium
2811 732 3029 801 scripsit
3062 732 3261 799 inquit.
3293 729 3387 784 sed
3425 738 3649 798 propter

420 821 765 875 amissionem
799 817 1148 887 perfectionis
1172 817 1357 871 furtim
1382 816 1529 872 velut
1553 817 1810 890 ingressae
1832 827 1980 882 sunt,
2021 820 2158 889 parti
2190 829 2399 875 natura:
2461 832 2669 875 nostra
2737 820 2909 890 magis
2954 820 3234 888 aliquanto
3264 820 3434 873 brutae
3471 818 3648 871 adhic-

422 920 714 969 rescentes.
747 910 877 976 Quae
905 928 1028 966 cum
1070 913 1142 965 ita
1212 912 1341 975 sint,
1389 912 1482 982 qui
1527 911 1775 968 dicemus
1820 912 1874 968 in
1947 914 2061 984 ipsa
2100 915 2433 985 perfectione
2489 915 2725 985 primum
2762 915 2936 970 illum
2992 914 3269 969 hominem
3340 909 3645 982 huiusmodi

414 1006 711 1077 quidquam
746 1018 1065 1075 perpessum
1092 1003 1251 1058 esse?

478 1198 825 1266 QuaprOpter
860 1192 1048 1248 multis
1087 1192 1199 1262 jam
1248 1190 1699 1247 demonstratum
1736 1200 1825 1249 est
1851 1202 1981 1249 ante

411 1287 900 1355 transgressionem
951 1283 1083 1338 nulli
1134 1297 1362 1352 prorsus
1416 1284 1695 1339 affectioni
1745 1288 1979 1341 naturali

413 1379 688 1434 hominem
736 1374 1033 1430 obnoxium
1074 1373 1285 1438 fuisse,
1318 1383 1376 1429 ut
1418 1376 1510 1444 qui
1558 1390 1832 1432 concessa:
1884 1392 1981 1446 per

412 1471 639 1540 gratiam
689 1467 1109 1523 immortalitatis
1142 1466 1368 1521 minime
1399 1464 1566 1522 fuerit
1607 1482 1827 1538 expers.
1860 1467 1980 1535 Quo

411 1564 593 1632 posito
628 1560 721 1629 qui
772 1557 884 1628 pati
921 1558 1004 1612 vel
1052 1556 1196 1612 afﬁci
1242 1557 1457 1627 potuit?
1506 1557 1641 1614 Nam
1689 1560 1736 1614 si
1786 1574 1980 1629 passus

410 1662 515 1715 est,
546 1650 709 1705 etiam
749 1647 1062 1703 necessario
1109 1658 1360 1702 naturam
1402 1649 1688 1705 mortalem
1725 1666 1789 1706 ac
1840 1652 1981 1707 inte-

412 1740 540 1794 ritui
565 1738 857 1793 obnoxiam
892 1735 1146 1791 habebat.
1179 1736 1469 1792 Enimvero
1511 1754 1582 1795 ne
1610 1740 1713 1795 hac
1746 1740 1801 1794 in
1829 1749 1981 1810 parte

2150 1193 2430 1248 Δέδεικται
2465 1187 2558 1246 οὖν
2588 1193 2653 1245 ἐκ
2692 1190 2904 1245 πολλῶν
2956 1190 3053 1244 δτι
3094 1191 3201 1261 πρὸ
3252 1190 3352 1260 τῆς
3392 1190 3643 1259 παραϐά·

2080 1300 2217 1345 σεως
2235 1283 2330 1353 οῐῳ
2350 1282 2415 1352 δή
2444 1299 2553 1334 τινι
2586 1282 2799 1351 φυσικῷ
2840 1282 2937 1351 οὐχ
2980 1280 3239 1334 ὑπέκειτο
3288 1281 3451 1334 πάθει
3484 1284 3510 1333 ό
3539 1281 3635 1334 άν-

2078 1375 2318 1444 θρωπος,
2355 1374 2452 1427 ᾶτε
2504 1372 2567 1441 δὴ
2627 1374 2728 1440 τῆς
2774 1372 2919 1426 κατὰ
2976 1372 3138 1442 χάριν
3195 1368 3496 1434 ἀθανασίας
3542 1373 3641 1424 οὐκ

2081 1469 2348 1539 ἀμοιρῶν.
2385 1470 2448 1521 El
2488 1468 2545 1520 δὲ
2590 1466 2771 1530 τοῦτο,
2827 1466 2942 1530 πῶς
2976 1456 3250 1536 ἔπασχενς
3281 1466 3329 1518 si
3365 1464 3470 1533 γάρ
3512 1464 3641 1516 ἔπα-

2079 1579 2225 1630 σχεν,
2260 1560 2357 1613 καὶ
2401 1543 2601 1630 θνητῆς
2647 1560 2713 1613 ἂν
2764 1559 2820 1625 ἐξ
2871 1559 3116 1629 ἀνάγκης
3179 1558 3398 1625 φύσεως
3447 1551 3517 1626 ἦν
3546 1559 3640 1609 καὶ

2078 1652 2345 1723 φθαρτῆς.
2402 1651 2545 1704 Ἀλλ’
2586 1652 2737 1721 ἡμᾶς
2800 1651 2944 1705 οὕτω
3009 1653 3228 1731 φρονεῖν
3286 1651 3380 1703 ἐπὶ
3428 1651 3637 1717 τούτοις

2077 1743 2277 1813 κωλύει
2333 1742 2433 1812 μὲν
2484 1742 2578 1795 καὶ
2608 1744 2639 1796 ό
2664 1742 2773 1796 τῶν
2814 1741 3222 1810 διαληφθέντων
3243 1742 3418 1809 ἁγίων
3452 1740 3639 1812 χορὸς,

410 1828 490 1883 sic
533 1827 854 1889 sentiamus,
902 1842 1011 1883 non
1056 1826 1219 1881 modo
1252 1838 1567 1882 sanctorum
1623 1829 1901 1884 hominum
1947 1845 1962 1882 ε

2080 1836 2280 1889 κωλύει
2330 1835 2385 1888 δὲ
2418 1834 2580 1887 πλέον
2622 1833 2718 1887 καὶ
2744 1834 2776 1903 ἡ
2807 1834 2865 1886 ὲν
2900 1832 3226 1903 Καρθαγένῃ
3268 1834 3511 1885 συστᾶσα
3543 1832 3637 1886 σύ-

409 1918 571 1975 nobis
600 1917 959 1972 iudicatorum
992 1926 1169 1972 cmtus
1201 1926 1367 1983 vetat,
1408 1919 1505 1974 sed
1538 1920 1701 1975 etiam
1736 1920 1976 1991 synodus

410 2010 498 2065 ilia
527 2022 647 2077 qua:
674 2006 1308 2078 Carthagineconvenit.
1332 2009 1468 2080 Ejus
1493 2010 1639 2064 enim
1669 2010 1785 2067 haec
1811 2012 1974 2067 verba

408 2110 559 2166 sunt,
593 2114 804 2155 canone
848 2100 989 2153 109:
1032 2116 1051 2149 ι
1088 2098 1143 2151 Si
1179 2098 1303 2168 quis
1330 2098 1461 2154 dicit
1489 2099 1762 2154 Adamum
1792 2115 1822 2154 a
1860 2100 1972 2158 Deo

409 2189 690 2246 conditum
723 2202 847 2243 esse
890 2186 1174 2241 mortalem
1220 2200 1285 2240 ac
1354 2202 1464 2241 non
1512 2196 1638 2256 post
1689 2199 1972 2258 peccatum

410 2283 718 2352 prolapsum
762 2292 883 2334 esse
924 2280 982 2333 in
1030 2278 1332 2344 interitum,
1362 2278 1728 2335 exsecrabilis
1767 2290 1907 2337 esto.
1947 2300 1967 2335 ι

407 2373 529 2440 Quo
574 2369 634 2426 fit
666 2376 740 2424 .ut
790 2368 1014 2424 minime
1060 2367 1197 2422 mihi
1243 2368 1331 2422 vel
1376 2370 1672 2426 convenite
1712 2373 1794 2426 vel
1823 2372 1971 2441 pium

406 2480 529 2521 esse
572 2463 827 2519 videatur
876 2462 942 2515 ad
991 2461 1401 2537 convellendum
1442 2462 1582 2518 hanc
1642 2467 1969 2521 sententiam

404 2557 648 2630 Gregorii
672 2556 905 2626 theologi
928 2554 1091 2609 verba
1119 2554 1438 2623 producere.
1476 2556 1792 2628 Quanquam
1819 2561 1966 2615 enim

405 2652 455 2706 is
487 2649 672 2705 dicere
706 2647 923 2701 videtur
958 2645 1235 2702 hominem
1268 2647 1422 2701 illum
1446 2649 1756 2720 principem
1801 2651 1967 2709 fuisse

405 2753 681 2798 terrenum
706 2755 954 2809 corpore,
968 2739 1243 2795 caelestem
1258 2740 1746 2805 animo,caducnm
1767 2744 1880 2814 pari
1907 2759 1969 2799 er

402 2843 459 2888 et
503 2832 888 2895 immortalem,
914 2832 1302 2901 aspectabilem
1333 2841 1388 2887 et
1427 2832 1823 2898 intellectilem,
1852 2850 1967 2891 me-

406 2925 558 2980 dium
598 2925 748 2979 inter
773 2921 1206 2995 magnitudinem
1232 2932 1290 2979 et
1308 2923 1694 2989 humilitatem,
1712 2926 1966 2983 eumdem

402 3026 510 3069 tam
536 3013 795 3084 spiritum
826 3028 989 3083 quam
1037 3029 1282 3080 carnem.
1312 3016 1564 3084 spiritum
1597 3025 1821 3086 propter
1848 3032 1970 3088 gra~

403 3104 555 3169 tiam,
583 3116 808 3158 carnem
852 3102 926 3158 ob
955 3102 1295 3171 superbiam,
1333 3102 1467 3158 illud
1498 3103 1723 3172 quidem
1757 3114 1814 3158 ut
1847 3120 1965 3158 ma-
2004 3176 2009 3179 _

2080 1922 2228 1989 νοδος
2280 1928 2338 1978 ὲν
2397 1923 2672 1990 ἑκατοστῷ
2706 1923 2913 1993 ὲννὰτῳ
2940 1924 3128 1976 κανόνι
3160 1923 3330 1991 αὐτῆς
3370 1923 3511 1974 οῦῑω
3552 1922 3640 1974 λέ-

2076 2033 2247 2085 γουσα
2269 2032 2284 2047 ·
2323 2034 2342 2067 ι
2371 2017 2435 2069 Et
2465 2032 2549 2077 τις
2590 2014 2740 2081 λέγει
2771 2013 2862 2067 τὸν
2899 2013 3069 2082 Ἀδὰμ
3118 2012 3305 2080 θνητὸν
3332 2011 3637 2079 πλασθῆναι

2076 2110 2229 2179 ποιρά
2256 2107 2391 2161 Θεοῦ
2439 2105 2533 2161 καὶ
2585 2108 2662 2177 μὴ
2713 2104 2853 2174 μετά
2910 2104 3010 2175 τὴν
3040 2105 3315 2175 ἁμαρτίαν
3349 2102 3521 2157 ἐλθεῖν
3555 2105 3636 2166 εις

2075 2199 2307 2269 φθοράν,
2341 2198 2454 2267 ἤτω
2486 2196 2755 2264 ἀνάθεμα.
2782 2211 2803 2242 ι
2854 2195 3037 2266 Ταύτῃ
3086 2212 3169 2248 τοι
3214 2194 3307 2250 καὶ
3356 2194 3639 2266 παράγειν

2073 2288 2310 2346 ενταῦθα
2338 2289 2430 2343 τὸν
2467 2286 2713 2356 θεολόγον
2736 2286 3035 2359 Γρηγόριον
3061 2285 3163 2340 οὐκ
3190 2285 3465 2356 εὐπρεπὲς
3498 2286 3635 2356 ἡμῖν

2072 2384 2192 2438 οὐδὲ
2219 2382 2367 2437 ὅσιον
2415 2380 2641 2452 ἥγηται.
2672 2380 2737 2432 El
2769 2379 2878 2448 γὰρ
2903 2377 2995 2430 καὶ
3024 2376 3204 2444 λέγειν
3236 2359 3390 2428 ιοικὲ
3413 2374 3504 2428 τδν
3535 2375 3632 2428 ἀπ’

2072 2476 2247 2545 ἀρχῆς
2289 2472 2578 2543 ἄνθρωπον
2625 2471 2872 2538 ἐπίγειον
2900 2464 3042 2524 εἶναι
3072 2468 3133 2522 τὸ
3158 2468 3320 2538 σῶμα
3344 2468 3439 2521 καὶ
3471 2469 3633 2536 οὐρά-

2073 2582 2184 2618 νιον
2224 2563 2323 2635 τὴν
2373 2562 2569 2635 ψυχῇι,
2594 2561 2929 2632 πρόσκαιρον
2963 2560 3165 2632 ὁμοίως
3200 2559 3296 2614 καὶ
3341 2559 3628 2622 ἀθάνατον,

2071 2656 2269 2728 ὁρατὸν
2318 2655 2414 2709 καὶ
2459 2651 2774 2723 νοούμενον,
2808 2651 2978 2722 μέσον
3026 2650 3291 2722 μεγέθους
3317 2652 3410 2705 καὶ
3442 2667 3631 2704 ταπειο

2071 2736 2315 2816 νότητοςέ
2341 2742 2560 2813 πνεῦμα
2590 2743 2686 2797 καὶ
2735 2741 2910 2811 σάρκα
2945 2740 3037 2794 τὸν
3083 2741 3268 2808 αὐτὸν,
3312 2740 3374 2794 τὸ
3416 2742 3516 2810 μὲν
3546 2741 3631 2794 ἴνα

2072 2836 2210 2907 μένῃ
2237 2835 2330 2888 καὶ
2355 2833 2551 2904 δοξάζῃ
2574 2834 2666 2886 τὸν
2688 2831 3004 2903 εὐεργέτην,
3033 2832 3095 2884 τὸ
3122 2831 3178 2884 δὲ
3212 2830 3299 2885 ἵνα
3325 2831 3513 2902 πάσχῃ
3534 2829 3629 2883 καὶ

2070 2926 2293 2997 πάσχων
2328 2923 2818 2995 ὑπομιμνήσκηται
2865 2923 2961 2976 καὶ
2991 2913 3314 2991 παιδεύηται
3347 2921 3427 2991 τῷ
3454 2922 3617 2993 μεγέ-

2067 3016 2152 3070 Oet
2188 3012 2660 3086 φιλοτιμούμενος,
2696 3010 2810 3067 ἀλλ’
2849 3012 2948 3083 οὑχ
2977 3010 3122 3066 οὕτω
3165 3010 3313 3066 δοκεῖ
3336 3012 3467 3079 περὶ
3504 3010 3628 3063 1:06-

2065 3124 2158 3162 του
2209 3108 2512 3181 καὶηήμτν,
2547 3102 2632 3159 ὅτι
2681 3104 2819 3176 μηδὲ
2865 3106 2933 3158 τά
2979 3104 3102 3157 θεῖα
3147 3100 3321 3157 ταῦτα
3350 3092 3493 3172 mea
3527 3101 3628 3153 τοῦ

400 3204 528 3248 neat
570 3207 844 3262 suumque
873 3193 1278 3248 benefactoi-em
1306 3193 1564 3260 celebret,
1601 3194 1705 3248 hoc
1741 3209 1870 3250 vero
1902 3204 1961 3250 ut

2066 3200 2283 3270 πρῶτον
2335 3199 2496 3270 χάριν
2540 3190 2828 3268 ἀνθρώπου
2865 3195 3118 3266 λελέχθαι
3150 3194 3464 3266 νομίζομεν.
3499 3193 3623 3256 Πῶς

401 3283 634 3351 patiatur
658 3296 721 3335 ac
748 3280 960 3350 patiens
992 3283 1375 3337 cornmoneilat
1395 3292 1727 3355 propterque
1749 3285 1960 3356 magni-

400 3373 647 3427 tudinem
677 3378 995 3441 arroganter
1020 3371 1123 3425 sibi
1164 3360 1389 3441 plaeens
1418 3373 1717 3443 castigetur
1744 3391 1807 3430 ac
1831 3391 1959 3429 cru--

397 3466 601 3528 diatur,
632 3476 744 3515 non
780 3471 961 3516 tamen
996 3461 1068 3516 ita
1106 3477 1208 3517 nos
1240 3466 1588 3519 statuendum
1617 3479 1738 3521 esse
1764 3480 1960 3523 cense-

400 3569 543 3624 mus,
564 3546 783 3624 quando
809 3551 992 3615 dit’ina
1024 3551 1172 3607 istzec
1201 3553 1360 3607 verba
1390 3569 1727 3624 nequaquam
1759 3557 1959 3612 debere

308 3704 309 3707 η
398 3647 633 3715 primum
656 3643 725 3698 ad
751 3642 1026 3699 hominem
1055 3643 1245 3699 referri
1273 3645 1667 3703 existimamus.
1680 3645 1784 3713 Qui
1813 3649 1957 3703 enim

401 3741 501 3793 hoc
531 3737 847 3795 faciamus?
874 3751 998 3791 cum
1028 3737 1341 3808 theologum
1386 3737 1563 3809 ipsum
1610 3738 1739 3795 alibi
1769 3740 1959 3796 audia-

399 3844 518 3883 mus
554 3828 621 3882 ad
656 3827 880 3882 verbum
914 3826 985 3880 ita
1025 3827 1371 3896 loquentem:
1405 3820 1519 3899 90
1549 3846 1570 3879 ι
1606 3829 1960 3900 Quandoqui-

393 3920 515 3973 dem
567 3918 638 3973 ob
672 3916 927 3972 invidiam
978 3918 1173 3973 diaboli
1218 3932 1365 3972 mors
1405 3920 1648 3988 ingressa
1684 3930 1766 3976 est
1801 3937 1960 3975 mun—

392 4014 522 4066 dum
550 4009 935 4078 hominemque
955 4008 1079 4063 dolo
1107 4009 1555 4080 circumscripsit,
1583 4010 1786 4067 idcirco
1814 4010 1959 4071 Deus

397 4104 558 4156 homo
606 4100 780 4155 factus
809 4099 1061 4167 passione
1095 4108 1279 4152 nestra
1310 4110 1540 4154 vexatur
1568 4110 1623 4157 et
1650 4101 1904 4160 afficitur.
1932 4125 1950 4158 ι

394 4194 525 4259 Quae
566 4207 696 4248 sane
728 4196 892 4245 verba
954 4184 1284 4245 considerari
1346 4201 1552 4246 attente
1597 4196 1781 4262 cupio.
1822 4194 1955 4250 Nam

390 4287 435 4339 si
487 4299 671 4347 mors,
733 4281 810 4335 uti
884 4291 1070 4335 noster
1150 4281 1239 4335 hic
1312 4280 1613 4351 Theologus
1695 4284 1954 4354 loquitur,

394 4376 668 4427 hominem
744 4370 869 4425 dolo
944 4368 1372 4440 circumscripsit
1441 4380 1604 4441 atque
1670 4375 1951 4445 surripuit,

392 4462 619 4518 omnino
674 4464 820 4530 patet
849 4458 1191 4513 existimasse
1252 4459 1497 4514 divinqu
1548 4461 1695 4517 hunc
1768 4462 1944 4519 virum
1988 4514 1993 4530 λ

2062 3291 2193 3360 γὰρ,
2224 3290 2340 3357 εῐγε
2374 3289 2470 3344 καὶ
2506 3288 2708 3359 μᾶλλον
2740 3284 2906 3341 αὐτοῦ
2936 3285 3028 3339 τοῦ
3062 3284 3316 3353 θεολόγον
3369 3283 3631 3353 λέγοντος,

2061 3382 2296 3452 ἀλλαχοῦ
2372 3382 2513 3436 κατά
2602 3378 2749 3447 λέξιν
2805 3377 2981 3440 οὕτως
3026 3378 3374 3448 ἠκούσαμενο
3458 3376 3623 3429 «ἐπεὶ
3670 3382 3675 3387 ’

2060 3475 2115 3527 δὲ
2150 3473 2328 3542 φθόνῳ
2355 3472 2452 3526 τοῦ
2485 3470 2733 3524 διαϐόλου
2773 3470 3001 3533 θάνατος
3046 3471 3126 3533 εις
3172 3468 3267 3523 τὸν
3311 3469 3515 3539 κόσμον
3543 3470 3624 3521 εί-

2062 3560 2225 3629 σῆλθε
2275 3561 2367 3613 καὶ
2420 3559 2606 3628 ὕφεῖλε
2648 3558 2737 3612 διὰ
2780 3558 2879 3627 τῆς
2921 3556 3139 3628 ἀπάτης
3169 3558 3261 3610 τὸν
3310 3558 3619 3627 ἄνθρωπον,

2061 3650 2149 3702 διὰ
2187 3649 2346 3703 τοῦτο
2389 3650 2466 3718 τῷ
2513 3650 2767 3720 ἡμετέρῳ
2804 3649 2966 3703 πάθει
3011 3649 3143 3712 Θεὸς
3189 3649 3484 3718 γενόμενος
3529 3650 3621 3704 άν-

2061 3741 2306 3809 θρωπος.
2332 3759 2350 3791 ι
2406 3740 2566 3794 Ἀλλά
2616 3742 2904 3810 προσέχειν
2934 3740 3164 3793 ἐνταῦθα
3198 3741 3522 3810 παρακαλῶ.
3557 3744 3614 3793 Et

2059 3829 2167 3895 γάρ
2215 3824 2399 3893 ὐφεῐλε
2433 3824 2523 3876 τὸν
2566 3822 2879 3907 ἄνθρωπον,ι
2897 3820 2973 3888 ὡς
3005 3820 3312 3895 όΘεολόγος
3348 3826 3503 3896 φησὶ,
3533 3826 3619 3879 διὰ

2058 3918 2153 3987 τῆς
2187 3920 2403 3985 ἀπάτης
2457 3917 2485 3966 ό
2528 3911 2777 3979 θάνατος,
2807 3915 3055 3984 φαίνεται
3109 3916 3328 3975 πάντως
3380 3918 3464 3969 ὅτι
3516 3918 3622 3987 πρὸ

2057 4009 2157 4079 τῆς
2181 4007 2395 4077 ἀπάτης
2423 4007 2688 4061 ἀθάνατον
2709 4000 2822 4076 εἶχε
2852 4012 2991 4060 κατὰ
3019 4002 3079 4063 τὸ
3105 4000 3263 4075 σῶμα
3297 4004 3387 4059 τὸν
3407 4010 3619 4077 ἀνθρω-

2063 4114 2158 4151 πον
2183 4100 2210 4150 ὁ
2241 4095 2380 4161 θεῖος
2415 4090 2568 4159 οὗτος
2618 4097 2781 4166 ἀνήρ.
2809 4095 2877 4148 Ei
2932 4094 2990 4149 δὲ
3036 4096 3213 4163 τοῦτο,
3242 4088 3359 4160 πῶς
3396 4096 3578 4166 ἔλεγεν
3600 4114 3615 4127 ’

2063 4208 2083 4242 ι
2111 4189 2229 4243 Ἷνα
2251 4192 2436 4261 πάσχῃ
2470 4192 2562 4242 καὶ⁵
2589 4182 2812 4259 πάσχων
2850 4190 3338 4259 ύπομιμνήσκηται
3372 4184 3466 4242 καὶ
3495 4208 3622 4242 παι»

2055 4280 2311 4351 δεύητλις
2344 4299 2363 4333 ι
2404 4282 2475 4333 Τὸ
2506 4278 2613 4349 γὰρ
2646 4280 2913 4333 ἀθάνατον
2938 4280 3126 4350 οἷῳ⁸δὴ
3156 4290 3267 4333 τινι
3295 4282 3478 4349 τρόπῳ
3514 4280 3617 4334 πά-

2059 4374 2209 4440 σχειν
2232 4371 2291 4424 οὑ
2320 4370 2551 4437 πέφυκε.
2589 4370 2696 4421 Καὶ
2721 4368 2774 4421 τε
2802 4370 2906 4439 χρὴ
2947 4368 3113 4422 πολλά
3137 4368 3317 4437 λέγειν
3339 4388 3353 4434 ;
3390 4373 3500 4439 εἴτε
3526 4373 3622 4425 καὶ

2057 4460 2286 4516 πάθεσιν
2326 4462 2608 4514 ὑπόκυπτε
2646 4460 2753 4527 πρὸ
2786 4460 2885 4530 τῆς
2918 4458 3197 4531 ἁμαρτίας
3237 4462 3265 4512 ό
3308 4458 3616 4530 ἅνθρωπος,

391 4561 520 4607 ante
576 4550 823 4607 Fraudem
877 4549 1023 4603 illam
1079 4548 1329 4617 corporis
1369 4550 1530 4604 etiam
1578 4553 1788 4609 ratione
1850 4558 1947 4610 ho-

2064 4555 2152 4607 καὶ
2202 4551 2426 4622 ρευστὸς
2470 4548 2529 4617 ἐξ
2581 4523 2970 4621 ἀνάχκηςτῆνί
2996 4523 3052 4603 εί
3095 4549 3151 4603 δὲ
3188 4523 3425 4619 ’ῥευστὸξ
3474 4523 3622 4602 ὲκεῖέ

394 4648 595 4701 minem
672 4640 1032 4698 immortalem
1085 4639 1277 4693 fuisse.
1328 4640 1530 4704 Quodsi
1576 4643 1789 4707 demus.
1844 4660 1952 4715 quo

393 4738 612 4793 tandem
677 4742 832 4803 pacto
894 4729 1069 4785 dixit:
1112 4747 1130 4781 ι
1174 4728 1245 4783 Ut
1300 4732 1557 4798 patiatur,
1610 4746 1666 4789 et
1733 4736 1949 4805 patiens

390 4826 791 4887 commonebat,
811 4832 1138 4892 propterque
1170 4823 1596 4890 magnitudinem
1624 4810 1948 4897 arroganter

386 4920 486 4974 sibi
520 4920 738 4988 placens
759 4916 1053 4983 castigetur
1086 4927 1149 4966 ac
1183 4914 1500 4967 erudiatur?
1524 4934 1540 4965 ι
1567 4915 1777 4986 Quippe
1801 4919 1946 4987 quod

385 5025 468 5067 est
518 5008 846 5073 immortale,
882 5020 1226 5074 nequaquam
1257 5006 1333 5059 sic
1369 5017 1740 5076 comparatum
1773 5021 1859 5064 est
1890 5023 1949 5067 ut

278 5156 289 5169 ,
387 5105 495 5159 ullo
525 5102 685 5155 modo
711 5099 821 5168 pati
854 5097 1047 5165 possit.
1071 5097 1210 5162 Quid
1242 5097 1427 5151 multis
1450 5099 1624 5153 verbis
1658 5115 1795 5168 opus
1824 5102 1947 5155 est?

385 5199 430 5252 si
464 5193 809 5264 passionibus
842 5192 1003 5242 homo
1036 5188 1136 5241 fuit
1165 5198 1291 5242 ante
1332 5199 1619 5257 peccatum
1652 5189 1944 5259 obnoxius.

384 5285 548 5339 etiam
590 5279 902 5335 necessario
940 5276 1187 5346 sequitur
1239 5291 1365 5332 eum
1414 5279 1583 5334 fuisse
1632 5279 1837 5334 ﬂuxum
1894 5292 1949 5337 et

354 5374 649 5431 ’caducum
672 5388 687 5437 ;
710 5371 754 5424 si
791 5370 970 5424 ﬂuxus
1000 5378 1136 5433 erat,
1161 5370 1450 5437 perspicue
1482 5379 1629 5441 patet
1660 5374 1942 5428 mortalem

385 5480 601 5538 quoque
641 5464 846 5525 fuisse;
889 5460 933 5515 si
983 5470 1097 5513 erat
1148 5458 1392 5513 mortalis
1432 5460 1501 5514 ab
1545 5461 1723 5529 initio,
1780 5471 1946 5517 restat

385 5558 663 5613 interitum
708 5564 869 5622 atque
902 5563 1128 5604 mortem
1162 5566 1225 5603 cx
1271 5552 1639 5606 inobcdicntia
1678 5570 1785 5607 non
1824 5569 1946 5608 esse

385 5654 580 5704 artati).
628 5647 683 5700 ιιι
718 5661 865 5710 vero,
921 5658 1039 5695 mea
1068 5644 1286 5713 quidem
1336 5644 1611 5713 Opinione,
1666 5661 1946 5699 nemora-

2058 4660 2168 4707 νος,
2193 4640 2415 4711 εῦὸηλον
2442 4641 2521 4695 ὅτι
2549 4640 2642 4693 καὶ
2665 4641 2875 4709 θνητός.
2907 4640 2968 4693 Εἰ
2998 4640 3052 4693 δὲ
3101 4641 3292 4710 θνητὸς
3318 4640 3411 4694 ἀπ’
3439 4641 3616 4710 ἀρχῆς

2056 4729 2146 4803 ἦν,
2175 4733 2235 4785 ού
2266 4732 2353 4785 διὰ
2390 4731 2676 4801 παρακοῆς
2706 4731 2945 4801 λοιπδνῆ
2978 4749 3035 4783 τε
3071 4731 3248 4801 φθορὰ
3279 4735 3372 4784 καὶ
3402 4732 3430 4783 ό
3454 4733 3616 4784 θάνα-

2058 4843 2168 4886 τος.
2216 4823 2353 4875 Ἀλλ’
2389 4825 2487 4875 οὑκ
2515 4823 2600 4888 ἂν,
2645 4823 2719 4884 ὡς
2745 4817 2921 4892 οἶμαι,
2953 4822 3111 4876 τοῦτο
3142 4826 3287 4877 sinat
3328 4840 3408 4886 τις
3470 4826 3619 4891 107b-

2065 4918 2203 4988 σμοῦ
2234 4915 2420 4985 κύριος
2459 4914 2553 4969 ὢν.
2585 4915 2704 4979 ιΙῶς
2732 4914 2861 4984 γάρ,
2885 4914 2999 4982 εἴγε
3027 4918 3120 4968 καὶ
3148 4917 3446 4984 ἀναθέματι
3485 4917 3613 4977 τοὺς

2051 5008 2193 5061 οὕτω
2219 5007 2546 5077 φρονοῦντας
2589 5010 2621 5075 ἡ
2655 5006 3015 5076 διαληφθεῖσα
3043 5008 3448 5062 καθυποὸάλλει
3474 5005 3610 5075 ἁγία

2056 5097 2293 5160 σύνοδος
2319 5096 2531 5159 Ἀλλως
2553 5112 2611 5148 τε
2641 5098 2689 5148 εἰ
2720 5097 3056 5167 πρόσκαιρον
3082 5093 3219 5151 εἶναι
3252 5098 3354 5165 πρὸ
3380 5100 3477 5165 τῆς
3510 5116 3616 5146 πσ-

2053 5189 2335 5259 ραὸάσεως
2381 5188 2516 5258 ᾧετο
2568 5190 2659 5241 τὸν
2695 5187 2888 5257 Ἀδάμ,
2942 5190 3056 5253 πῶς
3096 5191 3259 5241 αὐτὸν
3289 5191 3379 5242 ἐπὶ
3432 5189 3614 5258 κέρδει

2052 5280 2233 5333 λαϐεῖν
2265 5279 2418 5346 ἔλεγε
2463 5280 2551 5331 τὸν
2594 5278 2821 5333 θάνατον
2850 5277 3114 5348 ῦστερον;
3164 5280 3250 5332 ἴνα
3295 5282 3401 5349 γάρ
3440 5282 3513 5347 μὴ
3544 5279 3612 5328 τὸ

2051 5371 2219 5423 κακὸν
2244 5368 2508 5424 ἀθάνανον
2538 5365 2593 5440 ᾖ,
2622 5367 2707 5422 διὰ
2736 5367 2889 5421 τοῦτό
2918 5385 3050 5438 φησι
3080 5369 3294 5440 θανάτῳ
3314 5370 3404 5421 τὸν
3438 5362 3614 5434 Ἀδὰμ

2051 5460 2473 5532 συγχωρηθῆναι
2514 5462 2718 5512 πεσεῖν.
2777 5461 2944 5513 Ἀλλά
2992 5462 3267 5514 κάνταῦθα
3316 5464 3613 5528 προσέχειν

2049 5553 2215 5618 ἄξιον.
2248 5552 2501 5603 Φαίνεται
2537 5552 2644 5618 γὰρ
2672 5550 2756 5603 ὃτι
2789 5552 2895 5621 πρὸ
2918 5554 3014 5620 τῆς
3045 5552 3320 5618 ἁμαρτίας
3341 5553 3368 5601 ὁ
3396 5549 3610 5615 ἀνθρω-

2051 5660 2145 5703 πος
2179 5643 2443 5703 ἀθάνατος
2478 5637 2566 5711 ἦν,
2589 5642 2708 5693 ἐπεὶ
2744 5641 2854 5704 πῶς
2881 5639 3143 5694 ἀθάνατον
3185 5642 3374 5710 ἔμελλε
3408 5641 3601 5706 μεῖναι

4006 4874 4007 4911 1

4004 4944 4005 4997 1

4000 5024 4003 5083 1

4000 5106 4001 5169 1

3996 5300 3997 5341 1

3994 5358 3995 5427 1

3990 5558 3991 5601 1

3988 5640 3989 5687 1

3986 5730 3987 5773 1

3984 5816 3985 5859 1

3982 5882 3983 5945 1

3980 5970 3981 6031 1

3978 6044 3979 6112 1
