4062 6186
447 339 538 403 201

1704 353 1993 414 ANNALI
2008 354 2117 414 ΟΜ
2162 355 2357 415 PARS
2400 355 2447 415 Ι.

3583 354 3690 418 ῗθὶ

441 454 581 513 nigror
614 459 713 528 μὲν
742 459 935 527 οὕτως,
962 462 990 514 6
1017 460 1074 515 δὲ
1106 462 1379 529 θειότατος
1411 465 1711 538 Γρηγόριος
1740 470 1768 522 ὁ
1795 468 2009 538 Νύσσης

2120 478 2275 524 runt.
2307 467 2538 539 Nysscni
2571 475 2752 521 autem
2789 466 3061 538 Gregorii
3102 466 3357 535 leguntur
3404 463 3522 517 hnc
3570 466 3689 534 ips'l

443 549 577 604 οὖσι-ω
620 551 761 604 κατὰ
809 550 959 621 ῥῆμα
1006 552 1287 620 διέξεισιν,
1332 556 1412 608 ὅτι
1454 556 1516 609 τὸ
1561 559 2011 629 ἀπηγορευμένον

442 642 611 692 ἐκεῖνο
647 643 707 710 τῇ
742 640 945 710 βρώσει
976 642 1131 709 ξύλον
1160 645 1283 699 οὔτε
1319 648 1517 716 συκῆν,
1542 648 1617 711 ὣς
1646 651 1791 713 τινές
1823 666 2010 718 φασιν,

445 732 561 785 οὔτε
590 750 645 786 τι
672 733 782 787 τῶν
814 735 1130 806 ἀκροδρύων
1160 736 1345 809 ἕτερον
1377 734 1518 793 εἶναι
1550 742 1914 811 πεπείσμεθα.
1948 742 2010 797 Et

444 827 546 895 γὰρ
581 825 674 878 καὶ
709 827 836 896 περὶ
860 826 1130 898 βρώσεως
1170 831 1438 900 αἰσθητῆς
1479 833 1710 888 ἐνταῦθα
1744 835 1894 887 δοκεῖ
1925 835 2012 887 λέ-

442 933 555 983 γειν
583 918 610 971 6
651 917 884 988 θεόπτης
922 920 1162 988 Μωσῆς,
1194 921 1308 976 ἀλλ’
1335 922 1481 991 ἐγὼ,
1515 926 1648 993 φησὶ
1668 967 1682 990 ,
1714 927 1811 995 τῆς
1852 926 2011 994 ἁγίας

442 1009 647 1061 ἁκούων
673 1009 894 1080 Γραφῆς
920 1012 981 1065 ού
1013 1012 1175 1082 μόνον
1201 1016 1517 1086 σωματικὴν
1542 1016 1841 1086 ἐπίσταμαι
1873 1017 2013 1089 βρῶ-

440 1113 539 1161 σιν,
564 1095 704 1150 ἀλλά
727 1115 846 1152 τινα
875 1100 970 1153 καὶ
997 1101 1195 1171 ἑτέραν
1218 1099 1335 1157 οἶδα
1362 1104 1590 1175 τροφὴν,
1617 1101 1685 1176 ἦς
1714 1109 1746 1176 ὴ
1776 1108 2015 1161 ἀπόλαυ-

440 1204 516 1248 σις
550 1189 643 1241 ἐπὶ
679 1190 852 1261 μόνην
881 1191 977 1262 τὴν
1006 1192 1188 1264 ψυχὴν
1217 1195 1516 1251 διαϐαίνει.,
1535 1198 1741 1266 Φάγετε
1775 1203 1870 1255 καὶ
1901 1200 2012 1270 γὰρ

435 1279 517 1330 τὸν
549 1278 682 1347 ἐμὸν
715 1279 877 1349 ἄρτον
899 1321 914 1349 ,
949 1284 982 1351 ἡ
1024 1284 1183 1353 σοφία
1217 1288 1330 1353 τοῖς
1369 1288 1596 1342 πεινῶσι
1637 1291 2012 1359 παρακελεύε-

436 1385 555 1432 ται,
588 1370 679 1421 καὶ
715 1371 867 1423 πίετε
901 1369 1043 1426 οἶνον
1072 1374 1131 1427 ὃν
1164 1379 1443 1448 κεκέρακα
1477 1379 1627 1449 ὑμῖν.
1666 1382 1828 1434 Ἀλλὰ
1859 1384 1953 1435 καὶ¹
1984 1386 2012 1435 6

432 1457 633 1529 Κύριος
659 1459 755 1530 τὴν
787 1462 1141 1533 Σαμαρειτῶν
1168 1467 1527 1538 ύπεμφαίνων
1554 1472 1828 1542 σωτηρίαν
1855 1473 2009 1541 ἔλεγε

439 1566 457 1601 ι
490 1550 706 1620 Βριῖισιν
731 1551 841 1619 ἔχω
871 1557 1066 1624 φαγεῖν
1094 1557 1159 1627 ῆν
1188 1558 1343 1627 ὑμεῖς
1374 1561 1474 1614 οὐκ
1501 1562 1702 1625 οἴδατε,
1739 1583 1756 1614 ι
1795 1565 1890 1617 καὶ
1918 1563 2013 1616 ἀλ·

431 1639 589 1709 λαχοῦ
637 1659 656 1693 ι
706 1641 765 1694 ’0
808 1644 977 1712 διψῶν
1003 1647 1255 1715 ἐρχέσθω
1293 1653 1425 1720 πρός
1470 1669 1538 1721 με
1581 1656 1671 1707 καὶ
1712 1654 1937 1708 πινέτω.
1986 1672 2005 1706 ι

431 1732 635 1785 Οὐκοῦν
662 1733 762 1802 τῆς
795 1737 1019 1804 φυτείας
1046 1740 1151 1809 τῆς.
1176 1742 1233 1794 ἐν
1268 1740 1429 1813 Ἐδὲμ
1458 1744 1659 1816 (τρυφὴ
1688 1746 1745 1799 δὶ
1775 1747 1809 1815 ἡ
1847 1747 2012 1818 Ἐδὲμ

2120 556 2311 609 verba.
2341 555 2570 626 Lignum
2610 555 2841 609 illhd‘de
2876 570 3090 623 quone
3131 562 3483 607 vescerentur
3515 551 3691 605 inter-

2117 646 2321 700 dictum
2354 654 2611 709 erat,nec
2644 646 2801 699 ticum
2839 644 3028 708 fuisse,
3053 644 3195 712 quod
3222 643 3440 712 quidam
3476 641 3687 705 volunt,

2119 750 2222 789 nec
2266 736 2426 789 aliam
2469 735 2803 788 fructiferam
2855 734 3101 787 arborem
3164 733 3412 802 persuasi
3475 746 3688 785 sumus.

2119 826 2443 893 Quanquam
2476 826 2622 881 enim
2647 833 2924 895 spectator
2952 826 3043 878 ille
3078 827 3166 878 Dei
3202 823 3377 876 Moses
3407 823 3473 875 dc
3501 822 3690 876 seusili

2119 920 2244 995 cibo
2301 919 2391 973 hic
2443 918 2591 985 loqui
2650 917 2885 979 videtur,
2926 933 3027 985 ego
3083 914 3283 970 tamen
3316 916 3446 969 dum
3505 929 3691 970 sacras

2120 1011 2354 1065 Litteras
2388 1010 2569 1075 audio,
2617 1024 2723 1063 non
2762 1017 2970 1062 tantum
3004 1023 3323 1077 corpoream
3398 1006 3690 1076 quamdam

2119 1116 2301 1155 escam
2334 1114 2592 1170 agnosco,
2629 1099 2725 1154 sed
2767 1099 2930 1153 etiam
2967 1099 3363 1152 nutrimentum
3397 1096 3542 1151 aliud
3570 1110 3693 1150 esse

2119 1190 2257 1252 scio,
2317 1190 2475 1259 cujus
2542 1188 2733 1243 fruitio
2782 1189 2953 1242 solam
3022 1190 3086 1241 ad
3141 1190 3378 1242 animam
3433 1188 3689 1256 pertinet.

2119 1266 2385 1339 Hortatur
2418 1281 2565 1337 enim
2623 1281 2774 1335 hisce
2808 1281 2996 1335 verbis
3023 1283 3333 1335 esurientes
3367 1279 3690 1348 Sapientia:

2126 1391 2145 1425 ι
2179 1372 2475 1427 Vescimiui
2535 1387 2652 1425 mcc
2709 1387 2876 1440 pane,
2937 1372 3238 1440 vinumque
3295 1364 3487 1430 bibite.
3549 1368 3693 1435 quod

2119 1464 2278 1519 vobis
2313 1464 2510 1517 miscui
2540 1464 2609 1517 ⁸⁸.
2650 1481 2671 1517 ›
2723 1461 2865 1528 Quin
2902 1462 3065 1517 etiam
3112 1463 3369 1515 dominus
3398 1460 3696 1513 Samarita-

2120 1562 2317 1609 norum
2372 1556 2603 1610 salutem
2645 1556 2933 1611 indicans:
2983 1574 3000 1605 ι
3038 1555 3252 1613 Cibum,
3288 1554 3481 1619 inquit,
3516 1552 3695 1606 habeo

2118 1662 2229 1716 quo
2262 1663 2476 1707 viiscar,
2512 1647 2668 1701 vobis
2698 1649 2840 1701 haud
2888 1648 3164 1716 cognitum
3196 1644 3262 1697 ⁸³.
3303 1665 3319 1696 ι
3356 1646 3489 1699 ltem
3522 1638 3693 1698 alibi:

2126 1758 2144 1792 ι
2192 1740 2307 1807 Qui
2334 1740 2470 1803 silit,
2508 1741 2573 1794 ad
2636 1757 2721 1795 me
2788 1742 2976 1795 veniat
3017 1755 3080 1795 ac
3131 1739 3282 1793 bibat
3323 1740 3391 1793 ⁸⁸.
3435 1758 3452 1790 ι
3494 1736 3697 1802 Quam-

429 1822 816 1895 ἑρμηνεύεται)
850 1827 999 1892 ἄξιόν
1027 1846 1149 1884 τινα
1178 1832 1388 1903 καρπὸν
1408 1832 1681 1901 ἐννοῆσαι,
1702 1816 2007 1909 προσήκειν,

2110 1831 2298 1885 obrem
2323 1832 2609 1885 consitioni
2646 1832 2847 1886 Edenis
2890 1844 3032 1901 (quia
3054 1848 3154 1884 vox
3187 1831 3412 1883 delicias
3444 1830 3691 1897 denotat)

431 1912 523 1964 καὶ
546 1913 850 1983 τρέφεσθαι
874 1916 963 1970 διὰ
987 1918 1180 1973 τούτου
1207 1921 1285 1992 μὴ
1304 1924 1667 1992 άμφιόάλλειν
1691 1927 1781 1980 τὸν
1804 1928 2014 1999 ἄνθρω-

429 2023 553 2073 πον,
591 2009 689 2062 καὶ
733 2012 807 2081 μὴ
852 2011 1073 2078 πάντως
1110 2016 1208 2085 τὴν
1248 2018 1546 2088 παροδικὴν
1585 2020 1680 2075 καὶ
1719 2021 2013 2093 ἐπίρρυτον

427 2098 633 2166 ταύτην
676 2102 886 2172 τροφὴν
932 2103 1026 2157 ἐπὶ
1070 2105 1167 2175 τῆς
1218 2106 1314 2160 τοῦ
1360 2110 1691 2180 παραδείσου
1735 2113 2015 2181 διαγωγῆς

427 2189 649 2241 ἐννοεῖν.
686 2189 844 2243 Οὕτω
885 2192 985 2258 μὲν
1022 2191 1114 2245 οὖν
1155 2194 1247 2247 καὶ
1287 2196 1316 2248 6
1355 2195 1629 2260 θειότατος
1669 2200 2013 2264 Ἀναστάσιος

428 2279 622 2348 νοερὰν
666 2274 805 2334 εἶναι
846 2282 1093 2352 βούλεται
1135 2285 1235 2355 τὴν
1277 2286 1482 2357 βρῶσιν
1523 2290 1759 2361 ἐκείνην,
1798 2292 1859 2345 οὐ
1905 2292 2014 2365 μὴν

425 2370 698 2442 αἰσθητήν
720 2388 781 2424 τε
809 2373 903 2427 καὶ
935 2377 1227 2449 σαρκικήν.
1257 2378 1319 2432 Εἰ
1348 2380 1458 2451 γὰρ
1485 2384 1744 2453 τοιαύτην
1770 2385 2013 2455 ὲσήμανε

427 2460 633 2530 βρῶσιν
665 2463 735 2517 τὰ
768 2463 884 2519 θεία
920 2467 1061 2537 ῥητὰ
1084 2506 1099 2531 ,
1136 2470 1233 2524 καὶ
1270 2473 1550 2539 σαρκικῶς
1581 2476 1933 2547 ἀπέθνησκον
1962 2481 2012 2531 οἱ

424 2552 634 2624 ταύτης
673 2556 1075 2622 ἀπογενόμενοι
1102 2574 1119 2590 ⁶
1167 2562 1369 2633 νοερῶς
1411 2564 1459 2617 δ’
1487 2561 1583 2631 οὖν
1627 2568 2012 2638 ἡμαρτηκότες

424 2642 513 2696 τὸν
548 2643 651 2713 τῆς
686 2646 866 2716 ψυχῆς
903 2648 1104 2704 αὐτίκα
1143 2651 1388 2722 δέχονται
1427 2653 1678 2712 θάνατον.
1713 2658 1872 2712 Οὕτω
1910 2660 2009 2729 μὲν

424 2729 516 2789 οὖν
560 2734 659 2788 καὶ
700 2737 730 2789 6
770 2737 1022 2808 θεολόγος
1066 2741 1367 2815 Γρηγόριος
1404 2746 1465 2799 τὸ
1508 2749 1674 2815 φυτὸν
1712 2751 1909 2814 ἐκεῖνο,
1948 2751 2010 2803 τὸ

427 2826 587 2892 ξύλον
616 2828 858 2898 δηλονότι
887 2832 987 2901 τῆς
1017 2834 1300 2901 γνώσεως,
1336 2835 1570 2906 θεωρίαν
1600 2834 1739 2892 εἶναι
1775 2839 2008 2909 ἔφησεν,

425 2920 677 2975 τουτέστι
706 2924 906 2990 γνῶσιν
933 2927 1269 2998 τελεωτέραν
1298 2930 1417 2983 τινὰ
1436 2968 1451 2994 ,
1482 2924 1547 3001 ἧς
1577 2932 1877 2986 ἐπιϐαίνειν
1909 2936 2012 2987 οὐκ

425 3013 672 3080 ἀσφαλὲς
695 3017 807 3077 τοῖς
832 3031 895 3083 γε
921 3016 1245 3089 λιχνοτέροις
1269 3021 1367 3090 τὴν
1389 3021 1596 3089 ἔφεσιν.
1624 3024 1864 3094 Πρόσεχε
1890 3025 2005 3079 οὖν.

2116 1923 2455 1977 conveniens
2497 1921 2722 1992 quidam
2765 1921 2982 1977 fructus
3024 1922 3527 1976 accommodandus
3571 1929 3689 1984 est,

2115 2029 2226 2083 quo
2266 2016 2413 2085 paSuti
2464 2014 2575 2085 99
2623 2015 2901 2070 hominem
2936 2030 3046 2069 non
3076 2015 3393 2069 dubitemus
3425 2031 3439 2067 :
3480 2028 3693 2082 nequa-

2114 2122 2280 2177 quam
2339 2124 2469 2162 vero
2522 2108 2992 2177 cogitandum~in
3043 2108 3280 2178 paradisi
3343 2107 3453 2161 vita
3522 2107 3693 2161 fuisse

2116 2200 2516 2255 nutrimentum
2570 2200 2792 2269 aliquod
2837 2202 3242 2263 transitorium,
3296 2188 3555 2268 quodque
3597 2214 3694 2267 per

2113 2289 2263 2343 vices
2292 2290 2674 2357 ingere-ctur.
2731 2288 2935 2344 Eodem
2978 2289 3140 2344 modo
3184 2289 3407 2344 divinus
3439 2290 3518 2341 \‘ir
3546 2290 3695 2341 Ana-

2114 2381 2319 2435 stasius
2351 2382 2534 2436 cibum
2578 2382 2729 2436 illum
2759 2382 2876 2437 vult
2930 2383 3307 2437 intellectilem
3363 2381 3553 2444 fuisse,
3584 2397 3691 2435 non

2113 2474 2379 2529 sensilem
2432 2485 2596 2544 atque
2629 2476 2928 2530 carnalem.
2961 2473 3096 2530 Nam
3129 2475 3174 2528 si
3207 2474 3388 2528 cibum
3420 2471 3692 2541 ejusmodi

2112 2565 2339 2621 Litterae
2364 2581 2536 2620 sacrae
2565 2566 2960 2633 designarent,
2991 2565 3159 2619 etiam
3203 2565 3501 2618 carnaliter
3532 2563 3690 2632 primi

2114 2657 2366 2713 homines
2412 2658 2502 2710 illo
2532 2656 2825 2725 degustato
2866 2666 3098 2710 mortem
3136 2655 3422 2709 obiisseut.
3458 2655 3524 2707 At
3559 2671 3693 2711 vero

2112 2750 2560 2803 mentisratioae
2589 2764 2711 2802 cum
2741 2749 3090 2819 deliquerint,
3109 2747 3315 2802 idcirco
3339 2764 3459 2801 mox
3496 2750 3692 2801 anima:

2113 2850 2344 2895 mortem
2380 2850 2669 2909 oppetunt.
2710 2839 2912 2893 Eodem
2962 2840 3126 2893 modo
3180 2838 3473 2909 Gregorius
3525 2838 3687 2892 etiam

2113 2933 2404 2992 theologus
2434 2932 2685 2984 arborem
2716 2930 2889 2995 illam,
2908 2931 3151 2983 scientiae
3176 2930 3435 2983 videlicet
3462 2928 3687 2999 lignum,

2111 3022 2629 3091 contemplationem
2672 3022 2749 3075 ait
2799 3036 2959 3085 esse,
3000 3023 3101 3091 hoc
3160 3029 3246 3075 est
3300 3022 3686 3091 perfectior-em

428 3105 712 3161 Δέδεικται
746 3107 856 3178 γὰρ
888 3110 953 3162 ὲκ
989 3110 1200 3164 πολλῶν
1231 3113 1313 3165 ὅτι
1355 3112 1613 3183 βρώσεως
1653 3115 1916 3185 αἰσθητῆς
1950 3116 2007 3169 ἐν

2111 3115 2403 3185 quamdam
2445 3112 2840 3184 cognitionem,
2868 3113 2934 3166 ad
2977 3127 3141 3182 quam
3176 3113 3513 3168 contendere
3546 3112 3688 3165 velle

422 3198 498 3267 τῷ
529 3198 850 3271 παραδείσῳ
879 3202 979 3254 οὑκ
1008 3197 1074 3271 ἦν
1103 3203 1285 3272 ἐνδεὴς
1314 3207 1341 3257 ὁ
1371 3205 1543 3275 ’Δδάμ
1561 3222 1577 3239 ο
1604 3207 1871 3270 ἀθάνατος
1898 3208 2007 3280 γὰρ

2112 3222 2223 3261 non
2255 3215 2429 3261 tutum
2462 3214 2548 3260 est
2600 3206 2689 3270 iis,
2736 3220 2969 3275 quorum
3022 3205 3296 3274 cupiditas
3350 3212 3473 3274 plus
3531 3220 3688 3271 usque

422 3290 528 3342 ὑπὸ
566 3290 702 3342 Θεοῦ
740 3293 1041 3363 παραχθεὶς
1081 3296 1180 3347 οὐκ
1221 3291 1289 3364 ἦν
1324 3296 1535 3360 οὐδενὸς
1570 3298 1787 3370 ἐνδεής.
1813 3301 1923 3354 Καὶ
1952 3302 2008 3356 τί

422 3382 528 3453 χρὴ
558 3381 733 3436 ’πολλὰ
758 3383 973 3451 λέγεινς
1002 3389 1049 3438 εί
1079 3386 1200 3439 καθ’
1223 3389 1517 3458 ὁμοιότητα
1541 3389 1923 3458 τῶνὰγγέλών
1948 3395 2013 3445 ἐν

433 3477 497 3540 τῇ
536 3474 836 3529 ἀναστάσει
871 3472 1097 3546 ζήσεται
1127 3479 1154 3529 6
1184 3478 1468 3549 ἄνθρωπος
1499 3479 1519 3551 (
1538 3499 1557 3533 ι
1596 3482 1691 3535 καὶ⁸
1724 3483 1939 3537 ἔσονται
1980 3502 2009 3535 ι

422 3562 533 3633 γάρ
577 3579 712 3632 φησι
756 3583 775 3617 ι
816 3566 1022 3629 πάντες
1058 3567 1133 3628 ὡς
1171 3568 1393 3636 ἄγγελοι
1431 3570 1568 3624 θεοῦ
1611 3573 1700 3643 ι),
1745 3575 1776 3630 ἡ
1815 3575 1871 3628 δὲ
1902 3575 2007 3645 τῆς

420 3656 785 3718 ἀναστάσεως
826 3657 990 3725 χάρις
1032 3657 1186 3711 οὐδὲν
1212 3660 1360 3713 ,ἄλλο
1400 3662 1549 3716 ἐστὶν
1590 3664 1737 3718 κατά
1775 3681 1840 3734 γε
1879 3668 2008 3733 τοὺς

422 3748 605 3809 θείους
638 3747 888 3818 Πατέρας
985 3751 1122 3818 πρὸς
1152 3751 1212 3805 τὸ
1242 3754 1468 3821 ἀρχαῖον
1497 3754 1605 3807 τῶν
1636 3758 2006 3812 πεπτωκότων

421 3839 874 3902 ἀποκατάστασις
896 3879 909 3901 ,
940 3840 1163 3911 εὔδηλον
1199 3844 1410 3907 πάντως
1442 3846 1525 3898 ὄτι
1560 3847 1667 3914 πρὸ
1697 3849 1793 3917 τῆς
1824 3866 2007 3916 παρα-

419 3928 639 3991 ϐάσεως
670 3930 957 3996 ἱσάγγελον
984 3926 1095 4001 εἶχε
1122 3933 1223 4001 τὴν
1247 3935 1395 4003 ζωὴν
1420 3937 1448 3987 ὀ
1475 3936 1666 4007 Ἀδὰμ,
1702 3942 1837 4009 μήτε
1865 3940 2007 4009 βρώ-

422 4037 506 4073 σει
564 4021 703 4090 μήτε
750 4024 927 4087 πόσει,
976 4024 1226 4095 καθάπερ
1275 4027 1516 4097 εἴρηται,
1565 4029 1872 4102 χρώμενος,
1922 4033 2004 4087 ὅτι

423 4113 561 4183 μηδὲ
594 4112 746 4181 παρὰ
771 4117 883 4176 τοῖς
908 4116 1162 4183 ἀγγέλοις
1189 4117 1370 4179 αὐτοῖς
1393 4118 1631 4173 τοιοῦτον
1655 4137 1708 4173 τι
1735 4121 2007 4193 τεθεώρη-

418 4222 531 4259 ται.
560 4204 655 4273 Μὴ
678 4206 859 4283 τοίνυν
886 4207 943 4260 ὲν
970 4210 1285 4278 παραδείσῳ
1311 4210 1405 4263 τὸν
1427 4211 1712 4282 ἄνθρωπον
1735 4214 2006 4287 αἰσθητῆς

420 4298 788 4367 ἐμφορεῖσθαι
826 4300 1012 4368 νόμιζε
1050 4299 1340 4369 βρώσεως,
1374 4302 1457 4354 ὅτι
1496 4303 1630 4371 μηδὲ
1664 4304 1853 4373 χρείαν
1889 4304 2003 4378 εἶχε

418 4390 630 4460 ταύτης
660 4392 837 4443 ἐκεῖσε
866 4391 951 4444 διά
977 4408 1042 4459 γε
1065 4392 1165 4460 τὴν
1188 4393 1335 4464 αὐτῷ
1359 4395 1661 4465 τηνικαῦτα
1690 4400 2005 4468 προσοῦσαν

2108 3308 2190 3355 ast
2271 3297 2453 3352 avida.
2525 3296 2699 3365 Igitur
2758 3296 3169 3352 animadvertas
3220 3311 3341 3351 esse
3398 3296 3686 3364 probatum

2110 3389 2475 3460 complurium
2513 3388 2865 3453 auctoritate,
2894 3403 3001 3442 non
3043 3388 3260 3457 eguisse
3318 3388 3586 3442 Adamum
3633 3388 3688 3443 in

2108 3480 2364 3551 paradiso
2391 3480 2517 3533 cibo
2546 3480 2783 3548 quodam
2819 3479 3031 3534 sensili.
3068 3477 3283 3547 Quippe
3309 3493 3435 3533 cum
3464 3480 3689 3531 innuer-

2112 3572 2232 3626 talis
2272 3587 2303 3625 a
2340 3571 2452 3625 Deo
2484 3570 2742 3626 conditus
2789 3581 2956 3636 esset,
3008 3572 3086 3625 rei
3141 3573 3346 3625 nullius
3384 3570 3684 3640 indigebat;
3792 3642 3795 3645 Α

2108 3664 2175 3719 Ει
2202 3664 2330 3735 quid
2366 3666 2480 3719 haec
2503 3680 2603 3735 ego
2634 3663 2899 3734 prolixius
2928 3662 3140 3717 tracto?
3172 3663 3229 3716 Si
3263 3662 3329 3716 ad
3366 3662 3685 3732 angelorum
3730 3652 3737 3655 ’

2110 3754 2528 3813 similitudinem
2550 3756 2621 3810 'in
2656 3756 3062 3810 resurrectione
3096 3757 3347 3811 victurus
3383 3766 3466 3808 est
3499 3756 3683 3814 homo,

2107 3846 2569 3916 quemadmodum
2605 3847 2968 3914 perscriptum
3001 3845 3232 3915 legimus
3262 3863 3276 3897 :
3310 3844 3541 3897 ιοΕτιιιιι
3571 3859 3689 3895 om-

2108 3951 2206 3989 nes
2231 3944 2486 4004 tanquam
2528 3936 2703 4004 angeli
2764 3933 2859 3986 Dei
2892 3933 2982 3994 3".
3014 3952 3032 3983 ι
3074 3941 3147 3986 et-
3178 3934 3399 3986 vero-si
3435 3948 3687 3985 resurre-

2106 4027 2307 4081 ctionis
2339 4025 2665 4080 beneﬁcium
2701 4025 2769 4079 de
2806 4024 3081 4079 sententia
3116 4025 3424 4079 divinorum
3461 4023 3682 4078 Patrum

2107 4117 2244 4172 nihil
2285 4125 2369 4172 est
2424 4116 2573 4171 aliud
2638 4131 2803 4186 quam
2854 4116 3129 4185 lapsorum
3190 4116 3256 4170 ad
3316 4117 3686 4171 conditionem

2108 4209 2391 4279 pristinam
2452 4207 2774 4272 restitutio,
2852 4207 3084 4279 intelligi
3146 4212 3468 4279 perspicue.
3504 4216 3685 4278 potest

2070 4304 2379 4357 .Adamum
2446 4310 2575 4355 ante
2649 4300 3136 4370 transgressionem
3191 4303 3353 4355 vitam
3426 4300 3687 4370 angelica

2108 4411 2295 4468 parem
2326 4396 2522 4466 egisse,
2564 4408 2663 4448 nec
2719 4392 2843 4447 cibo
2901 4408 3004 4446 nec
3064 4402 3217 4461 potu,
3264 4408 3361 4446 ceu
3422 4393 3682 4452 diximus.

342 4508 361 4523 ι
415 4486 718 4541 ἀπάθειαν.
756 4484 896 4539 Ἀλλ’
921 4486 1015 4538 ἐπὶ
1049 4484 1262 4548 τούτοις
1300 4487 1665 4556 ἀμφιδάλλειν
1700 4492 1802 4545 οὐκ
1838 4493 2004 4559 ἔπρε-

2114 4504 2309 4551 usum,
2336 4489 2554 4555 quando
2585 4484 2713 4552 quid
2739 4484 3002 4553 ejusmodi
3035 4498 3134 4537 nec
3162 4483 3214 4535 in
3242 4483 3448 4553 angelis
3501 4483 3680 4537 loirum

416 4594 546 4630 πεν.
577 4576 798 4646 Ἐπειδὴ
825 4577 935 4645 γάρ
958 4576 1025 4629 τὰ
1052 4577 1260 4644 φυσικὰ
1284 4578 1458 4631 ταῦτα
1487 4579 1653 4651 πάθη,
1679 4583 1840 4637 πεῖνα
1864 4584 2007 4653 λέγω

418 4667 517 4722 καὶ
540 4666 673 4736 δίψα
699 4668 864 4731 κόπος
888 4666 1053 4731 ὕπνος
1076 4667 1238 4739 ὀδύνη
1265 4669 1409 4733 λύπη
1433 4670 1529 4723 καὶ
1547 4671 1614 4723 τὰ
1638 4671 1801 4726 λοιπᾶ
1821 4714 1836 4738 ,
1867 4675 2015 4744 μετὰ

417 4757 522 4827 τὴν
553 4758 869 4825 παράϐασιν
900 4759 977 4820 είς
1004 4759 1097 4812 τὸν
1122 4750 1468 4830 ἀνθρώπινον
1501 4761 1617 4833 βίον
1646 4764 2001 4835 είσήλθοσαν,

419 4848 500 4910 ὡς
528 4849 555 4900 6
583 4847 741 4913 λόγος
770 4848 871 4915 ἥδη
904 4846 1119 4916 φθάσας
1150 4849 1474 4920 ἐγνώρισεν,
1504 4851 1752 4921 φαίνεται
1786 4856 2006 4920 πάντως

417 4938 507 4992 ὅτι
540 4939 647 5009 πρὸ
673 4938 770 5008 τῆς
802 4939 1075 5010 ἁμαρτίας
1102 4941 1130 4992 6
1159 4940 1447 5012 ἄνθρωπος
1476 4944 1576 4996 οὐκ
1602 4939 1713 5013 εἶχε
1743 4946 1801 4998 τὸ
1830 4963 2000 5005 κατα-

423 5032 701 5098 ναγκάζον
728 5030 889 5084 αὑτὸν
914 5032 1175 5101 αἰσθητῆς
1207 5034 1475 5088 ἅπτεσθαι
1506 5033 1780 5105 βρώσεως.
1809 5038 1920 5090 Καὶ
1945 5038 1997 5090 τί

421 5122 533 5191 χρὴ
565 5122 735 5175 πολλά
767 5121 982 5188 λέγειν;
1015 5125 1069 5177 εί
1095 5141 1159 5191 γε
1189 5127 1397 5195 τροφῆς
1424 5121 1493 5198 ἦν
1521 5126 1708 5195 ἐνδεὴς
1736 5129 1762 5179 ὁ
1790 5127 1998 5196 ἄνθρω-

421 5227 527 5274 πος
556 5212 650 5265 ἀπ’
672 5211 880 5283 ἀρχῆς,
911 5210 986 5276 ὥς
1013 5231 1157 5277 τινες
1188 5204 1553 5286 ὑπειλήφασι,
1585 5219 1676 5270 καὶ
1706 5219 1907 5271 πεινῶν
1934 5219 2001 5273 ἂν

419 5303 485 5370 ἐξ
533 5305 776 5376 ἀνάγκης
820 5300 888 5375 ἦν
933 5306 1025 5360 καὶ
1072 5306 1245 5375 ῥιγῶν
1288 5310 1383 5363 καὶ
1426 5310 1789 5381 κοιμώμενος.
1838 5311 1902 5363 Ei
1946 5310 2005 5364 δὲ

422 5396 668 5459 τοιοῦτος
703 5398 909 5463 ἐκεῖνος
941 5393 1046 5468 ἦν,
1081 5398 1303 5472 εὔδηλον
1338 5402 1558 5466 πάντως
1591 5403 1674 5455 ὅτι
1711 5402 1905 5471 θνητὸς
1937 5398 2007 5472 ῆν

420 5488 525 5541 ἀπ’
552 5489 730 5557 ἀρχῆς
778 5491 874 5544 καὶ
920 5492 1162 5561 φθαρτὸς
1192 5510 1206 5525 ο
1260 5493 1521 5547 ἀδύνατον
1572 5494 1681 5565 γὰρ
1729 5495 2005 5566 ἄφθαρτον

419 5580 704 5647 διαμένειν
724 5618 738 5643 ,
765 5579 842 5645 ὡς
869 5584 898 5636 ὁ
924 5586 1283 5654 Δαμασκηνὸς
1317 5585 1569 5657 Ἰωάννης
1597 5585 1733 5655 φησὶ
1755 5624 1770 5650 ,
1800 5585 1892 5639 τὸν
1924 5587 2007 5639 al-

500 5752 544 5782 "
577 5755 736 5813 Prov.
770 5774 843 5825 ix,
876 5759 951 5829 5.,
1006 5758 1049 5791 "
1083 5760 1242 5820 loan.
1276 5777 1349 5826 tv,
1378 5762 1468 5817 39..
1545 5763 1590 5795 ⁸³
1622 5762 1780 5819 Joan.
1811 5780 1907 5831 vii,
1944 5763 2033 5821 57.

2107 4579 2293 4635 habet.
2349 4578 2696 4645 Quapropter
2753 4575 3068 4630 existimare
3131 4572 3240 4628 noli
3300 4574 3572 4629 hominem
3627 4574 3680 4627 in

2103 4670 2358 4744 paradiso
2412 4670 2593 4725 sensili
2644 4668 2983 4722 nutrimento
3026 4682 3085 4722 se
3139 4666 3391 4729 satiasse,
3431 4664 3683 4735 quando-

2103 4764 2322 4834 quidem
2356 4763 2477 4818 istic
2502 4777 2569 4816 ου
2602 4777 2710 4816 non
2745 4761 3339 4832 indigebatproptcrea
3386 4761 3530 4829 quod
3561 4774 3683 4814 om-

2103 4856 2191 4911 nis
2233 4865 2348 4909 tum
2390 4854 2701 4908 aﬂectionis
2729 4862 2875 4907 esset
2905 4867 3125 4923 expers.
3166 4852 3458 4906 Enimvero
3501 4849 3682 4904 nemi-

2066 4962 2227 5002 -nem
2255 4946 2436 5000 hacin
2471 4955 2625 5013 parte
2658 4933 2936 5011 ambigere
2965 4944 3353 4999 conveniebat.
3388 4942 3520 4996 Nam
3558 4954 3680 4995 cum

2102 5040 2424 5093 allectioues
2472 5036 2576 5089 illae
2628 5036 2932 5099 naturales,
2962 5036 3155 5102 Fames,
3192 5038 3434 5105 inquam,
3470 5050 3525 5089 et
3558 5030 3681 5087 sitis

2102 5139 2157 5183 et
2187 5128 2432 5198 fatigatio
2458 5135 2515 5180 et
2550 5141 2777 5180 somnus
2814 5137 2871 5181 et
2900 5127 3058 5181 dolor
3093 5136 3147 5180 et
3176 5129 3416 5189 tnmrur,’
3440 5135 3496 5180 et
3526 5134 3681 5177 crete-

2102 5234 2198 5281 ναξ.
2248 5229 2372 5289 post
2416 5220 2878 5287 trangressiunem
2916 5218 3151 5287 primum
3188 5220 3350 5271 vitam
3386 5217 3677 5270 humanam

2103 5312 2426 5370 invaserint,
2468 5320 2527 5364 ut
2575 5311 2846 5379 superiori
2890 5312 3140 5365 oratione
3182 5311 3491 5367 dozuimus.
3528 5290 3679 5374 patet

2103 5406 2330 5458 omnino
2360 5412 2488 5456 ante
2537 5414 2823 5473 peccatum
2878 5401 3154 5457 hominem
3186 5415 3369 5455 causa:
3393 5397 3526 5450 nihil
3574 5395 3675 5449 lla-

2107 5495 2310 5559 buisse,
2346 5511 2469 5563 quae
2504 5496 2681 5565 ipsum
2717 5497 2784 5549 ad
2815 5495 3142 5551 sumendum
3193 5491 3449 5545 seusilcm
3485 5502 3679 5557 quem-

2106 5588 2229 5643 dam
2260 5590 2440 5645 cibum
2483 5599 2720 5659 cogeret.
2765 5588 2903 5655 Quid
2939 5568 3146 5659 proliia
3178 5584 3683 5658 itidicatione'oput

2107 5767 2172 5799 ⁸³⁸
2204 5765 2393 5823 Matth.
2427 5784 2562 5831 uti,
2600 5766 2689 5823 ὅθ.
