4062 6186
422 304 517 366 205

1678 303 2094 377 ΑΝΝΛΜΗΜ
2137 308 2333 373 PARS
2368 308 2415 371 Ι.

3544 316 3654 381 296

424 414 676 486 μεγίστην
722 411 873 483 αὐτῷ
928 412 1221 485 ἐγχειρίζει
1276 415 1469 487 ἀρχήν.
1528 414 1637 469 Καὶ
1682 416 1742 480 ὃς
1785 417 1979 471 αὐτίκα

2108 417 2165 474 :is
2193 434 2303 474 non
2337 417 2622 493 prodesset
2673 419 2839 478 Licet
2869 422 2923 478 id
2955 422 3121 479 etiam
3167 424 3221 481 in
3254 426 3459 482 nostris
3491 429 3657 493 rebus

420 506 546 575 πρὸς
576 504 637 557 τὸ
666 502 799 573 ὕψος
831 504 1038 559 ἀπιδὼν
1090 507 1188 575 τῆς
1228 508 1424 578 ἀρχῆς,
1456 509 1551 561 καὶ
1577 506 1651 578 μὴ
1682 507 1980 577 δυνάμενος

421 596 677 663 ινεγκιῐν,
710 595 1002 667 ἐπαίρεται
1047 599 1171 652 καθ’
1228 599 1440 664 ἑαυτὸν,
1486 600 1663 669 ἡσυχῇ
1711 597 1981 668 καθῆσθαι

419 688 513 742 οὐκ
540 687 814 758 ἀνέχεται,
840 682 1177 758 φαντάζεται
1207 691 1277 744 τά
1312 690 1452 761 ὑπὲρ
1482 692 1669 756 αὐτὸν,
1702 690 1982 760 τυραννίδι

422 776 674 847 κέχρηται
701 775 800 830 καὶ
844 778 923 840 είς
961 779 1298 833 ἀποστασίαν
1331 781 1519 849 χωρεῖ.
1551 778 1617 831 Τί
1648 779 1707 831 τὸ
1737 778 1829 830 ὲπὶ
1858 777 1983 830 τού-

423 884 557 933 τοιςς
616 866 882 937 ’Δχθεται
939 868 968 920 ὸ
1028 868 1277 939 βασιλεὺς
1350 871 1409 923 οὐ
1484 873 1695 941 μικρῶς
1759 868 1850 921 ἐπὶ
1906 868 1983 938 τῷ

426 958 719 1027 πράγματι,
759 958 1122 1030 δυσχεραίνει.
1180 960 1247 1013 Τί
1302 961 1493 1024 τοῦτος
1547 960 1710 1027 Λέγει
1736 976 1753 994 ο
1795 960 1915 1022 πῶς
1958 961 1986 1012 ό

421 1049 709 1117 ἀχάριστος
748 1048 850 1115 τὴν
893 1048 1231 1102 ἐπελθοῦσαν
1273 1049 1421 1116 αὐτῷ
1464 1049 1623 1114 δόξαν
1659 1050 1737 1112 είς
1762 1048 1982 1113 ἀδοξίαν

425 1137 788 1206 μετέστρεψες
820 1137 929 1189 Καὶ
970 1136 1115 1190 θέλει
1158 1137 1255 1205 μὲν
1288 1138 1362 1210 μὴ
1403 1139 1649 1201 καθελεῖν
1679 1140 1768 1192 τὸν
1808 1139 1988 1206 ἀγνώ-

425 1248 574 1299 μονα,
598 1231 1011 1300 καταφρονῆσαι
1055 1229 1113 1282 δὲ
1147 1229 1298 1299 ὅμως
1340 1229 1439 1296 τῆς
1465 1229 1775 1300 τυραννίδος
1804 1231 1864 1283 οὖ
1896 1229 1988 1283 δύ-

424 1338 605 1399 vacat.
624 1320 917 1391 Χειροῦται
962 1321 1053 1374 τὸν
1092 1320 1405 1391 ἀποστάτην
1444 1321 1651 1384 λοιπὸν,
1685 1322 1787 1391 τῆς
1833 1322 1989 1386 ἀξίας

422 1413 727 1481 ἀπογυμνοῖ
757 1411 854 1465 καὶ
884 1412 1158 1483 δριμείαις
1205 1413 1498 1468 ὑποϐάλλει
1541 1415 1777 1477 ποιναῖς,
1815 1413 1988 1465 ἐνίοτε

424 1503 477 1556 δι
500 1505 597 1555 καὶ
624 1503 725 1572 τῆς
752 1502 1035 1573 παρούσης
1072 1503 1339 1571 ὑπεξάγει
1383 1503 1549 1573 ζωῆς.
1579 1504 1851 1575 Συνέιρερε
1879 1505 1991 1557 λοι-

425 1596 522 1649 πὸν
551 1595 701 1665 αὐτῷ
734 1596 810 1666 μὴ
835 1595 1091 1660 δέξασθαι
1116 1596 1266 1666 παρά
1290 1594 1557 1665 βασιλέως
1590 1596 1785 1667 ἀρχὴν,
1830 1595 1989 1666 εἴπερ

423 1678 680 1750 ἀπονοίας
727 1670 893 1740 αὐτοῦ
948 1687 1170 1741 τοιαῦτα
1218 1686 1410 1740 παθεῖν
1457 1672 1820 1742 ἐκινδύνευσε.
1852 1688 1991 1759 Πρό-

2084 510 2432 581 conspicere,
2469 526 2536 567 ac
2569 512 2838 583 siquidem
2870 514 3081 583 libebit,
3103 517 3345 573 animum
3377 520 3653 589 exemplo,

2083 602 2230 671 quod
2254 601 2638 671 indicabimus,
2659 606 2950 663 advertite.
2975 607 3082 664 Fac
3103 624 3226 667 esse
3248 627 3429 681 regem
3460 628 3657 683 quem-

2084 691 2230 755 dam,
2266 692 2355 762 qui
2389 692 2629 765 aliquem
2664 711 2695 752 e
2725 697 2958 753 subditis
2989 697 3356 755 beneﬁcentia
3386 702 3656 771 singulari

2083 783 2661 840 cohonestare'volens
2687 787 2838 857 101
2870 789 3244 859 magistratum
3266 792 3321 846 ei
3354 793 3656 859 maximum

2085 870 2284 943 tradat.
2318 870 2409 927 llle
2462 889 2584 928 mox
2630 877 2696 930 ad
2746 864 3079 946 praefectura:
3106 895 3217 939 sua:
3260 882 3656 949 sublimitatem

2089 964 2453 1033 respiciendo.
2488 981 2612 1020 cum
2661 965 2783 1035 ejus
2829 970 3029 1025 molem
3081 974 3351 1033 sustinere
3395 959 3656 1042 nequeat,

2086 1054 2232 1131 apud
2274 1056 2625 1125 semetipsum
2653 1057 2838 1135 animo
2877 1059 3299 1132 eil‘erri,.qniete
3337 1066 3518 1123 vivere
3547 1082 3661 1123 non

2088 1160 2288 1216 posse,
2330 1148 2537 1217 majOra
2587 1163 2647 1203 se
2688 1151 3024 1225 cogitatione
3071 1155 3382 1227 concipere,
3416 1159 3663 1226 tyranni-

2087 1237 2211 1293 dem
2241 1240 2557 1308 Tusurpare,
2601 1240 2669 1299 ad
2718 1240 3384 1317 defectionem-progredi.
3410 1247 3550 1313 Quid
3574 1264 3663 1309 sev

2089 1325 2330 1381 cundum
2371 1329 2523 1383 haec?
2558 1344 2652 1383 rex
2690 1329 2985 1403 indignari,
3022 1349 3135 1389 rem
3171 1352 3281 1390 non
3314 1351 3504 1408 parum
3544 1353 3664 1395 mo-

2089 1414 2231 1473 leste
2260 1417 2429 1481 ferre,
2465 1434 2662 1493 secum
2698 1421 2816 1491 ipse
2864 1425 3094 1489 dicere:
3129 1426 3257 1495 quid
3316 1428 3418 1481 hoc
3440 1427 3471 1480 τ
3516 1428 3666 1483 itane

2091 1507 2257 1575 homo
2300 1502 2546 1576 ingratus
2578 1510 2830 1579 gloriam,
2864 1527 3027 1581 quam
3084 1530 3116 1571 a
3148 1516 3302 1575 nobis
3348 1526 3439 1581 est
3466 1532 3666 1575 conse-

2092 1608 2271 1661 cutus,
2304 1615 2427 1653 cum
2461 1599 2687 1675 infamia
2709 1606 3065 1669 commutavit
3087 1604 3125 1658 ‘I‘
3159 1604 3333 1679 Simul
3367 1622 3434 1661 eo
3462 1607 3661 1677 praedi-

2093 1697 2183 1743 tus
2217 1699 2301 1743 est
2351 1690 2537 1745 animo
2589 1702 2646 1746 ut
2712 1693 3085 1751 immemorem
3128 1695 3395 1752 beneﬁcii.
3434 1699 3668 1767 perdere
3760 1758 3761 1761 η

424 1795 548 1848 σεχε
596 1777 712 1842 οὖν,
740 1778 1012 1846 ἀγαπητὶ,
1049 1779 1142 1830 καὶ
1190 1777 1267 1847 μὴ
1321 1778 1671 1859 συναρπάζου
1710 1781 1820 1841 τοῖς
1869 1758 1992 1830 ἑπι-

2108 1781 2263 1846 nolit;
2295 1797 2475 1851 neque
2502 1794 2681 1837 tamen
2716 1788 3124 1856 usurpationem
3154 1790 3463 1861 tyrannidis
3497 1791 3670 1845 numi-

423 1866 666 1937 χειροῦσι
737 1869 837 1929 τάς
906 1866 1059 1929 θείας
1126 1868 1438 1937 οἰκονομίας
1492 1866 1990 1933 πολυπραγμονεῖν.

422 1956 494 2009 ού
522 1957 633 2028 γάρ
656 1959 688 2028 ἡ
722 1957 1010 2028 εὐεργεσία
1040 1958 1133 2012 τοῦ
1161 1958 1299 2013 Θεοῦ
1330 1959 1589 2028 πρόξενος
1614 1958 1747 2027 ἡμῖν
1781 1956 1990 2025 γίνεται

424 2049 534 2101 τῶν
575 2047 789 2113 δεινῶν,
818 2050 933 2102 ἀλλ’
982 2050 1015 2117 ἡ
1068 2050 1312 2121 ῥᾳθυμία
1370 2049 1586 2113 πάντως
1634 2046 1793 2118 ⁴ἡμῶν
1832 2048 1989 2119 καὶὴ

424 2138 568 2205 κατά
591 2140 821 2209 γνώμην
849 2140 941 2194 ἐπὶ
968 2140 1028 2193 τὸ
1057 2143 1241 2212 χεῖρον
1267 2141 1436 2210 ὁρμή.

2098 1885 2171 1926 no
2201 1872 2474 1942 negligere
2508 1873 2700 1944 possit.
2739 1875 3079 1946 Quapropter
3119 1880 3454 1935 desertorem
3512 1896 3667 1939 suam

2099 1959 2157 2015 in
2218 1973 2545 2031 potestatem
2607 1966 2823 2037 redigit,
2891 1969 3157 2039 dignitate
3205 1971 3450 2040 spoliat,
3490 1973 3670 2042 poenis

2098 2053 2355 2121 gravibus
2388 2056 2629 2128 subjicit,
2660 2075 3052 2137 nonnunquam
3086 2071 3142 2117 et
3172 2064 3336 2119 vitam
3370 2064 3423 2129 ei
3454 2065 3666 2127 adimit.

2095 2142 2373 2214 Ejusmodi
2430 2147 2640 2201 homini
2684 2151 2937 2219 expediat
2998 2153 3383 2224 magistratum
3420 2154 3605 2224 potius
3635 2171 3665 2206 a

427 2250 553 2306 rege
600 2251 713 2290 non
755 2238 1055 2309 accepisse,
1126 2253 1291 2307 quam
1347 2238 1559 2293 insania
1625 2237 1846 2309 propria
1878 2236 2081 2294 talibus
2119 2255 2180 2296 se
2225 2240 2382 2296 malis
2420 2252 2475 2297 et
2522 2242 2783 2312 periculis
2826 2260 3125 2315 exponere.
3152 2247 3261 2302 Fac
3294 2246 3462 2319 igitur
3491 2248 3673 2313 cousi-

425 2326 619 2380 derate
670 2344 821 2399 agas,
870 2331 1074 2385 dilecte
1116 2331 1228 2394 ﬁli,
1275 2346 1376 2385 nec
1410 2330 1588 2400 abripi
1637 2339 1692 2385 te
1740 2345 1865 2386 cum
1892 2331 2001 2387 illis
2037 2341 2227 2403 patere
2272 2334 2367 2403 qui
2433 2334 2661 2390 consilia
2712 2336 2895 2391 divina
2927 2336 3146 2395 curiose
3208 2341 3541 2411 perscrutari
3575 2356 3673 2394 co-

423 2428 650 2473 nantur.
688 2420 822 2477 Nam
883 2422 977 2479 lici
1046 2423 1408 2480 beneﬁcentia
1465 2437 1808 2493 nequaquam
1854 2422 1996 2480 mala
2045 2426 2204 2481 nobis
2249 2426 2525 2493 conciliat,
2564 2426 2659 2483 sed
2724 2427 2950 2484 omnino
2991 2430 3239 2491 secordia
3278 2438 3471 2489 nostra
3498 2446 3674 2502 spon-

423 2518 699 2581 taneaque
739 2513 806 2568 ad
844 2515 1035 2571 vitium
1083 2517 1387 2574 inciinatio.

505 2629 657 2689 Ἀλλ’
687 2630 810 2686 οὐδὲ
838 2630 1083 2685 κωλῦσαι
1115 2633 1207 2690 τδν
1235 2635 1523 2707 ἄνθρωπον
1553 2638 1819 2711 ἔπρεπεν,
1841 2640 2007 2707 ἠνίκα

428 2720 487 2774 τὸ
550 2721 721 2793 φυτὸν
772 2722 1043 2792 ἐπεχείρει
1109 2728 1325 2795 φαγεῖν.
1370 2727 1496 2791 Πῶς
1541 2730 1673 2798 γὰρ,
1723 2730 2011 2801 εἴπεραὺ-

427 2811 707 2878 τεξούσιος
742 2811 841 2889 ἦνς
878 2815 939 2869 Εἰ
1001 2816 1103 2886 γὰρ
1150 2818 1502 2871 ἀναστέλλειν
1542 2821 1736 2890 ἔμελλε
1768 2821 1875 2887 τὸν
1919 2819 2013 2877 ἄν·

427 2905 656 2974 θρωπον
710 2908 740 2960 6
792 2906 945 2984 Θεὸς,
976 2908 1139 2978 ἡνίκα
1199 2908 1387 2963 τοῦτον
1446 2910 1594 2982 ἑώρα
1644 2914 1743 2982 τῆς
1793 2904 2011 2972 εὐθείας

2174 2632 2287 2689 Nec
2310 2632 2676 2706 conveniebat
2704 2631 2872 2701 Deum
2910 2632 3194 2697 hominem
3225 2632 3513 2702 impedire,
3544 2648 3672 2689 cum

2105 2726 2253 2783 vesci
2286 2726 2356 2781 de
2393 2726 2591 2785 arbore
2621 2726 2950 2795 conabatur.
2990 2725 3106 2781 Cur
3141 2726 3289 2780 enim
3345 2724 3398 2779 id
3444 2725 3674 2786 Iacent.

2105 2817 2199 2887 qui
2250 2816 2526 2873 hominem
2575 2816 2827 2877 libertate
2868 2817 3162 2873 voluntatis
3200 2817 3488 2887 praeditum
3526 2832 3678 2870 crea-

2106 2908 2297 2965 verat?
2326 2907 2529 2979 quippe
2578 2907 2626 2964 si
2674 2909 2952 2962 retrahere
2998 2908 3321 2966 decreverat
3373 2909 3674 2970 hominem.

429 2994 557 3048 ὁδοῦ
608 2995 799 3066 πόρρῳ
849 2996 1170 3067 φερόμενον,
1220 2996 1323 3051 ποῦ
1373 2998 1559 3053 λοιπὸν
1620 3000 1906 3069 ὲθεωρείτο
1950 2996 2005 3061 τὸ

2112 2999 2518 3073 quamprimum
2562 3004 2817 3055 cerneret
2848 3011 2974 3053 eum
3014 2998 3082 3055 de
3120 2998 3207 3053 via
3244 3008 3392 3053 recta
3423 2998 3680 3053 deﬂecte-

434 3088 641 3156 προσδν
671 3086 817 3152 αὐτῷ
846 3085 1102 3155 λογικόνς
1146 3087 1256 3142 Ποῦ
1296 3087 1352 3142 δὲ
1381 3089 1442 3142 τὸ
1485 3087 1851 3159 αὐτεξούσιον,
1872 3090 1928 3144 εἴ
1946 3105 2009 3157 γε

433 3179 534 3248 τῆς
578 3176 775 3244 ἀλόγου
804 3177 1022 3247 φύσεώς
1052 3180 1170 3232 ἐστι
1204 3181 1265 3233 τὸ
1306 3181 1624 3251 ἀϐουλήτως
1651 3176 1752 3249 ὧδε
1787 3182 2010 3251 κάκεῖσε

436 3273 807 3342 περιάγεσθαι
843 3290 903 3326 τε
934 3275 1031 3328 καὶ
1067 3275 1507 3347 μεταφέρεσθαις
1548 3276 2013 3348 Εἴπερὶὲχωλύετο

438 3365 513 3434 μὴ
551 3362 893 3431 ἁμαρτάνειν
926 3364 953 3418 6
986 3365 1293 3437 ἄνθρωπος,
1338 3368 1440 3433 ποῦ
1486 3369 1673 3423 λοιπὸν
1725 3370 1758 3437 ἡ
1808 3369 2012 3438 ἀρετῆς

437 3456 549 3508 Ποῦ
576 3455 635 3508 δὲ
659 3454 756 3508 καὶ
781 3457 832 3509 oi
862 3456 953 3511 διά
986 3456 1190 3529 ταύτην
1229 3460 1495 3531 διδόμενοι
1526 3462 1817 3529 στέφανοις
1844 3446 2014 3516 Κατὰ

437 3547 490 3600 τι
536 3547 601 3600 δι
650 3546 744 3599 καὶ
792 3547 824 3618 ἠ
872 3548 1119 3618 βασιλεία
1161 3550 1270 3604 τῶν
1303 3530 1548 3623 ούρανῶν
1596 3538 1831 3607 ἔπαθλον
1865 3551 2014 3618 αὑτῷ

440 3638 771 3708 πρόκειται,
822 3639 935 3707 εἴγε
991 3640 1068 3710 μὴ
1133 3643 1334 3713 σπουδῇ
1394 3644 1490 3699 καὶ
1537 3643 1630 3715 βίᾳ
1691 3644 1783 3697 καὶ
1833 3643 2012 3714 ἀγαθῇ

439 3730 771 3797 προαιρέσει
817 3728 911 3782 τοῦ
957 3729 1163 3798 ἀγαθοῦ
1213 3733 1423 3800 γένοιτο
1472 3734 1733 3804 μέτοχοςς
1765 3733 1880 3787 Οὐκ
1909 3733 2014 3787 ἔδει

438 3821 679 3874 κωλύειν
723 3821 907 3886 αὐτὸν,
938 3822 1025 3876 ἵνα
1074 3823 1151 3894 μὴ
1188 3826 1303 3887 τοῖς
1334 3824 1548 3893 ἀλόγοις
1587 3828 1615 3880 6
1648 3826 1862 3894 λογικὸς
1887 3826 2015 3879 ὲναο

444 3913 665 3983 ρίθμιος
713 3916 958 3983 γένηται,
990 3914 1088 3968 ἀτε
1134 3914 1198 3985 δὴ
1239 3914 1316 3987 μὴ
1349 3915 1685 3987 κεκτημένος
1724 3916 1822 3985 τὴν
1856 3917 2017 3986 χάριν

444 4006 545 4071 τῆς
578 4002 1078 4075 αύτεξουσιότητος.
1113 4007 1275 4060 Κατά
1311 4006 1469 4059 τοῦτο
1514 4009 1609 4061 καὶ
1637 4008 1665 4060 6
1701 4009 1875 4076 μέγας
1913 4008 2019 4059 Βα-

448 4096 651 4157 σίλειος
700 4095 841 4149 οὕτω
893 4098 1081 4166 φησιν’
1113 4115 1132 4149 ι
1177 4098 1235 4151 ’0
1273 4097 1466 4165 λέγων,
1506 4098 1591 4151 ἵνα
1618 4099 1671 4150 τί
1708 4097 1784 4168 μὴ
1818 4113 2018 4150 κατεσ-

444 4189 685 4241 κεύασεν
729 4189 1150 4259 ἀναμαρτήτους
1196 4190 1344 4260 ἡμᾶς
1376 4190 1405 4242 6
1451 4190 1606 4253 Θεὸς,
1640 4191 1791 4243 οὐδὲν
1830 4189 2020 4260 ἕτερον

445 4277 478 4346 ἢ
530 4276 634 4347 τὴν
677 4276 868 4345 ἄλογον
907 4276 1069 4345 φύσιν
1110 4276 1210 4346 τῆς
1255 4277 1476 4347 λογικῆς
1529 4264 1777 4349 προτιμᾷ
1805 4279 1896 4332 καὶ
1922 4278 2020 4350 τὴν

2114 3104 2196 3165 re,
2225 3104 2460 3159 quanam
2510 3103 2571 3149 re
2612 3087 2691 3144 vis
2739 3088 2966 3144 rationis
3004 3087 3193 3143 indita:
3233 3088 3444 3142 homini
3490 3089 3679 3144 decla-

2112 3195 2235 3249 rare
2278 3195 2338 3253 se
2369 3179 2683 3251 potuisset?
2736 3179 2851 3245 Qua
2895 3180 3023 3233 item
3058 3178 3231 3234 libera
3273 3174 3573 3235 voluntatis
3599 3180 3682 3236 fa-

2114 3272 2331 3328 cultas?
2357 3273 2657 3342 praesertim
2701 3286 2825 3326 cum
2857 3281 3066 3326 natura
3108 3272 3283 3327 bruta:
3318 3272 3391 3326 sit
3423 3288 3489 3327 ac
3519 3273 3685 3329 ratio-

2114 3380 2186 3420 ne
2216 3364 2486 3427 carentis,
2522 3373 2720 3435 βαδιεῖ
2756 3363 2925 3418 animi
2958 3363 3296 3419 voluntatem
3333 3365 3439 3419 huc
3463 3373 3519 3418 et
3550 3364 3684 3419 illuc

2115 3455 2452 3510 circumduci
2506 3463 2563 3511 et
2626 3453 2931 3509 transferri.
2988 3452 3363 3509 Consimiliter
3417 3453 3462 3509 si
3520 3455 3684 3509 homo

2115 3548 2312 3603 luisset
2343 3546 2635 3621 impeditus
2656 3546 2950 3616 quominus
2979 3546 3337 3615 deliuqueret,
3362 3546 3487 3615 quis
3514 3547 3686 3604 virtu-

2116 3640 2158 3695 ti
2191 3640 2345 3695 locus
2374 3639 2571 3695 fuisset
2608 3638 2891 3708 reliquus?
2936 3638 3073 3705 Quis
3104 3640 3325 3693 coronis
3370 3653 3492 3708 qua:
3518 3653 3688 3708 prop-

2121 3741 2205 3787 ter
2227 3731 2369 3787 hanc
2396 3731 2812 3787 conceduntur?
2838 3729 2948 3784 Cur
2968 3746 3199 3802 regnum
3224 3731 3447 3786 cmleste
3479 3730 3687 3784 homini

2119 3841 2221 3881 ceu
2279 3826 2560 3894 praemium
2622 3824 2961 3893 propositum
3002 3823 3097 3885 sit.
3154 3822 3427 3890 siquidem
3459 3836 3687 3875 necesse

2120 3932 2232 3974 nan
2266 3915 2436 3970 habet
2461 3922 2520 3969 ut
2552 3916 2670 3984 eius
2709 3914 2891 3969 studio
2934 3929 3059 3978 suo,
3102 3913 3177 3978 vi,
3218 3911 3480 3981 praelato
3522 3909 3688 3965 animi
3740 3920 3765 3929 θ

2123 4006 2402 4078 proposito
2432 4004 2701 4075 particeps
2734 4004 2867 4058 (int?
2927 4004 3312 4074 Impedieudus
3351 4000 3565 4056 scilicet
3594 4000 3692 4059 ho-

2121 4113 2213 4169 mo
2266 4112 2374 4152 non
2404 4104 2543 4158 erat,
2592 4109 2662 4149 ne
2690 4095 2781 4164 qui
2812 4095 3038 4148 rationis
3068 4101 3186 4147 erat
3218 4106 3464 4160 compos,
3504 4092 3694 4144 bruto-

2124 4206 2245 4245 rum
2300 4188 2359 4243 in
2404 4203 2695 4244 numerum
2753 4186 3071 4249 referretur,
3131 4200 3256 4240 cum
3311 4182 3581 4239 libertatis
3635 4182 3693 4235 in

2123 4281 2335 4354 agendo
2393 4280 2717 4335 beneﬁcium
2779 4278 3108 4349 possideret.
3170 4278 3430 4333 Eamdem
3471 4284 3699 4331 senten-

443 4370 711 4439 ἀκίνητον
748 4368 841 4421 καὶ
875 4369 1180 4441 ἀνόρμητον
1222 4370 1322 4440 τῆς
1373 4374 1758 4442 προαιρετικῆς
1794 4375 1889 4428 καὶ
1919 4358 2005 4442 ἐμ-

2126 4374 2254 4429 tiam
2280 4386 2510 4441 magnus
2543 4370 2775 4425 Basilius
2804 4370 2986 4425 verbis
3034 4370 3187 4424 hisce
3220 4367 3475 4424 disserit:
3512 4385 3533 4418 ι
3566 4364 3700 4431 Qui-

448 4462 724 4530 πράκτου.
763 4478 782 4511 ι

2133 4478 2353 4531 cunque
2381 4471 2538 4533 rogat
2566 4477 2663 4516 cur
2697 4476 2799 4517 nos
2835 4459 2978 4515 Deus
3016 4477 3127 4516 non
3181 4460 3255 4514 ita
3300 4458 3611 4517 condiderit
3639 4464 3702 4510 ut

450 4571 686 4624 peccare
714 4573 821 4611 non
857 4574 1162 4627 possemus,
1214 4560 1256 4616 is
1306 4559 1443 4614 nihil
1504 4558 1636 4614 facit
1663 4558 1808 4613 aliud
1857 4573 2023 4627 quam
2062 4561 2204 4629 quod
2279 4567 2528 4614 naturam
2588 4557 2803 4612 brutam
2833 4557 3063 4612 rationis
3093 4556 3341 4627 participi
3384 4564 3440 4612 et
3460 4570 3528 4611 ex
3559 4570 3700 4627 prte-

450 4650 660 4720 scripto
688 4650 905 4704 virtutis
939 4651 1120 4720 agenti
1154 4648 1390 4721 praefert.
1424 4669 1443 4704 ι

529 4768 947 4836 Παραχωρεῐται
991 4767 1175 4821 λοιπὸν
1201 4767 1230 4820 ὁ
1272 4766 1468 4836 Ἀδὰμ,
1500 4765 1733 4821 ἅπτεται
1779 4765 1874 4818 τοῦ
1929 4783 2030 4834 φυο

452 4860 572 4922 τοῦ,
610 4857 934 4927 γυμνοῦται,
988 4858 1331 4928 παραχρῆμα
1380 4857 1713 4927 παραδείσου
1755 4858 2030 4929 ὲξόριστος

459 4951 694 5015 γίνεται.
726 4948 792 5001 Τί
847 4949 909 5002 τὺ
956 4950 1049 5003 ἐπὶ
1100 4948 1345 5016 τούτοις;
1379 4950 1444 5002 Ol
1496 4950 1595 5019 τῆς
1643 4949 1824 5018 ψυχῆς
1864 4948 2030 5002 αὐτοῦ

354 5078 367 5085 ε
452 5041 820 5108 διανοίγονται
848 5041 1139 5109 ὀφθαλμοὶ,
1168 5040 1461 5095 κάντεῦθεν
1489 5041 1591 5110 ὁρᾷ
1631 5039 1890 5109 καθαρῶς
1923 5034 2032 5092 οἷον

456 5132 665 5198 ἀγαθόν
696 5134 844 5199 ἐστιν
864 5135 903 5202 »ἡ
928 5134 1030 5203 τῆν
1049 5133 1279 5201 ,ἐντολῆς
1318 5131 1536 5201 φυλακὴ
1579 5134 1674 5187 καὶ
1710 5132 1837 5185 ὅσον
1875 5127 2032 5195 αὖθις

459 5224 632 5277 κακὸν
680 5224 715 5293 ή
762 5224 967 5290 ταύτης
1022 5216 1355 5294 παράϐασις.
1389 5222 1531 5289 Ούδὲ
1584 5222 1693 5292 γὰρ
1750 5223 1811 5275 τὸ
1864 5222 2031 5289 φυτὸν

459 5315 657 5371 ἐκεῖνο.
692 5316 837 5369 καθὰ
868 5332 1033 5383 φησιν
1068 5314 1334 5381 Ἰώσηπος
1375 5315 1470 5367 καὶ
1499 5313 1771 5382 Νεμέσιος
1805 5313 1833 5364 6
1873 5313 2035 5381 Ἐμέ·

464 5406 566 5475 σης
591 5406 914 5469 ἐπίσκοπος,
936 5406 1191 5474 τοιαύτην
1218 5400 1334 5476 εἶχε
1364 5404 1527 5474 φύσιν
1559 5405 1703 5459 ὥστε
1733 5409 1845 5465 τοῖς
1877 5406 2041 5458 ἀπτο-

2200 4764 2567 4830 Quamohrem
2618 4760 2859 4816 Adamus
2903 4758 3132 4814 arbitrio
3179 4773 3280 4814 suo
3339 4760 3701 4832 relinquitur,

2130 4856 2382 4910 arborem
2423 4854 2662 4923 attingit.
2701 4851 2969 4905 continuo
3019 4851 3194 4906 nudus
3241 4850 3495 4919 efﬁcitur,
3525 4855 3703 4924 deque

2131 4944 2387 5013 paradiso
2424 4942 2742 5011 expellitur.
2774 4940 2914 5007 Quid
2951 4940 3077 4994 inde
3122 4942 3414 5009 sequitur?
3448 4946 3707 5012 aperiun-

2124 5046 2220 5091 tur
2247 5036 2415 5090 animi
2450 5035 2571 5102 ejus
2617 5034 2783 5096 oculi,
2820 5048 2930 5102 quo
2983 5035 3131 5087 l‘aclo
3182 5043 3449 5103 quantum
3503 5037 3702 5089 bonum

2139 5139 2279 5184 esset
2332 5128 2641 5180 observatio
2688 5124 2933 5179 mandati
2986 5125 3285 5195 perspicit,
3333 5137 3707 5195 quantumque

2141 5229 2330 5274 contra
2368 5218 2525 5286 102
2556 5217 2759 5271 malum
2810 5216 3055 5285 ejusdem
3111 5216 3355 5269 violatio.
3401 5215 3511 5268 Nec
3560 5214 3705 5267 enim
3800 5240 3807 5247 ε

2135 5311 2302 5365 arbor
2344 5309 2458 5372 illa,
2500 5307 2961 5376 quemadmodum
3002 5306 3272 5375 Josephus
3321 5314 3375 5358 et
3421 5302 3711 5357 Nemcsius

2138 5404 2372 5457 antistes
2407 5401 2706 5454 Emesenus
2756 5399 3075 5462 declarant,
3124 5395 3389 5466 ejusmodi
3452 5400 3703 5446 naturam

468 5499 654 5567 μένοις
688 5497 853 5551 αὐτοῦ
881 5497 1137 5567 φρόνησιν
1170 5499 1369 5551 ἐνιέναι
1403 5497 1497 5551 τοῦ
1533 5498 1595 5550 τὸ
1632 5497 1799 5551 καλὸν
1837 5495 2005 5549 εἰδένα

2139 5495 2471 5549 habebat-ut
2504 5508 2569 5547 ex
2627 5507 2686 5546 se
2717 5491 3141 5569 decerpentibus
3188 5487 3405 5541 inderet
3460 5484 3709 5553 pruden-

469 5591 569 5641 καὶ
613 5590 872 5659 πονηρόν.
907 5589 965 5642 Εί
1014 5592 1121 5661 γὰρ
1155 5589 1311 5655 ξύλον
1360 5589 1495 5642 αὐτὸ
1550 5587 1871 5656 γνώσεωςὴ
1908 5584 2005 5658 ἀγίη

2143 5587 2297 5649 tiam,
2327 5602 2433 5654 qua
2473 5585 2676 5638 bonum
2706 5598 2769 5636 ac
2821 5582 3021 5637 malum
3049 5585 3432 5647 agnoscerent.
3466 5574 3706 5631 Tametsi

472 5680 837 5751 κατονομάζει
867 5682 1078 5752 Γραφὴ,
1111 5682 1225 5734 ἀλλ’
1252 5682 1315 5734 οὐ
1348 5682 1434 5736 διὰ
1468 5680 1622 5734 τοῦτο
1658 5682 1750 5733 καὶ
1782 5679 2003 5750 τοιαύτη

2140 5680 2399 5734 nimirum
2432 5676 2648 5732 Μαι-τω
2677 5688 2845 5729 sacrae
2876 5672 3019 5739 illam
3048 5667 3289 5725 scientiae
3328 5668 3535 5740 lignum
3560 5681 3712 5737 nun-
