4062 6186
527 260 629 324 2.1

1803 270 2223 332 MICHAELIS
2257 273 2453 337 GLYC
2468 274 2526 334 ,Ε

3660 273 3762 336 2:2

528 371 700 425 divini
748 372 1081 441 pranuntiati
1111 373 1282 443 legem
1336 386 1507 430 semet
1534 378 1799 455 demittit.
1835 383 2096 437 Caeterum

2208 383 2299 436 τὸν
2339 384 2697 454 ἁμαρτάνειν,
2727 384 2853 441 ὅσον
2894 383 3006 454 ἄρα
3057 383 3114 436 τὸ
3150 383 3245 437 καὶ⁸
3298 384 3516 454 ἑτέρους
3556 384 3760 453 ἐνάγειν

528 462 830 533 prudenter
880 464 1199 518 observabis
1243 480 1397 534 aque
1447 482 1612 537 grave
1645 485 1765 524 esse
1793 477 2102 543 quemp'am

525 554 662 608 alios
693 554 757 607 ad
794 554 1125 623 peccandum
1154 554 1459 625 impellere,
1479 575 1543 614 ac
1568 560 1616 614 si
1646 561 1930 631 delinquat
1965 566 2103 633 ipse.

529 644 821 713 Propterea
872 646 1088 716 gravior
1117 650 1393 716 serpentis
1427 665 1584 720 poena
1624 651 1729 705 fuit
1759 668 1921 721 quam
1956 652 2102 717 Evze,

526 751 860 805 rursumque
910 737 1129 807 gravior
1178 738 1304 794 Eva
1331 756 1494 809 quam
1541 741 1756 810 Adami,
1799 746 1943 814 quod
1970 745 2107 801 Ada-

529 842 675 881 mum
706 827 812 880 Eva
848 827 1179 898 decepisset,
1211 830 1377 885 Evam
1404 848 1653 903 serpens.

595 916 990 974 Existimarunt
1041 929 1225 975 autem
1271 921 1579 999 Manichaii,
1630 926 1732 980 hac
1782 926 2113 980 narratione

521 1012 680 1067 moti.
722 1013 878 1067 bruta
919 1026 1141 1082 quoque
1176 1014 1401 1081 praedita
1446 1031 1569 1071 esse
1595 1020 1779 1071 anima
1813 1018 2013 1073 mentis
2040 1032 2104 1074 ac

521 1100 899 1169 intelligentia:
941 1102 993 1156 vi
1041 1104 1328 1173 participe.
1360 1104 1499 1158 Nam
1548 1107 1756 1175 absque
1786 1107 1877 1162 illo
1901 1107 1990 1173 sit,
2019 1106 2103 1161 in-

518 1192 739 1259 quiunt,
769 1190 909 1246 Deus
955 1192 1223 1261 supplicio
1280 1206 1588 1264 serpentem
1642 1213 1751 1251 non
1801 1197 2098 1254 ad‘ecisset.

520 1282 590 1337 At
622 1282 768 1336 enim
814 1282 917 1338 hoc
964 1283 1191 1340 minime
1221 1301 1417 1341 verum
1451 1304 1600 1349 esse,
1627 1290 1697 1344 de
1722 1289 1907 1346 verbis
1946 1291 2103 1346 hisce

520 1372 793 1429 Davidicis
872 1375 1166 1445 perspicue
1237 1386 1388 1447 patet
1452 1396 1473 1430 ι
1537 1378 1721 1434 Nolite
1786 1382 2101 1438 consimiles

519 1467 681 1556 equis
717 1473 773 1518 et
825 1464 989 1519 mulis
1021 1466 1159 1532 ﬂeri,
1187 1482 1310 1536 qua:
1350 1468 1711 1540 intelligentia
1741 1479 1928 1526 carent
1961 1470 2029 1525 ".
2075 1490 2094 1523 ι

520 1556 740 1624 Alioqui
772 1556 817 1610 si
852 1567 1144 1627 propterea
1194 1567 1385 1628 putant
1432 1562 1624 1617 brutas
1652 1563 1860 1619 bestias
1904 1563 2102 1618 anime

520 1647 896 1717 intelligentiae
923 1650 976 1703 vi
1007 1650 1247 1718 prmdite
1285 1652 1579 1723 participes
1619 1669 1763 1723 esse,
1797 1656 1924 1724 quia
1970 1670 2102 1725 sup-

2210 475 2291 538 είς
2328 474 2624 545 ἁμαρτίαν.
2670 474 2828 533 Κατὰ
2877 473 3034 529 τοῦτο
3083 478 3179 528 καὶ
3210 474 3518 546 βαρυτέραν
3562 477 3759 546 ὑπέστη

2207 567 2305 633 τῆς
2354 562 2493 627 Εὔας
2537 564 2634 634 τὴν
2670 564 2914 621 κόλασιν.
2954 564 3020 621 Ἡ
3071 562 3186 619 Εὕα
3224 565 3386 618 πάλιν
3432 566 3528 619 τοῦ
3578 567 3763 638 Ἀδὰμ,

2206 655 2289 708 ὅτι
2326 653 2417 709 τὸν
2472 653 2640 725 Ἀδὰμ
2682 654 2967 724 ἠπάτησεν
3004 655 3037 724 ἠ
3079 653 3211 723 Εὕα,
3258 656 3372 715 ,καὶ
3425 656 3526 727 τὴν
3563 656 3702 715 Εὕαν
3741 663 3768 713 ὸ

2206 747 2351 815 ϐφις.

2288 920 2427 974 Ἀλλ’
2464 921 2530 975 έκ
2574 919 2766 974 τούτου
2807 920 2999 991 νοερᾶς
3048 920 3301 992 μετέχειν
3338 920 3516 994 ψυχῆς
3560 921 3657 976 καὶ
3704 924 3767 989 τᾲ

2204 1011 2377 1080 ἄλογα
2399 1014 2449 1065 οῑ
2477 1012 2764 1080 Μανιχαῐοι
2808 1012 3068 1081 ἐνόμισαν
3089 1026 3103 1041 ⁸
3139 1013 3189 1065 εί
3221 1011 3295 1082 μὴ
3333 1012 3443 1082 γὰρ
3486 1013 3647 1068 τοῦτο
3680 1010 3763 1086 ἦν,

2204 1103 2280 1166 ὡς
2305 1103 2505 1156 ἐκεῖνοί
2539 1108 2722 1171 φασιν,
2749 1105 2850 1156 οὐκ
2885 1101 2952 1157 ἂν
2973 1103 3288 1173 έτιμώρησε
3308 1102 3398 1155 τὸν
3419 1103 3546 1172 ὅφιν
3569 1106 3596 1159 ό
3617 1105 3761 1173 Θεὸς,

2205 1186 2306 1247 οὐκ
2336 1192 2403 1247 ἂν
2437 1193 2545 1265 ἀρᾷ
2575 1191 2983 1248 καθυπέϐαλεν.
3028 1191 3164 1246 Ἀλλ’
3186 1192 3287 1246 οὐκ
3317 1191 3437 1246 ἐστι
3464 1194 3655 1256 τοῦτο(
3671 1196 3766 1249 οὐκ

2205 1284 2344 1336 ἐστι.
2382 1283 2493 1339 Καὶ
2539 1282 2701 1350 δῆλον
2750 1281 2814 1345 ἐξ
2863 1273 2940 1336 ὧν
2993 1282 3022 1335 ό
3078 1281 3365 1353 προφήτης
3413 1280 3563 1350 λέγει
3608 1285 3766 1340 Δαϐὶδ

2209 1393 2227 1425 ι
2267 1374 2358 1445 Μὴ
2398 1373 2614 1442 γίνεσθε
2654 1374 2731 1435 ὡς
2769 1373 2939 1434 ῑππος
2985 1373 3082 1427 καὶ
3114 1372 3361 1443 ἡμίονος,
3394 1365 3477 1436 οἷς
3524 1373 3627 1428 οὐκ
3657 1374 3764 1426 ἔστι

2205 1464 2439 1526 σύνεσις.
2485 1482 2504 1515 ι
2540 1462 2754 1526 Ἄλλως
2804 1480 2866 1518 τε
2911 1464 2960 1517 εί
3008 1462 3099 1517 διὰ
3135 1464 3198 1516 τὸ
3242 1463 3629 1534 τιμωρηθῆναι
3681 1465 3765 1515 τὸν

2201 1553 2327 1622 ὅφιν
2356 1553 2576 1606 δοκοῦσι
2615 1553 2711 1607 καὶ
2750 1552 2819 1605 τὰ
2857 1552 3030 1619 ἄλογα
3056 1553 3251 1622 νοερᾶς
3287 1554 3538 1623 μετέχειν
3570 1554 3762 1624 ψυχῆς,

2198 1641 2261 1694 τὸ
2283 1639 2492 1695 κωλῦον
2518 1641 2737 1704 πάντως
2773 1640 2928 1695 οὐδὲν
2954 1641 3031 1711 μὴ
3060 1642 3157 1695 καὶ
3185 1641 3273 1693 ἐπ’
3323 1641 3505 1694 αὐτῶν
3536 1639 3643 1695 τῶν
3673 1658 3767 1710 φυ-

517 1738 682 1808 plicio
738 1754 965 1811 serpens
1019 1742 1252 1800 aﬂectus
1310 1743 1501 1809 fuerit,
1548 1748 1685 1803 nihil
1733 1757 1817 1802 est
1870 1748 2093 1803 omnino

2202 1734 2309 1787 τῶν
2346 1732 2409 1784 τὸ
2456 1732 2700 1793 τοιοῦτον
2737 1731 2917 1800 δόγμα
2967 1733 3209 1802 κρατεῖν,
3249 1734 3304 1786 ετ
3339 1749 3405 1801 γε
3457 1733 3556 1802 τὴν
3596 1737 3763 1804 συκῆν

517 1830 660 1898 quod
698 1831 958 1901 impediat
985 1835 1279 1906 quominus
1325 1839 1517 1893 eadem
1548 1840 1604 1894 in
1640 1841 1930 1895 arboribus
1956 1855 2097 1911 quo-

516 1933 626 1986 que
677 1921 871 1981 .valeat
936 1924 1158 1993 opinio,
1227 1927 1451 1997 quando
1509 1928 1671 1984 ﬁcum
1734 1930 2096 1985 exsecrationi

517 2009 772 2067 Christus
820 2015 1079 2084 subjecit,
1126 2032 1250 2073 cum
1304 2020 1561 2076 esuriens
1621 2022 1859 2077 fructum
1913 2023 1969 2075 in
2029 2036 2095 2081 ea

517 2103 732 2159 nullum
791 2108 1083 2177 reperiret.
1125 2109 1325 2179 Dejicit
1364 2125 1495 2184 ergo
1533 2123 1845 2182 serpentem
1887 2115 1941 2169 in
1984 2123 2095 2169 ter-'-

515 2208 634 2249 rant
676 2193 840 2260 Deus,
874 2206 934 2251 ut
982 2202 1199 2261 tamtsi
1243 2203 1367 2271 quis
1399 2204 1547 2259 haud
1585 2214 1777 2261 cernat
1818 2206 1950 2277 quid
1980 2205 2097 2260 dia-

518 2286 647 2342 bolo
710 2287 992 2356 acciderit,
1050 2291 1413 2352 nihilominus
1478 2308 1820 2367 serpentem,
1873 2298 1967 2368 qui
2027 2298 2097 2353 de

512 2379 789 2434 sententia
837 2380 1214 2454 Chrysostomi
1254 2386 1384 2440 olim
1433 2398 1653 2445 erectus
1696 2390 1896 2454 stabat,
1940 2390 2094 2445 humi

519 2478 801 2538 repentem
832 2471 1058 2530 intuens
1089 2489 1277 2531 secum
1303 2479 1372 2533 ad
1394 2480 1639 2536 animum
1673 2490 1917 2546 revocet,
1945 2482 2095 2552 quod

518 2575 644 2615 cum
691 2562 951 2620 facinoris
1009 2566 1177 2637 huius
1228 2568 1557 2627 administer
1602 2572 1889 2640 multetur,
1922 2573 2096 2628 multo

520 2653 691 2724 magis
728 2656 1154 2714 existimandum
1192 2660 1268 2716 sit
1303 2660 1609 2733 principem
1655 2662 1784 2717 mali
1813 2672 2093 2719 auctorem

518 2744 725 2810 puniri.
780 2746 1052 2805 Caeterum
1122 2750 1396 2822 supplicio
1460 2761 1773 2821 serpentem
1848 2753 2093 2810 afﬁciens

518 2833 684 2898 Deus,
740 2837 1009 2906 ejusmodi
1058 2840 1188 2910 quid
1237 2841 1367 2896 facit
1409 2843 1568 2911 quale
1625 2844 1850 2899 liberum
1890 2860 2089 2900 amans

516 2929 693 2997 pater.
723 2925 840 2985 Non
889 2938 1102 2987 tantum
1145 2934 1292 2989 enim
1343 2935 1391 2991 is
1443 2936 1600 3007 105
1635 2937 1707 2993 de
1732 2936 2092 2994 interfectore

2200 1824 2308 1892 ἀρᾷ
2358 1820 2741 1875 καθυπέϐαλεν
2789 1822 2817 1874 ό
2863 1821 3116 1892 Χριστὸς,
3156 1821 3322 1890 ἡνίκα
3372 1822 3635 1886 πεινάσας
3675 1825 3767 1892 οὐχ

2196 1908 2360 1985 εὗρεν
2404 1911 2616 1983 καρπὸν
2669 1914 2731 1966 έν
2767 1910 2933 1982 αὐτῇ.
2977 1910 3305 1995 Ὑποϐάλλει
3348 1912 3528 1965 τοίνυν
3575 1916 3603 1966 ό
3632 1913 3764 1973 Θεὸς

2190 2009 2290 2062 τὸν
2317 2007 2439 2075 ὅφιν
2462 2006 2702 2076 κατάρᾳ,
2728 2004 2820 2058 τνα
2860 2004 2963 2058 κᾶν
2986 2003 3080 2058 τὸν
3106 2004 3354 2059 διάϐολον
3384 2007 3446 2058 οὐ
3485 2004 3665 2079 βλέπῃ
3688 2023 3765 2067 τις

2154 2092 2171 2107 ’
2192 2101 2249 2153 τί
2281 2098 2473 2162 ἔπαθε,
2502 2096 2597 2150 τὸν
2626 2098 2751 2166 ὅφιν
2798 2097 2886 2149 ἀεὶ
2931 2095 3143 2166 βλέπων
3183 2096 3483 2168 συρόμενον
3511 2099 3602 2151 τόν
3641 2114 3765 2151 ποτε

2192 2190 2609 2260 διανεστηκότα,
2633 2188 2709 2251 ὡς
2742 2189 3217 2259 όςιΧρυσορρήμων
3253 2189 3438 2259 φησὶν,
3464 2190 3768 2260 ὑπόμνησιν

2198 2282 2340 2355 λάϐῃ
2378 2284 2460 2335 ὅτι
2494 2282 2543 2334 εί
2576 2281 2606 2332 ὁ
2635 2278 2917 2350 ὑπουργὸς
2963 2279 3067 2349 τῆς
3116 2280 3316 2344 κακίας
3362 2280 3459 2334 ἐπὶ
3510 2284 3766 2335 τοσοῦτον

2197 2372 2515 2437 κολάζεται,
2546 2371 2680 2441 περὶ
2707 2368 2804 2423 τοῦ
2831 2369 3167 2440 πρωταιτίου
3208 2370 3262 2424 τί
3295 2371 3403 2443 χρὴ
3432 2371 3529 2426 καὶ
3563 2371 3765 2440 λέγειν.

2192 2464 2534 2534 Τιμωρεῖται
2596 2461 2689 2516 τὸν
2741 2460 2868 2531 ὅφιν
2918 2462 2949 2516 ὁ
3011 2460 3144 2526 Θεδς
3199 2452 3442 2518 τοιοῦτόν
3493 2481 3547 2518 τι
3599 2465 3769 2520 ποιῶν

2193 2553 2380 2606 ὁποῖον
2421 2552 2489 2622 δὴ
2542 2552 2641 2606 καὶ
2685 2549 3048 2622 φιλόστοργος
3081 2551 3287 2623 πατήρ.
3327 2553 3406 2607 Οὔ
3452 2555 3616 2623 μόνον
3663 2553 3767 2623 γὰρ

2194 2644 2285 2697 τὸν
2296 2643 2466 2714 φονέα
2490 2642 2586 2697 τοῦ
2607 2641 2741 2696 Υίοῦ
2761 2641 2929 2696 αὐτοῦ
2952 2645 3303 2715 τιμωρεῖται,
3328 2645 3467 2700 ἀλλὰ
3486 2647 3660 2701 καὶτὸ
3678 2648 3767 2702 τοῦ

2190 2735 2354 2801 φόνου
2395 2734 2630 2806 ὄργανον
2681 2733 3007 2790 συνθλάττει
3045 2750 3107 2790 τε
3153 2735 3248 2788 καὶ
3278 2736 3360 2799 είς
3394 2737 3564 2791 πολλᾶ
3596 2754 3767 2807 κατα-

2188 2828 2403 2898 τέμνει.
2432 2847 2451 2881 ι
2473 2828 2647 2891 Αὐτός
2676 2844 2770 2880 σου
2801 2828 3035 2897 τηρήσει
3053 2826 3164 2897 τὴν
3194 2827 3459 2899 κεφαλήν.
3498 2848 3516 2881 ι
3548 2831 3765 2894 Οὐκέτι,

2186 2920 2348 2989 φησὶ,
2374 2917 2514 2989 πρὸς
2539 2916 2856 2982 επιϐουλὰς,
2877 2911 2923 2975 ὧ
2949 2918 3063 2989 om,
3412 2922 3766 2995 παρρησιὰσῃ
3820 2972 3831 2975 -

516 3019 613 3074 lilii
642 3021 725 3075 sui
771 3024 1099 3092 supplicium
1141 3028 1331 3088 sumit.
1371 3030 1466 3083 sed
1515 3031 1693 3097 ipsum
1727 3030 1891 3083 etiam
1922 3026 2089 3082 cadis

2196 3011 2339 3067 καθὰ
2386 3010 2451 3081 δὴ
2501 3012 2599 3064 καὶ
2642 3010 2701 3063 τὸ
2747 3011 3036 3081 πρότερον,
3085 3010 3225 3065 ἀλλὰ
3263 3012 3328 3066 σὺ
3379 3014 3477 3083 μὲν
3514 3014 3768 3067 τοσοῦτον

516 3089 943 3166 instrumentum
978 3113 1275 3185 confringit
1324 3132 1388 3169 ac
1445 3089 1649 3170 multas
1696 3116 1749 3169 in
1798 3128 1984 3185 partes
2013 3117 2095 3169 la-

2196 3103 2338 3168 ἓξεις
2374 3101 2483 3154 τῶν
2514 3100 2820 3172 ἀνθρώπων
2866 3100 2961 3155 τὸν
3005 3101 3172 3171 φόϐον
3219 3101 3361 3156 ὥστε
3406 3105 3770 3177 περιπατούν-

506 3209 687 3255 serat.
738 3200 1052 3257 Secundum
1093 3202 1208 3258 hac
1249 3204 1390 3259 Deus
1419 3205 1536 3259 ait:
1581 3223 1599 3256 ι
1636 3205 1963 3260 Observabit
2002 3202 2095 3257 ille

2197 3214 2308 3251 των
2341 3198 2438 3249 καὶ
2476 3197 2703 3251 ἐκείνων
2751 3194 2971 3250 ἀκούων
3011 3197 3247 3267 φωλεοῖς
3294 3198 3771 3270 έγκατακρῦπτειν

514 3300 681 3357 caput
725 3299 878 3345 tuum
923 3292 990 3347 '“.
1034 3311 1055 3344 ι
1092 3292 1208 3347 Non
1250 3294 1361 3362 jam
1393 3296 1650 3364 amplius,
1688 3294 1891 3365 inquit,
1923 3294 2092 3348 aude—
2192 3288 2411 3345 ἑαυτόν.
2794 3366 2799 3369 ρ

518 3379 601 3435 bis
646 3391 701 3437 tu
756 3398 990 3451 serpens
1038 3382 1353 3440 hominibus
1413 3385 1641 3442 insidias
1712 3398 1958 3451 struere,
2017 3382 2165 3454 quod
2205 3374 2468 3436 hactenus
2514 3377 2720 3445 fecisti,
2768 3378 2863 3435 sed
2911 3387 3093 3436 tantus
3140 3382 3243 3438 erit
3293 3393 3471 3440 metus
3516 3394 3771 3455 tantaque

517 3476 751 3533 formido
793 3487 881 3531 tua
923 3487 981 3531 ut
1009 3479 1421 3534 ambulantibus
1445 3480 1552 3535 illis
1586 3491 1754 3537 temet
1778 3482 1835 3535 in
1858 3480 2093 3536 latebras
2134 3488 2252 3533 tuas
2283 3477 2362 3531 sis
2385 3475 2696 3530 abditurus.

585 3566 776 3620 Tradit
801 3569 948 3620 enim
981 3566 1097 3621 suis
1144 3567 1200 3621 in
1235 3568 1486 3638 epistolis
1528 3585 1758 3639 magnus
1783 3570 1873 3625 ille
1905 3568 2087 3631 Haca-

2276 3567 2335 3618 '0
2369 3566 2469 3635 μὲν
2519 3564 2613 3618 οῦν
2656 3565 2834 3635 μέγας
2886 3558 3174 3636 Μακάριος
3214 3569 3275 3622 έν
3317 3570 3629 3635 ἐπιστολαῖς
3674 3573 3773 3626 αὺ-

516 3662 630 3713 rius
662 3659 729 3713 de
770 3659 1009 3724 diabolo,
1042 3660 1289 3715 futurum
1329 3661 1498 3717 fuisse
1540 3674 1594 3716 ut
1628 3664 1813 3718 statim
1850 3678 1883 3716 ο
1928 3646 2087 3731 lapsu

2196 3658 2287 3711 τοῦ
2318 3657 2428 3728 (23)
2456 3657 2588 3727 περὶ
2625 3657 2720 3711 τοῦ
2751 3658 2999 3712 διαϐόλου
3027 3659 3192 3730 φησιν
3225 3660 3311 3713 ὃτι
3353 3662 3471 3732 ἅμα
3496 3662 3575 3731 τῷ
3604 3663 3770 3715 ἐκπε-

513 3750 776 3821 εεὴεηιιε
821 3738 1151 3818 traderetur,
1182 3752 1280 3808 sed
1327 3752 1774 3819 ei,conoessisse
1818 3754 1991 3809 Deum
2030 3764 2089 3809 ut

2196 3752 2307 3804 σετν
2350 3752 2417 3820 τῇ
2466 3750 2661 3821 γεέννῃ
2715 3750 3089 3821 παραδοθῆναι
3132 3750 3386 3822 ἔμελλεν,
3438 3752 3553 3806 ἀλλ’
3606 3755 3765 3823 είάθη

512 3844 810 3895 humanum
873 3857 1045 3911 genus
1086 3853 1449 3914 oppugnaret,
1481 3860 1590 3915 quo
1628 3845 1835 3900 Christi
1888 3845 2087 3900 milites

2196 3845 2472 3915 πολεμεῖν.
2502 3843 2593 3898 ἶνα
2620 3845 2866 3913 φανῶσιν
2900 3844 2951 3897 oi
2981 3844 3076 3897 τοῦ
3121 3846 3360 3916 Χριστοῦ
3397 3849 3726 3917 στρατιῶται
3750 3864 3764 3879 ·

510 3948 633 3988 sese
667 3933 960 4003 probarent
985 3948 1050 3989 ac
1074 3933 1439 3994 declararent.
1468 3933 1727 3992 Eamdem
1755 3938 1825 3993 ob
1862 3951 2085 3992 causam

2196 3936 2463 3992 ἀντιδίκου
2491 3936 2600 4005 γὰρ
2639 3934 2715 4008 μὴ
2747 3935 3114 4006 προκειμένου
3154 3938 3204 3991 oi.
3248 3938 3459 4006 γνήσιοι
3506 3936 3768 4006 στρατιῶ-

502 4027 682 4097 magis
711 4026 871 4080 etiam
922 4027 1251 4087 damnabilis
1300 4030 1573 4099 supplicio
1608 4029 1851 4099 graviori
1882 4031 2088 4085 multa-

2196 4043 2280 4080 ται
2316 4026 2410 4079 τοῦ
2446 4025 2712 4097 βασιλέως
2735 4027 2796 4081 οὐ
2838 4026 3219 4094 φανεροῦνται.
3256 4026 3419 4081 Ὅθεν
3469 4026 3546 4089 ὡς
3601 4043 3767 4079 κατα-

512 4117 681 4172 bitur.
718 4117 947 4173 Basilius
996 4120 1051 4174 in
1102 4120 1255 4176 Isaiae
1299 4122 1437 4176 vatis
1486 4125 1838 4181 enarratione
1892 4124 2087 4193 hujus-

2196 4117 2484 4189 δικώτερος
2528 4118 2894 4188 σφοδροτέραν
2943 4120 3167 4189 εὑρήσει
3194 4119 3294 4187 τὴν
3338 4118 3579 4171 κόλασιν.
3617 4118 3680 4172 Ὀ
3709 4117 3764 4170 δὲ

512 4207 659 4262 modi
710 4207 953 4275 quaedam
1007 4207 1076 4262 de
1125 4209 1343 4271 diabolo
1375 4213 1619 4279 protulit.
1654 4210 1928 4267 Fortassis
1962 4221 2089 4269 alite

2196 4210 2370 4279 μέγας
2401 4208 2691 4272 Βασίλειος
2737 4210 2796 4263 ἐν
2835 4211 2900 4279 τῇ
2947 4210 3027 4272 είς
3075 4211 3168 4263 τὸν
3216 4209 3503 4279 προφήτην
3536 4208 3767 4262 Ἡσαΐαν

508 4297 849 4353 creationem
903 4299 1145 4363 hominis
1200 4300 1420 4356 diabolo
1471 4317 1690 4372 quoque
1750 4303 2088 4372 poenitentia

2196 4303 2459 4373 ἑρμηνείᾳ
2529 4304 2624 4356 καὶ
2686 4301 2811 4355 τάδε
2872 4301 3003 4370 περὶ
3072 4300 3168 4354 τοῦ
3218 4299 3467 4354 διαϐόλου
3522 4299 3765 4363 διέξεισι.

515 4388 670 4443 locus
719 4390 938 4449 relictus
977 4390 1190 4463 fuisset,
1224 4407 1288 4447 ac
1332 4395 1603 4462 potuisset
1652 4395 1921 4464 superbus
1966 4394 2075 4456 ille,

2196 4415 2212 4447 ι
2249 4380 2407 4465 Τᾶχα
2439 4395 2547 4465 γὰρ
2577 4393 2682 4463 πρὸ
2709 4391 2806 4448 τοῦ
2840 4392 3128 4462 κτισθῆναι
3155 4391 3247 4446 τὸν
3276 4391 3566 4462 ἄνθρωπον
3594 4390 3765 4449 τόπος

508 4495 826 4549 quanquam
875 4481 1072 4536 malum
1117 4482 1478 4538 inveteratum
1537 4485 1708 4550 foret,
1766 4500 1864 4553 per
1913 4483 2089 4553 ptenio

2196 4488 2289 4557 τῆς
2348 4486 2634 4555 μετανοίας
2690 4486 2785 4538 καὶ
2839 4484 2917 4554 τῷ
2977 4483 3207 4553 διαϐόλῳ
3257 4481 3606 4545 ὑπελείπετο,
3673 4479 3770 4533 καὶ

510 4572 745 4628 tentiam
791 4572 1042 4630 adhibito
1076 4573 1179 4630 sibi
1230 4576 1476 4631 remedio
1525 4576 1815 4645 pristinam
1857 4575 1924 4629 ad
1957 4590 2091 4630 con.-

2196 4579 2422 4648 ἠδύνατο
2469 4580 2499 4630 ό
2553 4576 2742 4647 τῦφος,
2776 4578 2826 4630 εί
2876 4577 2973 4631 καὶ
3021 4575 3379 4646 ἀρχαιότερον
3425 4573 3641 4641 νόσημα
3676 4566 3766 4640 ἦν,

509 4663 780 4719 ditionem
832 4667 1071 4735 seipsum
1113 4665 1426 4729 restituere.
1481 4666 1681 4729 Verum
1739 4676 2088 4735 posteaquam

512 4764 704 4811 secuta
730 4765 812 4808 est
847 4757 1031 4811 mundi
1065 4758 1268 4812 creatio
1292 4758 1812 4827 itemque‘paradisi,
1837 4774 1903 4819 ac
1925 4758 2089 4821 homo

516 4848 581 4920 in
616 4845 869 4916 paradiso
920 4849 1186 4905 exsistere
1217 4852 1407 4920 cmpit,
1432 4859 1489 4909 et
1516 4850 1829 4911 mandatum
1860 4859 1914 4903 et
1941 4849 2087 4911 invi-

512 4916 606 4991 dia
646 4933 846 4989 diaboli
896 4937 1124 4993 accessit
1175 4948 1231 4994 et
1279 4916 1516 4997 hominis
1565 4940 1743 4998 ornati
1782 4955 1809 4991 a
1847 4937 1959 4992 Deo
1988 4953 2091 5001 cae-

513 5026 637 5090 des,
675 5042 741 5087 ex
785 5042 851 5081 eo
884 5031 1097 5086 scilicet
1146 5040 1392 5102 tempore
1435 5032 1631 5087 modus
1670 5032 1719 5086 ei
1758 5030 2094 5101 paenitentiae

515 5119 703 5173 nullus
754 5130 839 5179 est
888 5124 1132 5180 relictus.
1182 5124 1394 5193 Quippe
1443 5124 1489 5178 si
1540 5124 1715 5179 Esaus
1757 5124 2095 5194 poenitentia:

518 5210 695 5265 locum
731 5230 839 5269 non
875 5216 1102 5277 invenit,
1141 5232 1265 5271 cum
1315 5216 1768 5286 primigeniorum
1806 5219 1929 5288 jura
1965 5234 2095 5273 ven-

513 5299 770 5371 didisset,
803 5307 927 5375 quis
972 5307 1022 5365 ei
1065 5307 1289 5365 relictus
1317 5309 1389 5363 sit
1418 5308 1752 5378 paenitentia:
1792 5309 1963 5376 locus,
1991 5312 2084 5380 qui

584 5454 634 5487 θ’
674 5452 817 5508 Psal.
850 5470 997 5520 χχιιι,
1032 5454 1086 5509 8.
1162 5453 1208 5487 ⁸⁸
1237 5454 1373 5511 Gen.
1411 5473 1494 5523 Ill.
1528 5457 1618 5512 ‘16-

593 5599 705 5655 (9.5)
740 5597 893 5663 Quod
924 5598 991 5651 «le
1020 5598 1236 5670 Macarii
1270 5598 1441 5670 Magni
1472 5600 1722 5667 epistolis
1784 5601 1945 5655 habet
2006 5602 2089 5655 in-

520 5680 741 5736 terpres
765 5670 815 5723 in
842 5669 1028 5724 codice
1059 5669 1363 5725 Fontiscbr.
1410 5669 1723 5724 referuntur
1775 5671 1840 5723 ad
1878 5681 2096 5737 aposto-

2192 4671 2339 4739 ὅμως
2372 4670 2460 4722 διὰ
2486 4669 2583 4736 τῆς
2617 4669 2909 4739 μετανοίας
2938 4668 3134 4721 ἑαυτὸν
3162 4667 3520 4735 ὲξιασὰμενος
3544 4665 3764 4715 ἀποκα-

2190 4762 2458 4829 ταστῆσαι
2510 4758 2675 4813 αὐτὸν
2728 4761 2812 4823 είς
2871 4760 2932 4813 τὸ
2981 4759 3041 4824 ἐξ
3089 4760 3285 4829 ἀρχῆς.
3321 4757 3440 4825 ’Acp'
3490 4752 3550 4809 οῦ
3577 4755 3636 4809 δι
3674 4752 3771 4805 τοῦ

2194 4852 2402 4920 κόσμου
2457 4852 2490 4922 ἡ
2548 4849 2863 4920 κατασκευὴ
2904 4852 3000 4904 καὶ
3046 4849 3141 4903 τοῦ
3196 4848 3547 4919 παραδείσου,
3604 4847 3773 4929 καιό

2194 4942 2477 5013 ἄνθρωπος
2508 4944 2566 4995 ἐν
2608 4941 2786 5013 αὐτῷ,
2816 4943 2910 4997 καὶ
2952 4940 3141 5012 ἐντολὴ
3174 4942 3271 5003 ,καὶ
3302 4939 3495 5009 φθόνος
3522 4937 3615 4991 τοῦ
3648 4937 3773 4999 δια-

2196 5035 2355 5089 ϐόλου
2402 5038 2499 5090 καὶ
2550 5035 2712 5105 φόνος
2759 5034 2852 5088 τοῦ
2901 5034 3299 5105 τετιμημένου,
3345 5030 3774 5086 ἀποκέκλεισται

2196 5127 2347 5196 αὐτῷ
2378 5127 2485 5181 και
2513 5130 2541 5182 ό
2585 5128 2751 5190 τόπος
2792 5126 2893 5197 τῆς
2945 5124 3258 5196 μετανοίας.
3283 5123 3352 5177 Ei
3389 5126 3496 5189 γὰρ
3525 5122 3553 5172 ὁ
3598 5115 3773 5170 Ἠσαῦ

2204 5219 2493 5289 μετανοίας
2523 5220 2690 5275 τόπον
2718 5219 2815 5287 οὐχ
2847 5211 2975 5288 εὗρε
3014 5219 3083 5271 τὰ
3115 5214 3460 5287 πρωτοτόκια
3486 5210 3773 5277 ἀποδόμε-

2202 5327 2314 5374 νος,
2342 5309 2426 5373 τίς
2456 5310 2618 5372 τόπος
2644 5309 3028 5365 ὑπολέλειπται
3054 5299 3342 5379 μετανοίας
3373 5305 3454 5375 τῷ
3491 5305 3583 5357 τὸν
3611 5317 3775 5371 πρω,

2199 5602 2311 5654 lum
2334 5599 2618 5669 gentilium
2653 5599 2709 5655 S.
2750 5600 2977 5653 Paulum
3006 5600 3090 5655 bis
3120 5599 3303 5654 verbis
3339 5617 3352 5651 :
3396 5601 3455 5653 ’0
3514 5600 3608 5667 μὲν
3674 5597 3776 5652 οῦν

2207 5673 2379 5739 μέγας
2410 5670 2676 5739 μακάριος
2712 5670 2922 5723 Παῦλος
2952 5672 3011 5722 ἐν
3046 5671 3377 5732 ἐπιστολαῖς.
