4062 6186
186 410 189 415 ,
286 326 384 390 2n

1549 327 1958 389 ANNALIUM
2000 333 2197 395 PARS
2238 333 2283 394 Ι.

3416 333 3522 397 ΞΜ

286 441 584 494 τόπλαστον
652 439 1037 512 άποκτείναντι
1102 440 1275 509 ’Δδάμ
1342 442 1437 496 καὶ
1495 440 1708 495 ἑκείνου
1765 442 1855 495 τδν

1970 445 2228 498 Adamum
2258 444 2405 498 illum
2435 443 2736 514 principem
2782 443 3007 497 humani
3041 440 3255 513 generis
3292 442 3522 499 interfe-

284 532 511 588 Θάνατον
548 532 951 599 είσενετκόντις
993 550 1012 584 ι
1058 532 1223 587 Ἀλλὰ
1255 534 1350 587 καὶ
1378 536 1406 589 6
1427 534 1683 604 Σιναῖτης
1709 533 1852 597 θεῖος

295 623 644 685 Ἀναστάσιος
698 624 779 685 είς
829 625 1188 695 ἐπιστροφὴν,
1321 625 1519 688 ἔοικεν,
1545 624 1721 678 ἕλκων
1759 626 1854 679 καὶ

281 716 404 776 τοὺς
459 715 584 768 λίαν
642 716 1120 783 ἀπεγνωσμένους,
1176 719 1271 771 καὶ
1322 717 1448 771 τάδε
1509 718 1651 771 κατά
1702 717 1855 787 ῥῆμα

283 806 467 878 φησιν’
492 822 512 857 ε
549 805 611 858 El
639 807 940 875 Μανασσῆν
968 808 996 860 6
1020 808 1150 871 Θεὸς
1175 807 1264 861 διά
1294 808 1587 877 μετανοίας
1610 807 1851 870 ἐδέξατο,

283 900 419 968 τάχα
443 898 627 967 τολμῶ
648 899 824 950 είπεῖν
844 898 927 950 ὅτι
956 897 1053 955 καὶ
1084 898 1176 950 τδν
1215 899 1460 953 διάϐολον
1490 898 1855 969 μετανοοῦντα

284 986 562 1056 ὸλοψύχως
623 985 858 1051 δέξεται.
901 1004 923 1039 ι
983 987 1181 1052 Καλῶς
1237 987 1292 1042 δὲ
1342 985 1497 1042 εἶπεν
1537 989 1622 1042 δτι
1673 988 1855 1057 τολμῶ

286 1079 493 1130 εἰπεῖν*
523 1078 629 1146 δρα
658 1076 767 1146 γάρ
796 1078 879 1130 ὅτι
910 1078 1007 1130 καὶ
1038 1078 1067 1130 6
1095 1078 1461 1148 Δαμασκηνὸς
1495 1078 1752 1150 Ἰωάννης
1789 1079 1852 1131 οὐ

284 1169 465 1223 δίδωσι
520 1167 604 1239 τῷ
652 1167 883 1240 διαϐόλῳ
929 1167 1243 1240 μετάνοιαν.
1284 1171 1446 1239 Λέγει
1490 1171 1587 1231 καὶ
1620 1170 1731 1241 γὰρ
1771 1170 1855 1224 δτι

282 1252 425 1328 ὅπερ
465 1259 586 1313 ιστὶ
637 1259 753 1322 τοῖς
805 1258 1114 1329 ἀνθρώποις
1158 1261 1188 1314 6
1247 1261 1500 1325 θάνατος,
1541 1260 1703 1315 τοῦτο
1741 1262 1856 1323 τοῖς

282 1348 541 1416 ἀγγέλοις
569 1349 604 1419 ἠ
634 1346 906 1413 εκπτωσις
928 1362 945 1380 ⁸
978 1349 1119 1420 μετὰ
1167 1352 1278 1420 γάρ
1298 1350 1400 1422 τὴν
1433 1351 1710 1405 ικπτωσιν
1752 1352 1855 1405 οὐκ

281 1439 430 1493 εστιν
460 1442 651 1504 αὐτοις
683 1440 969 1511 μετάνοια,
1004 1441 1195 1512 ὥσπερ
1225 1442 1345 1495 οὐδὲ
1392 1444 1504 1506 τοῖς
1544 1441 1859 1513 ἀνθρώποις

284 1532 428 1600 μετὰ
461 1531 716 1585 θάνατον.
748 1532 862 1585 οὐκ
893 1531 1111 1607 ινεδδθη
1147 1532 1205 1597 δὲ
1250 1532 1345 1587 καὶ
1370 1536 1482 1597 τοίς
1527 1533 1858 1589 ἐκπεσοῦσιν

236 1640 239 1643 ·
280 1622 545 1691 άγγάλοις
587 1623 869 1692 μετάνοια,
914 1622 991 1685 ὡς
1028 1623 1057 1677 6
1100 1622 1374 1693 Νεμέσιος
1420 1641 1606 1694 φησιν,
1644 1624 1729 1678 δτι
1764 1625 1858 1678 καὶ

280 1713 583 1782 ἀσώματος
611 1714 644 1781 ἠ
673 1711 839 1781 φύσις
858 1711 1072 1767 αὐτῶνθ
1122 1713 1153 1766 δ
1184 1713 1295 1781 γὰρ
1324 1713 1613 1783 ἄνθρωπος
1645 1713 1734 1768 διά
1760 1714 1857 1785 τὴν

1960 536 2035 593 cit
2070 536 2297 603 ejusque
2328 535 2489 589 morti
2520 550 2739 589 causam
2777 534 3046 604 praebuit?
3076 534 3303 587 Divinus
3342 544 3523 589 autem

1956 626 2060 694 vir,
2086 626 2400 681 Anastasius
2431 627 2517 680 ille
2540 627 2800 690 Sinaites,
2819 639 2929 694 quo
2953 625 3304 679 vehementer
3331 624 3529 693 deSpe-

1956 726 2104 771 ratos
2142 717 2411 777 homines.
2446 717 2525 771 uti
2552 716 2771 786 quidem
2819 716 3056 779 videtur,
3092 716 3159 770 ad
3205 717 3527 770 conversio-

1956 824 2080 865 nem
2130 809 2345 873 invitet,
2377 813 2496 865 haec
2553 810 2618 864 ad
2661 809 2892 863 verbum
2948 808 3152 879 profert
3190 823 3205 861 :
3243 825 3263 858 ι
3310 807 3366 860 Si
3414 807 3527 861 Ma-

1957 919 2175 959 nassem
2239 903 2379 959 Deus
2432 920 2529 974 per
2585 903 2965 974 paenitentiam
3040 902 3280 970 recepit,
3346 901 3522 957 ausim

1956 995 2141 1049 dicere
2188 996 2330 1063 quod
2378 999 2541 1049 etiam
2595 993 2868 1049 diabolum
2922 998 3034 1047 tuto
3094 1002 3316 1062 pectore
3363 1001 3526 1061 atque

1957 1087 2143 1141 animo
2173 1087 2582 1157 resipiscentem
2607 1086 2660 1139 in
2687 1086 2913 1156 gratiam
2938 1091 3256 1152 recepturus
3287 1081 3475 1136 fuerit.
3502 1101 3521 1134 ι

1957 1175 2164 1240 Quibus
2213 1177 2392 1231 verbis
2441 1186 2587 1231 recte
2615 1175 2749 1230 illud
2805 1174 3056 1236 inservit,
3106 1190 3126 1225 ι
3163 1158 3403 1226 Audeam
3444 1172 3527 1227 di-

1958 1285 2102 1325 cere.
2138 1288 2157 1320 »
2206 1268 2342 1322 Nam
2379 1253 2437 1323 et
2476 1268 2842 1323 Damascenus
2884 1266 2978 1321 ille
3022 1263 3265 1320 Joannes
3313 1262 3528 1318 diabolo

1958 1359 2336 1428 pienitentiam
2399 1359 2605 1413 nullam
2665 1358 2892 1420 tribuit,
2955 1357 3112 1427 cujus
3188 1356 3307 1410 hac
3362 1354 3527 1409 verba

1958 1458 2132 1505 sunt:
2171 1468 2191 1502 ‹
2239 1448 2395 1516 Quod
2443 1465 2590 1505 mors
2647 1457 2733 1505 est
2790 1448 3124 1511 hominibus,
3166 1446 3271 1502 hoc
3320 1444 3531 1521 angelis

1958 1547 2043 1594 est
2068 1538 2301 1608 lapsus:
2341 1539 2547 1610 quippe
2600 1546 2725 1610 poet
2781 1540 2995 1608 lapsum
3041 1538 3187 1593 nulla
3236 1545 3407 1592 restat
3449 1536 3531 1590 eis

1957 1630 2297 1701 paenitentia,
2338 1633 2795 1702 quemadmodum
2843 1646 2946 1686 nec
2990 1640 3113 1699 post
3159 1639 3389 1684 mortem
3426 1628 3529 1680 ho-

1959 1722 2219 1779 minibus.
2283 1743 2303 1776 »
2353 1724 2415 1779 Et
2463 1725 2683 1795 quidem
2731 1724 3051 1794 poenitentia
3102 1720 3271 1788 lapsis
3323 1717 3531 1793 angelis

280 1804 375 1857 τοῦ
401 1803 661 1873 σώματος
688 1803 974 1858 ἀσθένειαν
998 1803 1099 1872 τῆς
1124 1803 1416 1875 μετανοίας
1451 1803 1668 1874 ετυκεν.
1712 1805 1860 1858 Ἀλλ’

1970 1825 2255 1885 propterea
2299 1831 2408 1871 non
2463 1825 2549 1872 est
2591 1831 2875 1879 concessa.
2916 1815 3056 1869 sicut
3104 1811 3390 1866 Nemesius
3432 1806 3528 1871 ait,

281 1897 475 1964 ιμοιγε
502 1895 642 1957 τέως
665 1895 695 1948 6
747 1894 901 1962 λόγος
956 1889 1116 1958 οὗτος
1170 1895 1231 1960 ὃς
1287 1894 1385 1951 ἐπὶ
1430 1897 1509 1966 τῷ
1566 1896 1739 1966 ’Δδὰμ
1761 1896 1865 1949 οὐκ

279 1987 431 2042 εστιν
484 1986 757 2056 ἀποδοχῆς
819 1985 990 2051 ἄξιος.
1019 1986 1159 2041 Οὐδὲ
1218 1987 1330 2057 γάρ
1373 1986 1479 2039 ὑπὸ
1534 1984 1864 2055 σωματικῶν

280 2077 597 2146 ἐπιθυμιῶν
630 2076 883 2147 ἡττηθεὶς
904 2079 933 2132 6
971 2077 1147 2146 ’Δδάμ
1173 2077 1373 2148 εὑρέθη
1408 2077 1735 2148 παραϐάτης
1762 2077 1864 2145 τῆς

282 2166 509 2234 Muli};
558 2165 763 2235 (ἄπαγε
804 2166 903 2235 τῆς
943 2166 1252 2236 Ὦριγένους
1293 2165 1743 2235 φρενοϐλαϐείας)
1782 2165 1865 2221 ὅτι

288 2256 429 2328 μηδὲ
472 2256 660 2328 χώραν
705 2253 852 2328 εἶχον
902 2253 1062 2317 αὗται
1119 2257 1226 2333 πρὸ
1266 2257 1365 2327 τῆς
1410 2256 1776 2327 παραϐάσεως
1808 2258 1866 2311 εν

224 2368 229 2371 λ
289 2349 469 2419 αὐτῷ.
506 2350 617 2403 Καὶ
670 2348 724 2401 τί
762 2348 867 2420 χρὴ
921 2348 1093 2402 πολλὰ
1156 2350 1373 2417 λέγεινς
1404 2348 1577 2411 Αὐτὸς
1622 2348 1652 2401 6
1696 2348 1867 2417 ’Δδὰμ

279 2440 578 2513 εὶιϐληθεὶς
630 2440 723 2495 τοῦ
786 2442 1119 2513 παραδείσου
1170 2443 1263 2495 καὶ
1312 2441 1581 2496 ἀπέναντι
1636 2440 1867 2504 καθίσας

280 2532 450 2585 αὑτοῦ
496 2532 632 2602 παρ’
676 2532 804 2600 ὅλην
851 2531 1071 2603 ἐθρήνει
1106 2532 1205 2605 τὴν
1260 2530 1406 2607 ζωὴν
1437 2532 1626 2587 αὑτοῦ.
1670 2532 1786 2601 Ἐφ’
1824 2525 1868 2600 ᾧ

278 2625 607 2695 κάμπτεται
643 2626 671 2679 6
699 2624 855 2687 Θεὸς,
890 2625 987 2677 καὶ
1023 2624 1206 2679 πάντα
1234 2627 1382 2679 ποιεῖ
1421 2626 1516 2679 καὶ
1558 2626 1760 2695 πάσχει
1800 2625 1868 2683 δι’

279 2720 478 2775 αὐτόν.
528 2718 589 2773 '0
627 2718 684 2773 δὲ
712 2718 963 2783 διάϐολος
999 2718 1253 2773 ἐκπεσὼν
1282 2721 1344 2774 οὐ
1391 2722 1552 2791 μόνον
1578 2721 1680 2773 οὐκ
1705 2719 1871 2790 ἐθρή-

277 2829 477 2881 νησεν,
523 2811 666 2865 άλλά
713 2812 807 2864 καὶ
868 2812 1010 2866 κατὰ
1077 2810 1176 2866 τοῦ
1229 2811 1552 2881 πλάσματος
1606 2810 1866 2881 ιλύττησε

279 2903 449 2971 Θεοῦ,
489 2904 588 2957 καὶ
626 2904 718 2957 τὸν
747 2903 881 2957 Θεὸν
922 2903 1086 2957 αὐτὸν
1125 2902 1342 2957 διέϐαλε
1374 2903 1508 2972 πρὸς
1532 2902 1626 2956 τὸν
1672 2903 1864 2973 Ἀδάμ.

278 2995 497 3051 Λοιπὸν
528 2996 670 3063 μετὰ
714 2995 813 3065 τὴν
837 2995 1116 3066 ἁμαρτίαν
1159 2994 1302 3050 οὕτω
1333 2993 1652 3050 διατεθέντα
1698 3011 1871 3065 μετα-

279 3085 434 3149 νοίας
460 3066 745 3155 ἐπιτυχεῖν
771 3087 987 3148 πάντως
1014 3085 1319 3156 ἀμήχανον.

1964 1902 2092 1971 quia
2151 1905 2400 1973 corporis
2446 1919 2640 1972 expers
2692 1914 2777 1959 est
2828 1917 3017 1958 eorum
3079 1909 3297 1956 natura.
3355 1898 3534 1950 Homo

1964 1991 2112 2046 enim
2145 2001 2367 2062 propter
2398 1993 2823 2049 imbecillitatem
2877 1992 3124 2062 corporis
3153 1985 3528 2060 paenitentiam

1966 2093 2299 2141 consecutus
2335 2093 2441 2138 est.
2472 2085 2605 2149 Quae
2640 2094 2821 2139 tamen
2855 2091 3103 2139 extrema
3154 2078 3345 2145 verba,
3384 2076 3530 2146 quod

1966 2173 2235 2230 Adamum
2288 2175 2504 2241 attinet,
2540 2175 2794 2245 equidem
2839 2171 3175 2230 admittenda
3221 2184 3331 2225 non
3376 2177 3533 2239 puto.

1966 2262 2080 2319 Nec
2120 2263 2269 2319 enim
2330 2264 2419 2318 ille
2480 2265 2755 2333 corporeis
2810 2261 3300 2333 a.cupiditatibus
3356 2258 3543 2314 victus

1970 2354 2206 2409 mandati
2270 2353 2503 2408 violator
2548 2350 2727 2408 factus
2778 2362 2886 2409 est.
2918 2350 3181 2423 Apagesis
3226 2363 3355 2405 cum
3402 2348 3537 2401 istac

1969 2444 2253 2517 Origenica
2288 2447 2526 2500 insania.
2559 2446 2771 2515 Quippe
2803 2445 3016 2499 nullum
3050 2444 3156 2498 illa
3200 2442 3382 2496 locum
3434 2440 3534 2492 ha-
3627 2510 3633 2518 _

1970 2536 2167 2591 hebant
2217 2537 2271 2592 in
2314 2536 2433 2603 ipso
2468 2545 2594 2591 ante
2626 2535 3143 2607 transgressionem.
3168 2532 3315 2598 Quid
3349 2528 3541 2583 multis

1969 2630 2085 2689 haec
2129 2628 2310 2685 verbis
2367 2628 2710 2683 indicemus?
2746 2629 2991 2684 Adamus
3038 2624 3295 2697 paradiso
3326 2623 3537 2694 eiectus

1968 2729 2023 2775 et
2055 2720 2174 2791 ejus
2203 2735 2269 2774 ex
2308 2720 2535 2774 adverso
2583 2722 2888 2775 collocatus
2914 2720 3074 2790 106
3101 2730 3323 2772 omnem
3365 2713 3536 2769 vitam

1970 2812 2235 2882 plorando
2286 2812 2474 2880 exigit.
2512 2810 2856 2882 Quapropter
2916 2810 3059 2866 Deus
3106 2808 3364 2871 ﬂectitur,
3396 2807 3552 2876 ejus-

1969 2920 2076 2975 que
2113 2920 2277 2961 causa
2336 2904 2478 2959 nihil
2536 2919 2645 2958 non
2707 2904 2841 2958 facit
2887 2918 2951 2957 ac
3006 2904 3233 2971 patitur.
3287 2898 3543 2953 Diabolus

1968 3002 2150 3048 autem
2188 2993 2368 3063 lapsus
2410 3008 2519 3047 non
2566 2991 2730 3047 modo
2776 3005 2885 3045 non
2935 3006 3123 3045 casum
3154 3005 3311 3043 suum
3351 2987 3544 3055 deplo-

1974 3089 2133 3149 ravit,
2171 3103 2358 3140 verum
2391 3086 2555 3141 etiam
2581 3085 2673 3140 Dei
2706 3086 3023 3155 ﬁgmentum
3059 3083 3304 3138 furenter
3324 3093 3543 3150 aggres-

283 3193 403 3244 sus,
448 3178 628 3233 Deum
681 3178 858 3248 ipsum
908 3178 1173 3233 adversus
1230 3177 1500 3234 Adamutn
1559 3178 1885 3236 criminatus
1952 3190 2054 3237 est.
2130 3181 2248 3246 Quo
2302 3179 2521 3247 quidem
2569 3186 2729 3249 pacto
2793 3194 2917 3233 cum
2971 3177 3202 3231 ail'ectus
3265 3190 3297 3228 a
3343 3171 3552 3228 delicto

281 3269 481 3339 luerit,
518 3271 710 3342 nequit
753 3273 981 3327 omnino
1006 3271 1255 3355 accidere
1284 3272 1563 3342 particeps
1608 3281 1670 3329 ut
1715 3274 2048 3349 poenitentiae
2078 3272 2190 3329 ﬁat.
3316 3272 3317 3275 “

362 3369 575 3424 Ἄκουε
617 3367 673 3422 δὲ
706 3371 807 3421 ’καὶ
831 3368 885 3421 τί
926 3384 1090 3439 φησιν
1118 3369 1147 3422 6
1171 3368 1521 3439 Θεοδώρητος
1561 3370 1620 3422 ἒν
1652 3372 1720 3441 τῇ
1758 3369 1864 3422 Θε-

2035 3369 2175 3425 Audi
2202 3368 2336 3439 quid
2366 3368 2434 3423 de
2470 3367 2576 3422 hoc
2605 3367 2660 3421 in
2713 3382 2812 3420 sua
2859 3361 3261 3432 Therapeutice
3295 3355 3549 3413 Theodo-

290 3463 616 3533 ραπευτικῇ
670 3460 838 3515 αὐτοῦ
901 3462 1036 3531 περὶ
1076 3461 1291 3517 τούτου.
1337 3460 1627 3534 Ἐπαρθεὶς
1674 3464 1702 3514 6
1760 3462 1878 3515 διά-

283 3555 455 3617 ϐολος
494 3553 714 3622 λέγεται
748 3553 1132 3618 πεπτωκέναι,
1174 3547 1295 3608 εἶτα
1330 3554 1474 3608 κατὰ
1506 3553 1616 3611 τῶν
1659 3550 1875 3621 ἀνθρώρ

286 3663 421 3699 πων
466 3626 556 3707 Ib;
600 3645 773 3697 εἰκόνι
828 3643 965 3697 Θεοῦ
1016 3646 1403 3716 τετιμημένων
1459 3645 1744 3717 λυττῆσαι,
1780 3646 1877 3699 καὶ

284 3739 392 3792 τὸν
424 3735 571 3789 κατὰ
600 3735 809 3791 τούτων
828 3733 1191 3800 ἀναδέξασθαι
1224 3737 1485 3805 πόλεμον,
1514 3736 1607 3789 τὸν
1628 3737 1686 3790 δὲ
1718 3753 1878 3803 ποιη-

285 3830 398 3900 τὴν
444 3832 515 3900 τῇ
547 3828 655 3882 τῶν
686 3828 938 3895 ἀγγέλων
981 3830 1281 3898 ἐπιστασίᾳ
1312 3830 1627 3900 φρουρῆσαι
1680 3830 1740 3882 τὸ
1770 3828 1878 3883 τῶν

290 3920 619 3991 ἀνθρώπων
643 3919 824 3987 γένος,
858 3920 1009 3983 ὅπως
1044 3919 1120 3992 μὴ
1160 3920 1255 3991 βία
1289 3923 1387 3981 καὶ
1412 3922 1690 3991 τυραννίδι
1732 3922 1879 3992 χρώο

295 4028 493 4083 μενος,
534 4011 789 4089 ἀοράτως
847 4010 1042 4075 ἐπιὼν,
1099 4012 1273 4075 ἀδεῶς
1327 4011 1622 4085 διαφθείρῃ
1649 4012 1744 4076 οὓς
1793 4014 1882 4067 διά

292 4104 506 4174 φθόνον
558 4104 857 4173 ὲμίσησεν.·
908 4104 1119 4158 Οὐκοῦν
1149 4107 1179 4159 6
1239 4104 1437 4174 φθόνος
1495 4099 1673 4169 οὗτος,
1719 4105 1881 4176 μάλι-

294 4212 408 4249 στα
445 4195 505 4248 δὲ
567 4195 604 4264 ἡ
661 4194 896 4266 ἔπαρσις
945 4193 1113 4249 αὑτοῦ
1189 4196 1285 4248 καὶ
1325 4196 1558 4253 ἀπόνοια
1606 4196 1724 4268 (καὶ
1786 4196 1881 4249 νῦν

293 4292 420 4360 γὰρ
471 4288 567 4341 ὑπ’
603 4288 767 4341 αὑτὸν
818 4288 985 4359 ἀρχαὶ
1051 4288 1148 4342 καὶ
1200 4288 1462 4354 ἐξουσίαι,
1522 4288 1596 4351 ὡς
1651 4290 1678 4342 6
1733 4286 1883 4341 Παῦ-

293 4382 398 4444 λος
430 4381 612 4450 φησὶ),
673 4379 813 4450 πρὸς
868 4381 1081 4444 τούτοις
1117 4382 1176 4435 δὲ
1233 4382 1616 4451 ήάπόγνωσις
1678 4382 1748 4451 (εί
1808 4380 1881 4450 μὴ

294 4474 418 4540 γὰρ
476 4471 640 4525 τοῦτο
691 4466 782 4541 ἦν,
823 4473 926 4526 οὐκ
989 4472 1057 4525 ἂν
1144 4471 1330 4539 ελεγον
1386 4473 1469 4525 ὅτι
1531 4473 1639 4541 πρὸ
1687 4474 1881 4543 καιροῦ

295 4559 474 4633 ἦλθες
525 4560 822 4631 βασανίσαι
876 4562 1047 4633 ἡμᾶς)
1102 4564 1385 4632 μετανοεῖν
1426 4564 1515 4615 τὸν
1567 4563 1882 4632 ἀποστάτην

298 4655 409 4709 οὐκ
428 4654 517 4725 ἑᾷ.

771 4747 911 4812 Περὶ
938 4745 1045 4798 τοῦ
1083 4746 1454 4801 ἀποστάτοι).

382 4839 528 4908 Πρὸς
550 4840 663 4900 τοῖς
695 4836 1006 4908 εἰρημένοις
1051 4837 1246 4891 εἰδέναι
1277 4855 1338 4890 σε
1370 4840 1464 4890 καὶ
1505 4835 1663 4891 τοῦτο
1692 4836 1878 4908 βούλο-

306 4948 438 4999 μαι,
472 4931 554 4984 ὃτι
576 4932 605 4983 6
636 4932 948 5000 ἀποστάτης
988 4924 1145 4993 οὗτος
1180 4930 1429 4993 διάϐολος
1461 4931 1520 4983 ἐν
1547 4933 1666 4993 ταῖς
1714 4931 1882 5001 ἀγγε-

304 5023 499 5086 λικαῖς
549 5023 811 5097 δυνάμεσι
865 5023 1260 5092 πρωτοστάτης
1309 5016 1401 5088 ἦν.
1464 5022 1681 5088 ἀγαθὸς¹
1730 5021 1883 5090 παρὰ

304 5113 451 5169 Θεοῦ
486 5115 775 5183 γενόμενος
819 5113 915 5168 καὶ
940 5114 1113 5185 μηδὲν
1155 5113 1299 5183 ῐχνος
1320 5112 1516 5174 κακίας
1553 5112 1585 5184 ἢ
1618 5112 1884 5179 πονηρίας

306 5206 369 5257 ἒν
404 5205 582 5275 ἐαυτῷ
625 5208 824 5277 φέρων.
878 5207 1061 5263 Πάντα
1102 5205 1211 5277 γὰρ
1255 5205 1354 5262 ὅσα
1384 5205 1645 5274 ἐποίησεν
1685 5205 1715 5256 6
1755 5203 1891 5267 Θεὸς

310 5294 480 5359 καλὰ,
527 5296 618 5348 καὶ
670 5297 810 5353 καλὰ
846 5297 987 5352 λίαν.
1044 5298 1231 5351 Κακὸν
1278 5296 1335 5349 δὲ
1372 5296 1527 5351 οὐδὲν
1566 5296 1824 5366 ἐποίησεν
1860 5298 1889 5350 6

310 5390 468 5452 θεὸς.
520 5391 590 5461 Τὸ
638 5395 748 5461 γάρ
794 5394 964 5447 κακὸν
998 5393 1148 5447 οὐδὲν
1176 5393 1307 5449 ἄλλο
1345 5392 1557 5463 ἐστὶνὴ
1600 5390 1694 5445 τοῦ
1724 5392 1888 5445 καλοῦ

317 5481 693 5553 ἀναχώρησις,
716 5485 906 5556 ὥσπερ
959 5486 1053 5541 οὖν
1094 5487 1188 5542 καὶ
1219 5487 1282 5540 τὸ
1326 5488 1516 5548 σκότος
1546 5486 1701 5541 οὐδὲν
1756 5486 1889 5539 ἄλλο

317 5572 468 5626 ἔστιν
507 5574 540 5646 ἦ
587 5579 765 5642 φωτὸς
802 5579 1076 5649 στέρησις.
1108 5578 1303 5641 Καλῶς
1335 5574 1429 5631 οὖν
1479 5574 1633 5639 εἶπεν
1674 5579 1703 5630 ὁ
1732 5577 1888 5647 λόγος

386 5728 430 5758 ⁸’
456 5727 651 5795 Ephr‘s.
685 5742 757 5791 vi,
792 5727 874 5781 l2.
951 5728 997 5758 ”
1030 5726 1216 5783 Matth.
1247 5742 1363 5792 vin,
1394 5726 1482 5782 9.9.

1978 3462 2116 3518 ritus
2141 3461 2307 3517 dicat.
2343 3460 2480 3516 Cum
2536 3459 2701 3523 fastu,
2734 3458 2930 3527 inquit,
2965 3455 3140 3510 elatus
3187 3452 3380 3507 fuisset
3425 3451 3548 3505 dia-

1976 3550 2176 3616 bolus,
2240 3552 2427 3621 lapsus
2476 3565 2602 3606 esse
2647 3548 2889 3605 dicitur.
2942 3555 3241 3612 contraque
3296 3540 3553 3596 homines

1977 3653 2270 3699 exornatas
2329 3643 2562 3714 imagine
2614 3640 2708 3695 Dei
2773 3639 2955 3693 furore
3011 3637 3243 3707 quodam
3308 3632 3550 3700 percitus

1979 3736 2185 3795 bellum
2241 3736 2293 3788 in
2325 3750 2421 3789 eos
2470 3733 2734 3802 suscepit.
2769 3730 2975 3785 Verum
2996 3727 3176 3799 opifex
3230 3726 3319 3779 ille
3362 3738 3547 3778 rerum

1982 3827 2187 3898 angelis
2241 3825 2556 3880 hominibus
2596 3837 2828 3893 praeesse
2868 3821 3034 3891 jussis
3092 3819 3320 3873 mortale
3380 3828 3551 3885 genus

1980 3918 2237 3980 custodit,
2270 3932 2338 3971 ne
2370 3916 2423 3969 vi
2453 3931 2518 3970 ac
2545 3915 2755 3969 saevitia
2781 3928 2914 3967 usus
2942 3910 3211 3971 diabolus,
3245 3908 3552 3975 inaspecta-

1981 4011 2165 4066 biliter
2199 4024 2295 4063 eos
2346 4021 2655 4077 aggressus,
2689 4020 2824 4075 quos
2860 4005 2977 4057 odit
3002 4018 3070 4056 ex
3100 3998 3305 4055 invidia
3335 3997 3551 4067 perdat.

1981 4104 2326 4170 Quapropter
2353 4098 2441 4153 illa
2474 4096 2675 4151 invidia
2701 4135 2715 4159 ,
2754 4094 3163 4164 praesertimque
3216 4091 3391 4145 fasms
3439 4090 3551 4145 ela-

1938 4236 1949 4243 ,.
1986 4194 2149 4248 tionis
2176 4203 2227 4246 et
2251 4191 2623 4259 dementatio(
2643 4203 2765 4241 nam
2801 4185 3066 4254 hodieque
3110 4192 3234 4239 sunt
3263 4183 3408 4238 inter
3453 4195 3559 4236 eos

1913 4728 1955 4782 D

1986 4286 2208 4355 imperia
2230 4292 2283 4336 et
2317 4288 2634 4350 potestates.
2662 4278 3120 4346 quemadmodum
3155 4276 3353 4330 Paulus
3380 4272 3423 4305 ⁸⁸
3448 4272 3561 4341 ait)

1983 4390 2037 4435 et
2072 4388 2329 4448 praeterea
2363 4373 2675 4443 desperatio
2724 4372 2743 4437 (
2772 4373 2976 4441 absque
3000 4385 3106 4440 qua
3143 4370 3304 4431 foret,
3341 4381 3549 4436 nequa-

1983 4485 2144 4540 quam
2203 4467 2505 4523 dixissent:
2549 4483 2567 4515 ι
2613 4461 2978 4528 Quamobrem
3041 4471 3166 4514 ante
3217 4468 3431 4527 tempus
3483 4457 3555 4509 ad

1984 4561 2401 4618 excruciandum
2439 4574 2539 4613 nos
2565 4556 2759 4614 venisti
2791 4555 2884 4608 “?
2919 4573 2937 4605 ι
2963 4555 2981 4621 )
3012 4554 3345 4608 desertorem
3398 4551 3559 4604 illum

1989 4657 2081 4711 Dei
2112 4650 2428 4726 panitentia
2467 4652 2540 4705 uti
2572 4664 2681 4704 non
2711 4649 2919 4703 sinunt.

2410 4743 2485 4798 De
2513 4751 2757 4814 apostata
2789 4743 2896 4795 sive
2934 4737 3167 4792 diabolo.

2062 4838 2195 4894 Volo
2221 4846 2402 4895 autem
2443 4845 2642 4907 praeter
2680 4834 2916 4888 indicata
2946 4842 2997 4887 te
3048 4833 3148 4885 hoc
3179 4833 3343 4886 etiam
3392 4831 3569 4897 scire,

1988 4934 2323 4988 desertorem
2356 4932 2503 4985 hunc
2532 4929 2804 4984 diabolum
2838 4927 3073 4995 primum
3116 4926 3261 4978 inter
3289 4927 3567 4995 angelicas

1990 5025 2486 5095 potestates‘locum
2512 5021 2789 5083 habuisse,
2828 5034 2950 5073 cum
2978 5018 3155 5074 bonus
3186 5034 3214 5071 a
3248 5017 3355 5073 Deo
3381 5018 3557 5072 factus

1991 5126 2155 5179 esset,
2188 5131 2287 5170 nec
2322 5110 2834 5168 ullum'vitiositatis
2868 5119 2961 5163 aut
2994 5109 3356 5177 improbitatis
3414 5109 3465 5161 in
3498 5124 3565 5161 se

1988 5209 2280 5278 vestigium
2314 5206 2644 5261 contineret.
2682 5203 2816 5256 Nam
2850 5204 3029 5257 omnia
3080 5217 3199 5270 qua:
3250 5200 3380 5253 fecit
3412 5200 3567 5251 Deus

1987 5302 2129 5355 bona
2165 5300 2431 5363 erant,'et
2462 5297 2679 5367 quidem
2731 5294 2885 5350 valde
2936 5294 3117 5359 bona,
3174 5308 3297 5347 cum
3353 5291 3560 5344 malum

1988 5393 2196 5446 nullum
2254 5389 2577 5446 condiderit.
2616 5387 2827 5443 Etenim
2865 5389 3066 5441 malum
3103 5384 3236 5439 nihil
3294 5392 3377 5437 cst
3407 5379 3551 5435 aliud

1988 5501 2149 5555 quam
2178 5501 2206 5539 a
2236 5485 2378 5539 bono
2408 5482 2668 5549 secessio,
2701 5480 3158 5552 quemadmodum
3191 5477 3362 5543 caligo
3418 5469 3554 5525 nihil

1988 5578 2134 5632 aliud
2166 5588 2249 5633 est
2300 5591 2463 5646 quam
2519 5576 2657 5631 lucis
2702 5574 2997 5644 adcinptio.
3025 5574 3361 5638 Quapropter
3411 5579 3552 5635 prte-
