4062 6186
528 324 637 387 ⁸215

1712 326 1715 329 ’
1806 313 2227 377 M’ICIIAELIS
2265 313 2525 375 θιγρλῑ

3658 309 3765 377 Elii

529 434 674 491 clare
694 431 894 487 dicitur
923 432 1094 486 Deum
1118 445 1226 486 non
1259 444 1379 485 esse
1408 427 1535 483 mali
1561 437 1864 483 auctorem.
1885 427 2100 497 Quippe

2211 425 2285 478 ὅτι
2337 423 2430 477 τού
2467 422 2641 477 κακοῦ
2696 420 2922 491 ποιητὴς
2954 423 3051 474 οὐκ
3090 422 3235 476 ἔστιν
3284 424 3312 476 ό
3353 422 3504 486 Θεός.
3546 425 3679 495 Οὐχὶ
3708 426 3766 479 δὲ

530 541 709 581 rerum
744 540 839 594 per
876 504 936 578 se
966 520 1379 579 subsistentium
1405 520 1656 575 conditor
1688 528 1774 574 est
1807 520 1965 583 Deus,
1989 533 2098 581 non

2211 515 2306 569 τῶν
2340 515 2413 585 μὴ
2450 516 2637 568 δντων.
2683 514 2749 566 Et
2783 513 2891 585 γὰρ
2917 514 2987 567 τά
3016 514 3153 567 καλὰ
3180 515 3531 584 παραχθῆναι
3554 515 3769 584 λέγεται

530 630 719 669 earum
745 628 867 683 quin
890 626 1000 667 non
1026 611 1317 667 exsistunt.
1347 610 1551 676 Quodsi
1578 610 1720 665 bona
1752 610 2010 664 dicuntur
2044 608 2100 661 in

2211 610 2355 677 παρά
2416 606 2572 671 Θεοῦ,
2613 602 2789 659 ταῦτα
2829 608 2924 658 καὶ
2987 603 3119 656 δντα
3158 605 3378 667 πάντως
3422 604 3551 658 είσί,
3587 607 3661 660 Τδ
3713 608 3768 660 δὲ

528 716 708 760 ortum
741 721 772 759 a
822 704 933 760 Deo
977 704 1263 774 producta,
1308 702 1608 772 putandum
1664 711 1746 756 cst
1769 718 1958 756 eorum
2008 716 2107 769 ap-

529 798 820 864 pellatione
845 797 1038 851 venire
1080 811 1167 850 res
1197 811 1389 849 omnes
1424 810 1547 863 qua:
1580 795 1871 848 exsistunt.
1899 790 1969 846 At
1994 807 2107 844 ma-

526 889 635 943 luni
666 904 788 943 cum
822 896 851 943 ο
882 889 992 943 Deo
1014 889 1295 943 conditum
1329 902 1436 940 non
1472 885 1653 949 fuerit,
1688 900 1799 939 non
1852 885 2015 938 etiam
2050 884 2105 937 in

524 995 755 1033 numero
812 993 994 1032 rerum
1049 987 1135 1032 est
1186 976 1591 1030 exsistentium.
1642 974 1857 1043 Deiquo
1910 985 2108 1026 conse-

524 1072 715 1139 quitur
752 1069 918 1123 Deum
964 1084 1077 1124 non
1118 1083 1240 1123 esse
1274 1067 1403 1121 mali
1438 1075 1739 1129 auctorem,
1789 1064 2009 1133 quando
2064 1060 2109 1115 is

2203 699 2370 751 κακὸν
2400 698 2589 767 ἐπειδὴ
2624 699 2684 750 ού
2720 697 2972 767 παρήχθη
3011 696 3164 764 παρά
3202 695 3361 759 Θεοῦ,
3390 692 3512 749 οὐδὲ
3542 696 3602 751 δν
3631 699 3791 752 ἐστι..

2204 790 2310 843 Τοῦ
2358 788 2539 842 κακοῦ
2584 789 2769 843 λοιπὸν
2806 789 2906 843 ούκ
2968 789 3084 841 ἔστι
3113 788 3345 858 ποιητὴς
3384 790 3412 841 ό
3467 789 3619 853 Θεὸς,
3660 790 3773 859 εἴτε

2204 881 2312 932 τῶν
2348 881 2422 950 μὴ
2455 880 2645 947 ὄντων,
2680 879 2756 947 ὡς
2785 879 3017 950 ἔφημεν,
3054 880 3156 932 οὐκ
3187 880 3301 931 ἐστι
3342 881 3595 951 ποιητὴς,
3622 880 3774 948 λέγε-

2205 986 2295 1022 ται
2332 971 2389 1024 δὲ
2434 971 2509 1039 μὴ
2548 968 2690 1024 εἷναί
2741 988 2793 1024 τι
2839 972 2898 1024 τὸ
2943 970 3131 1034 κακὸν,
3167 968 3353 1041 ἐπειδὴ
3404 971 3771 1025 ἀνυπόστατον

2207 1062 2303 1114 καὶ⁵
2342 1061 2428 1129 ἐφ’
2467 1061 2664 1115 ἑαυτοῦ
2698 1062 2771 1131 μὴ
2806 1061 3104 1132 ὑφέστηκε.

526 1178 872 1232 nequaquam
908 1178 1088 1215 rerum
1122 1177 1227 1215 non
1262 1159 1643 1216 insistentium
1710 1157 1893 1227 Opifex
1943 1161 2047 1219 est,
2117 1160 2175 1207 ut
2209 1152 2318 1222 jam
2375 1165 2502 1209 ante
2536 1156 2867 1209 monuimus.
2925 1154 3135 1209 Dicitur
3180 1163 3360 1209 autem
3412 1153 3614 1208 malum
3673 1169 3773 1209 non

526 1269 649 1308 esse
694 1251 900 1320 aliquid
938 1257 1223 1319 propterea
1279 1250 1422 1319 quod
1474 1248 1836 1303 substantiam
1894 1245 2098 1298 nullam
2140 1243 2307 1299 habet
2344 1260 2444 1300 nec
2476 1260 2575 1315 per
2607 1260 2666 1300 se
2698 1246 2969 1301 subsistit.

602 1345 748 1398 Talis
772 1358 920 1414 ergo,
952 1345 1210 1397 nimirum
1244 1342 1440 1407 bonus,
1469 1358 1501 1397 a
1536 1342 1647 1397 Deo
1701 1339 1954 1395 conditus
1984 1338 2104 1392 diae

531 1436 711 1500 bullis,
766 1434 1040 1489 terrestris
1070 1434 1280 1488 ordinis
1310 1443 1365 1488 et
1411 1434 1582 1503 ipsius
1628 1434 1764 1488 adeo
1797 1442 1953 1487 terrae
2009 1446 2107 1486 cu-

531 1523 760 1578 stodiam
797 1539 827 1576 a
862 1522 972 1576 Deo
997 1523 1100 1576 sibi
1134 1522 1444 1576 mandatam
1476 1524 1707 1592 accepit.
1754 1526 1892 1577 Cum
1925 1530 2108 1577 autem

533 1618 673 1670 ferre
699 1631 807 1668 non
838 1625 1024 1684 posset
1075 1614 1492 1670 illustrationem
1532 1626 1589 1670 et
1625 1617 1912 1677 honorem.
1947 1618 2108 1683 quem

2278 1338 2530 1401 Τοιοῦτος
2559 1337 2654 1392 οὖν
2682 1340 2850 1409 ἦγουν
2879 1338 3086 1407 ἀγαθὸς
3118 1338 3222 1393 ὑπὸ
3246 1339 3381 1394 Θεοῦ
3413 1339 3720 1410 παραχθεὶς
3750 1319 3779 1371 δ

2206 1428 2454 1493 διάϐολος
2485 1431 2584 1499 τῆς
2622 1431 2904 1501 περιγείου
2939 1431 3149 1495 τάξεως
3187 1434 3283 1485 καὶ
3313 1432 3410 1501 τῆς
3439 1434 3539 1502 γῆς
3566 1434 3771 1501 ἐνεχει-

2210 1518 2372 1590 ρίσθη
2403 1519 2504 1590 τὴν
2544 1521 2792 1591 φυλακὴν
2824 1520 2956 1592 παρ’
2992 1520 3179 1577 αὐτοῦ.
3206 1522 3298 1589 Μὴ
3333 1522 3559 1590 ἐνέγκας
3590 1521 3648 1575 δὲ
3687 1521 3775 1574 τόν

2207 1627 2268 1663 τε
2306 1614 2587 1679 φωτισμὸν
2638 1615 2732 1666 καὶ⁵
2760 1611 2858 1683 τὴν
2886 1612 3055 1683 τιμὴν
3087 1615 3154 1684 ἢν
3192 1616 3218 1665 ὁ
3244 1612 3378 1674 Θεὸς
3408 1614 3555 1683 αύτῷ
3582 1613 3768 1683 ἐχαρί-

534 1710 676 1762 llcus
706 1708 754 1761 ei
784 1707 1007 1779 largitus
1051 1707 1226 1764 fuerat
1249 1750 1263 1775 ,
1296 1711 1363 1763 de
1397 1712 1633 1765 naturali
1665 1720 1812 1765 statu
1866 1712 2022 1781 107
2052 1712 2105 1765 in

2211 1718 2363 1763 σατο,
2397 1706 2460 1755 ὲκ
2486 1702 2581 1755 τοῦ
2612 1705 2755 1757 κατά
2783 1703 2946 1773 φύσιν
2968 1707 3049 1767 είς
3075 1705 3137 1757 τὸ
3161 1706 3314 1775 παρά
3345 1705 3509 1773 φύσιν
3536 1706 3771 1772 ἐτράπη,

529 1801 763 1854 alienum
822 1816 852 1853 a
905 1810 1100 1854 natura
1153 1817 1249 1856 sua
1307 1803 1674 1868 exorbitavit,
1737 1803 2115 1873 adversusque-

529 1907 687 1945 suum
718 1892 966 1961 Opiﬁcem
1014 1892 1154 1947 fastu
1210 1894 1448 1963 quedam
1480 1895 1660 1950 elatus
1696 1906 1817 1950 cst:
1858 1915 1877 1949 ι
1931 1898 2109 1953 Collo-

527 1981 687 2045 cabo.
721 1983 919 2052 inquit,
951 1983 1147 2038 solium
1179 2000 1359 2039 meum
1406 1986 1456 2039 in
1484 1986 1739 2050 nubibus,
1771 1996 1823 2040 et
1854 2000 2109 2055 supremo

533 2085 631 2139 par
661 2086 756 2127 ero
786 2074 853 2127 ⁹¹.
906 2074 1075 2139 Quam
1134 2075 1358 2143 quidem
1412 2076 1482 2130 ob
1531 2088 1753 2135 causam
1793 2078 1955 2139 etiam
2005 2078 2109 2132 ful-

532 2163 689 2231 guris
733 2162 907 2217 instar
940 2165 1008 2218 de
1044 2165 1183 2220 uelo
1218 2166 1273 2220 in
1307 2174 1505 2221 terram
1544 2168 1762 2234 cecidit,
1803 2170 1879 2224 uti
1930 2169 2111 2224 Domi-

531 2267 637 2306 nus
676 2254 790 2322 ipse
820 2254 1061 2322 loquitur
1096 2256 1178 2321 ";
1218 2275 1237 2308 ι
1273 2266 1468 2327 estque
1513 2260 1699 2314 avulsa
1740 2275 1863 2314 cum
1914 2276 2001 2323 eo,
2034 2261 2111 2315 si-

535 2342 754 2409 mulque
788 2344 937 2413 lapsa
994 2346 1287 2401 multitudo
1337 2348 1582 2415 quaedam
1642 2352 1957 2420 angelorum
2008 2350 2109 2422 ipsi

534 2432 914 2501 subiectorum
942 2436 1177 2491 inﬁnita.
1209 2437 1543 2507 Signilicavit
1578 2442 1679 2494 hoc
1738 2451 1888 2496 vates
1941 2443 2110 2500 isaias

530 2522 686 2577 hisce
717 2526 931 2581 verbis:
1000 2546 1018 2579 ι
1055 2526 1157 2593 Qui
1186 2528 1441 2598 delapsus
1491 2540 1578 2586 est
1621 2530 1836 2587 Lucifer
1874 2534 2111 2606 ille,'qui

533 2614 743 2682 pridem
797 2617 1121 2683 oriebatur,
1186 2629 1456 2690 terraeque
1506 2622 1693 2677 allisus
1723 2624 1848 2678 est?
1886 2643 1904 2675 ι
1959 2625 2113 2680 Luci-

532 2704 707 2761 ferum
740 2710 1020 2779 appellans
1075 2713 1143 2767 ob
1180 2714 1546 2782 ,splendorem
1582 2716 1845 2772 divinitus
1894 2718 1945 2772 ei
1978 2735 2111 2775 con-

528 2813 769 2855 cessum.
820 2801 1140 2858 Consimilia
1196 2803 1495 2876 Gregorius
1545 2808 1634 2863 ille
1683 2810 1967 2883 theologus
2005 2821 2113 2867 ιτα-

528 2891 683 2955 didit,
706 2908 829 2947 eum
857 2894 1166 2951 Luciferum
1192 2899 1370 2952 vocari
1396 2905 1470 2953 ait
1491 2900 1799 2968 Splendoris
1820 2908 1899 2958 sui
1927 2921 2110 2976 causa,

531 2988 621 3053 qui
659 2987 834 3057 caligo
856 2987 1117 3059 deinceps
1153 3000 1375 3061 prepter
1406 2992 1697 3049 elationem
1730 2996 1909 3053 factus
1946 3000 2017 3054 sit
2054 3010 2110 3055 et

530 3075 855 3145 appelletur.
891 3058 1206 3135 Secundum
1237 3058 1351 3138 haec
1384 3083 1583 3154 impuri
1613 3087 1756 3154 genii
1780 3088 1977 3144 bellum
2003 3091 2104 3145 ad-
2136 3058 2180 3117 θ

529 3182 747 3221 versum
821 3184 911 3224 108
964 3184 1346 3241 susceperunt.
1406 3171 1692 3242 Nequeunt
1743 3178 1891 3231 enim
1949 3196 2105 3250 azan

526 3257 711 3313 animo
761 3259 870 3328 pati
924 3270 983 3314 ut
1022 3262 1272 3317 homines
1327 3279 1394 3319 eo
1421 3265 1666 3321 studiose
1712 3270 2104 3325 contendentes

528 3346 779 3410 videant,
839 3351 983 3404 unde
1035 3352 1138 3420 ipsi
1192 3356 1431 3423 pessimo
1479 3357 1711 3411 consilio
1760 3360 2102 3429 deciderunt,

527 3438 989 3504 quemadmodum
1040 3458 1267 3513 magnus
1305 3445 1397 3501 ille
1454 3445 1687 3501 Basilius
1738 3449 1833 3503 ait.
1892 3450 2104 3522 Quippe

531 3542 654 3582 cum
676 3535 855 3585 omnis
874 3530 1234 3600 improbitatis
1261 3538 1599 3607 receptacula
1632 3541 1767 3606 sint,
1812 3543 1977 3597 etiam
2018 3542 2107 3600 in-

534 3620 695 3675 vidia:
748 3623 940 3678 morbo
970 3635 1097 3680 sunt
1148 3627 1356 3684 infecti.
1394 3628 1505 3685 Nec
1543 3634 1623 3687 sic
1673 3644 1890 3689 creatus
1929 3651 1958 3689 a
1995 3635 2104 3691 Deo

533 3712 714 3780 putari
745 3712 907 3768 debet
935 3716 1204 3783 diabolus,
1238 3730 1296 3774 ut
1338 3722 1512 3777 hostis
1561 3735 1753 3779 noster
1800 3735 1977 3792 esset;
2009 3727 2105 3783 sed

533 3816 601 3855 ex
636 3804 988 3860 a-mulatione
1013 3808 1244 3876 quadam
1279 3801 1381 3866 nos
1435 3824 1731 3885 oppugnat.
1766 3816 1902 3870 Cum
1958 3817 2102 3871 enim

534 3910 594 3949 se
615 3907 868 3952 cerneret
895 3900 1210 3971 angelorum
1231 3904 1423 3958 ordino
1448 3905 1676 3975 locoque
1707 3917 1935 3973 motum,
1961 3908 2105 3965 ferre

536 4001 645 4040 non
674 3997 889 4057 poterat
916 4000 975 4045 ut
1009 3990 1287 4048 hominem
1338 4005 1650 4053 terrestrem
1680 3998 1747 4053 ad
1785 4001 2102 4070 angelorum

534 4079 853 4148 dignitatem
886 4082 1129 4151 profectu
1183 4102 1283 4140 suo
1330 4088 1652 4144 subvectum
1686 4092 1976 4160 aspiceret.
2014 4093 2107 4149 Est

534 4182 591 4225 et
620 4174 828 4243 angelis
870 4176 1138 4246 malisque
1193 4180 1367 4249 geniis
1404 4196 1508 4235 una
1562 4183 1808 4251 quaedam
1866 4186 2103 4240 essentia

536 4262 655 4317 sive
692 4274 886 4319 natura
923 4306 937 4329 ,
966 4282 1155 4322 verum
1184 4286 1293 4325 non
1321 4272 1511 4327 eadem
1560 4274 1790 4339 electio;
1848 4277 2108 4344 quemad-

541 4352 759 4409 modum
786 4364 842 4409 et
881 4357 934 4410 in
972 4358 1283 4416 hominibus
1327 4373 1439 4417 tum
1485 4364 1640 4419 bonis
1686 4375 1797 4419 tum
1846 4365 2108 4435 improbis

538 4457 624 4501 est
651 4449 834 4523 videre
858 4460 1105 4505 naturam
1138 4455 1357 4523 quidem
1399 4471 1560 4509 uuam
1594 4467 1650 4510 et
1676 4457 1947 4523 eamdem,
1979 4474 2109 4515 sen-

535 4539 762 4595 tentiam
795 4558 926 4597 vero
956 4545 1396 4617 voluntatemque
1421 4549 1715 4602 diversam.

607 4632 733 4689 lla‘c
761 4636 829 4689 de
858 4637 1013 4691 malis
1043 4639 1222 4713 geniis
1252 4654 1439 4694 eorum
1469 4649 1553 4694 est
1587 4641 1857 4694 sententia
1892 4641 1982 4711 qui
2017 4656 2105 4696 re-

535 4736 678 4779 ctam
714 4726 969 4783 Ecclesiae
1007 4731 1165 4784 lideiu
1201 4731 1621 4800 amplectuntur.
1681 4730 1751 4785 At
1793 4731 2103 4787 Graecorum

541 4817 616 4870 illi
644 4818 937 4886 sapientes,
973 4820 1304 4889 Porphyrius
1334 4819 1766 4883 etJamblichus,
1801 4821 1993 4891 genios
2017 4836 2106 4876 es-

540 4925 582 4962 ιιι
604 4910 718 4962 ntia
751 4920 1053 4981 naturaque
1081 4912 1303 4967 diﬂ‘e'rre
1331 4928 1361 4966 a
1389 4927 1447 4967 se
1482 4913 1711 4967 invicem
1737 4914 1979 4980 tradunt,
2011 4929 2105 4969 co-

544 5015 773 5070 rumque
817 5004 1003 5059 \olunt
1034 5005 1247 5075 aliquos
1277 5006 1502 5060 rationis
1552 5015 1801 5075 expertes
1859 5020 1913 5059 et
1959 5021 2108 5059 cras-

544 5092 690 5148 siore
744 5097 968 5150 materia
1010 5098 1260 5163 praeditos
1290 5114 1433 5153 esse.
1466 5098 1686 5152 Addunt
1719 5096 1931 5151 irruere
1961 5096 2109 5166 ipsos

545 5183 601 5261 in
638 5199 735 5239 nos
759 5202 865 5242 non
895 5197 951 5241 ut
985 5188 1231 5253 infestos,
1272 5190 1367 5245 sed
1403 5204 1655 5259 tanquam
1687 5189 2060 5261 castigatores,
2086 5204 2118 5245 a

542 5254 744 5351 quibus
772 5278 1087 5346 puniamur.
1136 5277 1365 5336 Eosdem
1396 5282 1550 5336 aiunt
1608 5280 1787 5335 futura
1811 5280 2119 5350 prospicere

542 5378 709 5437 atque
737 5384 924 5433 nosse,
958 5386 1067 5424 non
1099 5383 1277 5426 tamen
1312 5374 1633 5428 universos:
1666 5386 1789 5424 nam
1833 5370 2115 5440 superiora

545 5455 663 5511 loca
689 5467 880 5512 nactos
904 5459 1093 5528 genios
1139 5460 1366 5516 omnino
1414 5476 1536 5514 vera
1586 5460 1882 5529 praedicere
1927 5460 2113 5530 perbi-

548 5554 697 5616 bent,
747 5566 869 5607 cum
927 5551 1019 5606 alii
1054 5552 1279 5608 Tartaro
1330 5554 1577 5611 conclusi
1638 5554 1927 5612 mendaces
1974 5553 2113 5619 sint;

623 5719 668 5750 “
702 5720 801 5776 lsa.
838 5740 947 5787 λιν,
993 5723 1051 5777 14
1144 5725 1186 5755 ’ί
1221 5723 1354 5779 ibid.

2211 1797 2304 1846 καὶ
2362 1795 2579 1865 ἐπήρθη
2646 1797 2788 1851 κατά
2844 1795 2938 1851 τοῦ
2988 1798 3351 1867 πεποιηκότος
3397 1797 3559 1849 αὑτὸν
3602 1795 3772 1848 Θεοῦο

2216 1903 2234 1935 ι
2272 1884 2434 1955 Θήσω
2467 1905 2485 1937 ι
2527 1887 2621 1939 καὶ
2649 1885 2757 1956 γὰρ
2796 1882 2917 1939 εἷπε
2964 1905 2982 1938 ι
3030 1888 3119 1941 τὸν
3153 1888 3345 1957 θρόνον
3380 1905 3481 1956 μου
3525 1888 3619 1941 ἐπὶ
3666 1888 3772 1940 τῶν

2209 1976 2472 2046 νεφελῶν,
2534 1978 2628 2030 καὶ
2678 1977 2873 2046 ἔσομαι
2909 1980 3095 2048 ὅμοιος
3140 1978 3219 2048 τῷ
3257 1980 3484 2049 ὑψίστῳ.
3524 1998 3543 2031 ι
3587 1979 3787 2032 Ἔνθεν

2210 2084 2290 2121 τοι
2327 2067 2422 2121 καὶ
2448 2067 2523 2131 ῶς
2554 2068 2810 2141 ἀστραπὴ
2844 2071 2991 2123 κατά
3011 2070 3110 2142 τὴν
3136 2069 3230 2124 τοῦ
3254 2071 3460 2141 Κυρίου
3503 2071 3689 2140 φωνὴν
3715 2071 3779 2122 ἐκ

2208 2161 2302 2213 τοῦ
2328 2159 2560 2229 ούρανοῦ
2587 2161 2729 2214 κατά
2753 2162 2855 2230 γῆς
2876 2163 3062 2218 ἔπεσε.
3095 2164 3528 2233 Συναπεσπάσοη
3560 2163 3618 2216 δὲ
3636 2162 3783 2231 αὐτῷ

2211 2252 2307 2303 καὶ
2342 2254 2607 2305 συνέπεσε
2640 2253 2845 2323 πλῆθος
2881 2254 3108 2327 ἄπειρον
3135 2254 3243 2308 τῶν
3273 2256 3366 2309 ὑπ’
3394 2255 3559 2308 αὐτὸν
3591 2271 3785 2322 τεταγ-

2216 2343 2396 2412 μένων
2420 2345 2695 2413 ἀγγέλων.
2733 2346 2905 2399 Τοῦτο
2940 2347 2998 2400 δὲ
3039 2346 3133 2400 καὶ
3161 2350 3189 2400 6
3233 2350 3517 2419 προφήτης
3553 2349 3783 2411 Ἡσαΐας

2211 2435 2413 2499 ἔδειξεν
2455 2437 2627 2500 οὕτως
2659 2438 2861 2493 εἰπών’
2895 2458 2912 2490 ι
2950 2441 3074 2502 Πῶς
3112 2441 3368 2505 ἐξέπεσεν
3408 2443 3437 2495 6
3471 2441 3783 2511 Ἐωσφόρος

2212 2530 2240 2582 6
2260 2529 2322 2583 τὸ
2354 2528 2499 2599 πρωῒ
2526 2530 2854 2596 ἀνατέλλων,
2887 2534 2981 2586 καὶ
3020 2532 3306 2605 συνετρίϐη
3335 2534 3416 2598 είς
3442 2540 3541 2601 τὴν
3579 2535 3725 2602 γῆνς
3760 2553 3779 2583 ι

2227 2621 2540 2693 Ἑωσφόρον
2580 2612 2635 2677 δὲ
2672 2624 2835 2677 αὐτὸν
2871 2624 3127 2678 ἐκάλεσεν
3168 2626 3234 2678 δι’
3258 2627 3325 2697 ἣν
3356 2627 3463 2680 ἀπὸ
3488 2625 3629 2680 Θεοῦ
3662 2626 3783 2696 ἔσχε

2216 2714 2601 2785 λαμπρότητα.
2647 2715 2869 2779 Τούτοις
2916 2712 3010 2769 οὖν
3054 2717 3361 2782 ἀκολούθως
3403 2718 3498 2773 καὶ
3538 2718 3619 2789 τῷ
3671 2718 3787 2772 Oso-

2217 2807 2360 2879 λόγῳ
2409 2808 2696 2881 Γρηγορίῳ
2743 2808 3074 2879 διείληπται.
3116 2808 3427 2882 Ἑωσφόρον
3461 2814 3571 2883 γὰρ
3625 2811 3787 2865 αὑτὸν

2217 2896 2339 2953 εἶπε
2368 2900 2456 2954 διὰ
2481 2901 2583 2971 τὴν
2611 2901 2990 2971 λαμπρότητα,
3021 2904 3208 2965 σκότος
3228 2904 3284 2957 δὲ
3315 2903 3404 2957 διὰ
3433 2904 3531 2974 τὴν
3555 2904 3787 2976 ἔπαρσιν

2215 2992 2307 3043 καὶ
2336 2992 2624 3060 γενόμενον
2654 2991 2747 3045 καὶ
2772 2988 3081 3061 λεγόμενον.
3112 2991 3337 3045 Ἐκτοτε
3371 2992 3428 3046 δὲ
3457 2995 3505 3047 οἱ
3535 2994 3793 3064 ἀκάθαρ-

2213 3096 2293 3132 τοι
2341 3079 2594 3149 δαίμονες
2648 3080 2739 3133 τὸν
2811 3082 2936 3136 καθ’
2968 3083 3125 3153 ἡμῶν
3156 3082 3475 3148 ἀνεδέξαντο
3522 3085 3785 3154 πόλεμον.

2211 3171 2349 3225 Οὐδὲ
2398 3172 2507 3243 γὰρ
2553 3172 2838 3244 ἀνέχονται
2874 3176 3000 3236 τοὺς
3057 3173 3382 3244 ἀνθρώπους
3433 3176 3567 3248 όρᾷν
3606 3178 3786 3230 ἐκεῖσε

2213 3265 2550 3328 σπεύδοντας
2579 3266 2828 3321 ἀνελθεῖν
2847 3267 2970 3321 ὅθεν
3012 3266 3375 3333 κακοϐούλως
3402 3270 3687 3335 ἐξέπεσον,
3714 3269 3786 3331 ὡς

2210 3359 2241 3412 6
2298 3358 2469 3427 μέγας
2527 3359 2663 3429 φησὶ
2724 3359 3025 3423 Βασίλειος.
3076 3362 3268 3431 Δοχετα
3306 3344 3401 3414 καὶ
3454 3362 3564 3430 γάρ
3604 3363 3793 3434 πάσης

2212 3449 2365 3513 δντες
2401 3449 2600 3511 κακίας
2645 3451 2741 3504 καὶ
2786 3452 2887 3521 τὴν
2918 3450 3008 3503 τοῦ
3072 3451 3268 3519 φθόνου
3320 3453 3475 3507 νόσον
3509 3452 3783 3517 ἐδέξαντο.

2212 3538 2348 3591 Οὐδὲ
2370 3540 2479 3609 γὰρ
2497 3540 2689 3609 ἐχθρὸς
2717 3539 2851 3610 ἡμῖν
2880 3543 2908 3593 6
2931 3540 3179 3604 διάϐολος
3200 3541 3423 3613 ἐκτίσθη
3448 3542 3600 3613 παρά
3623 3542 3781 3601 Θεοῦ.

2212 3630 2328 3684 ἀλλ’
2357 3633 2426 3684 ἐκ
2458 3631 2788 3701 ζηλοτυπίας
2818 3635 2967 3703 ἡμᾶς
2994 3634 3239 3716 πολεμεῖ.
3258 3636 3429 3705 Ὁρῶν
3465 3637 3573 3705 γὰρ
3594 3636 3789 3690 ἑαυτὸν

2212 3723 2277 3774 εκ
2308 3722 2417 3776 τῶν
2447 3723 2697 3792 ἀγγέλων
2736 3726 3167 3796 καταῤῥιφέντα,
3202 3729 3301 3781 οὐκ
3350 3728 3513 3797 ἔφερε
3563 3728 3785 3798 βλέπειν

2211 3813 2304 3866 τὸν
2332 3814 2519 3884 γήϊνον
2546 3815 2642 3867 ἐπὶ
2687 3817 2785 3886 τὴν
2819 3816 2979 3881 ἀξίαν
3015 3818 3126 3871 τῶν
3172 3820 3419 3886 ἀγγέλων
3452 3819 3541 3873 διὰ
3572 3835 3782 3889 προκο-

2212 3904 2324 3974 πῆς
2359 3906 2755 3977 ἀνυψούμενον.
2779 3910 2891 3963 Καὶ
2918 3910 3019 3979 μία
3055 3911 3155 3980 μὲν
3190 3913 3341 3983 παρά
3371 3914 3577 3979 γεντοίς
3609 3912 3777 3981 ἀγγέ-

2212 3996 2324 4060 λοις
2345 4000 2440 4051 καὶ
2468 3999 2579 4061 τοῖς
2608 4000 2860 4070 δαίμοσιν
2884 4002 2918 4070 ἡ
2952 4001 3135 4064 οὐσία,
3160 4002 3282 4072 οὐχὶ
3306 4003 3361 4056 δὲ
3392 4003 3487 4055 καὶ
3524 4006 3555 4073 ἡ
3589 4004 3783 4074 προαί-

2215 4105 2389 4158 ρεσις,
2432 4090 2573 4144 καθά
2630 4090 2694 4161 δὴ
2750 4090 2845 4144 καὶ
2906 4091 3003 4145 ἐπὶ
3066 4093 3289 4160 ἀγαθῶν
3330 4094 3638 4165 ἀνθρώπων
3692 4096 3785 4148 καὶ

2212 4181 2471 4253 πονηρῶν
2503 4182 2651 4236 ἔστιν
2711 4183 2872 4237 ίδείν⁶
2904 4184 3006 4254 μία
3066 4186 3164 4254 μὲν
3216 4187 3310 4238 καὶ
3370 4187 3504 4256 παρ’
3522 4180 3715 4257 afﬁci;
3746 4188 3779 4255 ἠ

2214 4271 2378 4341 φύσις
2414 4274 2582 4342 ἐστὶν,
2618 4275 2681 4328 οὐ
2712 4272 2821 4346 μὴν
2872 4274 2930 4328 δὲ
2981 4276 3075 4329 καὶ
3106 4279 3300 4348 γνώμη
3350 4279 3445 4334 καὶ
3504 4280 3720 4351 θέλησις
3749 4281 3787 4352 η

2215 4368 2377 4437 αὐτή.

2283 4638 2392 4692 Καὶ
2423 4638 2486 4690 τὸ
2532 4639 2633 4708 μὲν
2677 4638 2959 4709 όρθόδοξον
3010 4642 3111 4710 τῆς
3158 4640 3482 4710 Ἐκκλησίας
3524 4641 3784 4710 φρόνημα

2198 4730 2396 4782 ποῦτον
2436 4728 2550 4799 ἔχει
2581 4728 2675 4782 τὸν
2698 4731 2929 4800 τρόπον’
2966 4732 3014 4784 οἱ
3044 4730 3101 4783 δὲ
3133 4730 3243 4784 τῶν
3288 4731 3560 4802 Ἑλλήνων
3598 4734 3781 4801 σοφοὶ,

2214 4819 2524 4891 Πορφύριος
2554 4823 2649 4874 καὶ
2694 4822 3021 4891 Ἰἀμόλιχος,
3052 4823 3334 4892 διαφέρειν
3359 4826 3486 4887 τοὺς
3513 4823 3780 4892 δαίμονας

2212 4912 2354 4965 κατὰ
2378 4911 2477 4983 τὴν
2505 4911 2694 4965 ούσίαν
2732 4913 2973 4980 λέγουσι,
3011 4914 3105 4967 καὶ
3134 4914 3361 4983 ἀλόγους
3404 4915 3554 4979 τινὰς
3596 4915 3781 4970 αὐτῶν

2214 5001 2309 5054 καὶ
2336 5003 2554 5066 ὑλαίους
2580 5000 2745 5071 εἶναι,
2776 5006 3071 5073 ἐμπίπτειν
3102 5007 3157 5057 δὲ
3192 5007 3393 5070 αὐτοὺς
3414 5009 3545 5079 ἡμῖν
3579 5009 3680 5079 οὐχ
3705 5009 3780 5073 ὡς

2211 5093 2500 5163 δυσμενεῖς
2523 5093 2640 5147 ἀλλ’
2665 5095 2742 5160 ὡς
2778 5096 2936 5167 ήμῶν
2972 5097 3263 5162 κολαστάς.
3287 5099 3450 5152 Ἀλλά
3477 5103 3570 5154 καὶ
3588 5117 3786 5173 προγι-

2213 5185 2444 5239 νώσκειν
2477 5184 2675 5249 αὐτοὺς
2702 5187 2881 5241 καὶτὸ
2918 5187 3113 5258 μέλλον
3142 5189 3340 5243 ειδέναι
3362 5189 3604 5258 λέγουσι,
3641 5191 3784 5261 πλὴν

2212 5274 2335 5348 οὐχὶ
2364 5278 2574 5341 πάντας
2597 5295 2612 5310 ·
2646 5280 2773 5342 τοὺς
2814 5277 2915 5347 μὲν
2965 5279 3076 5349 γὰρ
3123 5281 3192 5333 τὰ
3232 5281 3344 5334 άνω
3374 5280 3634 5351 λαχόντας
3663 5282 3787 5336 δαί-

2215 5385 2385 5438 μονας
2415 5368 2701 5438 ἀληθεύειν
2746 5369 3085 5435 παντάπασι,
3131 5370 3260 5434 τοὺς
3309 5370 3368 5423 δὲ
3399 5372 3785 5443 ταρταρωθέν-

2213 5478 2311 5523 τας
2339 5459 2558 5530 ψευδεῖς
2588 5457 2728 5514 εἷναί
2761 5478 2918 5533 φασι,
2955 5463 3081 5525 τοὺς
3118 5462 3176 5515 δὲ
3216 5465 3660 5534 περιγειοτέρους
3689 5465 3785 5518 καὶ

2216 5552 2415 5622 μέσους
2443 5550 2630 5617 λοξοὺς
2654 5546 2795 5607 εἶναι
2829 5552 2921 5607 καὶ
2963 5552 3300 5618 ἀμφιϐόλους
3329 5552 3599 5623 λέγουσιν.
3636 5555 3792 5610 Ἀλλ’
