4062 6186
300 252 391 317 ΞΞΙ

1576 264 1983 349 ΑΝΝΑιιυιι
2027 267 2222 328 PARS
2266 269 2308 329 ι.

3451 265 3559 328 222

304 384 426 435 γενο
468 388 489 422 ε
533 372 694 442 Οίμοι
724 376 805 429 ὅτι
834 377 1119 448 ἄνθρωπος
1152 384 1209 436 ὲν
1254 384 1388 455 τιμῇ
1439 383 1514 439 ὣν
1558 386 1620 439 οὐ
1654 385 1877 455 συνῆκε.

1989 382 2089 437 lica
2126 384 2237 437 vita
2282 382 2593 445 excidisset,
2625 398 2689 437 ex
2714 390 2821 452 quo
2853 383 3087 437 mandati
3131 383 3359 439 violator
3396 393 3560 438 exsti-

304 463 778 536 Παρασυνεσλήθη
825 470 938 533 τοῖς
978 472 1230 541 ἀνοήτοις
1284 476 1505 546 κτήνεσι
1534 478 1631 531 καὶ
1658 474 1879 547 ὡμοιώ-

301 552 367 619 θη
390 554 602 616 αὐτοῖς.
643 575 661 607 ι
699 558 856 612 Κατὰ
889 560 997 630 γὰρ
1027 562 1185 618 τοῦτο
1214 566 1309 618 καὶ
1355 568 1384 620 ὁ
1421 567 1598 636 μέγας
1626 568 1879 638 Μάξιμος

301 643 359 693 ἐν
394 645 511 706 τοῖς
552 646 693 712 πρὸς
722 648 1019 705 Θαλάσσιον
1051 653 1239 724 ἔλεγεν
1272 657 1355 710 ὅτι
1400 658 1470 711 τὰ
1498 659 1646 730 πάθη
1683 660 1877 726 ταῦτα,

300 734 474 801 ἤγουν
516 737 681 807 ἡδονὴ
731 738 881 812 λύπη
914 743 1181 811 ἐπιθυμία
1224 748 1320 800 καὶ
1372 751 1442 801 τά
1475 749 1639 805 λοιπά
1679 752 1878 817 πάντα,

303 828 371 895 τῇ
404 831 573 895 φύσει
599 831 709 882 τῶν
742 831 1049 903 ἀνθρώπων
1074 839 1509 908 προηγουμένως
1533 841 1595 893 ού
1633 843 1885 896 συνεκτί-

304 919 537 988 σθησαν,
588 922 724 977 ἀλλά
773 923 862 977 διὰ
907 926 1010 998 τὴν
1063 929 1163 999 τῆς
1217 932 1557 1005 τελειότητος
1605 931 1883 989 ἔκπτωσιν

304 1011 601 1080 ἐπεισῆλθε
634 1019 808 1072 ταῦτα
836 1018 915 1088 τῷ
968 1022 1297 1095 ἀλογωτέρφ
1330 1026 1487 1096 μέρει
1524 1030 1883 1098 ’προσφυέντα

304 1102 404 1171 τῆς
459 1106 701 1173 φύσεως,
756 1111 825 1164 δι’
858 1105 935 1167 ὧν
970 1113 1093 1169 ἀντὶ
1139 1120 1238 1186 τῆς
1277 1117 1425 1181 θείας
1466 1118 1558 1172 καὶ
1600 1119 1884 1189 μακαρίας

304 1196 517 1259 εἰκόνος
538 1199 700 1263 εὐθὺς
735 1199 855 1272 ἅμα
882 1207 948 1276 τῇ
977 1205 1290 1277 παραϐάσει
1335 1208 1604 1279 διαφανὴς
1640 1209 1732 1263 καὶ
1761 1211 1882 1263 ὲπί-

302 1285 461 1348 δηλος
500 1288 563 1341 ὲν
594 1289 677 1355 τῷ
708 1292 981 1365 ἀνθρώπῳ
1018 1298 1243 1364 γέγονεν
1274 1300 1304 1368 ἡ
1338 1298 1446 1351 τῶν
1483 1300 1695 1367 ἀλόγων
1727 1300 1883 1365 ζώων

301 1379 585 1445 ὁμοίωσις.
611 1381 759 1435 Ἔδει
784 1385 889 1456 γὰρ
922 1387 1021 1456 τῆς
1046 1388 1208 1452 ἀξίας
1240 1389 1335 1442 τοῦ
1382 1390 1543 1458 λόγου
1589 1392 1884 1459 καλυφθεί-

308 1486 408 1538 σης
432 1470 533 1538 ’ὑφ’
553 1466 629 1524 ὧν
649 1477 945 1545 γνωμικῶς
979 1480 1332 1534 ἐπεσπάσατο
1367 1482 1475 1535 τῶν
1498 1482 1710 1551 ἀλόγων
1745 1501 1884 1551 γνω-

305 1565 884 1641 ρισμᾶτωνηὲνδίκως
913 1568 1013 1638 τὴν
1046 1569 1210 1639 φύσιν
1240 1572 1349 1625 τῶν
1389 1573 1693 1644 ἀνθρώπων
1728 1575 1887 1629 κολά-

303 1649 521 1719 ζεσθαι,
556 1657 733 1723 σοφῶς
763 1658 845 1721 είς
876 1661 1232 1733 συναίσθησιν
1257 1664 1359 1734 τῆς
1392 1662 1620 1736 λογικῆς
1652 1666 1883 1735 μεγαλο-

304 1740 456 1803 νοίας
483 1742 661 1798 ἔλθετν
698 1746 1125 1818 οἰκονομοῦντος
1148 1753 1240 1806 τοῦ
1269 1753 1406 1808 Θεοῦ
1448 1755 1539 1809 τὸν
1568 1755 1877 1825 ἄνθρωπον.

305 1829 454 1901 Πλὴν
479 1833 581 1885 οὐκ
607 1836 924 1904 ἀναγκαίως
945 1840 1022 1910 τῷ
1046 1841 1160 1895 ὄντι
1193 1844 1494 1915 κατέδησεν
1528 1845 1674 1914 ἡμᾶς
1699 1846 1727 1897 ὁ
1751 1846 1883 1909 Θεὸς

304 1924 448 1987 μετὰ
493 1924 594 1994 τὴν
628 1928 941 1996 παράϐασιν
977 1936 1100 1993 ταῖς
1135 1933 1454 2005 ἐπιθυμίαις
1498 1936 1748 2001 ταύταις,
1787 1935 1883 2005 ὑφ’

298 2007 374 2067 ὧν
401 2016 496 2069 ἐπί
523 2031 580 2069 τε
608 2018 843 2088 βρώσεις
863 2022 957 2075 καὶ
983 2026 1172 2088 πόσεις
1206 2029 1300 2080 καὶ
1328 2029 1419 2082 ἐπὶ
1454 2031 1750 2101 ἀφροδίσια
1784 2049 1883 2085 κα-

299 2109 683 2179 ταφερόμεεα.
726 2114 1011 2169 Ἐντεῦθεν
1068 2118 1179 2188 γὰρ
1214 2122 1330 2183 τοῖς
1379 2126 1667 2193 γεννητοῖς
1723 2124 1882 2193 ήμῶν

301 2199 524 2269 σώμασι
556 2204 618 2255 τὸ
646 2205 941 2270 γεννᾶσθαί
978 2223 1038 2260 τε
1073 2210 1168 2261 καὶ
1199 2211 1499 2280 τρέφεσθαι
1544 2215 1640 2269 καὶ
1690 2215 1884 2285 διαμέ-

300 2305 411 2340 νειν
433 2288 543 2352 ἕως
578 2291 857 2357 πλείστου,
888 2295 1014 2350 καθ’
1058 2297 1184 2351 ὅσον
1224 2299 1292 2353 ἂν
1321 2300 1539 2370 ἑκάστῳ
1567 2304 1660 2355 τοῦ
1694 2304 1883 2374 σώμα-

296 2396 387 2443 τος
417 2383 453 2451 ἡ
482 2380 746 2448 σύστασις
793 2387 1138 2458 ἐπιδέχηται.
1168 2392 1277 2443 Καὶ
1328 2392 1439 2462 γάρ
1482 2396 1556 2446 ἐκ
1580 2397 1881 2472 ⁸’τεσσάρων

198 2528 215 2535 ,Α
300 2472 434 2525 αὐτὸ
460 2475 747 2543 στοιχείων
766 2479 1126 2548 συγκείμενον
1145 2483 1618 2540 ἐπακολουθοῦσαν
1640 2486 1699 2553 ἐξ
1715 2489 1883 2557 ἀνάγ-

297 2579 399 2628 κης
422 2563 697 2634 κέκτηνται
723 2567 826 2636 τὴν
858 2568 1123 2628 διάλυσιν.
1162 2573 1422 2639 Σύνθεσις
1459 2578 1570 2650 γὰρ
1600 2581 1744 2651 ἀρχὴ
1764 2580 1883 2635 δια-

298 2658 573 2720 στάσεως,
618 2658 698 2721 ὡς
747 2662 775 2713 ὁ
825 2660 1078 2731 θεολότος
1116 2666 1252 2734 φησι
1282 2666 1606 2738 Γρηγόριος.
1646 2672 1881 2726 Λέλυται

294 2744 388 2801 οὖν
410 2749 508 2801 ἐπὶ
533 2751 647 2803 τισὶ
672 2751 775 2817 μιν
806 2754 1013 2823 τάχιον,
1038 2758 1130 2810 ἰπὶ
1157 2759 1270 2812 τισὶ
1294 2759 1352 2813 δὲ
1378 2761 1614 2831 βράδιον.
1637 2764 1744 2817 Καὶ
1762 2768 1884 2818 πεί-

295 2840 391 2895 θου
420 2841 504 2911 τῷ
556 2843 775 2915 μεγάλῳ
804 2847 1057 2919 Κυρίλλῳ
1089 2848 1341 2915 λέγοντι·
1380 2869 1399 2904 ε
1441 2853 1608 2907 Eluas
1642 2853 1699 2907 δὶ
1740 2859 1881 2924 μετὰ

295 2934 395 3004 τὴν
447 2936 772 2989 ἀπόπτωσιν
810 2938 1040 2993 ἕκαστον
1092 2942 1121 2994 ὀ
1153 2939 1286 3006 Θεὸς
1332 2941 1447 3016 τὴν·
1485 2942 1682 2998 ἑαυτοῦ
1737 2945 1884 3018 ζωὴν

1985 472 2070 539 tit,
2104 465 2160 527 in
2188 481 2389 528 statum
2419 476 2539 529 vita:
2568 475 2852 528 brutornm
2885 475 3219 528 consimilem
3239 486 3289 529 et
3314 475 3561 529 all'cctio-

1983 566 2148 619 nibus
2181 566 2479 619 obnoxium
2526 567 2709 635 lapsus
2735 573 2841 620 est.
2911 565 3123 620 Idcirco
3152 567 3384 621 Dat-ides
3436 566 3558 634 plo-

1986 674 2115 713 rans
2166 659 2377 727 inquit:
2458 657 2584 712 «Hei
2640 658 2817 722 mihi,
2854 664 2997 712 cum
3072 657 3238 712 homo
3299 659 3585 728 dignitate,

1984 746 2250 809 ﬂoreret.
2316 750 2555 803 animum
2600 762 2708 802 non
2756 749 3022 813 advertit;
3113 749 3318 803 idcirco
3387 749 3562 800 brutis

1981 842 2246 912 jumentis
2274 850 2356 895 est
2388 849 2755 909 comparatus,
2797 840 2987 908 eiSque
3026 840 3200 893 lactus
3232 839 3430 894 similis
3451 841 3554 891 ".o

1985 934 2129 988 Idem
2157 933 2389 988 eximius
2428 934 2587 987 etiam
2618 932 2708 985 ille
2738 933 3014 986 maximus
3044 932 3097 984 in
3136 933 3201 985 iis
3232 933 3294 984 ad
3329 930 3561 984 Thalas-

1984 1023 2126 1076 sium
2152 1037 2270 1092 quae
2296 1023 2613 1090 perscripsit
2640 1022 2912 1091 exposuit,
2947 1023 3262 1077 aﬂectiones
3291 1023 3555 1074 nimirum

1985 1112 2169 1175 hasce,
2229 1111 2564 1179 voluptatem
2626 1112 2872 1166 dolorem
2927 1104 3253 1181 appetitum,
3308 1123 3555 1172 caeteras.

1988 1202 2141 1257 initio
2182 1218 2305 1257 cum
2362 1202 2642 1256 hominum
2680 1213 2872 1257 natura
2923 1216 3032 1257 non
3094 1203 3260 1256 fuisse
3290 1203 3558 1265 conditas,

1986 1295 2079 1348 sed
2122 1302 2339 1363 propter
2376 1294 2724 1349 amissionem
2756 1294 3113 1365 perlectionis
3157 1292 3465 1361 irrepsisse,
3499 1308 3562 1345 ac

1987 1386 2125 1455 parti
2163 1395 2372 1440 natura:
2398 1386 2561 1453 paulo
2584 1386 2805 1453 longius
2837 1402 2865 1440 a
2909 1386 3122 1439 ratione
3161 1384 3436 1437 recedenti
3470 1384 3564 1436 ad-

1988 1478 2229 1539 haesisse,
2286 1492 2384 1545 per
2407 1493 2544 1546 quas
2580 1479 2763 1531 statim
2807 1493 2913 1531 una
2957 1493 3083 1531 cum
3124 1474 3563 1546 transgressione

1988 1582 2086 1637 pro
2120 1569 2301 1623 divina
2355 1572 2622 1637 beataque
2655 1569 2890 1637 imagine
2923 1569 3209 1622 brutornm
3240 1566 3558 1620 animalium

1989 1659 2290 1713 similitudo
2320 1659 2371 1711 iu
2413 1660 2637 1713 homine
2663 1660 2947 1713 manifesta
2978 1667 3033 1713 et
3065 1658 3359 1726 conspicua
3388 1656 3562 1711 exsti-

1989 1750 2073 1805 tit.
2124 1751 2252 1805 Erat
2282 1751 2429 1804 enim
2464 1765 2689 1805 necesse
2723 1759 2781 1804 ut
2822 1758 3079 1819 cooperta
3116 1749 3349 1802 rationis
3376 1747 3556 1816 digni-

1986 1849 2097 1896 tate
2124 1850 2325 1895 natura
2359 1841 2671 1895 mortalium
2710 1841 3029 1909 aequissimo
3054 1840 3177 1910 jure
3212 1853 3308 1907 per
3348 1853 3409 1891 ea
3450 1852 3557 1906 pu-

1984 1936 2196 1991 niretur
2230 1934 2514 1989 brutornm
2546 1944 2755 1988 natura
2778 1933 2975 1987 indicia
2990 1940 3401 2001 etargumeuta,
3435 1944 3558 1998 quae

1983 2027 2100 2096 ipsa
2137 2025 2240 2079 sibi
2275 2035 2474 2095 sponte
2507 2039 2603 2079 sua
2636 2023 2946 2088 arcessivit,
2976 2024 3256 2092 sapienter
3288 2021 3558 2075 etliciente

1985 2118 2094 2174 Deo
2135 2127 2196 2172 ut
2220 2118 2324 2171 hoc
2354 2126 2514 2188 pacto
2546 2116 2926 2186 intelligentiae
2956 2114 3242 2168 rationalis
3291 2112 3557 2180 amplitu~

1982 2210 2167 2265 dinem
2219 2208 2387 2263 homo
2435 2220 2621 2263 secum
2670 2208 3024 2277 expenderet.
3091 2205 3386 2259 Enimvero
3435 2213 3559 2272 post

1985 2300 2480 2371 transgressionem
2512 2311 2706 2367 reapse
2729 2312 2830 2351 nos
2861 2297 3009 2352 Deus
3035 2295 3429 2366 cupiditatibus
3447 2291 3558 2347 illis

1982 2395 2231 2467 alligavit
2261 2404 2315 2450 et
2345 2393 2694 2460 constrinxit,
2721 2409 2821 2463 per
2844 2409 2979 2463 quas
3008 2393 3076 2448 ad
3111 2392 3293 2447 cibum
3319 2433 3334 2456 ,
3362 2392 3555 2461 potum

1983 2503 2070 2544 res
2100 2488 2373 2543 Venereas
2402 2486 2760 2556 impellimur.
2835 2486 2975 2540 Hinc
3026 2492 3111 2539 est
3146 2484 3199 2539 in
3233 2480 3557 2552 corporibus

1981 2582 2186 2637 nostris
2218 2596 2318 2651 per
2342 2581 2782 2651 procreationem
2816 2579 2871 2632 in
2902 2578 3081 2632 lucem
3115 2575 3298 2640 editis,
3326 2574 3470 2643 quod
3500 2583 3559 2628 et

1982 2676 2278 2747 gignantur
2315 2673 2651 2737 et'alantur,
2688 2680 2744 2724 et
2784 2681 2891 2724 tam
2932 2669 3025 2724 diu
3077 2669 3310 2722 maxime
3354 2666 3559 2720 durent

1982 2754 2226 2833 quandiu
2260 2763 2527 2831 cujusque
2574 2760 2824 2831 corporis
2866 2757 3188 2813 constitutio
3228 2756 3353 2809 vita:
3381 2769 3552 2823 capas

1983 2865 2088 2909 est.
2135 2853 2272 2908 Cum
2307 2854 2452 2908 enim
2488 2868 2691 2923 corpus
2730 2867 2795 2907 ex
2825 2850 3117 2927 elementis
3162 2859 3399 2919 quatuor
3424 2861 3557 2900 con-

1983 2955 2113 3008 stet,
2149 2945 2222 3002 ita
2263 2944 2585 2999 necessario
2608 2952 2988 3011 comparatum
3026 2951 3110 2995 est
3146 2948 3207 2993 ut
3235 2939 3355 3006 ejus
3375 2937 3558 2993 disso-

296 3026 616 3098 ἐκπληροῦν
646 3028 721 3093 ὡς
751 3028 819 3083 ἂν
839 3029 999 3100 ἔτυχε
1031 3033 1303 3102 κράσεως.
1354 3050 1375 3088 ι
1412 3032 1539 3090 Ἐπὶ
1564 3037 1675 3106 γάρ
1704 3038 1877 3110 τούτῳ

1985 3037 2119 3092 lutio
2148 3035 2366 3090 tandem
2400 3042 2685 3106 sequatur.
2752 3031 2963 3100 Quippe
3011 3029 3335 3118 compositio
3380 3025 3557 3091 nostri

298 3121 393 3174 καὶ
424 3122 496 3173 τὰ
524 3121 829 3175 συστατικὰ
855 3123 955 3192 τῆς
986 3123 1135 3194 ζωῆς
1157 3125 1339 3196 ἡμῶν.
1376 3128 1607 3198 καρδίαν
1633 3129 1879 3201 δηλονότι

1983 3136 2138 3185 ortus
2190 3126 2408 3181 initium
2462 3134 2571 3190 est,
2626 3120 3091 3193 quemadmodum
3125 3117 3421 3188 Gregorius
3465 3115 3558 3171 ille

295 3213 604 3282 ιγκέφαλον
628 3208 784 3286 ἧπαρ
815 3216 911 3269 καὶ
932 3217 1034 3269 ὅσα
1059 3217 1310 3286 τοιαῦτα,
1343 3220 1590 3292 στερροῖς
1630 3224 1878 3278 ἁπαντα-

297 3306 456 3375 χόθεν
478 3306 694 3371 ὀστέοις
712 3309 746 3378 η
774 3305 935 3375 φύσις
966 3308 1328 3381 έφρούρησεν,
1365 3308 1508 3366 ὥστε
1535 3314 1610 3384 μὴ
1640 3315 1737 3368 καὶ
1757 3317 1879 3379 ταῖς

294 3396 593 3467 τυχούσαις
624 3394 933 3468 προφάσεσι
965 3398 1507 3474 καταϐλαπτομινων
1536 3404 1714 3459 αύτιῖιν
1737 3406 1876 3459 ετοί-

299 3506 414 3558 μως
443 3487 591 3541 οὕτω
609 3487 702 3540 τὸν
724 3488 955 3543 θάνατον
982 3490 1234 3544 ἔπεσθαι.
1266 3491 1508 3557 Ταύταις
1542 3494 1734 3563 μέντοι
1755 3498 1879 3561 ταῖς

295 3579 624 3647 ἐπιθυμίαις
659 3579 755 3632 καὶ
792 3578 989 3651 ἡδονὴν
1019 3580 1212 3651 ὥσπερ
1262 3599 1317 3636 τι
1356 3583 1550 3656 δέλεαρ
1579 3587 1878 3657 ἐγκατέμι-

297 3669 406 3736 ξεν,
431 3669 511 3733 ὡς
543 3668 799 3724 ἐντεῦθεν
825 3672 973 3742 ἡμᾶς
1002 3664 1238 3741 ἑτοίμως
1281 3673 1673 3730 καθέλκεσθαι.
1707 3677 1770 3730 ΕΞ
1798 3678 1878 3749 μὴ

296 3764 408 3832 γὰρ
439 3762 605 3815 τοῦτο
628 3758 727 3832 ἦν,
755 3763 854 3816 οὐκ
885 3762 953 3817 ἂν
992 3763 1087 3817 ἐπὶ
1118 3763 1352 3834 βρώσεις
1380 3766 1477 3820 καὶ
1500 3768 1688 3831 πόσεις
1721 3770 1878 3839 ἐτρέ-

293 3870 492 3924 χομεν,
529 3859 633 3905 οὑκ
662 3849 731 3906 ἂν
766 3854 1098 3923 ἀφροδισίοις
1122 3854 1424 3926 ὁλοσχερῶς
1445 3858 1873 3929 προσεκείμεθα.

297 3945 358 3998 Ei
393 3945 453 3997 δὲ
491 3942 571 4013 μὴ
600 3943 780 4010 τοῦτο,
816 3944 959 4014 τάχα
994 3946 1060 3998 ἀν
1098 3945 1156 4012 ἐξ
1181 3946 1431 4014 ἀνάγκης
1464 3948 1525 4000 τδ
1551 3948 1707 4016 γένος
1744 3951 1879 4004 ἀπό-ο

293 4036 433 4086 λωλε
458 4034 520 4087 τδ
542 4034 905 4104 ἀνθρώπινον.
940 4036 1095 4089 Κατά
1120 4035 1274 4089 τοῦτο
1305 4038 1404 4107 μὲν
1421 4034 1515 4092 οῦν
1545 4041 1638 4093 καὶ
1669 4040 1700 4111 ἡ
1721 4042 1874 4112 γονὴ,

296 4126 628 4194 περίττωμα
650 4121 761 4178 οἷον
782 4118 938 4189 οὖσα,
972 4128 1291 4195 κατεπείγει
1319 4127 1414 4180 καὶ
1438 4130 1565 4199 άνιᾷ
1592 4133 1684 4183 καὶ
1708 4132 1877 4199 ἀναγ-

298 4217 456 4281 κάξει
487 4216 552 4269 τὸ
577 4214 719 4280 ζῶον
757 4217 937 4287 ὁρμᾷν
970 4218 1060 4270 ἐπὶ
1094 4217 1193 4286 τὴν
1241 4219 1529 4288 ἀπόκρισιν
1560 4222 1751 4291 αὐτῆς,
1791 4223 1880 4276 εὕ-

301 4308 545 4376 μεθὸδως
581 4307 678 4360 καὶ
724 4307 882 4361 τοῦτο
912 4306 1005 4361 τοῦ
1055 4307 1189 4361 Θεοῦ
1225 4311 1681 4382 συγχωρήσαντος
1711 4311 1874 4365 ἕνεκα

1980 3221 2271 3290 theologus
2328 3217 2532 3287 inquit.
2590 3213 2799 3271 idcirco
2856 3225 3059 3283 corpus
3119 3210 3176 3265 in
3227 3205 3555 3279 quibusdam

1979 3310 2213 3368 celerius
2248 3306 2589 3370 dissolvitur,
2644 3304 2701 3359 ιιι
2752 3302 2874 3357 aliis
2920 3301 3153 3357 tardius.
3223 3295 3559 3353 Pet-suadeat

1978 3403 2083 3457 hoc
2114 3399 2282 3456 etiam
2321 3408 2555 3467 magnus
2583 3394 2676 3449 ille
2700 3392 2800 3448 tibi
2829 3389 3089 3461 Cyrillus,
3118 3387 3212 3459 qui
3238 3386 3317 3442 ait
3344 3406 3357 3440 :
3395 3382 3558 3439 «Post

1977 3493 2188 3563 lapsum
2229 3485 2374 3543 Deus
2419 3481 2716 3555 unicuique
2752 3481 2921 3537 vitam
2970 3493 3129 3535 suam
3180 3476 3409 3547 explere
3449 3487 3554 3545 pro

1978 3583 2191 3639 ratione
2224 3577 2643 3651 temperamenti
2671 3575 2859 3631 sinit.»
2897 3570 3029 3626 Nam
3052 3570 3201 3625 illam
3229 3568 3300 3622 ob
3328 3578 3554 3622 causam

1977 3688 2165 3747 partes
2193 3689 2287 3730 eas
2325 3671 2573 3743 corporis
2597 3668 2770 3724 nostri
2804 3678 2925 3736 quae
2950 3663 3113 3717 vitam
3144 3668 3391 3715 nostram
3420 3670 3569 3714 con--

1980 3770 2179 3829 tinent,
2222 3762 2381 3833 cujus
2420 3758 2637 3832 generis
2688 3763 2818 3812 sunt
2872 3768 2991 3817 cor,
3046 3750 3356 3813 cerebrum,
3400 3748 3555 3817 jecur

1978 3857 2195 3925 aliaque
2229 3853 2378 3917 talia,
2413 3852 2586 3906 ﬁrmis
2618 3847 2839 3904 ossibus
2868 3844 3113 3913 undique
3142 3850 3339 3895 natura
3372 3838 3554 3891 muni-

1978 3948 2075 4012 vit;
2108 3956 2166 4001 ut
2192 3960 2263 4000 ne
2294 3959 2394 4013 per
2424 3940 2647 4012 quasvis
2678 3936 2997 3993 occasiones
3027 3933 3282 3987 fortuitas
3318 3929 3385 3981 iis
3408 3927 3553 3981 laesis

1953 4037 2255 4107 .extcmplo
2287 4050 2440 4089 mors
2472 4038 2928 4100 consequeretur.
2987 4026 3165 4092 Atque
3197 4021 3282 4075 his
3314 4020 3382 4073 de
3425 4018 3552 4085 qui-

1977 4130 2081 4184 bus
2112 4138 2267 4181 antea
2322 4122 2489 4178 l0ruti
2534 4134 2748 4181 sumus,
2805 4114 3193 4186 cupiditatibus
3222 4110 3550 4179 voluptatem

1978 4232 2195 4293 quoque
2220 4213 2365 4269 velut
2399 4224 2540 4267 escae
2562 4209 2975 4263 condimentum
3000 4201 3274 4293 quoddam
3309 4197 3549 4263 miscuit,

1979 4316 2038 4360 ut
2075 4319 2138 4358 ea
2167 4289 2265 4357 nos
2300 4298 2588 4355 commode
2624 4294 2896 4351 delenitos
2922 4293 3181 4348 ﬂecteret.
3220 4289 3353 4342 Nam
3393 4296 3552 4341 carto-

296 4404 394 4469 τῆς
416 4400 517 4453 τοῦ
545 4399 739 4466 γένους
766 4401 1049 4471 διαμονῆς.
1084 4399 1269 4454 Ταῦτα
1394 4377 1589 4466 Μάνης
1616 4404 1708 4456 καὶ
1733 4404 1872 4456 Οὐα-

1982 4397 2174 4466 roquin
2204 4393 2271 4447 ad
2312 4391 2495 4446 cibum
2522 4397 2823 4457 potumque
2850 4399 2951 4438 nos
2982 4381 3122 4436 haud
3149 4377 3550 4441 conferremus,

296 4494 534 4555 λεντῖνος
565 4494 919 4563 ἠγνοηκότες,
950 4494 1026 4557 ὥς
1055 4492 1226 4559 ἔοικε,
1266 4498 1473 4564 κτίσμα
1506 4494 1599 4548 τοῦ
1624 4496 1871 4550 διαϐόλου

298 4585 485 4653 ἔλεγον
515 4578 683 4647 εἶναι,
710 4583 801 4636 ὑπ’
831 4584 996 4637 αὐτοῦ
1037 4600 1098 4637 τε
1129 4584 1437 4654 πυροῦσθαι
1464 4585 1556 4637 καὶ
1582 4587 1717 4655 πρὸς
1759 4590 1874 4639 ἀτι-

304 4675 427 4743 μίας
457 4671 874 4727 ἀποκυλίεσθαι.
909 4670 1055 4741 Πλὴν
1075 4672 1176 4726 οὐκ
1210 4673 1388 4742 ἀφῆκε
1416 4674 1554 4745 πρὸς
1580 4676 1875 4743 συναφείας

300 4769 447 4835 ἡμᾶς
468 4768 497 4820 ὁ
523 4765 659 4828 Θεὸς
687 4761 830 4820 εἶναι
868 4765 1046 4833 πάντη
1078 4768 1440 4835 κατωφερετς,
1471 4766 1591 4819 οὐδὲ
1638 4766 1735 4836 ζῇν
1758 4767 1879 4819 ἀνε-

299 4858 623 4929 παισθήτως
681 4856 864 4909 εἴασεν
892 4855 967 4918 ὡς
1012 4856 1080 4907 τά
1113 4854 1307 4922 ἄλογα.
1330 4854 1407 4926 Τῇ
1438 4857 1546 4926 γὰρ
1575 4856 1736 4926 ἡδονῇ
1782 4859 1876 4909 καὶ

298 4952 492 5019 ἀηδίαν
521 4948 843 5013 συνέζευξεν
870 4945 969 5000 καὶ
1004 4945 1316 5016 σύμμικτον
1348 4947 1551 5017 ταύτην
1588 4949 1875 5017 εποίησεν,

1980 4498 2035 4542 et
2077 4485 2233 4555 ιιι
2266 4499 2297 4536 a
2347 4481 2511 4535 rebus
2540 4478 2800 4534 Venereis
2850 4490 3079 4546 prorsus
3128 4472 3550 4527 abstineremus.

1982 4580 2194 4647 Quibus
2222 4575 2390 4629 rebus
2418 4570 2641 4626 omissis
2664 4584 2727 4622 ae
2756 4566 3017 4638 neglectis
3044 4564 3355 4620 necessario
3379 4576 3552 4631 genus

1987 4676 2286 4728 humanum
2318 4663 2590 4719 interiret.
2624 4660 2765 4713 Hinc
2792 4658 2851 4711 lit
2873 4667 2932 4711 ut
2952 4655 3324 4724 semen,quod
3356 4666 3553 4722 supero

1971 4766 2155 4825 ﬁnitas
2182 4757 2427 4831 quadam
2459 4763 2561 4820 est,
2582 4767 2684 4806 nos
2710 4759 2921 4819 urgeat,
2948 4756 3005 4803 et
3040 4747 3290 4800 molestia
3317 4745 3557 4813 quadam

1975 4852 2263 4917 alliciendo
2290 4855 2449 4918 cogat
2475 4855 2535 4899 ut
2570 4845 2693 4914 ejus
2724 4839 2791 4895 ad
2822 4839 3197 4895 excretionem
3236 4835 3546 4919 progredian-

1979 4958 2124 5011 ltltll‘,
2160 4941 2369 5013 optima
2416 4935 2469 4990 id
2516 4937 2724 4987 ratione
2777 4932 3137 5001 permittente
3188 4931 3296 4982 Deo
3331 4928 3565 4996 prdpter

178 5350 193 5361 ,
297 5313 364 5365 δι’
399 5315 466 5383 ἣν
490 5312 605 5373 τοῖς
642 5313 888 5381 ἀνοήτοις
916 5313 1479 5382 παρασυνεὸλήθημεν
1509 5312 1757 5381 κτήνεσι.
1848 5322 1855 5327 “

297 5043 367 5105 ὡς
405 5042 622 5096 ἐκεῖθεν
680 5042 778 5109 μὲν
810 5041 904 5092 ἐπὶ
954 5038 1055 5110 τὴν
1084 5039 1179 5092 τοῦ
1213 5039 1403 5107 γένους
1451 5040 1679 5111 αῠξησιν
1721 5040 1878 5093 ἕλκε-

1981 5038 2201 5108 generis
2232 5033 2404 5087 nostri
2438 5025 2809 5083 durationem.
2852 5023 2981 5088 Qua:
3008 5037 3131 5076 cum
3170 5020 3353 5074 Manes
3386 5031 3559 5087 atque

302 5140 450 5196 σθαι,
477 5130 731 5184 ἐντεῦθεν
756 5130 812 5182 δὶ
836 5128 1143 5193 ταλανῐζειν
1172 5130 1425 5194 ἑαυτοὺς,
1454 5131 1562 5182 τῶν
1591 5131 1874 5201 προτέρων

1981 5124 2301 5184 Valentinus
2333 5122 2669 5189 ignorarent,
2707 5114 2784 5167 uti
2819 5113 3038 5182 quidem
3058 5111 3297 5173 videtur,
3327 5120 3560 5161 carnem

299 5223 733 5293 ἐπιμεμνῆσθαι,
776 5220 868 5272 καὶ
909 5224 1007 5291 τῆς
1051 5223 1327 5292 ἁμαρτίας
1375 5221 1517 5290 μέγα
1571 5200 1871 5292 καταϐοᾷν,

1981 5218 2104 5275 esse
2137 5212 2335 5269 diaboli
2368 5208 2645 5280 opificium
2702 5205 2963 5260 dixerunt
3016 5213 3069 5256 et
3101 5200 3326 5255 accendi
3364 5200 3431 5250 ab
3462 5211 3557 5261 eo,

1984 5326 2092 5381 quo
2136 5318 2326 5377 turpes
2376 5303 2433 5357 ιιι
2480 5300 2736 5356 libidines
2787 5305 3032 5368 proritat.
3102 5293 3392 5346 Enimvero
3438 5302 3558 5341 non

300 5404 575 5456 concessit
606 5402 763 5455 nobis
794 5404 933 5458 Dens
966 5415 1024 5458 ut
1071 5403 1371 5472 nimiopere
1416 5403 1588 5456 simus
1617 5402 1683 5456 ad
1712 5405 2030 5473 complexus
2060 5402 2334 5455 Venereos
2396 5393 2689 5465 proclives,
2761 5404 2863 5444 nec
2893 5390 3175 5443 brutornm
3235 5385 3289 5437 in
3345 5392 3558 5473 nturetn

300 5498 505 5563 absque
529 5508 694 5548 sensu
725 5493 938 5548 vivendi
1007 5504 1334 5564 potestatem
1372 5494 1520 5548 fecit.
1583 5493 1718 5547 Nam
1794 5494 2056 5565 voluptati
2112 5487 2404 5560 quamdam
2445 5466 3549 5551 insuavitatemadjunxitatquemiscuit,

367 5647 411 5678 “
442 5645 593 5698 Psal.
625 5660 813 5709 vam,
850 5647 930 5703 l3.
