  <div class='ocr_page' id='page_1' title='image "/cluster/home/n/w/nwhite01/storage/ocr_20150623/158/hvd.32044073502676/155.png"; bbox 0 0 4062 6186; ppageno 0'>
   <div class='ocr_carea' id='block_1_1' title="bbox 386 196 550 258">
    <p class='ocr_par' dir='ltr' id='par_1_1' title="bbox 386 196 550 258">
     <span class='ocr_line' id='line_1_1' title="bbox 386 196 550 258; baseline -0.012 0"><span class='ocrx_word' id='word_1_1' title='bbox 386 250 389 253; x_wconf 85' lang='lat'><strong>.</strong></span> <span class='ocrx_word' id='word_1_2' title='bbox 441 196 550 258; x_wconf 70' lang='lat'><strong>22::</strong></span> 
     </span>
    </p>
   </div>
   <div class='ocr_carea' id='block_1_2' title="bbox 1724 194 2456 258">
    <p class='ocr_par' dir='ltr' id='par_1_2' title="bbox 1724 194 2456 258">
     <span class='ocr_line' id='line_1_2' title="bbox 1724 194 2456 258; baseline 0.004 -3"><span class='ocrx_word' id='word_1_3' title='bbox 1724 196 2148 257; x_wconf 61' lang='lat' dir='ltr'><strong>MCHAELIS</strong></span> <span class='ocrx_word' id='word_1_4' title='bbox 2188 194 2456 258; x_wconf 67' lang='grc' dir='ltr'>θιγωε</span> 
     </span>
    </p>
   </div>
   <div class='ocr_carea' id='block_1_3' title="bbox 3601 158 3711 262">
    <p class='ocr_par' dir='ltr' id='par_1_3' title="bbox 3601 158 3711 262">
     <span class='ocr_line' id='line_1_3' title="bbox 3601 158 3711 262; baseline 0.018 -2"><span class='ocrx_word' id='word_1_5' title='bbox 3601 158 3711 262; x_wconf 62' lang='lat' dir='ltr'><strong>est</strong></span> 
     </span>
    </p>
   </div>
   <div class='ocr_carea' id='block_1_4' title="bbox 438 295 3697 385">
    <p class='ocr_par' dir='ltr' id='par_1_4' title="bbox 438 295 3697 385">
     <span class='ocr_line' id='line_1_4' title="bbox 438 295 3697 385; baseline 0.002 -24"><span class='ocrx_word' id='word_1_6' title='bbox 438 319 500 364; x_wconf 75' lang='lat' dir='ltr'><strong>rt</strong></span> <span class='ocrx_word' id='word_1_7' title='bbox 536 310 662 365; x_wconf 83' lang='lat' dir='ltr'><strong>hinc</strong></span> <span class='ocrx_word' id='word_1_8' title='bbox 721 312 946 381; x_wconf 78' lang='lat' dir='ltr'><strong>quidem</strong></span> <span class='ocrx_word' id='word_1_9' title='bbox 1017 313 1083 367; x_wconf 90' lang='lat' dir='ltr'><strong>ad</strong></span> <span class='ocrx_word' id='word_1_10' title='bbox 1132 312 1350 382; x_wconf 87' lang='lat' dir='ltr'><strong>generis</strong></span> <span class='ocrx_word' id='word_1_11' title='bbox 1392 311 1846 381; x_wconf 80' lang='lat' dir='ltr'><strong>prapagationem</strong></span> <span class='ocrx_word' id='word_1_12' title='bbox 1916 295 2302 376; x_wconf 77' lang='lat' dir='ltr'><strong>excitaremitr,</strong></span> <span class='ocrx_word' id='word_1_13' title='bbox 2357 312 2482 366; x_wconf 88' lang='lat' dir='ltr'><strong>inde</strong></span> <span class='ocrx_word' id='word_1_14' title='bbox 2523 325 2652 368; x_wconf 84' lang='lat' dir='ltr'><strong>vero</strong></span> <span class='ocrx_word' id='word_1_15' title='bbox 2684 312 2937 369; x_wconf 75' lang='lat' dir='ltr'><strong>miserias</strong></span> <span class='ocrx_word' id='word_1_16' title='bbox 2981 323 3205 369; x_wconf 89' lang='lat' dir='ltr'><strong>nostras</strong></span> <span class='ocrx_word' id='word_1_17' title='bbox 3264 312 3697 385; x_wconf 88' lang='lat' dir='ltr'><strong>deploraremus,</strong></span> 
     </span>
    </p>
   </div>
   <div class='ocr_carea' id='block_1_5' title="bbox 438 406 3705 482">
    <p class='ocr_par' dir='ltr' id='par_1_5' title="bbox 438 406 3705 482">
     <span class='ocr_line' id='line_1_5' title="bbox 438 406 3705 482; baseline 0.002 -24"><span class='ocrx_word' id='word_1_18' title='bbox 438 407 636 475; x_wconf 83' lang='lat' dir='ltr'><strong>prioris</strong></span> <span class='ocrx_word' id='word_1_19' title='bbox 687 418 867 465; x_wconf 88' lang='lat' dir='ltr'><strong>status</strong></span> <span class='ocrx_word' id='word_1_20' title='bbox 919 408 1234 462; x_wconf 84' lang='lat' dir='ltr'><strong>memoriam</strong></span> <span class='ocrx_word' id='word_1_21' title='bbox 1289 406 1696 471; x_wconf 78' lang='lat' dir='ltr'><strong>refrieaiemus,</strong></span> <span class='ocrx_word' id='word_1_22' title='bbox 1743 416 2026 476; x_wconf 77' lang='lat' dir='ltr'><strong>peccatum</strong></span> <span class='ocrx_word' id='word_1_23' title='bbox 2062 407 2300 477; x_wconf 89' lang='lat' dir='ltr'><strong>denique</strong></span> <span class='ocrx_word' id='word_1_24' title='bbox 2370 409 2612 479; x_wconf 76' lang='lat' dir='ltr'><strong>graviter</strong></span> <span class='ocrx_word' id='word_1_25' title='bbox 2683 410 3083 477; x_wconf 88' lang='lat' dir='ltr'><strong>incusaremus,</strong></span> <span class='ocrx_word' id='word_1_26' title='bbox 3133 412 3292 482; x_wconf 90' lang='lat' dir='ltr'><strong>cujus</strong></span> <span class='ocrx_word' id='word_1_27' title='bbox 3336 425 3501 465; x_wconf 87' lang='lat' dir='ltr'><strong>causa</strong></span> <span class='ocrx_word' id='word_1_28' title='bbox 3544 422 3705 480; x_wconf 81' lang='lat' dir='ltr'><strong>para-</strong></span> 
     </span>
    </p>
   </div>
   <div class='ocr_carea' id='block_1_6' title="bbox 438 498 2222 570">
    <p class='ocr_par' dir='ltr' id='par_1_6' title="bbox 438 498 2222 570">
     <span class='ocr_line' id='line_1_6' title="bbox 438 498 2222 570; baseline -0.001 -17"><span class='ocrx_word' id='word_1_29' title='bbox 438 499 544 554; x_wconf 85' lang='lat' dir='ltr'><strong>disi</strong></span> <span class='ocrx_word' id='word_1_30' title='bbox 583 502 686 554; x_wconf 87' lang='lat' dir='ltr'><strong>vita</strong></span> <span class='ocrx_word' id='word_1_31' title='bbox 732 500 950 570; x_wconf 74' lang='lat' dir='ltr'><strong>spoliati</strong></span> <span class='ocrx_word' id='word_1_32' title='bbox 984 513 1175 552; x_wconf 85' lang='lat' dir='ltr'><strong>sumus</strong></span> <span class='ocrx_word' id='word_1_33' title='bbox 1218 498 1502 567; x_wconf 87' lang='lat' dir='ltr'><strong>brutisque</strong></span> <span class='ocrx_word' id='word_1_34' title='bbox 1529 498 1792 564; x_wconf 88' lang='lat' dir='ltr'><strong>jumentis</strong></span> <span class='ocrx_word' id='word_1_35' title='bbox 1818 498 2029 552; x_wconf 85' lang='lat' dir='ltr'><strong>similes</strong></span> <span class='ocrx_word' id='word_1_36' title='bbox 2067 498 2222 552; x_wconf 84' lang='lat' dir='ltr'><strong>facti.</strong></span> 
     </span>
    </p>
   </div>
   <div class='ocr_carea' id='block_1_7' title="bbox 826 592 1626 660">
    <p class='ocr_par' dir='ltr' id='par_1_7' title="bbox 826 592 1626 660">
     <span class='ocr_line' id='line_1_7' title="bbox 826 592 1626 660; baseline -0.003 -14"><span class='ocrx_word' id='word_1_37' title='bbox 826 594 905 646; x_wconf 85' lang='lat' dir='ltr'><strong>De</strong></span> <span class='ocrx_word' id='word_1_38' title='bbox 938 593 1104 645; x_wconf 77' lang='lat' dir='ltr'><strong>tribus</strong></span> <span class='ocrx_word' id='word_1_39' title='bbox 1136 592 1332 645; x_wconf 78' lang='lat' dir='ltr'><strong>anima:</strong></span> <span class='ocrx_word' id='word_1_40' title='bbox 1363 592 1626 660; x_wconf 80' lang='lat' dir='ltr'><strong>partibus.</strong></span> 
     </span>
    </p>
   </div>
   <div class='ocr_carea' id='block_1_8' title="bbox 513 668 2023 751">
    <p class='ocr_par' dir='ltr' id='par_1_8' title="bbox 513 668 2023 751">
     <span class='ocr_line' id='line_1_8' title="bbox 513 668 2023 751; baseline -0.002 -12"><span class='ocrx_word' id='word_1_41' title='bbox 513 687 713 739; x_wconf 67' lang='lat' dir='ltr'><strong>Prmter</strong></span> <span class='ocrx_word' id='word_1_42' title='bbox 741 685 853 737; x_wconf 67' lang='lat' dir='ltr'><strong>haec</strong></span> <span class='ocrx_word' id='word_1_43' title='bbox 884 685 1045 737; x_wconf 86' lang='lat' dir='ltr'><strong>etiam</strong></span> <span class='ocrx_word' id='word_1_44' title='bbox 1073 684 1203 737; x_wconf 90' lang='lat' dir='ltr'><strong>illud</strong></span> <span class='ocrx_word' id='word_1_45' title='bbox 1236 685 1375 737; x_wconf 91' lang='lat' dir='ltr'><strong>scire</strong></span> <span class='ocrx_word' id='word_1_46' title='bbox 1406 691 1458 737; x_wconf 91' lang='lat' dir='ltr'><strong>te</strong></span> <span class='ocrx_word' id='word_1_47' title='bbox 1482 682 1630 747; x_wconf 82' lang='lat' dir='ltr'><strong>volo,</strong></span> <span class='ocrx_word' id='word_1_48' title='bbox 1659 668 2023 751; x_wconf 29' lang='lat' dir='ltr'><strong>partem‘eam</strong></span> 
     </span>
    </p>
   </div>
   <div class='ocr_carea' id='block_1_9' title="bbox 439 774 2028 847">
    <p class='ocr_par' dir='ltr' id='par_1_9' title="bbox 439 774 2028 847">
     <span class='ocr_line' id='line_1_9' title="bbox 439 774 2028 847; baseline -0.005 -13"><span class='ocrx_word' id='word_1_49' title='bbox 439 780 603 834; x_wconf 87' lang='lat' dir='ltr'><strong>animi</strong></span> <span class='ocrx_word' id='word_1_50' title='bbox 639 793 761 847; x_wconf 65' lang='lat' dir='ltr'><strong>quae</strong></span> <span class='ocrx_word' id='word_1_51' title='bbox 813 778 1109 846; x_wconf 82' lang='lat' dir='ltr'><strong>appetendi</strong></span> <span class='ocrx_word' id='word_1_52' title='bbox 1157 776 1478 831; x_wconf 76' lang='lat' dir='ltr'><strong>facultatem</strong></span> <span class='ocrx_word' id='word_1_53' title='bbox 1512 777 1759 830; x_wconf 87' lang='lat' dir='ltr'><strong>continet</strong></span> <span class='ocrx_word' id='word_1_54' title='bbox 1804 776 1858 828; x_wconf 91' lang='lat' dir='ltr'><strong>in</strong></span> <span class='ocrx_word' id='word_1_55' title='bbox 1890 774 2028 842; x_wconf 85' lang='lat' dir='ltr'><strong>jeci-</strong></span> 
     </span>
    </p>
   </div>
   <div class='ocr_carea' id='block_1_10' title="bbox 443 866 2024 937">
    <p class='ocr_par' dir='ltr' id='par_1_10' title="bbox 443 866 2024 937">
     <span class='ocr_line' id='line_1_10' title="bbox 443 866 2024 937; baseline -0.003 -13"><span class='ocrx_word' id='word_1_56' title='bbox 443 886 579 925; x_wconf 90' lang='lat' dir='ltr'><strong>nore</strong></span> <span class='ocrx_word' id='word_1_57' title='bbox 608 869 792 923; x_wconf 86' lang='lat' dir='ltr'><strong>sedem</strong></span> <span class='ocrx_word' id='word_1_58' title='bbox 827 884 980 923; x_wconf 91' lang='lat' dir='ltr'><strong>suam</strong></span> <span class='ocrx_word' id='word_1_59' title='bbox 1020 869 1296 933; x_wconf 84' lang='lat' dir='ltr'><strong>obtinere,</strong></span> <span class='ocrx_word' id='word_1_60' title='bbox 1327 869 1557 924; x_wconf 85' lang='lat' dir='ltr'><strong>alteram</strong></span> <span class='ocrx_word' id='word_1_61' title='bbox 1601 884 1707 937; x_wconf 90' lang='lat' dir='ltr'><strong>qua</strong></span> <span class='ocrx_word' id='word_1_62' title='bbox 1754 866 2024 937; x_wconf 81' lang='lat' dir='ltr'><strong>irascendi</strong></span> 
     </span>
    </p>
   </div>
   <div class='ocr_carea' id='block_1_11' title="bbox 440 960 2027 1029">
    <p class='ocr_par' dir='ltr' id='par_1_11' title="bbox 440 960 2027 1029">
     <span class='ocr_line' id='line_1_11' title="bbox 440 960 2027 1029; baseline 0 -17"><span class='ocrx_word' id='word_1_63' title='bbox 440 963 523 1015; x_wconf 84' lang='lat' dir='ltr'><strong>vis</strong></span> <span class='ocrx_word' id='word_1_64' title='bbox 580 962 898 1017; x_wconf 85' lang='lat' dir='ltr'><strong>continetur</strong></span> <span class='ocrx_word' id='word_1_65' title='bbox 946 961 1003 1014; x_wconf 89' lang='lat' dir='ltr'><strong>in</strong></span> <span class='ocrx_word' id='word_1_66' title='bbox 1042 961 1229 1025; x_wconf 81' lang='lat' dir='ltr'><strong>corde,</strong></span> <span class='ocrx_word' id='word_1_67' title='bbox 1287 962 1517 1016; x_wconf 78' lang='lat' dir='ltr'><strong>rationis</strong></span> <span class='ocrx_word' id='word_1_68' title='bbox 1564 960 1804 1029; x_wconf 85' lang='lat' dir='ltr'><strong>denique</strong></span> <span class='ocrx_word' id='word_1_69' title='bbox 1851 960 2027 1014; x_wconf 89' lang='lat' dir='ltr'><strong>domi-</strong></span> 
     </span>
    </p>
   </div>
   <div class='ocr_carea' id='block_1_12' title="bbox 441 1051 2025 1121">
    <p class='ocr_par' dir='ltr' id='par_1_12' title="bbox 441 1051 2025 1121">
     <span class='ocr_line' id='line_1_12' title="bbox 441 1051 2025 1121; baseline -0.002 -16"><span class='ocrx_word' id='word_1_70' title='bbox 441 1052 628 1106; x_wconf 84' lang='lat' dir='ltr'><strong>cilium</strong></span> <span class='ocrx_word' id='word_1_71' title='bbox 654 1052 707 1105; x_wconf 91' lang='lat' dir='ltr'><strong>in</strong></span> <span class='ocrx_word' id='word_1_72' title='bbox 758 1054 987 1105; x_wconf 81' lang='lat' dir='ltr'><strong>cerebro</strong></span> <span class='ocrx_word' id='word_1_73' title='bbox 1009 1066 1154 1106; x_wconf 87' lang='lat' dir='ltr'><strong>esse.</strong></span> <span class='ocrx_word' id='word_1_74' title='bbox 1222 1051 1398 1120; x_wconf 79' lang='lat' dir='ltr'><strong>Atque</strong></span> <span class='ocrx_word' id='word_1_75' title='bbox 1453 1053 1591 1105; x_wconf 77' lang='lat' dir='ltr'><strong>lianc</strong></span> <span class='ocrx_word' id='word_1_76' title='bbox 1631 1053 1803 1121; x_wconf 82' lang='lat' dir='ltr'><strong>ipsam</strong></span> <span class='ocrx_word' id='word_1_77' title='bbox 1833 1051 2025 1118; x_wconf 68' lang='lat' dir='ltr'><strong>{ratio-</strong></span> 
     </span>
    </p>
   </div>
   <div class='ocr_carea' id='block_1_13' title="bbox 439 1143 2075 1211">
    <p class='ocr_par' dir='ltr' id='par_1_13' title="bbox 439 1143 2075 1211">
     <span class='ocr_line' id='line_1_13' title="bbox 439 1143 2075 1211; baseline 0.001 -15"><span class='ocrx_word' id='word_1_78' title='bbox 439 1144 528 1196; x_wconf 86' lang='lat' dir='ltr'><strong>nis</strong></span> <span class='ocrx_word' id='word_1_79' title='bbox 560 1143 878 1197; x_wconf 75' lang='lat' dir='ltr'><strong>facultatem</strong></span> <span class='ocrx_word' id='word_1_80' title='bbox 920 1143 1257 1211; x_wconf 77' lang='lat' dir='ltr'><strong>gubernator</strong></span> <span class='ocrx_word' id='word_1_81' title='bbox 1305 1143 1396 1197; x_wconf 89' lang='lat' dir='ltr'><strong>ille</strong></span> <span class='ocrx_word' id='word_1_82' title='bbox 1444 1160 1624 1209; x_wconf 76' lang='lat' dir='ltr'><strong>rerum</strong></span> <span class='ocrx_word' id='word_1_83' title='bbox 1654 1145 2027 1198; x_wconf 76' lang='lat' dir='ltr'><strong>universitatis</strong></span> <span class='ocrx_word' id='word_1_84' title='bbox 2071 1150 2075 1155; x_wconf 83' lang='grc'><em>’</em></span> 
     </span>
    </p>
   </div>
   <div class='ocr_carea' id='block_1_14' title="bbox 441 1222 2026 1303">
    <p class='ocr_par' dir='ltr' id='par_1_14' title="bbox 441 1222 2026 1303">
     <span class='ocr_line' id='line_1_14' title="bbox 441 1222 2026 1303; baseline 0 -16"><span class='ocrx_word' id='word_1_85' title='bbox 441 1243 728 1303; x_wconf 81' lang='lat' dir='ltr'><strong>propterea</strong></span> <span class='ocrx_word' id='word_1_86' title='bbox 764 1233 860 1286; x_wconf 85' lang='lat' dir='ltr'><strong>tibi</strong></span> <span class='ocrx_word' id='word_1_87' title='bbox 891 1222 1137 1297; x_wconf 64' lang='lat' dir='ltr'><strong>donavit;</strong></span> <span class='ocrx_word' id='word_1_88' title='bbox 1177 1243 1235 1286; x_wconf 91' lang='lat' dir='ltr'><strong>ut</strong></span> <span class='ocrx_word' id='word_1_89' title='bbox 1260 1233 1329 1286; x_wconf 91' lang='lat' dir='ltr'><strong>ab</strong></span> <span class='ocrx_word' id='word_1_90' title='bbox 1359 1233 1618 1287; x_wconf 79' lang='lat' dir='ltr'><strong>irascibili</strong></span> <span class='ocrx_word' id='word_1_91' title='bbox 1649 1233 1907 1286; x_wconf 76' lang='lat' dir='ltr'><strong>facultate</strong></span> <span class='ocrx_word' id='word_1_92' title='bbox 1929 1233 2026 1287; x_wconf 86' lang='lat' dir='ltr'><strong>ad-</strong></span> 
     </span>
    </p>
   </div>
   <div class='ocr_carea' id='block_1_15' title="bbox 435 1323 2023 1392">
    <p class='ocr_par' dir='ltr' id='par_1_15' title="bbox 435 1323 2023 1392">
     <span class='ocr_line' id='line_1_15' title="bbox 435 1323 2023 1392; baseline 0 -15"><span class='ocrx_word' id='word_1_93' title='bbox 435 1325 590 1391; x_wconf 86' lang='lat' dir='ltr'><strong>jutus</strong></span> <span class='ocrx_word' id='word_1_94' title='bbox 632 1323 849 1378; x_wconf 82' lang='lat' dir='ltr'><strong>fortiter</strong></span> <span class='ocrx_word' id='word_1_95' title='bbox 887 1324 1161 1377; x_wconf 82' lang='lat' dir='ltr'><strong>adversari</strong></span> <span class='ocrx_word' id='word_1_96' title='bbox 1200 1326 1372 1377; x_wconf 79' lang='lat' dir='ltr'><strong>brutae</strong></span> <span class='ocrx_word' id='word_1_97' title='bbox 1404 1324 1762 1392; x_wconf 69' lang='lat' dir='ltr'><strong>pecuiuzeque</strong></span> <span class='ocrx_word' id='word_1_98' title='bbox 1816 1339 2023 1377; x_wconf 89' lang='lat' dir='ltr'><strong>concu-</strong></span> 
     </span>
    </p>
   </div>
   <div class='ocr_carea' id='block_1_16' title="bbox 440 1414 2023 1484">
    <p class='ocr_par' dir='ltr' id='par_1_16' title="bbox 440 1414 2023 1484">
     <span class='ocr_line' id='line_1_16' title="bbox 440 1414 2023 1484; baseline 0.001 -15"><span class='ocrx_word' id='word_1_99' title='bbox 440 1414 723 1484; x_wconf 74' lang='lat' dir='ltr'><strong>piscentia:</strong></span> <span class='ocrx_word' id='word_1_100' title='bbox 757 1417 956 1483; x_wconf 87' lang='lat' dir='ltr'><strong>possis.</strong></span> <span class='ocrx_word' id='word_1_101' title='bbox 1009 1414 1176 1469; x_wconf 87' lang='lat' dir='ltr'><strong>Norat</strong></span> <span class='ocrx_word' id='word_1_102' title='bbox 1199 1416 1345 1468; x_wconf 90' lang='lat' dir='ltr'><strong>enim</strong></span> <span class='ocrx_word' id='word_1_103' title='bbox 1380 1416 1639 1469; x_wconf 84' lang='lat' dir='ltr'><strong>dominus</strong></span> <span class='ocrx_word' id='word_1_104' title='bbox 1695 1417 1784 1469; x_wconf 89' lang='lat' dir='ltr'><strong>ille</strong></span> <span class='ocrx_word' id='word_1_105' title='bbox 1818 1427 2023 1471; x_wconf 73' lang='lat' dir='ltr'><strong>natura:</strong></span> 
     </span>
    </p>
   </div>
   <div class='ocr_carea' id='block_1_17' title="bbox 439 1506 2022 1575">
    <p class='ocr_par' dir='ltr' id='par_1_17' title="bbox 439 1506 2022 1575">
     <span class='ocr_line' id='line_1_17' title="bbox 439 1506 2022 1575; baseline 0.003 -18"><span class='ocrx_word' id='word_1_106' title='bbox 439 1516 678 1575; x_wconf 84' lang='lat' dir='ltr'><strong>quantus</strong></span> <span class='ocrx_word' id='word_1_107' title='bbox 701 1516 845 1559; x_wconf 82' lang='lat' dir='ltr'><strong>esset</strong></span> <span class='ocrx_word' id='word_1_108' title='bbox 875 1506 994 1574; x_wconf 91' lang='lat' dir='ltr'><strong>ejus</strong></span> <span class='ocrx_word' id='word_1_109' title='bbox 1028 1508 1286 1574; x_wconf 83' lang='lat' dir='ltr'><strong>impetus.</strong></span> <span class='ocrx_word' id='word_1_110' title='bbox 1323 1506 1388 1559; x_wconf 86' lang='lat' dir='ltr'><strong>Et</strong></span> <span class='ocrx_word' id='word_1_111' title='bbox 1420 1507 1561 1561; x_wconf 88' lang='lat' dir='ltr'><strong>hanc</strong></span> <span class='ocrx_word' id='word_1_112' title='bbox 1590 1508 1885 1575; x_wconf 82' lang='lat' dir='ltr'><strong>appetendi</strong></span> <span class='ocrx_word' id='word_1_113' title='bbox 1912 1508 2022 1562; x_wconf 89' lang='lat' dir='ltr'><strong>vim</strong></span> 
     </span>
    </p>
   </div>
   <div class='ocr_carea' id='block_1_18' title="bbox 438 1597 2020 1666">
    <p class='ocr_par' dir='ltr' id='par_1_18' title="bbox 438 1597 2020 1666">
     <span class='ocr_line' id='line_1_18' title="bbox 438 1597 2020 1666; baseline -0.001 -14"><span class='ocrx_word' id='word_1_114' title='bbox 438 1600 623 1652; x_wconf 86' lang='lat' dir='ltr'><strong>sedem</strong></span> <span class='ocrx_word' id='word_1_115' title='bbox 685 1599 736 1651; x_wconf 89' lang='lat' dir='ltr'><strong>in</strong></span> <span class='ocrx_word' id='word_1_116' title='bbox 797 1597 1044 1666; x_wconf 85' lang='lat' dir='ltr'><strong>jecinore</strong></span> <span class='ocrx_word' id='word_1_117' title='bbox 1108 1612 1262 1652; x_wconf 86' lang='lat' dir='ltr'><strong>suam</strong></span> <span class='ocrx_word' id='word_1_118' title='bbox 1331 1599 1535 1652; x_wconf 88' lang='lat' dir='ltr'><strong>habere</strong></span> <span class='ocrx_word' id='word_1_119' title='bbox 1585 1598 1827 1651; x_wconf 79' lang='lat' dir='ltr'><strong>Galenus</strong></span> <span class='ocrx_word' id='word_1_120' title='bbox 1856 1598 2020 1651; x_wconf 83' lang='lat' dir='ltr'><strong>etiam</strong></span> 
     </span>
    </p>
   </div>
   <div class='ocr_carea' id='block_1_19' title="bbox 439 1687 2020 1759">
    <p class='ocr_par' dir='ltr' id='par_1_19' title="bbox 439 1687 2020 1759">
     <span class='ocr_line' id='line_1_19' title="bbox 439 1687 2020 1759; baseline 0.001 -18"><span class='ocrx_word' id='word_1_121' title='bbox 439 1687 576 1759; x_wconf 88' lang='lat' dir='ltr'><strong>Tityi</strong></span> <span class='ocrx_word' id='word_1_122' title='bbox 605 1698 1030 1743; x_wconf 75' lang='lat' dir='ltr'><strong>commemoz-ata</strong></span> <span class='ocrx_word' id='word_1_123' title='bbox 1069 1688 1250 1743; x_wconf 81' lang='lat' dir='ltr'><strong>fabula</strong></span> <span class='ocrx_word' id='word_1_124' title='bbox 1281 1690 1498 1758; x_wconf 82' lang='lat' dir='ltr'><strong>probat,</strong></span> <span class='ocrx_word' id='word_1_125' title='bbox 1534 1690 1587 1742; x_wconf 91' lang='lat' dir='ltr'><strong>in</strong></span> <span class='ocrx_word' id='word_1_126' title='bbox 1623 1690 1764 1743; x_wconf 89' lang='lat' dir='ltr'><strong>libro</strong></span> <span class='ocrx_word' id='word_1_127' title='bbox 1795 1689 2020 1758; x_wconf 86' lang='lat' dir='ltr'><strong>quidem</strong></span> 
     </span>
    </p>
   </div>
   <div class='ocr_carea' id='block_1_20' title="bbox 434 1779 2023 1851">
    <p class='ocr_par' dir='ltr' id='par_1_20' title="bbox 434 1779 2023 1851">
     <span class='ocr_line' id='line_1_20' title="bbox 434 1779 2023 1851; baseline 0.001 -19"><span class='ocrx_word' id='word_1_128' title='bbox 434 1794 502 1832; x_wconf 71' lang='grc' dir='ltr'><strong>ω</strong></span> <span class='ocrx_word' id='word_1_129' title='bbox 547 1782 635 1834; x_wconf 84' lang='lat' dir='ltr'><strong>cui</strong></span> <span class='ocrx_word' id='word_1_130' title='bbox 674 1780 1051 1851; x_wconf 78' lang='lat' dir='ltr'><strong>Diagnostices</strong></span> <span class='ocrx_word' id='word_1_131' title='bbox 1099 1780 1321 1833; x_wconf 89' lang='lat' dir='ltr'><strong>titulum</strong></span> <span class='ocrx_word' id='word_1_132' title='bbox 1373 1779 1524 1842; x_wconf 75' lang='lat' dir='ltr'><strong>fecit,</strong></span> <span class='ocrx_word' id='word_1_133' title='bbox 1578 1783 1740 1848; x_wconf 89' lang='lat' dir='ltr'><strong>jecur</strong></span> <span class='ocrx_word' id='word_1_134' title='bbox 1775 1781 1898 1848; x_wconf 88' lang='lat' dir='ltr'><strong>ejus</strong></span> <span class='ocrx_word' id='word_1_135' title='bbox 1954 1780 2023 1835; x_wconf 87' lang='lat' dir='ltr'><strong>ab</strong></span> 
     </span>
    </p>
   </div>
   <div class='ocr_carea' id='block_1_21' title="bbox 432 1872 2021 1943">
    <p class='ocr_par' dir='ltr' id='par_1_21' title="bbox 432 1872 2021 1943">
     <span class='ocr_line' id='line_1_21' title="bbox 432 1872 2021 1943; baseline 0.001 -17"><span class='ocrx_word' id='word_1_136' title='bbox 432 1874 613 1940; x_wconf 84' lang='lat' dir='ltr'><strong>aquila</strong></span> <span class='ocrx_word' id='word_1_137' title='bbox 645 1876 886 1939; x_wconf 88' lang='lat' dir='ltr'><strong>comedi,</strong></span> <span class='ocrx_word' id='word_1_138' title='bbox 924 1874 979 1927; x_wconf 92' lang='lat' dir='ltr'><strong>in</strong></span> <span class='ocrx_word' id='word_1_139' title='bbox 1016 1874 1189 1929; x_wconf 89' lang='lat' dir='ltr'><strong>altero</strong></span> <span class='ocrx_word' id='word_1_140' title='bbox 1222 1882 1405 1926; x_wconf 90' lang='lat' dir='ltr'><strong>autem</strong></span> <span class='ocrx_word' id='word_1_141' title='bbox 1436 1872 1576 1925; x_wconf 87' lang='lat' dir='ltr'><strong>libro</strong></span> <span class='ocrx_word' id='word_1_142' title='bbox 1612 1873 1872 1941; x_wconf 75' lang='lat' dir='ltr'><strong>singulzrri</strong></span> <span class='ocrx_word' id='word_1_143' title='bbox 1929 1873 2021 1943; x_wconf 90' lang='lat' dir='ltr'><strong>qui</strong></span> 
     </span>
    </p>
   </div>
   <div class='ocr_carea' id='block_1_22' title="bbox 434 1952 2022 2028">
    <p class='ocr_par' dir='ltr' id='par_1_22' title="bbox 434 1952 2022 2028">
     <span class='ocr_line' id='line_1_22' title="bbox 434 1952 2022 2028; baseline -0.002 -9"><span class='ocrx_word' id='word_1_144' title='bbox 434 1977 520 2019; x_wconf 79' lang='lat' dir='ltr'><strong>est</strong></span> <span class='ocrx_word' id='word_1_145' title='bbox 541 1965 609 2019; x_wconf 90' lang='lat' dir='ltr'><strong>de</strong></span> <span class='ocrx_word' id='word_1_146' title='bbox 626 1966 791 2018; x_wconf 89' lang='lat' dir='ltr'><strong>animi</strong></span> <span class='ocrx_word' id='word_1_147' title='bbox 812 1965 1080 2028; x_wconf 85' lang='lat' dir='ltr'><strong>moribus,</strong></span> <span class='ocrx_word' id='word_1_148' title='bbox 1096 1981 1139 2023; x_wconf 71' lang='lat' dir='ltr'><strong>.a</strong></span> <span class='ocrx_word' id='word_1_149' title='bbox 1159 1952 1474 2018; x_wconf 79' lang='lat' dir='ltr'><strong>vulturibus</strong></span> <span class='ocrx_word' id='word_1_150' title='bbox 1496 1963 1749 2018; x_wconf 79' lang='lat' dir='ltr'><strong>devorari</strong></span> <span class='ocrx_word' id='word_1_151' title='bbox 1778 1964 2022 2023; x_wconf 82' lang='lat' dir='ltr'><strong>tradens.</strong></span> 
     </span>
    </p>
   </div>
   <div class='ocr_carea' id='block_1_23' title="bbox 435 2054 2023 2127">
    <p class='ocr_par' dir='ltr' id='par_1_23' title="bbox 435 2054 2023 2127">
     <span class='ocr_line' id='line_1_23' title="bbox 435 2054 2023 2127; baseline -0.001 -16"><span class='ocrx_word' id='word_1_152' title='bbox 435 2058 654 2111; x_wconf 85' lang='lat' dir='ltr'><strong>Etenim</strong></span> <span class='ocrx_word' id='word_1_153' title='bbox 684 2054 877 2127; x_wconf 83' lang='lat' dir='ltr'><strong>Tityus</strong></span> <span class='ocrx_word' id='word_1_154' title='bbox 931 2056 1038 2121; x_wconf 85' lang='lat' dir='ltr'><strong>hic,</strong></span> <span class='ocrx_word' id='word_1_155' title='bbox 1093 2063 1151 2109; x_wconf 92' lang='lat' dir='ltr'><strong>ut</strong></span> <span class='ocrx_word' id='word_1_156' title='bbox 1194 2066 1397 2109; x_wconf 75' lang='lat' dir='ltr'><strong>exterae</strong></span> <span class='ocrx_word' id='word_1_157' title='bbox 1456 2054 1770 2124; x_wconf 79' lang='lat' dir='ltr'><strong>disciplina:</strong></span> <span class='ocrx_word' id='word_1_158' title='bbox 1827 2054 2023 2110; x_wconf 74' lang='lat' dir='ltr'><strong>fabulis</strong></span> 
     </span>
    </p>
   </div>
   <div class='ocr_carea' id='block_1_24' title="bbox 436 2145 2025 2212">
    <p class='ocr_par' dir='ltr' id='par_1_24' title="bbox 436 2145 2025 2212">
     <span class='ocr_line' id='line_1_24' title="bbox 436 2145 2025 2212; baseline -0.002 -11"><span class='ocrx_word' id='word_1_159' title='bbox 436 2149 813 2207; x_wconf 86' lang='lat' dir='ltr'><strong>continentur.</strong></span> <span class='ocrx_word' id='word_1_160' title='bbox 850 2147 1113 2209; x_wconf 80' lang='lat' dir='ltr'><strong>Latonam</strong></span> <span class='ocrx_word' id='word_1_161' title='bbox 1150 2146 1439 2200; x_wconf 84' lang='lat' dir='ltr'><strong>adamasse</strong></span> <span class='ocrx_word' id='word_1_162' title='bbox 1487 2145 1829 2212; x_wconf 88' lang='lat' dir='ltr'><strong>perhibetur.</strong></span> <span class='ocrx_word' id='word_1_163' title='bbox 1875 2160 2025 2199; x_wconf 86' lang='lat' dir='ltr'><strong>eam-</strong></span> 
     </span>
    </p>
   </div>
   <div class='ocr_carea' id='block_1_25' title="bbox 441 2228 2040 2304">
    <p class='ocr_par' dir='ltr' id='par_1_25' title="bbox 441 2228 2040 2304">
     <span class='ocr_line' id='line_1_25' title="bbox 441 2228 2040 2304; baseline 0.001 -19"><span class='ocrx_word' id='word_1_164' title='bbox 441 2254 547 2304; x_wconf 73' lang='lat' dir='ltr'><strong>que</strong></span> <span class='ocrx_word' id='word_1_165' title='bbox 577 2239 647 2292; x_wconf 91' lang='lat' dir='ltr'><strong>ob</strong></span> <span class='ocrx_word' id='word_1_166' title='bbox 674 2254 896 2290; x_wconf 73' lang='lat' dir='ltr'><strong>causam</strong></span> <span class='ocrx_word' id='word_1_167' title='bbox 926 2239 996 2290; x_wconf 86' lang='lat' dir='ltr'><strong>ab</strong></span> <span class='ocrx_word' id='word_1_168' title='bbox 1032 2237 1179 2289; x_wconf 88' lang='lat' dir='ltr'><strong>illius</strong></span> <span class='ocrx_word' id='word_1_169' title='bbox 1206 2236 1395 2290; x_wconf 79' lang='lat' dir='ltr'><strong>liberis</strong></span> <span class='ocrx_word' id='word_1_170' title='bbox 1427 2233 1683 2303; x_wconf 83' lang='lat' dir='ltr'><strong>Apolline</strong></span> <span class='ocrx_word' id='word_1_171' title='bbox 1731 2251 1794 2289; x_wconf 89' lang='lat' dir='ltr'><strong>ac</strong></span> <span class='ocrx_word' id='word_1_172' title='bbox 1851 2228 2040 2290; x_wconf 61' lang='lat' dir='ltr'><strong>Diana&#39;</strong></span> 
     </span>
    </p>
   </div>
   <div class='ocr_carea' id='block_1_26' title="bbox 439 2326 2020 2397">
    <p class='ocr_par' dir='ltr' id='par_1_26' title="bbox 439 2326 2020 2397">
     <span class='ocr_line' id='line_1_26' title="bbox 439 2326 2020 2397; baseline -0.001 -16"><span class='ocrx_word' id='word_1_173' title='bbox 439 2328 706 2397; x_wconf 82' lang='lat' dir='ltr'><strong>supplicio</strong></span> <span class='ocrx_word' id='word_1_174' title='bbox 745 2328 1004 2389; x_wconf 69' lang='lat' dir='ltr'><strong>allectus,</strong></span> <span class='ocrx_word' id='word_1_175' title='bbox 1062 2326 1271 2382; x_wconf 80' lang='lat' dir='ltr'><strong>Caleno</strong></span> <span class='ocrx_word' id='word_1_176' title='bbox 1302 2326 1521 2394; x_wconf 87' lang='lat' dir='ltr'><strong>quidem</strong></span> <span class='ocrx_word' id='word_1_177' title='bbox 1556 2336 1815 2380; x_wconf 77' lang='lat' dir='ltr'><strong>narrante</strong></span> <span class='ocrx_word' id='word_1_178' title='bbox 1843 2327 2020 2380; x_wconf 86' lang='lat' dir='ltr'><strong>homi-</strong></span> 
     </span>
    </p>
   </div>
   <div class='ocr_carea' id='block_1_27' title="bbox 444 2418 2023 2487">
    <p class='ocr_par' dir='ltr' id='par_1_27' title="bbox 444 2418 2023 2487">
     <span class='ocr_line' id='line_1_27' title="bbox 444 2418 2023 2487; baseline 0.001 -18"><span class='ocrx_word' id='word_1_179' title='bbox 444 2435 565 2472; x_wconf 85' lang='lat' dir='ltr'><strong>nem</strong></span> <span class='ocrx_word' id='word_1_180' title='bbox 618 2419 699 2472; x_wconf 72' lang='lat' dir='ltr'><strong>vel</strong></span> <span class='ocrx_word' id='word_1_181' title='bbox 749 2420 816 2472; x_wconf 82' lang='lat' dir='ltr'><strong>ab</strong></span> <span class='ocrx_word' id='word_1_182' title='bbox 848 2418 1027 2487; x_wconf 63' lang='lat' dir='ltr'><strong>aquilo</strong></span> <span class='ocrx_word' id='word_1_183' title='bbox 1067 2419 1150 2471; x_wconf 82' lang='lat' dir='ltr'><strong>vel</strong></span> <span class='ocrx_word' id='word_1_184' title='bbox 1202 2434 1231 2471; x_wconf 86' lang='lat' dir='ltr'><strong>a</strong></span> <span class='ocrx_word' id='word_1_185' title='bbox 1261 2418 1575 2473; x_wconf 84' lang='lat' dir='ltr'><strong>vulturibus</strong></span> <span class='ocrx_word' id='word_1_186' title='bbox 1602 2418 1855 2481; x_wconf 47' lang='lat' dir='ltr'><strong>absumi,</strong></span> <span class='ocrx_word' id='word_1_187' title='bbox 1902 2420 2023 2471; x_wconf 80' lang='lat' dir='ltr'><strong>aliis</strong></span> 
     </span>
    </p>
   </div>
   <div class='ocr_carea' id='block_1_28' title="bbox 441 2508 2023 2579">
    <p class='ocr_par' dir='ltr' id='par_1_28' title="bbox 441 2508 2023 2579">
     <span class='ocr_line' id='line_1_28' title="bbox 441 2508 2023 2579; baseline 0.001 -17"><span class='ocrx_word' id='word_1_188' title='bbox 441 2525 572 2564; x_wconf 77' lang='lat' dir='ltr'><strong>vero</strong></span> <span class='ocrx_word' id='word_1_189' title='bbox 605 2510 953 2564; x_wconf 87' lang='lat' dir='ltr'><strong>tradentibus</strong></span> <span class='ocrx_word' id='word_1_190' title='bbox 979 2509 1194 2579; x_wconf 77' lang='lat' dir='ltr'><strong>sagittis</strong></span> <span class='ocrx_word' id='word_1_191' title='bbox 1218 2524 1342 2562; x_wconf 90' lang='lat' dir='ltr'><strong>eum</strong></span> <span class='ocrx_word' id='word_1_192' title='bbox 1373 2508 1542 2562; x_wconf 76' lang='lat' dir='ltr'><strong>fuisse</strong></span> <span class='ocrx_word' id='word_1_193' title='bbox 1564 2510 1864 2574; x_wconf 67' lang='lat' dir='ltr'><strong>conlisum,</strong></span> <span class='ocrx_word' id='word_1_194' title='bbox 1901 2526 2023 2579; x_wconf 67' lang='lat' dir='ltr'><strong>qua:</strong></span> 
     </span>
    </p>
   </div>
   <div class='ocr_carea' id='block_1_29' title="bbox 436 2597 2023 2669">
    <p class='ocr_par' dir='ltr' id='par_1_29' title="bbox 436 2597 2023 2669">
     <span class='ocr_line' id='line_1_29' title="bbox 436 2597 2023 2669; baseline -0.001 -18"><span class='ocrx_word' id='word_1_195' title='bbox 436 2599 656 2668; x_wconf 84' lang='lat' dir='ltr'><strong>quidem</strong></span> <span class='ocrx_word' id='word_1_196' title='bbox 686 2601 863 2653; x_wconf 88' lang='lat' dir='ltr'><strong>adlmc</strong></span> <span class='ocrx_word' id='word_1_197' title='bbox 891 2597 1125 2669; x_wconf 84' lang='lat' dir='ltr'><strong>jcciuori</strong></span> <span class='ocrx_word' id='word_1_198' title='bbox 1152 2600 1271 2666; x_wconf 83' lang='lat' dir='ltr'><strong>ejus</strong></span> <span class='ocrx_word' id='word_1_199' title='bbox 1312 2597 1637 2651; x_wconf 70' lang='lat' dir='ltr'><strong>inbmreant.</strong></span> <span class='ocrx_word' id='word_1_200' title='bbox 1697 2598 1769 2651; x_wconf 85' lang='lat' dir='ltr'><strong>De</strong></span> <span class='ocrx_word' id='word_1_201' title='bbox 1796 2613 1903 2664; x_wconf 88' lang='lat' dir='ltr'><strong>quo</strong></span> <span class='ocrx_word' id='word_1_202' title='bbox 1938 2598 2023 2651; x_wconf 84' lang='lat' dir='ltr'><strong>iu-</strong></span> 
     </span>
    </p>
   </div>
   <div class='ocr_carea' id='block_1_30' title="bbox 441 2672 2042 2760">
    <p class='ocr_par' dir='ltr' id='par_1_30' title="bbox 441 2672 2042 2760">
     <span class='ocr_line' id='line_1_30' title="bbox 441 2672 2042 2760; baseline 0.002 -17"><span class='ocrx_word' id='word_1_203' title='bbox 441 2688 600 2760; x_wconf 87' lang='lat' dir='ltr'><strong>telligi</strong></span> <span class='ocrx_word' id='word_1_204' title='bbox 654 2705 760 2742; x_wconf 85' lang='lat' dir='ltr'><strong>non</strong></span> <span class='ocrx_word' id='word_1_205' title='bbox 792 2672 1024 2745; x_wconf 79' lang='lat' dir='ltr'><strong>obscure</strong></span> <span class='ocrx_word' id='word_1_206' title='bbox 1056 2699 1232 2754; x_wconf 86' lang='lat' dir='ltr'><strong>potest</strong></span> <span class='ocrx_word' id='word_1_207' title='bbox 1274 2698 1621 2760; x_wconf 81' lang='lat' dir='ltr'><strong>appetentem</strong></span> <span class='ocrx_word' id='word_1_208' title='bbox 1676 2690 1873 2744; x_wconf 71' lang='lat' dir='ltr'><strong>animae</strong></span> <span class='ocrx_word' id='word_1_209' title='bbox 1910 2689 2042 2746; x_wconf 79' lang='lat' dir='ltr'><strong>vitu-</strong></span> 
     </span>
    </p>
   </div>
   <div class='ocr_carea' id='block_1_31' title="bbox 436 2781 1130 2850">
    <p class='ocr_par' dir='ltr' id='par_1_31' title="bbox 436 2781 1130 2850">
     <span class='ocr_line' id='line_1_31' title="bbox 436 2781 1130 2850; baseline -0.004 -14"><span class='ocrx_word' id='word_1_210' title='bbox 436 2795 561 2836; x_wconf 81' lang='lat' dir='ltr'><strong>esse</strong></span> <span class='ocrx_word' id='word_1_211' title='bbox 588 2782 641 2836; x_wconf 83' lang='lat' dir='ltr'><strong>in</strong></span> <span class='ocrx_word' id='word_1_212' title='bbox 664 2781 910 2850; x_wconf 84' lang='lat' dir='ltr'><strong>jecinore</strong></span> <span class='ocrx_word' id='word_1_213' title='bbox 936 2783 1130 2835; x_wconf 77' lang='lat' dir='ltr'><strong>sitam.</strong></span> 
     </span>
    </p>
   </div>
   <div class='ocr_carea' id='block_1_32' title="bbox 505 2872 2017 2944">
    <p class='ocr_par' dir='ltr' id='par_1_32' title="bbox 505 2872 2017 2944">
     <span class='ocr_line' id='line_1_32' title="bbox 505 2872 2017 2944; baseline 0.002 -17"><span class='ocrx_word' id='word_1_214' title='bbox 505 2874 684 2944; x_wconf 81' lang='lat' dir='ltr'><strong>Atque</strong></span> <span class='ocrx_word' id='word_1_215' title='bbox 719 2874 821 2926; x_wconf 85' lang='lat' dir='ltr'><strong>hoc</strong></span> <span class='ocrx_word' id='word_1_216' title='bbox 854 2872 973 2927; x_wconf 93' lang='lat' dir='ltr'><strong>loco</strong></span> <span class='ocrx_word' id='word_1_217' title='bbox 1025 2873 1155 2941; x_wconf 91' lang='lat' dir='ltr'><strong>quid</strong></span> <span class='ocrx_word' id='word_1_218' title='bbox 1198 2873 1299 2926; x_wconf 91' lang='lat' dir='ltr'><strong>sim</strong></span> <span class='ocrx_word' id='word_1_219' title='bbox 1358 2872 1606 2937; x_wconf 76' lang='lat' dir='ltr'><strong>dieturus</strong></span> <span class='ocrx_word' id='word_1_220' title='bbox 1651 2874 2017 2933; x_wconf 87' lang='lat' dir='ltr'><strong>considerato.</strong></span> 
     </span>
    </p>
   </div>
   <div class='ocr_carea' id='block_1_33' title="bbox 434 2963 2020 3037">
    <p class='ocr_par' dir='ltr' id='par_1_33' title="bbox 434 2963 2020 3037">
     <span class='ocr_line' id='line_1_33' title="bbox 434 2963 2020 3037; baseline 0.001 -18"><span class='ocrx_word' id='word_1_221' title='bbox 434 2966 573 3020; x_wconf 83' lang='lat' dir='ltr'><strong>Cum</strong></span> <span class='ocrx_word' id='word_1_222' title='bbox 619 2965 854 3019; x_wconf 74' lang='lat' dir='ltr'><strong>rationis</strong></span> <span class='ocrx_word' id='word_1_223' title='bbox 886 2964 1120 3019; x_wconf 78' lang='lat' dir='ltr'><strong>facultas</strong></span> <span class='ocrx_word' id='word_1_224' title='bbox 1154 2963 1447 3033; x_wconf 87' lang='lat' dir='ltr'><strong>imperium</strong></span> <span class='ocrx_word' id='word_1_225' title='bbox 1483 2966 1695 3019; x_wconf 87' lang='lat' dir='ltr'><strong>obtinet</strong></span> <span class='ocrx_word' id='word_1_226' title='bbox 1732 2967 1891 3037; x_wconf 85' lang='lat' dir='ltr'><strong>eique</strong></span> <span class='ocrx_word' id='word_1_227' title='bbox 1938 2968 2020 3023; x_wconf 88' lang='lat' dir='ltr'><strong>vis</strong></span> 
     </span>
    </p>
   </div>
   <div class='ocr_carea' id='block_1_34' title="bbox 435 3057 2021 3130">
    <p class='ocr_par' dir='ltr' id='par_1_34' title="bbox 435 3057 2021 3130">
     <span class='ocr_line' id='line_1_34' title="bbox 435 3057 2021 3130; baseline 0.001 -17"><span class='ocrx_word' id='word_1_228' title='bbox 435 3058 726 3119; x_wconf 76' lang='lat' dir='ltr'><strong>irascibilis</strong></span> <span class='ocrx_word' id='word_1_229' title='bbox 773 3066 950 3126; x_wconf 88' lang='lat' dir='ltr'><strong>paret,</strong></span> <span class='ocrx_word' id='word_1_230' title='bbox 983 3066 1278 3125; x_wconf 84' lang='lat' dir='ltr'><strong>appetente</strong></span> <span class='ocrx_word' id='word_1_231' title='bbox 1307 3057 1591 3111; x_wconf 86' lang='lat' dir='ltr'><strong>debilitate</strong></span> <span class='ocrx_word' id='word_1_232' title='bbox 1621 3062 2021 3130; x_wconf 81' lang='lat' dir='ltr'><strong>summisseque</strong></span> 
     </span>
    </p>
   </div>
   <div class='ocr_carea' id='block_1_35' title="bbox 433 3147 2016 3237">
    <p class='ocr_par' dir='ltr' id='par_1_35' title="bbox 433 3147 2016 3237">
     <span class='ocr_line' id='line_1_35' title="bbox 433 3147 2016 3237; baseline 0.002 -36"><span class='ocrx_word' id='word_1_233' title='bbox 433 3162 493 3202; x_wconf 73' lang='lat' dir='ltr'><strong>se</strong></span> <span class='ocrx_word' id='word_1_234' title='bbox 516 3156 761 3218; x_wconf 88' lang='lat' dir='ltr'><strong>gerente,</strong></span> <span class='ocrx_word' id='word_1_235' title='bbox 796 3158 908 3200; x_wconf 90' lang='lat' dir='ltr'><strong>tum</strong></span> <span class='ocrx_word' id='word_1_236' title='bbox 948 3162 1077 3237; x_wconf 68' lang='lat' dir='ltr'><strong>vero</strong></span> <span class='ocrx_word' id='word_1_237' title='bbox 1121 3148 1283 3215; x_wconf 77' lang='lat'><strong>112</strong></span> <span class='ocrx_word' id='word_1_238' title='bbox 1319 3161 1423 3200; x_wconf 83' lang='lat' dir='ltr'><strong>nec</strong></span> <span class='ocrx_word' id='word_1_239' title='bbox 1452 3147 1891 3216; x_wconf 87' lang='lat' dir='ltr'><strong>intemperanter</strong></span> <span class='ocrx_word' id='word_1_240' title='bbox 1920 3159 2016 3205; x_wconf 80' lang='lat' dir='ltr'><strong>uo-</strong></span> 
     </span>
    </p>
   </div>
   <div class='ocr_carea' id='block_1_36' title="bbox 2425 590 3413 662">
    <p class='ocr_par' dir='ltr' id='par_1_36' title="bbox 2425 590 3413 662">
     <span class='ocr_line' id='line_1_36' title="bbox 2425 590 3413 662; baseline -0.001 -17"><span class='ocrx_word' id='word_1_241' title='bbox 2425 593 2564 660; x_wconf 73' lang='grc' dir='ltr'>Περὶ</span> <span class='ocrx_word' id='word_1_242' title='bbox 2598 593 2779 661; x_wconf 78' lang='grc' dir='ltr'>τριῶν</span> <span class='ocrx_word' id='word_1_243' title='bbox 2804 590 3006 662; x_wconf 82' lang='grc' dir='ltr'><strong>μερῶν</strong></span> <span class='ocrx_word' id='word_1_244' title='bbox 3045 590 3155 660; x_wconf 79' lang='grc' dir='ltr'>τῆς</span> <span class='ocrx_word' id='word_1_245' title='bbox 3183 590 3413 660; x_wconf 66' lang='grc' dir='ltr'><strong>ψυχῆς.</strong></span> 
     </span>
    </p>
   </div>
   <div class='ocr_carea' id='block_1_37' title="bbox 2206 684 3711 757">
    <p class='ocr_par' dir='ltr' id='par_1_37' title="bbox 2206 684 3711 757">
     <span class='ocr_line' id='line_1_37' title="bbox 2206 684 3711 757; baseline 0.001 -21"><span class='ocrx_word' id='word_1_246' title='bbox 2206 685 2350 757; x_wconf 80' lang='grc' dir='ltr'>Πρὸς</span> <span class='ocrx_word' id='word_1_247' title='bbox 2386 687 2601 747; x_wconf 76' lang='grc' dir='ltr'><strong>τούτοις</strong></span> <span class='ocrx_word' id='word_1_248' title='bbox 2641 686 2841 739; x_wconf 79' lang='grc' dir='ltr'>εἰδέναι</span> <span class='ocrx_word' id='word_1_249' title='bbox 2884 684 3166 739; x_wconf 73' lang='grc' dir='ltr'>καὶτοῦτο</span> <span class='ocrx_word' id='word_1_250' title='bbox 3198 702 3261 738; x_wconf 87' lang='grc' dir='ltr'><strong>σε</strong></span> <span class='ocrx_word' id='word_1_251' title='bbox 3302 684 3588 755; x_wconf 79' lang='grc' dir='ltr'>βούλομαι,</span> <span class='ocrx_word' id='word_1_252' title='bbox 3628 685 3711 738; x_wconf 83' lang='grc' dir='ltr'>ὅτι</span> 
     </span>
    </p>
   </div>
   <div class='ocr_carea' id='block_1_38' title="bbox 2130 777 3710 863">
    <p class='ocr_par' dir='ltr' id='par_1_38' title="bbox 2130 777 3710 863">
     <span class='ocr_line' id='line_1_38' title="bbox 2130 777 3710 863; baseline 0.001 -34"><span class='ocrx_word' id='word_1_253' title='bbox 2130 778 2193 829; x_wconf 83' lang='grc' dir='ltr'>τδ</span> <span class='ocrx_word' id='word_1_254' title='bbox 2217 777 2620 848; x_wconf 80' lang='grc' dir='ltr'>ἐπιθυμητικὸν</span> <span class='ocrx_word' id='word_1_255' title='bbox 2654 778 2819 847; x_wconf 82' lang='grc' dir='ltr'><strong>μέρος</strong></span> <span class='ocrx_word' id='word_1_256' title='bbox 2845 778 3148 848; x_wconf 78' lang='grc' dir='ltr'>τῆς⁸ψυχῆς</span> <span class='ocrx_word' id='word_1_257' title='bbox 3179 777 3256 849; x_wconf 85' lang='grc' dir='ltr'><strong>τῷ</strong></span> <span class='ocrx_word' id='word_1_258' title='bbox 3281 778 3455 863; x_wconf 37' lang='lat' dir='ltr'><strong>quasi</strong></span> <span class='ocrx_word' id='word_1_259' title='bbox 3484 777 3710 843; x_wconf 76' lang='grc' dir='ltr'>ἐγκαθί-</span> 
     </span>
    </p>
   </div>
   <div class='ocr_carea' id='block_1_39' title="bbox 2125 867 3714 939">
    <p class='ocr_par' dir='ltr' id='par_1_39' title="bbox 2125 867 3714 939">
     <span class='ocr_line' id='line_1_39' title="bbox 2125 867 3714 939; baseline 0 -18"><span class='ocrx_word' id='word_1_260' title='bbox 2125 868 2341 938; x_wconf 85' lang='grc' dir='ltr'>δρυται,</span> <span class='ocrx_word' id='word_1_261' title='bbox 2380 869 2442 921; x_wconf 82' lang='grc' dir='ltr'>τὸ</span> <span class='ocrx_word' id='word_1_262' title='bbox 2490 869 2545 922; x_wconf 83' lang='grc' dir='ltr'><strong>δὲ</strong></span> <span class='ocrx_word' id='word_1_263' title='bbox 2595 868 2825 939; x_wconf 79' lang='grc' dir='ltr'>θυμικὸν</span> <span class='ocrx_word' id='word_1_264' title='bbox 2879 872 2939 921; x_wconf 84' lang='grc' dir='ltr'>ὲν</span> <span class='ocrx_word' id='word_1_265' title='bbox 2990 872 3057 938; x_wconf 76' lang='grc' dir='ltr'>τῇ</span> <span class='ocrx_word' id='word_1_266' title='bbox 3091 867 3292 939; x_wconf 68' lang='grc' dir='ltr'>καρδίᾳ</span> <span class='ocrx_word' id='word_1_267' title='bbox 3325 870 3563 922; x_wconf 80' lang='grc' dir='ltr'>ποιεῖται</span> <span class='ocrx_word' id='word_1_268' title='bbox 3611 868 3714 938; x_wconf 72' lang='grc' dir='ltr'>τὴν</span> 
     </span>
    </p>
   </div>
   <div class='ocr_carea' id='block_1_40' title="bbox 2127 956 3714 1029">
    <p class='ocr_par' dir='ltr' id='par_1_40' title="bbox 2127 956 3714 1029">
     <span class='ocr_line' id='line_1_40' title="bbox 2127 956 3714 1029; baseline 0.002 -21"><span class='ocrx_word' id='word_1_269' title='bbox 2127 956 2366 1027; x_wconf 80' lang='grc' dir='ltr'>οἴκησιν,</span> <span class='ocrx_word' id='word_1_270' title='bbox 2404 958 2466 1011; x_wconf 81' lang='grc' dir='ltr'>τὸ</span> <span class='ocrx_word' id='word_1_271' title='bbox 2491 959 2548 1010; x_wconf 83' lang='grc' dir='ltr'>δὲ</span> <span class='ocrx_word' id='word_1_272' title='bbox 2577 958 2796 1027; x_wconf 83' lang='grc' dir='ltr'>λογικὸν</span> <span class='ocrx_word' id='word_1_273' title='bbox 2822 961 2882 1012; x_wconf 74' lang='grc' dir='ltr'>ὲν</span> <span class='ocrx_word' id='word_1_274' title='bbox 2912 958 3065 1029; x_wconf 79' lang='grc' dir='ltr'>αὐτῷ</span> <span class='ocrx_word' id='word_1_275' title='bbox 3091 959 3167 1029; x_wconf 83' lang='grc' dir='ltr'>τῷ</span> <span class='ocrx_word' id='word_1_276' title='bbox 3199 959 3512 1029; x_wconf 77' lang='grc' dir='ltr'>ἐγκεφάλῳ.</span> <span class='ocrx_word' id='word_1_277' title='bbox 3538 958 3714 1013; x_wconf 83' lang='grc' dir='ltr'>Τοῦτο</span> 
     </span>
    </p>
   </div>
   <div class='ocr_carea' id='block_1_41' title="bbox 2129 1045 3714 1120">
    <p class='ocr_par' dir='ltr' id='par_1_41' title="bbox 2129 1045 3714 1120">
     <span class='ocr_line' id='line_1_41' title="bbox 2129 1045 3714 1120; baseline 0.002 -19"><span class='ocrx_word' id='word_1_278' title='bbox 2129 1049 2231 1117; x_wconf 81' lang='grc' dir='ltr'><strong>μὲν</strong></span> <span class='ocrx_word' id='word_1_279' title='bbox 2261 1045 2355 1103; x_wconf 81' lang='grc' dir='ltr'>οὖν</span> <span class='ocrx_word' id='word_1_280' title='bbox 2380 1050 2441 1102; x_wconf 84' lang='grc' dir='ltr'>τὸ</span> <span class='ocrx_word' id='word_1_281' title='bbox 2470 1049 2689 1118; x_wconf 82' lang='grc' dir='ltr'>λογικὸν</span> <span class='ocrx_word' id='word_1_282' title='bbox 2712 1049 3008 1120; x_wconf 75' lang='grc' dir='ltr'>ἐχαρίσατό</span> <span class='ocrx_word' id='word_1_283' title='bbox 3039 1066 3122 1102; x_wconf 87' lang='grc' dir='ltr'><strong>σοι</strong></span> <span class='ocrx_word' id='word_1_284' title='bbox 3148 1051 3180 1103; x_wconf 80' lang='grc' dir='ltr'><strong><em>ὁ</em></strong></span> <span class='ocrx_word' id='word_1_285' title='bbox 3200 1050 3308 1103; x_wconf 89' lang='grc' dir='ltr'><strong>τῶν</strong></span> <span class='ocrx_word' id='word_1_286' title='bbox 3331 1050 3473 1103; x_wconf 85' lang='grc' dir='ltr'>ὅλων</span> <span class='ocrx_word' id='word_1_287' title='bbox 3500 1051 3714 1120; x_wconf 87' lang='grc' dir='ltr'>πρύτα-</span> 
     </span>
    </p>
   </div>
   <div class='ocr_carea' id='block_1_42' title="bbox 2128 1140 3713 1212">
    <p class='ocr_par' dir='ltr' id='par_1_42' title="bbox 2128 1140 3713 1212">
     <span class='ocr_line' id='line_1_42' title="bbox 2128 1140 3713 1212; baseline 0.002 -20"><span class='ocrx_word' id='word_1_288' title='bbox 2128 1157 2230 1203; x_wconf 84' lang='grc' dir='ltr'>νις,</span> <span class='ocrx_word' id='word_1_289' title='bbox 2278 1141 2366 1193; x_wconf 75' lang='grc' dir='ltr'>ἵνα</span> <span class='ocrx_word' id='word_1_290' title='bbox 2405 1144 2680 1210; x_wconf 77' lang='grc' dir='ltr'><strong>συμμάχῳ</strong></span> <span class='ocrx_word' id='word_1_291' title='bbox 2735 1142 2938 1212; x_wconf 77' lang='grc' dir='ltr'>καὶτῷ</span> <span class='ocrx_word' id='word_1_292' title='bbox 2996 1140 3218 1212; x_wconf 87' lang='grc' dir='ltr'>θυμικῷ</span> <span class='ocrx_word' id='word_1_293' title='bbox 3268 1142 3553 1211; x_wconf 82' lang='grc' dir='ltr'>χρώμενος</span> <span class='ocrx_word' id='word_1_294' title='bbox 3588 1158 3713 1209; x_wconf 85' lang='grc' dir='ltr'>γεν-</span> 
     </span>
    </p>
   </div>
   <div class='ocr_carea' id='block_1_43' title="bbox 2126 1230 3713 1303">
    <p class='ocr_par' dir='ltr' id='par_1_43' title="bbox 2126 1230 3713 1303">
     <span class='ocr_line' id='line_1_43' title="bbox 2126 1230 3713 1303; baseline 0.002 -19"><span class='ocrx_word' id='word_1_295' title='bbox 2126 1231 2297 1294; x_wconf 83' lang='grc' dir='ltr'>ναίως</span> <span class='ocrx_word' id='word_1_296' title='bbox 2316 1230 2645 1285; x_wconf 81' lang='grc' dir='ltr'>ἀνθίστασαι</span> <span class='ocrx_word' id='word_1_297' title='bbox 2677 1232 2819 1285; x_wconf 79' lang='grc' dir='ltr'>κατὰ</span> <span class='ocrx_word' id='word_1_298' title='bbox 2846 1232 2944 1299; x_wconf 86' lang='grc' dir='ltr'>τῆς</span> <span class='ocrx_word' id='word_1_299' title='bbox 2989 1233 3187 1300; x_wconf 79' lang='grc' dir='ltr'>ἀλόγου</span> <span class='ocrx_word' id='word_1_300' title='bbox 3219 1232 3314 1286; x_wconf 80' lang='grc' dir='ltr'>καὶ</span> <span class='ocrx_word' id='word_1_301' title='bbox 3345 1233 3713 1303; x_wconf 83' lang='grc' dir='ltr'>βοσκηματώ-</span> 
     </span>
    </p>
   </div>
   <div class='ocr_carea' id='block_1_44' title="bbox 2125 1321 3710 1395">
    <p class='ocr_par' dir='ltr' id='par_1_44' title="bbox 2125 1321 3710 1395">
     <span class='ocr_line' id='line_1_44' title="bbox 2125 1321 3710 1395; baseline 0.002 -20"><span class='ocrx_word' id='word_1_302' title='bbox 2125 1323 2252 1385; x_wconf 85' lang='grc' dir='ltr'>δους</span> <span class='ocrx_word' id='word_1_303' title='bbox 2281 1323 2481 1392; x_wconf 73' lang='grc' dir='ltr'>ψυχῆς,</span> <span class='ocrx_word' id='word_1_304' title='bbox 2518 1324 2617 1391; x_wconf 82' lang='grc' dir='ltr'>τῆς</span> <span class='ocrx_word' id='word_1_305' title='bbox 2656 1323 3064 1394; x_wconf 80' lang='grc' dir='ltr'><strong>ἐπιθυμητικῆς</strong></span> <span class='ocrx_word' id='word_1_306' title='bbox 3100 1325 3336 1395; x_wconf 82' lang='grc' dir='ltr'>δηλαδή·</span> <span class='ocrx_word' id='word_1_307' title='bbox 3377 1321 3488 1378; x_wconf 77' lang='grc' dir='ltr'>οἶδε</span> <span class='ocrx_word' id='word_1_308' title='bbox 3532 1329 3642 1395; x_wconf 79' lang='grc' dir='ltr'>γὰρ</span> <span class='ocrx_word' id='word_1_309' title='bbox 3681 1328 3710 1379; x_wconf 82' lang='grc' dir='ltr'>ὁ</span> 
     </span>
    </p>
   </div>
   <div class='ocr_carea' id='block_1_45' title="bbox 2125 1412 3708 1486">
    <p class='ocr_par' dir='ltr' id='par_1_45' title="bbox 2125 1412 3708 1486">
     <span class='ocr_line' id='line_1_45' title="bbox 2125 1412 3708 1486; baseline 0.002 -21"><span class='ocrx_word' id='word_1_310' title='bbox 2125 1414 2228 1483; x_wconf 81' lang='grc' dir='ltr'>τῆς</span> <span class='ocrx_word' id='word_1_311' title='bbox 2265 1412 2482 1483; x_wconf 82' lang='grc' dir='ltr'>φύσεως</span> <span class='ocrx_word' id='word_1_312' title='bbox 2509 1413 2775 1483; x_wconf 77' lang='grc' dir='ltr'><strong>δεσπότης</strong></span> <span class='ocrx_word' id='word_1_313' title='bbox 2805 1414 2908 1482; x_wconf 83' lang='grc' dir='ltr'>ὅση</span> <span class='ocrx_word' id='word_1_314' title='bbox 2938 1431 3045 1483; x_wconf 85' lang='grc' dir='ltr'><strong>περ</strong></span> <span class='ocrx_word' id='word_1_315' title='bbox 3072 1414 3285 1483; x_wconf 75' lang='grc' dir='ltr'><strong>ἐκείνης</strong></span> <span class='ocrx_word' id='word_1_316' title='bbox 3309 1416 3458 1468; x_wconf 71' lang='grc' dir='ltr'>ἐστὶν</span> <span class='ocrx_word' id='word_1_317' title='bbox 3480 1416 3513 1485; x_wconf 75' lang='grc' dir='ltr'>ἡ</span> <span class='ocrx_word' id='word_1_318' title='bbox 3537 1416 3708 1486; x_wconf 77' lang='grc' dir='ltr'><strong>ὁρμή.</strong></span> 
     </span>
    </p>
   </div>
   <div class='ocr_carea' id='block_1_46' title="bbox 2131 1505 3779 1578">
    <p class='ocr_par' dir='ltr' id='par_1_46' title="bbox 2131 1505 3779 1578">
     <span class='ocr_line' id='line_1_46' title="bbox 2131 1505 3779 1578; baseline 0.001 -19"><span class='ocrx_word' id='word_1_319' title='bbox 2131 1506 2259 1559; x_wconf 81' lang='grc' dir='ltr'>Ὅτι</span> <span class='ocrx_word' id='word_1_320' title='bbox 2295 1506 2352 1558; x_wconf 80' lang='grc' dir='ltr'><strong>δὲ</strong></span> <span class='ocrx_word' id='word_1_321' title='bbox 2396 1506 2455 1559; x_wconf 87' lang='grc' dir='ltr'>τὸ</span> <span class='ocrx_word' id='word_1_322' title='bbox 2484 1506 2584 1574; x_wconf 80' lang='grc' dir='ltr'>τῆς</span> <span class='ocrx_word' id='word_1_323' title='bbox 2620 1505 2797 1574; x_wconf 67' lang='grc' dir='ltr'>ψυχῆς</span> <span class='ocrx_word' id='word_1_324' title='bbox 2835 1505 3229 1576; x_wconf 75' lang='grc' dir='ltr'>ἐπιθυμητικὸν</span> <span class='ocrx_word' id='word_1_325' title='bbox 3261 1507 3410 1578; x_wconf 86' lang='grc' dir='ltr'><strong>αύτῷ</strong></span> <span class='ocrx_word' id='word_1_326' title='bbox 3445 1508 3520 1575; x_wconf 85' lang='grc' dir='ltr'>τῷ</span> <span class='ocrx_word' id='word_1_327' title='bbox 3538 1507 3711 1577; x_wconf 82' lang='grc' dir='ltr'>ἦπατι</span> <span class='ocrx_word' id='word_1_328' title='bbox 3756 1528 3779 1571; x_wconf 52' lang='lat'><strong>1</strong></span> 
     </span>
    </p>
   </div>
   <div class='ocr_carea' id='block_1_47' title="bbox 2126 1597 3710 1669">
    <p class='ocr_par' dir='ltr' id='par_1_47' title="bbox 2126 1597 3710 1669">
     <span class='ocr_line' id='line_1_47' title="bbox 2126 1597 3710 1669; baseline 0.001 -19"><span class='ocrx_word' id='word_1_329' title='bbox 2126 1598 2539 1668; x_wconf 78' lang='grc' dir='ltr'>ὲγκαθίδρυται,</span> <span class='ocrx_word' id='word_1_330' title='bbox 2576 1598 2669 1651; x_wconf 77' lang='grc' dir='ltr'>καὶ</span> <span class='ocrx_word' id='word_1_331' title='bbox 2701 1598 2792 1650; x_wconf 82' lang='grc' dir='ltr'>τὸν</span> <span class='ocrx_word' id='word_1_332' title='bbox 2821 1597 3015 1650; x_wconf 81' lang='grc' dir='ltr'>Τιτυὸν</span> <span class='ocrx_word' id='word_1_333' title='bbox 3040 1600 3279 1668; x_wconf 78' lang='grc' dir='ltr'><strong>παράγει</strong></span> <span class='ocrx_word' id='word_1_334' title='bbox 3308 1601 3338 1652; x_wconf 82' lang='grc' dir='ltr'><strong>ὁ</strong></span> <span class='ocrx_word' id='word_1_335' title='bbox 3362 1598 3601 1669; x_wconf 75' lang='grc' dir='ltr'>Γαληνὸς</span> <span class='ocrx_word' id='word_1_336' title='bbox 3626 1602 3710 1663; x_wconf 88' lang='grc' dir='ltr'><strong>είς</strong></span> 
     </span>
    </p>
   </div>
   <div class='ocr_carea' id='block_1_48' title="bbox 2076 1691 3709 1765">
    <p class='ocr_par' dir='ltr' id='par_1_48' title="bbox 2076 1691 3709 1765">
     <span class='ocr_line' id='line_1_48' title="bbox 2076 1691 3709 1765; baseline 0.002 -22"><span class='ocrx_word' id='word_1_337' title='bbox 2076 1724 2077 1727; x_wconf 62' lang='grc' dir='ltr'><strong>η</strong></span> <span class='ocrx_word' id='word_1_338' title='bbox 2129 1691 2391 1746; x_wconf 80' lang='grc' dir='ltr'>σύστασιν</span> <span class='ocrx_word' id='word_1_339' title='bbox 2425 1693 2618 1747; x_wconf 87' lang='grc' dir='ltr'>τούτου</span> <span class='ocrx_word' id='word_1_340' title='bbox 2668 1693 2763 1747; x_wconf 84' lang='grc' dir='ltr'><strong>τοῦ</strong></span> <span class='ocrx_word' id='word_1_341' title='bbox 2785 1692 2965 1762; x_wconf 81' lang='grc' dir='ltr'><strong>λόγου,</strong></span> <span class='ocrx_word' id='word_1_342' title='bbox 2997 1695 3054 1746; x_wconf 81' lang='grc' dir='ltr'>ὲν</span> <span class='ocrx_word' id='word_1_343' title='bbox 3104 1693 3202 1763; x_wconf 78' lang='grc' dir='ltr'><strong>μὲν</strong></span> <span class='ocrx_word' id='word_1_344' title='bbox 3250 1698 3314 1764; x_wconf 78' lang='grc' dir='ltr'>τῇ</span> <span class='ocrx_word' id='word_1_345' title='bbox 3344 1694 3709 1765; x_wconf 71' lang='grc' dir='ltr'>διαγνωστικῇ</span> 
     </span>
    </p>
   </div>
   <div class='ocr_carea' id='block_1_49' title="bbox 2127 1783 3708 1859">
    <p class='ocr_par' dir='ltr' id='par_1_49' title="bbox 2127 1783 3708 1859">
     <span class='ocr_line' id='line_1_49' title="bbox 2127 1783 3708 1859; baseline 0.003 -24"><span class='ocrx_word' id='word_1_346' title='bbox 2127 1784 2292 1836; x_wconf 83' lang='grc' dir='ltr'>αὐτοῦ</span> <span class='ocrx_word' id='word_1_347' title='bbox 2327 1785 2432 1837; x_wconf 82' lang='grc' dir='ltr'><strong>ὑπὸ</strong></span> <span class='ocrx_word' id='word_1_348' title='bbox 2487 1784 2649 1838; x_wconf 83' lang='grc' dir='ltr'>ἀετοῦ</span> <span class='ocrx_word' id='word_1_349' title='bbox 2683 1787 2856 1852; x_wconf 81' lang='grc' dir='ltr'>λέγων</span> <span class='ocrx_word' id='word_1_350' title='bbox 2904 1786 3071 1839; x_wconf 84' lang='grc' dir='ltr'>αὐτοῦ</span> <span class='ocrx_word' id='word_1_351' title='bbox 3124 1786 3508 1842; x_wconf 74' lang='grc' dir='ltr'><strong>κατεσθίεσθαι</strong></span> <span class='ocrx_word' id='word_1_352' title='bbox 3552 1789 3612 1840; x_wconf 82' lang='grc' dir='ltr'>τὸ</span> <span class='ocrx_word' id='word_1_353' title='bbox 3639 1783 3708 1859; x_wconf 78' lang='grc' dir='ltr'><strong>ἦ-</strong></span> 
     </span>
    </p>
   </div>
   <div class='ocr_carea' id='block_1_50' title="bbox 2125 1875 3709 1949">
    <p class='ocr_par' dir='ltr' id='par_1_50' title="bbox 2125 1875 3709 1949">
     <span class='ocr_line' id='line_1_50' title="bbox 2125 1875 3709 1949; baseline 0.005 -23"><span class='ocrx_word' id='word_1_354' title='bbox 2125 1891 2264 1943; x_wconf 85' lang='grc' dir='ltr'>παρ,</span> <span class='ocrx_word' id='word_1_355' title='bbox 2304 1876 2363 1945; x_wconf 77' lang='grc' dir='ltr'>ὲν</span> <span class='ocrx_word' id='word_1_356' title='bbox 2395 1875 2453 1928; x_wconf 76' lang='grc' dir='ltr'><strong>δὲ</strong></span> <span class='ocrx_word' id='word_1_357' title='bbox 2480 1876 2558 1945; x_wconf 87' lang='grc' dir='ltr'>τῷ</span> <span class='ocrx_word' id='word_1_358' title='bbox 2591 1878 2721 1947; x_wconf 76' lang='grc' dir='ltr'>περὶ</span> <span class='ocrx_word' id='word_1_359' title='bbox 2745 1877 2894 1945; x_wconf 75' lang='grc' dir='ltr'>ἠθῶν</span> <span class='ocrx_word' id='word_1_360' title='bbox 2920 1877 3101 1947; x_wconf 73' lang='grc' dir='ltr'>ψυχῆς</span> <span class='ocrx_word' id='word_1_361' title='bbox 3145 1878 3447 1949; x_wconf 75' lang='grc' dir='ltr'>μονοὸίὸλῳ</span> <span class='ocrx_word' id='word_1_362' title='bbox 3480 1880 3586 1933; x_wconf 82' lang='grc' dir='ltr'>ὑπὸ</span> <span class='ocrx_word' id='word_1_363' title='bbox 3611 1898 3709 1947; x_wconf 75' lang='grc' dir='ltr'>γυ-</span> 
     </span>
    </p>
   </div>
   <div class='ocr_carea' id='block_1_51' title="bbox 2126 1963 3707 2043">
    <p class='ocr_par' dir='ltr' id='par_1_51' title="bbox 2126 1963 3707 2043">
     <span class='ocr_line' id='line_1_51' title="bbox 2126 1963 3707 2043; baseline 0.006 -25"><span class='ocrx_word' id='word_1_364' title='bbox 2126 1965 2265 2019; x_wconf 85' lang='grc' dir='ltr'>πῶν.</span> <span class='ocrx_word' id='word_1_365' title='bbox 2309 1966 2367 2020; x_wconf 84' lang='grc' dir='ltr'>Ὀ</span> <span class='ocrx_word' id='word_1_366' title='bbox 2399 1967 2508 2035; x_wconf 82' lang='grc' dir='ltr'>γὰρ</span> <span class='ocrx_word' id='word_1_367' title='bbox 2534 1968 2728 2030; x_wconf 80' lang='grc' dir='ltr'><strong>Τιτυὸς</strong></span> <span class='ocrx_word' id='word_1_368' title='bbox 2762 1963 2915 2032; x_wconf 74' lang='grc' dir='ltr'>οὗτος</span> <span class='ocrx_word' id='word_1_369' title='bbox 2949 1971 3096 2025; x_wconf 86' lang='grc' dir='ltr'>κατὰ</span> <span class='ocrx_word' id='word_1_370' title='bbox 3118 1970 3215 2041; x_wconf 79' lang='grc' dir='ltr'>τὴν</span> <span class='ocrx_word' id='word_1_371' title='bbox 3240 1971 3344 2037; x_wconf 77' lang='grc' dir='ltr'><strong>ἔξω</strong></span> <span class='ocrx_word' id='word_1_372' title='bbox 3379 1972 3707 2043; x_wconf 77' lang='grc' dir='ltr'><strong>μυθολογίαν</strong></span> 
     </span>
    </p>
   </div>
   <div class='ocr_carea' id='block_1_52' title="bbox 2126 2057 3709 2137">
    <p class='ocr_par' dir='ltr' id='par_1_52' title="bbox 2126 2057 3709 2137">
     <span class='ocr_line' id='line_1_52' title="bbox 2126 2057 3709 2137; baseline 0.008 -28"><span class='ocrx_word' id='word_1_373' title='bbox 2126 2057 2424 2128; x_wconf 76' lang='grc' dir='ltr'>ἐρασθῆναι</span> <span class='ocrx_word' id='word_1_374' title='bbox 2456 2059 2675 2128; x_wconf 78' lang='grc' dir='ltr'>λέγεται</span> <span class='ocrx_word' id='word_1_375' title='bbox 2696 2062 2795 2131; x_wconf 82' lang='grc' dir='ltr'>τῆς</span> <span class='ocrx_word' id='word_1_376' title='bbox 2834 2061 3065 2133; x_wconf 81' lang='grc' dir='ltr'>Λητοῦς,</span> <span class='ocrx_word' id='word_1_377' title='bbox 3100 2065 3185 2133; x_wconf 73' lang='grc' dir='ltr'><strong>ἐφ’</strong></span> <span class='ocrx_word' id='word_1_378' title='bbox 3216 2057 3259 2133; x_wconf 83' lang='grc' dir='ltr'>ᾦ</span> <span class='ocrx_word' id='word_1_379' title='bbox 3285 2067 3379 2119; x_wconf 81' lang='grc' dir='ltr'>καὶ</span> <span class='ocrx_word' id='word_1_380' title='bbox 3419 2068 3570 2137; x_wconf 82' lang='grc' dir='ltr'>παρὰ</span> <span class='ocrx_word' id='word_1_381' title='bbox 3593 2066 3709 2122; x_wconf 83' lang='grc' dir='ltr'><strong>τῶν</strong></span> 
     </span>
    </p>
   </div>
   <div class='ocr_carea' id='block_1_53' title="bbox 2126 2150 3704 2226">
    <p class='ocr_par' dir='ltr' id='par_1_53' title="bbox 2126 2150 3704 2226">
     <span class='ocr_line' id='line_1_53' title="bbox 2126 2150 3704 2226; baseline 0.006 -25"><span class='ocrx_word' id='word_1_382' title='bbox 2126 2151 2331 2202; x_wconf 82' lang='grc' dir='ltr'>παίδων</span> <span class='ocrx_word' id='word_1_383' title='bbox 2359 2150 2529 2219; x_wconf 79' lang='grc' dir='ltr'>αὐτῆς</span> <span class='ocrx_word' id='word_1_384' title='bbox 2547 2152 2886 2216; x_wconf 82' lang='grc' dir='ltr'>Ἀπόλλωνός</span> <span class='ocrx_word' id='word_1_385' title='bbox 2910 2171 2969 2207; x_wconf 89' lang='grc' dir='ltr'><strong>τε</strong></span> <span class='ocrx_word' id='word_1_386' title='bbox 3009 2156 3105 2209; x_wconf 74' lang='grc' dir='ltr'>καὶ</span> <span class='ocrx_word' id='word_1_387' title='bbox 3133 2156 3452 2226; x_wconf 80' lang='grc' dir='ltr'>’Δρτέμιὸος</span> <span class='ocrx_word' id='word_1_388' title='bbox 3480 2158 3704 2212; x_wconf 76' lang='grc' dir='ltr'>κολάσει</span> 
     </span>
    </p>
   </div>
   <div class='ocr_carea' id='block_1_54' title="bbox 2125 2240 3705 2315">
    <p class='ocr_par' dir='ltr' id='par_1_54' title="bbox 2125 2240 3705 2315">
     <span class='ocr_line' id='line_1_54' title="bbox 2125 2240 3705 2315; baseline 0.004 -24"><span class='ocrx_word' id='word_1_389' title='bbox 2125 2240 2632 2310; x_wconf 78' lang='grc' dir='ltr'>καθυποόληθῆναι,</span> <span class='ocrx_word' id='word_1_390' title='bbox 2690 2242 2784 2296; x_wconf 81' lang='grc' dir='ltr'>καὶ</span> <span class='ocrx_word' id='word_1_391' title='bbox 2831 2242 2972 2296; x_wconf 81' lang='grc' dir='ltr'>κατὰ</span> <span class='ocrx_word' id='word_1_392' title='bbox 3027 2244 3127 2313; x_wconf 80' lang='grc' dir='ltr'><strong>μὲν</strong></span> <span class='ocrx_word' id='word_1_393' title='bbox 3178 2244 3269 2296; x_wconf 78' lang='grc' dir='ltr'>τὸν</span> <span class='ocrx_word' id='word_1_394' title='bbox 3315 2245 3552 2315; x_wconf 80' lang='grc' dir='ltr'>Γαληνδν</span> <span class='ocrx_word' id='word_1_395' title='bbox 3599 2245 3705 2298; x_wconf 75' lang='grc' dir='ltr'><strong>ὑπὸ</strong></span> 
     </span>
    </p>
   </div>
   <div class='ocr_carea' id='block_1_55' title="bbox 2125 2329 3703 2405">
    <p class='ocr_par' dir='ltr' id='par_1_55' title="bbox 2125 2329 3703 2405">
     <span class='ocr_line' id='line_1_55' title="bbox 2125 2329 3703 2405; baseline 0.004 -22"><span class='ocrx_word' id='word_1_396' title='bbox 2125 2330 2282 2383; x_wconf 77' lang='grc' dir='ltr'>ἀετοῦ</span> <span class='ocrx_word' id='word_1_397' title='bbox 2327 2332 2439 2383; x_wconf 78' lang='grc' dir='ltr'>εἴτε</span> <span class='ocrx_word' id='word_1_398' title='bbox 2488 2335 2582 2384; x_wconf 75' lang='grc' dir='ltr'>καὶ</span> <span class='ocrx_word' id='word_1_399' title='bbox 2619 2332 2813 2400; x_wconf 84' lang='grc' dir='ltr'>γυπῶν</span> <span class='ocrx_word' id='word_1_400' title='bbox 2856 2333 2917 2385; x_wconf 75' lang='grc' dir='ltr'><strong>τὸ</strong></span> <span class='ocrx_word' id='word_1_401' title='bbox 2965 2329 3119 2405; x_wconf 82' lang='grc' dir='ltr'>ἧπαρ</span> <span class='ocrx_word' id='word_1_402' title='bbox 3146 2336 3445 2397; x_wconf 78' lang='grc' dir='ltr'>ἐσθίεσθαι,</span> <span class='ocrx_word' id='word_1_403' title='bbox 3472 2336 3613 2389; x_wconf 83' lang='grc' dir='ltr'>κατά</span> <span class='ocrx_word' id='word_1_404' title='bbox 3643 2337 3703 2389; x_wconf 71' lang='grc' dir='ltr'><strong>δέ</strong></span> 
     </span>
    </p>
   </div>
   <div class='ocr_carea' id='block_1_56' title="bbox 2124 2418 3703 2504">
    <p class='ocr_par' dir='ltr' id='par_1_56' title="bbox 2124 2418 3703 2504">
     <span class='ocr_line' id='line_1_56' title="bbox 2124 2418 3703 2504; baseline 0.001 -33"><span class='ocrx_word' id='word_1_405' title='bbox 2124 2434 2277 2480; x_wconf 85' lang='grc' dir='ltr'>τινας</span> <span class='ocrx_word' id='word_1_406' title='bbox 2312 2418 2509 2482; x_wconf 81' lang='grc' dir='ltr'>ἄλλους</span> <span class='ocrx_word' id='word_1_407' title='bbox 2544 2420 2868 2504; x_wconf 75' lang='grc' dir='ltr'>τοξευθῆναι</span> <span class='ocrx_word' id='word_1_408' title='bbox 2918 2422 3081 2475; x_wconf 79' lang='grc' dir='ltr'>αὑτὸν</span> <span class='ocrx_word' id='word_1_409' title='bbox 3129 2420 3421 2475; x_wconf 77' lang='grc' dir='ltr'>κάντεῦθεν</span> <span class='ocrx_word' id='word_1_410' title='bbox 3452 2420 3596 2491; x_wconf 77' lang='grc' dir='ltr'>ἔχειν</span> <span class='ocrx_word' id='word_1_411' title='bbox 3632 2422 3703 2473; x_wconf 68' lang='grc' dir='ltr'>τὶ</span> 
     </span>
    </p>
   </div>
   <div class='ocr_carea' id='block_1_57' title="bbox 2126 2508 3705 2586">
    <p class='ocr_par' dir='ltr' id='par_1_57' title="bbox 2126 2508 3705 2586">
     <span class='ocr_line' id='line_1_57' title="bbox 2126 2508 3705 2586; baseline 0.005 -25"><span class='ocrx_word' id='word_1_412' title='bbox 2126 2508 2255 2581; x_wconf 78' lang='grc' dir='ltr'>βέλη</span> <span class='ocrx_word' id='word_1_413' title='bbox 2293 2511 2700 2582; x_wconf 76' lang='grc' dir='ltr'>ὲμπεπαρμένα</span> <span class='ocrx_word' id='word_1_414' title='bbox 2739 2512 2816 2583; x_wconf 80' lang='grc' dir='ltr'>τῷ</span> <span class='ocrx_word' id='word_1_415' title='bbox 2845 2513 3037 2583; x_wconf 78' lang='grc' dir='ltr'>ἥπατι.</span> <span class='ocrx_word' id='word_1_416' title='bbox 3063 2513 3300 2586; x_wconf 68' lang='grc' dir='ltr'>Εὔδηλον</span> <span class='ocrx_word' id='word_1_417' title='bbox 3329 2513 3423 2568; x_wconf 77' lang='grc' dir='ltr'>οὖν</span> <span class='ocrx_word' id='word_1_418' title='bbox 3450 2511 3705 2571; x_wconf 69' lang='grc' dir='ltr'>ἐντεῦθεν</span> 
     </span>
    </p>
   </div>
   <div class='ocr_carea' id='block_1_58' title="bbox 2124 2600 3429 2679">
    <p class='ocr_par' dir='ltr' id='par_1_58' title="bbox 2124 2600 3429 2679">
     <span class='ocr_line' id='line_1_58' title="bbox 2124 2600 3429 2679; baseline 0.005 -24"><span class='ocrx_word' id='word_1_419' title='bbox 2124 2600 2199 2673; x_wconf 82' lang='grc' dir='ltr'>τῷ</span> <span class='ocrx_word' id='word_1_420' title='bbox 2226 2602 2398 2673; x_wconf 75' lang='grc' dir='ltr'>ἥπατι</span> <span class='ocrx_word' id='word_1_421' title='bbox 2430 2602 2491 2657; x_wconf 85' lang='grc' dir='ltr'>τὸ</span> <span class='ocrx_word' id='word_1_422' title='bbox 2524 2606 2623 2676; x_wconf 81' lang='grc' dir='ltr'>τῆς</span> <span class='ocrx_word' id='word_1_423' title='bbox 2652 2604 2827 2676; x_wconf 72' lang='grc' dir='ltr'>ψυχῆς</span> <span class='ocrx_word' id='word_1_424' title='bbox 2862 2605 3266 2679; x_wconf 71' lang='grc' dir='ltr'>ἐπιθυμητικόν</span> <span class='ocrx_word' id='word_1_425' title='bbox 3291 2607 3429 2661; x_wconf 75' lang='grc' dir='ltr'>ἐστι.</span> 
     </span>
    </p>
   </div>
   <div class='ocr_carea' id='block_1_59' title="bbox 2195 2871 3698 2962">
    <p class='ocr_par' dir='ltr' id='par_1_59' title="bbox 2195 2871 3698 2962">
     <span class='ocr_line' id='line_1_59' title="bbox 2195 2871 3698 2962; baseline 0.009 -38"><span class='ocrx_word' id='word_1_426' title='bbox 2195 2871 2438 2943; x_wconf 80' lang='grc' dir='ltr'>Πρόσεχε</span> <span class='ocrx_word' id='word_1_427' title='bbox 2456 2874 2846 2962; x_wconf 74' lang='grc' dir='ltr'>λοιπόν.⁸⁸ρταν</span> <span class='ocrx_word' id='word_1_428' title='bbox 2872 2878 2971 2949; x_wconf 76' lang='grc' dir='ltr'><strong>μὲν</strong></span> <span class='ocrx_word' id='word_1_429' title='bbox 2994 2878 3103 2951; x_wconf 86' lang='grc' dir='ltr'><strong>γὰρ</strong></span> <span class='ocrx_word' id='word_1_430' title='bbox 3124 2879 3183 2933; x_wconf 80' lang='grc' dir='ltr'><strong>τὸ</strong></span> <span class='ocrx_word' id='word_1_431' title='bbox 3202 2880 3513 2949; x_wconf 77' lang='grc' dir='ltr'>λογιστικὸν</span> <span class='ocrx_word' id='word_1_432' title='bbox 3531 2883 3698 2954; x_wconf 72' lang='grc' dir='ltr'>ἄρχῃ,</span> 
     </span>
    </p>
   </div>
   <div class='ocr_carea' id='block_1_60' title="bbox 2123 2964 3699 3043">
    <p class='ocr_par' dir='ltr' id='par_1_60' title="bbox 2123 2964 3699 3043">
     <span class='ocr_line' id='line_1_60' title="bbox 2123 2964 3699 3043; baseline 0.008 -28"><span class='ocrx_word' id='word_1_433' title='bbox 2123 2964 2449 3034; x_wconf 81' lang='grc' dir='ltr'>πειθόμενον</span> <span class='ocrx_word' id='word_1_434' title='bbox 2480 2967 2578 3035; x_wconf 76' lang='grc' dir='ltr'><strong>μὲν</strong></span> <span class='ocrx_word' id='word_1_435' title='bbox 2613 2969 2795 3043; x_wconf 77' lang='grc' dir='ltr'>ἑαυτῷ</span> <span class='ocrx_word' id='word_1_436' title='bbox 2824 2968 2884 3023; x_wconf 84' lang='grc' dir='ltr'>τδ</span> <span class='ocrx_word' id='word_1_437' title='bbox 2907 2970 3188 3040; x_wconf 81' lang='grc' dir='ltr'>θυμοειδὲς</span> <span class='ocrx_word' id='word_1_438' title='bbox 3213 2971 3359 3042; x_wconf 73' lang='grc' dir='ltr'>ἔχον,</span> <span class='ocrx_word' id='word_1_439' title='bbox 3393 2974 3616 3037; x_wconf 79' lang='grc' dir='ltr'>ἀσθενὲς</span> <span class='ocrx_word' id='word_1_440' title='bbox 3637 2976 3699 3028; x_wconf 71' lang='grc' dir='ltr'><strong>δὲ</strong></span> 
     </span>
    </p>
   </div>
   <div class='ocr_carea' id='block_1_61' title="bbox 2122 3058 3699 3137">
    <p class='ocr_par' dir='ltr' id='par_1_61' title="bbox 2122 3058 3699 3137">
     <span class='ocr_line' id='line_1_61' title="bbox 2122 3058 3699 3137; baseline 0.007 -28"><span class='ocrx_word' id='word_1_441' title='bbox 2122 3058 2217 3137; x_wconf 74' lang='grc' dir='ltr'>καὶ</span> <span class='ocrx_word' id='word_1_442' title='bbox 2271 3058 2523 3125; x_wconf 84' lang='grc' dir='ltr'>ταπεινὸν</span> <span class='ocrx_word' id='word_1_443' title='bbox 2579 3061 2639 3113; x_wconf 84' lang='grc' dir='ltr'>τὸ</span> <span class='ocrx_word' id='word_1_444' title='bbox 2691 3060 3119 3129; x_wconf 78' lang='grc' dir='ltr'>ἐπιθυμητικὸν,</span> <span class='ocrx_word' id='word_1_445' title='bbox 3174 3062 3302 3119; x_wconf 81' lang='grc' dir='ltr'>οὕτε</span> <span class='ocrx_word' id='word_1_446' title='bbox 3332 3066 3632 3128; x_wconf 80' lang='grc' dir='ltr'>ἀκόλαστος</span> <span class='ocrx_word' id='word_1_447' title='bbox 3667 3067 3699 3120; x_wconf 82' lang='grc' dir='ltr'><strong>ὀ</strong></span> 
     </span>
    </p>
   </div>
   <div class='ocr_carea' id='block_1_62' title="bbox 2120 3146 3699 3229">
    <p class='ocr_par' dir='ltr' id='par_1_62' title="bbox 2120 3146 3699 3229">
     <span class='ocr_line' id='line_1_62' title="bbox 2120 3146 3699 3229; baseline 0.009 -31"><span class='ocrx_word' id='word_1_448' title='bbox 2120 3146 2363 3212; x_wconf 88' lang='grc' dir='ltr'>τοιοῦτος</span> <span class='ocrx_word' id='word_1_449' title='bbox 2407 3150 2520 3219; x_wconf 85' lang='grc' dir='ltr'>βίος</span> <span class='ocrx_word' id='word_1_450' title='bbox 2551 3152 2679 3205; x_wconf 76' lang='grc' dir='ltr'>οὔτε</span> <span class='ocrx_word' id='word_1_451' title='bbox 2705 3149 2818 3208; x_wconf 75' lang='grc' dir='ltr'>οἷον</span> <span class='ocrx_word' id='word_1_452' title='bbox 2847 3157 2896 3209; x_wconf 90' lang='grc' dir='ltr'><strong>οί</strong></span> <span class='ocrx_word' id='word_1_453' title='bbox 2918 3146 3117 3228; x_wconf 50' lang='grc' dir='ltr'>’λῃσταὶ</span> <span class='ocrx_word' id='word_1_454' title='bbox 3150 3158 3326 3227; x_wconf 79' lang='grc' dir='ltr'>βιοῦσι</span> <span class='ocrx_word' id='word_1_455' title='bbox 3359 3160 3454 3212; x_wconf 76' lang='grc' dir='ltr'>καὶ</span> <span class='ocrx_word' id='word_1_456' title='bbox 3495 3160 3699 3229; x_wconf 76' lang='grc' dir='ltr'>τύραν-</span> 
     </span>
    </p>
   </div>
   <div class='ocr_carea' id='block_1_63' title="bbox 433 3228 2017 3315">
    <p class='ocr_par' dir='ltr' id='par_1_63' title="bbox 433 3228 2016 3311">
     <span class='ocr_line' id='line_1_63' title="bbox 433 3228 2016 3311; baseline 0.003 -21"><span class='ocrx_word' id='word_1_457' title='bbox 433 3236 612 3291; x_wconf 80' lang='lat' dir='ltr'><strong>tnines</strong></span> <span class='ocrx_word' id='word_1_458' title='bbox 638 3238 849 3299; x_wconf 80' lang='lat' dir='ltr'><strong>viVnut,</strong></span> <span class='ocrx_word' id='word_1_459' title='bbox 890 3251 991 3289; x_wconf 88' lang='lat' dir='ltr'><strong>nec</strong></span> <span class='ocrx_word' id='word_1_460' title='bbox 1032 3228 1364 3304; x_wconf 68' lang='lat' dir='ltr'><strong>praedonum</strong></span> <span class='ocrx_word' id='word_1_461' title='bbox 1402 3246 1496 3290; x_wconf 88' lang='lat' dir='ltr'><strong>aut</strong></span> <span class='ocrx_word' id='word_1_462' title='bbox 1554 3248 1909 3311; x_wconf 73' lang='lat' dir='ltr'><strong>tjrannorum</strong></span> <span class='ocrx_word' id='word_1_463' title='bbox 1962 3243 2016 3295; x_wconf 89' lang='lat' dir='ltr'><strong>in</strong></span> 
     </span>
    </p>
   </div>
   <div class='ocr_carea' id='block_1_64' title="bbox 2119 3228 3697 3315">
    <p class='ocr_par' dir='ltr' id='par_1_64' title="bbox 2121 3228 3697 3315">
     <span class='ocr_line' id='line_1_64' title="bbox 2121 3228 3697 3315; baseline 0.01 -28"><span class='ocrx_word' id='word_1_464' title='bbox 2121 3254 2220 3303; x_wconf 91' lang='grc' dir='ltr'>νοι,</span> <span class='ocrx_word' id='word_1_465' title='bbox 2261 3228 2394 3294; x_wconf 76' lang='grc' dir='ltr'>ἀλλὰ</span> <span class='ocrx_word' id='word_1_466' title='bbox 2449 3241 2646 3312; x_wconf 81' lang='grc' dir='ltr'>σεμνὸς</span> <span class='ocrx_word' id='word_1_467' title='bbox 2706 3245 2880 3315; x_wconf 85' lang='grc' dir='ltr'>πάντη</span> <span class='ocrx_word' id='word_1_468' title='bbox 2937 3248 3033 3300; x_wconf 56' lang='grc' dir='ltr'>καί.</span> <span class='ocrx_word' id='word_1_469' title='bbox 3073 3247 3299 3311; x_wconf 85' lang='grc' dir='ltr'>δίκαιος.</span> <span class='ocrx_word' id='word_1_470' title='bbox 3338 3250 3449 3302; x_wconf 82' lang='grc' dir='ltr'><strong>Καὶ</strong></span> <span class='ocrx_word' id='word_1_471' title='bbox 3486 3228 3697 3303; x_wconf 49' lang='grc' dir='ltr'>’τούτου</span> 
     </span>
    </p>
   </div>
   <div class='ocr_carea' id='block_1_65' title="bbox 437 3322 2012 3401">
    <p class='ocr_par' dir='ltr' id='par_1_65' title="bbox 437 3322 2012 3401">
     <span class='ocr_line' id='line_1_65' title="bbox 437 3322 2012 3401; baseline 0.008 -29"><span class='ocrx_word' id='word_1_472' title='bbox 437 3336 671 3384; x_wconf 81' lang='lat' dir='ltr'><strong>morem,</strong></span> <span class='ocrx_word' id='word_1_473' title='bbox 701 3324 793 3374; x_wconf 89' lang='lat' dir='ltr'><strong>sed</strong></span> <span class='ocrx_word' id='word_1_474' title='bbox 846 3322 1074 3376; x_wconf 81' lang='lat' dir='ltr'><strong>honesta</strong></span> <span class='ocrx_word' id='word_1_475' title='bbox 1108 3324 1267 3390; x_wconf 87' lang='lat' dir='ltr'><strong>plane</strong></span> <span class='ocrx_word' id='word_1_476' title='bbox 1316 3326 1573 3393; x_wconf 84' lang='lat' dir='ltr'><strong>justaque</strong></span> <span class='ocrx_word' id='word_1_477' title='bbox 1626 3327 1733 3381; x_wconf 81' lang='lat' dir='ltr'><strong>vita</strong></span> <span class='ocrx_word' id='word_1_478' title='bbox 1780 3330 2012 3401; x_wconf 73' lang='lat' dir='ltr'><strong>degitur.</strong></span> 
     </span>
    </p>
   </div>
   <div class='ocr_carea' id='block_1_66' title="bbox 437 3409 2017 3485">
    <p class='ocr_par' dir='ltr' id='par_1_66' title="bbox 437 3409 2017 3485">
     <span class='ocr_line' id='line_1_66' title="bbox 437 3409 2017 3485; baseline 0.008 -20"><span class='ocrx_word' id='word_1_479' title='bbox 437 3409 549 3466; x_wconf 80' lang='lat' dir='ltr'><strong>Hac</strong></span> <span class='ocrx_word' id='word_1_480' title='bbox 583 3414 650 3466; x_wconf 88' lang='lat' dir='ltr'><strong>de</strong></span> <span class='ocrx_word' id='word_1_481' title='bbox 681 3427 738 3465; x_wconf 91' lang='lat' dir='ltr'><strong>re</strong></span> <span class='ocrx_word' id='word_1_482' title='bbox 768 3412 1006 3468; x_wconf 85' lang='lat' dir='ltr'><strong>dubitari</strong></span> <span class='ocrx_word' id='word_1_483' title='bbox 1045 3430 1151 3468; x_wconf 87' lang='lat' dir='ltr'><strong>non</strong></span> <span class='ocrx_word' id='word_1_484' title='bbox 1178 3414 1364 3469; x_wconf 87' lang='lat' dir='ltr'><strong>debet.</strong></span> <span class='ocrx_word' id='word_1_485' title='bbox 1402 3416 1538 3485; x_wconf 82' lang='lat' dir='ltr'><strong>Nam</strong></span> <span class='ocrx_word' id='word_1_486' title='bbox 1570 3418 1613 3472; x_wconf 87' lang='lat' dir='ltr'><strong>si</strong></span> <span class='ocrx_word' id='word_1_487' title='bbox 1643 3434 1729 3474; x_wconf 88' lang='lat' dir='ltr'><strong>res</strong></span> <span class='ocrx_word' id='word_1_488' title='bbox 1759 3419 1835 3474; x_wconf 85' lang='lat' dir='ltr'><strong>ita</strong></span> <span class='ocrx_word' id='word_1_489' title='bbox 1865 3437 2017 3477; x_wconf 88' lang='lat' dir='ltr'><strong>com-</strong></span> 
     </span>
    </p>
   </div>
   <div class='ocr_carea' id='block_1_67' title="bbox 436 3503 2014 3577">
    <p class='ocr_par' dir='ltr' id='par_1_67' title="bbox 436 3503 2014 3577">
     <span class='ocr_line' id='line_1_67' title="bbox 436 3503 2014 3577; baseline 0.01 -22"><span class='ocrx_word' id='word_1_490' title='bbox 436 3511 622 3571; x_wconf 85' lang='lat' dir='ltr'><strong>parata</strong></span> <span class='ocrx_word' id='word_1_491' title='bbox 656 3517 767 3556; x_wconf 89' lang='lat' dir='ltr'><strong>non</strong></span> <span class='ocrx_word' id='word_1_492' title='bbox 795 3503 959 3568; x_wconf 79' lang='lat' dir='ltr'><strong>foret,</strong></span> <span class='ocrx_word' id='word_1_493' title='bbox 998 3505 1125 3558; x_wconf 88' lang='lat' dir='ltr'><strong>etsi</strong></span> <span class='ocrx_word' id='word_1_494' title='bbox 1158 3508 1409 3576; x_wconf 85' lang='lat' dir='ltr'><strong>corporis</strong></span> <span class='ocrx_word' id='word_1_495' title='bbox 1432 3508 1486 3562; x_wconf 93' lang='lat' dir='ltr'><strong>in</strong></span> <span class='ocrx_word' id='word_1_496' title='bbox 1514 3511 1705 3564; x_wconf 86' lang='lat' dir='ltr'><strong>eadem</strong></span> <span class='ocrx_word' id='word_1_497' title='bbox 1737 3524 2014 3577; x_wconf 80' lang='lat' dir='ltr'><strong>structura</strong></span> 
     </span>
    </p>
   </div>
   <div class='ocr_carea' id='block_1_68' title="bbox 436 3582 2012 3673">
    <p class='ocr_par' dir='ltr' id='par_1_68' title="bbox 436 3582 2012 3673">
     <span class='ocr_line' id='line_1_68' title="bbox 436 3582 2012 3673; baseline 0.01 -30"><span class='ocrx_word' id='word_1_498' title='bbox 436 3606 543 3644; x_wconf 83' lang='lat' dir='ltr'><strong>non</strong></span> <span class='ocrx_word' id='word_1_499' title='bbox 578 3591 666 3644; x_wconf 82' lang='lat' dir='ltr'><strong>hic</strong></span> <span class='ocrx_word' id='word_1_500' title='bbox 690 3589 1084 3646; x_wconf 76' lang='lat' dir='ltr'><strong>aﬂ‘cctionibus</strong></span> <span class='ocrx_word' id='word_1_501' title='bbox 1130 3582 1273 3647; x_wconf 68' lang='lat' dir='ltr'><strong>foret</strong></span> <span class='ocrx_word' id='word_1_502' title='bbox 1309 3595 1607 3661; x_wconf 80' lang='lat' dir='ltr'><strong>obnoxius,</strong></span> <span class='ocrx_word' id='word_1_503' title='bbox 1640 3598 1731 3654; x_wconf 91' lang='lat' dir='ltr'><strong>ille</strong></span> <span class='ocrx_word' id='word_1_504' title='bbox 1763 3618 1823 3657; x_wconf 91' lang='lat' dir='ltr'><strong>se</strong></span> <span class='ocrx_word' id='word_1_505' title='bbox 1849 3584 2012 3673; x_wconf 86' lang='lat' dir='ltr'><strong>supe-</strong></span> 
     </span>
    </p>
   </div>
   <div class='ocr_carea' id='block_1_69' title="bbox 432 3680 2019 3759">
    <p class='ocr_par' dir='ltr' id='par_1_69' title="bbox 432 3680 2019 3759">
     <span class='ocr_line' id='line_1_69' title="bbox 432 3680 2019 3759; baseline 0.011 -27"><span class='ocrx_word' id='word_1_506' title='bbox 432 3680 635 3734; x_wconf 84' lang='lat' dir='ltr'><strong>riorem</strong></span> <span class='ocrx_word' id='word_1_507' title='bbox 672 3681 743 3735; x_wconf 89' lang='lat' dir='ltr'><strong>iis</strong></span> <span class='ocrx_word' id='word_1_508' title='bbox 779 3682 1110 3750; x_wconf 75' lang='lat' dir='ltr'><strong>detlararet,</strong></span> <span class='ocrx_word' id='word_1_509' title='bbox 1139 3699 1481 3756; x_wconf 85' lang='lat' dir='ltr'><strong>nequaquam</strong></span> <span class='ocrx_word' id='word_1_510' title='bbox 1513 3705 1749 3759; x_wconf 80' lang='lat' dir='ltr'><strong>Inaguus</strong></span> <span class='ocrx_word' id='word_1_511' title='bbox 1788 3693 1880 3749; x_wconf 91' lang='lat' dir='ltr'><strong>ille</strong></span> <span class='ocrx_word' id='word_1_512' title='bbox 1921 3696 2019 3750; x_wconf 87' lang='lat' dir='ltr'><strong>Ba-</strong></span> 
     </span>
    </p>
   </div>
   <div class='ocr_carea' id='block_1_70' title="bbox 436 3770 2014 3848">
    <p class='ocr_par' dir='ltr' id='par_1_70' title="bbox 436 3770 2014 3848">
     <span class='ocr_line' id='line_1_70' title="bbox 436 3770 2014 3848; baseline 0.011 -24"><span class='ocrx_word' id='word_1_513' title='bbox 436 3770 593 3825; x_wconf 87' lang='lat' dir='ltr'><strong>silius</strong></span> <span class='ocrx_word' id='word_1_514' title='bbox 640 3771 840 3825; x_wconf 84' lang='lat' dir='ltr'><strong>lsaiam</strong></span> <span class='ocrx_word' id='word_1_515' title='bbox 899 3784 1078 3829; x_wconf 90' lang='lat' dir='ltr'><strong>vatem</strong></span> <span class='ocrx_word' id='word_1_516' title='bbox 1125 3792 1396 3834; x_wconf 89' lang='lat' dir='ltr'><strong>enarrans</strong></span> <span class='ocrx_word' id='word_1_517' title='bbox 1443 3781 1712 3848; x_wconf 70' lang='lat' dir='ltr'><strong>quosdam</strong></span> <span class='ocrx_word' id='word_1_518' title='bbox 1745 3800 1777 3838; x_wconf 87' lang='lat' dir='ltr'><strong>a</strong></span> <span class='ocrx_word' id='word_1_519' title='bbox 1817 3795 2014 3842; x_wconf 81' lang='lat' dir='ltr'><strong>natura</strong></span> 
     </span>
    </p>
   </div>
   <div class='ocr_carea' id='block_1_71' title="bbox 436 3863 2016 3938">
    <p class='ocr_par' dir='ltr' id='par_1_71' title="bbox 436 3863 2016 3938">
     <span class='ocr_line' id='line_1_71' title="bbox 436 3863 2016 3938; baseline 0.011 -23"><span class='ocrx_word' id='word_1_520' title='bbox 436 3863 745 3931; x_wconf 79' lang='lat' dir='ltr'><strong>praecellere</strong></span> <span class='ocrx_word' id='word_1_521' title='bbox 772 3863 982 3920; x_wconf 86' lang='lat' dir='ltr'><strong>diceret</strong></span> <span class='ocrx_word' id='word_1_522' title='bbox 1013 3867 1158 3935; x_wconf 87' lang='lat' dir='ltr'><strong>aliis,</strong></span> <span class='ocrx_word' id='word_1_523' title='bbox 1190 3879 1243 3923; x_wconf 89' lang='lat' dir='ltr'><strong>et</strong></span> <span class='ocrx_word' id='word_1_524' title='bbox 1272 3868 1445 3938; x_wconf 89' lang='lat' dir='ltr'><strong>ipsius</strong></span> <span class='ocrx_word' id='word_1_525' title='bbox 1470 3875 1641 3927; x_wconf 83' lang='lat' dir='ltr'><strong>etiam</strong></span> <span class='ocrx_word' id='word_1_526' title='bbox 1666 3875 1844 3930; x_wconf 79' lang='lat' dir='ltr'><strong>carnis</strong></span> <span class='ocrx_word' id='word_1_527' title='bbox 1869 3893 2016 3932; x_wconf 87' lang='lat' dir='ltr'><strong>com-</strong></span> 
     </span>
    </p>
   </div>
   <div class='ocr_carea' id='block_1_72' title="bbox 437 3952 2015 4029">
    <p class='ocr_par' dir='ltr' id='par_1_72' title="bbox 437 3952 2015 4029">
     <span class='ocr_line' id='line_1_72' title="bbox 437 3952 2015 4029; baseline 0.011 -26"><span class='ocrx_word' id='word_1_528' title='bbox 437 3952 716 4018; x_wconf 87' lang='lat' dir='ltr'><strong>paratione</strong></span> <span class='ocrx_word' id='word_1_529' title='bbox 743 3954 931 4009; x_wconf 90' lang='lat' dir='ltr'><strong>multis</strong></span> <span class='ocrx_word' id='word_1_530' title='bbox 969 3967 1251 4024; x_wconf 66' lang='lat' dir='ltr'><strong>prmslare,</strong></span> <span class='ocrx_word' id='word_1_531' title='bbox 1290 3960 1407 4013; x_wconf 87' lang='lat' dir='ltr'><strong>sive</strong></span> <span class='ocrx_word' id='word_1_532' title='bbox 1432 3961 1486 4014; x_wconf 91' lang='lat' dir='ltr'><strong>in</strong></span> <span class='ocrx_word' id='word_1_533' title='bbox 1512 3963 1753 4017; x_wconf 68' lang='lat' dir='ltr'><strong>srientiae</strong></span> <span class='ocrx_word' id='word_1_534' title='bbox 1781 3967 2015 4029; x_wconf 84' lang='lat' dir='ltr'><strong>alicuius</strong></span> 
     </span>
    </p>
   </div>
   <div class='ocr_carea' id='block_1_73' title="bbox 438 4045 2013 4119">
    <p class='ocr_par' dir='ltr' id='par_1_73' title="bbox 438 4045 2013 4119">
     <span class='ocr_line' id='line_1_73' title="bbox 438 4045 2013 4119; baseline 0.013 -25"><span class='ocrx_word' id='word_1_535' title='bbox 438 4045 793 4119; x_wconf 84' lang='lat' dir='ltr'><strong>perceptione</strong></span> <span class='ocrx_word' id='word_1_536' title='bbox 822 4046 939 4100; x_wconf 90' lang='lat' dir='ltr'><strong>sive</strong></span> <span class='ocrx_word' id='word_1_537' title='bbox 975 4046 1029 4101; x_wconf 90' lang='lat' dir='ltr'><strong>in</strong></span> <span class='ocrx_word' id='word_1_538' title='bbox 1059 4048 1206 4102; x_wconf 91' lang='lat' dir='ltr'><strong>cultu</strong></span> <span class='ocrx_word' id='word_1_539' title='bbox 1242 4050 1483 4108; x_wconf 85' lang='lat' dir='ltr'><strong>virtutis.</strong></span> <span class='ocrx_word' id='word_1_540' title='bbox 1542 4051 1679 4110; x_wconf 89' lang='lat' dir='ltr'><strong>llinc</strong></span> <span class='ocrx_word' id='word_1_541' title='bbox 1708 4057 1895 4112; x_wconf 74' lang='lat' dir='ltr'><strong>Vi‘lrre</strong></span> <span class='ocrx_word' id='word_1_542' title='bbox 1929 4069 2013 4114; x_wconf 83' lang='lat' dir='ltr'><strong>est</strong></span> 
     </span>
    </p>
   </div>
   <div class='ocr_carea' id='block_1_74' title="bbox 439 4124 2009 4214">
    <p class='ocr_par' dir='ltr' id='par_1_74' title="bbox 439 4124 2009 4214">
     <span class='ocr_line' id='line_1_74' title="bbox 439 4124 2009 4214; baseline 0.013 -33"><span class='ocrx_word' id='word_1_543' title='bbox 439 4130 618 4185; x_wconf 83' lang='lat' dir='ltr'><strong>varios</strong></span> <span class='ocrx_word' id='word_1_544' title='bbox 677 4124 949 4200; x_wconf 77' lang='lat' dir='ltr'><strong>homines,</strong></span> <span class='ocrx_word' id='word_1_545' title='bbox 1009 4146 1380 4208; x_wconf 82' lang='lat' dir='ltr'><strong>temperantes</strong></span> <span class='ocrx_word' id='word_1_546' title='bbox 1449 4151 1505 4196; x_wconf 91' lang='lat' dir='ltr'><strong>et</strong></span> <span class='ocrx_word' id='word_1_547' title='bbox 1560 4142 2009 4214; x_wconf 88' lang='lat' dir='ltr'><strong>intemperantes,</strong></span> 
     </span>
    </p>
   </div>
   <div class='ocr_carea' id='block_1_75' title="bbox 436 4220 2010 4308">
    <p class='ocr_par' dir='ltr' id='par_1_75' title="bbox 436 4220 2010 4308">
     <span class='ocr_line' id='line_1_75' title="bbox 436 4220 2010 4308; baseline 0.013 -36"><span class='ocrx_word' id='word_1_548' title='bbox 436 4220 726 4285; x_wconf 80' lang='lat' dir='ltr'><strong>iracundos</strong></span> <span class='ocrx_word' id='word_1_549' title='bbox 757 4233 811 4276; x_wconf 91' lang='lat' dir='ltr'><strong>et</strong></span> <span class='ocrx_word' id='word_1_550' title='bbox 835 4226 1016 4293; x_wconf 86' lang='lat' dir='ltr'><strong>mites,</strong></span> <span class='ocrx_word' id='word_1_551' title='bbox 1051 4229 1351 4297; x_wconf 86' lang='lat' dir='ltr'><strong>prudentes</strong></span> <span class='ocrx_word' id='word_1_552' title='bbox 1382 4240 1438 4287; x_wconf 91' lang='lat' dir='ltr'><strong>et</strong></span> <span class='ocrx_word' id='word_1_553' title='bbox 1465 4233 1719 4298; x_wconf 86' lang='lat' dir='ltr'><strong>stolidos,</strong></span> <span class='ocrx_word' id='word_1_554' title='bbox 1755 4244 1814 4289; x_wconf 91' lang='lat' dir='ltr'><strong>ut</strong></span> <span class='ocrx_word' id='word_1_555' title='bbox 1847 4254 2010 4308; x_wconf 86' lang='lat' dir='ltr'><strong>supra</strong></span> 
     </span>
    </p>
   </div>
   <div class='ocr_carea' id='block_1_76' title="bbox 436 4313 2011 4386">
    <p class='ocr_par' dir='ltr' id='par_1_76' title="bbox 436 4313 2011 4386">
     <span class='ocr_line' id='line_1_76' title="bbox 436 4313 2011 4386; baseline 0.015 -26"><span class='ocrx_word' id='word_1_556' title='bbox 436 4323 656 4377; x_wconf 88' lang='lat' dir='ltr'><strong>quoque</strong></span> <span class='ocrx_word' id='word_1_557' title='bbox 683 4313 1022 4369; x_wconf 87' lang='lat' dir='ltr'><strong>monuimus.</strong></span> <span class='ocrx_word' id='word_1_558' title='bbox 1059 4320 1238 4386; x_wconf 84' lang='lat' dir='ltr'><strong>Atque</strong></span> <span class='ocrx_word' id='word_1_559' title='bbox 1266 4319 1381 4374; x_wconf 74' lang='lat' dir='ltr'><strong>haec</strong></span> <span class='ocrx_word' id='word_1_560' title='bbox 1411 4319 1481 4375; x_wconf 90' lang='lat' dir='ltr'><strong>de</strong></span> <span class='ocrx_word' id='word_1_561' title='bbox 1508 4324 1825 4380; x_wconf 88' lang='lat' dir='ltr'><strong>conditione</strong></span> <span class='ocrx_word' id='word_1_562' title='bbox 1858 4329 2011 4383; x_wconf 89' lang='lat' dir='ltr'><strong>dete-</strong></span> 
     </span>
    </p>
   </div>
   <div class='ocr_carea' id='block_1_77' title="bbox 437 4400 2006 4481">
    <p class='ocr_par' dir='ltr' id='par_1_77' title="bbox 437 4400 2006 4481">
     <span class='ocr_line' id='line_1_77' title="bbox 437 4400 2006 4481; baseline 0.015 -30"><span class='ocrx_word' id='word_1_563' title='bbox 437 4400 582 4455; x_wconf 90' lang='lat' dir='ltr'><strong>riore</strong></span> <span class='ocrx_word' id='word_1_564' title='bbox 627 4402 681 4456; x_wconf 91' lang='lat' dir='ltr'><strong>in</strong></span> <span class='ocrx_word' id='word_1_565' title='bbox 726 4404 923 4460; x_wconf 87' lang='lat' dir='ltr'><strong>melius</strong></span> <span class='ocrx_word' id='word_1_566' title='bbox 976 4412 1301 4465; x_wconf 87' lang='lat' dir='ltr'><strong>commutari</strong></span> <span class='ocrx_word' id='word_1_567' title='bbox 1353 4423 1605 4481; x_wconf 90' lang='lat' dir='ltr'><strong>possunt,</strong></span> <span class='ocrx_word' id='word_1_568' title='bbox 1655 4431 1720 4470; x_wconf 86' lang='lat' dir='ltr'><strong>ac</strong></span> <span class='ocrx_word' id='word_1_569' title='bbox 1766 4417 2006 4475; x_wconf 86' lang='lat' dir='ltr'><strong>vicissim</strong></span> 
     </span>
    </p>
   </div>
   <div class='ocr_carea' id='block_1_78' title="bbox 436 4489 2006 4572">
    <p class='ocr_par' dir='ltr' id='par_1_78' title="bbox 436 4489 2006 4572">
     <span class='ocr_line' id='line_1_78' title="bbox 436 4489 2006 4572; baseline 0.013 -29"><span class='ocrx_word' id='word_1_570' title='bbox 436 4504 467 4543; x_wconf 90' lang='lat' dir='ltr'><strong>a</strong></span> <span class='ocrx_word' id='word_1_571' title='bbox 505 4489 648 4546; x_wconf 87' lang='lat' dir='ltr'><strong>bono</strong></span> <span class='ocrx_word' id='word_1_572' title='bbox 683 4491 737 4547; x_wconf 89' lang='lat' dir='ltr'><strong>in</strong></span> <span class='ocrx_word' id='word_1_573' title='bbox 762 4494 920 4565; x_wconf 87' lang='lat' dir='ltr'><strong>pejus</strong></span> <span class='ocrx_word' id='word_1_574' title='bbox 948 4497 1072 4563; x_wconf 89' lang='lat' dir='ltr'><strong>licet</strong></span> <span class='ocrx_word' id='word_1_575' title='bbox 1102 4497 1418 4566; x_wconf 77' lang='lat' dir='ltr'><strong>deflectere,</strong></span> <span class='ocrx_word' id='word_1_576' title='bbox 1446 4504 1907 4572; x_wconf 85' lang='lat' dir='ltr'><strong>quemadmodum</strong></span> <span class='ocrx_word' id='word_1_577' title='bbox 1939 4524 2006 4563; x_wconf 82' lang='lat' dir='ltr'><strong>ex</strong></span> 
     </span>
    </p>
   </div>
   <div class='ocr_carea' id='block_1_79' title="bbox 2123 3328 3701 3408">
    <p class='ocr_par' dir='ltr' id='par_1_79' title="bbox 2123 3328 3701 3408">
     <span class='ocr_line' id='line_1_79' title="bbox 2123 3328 3701 3408; baseline 0.01 -29"><span class='ocrx_word' id='word_1_578' title='bbox 2123 3329 2283 3398; x_wconf 83' lang='grc' dir='ltr'>χάριν</span> <span class='ocrx_word' id='word_1_579' title='bbox 2328 3332 2702 3401; x_wconf 74' lang='grc' dir='ltr'>άμφιϐάλλειν</span> <span class='ocrx_word' id='word_1_580' title='bbox 2741 3334 2799 3387; x_wconf 85' lang='grc' dir='ltr'><strong>ού</strong></span> <span class='ocrx_word' id='word_1_581' title='bbox 2826 3332 2954 3405; x_wconf 81' lang='grc' dir='ltr'><strong>χρή.</strong></span> <span class='ocrx_word' id='word_1_582' title='bbox 3001 3336 3063 3391; x_wconf 78' lang='grc' dir='ltr'><strong>Εἰ</strong></span> <span class='ocrx_word' id='word_1_583' title='bbox 3106 3340 3181 3408; x_wconf 82' lang='grc' dir='ltr'><strong>μὴ</strong></span> <span class='ocrx_word' id='word_1_584' title='bbox 3215 3328 3323 3407; x_wconf 74' lang='grc' dir='ltr'><strong>γάρ</strong></span> <span class='ocrx_word' id='word_1_585' title='bbox 3347 3339 3505 3391; x_wconf 83' lang='grc' dir='ltr'>τοῦτο</span> <span class='ocrx_word' id='word_1_586' title='bbox 3529 3336 3620 3404; x_wconf 72' lang='grc' dir='ltr'>ἦν,</span> <span class='ocrx_word' id='word_1_587' title='bbox 3646 3328 3701 3394; x_wconf 83' lang='grc' dir='ltr'><strong>εί</strong></span> 
     </span>
    </p>
   </div>
   <div class='ocr_carea' id='block_1_80' title="bbox 2123 3417 3701 3500">
    <p class='ocr_par' dir='ltr' id='par_1_80' title="bbox 2123 3417 3701 3500">
     <span class='ocr_line' id='line_1_80' title="bbox 2123 3417 3701 3500; baseline 0.01 -31"><span class='ocrx_word' id='word_1_588' title='bbox 2123 3417 2201 3487; x_wconf 81' lang='grc' dir='ltr'>μὴ</span> <span class='ocrx_word' id='word_1_589' title='bbox 2255 3418 2315 3483; x_wconf 75' lang='grc' dir='ltr'>ἐξ</span> <span class='ocrx_word' id='word_1_590' title='bbox 2370 3422 2540 3491; x_wconf 78' lang='grc' dir='ltr'>αὐτῆς</span> <span class='ocrx_word' id='word_1_591' title='bbox 2591 3423 2691 3492; x_wconf 76' lang='grc' dir='ltr'>τῆς</span> <span class='ocrx_word' id='word_1_592' title='bbox 2726 3423 2980 3494; x_wconf 78' lang='grc' dir='ltr'>σώματος</span> <span class='ocrx_word' id='word_1_593' title='bbox 3019 3428 3372 3497; x_wconf 84' lang='grc' dir='ltr'>κατασκευῆς</span> <span class='ocrx_word' id='word_1_594' title='bbox 3414 3422 3571 3493; x_wconf 75' lang='grc' dir='ltr'>οὗτος</span> <span class='ocrx_word' id='word_1_595' title='bbox 3597 3432 3701 3500; x_wconf 74' lang='grc' dir='ltr'><strong>μὲν</strong></span> 
     </span>
    </p>
   </div>
   <div class='ocr_carea' id='block_1_81' title="bbox 2121 3501 3701 3589">
    <p class='ocr_par' dir='ltr' id='par_1_81' title="bbox 2121 3501 3701 3589">
     <span class='ocr_line' id='line_1_81' title="bbox 2121 3501 3701 3589; baseline 0.013 -37"><span class='ocrx_word' id='word_1_596' title='bbox 2121 3501 2226 3583; x_wconf 71' lang='grc' dir='ltr'><strong>ὑπὸ</strong></span> <span class='ocrx_word' id='word_1_597' title='bbox 2259 3504 2450 3560; x_wconf 87' lang='grc' dir='ltr'>παθῶν</span> <span class='ocrx_word' id='word_1_598' title='bbox 2488 3508 2714 3584; x_wconf 68' lang='grc' dir='ltr'>ἥττητο,</span> <span class='ocrx_word' id='word_1_599' title='bbox 2744 3512 2951 3577; x_wconf 68' lang='grc' dir='ltr'>ἐκεῖνος</span> <span class='ocrx_word' id='word_1_600' title='bbox 2981 3515 3038 3567; x_wconf 86' lang='grc' dir='ltr'><strong>δὲ</strong></span> <span class='ocrx_word' id='word_1_601' title='bbox 3081 3516 3243 3569; x_wconf 85' lang='grc' dir='ltr'>πάλιν</span> <span class='ocrx_word' id='word_1_602' title='bbox 3281 3518 3567 3589; x_wconf 74' lang='grc' dir='ltr'>ἐγκρατὴς</span> <span class='ocrx_word' id='word_1_603' title='bbox 3599 3519 3701 3572; x_wconf 80' lang='grc' dir='ltr'>αύ-</span> 
     </span>
    </p>
   </div>
   <div class='ocr_carea' id='block_1_82' title="bbox 2118 3592 3700 3676">
    <p class='ocr_par' dir='ltr' id='par_1_82' title="bbox 2118 3592 3700 3676">
     <span class='ocr_line' id='line_1_82' title="bbox 2118 3592 3700 3676; baseline 0.012 -30"><span class='ocrx_word' id='word_1_604' title='bbox 2118 3594 2228 3648; x_wconf 89' lang='grc' dir='ltr'><strong>τῶν</strong></span> <span class='ocrx_word' id='word_1_605' title='bbox 2269 3600 2654 3666; x_wconf 81' lang='grc' dir='ltr'>κατεφαίνετο,</span> <span class='ocrx_word' id='word_1_606' title='bbox 2701 3602 2802 3657; x_wconf 80' lang='grc' dir='ltr'>οὐκ</span> <span class='ocrx_word' id='word_1_607' title='bbox 2867 3606 2935 3658; x_wconf 83' lang='grc' dir='ltr'>ἂν</span> <span class='ocrx_word' id='word_1_608' title='bbox 2972 3608 3001 3658; x_wconf 81' lang='grc' dir='ltr'><strong>ὀ</strong></span> <span class='ocrx_word' id='word_1_609' title='bbox 3055 3592 3229 3676; x_wconf 59' lang='grc' dir='ltr'>μέγας</span> <span class='ocrx_word' id='word_1_610' title='bbox 3281 3610 3558 3674; x_wconf 77' lang='grc' dir='ltr'>Βασίλειος</span> <span class='ocrx_word' id='word_1_611' title='bbox 3604 3614 3700 3665; x_wconf 87' lang='grc' dir='ltr'>τὸν</span> 
     </span>
    </p>
   </div>
   <div class='ocr_carea' id='block_1_83' title="bbox 2119 3687 3700 3772">
    <p class='ocr_par' dir='ltr' id='par_1_83' title="bbox 2119 3687 3700 3772">
     <span class='ocr_line' id='line_1_83' title="bbox 2119 3687 3700 3772; baseline 0.014 -38"><span class='ocrx_word' id='word_1_612' title='bbox 2119 3687 2408 3757; x_wconf 80' lang='grc' dir='ltr'>προφήτην</span> <span class='ocrx_word' id='word_1_613' title='bbox 2450 3689 2674 3746; x_wconf 77' lang='grc' dir='ltr'>Ἡσαΐαν</span> <span class='ocrx_word' id='word_1_614' title='bbox 2705 3692 3074 3763; x_wconf 78' lang='grc' dir='ltr'>ἐξηγούμενος</span> <span class='ocrx_word' id='word_1_615' title='bbox 3100 3699 3293 3769; x_wconf 80' lang='grc' dir='ltr'>είσῆγέ</span> <span class='ocrx_word' id='word_1_616' title='bbox 3318 3717 3470 3764; x_wconf 87' lang='grc' dir='ltr'>τινας</span> <span class='ocrx_word' id='word_1_617' title='bbox 3501 3704 3565 3755; x_wconf 82' lang='grc' dir='ltr'>ὲκ</span> <span class='ocrx_word' id='word_1_618' title='bbox 3597 3702 3700 3772; x_wconf 83' lang='grc' dir='ltr'>φύ-</span> 
     </span>
    </p>
   </div>
   <div class='ocr_carea' id='block_1_84' title="bbox 2121 3775 3698 3860">
    <p class='ocr_par' dir='ltr' id='par_1_84' title="bbox 2121 3775 3698 3860">
     <span class='ocr_line' id='line_1_84' title="bbox 2121 3775 3698 3860; baseline 0.011 -34"><span class='ocrx_word' id='word_1_619' title='bbox 2121 3791 2260 3837; x_wconf 85' lang='grc' dir='ltr'>σεως</span> <span class='ocrx_word' id='word_1_620' title='bbox 2298 3775 2524 3845; x_wconf 80' lang='grc' dir='ltr'>ἔχοντάς</span> <span class='ocrx_word' id='word_1_621' title='bbox 2564 3796 2702 3835; x_wconf 76' lang='grc' dir='ltr'>τινα</span> <span class='ocrx_word' id='word_1_622' title='bbox 2742 3785 3138 3855; x_wconf 79' lang='grc' dir='ltr'>προτερήματα</span> <span class='ocrx_word' id='word_1_623' title='bbox 3188 3788 3283 3841; x_wconf 71' lang='grc' dir='ltr'>καὶ</span> <span class='ocrx_word' id='word_1_624' title='bbox 3314 3790 3457 3843; x_wconf 85' lang='grc' dir='ltr'>κατά</span> <span class='ocrx_word' id='word_1_625' title='bbox 3497 3805 3560 3858; x_wconf 88' lang='grc' dir='ltr'><strong>γε</strong></span> <span class='ocrx_word' id='word_1_626' title='bbox 3601 3789 3698 3860; x_wconf 77' lang='grc' dir='ltr'>τὴν</span> 
     </span>
    </p>
   </div>
   <div class='ocr_carea' id='block_1_85' title="bbox 2121 3864 3699 3951">
    <p class='ocr_par' dir='ltr' id='par_1_85' title="bbox 2121 3864 3699 3951">
     <span class='ocr_line' id='line_1_85' title="bbox 2121 3864 3699 3951; baseline 0.013 -35"><span class='ocrx_word' id='word_1_627' title='bbox 2121 3864 2410 3936; x_wconf 80' lang='grc' dir='ltr'>σύγκρισιν</span> <span class='ocrx_word' id='word_1_628' title='bbox 2438 3870 2536 3938; x_wconf 83' lang='grc' dir='ltr'><strong>τῆς</strong></span> <span class='ocrx_word' id='word_1_629' title='bbox 2569 3869 2773 3942; x_wconf 75' lang='grc' dir='ltr'>σαρκὸς</span> <span class='ocrx_word' id='word_1_630' title='bbox 2805 3873 3015 3927; x_wconf 83' lang='grc' dir='ltr'>πολλῶν</span> <span class='ocrx_word' id='word_1_631' title='bbox 3058 3877 3423 3951; x_wconf 71' lang='grc' dir='ltr'>διαφέροντας</span> <span class='ocrx_word' id='word_1_632' title='bbox 3455 3883 3535 3943; x_wconf 81' lang='grc' dir='ltr'><strong>εἰς</strong></span> <span class='ocrx_word' id='word_1_633' title='bbox 3566 3882 3699 3935; x_wconf 81' lang='grc' dir='ltr'>ἀνά-</span> 
     </span>
    </p>
   </div>
   <div class='ocr_carea' id='block_1_86' title="bbox 2116 3954 3701 4047">
    <p class='ocr_par' dir='ltr' id='par_1_86' title="bbox 2116 3954 3701 4047">
     <span class='ocr_line' id='line_1_86' title="bbox 2116 3954 3701 4047; baseline 0.014 -41"><span class='ocrx_word' id='word_1_634' title='bbox 2116 3954 2282 4026; x_wconf 76' lang='grc' dir='ltr'>ληψιν</span> <span class='ocrx_word' id='word_1_635' title='bbox 2321 3958 2692 4047; x_wconf 17' lang='grc' dir='ltr'>ἐπιστήμηςχῆ</span> <span class='ocrx_word' id='word_1_636' title='bbox 2741 3963 2976 4034; x_wconf 82' lang='grc' dir='ltr'>άσκησιν</span> <span class='ocrx_word' id='word_1_637' title='bbox 3021 3966 3246 4039; x_wconf 82' lang='grc' dir='ltr'>ἀρετῆς.</span> <span class='ocrx_word' id='word_1_638' title='bbox 3286 3971 3567 4025; x_wconf 78' lang='grc' dir='ltr'>Ἐντεῦθεν</span> <span class='ocrx_word' id='word_1_639' title='bbox 3604 3968 3701 4027; x_wconf 81' lang='grc' dir='ltr'>οὖν</span> 
     </span>
    </p>
   </div>
   <div class='ocr_carea' id='block_1_87' title="bbox 2116 4047 3699 4133">
    <p class='ocr_par' dir='ltr' id='par_1_87' title="bbox 2116 4047 3699 4133">
     <span class='ocr_line' id='line_1_87' title="bbox 2116 4047 3699 4133; baseline 0.011 -34"><span class='ocrx_word' id='word_1_640' title='bbox 2116 4047 2213 4099; x_wconf 76' lang='grc' dir='ltr'>καὶ</span> <span class='ocrx_word' id='word_1_641' title='bbox 2243 4047 2500 4118; x_wconf 80' lang='grc' dir='ltr'>σώφρονα</span> <span class='ocrx_word' id='word_1_642' title='bbox 2530 4049 2628 4104; x_wconf 76' lang='grc' dir='ltr'>ἴδοι</span> <span class='ocrx_word' id='word_1_643' title='bbox 2661 4069 2746 4115; x_wconf 86' lang='grc' dir='ltr'><strong>τις</strong></span> <span class='ocrx_word' id='word_1_644' title='bbox 2784 4054 2849 4107; x_wconf 84' lang='grc' dir='ltr'>ἂν</span> <span class='ocrx_word' id='word_1_645' title='bbox 2886 4057 2978 4108; x_wconf 78' lang='grc' dir='ltr'>καὶ</span> <span class='ocrx_word' id='word_1_646' title='bbox 3005 4058 3321 4123; x_wconf 72' lang='grc' dir='ltr'>ἀκόλαστον,</span> <span class='ocrx_word' id='word_1_647' title='bbox 3355 4062 3576 4133; x_wconf 83' lang='grc' dir='ltr'>θυμώδη</span> <span class='ocrx_word' id='word_1_648' title='bbox 3604 4067 3699 4117; x_wconf 81' lang='grc' dir='ltr'>καὶ</span> 
     </span>
    </p>
   </div>
   <div class='ocr_carea' id='block_1_88' title="bbox 2122 4139 3698 4227">
    <p class='ocr_par' dir='ltr' id='par_1_88' title="bbox 2122 4139 3698 4227">
     <span class='ocr_line' id='line_1_88' title="bbox 2122 4139 3698 4227; baseline 0.013 -38"><span class='ocrx_word' id='word_1_649' title='bbox 2122 4139 2320 4207; x_wconf 82' lang='grc' dir='ltr'>πρᾶον,</span> <span class='ocrx_word' id='word_1_650' title='bbox 2375 4142 2647 4212; x_wconf 78' lang='grc' dir='ltr'>ἐχέφρονα</span> <span class='ocrx_word' id='word_1_651' title='bbox 2690 4147 2786 4199; x_wconf 75' lang='grc' dir='ltr'>καὶ</span> <span class='ocrx_word' id='word_1_652' title='bbox 2837 4148 2914 4218; x_wconf 77' lang='grc' dir='ltr'><strong>μὴ</strong></span> <span class='ocrx_word' id='word_1_653' title='bbox 2966 4149 3231 4216; x_wconf 88' lang='grc' dir='ltr'>τοιοῦτον,</span> <span class='ocrx_word' id='word_1_654' title='bbox 3270 4152 3459 4225; x_wconf 78' lang='grc' dir='ltr'>ὥσπερ</span> <span class='ocrx_word' id='word_1_655' title='bbox 3506 4156 3570 4227; x_wconf 79' lang='grc' dir='ltr'><strong>δὴ</strong></span> <span class='ocrx_word' id='word_1_656' title='bbox 3603 4159 3698 4209; x_wconf 81' lang='grc' dir='ltr'>καὶ</span> 
     </span>
    </p>
   </div>
   <div class='ocr_carea' id='block_1_89' title="bbox 2113 4230 3681 4315">
    <p class='ocr_par' dir='ltr' id='par_1_89' title="bbox 2113 4230 3681 4315">
     <span class='ocr_line' id='line_1_89' title="bbox 2113 4230 3681 4315; baseline 0.014 -35"><span class='ocrx_word' id='word_1_657' title='bbox 2113 4230 2227 4294; x_wconf 85' lang='grc' dir='ltr'>τοῖς</span> <span class='ocrx_word' id='word_1_658' title='bbox 2278 4230 2589 4304; x_wconf 77' lang='grc' dir='ltr'>ἔμπροσθεν</span> <span class='ocrx_word' id='word_1_659' title='bbox 2656 4238 2895 4307; x_wconf 72' lang='grc' dir='ltr'>εἴρηται.</span> <span class='ocrx_word' id='word_1_660' title='bbox 2952 4241 3139 4296; x_wconf 81' lang='grc' dir='ltr'>Ταῦτα</span> <span class='ocrx_word' id='word_1_661' title='bbox 3196 4247 3295 4315; x_wconf 82' lang='grc' dir='ltr'><strong>μὲν</strong></span> <span class='ocrx_word' id='word_1_662' title='bbox 3336 4242 3429 4300; x_wconf 65' lang='grc' dir='ltr'>οὖν</span> <span class='ocrx_word' id='word_1_663' title='bbox 3474 4248 3681 4302; x_wconf 68' lang='grc' dir='ltr'>δύναιτ’</span> 
     </span>
    </p>
   </div>
   <div class='ocr_carea' id='block_1_90' title="bbox 2112 4317 3693 4409">
    <p class='ocr_par' dir='ltr' id='par_1_90' title="bbox 2112 4317 3693 4409">
     <span class='ocr_line' id='line_1_90' title="bbox 2112 4317 3693 4409; baseline 0.014 -38"><span class='ocrx_word' id='word_1_664' title='bbox 2112 4317 2181 4371; x_wconf 72' lang='grc' dir='ltr'>ἄν</span> <span class='ocrx_word' id='word_1_665' title='bbox 2232 4338 2319 4384; x_wconf 85' lang='grc' dir='ltr'><strong>τις</strong></span> <span class='ocrx_word' id='word_1_666' title='bbox 2348 4324 2443 4376; x_wconf 73' lang='grc' dir='ltr'><strong>ἐπὶ</strong></span> <span class='ocrx_word' id='word_1_667' title='bbox 2476 4327 2536 4377; x_wconf 83' lang='grc' dir='ltr'><strong>τὸ</strong></span> <span class='ocrx_word' id='word_1_668' title='bbox 2584 4328 2833 4399; x_wconf 78' lang='grc' dir='ltr'>κρεῖττον</span> <span class='ocrx_word' id='word_1_669' title='bbox 2863 4336 3200 4403; x_wconf 77' lang='grc' dir='ltr'>μεταφέρειν</span> <span class='ocrx_word' id='word_1_670' title='bbox 3248 4336 3358 4389; x_wconf 82' lang='grc' dir='ltr'><strong>ἀπὸ</strong></span> <span class='ocrx_word' id='word_1_671' title='bbox 3392 4337 3485 4391; x_wconf 89' lang='grc' dir='ltr'><strong>τοῦ</strong></span> <span class='ocrx_word' id='word_1_672' title='bbox 3515 4341 3693 4409; x_wconf 84' lang='grc' dir='ltr'>χείρο-</span> 
     </span>
    </p>
   </div>
   <div class='ocr_carea' id='block_1_91' title="bbox 2112 4413 3697 4494">
    <p class='ocr_par' dir='ltr' id='par_1_91' title="bbox 2112 4413 3697 4494">
     <span class='ocr_line' id='line_1_91' title="bbox 2112 4413 3697 4494; baseline 0.014 -32"><span class='ocrx_word' id='word_1_673' title='bbox 2112 4425 2222 4477; x_wconf 83' lang='grc' dir='ltr'>νος,</span> <span class='ocrx_word' id='word_1_674' title='bbox 2278 4413 2373 4467; x_wconf 73' lang='grc' dir='ltr'><strong>καὶ</strong></span> <span class='ocrx_word' id='word_1_675' title='bbox 2427 4416 2521 4467; x_wconf 77' lang='grc' dir='ltr'><strong>ἐπὶ</strong></span> <span class='ocrx_word' id='word_1_676' title='bbox 2581 4418 2643 4470; x_wconf 84' lang='grc' dir='ltr'>τὸ</span> <span class='ocrx_word' id='word_1_677' title='bbox 2692 4423 2875 4489; x_wconf 82' lang='grc' dir='ltr'>χεῖρον</span> <span class='ocrx_word' id='word_1_678' title='bbox 2929 4419 2995 4477; x_wconf 78' lang='grc' dir='ltr'>αὖ</span> <span class='ocrx_word' id='word_1_679' title='bbox 3039 4428 3404 4494; x_wconf 84' lang='grc' dir='ltr'>μετατρέπειν</span> <span class='ocrx_word' id='word_1_680' title='bbox 3449 4430 3558 4481; x_wconf 71' lang='grc' dir='ltr'><strong>ἀπὸ</strong></span> <span class='ocrx_word' id='word_1_681' title='bbox 3601 4431 3697 4484; x_wconf 67' lang='grc' dir='ltr'><strong>τοῦ</strong></span> 
     </span>
    </p>
   </div>
   <div class='ocr_carea' id='block_1_92' title="bbox 2112 4503 3699 4589">
    <p class='ocr_par' dir='ltr' id='par_1_92' title="bbox 2112 4503 3699 4589">
     <span class='ocr_line' id='line_1_92' title="bbox 2112 4503 3699 4589; baseline 0.014 -38"><span class='ocrx_word' id='word_1_682' title='bbox 2112 4503 2441 4571; x_wconf 82' lang='grc' dir='ltr'>κρείττονος.</span> <span class='ocrx_word' id='word_1_683' title='bbox 2488 4509 2596 4561; x_wconf 75' lang='grc' dir='ltr'><strong>Καὶ</strong></span> <span class='ocrx_word' id='word_1_684' title='bbox 2643 4508 2804 4578; x_wconf 81' lang='grc' dir='ltr'>δῆλον</span> <span class='ocrx_word' id='word_1_685' title='bbox 2830 4514 2889 4579; x_wconf 75' lang='grc' dir='ltr'>ἐξ</span> <span class='ocrx_word' id='word_1_686' title='bbox 2921 4507 2995 4567; x_wconf 80' lang='grc' dir='ltr'>ὧν</span> <span class='ocrx_word' id='word_1_687' title='bbox 3041 4516 3070 4566; x_wconf 84' lang='grc' dir='ltr'><strong><em>ὁ</em></strong></span> <span class='ocrx_word' id='word_1_688' title='bbox 3111 4514 3359 4586; x_wconf 70' lang='grc' dir='ltr'>θεολόγοις</span> <span class='ocrx_word' id='word_1_689' title='bbox 3394 4519 3699 4589; x_wconf 80' lang='grc' dir='ltr'>Γρηγόριος</span> 
     </span>
    </p>
   </div>
   <div class='ocr_carea' id='block_1_93' title="bbox 437 4580 2017 4677">
    <p class='ocr_par' dir='ltr' id='par_1_93' title="bbox 437 4580 2007 4671">
     <span class='ocr_line' id='line_1_93' title="bbox 437 4580 2007 4671; baseline 0.014 -39"><span class='ocrx_word' id='word_1_690' title='bbox 437 4580 587 4641; x_wconf 65' lang='lat' dir='ltr'><strong>bisve</strong></span> <span class='ocrx_word' id='word_1_691' title='bbox 616 4582 867 4655; x_wconf 80' lang='lat' dir='ltr'><strong>Gregorii</strong></span> <span class='ocrx_word' id='word_1_692' title='bbox 896 4587 1155 4660; x_wconf 77' lang='lat' dir='ltr'><strong>Tlieologi</strong></span> <span class='ocrx_word' id='word_1_693' title='bbox 1199 4591 1385 4645; x_wconf 88' lang='lat' dir='ltr'><strong>verbis</strong></span> <span class='ocrx_word' id='word_1_694' title='bbox 1427 4595 1713 4662; x_wconf 84' lang='lat' dir='ltr'><strong>perspicue</strong></span> <span class='ocrx_word' id='word_1_695' title='bbox 1745 4596 2007 4671; x_wconf 88' lang='lat' dir='ltr'><strong>intelligi-</strong></span> 
     </span>
    </p>
   </div>
   <div class='ocr_carea' id='block_1_94' title="bbox 2119 4580 3696 4677">
    <p class='ocr_par' dir='ltr' id='par_1_94' title="bbox 2119 4580 3696 4677">
     <span class='ocr_line' id='line_1_94' title="bbox 2119 4580 3696 4677; baseline 0.014 -34"><span class='ocrx_word' id='word_1_696' title='bbox 2119 4592 2338 4660; x_wconf 60' lang='grc' dir='ltr'>ἔλεγεν</span> <span class='ocrx_word' id='word_1_697' title='bbox 2381 4614 2400 4647; x_wconf 83' lang='grc' dir='ltr'><strong>ι</strong></span> <span class='ocrx_word' id='word_1_698' title='bbox 2450 4597 2710 4668; x_wconf 81' lang='grc' dir='ltr'>Ἀρκετὸν</span> <span class='ocrx_word' id='word_1_699' title='bbox 2754 4603 2831 4672; x_wconf 85' lang='grc' dir='ltr'>τῷ</span> <span class='ocrx_word' id='word_1_700' title='bbox 2865 4605 3079 4673; x_wconf 82' lang='grc' dir='ltr'>σώματι</span> <span class='ocrx_word' id='word_1_701' title='bbox 3127 4580 3358 4677; x_wconf 77' lang='grc' dir='ltr'>ἡκακία</span> <span class='ocrx_word' id='word_1_702' title='bbox 3401 4580 3589 4664; x_wconf 45' lang='lat' dir='ltr'><strong>alit-om</strong></span> <span class='ocrx_word' id='word_1_703' title='bbox 3627 4580 3696 4665; x_wconf 76' lang='grc' dir='ltr'>Τί</span> 
     </span>
    </p>
   </div>
   <div class='ocr_carea' id='block_1_95' title="bbox 435 4675 2009 4749">
    <p class='ocr_par' dir='ltr' id='par_1_95' title="bbox 435 4675 2009 4749">
     <span class='ocr_line' id='line_1_95' title="bbox 435 4675 2009 4749; baseline 0.017 -29"><span class='ocrx_word' id='word_1_704' title='bbox 435 4686 587 4725; x_wconf 84' lang='lat' dir='ltr'><strong>mus:</strong></span> <span class='ocrx_word' id='word_1_705' title='bbox 622 4675 794 4727; x_wconf 66' lang='lat' dir='ltr'><strong>«Satis</strong></span> <span class='ocrx_word' id='word_1_706' title='bbox 819 4687 924 4739; x_wconf 85' lang='lat' dir='ltr'><strong>est,</strong></span> <span class='ocrx_word' id='word_1_707' title='bbox 959 4676 1161 4745; x_wconf 85' lang='lat' dir='ltr'><strong>inquit,</strong></span> <span class='ocrx_word' id='word_1_708' title='bbox 1187 4682 1406 4749; x_wconf 90' lang='lat' dir='ltr'><strong>corpori</strong></span> <span class='ocrx_word' id='word_1_709' title='bbox 1442 4698 1540 4737; x_wconf 87' lang='lat' dir='ltr'><strong>sua</strong></span> <span class='ocrx_word' id='word_1_710' title='bbox 1576 4686 1866 4742; x_wconf 82' lang='lat' dir='ltr'><strong>vitiositas.</strong></span> <span class='ocrx_word' id='word_1_711' title='bbox 1898 4690 2009 4745; x_wconf 80' lang='lat' dir='ltr'><strong>Cur</strong></span> 
     </span>
    </p>
   </div>
   <div class='ocr_carea' id='block_1_96' title="bbox 430 4758 2005 4840">
    <p class='ocr_par' dir='ltr' id='par_1_96' title="bbox 430 4758 2005 4840">
     <span class='ocr_line' id='line_1_96' title="bbox 430 4758 2005 4840; baseline 0.013 -29"><span class='ocrx_word' id='word_1_712' title='bbox 430 4758 665 4814; x_wconf 67' lang='lat' dir='ltr'><strong>ﬂaturum</strong></span> <span class='ocrx_word' id='word_1_713' title='bbox 699 4763 954 4816; x_wconf 83' lang='lat' dir='ltr'><strong>ntateries</strong></span> <span class='ocrx_word' id='word_1_714' title='bbox 996 4767 1230 4837; x_wconf 86' lang='lat' dir='ltr'><strong>amplior</strong></span> <span class='ocrx_word' id='word_1_715' title='bbox 1258 4771 1679 4840; x_wconf 80' lang='lat' dir='ltr'><strong>suppeditetur?</strong></span> <span class='ocrx_word' id='word_1_716' title='bbox 1725 4792 1823 4831; x_wconf 89' lang='lat' dir='ltr'><strong>cur</strong></span> <span class='ocrx_word' id='word_1_717' title='bbox 1871 4777 2005 4833; x_wconf 86' lang='lat' dir='ltr'><strong>huic</strong></span> 
     </span>
    </p>
   </div>
   <div class='ocr_carea' id='block_1_97' title="bbox 431 4851 2005 4929">
    <p class='ocr_par' dir='ltr' id='par_1_97' title="bbox 431 4851 2005 4929">
     <span class='ocr_line' id='line_1_97' title="bbox 431 4851 2005 4929; baseline 0.014 -27"><span class='ocrx_word' id='word_1_718' title='bbox 431 4851 623 4904; x_wconf 72' lang='lat' dir='ltr'><strong>bellua:</strong></span> <span class='ocrx_word' id='word_1_719' title='bbox 643 4853 1035 4909; x_wconf 88' lang='lat' dir='ltr'><strong>nutrimentum</strong></span> <span class='ocrx_word' id='word_1_720' title='bbox 1055 4857 1298 4929; x_wconf 81' lang='lat' dir='ltr'><strong>largius?</strong></span> <span class='ocrx_word' id='word_1_721' title='bbox 1330 4872 1389 4916; x_wconf 93' lang='lat' dir='ltr'><strong>ut</strong></span> <span class='ocrx_word' id='word_1_722' title='bbox 1413 4864 1771 4921; x_wconf 87' lang='lat' dir='ltr'><strong>intractabilis</strong></span> <span class='ocrx_word' id='word_1_723' title='bbox 1793 4868 2005 4924; x_wconf 85' lang='lat' dir='ltr'><strong>scilicet</strong></span> 
     </span>
    </p>
   </div>
   <div class='ocr_carea' id='block_1_98' title="bbox 430 4943 2001 5026">
    <p class='ocr_par' dir='ltr' id='par_1_98' title="bbox 430 4943 2001 5026">
     <span class='ocr_line' id='line_1_98' title="bbox 430 4943 2001 5026; baseline 0.014 -36"><span class='ocrx_word' id='word_1_724' title='bbox 430 4943 523 4991; x_wconf 88' lang='lat' dir='ltr'><strong>tiat</strong></span> <span class='ocrx_word' id='word_1_725' title='bbox 554 4957 615 4994; x_wconf 81' lang='lat' dir='ltr'><strong>ac</strong></span> <span class='ocrx_word' id='word_1_726' title='bbox 658 4943 924 5000; x_wconf 86' lang='lat' dir='ltr'><strong>rationem</strong></span> <span class='ocrx_word' id='word_1_727' title='bbox 958 4950 1221 5005; x_wconf 91' lang='lat' dir='ltr'><strong>violentia</strong></span> <span class='ocrx_word' id='word_1_728' title='bbox 1258 4967 1356 5007; x_wconf 89' lang='lat' dir='ltr'><strong>sua</strong></span> <span class='ocrx_word' id='word_1_729' title='bbox 1390 4968 1672 5026; x_wconf 61' lang='lat' dir='ltr'><strong>superet.»</strong></span> <span class='ocrx_word' id='word_1_730' title='bbox 1739 4958 2001 5012; x_wconf 82' lang='lat' dir='ltr'><strong>Animum</strong></span> 
     </span>
    </p>
   </div>
   <div class='ocr_carea' id='block_1_99' title="bbox 430 5030 2003 5105">
    <p class='ocr_par' dir='ltr' id='par_1_99' title="bbox 430 5030 2003 5105">
     <span class='ocr_line' id='line_1_99' title="bbox 430 5030 2003 5105; baseline 0.014 -24"><span class='ocrx_word' id='word_1_731' title='bbox 430 5030 591 5101; x_wconf 77' lang='lat' dir='ltr'><strong>igitur</strong></span> <span class='ocrx_word' id='word_1_732' title='bbox 618 5032 910 5091; x_wconf 81' lang='lat' dir='ltr'><strong>advertite.</strong></span> <span class='ocrx_word' id='word_1_733' title='bbox 952 5039 1219 5105; x_wconf 85' lang='lat' dir='ltr'><strong>Quantam</strong></span> <span class='ocrx_word' id='word_1_734' title='bbox 1273 5044 1379 5098; x_wconf 88' lang='lat' dir='ltr'><strong>sibi</strong></span> <span class='ocrx_word' id='word_1_735' title='bbox 1415 5049 1526 5101; x_wconf 88' lang='lat' dir='ltr'><strong>vim</strong></span> <span class='ocrx_word' id='word_1_736' title='bbox 1559 5035 1793 5101; x_wconf 77' lang='lat' dir='ltr'><strong>atl&#39;erant</strong></span> <span class='ocrx_word' id='word_1_737' title='bbox 1825 5049 2003 5103; x_wconf 87' lang='lat' dir='ltr'><strong>homi-</strong></span> 
     </span>
    </p>
   </div>
   <div class='ocr_carea' id='block_1_100' title="bbox 429 5123 2002 5209">
    <p class='ocr_par' dir='ltr' id='par_1_100' title="bbox 429 5123 2002 5209">
     <span class='ocr_line' id='line_1_100' title="bbox 429 5123 2002 5209; baseline 0.015 -36"><span class='ocrx_word' id='word_1_738' title='bbox 429 5138 528 5176; x_wconf 88' lang='lat' dir='ltr'><strong>nes</strong></span> <span class='ocrx_word' id='word_1_739' title='bbox 548 5123 582 5175; x_wconf 91' lang='lat' dir='ltr'><strong>ii</strong></span> <span class='ocrx_word' id='word_1_740' title='bbox 616 5127 709 5194; x_wconf 90' lang='lat' dir='ltr'><strong>qui</strong></span> <span class='ocrx_word' id='word_1_741' title='bbox 731 5125 873 5199; x_wconf 85' lang='lat' dir='ltr'><strong>frugi</strong></span> <span class='ocrx_word' id='word_1_742' title='bbox 898 5132 1123 5200; x_wconf 87' lang='lat' dir='ltr'><strong>quidem</strong></span> <span class='ocrx_word' id='word_1_743' title='bbox 1156 5150 1279 5189; x_wconf 88' lang='lat' dir='ltr'><strong>esse</strong></span> <span class='ocrx_word' id='word_1_744' title='bbox 1311 5138 1542 5205; x_wconf 90' lang='lat' dir='ltr'><strong>cupiunt</strong></span> <span class='ocrx_word' id='word_1_745' title='bbox 1576 5140 1852 5209; x_wconf 87' lang='lat' dir='ltr'><strong>vitamque</strong></span> <span class='ocrx_word' id='word_1_746' title='bbox 1900 5158 2002 5196; x_wconf 89' lang='lat' dir='ltr'><strong>an-</strong></span> 
     </span>
    </p>
   </div>
   <div class='ocr_carea' id='block_1_101' title="bbox 423 5214 1998 5298">
    <p class='ocr_par' dir='ltr' id='par_1_101' title="bbox 423 5214 1998 5298">
     <span class='ocr_line' id='line_1_101' title="bbox 423 5214 1998 5298; baseline 0.014 -34"><span class='ocrx_word' id='word_1_747' title='bbox 423 5214 655 5282; x_wconf 82' lang='lat' dir='ltr'><strong>gelicam</strong></span> <span class='ocrx_word' id='word_1_748' title='bbox 690 5218 913 5286; x_wconf 87' lang='lat' dir='ltr'><strong>imitari,</strong></span> <span class='ocrx_word' id='word_1_749' title='bbox 944 5238 1132 5277; x_wconf 86' lang='lat' dir='ltr'><strong>verum</strong></span> <span class='ocrx_word' id='word_1_750' title='bbox 1189 5226 1500 5281; x_wconf 78' lang='lat' dir='ltr'><strong>facultatem</strong></span> <span class='ocrx_word' id='word_1_751' title='bbox 1548 5238 1893 5298; x_wconf 87' lang='lat' dir='ltr'><strong>appetentem</strong></span> <span class='ocrx_word' id='word_1_752' title='bbox 1944 5234 1998 5295; x_wconf 82' lang='lat' dir='ltr'><strong>in</strong></span> 
     </span>
    </p>
   </div>
   <div class='ocr_carea' id='block_1_102' title="bbox 423 5305 2001 5394">
    <p class='ocr_par' dir='ltr' id='par_1_102' title="bbox 423 5305 2001 5394">
     <span class='ocr_line' id='line_1_102' title="bbox 423 5305 2001 5394; baseline 0.015 -37"><span class='ocrx_word' id='word_1_753' title='bbox 423 5319 485 5358; x_wconf 87' lang='lat' dir='ltr'><strong>se</strong></span> <span class='ocrx_word' id='word_1_754' title='bbox 522 5305 750 5362; x_wconf 78' lang='lat' dir='ltr'><strong>validam</strong></span> <span class='ocrx_word' id='word_1_755' title='bbox 774 5313 1018 5366; x_wconf 89' lang='lat' dir='ltr'><strong>sentiunt</strong></span> <span class='ocrx_word' id='word_1_756' title='bbox 1045 5315 1268 5381; x_wconf 84' lang='lat' dir='ltr'><strong>(etenim</strong></span> <span class='ocrx_word' id='word_1_757' title='bbox 1298 5326 1494 5371; x_wconf 87' lang='lat' dir='ltr'><strong>natura</strong></span> <span class='ocrx_word' id='word_1_758' title='bbox 1528 5324 1755 5389; x_wconf 88' lang='lat' dir='ltr'><strong>requirit</strong></span> <span class='ocrx_word' id='word_1_759' title='bbox 1786 5338 1851 5377; x_wconf 79' lang='lat' dir='ltr'><strong>ea</strong></span> <span class='ocrx_word' id='word_1_760' title='bbox 1879 5341 2001 5394; x_wconf 72' lang='lat' dir='ltr'><strong>qua:</strong></span> 
     </span>
    </p>
   </div>
   <div class='ocr_carea' id='block_1_103' title="bbox 425 5401 2003 5474">
    <p class='ocr_par' dir='ltr' id='par_1_103' title="bbox 425 5401 2003 5474">
     <span class='ocr_line' id='line_1_103' title="bbox 425 5401 2003 5474; baseline 0.014 -26"><span class='ocrx_word' id='word_1_761' title='bbox 425 5410 525 5449; x_wconf 78' lang='lat' dir='ltr'><strong>sua</strong></span> <span class='ocrx_word' id='word_1_762' title='bbox 554 5408 681 5449; x_wconf 90' lang='lat' dir='ltr'><strong>sunt</strong></span> <span class='ocrx_word' id='word_1_763' title='bbox 707 5415 722 5464; x_wconf 90' lang='lat'><strong>;</strong></span> <span class='ocrx_word' id='word_1_764' title='bbox 771 5401 929 5469; x_wconf 80' lang='lat' dir='ltr'><strong>cujus</strong></span> <span class='ocrx_word' id='word_1_765' title='bbox 977 5403 1243 5458; x_wconf 83' lang='lat' dir='ltr'><strong>voluntati</strong></span> <span class='ocrx_word' id='word_1_766' title='bbox 1272 5412 1437 5474; x_wconf 83' lang='lat' dir='ltr'><strong>atque</strong></span> <span class='ocrx_word' id='word_1_767' title='bbox 1473 5409 1715 5467; x_wconf 87' lang='lat' dir='ltr'><strong>motibus</strong></span> <span class='ocrx_word' id='word_1_768' title='bbox 1744 5412 2003 5470; x_wconf 80' lang='lat' dir='ltr'><strong>adversa-</strong></span> 
     </span>
    </p>
   </div>
   <div class='ocr_carea' id='block_1_104' title="bbox 430 5492 1998 5577">
    <p class='ocr_par' dir='ltr' id='par_1_104' title="bbox 430 5492 1998 5577">
     <span class='ocr_line' id='line_1_104' title="bbox 430 5492 1998 5577; baseline 0.014 -36"><span class='ocrx_word' id='word_1_769' title='bbox 430 5498 519 5546; x_wconf 89' lang='lat' dir='ltr'><strong>tur</strong></span> <span class='ocrx_word' id='word_1_770' title='bbox 547 5492 791 5560; x_wconf 77' lang='lat' dir='ltr'><strong>quisquis</strong></span> <span class='ocrx_word' id='word_1_771' title='bbox 838 5493 1003 5548; x_wconf 86' lang='lat' dir='ltr'><strong>vitam</strong></span> <span class='ocrx_word' id='word_1_772' title='bbox 1046 5510 1211 5568; x_wconf 85' lang='lat' dir='ltr'><strong>agere</strong></span> <span class='ocrx_word' id='word_1_773' title='bbox 1257 5508 1461 5554; x_wconf 84' lang='lat' dir='ltr'><strong>caslam</strong></span> <span class='ocrx_word' id='word_1_774' title='bbox 1492 5502 1775 5575; x_wconf 89' lang='lat' dir='ltr'><strong>instituit),</strong></span> <span class='ocrx_word' id='word_1_775' title='bbox 1805 5523 1998 5577; x_wconf 84' lang='lat' dir='ltr'><strong>quam-</strong></span> 
     </span>
    </p>
   </div>
   <div class='ocr_carea' id='block_1_105' title="bbox 440 5586 2003 5667">
    <p class='ocr_par' dir='ltr' id='par_1_105' title="bbox 440 5586 2003 5667">
     <span class='ocr_line' id='line_1_105' title="bbox 440 5586 2003 5667; baseline 0.013 -30"><span class='ocrx_word' id='word_1_776' title='bbox 440 5594 547 5637; x_wconf 64' lang='grc' dir='ltr'>συθ</span> <span class='ocrx_word' id='word_1_777' title='bbox 578 5586 710 5639; x_wconf 82' lang='lat' dir='ltr'><strong>adeo</strong></span> <span class='ocrx_word' id='word_1_778' title='bbox 734 5601 897 5655; x_wconf 77' lang='lat' dir='ltr'><strong>grave</strong></span> <span class='ocrx_word' id='word_1_779' title='bbox 925 5590 996 5645; x_wconf 82' lang='lat' dir='ltr'><strong>sit</strong></span> <span class='ocrx_word' id='word_1_780' title='bbox 1035 5606 1335 5663; x_wconf 81' lang='lat' dir='ltr'><strong>repugnare</strong></span> <span class='ocrx_word' id='word_1_781' title='bbox 1380 5604 1587 5653; x_wconf 74' lang='lat' dir='ltr'><strong>natura:</strong></span> <span class='ocrx_word' id='word_1_782' title='bbox 1629 5598 1787 5667; x_wconf 77' lang='lat' dir='ltr'><strong>velle,</strong></span> <span class='ocrx_word' id='word_1_783' title='bbox 1814 5602 1899 5654; x_wconf 91' lang='lat' dir='ltr'><strong>cui</strong></span> <span class='ocrx_word' id='word_1_784' title='bbox 1925 5616 2003 5658; x_wconf 82' lang='lat' dir='ltr'><strong>re-</strong></span> 
     </span>
    </p>
   </div>
   <div class='ocr_carea' id='block_1_106' title="bbox 2110 4688 3699 4774">
    <p class='ocr_par' dir='ltr' id='par_1_106' title="bbox 2110 4688 3699 4774">
     <span class='ocr_line' id='line_1_106' title="bbox 2110 4688 3699 4774; baseline 0.012 -33"><span class='ocrx_word' id='word_1_785' title='bbox 2110 4688 2167 4741; x_wconf 80' lang='grc' dir='ltr'><strong>δὲ</strong></span> <span class='ocrx_word' id='word_1_786' title='bbox 2192 4689 2275 4742; x_wconf 82' lang='grc' dir='ltr'><strong>δεῖ</strong></span> <span class='ocrx_word' id='word_1_787' title='bbox 2306 4694 2369 4762; x_wconf 83' lang='grc' dir='ltr'>τῇ</span> <span class='ocrx_word' id='word_1_788' title='bbox 2408 4692 2562 4761; x_wconf 75' lang='grc' dir='ltr'>φλογὶ</span> <span class='ocrx_word' id='word_1_789' title='bbox 2595 4697 2839 4761; x_wconf 82' lang='grc' dir='ltr'>πλείονος</span> <span class='ocrx_word' id='word_1_790' title='bbox 2876 4699 3028 4771; x_wconf 81' lang='grc' dir='ltr'>ὕλης,</span> <span class='ocrx_word' id='word_1_791' title='bbox 3068 4702 3143 4771; x_wconf 84' lang='grc' dir='ltr'>τῷ</span> <span class='ocrx_word' id='word_1_792' title='bbox 3175 4703 3349 4774; x_wconf 80' lang='grc' dir='ltr'>θηρῖῳ</span> <span class='ocrx_word' id='word_1_793' title='bbox 3376 4704 3699 4774; x_wconf 73' lang='grc' dir='ltr'>δαψιλεστέ-</span> 
     </span>
    </p>
   </div>
   <div class='ocr_carea' id='block_1_107' title="bbox 2113 4783 3699 4864">
    <p class='ocr_par' dir='ltr' id='par_1_107' title="bbox 2113 4783 3699 4864">
     <span class='ocr_line' id='line_1_107' title="bbox 2113 4783 3699 4864; baseline 0.016 -35"><span class='ocrx_word' id='word_1_794' title='bbox 2113 4796 2215 4847; x_wconf 84' lang='grc' dir='ltr'><strong>ρας</strong></span> <span class='ocrx_word' id='word_1_795' title='bbox 2239 4783 2485 4851; x_wconf 82' lang='grc' dir='ltr'>τροφῆς;</span> <span class='ocrx_word' id='word_1_796' title='bbox 2542 4785 2629 4840; x_wconf 85' lang='grc' dir='ltr'><strong>ἵνα</strong></span> <span class='ocrx_word' id='word_1_797' title='bbox 2663 4788 3031 4846; x_wconf 84' lang='grc' dir='ltr'>δυσκάθεκτον</span> <span class='ocrx_word' id='word_1_798' title='bbox 3070 4795 3296 4864; x_wconf 85' lang='grc' dir='ltr'>γένηται</span> <span class='ocrx_word' id='word_1_799' title='bbox 3342 4799 3436 4849; x_wconf 84' lang='grc' dir='ltr'>καὶ</span> <span class='ocrx_word' id='word_1_800' title='bbox 3474 4800 3567 4852; x_wconf 86' lang='grc' dir='ltr'><strong>τοῦ</strong></span> <span class='ocrx_word' id='word_1_801' title='bbox 3607 4801 3699 4854; x_wconf 69' lang='grc' dir='ltr'>λοι</span> 
     </span>
    </p>
   </div>
   <div class='ocr_carea' id='block_1_108' title="bbox 2111 4871 3694 4959">
    <p class='ocr_par' dir='ltr' id='par_1_108' title="bbox 2111 4871 3694 4959">
     <span class='ocr_line' id='line_1_108' title="bbox 2111 4871 3694 4959; baseline 0.016 -39"><span class='ocrx_word' id='word_1_802' title='bbox 2111 4871 2311 4940; x_wconf 85' lang='grc' dir='ltr'>γισμοῦ</span> <span class='ocrx_word' id='word_1_803' title='bbox 2371 4874 2703 4948; x_wconf 85' lang='grc' dir='ltr'>βιαιότερον.</span> <span class='ocrx_word' id='word_1_804' title='bbox 2752 4899 2773 4934; x_wconf 71' lang='grc' dir='ltr'><strong>ι</strong></span> <span class='ocrx_word' id='word_1_805' title='bbox 2812 4884 3054 4957; x_wconf 83' lang='grc' dir='ltr'>Πρόσεχε</span> <span class='ocrx_word' id='word_1_806' title='bbox 3108 4886 3202 4943; x_wconf 85' lang='grc' dir='ltr'><strong>οῦν</strong></span> <span class='ocrx_word' id='word_1_807' title='bbox 3255 4890 3356 4943; x_wconf 85' lang='grc' dir='ltr'>ὅσα</span> <span class='ocrx_word' id='word_1_808' title='bbox 3408 4890 3694 4959; x_wconf 74' lang='grc' dir='ltr'>βιάζουσιν</span> 
     </span>
    </p>
   </div>
   <div class='ocr_carea' id='block_1_109' title="bbox 2110 4962 3693 5052">
    <p class='ocr_par' dir='ltr' id='par_1_109' title="bbox 2110 4962 3693 5052">
     <span class='ocr_line' id='line_1_109' title="bbox 2110 4962 3693 5052; baseline 0.016 -39"><span class='ocrx_word' id='word_1_809' title='bbox 2110 4962 2336 5027; x_wconf 79' lang='grc' dir='ltr'>ἑαυτοὺς</span> <span class='ocrx_word' id='word_1_810' title='bbox 2364 4968 2413 5020; x_wconf 78' lang='lat' dir='ltr'><strong>ot</strong></span> <span class='ocrx_word' id='word_1_811' title='bbox 2459 4967 2702 5035; x_wconf 80' lang='grc' dir='ltr'>θέλοντες</span> <span class='ocrx_word' id='word_1_812' title='bbox 2746 4980 2849 5043; x_wconf 77' lang='grc' dir='ltr'><strong>μὲν</strong></span> <span class='ocrx_word' id='word_1_813' title='bbox 2904 4984 3229 5050; x_wconf 72' lang='grc' dir='ltr'>σωφρονεῖν,</span> <span class='ocrx_word' id='word_1_814' title='bbox 3272 4982 3492 5052; x_wconf 75' lang='grc' dir='ltr'>ἔχοντες</span> <span class='ocrx_word' id='word_1_815' title='bbox 3537 4985 3595 5037; x_wconf 78' lang='grc' dir='ltr'><strong>δὲ</strong></span> <span class='ocrx_word' id='word_1_816' title='bbox 3629 4986 3693 5038; x_wconf 66' lang='grc' dir='ltr'>τὸ</span> 
     </span>
    </p>
   </div>
   <div class='ocr_carea' id='block_1_110' title="bbox 2109 5054 3691 5146">
    <p class='ocr_par' dir='ltr' id='par_1_110' title="bbox 2109 5054 3691 5146">
     <span class='ocr_line' id='line_1_110' title="bbox 2109 5054 3691 5146; baseline 0.025 -43"><span class='ocrx_word' id='word_1_817' title='bbox 2109 5054 2505 5146; x_wconf 65' lang='grc' dir='ltr'>ἐπιθυμητικὸν</span> <span class='ocrx_word' id='word_1_818' title='bbox 2549 5062 2768 5135; x_wconf 82' lang='grc' dir='ltr'>ἰσχυρόν</span> <span class='ocrx_word' id='word_1_819' title='bbox 2789 5081 2804 5095; x_wconf 88' lang='grc'><strong>·</strong></span> <span class='ocrx_word' id='word_1_820' title='bbox 2844 5069 2877 5137; x_wconf 77' lang='grc' dir='ltr'><strong>ἡ</strong></span> <span class='ocrx_word' id='word_1_821' title='bbox 2914 5071 3014 5135; x_wconf 82' lang='grc' dir='ltr'><strong>μὲν</strong></span> <span class='ocrx_word' id='word_1_822' title='bbox 3041 5074 3148 5142; x_wconf 76' lang='grc' dir='ltr'><strong>γάρ</strong></span> <span class='ocrx_word' id='word_1_823' title='bbox 3193 5074 3353 5143; x_wconf 76' lang='grc' dir='ltr'>φύσις</span> <span class='ocrx_word' id='word_1_824' title='bbox 3386 5076 3453 5128; x_wconf 80' lang='grc' dir='ltr'><strong>τὰ</strong></span> <span class='ocrx_word' id='word_1_825' title='bbox 3483 5076 3691 5146; x_wconf 73' lang='grc' dir='ltr'><strong>ἑαυτῆς</strong></span> 
     </span>
    </p>
   </div>
   <div class='ocr_carea' id='block_1_111' title="bbox 2108 5145 3689 5237">
    <p class='ocr_par' dir='ltr' id='par_1_111' title="bbox 2108 5145 3689 5237">
     <span class='ocr_line' id='line_1_111' title="bbox 2108 5145 3689 5237; baseline 0.017 -41"><span class='ocrx_word' id='word_1_826' title='bbox 2108 5145 2165 5211; x_wconf 78' lang='grc' dir='ltr'>ἐξ</span> <span class='ocrx_word' id='word_1_827' title='bbox 2192 5148 2436 5221; x_wconf 81' lang='grc' dir='ltr'>ἀνάγκης</span> <span class='ocrx_word' id='word_1_828' title='bbox 2465 5153 2733 5225; x_wconf 77' lang='grc' dir='ltr'>ἐπιζητεῖ,</span> <span class='ocrx_word' id='word_1_829' title='bbox 2759 5161 2788 5212; x_wconf 90' lang='grc' dir='ltr'><strong>ὀ</strong></span> <span class='ocrx_word' id='word_1_830' title='bbox 2823 5160 2880 5215; x_wconf 86' lang='grc' dir='ltr'><strong>δὲ</strong></span> <span class='ocrx_word' id='word_1_831' title='bbox 2920 5163 3172 5230; x_wconf 82' lang='grc' dir='ltr'>ἁγνεύειν</span> <span class='ocrx_word' id='word_1_832' title='bbox 3207 5167 3533 5237; x_wconf 70' lang='grc' dir='ltr'>αἱρούμενος</span> <span class='ocrx_word' id='word_1_833' title='bbox 3570 5145 3689 5231; x_wconf 66' lang='lat' dir='ltr'><strong>toi;</strong></span> 
     </span>
    </p>
   </div>
   <div class='ocr_carea' id='block_1_112' title="bbox 2110 5237 3691 5329">
    <p class='ocr_par' dir='ltr' id='par_1_112' title="bbox 2110 5237 3691 5329">
     <span class='ocr_line' id='line_1_112' title="bbox 2110 5237 3691 5329; baseline 0.017 -41"><span class='ocrx_word' id='word_1_834' title='bbox 2110 5237 2237 5308; x_wconf 87' lang='grc' dir='ltr'>θελή</span> <span class='ocrx_word' id='word_1_835' title='bbox 2248 5259 2380 5310; x_wconf 81' lang='grc' dir='ltr'>μασι</span> <span class='ocrx_word' id='word_1_836' title='bbox 2410 5245 2508 5315; x_wconf 87' lang='grc' dir='ltr'>τῆς</span> <span class='ocrx_word' id='word_1_837' title='bbox 2543 5249 2746 5319; x_wconf 72' lang='grc' dir='ltr'>σαρκὸς</span> <span class='ocrx_word' id='word_1_838' title='bbox 2774 5252 3090 5309; x_wconf 83' lang='grc' dir='ltr'>ἀντιπίπτει</span> <span class='ocrx_word' id='word_1_839' title='bbox 3120 5259 3215 5311; x_wconf 69' lang='grc' dir='ltr'>καὶ</span> <span class='ocrx_word' id='word_1_840' title='bbox 3244 5257 3361 5328; x_wconf 86' lang='grc' dir='ltr'>βίον</span> <span class='ocrx_word' id='word_1_841' title='bbox 3394 5260 3691 5329; x_wconf 74' lang='grc' dir='ltr'>άγγελικὸν</span> 
     </span>
    </p>
   </div>
   <div class='ocr_carea' id='block_1_113' title="bbox 2112 5332 3690 5419">
    <p class='ocr_par' dir='ltr' id='par_1_113' title="bbox 2112 5332 3690 5419">
     <span class='ocr_line' id='line_1_113' title="bbox 2112 5332 3690 5419; baseline 0.016 -40"><span class='ocrx_word' id='word_1_842' title='bbox 2112 5332 2400 5398; x_wconf 76' lang='grc' dir='ltr'>μιμεῖσθαι</span> <span class='ocrx_word' id='word_1_843' title='bbox 2432 5336 2746 5402; x_wconf 83' lang='grc' dir='ltr'>φιλονεικεῖ.</span> <span class='ocrx_word' id='word_1_844' title='bbox 2774 5342 2939 5397; x_wconf 87' lang='grc' dir='ltr'>Ὅσον</span> <span class='ocrx_word' id='word_1_845' title='bbox 2976 5345 3033 5398; x_wconf 76' lang='grc' dir='ltr'><strong>δὲ</strong></span> <span class='ocrx_word' id='word_1_846' title='bbox 3080 5347 3224 5418; x_wconf 65' lang='grc' dir='ltr'>βαρὺ</span> <span class='ocrx_word' id='word_1_847' title='bbox 3254 5350 3314 5400; x_wconf 80' lang='grc' dir='ltr'>τὸ</span> <span class='ocrx_word' id='word_1_848' title='bbox 3345 5350 3480 5416; x_wconf 66' lang='grc' dir='ltr'>πρὸς</span> <span class='ocrx_word' id='word_1_849' title='bbox 3516 5348 3690 5419; x_wconf 77' lang='grc' dir='ltr'>φύσιν</span> 
     </span>
    </p>
   </div>
   <div class='ocr_carea' id='block_1_114' title="bbox 2110 5419 3690 5508">
    <p class='ocr_par' dir='ltr' id='par_1_114' title="bbox 2110 5419 3690 5508">
     <span class='ocr_line' id='line_1_114' title="bbox 2110 5419 3690 5508; baseline 0.015 -36"><span class='ocrx_word' id='word_1_850' title='bbox 2110 5419 2402 5491; x_wconf 74' lang='grc' dir='ltr'>μάχεσθαι,</span> <span class='ocrx_word' id='word_1_851' title='bbox 2437 5428 2529 5479; x_wconf 75' lang='grc' dir='ltr'>καὶ</span> <span class='ocrx_word' id='word_1_852' title='bbox 2555 5424 2666 5482; x_wconf 77' lang='grc' dir='ltr'>οἷον</span> <span class='ocrx_word' id='word_1_853' title='bbox 2693 5432 2943 5489; x_wconf 78' lang='grc' dir='ltr'>ἐντεῦθεν</span> <span class='ocrx_word' id='word_1_854' title='bbox 2973 5435 3034 5489; x_wconf 83' lang='grc' dir='ltr'>τὸ</span> <span class='ocrx_word' id='word_1_855' title='bbox 3057 5437 3313 5505; x_wconf 74' lang='grc' dir='ltr'>ἔπαθλον,</span> <span class='ocrx_word' id='word_1_856' title='bbox 3352 5442 3381 5493; x_wconf 85' lang='grc' dir='ltr'>ὀ</span> <span class='ocrx_word' id='word_1_857' title='bbox 3415 5441 3513 5508; x_wconf 80' lang='grc' dir='ltr'>τῆς</span> <span class='ocrx_word' id='word_1_858' title='bbox 3556 5440 3690 5492; x_wconf 74' lang='grc' dir='ltr'>Κλί.</span> 
     </span>
    </p>
   </div>
   <div class='ocr_carea' id='block_1_115' title="bbox 2112 5515 3683 5600">
    <p class='ocr_par' dir='ltr' id='par_1_115' title="bbox 2112 5515 3683 5600">
     <span class='ocr_line' id='line_1_115' title="bbox 2112 5515 3683 5600; baseline 0.005 -24"><span class='ocrx_word' id='word_1_859' title='bbox 2112 5529 2286 5580; x_wconf 78' lang='grc' dir='ltr'>μακος</span> <span class='ocrx_word' id='word_1_860' title='bbox 2324 5515 2576 5588; x_wconf 81' lang='grc' dir='ltr'>Ἰωάννης</span> <span class='ocrx_word' id='word_1_861' title='bbox 2597 5523 2625 5573; x_wconf 87' lang='grc' dir='ltr'>ὁ</span> <span class='ocrx_word' id='word_1_862' title='bbox 2652 5522 2954 5591; x_wconf 84' lang='grc' dir='ltr'>ἁγιώτατος</span> <span class='ocrx_word' id='word_1_863' title='bbox 2983 5530 3247 5600; x_wconf 71' lang='grc' dir='ltr'>ἐδήλωσεν</span> <span class='ocrx_word' id='word_1_864' title='bbox 3272 5532 3444 5595; x_wconf 77' lang='grc' dir='ltr'>οὕτως</span> <span class='ocrx_word' id='word_1_865' title='bbox 3475 5531 3648 5584; x_wconf 81' lang='grc' dir='ltr'>εἰπών</span> <span class='ocrx_word' id='word_1_866' title='bbox 3665 5545 3683 5561; x_wconf 83' lang='grc'><strong>⁸</strong></span> 
     </span>
    </p>
   </div>
   <div class='ocr_carea' id='block_1_116' title="bbox 2120 5604 3688 5696">
    <p class='ocr_par' dir='ltr' id='par_1_116' title="bbox 2120 5604 3688 5696">
     <span class='ocr_line' id='line_1_116' title="bbox 2120 5604 3688 5696; baseline 0.014 -41"><span class='ocrx_word' id='word_1_867' title='bbox 2120 5624 2138 5655; x_wconf 84' lang='grc' dir='ltr'><strong>ι</strong></span> <span class='ocrx_word' id='word_1_868' title='bbox 2187 5604 2245 5657; x_wconf 84' lang='grc'><strong>⁸0</strong></span> <span class='ocrx_word' id='word_1_869' title='bbox 2306 5607 2464 5677; x_wconf 78' lang='grc' dir='ltr'>σῶμα</span> <span class='ocrx_word' id='word_1_870' title='bbox 2515 5612 2743 5682; x_wconf 81' lang='grc' dir='ltr'>νικήσας</span> <span class='ocrx_word' id='word_1_871' title='bbox 2788 5617 2949 5686; x_wconf 86' lang='grc' dir='ltr'>φύσιν</span> <span class='ocrx_word' id='word_1_872' title='bbox 3004 5622 3283 5694; x_wconf 68' lang='grc' dir='ltr'>ὲνίκησιντ</span> <span class='ocrx_word' id='word_1_873' title='bbox 3344 5626 3373 5677; x_wconf 82' lang='grc' dir='ltr'><strong>ὁ</strong></span> <span class='ocrx_word' id='word_1_874' title='bbox 3423 5624 3478 5677; x_wconf 76' lang='grc' dir='ltr'><strong>δὲ</strong></span> <span class='ocrx_word' id='word_1_875' title='bbox 3519 5624 3688 5696; x_wconf 73' lang='grc' dir='ltr'>φύσιν</span> 
     </span>
    </p>
   </div>
  </div>
