4062 6186
298 303 388 376 2%

1575 305 1976 369 AxNALtuu
2029 302 2223 370 ntus
2267 300 2314 372 ῐ.

3445 300 3550 373 2Ξῦ

299 423 524 492 νικήσας
564 421 706 491 ὑπὲρ
739 421 900 490 φύσιν
931 421 1148 488 ἐγένετο
1172 436 1186 452 ο
1227 421 1255 472 ὁ
1288 418 1343 472 δὲ
1384 418 1544 472 τοῦτο
1574 419 1866 488 γενόμενος

1981 419 2210 486 spondet
2257 419 2427 487 ipsius
2490 419 2652 470 etiam
2705 422 2911 489 prmuii
2965 421 3296 492 magnitudo,
3334 433 3552 481 Sﬂllt‘tug'

296 512 472 583 βραχύ
529 531 582 566 τι
641 515 771 582 παρ’
826 514 1092 582 ἀγγέλους
1119 513 1448 583 ἠλάττωται,
1485 513 1571 565 ἵνα
1625 514 1698 582 μὴ
1731 511 1880 578 λέγω

299 603 490 670 μηδέν.
536 621 555 654 ι
610 602 851 674 Πρόσεχε
883 602 939 655 δὲ
992 603 1070 654 ὄτι
1123 602 1218 654 καὶ
1254 601 1460 672 σφόδρα
1506 598 1879 670 βαρυαλγοῦσι

293 696 385 747 καὶ
414 695 674 762 ἄχθονται
704 696 758 747 οἱ
800 695 1043 756 θέλοντες
1086 695 1187 762 μὲν
1226 694 1546 762 σωφρονεῖν,
1574 692 1788 759 ἔχοντες
1821 689 1879 742 δὲ

292 787 352 837 τὸ
393 785 799 854 ἐπιθυμητικὸν
834 787 1053 854 ἰσχυρὸν
1102 783 1424 852 πολυπληθῆ
1461 800 1515 834 τε
1560 782 1657 851 τὴν
1688 781 1875 849 γονὴν,

295 878 433 946 πρὸς
470 877 652 941 ἔξοδον
682 877 769 928 ἀεὶ
793 876 1156 945 ἐπειγομένου
1182 875 1271 927 τοῦ
1305 873 1645 944 ἐνοχλοῦντος
1669 874 1875 934 αὐτοῖς·

297 974 387 1024 καὶ
420 971 494 1039 μὴ
539 975 683 1022 κατὰ
723 987 775 1022 τι
804 970 1131 1038 ἁμφὶὄαλλε.
1165 971 1226 1022 Εἰ
1262 970 1368 1037 γὰρ
1395 971 1422 1020 ὁ
1457 970 1714 1037 Διογένης
1740 969 1879 1020 ἐκεί-

296 1079 380 1124 νος
419 1062 447 1114 ὁ
473 1063 734 1128 Κυνικὸς,
766 1061 824 1114 τὸ
856 1062 956 1129 τῆς-
1009 1063 1225 1127 φύσεως
1273 1061 1435 1131 βάρος
1474 1062 1574 1112 οὐκ
1615 1058 1874 1124 ἐνεγκὼν,

294 1156 385 1204 καὶ
413 1154 589 1206 ταῦτα
620 1153 872 1205 τοσοῦτον
902 1153 1343 1215 ἁσκητικώτατος
1381 1151 1480 1214 ὢν,
1509 1154 1740 1220 γυναῖκα
1775 1151 1874 1220 ζη-

291 1226 712 1314 τῆσαιίὶεγεται
744 1245 885 1298 ὥστε
942 1244 1002 1296 τὸ
1045 1244 1276 1314 βαρῦνον
1333 1244 1634 1306 ἀποθέσθαι
1677 1244 1771 1297 καὶ⁴
1815 1244 1875 1295 τὸ

293 1331 485 1385 ἑαυτοῦ
519 1333 680 1400 σῶμα
711 1331 990 1401 κουφίσαι,
1034 1334 1086 1384 τί
1125 1331 1230 1404 χρὴ
1262 1335 1356 1383 καί¹
1387 1331 1566 1399 λέγειν
1591 1333 1714 1386 ὅσον
1741 1333 1874 1384 ὐπο-

296 1418 519 1489 μένουσι
547 1422 799 1490 κάματον
824 1422 874 1474 οἱ
903 1409 1133 1491 σφοδρὸν
1165 1423 1282 1492 μὲν,
1311 1421 1384 1485 ὡς
1412 1423 1652 1492 εἴρηται,
1676 1423 1873 1491 λαχόν-

291 1529 378 1573 τες
406 1511 468 1562 τὺ
509 1513 998 1582 ἐπιθυμητικὶν,ἐν
1027 1513 1216 1584 ἁγνείᾳ
1243 1513 1297 1565 δὲ
1328 1514 1620 1582 φυλάσσειν
1647 1515 1872 1576 ἑαυτοὺς

289 1603 776 1674 προθυμούμενοι;
824 1604 1140 1668 Ἐντεῦθεν,
1200 1605 1482 1674 ἀγαπητὲ,
1543 1605 1652 1657 τῶν
1709 1605 1872 1658 ὁσίων

289 1691 464 1782 τινὲςι
510 1693 597 1744 ἶνα
627 1694 728 1763 τὴν
767 1695 1002 1763 φυσικὴν
1061 1695 1406 1748 ἁποσϐἐσωσι
1457 1695 1724 1763 πύρωσιν,
1777 1696 1865 1746 καὶ

1984 508 2074 560 ille
2116 508 2195 560 \ir
2223 507 2460 561 Joannes
2495 520 2686 562 auctor
2709 511 2868 564 scala:
2896 513 3044 576 hisce
3067 513 3248 568 verbis
3273 513 3548 568 declarat:

1991 598 2118 663 «Qui
2181 615 2382 670 corpus
2430 600 2580 661 vicit,
2630 611 2881 656 naturam
2931 604 3099 670 vicit;
3152 606 3243 674 qui
3299 615 3549 661 naturam

1984 688 2136 753 vicit,
2165 706 2328 759 supra
2377 703 2625 744 naturam
2672 703 2848 748 semet
2882 695 3113 762 extulit;
3148 697 3251 750 hoc
3287 699 3380 763 qui
3419 715 3551 753 con:

1987 793 2213 834 secutus
2266 789 2368 846 est,
2401 786 2620 853 paulmn
2655 787 2863 856 angelis
2893 800 2975 841 est
3005 787 3253 855 inferior,
3299 806 3366 844 ne
3417 785 3550 846 nihiI

1984 872 2054 925 ab
2095 874 2160 926 iis
2183 875 2400 928 diflerre
2431 877 2630 930 dicam.
2659 897 2675 927 ›
2715 879 2981 934 Nimirum
3011 887 3147 936 scito
3171 886 3421 954 gravibus
3458 903 3550 939 eos

1983 964 2244 1016 molestiis
2284 981 2456 1033 premi
2491 968 2580 1034 qui
2625 969 2758 1020 casti
2833 984 2954 1023 esse
3000 974 3356 1038 desiderant,
3421 992 3544 1030 cum

1978 1055 2277 1122 appetitum
2316 1057 2367 1108 in
2434 1073 2492 1109 se
2540 1057 2734 1111 fortem
2787 1063 3139 1130 experiantur
3188 1078 3240 1119 et
3285 1071 3470 1135 genitu
3504 1077 3550 1123 at

1979 1159 2226 1213 magnam
2256 1148 2492 1214 copiam,
2525 1165 2643 1218 qua:
2687 1155 2888 1221 negotii
2924 1157 3220 1223 plurimum
3256 1161 3336 1212 eis
3369 1163 3546 1216 faces.

1979 1235 2047 1287 sit
2094 1253 2158 1288 ac
2212 1253 2488 1305 nunquam
2541 1256 2676 1303 non,
2724 1253 2782 1295 ut
2831 1249 3129 1310 emittatur,
3181 1261 3356 1318 urget.
3405 1239 3549 1304 NiliiI

1979 1323 2045 1377 de
2077 1322 2177 1376 hoc
2208 1327 2616 1392 ambigendum.
2677 1332 2890 1400 Quippe
2921 1334 2962 1387 si
3016 1333 3284 1407 Diogenes
3323 1340 3410 1393 ille
3444 1340 3549 1410 Cy:

1978 1413 2158 1475 nit-bs,
2216 1433 2338 1469 cum
2395 1430 2531 1472 Onus
2579 1421 2704 1474 illud
2761 1435 2970 1479 natur-te
3020 1432 3271 1497 nequiret
3315 1433 3549 1500 amplius

1978 1505 2144 1573 ferre,
2177 1506 2338 1562 hoino
2371 1512 2650 1581 perpetuis
2677 1525 2732 1567 et
2780 1519 3028 1571 maximis
3067 1515 3549 1578 exercitationibus

1975 1599 2040 1666 ad
2063 1600 2447 1655 abstinentiam
2472 1607 2915 1673 condocel'aetus,
2949 1612 3228 1667 mulierem
3256 1615 3550 1684 aliquando

1973 1690 2234 1760 quaesisse
2260 1692 2602 1760 perhibetur,
2631 1712 2740 1766 quo
2775 1715 2886 1753 rem
2920 1704 3199 1757 molestam
3233 1706 3334 1759 sibi
3375 1707 3548 1777 depo-'

291 1781 490 1852 γυμνοὶ
516 1783 574 1836 τὸ
610 1785 767 1854 σῶμα
797 1785 960 1852 μέσον
992 1781 1201 1838 ὑδάτων
1231 1785 1650 1854 διημερεύοντες
1682 1782 1866 1852 ὤφθη-

1975 1792 2124 1834 nerct
2156 1791 2210 1834 et
2240 1797 2437 1852 corpus
2465 1801 2630 1842 onere
2667 1790 2808 1843 velut
2841 1809 3074 1848 excusso
3107 1797 3332 1859 levaret,
3370 1816 3544 1869 quan-

292 1891 414 1926 σαν.
443 1875 648 1943 Μηδεὶς
691 1875 878 1928 λοιπὸν
917 1874 1005 1929 ἐπὶ
1040 1875 1208 1944 μέσου
1250 1874 1608 1944 προσφερέτω
1645 1875 1742 1944 τὴν
1775 1875 1869 1940 γέ-

291 1983 461 2032 νεσιν,
510 1966 701 2035 μηδεὶς
726 1968 824 2019 οὐκ
871 1966 1108 2034 ἀγαθοὺς
1153 1967 1402 2036 ἀστέρων
1443 1966 1868 2035 προφασιζέσθω

293 2058 734 2125 σχηματισμούς.
779 2057 1050 2126 ’Δστέρων
1097 2056 1196 2124 μὲν
1236 2057 1345 2126 γὰρ
1383 2058 1650 2124 κινήσεις,
1679 2057 1868 2108 ἀνατο-

290 2145 384 2207 li;
431 2147 531 2198 καὶ
587 2145 774 2208 δύσεις
830 2145 1030 2206 αὐτῶν,
1073 2148 1185 2206 τοῖς
1226 2146 1572 2215 προσήκουσι
1623 2143 1866 2211 γίνεσθαι

292 2240 500 2306 καιροῖς
540 2235 894 2306 ᾡκονόμησεν
935 2239 961 2288 ὁ
998 2237 1177 2305 σοφῶς
1215 2236 1284 2288 τὰ
1330 2237 1506 2289 πάντα
1551 2235 1864 2298 διευθετῶν,

290 2330 359 2393 ὠς
387 2329 640 2384 ἐντεῦθεν
671 2331 830 2399 ἀέρος
869 2328 1354 2398 μετατρεπομένου
1403 2329 1496 2381 καὶ
1523 2329 1743 2397 ὄμϐρων
1767 2342 1868 2377 κα-

231 2439 238 2446 θ
290 2421 758 2492 ταρῤηγνυμένων
799 2419 1071 2489 εὐκαίρως
1125 2418 1387 2484 αὔξεσθαι
1436 2419 1502 2471 τὰ
1563 2419 1724 2484 φυτά.
1764 2417 1871 2470 Καὶ

289 2515 395 2580 γὰρ
423 2513 537 2564 τῶν
566 2511 786 2580 τροφῶν
817 2511 889 2573 ὡς
937 2513 992 2563 ὲν
1021 2510 1205 2574 κύκλῳ
1233 2509 1494 2577 διηνεκῶς
1529 2511 1872 2579 χορηγουμέ-

291 2621 399 2655 νων
430 2601 729 2670 hauriri];
752 2602 847 2654 καὶ
877 2604 912 2671 ’ἡ
953 2601 1062 2655 τῶν
1094 2601 1556 2670 προσφερομένων
1583 2601 1705 2660 τοὺς
1732 2616 1870 2670 καρο

294 2695 431 2756 ποὺς
473 2694 724 2761 διαμένει
751 2693 931 2760 φύσις,
961 2691 1035 2754 ὡς
1065 2691 1413 2759 εὑρίσκεσθαι
1447 2691 1546 2760 μὲν
1583 2691 1762 2742 ἐκεῖνα
1785 2691 1873 2743 διὰ

288 2787 408 2845 τοὺς
434 2786 704 2852 καρποὺς,
725 2787 847 2846 τοὺς
865 2785 920 2835 δὲ
938 2783 1183 2854 καρποὺς
1200 2783 1288 2836 διὰ
1309 2783 1376 2835 τὰ
1403 2781 1517 2844 ζῶα
1537 2785 1631 2836 καὶ
1659 2783 1749 2835 τὸν
1780 2784 1871 2836 ἄν-

301 2875 626 2945 θρωπον.οὺ
652 2873 871 2943 γνώμας
891 2874 1080 2927 λοιπὸν
1101 2877 1146 2926 oi
1172 2876 1398 2942 ἀστέρες
1421 2873 1871 2942 μετατρέπουσιν,

299 2963 416 3014 οὐδὲ
443 2964 700 3033 meai-.59
725 2981 774 3015 τι
795 2963 1132 3032 ἀνδράποδον
1156 2964 1246 3017 τὸν
1268 2965 1386 3016 κατ’
1412 2965 1590 3016 εἰκόνα
1615 2963 1750 3015 Θεοῦ
1783 2979 1875 3015 πε-

290 3056 513 3124 ριάγουσ
525 3073 570 3105 ιν
586 3055 684 3108 ἄνθ
690 3055 1033 3126 ρωπον.υὺδὲ
1051 3058 1118 3123 vi
1125 3073 1156 3126 ρ
1169 3056 1248 3117 εἰς
1260 3055 1507 3108 τοσοῦτον
1521 3057 1586 3110 ἂν
1606 3055 1874 3126 εὑρεθεῖεν

1979 1879 2092 1924 tum
2132 1871 2253 1926 illos
2291 1877 2562 1930 sustinere
2593 1878 2794 1934 laboris
2825 1893 2989 1952 atque
3020 1888 3389 1941 molestiarum
3428 1892 3545 1944 exi-

1971 1959 2308 2018 stimandum
2334 1975 2437 2030 est,
2475 1968 2526 2020 in
2565 1971 2766 2037 quibus
2815 1989 2844 2027 a
2886 1985 3076 2030 natura
3121 1979 3418 2033 vehemens
3463 1981 3548 2036 est

1970 2052 2240 2120 appetitus
2267 2053 2522 2122 impetus,
2552 2072 2676 2137 eum
2711 2060 3062 2118 nihilominus
3099 2081 3315 2120 servare
3339 2070 3546 2140 seipsos

1973 2142 2028 2194 in
2056 2144 2396 2199 continentia
2433 2146 2646 2203 velint?
2709 2155 2888 2222 Atque
2918 2156 3057 2208 hanc
3081 2157 3150 2211 ob
3185 2174 3428 2226 causam,
3459 2165 3545 2214 di-

1973 2231 2113 2286 lecte
2142 2234 2239 2299 liii,
2294 2236 2516 2304 quidam
2569 2240 2672 2293 viri
2725 2243 2966 2313 religiosi
3016 2247 3174 2299 nudis
3211 2251 3543 2318 corporibus

1973 2334 2116 2379 totos
2141 2325 2260 2381 dies
2289 2329 2342 2382 in
2371 2331 2580 2385 medias
2610 2349 2786 2401 aquas
2814 2351 2988 2388 semet
3019 2339 3288 2408 abjecisse
3323 2344 3546 2398 tt'adun-'

1977 2428 2084 2480 tur,
2111 2433 2216 2486 quo
2245 2419 2726 2477 inflammationem
2756 2436 2811 2478 et
2843 2439 3034 2483 aestum
3073 2430 3223 2485 illum
3259 2433 3416 2503 113
3447 2452 3547 2488 na-

1976 2509 2204 2563 turalem
2244 2513 2673 2583 restinguerent.
2719 2517 2905 2586 Itaque
2941 2535 3102 2572 nemo
3134 2523 3360 2588 posthac
3409 2527 3541 2578 tati-

1976 2600 2199 2654 vitatem
2231 2617 2384 2656 suam
2422 2608 2476 2658 iit
2519 2608 2758 2662 medium
2795 2609 3058 2678 proferat,
3105 2628 3269 2666 nemo
3299 2614 3545 2685 inausiti-

1975 2703 2127 2745 catos
2161 2693 2406 2748 siderum
2452 2699 2666 2766 positus
2709 2707 2762 2752 et
2805 2701 2966 2755 inter.
2991 2718 3048 2756 se
3083 2704 3546 2762 conformationes

1975 2795 2256 2837 causetur.
2287 2785 2420 2840 Nam
2447 2790 2666 2858 sapiens
2701 2791 2789 2845 ille
2823 2792 3128 2848 Moderator
3165 2797 3544 2855 universorum

1979 2875 2238 2942 pra-claro
2272 2878 2501 2932 consilio
2529 2879 2786 2947 instituit,
2820 2893 2876 2936 ut
2901 2887 3016 2938 suis
3041 2891 3380 2957 temporibus
3408 2893 3541 2947 rerti

1977 2963 2215 3017 sitleiutn
2250 2975 2450 3032 motus,
2481 2976 2654 3034 ortus,
2692 2985 2916 3025 occasus
2951 2977 3226 3042 eveniant,
3264 2998 3370 3048 quo
3390 2999 3542 3038 com-

1979 3065 2190 3108 mutato
2221 3072 2316 3124 per
2340 3057 2436 3110 has
2465 3074 2656 3112 causas
2685 3075 2811 3114 aere
2839 3061 3142 3133 pluviisque
3168 3069 3542 3125 delabentihus

286 3146 483 3210 ἄδικοι,
516 3149 643 3209 τοὺς
678 3145 776 3216 μὲν
813 3149 1034 3216 μοιχοὺς
1092 3147 1390 3211 ποιοῦντες,
1418 3149 1542 3210 τοὺς
1574 3147 1630 3201 δὲ
1673 3149 1864 3216 φονέας

1977 3146 2173 3214 planta:
2201 3147 2605 3201 incrementum
2633 3154 2918 3206 commode
2954 3169 3192 3213 sumant.
3227 3161 3359 3214 Cum
3396 3165 3539 3217 enim

285 3239 378 3289 καὶ
394 3238 681 3307 ἅρπαγας.
722 3236 882 3291 Ἀλλὰ
905 3240 996 3290 καὶ
1022 3237 1126 3307 πρὸ
1153 3239 1257 3288 τῶν
1287 3237 1528 3306 ἀστέρων
1556 3240 1583 3290 ὁ
1605 3237 1862 3307 δημιουρ-

285 3328 380 3395 γὸς
410 3328 593 3382 αὐτῶν
619 3328 715 3398 τὴν
736 3331 916 3382 αἰτίαν
937 3329 1292 3398 ἀποφέρεται,
1314 3329 1471 3397 εἴπερ
1491 3327 1711 3380 τοιαῦτα
1735 3343 1866 3380 κοιτ-

285 3421 590 3472 ισκεύασεν
610 3419 645 3472 ἃ
664 3421 762 3488 τὴν
786 3420 1048 3488 ἐπιφορὰν
1067 3423 1096 3488 ἡ
1109 3423 1198 3488 μιν
1219 3419 1274 3482 ἐξ
1293 3419 1532 3487 ἀνάγκης
1554 3419 1662 3470 τῶν
1679 3417 1864 3470 κακῶν

285 3511 591 3582 ἐπιτίθησι,
607 3511 748 3564 καθὰ
767 3512 828 3580 δὴ
847 3513 941 3562 καὶ
961 3511 1091 3580 πρὸς
1107 3509 1346 3562 Φαῦστον
1365 3512 1391 3560 ὁ
1410 3512 1696 3578 κορυφαῖος
1715 3509 1863 3576 ἔλεγε

292 3603 522 3671 Πέτρος,
559 3603 773 3669 γενέσει
803 3602 898 3653 καὶ
927 3602 1234 3673 εἱμαρμένῃ
1271 3602 1331 3652 τὸ
1361 3603 1466 3654 πᾶν
1487 3602 1861 3670 ἐπιτρέποντα.

1969 3235 2224 3288 alimenta
2257 3236 2492 3305 quodam
2517 3237 2663 3291 velut
2683 3239 2889 3294 ambitu
2914 3255 3176 3312 perpetuo
3196 3251 3540 3317 snppetlitau

1971 3341 2080 3380 non
2124 3327 2525 3393 desiderantur,
2579 3328 2742 3382 etiam
2775 3330 2992 3387 illorum
3041 3347 3254 3398 natura,
3303 3343 3394 3408 qui
3431 3342 3541 3394 Ira-

1972 3427 2093 3472 ctus
2125 3417 2272 3487 ipsos
2297 3419 2625 3488 percipiunt,
2659 3422 2746 3476 vel
2775 3441 2935 3495 egere
2963 3429 3041 3481 ιρι
3064 3430 3296 3484 deiicere
3329 3449 3467 3504 nequ
3498 3447 3537 3491 t.

1975 3509 2047 3562 De
2077 3524 2184 3578 quo
2229 3509 2581 3581 intelligimus
2627 3514 2808 3568 sidera
2859 3518 3076 3585 quidem
3134 3538 3255 3575 cum
3301 3529 3541 3583 motibus

1974 3600 2089 3654 suis
2121 3599 2420 3668 fructuum,
2455 3599 2670 3658 fructus
2698 3615 2874 3660 autem
2905 3610 3218 3665 animalium
3269 3623 3322 3667 et
3356 3617 3535 3671 homi-

4027 3133 4029 3178 ἠ

4027 3189 4029 3252 l

4027 3295 4029 3344 ι

289 3695 374 3748 nis
403 3709 530 3749 esse
567 3709 730 3748 causa
766 3694 962 3748 factos.
1023 3693 1368 3763 Quapropter
1435 3695 1744 3748 animorum
1793 3694 2103 3748 voluntates
2167 3703 2330 3762 atque
2395 3697 2700 3752 sententias
2740 3699 2918 3753 sidera
2950 3718 3056 3756 non
3124 3713 3374 3772 mutant,
3435 3713 3538 3764 nec'

288 3789 571 3841 hominem
604 3791 670 3841 ad
700 3789 986 3858 imaginem
1021 3789 1111 3843 Dei
1142 3787 1347 3842 factum
1399 3787 1964 3857 mantipiicujusdam
2019 3787 2142 3842 vilis
2203 3787 2376 3842 instar
2429 3788 2534 3842 bac
2592 3789 2716 3844 illac
2776 3791 3001 3848 ducunt.
3066 3795 3186 3849 Non
3237 3808 3341 3852 tam
3389 3801 3536 3852 enini

289 3897 404 3951 ipsa
429 3882 982 3951 deprehenderentur
1013 3883 1212 3951 injusta
1241 3899 1381 3949 esse,
1452 3883 1713 3952 quosdam
1743 3925 1746 3928 .
1779 3883 2056 3938 adulteros
2113 3882 2425 3946 efﬁcientia,
2459 3885 2720 3952 quosdam
2792 3887 3088 3942 homicidas
3121 3908 3184 3944 ac
3229 3895 3536 3962 praedones,

290 3992 451 4044 quam
486 3990 680 4028 eorum
711 3975 914 4044 opifex,
973 3979 1063 4046 qui
1114 3992 1446 4047 prteeipuam
1483 3977 1536 4030 in
1573 3977 1676 4032 hac
1710 3987 1860 4046 parte
1899 3976 2112 4048 culpam
2176 3987 2508 4039 mereretur,
2553 3978 2623 4030 ob
2662 3993 2748 4029 res
2815 3981 3084 4046 ejusmodi
3123 3987 3368 4040 coxiditas
3415 4000 3538 4055 qua!

290 4069 608 4123 necessario
633 4084 734 4123 nos
760 4069 826 4122 ad
857 4067 994 4122 mala
1019 4069 1280 4137 proclives
1302 4070 1612 4122 redderent.
1677 4069 1888 4123 Idcirco
1924 4085 2032 4148 non
2063 4068 2162 4123 abs
2196 4083 2252 4120 re
2281 4069 2501 4137 scripsit
2531 4071 2763 4124 eximius
2791 4072 2880 4126 ille
2937 4073 3130 4128 Petrus
3154 4081 3218 4128 ad
3253 4078 3532 4148 Faustum,

289 4165 554 4232 quosdam
587 4163 720 4216 falso
771 4163 1086 4218 universum
1139 4165 1240 4216 hoc
1288 4162 1550 4216 natalitiis
1577 4162 1848 4218 sideribus
1889 4171 1942 4217 et
1972 4146 2080 4216 fato
2109 4163 2472 4218 committere.

362 4255 510 4323 Ὅρα
565 4254 753 4306 λοιπὸν
807 4255 1094 4324 νουνεχῶς,
1146 4255 1238 4306 καὶ
1295 4255 1369 4324 μὴ
1421 4255 1512 4306 ἐπὶ
1553 4256 1713 4306 πλέον
1745 4256 1859 4315 τοῖς

290 4345 468 4412 λόγοις
511 4345 694 4398 αὐτῶν
734 4345 987 4414 Θορυϐοὖ.
1033 4346 1094 4397 Εἰ
1134 4346 1242 4414 γὰρ
1288 4349 1380 4398 καὶ
1420 4345 1669 4410 λέγουσιν
1706 4345 1788 4396 ὅτι
1819 4345 1852 4413 ὴ

261 4436 411 4508 -ὦρα
452 4436 582 4490 καθ’
619 4436 750 4506 ἧνὴ
791 4437 1048 4507 σύλληψις
1075 4436 1169 4489 τοῦ
1217 4437 1731 4507 συλλαμϐανομένου
1772 4437 1858 4502 γί-

265 4517 465 4592 ’⁸νεται,
500 4528 686 4598 ἐκείνη
726 4529 902 4581 καὶτὸ
942 4529 1508 4599 πλαστουργούμενον,
1551 4530 1661 4581 εῖτε
1691 4531 1859 4601 apem

289 4622 395 4672 εἴτε
433 4620 593 4690 θῆλυ,
624 4620 974 4674 διαπλάττειν
1023 4621 1218 4688 ἄριστα
1267 4621 1479 4682 εἴωθεν,
1506 4620 1620 4672 ἀλλ’
1655 4622 1860 4685 εὐθέως

291 4707 699 4777 ἁνθυποφέρειν
728 4707 868 4776 ἔχεις
897 4708 990 4758 καὶ
1024 4709 1110 4771 σὺ,
1136 4709 1232 4761 καὶ
1261 4710 1404 4761 οὓτω
1434 4709 1614 4776 λέγειν
1653 4711 1856 4775 αὐτοῖς,

289 4800 360 4859 ὼς
395 4797 559 4866 εἴπερ
614 4801 672 4850 ἐν
738 4801 834 4867 μιᾷ
895 4798 1016 4868 ὦρᾳ
1054 4800 1148 4850 καὶ
1185 4803 1248 4870 τῇ
1281 4804 1418 4870 αὐτῇ
1445 4802 1716 4872 καταϐολῇ
1750 4804 1858 4853 τῶν

288 4883 528 4951 διδύμων
566 4884 597 4950 ἡ
637 4881 900 4950 σύλληψις
929 4883 1160 4945 γίνεται,
1214 4883 1415 4952 ἔπρεπε
1451 4888 1664 4947 πάντως
1691 4885 1767 4955 μὴ
1799 4885 1858 4938 τὸ

290 4978 387 5044 μὲι
441 4977 626 5040 αὐτῶν
665 4977 855 5047 ἄρρεν,
879 4977 936 5029 τὺ
958 4977 1013 5029 δὲ
1031 4977 1185 5046 Θῆλυ,
1210 4977 1326 5030 ἀλλ’
1361 4978 1564 5049 ἄρρενα
1581 4981 1671 5030 καὶ
1693 4979 1859 5046 ἄμφω

287 5069 430 5119 κατὰ
478 5067 578 5135 τὴν
613 5068 1022 5134 ἐπικρατοῦσαν
1067 5067 1216 5138 ὤραν
1264 5069 1296 5140 ἢ
1339 5069 1507 5138 Θήλεα
1546 5070 1702 5122 ταυτὶ
1746 5070 1859 5122 δια-

288 5157 648 5210 πλάττεσθαι.
677 5156 832 5208 Οὕτω
865 5160 966 5226 μὲν
988 5154 1079 5210 οὖν
1103 5158 1211 5211 ἔδει
1240 5159 1314 5230 μὴ
1343 5162 1401 5211 τὸ
1433 5161 1530 5228 μὲν
1555 5161 1735 5213 αὐτῶν
1765 5161 1859 5212 τά.-

287 5267 400 5319 χιον
450 5249 738 5318 τελευτᾷν,
769 5249 830 5299 τὸ
861 5249 916 5300 δὲ
958 5249 1197 5319 βράδιον,
1231 5251 1346 5303 ἀλλ’
1383 5251 1516 5319 ὁμοῦ
1551 5252 1642 5304 καὶ
1689 5251 1857 5318 ἄμφω

285 5338 390 5388 τῶν
416 5331 523 5389 ὧδε
563 5337 964 5402 μεθίστασθαι·
998 5341 1138 5390 κατὰ
1178 5341 1283 5407 γὰρ
1313 5341 1553 5401 ἐκείνους
1593 5336 1785 5403 εἰπεῖν,
1827 5340 1856 5392 ὁ

286 5429 447 5493 αὐτὸς
503 5428 684 5498 ἀστὴρ
723 5428 959 5499 κάκείνῳ
1003 5431 1097 5483 καὶ
1138 5430 1314 5500 τούτῳ
1353 5430 1448 5500 τὴν
1487 5430 1631 5501 ζωὴν
1669 5432 1856 5500 ἐχαρί-

289 5535 439 5574 σατο.
485 5521 654 5574 Ἀλλὰ
681 5524 776 5573 καὶ
831 5522 922 5574 ἔπι
953 5540 1061 5574 τισι
1092 5523 1380 5592 παθήμασι
1431 5525 1522 5574 καὶ
1559 5524 1857 5591 σινώμασιν

286 5610 377 5680 up'
412 5605 489 5663 ὧν
533 5612 848 5666 ἁλίσκονται
888 5613 1146 5676 πολλάκις
1187 5617 1253 5667 τὰ
1287 5617 1424 5667 κατὰ
1466 5615 1679 5685 μήτραν
1711 5633 1856 5686 πηγ-

287 5701 495 5774 νῦμενα
545 5702 634 5770 (τά
660 5720 718 5754 τε
771 5705 879 5772 γὰρ
917 5705 1085 5772 θήλεα
1145 5706 1328 5773 σχῆμα
1364 5705 1618 5769 πολλάκις
1649 5707 1856 5780 ἀνδρῶν

496 5805 772 5859 PATuOL.
805 5805 922 5860 tiu.
965 5803 1232 5864 CLVIII.

2036 4254 2342 4310 Prudenter
2387 4257 2552 4328 igitur
2590 4255 2706 4316 haec
2755 4257 3140 4324 consideraw,
3189 4274 3290 4316 nec
3340 4262 3534 4319 bomm

1961 4347 2141 4403 verbis
2174 4349 2292 4418 plus
2319 4366 2475 4419 aequo
2522 4351 2826 4421 perturbari
2877 4362 2930 4408 te
2979 4351 3169 4406 sinito.
3205 4354 3338 4408 Cum
3385 4362 3534 4411 enim

1891 4442 1936 4498 ι)
1963 4438 2150 4492 dicunt
2175 4454 2295 4493 eam
2333 4441 2522 4496 horam
2555 4460 2658 4512 qua
2693 4446 2838 4501 fetus
2883 4445 3174 4517 conceptio
3215 4447 3326 4505 fiat.
3363 4448 3534 4502 fetum

1969 4529 2168 4598 ipsum,
2201 4538 2307 4584 tam
2355 4548 2558 4586 marem
2595 4551 2756 4605 quam
2805 4540 3122 4602 femineum,
3167 4543 3367 4609 optime
3416 4545 3526 4598 Ior-

1964 4637 2133 4686 mare,
2169 4638 2294 4677 mox
2323 4624 2402 4678 eis
2435 4626 2677 4695 objicere
2705 4629 2944 4684 vicissim
2976 4643 3130 4699 potes
3153 4634 3297 4701 quod
3333 4635 3374 4687 si
3405 4637 3526 4704 qui;

1961 4698 2084 4764 dem
2133 4729 2240 4766 una
2297 4724 2350 4769 et
2385 4717 2572 4772 eadem
2630 4720 2785 4782 hora,
2820 4737 2925 4775 una
2975 4733 3026 4776 et
3079 4725 3264 4778 eadem
3307 4729 3530 4782 seminis

1961 4803 2269 4872 dejectione
2296 4809 2651 4876 gemeliorum
2689 4814 2974 4882 conceptio
3019 4818 3130 4879 tiat,
3166 4819 3390 4874 omnino
3428 4835 3526 4875 ue-

1962 4907 2115 4949 cesse
2149 4897 2219 4950 sit
2247 4898 2480 4952 alterum
2508 4883 2851 4956 eorutnmon
2883 4921 3004 4959 esse
3043 4924 3270 4973 marem,
3296 4913 3531 4965 alterum

1961 4985 2240 5051 feminam,
2263 4989 2359 5042 sed
2384 4991 2466 5044 vel
2499 4992 2688 5046 ambos
2711 5009 2891 5048 mares
2916 4996 2995 5050 vel
3023 4997 3251 5052 fetutinas
3277 5001 3523 5056 formari.

1959 5076 2334 5134 Consimiliter
2392 5082 2580 5135 eadem
2640 5087 2851 5139 ratione
2919 5097 3237 5156 sequeretur
3293 5094 3527 5148 alterum

1958 5183 2146 5222 eorum
2171 5186 2280 5224 non
2305 5172 2508 5226 debere
2530 5174 2689 5228 citius
2714 5179 3006 5248 exstingui,
3039 5183 3244 5236 tardius
3268 5186 3523 5246 alterum.

1960 5260 2052 5313 sed
2093 5271 2385 5331 utrumque
2416 5264 2576 5319 rebus
2624 5267 2877 5323 humanis
2917 5273 3116 5340 pariter
3150 5277 3335 5332 eximi.
3367 5278 3527 5342 Nam,-

1961 5360 2019 5404 ttt
2051 5352 2150 5419 ipsi
2183 5351 2502 5422 loquuntur,
2553 5355 2694 5410 idem
2742 5360 2894 5414 sidus
2928 5372 3036 5416 tam
3084 5366 3205 5418 huic
3251 5384 3412 5434 quam
3445 5369 3526 5421 illi

1961 5441 2125 5495 vitam
2167 5446 2422 5512 prasbuit.
2478 5447 2621 5512 Quin
2671 5452 2834 5504 etiam
2885 5468 2951 5506 eo
2982 5457 3420 5525 progrediuntur,
3465 5457 3526 5512 ut-

1960 5532 2180 5585 morbos
2209 5535 2468 5602 quosdam
2515 5547 2570 5590 et
2624 5537 2824 5594 formas
2874 5557 2992 5608 qum
3046 5545 3243 5595 fetibus
3294 5548 3344 5596 in
3405 5549 3523 5614 ipsa

1963 5623 2190 5678 matrice
2226 5640 2614 5696 nonnunquam
2651 5629 2904 5683 accidunt
2950 5631 3147 5695 (solent
3179 5634 3321 5686 enim
3352 5637 3519 5689 inter-

1963 5712 2086 5767 dum
2113 5712 2340 5768 femen-'1:
2373 5719 2624 5772 verendis
2661 5719 2713 5771 in
2762 5720 3010 5788 partibus
3062 5719 3272 5774 virilem
3316 5724 3526 5784 habere

3124 5818 3164 5879 8
