4062 6186
503 223 606 288 927

1785 177 2204 280 MlCHA’ELlS
2243 221 2502 281 suae

3002 193 3028 214 Γ

3637 228 3796 314 228

501 333 758 400 Speciem,
815 345 878 384 ac
929 332 1048 384 vice
1103 343 1256 383 versa
1305 343 1484 383 mares
1541 327 1858 398 femineam)
1908 331 2066 384 astris

2180 335 2298 401 περί
2338 349 2442 384 που
2477 337 2542 382 τά
2582 333 2875 402 γεννητικὰ
2908 333 3133 402 φέρουσι
3175 334 3360 403 μόρια,
3393 339 3490 391 καὶ
3519 311 3728 389 τούνανσ

503 428 819 480 auctoribus
870 427 1131 482 tribuant.
1194 425 1400 478 Vocant
1461 425 1724 494 ejusmodi
1779 425 1942 488 fetus,
2000 426 2067 481 de

503 520 701 590 quibus
756 519 916 572 modo
980 515 1357 585 loquebamur,
1411 501 1904 586 hermaphroditos.
1932 518 2066 570 Nam

505 611 742 679 perbelle
791 608 998 677 ﬁngunt
1048 606 1377 660 Mercurium
1433 606 1548 676 (qui
1591 607 1792 662 Graecis
1840 609 2069 662 Hermes

504 699 607 768 est)
644 711 698 752 et
724 697 989 752 Venerem
1030 699 1171 765 (qua:
1205 698 1528 768 Aphrodite)
1567 698 1622 752 in
1654 699 1846 752 iisdem
1869 703 2070 755 centris

503 791 845 858 coujunctos.
878 792 1119 842 Saturno
1145 791 1307 843 etiam
1336 791 1631 845 accedente
1659 801 1914 859 certaque
1936 806 2068 844 con-

503 881 831 934 formatione
861 869 1026 942 aeris,
1079 879 1222 933 fetus
1268 881 1534 948 quosdam
1579 889 1776 949 praeter
1819 890 2068 934 naturam

405 983 410 990 ·
501 971 726 1026 affectos
761 972 1083 1039 producere.
1115 969 1221 1024 Sed
1264 971 1408 1024 enim
1460 969 1562 1023 hoc
1607 971 1833 1024 minime
1878 986 2068 1024 verum

503 1072 608 1116 est.
643 1062 778 1114 Nam
813 1063 927 1129 ipsa
977 1061 1120 1114 fetus
1173 1061 1452 1114 for-matrix
1489 1060 1648 1130 114
1691 1070 1886 1114 natura
1930 1075 2070 1114 non-

501 1169 783 1223 nunquam
862 1153 1129 1219 ejusmodi
1191 1152 1397 1216 ellieit,
1462 1151 1924 1220 quemadmodum
1988 1161 2072 1206 est

504 1261 668 1314 supra
702 1246 1154 1300 demonstratum.
1209 1244 1433 1297 lleru'tes
1481 1244 1702 1312 quidem
1750 1243 1839 1298 ille
1894 1241 2072 1312 philo-

449 1321 452 1324 ’
503 1335 731 1404 sophus,
764 1351 925 1402 quem
958 1333 1129 1388 Graeci
1166 1344 1312 1386 tanto
1345 1334 1548 1388 habent
1596 1335 1652 1386 in
1681 1334 1902 1398 honore,
1932 1336 2069 1389 scri-

515 1425 622 1494 ptis
655 1427 719 1478 ad
746 1425 1044 1493 sapientem
1075 1425 1394 1477 Ammonem
1427 1423 1645 1488 litteris,
1674 1425 1982 1478 morborum
2017 1425 2070 1478 in

509 1519 576 1569 iis
615 1531 806 1569 causas
861 1516 951 1584 qui
1001 1517 1182 1569 furore
1225 1515 1594 1584 corripiuntur
1628 1524 1677 1568 et
1722 1525 1905 1568 mente
1942 1525 2072 1570 sunt

505 1607 746 1670 alienati,
787 1606 852 1658 ad
881 1607 1057 1660 sidera
1101 1606 1285 1660 refert.
1313 1605 1448 1659 Cum
1477 1606 1647 1668 enim,
1685 1606 1882 1676 inquit,
1916 1607 2068 1662 sidus

2167 430 2280 479 τίον
2319 427 2472 490 αὖθις
2511 426 2578 478 τά
2615 425 2864 496 ἄρρενα),
2887 427 3014 488 τοὺς
3046 426 3284 496 ἀστέρας
3321 427 3529 488 αἰτίους
3566 429 3682 498 ἦγιο¹

2169 536 2280 572 ται.
2314 519 2496 588 Ταύτῃ
2566 534 2648 569 τοι
2682 516 2775 570 καὶ
2814 517 3247 586 ἐρμαφροδίτους
3295 521 3422 582 τοὺς
3463 521 3638 572 τοιού·

2173 609 2596 678 ἐπονομάζουσι.
2637 607 3018 676 Κομψεύονται
3049 610 3178 678 γὰρ,
3210 610 3430 664 ἐπειδὰν
3458 612 3487 664 6
3525 611 3586 665 Ἐ
3673 611 3720 632 ⁹

2171 701 2317 768 καὶὴ
2365 699 2651 768 ’Λιρροδίτη
2692 698 2968 768 εὑρεθεῖεν
2989 701 3326 771 ὁμόκεντροι,
3367 703 3540 757 συνόν-

2170 792 2281 842 rei:
2315 789 2406 842 τοῦ
2459 790 2689 858 Κρόνου,
2735 790 2870 857 πρὸς
2901 791 2956 844 δὲ
2991 791 3086 842 καὶ
3135 795 3484 864 σχηματιζομ

2175 881 2390 950 Ἄρεος,
2423 880 2584 932 αἴτιοι
2609 880 2907 946 τηνικαῦτα
2936 882 3026 934 καὶ
3051 882 3159 933 τῶν
3190 883 3340 950 παρὰ
3369 884 3438 950 φύ

2171 975 2280 1033 τοῖς
2306 975 2643 1040 τικτομένοις
2677 974 3055 1028 καθίστανται.
3096 961 3236 1028 Ἀλλ’
3266 978 3366 1029 οὐκ

2172 1070 2271 1120 οὐκ
2306 1067 2485 1119 ἔστιν·
2545 1069 2577 1137 ἡ
2617 1066 2726 1137 γάρ
2773 1067 3176 1121 διαπλάττουσα
3198 1067 3259 1120 τὸ
3301 1067 3347 1132 ἐι

2171 1160 2319 1212 αἰτία
2375 1159 2635 1219 πολλάκις
2693 1160 2802 1212 τῶν
2851 1160 3107 1213 τοιούτων
3161 1161 3314 1230 εὐρίσ

2171 1253 2380 1306 ἄνωθεν
2404 1253 2638 1322 εἴρηται.
2677 1253 2840 1307 Ἀλλά
2860 1255 2953 1306 καὶ
2983 1255 3010 1306 6
3032 1253 3161 1324 παρ’
3182 1255 3270 1306 αὖ·

2174 1363 2223 1398 σι
2260 1345 2568 1414 τιμώμενος
2609 1345 2813 1414 Ἐρμῆς
2844 1346 3102 1414 ’Ἄμμωνι
3125 1343 3200 1413 τῷ

2173 1440 2368 1502 αὐτοὺς
2407 1440 2645 1491 αἰτιᾶται
2675 1439 2801 1499 τοὺς
2839 1438 3072 1507 ἀστέρας
3113 1439 3182 1488 ἐπ

2175 1550 2282 1594 νοις
2316 1532 2408 1583 καὶ
2435 1530 2494 1582 τὸ
2531 1531 2784 1599 φρόνημα
2815 1530 3172 1597 κεκτημένοις
3210 1549 3344 1598 παρ.
3375 1591 3380 1596 _

2174 1626 2320 1684 τίονς
2356 1621 2515 1691 δῆθεν
2546 1622 2801 1674 τοιούτων
2826 1621 3030 1673 παθῶν.
3064 1622 3200 1686 Φησὶ
3230 1624 3320 1674 καὶ
3356 1622 3464 1689 γὰρ
3492 1653 3526 1673 ι.

502 1699 632 1751 illud
659 1698 713 1750 in
739 1697 895 1766 cujus
922 1707 1191 1766 potestate
1225 1699 1510 1751 cerebrum
1563 1706 1667 1762 est,
1706 1697 1874 1751 fetum
1929 1699 2069 1753 bono

2180 1715 2272 1767 δὰν
2302 1672 2361 1776 ἒξ
2392 1672 2594 1780 άγαθοῦ
2625 1713 2898 1781 σχήματος
2938 1713 2964 1764 ὁ
3002 1712 3094 1764 τοῦ
3129 1672 3444 1780 ,ἐγκεφάλου
3465 1729 3700 1781 κυριευι..

501 1791 735 1860 quodam
790 1803 1012 1859 aspectu
1068 1791 1344 1854 intuetur,
1395 1792 1622 1860 ejusque
1673 1776 1956 1845 cerebrum
2010 1792 2066 1845 in

502 1885 620 1950 ipsa
647 1881 973 1936 lonuatione
1002 1881 1168 1934 radiis
1199 1881 1464 1948 ejusmodi
1507 1880 1809 1945 collustrat,
1842 1882 2067 1934 omnino

501 1976 557 2027 tit
588 1985 645 2027 ut
675 1973 962 2028 facultates
1005 1972 1171 2026 animi
1207 1973 1481 2042 principes
1529 1973 1582 2025 in
1633 1971 1722 2026 tali
1761 1971 1872 2026 fetu
1923 1987 2066 2042 prae-

500 2067 646 2120 clare
681 2075 1009 2134 comparata:
1033 2068 1162 2119 sint.
1208 2065 1276 2118 At
1305 2065 1346 2117 si
1389 2065 1886 2134 quomodocunque
1918 2065 2068 2120 sidus

499 2157 680 2226 ipsum
715 2158 852 2210 male
881 2155 1166 2220 afficiatur,
1213 2157 1378 2208 etiam
1428 2156 1641 2209 diversa
1684 2157 1792 2210 erit
1839 2169 1894 2209 et
1937 2171 2070 2210 con-

505 2245 671 2300 traria
697 2245 866 2314 priori
900 2245 1017 2314 ejus
1051 2244 1288 2297 effectio.
1320 2242 1474 2296 Hunc
1502 2243 1556 2296 in
1603 2243 1820 2296 modum
1851 2252 2070 2312 specta-

505 2347 651 2389 tores
714 2335 790 2388 illi
849 2333 1164 2388 sublimium
1221 2332 1465 2407 sentiunt
1533 2344 1697 2400 atque
1752 2333 2068 2401 loquuntur.

503 2422 798 2480 Eorum’tu
830 2424 1143 2492 opinionem
1177 2424 1408 2492 rejicito,
1439 2439 1500 2477 ac
1537 2423 1718 2493 pravis
1744 2423 2071 2492 quibusdam

502 2516 827 2571 humoribus
859 2497 1144 2569 cerebrum
1189 2515 1307 2582 ejus
1346 2513 1609 2583 repletum
1668 2526 1789 2565 esse
1837 2511 2072 2575 credito,

500 2624 664 2678 quem
692 2609 876 2660 animo
905 2607 1200 2659 alienatum
1228 2604 1596 2672 conspexeris.
1624 2599 1755 2654 Nam
1788 2602 2073 2656 cerebrum

503 2699 706 2754 mentis
736 2699 830 2755 est?
876 2697 1322 2758 instrumentmu,
1362 2695 1592 2762 ideoque
1638 2707 1736 2762 pro
1783 2691 1954 2760 ipsius
1990 2690 2077 2742 in-

503 2789 792 2843 strumenti
837 2781 1123 2840 affectione
1185 2799 1340 2837 mens
1391 2786 1595 2847 etiam,
1650 2782 1794 2836 velut
1845 2778 2074 2847 artifex,

499 2896 661 2951 agere
695 2879 1002 2934 consuevit.
1057 2878 1349 2946 Pt-Opterea
1402 2875 1542 2928 Deus
1587 2875 1782 2929 herbas
1813 2873 2074 2943 quasdam

501 2972 748 3027 condidit
802 2971 1006 3041 quibus
1061 2968 1225 3022 variis
1289 2966 1569 3021 doloribus
1641 2975 1805 3034 atque
1867 2964 2073 3019 morbis

503 3067 857 3130 medeamur,
915 3072 972 3117 et
1033 3061 1349 3116 hominibus
1417 3058 1683 3112 medicam
1751 3057 2074 3126 sapientiam

501 3159 719 3214 abunde
751 3158 979 3227 largitus
1009 3165 1110 3210 est.
1147 3153 1282 3207 lline
1331 3163 1385 3206 et
1434 3151 1718 3206 cerebrum
1751 3149 1964 3220 purgari
1997 3149 2077 3204 vi-

505 3253 720 3314 demus,
755 3260 810 3302 et
838 3249 1058 3300 morbos
1089 3247 1246 3310 alios,
1283 3245 1374 3314 qui
1399 3243 1737 3297 curationem
1772 3243 2076 3310 requirunt,

505 3344 951 3400 convenientium
1005 3342 1527 3394 medicamentorum
1598 3337 1937 3392 adhibitione
1987 3351 2080 3390 sa-

505 3436 647 3490 nari.
677 3434 796 3488 Non
828 3435 989 3502 igitur
1017 3447 1209 3485 eorum
1252 3431 1438 3485 verbis
1468 3429 1646 3498 decipi
1671 3437 1724 3483 te
1753 3429 1972 3498 patitor.
2000 3428 2080 3481 Ac

508 3543 576 3583 ne
606 3527 715 3580 fato
750 3525 992 3594 quidem,
1021 3540 1120 3577 ceu
1151 3523 1356 3578 dictum
1391 3530 1496 3586 est,
1530 3521 1586 3576 hi
1635 3520 1810 3575 morbi
1842 3519 2078 3574 homini-

510 3626 610 3677 bus
639 3621 914 3676 acciduut.
947 3619 1087 3684 Quid
1113 3619 1259 3671 enim
1296 3618 1445 3672 aliud
1487 3617 1590 3672 sibi
1632 3617 1729 3671 fati
1775 3616 1890 3672 vult
1917 3631 2080 3670 voca-

508 3716 721 3777 bulum,
791 3715 856 3767 de
915 3713 1154 3781 ipsorum
1218 3715 1530 3780 sententia,
1585 3725 1749 3780 quam
1813 3713 1956 3780 quod
2008 3716 2078 3766 sit

508 3818 740 3864 eventus
759 3807 976 3876 quidam
1004 3804 1350 3868 inevitabilis,
1379 3815 1530 3858 ortus
1559 3818 1624 3859 ex
1646 3803 1785 3859 serie
1816 3817 2078 3875 perpetua

509 3908 688 3954 motus
754 3897 1058 3952 caelestium
1120 3895 1447 3964 corporum?
1504 3893 1656 3960 Quod
1711 3895 1886 3965 ipsum
1937 3905 2081 3950 totus

510 3992 597 4044 ille
627 3999 943 4043 sanctorum
999 3988 1236 4041 virorum
1291 3999 1466 4042 coetus
1517 3986 1830 4057 longissime
1880 3987 2076 4056 rejicit.

509 4083 874 4150 Quamobrem
911 4081 1086 4137 istuc?
1132 4080 1266 4146 Quia
1304 4081 1534 4135 multum
1570 4080 1822 4134 amentiae.
1864 4079 2077 4134 stolidi-

511 4179 741 4244 latisque
772 4176 1038 4236 continet,
1085 4173 1209 4244 plus
1261 4173 1580 4244 impietatis,
1627 4183 1683 4228 ut
1720 4187 1947 4245 magnus
1988 4171 2079 4224 ille

469 4333 474 4344 '
512 4267 740 4321 Basilius
777 4265 1034 4335 loquitur.

2177 1805 2352 1875 ἀστὴρ
2391 1803 2718 1856 κατοπτεύει
2755 1801 2816 1854 τὸ
2859 1803 3425 1871 πλαστουργούμενον,
3471 1804 3728 1856 κάκεῖθεν

2177 1899 2372 1948 ἀκτῖνα
2409 1892 2588 1963 βάλλει
2617 1892 2691 1962 τῷ
2716 1891 3001 1962 ἐγκεφάλῳ
3032 1893 3126 1946 τοῦ
3162 1894 3536 1962 πηγνυμένου,
3557 1895 3738 1958 καλῶς

2179 1987 2387 2052 ἕξουσιν
2453 1989 2509 2042 αἱ
2567 1989 2892 2058 ἡγεμοῢικαὶ
2945 1988 3201 2060 δυνάμεις
3247 1990 3325 2058 τῷ
3384 1991 3741 2060 πλαττομένῳ

2176 2079 2477 2147 τηνικαῦτα
2509 2079 2768 2148 ὲμϐρύῳ·
2815 2081 2862 2132 εί
2907 2079 2964 2132 δὲ
2998 2081 3338 2150 κακούμενος
3384 2081 3742 2150 ὁπωσδήποτε

2178 2169 2318 2238 τύχῃ
2353 2171 2380 2220 6
2422 2167 2661 2230 τοιοῦτος
2716 2167 2914 2238 ἀστὴρ,
2954 2168 3062 2220 τῶν
3118 2168 3377 2221 ἐναντίων
3418 2169 3567 2222 ἔσται
3608 2171 3745 2222 πάν-

2181 2277 2285 2323 τως
2329 2243 2630 2331 ποιητικδς.
2684 2260 2793 2312 Καὶ
2837 2259 2979 2313 οὕτω
3025 2261 3124 2330 μὲν
3178 2262 3226 2315 οἱ
3280 2264 3393 2325 τοϊς
3445 2264 3744 2332 μετεώροις

2188 2351 2545 2421 προσέχοντες
2593 2353 2685 2404 καὶ
2725 2352 2982 2420 φρονοῦσι
3011 2351 3142 2422 περὶ
3193 2352 3399 2406 τούτων
3437 2353 3532 2406 καὶ
3553 2353 3746 2422 λέγου-

2184 2461 2269 2497 σιν
2305 2445 2438 2514 (24).
2477 2445 2544 2496 Σὺ
2576 2444 2653 2509 δὲ,
2693 2445 2960 2514 ἁγαπητὲ,
3025 2446 3100 2513 μὴ
3131 2444 3326 2512 οὕτως,
3373 2445 3508 2499 ἀλλὰ
3539 2447 3746 2516 μοχθη-

2187 2537 2300 2605 ροῖς
2341 2551 2451 2588 τισι
2515 2538 2710 2605 χυμοῖς
2775 2535 3238 2606 κατακρατεῖσθαι
3305 2535 3398 2590 τὸν
3443 2536 3747 2605 ἐγκέφαλον

2186 2630 2428 2692 πίστευε,
2485 2629 2642 2695 ἡνίκα
2701 2626 2756 2679 δὲ
2794 2627 2962 2697 θεάσῃ
3015 2629 3134 2680 τινὰ
3193 2610 3488 2698 παρακοπῇ
3530 2631 3745 2699 φρενῶν

2188 2719 2564 2788 συνεχόμενον·
2625 2721 2652 2770 ὁ
2699 2720 2805 2786 γὰρ
2845 2719 3146 2786 ἐγκέφαλος
3191 2719 3425 2788 ὄργανόν
3477 2721 3595 2773 ἔστι
3650 2719 3745 2772 τοῦ

2185 2812 2539 2883 νοός-ταύτῃ
2587 2828 2666 2862 τοι
2709 2811 2799 2862 καὶ
2860 2811 3001 2864 κατὰ
3061 2811 3160 2881 τὴν
3205 2811 3440 2880 ὀργάνου
3503 2811 3746 2866 διάθεσιν

2186 2901 2280 2954 καὶ
2312 2903 2339 2954 6
2372 2903 2616 2970 τεχνίτης
2637 2901 2797 2954 εἴωθε
2832 2901 2955 2966 νοῦς
2982 2903 3247 2970 ἐνεργεῖν.
3291 2903 3413 2955 Ἐπὶ
3440 2903 3548 2974 γὰρ
3571 2903 3744 2972 τούτῳ

2103 2999 2145 3057 c
2179 2993 2274 3046 καὶ
2315 2993 2544 3062 βοτάνας
2577 2993 2950 3055 άκεσωδύνους
2982 2994 3314 3064 παρήγαγεν
3364 2997 3391 3046 ὁ
3457 2993 3609 3060 Θεὸς,
3649 2996 3748 3046 καὶ

2184 3087 2373 3153 σοφίας
2416 3087 2664 3154 ἰατρικῆς
2727 3087 2853 3149 τοὺς
2905 3085 3232 3155 ἀνθρώπους
3285 3086 3582 3156 ἐνέπλησεν
3611 3104 3624 3116 ·
3655 3090 3749 3139 ὲν·-

2181 3177 2372 3232 τεῦθεν
2403 3178 2511 3248 γὰρ
2541 3181 2634 3232 καὶ
2665 3163 2908 3248 κεφαλῆν
2940 3177 3350 3248 καθαιρομένην
3392 3179 3475 3250 ἴδῃ
3507 3196 3614 3242 τις,
3649 3180 3747 3232 καὶ

2184 3266 2331 3336 πάθη
2368 3267 2505 3321 ἄλλα
2546 3266 2669 3320 τινὰ
2719 3267 3014 3336 θεραπείας
3071 3267 3370 3336 ἀξιούμενα
3430 3267 3749 3338 φαρμάκων

2181 3359 2538 3428 καταλλήλων
2577 3361 2914 3426 ἐπαγωγαῖς.
2957 3359 3048 3427 Μὴ
3105 3356 3198 3411 οὖν
3235 3359 3580 3428 συναρπάζου
3635 3362 3751 3423 τοῖς

2181 3451 2360 3520 λόγοις
2412 3451 2614 3513 αὐτῶν,
2648 3451 2728 3503 ὅτι
2762 3453 2897 3520 μηδὲ
2928 3450 3051 3505 καθ’
3088 3450 3453 3522 εἱμαρμένην,
3487 3452 3561 3513 ὡς
3589 3451 3749 3520 εῐρη-

2181 3562 2292 3608 ται,
2323 3545 2391 3596 τὰ
2423 3543 2571 3612 πάθη
2625 3547 2738 3606 τοῖς
2776 3543 3087 3613 ἀνθρώποις
3141 3544 3527 3614 ἐμπίπτουσιν.
3580 3542 3644 3594 Τί
3691 3541 3751 3594 δὲ

2182 3633 2242 3686 τὸ
2270 3634 2368 3701 τῆς
2397 3634 2736 3702 εἱμαρμένης
2767 3634 2884 3685 ἐστὶ
2922 3635 3324 3703 σημαινόμενον
3354 3651 3367 3699 ;
3405 3633 3494 3694 '0;
3540 3633 3748 3684 ἐκεῖνοι

2183 3728 2367 3793 φασὶν,
2402 3727 2432 3793 ἡ
2471 3725 2576 3778 άπὸ
2632 3708 2729 3793 τῆς
2767 3724 2890 3777 καθ’
2923 3725 3116 3795 εἱρμὸν
3183 3725 3290 3778 τῶν
3344 3723 3610 3796 οὐρανίων
3645 3739 3752 3776 σω-

2186 3817 2374 3884 μάτων
2415 3817 2679 3884 κινήσεως
2707 3817 3060 3886 ἀπαράϐατος
3117 3817 3368 3881 ἔκϐασις,
3426 3799 3589 3890 ἢνδὴ
3651 3819 3750 3870 καὶ

2185 3910 2401 3964 πάντων
2431 3911 2458 3960 6
2481 3909 2587 3960 τῶν
2622 3908 2792 3976 ἁγίων
2838 3909 3000 3978 χορὸς
3035 3909 3226 3977 πόρρω
3276 3927 3378 3963 που
3414 3912 3597 3980 ῥίπτει
3653 3911 3751 3963 καὶ

2183 4003 2360 4056 ἀποπέ
2371 4019 2592 4072 μπεται.
2622 4001 2776 4063 Τίνος
2811 4001 3030 4065 ἔνεκενς
3063 4001 3186 4055 Ὅτι
3215 4001 3347 4056 πολὺ
3375 4003 3473 4073 μὲν
3492 4003 3551 4056 τὸ
3579 4003 3746 4072 ἀνόη-

2181 4110 2272 4146 τον
2313 4095 2602 4161 κέκτηται,
2641 4091 3046 4146 πολλαπλάσιον
3084 4092 3140 4146 δὲ
3171 4093 3230 4146 τὸ
3255 4092 3472 4159 ἀσεϐὲς,
3501 4093 3573 4156 ὼ,
3603 4096 3631 4147 6
3651 4096 3747 4166 μέη

2181 4199 2281 4250 γας
2313 4181 2445 4250 φησὶ
2480 4180 2776 4244 Βασίλειος.

582 4370 909 4424 Natat-aliter
939 4361 1178 4436 quidem,
1215 4383 1313 4422 ceu
1347 4369 1604 4432 diximus,
1655 4368 1940 4440 gubernari
1988 4383 2073 4424 re-

2251 4362 2500 4426 Φυσικῶς
2527 4363 2626 4433 μὲν
2661 4357 2774 4426 οῦν,
2802 4361 2876 4438 ὡς
2899 4361 3242 4432 προείρηται,
3291 4359 3385 4414 καὶ
3429 4360 3752 4415 διοικεῖσθαι

509 4463 668 4533 gique
693 4477 892 4531 corpus
927 4471 1173 4514 nostrum
1215 4463 1327 4529 ipse
1361 4476 1541 4514 rerutn
1577 4461 1840 4515 Dominus
1874 4459 2074 4524 voluit;

511 4557 716 4625 absque
747 4569 852 4623 quo
881 4553 1040 4615 foret,
1072 4566 1173 4606 nec
1207 4566 1331 4606 aere
1362 4567 1499 4620 puro
1529 4567 1632 4606 nec
1681 4551 1869 4620 aequis
1898 4551 2073 4621 pellu-

508 4649 644 4702 ridis
679 4662 781 4701 nec
805 4646 926 4699 loco
965 4643 1167 4698 salubri
1204 4659 1304 4698 nee
1344 4644 1575 4712 sumptis
1620 4659 1714 4712 per
1743 4645 1894 4698 vices
1920 4658 2076 4697 escu-

510 4740 670 4793 lentis
699 4753 761 4790 ac
792 4735 1100 4805 poculentis
1152 4735 1263 4788 vita
1317 4727 1502 4789 nostra
1559 4734 1844 4802 indigeret.
1881 4733 2071 4786 Enim-

509 4847 660 4895 vero,
691 4832 855 4884 chare
909 4827 1006 4893 fili,
1051 4827 1132 4881 iac
1158 4828 1396 4881 divinam
1445 4825 1578 4880 mihi
1623 4825 1943 4894 sapientiam
1987 4824 2072 4875 im

507 4931 716 4981 tueare,
747 4915 1012 4986 siquidem
1041 4914 1293 4968 nonnihil
1339 4913 1406 4968 de
1451 4928 1630 4967 rerum
1672 4920 1864 4964 natura
1917 4911 2074 4965 nobis

502 5023 586 5066 est
620 5009 1118 5065 commentandum.
1148 5006 1362 5060 Etenim
1389 5019 1457 5059 ne
1489 5005 1718 5058 maxime
1748 5003 2074 5072 principales

506 5103 943 5170 uecessarimque
975 5099 1218 5170 corporis
1262 5097 1433 5151 nostri
1478 5105 1663 5164 partes
1692 5094 1975 5170 quibusvis
2004 5093 2074 5148 de

506 5194 688 5249 causis
706 5192 1046 5256 laederentur,
1080 5197 1241 5257 caput
1259 5201 1528 5253 nosuum,
1546 5185 1617 5240 uti
1643 5186 1786 5254 quod
1799 5186 2082 5241 cerebrum

508 5285 878 5352 continetquo
895 5283 1000 5336 vita
1024 5289 1204 5333 nostra
1238 5287 1344 5330 tota
1373 5277 1585 5339 nititur,
1604 5286 1716 5329 tum
1741 5275 1952 5345 eapillis
1972 5287 2082 5329 tum

507 5377 727 5431 ossibus
761 5385 955 5443 praeter
991 5371 1110 5424 illos
1131 5367 1606 5436 solidisdurisque
1633 5367 1887 5421 munisit.
1917 5369 2081 5422 Cere-

509 5469 669 5522 brum
702 5468 880 5536 ipsum
913 5476 1108 5517 natura
1160 5473 1404 5517 tenerum
1455 5461 1603 5526 fecit,
1638 5461 2078 5531 quandoquidem

605 5641 716 5707 (“2/1)
793 5639 926 5694 Ἐπί
991 5655 1051 5693 τε
1082 5679 1093 5691 .
1235 5677 1248 5690 .
1285 5675 1299 5690 .
1365 5634 1672 5704 λέγουσιν.

1745 5635 1821 5690 Ex
1887 5637 1946 5691 V.
2007 5644 2063 5690 et
2117 5637 2175 5691 F.

2181 4456 2242 4509 τὸ
2268 4457 2536 4527 ἡμέτερον
2580 4454 2738 4524 σῶμα
2798 4441 2888 4506 καὶ
2927 4453 3272 4521 διεξάγεσθαι
3331 4452 3752 4523 συγκεχώρηται

2182 4549 2400 4611 πάντως
2431 4547 2562 4616 παρ’
2593 4546 2758 4600 αὑτοῦ
2789 4546 2881 4598 τοῦ
2917 4546 3188 4600 Δεσπότου
3251 4547 3350 4616 τῆς
3387 4545 3625 4613 φύσεως.
3685 4543 3751 4597 Εἰ

2185 4641 2260 4710 μὴ
2285 4642 2392 4710 γὰρ
2428 4637 2588 4690 τοῦτο
2624 4634 2714 4707 ἧν,
2749 4639 2848 4691 οὐκ
2878 4639 2944 4692 ἂν
2973 4639 3005 4708 ἡ
3038 4638 3134 4709 τῆς
3162 4639 3310 4706 ζωῆς
3353 4637 3511 4707 ἡμῶν
3544 4634 3750 4688 σύστα-

2185 4750 2268 4793 σις
2309 4732 2404 4784 καὶ
2443 4731 2606 4800 ἀέρος
2631 4730 2831 4800 ἔχρῃζε
2865 4729 3114 4800 καθαροῦ
3154 4730 3250 4781 καὶ
3292 4728 3502 4782 ὑδάτων
3531 4725 3752 4779 διειδῶν

2179 4823 2346 4875 τόπου
2388 4840 2447 4875 τε
2473 4821 2712 4889 ὑγιεινοῦ
2775 4823 2868 4874 καὶ
2903 4821 3258 4892 καταλλήλων
3287 4821 3549 4881 ὡσαύτως
3605 4818 3756 4886 βρω-

2181 4911 2290 4965 τῶν
2325 4913 2418 4964 καὶ
2485 4911 2682 4964 ποτῶν.
2729 4911 2868 4964 Ἀλλ’
2902 4912 3005 4983 δρα
3039 4912 3137 4980 τὴν
3175 4909 3269 4964 τοῦ
3329 4910 3465 4964 Θεοῦ
3527 4908 3749 4976 σοφίαν,

2181 5007 2454 5074 ἀγαπητὲ,
2492 5005 2629 5074 εἴγε
2681 5006 2773 5057 καὶ
2833 5005 3186 5073 φυσιολογίας
3240 5005 3436 5075 μικρὸν
3477 5001 3750 5073 ἅψασθαι.

2184 5100 2299 5152 Ἵνα
2330 5099 2437 5169 γὰρ
2480 5097 2554 5167 μὴ
2613 5099 2682 5151 τὰ
2753 5095 3096 5168 καιριώτατα⁵
3141 5097 3236 5150 τοῦ
3298 5097 3550 5167 σώματος
3587 5095 3755 5165 ἡμῶν

2183 5194 2348 5260 μόρια
2403 5191 2496 5242 καὶ
2552 5193 2671 5254 ταῖς
2741 5189 3037 5259 τυχούσαις
3099 5189 3401 5260 προφάσεσι
3475 5187 3752 5240 καταδλά-

2183 5301 2449 5348 πτωνται,
2492 5282 2871 5350 πολυτρόπως,
2911 5283 2984 5346 ὡς
3019 5282 3379 5352 προείπομεν,
3415 5279 3506 5332 καὶ⁸
3536 5279 3758 5332 πολυει-

2177 5375 2279 5435 δῶς
2321 5374 2678 5442 ἠσφαλίσατο.
2725 5374 2929 5428 Αὐτίκα
2965 5376 3074 5443 γὰρ
3116 5376 3214 5444 τὴν
3271 5373 3513 5440 κεφαλὴν
3560 5370 3753 5440 ἡμῶν,

2180 5467 2274 5518 ὅτε
2317 5464 2379 5534 δὴ
2415 5465 2502 5516 τον
2537 5462 2839 5532 ἐγκέφαλον
2866 5465 3029 5517 αὑτὸν
3085 5465 3448 5535 περιέχουσαν
3487 5463 3545 5515 ὲν
3587 5453 3632 5529 ᾧ
3674 5459 3756 5514 τὰ
