4062 6186
473 248 578 316 231

1736 250 2151 337 MICHAELIS
2191 252 2448 314 Gchis

2182 18 2189 25 κ

3592 245 3728 361 232⁴

472 367 655 423 verbis
692 367 988 440 intelligas,
1030 368 1119 436 qui
1175 355 1413 421 animam
1443 366 1725 421 sicciorem
1754 368 1886 423 dixit
1915 384 2033 425 esse

2141 370 2448 440 σοφωτέρη.
2508 368 2629 423 Ἐπὶ
2680 368 2785 440 γὰρ
2827 367 2932 420 τῶν
2987 365 3168 436 υγρῶν
3222 362 3696 431 κατακλυζόμενον

474 460 879 530 sapientiorem.
935 457 1067 511 Nam
1123 460 1175 511 in
1220 458 1458 511 cerebris
1515 458 1750 512 humidis
1809 459 2035 528 spiritus

470 552 725 607 animalis
762 551 927 606 veluti
972 550 1313 612 snbmrrsus,
1340 559 1399 604 ut
1427 560 1480 604 et
1508 552 1563 604 in
1609 550 1824 604 feminis
1853 560 1932 605 est
1955 552 2037 606 vi-

471 644 620 707 dere,
654 641 1062 711 praeclarissime
1116 657 1244 695 suas
1278 640 1597 695 eil‘ectiones
1623 643 1903 698 absolvere
1938 657 2032 695 ne-

471 733 611 801 quit.
640 734 843 786 Idcirco
871 732 1086 784 divinus
1120 731 1207 785 ille
1256 732 1491 801 Cyrinus
1525 748 1710 787 sexum
1742 732 2033 786 fetnincum

475 823 692 877 dimidia
728 832 880 891 parte
925 823 1171 876 virorum
1221 822 1386 876 indoli
1432 824 1627 877 cedere
1671 823 1827 878 dixit.
1860 825 2037 891 Atque

473 916 585 967 hate
624 913 691 964 de.
737 923 878 967 statu
923 913 1341 983 conditioneque
1385 914 1597 967 cerebri
1627 914 1852 967 naturali
1892 914 2034 969 dicta

468 1012 650 1057 sunto.
684 1004 817 1058 Cum
848 1012 1027 1056 autem
1070 1004 1189 1070 plus
1213 1020 1368 1072 :equo
1409 1003 1681 1067 siccescit,
1706 1019 1925 1058 necesse
1951 1016 2036 1060 est

469 1094 750 1147 hominem
785 1095 904 1147 ιωόί
938 1106 992 1147 et
1027 1093 1210 1163 aﬂligi.
1241 1093 1373 1148 Nam
1405 1096 1755 1148 vehementes
1784 1094 2032 1163 qumdam

471 1188 888 1252 temperamenti
918 1185 1045 1255 justi
1073 1186 1507 1254 perturbationes
1540 1186 1771 1254 partium
1794 1187 2030 1253 ipsarum

469 1277 786 1330 clfectioncs
839 1276 991 1344 quasi
1046 1277 1336 1330 retundere
1382 1288 1806 1333 consueverunt.
1847 1277 2033 1347 itaque

471 1368 589 1425 ﬁeri
621 1368 941 1436 plerumque
969 1367 1131 1431 solet,
1163 1379 1221 1419 ut
1252 1368 1335 1420 rei
1363 1368 1569 1437 jejunia
1603 1368 1687 1423 vel
1710 1368 1901 1438 vigiliae
1938 1384 2036 1424 na-

469 1460 699 1513 turalem
763 1456 973 1512 cerebri
1027 1458 1320 1513 siccitatem
1370 1460 1493 1527 plus
1556 1474 1713 1529 aequo
1774 1462 2034 1530 augentes

472 1550 780 1620 bujusmodi
814 1550 1031 1603 morbos
1092 1550 1332 1621 gignant.
1382 1550 1583 1619 Estque
1616 1561 1895 1619 propterea
1940 1566 2034 1605 ne-

462 1642 767 1694 cessarium
809 1647 867 1693 ut
900 1638 1150 1694 homines
1196 1639 1250 1691 in
1279 1640 1423 1693 hunc
1463 1641 1682 1693 modum
1721 1640 1898 1695 allecti
1949 1640 2033 1694 vi-

2135 463 2301 517 οίονεὶ
2332 462 2390 515 τὸ
2411 461 2641 531 ψυχικὸν
2672 460 2907 529 πνεῦμα,
2944 456 3197 524 καθάπερ
3225 454 3318 507 καὶ
3342 454 3433 506 ἐπὶ
3467 454 3575 506 τῶν
3601 470 3698 520 γυ-

2135 553 2338 608 ναικῶν
2387 554 2532 607 ἐστιν
2582 551 2729 615 ἰδεῖν,
2774 550 3018 618 ἐνεργεῖν
3054 546 3293 617 ἀρίστως
3335 544 3393 597 οὺ
3445 544 3694 598 δύναται.

2135 645 2293 698 Κατὰ
2331 644 2438 713 γὰρ
2469 642 2627 697 τοῦτο
2649 642 2743 694 καλ⁸
2768 642 2865 711 τῆς
2885 641 2990 693 τῶν
3015 639 3227 708 ἀνδρῶν
3264 637 3492 703 εὐφυΐας
3521 637 3615 689 καὶ
3638 636 3699 700 ἐξ

2136 736 2389 807 ἡμισείας
2438 733 2824 787 ἀπολείπεσθαι
2862 733 2922 787 τὸ
2971 730 3103 800 θῆλύ
3148 744 3313 797 φησιν
3347 728 3376 779 ό
3425 714 3698 791 θειότατος

2137 828 2424 898 Κύριλλος.
2462 828 2565 879 Καὶ
2595 826 2735 878 οὕτω
2759 824 2854 896 μὲν
2884 825 2911 875 ό
2944 824 3100 890 λόγος
3131 822 3260 890 περὶ
3286 820 3394 872 τῶν
3425 820 3566 872 κατὰ
3594 817 3698 886 φύ-

2138 937 2222 972 σιν
2260 920 2491 987 ὲχόντων
2532 917 2807 981 διέξεισιν.
2841 913 3036 966 Ἤνίκα
3078 913 3132 965 δὲ
3174 912 3461 981 ξηρότερος
3501 908 3697 961 ἑαυτοῦ

2136 1013 2227 1071 καὶ
2252 1012 2412 1063 πλέον
2449 1007 2544 1061 τοῦ
2581 1008 2791 1069 δέοντος
2827 1008 2853 1058 ὀ
2887 1004 3186 1073 ἐγκέφαλος
3220 1002 3469 1071 γένηται,
3516 1017 3696 1068 παρα-

2134 1104 2316 1159 παίειν
2354 1101 2413 1166 ὲξ
2447 1102 2689 1169 ἀνάγκης
2722 1099 2868 1152 ποιεῖ
2898 1097 2990 1150 τὸν
3027 1096 3332 1165 ἄνθρωπον.
3363 1094 3427 1146 Αἱ
3460 1091 3696 1161 μεγάλαι

2132 1198 2241 1265 γὰρ
2279 1192 2600 1263 δυσκρασίαι
2650 1192 2749 1255 τὰς
2789 1190 3070 1263 ἐνεργείας
3097 1189 3208 1242 τῶν
3254 1186 3457 1257 μορίων
3491 1184 3698 1254 ἀμϐλύ-

2132 1305 2245 1343 νειν
2272 1283 2720 1339 εἰώθασιν.“Οθεν
2745 1284 2777 1352 ὴ
2805 1266 2989 1337 ἀσιτία
3020 1280 3304 1341 πολλάκις,
3340 1278 3426 1331 ναὶ
3467 1279 3576 1346 μὴν
3600 1277 3695 1329 καὶ

2134 1381 2168 1447 ἡ
2203 1378 2503 1446 ἀγρυπνία,
2537 1378 2636 1449 τὴν
2677 1374 2818 1427 κατὰ
2852 1370 3012 1440 φύσιν
3042 1369 3430 1425 ὲπεκτείνουσα
3464 1370 3556 1421 τοῦ
3602 1370 3695 1435 ἐγ-

2134 1468 2374 1535 κεφάλου
2431 1465 2725 1534 ξηρότητα,
2765 1466 2937 1517 ποιεῖν
2968 1461 3125 1514 εἴωθε
3178 1459 3401 1515 τοιαῦτα
3438 1457 3689 1529 συμπτὼο

2138 1576 2306 1631 ματα.
2335 1560 2492 1612 Κατὰ
2522 1558 2632 1627 γὰρ
2657 1556 2816 1611 τοῦτο
2846 1555 2939 1608 καὶ¹
2970 1554 3244 1623 ὑγροτέρᾳ
3273 1551 3453 1622 διαίτῃ
3493 1550 3693 1619 κεχρῆ-

2138 1648 2263 1704 σθαι
2297 1648 2423 1710 τοὺς
2449 1644 2591 1699 οὕτω
2617 1643 2966 1705 διατεθέντας
2988 1642 3301 1709 ἐπάναγκες
3320 1656 3334 1673 ·
3375 1642 3441 1692 τὰ
3468 1640 3575 1709 γὰρ
3605 1638 3694 1691 διὰ

468 1742 590 1785 ctus
624 1732 835 1784 ratione
858 1730 1134 1799 aliquanto
1170 1729 1479 1784 humidinre
1503 1738 1743 1795 ntantur;
1772 1745 1896 1783 nam
1924 1731 2028 1785 orti

2135 1707 2576 1810 ξηρότητα-πάθη
2601 1738 2667 1806 τῇ
2701 1734 2957 1805 ὑγρότητι
2983 1707 3373 1802 θεραπεύονται
3395 1707 3555 1801 (25).⁷
3578 1729 3696 1781 Ψυ-

467 1826 535 1878 de
565 1825 810 1879 siccitate
841 1825 1013 1878 morbi
1044 1841 1139 1893 per
1170 1824 1547 1878 burniditatem
1580 1834 1859 1878 curantur.
1894 1824 2032 1879 Rur-

465 1933 586 1973 sum
611 1918 653 1970 si
688 1934 749 1972 ex
776 1918 962 1971 morbo
986 1917 1216 1985 quodam
1245 1917 1363 1984 plus
1381 1932 1535 1986 atque
1557 1916 1625 1971 sit
1643 1917 1921 1971 humidum
1945 1932 2032 1971 ce-

458 2011 703 2075 rebrum,
731 2008 992 2078 subsequi
1030 2023 1213 2061 rerum
1250 2006 1454 2061 oblivio
1483 2017 1536 2060 et
1563 2007 1850 2062 inlatuatio
1885 2023 2031 2076 quae-

459 2104 584 2158 dam
620 2102 779 2166 solet,
812 2117 986 2170 caque
1023 2108 1167 2156 tanta
1198 2109 1257 2154 ut
1283 2114 1655 2168 saepenumero
1685 2108 1791 2153 tam
1829 2100 2027 2155 artium

460 2206 624 2260 quam
657 2192 960 2244 litterarum
994 2192 1189 2257 suique
1222 2190 1357 2244 adeo
1392 2190 1630 2244 nominis
1672 2189 1835 2244 homo
1870 2205 2027 2260 pror-

458 2296 553 2336 sus
585 2278 955 2333 obliviscatur.
990 2278 1190 2332 Tribus
1225 2278 1481 2331 nimirum
1512 2266 1847 2332 membranis
1876 2293 2030 2333 cere-

456 2372 616 2426 brirm
647 2369 1019 2441 distinguitur,
1059 2384 1122 2422 ac
1157 2367 1493 2423 ventricnlus
1524 2368 1741 2436 quidem
1785 2368 1899 2436 ejus
1925 2385 2026 2422 an-

457 2462 625 2518 terior
690 2460 962 2514 facultatis
1023 2458 1373 2515 informantis
1439 2470 1494 2515 et
1549 2461 1897 2532 imaginantis
1945 2471 2028 2516 est

457 2554 879 2609 instrumentum
914 2591 929 2618 ,
989 2552 1200 2607 medius
1248 2566 1377 2606 vero
1411 2553 1729 2623 cogitantis,
1784 2553 2025 2622 posticus

458 2642 698 2711 denique
752 2640 1110 2695 recordantis.
1144 2639 1355 2695 Etenim
1400 2640 1577 2710 primo
1624 2656 1736 2695 rem
1767 2641 1905 2696 hanc
1933 2653 2028 2700 aut

430 2718 603 2785 ’illam
632 2731 1017 2787 informatione
1052 2731 1280 2801 quadam
1304 2732 1683 2801 concipimus;
1726 2730 1923 2787 deinde
1958 2732 2026 2789 de

458 2823 753 2877 informata
798 2823 1160 2891 rationamur,
1193 2822 1324 2891 quid
1359 2832 1415 2877 et
1436 2823 1733 2893 quotuplex
1763 2839 1794 2877 a
1831 2834 2026 2880 natura

450 2915 542 2982 sit,
569 2924 733 2984 atque
762 2915 833 2968 ita
865 2914 919 2968 in
960 2915 1277 2969 memoriam
1308 2915 1522 2970 tandem
1544 2916 1914 2971 recondimus.
1955 2915 2025 2975 Ει

454 3005 572 3060 haec
602 3000 823 3076 quidem
857 3005 1174 3075 accipienda
1205 3006 1272 3061 de
1300 3006 1366 3061 iis
1388 3015 1516 3063 sunt
1543 3008 1635 3075 qui
1675 3017 1823 3062 reete
1845 3007 2023 3062 allecti

451 3106 581 3152 sunt
618 3107 782 3167 atque
814 3097 955 3152 sani.
985 3096 1186 3164 Quodsi
1220 3098 1302 3154 vel
1353 3112 1519 3154 unum
1571 3098 1773 3165 aliquid
1825 3099 2021 3153 horum

450 3189 644 3242 morbo
703 3189 933 3263 Quodam
993 3204 1322 3258 quocunque
1376 3197 1533 3259 pacto
1571 3190 1855 3255 afﬁciatur,
1891 3183 2019 3245 tunc

450 3277 572 3341 ejus
598 3280 768 3348 partis
799 3279 1013 3332 ratione
1054 3279 1235 3333 anima
1279 3295 1417 3348 pure
1449 3282 1637 3347 nequit
1662 3284 1845 3334 edicax
1875 3295 2014 3335 esse.

448 3365 574 3419 llaec
606 3365 720 3431 tibi,
756 3365 951 3420 dilecte
978 3368 1072 3431 lili,
1106 3351 1379 3421 monendo
1399 3368 1651 3436 subjicio,
1681 3384 1750 3423 ne
1778 3369 2016 3423 siderum

447 3455 592 3510 inter
613 3471 672 3509 se
703 3456 1163 3512 conformationes
1202 3467 1256 3512 et
1299 3468 1556 3527 aspectus
1596 3460 1863 3529 causeris,
1884 3475 2011 3515 cum

444 3547 781 3603 naturalibus
819 3548 1126 3618 huiusmodi
1155 3549 1402 3619 quaedam
1440 3551 1743 3607 rationibus
1780 3552 1998 3608 evenire

448 3640 854 3695 consueverint.

2134 1834 2394 1905 χρότερος
2423 1830 2477 1883 δὲ
2504 1828 2665 1883 πάλιν
2709 1825 2902 1879 ἑαυτοῦ
2934 1825 3020 1879 διά
3049 1840 3171 1879 τινα
3202 1828 3352 1876 νόσον
3404 1825 3635 1890 γεγονὼς,
3664 1821 3693 1872 ό

2130 1924 2430 1994 ἐγκέφαλος
2480 1921 2577 1976 καὶ
2614 1920 2785 1991 λήθην
2830 1919 3026 1985 ἐπάγει
3081 1917 3175 1970 καὶ
3224 1915 3504 1987 μώρωσιν,
3550 1912 3693 1967 κατὰ

2128 2016 2381 2071 τοσοῦτον
2432 2012 2489 2065 δὲ
2529 2009 2668 2065 ὥστε
2720 2011 2815 2065 καὶ
2847 2009 3050 2080 τεχνῶν
3097 2010 3191 2061 καὶ
3222 2006 3564 2078 γραμμάτων
3596 2005 3693 2057 καὶ

2128 2107 2223 2161 τοῦ
2258 2105 2521 2173 ὀνόματος
2549 2100 2813 2163 πολλάκις
2848 2096 3013 2152 αὑτοῦ
3050 2096 3187 2167 μετὰ
3217 2096 3315 2163 τὴν
3347 2094 3534 2161 ὑγείαν
3574 2094 3695 2143 ἑπι-

2128 2193 2383 2263 λελῆσθαι
2419 2192 2509 2245 τὸν
2545 2190 2853 2259 ἄνθρωπον.
2886 2187 3045 2257 Τρισὶ
3084 2184 3180 2239 καὶ
3222 2184 3329 2252 γὰρ
3373 2182 3535 2251 ὑμέσι
3576 2178 3694 2251 διῄ-

2132 2298 2292 2353 ρηται
2322 2284 2348 2334 ὁ
2381 2280 2702 2348 ἐγκέφαλος.
2752 2277 2863 2331 Καὶ
2902 2278 2936 2348 ὴ
2969 2276 3065 2346 μὲν
3092 2277 3125 2346 ἡ
3156 2273 3490 2343 ὲμπρόσθιος
3524 2270 3693 2323 αὑτοῦ

2127 2373 2303 2426 κοιλία
2350 2371 2581 2440 ὄργανόν
2630 2371 2747 2422 ἐστι
2794 2366 2888 2421 τοῦ
2945 2363 3333 2436 φανταστικοῦ,
3370 2365 3402 2433 ή
3446 2363 3501 2413 δὲ
3549 2362 3693 2431 μέση

2130 2460 2308 2517 κοιλία
2329 2459 2559 2529 ὄργανόν
2580 2460 2699 2514 ἐστι
2715 2457 2808 2511 τοῦ
2831 2454 3191 2527 διανοητικοῦ,
3227 2455 3317 2506 καὶ
3338 2455 3372 2522 ἡ
3398 2454 3563 2522 ὲτέρα
3588 2452 3695 2502 πά-

2127 2553 2212 2606 λιν
2245 2553 2338 2605 τοῦ
2376 2550 2834 2622 μνημονευτικοῦ.
2856 2550 3127 2618 Πρότερον
3157 2548 3257 2616 μὲν
3291 2546 3397 2614 γὰρ
3422 2544 3694 2613 φανταζό-

2129 2645 2271 2715 μεθα
2322 2645 2438 2695 τόδε
2479 2643 2538 2695 τὸ
2569 2643 2836 2711 πρᾶγμα·
2881 2640 3018 2711 μετὰ
3071 2639 3244 2690 ταῦτα
3273 2634 3691 2704 διαλογιζόμεθα

2125 2737 2187 2789 τὸ
2240 2733 2561 2804 φαντασοὲν,
2600 2734 2652 2784 τί
2700 2750 2759 2784 τε
2814 2732 2908 2786 καὶ
2941 2732 3185 2783 ποταπὸν
3223 2728 3355 2782 αὐτὸ
3394 2728 3489 2797 τὴν
3526 2726 3689 2794 φύσιν

2127 2825 2272 2880 ἐστίν
2294 2843 2308 2857 ο
2338 2821 2442 2878 εἷθ’
2479 2824 2648 2885 οὕτως
2678 2826 2744 2893 τῇ
2780 2823 2967 2892 μνήμῃ
2996 2821 3055 2874 τὸ
3100 2819 3343 2873 τοιοῦτον
3373 2817 3688 2871 ἐναποτίθε-

2130 2936 2252 2990 μεν.
2282 2920 2391 2971 Καὶ
2409 2916 2579 2970 ταῦτα
2612 2916 2709 2984 μὲν
2746 2917 2840 2968 ἐπὶ
2868 2916 2978 2969 τῶν
3016 2916 3245 2984 ἑχόντων
3288 2911 3471 2974 καλῶς
3503 2926 3561 2962 τε
3590 2912 3689 2963 καὶ

2127 3010 2294 3078 ὑγιῶς
2320 3024 2334 3041 ⁸
2365 3007 2477 3062 ἀλλ’
2510 3011 2726 3061 ἐπειδὰν
2762 3007 2819 3060 ἓν
2857 3007 2915 3070 ἐξ
2940 3006 3117 3058 αὐτῶν
3149 3005 3311 3058 πάθει
3337 3004 3442 3055 τινὶ
3463 3002 3685 3070 όπωσδή

2128 3118 2258 3154 ποτε
2308 3102 2599 3174 περιπέσῃ,
2633 3103 2752 3154 τότε
2783 3099 2904 3152 κατ’
2935 3101 3113 3151 ἐκεῖνο
3158 3098 3218 3149 τὸ
3272 3099 3435 3169 μέρος
3472 3098 3503 3163 ὴ
3539 3096 3688 3166 ψυχὴ

2128 3190 2381 3259 καθαρῶς
2418 3192 2659 3259 ἐνεργεῖν
2712 3189 2771 3241 οὐ
2820 3188 3068 3243 δύναται.
3112 3185 3296 3240 Ταῦτα
3342 3185 3418 3250 δὲ,
3472 3185 3688 3248 τέκνον,

2128 3278 2423 3346 ὑποτίθημί
2454 3294 2558 3341 σοι,
2596 3279 2745 3339 ὅπως
2784 3276 2859 3346 μὴ
2888 3278 3015 3339 τοὺς
3058 3275 3166 3329 τῶν
3197 3276 3443 3343 ἀστέρων
3474 3289 3691 3341 σχημα-

2125 3371 2350 3438 τισμοὺς
2378 3368 2612 3421 αἰτιάσει
2653 3367 3091 3440 καθυποὸάλλῃς,
3126 3367 3179 3421 st
3205 3383 3263 3436 γε
3299 3367 3543 3436 φυσικοῖς
3573 3377 3693 3415 τισι

2125 3462 2304 3529 λόγοις
2333 3460 2400 3514 τὰ
2437 3458 2665 3514 τοιαῦτα
2686 3458 2934 3529 γίνεσθαι
2965 3459 3145 3514 εῑωθε.

521 3756 635 3827 (25)
663 3758 769 3817 Kal
822 3758 977 3830 οἰξτω
1010 3761 1247 3832 μόνη...
1297 3763 1753 3831 θεραπεύονται.
1794 3763 1874 3818 Ex
1906 3760 1948 3819 V
1987 3769 2043 3820 et
2071 3762 2136 3818 Ε.

462 3954 3653 3985 mm

1225 4123 1844 4264 TMHMA
1945 4096 2898 4263 AEYTEPO’N".

1775 4464 2129 4578 PARS
2215 4466 2359 4575 ll.

1202 4690 1307 4749 AB
1348 4687 1632 4751 ΑΠΑΜο
1676 4685 1932 4758 USQUE
1982 4686 2075 4744 AD
2121 4682 2469 4745 CIESARIS
2516 4680 2939 4744 IMPERIUM.

518 4984 595 5035 Ac
615 4994 803 5035 sumus
831 4979 1048 5049 quidem
1080 4979 1347 5033 hactenus
1378 4975 1718 5044 longioribus
1750 4973 1805 5027 in
1838 4986 2007 5040 expo-
2042 4979 2050 5032 ι

2191 4968 2375 5022 Ταῦτα
2407 4969 2506 5038 μὲν
2538 4964 2633 5021 οὖν
2661 4970 2709 5020 εἰ
2737 4971 2830 5023 καὶ
2863 4969 3415 5040 παρεκὸατικώτερον
3444 4971 3681 5041 εἴρηται,

444 5076 642 5129 sitione
700 5074 801 5127 hac
853 5059 1277 5143 Egressionibus
1329 5071 1435 5132 usi,
1495 5082 1683 5121 verum
1741 5065 1791 5117 id
1847 5076 2010 5116 omne

444 5165 625 5220 studio
678 5164 916 5220 discendi
972 5148 1247 5233 tuu,‘quo
1297 5175 1428 5217 sane
1475 5157 1731 5229 singulari
1794 5155 2007 5224 ﬂagras,

444 5259 707 5312 tributum
757 5268 862 5312 est.
899 5256 1114 5327 Quippe
1167 5255 1295 5309 dum
1343 5249 1647 5321 cupiditati,
1683 5263 1779 5302 ceu
1833 5249 2007 5312 vides,

442 5361 545 5403 nuc
589 5349 971 5421 gratiﬁcantur,
1012 5359 1209 5417 magno
1261 5346 1375 5398 lucc
1424 5343 1608 5397 labore
1651 5350 1818 5409 atque
1851 5339 2010 5393 indu—

2114 5062 2250 5117 ἀλλὰ
2294 5060 2652 5131 φιλομαθείας
2699 5061 2861 5115 ἕνεκα
2911 5052 3128 5126 πάντως
3169 5063 3268 5132 τῆς
3313 5065 3432 5133 σῆς.
3466 5064 3679 5131 Ἐφέσει

2115 5158 2213 5210 καὶ
2234 5158 2360 5224 γὰρ,
2391 5156 2463 5218 ὡς
2492 5155 2644 5224 ὁρᾷς,
2673 5157 2741 5225 τῇ
2770 5157 2835 5224 σῇ
2858 5156 3235 5225 χαριζόμενος,
3265 5159 3355 5209 καὶ
3380 5156 3681 5223 φιλοπόνως

2115 5248 2285 5300 ταῦτα
2344 5247 2600 5310 συνέλεξα
2643 5246 2740 5298 καὶ
2782 5244 3081 5315 φιλοτίμως
3119 5248 3255 5315 τῷδε
3302 5245 3550 5316 διείληφα
3599 5245 3682 5316 τῷ

2113 5339 2469 5406 συντάγματι.

437 5446 569 5500 stria
619 5447 933 5517 collegimus
991 5457 1045 5497 ct
1092 5443 1147 5495 in
1184 5443 1329 5495 hunc
1378 5439 1833 5494 commentarium
1886 5436 2130 5491 studiose
2159 5436 2502 5505 digessimus.

508 5586 525 5604 ⁴
555 5582 613 5635 lu
645 5599 743 5635 ms.
778 5583 838 5636 F.
867 5584 1053 5637 titulus
1082 5589 1304 5650 apparet
1332 5580 1610 5649 augustior
1675 5578 1863 5635 ΑΡΧΗ
1931 5580 2050 5633 ΤΙιὲ

2129 5579 2648 5643 ίΡΟΝΟΓΡΑΦΙΑΣ,
2706 5579 2903 5635 deinde
2948 5580 3090 5634 alter
3140 5578 3337 5645 minor,
3374 5575 3513 5646 Περὶ
3559 5573 3679 5647 τῆς

436 5656 831 5721 φυσιολοίίιις
862 5653 965 5705 τοῦ
1004 5653 1137 5719 ἀνίη
1154 5652 1338 5704 ώπου.
