4062 6186
313 327 397 392 233

1510 341 1913 404 ANNALIUM
1966 349 2157 410 PARS
2198 351 2282 411 ll.

3404 348 3511 410 23L

364 442 516 512 Γεννᾷ
564 444 742 498 τοίνυν
788 443 816 500 6
858 446 1028 519 Ἀδάμ
1061 450 1155 504 τὸν
1205 452 1369 514 Κάῖν,
1418 453 1506 505 τὸν
1527 452 1716 518 Ἀδελ,
1747 455 1836 507 τὸν

1944 460 2100 528 117
2157 459 2467 515 Secundth
2525 459 2639 514 hrec
2701 458 2940 512 A-lamus
2999 456 3250 522 Cainum,
3287 459 3510 513 Ahclum

308 535 413 603 Σὴθ,
446 535 744 607 θυγατέρας
778 537 834 590 δὲ
883 541 998 607 δύο,
1033 541 1176 596 καθά
1218 560 1350 613 φησι
1397 544 1696 615 Γεώργιος,
1739 546 1837 616 τὴν

313 626 562 696 Ἀζούραν,
592 629 660 698 ἣν
689 631 716 682 6
744 629 886 684 Κάῖν
917 631 1112 687 ἔλαϐεν
1145 637 1228 699 εἱς
1279 638 1539 703 γυναῖκα,
1594 639 1689 690 καὶ
1739 637 1839 707 τὴν

313 719 544 787 ’Λσουάμ,
579 720 647 789 ἣν
667 720 860 781 ἔλαϐεν
890 726 917 776 6
961 725 1106 796 Σήθ·
1142 729 1169 781 6
1211 730 1321 799 γὰρ
1359 729 1524 782 Ἀἥελ
1559 729 1838 798 φονευθεὶς

305 811 428 877 παρὰ
449 810 534 862 τοῦ
555 811 693 865 Κάῖν
718 811 806 866 διὰ
825 813 1020 883 φθόνον
1045 817 1254 886 ἀπῆλθε
1281 821 1568 889 παρθένος.
1588 818 1839 887 Ἐφθόνει

301 900 347 952 δὲ
372 903 439 968 τῷ
462 903 623 956 Ἅϐελ
651 905 679 958 6
729 907 887 970 Κάῖν,
924 908 1006 961 ὅτι
1038 912 1311 982 προσέσχε
1363 914 1483 972 ταῖς,
1527 913 1695 966 αὑτοῦ
1740 911 1838 965 θυ-

304 995 425 1059 σίαις
448 997 475 1051 6
493 998 622 1063 Θεὸς
665 999 868 1070 μᾶλλον
893 1003 925 1074 ἢ
952 1004 1072 1065 ταῖς
1111 1005 1206 1058 τοῦ
1239 1008 1396 1061 Κάῖν.
1429 1006 1832 1076 Ἀπεστρέφετο

298 1088 344 1140 δὲ
376 1091 512 1159 παρὰ
553 1093 650 1146 τοῦ
678 1095 820 1148 Κάῖν
850 1097 918 1150 τὰ
957 1099 1349 1168 προσαγόμενα
1393 1097 1491 1169 οὐχ
1522 1101 1606 1152 ὅτι
1630 1099 1836 1168 καρποὶ

297 1173 412 1247 ἦσαν
439 1181 540 1235 ἀπὸ
575 1186 674 1253 τῆς
723 1185 850 1254 γῆς,
901 1189 1044 1242 καθά
1095 1208 1261 1258 φησιν
1297 1193 1324 1244 6
1359 1191 1668 1262 rrapdtppwv
1705 1191 1838 1243 ’Iou-

295 1270 466 1335 λιανδς,
506 1277 605 1344 τὴν
627 1277 934 1340 ζωοθυσίαν
963 1279 1274 1350 εὐμεθόδως
1315 1271 1569 1351 είσάγων,
1609 1281 1726 1336 ἀλλ’
1751 1281 1834 1334 ὅτι

293 1360 510 1430 ἀχρηστα
533 1361 694 1435 ἦσαν.
725 1371 1004 1442 Προσέσχε
1030 1372 1216 1427 λοιπὸν
1234 1376 1348 1436 τοῖς
1373 1376 1469 1428 τοῦ
1503 1373 1672 1428 ’Δσελ
1689 1387 1704 1403 ο
1729 1373 1837 1426 ἀπὸ

291 1452 381 1504 τῶν
405 1460 777 1524 πρωτοτοκίων
801 1464 895 1515 καὶ
916 1465 1026 1533 γὰρ
1057 1466 1250 1530 ταῦτα,
1277 1467 1526 1520 τουτέστι
1550 1465 1657 1519 τῶν
1685 1465 1834 1529 ἐξαια

295 1542 458 1608 ρέτων,
493 1548 570 1611 ὡς
621 1553 649 1604 6
717 1557 1128 1627 χρυσοῤῥήμων
1173 1559 1326 1626 φησί.
1373 1557 1484 1628 Τὴν
1516 1554 1836 1626 προαίρεσιν

289 1635 449 1691 λοιπὸν
477 1641 564 1694 καὶ
603 1644 923 1715 ἀποδέχεται
953 1649 1048 1702 καὶ
1092 1650 1162 1704 αὖ
1185 1650 1607 1721 ἀποστρέφεται»
1639 1648 1834 1715 οὐμεν-

287 1723 366 1780 οῦν
385 1732 511 1786 αὐτὰ
537 1735 607 1787 τά
640 1742 1047 1807 προσαγόμενα.

1945 549 2286 620 Scthumque
2335 552 2544 620 genuit,
2596 560 2652 605 et
2714 551 2852 604 lilias
2895 551 3053 613 duas,
3108 550 3184 604 ttti
3243 549 3513 620 Georgius

1941 641 2219 694 memori:e
2274 641 2530 710 prodidit,
2588 643 2822 694 Azuratn
2877 640 3154 704 videlicet,
3209 656 3330 707 qua:
3386 655 3511 694 cum

1939 729 2112 786 Caino
2139 743 2307 802 nupta
2341 733 2462 796 fuit,
2493 743 2546 787 et
2584 731 2806 796 Asuam,
2835 749 2998 800 quam
3043 733 3248 787 Sethus
3285 748 3511 787 uxorem

1940 825 2153 895 accepit
2191 842 2204 878 :
2236 825 2436 879 etenim
2479 823 2682 877 Abelus
2711 838 2807 892 per
2850 823 3108 877 invidiam
3151 839 3180 878 a
3213 822 3382 876 Caino
3415 837 3515 876 ne-

1938 928 2094 972 catus
2149 931 2340 970 exsors
2397 913 2637 985 coniugii
2690 930 2752 968 ac
2805 916 2952 984 virgo
3001 915 3261 970 decessit.
3311 915 3512 980 Causa,

1937 1009 2295 1078 quamobrem
2350 1008 2519 1061 Abelo
2577 1007 2781 1062 Cainus
2834 1007 3134 1073 invideret,
3201 1009 3319 1063 haec
3369 1016 3510 1069 erat,

1937 1099 2084 1168 quod
2135 1098 2422 1153 sacrificiis
2464 1099 2583 1167 ejus
2635 1098 2807 1169 magis
2850 1097 2994 1152 Deus
3047 1106 3194 1153 esset
3242 1101 3515 1170 propitius

1936 1207 2100 1261 quam
2153 1189 2427 1255 Cainicis,
2499 1205 2620 1260 quae
2676 1190 2905 1244 omnino
2959 1190 3346 1257 aversabatur,
3402 1206 3514 1246 non

1935 1281 2062 1349 quia
2116 1289 2276 1334 terra:
2329 1280 2538 1334 frui-tus
2597 1281 2688 1335 ille
2752 1279 2995 1344 oll‘erret,
3055 1280 3512 1349 quemadmodum

1935 1388 2172 1428 vesanus
2222 1373 2310 1426 ille
2359 1369 2607 1426 Julianus
2655 1371 2900 1441 scripsit,
2934 1372 3253 1426 animalium
3311 1382 3519 1426 macta-

1935 1470 2114 1520 tiones
2177 1465 2281 1519 hoc
2346 1474 2667 1534 argumento
2721 1464 3085 1533 comprobare
3147 1464 3358 1527 volens,
3419 1463 3518 1516 sed

1933 1556 2078 1624 quod
2129 1555 2337 1609 inutilia
2373 1570 2598 1623 prorsus
2647 1563 2857 1609 essent.
2914 1554 3102 1620 lta'jue
3157 1553 3301 1607 Deus
3353 1553 3514 1607 Abeli

1935 1641 2202 1699 sacrificia
2234 1642 2582 1714 respiciebat,
2607 1657 2726 1712 qua:
2750 1642 2838 1696 ille
2868 1642 2937 1696 de
2971 1657 3228 1710 pecorum
3266 1656 3515 1713 suorum,

1935 1743 1991 1788 et
2043 1732 2264 1801 quidem
2317 1731 2668 1793 eximiorum,
2699 1729 3020 1800 primigenis
3068 1728 3330 1784 olfcrcbat
3365 1745 3377 1781 :
3411 1727 3518 1782 hoc

287 1829 376 1884 est,
404 1831 457 1875 ut
499 1822 876 1896 Chrysostomi
916 1833 1093 1888 verbis
1148 1844 1290 1901 utar,
1351 1835 1665 1891 institutum
1734 1826 1903 1885 animi
1941 1825 2024 1879 vel
2067 1825 2260 1895 probat
2299 1824 2382 1878 vel
2436 1824 2727 1893 improbat,
2759 1837 2866 1876 non
2920 1837 3006 1877 res
3055 1823 3202 1892 ipsas
3235 1837 3354 1890 qum
3386 1817 3520 1874 olle-

287 1924 474 1970 runtur.

353 2013 498 2070 una
533 2019 700 2074 πόθεν
729 2021 758 2074 6
791 2023 931 2078 Κάῖν
981 2027 1062 2089 εἰς
1116 2027 1374 2098 τοιαύτην
1404 2021 1567 2099 ἦλθεν
1605 2005 1836 2087 ἔννοιαν,

2019 2009 2178 2086 118
2213 2011 2322 2069 Sed
2356 2012 2502 2068 enim
2541 2011 2682 2066 unde
2736 2009 2907 2066 Caino
2941 2010 3006 2064 ad
3039 2009 3281 2064 animum
3319 2007 3515 2064 accidit

285 2104 401 2160 ὥστε
424 2109 617 2167 θυσίαν
640 2122 1032 2186 προσενεγκεῖν
1056 2118 1132 2189 τῷ
1160 2119 1313 2190 Θεῷς
1337 2121 1369 2190 ἢ
1395 2121 1615 2185 πάντως
1643 2124 1705 2174 ἐκ
1731 2125 1832 2191 τῆς

285 2201 332 2251 ιν
359 2201 422 2273 τῷ
448 2207 710 2261 συνειδότι
733 2211 896 2263 αὑτοῦ
919 2211 1194 2280 γνώσεως,
1219 2215 1244 2267 6
1275 2211 1512 2285 χρυσοῦς
1539 2215 1636 2286 τὴν
1657 2215 1832 2284 γλῶτ-

283 2309 364 2346 ταν
389 2298 531 2365 φησί.
564 2300 678 2352 Καὶ
704 2301 867 2356 πόθεν
891 2305 922 2374 ρ
956 2305 1094 2359 Κάῖν
1125 2307 1338 2373 ἐπέγνω
1360 2309 1442 2361 ὅτι
1467 2307 1528 2361 οὐ
1561 2310 1831 2379 προσέσχε

283 2389 374 2450 τοῖς
405 2390 565 2444 αὐτοῦ
601 2390 792 2461 δώροις
821 2397 848 2447 6
877 2395 1042 2462 Θεόςς
1081 2397 1210 2451 Ἀπὸ
1236 2397 1328 2452 τοῦ
1363 2399 1438 2469 μὴ
1462 2401 1744 2455 κατελθεῖν
1773 2402 1835 2456 ά-

283 2481 430 2534 νωθεν
453 2484 565 2554 πῦρ
603 2486 692 2538 ἐπὶ
714 2487 833 2549 ταῖς
864 2488 1078 2552 θυσίαις
1109 2489 1299 2556 αὐτοῦ,
1325 2494 1577 2565 καθάπερ
1602 2495 1692 2547 επὶ
1713 2497 1832 2559 ταῖς

281 2571 360 2626 τοῦ
391 2575 553 2630 Ἀδε).
585 2579 812 2646 γέγονεν
836 2597 851 2613 ο
887 2584 982 2635 ἐπὶ
1031 2584 1139 2654 γάρ
1175 2586 1404 2650 ταύταις
1454 2589 1689 2658 κατῆλθε
1720 2589 1832 2659 πῦρ

283 2667 360 2719 καὶ
403 2669 683 2737 ἡνάλωσεν
733 2672 927 2739 αὑτὰς,
967 2675 1064 2744 τὴν
1111 2675 1380 2748 ἀποδοχὴν
1436 2680 1689 2735 ἐντεῦθεν
1737 2681 1831 2736 τοῦ

279 2755 392 2812 Θεοῦ
424 2763 725 2830 παριστῶν.
761 2764 920 2819 Ἀλλὰ
959 2753 1072 2821 καί
1088 2768 1246 2822 τοῦτο
1280 2770 1534 2841 ζητοῦσιν
1571 2773 1832 2838 ἐνταῦθα,

279 2846 352 2902 διὰ
379 2851 426 2904 τί
463 2855 590 2906 κατ’
648 2855 825 2926 ἀρχᾶς
877 2855 989 2929 πῦρ
1041 2858 1140 2929 μὲν
1178 2857 1238 2924 ἐξ
1267 2861 1496 2932 οὐρανοῦ
1531 2865 1856 2935 κατήρχετο

281 2940 359 2993 καὶ
392 2944 484 3006 τὰς
531 2949 960 3019 προσαγομένας
995 2954 1072 3024 τῷ
1104 2954 1222 3025 Θεῷ
1257 2955 1448 3019 θυσίας
1477 2957 1830 3028 ἐπεϐόσκετο,

279 3038 381 3088 νυνὶ
406 3037 459 3090 δὲ
494 3041 662 3093 τοῦτο
684 3044 742 3096 οὐ
779 3047 1008 3109 γίνεται.
1039 3049 1131 3118 Μὴ
1154 3054 1274 3114 ταῖς
1294 3051 1402 3106 τῶν
1435 3051 1590 3117 ζώων
1619 3053 1834 3118 θυσίαις

279 3130 300 3179 ό
329 3129 447 3196 Θεὸς
489 3134 716 3204 ἔχαιρεν
737 3155 750 3204 ;
773 3139 942 3208 Οὐχί·
976 3142 1118 3195 κατὰ
1154 3143 1261 3211 γὰρ
1293 3145 1386 3199 τὸν
1413 3145 1689 3200 θειότατον
1722 3147 1836 3200 Κύ-

281 3223 439 3289 ριλλον
491 3227 668 3290 τύπος
714 3223 782 3298 ἦν
835 3233 1010 3286 ἐκεῖνο
1054 3235 1114 3287 τὸ
1147 3235 1260 3303 πῦρ
1296 3237 1390 3290 καὶ
1437 3237 1837 3308 προεικόνισμὲι

278 3315 354 3370 τοῦ
388 3322 653 3387 παναγίου
687 3323 1003 3392 Πνεύματος
1030 3325 1124 3378 τοῦ
1153 3329 1431 3392 κατιόντος
1462 3331 1560 3399 μὲν
1584 3331 1832 3401 ἀοράτως
1863 3352 1904 3406 c

278 3412 355 3463 καὶ
389 3413 482 3476 τὰς
525 3416 909 3482 πνευματικὰς
943 3417 1101 3487 ἡμῶν
1132 3416 1322 3483 θυσίας
1371 3421 1829 3492 προσδεχομένου,

278 3504 402 3559 καθὰ
431 3507 490 3577 δὴ
522 3509 620 3560 καὶ
656 3508 748 3559 ἐπὶ
781 3509 870 3560 τὸν
901 3509 1136 3579 Χριστὸν
1174 3511 1336 3563 αὐτὸν
1370 3513 1562 3584 κατῄει
1602 3516 1658 3566 ὲν
1705 3515 1834 3584 Ἰορ-

275 3593 387 3664 ὄάνῃ
413 3598 468 3649 τὸ
505 3596 736 3666 Πνεῦμα
759 3597 820 3650 τὸ
851 3598 1026 3665 ἅγιον,
1058 3598 1156 3670 οὐχ
1189 3599 1263 3662 ὡς
1303 3601 1557 3668 δεόμενον
1588 3603 1836 3673 Πνιύμα-

277 3703 372 3750 τος,
395 3691 506 3742 ἀλλ’
538 3693 635 3745 ἵνα
671 3691 933 3759 μάθωμεν
963 3693 1046 3746 ὅτι
1074 3693 1170 3748 καὶ
1220 3695 1313 3747 ἐπὶ
1369 3697 1536 3749 παντὶ
1572 3694 1836 3765 βαπτιζο-

276 3782 404 3850 μὲνερ
430 3785 684 3855 ἀοράτως
715 3785 773 3838 το
807 3787 1032 3856 Πνεῦμα
1063 3787 1278 3842 κάτεισι
1337 3789 1431 3841 καὶ
1478 3789 1697 3857 ἁγιάζει
1732 3791 1834 3848 αὖ-

272 3872 365 3925 τόν.
403 3876 462 3928 ΕΞ
490 3877 547 3928 δὲ
583 3880 683 3929 καὶ¹
712 3875 828 3939 νῦν,
887 3879 1164 3950 ἀγαπητὲ,
1213 3884 1417 3950 σημεῖα
1456 3883 1679 3938 τοιαῦτα
1734 3885 1833 3956 οὐχ

268 3962 404 4031 ὁρᾷς,
440 3967 515 4033 μὴ
541 3965 810 4020 ἀπίστει·
853 3967 902 4017 εί
949 3967 1057 4039 γὰρ
1090 3969 1183 4021 καὶ
1231 3969 1382 4038 ὄψεις
1416 3971 1663 4040 ἐγένοντο
1713 3972 1834 4025 κατ’

269 4056 426 4122 ἀρχὰς
461 4058 734 4126 αἰσθηταὶ
776 4058 863 4112 διά
889 4075 952 4124 γε
988 4061 1114 4122 τοὺς
1141 4063 1516 4130 ἀνοητοτέρους
1547 4063 1834 4130 ἐπικειμέ-

267 4163 396 4210 νους,
419 4150 492 4209 ὠ,
523 4155 552 4203 6
581 4154 996 4220 χρυσορρήμων
1049 4153 1308 4224 Ἰωάννης
1338 4157 1496 4224 φησὶ,
1535 4158 1631 4209 καὶ
1667 4157 1835 4227 μηδε-

272 4238 385 4301 μίαν
415 4239 631 4293 ἔννοιαν
659 4243 956 4307 ἀσωμάτου
991 4242 1208 4311 φύσεως
1236 4245 1578 4315 δυναμένους
1621 4238 1831 4306 λαϐεῖν.

269 4330 368 4380 ἀλλ’
397 4334 527 4402 ἡμῖν
585 4335 863 4403 αἰσθητῶν
909 4337 1082 4406 όψεων
1109 4339 1208 4389 οὐκ
1263 4337 1380 4391 ἔστι
1430 4341 1588 4408 χρεία
1621 4339 1831 4405 λοιπὸν,

269 4420 374 4473 ἀντὶ
424 4424 654 4477 πάντων
712 4426 988 4496 ἀρκούσης
1035 4430 1132 4492 τῆς
1167 4429 1407 4490 πίστεως
1438 4445 1450 4457 ⁸
1483 4429 1551 4481 τὰ
1597 4431 1704 4497 γὰρ
1740 4445 1836 4496 ση-

270 4517 404 4580 μῖῑα,
434 4519 596 4586 φησι,
631 4518 743 4581 τοῖς
785 4517 1063 4585 ἀπίστοις,
1093 4519 1155 4572 οὐ
1203 4519 1310 4589 μὴν
1358 4521 1545 4582 αὐτοῖς
1591 4521 1704 4583 τοῖς
1741 4535 1836 4573 πι-

272 4607 442 4659 στεύοι
455 4624 530 4662 σι.

337 4855 440 4908 Καὶ
475 4857 506 4910 6
559 4861 660 4926 μὲν
707 4855 868 4920 Κάῖν,
919 4858 1193 4928 άγαπητὲ,
1269 4857 1454 4928 μεῖζον
1505 4859 1756 4929 ἥμαρτεν
1801 4859 1834 4932 ἢ

271 4950 296 4997 6
343 4948 534 5018 Ἀδάμ.
601 4949 716 5003 Καὶ
767 4949 928 5017 δῆλον
966 4951 1030 5004 ἐκ
1061 4951 1159 5018 τῆς
1210 4951 1502 5020 γεγονυίας
1545 4955 1681 5022 προς
1737 4954 1835 5007 αὖ·

273 5038 386 5100 τοὺς
418 5041 671 5111 κατάρας
713 5039 807 5092 τοῦ
839 5041 1000 5095 Θεοῦ.
1063 5039 1188 5093 Ἐπὶ
1227 5041 1324 5110 μὲν
1357 5042 1466 5112 γὰρ
1500 5042 1596 5096 τοῦ
1635 5041 1834 5113 Ἀδὰμ,

278 5148 291 5177 ι
327 5131 769 5202 Ἐπικατάρατος
809 5135 942 5204 ὴγῆ
993 5135 1049 5184 ὲν
1098 5135 1212 5196 τοῖς
1256 5134 1438 5201 ἔργοις
1466 5126 1622 5188 ’σοῦ’
1675 5154 1692 5186 ι
1743 5135 1838 5188 ἐπὶ

270 5222 322 5274 δὲ
363 5226 457 5278 τοῦ
529 5227 707 5293 Κάῖν,
755 5227 1002 5298 ὀλεθρίου
1067 5227 1219 5290 ὄντος
1277 5225 1371 5279 τοῦ
1430 5227 1837 5297 πλημμελήμα-

273 5332 378 5379 τος,
408 5320 575 5381 αὐτὸς
611 5320 640 5370 6
669 5320 809 5372 Κάῖν
847 5319 946 5390 τὴν
976 5321 1226 5388 κατάραν
1276 5317 1517 5384 ἐδέξατο.
1553 5319 1660 5372 Καὶ
1713 5319 1838 5372 τού-

275 5421 360 5458 του
387 5411 550 5478 χάριν
585 5411 710 5463 οὐδὲ
761 5411 970 5481 ταχέως
1015 5412 1280 5478 ἐπάγεται
1319 5412 1494 5483 τούτῳ
1521 5415 1548 5466 6
1589 5411 1840 5480 θάνατος,

277 5499 354 5551 ἴνα
389 5505 483 5554 καὶ¹
515 5505 628 5562 τοῖς
659 5503 864 5568 λοιποῖς
892 5505 1210 5568 διδάσκαλος
1251 5505 1476 5577 γένηται

345 5773 386 5806 ⁸⁷
425 5775 442 5829 l
474 5775 606 5828 Cor.
641 5789 751 5841 xxv,
783 5776 786 5784 ’

1935 2117 1994 2162 ιιι
2021 2107 2128 2160 Deo
2155 2106 2484 2160 sacrificium
2518 2104 2861 2159 olIerendum
2899 2102 3347 2172 esselstatuerct?
3383 2116 3513 2155 nutn

1933 2215 2000 2254 cx
2047 2199 2397 2254 conscientia:
2448 2197 2640 2250 notitia
2685 2195 2942 2265 quadam,
2979 2206 3037 2248 ut
3089 2188 3515 2264 Chrysosmntus

1935 2291 2048 2344 ait?
2078 2290 2144 2344 Et
2176 2289 2319 2344 unde
2361 2289 2580 2342 tandem
2603 2287 2808 2342 Cainus
2861 2287 3003 2340 idem
3035 2286 3310 2339 intellexit
3343 2285 3512 2337 Deum

1936 2396 2163 2436 munera
2197 2396 2294 2434 sua
2327 2395 2433 2433 non
2464 2377 2780 2447 respicere?
2825 2375 3094 2430 Nimirum
3140 2391 3209 2430 ex
3258 2391 3324 2430 eo
3369 2377 3514 2444 quod

1934 2470 1990 2525 in
2045 2473 2167 2542 ejus
2231 2472 2438 2525 huSllaS
2486 2471 2626 2540 ignis
2686 2485 2716 2523 e
2766 2469 2907 2523 cwlo
2970 2485 3078 2521 non
3141 2467 3514 2531 delaberetur,

1933 2565 2392 2635 quemadmodum
2451 2566 2503 2618 in
2550 2563 2700 2618 Abeli
2743 2563 3024 2618 sacriﬁciis
3060 2563 3175 2616 ﬁeri
3212 2575 3517 2616 consueve-

1935 2669 2041 2714 rat.
2072 2660 2210 2713 Nam
2263 2659 2382 2727 ejus
2438 2659 2644 2710 hostias
2687 2658 2830 2728 ignis
2867 2673 3104 2725 superne
3154 2657 3373 2710 delatus
3412 2655 3511 2710 ab-

1937 2751 2206 2812 sumebat,
2231 2765 2338 2819 quo
2370 2750 2487 2818 ipso
2513 2748 2899 2803 deelaraltatttr
2933 2748 3102 2804 Deum
3135 2763 3229 2802 eas
3259 2758 3514 2817 acceptas

1935 2853 1990 2897 et
2022 2852 2200 2912 gratas
2229 2842 2451 2894 habere.
2485 2838 2638 2893 Solet
2670 2839 2803 2892 illud
2837 2841 3001 2894 etiam
3039 2841 3136 2892 hoe
3170 2839 3290 2893 loco
3319 2840 3511 2909 quani,

1938 2933 2289 3002 quamobrem
2323 2932 2481 2984 initio
2531 2931 2599 2984 de
2645 2932 2785 2986 cmlo
2818 2931 3074 2999 delapsus
3117 2931 3257 2999 ignis
3303 2929 3514 2986 oblatas

1940 3027 2148 3082 hostias
2185 3025 2292 3080 Deo
2335 3023 2752 3094 depascebatur,
2789 3041 2911 3078 eum
2945 3025 2997 3079 id
3035 3026 3198 3078 modo
3243 3041 3352 3078 non
3389 3026 3512 3079 fiat?

1938 3119 2077 3174 Num
2129 3120 2364 3175 victimis
2406 3117 2724 3196 animalium
2778 3116 2918 3171 Deus
2961 3117 3374 3172 oblectabatur?
3403 3117 3512 3172 Ne-

1939 3227 2230 3282 quaquam,
2262 3211 2355 3265 sed
2388 3211 2460 3262 uti
2495 3207 2730 3278 Cyrinus
2760 3209 2957 3277 inquit,
2987 3209 3128 3280 ignis
3153 3209 3240 3262 ille
3271 3220 3428 3280 typus
3459 3219 3516 3264 et

1941 3301 2116 3371 imago
2159 3301 2334 3356 sancti
2384 3298 2626 3368 Spiritus
2668 3310 2810 3360 erat,
2843 3300 2936 3368 qui
2972 3300 3259 3354 descendit
3296 3303 3516 3372 inaspe‘

1938 3394 2210 3450 ctabiliter
2248 3402 2303 3446 et
2333 3391 2648 3462 spirituales
2678 3392 2928 3446 victimas
2979 3401 3197 3448 no-=tras
3229 3403 3512 3463 acceptat;

1937 3483 2394 3556 quemadmodum
2461 3484 2514 3537 in
2584 3485 2761 3554 ipsum
2832 3501 3054 3554 quoque
3123 3485 3402 3540 Clnistum
3459 3487 3514 3540 in

1933 3578 2171 3633 Iordane
2201 3575 2590 3642 descendebat,
2624 3592 2733 3631 non
2765 3578 2909 3646 quod
2961 3578 3050 3630 ille
3101 3578 3340 3647 Spiritus
3383 3593 3515 3648 ege-

1937 3680 2041 3734 ret,
2071 3669 2166 3723 sed
2200 3668 2275 3723 uti
2315 3683 2416 3722 nos
2460 3668 2800 3724 disceremus
2843 3667 3105 3739 Spiritum
3163 3670 3215 3722 in
3261 3669 3513 3738 quemvis

1939 3761 2239 3827 hominem,
2282 3763 2374 3831 qui
2403 3759 2731 3829 baptizatur,
2773 3761 3245 3830 inaspectrtbililer
3279 3761 3512 3816 descen-

1933 3855 2062 3909 dere
2093 3870 2156 3907 ac
2194 3869 2317 3908 eum
2343 3852 2705 3908 sanctiﬁcare.
2735 3849 3004 3907 Caeterum
3035 3868 3378 3922 nequaquam
3414 3852 3511 3904 tEbi

1935 3965 2083 4005 nunc
2143 3947 2447 4019 ahjicienda
2509 3958 2593 4003 est
2653 3945 3129 4016 lideSprOpterea,
3176 3948 3319 4014 quod
3386 3945 3511 4000 talia

1937 4042 2176 4112 prodigia
2205 4039 2368 4094 modo
2400 4039 2548 4094 nulla
2577 4033 2786 4093 videas.
2813 4038 3074 4103 Quamvis
3113 4037 3260 4091 enim
3297 4047 3513 4105 speeta-

1937 4133 2057 4189 cula
2107 4136 2353 4203 qua‘dam
2418 4132 2640 4188 sensilia
2695 4141 2826 4186 tunc
2880 4129 3051 4185 oculis
3109 4127 3515 4184 exhibebantur

1934 4241 2124 4280 eorum
2173 4241 2336 4280 causa
2371 4221 2465 4295 qui
2516 4223 2681 4295 paulo
2717 4221 2970 4278 rudiores
3000 4222 3196 4276 animis
3246 4231 3423 4283 erant,
3459 4232 3518 4275 ut

1935 4316 2308 4386 Chrysostomi
2345 4313 2528 4369 verbis
2578 4325 2720 4374 utar,
2768 4329 2870 4367 nec
2918 4311 3300 4379 incorporoam
3354 4324 3512 4366 natu-

1935 4421 2052 4459 ram
2102 4403 2435 4476 cogitatione
2495 4405 2783 4475 complecti
2841 4412 3116 4473 poterant,
3169 4421 3275 4457 non
3335 4415 3510 4458 tamen

1937 4495 2140 4550 idcirco
2171 4511 2397 4550 necesse
2442 4505 2528 4549 est
2581 4496 2739 4548 nobis
2791 4491 2976 4548 oll'erri
3007 4495 3304 4562 spectanda
3332 4483 3512 4548 consi-

1937 4585 2105 4646 milia.
2137 4605 2259 4642 cum
2296 4587 2511 4641 illorum
2563 4587 2808 4641 omnium
2847 4588 2966 4642 loco
2997 4587 3127 4642 lides
3176 4587 3332 4640 nobis
3370 4585 3514 4640 solli-

1870 4703 1914 4756 ι)
1943 4680 2069 4733 ciat.
2098 4677 2230 4731 Nam
2268 4677 2540 4747 prodigia,
2573 4687 2635 4731 ut
2686 4678 2777 4731 ille.
2832 4678 2907 4731 ait
2939 4677 3012 4742 ⁵⁷,
3055 4677 3366 4731 inﬁdelibus
3398 4693 3513 4732 ser-

1947 4769 2124 4828 viunt.
2160 4786 2268 4823 non
2303 4767 2461 4823 [idem
2493 4769 2839 4824 habentibus.

2015 4859 2127 4915 Nec
2180 4861 2418 4928 ignores,
2449 4859 2646 4916 dilecte
2703 4859 2799 4923 fili,
2839 4859 3056 4932 gravius
3101 4860 3330 4918 Cainum
3384 4861 3518 4916 deli-

1945 4951 2130 5021 quisse
2181 4966 2344 5018 quam
2382 4951 2684 5016 Adamum;
2732 4950 2782 5003 id
2813 4951 2955 5020 quod
2992 4966 3058 5005 ex
3094 4953 3380 5019 utriusque
3420 4967 3515 5018 pth

1947 5049 2054 5098 test
2110 5041 2340 5113 intelligi
2401 5043 2802 5105 exsecratione,
2830 5044 2917 5096 cui
2970 5044 3230 5098 divinitus
3283 5039 3512 5112 subjecti

1949 5141 2099 5186 sunt.
2157 5131 2291 5185 Nam
2349 5131 2416 5186 de
2477 5131 2688 5184 Adamo
2744 5132 2942 5186 dicitur
2991 5149 3004 5186 :
3055 5151 3074 5184 ι
3135 5131 3556 5187 Exsccratione-

1947 5223 2130 5278 infelix
2166 5222 2271 5276 erit
2304 5223 2504 5275 humus
2543 5229 2764 5290 propter
2793 5238 2854 5276 ea
2884 5239 3002 5292 quae
3032 5223 3368 5295 designasti;
3407 5242 3426 5274 ι
3462 5230 3518 5275 at

1946 5330 2079 5371 vero
2113 5315 2238 5384 quia
2293 5311 2449 5370 Caini
2485 5314 2742 5374 delictum
2797 5327 2914 5370 erat
2959 5316 3196 5378 exitiale,
3227 5325 3514 5384 propterea

1948 5405 2152 5462 Gainus
2197 5405 2421 5476 ipsemet
2467 5405 2897 5462 exsecrationem
2950 5406 3296 5461 commeruit.
3357 5403 3514 5456 Eam-

1947 5497 2070 5550 detn
2129 5495 2199 5550 ob
2252 5511 2470 5550 causam
2533 5512 2635 5550 nec
2689 5497 2942 5551 celeriter
3001 5495 3251 5557 moritur,
3284 5508 3389 5555 quo
3427 5489 3513 5544 Iti-

1949 5586 2147 5639 mirum
2191 5594 2244 5640 et
2295 5586 2430 5641 alios
2475 5587 2724 5655 exemplo
2769 5602 2866 5639 suo
2916 5581 3408 5637 commonefaceret
3450 5595 3515 5636 ac

1945 5671 2210 5731 crudiret‘.
