4062 6186
483 317 589 388 9.35

1744 316 1979 381 MiCUA
1997 324 2160 386 ELIS
2200 327 2456 387 GLYCAi

3610 323 3716 386 236

559 456 578 488 ι
619 426 873 506 Quisquis
929 450 1015 490 me
1076 437 1361 503 repererit,
1418 432 1649 496 occidet,
1690 454 1706 485 ι
1758 436 1931 505 inquit
1984 437 2050 491 de

2231 460 2250 492 ι
2303 443 2459 503 Πᾶςό
2493 439 2764 509 εὑρίσκων
2790 456 2856 507 με
2889 438 3185 494 ἀποκτενεῖ
3225 455 3312 507 με.
3366 455 3385 489 ι
3441 436 3614 491 Τοῦτο
3657 438 3713 492 δὲ

482 530 782 599 semetipso
808 528 1029 591 Cainus,
1057 535 1111 579 et
1138 525 1356 593 quidem
1405 525 1470 578 ad
1511 527 1876 580 membrorum
1918 542 2045 581 suo-

481 628 599 675 rum
628 611 955 674 iutationem
992 618 1310 686 respiciens.
1340 617 1537 671 Verum
1568 619 1712 673 Deus
1735 633 1765 673 e
1788 620 2002 673 diverso
2029 659 2045 685 ,

488 724 506 760 ι
546 706 621 763 Ne
657 707 750 763 tibi
783 705 1180 771 farmidaveris,
1220 726 1237 759 ι
1273 708 1394 761 ait:
1434 726 1453 759 ι
1492 724 1617 761 nam
1653 708 1745 777 qui
1791 718 1845 764 te
1884 723 2049 764 neca-

478 801 636 865 verit,
674 799 907 868 septupli
940 798 1238 852 vindictam
1296 798 1586 855 sustinebit
1614 798 1682 863 θ’,
1725 817 1743 849 ι
1811 801 1912 855 hoc
1962 807 2048 853 est

479 900 681 957 septem
741 892 916 959 pmuis
966 892 1203 957 seipsnm
1245 891 1540 946 obnoxium
1574 889 1758 945 faciet.
1790 888 1848 946 In
1902 888 2047 945 hunc

478 982 700 1034 modum
751 983 866 1035 hate
900 984 1200 1050 perscripta
1258 982 1506 1052 legimus.
1541 980 1806 1052 Georgius
1863 992 2043 1035 autem

482 1074 755 1127 memorie
821 1076 1003 1143 prodit
1074 1075 1303 1127 Cainttm
1357 1070 1655 1128 miserabili
1712 1083 1885 1127 morte
1949 1084 2048 1141 per

446 1230 451 1235 1
481 1163 879 1233 ignorationem
934 1159 1106 1218 fuisse
1136 1165 1512 1233 iperemptum,
1548 1160 1622 1218 ttti
1664 1178 1823 1234 quem
1854 1157 2047 1217 Lame-

480 1257 617 1312 ehus
661 1258 729 1310 ab
757 1257 929 1310 oculis
976 1251 1269 1311 destitutus
1318 1242 1607 1322 occiderit;
1636 1250 1779 1326 quod
1820 1271 1951 1310 sane
1985 1255 2049 1308 ii-

482 1347 601 1403 dem
887 1349 1083 1401 mereri
1150 1348 1357 1417 nequit.
1422 1344 1552 1400 Nam
1603 1348 1746 1416 quis.
1796 1348 2044 1413 obsecro,

484 1434 625 1495 scire
663 1445 840 1510 potest
883 1453 1012 1492 num
1048 1440 1247 1494 Cainus
1279 1441 1459 1492 adhuc
1488 1434 1748 1492 Lamechi
1788 1437 2047 1505 tempori-

481 1530 582 1586 bus
605 1535 881 1601 superstes
913 1525 1108 1586 fuerit?
1139 1524 1284 1586 Certi
1335 1525 1469 1583 nihil
1506 1530 1670 1583 statui
1706 1524 1772 1584 de
1810 1528 1915 1583 hoc
1950 1542 2049 1599 po-

480 1627 605 1686 test,
638 1636 760 1675 cum
807 1636 981 1675 annos
1024 1630 1369 1690 posterorum
1422 1620 1577 1674 Caini
1626 1616 1801 1673 Moses
1833 1616 1906 1673 ita
1938 1632 2049 1673 me-

480 1713 666 1767 moriae
694 1728 799 1766 non
826 1714 1148 1783 prodiderit,
1183 1723 1239 1767 ut
1278 1714 1631 1766 oriundorum
1665 1728 1694 1766 a
1733 1712 1900 1766 Setho
1937 1731 1949 1764 :
1979 1727 2047 1765 ne

481 1802 658 1859 dicam
691 1802 855 1858 Deum
886 1798 1060 1859 Caino
1084 1803 1373 1874 qttamdam
1403 1803 1722 1874 apposuisse
1753 1813 1958 1867 notam,
1984 1818 2049 1857 ne

484 1912 511 1953 ο
545 1916 814 1969 quoquam
873 1910 1180 1956 necaretur.
1212 1900 1315 1954 Per
1359 1900 1496 1954 hanc
1547 1914 1675 1952 vero
1718 1907 1904 1952 notam
1962 1898 2048 1951 vel

2153 534 2338 599 ἔλεγεν
2370 535 2450 596 εἰς
2478 532 2651 603 αὐτὴν
2685 532 2907 602 ἀφορῶν
2956 532 3057 601 τὴν
3091 532 3322 598 πάρεσιν
3356 529 3465 581 τῶν
3512 530 3710 598 μελῶν.

2163 624 2324 678 ’Δλλά
2366 624 2438 693 μὴ
2477 625 2665 687 δέδιθι,
2697 624 2799 695 ἔφη
2829 625 2858 677 6
2892 624 3094 693 Κύριος
3119 639 3130 652 ’
3156 624 3186 674 6
3238 622 3349 693 γὰρ
3388 622 3713 687 ἀποκτείνας

2152 733 2209 769 σε
2247 714 2388 770 ἑπτὰ
2429 716 2789 788 ὲκδικούμενα
2844 715 3169 786 παραλύσει,
3237 714 3514 769 τουτέστιν
3572 716 3711 768 ἑπτὰ

2148 809 2445 878 τιμωρίαις
2462 808 2657 863 ἑαυτὸν
2689 808 2993 862 ὑπεύθυνον
3026 807 3381 876 καταστήσει.
3438 803 3548 858 Καὶ
3585 804 3715 874 περὶ

2152 898 2252 969 μὲν
2280 899 2485 953 τούτων
2526 900 2733 963 οὕτως’
2787 901 2817 953 6
2841 901 2898 954 δὲ
2944 899 3218 969 Γεώργιος
3255 897 3459 967 οἰκτρῷ
3499 896 3712 964 Θανάτῳ

2148 989 2469 1060 τελευτῆσαι
2514 991 2606 1044 τὸν
2657 991 2799 1044 Κάῖν
2848 991 3035 1062 φησίν.
3075 989 3139 1042 '0
3168 990 3225 1042 δὲ
3276 989 3420 1056 ἱερὸς
3450 987 3715 1049 Μεθόδιος

2151 1082 2419 1151 Πατάρων
2459 1084 2647 1152 φησὶν,
2698 1084 2779 1136 ὅτι
2820 1085 2848 1137 ὁ
2881 1082 3075 1152 Λάμεχ
3126 1080 3393 1149 φονεύσας
3435 1079 3527 1132 τὸν
3573 1078 3714 1132 Κάῖν

2149 1169 2273 1228 κατ’
2298 1176 2519 1241 ἄγνοιαν
2553 1173 2773 1243 (τυφλὸς
2802 1172 2911 1243 γάρ
2969 1164 3059 1241 ἦν)
3099 1172 3319 1239 Θανάτῳ
3363 1170 3706 1239 παρέδωκεν.

2152 1265 2331 1331 Ὅπερ
2359 1261 2621 1319 ἀπίθανον
2639 1280 2656 1298 ο
2695 1265 2779 1327 τίς
2800 1264 2909 1334 γάρ
2943 1261 3090 1317 εἷδεν
3114 1266 3197 1317 ὅτι
3225 1264 3253 1316 6
3307 1263 3449 1315 Κάῖν
3482 1260 3714 1314 διετέλει

2149 1355 2261 1420 ζῶν
2284 1355 2424 1410 κατὰ
2448 1357 2576 1417 τοὺς
2606 1356 2830 1425 χρόνους
2858 1355 2953 1409 τοῦ
2998 1355 3189 1425 Λάμεχ
3217 1371 3234 1414 ;
3274 1352 3505 1421 ’Ἄδηλον
3553 1349 3715 1404 τοῦτο

2147 1442 2237 1517 ἣν,
2272 1448 2491 1501 ὅτιτῶν
2518 1447 2744 1501 ἀπὸτοῦ
2793 1447 2935 1501 Κάῖν
2986 1446 3087 1499 οὐκ
3142 1444 3450 1515 ἀναγράφει
3507 1442 3715 1510 Μωσῆς

2149 1534 2430 1609 ὦσπερδὴ
2458 1539 2566 1591 τῶν
2604 1538 2711 1592 ἀπὸ
2732 1538 2826 1593 τοῦ
2858 1538 2987 1609 Σήθ.
3030 1537 3241 1599 Ἄλλως
3272 1554 3331 1588 τε
3362 1539 3455 1588 καὶ
3487 1536 3715 1605 σημεῖον

2149 1624 2243 1681 τοῦ
2273 1627 2408 1682 Θεοῦ
2451 1627 2633 1691 δόντος
2662 1630 2736 1694 τῷ
2766 1629 2908 1682 Κάῖν
2954 1629 3049 1682 τοῦ
3091 1628 3164 1699 μὴ
3203 1626 3558 1694 ἀναιρεθῆναι
3594 1625 3714 1693 (ση-

2155 1722 2304 1789 μεῖον
2349 1720 2405 1772 δὲ
2448 1718 2669 1789 νοητέον
2729 1720 2760 1788 ἦ
2812 1719 2903 1773 τὸν
2955 1720 3082 1788 ὅρον
3143 1717 3305 1772 αὐτὸν
3343 1716 3437 1769 τοῦ
3483 1714 3617 1768 Θεοῦ
3678 1713 3714 1783 ἢ

2152 1810 2242 1862 τὸν
2271 1812 2379 1863 τῶν
2419 1811 2596 1880 μελῶν
2637 1809 2801 1865 αὑτοῦ
2863 1808 3098 1881 κλόνον),
3142 1809 3256 1872 πῶς
3312 1805 3552 1879 ἀνῃρέθη
3599 1803 3715 1857 λοι-

2156 1894 2257 1952 πόν
2282 1915 2297 1965 ;

482 1989 599 2061 ipsa
636 1991 728 2046 Dei
790 1992 856 2046 de
902 1991 1073 2046 Caino
1130 1991 1399 2045 sententia
1458 1989 1625 2044 debet
1681 1988 1910 2059 intelligi
1963 1988 2046 2043 vel
2087 1992 2458 2047 membrorum
2505 1991 2623 2063 ejus
2692 1991 3007 2064 trepidatio.
3074 1990 3320 2058 Quonam
3362 1988 3530 2061 igitur
3558 1992 3720 2057 pacto

483 2079 587 2138 diei
622 2090 799 2150 potest
828 2100 949 2139 esse
980 2082 1379 2153 interemptus?

551 2167 669 2227 Jam
705 2175 752 2228 si
788 2190 1000 2243 qumras
1048 2175 1398 2243 quamobrem
1435 2170 1612 2228 Moses
1662 2171 1816 2227 Caini
1868 2182 2053 2241 poste-

487 2273 666 2317 forum
727 2280 901 2318 annos
961 2280 1067 2317 non
1121 2264 1479 2327 recensucrit,
1529 2278 1758 2332 magnus
1810 2261 1900 2316 ille
1952 2263 2051 2317 tibi

486 2356 717 2426 Cyrinus
750 2358 799 2409 in
833 2356 1121 2427 Glaphyris
1149 2357 1261 2409 sive
1294 2354 1650 2409 varietatibus
1679 2355 1790 2409 suis
1826 2368 2052 2423 restion-

486 2448 653 2503 debit.
686 2442 800 2503 Non
841 2447 943 2504 hoc
994 2442 1194 2506 factum
1230 2460 1337 2511 est,
1367 2445 1562 2516 inquit,
1596 2460 1662 2499 ex
1705 2442 2049 2515 ignoratione

487 2542 717 2609 quadam
751 2542 867 2606 Del,
908 2540 1002 2596 sed
1033 2542 1159 2611 quia
1190 2549 1534 2611 peccatorqu
1560 2552 1735 2591 annos
1776 2545 2049 2605 totamque

487 2630 623 2688 adeo
670 2635 835 2688 vitam
876 2635 1015 2689 libro
1062 2632 1361 2689 viventium
1415 2631 1685 2686 contineri
1717 2628 1872 2683 nolit.
1902 2628 2049 2683 Idem

484 2721 717 2799 Cyrillus
763 2726 929 2781 refert
970 2726 1195 2780 Cainnm
1250 2735 1305 2779 et
1346 2724 1574 2777 Ahelum
1609 2722 1780 2777 fuisse
1827 2721 2050 2791 ﬁguram

490 2820 772 2890 primigeni
825 2818 1004 2889 pepuli
1056 2817 1264 2873 Iudaici
1298 2827 1351 2871 et
1377 2815 1580 2871 Christi
1625 2813 1953 2882 Christoque
1986 2813 2052 2867 li-

488 2915 755 2968 dentium.
785 2911 1253 2980 Quemadmodum
1289 2910 1435 2963 enitn
1479 2906 1680 2962 Cainus
1724 2905 1924 2960 invidia
1953 2902 2053 2961 ila-

490 3023 651 3079 grans
698 3004 924 3076 profuso
982 3003 1170 3058 fratris
1214 3001 1475 3071 sanguine
1522 3016 1628 3053 non
1685 2998 1860 3052 solum
1899 3013 1927 3051 a
1962 2997 2058 3051 Dei

491 3109 789 3169 conspectu
863 3096 1135 3166 profugit,
1188 3105 1376 3147 verum
1450 3091 1614 3145 etiam
1673 3091 1729 3142 in
1783 3086 2057 3159 ejusmodi

2228 2175 2289 2227 Et
2323 2174 2376 2227 δὲ
2428 2176 2632 2244 ζητεῖς,
2663 2176 2780 2238 πῶς
2813 2175 2882 2229 τὰ
2923 2175 3015 2244 ἔτη
3041 2174 3149 2229 τῶν
3183 2173 3293 2228 ἀπὸ
3320 2168 3413 2226 τοῦ
3451 2173 3593 2225 Κάῖν
3620 2167 3722 2231 οὐκ

2155 2268 2461 2336 ἀναγράφει
2492 2266 2722 2335 Μωσῆς,
2755 2268 2781 2319 6
2809 2267 2981 2336 μέγας
3013 2266 3276 2336 Κύριλλος
3332 2266 3389 2317 ὲν
3419 2265 3533 2325 τοῖς
3580 2261 3719 2314 Γλα-

2156 2356 2345 2429 φυροῖς
2384 2358 2549 2413 αὐτοῦ
2581 2359 2777 2425 διδάξει
2809 2375 2867 2411 σε
2890 2358 3063 2426 λέγων
3095 2359 3177 2411 ὃτι
3214 2357 3275 2409 οὐ
3324 2355 3447 2408 κατ’
3496 2354 3723 2421 ἄγνοιαν

2152 2449 2247 2504 τοῦ
2281 2449 2440 2512 Θεοῦ,
2463 2449 2578 2503 ἀλλ’
2603 2451 2682 2502 ὅτι
2701 2450 2805 2502 τῶν
2829 2448 3171 2519 ἁμαρτωλῶν
3197 2449 3265 2500 τὰ
3292 2448 3387 2517 ἔτη
3412 2445 3510 2498 καὶ
3531 2442 3722 2506 ἁπλῶς

2156 2545 2252 2598 καὶ
2280 2544 2379 2614 τὴν
2408 2544 2554 2613 ζωὴν
2589 2543 2769 2596 αὐτῶν
2822 2544 2878 2597 ἐν
2918 2542 3086 2613 βίϐλῳ
3131 2539 3352 2605 ζώντων
3399 2535 3725 2608 γεγραμμέ-

2160 2655 2257 2707 νην
2290 2636 2433 2706 ἕχειν
2461 2636 2521 2688 οὐ
2552 2636 2715 2690 θέλει.
2763 2634 2920 2689 Καθά
2947 2634 3005 2686 δὲ
3038 2632 3116 2702 τῷ
3168 2630 3522 2700 διαληφθέντι
3544 2627 3723 2698 Πατρὶ

2159 2727 2328 2789 τύπος
2351 2722 2418 2797 ἦν
2450 2727 2477 2778 ό
2505 2724 2643 2778 Κάῖν
2667 2724 2762 2778 καὶ
2775 2714 2819 2777 “ὁ
2869 2724 3034 2776 Ἅϐελ
3061 2722 3155 2776 τοῦ
3186 2719 3533 2793 πρωτοτόκου
3586 2713 3717 2769 λαοῦ

2159 2818 2252 2873 τοῦ
2276 2817 2511 2889 Χριστοῦ
2546 2834 2607 2870 τε
2634 2818 2729 2870 καὶ
2772 2818 2881 2871 τῶν
2933 2819 3013 2880 είς
3063 2816 3227 2870 αὐτὸν
3287 2810 3718 2866 πιστευσάντων.

2162 2910 2374 2980 Ὠσπερ
2396 2911 2504 2979 γὰρ
2535 2909 2563 2961 6
2591 2908 2732 2962 Κάῖν
2764 2908 2853 2961 διὰ
2881 2907 3079 2975 φθόνον
3120 2906 3216 2958 καὶ
3256 2904 3317 2957 1:6
3351 2900 3446 2955 τοῦ
3488 2898 3721 2968 ἀδελφοῦ

2161 2997 2301 3071 αἷμα
2331 3001 2487 3068 ἐξέϐη
2515 3000 2621 3053 ἀπὸ
2661 3001 2957 3070 προσώπου
2989 2999 3149 3062 Θεοῦ,
3181 2999 3269 3051 να¹ι
3304 2997 3412 3067 μὴν
3434 3002 3530 3049 καὶ
3558 3011 3726 3062 κατη-

2163 3093 2306 3162 ράνέη
2339 3093 2546 3144 στένειν
2581 3092 2676 3145 καὶ
2698 3091 2924 3159 τρέμειν
2955 3091 3046 3142 ἐπὶ
3096 3090 3192 3159 τῆς
3240 3092 3339 3157 γῆς
3378 3085 3724 3157 περιπατῶν,

491 3188 923 3244 exsecrationem
974 3185 1163 3238 incidit
1195 3193 1251 3236 ut
1301 3180 1654 3250 vagabundus
1680 3178 1735 3230 in
1781 3175 1941 3230 terris
1968 3190 2055 3245 ge-

2162 3177 2333 3240 οὕτως
2365 3179 2475 3248 ἄρα
2507 3180 2602 3231 καὶ
2649 3181 2677 3231 6
2717 3179 3009 3241 Ἰουδαῖκὸς
3040 3179 3129 3232 διὰ
3161 3178 3357 3247 φθόνον
3397 3178 3495 3229 καὶ
3540 3175 3602 3227 τὸ
3629 3172 3724 3227 τοῦ

492 3291 667 3335 meret
717 3289 879 3348 atque
944 3282 1221 3336 tremeret,
1274 3273 1353 3326 sic
1415 3272 1577 3325 etiam
1626 3268 1851 3323 Judaica
1906 3265 2057 3320 natio

494 3385 718 3443 propter
750 3368 1007 3424 invidiam
1041 3385 1145 3437 qua
1188 3365 1452 3435 flagravit,
1482 3372 1535 3417 et
1578 3361 1857 3431 profusum
1888 3358 2058 3427 ipsius

490 3468 697 3527 Christi
734 3467 1074 3538 sanguinem,
1106 3482 1136 3521 e
1176 3462 1271 3519 Dei
1316 3471 1612 3531 conspectu
1643 3458 1897 3519 excessit,
1924 3458 2060 3528 jam-

494 3577 598 3631 que
628 3559 761 3614 adeo
794 3564 1032 3612 tremens
1057 3565 1110 3610 et
1142 3568 1364 3625 gemens
1391 3550 1708 3620 obvagatur.

566 3652 680 3707 Hoc
733 3650 891 3704 modo
932 3660 1115 3702 notam
1168 3645 1337 3701 Caino
1386 3644 1528 3698 Deus
1572 3640 1843 3713 apposuit,
1876 3652 1945 3696 ne
1992 3637 2060 3696 ab

496 3743 676 3814 aliquo
706 3737 1084 3813 perimerelur,
1124 3739 1177 3793 id
1226 3738 1369 3807 quod
1405 3735 1647 3790 futurum
1702 3734 2058 3789 existimaret.

498 3838 710 3891 Etenim
740 3836 856 3906 ipse
883 3833 1093 3887 dixerat
1124 3848 1139 3886 :
1175 3849 1194 3882 ι
1234 3829 1458 3885 Accidet
1492 3838 1550 3882 ut
1585 3826 1677 3898 qui
1728 3842 1814 3880 me
1844 3840 2061 3895 cunque

496 3928 761 4000 repererit
796 3927 1029 3983 occidat.
1075 3943 1094 3977 ι
1138 3922 1410 3991 Josepbus
1442 3919 1607 3975 tradit
1646 3918 1873 3973 Cainum
1899 3919 2059 3972 obse-

496 4038 678 4076 erasse
709 4014 903 4082 Deum,
932 4019 1091 4073 nerin
1131 4012 1492 4086 obvagatione
1541 4029 1641 4068 sua
1675 4014 1813 4068 forte
1857 4013 1908 4066 in
1951 4012 2063 4067 bel-

495 4118 615 4171 luas
675 4113 971 4178 incideret;
1031 4125 1205 4180 eoque
1262 4117 1422 4178 pacto
1494 4104 1721 4176 periisse
1782 4107 2060 4183 hominem

496 4208 684 4264 refert.
717 4204 923 4272 Quodsi
958 4204 1120 4258 etiam
1167 4202 1307 4256 scire
1331 4197 1633 4265 desideras,
1673 4199 1817 4253 unde
1863 4197 2065 4251 Cainus

500 4301 717 4354 modmn
768 4292 1050 4351 occidendi
1098 4292 1280 4348 fratris
1322 4291 1616 4361 acceperit,
1655 4288 1746 4358 qui
1787 4287 2063 4343 neminem

497 4390 666 4446 sciret
695 4388 872 4441 adhuc
913 4400 942 4438 a
978 4399 1254 4454 quoquam
1288 4383 1660 4447 interfectum,
1695 4379 1823 4432 licet
1857 4379 1958 4432 hoc
1997 4377 2067 4431 de

2159 3270 2399 3339 Χριστοῦ
2430 3266 2567 3340 αἷμα
2604 3268 2762 3339 ἐξέϐη
2807 3271 2914 3321 ἀπὸ
2972 3267 3266 3337 προσώπου
3307 3268 3403 3322 τοῦ
3442 3265 3578 3321 Θεοῦ
3629 3263 3728 3321 καὶ

2159 3364 2452 3435 περιπατεί
2484 3362 2685 3416 στένων
2715 3362 2810 3413 καὶ
2832 3361 3073 3433 τρέμων.

2232 3630 2466 3700 Σημεῖόν
2494 3629 2590 3685 οὖν
2621 3628 2821 3686 δέδωκε
2872 3631 2949 3699 τῷ
2989 3630 3129 3685 Κάῖν
3180 3633 3208 3684 6
3241 3631 3393 3696 Θεὸς,
3454 3628 3597 3683 ὥστε
3652 3628 3728 3701 μὴ

2162 3723 2396 3795 φονευθῇ
2454 3724 2607 3794 παρά
2647 3736 2812 3789 τινος,
2847 3720 2921 3787 ὡς
2966 3725 3168 3787 ἐκεῖνος
3208 3724 3501 3777 ὑπώπτευε
3529 3738 3544 3753 ο
3603 3723 3727 3786 καὶ,

2168 3836 2188 3868 ι
2238 3818 2454 3883 Ἔσται,
2495 3835 2514 3867 ι
2552 3816 2658 3886 γάρ
2700 3832 2853 3885 φησι,
2894 3834 2912 3867 ι
2960 3818 3117 3880 πᾶςό
3145 3814 3415 3886 εὑρίσκων
3472 3829 3537 3884 με
3594 3814 3730 3865 ἁπο-

2163 3911 2340 3961 κτενεί
2383 3924 2473 3978 με.
2514 3927 2532 3959 ι
2579 3906 2637 3962 Ὀ
2660 3908 2716 3960 δὲ
2754 3908 3015 3977 Ἰώσηπός
3080 3924 3243 3977 φησιν
3274 3909 3356 3960 ὃτι
3384 3910 3475 3959 τὸν
3530 3905 3666 3957 Θεὸν
3702 3904 3730 3956 6

2166 4002 2304 4053 Κάῖν
2336 4000 2566 4066 ἱκέτευε,
2631 4000 2838 4070 μήποτε
2872 4000 3081 4068 θηρίοις
3131 4000 3411 4067 ἀλώμενος
3457 3997 3729 4066 περιπέσῃ

2165 4094 2257 4146 καὶ
2303 4093 2515 4145 τουτονὶ
2564 4092 2655 4145 τὸν
2723 4093 2925 4159 τρόπον
2970 4091 3261 4160 ἀπόληται.
3320 4089 3383 4141 El
3437 4087 3493 4140 δὲ
3546 4087 3731 4155 ζητεῖς

2166 4185 2330 4237 πόθεν
2388 4184 2595 4252 ἔγνωκε
2655 4185 2856 4254 τρόπον
2904 4184 2932 4235 6
3001 4168 3141 4236 Κάϊν
3209 4181 3276 4234 δι’
3325 4173 3387 4234 οὗ
3433 4180 3533 4248 τῆς
3586 4177 3732 4244 ζωῆς

2165 4275 2373 4344 ταύτης
2424 4276 2750 4349 ὑπεξαγάγῃ
2825 4275 2919 4328 τὸν
2973 4274 3165 4337 Ἀϐελ,
3222 4274 3453 4340 ἐπείπερ
3509 4270 3611 4321 οὐκ
3660 4262 3737 4321 εἴ·

2166 4367 2255 4420 δεν
2300 4367 2487 4437 ἕτερόν
2535 4384 2657 4421 τινα
2697 4367 2847 4435 παρά
2903 4381 3051 4427 τινος
3096 4361 3514 4433 ἀναιρούμενον,
3566 4362 3595 4413 6
3640 4359 3737 4427 μέ-

500 4496 696 4552 magno
725 4480 818 4535 illo
856 4452 1155 4533 Athanasio
1188 4487 1505 4544 cognoscas,
1546 4471 1638 4540 qui
1676 4470 1951 4525 diabolum
1992 4471 2055 4523 ait

2168 4475 2270 4526 γας
2316 4458 2633 4522 Ἀθανάσιος
2685 4456 2887 4521 διδάξει
2931 4470 2991 4509 σε
3048 4456 3247 4524 λέγων,
3297 4456 3377 4508 ὅτι
3423 4452 3547 4505 κατ’
3598 4453 3737 4522 ὄναρ

499 4575 669 4630 Caino
709 4589 806 4644 per
830 4570 1076 4641 quietem
1116 4566 1347 4622 necandi
1378 4564 1559 4619 fratris
1594 4564 1860 4645 rationem
1888 4571 2055 4618 osten-

2171 4548 2449 4615 ὑπέδειξεν
2487 4549 2515 4600 6
2544 4546 2788 4610 διάϐολος
2835 4546 2982 4616 αὐτῷ
3031 4546 3122 4599 τδν
3185 4545 3385 4613 τρόπον
3425 4544 3521 4610 τῆς
3578 4544 3736 4595 ἀναι-

500 4669 660 4723 disse.
1096 4700 1109 4709 «ν

574 4752 779 4813 Invidia
845 4748 1064 4823 quidem
1126 4761 1294 4815 certe,
1342 4765 1440 4804 ceu
1493 4743 1753 4813 diximus,
1797 4740 1853 4800 in
1911 4742 2066 4800 Caini

501 4850 666 4906 corde
712 4846 946 4917 quodam
1004 4844 1159 4913 quasi
1214 4842 1487 4897 domicilio
1540 4839 1863 4901 constituto,
1911 4835 2068 4891 Abeli

500 4942 702 4997 caedem
748 4937 979 5008 peperit.
1008 4935 1139 4989 Nam
1193 4931 1456 5005 ejusmodi
1508 4926 1887 5006 affectionibus
1919 4941 2069 4981 mor-

502 5030 691 5085 talium
721 5027 886 5081 animi
910 5023 1037 5080 facti
1066 5033 1193 5079 sunt
1218 5020 1461 5080 obnoxii.
1488 5030 1839 5088 posteaquam
1864 5030 1893 5068 e
1925 5022 2067 5067 statu

505 5113 970 5192 perturbationum
1016 5122 1236 5184 experte
1284 5113 1508 5181 ipsaque
1555 5106 1688 5162 adeo
1732 5105 2068 5175 perfectione

426 5250 447 5273 χ
505 5214 846 5269 exciderunt.
874 5205 1244 5263 Nihilominus
1288 5198 1456 5257 animi
1499 5199 1717 5268 quidam
1753 5195 2071 5251 affectiones

422 5366 427 5369 _
507 5298 1153 5373 hasce.supet'ant,eum
1208 5310 1239 5349 ο
1298 5293 1517 5347 diverso
1570 5288 1660 5342 alii
1721 5286 1971 5341 nolentes
2002 5283 2069 5339 iis

502 5409 678 5455 semet
730 5407 1007 5464 Opponere
1065 5384 1398 5459 quibuslibet
1443 5378 1845 5443 occasionibus,
1900 5378 2066 5431 etiam

504 5487 821 5550 levissimis,
850 5483 1003 5554 quasi
1041 5477 1298 5552 prostrati
1335 5470 1733 5537 succumbant;
1761 5465 2068 5540 cuiusmodi

502 5579 762 5650 quiddam
796 5579 851 5632 in
887 5570 1020 5647 ipsis
1052 5574 1217 5629 etiam
1242 5567 1567 5643 corporibus
1599 5579 1681 5624 est
1710 5567 1913 5623 videre.
1934 5564 2068 5620 Nam

586 5740 630 5773 "
659 5743 770 5796 Gen
838 5750 910 5802 tv,
944 5734 1025 5793 Η.

2176 4640 2402 4708 ρέσεως.

2238 4731 2433 4793 Φθόνος
2492 4729 2589 4800 μὲν
2625 4725 2739 4794 οὖν,
2771 4728 2845 4791 ὡς
2872 4730 3108 4799 εἴρηται,
3140 4731 3207 4799 τῇ
3241 4726 3337 4780 τοῦ
3381 4728 3519 4780 Κάῖν
3570 4729 3737 4792 ἐγκα-

2171 4822 2428 4892 θιδρύσας
2468 4820 2615 4892 ψυχῇ
2644 4822 2733 4875 τὸν
2763 4822 2858 4874 τοῦ
2887 4821 3052 4873 ’Δδελ
3090 4821 3251 4888 φόνον
3282 4820 3576 4873 ἀπέτεκεν.
3607 4818 3735 4871 Τοι-

2169 4913 2347 4975 ούτοις
2376 4914 2486 4984 γὰρ
2530 4910 2761 4967 πάθεσιν
2787 4915 2844 4965 αί
2890 4912 2996 4967 τῶν
3035 4908 3341 4981 ἀνθρώπων
3378 4910 3543 4981 ψυχαὶ
3569 4909 3739 4977 γεγό-

2173 5023 2300 5059 νασι
2335 5006 2557 5075 κάτοχοι
2611 5005 2749 5073 μετὰ
2802 5004 2902 5075 τὴν
2952 5006 3051 5073 τῆς
3096 5002 3364 5066 ἀπαθείας
3390 5003 3608 5070 ἐκείνην
3644 5002 3739 5053 καὶ

2172 5099 2509 5166 τελειότητος
2546 5099 2839 5152 ἔκπτωσιν.
2907 5096 3046 5150 Ἀλλ’
3085 5096 3223 5149 ἔνιαι
3283 5095 3380 5165 μιν
3412 5095 3521 5146 τῶν
3548 5093 3739 5163 ψυχῶν

2174 5193 2456 5262 κρείττους
2500 5190 2846 5261 εὑρίσκονται
2878 5188 2990 5242 τῶν
3023 5187 3280 5242 τοιούτων
3326 5186 3552 5247 παθῶν,
3600 5186 3740 5236 ἔνιαι
3808 5185 3831 5197 '

2175 5283 2230 5336 δὲ
2261 5283 2423 5336 πάλιν
2451 5281 2777 5335 ἀντιϐαίνειν
2801 5277 2876 5351 μὴ
2910 5279 3159 5332 θέλουσαι
3181 5281 3276 5333 καὶ
3300 5280 3419 5340 ταῖς
3451 5276 3745 5346 τυχούσαις

2176 5378 2449 5447 ἀφορμαῖς
2480 5374 2931 5441 καταδέδληνται.
2963 5369 3072 5425 Καὶ
3101 5370 3351 5439 καθάπερ
3375 5370 3464 5422 ἐπὶ
3503 5367 3611 5420 τῶν
3640 5382 3749 5419 σω-

2183 5470 2367 5539 μάτων
2400 5468 2547 5522 ἐστιν
2582 5469 2711 5521 ἰδεῖν
2742 5468 2881 5538 (ἔνια
2921 5465 3020 5537 μὲν
3049 5465 3160 5535 γὰρ
3204 5464 3383 5517 αὐτῶν
3416 5461 3631 5527 εὐεξίας
3671 5458 3744 5512 δι’

2177 5562 2302 5616 ὅλου
2330 5561 2671 5633 μετέχουσιν,
2699 5562 2756 5614 ἐν
2782 5559 2960 5613 οὐδενὶ
2993 5554 3102 5613 τῶν
3131 5556 3514 5629 ἐμπιπτόντων
3541 5550 3744 5616 ἔξωθεν

2558 5796 2585 5812 .κ
