4062 6186
339 297 432 364 237

1561 298 1960 360 ANNALIUM
1996 300 2083 360 PA
2099 300 2190 358 RS
2232 301 2251 358 l
2268 301 2310 362 i.

3443 306 3550 368 2'38

338 409 780 484 περιτρεπόμενα,
811 413 926 466 ἔνια
955 413 1012 466 δέ
1055 412 1311 466 τοσοῦτόν
1343 415 1480 466 εἰσιν
1512 414 1884 484 ἀρρώστημα-

1992 415 2232 482 quaedam
2259 429 2447 468 eorum
2477 417 2684 484 optime
2725 431 2950 485 prorsus
2990 416 3181 470 affer-ta
3211 425 3356 475 sunt.
3393 432 3492 467 nec-
3526 435 3550 468 ιι

335 506 447 576 rixa
479 506 594 567 ταῖς
647 505 710 558 ἐκ
758 507 986 576 γενετῆς
1034 509 1401 570 κατασκευαῖς
1435 505 1574 559 ὥστε
1627 506 1701 575 μὴ
1747 507 1882 576 πρὸς

335 597 470 651 οὐδὲν
509 597 890 668 ἀντιπράττειν
943 596 1055 650 τῶν
1104 597 1304 672 ἔξωθεν
1354 598 1563 657 αίτίων.
1610 597 1746 651 ἀλλὰ
1783 598 1882 652 κᾶν

336 689 526 758 θαλφθῇ
561 687 756 759 βραχὺ,
808 688 914 741 κᾶν
966 688 1147 759 ψυχθῇ
1173 731 1186 753 ,
1241 689 1344 741 κᾶν
1387 690 1743 760 ἀγρυπνήσῃ,
1776 690 1880 743 κᾶν

337 779 560 850 κοιμηΘῇ
597 780 759 833 πλέον
791 779 886 832 τοῦ
915 780 1154 844 δέοντος,
1176 781 1378 844 εὐθέως
1403 783 1594 846 νοσεῖ),
1621 780 1762 834 οὕτω
1787 781 1880 836 καὶ

336 872 416 921 ἐπὶ
447 870 552 924 τῶν
594 870 782 941 ψυχῶν
825 871 1007 924 αὐτῶν
1043 871 1369 925 διανοεῖσθαί
1402 890 1460 925 σε
1497 873 1671 937 ἄξιον.

1988 511 2148 562 rebus
2178 508 2514 562 extrinsecus
2543 508 2917 562 accidentibus
2945 509 3054 562 ullo
3081 509 3239 562 modo
3264 509 3551 567 laeduntur.
3639 551 3645 562 ,

1988 613 2111 652 cum
2156 598 2260 652 alia
2312 607 2592 666 tantopere
2648 598 2910 652 debilitati
2954 614 3015 653 ac
3060 600 3264 654 morbis
3315 598 3550 652 obtioxia

1988 690 2096 744 sint
2147 705 2212 744 ex
2270 689 2662 744 constitutione
2711 691 2942 760 quadam
2975 692 3230 753 naturali,
3263 700 3320 744 ut
3376 693 3555 743 causis

1985 782 2327 836 extrinsecus
2370 782 2748 837 accidentibus
2809 786 3068 838 resistere
3130 783 3210 836 vel
3279 783 3551 836 tantillum

1984 863 2278 946 nequeant.
2313 873 2580 928 Nimirum
2627 874 2672 927 si
2719 874 2879 942 paulo
2927 875 3050 942 plus
3083 889 3238 943 mque
3283 874 3368 926 vel
3402 876 3551 926 inca-

336 961 545 1024 lescant,
579 959 662 1013 vel
694 958 948 1029 l'rigeant,
977 953 1064 1014 γει
1100 960 1344 1032 vigilem,
1397 961 1477 1016 vel
1504 961 1802 1030 dormiant,
1844 963 2104 1018 continuo
2149 963 2369 1036 morbus
2441 963 2812 1034 subsequitur.
2850 960 2994 1016 Idem
3057 965 3109 1016 in
3157 963 3354 1017 animis
3393 967 3554 1016 etiam

313 1052 611 1105 'usuveuire
637 1051 926 1121 eositabis.

397 1127 541 1196 Μετᾶ
574 1141 629 1195 δὲ
661 1142 834 1195 ταῦτα
864 1142 1357 1213 παραμυθούμενος
1380 1144 1470 1198 τὸν
1505 1143 1679 1215 Ἀδὰμ
1707 1147 1734 1198 6
1755 1145 1886 1210 Θεὸς

335 1237 392 1304 τῇ
434 1235 537 1288 ἀπὸ
580 1234 673 1288 τοῦ
731 1235 1064 1303 παραδείσου
1099 1253 1156 1289 τε
1201 1237 1575 1307 ἀδημονοῦντα
1610 1239 1883 1292 ἐκπτώσει

334 1329 417 1380 καὶ
444 1327 522 1396 τῷ
551 1327 646 1380 τοῦ
677 1327 846 1380 Ἀσελ
877 1326 1114 1399 θανάτῳ,
1154 1329 1354 1383 ἔδωκεν
1395 1330 1546 1400 αὐτῷ
1576 1331 1670 1384 τδν
1695 1332 1884 1400 ἐνάρε-

330 1435 410 1472 τον
435 1419 564 1490 Σήθ.
586 1419 737 1472 Κατά
761 1419 868 1488 γὰρ
896 1423 1054 1474 τοῦτο
1089 1419 1184 1474 καὶ
1209 1422 1240 1490 ἡ
1269 1421 1380 1474 Εῦα
1402 1421 1587 1491 ἔλεγεν
1612 1441 1624 1455 ·
1657 1441 1676 1474 ι
1699 1424 1884 1489 Ἐξαν-

330 1509 508 1578 έστησέ
561 1526 654 1578 μοι
707 1511 735 1564 6
779 1510 910 1574 Θεὸς
958 1510 1181 1581 σπέρμα
1211 1510 1399 1582 ἕτερον
1435 1514 1556 1566 ἀντὶ
1585 1513 1679 1567 τοῦ
1717 1514 1882 1568 Ἀϐελ

327 1598 382 1651 6v
413 1599 698 1652 ἀπέκτεινε
733 1601 895 1655 Κάῖν.
931 1619 950 1654 ι
1593 1612 1599 1617 ’

394 1689 628 1742 Γίνωσκε
664 1689 722 1743 δέ
775 1693 858 1744 ὅτι
920 1692 1058 1762 πρὸς
1109 1695 1230 1758 ταῖς
1277 1694 1466 1758 ἄλλαις
1506 1697 1751 1767 αἱρέσεσι
1788 1695 1883 1752 καὶ

2069 1145 2228 1216 120
2262 1143 2570 1201 Secundum
2605 1146 2720 1200 haec
2748 1154 2803 1200 ut
2839 1145 3102 1198 Adamum
3138 1147 3278 1200 Deus
3307 1149 3559 1202 consola—

1994 1248 2164 1306 retur,
2200 1239 2319 1308 qui
2353 1248 2464 1293 tum
2521 1248 2742 1308 propter
2788 1239 3133 1292 amissionem
3169 1241 3405 1308 paradisi
3444 1252 3556 1294 tum

1994 1331 2144 1387 Abeli
2178 1332 2378 1386 caedem
2423 1346 2754 1400 magnopere
2809 1331 3177 1393 amictaretur,
3209 1340 3558 1400 praestantem

1990 1423 2040 1476 ei
2103 1423 2304 1476 virtute
2358 1423 2528 1475 ﬁlium
2570 1423 2796 1476 Sethum
2861 1423 3029 1477 dedit.
3065 1423 3429 1488 Quamobrem
3475 1426 3560 1478 his

1992 1510 2100 1564 Eva
2137 1512 2314 1566 verbis
2352 1523 2435 1566 est
2468 1528 2566 1567 usa
2608 1529 2624 1568 :
2665 1532 2683 1564 ι
2723 1514 2864 1567 Deus
2903 1515 3033 1568 mihi
3060 1516 3298 1570 sobolem
3329 1517 3558 1570 alteram

1989 1603 2042 1656 in
2076 1605 2250 1658 locum
2278 1593 2430 1660 Abeli
2457 1621 2484 1658 a
2512 1604 2682 1660 Caino
2712 1612 2976 1676 perempti
3007 1609 3251 1676 reposuit
3277 1608 3345 1662 θ’.
3382 1627 3401 1658 ι

2058 1693 2209 1748 Scire
2239 1693 2408 1748 debes
2466 1709 2720 1762 magnum
2779 1693 2929 1746 illum
2988 1692 3351 1762 Epiphanium
3417 1694 3559 1747 inter

327 1778 418 1848 τὴν
460 1779 762 1851 λεγομένην
824 1782 935 1836 τῶν
998 1784 1311 1840 Καῖανιτῶν
1362 1787 1576 1858 αἵρεσιν
1626 1791 1654 1840 6
1711 1787 1882 1857 μέγας

1992 1794 2211 1838 exteras
2235 1784 2604 1840 Caianitarum
2621 1798 2834 1854 quoque
2861 1792 3064 1838 sectam
3103 1799 3552 1838 commemorare.

336 1869 642 1936 Ἐπιφάνιος
693 1871 952 1942 ἔγραφεν.
994 1869 1156 1928 Οὗτοι
1209 1877 1308 1947 μὲν
1355 1872 1447 1930 οὖν
1503 1878 1642 1932 Κάῖν
1676 1878 1880 1946 ἐτίμων

1992 1876 2249 1931 Colebant
2312 1876 2387 1930 illi
2429 1877 2660 1931 Cainum
2722 1891 2824 1931 ceu
2860 1875 3148 1945 quamdam
3205 1884 3555 1944 potestatem,

328 1959 394 2021 ὡς
441 1960 676 2031 δύναμίν
721 1980 881 2027 τινα,
939 1964 1124 2034 ἔλεγον
1153 1967 1208 2020 δέ
1248 1970 1331 2022 ὅτι
1387 1968 1449 2020 τὸ
1501 1968 1666 2022 καλὸν
1703 1970 1796 2021 καὶ
1821 1971 1882 2022 τὸ

325 2051 478 2102 κακὸν
502 2053 583 2122 μὴ
616 2054 757 2108 κατὰ
785 2055 1011 2125 γνώμην
1039 2053 1180 2111 εἶναι
1217 2058 1547 2129 ἀνθρώποις,
1580 2043 1717 2113 ἀλλᾶ
1743 2060 1885 2114 κατὰ

325 2141 496 2208 φύσιν.
533 2145 754 2215 Τιμώσι
781 2146 838 2200 δέ
865 2151 958 2200 καὶ
995 2149 1087 2202 τὸν
1120 2150 1342 2203 Ἰούδανι
1371 2152 1459 2204 διὰ
1485 2151 1592 2222 γὰρ
1622 2151 1715 2205 τοῦ
1748 2170 1886 2222 προ-

322 2233 491 2288 δοῦναι
547 2237 642 2291 τὸν
687 2239 895 2310 Κύριον
949 2239 1108 2313 ἔργον
1145 2243 1331 2310 καλὸν,
1379 2243 1547 2314 ήγουν
1592 2244 1692 2315 τὴν
1728 2246 1886 2314 ἡμῶν

325 2328 596 2396 σωτηρίαν
655 2329 972 2400 εἰργάσατο.
1017 2333 1127 2387 Καὶ
1181 2335 1387 2404 βιὸλίον
1434 2336 1491 2388 δέ
1543 2338 1674 2408 παρ’
1706 2339 1887 2400 αὐτοῖς

336 2421 725 2477 Ἀναὸατιανδν
758 2425 1076 2498 λεγόμενον,
1110 2430 1367 2501 περιέχον
1391 2430 1427 2485 ἃ.
1457 2429 1597 2487 εῖδει
1618 2433 1646 2486 6
1673 2432 1888 2496 Παῦλος

323 2513 433 2564 καθ’
481 2515 544 2568 δν
584 2517 751 2586 ἀνέϐη
808 2520 998 2589 καιρὸν
1057 2523 1136 2585 είς
1173 2522 1356 2592 τρίτον
1390 2523 1640 2594 οὐρανόν.
1673 2523 1888 2578 Βιδλίον

323 2603 376 2656 δὲ
415 2606 476 2658 τὺ
508 2607 760 2660 τοιοῦτον
792 2611 909 2663 ἐστι
953 2612 1087 2681 παρ’
1119 2613 1332 2678 αὐτοῖς,
1377 2615 1458 2668 ὅτι
1497 2615 1558 2667 οὐ
1589 2616 1889 2686 προσέσχον

325 2696 394 2765 τῷ
423 2700 651 2769 μεγάλῳ
701 2701 930 2771 Παύλῳ,
970 2704 1191 2775 ῥήματα
1258 2705 1356 2776 μὲν
1411 2705 1643 2760 ἀκοῦσαι
1674 2707 1888 2775 λέγοντι

327 2791 440 2841 κατ’
475 2793 658 2845 ἐκεῖνο
691 2795 908 2862 καιροῦ,
959 2798 1030 2866 μὴ
1073 2797 1271 2860 ἐξεῖναι
1314 2798 1370 2851 δέ
1410 2814 1580 2850 ταυτα
1616 2797 1888 2866 γλώσσαις

327 2878 629 2948 ἀνθρώπων
658 2882 908 2952 λαλῆσαι.
935 2886 1056 2940 Ὅτι
1087 2887 1144 2940 δέ
1193 2888 1261 2942 τὰ
1295 2889 1518 2959 ῥήματα
1552 2890 1736 2942 ἐκεῖνα
1764 2888 1889 2942 ούτε

325 2969 660 3041 ἐλαλήθησαν
697 2973 820 3028 οὕτε
860 2979 970 3029 τινὶ
1025 2977 1191 3048 μέχρι
1239 2979 1332 3033 τοῦ
1383 2979 1480 3032 νῦν
1512 2980 1887 3048 ἐγνώσθησαν,

1985 1970 2310 2037 aiebantque
2344 1969 2544 2023 bonum
2585 1980 2641 2022 et
2682 1968 2880 2021 malum
2934 1968 2988 2020 in
3025 1966 3337 2021 hominibus
3403 1983 3428 2016 a
3468 1982 3559 2018 vo-

1987 2059 2196 2114 luntate
2230 2075 2337 2113 non
2360 2059 2602 2128 pendere
2639 2073 2700 2112 ac
2751 2057 3044 2128 proﬁcisci,
3101 2057 3193 2111 sed
3252 2072 3278 2108 a
3339 2066 3554 2110 natura.

1987 2150 2152 2206 Iidem
2185 2159 2238 2205 et
2273 2151 2463 2205 Judam
2498 2151 2705 2204 honore
2740 2159 3164 2218 prosequuntur,
3200 2156 3257 2202 ut
3288 2150 3379 2217 qui
3427 2148 3556 2202 Ser-

1987 2253 2230 2299 vatorem
2262 2243 2546 2314 prodendo
2599 2242 2847 2312 praeclari
2906 2243 3109 2311 operis,
3150 2247 3352 2295 ndstr.e
3395 2241 3558 2294 nimi-

1989 2353 2106 2392 rum
2143 2336 2354 2400 salutis,
2390 2341 2582 2389 auctor
2610 2333 2903 2388 exstiterit.
2963 2332 3362 2388 Circumfertur
3417 2332 3558 2400 apud

1989 2429 2210 2484 eosdem
2241 2427 2378 2481 liber
2407 2442 2569 2496 quem
2604 2424 3006 2479 Anabatianum
3036 2423 3128 2492 (ab
3163 2423 3422 2493 ascensu)
3461 2441 3557 2477 vo-

1988 2526 2133 2570 cant.
2165 2513 2532 2570 Continentur
2565 2513 2670 2567 hoc
2697 2510 2758 2567 ea
2791 2528 2910 2580 qua:
2965 2511 3162 2565 Paulus
3214 2513 3263 2565 id
3297 2515 3561 2587 temporis

1988 2607 2331 2677 conspexerit
2371 2607 2561 2676 quoin
2597 2605 2791 2660 caelum
2831 2603 3046 2658 tertium
3093 2604 3357 2665 ascendit,
3411 2611 3562 2666 ιιριί-

1988 2711 2121 2756 nent
2149 2701 2293 2755 hunc
2327 2699 2402 2752 illi
2427 2699 2646 2760 librum,
2673 2714 2780 2751 non
2813 2697 3308 2758 animadvertentcs
3333 2703 3556 2758 Paulum

1989 2792 2230 2862 proﬁteri
2262 2806 2321 2847 se
2347 2800 2457 2846 tum
2487 2792 2648 2864 verba
2678 2794 2917 2862 quaedam
2945 2797 3160 2850 audisse
3191 2813 3311 2865 qua:
3361 2798 3559 2868 linguis

1992 2885 2245 2938 humanis
2274 2883 2455 2938 eﬂ'erri
2511 2885 2582 2938 sit
2629 2885 2806 2940 nefas.
2864 2888 3038 2956 Atque
3069 2889 3154 2940 illa
3205 2899 3352 2944 certe
3397 2893 3557 2944 verba

1991 2993 2091 3032 nec
2111 2977 2313 3046 prolata
2346 2977 2508 3031 fuisse
2545 2992 2804 3046 unquam,
2841 2993 2942 3032 nec
2981 2995 3008 3032 a
3070 2981 3378 3034 mortalium
3423 2998 3560 3050 quo-

325 3064 410 3115 καὶ
442 3066 470 3117 6
503 3066 762 3133 θεολόγος
815 3069 1116 3140 Γρηγόριος
1178 3073 1236 3124 ἐν
1291 3071 1369 3141 τῷ
1425 3072 1554 3142 περὶ
1608 3071 1888 3139 θεολογίας

1992 3084 2151 3138 quant
2186 3069 2422 3138 cognita,
2455 3067 2748 3136 Gregorius
2777 3066 2939 3121 etiam
3003 3067 3306 3138 Theologus
3349 3071 3402 3122 in
3437 3085 3562 3123 ora-

325 3154 461 3226 λόγῳ
505 3159 682 3212 αὑτοῦ
729 3159 1004 3216 δείκνυσιν
1049 3161 1222 3224 οὕτως
1250 3163 1458 3217 εἰπών·
1499 3183 1516 3216 ι
1557 3165 1618 3218 Ei
1670 3165 1769 3235 μὲν
1795 3163 1887 3217 οὖν
1917 3145 1960 3166 ν

325 3246 521 3320 ἓκφορα
555 3251 787 3319 γέγονεν
841 3252 878 3307 ἃ
928 3255 1008 3320 τῷ
1065 3256 1260 3326 Παύλῳ
1308 3255 1584 3325 παρέσχεν
1636 3256 1664 3308 6
1707 3256 1889 3323 τρίτος

324 3340 545 3411 οὐρανὸς
579 3349 677 3396 καὶ
704 3347 737 3414 ἡ
764 3346 924 3417 μέχρι
969 3347 1178 3400 ἐκείνου
1205 3348 1450 3417 πρόοδος,
1483 3349 1626 3417 τάχα
1667 3349 1730 3401 ἂν
1761 3349 1890 3418 περὶ

326 3429 452 3484 Θεοῦ
493 3433 664 3487 πλέον
713 3435 978 3506 ἔγνωμεν.
1017 3457 1036 3489 ι
1092 3438 1252 3492 Ἀλλὰ
1289 3439 1384 3492 καὶ
1429 3441 1458 3493 6
1491 3441 1892 3510 χρυσοῤῥήμων

338 3521 591 3596 Ἰωάννης
623 3527 681 3579 ιν
708 3531 829 3591 ταῖς
859 3532 938 3592 είς
965 3531 1064 3600 τὴν
1099 3531 1434 3602 Ἐξαήμερον
1467 3531 1632 3586 αὑτοῦ
1659 3531 1896 3600 ὁμιλίαις

324 3613 457 3669 οὕτω
494 3617 671 3688 φησίν
700 3634 716 3649 θ
754 3638 772 3670 ι
814 3619 874 3673 Et
902 3621 929 3672 6
959 3623 1134 3688 μέγας
1189 3621 1396 3685 Παῦλος
1428 3622 1456 3675 ὁ
1491 3623 1600 3676 τῶν
1637 3623 1895 3692 ἀρρήτων

327 3704 544 3759 ἐκείνων
603 3709 867 3778 ῥημάτων
921 3711 1154 3764 ἀκοῦσαι
1207 3713 1586 3779 καταξιωθεὶς,
1617 3707 1694 3767 ὧν
1729 3713 1890 3783 μέχρι

327 3797 418 3865 τῆς
469 3801 720 3872 σήμερον
755 3803 928 3866 οὐδεὶς
974 3805 1132 3868 ἄλλος
1165 3806 1392 3875 ἤκουσε,
1420 3807 1653 3874 γράφων
1681 3806 1888 3874 ἔλεγεν,

337 3886 679 3964 ’Υπωπιάζω
708 3911 809 3963 μου
851 3895 911 3948 τὸ
942 3897 1100 3964 σῶμα
1131 3897 1224 3949 καὶ
1254 3897 1599 3966 δουλαγωγῶ,
1635 3897 1686 3950 τί
1723 3897 1792 3950 ἂν
1817 3895 1893 3947 εῖ-

327 3997 518 4049 ποιμεν
545 3986 709 4054 ἡμεῖς
735 4002 749 4050 ;
793 4006 811 4038 ι
851 3989 959 4040 Καλ
991 3989 1119 4058 περὶ
1152 3989 1356 4042 τούτων
1388 3990 1582 4053 οὕτως.

1994 3162 2140 3216 tione
2173 3177 2291 3228 quzc
2331 3167 2415 3214 est
2465 3160 2532 3214 de
2566 3168 2708 3213 recta
2740 3159 3039 3214 disserendi
3091 3159 3158 3214 de
3188 3161 3296 3213 Deo
3325 3160 3558 3224 ratione,

1994 3254 2173 3307 verbis
2207 3252 2354 3307 hisce
2392 3254 2768 3306 demonstrat:
2813 3270 2831 3304 ι
2863 3251 3062 3318 Quodsi
3109 3252 3274 3306 Paulo
3320 3253 3562 3308 licuisset

1995 3341 2149 3397 ell‘ari
2189 3357 2249 3397 ea
2289 3357 2518 3412 quorum
2572 3342 2672 3410 ipsi
2700 3341 3063 3414 cognitionem
3096 3343 3289 3397 ccelum
3343 3349 3559 3398 tertium

1996 3441 2052 3488 et
2081 3447 2250 3502 usque
2276 3433 2344 3487 ad
2375 3433 2502 3488 illud
2538 3433 2842 3504 progressio
2897 3434 3282 3503 suppeditavit,
3328 3433 3561 3489 fortasse

1997 3525 2064 3579 de
2106 3525 2214 3578 Deo
2245 3524 2401 3578 nobis
2431 3523 2630 3594 aliquid
2683 3525 2914 3594 amplius
2947 3533 3242 3580 constaret.
3281 3545 3300 3577 ι
3367 3527 3560 3581 Consi—

1997 3616 2198 3670 militer
2240 3615 2477 3670 Joannes
2526 3615 2614 3670 ille
2643 3614 3064 3687 Chrysostomus
3118 3618 3172 3671 in
3223 3617 3563 3672 orationibus

1995 3709 2101 3762 illis
2123 3707 2320 3777 quibus
2359 3723 2522 3776 opera
2561 3723 2654 3762 sex
2680 3709 2887 3763 dierum
2919 3711 3216 3773 enarravit,
3269 3709 3353 3765 his
3383 3712 3564 3766 verbis

1998 3799 2168 3853 utitur
2199 3814 2210 3850 :
2246 3817 2263 3850 ι
2309 3798 2364 3852 Si
2407 3803 2631 3869 magnus
2669 3799 2757 3854 ille
2808 3799 3026 3864 Paulus,
3059 3817 3218 3870 quem
3275 3818 3340 3857 eo
3371 3805 3563 3872 digna-

1999 3900 2086 3946 tus
2114 3900 2198 3943 est
2242 3891 2448 3944 honore
2494 3891 2636 3944 Deus
2684 3898 2741 3943 ut
2782 3891 2996 3946 audiret
3043 3893 3332 3947 ineffabilia
3399 3897 3560 3948 verba

2000 3983 2129 4036 nulli
2160 3981 2226 4035 ad
2262 3982 2407 4034 hunc
2451 3995 2623 4048 usque
2656 3981 2797 4036 diem
2854 3983 2942 4036 alii
3000 3987 3304 4038 mortalium
3355 3987 3560 4048 audita,

328 4077 503 4135 dicere
531 4084 962 4137 nondubitavit'
996 4101 1052 4140 se
1081 4101 1278 4153 corpus
1297 4101 1453 4140 suum
1481 4084 1821 4139 contundere
1882 4094 1944 4134 ac
1984 4077 2248 4147 subigere.
2307 4075 2436 4144 (μιῖά
2477 4090 2575 4128 "03
2635 4075 2850 4130 “"‘dem
2910 4078 2975 4130 "‘3
3029 4079 3188 4132 "0M5
3235 4078 3416 4136 dicere
3468 4100 3563 4152 [ηπ

322 4175 439 4225 est?
475 4194 492 4226 ι
531 4175 614 4228 Ac
649 4176 714 4229 de
744 4177 824 4230 his
852 4179 1068 4246 quidem
1097 4180 1379 4237 hactenus.

400 4267 457 4318 '0
486 4269 544 4319 δὲ
593 4268 768 4337 Ἀδὰμ
799 4271 936 4338 μετὰ
961 4273 1022 4323 τὸ
1049 4271 1384 4341 ἐκϐληθῆναι
1409 4271 1504 4324 τοῦ
1548 4271 1886 4343 παραδείσου

326 4357 652 4425 (τηνικαῦτα
717 4359 826 4429 γὰρ
877 4361 1102 4432 ἄρχεται
1166 4363 1198 4431 ἡ
1265 4363 1680 4431 χρονογραφία).
1719 4359 1891 4430 ζήσας

2069 4266 2306 4320 Adamus
2339 4272 2521 4319 autem
2565 4266 2776 4335 ejectus
2833 4281 2862 4319 c
2917 4266 3169 4336 paradiso
3220 4268 3374 4336 (hinc
3417 4273 3561 4324 enim

2002 4367 2308 4424 temporum
2330 4355 2962 4422 adnotatioinchoatur),
2995 4372 3118 4410 cum
3149 4374 3322 4412 annos
3351 4362 3452 4414 950
3485 4363 3564 4415 vi-

324 4451 619 4504 ἐννακόσια
680 4452 774 4522 ἐτη
833 4454 966 4522 πρὸς
1023 4455 1137 4516 τοῖς
1201 4456 1495 4522 τριάκοντα
1543 4453 1776 4523 τελευτᾷ
1832 4457 1888 4506 ἐν

1996 4450 2172 4504 vendo
2202 4449 2499 4518 evplesset,
2533 4451 2584 4502 in
2619 4447 2802 4503 Judzea
2829 4461 3076 4504 mortuus
3109 4461 3213 4514 est,
3247 4453 3558 4522 ibidemque

333 4540 584 4613 Ἰουδαίᾳ,
625 4545 789 4596 κάκεῖ
822 4545 1112 4597 τέθαπται.
1149 4545 1259 4598 Καὶ
1313 4545 1430 4609 πῶς
1459 4547 1644 4600 ἄκουε.
1688 4545 1745 4598 '0
1796 4545 1891 4614 μέ-

322 4650 416 4700 γας
465 4635 792 4699 Ἐπιφάνιος
845 4637 903 4688 ἐν
965 4639 1078 4698 τοῖς
1112 4637 1454 4704 Παναρίοις,
1505 4635 1766 4696 ὡσαύτως
1797 4635 1892 4686 καὶ

322 4727 346 4776 6
374 4726 550 4793 μέγας
580 4726 859 4790 Βασίλειος
895 4727 954 4780 ἐν
991 4730 1057 4796 τῇ
1087 4728 1165 4790 είς
1195 4728 1286 4780 τὸν
1321 4727 1610 4797 προφήτην
1659 4725 1890 4779 Ἡσαΐαν

325 4817 592 4888 ἑρμηνείᾳ
641 4817 792 4885 λέγει
835 4819 1086 4888 ἄγραφον
1138 4818 1436 4889 παράδοσιν
1487 4816 1889 4887 περισώξεσθαι

322 4911 382 4976 τῇ
427 4908 736 4978 Ἐκκλησία
771 4908 903 4977 περὶ
963 4909 1056 4961 τοῦ
1108 4909 1300 4978 Ἀδὰμ,
1353 4908 1428 4971 ώς
1473 4909 1634 4969 εὐθὺς
1667 4909 1802 4978 μετὰ
1834 4910 1894 4962 τὸ

324 4999 659 5069 ἐκϐληθῆναι
691 5000 785 5052 τοῦ
819 5001 1147 5070 παραδείσου
1183 5003 1264 5062 εἰς
1295 5000 1394 5072 τὴν
1432 5002 1688 5054 Ἰουδαίαν
1719 5001 1892 5054 ἐλθεῖν

321 5089 481 5158 χάριν
528 5093 880 5162 παρηγορίας
913 5085 989 5145 ὧν
1020 5092 1324 5144 ἀπώλεσεν·
1377 5091 1517 5160 αὕτη
1556 5093 1648 5145 καὶ
1680 5093 1789 5162 γὰρ
1823 5094 1894 5160 γῆ

323 5181 462 5233 πίων
501 5183 774 5237 καλεῖται.
820 5184 1029 5236 Ἐκεῖσε
1083 5182 1270 5236 λοιπὸν
1323 5183 1670 5251 ἐνδιατρίϐει,
1708 5185 1888 5236 ἐκεῖσε

322 5274 413 5324 καὶ
452 5273 748 5328 τέθαπται.
798 5273 992 5343 Θαῦμα
1051 5274 1148 5344 μὲν
1194 5272 1288 5326 οὖν
1342 5273 1521 5326 ἐδόκει
1550 5274 1663 5335 τοῖς
1691 5273 1890 5342 ὁρῶσιν

321 5361 352 5430 η
384 5363 594 5415 ἐκείνου
628 5367 840 5435 κεφαλὴ
871 5366 970 5434 τῆς
1014 5366 1217 5434 σαρκὸς
1255 5364 1628 5435 διαρῤυείσης,
1667 5364 1750 5416 ὅτι
1788 5366 1883 5416 καὶ

319 5454 541 5522 πρῶτον
576 5457 781 5509 ἐκεῖνον
828 5457 1065 5511 Ἰουδαία
1101 5458 1296 5526 νεκρὸν
1340 5457 1580 5522 ἐδέξατο.
1619 5455 1709 5508 Ἐν
1731 5456 1885 5525 τύπῳ

321 5543 510 5600 λοιπον
543 5563 647 5600 τινι
673 5549 1038 5618 καταθέμενοι
1072 5551 1132 5603 τὸ
1160 5549 1404 5602 τοιοῦτον
1433 5547 1682 5620 κρανίον,
1716 5547 1884 5600 τόπον

390 5722 437 5754 ’⁹
474 5721 610 5778 Gen.
640 5739 714 5790 tv,
743 5724 833 5786 ﬁ.
912 5726 924 5756 '
963 5724 980 5778 Ι
1011 5724 1136 5782 Cor.
1169 5743 1244 5791 ιχ,
1276 5725 1365 5780 ‘27.

1997 4541 2266 4610 sepultus.
2321 4539 2474 4594 Unde
2521 4541 2574 4595 id
2624 4549 2858 4607 constet,
2910 4541 3056 4594 audi.
3117 4541 3451 4612 Epiphanius
3503 4549 3556 4599 in

1993 4628 2243 4683 Pauariis
2275 4639 2330 4684 et
2360 4630 2589 4684 Basilius
2620 4630 2675 4683 in
2712 4630 2862 4685 Isaia:
2893 4632 3028 4685 vatis
3063 4637 3412 4689 enarratione
3455 4646 3562 4690 tra-

1996 4720 2133 4774 dunt
2165 4720 2514 4774 traditionem
2546 4721 2832 4789 quamdam
2858 4737 2968 4775 non
2997 4724 3252 4792 scriptam
3288 4725 3338 4778 in
3372 4727 3562 4782 Eccle-

1996 4813 2075 4868 sia
2127 4812 2383 4878 retineri,
2420 4812 2686 4868 Adamum
2737 4812 2806 4867 de
2851 4815 3105 4883 paradiso
3158 4817 3386 4880 eiectum
3437 4837 3560 4874 mox

1995 4906 2048 4959 iu
2081 4905 2319 4960 Judacam
2355 4905 2702 4975 pervenisse,
2737 4921 2846 4975 quo
2891 4907 3074 4960 darnui
3126 4908 3250 4964 l'acti
3301 4911 3556 4966 solatium

1995 4997 2210 5065 aliquod
2269 4997 2522 5051 haberet.
2574 4995 2708 5050 Nam
2761 4999 2880 5066 ejus
2927 5007 3084 5053 terra:
3145 5000 3317 5053 solum
3359 5003 3560 5072 pingue

1997 5088 2166 5141 sacris
2205 5087 2516 5142 iu'Litteris
2547 5089 2871 5158 appellatur,
2924 5091 2975 5143 iu
3012 5105 3116 5158 qua
3149 5092 3406 5161 deinceps
3434 5109 3557 5146 cum

1999 5183 2224 5235 vixisset
2273 5181 2473 5236 ibidem
2532 5182 2781 5248 sepultus
2833 5182 2956 5238 fuit.
3001 5183 3064 5235 Et
3113 5184 3398 5237 videbatur
3440 5186 3559 5251 ejus

1993 5281 2176 5340 caput.
2225 5273 2314 5326 ubi
2348 5273 2458 5340 jam
2516 5287 2709 5326 carnes
2745 5272 3121 5337 deduxissent,
3158 5277 3351 5329 mirum
3382 5276 3557 5345 quod-

1992 5365 2115 5416 dam
2155 5363 2497 5417 intuentibus
2531 5378 2652 5417 esse
2685 5366 3082 5432 Spectaeulum,
3111 5367 3404 5434 praesertim
3431 5380 3552 5418 cum

1982 5455 2148 5523 121
2187 5452 2368 5507 Judzea
2403 5456 2634 5522 primum
2664 5455 2908 5508 omnium
2939 5456 3171 5508 cadaver
3201 5455 3371 5522 ipsius
3402 5469 3559 5507 exce-

1987 5547 2181 5615 pisset.
2203 5545 2386 5616 Itaque
2421 5545 2544 5601 loco
2567 5546 2801 5616 quodam
2834 5546 2932 5600 hac
2977 5546 3147 5614 ipsius
3171 5544 3275 5597 calt
3289 5544 3400 5598 aria
3425 5559 3554 5598 con-
