4062 6186
284 295 387 358 ΖΗ

1532 310 1943 377 ANNALlUM
1985 320 2176 383 PARS
2223 325 2306 385 II.

3433 334 3543 398 2ίὲ

282 431 375 478 τος
403 414 765 488 προσηύξατο
795 417 1164 490 μετατεθῆναι
1199 424 1227 477 6
1265 423 1498 494 δίκαιος,
1547 430 1622 495 ὡς
1661 436 1861 505 μηκέτι

1967 441 2332 496 mortalitatis—
2369 444 2645 514 excipere.
2683 447 2944 518 Adeoque
2983 447 3120 516 justi
3156 449 3394 506 hominis
3433 441 3549 505 haec

283 506 528 562 τοιοῦτόν
573 525 625 562 τι
666 508 953 578 θεάσηται.

1979 533 2225 588 conditio
2262 535 2404 590 nihil
2447 548 2566 592 erat
2615 539 2763 592 aliud
2800 556 2958 609 quam
3006 543 3197 597 mortis
3233 544 3378 596 velut
3413 543 3549 597 insi-

281 613 433 659 ste-re
476 607 648 706 iussa!
687 608 969 667 inbibitio.
1009 609 1279 682 Georgius
1318 618 1510 672 scribit
1555 620 1867 680 interfectis
1909 623 2121 682 Enoehi
2190 630 2449 686 fratribus
2483 649 2511 688 a
2557 607 2850 697 Lamecho.
2921 639 3015 704 qni
3047 638 3244 692 deinde
3285 641 3548 706 coniuges

279 714 475 754 eorum
528 701 634 756 sibi
685 703 1040 761 matrimonio
1097 707 1396 777 junxerit,

279 805 583 869 spectaret.

369 895 562 961 Ἔγνω
593 895 652 947 δὲ
697 896 838 950 Κάῖν
873 897 969 966 τὴν
1013 900 1253 966 γυναῖκα
1302 901 1493 968 αὐτοῦ,
1546 908 1643 960 καὶ
1679 908 1878 963 συλλα-

286 985 466 1039 ϐοὓσα
514 985 676 1039 ἔτεκε
726 988 821 1040 τὸν
870 989 1063 1054 Ἐνώς.
1090 991 1279 1062 Τούτῳ
1313 993 1392 1064 τῷ
1430 996 1595 1059 Ἐνώς
1620 1003 1876 1063 γεννᾶται

289 1078 332 1129 Γ
335 1078 518 1142 αῖδᾶν,
566 1079 763 1131 Γαῖδᾶν
817 1079 872 1132 δὲ
925 1083 1092 1152 γεννᾷ
1119 1084 1210 1135 τὸν
1247 1085 1551 1154 Μαλελεὴλ,
1590 1090 1876 1163 Μαλελεήλ

291 1168 348 1222 δὲ
374 1171 547 1240 γεννᾷ
576 1169 668 1224 τὸν
697 1171 1060 1238 Μαθουσάλα,
1098 1177 1194 1228 καὶ
1233 1176 1424 1230 Μαθου
1437 1179 1574 1234 σάλα
1604 1181 1872 1254 ἐγέννησε

284 1260 380 1313 τον
404 1261 624 1332 Λάμεχ.
651 1263 852 1316 Ἔλασε
888 1265 943 1318 δὲ
967 1266 1148 1335 ἑαυτῷ
1185 1270 1210 1320 6
1240 1268 1434 1340 Λάμεχ
1459 1271 1550 1325 δύο
1584 1277 1870 1342 γυναῖκας,
1903 1295 1909 1302 ·

309 1349 427 1404 Ἄδα
469 1354 567 1406 καὶ
607 1355 768 1420 Σελᾶ,
817 1357 910 1409 καὶ
959 1355 1063 1426 ἔφη
1119 1359 1255 1427 πρὸς
1286 1362 1474 1425 αὐτάς·
1511 1381 1528 1414 ι
1579 1366 1874 1420 Ἀκούσατε

279 1441 384 1510 τῆς
419 1445 609 1512 φωνῆς
655 1451 787 1514 μου,
847 1451 1108 1513 γυναῖκες
1154 1451 1364 1520 Λάμεχ,
1402 1455 1731 1510 ἐνωτίσασθε
1767 1477 1869 1528 μου

279 1533 412 1595 τοὺς
450 1533 668 1601 λόγους,
702 1536 786 1589 ὅτι
841 1537 1010 1608 ἄνδρα
1049 1541 1354 1596 ἀπέκτεινα
1385 1546 1464 1608 είς
1495 1549 1714 1618 τραῦμα
1744 1551 1868 1617 ἐμοὶ

278 1623 378 1677 καὶ
407 1625 694 1676 νεανίσκον
721 1628 802 1690 είς
827 1626 1070 1696 μώλωπα
1099 1633 1242 1701 ἐμοὶ,
1273 1633 1354 1686 ὅτι
1391 1636 1623 1700 ἑπτάκις
1659 1639 1872 1720 εκδεδί-
1911 1652 1924 1665 "

277 1731 446 1784 κηται.
473 1717 544 1768 ὲκ
577 1717 738 1782 Κάῖν,
769 1721 834 1771 ἐκ
855 1720 910 1772 δὲ
947 1721 1138 1792 Λάμεχ
1172 1725 1635 1794 ἑϐδομηκοντάκις
1665 1717 1860 1788 ἑπτά.»

1487 715 1692 782 justum
1751 718 1901 774 hunc
1941 723 2118 776 virum
2179 732 2459 794 precatum
2511 743 2636 784 esse
2687 744 2757 783 ne
2814 731 2942 799 quid
3009 730 3277 801 ejusmodi
3313 732 3548 800 amplius

2048 913 2250 971 Cainus
2308 917 2469 972 etiam
2503 935 2628 974 cum
2691 936 2863 976 uxore
2897 938 3020 978 cum
3081 925 3268 980 liberis
3321 941 3544 997 Operam

1978 1004 2255 1071 dedisset,
2288 1016 2551 1077 concepto
2597 1008 2688 1065 illa
2743 1010 2856 1066 fetu
2912 1009 3182 1066 lienosum
3226 1016 3387 1068 enixa
3437 1025 3542 1081 est,

1979 1097 2226 1155 llenosus
2257 1100 2555 1155 Gaidanem
2584 1104 2910 1172 procreavit,
2941 1103 3148 1159 Gaidnn
3179 1105 3540 1172 Maleler-lum,

1975 1191 2289 1246 Maleleclus
2357 1191 2742 1260 Mathusalam,
2791 1195 3122 1249 Mathusalas
3187 1194 3542 1252 Lamechum.

1973 1283 2024 1337 ls
2050 1283 2260 1337 duabus
2291 1286 2552 1340 "mribus
2583 1286 2698 1341 Ada
2730 1286 2966 1356 Selaque
2989 1286 3193 1354 ductis,
3226 1288 3304 1342 sic
3334 1303 3429 1343 eas
3463 1301 3545 1343 est

1971 1376 2278 1430 allocutus:
2318 1395 2336 1428 ι
2380 1378 2578 1432 Audite
2610 1394 2788 1432 meam
2839 1379 3167 1440 orationem,
3201 1393 3401 1434 uxores
3440 1377 3545 1433 La-

1974 1471 2176 1533 meebi.
2213 1482 2267 1526 et
2301 1486 2419 1540 qum
2473 1472 2646 1525 dicam
2701 1472 2987 1526 attendite.
3019 1469 3208 1526 Occidi
3261 1470 3543 1526 hominem

1969 1579 2092 1618 cum
2127 1566 2350 1619 vulnere
2381 1579 2520 1630 meo,
2551 1565 2804 1634 juvenem
2834 1580 2945 1618 non
2993 1565 3111 1617 sine
3154 1562 3325 1632 plagis
3382 1564 3545 1618 meis.

1967 1654 2024 1709 ln
2057 1655 2228 1711 Caino
2258 1655 2492 1725 septupli
2541 1669 2703 1722 poena
2745 1653 2868 1720 fuit,
2907 1657 2961 1709 in
3015 1655 3292 1710 Lamecho
3325 1666 3547 1724 septua-

1967 1747 2178 1817 gccupli
2197 1747 2429 1816 septupli
2457 1746 2617 1801 erit'.
2651 1766 2668 1798 ι
2703 1745 2879 1813 Quaeri
2907 1747 3043 1800 solet
3071 1748 3173 1802 hoc
3203 1747 3321 1802 loco
3349 1762 3544 1816 quam-

277 1807 393 1858 Καὶ
428 1807 689 1876 ζητοῦσιν
728 1811 965 1864 ἐνταῦθα
1009 1814 1101 1867 διὰ
1142 1817 1196 1868 τί
1219 1818 1283 1870 ἐκ
1322 1819 1418 1886 μὲν
1457 1822 1599 1874 Κάῖν
1629 1824 1865 1890 ἑπτάκις

1969 1841 2157 1894 obrem
2215 1839 2267 1892 in
2310 1839 2481 1893 Caino
2511 1839 2728 1908 quidem
2781 1838 3018 1909 septupli
3049 1855 3208 1909 poena
3251 1844 3542 1904 statuatur,

279 1901 659 1972 ἑκδεδίκηται,
691 1905 783 1956 καὶ
819 1906 993 1960 ταῦτα
1034 1908 1126 1962 τὸν
1175 1913 1374 1971 οιῑκεῖον
1431 1913 1660 1984 ἀδελφὸν
1707 1917 1869 1986 ἔργον

280 1993 452 2059 φόνου
506 1995 873 2064 ποιήσαντος,
935 1999 1000 2052 ὲκ
1046 2000 1103 2054 δὲ
1159 2002 1351 2074 Λαμεχ
1404 2005 1871 2075 ἑϐδομηκοντάκις

280 2085 448 2138 ἑπτά.
518 2089 631 2139 Καὶ
688 2088 926 2158 λέγομεν
972 2091 1054 2144 ὅτι.
1105 2092 1135 2145 6
1192 2096 1294 2162 μὲν
1342 2097 1484 2150 Κάῖν
1522 2097 1674 2152 οὔπω
1729 2099 1872 2169 ἔγνω

285 2181 479 2230 ὁποῖόν
505 2179 658 2232 ἐστιν
691 2177 726 2234 δ’
758 2182 918 2249 φόνος
947 2182 1139 2250 κακὸν,
1166 2186 1320 2240 οὔπω
1347 2183 1456 2242 εἶδε
1503 2192 1671 2259 φονέα
1695 2210 1869 2255 τιμω-

282 2269 578 2340 ρούμενον,
609 2268 762 2346 οὔπω
785 2271 890 2326 εἶδε
920 2276 1010 2328 τὸν
1033 2276 1166 2330 Θεὸν
1199 2279 1288 2332 ἐπ’
1316 2281 1463 2352 αὐτῷ
1494 2284 1888 2352 ἀγανακτοῦν--

277 2379 370 2415 ταν
403 2363 490 2430 ἐφ’
522 2356 567 2432 ᾧ
611 2367 708 2419 καὶ⁵
735 2367 1006 2440 τιμωρίας
1063 2371 1124 2423 οὐ
1176 2373 1434 2428 τοσοῦτον
1471 2376 1698 2446 βαρείας
1736 2396 1869 2447 μετ-

275 2456 538 2524 έσχηκεν.
595 2453 655 2510 ⁸0
700 2457 757 2510 δὲ
797 2460 989 2530 Λάμεχ
1043 2459 1338 2533 βαρύνεται
1388 2471 1449 2537 τῇ
1509 2469 1748 2532 κολάσει,
1783 2469 1866 2524 ὅτι

277 2550 478 2616 φονεὺς
519 2545 588 2620 ἦν
635 2552 775 2620 μετὰ
831 2555 924 2605 τὸν
976 2551 1280 2623 ε.όμον”καὶ
1307 2558 1368 2610 τὸ
1411 2561 1753 2631 κατάκριμα,
1785 2561 1867 2616 ὅτι

273 2639 374 2690 τοῦ
438 2641 587 2722 Κάῗ),
627 2641 820 2695 ἑαυτὸν
866 2644 966 2696 οὐκ
1033 2647 1402 2716 ἐσωφρόνισεν
1465 2652 1864 2722 ὑποδείγματιο

271 2731 400 2782 ὅθεν
457 2734 554 2782 καὶ
613 2733 926 2804 βαρυτέραν
978 2735 1191 2790 ἐκείνου
1231 2741 1333 2812 τὴν
1367 2743 1593 2798 κόλασιν
1627 2745 1862 2815 δέχεται.

286 2819 437 2871 Ἀλλ’
464 2821 491 2872 6
531 2821 632 2890 μὲν
664 2824 805 2883 Κάῖν
829 2827 922 2878 ἐπὶ
961 2828 1036 2895 τῷ
1069 2829 1214 2900 φόνῳ
1250 2834 1586 2904 συγγνώμης
1606 2837 1706 2890 οὐκ
1740 2837 1864 2892 ἔτυ-

269 2929 394 2979 χεν.
419 2914 503 2964 ὅτι
526 2919 610 2967 κα’
639 2933 700 2967 πο
722 2916 789 2985 ρὰ
818 2915 955 2970 Θεοῦ
987 2919 1347 2992 ἐλεγχόμενος
1376 2925 1644 2996 κρύπτειν
1668 2927 1869 2983 ἔσπευ-

270 3003 330 3054 δε
368 3005 430 3055 τὸ
463 3004 772 3077 ἁμάρτημα
793 3026 809 3041 '
845 3012 871 3063 6
901 3011 954 3063 δὲ
992 3012 1182 3084 Λάμεχ
1214 3015 1312 3083 τῆς
1346 3019 1664 3087 μιαιφονίας
1691 3021 1866 3074 ἀπαλ-

270 3097 565 3164 λάσσεται,
597 3101 680 3153 ὅτι
735 3099 834 3171 τὴν
888 3103 1012 3155 καθ’
1065 3107 1261 3159 ἑαυτοῦ
1314 3094 1645 3176 ψῆφονκαὶ
1698 3113 1860 3181 μόνος

272 3190 597 3258 ἐξήνεγκεν,
662 3192 744 3245 ὅτι
807 3193 1052 3262 μείζονος
1116 3197 1311 3252 ἑαυτὸν
1374 3199 1542 3266 ἔδειξε
1583 3197 1931 3268 κολάσεωςο

272 3281 450 3346 ἄξιον,
488 3282 665 3348 οὕτως
707 3285 879 3338 εἰπών
904 3304 920 3319 ·
957 3305 991 3337 ο
1026 3287 1204 3343 Ἑκδὲ
1229 3292 1420 3364 Λάμεχ
1455 3295 1857 3369 ἑϐδομηκοντά-

271 3391 359 3435 κις
383 3375 548 3430 ἑπτά.
581 3395 601 3428 ι

349 3553 411 3606 Ei
456 3555 513 3607 δὲ
557 3560 777 3611 κάκεῖνο
831 3561 1347 3633 πολυπραγμονεῖς,
1401 3569 1676 3640 άγαπητὲ,
1718 3573 1854 3645 ὅπερ

271 3647 414 3714 πρὸς
447 3649 590 3704 Κάῖν
623 3645 778 3704 εἶπεν
800 3652 827 3704 6
856 3653 1009 3732 Θεὸς,
1045 3655 1125 3708 ὅτι
1161 3657 1267 3720 πᾶς
1296 3659 1323 3710 6
1354 3660 1680 3724 ἀποκτείνας
1718 3663 1854 3718 Κάῖν

271 3740 420 3792 ἑπτά
453 3741 817 3812 ὲκδικοὺμενα
846 3745 1178 3814 παραλύσει,
1205 3752 1232 3802 6
1260 3755 1856 3824 χρυσορῤήμωνἸωάν-

268 3848 370 3900 γης
403 3834 463 3884 ὲν
486 3831 564 3902 τῷ
590 3832 713 3886 κατ’
749 3834 1020 3890 Ἰουδαίων
1053 3839 1198 3906 ἕκτῳ
1224 3841 1366 3912 λόγῳ
1394 3843 1596 3910 διδάξει
1633 3865 1690 3900 σε
1715 3852 1854 3902 κατὰ

270 3923 428 3993 ῥῆμα
453 3925 672 4012 ⁴διεξιὼν
699 3928 896 3982 οὑτωσί
923 3947 936 3959 ·
963 3949 980 3981 ι
1019 3934 1108 4002 Μὴ
1144 3933 1331 4001 φοϐοῦ,
1363 3937 1514 4006 φησί·
1547 3938 1716 4010 βιώσῃ
1745 3940 1856 4010 βίον

272 4017 512 4084 μακρόν*
549 4017 650 4070 κᾶν
690 4019 854 4092 ἀνέλῃ
890 4022 947 4074 σέ
979 4039 1084 4087 τις,
1119 4024 1339 4085 πολλαῖς
1382 4028 1534 4082 ἔσται
1561 4031 1855 4100 τιμωρίαις

271 4106 606 4169 ὑπεύθυνος.
656 4107 716 4162 Ὀ
756 4112 864 4180 γὰρ
915 4113 1056 4166 ἑπτὰ
1111 4116 1348 4186 ἀριθμός
1386 4121 1534 4189 παρὰ
1567 4124 1634 4190 τῇ
1663 4122 1852 4191 Γραφῇ

269 4196 587 4266 ἀδιορίςτου
649 4201 888 4271 πλήθους
948 4207 1067 4257 ἐστὶ
1124 4211 1482 4277 σημαντικός.
1541 4213 1600 4262 '0
1647 4213 1854 4266 ἀνελών

269 4305 358 4347 σε,
399 4290 558 4358 φησι,
600 4295 694 4343 καὶ
748 4309 857 4344 των
899 4297 1270 4365 ἐπικειμένων
1307 4317 1389 4353 σοι
1429 4301 1726 4368 ἀπαλλάξει
1759 4321 1855 4357 κο-

269 4381 512 4444 λάσεων,
557 4387 718 4436 αὐτὸς
763 4383 850 4452 ἐφ’
886 4388 1080 4442 ἑαυτὸν
1128 4391 1499 4448 ἐπισπάσεται
1534 4395 1631 4465 τὴν
1681 4413 1856 4466 τιμω-

275 4472 424 4540 ρίαν.
489 4475 596 4525 Kak
659 4476 806 4527 δοκεῖ
862 4479 960 4545 μὲν
1017 4477 1157 4533 εἶναι
1212 4481 1388 4554 βραχὺ
1421 4486 1482 4537 τὸ
1531 4488 1848 4555 λεγόμενον,

269 4565 476 4631 πολλῆς
537 4567 590 4618 δὲ
643 4567 794 4634 ὅμως
853 4571 1184 4638 κηδεμονίας
1245 4553 1383 4630 ἔστί.
1435 4577 1542 4630 Καὶ
1582 4553 1688 4648 γάρ
1729 4583 1853 4643 τοὺς
1887 4553 1933 4611 D

267 4657 410 4724 μετὰ
462 4657 635 4712 ταῦτα
676 4663 1013 4731 σωφρονίσαι
1058 4665 1406 4735 βουλόμενος,
1455 4671 1693 4725 τοιοῦτον
1725 4675 1853 4726 ἐπε-

267 4748 439 4818 νόησε
472 4751 750 4816 κολάσεως
779 4755 1002 4824 τρόπον,
1027 4757 1082 4819 ὃς
1119 4760 1428 4826 ἀπαλλάξαι
1458 4765 1710 4818 κάκεῖνον
1749 4766 1850 4834 τῆς

262 4842 548 4909 τιμωρίας
587 4843 839 4912 ἠδύνατο.
889 4847 950 4899 Εἰ
999 4849 1101 4917 μὲν
1141 4851 1250 4921 γάρ
1282 4853 1486 4913 εὐθέως
1518 4857 1679 4909 αὐτὸν
1708 4858 1854 4910 ἀνεί-

255 4930 379 4992 ὶεν,
407 4932 651 5000 ἀπῆλθεν
691 4936 760 4988 ἂν
788 4937 928 5003 ἔχων
969 4939 1068 5008 τὴν
1110 4942 1410 5012 ἁμαρτίαν,
1442 4947 1535 4998 καὶ
1570 4949 1682 5010 τοῖς
1711 4948 1851 5016 μετᾶ

266 5024 447 5077 ταῦτα
472 5027 570 5078 οὐκ
603 5030 666 5079 ἂν
696 5030 914 5096 ἐγένετο
936 5033 1237 5104 γνώριμος.
1270 5037 1402 5090 Νυνὶ
1429 5039 1651 5107 ἀφεθεὶς
1685 5043 1852 5095 πολὺν

271 5117 473 5186 χρόνον
504 5117 668 5188 ζῆσαι
714 5124 771 5175 ὲν
803 5125 996 5195 ἐκείνῳ
1026 5128 1102 5196 τῷ
1136 5129 1346 5199 τρόμῳ,
1383 5131 1699 5196 διδάσκαλος
1739 5139 1851 5197 τοῖς

265 5207 556 5260 ἀπαντῶσι
585 5209 883 5265 καθίστατο
915 5218 1049 5267 πᾶσι
1090 5219 1179 5270 διὰ
1209 5218 1306 5287 τῆς
1349 5219 1546 5289 ὅψεως.
1589 5223 1752 5277 ’Λλλὰ
1786 5227 1840 5278 τί
1882 5233 1886 5238 ⁷

257 5297 328 5366 δή
365 5316 494 5352 ποτε
529 5303 631 5370 τὴν
681 5303 959 5373 ἁμαρτίαν
993 5308 1362 5380 ὁμολογήσας,
1405 5310 1498 5365 καὶ
1531 5315 1703 5370 εἰπὼν
1739 5319 1854 5385 μεί-

263 5388 400 5452 ζονα
438 5395 774 5474 συγγνώμης
801 5399 1208 5468 ἡμαρτηκέναι,
1238 5406 1336 5457 οἰκ
1362 5406 1426 5458 ἂν
1453 5407 1677 5475 ἴσχυσεν
1713 5411 1850 5462 ἀπο-

259 5482 519 5549 νπῷασθαι
587 5489 648 5539 τὸ
699 5489 1038 5559 ἁμάρτημας
1097 5495 1291 5548 Καίτοι
1365 5514 1426 5564 γε
1474 5500 1502 5550 6
1556 5499 1852 5573 Προφήτης

263 5578 420 5643 φησι,
454 5596 471 5627 ι
495 5583 632 5646 Λέγε
666 5583 730 5632 σὺ
757 5581 850 5644 τάς
885 5585 1114 5653 ἀνομίας
1147 5605 1239 5640 σου
1265 5589 1500 5659 πρῶτος,
1526 5591 1611 5646 ἵνα
1631 5593 1832 5648 δικαιω-

341 5747 358 5785 '-
393 5747 527 5811 (ﬁcu.
560 5764 635 5814 Iv,
667 5746 757 5802 23.
836 5749 855 5780 ⁸
883 5749 1012 5804 ibid.
1049 5751 1128 5805 15.

1973 1947 2095 1988 cum
2148 1932 2194 1985 is
2223 1933 2502 2001 proprium
2555 1932 2777 1986 fratrem
2830 1932 3115 1995 occiderit,
3164 1934 3218 1985 in
3270 1929 3545 1985 Lamecho

1972 2033 2151 2080 autem
2190 2025 2598 2094 septuagecupli
2641 2025 2919 2094 septupli?
2972 2023 3388 2092 Respondemus
3415 2021 3544 2076 Cai-

1971 2131 2102 2170 num
2158 2117 2393 2171 necdum
2445 2115 2670 2170 scivisse
2736 2117 3048 2186 cujusmedi
3107 2117 3309 2170 malum
3367 2117 3547 2171 caedes

1972 2209 2156 2274 feret;
2215 2207 2447 2262 necdum
2511 2221 2843 2278 quemquam
2906 2207 3238 2262 homicidam
3295 2194 3544 2276 punitum

1971 2303 2231 2367 novisse;
2273 2300 2512 2356 necdum
2573 2300 3007 2370 indignationem
3061 2301 3150 2353 Dei
3208 2312 3543 2369 compertam

1972 2393 2227 2447 habuisse
2255 2409 2269 2446 ι
2304 2391 2657 2460 quamobrem
2693 2405 2857 2460 poena
2890 2406 2998 2444 non
3032 2405 3208 2459 usque
3232 2387 3368 2444 adeo
3394 2395 3548 2462 gravi

1970 2484 2139 2538 fuisse
2169 2481 2447 2538 affectent.
2477 2481 2735 2537 Lamechi
2767 2497 2896 2536 vero
2923 2482 3252 2550 supplicium
3283 2501 3351 2539 eo
3379 2485 3549 2540 fuisse

1969 2577 2220 2648 gravius,
2259 2577 2404 2646 quod
2462 2576 2822 2631 homicidium
2876 2585 3002 2645 post
3053 2577 3229 2646 legem
3284 2578 3448 2630 latam
3493 2582 3550 2630 et

1969 2671 2484 2725 rondeumationem
2533 2669 2936 2739 promulgatam
2991 2669 3390 2732 commisisset,
3446 2681 3548 2722 nec

1967 2763 2121 2821 Caini
2145 2767 2394 2835 exemplo
2431 2766 2673 2820 monitus
2704 2763 2844 2836 frugi
2877 2764 3052 2820 factus
3084 2764 3302 2818 luisset.
3334 2764 3547 2818 idcirco

1968 2860 2190 2928 gravius
2245 2859 2494 2928 punitur.
2546 2858 2781 2912 Rursum
2849 2855 3058 2912 Cainus
3116 2855 3332 2910 veniam
3382 2856 3549 2910 credis

1968 2967 2075 3005 non
2135 2959 2220 3003 est
2267 2957 2635 3005 consecutus.
2684 2946 2852 3013 idque
2894 2933 3187 3014 propterea
3234 2946 3378 3015 quod
3437 2946 3548 3002 Deo

1968 3042 2143 3112 ipsum
2178 3041 2542 3110 redarguente
2569 3036 2828 3090 delictum
2863 3036 3144 3089 occultare
3175 3046 3407 3089 conatus
3432 3037 3548 3090 fuc-

1968 3133 2057 3186 rit.
2095 3131 2164 3186 At
2187 3131 2380 3186 eodem
2415 3145 2441 3182 a
2471 3128 2683 3198 piaculo
2725 3125 3033 3182 Lamccbus
3059 3128 3545 3199 absolvitur,quod

1965 3227 2083 3296 ipse
2108 3239 2205 3278 suo
2235 3239 2292 3278 se
2323 3215 2534 3276 calculo’
2565 3221 2927 3282 damnaverit,
2957 3236 3126 3289 seque
3164 3221 3359 3289 majori
3411 3239 3545 3292 sup-

1965 3311 2130 3380 plicio
2190 3309 2415 3381 dignum
2463 3309 2646 3365 verbis
2685 3309 2832 3364 hisce
2878 3311 3321 3379 proountiaverit
3360 3329 3372 3364 :
3426 3331 3444 3363 ι
3483 3311 3545 3366 ιιι

1963 3403 2135 3460 Caino
2161 3403 2394 3473 septupli
2417 3417 2576 3474 poena
2608 3401 2730 3468 fuit,
2749 3401 2803 3456 in
2833 3400 3110 3459 Lamecho
3135 3405 3545 3476 septuagecupli

1965 3497 2362 3566 septuplierit.
2404 3515 2423 3547 ι
3151 3541 3172 3558 ι

2034 3587 2260 3654 Quodsi,
2281 3588 2478 3644 dilecte
2497 3589 2592 3654 fili,
2617 3591 2834 3645 curiose
2866 3591 2960 3646 tibi
2990 3590 3306 3646 libetetiam
3348 3592 3414 3646 de
3444 3590 3546 3646 boe

1965 3680 2243 3750 inquirere
2263 3681 2408 3748 quod
2432 3682 2497 3734 ad
2518 3681 2744 3736 Cainnm
2770 3698 2796 3735 a
2829 3681 2940 3738 Deo
2961 3680 3234 3752 proferl‘ur
3253 3681 3546 3750 :chicun-

1963 3789 2067 3842 que
2079 3773 2306 3828 Cainum
2322 3775 2860 3845 necaverit.septupli
2878 3775 3170 3829 vindictam
3187 3775 3504 3840 sustinebit,
3519 3794 3538 3826 ι

1963 3864 2089 3918 licet
2107 3881 2170 3920 ex
2199 3865 2426 3920 Joannis
2450 3865 2825 3936 Chrysostomi
2859 3868 3109 3922 oratione
3133 3868 3186 3928 in
3211 3867 3426 3922 Judaros
3450 3883 3508 3920 se
3527 3897 3540 3907 -

1962 3956 2129 4026 ptima
2153 3952 2450 4023 discas,ubi
2475 3959 2589 4012 haec
2618 3961 2779 4012 verba
2806 3959 3259 4028 ipsius-exstant:
3301 3979 3320 4010 ι
3349 3960 3541 4014 Dicere

1963 4047 2137 4100 voluit
2162 4046 2327 4112 Deus,
2363 4047 2442 4100 Ne
2469 4056 2678 4100 metuas
2728 4047 2850 4109 tibi,
2885 4048 3049 4102 Caioe
3079 4067 3092 4114 ;
3139 4049 3302 4102 vitam
3335 4050 3542 4118 longa!-

1963 4154 2082 4192 vam
2129 4136 2337 4205 exiges.
2385 4136 2589 4203 Quodsi
2625 4137 2750 4204 quis
2797 4147 2846 4190 te
2898 4139 3206 4202 necaverit,
3245 4141 3542 4194 multarum

1962 4241 2250 4296 pmnarum
2299 4241 2357 4280 se
2395 4242 2546 4280 reum
2584 4225 2766 4281 faciet.
2801 4226 3160 4295 Scptenarius
3188 4228 3336 4282 enim
3383 4228 3545 4298 123

1962 4335 2225 4372 numerus
2252 4319 2426 4374 sacris
2470 4317 2524 4371 in
2574 4316 2800 4375 Litteris
2831 4319 3138 4374 indefinitm
3175 4321 3544 4375 multitudinis

1961 4410 2412 4480 significationem
2445 4409 2648 4462 habere
2677 4410 2834 4463 solet.
2867 4409 2966 4475 Qui
2996 4426 3126 4480 ergo
3157 4425 3208 4466 te
3252 4414 3542 4466 interfece—

1962 4505 2054 4566 rit,
2104 4504 2281 4572 iisque
2311 4503 2488 4573 poenis
2523 4503 2790 4557 exemerit
2819 4521 2939 4573 qum
2973 4514 3022 4559 te
3069 4522 3218 4561 nunc
3267 4516 3542 4575 prrmunt.

1960 4596 2008 4649 is
2041 4594 2371 4664 supplicium
2404 4595 2458 4646 in
2494 4596 2853 4664 semetipsum
2884 4597 3201 4651 transferet.
3232 4595 3385 4664 Quod
3419 4601 3542 4665 qni—

1958 4686 2081 4739 dem
2117 4683 2324 4738 dictum
2361 4700 2620 4754 perquam
2653 4701 2777 4741 eSse
2807 4704 2972 4756 grave
3003 4687 3241 4750 videtur,
3279 4703 3464 4741 verum
3513 4703 3541 4740 a

1956 4779 2301 4848 providentia
2338 4781 2605 4849 singulari
2636 4781 3026 4850 proﬁciscitur.
3058 4783 3194 4836 Cum
3223 4783 3371 4837 enim
3399 4782 3545 4838 Deus

1961 4871 2294 4939 posteriores
2335 4872 2553 4925 ellieere
2606 4869 2744 4941 frugi
2778 4872 2964 4938 vellet,
3001 4873 3318 4941 bnjusmodi
3369 4890 3546 4944 pmnze

1959 4962 2179 5015 modum
2242 4965 2468 5032 reperit,
2512 4967 2606 5034 qui
2659 4972 2716 5019 et
2757 4966 2933 5035 ipsum
2976 4966 3215 5022 liberare
3271 4969 3548 5038 supplicio

1958 5064 2164 5118 posset.
2193 5053 2324 5107 Nam
2357 5056 2399 5109 si
2443 5073 2566 5110 mox
2605 5073 2730 5110 eum
2772 5057 3118 5123 sustulisset,
3153 5076 3250 5114 suo
3283 5078 3406 5114 etun
3443 5061 3540 5114 de-

1961 5143 2085 5196 lictn
2117 5144 2370 5210 periisset
2416 5161 2517 5200 nec
2547 5147 2786 5217 posteris
2832 5148 3182 5206 innotuissct.
3213 5151 3366 5207 Nunc
3412 5167 3537 5207 cum

1955 5234 2098 5288 facta
2149 5233 2314 5290 fuerit
2363 5237 2412 5290 ei
2472 5249 2714 5306 potestas
2772 5241 2826 5294 in
2869 5241 2958 5296 illa
3025 5245 3394 5314 trepidatione
3448 5247 3539 5302 diu

1956 5323 2196 5391 vivendi,
2233 5327 2316 5380 vel
2373 5327 2492 5395 ipso
2527 5328 2730 5382 intuitu
2779 5331 2882 5386 sibi
2928 5347 3286 5390 occurrentes
3323 5336 3541 5389 ('l'llliiC-r

1957 5416 2066 5474 bat.
2119 5417 2419 5472 Enimvero
2465 5419 2554 5488 qui
2599 5419 2798 5476 factum
2855 5433 2942 5480 est
2991 5435 3049 5480 ut
3096 5444 3221 5481 cum
3272 5427 3534 5480 delictum

1955 5523 2116 5562 suum
2144 5509 2322 5567 fassus
2347 5513 2465 5584 ipse
2495 5513 2792 5588 verbisﬁbis
2822 5530 3005 5576 esset:
3045 5539 3062 5570 ι
3103 5518 3268 5587 Major
3299 5531 3374 5572 es:
3413 5530 3534 5571 mea

1954 5602 2112 5671 culpa
2147 5619 2306 5672 (piam
2355 5615 2414 5659 ut
2463 5609 2776 5663 remittatur
2802 5609 2842 5674 ³,
2891 5629 2908 5662 ι
2961 5617 3242 5680 peccaturo
3308 5608 3531 5664 abluere
