4062 6186
376 282 381 285 ν
431 226 539 288 22::

1713 226 2136 287 MCHAELIS
2177 224 2445 288 GLYCIE

3589 186 3701 291 sat

429 349 489 394 ιι
526 339 651 395 hinc
712 341 936 410 quidem
1006 342 1073 396 ad
1122 341 1339 412 generis
1382 341 1834 411 propagatiouem
1905 324 2292 406 excitaremitr,
2346 341 2471 396 inde
2513 355 2642 397 vero
2674 342 2926 399 tniserias
2970 352 3193 398 nostras
3253 342 3686 415 deploraremus,

427 436 626 505 prioris
677 448 857 494 status
908 438 1224 492 memoriam
1279 436 1686 502 refricaremus,
1732 446 2015 505 peceatum
2050 436 2289 507 denique
2359 439 2601 509 graviter
2673 440 3073 506 incusaremus,
3123 441 3281 512 cujus
3325 454 3490 494 causa
3534 451 3695 509 perac

427 529 534 584 disi
572 532 676 584 vita
723 530 939 599 spoliati
974 543 1164 582 sumus
1206 528 1491 597 brutisque
1518 528 1782 594 jumentis
1808 527 2019 582 similes
2056 528 2211 581 facti.

816 623 894 676 De
927 623 1094 676 tribus
1125 622 1321 675 anima:
1352 621 1614 690 partibus.

502 716 703 769 Praeter
731 715 843 768 haec
874 715 1035 767 etiam
1062 714 1191 768 illud
1225 715 1365 768 seire
1395 721 1447 767 te
1472 712 1620 777 volo,
1648 698 2012 781 partem'eam

428 809 593 864 animi
630 824 751 877 quae
802 808 1098 877 appetendi
1148 806 1467 860 facultatem
1501 807 1748 859 continet
1793 806 1847 858 in
1878 804 2017 871 jeci-

432 916 568 955 nore
598 899 782 954 sedem
816 914 969 954 suam
1010 899 1286 963 obtinere,
1317 899 1545 954 alteram
1590 914 1696 967 qua
1743 896 2014 951 irascendi

429 992 512 1045 vis
568 992 887 1047 continetur
935 991 993 1044 in
1032 991 1219 1055 corde,
1277 991 1506 1045 rationis
1554 989 1793 1059 denique
1840 990 2016 1043 domi-

430 1082 618 1136 cilium
643 1082 696 1135 in
748 1084 976 1135 cerebro
999 1096 1144 1136 esse.
1213 1081 1388 1150 Atque
1443 1082 1581 1135 bane
1620 1082 1793 1150 ipsam
1823 1081 2015 1148 {ratio-

428 1174 518 1226 nis
550 1173 868 1227 facultatem
910 1172 1247 1241 gubernator
1295 1173 1386 1226 ille
1435 1189 1614 1237 rerum
1644 1174 2016 1228 universitatis
2060 1180 2065 1185 ’

430 1273 718 1333 propterea
754 1263 851 1316 tibi
881 1252 1128 1326 donavit;
1166 1272 1225 1316 ut
1250 1263 1319 1315 ab
1349 1262 1608 1316 irascibili
1640 1263 1896 1316 facultate
1919 1263 2015 1316 ad-

425 1355 580 1421 jutus
621 1352 839 1408 fortiter
877 1354 1152 1408 adversari
1191 1355 1361 1407 brutze
1394 1353 1751 1422 pecuinaeqlte
1806 1369 2013 1406 concu-

431 1444 713 1513 piscentiae
747 1446 946 1513 possis.
1000 1444 1166 1498 Norat
1188 1446 1334 1498 enim
1369 1446 1628 1499 dominus
1684 1446 1774 1498 ille
1807 1456 2013 1500 natura:

429 1546 668 1605 quantus
690 1545 835 1589 esset
865 1536 985 1604 ejus
1018 1538 1275 1603 impetus.
1313 1536 1378 1590 Et
1409 1537 1551 1590 hanc
1580 1538 1875 1604 appetendi
1902 1537 2012 1591 vim

427 1630 612 1682 sedem
675 1629 726 1681 in
787 1627 1034 1695 jecinore
1097 1641 1252 1682 suam
1319 1629 1525 1681 habere
1574 1627 1817 1682 Galenus
1846 1628 2010 1681 etiam

428 1717 566 1788 Tityi
594 1728 1020 1773 commemoz'ata
1059 1718 1240 1772 fabula
1271 1720 1488 1788 probat,
1525 1720 1577 1772 in
1612 1719 1754 1772 libro
1784 1719 2010 1787 quidem

424 1824 492 1862 eo
536 1812 624 1864 cui
664 1809 1042 1880 Diaguostices
1089 1810 1311 1863 titulum
1362 1808 1514 1872 fecit,
1568 1812 1729 1877 jecur
1765 1811 1887 1878 ejus
1944 1809 2013 1865 ab

422 1903 603 1969 aquila
635 1890 876 1968 cemedi,
914 1904 968 1956 in
1005 1903 1179 1959 altero
1212 1912 1394 1957 autem
1426 1902 1565 1955 libro
1601 1903 1861 1970 singulari
1918 1903 2010 1972 qui

424 2006 509 2048 est
531 1994 599 2049 de
616 1995 781 2047 animi
801 1995 1070 2058 moribus,
1085 2010 1129 2052 .a
1149 1982 1463 2048 vulturibus
1485 1992 1739 2047 devorari
1768 1993 2011 2053 tradens.

425 2087 644 2140 Etenim
674 2084 866 2157 Tityus
920 2087 1028 2151 llic,
1082 2092 1141 2138 ut
1183 2097 1387 2139 exterae
1446 2084 1759 2153 disciplina:
1816 2084 2013 2139 fabulis

425 2178 803 2237 continentur.
841 2176 1103 2237 Latonam
1140 2177 1428 2229 adamasse
1477 2175 1819 2242 perhibetur,
1864 2189 2014 2228 eain-

431 2284 536 2334 que
567 2269 637 2321 ob
664 2283 887 2320 causam
917 2268 986 2320 ab
1022 2266 1169 2318 illius
1196 2266 1384 2320 liberis
1418 2262 1673 2333 Apolline
1721 2280 1784 2318 ac
1840 2258 2030 2320 Diaua'

429 2358 696 2427 supplicio
735 2358 995 2419 allectus,
1052 2356 1261 2411 Galeno
1292 2356 1511 2424 quidem
1546 2366 1804 2409 narrante
1833 2356 2010 2409 bomi-

434 2465 555 2502 nem
609 2450 689 2502 vel
739 2450 806 2502 ab
838 2449 1017 2517 aquila
1057 2449 1140 2501 vel
1192 2463 1221 2500 a
1251 2448 1564 2502 vulturibus
1591 2447 1844 2511 absumi,
1892 2449 2013 2501 aliis

431 2555 562 2594 vero
594 2540 944 2594 tradentibus
969 2538 1184 2609 sagittis
1208 2554 1333 2592 eum
1362 2537 1531 2592 fuisse
1554 2540 1853 2604 contixum,
1890 2555 2012 2609 qua:

427 2629 646 2697 quidem
676 2630 854 2708 adhuc
881 2627 1115 2699 jecinori
1142 2629 1262 2696 ejus
1302 2628 1626 2681 inhaereant.
1686 2628 1758 2680 De
1785 2642 1893 2694 quo
1928 2628 2013 2681 in-

430 2718 590 2790 telligi
644 2734 751 2772 non
782 2721 1013 2774 obscure
1045 2729 1222 2784 potest
1263 2728 1611 2789 appetentem
1665 2720 1863 2774 anima:
1899 2719 2031 2795 vim-

426 2824 551 2866 esse
578 2811 631 2865 in
654 2810 900 2879 jecinore
927 2812 1120 2864 sitam.

495 2903 674 2973 Atque
708 2903 811 2956 hoc
844 2901 963 2957 loco
1015 2902 1145 2971 quid
1188 2902 1288 2956 sim
1347 2901 1595 2966 dicturus
1641 2904 2007 2962 considerato.

424 2995 563 3049 Cum
609 2994 844 3048 rationis
876 2992 1110 3047 facultas
1144 2992 1436 3062 imperium
1473 2994 1684 3049 obtinet
1721 2996 1880 3065 eique
1928 2998 2010 3052 vis

425 3086 716 3147 irascibilis
764 3095 940 3154 paret,
973 3094 1267 3154 appetente
1296 3086 1580 3140 debilitate
1610 3091 2010 3160 summisseque

423 3191 483 3230 se
505 3185 750 3246 gerente,
786 3187 898 3228 tum
937 3190 1067 3228 vero
1111 3176 1273 3243 112
1309 3190 1412 3229 nec
1442 3176 1880 3246 intemperanter
1909 3188 2006 3234 ιιοο

2414 622 2553 690 Περὶ
2587 622 2769 691 τριῶν
2794 620 2995 691 μερῶν
3035 620 3145 689 τῆς
3171 619 3401 690 ψυχῆς-ο

2196 715 2339 787 Πρὸς
2374 716 2589 777 τούτοις
2629 716 2830 769 ειδέναι
2874 714 3155 769 καὶτοῦτο
3188 731 3247 767 σε
3291 704 3577 785 βούλομαι,
3616 714 3701 767 ὅτι

2120 807 2181 859 τδ
2206 806 2609 877 ἐπιθυμητικὸν
2643 808 2809 877 μέρος
2834 807 3138 877 τῆς³ψυχῆς
3168 806 3245 878 τῷ
3270 808 3444 893 quasi
3473 806 3699 872 ἐγκαθί-

2115 897 2330 967 δρυται,
2370 898 2431 951 τὸ
2478 898 2535 951 δὲ
2584 898 2815 969 θυμικὸν
2870 901 2929 951 ἐν
2980 901 3045 968 τῇ
3081 897 3281 969 καρδίᾳ
3314 900 3552 951 ποιεῖται
3600 897 3703 967 τὴν

2116 986 2355 1057 οἴκησιν,
2393 987 2455 1040 τδ
2479 988 2537 1040 δὲ
2566 987 2785 1057 λογικὸν
2811 990 2871 1041 ὲν
2901 987 3054 1058 αύτῷ
3080 988 3157 1057 τῷ
3188 988 3501 1058 ἐγκεφάλῳ.
3527 986 3703 1041 Τοῦτο

2118 1079 2220 1147 μὲν
2251 1075 2344 1132 οὖν
2369 1080 2430 1132 τὸ
2459 1078 2678 1148 λογικὸν
2701 1078 2997 1150 ἐχαρισατό
3028 1096 3111 1132 σοι
3138 1080 3169 1131 6
3189 1079 3297 1132 τῶν
3320 1079 3462 1133 ὅλων
3489 1080 3704 1150 πρύτα-

2117 1187 2220 1232 νις,
2266 1171 2356 1222 ἵνα
2395 1174 2669 1239 συμμάχῳ
2723 1171 2928 1241 καὶτῷ
2985 1169 3208 1241 θυμικῷ
3257 1171 3542 1240 χρώμενος
3577 1187 3702 1238 γεν-

2115 1260 2285 1323 ναίως
2306 1260 2634 1314 άνΟίστασαι
2666 1262 2808 1313 κατὰ
2835 1261 2933 1328 τῆς
2977 1261 3177 1329 ἀλόγου
3208 1261 3303 1315 καὶ
3335 1262 3703 1332 βοσκηματώ-

2114 1352 2242 1414 δους
2270 1352 2471 1422 ψυχῆς,
2508 1354 2607 1421 τῆς
2646 1352 3053 1423 ἐπιθυμητικῆς
3089 1354 3325 1424 δηλαδή·
3366 1350 3478 1407 οἶδε
3522 1358 3631 1424 γὰρ
3670 1357 3700 1408 6

2114 1443 2217 1513 τῆς
2255 1442 2472 1512 φύσεως
2498 1443 2764 1513 δεσπότης
2795 1444 2897 1512 ὅση
2928 1459 3034 1513 περ
3060 1444 3274 1512 ἐκείνης
3298 1445 3448 1496 ἐστὶν
3470 1445 3503 1514 η
3527 1445 3698 1515 ὁρμή.

2120 1535 2248 1588 ’Ότι
2284 1535 2341 1587 δὲ
2385 1536 2445 1588 τὸ
2473 1535 2573 1604 τῆς
2609 1534 2786 1603 ψυχῆς
2824 1534 3218 1605 ἐπιθυμητικὸν
3251 1536 3399 1607 αὐτῷ
3434 1536 3510 1605 τῷ
3528 1536 3700 1606 ἥπατι
3747 1558 3773 1597 ι,

2116 1627 2529 1698 ὲγκαθίδρυται,
2565 1627 2658 1681 καὶ
2690 1628 2781 1680 τὸν
2810 1626 3005 1679 Τιτυὸν
3030 1629 3269 1698 παράγει
3298 1630 3327 1681 6
3352 1628 3590 1698 Γαληνὸς
3616 1631 3701 1692 εἰς

2064 1752 2067 1756 »
2117 1721 2381 1775 σύστασιν
2414 1722 2607 1776 τούτου
2657 1723 2752 1777 τοῦ
2774 1722 2955 1791 λόγου,
2986 1724 3043 1775 ὲν
3093 1723 3192 1792 μὲν
3239 1726 3304 1793 τῇ
3334 1723 3699 1793 διαγνωστικῇ

2116 1813 2282 1866 αὐτοῦ
2316 1814 2422 1866 ὑπὸ
2477 1814 2638 1868 ἀετοῦ
2672 1816 2846 1882 λέγων
2893 1815 3061 1868 αὐτοῦ
3113 1815 3498 1870 κατεσθίεσθαι
3542 1818 3601 1870 τὸ
3628 1811 3698 1887 ἦ·

2045 1955 2087 2009 Β
2114 1920 2253 1973 παρ,
2293 1904 2352 1956 ὲν
2384 1904 2442 1957 δὲ
2469 1906 2547 1975 τῷ
2580 1906 2711 1976 περὶ⁵
2734 1907 2883 2009 ηῗῶν
2908 1906 3091 1977 ψυχῆς
3135 1907 3438 1977 μονοϐιϐλῳ
3470 1909 3575 1962 ὑπὸ
3600 1927 3700 1976 γυ·-

2115 1995 2253 2049 πῶν.
2298 1995 2356 2049 '0
2388 1996 2497 2066 γὰρ
2524 1997 2717 2059 Τιτυὸς
2751 1991 2905 2061 οὗτος
2938 2000 3085 2054 κατὰ
3107 2000 3205 2070 τὴν
3228 2000 3333 2066 ἔξω
3356 2000 3699 2072 μυθολογίαν

2116 2087 2413 2157 ἐρασθῆναι
2445 2088 2665 2157 λέγεται
2686 2091 2783 2160 τῆς
2824 2090 3054 2163 Λητοῦς,
3090 2094 3174 2163 ἐφ’
3204 2086 3249 2161 ᾧ
3275 2096 3369 2148 καὶ
3409 2096 3560 2165 παρὰ
3583 2094 3700 2150 τῶν

2115 2180 2320 2231 παίδων
2348 2180 2518 2248 αὐτῆς
2536 2182 2875 2246 Ἀπόλλωνός
2900 2200 2959 2236 τε
2998 2184 3094 2238 καὶ
3122 2184 3442 2255 Ἀρτέμιδος
3469 2186 3695 2240 κολάσει

2115 2269 2622 2340 καθυποϐληοῆναι,
2680 2272 2774 2326 καὶ
2821 2272 2961 2325 κατὰ
3016 2273 3117 2342 μὲν
3168 2272 3259 2326 τὸν
3305 2273 3541 2344 Γαληνδν
3589 2274 3696 2327 ὑπὸ

2115 2358 2272 2412 ἀετοῦ
2317 2361 2429 2413 εἴτε
2477 2364 2572 2414 καὶ
2608 2362 2802 2429 γυπῶν
2846 2363 2907 2415 τὸ
2954 2357 3108 2434 ἧπαρ
3135 2365 3435 2426 ἐσθίεσθαι,
3462 2365 3603 2418 κατά
3632 2366 3695 2418 δέ

2113 2464 2266 2509 τινας
2300 2447 2498 2512 ἄλλους
2532 2449 2857 2534 τοξευθῆναι
2907 2452 3070 2504 αὐτὸν
3118 2449 3411 2504 κάντεῦθεν
3442 2450 3587 2520 ἔχειν
3622 2451 3695 2503 τὶ

2115 2537 2244 2610 βέλη
2283 2540 2691 2611 ὲμπεπαρμένα
2728 2541 2805 2612 τῷ
2835 2542 3026 2612 ἥπατι.
3052 2543 3289 2615 Εὔδηλον
3318 2541 3412 2597 οῦν
3439 2539 3696 2599 ὶντεῦθιν

2113 2630 2190 2702 τῷ
2215 2631 2388 2703 ἥπατι
2420 2631 2481 2686 τὸ
2513 2635 2612 2705 τῆς
2641 2633 2817 2705 ψυχῆς
2852 2634 3255 2708 ἐπιθυμητικόν
3280 2636 3419 2691 ἐστι.

2184 2900 2428 2973 Πρόσεχε
2446 2903 2836 2991 λοιπόν.’ρταν
2861 2907 2961 2978 μὲν
2984 2907 3092 2980 γὰρ
3114 2908 3172 2962 τὸ
3191 2908 3502 2977 λογιστικὸν
3520 2911 3688 2983 ἄρχῃ.

2113 2993 2438 3063 πειθόμενον
2469 2997 2568 3065 μὲν
2604 2998 2785 3069 ἑαυτῷ
2814 2998 2874 3052 τὸ
2896 2998 3177 3069 θυμοειδὲς
3203 3000 3348 3070 ἔχον,
3382 3002 3605 3066 ἀσθενὲς
3626 3004 3689 3056 δὲ

2112 3087 2207 3165 καὶ
2260 3086 2513 3141 ταπεινὸν
2568 3090 2628 3142 τὸ
2680 3090 3109 3158 ἐπιθυμητικὸν,
3163 3091 3290 3147 οὔτε
3321 3095 3621 3157 ἀκόλαστος
3657 3096 3689 3148 6

2109 3176 2353 3241 τοιοῦτος
2397 3179 2511 3248 βίος
2540 3181 2669 3235 οὕτε
2695 3178 2807 3237 οἷον
2837 3186 2886 3237 oi
2912 3183 3107 3257 λῃσταὶ
3140 3186 3315 3256 βιοῦσι
3348 3189 3443 3240 καὶ
3484 3188 3689 3257 τύρανο

422 3266 601 3320 mines
627 3267 839 3327 vivunt,
880 3281 981 3318 nec
1022 3248 1353 3333 'przedonum
1392 3275 1485 3319 aut
1543 3277 1899 3339 tjrannorum
1952 3272 2006 3323 in

2110 3282 2210 3332 νοι,
2250 3266 2383 3323 ἀλλὰ
2439 3270 2636 3340 σεμνὸς
2696 3274 2870 3345 πάντη
2927 3248 3022 3329 καὶ
3062 3248 3288 3340 δίκαιος.
3327 3279 3438 3331 Καὶ
3474 3248 3687 3331 ’τούτου

427 3365 661 3414 morem,
691 3353 783 3404 sed
836 3352 1063 3405 honesta
1098 3353 1255 3419 plane
1307 3355 1562 3422 justaque
1616 3356 1723 3409 vita
1769 3358 2002 3429 degitur.

426 3438 539 3495 Hae
573 3444 640 3496 de
671 3456 729 3495 re
759 3442 996 3497 dubitari
1033 3458 1140 3498 non
1167 3443 1354 3499 debet.
1392 3445 1528 3515 Nam
1560 3447 1603 3500 si
1632 3463 1719 3502 res
1749 3430 1825 3503 ita
1855 3465 2007 3505 com-

426 3540 611 3600 parata
647 3546 757 3585 non
785 3532 949 3597 foret,
989 3534 1114 3587 etsi
1147 3537 1398 3605 corporis
1422 3537 1477 3591 in
1503 3540 1694 3593 eadem
1727 3553 2005 3606 structura

426 3636 533 3672 non
568 3621 657 3674 hic
680 3619 1074 3675 aﬂ‘ectionibus
1120 3612 1263 3692 foret
1298 3624 1597 3689 obnoxius.
1629 3627 1721 3683 ille
1753 3646 1812 3685 se
1839 3614 2002 3700 supe-

423 3710 625 3764 riorem
662 3711 733 3764 iis
769 3711 1100 3779 det‘lararet,
1129 3728 1471 3784 nequaquam
1503 3734 1738 3787 magnus
1778 3720 1870 3777 ille
1910 3723 2009 3779 Ba-

426 3800 583 3855 silius
630 3800 830 3855 lsaiam
888 3813 1069 3858 vatem
1115 3820 1386 3863 enarrans
1433 3810 1702 3877 quosdam
1735 3828 1767 3866 a
1806 3823 2004 3870 natura

426 3892 735 3960 praecellere
763 3893 972 3950 diceret
1003 3896 1148 3964 aliis,
1179 3908 1233 3951 et
1261 3897 1434 3966 ipsius
1460 3903 1631 3956 etiam
1656 3903 1833 3958 carnis
1859 3921 2005 3961 com-

427 3982 706 4047 paratione
733 3983 921 4038 multis
959 3997 1241 4053 praestare,
1280 3988 1396 4042 sive
1421 3989 1477 4042 in
1502 3991 1743 4045 srientiaa
1771 3996 2004 4057 alicujus

427 4073 782 4149 perceptione
812 4074 929 4129 sive
966 4075 1019 4130 in
1048 4077 1196 4131 cultu
1232 4079 1473 4136 virtutis.
1531 4080 1669 4138 llinc
1698 4086 1885 4141 videre
1918 4097 2003 4142 est

429 4159 608 4215 varios
667 4152 939 4229 homines,
999 4175 1370 4237 temperantes
1438 4179 1494 4224 et
1550 4171 1999 4243 intemperantes,

426 4249 716 4315 iracundos
747 4262 802 4304 et
825 4255 1005 4321 mites,
1042 4257 1340 4326 prudentes
1372 4268 1428 4314 et
1454 4261 1708 4325 stolidos.
1745 4272 1803 4317 ut
1836 4282 1999 4336 supra

425 4351 645 4406 quoque
671 4341 1011 4397 monuimus.
1049 4348 1227 4414 Atque
1255 4347 1371 4403 haec
1401 4348 1471 4403 de
1497 4353 1815 4408 conditione
1848 4357 2001 4411 dete—

426 4429 571 4484 riore
616 4431 670 4485 in
715 4433 912 4489 melius
965 4441 1291 4494 commutari
1342 4452 1595 4510 possunt,
1644 4460 1710 4499 ac
1756 4445 1996 4503 vicissim

425 4534 456 4572 a
495 4518 637 4575 bono
672 4520 726 4575 in
751 4523 910 4593 pejus
937 4525 1062 4589 licet
1091 4526 1407 4595 deﬂectere,
1436 4533 1896 4600 quemadmodum
1929 4552 1997 4591 ex

2112 3357 2274 3426 χάριν
2318 3361 2691 3429 ἀμφιϐάλλειν
2730 3364 2789 3416 ού
2816 3361 2944 3434 χρή.
2991 3365 3052 3419 El
3095 3368 3170 3436 μὴ
3204 3368 3312 3436 γὰρ
3336 3368 3494 3420 τοῦτο
3518 3365 3609 3433 ἦν,
3635 3356 3691 3423 ει

2113 3446 2191 3515 μὴ
2245 3447 2304 3512 ἐξ
2360 3450 2530 3520 αὐτῆς
2580 3452 2681 3520 τῆς
2714 3452 2970 3523 σώματος
3008 3457 3361 3526 κατασκευῆς
3404 3452 3560 3522 οὗτος
3586 3461 3691 3529 μὲν

2110 3529 2216 3611 ὑπὸ
2249 3532 2439 3587 παθῶν
2478 3536 2703 3612 ἥττητο,
2733 3540 2940 3606 ἐκεῖνος
2971 3543 3027 3596 δὲ
3071 3545 3233 3598 πάλιν
3271 3546 3556 3617 ἐγκρατὴς
3588 3548 3691 3600 αὖ·

2108 3623 2217 3676 τῶν
2259 3629 2643 3694 κατεφαίνετο,
2690 3632 2791 3686 οὐκ
2857 3634 2925 3687 ἂν
2961 3637 2990 3688 6
3044 3622 3218 3706 μέγας
3270 3639 3548 3703 Βασίλειος
3592 3643 3690 3693 τὸν

2109 3715 2396 3785 προφήτην
2439 3717 2664 3773 Ἡσαΐαν
2694 3721 3064 3792 ἐξηγούμενος
3090 3728 3282 3797 εἰσῆγε
3307 3746 3460 3792 τινας
3491 3733 3554 3784 ἐκ
3586 3730 3691 3801 φύε

2111 3819 2250 3865 σεως
2287 3803 2514 3873 ἔχοντάς
2554 3824 2692 3863 ¹τινα
2731 3814 3128 3883 προτερήματα
3178 3816 3272 3870 καὶ
3303 3818 3446 3872 κατά
3486 3834 3549 3888 γε
3590 3818 3689 3889 τὴν

2111 3892 2400 3965 σύγκρισιν
2428 3898 2526 3966 τῆς
2559 3898 2763 3971 σαρκὸς
2795 3902 3005 3956 πολλῶν
3048 3906 3412 3981 διαφέροντας
3445 3911 3525 3971 εἰς
3554 3911 3689 3964 άνά-

2106 3983 2271 4055 ληψιν
2311 3986 2682 4075 ἐπιστήμηςῇ
2730 3992 2965 4063 ἄσκησιν
3010 3995 3235 4067 ἀρετῆς.
3275 4000 3556 4054 Ἐντεῦθεν
3593 3996 3691 4056 οὖν

2107 4076 2203 4127 καὶ
2232 4076 2489 4147 σώφρονα
2520 4078 2617 4133 ἴδοι
2650 4098 2736 4144 τις
2774 4083 2839 4135 ἂν
2876 4085 2968 4137 καὶ
2994 4086 3310 4151 ἀκόλαστον,
3345 4090 3566 4161 Θυμώδη
3593 4095 3690 4146 καὶ

2112 4167 2310 4235 πρᾶον,
2365 4170 2636 4240 ἐχέφρονα
2680 4176 2776 4227 καὶ
2827 4176 2904 4246 μὴ
2955 4178 3221 4245 τοιοῦτον,
3260 4181 3449 4254 ὥσπερ
3495 4184 3559 4256 δὴ
3593 4187 3689 4238 καὶ

2103 4258 2217 4321 τοῖς
2268 4258 2578 4331 ἔμπροσθεν
2646 4266 2885 4336 εἴρηται.
2942 4270 3128 4325 Ταῦτα
3185 4275 3285 4344 μὲν
3326 4271 3419 4328 οὖν
3464 4276 3671 4331 δύναιτ’

2102 4345 2170 4399 ἄν
2222 4366 2309 4412 τις
2338 4352 2433 4405 ἐπὶ
2466 4354 2527 4406 τὸ
2574 4357 2824 4428 κρεῖττον
2853 4364 3189 4431 μεταφέρειν
3238 4365 3347 4417 άπὸ
3382 4366 3475 4420 τοῦ
3505 4369 3684 4438 χείρο-

2102 4453 2212 4504 νος,
2268 4442 2363 4496 καὶ
2416 4444 2511 4496 ἐπὶ
2572 4447 2633 4498 τὸ
2683 4451 2865 4517 χεῖρον
2918 4447 2983 4505 αὖ
3029 4456 3393 4523 μετατρέπειν
3438 4460 3548 4510 ἀπὸ
3591 4460 3686 4512 τοῦ

2102 4532 2431 4599 κρείττονος.
2478 4537 2586 4589 Καὶ
2633 4538 2793 4606 δῆλον
2820 4542 2878 4607 ἐξ
2911 4534 2985 4595 ὧν
3031 4544 3060 4595 ὁ
3100 4543 3349 4614 θεολόγος
3382 4547 3689 4618 Γρηγόριος

426 4609 576 4671 Ιιίειυο
605 4612 857 4683 Gregorii
886 4615 1145 4687 Tlieologi
1189 4620 1374 4673 verbis
1416 4623 1702 4689 perspicue
1735 4624 1997 4698 intelligi-

2107 4620 2327 4689 ἔλεγεν
2370 4642 2389 4674 ι
2440 4625 2701 4696 ’Δρκετὸν
2744 4631 2821 4701 τῷ
2854 4633 3069 4702 σώματι
3117 4609 3348 4706 ἡκακία
3391 4609 3579 4693 «breui
3618 4609 3687 4694 Ti

424 4714 577 4752 mus:
610 4703 783 4755 «Satis
808 4715 913 4767 est,
949 4705 1151 4773 inquit,
1177 4708 1395 4775 corpori
1431 4724 1529 4763 sua
1567 4713 1856 4769 vitiositas.
1889 4718 1999 4772 (Zur

420 4784 654 4841 llannna:
688 4791 943 4843 materies
986 4794 1219 4862 amplior
1248 4795 1668 4864 suppeditetur?
1714 4817 1813 4857 cur
1861 4804 1995 4861 huic

421 4876 613 4930 bellua:
632 4880 1025 4935 nutrimentum
1044 4882 1287 4953 largius?
1319 4896 1379 4940 ut
1403 4888 1761 4947 intractabilis
1783 4895 1995 4952 scilicet

420 4967 512 5017 tiat
543 4983 604 5020 ac
648 4968 913 5025 rationem
948 4974 1211 5030 violentia
1248 4992 1346 5031 sua
1380 4992 1661 5049 superem
1730 4985 1990 5040 Animum

420 5055 580 5127 igitur
607 5058 900 5115 advertito.
941 5062 1208 5129 Quantam
1263 5068 1369 5123 sibi
1404 5072 1515 5125 vim
1548 5060 1784 5128 aii'erant
1816 5077 1993 5132 homi-

419 5163 517 5201 nes
538 5148 571 5201 ii
604 5152 697 5219 qui
720 5149 863 5223 ἴτυςί
887 5156 1113 5225 quidem
1146 5174 1268 5215 esse
1300 5163 1531 5231 cupiunt
1564 5167 1843 5237 vitamque
1890 5186 1992 5224 an-

412 5239 643 5308 gelicam
679 5242 903 5310 imitari,
934 5262 1122 5303 verum
1178 5251 1490 5309 facultatem
1538 5266 1884 5327 appetentem
1936 5262 1988 5319 iu

412 5344 474 5384 se
511 5331 740 5388 validam
764 5338 1008 5392 sentiunt
1035 5341 1257 5408 (etenim
1287 5354 1483 5400 natura
1518 5352 1746 5419 requirit
1777 5367 1841 5405 ea
1870 5369 1992 5421 qua

414 5436 515 5475 sua
543 5434 669 5476 sunt
695 5440 712 5490 ;
760 5427 919 5495 cujus
966 5430 1233 5486 voluntati
1261 5442 1427 5503 atque
1463 5438 1706 5495 motibus
1734 5440 1995 5497 adversa-

419 5524 509 5573 tur
537 5519 781 5588 quisquis
828 5521 994 5576 vitam
1036 5538 1200 5597 agere
1247 5538 1450 5583 castam
1481 5530 1765 5603 instituit).
1795 5552 1989 5605 quam-

430 5623 536 5665 uue
566 5616 699 5669 adeo
724 5630 886 5684 grave
916 5619 986 5674 sit
1025 5634 1325 5691 repugnare
1370 5632 1576 5681 natura:
1618 5627 1776 5696 velle,
1804 5630 1890 5683 cui
1916 5644 1994 5687 re-

2101 4715 2158 4768 δὲ
2183 4717 2265 4769 δεῖ
2296 4723 2359 4789 τῇ
2398 4720 2552 4789 φλογὶ
2585 4726 2828 4790 πλείονος
2865 4728 3018 4799 ὕλης,
3057 4730 3133 4800 τῷ
3165 4728 3338 4803 οηρὲῳ
3366 4732 3689 4803 δαψιλεστέ-

2104 4823 2205 4876 ρας
2229 4811 2475 4880 apage-71;;
2532 4814 2619 4869 ἵνα
2652 4817 3020 4875 δυσκάθεκτον
3060 4824 3285 4893 γένηται
3332 4828 3427 4877 καὶ
3464 4829 3556 4881 τοῦ
3597 4829 3688 4883 λοι

2101 4899 2301 4968 γισμοῦ
2360 4903 2693 4976 βιαιότερον.
2742 4928 2763 4962 ι
2802 4912 3043 4985 Πρόσεχε
3098 4915 3191 4971 οῦν
3245 4919 3345 4972 ὅσα
3397 4919 3684 4988 βιάζουσιν

2100 4990 2325 5056 ἑαυτοὺς
2354 4996 2402 5048 οἱ
2448 4996 2692 5063 θέλοντες
2736 5009 2840 5072 μὲν
2894 5013 3218 5079 σωφρονεῖν,
3261 5011 3482 5080 ἔχοντες
3526 5014 3585 5065 δὲ
3619 5015 3683 5067 τὸ

2099 5082 2495 5175 ἐπιθυμητικὸν
2539 5091 2794 5163 ἰσχυρόνο
2835 5098 2866 5166 ἡ
2904 5099 3004 5164 μὲν
3032 5103 3138 5171 γὰρ
3182 5103 3343 5171 φύσις
3376 5104 3442 5157 τά
3472 5105 3681 5175 ἑαυτῆς

2097 5174 2155 5239 ἐξ
2182 5177 2426 5250 ἀνάγκης
2455 5182 2722 5253 ἐπιζητεῖ,
2748 5189 2777 5241 ὁ
2813 5188 2869 5243 δὲ
2909 5191 3161 5258 ἁγνεύειν
3196 5196 3522 5265 αἱρούμενος
3560 5174 3679 5260 τοῖς

2100 5266 2227 5337 Θελή
2238 5287 2370 5339 μασι
2400 5274 2498 5342 τῆς
2533 5278 2736 5346 σαρκὸς
2763 5281 3080 5336 ἀντιπίπτει
3110 5286 3204 5339 καὶ
3234 5286 3350 5356 βίον
3383 5288 3681 5357 άγγελικὸν

2101 5361 2389 5427 μιμεῖσθαι
2421 5364 2734 5430 φιλονεικεῖ.
2763 5369 2928 5424 Ὅσον
2966 5373 3023 5426 δὲ
3070 5374 3213 5445 βαρὺ
3243 5378 3303 5429 τὸ
3334 5378 3470 5444 πρὸς
3507 5377 3681 5447 φύσιν

2100 5448 2392 5519 μάχεσθαι,
2426 5456 2518 5507 καὶ
2544 5452 2655 5509 οἷον
2682 5460 2932 5517 ἐντεῦθεν
2962 5463 3024 5517 τὸ
3047 5465 3303 5533 επαολον,
3341 5471 3370 5522 6
3404 5470 3504 5537 τῆς
3546 5469 3681 5521 Κλι.

2102 5558 2275 5608 μακος
2313 5543 2565 5617 Ἰωάννης
2586 5550 2613 5601 ὁ
2641 5550 2943 5619 ἁγιώτατος
2973 5558 3236 5629 ἐδήλωσεν
3263 5560 3436 5624 οὕτως
3466 5560 3674 5614 εἰπών’

2109 5652 2127 5684 ι
2177 5633 2234 5685 Ὀ
2295 5635 2453 5705 σῶμα
2504 5642 2732 5711 νικήσας
2777 5645 2938 5714 φύσιν
2993 5650 3273 5723 ἐνίκησεντ
3335 5656 3364 5706 ὁ
3413 5653 3469 5706 δὶ
3510 5654 3678 5724 φύσιν
