4062 6186
303 297 398 367 225

1571 291 1973 355 ΑκΝΑιιυιι
2025 288 2220 355 ritus
2265 286 2311 357 I.

3443 282 3548 356 2:6

304 415 523 483 νικήσας
562 410 703 481 ὑπὲρ
736 410 898 479 φύσιν
929 409 1145 476 ἐγένετο
1170 424 1184 440 ο
1225 409 1253 460 ὁ
1286 406 1342 460 δὲ
1382 405 1542 459 τοῦτο
1571 407 1866 475 γενόμενος

1978 405 2208 472 spondet
2254 404 2424 472 ipsius
2487 404 2650 455 etiam
2703 406 2908 473 prmnzii
2962 405 3294 476 magnitudo,
3332 414 3550 464 sanctus

302 503 474 574 βραχύ
528 520 580 556 τι
637 503 768 571 παρ’
824 503 1088 570 ἀγγέλους
1117 501 1446 571 ἠλάττωται,
1482 500 1569 552 ἵνα
1623 501 1696 568 μὴ
1729 498 1877 564 λέγω

305 592 490 661 μηδέν.
535 611 553 644 ι
607 591 848 662 Πρόσεχε
881 590 937 642 δὲ
990 591 1068 642 ὅτι
1121 589 1216 642 καὶ
1253 589 1459 658 σφόδρα
1505 585 1876 656 βαρυαλγοῦσι

299 687 388 738 καὶ
415 684 672 753 ἄχθονται
701 685 756 736 οἱ
799 683 1041 745 θέλοντες
1085 683 1186 751 μὲν
1225 681 1545 750 σωφρονεῖν,
1573 678 1787 746 ἔχοντες
1819 675 1876 729 δὲ

299 777 356 826 τὸ
395 775 796 844 ἐπιθυμητικὸν
832 775 1052 844 ίσχυρδν
1101 771 1422 840 πολυπληθῆ
1459 788 1514 822 τε
1559 769 1656 838 τὴν
1687 768 1873 836 γονὴν,

302 868 434 936 πρὸς
471 867 650 930 ἔξοδον
681 867 768 918 ἀεὶ
792 864 1154 934 ἐπειγομένου
1180 863 1270 914 τοῦ
1303 860 1644 931 ἐνοχλοῦντος
1668 861 1873 921 αὐτοῖς·

303 963 390 1014 καὶ
422 960 495 1028 μὴ
539 964 682 1012 κατά
722 976 774 1011 τι
802 959 1130 1027 ἀμφίϐαλλε,
1165 959 1226 1011 Εἰ
1262 958 1368 1025 γάρ
1394 958 1422 1008 δ
1456 957 1712 1025 Διογένης
1739 955 1878 1006 ἐκείο

302 1069 384 1113 νος
421 1052 448 1104 ὁ
475 1052 734 1116 Κυνικὸς,
765 1051 823 1102 τὸ
855 1051 956 1117 τῆς-
1008 1051 1225 1115 φύσεως
1272 1049 1434 1119 βάρος
1473 1049 1573 1100 οὐκ
1614 1045 1872 1111 ἐνεγκὼν,

300 1145 389 1194 καὶ
415 1142 590 1194 ταῦτα
619 1142 871 1194 τοσοῦτον
903 1141 1344 1203 ἀσκητικὼτατος
1380 1137 1479 1202 ὣν,
1509 1141 1740 1206 γυναῖκα
1775 1139 1874 1207 ζη-

296 1234 454 1304 τῆσαι
496 1233 712 1300 λέγεται
744 1233 885 1287 ὥστε
942 1232 1002 1284 τὸ
1045 1231 1276 1302 βαρῦνον
1333 1231 1634 1294 ἀποθέσθαι
1676 1231 1770 1282 καὶ
1814 1230 1874 1282 τὸ

297 1320 486 1374 ἑαυτοῦ
519 1321 681 1389 σῶμα
711 1320 991 1389 κουφίσαι,
1035 1322 1086 1372 τί
1125 1320 1231 1392 χρὴ
1263 1323 1356 1371 καὶ
1387 1319 1566 1387 λέγειν
1590 1321 1714 1373 ὅσον
1741 1320 1873 1372 ὑπο-

299 1407 520 1478 μένουσι
549 1411 799 1479 κάματον
825 1410 874 1462 οί
904 1397 1134 1480 σφοδρὸν
1165 1411 1282 1480 μὲν,
1312 1408 1384 1472 ὡς
1412 1411 1652 1479 εἴρηται,
1675 1410 1872 1478 10.16a-

294 1518 380 1563 τες
407 1500 469 1551 τὸ
510 1502 1000 1570 ὲπιϐυμητικὲν,ἑν
1029 1501 1216 1572 ἁγνείᾳ
1243 1502 1298 1553 δὲ
1328 1501 1620 1569 φυλάσσειν
1647 1502 1872 1562 ἑαυτοὺς

292 1592 778 1662 προθυμούμενοι;
825 1593 1142 1654 Ἐντεῦθεν,
1201 1592 1482 1662 ἀγαπητὲ,
1544 1592 1653 1643 τῶν
1709 1591 1872 1644 ὁσίων

291 1681 458 1744 τινὲς,
513 1682 599 1734 ἵνα
628 1683 728 1752 τὴν
768 1683 1005 1752 φυσικὴν
1061 1683 1406 1734 ἁποσϐέσωσι
1458 1681 1724 1750 πύρωσιν,
1777 1682 1866 1732 καὶ

445 1749 466 1772 1
1038 1769 1046 1772 .
1693 1768 1715 1772 μ
1781 1769 1792 1772 -

1982 494 2071 546 ille
2113 493 2192 545 \ir
2220 492 2458 546 Joannes
2493 504 2684 547 auctor
2707 496 2866 548 s'calze
2894 497 3041 550 hisce
3064 496 3245 550 verbis
3271 497 3546 552 declarati

1989 584 2116 649 «Qui
2179 600 2379 655 corpus
2427 585 2577 646 vicit.
2628 595 2880 639 naturam
2928 587 3097 654 vicit;
3151 590 3241 658 qui
3298 599 3547 644 naturam

1981 675 2133 739 vicit,
2164 692 2326 745 supra
2375 689 2623 730 tiaturam
2670 688 2847 732 semet
2881 679 3112 744 extulit;
3145 681 3250 734 hoc
3285 683 3378 747 qui
3417 697 3549 736 con:

1984 779 2212 820 secutus
2264 774 2365 832 est,
2397 771 2618 838 paulum
2653 771 2862 840 angelis
2892 783 2974 825 est
3003 771 3252 838 inferior,
3299 790 3364 828 ne
3415 767 3549 828 nihil

1982 859 2052 911 ab
2094 860 2158 912 iis
2181 861 2398 914 difierre
2429 862 2628 915 dicam.
2658 881 2674 912 ι
2714 863 2979 918 Nimirum
3010 871 3146 920 scito
3170 870 3420 938 gravibus
3457 887 3549 921 eos

1981 950 2243 1001 molestiis
2283 967 2454 1018 prenu
2489 953 2579 1019 qui
2623 954 2757 1006 casti
2831 969 2954 1008 esse
3000 958 3313 1012 desiderant
3343 1003 3355 1023 ,
3421 976 3544 1014 enm

1977 1041 2276 1108 appetitum
2315 1043 2365 1093 in
2433 1058 2491 1094 se
2539 1042 2733 1097 fortem
2787 1049 3139 1115 experiantur
3187 1063 3236 1103 et
3285 1055 3470 1120 genitu
3504 1060 3549 1108 3'3

1977 1145 2225 1198 magnam
2255 1133 2490 1200 copiam,
2524 1150 2643 1202 qua:
2687 1140 2888 1206 ttholii
2923 1142 3220 1208 plurimum
3256 1146 3336 1197 eis
3368 1147 3545 1199 faces.

1977 1221 2046 1273 sit
2094 1239 2156 1274 ac
2209 1239 2487 1290 nunquam
2541 1241 2676 1288 non,
2725 1237 2782 1280 ut
2831 1234 3130 1294 emittatur.
3181 1245 3356 1303 urget.
3405 1223 3548 1288 Nihii

1978 1309 2044 1363 de
2077 1309 2176 1362 hoc
2208 1312 2616 1378 ambigendum.
2677 1317 2890 1386 Quippe
2921 1319 2963 1372 si
3017 1319 3283 1392 Diogenes
3322 1325 3409 1378 ille
3444 1324 3548 1394 Cy-‘

1977 1400 2158 1462 nit-us,
2215 1418 2337 1454 cum
2394 1416 2532 1458 Onus
2579 1407 2705 1458 illud
2761 1420 2971 1464 natura:
3020 1415 3271 1480 nequiret
3315 1416 3549 1483 amplius

1979 1491 2144 1558 ferre,
2176 1493 2338 1547 l'i'onto
2369 1498 2651 1566 perpetuis
2679 1511 2732 1552 et
2780 1503 3029 1555 maximis
3067 1497 3548 1560 exercitationibus

1975 1585 2040 1652 aii
2063 1586 2446 1640 abstinentiam
2472 1592 2916 1657 condocefactus,
2949 1595 3228 1650 mulierem
3256 1597 3549 1666 aliquando

1974 1676 2233 1748 quaesisse
2261 1678 2604 1746 perhibetur,
2632 1697 2740 1750 quo
2776 1700 2886 1737 rem
2921 1687 3199 1740 molestam
3233 1688 3334 1742 sibi
3376 1689 3548 1758 (lepos

295 1768 493 1842 γυμνοὶ
517 1773 576 1826 τὸ
612 1774 768 1843 σῶμα
798 1774 962 1842 μέσον
994 1769 1203 1826 ὑδάτων
1231 1772 1651 1841 διημερεύοντες
1683 1768 1869 1838 ὤφθη-

1977 1777 2124 1820 neret
2156 1776 2210 1820 et
2241 1783 2438 1838 corpus
2466 1787 2631 1826 onere
2668 1774 2809 1828 velut
2842 1792 3074 1832 exettsso
3107 1780 3334 1842 levaret,
3371 1798 3545 1852 quau-

294 1881 414 1917 σαν.
442 1864 650 1933 Μηδεὶς
693 1864 880 1916 λοιπὸν
920 1853 1016 1917 ἐπὶ¹
1041 1863 1210 1931 μέσου
1251 1860 1609 1931 προσφερέτω
1645 1861 1744 1930 τὴν
1776 1861 1870 1926 γέ-

292 1973 462 2022 νεσιν,
514 1956 702 2025 μηδεὶς
727 1957 826 2008 οὐκ
872 1954 1110 2022 ἀγαθοὺς
1155 1954 1403 2023 ἀστέρων
1443 1951 1869 2021 προφασιξέσθω

293 2046 736 2115 σχηματισμούς.
781 2045 1052 2114 Ἀστέριον
1100 2043 1198 2112 μὲν
1238 2044 1346 2113 γὰρ
1385 2044 1651 2111 κινήσεις,
1681 2043 1869 2093 ἀνατο-

291 2135 383 2197 λὰς
431 2136 532 2188 καὶ
589 2134 776 2196 δύσεις
831 2133 1031 2194 αὐτῶν.
1075 2135 1187 2194 τοῖς
1228 2133 1572 2202 προσήκουσι
1623 2129 1868 2197 γίνεσθαι

291 2230 504 2296 καιροῖς
542 2225 896 2296 ᾡκονόμησεν
937 2227 963 2277 ὁ
1000 2225 1179 2293 σοφῶς
1217 2223 1286 2274 τὰ
1332 2225 1507 2276 πάντα
1551 2221 1866 2285 δεευθετῶν,

288 2320 358 2383 ὡς
387 2319 643 2374 ἐντεῦθεν
673 2319 832 2388 ἀέρος
870 2315 1356 2387 μετατρεπομένου
1405 2316 1498 2368 καὶ
1524 2315 1744 2383 δμὸρων
1770 2329 1870 2363 κα-

229 2429 236 2435 ·
288 2411 760 2482 τσρῤηγνιιμένων
800 2407 1072 2476 εὐκαίρως
1128 2405 1389 2472 αὔξεσθαι
1437 2406 1504 2458 τὰ
1565 2406 1726 2471 φυτά.
1765 2402 1873 2456 Καὶ

287 2505 394 2570 γὰρ
421 2503 540 2554 τῶν
570 2500 788 2570 τροφῶν
819 2499 891 2561 ὼς
939 2501 994 2551 έν
1023 2498 1207 2562 κύκλῳ
1236 2496 1495 2564 διηνεκῶς
1531 2497 1874 2565 χορηγουμέ-

289 2611 398 2644 νων
429 2591 731 2658 ἀνελλιπὴς
755 2591 849 2642 καὶ
883 2593 915 2659 ἡ
956 2589 1065 2642 τῶν
1096 2588 1559 2658 προσφερομένων
1585 2587 1708 2647 τοὺς
1735 2602 1872 2656 καρ-

293 2685 431 2746 ποὺς
474 2683 727 2750 διαμένει
754 2681 934 2749 φύσις,
963 2679 1037 2742 ὡς
1067 2678 1415 2746 εὑρίσκεσθαι
1449 2677 1549 2746 μὲν
1586 2678 1764 2729 ἐκεῖνα
1787 2677 1876 2729 διὰ

285 2776 407 2834 τοὺς
433 2775 708 2840 καρποὺς,
728 2776 848 2835 τοὺς
867 2773 922 2823 δὲ
941 2771 1185 2842 καρποὺς
1203 2771 1290 2824 διὰ
1311 2769 1379 2821 τὰ
1405 2767 1520 2831 ζῶα
1540 2771 1634 2822 καὶ
1663 2769 1752 2821 τὸν
1783 2771 1874 2822 ἀν-

297 2863 630 2935 θρωπον.οὐ
655 2862 874 2932 γνώμας
894 2863 1082 2914 λοιπὸν
1104 2864 1149 2914 oi
1174 2863 1400 2928 ἀστέρες
1425 2860 1874 2928 μετατρέπουσιν,

294 2951 414 3004 οὐδὲ
443 2953 703 3021 καθάπερ
728 2969 777 3003 τι
797 2951 1135 3020 ἀνδράποδον
1159 2951 1248 3003 τὸν
1270 2951 1389 3002 κατ’
1415 2952 1593 3004 εἰκόνα
1619 2948 1754 3002 Θεοῦ
1786 2966 1878 3001 πε-

287 3046 518 3113 ριάγουσ
530 3061 575 3094 ιν
592 3043 688 3096 ἀνθ
694 3042 1036 3115 ρωπον.υύδὲ
1055 3045 1120 3110 γᾶ
1128 3059 1159 3113 ρ
1173 3043 1251 3104 είς
1263 3043 1510 3095 τοσοῦτον
1524 3043 1590 3097 ἂν
1610 3041 1878 3113 εὑρεθεῖεν

1980 1864 2093 1910 tum
2132 1857 2253 1911 illos
2291 1862 2564 1915 sustinere
2595 1863 2795 1918 laboris
2825 1878 2990 1936 atque
3020 1871 3390 1924 molestiarum:
3428 1875 3546 1927 exi-

1973 1945 2308 2002 stimandum
2335 1959 2439 2015 est,
2477 1953 2528 2004 in
2567 1956 2768 2022 quibus
2817 1972 2846 2010 a
2887 1969 3077 2012 natura
3122 1962 3419 2016 vehemens
3463 1963 3548 2020 est

1971 2037 2242 2104 appetitus
2269 2037 2524 2108 impetus.
2554 2057 2677 2121 eum
2712 2044 3063 2102 nihilominus
3101 2064 3316 2103 servare
3340 2053 3547 2122 seipsos

1974 2127 2030 2180 in
2058 2129 2398 2184 continentia
2435 2130 2648 2186 velint?
2711 2139 2889 2205 Atque
2920 2139 3058 2192 hanc
3081 2140 3151 2194 ob
3187 2157 3430 2208 causam,
3460 2148 3546 2198 di-

1975 2216 2115 2272 lecte
2144 2218 2241 2284 fili,
2296 2221 2517 2288 quidam
2571 2224 2674 2277 viri
2727 2226 2969 2297 religiosi
3018 2230 3176 2282 nudis
3213 2234 3545 2301 corporibus

1974 2320 2118 2365 totos
2144 2311 2262 2366 dies
2291 2313 2344 2366 in
2373 2315 2582 2370 medias
2612 2332 2787 2386 aquas
2816 2335 2990 2372 semet
3021 2322 3290 2392 abjecisse
3325 2327 3547 2381 traduné

1979 2415 2087 2466 tur,
2112 2419 2218 2472 quo
2247 2405 2727 2462 inflammationem
2759 2419 2813 2462 et
2845 2423 3036 2467 :estnm
3076 2414 3226 2468 illum
3262 2417 3418 2486 113
3449 2435 3549 2472 na-

1978 2495 2206 2548 tnrulem
2248 2497 2675 2568 restinguerent.
2721 2501 2908 2570 itaque
2944 2519 3104 2556 nemo
3136 2507 3363 2572 posthac
3412 2511 3544 2562 tati-

1978 2586 2202 2640 vitatcm
2233 2603 2387 2642 suam
2425 2593 2478 2644 in
2522 2593 2760 2646 medium
2798 2594 3061 2662 proferat,
3110 2612 3272 2651 nemo
3302 2599 3546 2669 innu5pi-

1978 2689 2130 2731 catos
2165 2678 2410 2734 sidermu
2455 2684 2668 2750 positus
2713 2691 2766 2736 et
2808 2685 2970 2740 inter.
2995 2703 3051 2741 se
3087 2689 3548 2745 conformationes

1977 2781 2260 2823 causetnr.
2291 2771 2423 2824 Nam
2449 2775 2668 2842 sapiens
2704 2775 2792 2830 ille
2826 2778 3131 2834 Moderator
3168 2782 3546 2838 universorum

1982 2861 2242 2928 pra-claro
2275 2863 2504 2916 consilio
2533 2865 2791 2933 instituit,
2824 2879 2880 2921 ut
2906 2871 3019 2923 suis
3044 2875 3384 2941 temporibus
3411 2876 3544 2930 certi

1980 2949 2220 3002 siderum
2254 2960 2454 3017 motus,
2485 2961 2658 3018 ortus,
2697 2970 2920 3011 occasus
2955 2961 3230 3026 eveniant,
3267 2981 3374 3031 quo
3393 2981 3545 3020 coma

1982 3050 2193 3094 mutato
2225 3058 2320 3110 per
2343 3043 2441 3095 has
2469 3059 2661 3097 causas
2689 3060 2816 3099 aere
2844 3047 3146 3117 pluviisque
3172 3052 3545 3108 delabentabns

284 3136 486 3198 ἄδικοι,
521 3137 647 3198 τοὺς
683 3134 779 3204 μὲν
816 3136 1038 3203 μοιχοὺς
1095 3133 1394 3198 ποιοῦντες,
1421 3135 1546 3197 τοὺς
1579 3134 1634 3187 δὲ
1677 3136 1867 3202 φονέας

1980 3132 2177 3202 planta:
2206 3132 2610 3186 incrementum
2638 3139 2923 3190 commode
2959 3154 3196 3197 sumant.
3231 3144 3363 3196 Cum
3399 3147 3542 3200 enim

284 3228 377 3279 καὶ
394 3228 686 3296 ἅρπαγας.
725 3225 885 3278 Ἀλλά
909 3227 999 3277 καὶ
1027 3224 1130 3294 πρὸ
1156 3227 1260 3276 τῶν
1290 3225 1532 3293 ἀστέρων
1561 3227 1587 3276 ὁ
1609 3223 1866 3294 δημιουρ-

285 3317 380 3386 γὸς
409 3317 600 3370 αὐτῶν
624 3316 718 3386 τὴν
739 3318 918 3370 αἰτίαν
941 3317 1296 3385 ἀποφέρεται,
1318 3315 1476 3384 εἴπερ
1496 3314 1716 3367 τοιαῦτα
1739 3330 1870 3366 κατ-

285 3409 595 3462 εσκεύασεν
615 3407 649 3460 ἃ
669 3409 767 3476 τὴν
790 3408 1052 3476 ἐπιφορὰν
1071 3410 1203 3476 ἡμίν
1223 3407 1278 3470 ἐξ
1297 3406 1536 3475 ἀνάγκης
1559 3406 1667 3457 τῶν
1684 3403 1868 3456 κακῶν

286 3501 511 3571 ἐπετέθη
522 3516 596 3562 σι,
613 3499 752 3552 καθὰ
771 3500 832 3567 δὴ
851 3500 946 3550 καὶ
965 3499 1096 3569 πρὸς
1111 3497 1350 3550 Φαῦστον
1371 3500 1396 3549 ὀ
1414 3499 1700 3566 κορυφαῖος
1719 3496 1868 3562 ἔλεγε

291 3593 528 3660 Πέτρος,
563 3591 777 3658 γενέσει
807 3589 902 3641 καὶ
931 3591 1239 3661 εἱμαρμένῃ
1276 3590 1336 3640 τὸ
1366 3591 1470 3641 πᾶν
1492 3589 1864 3658 ἐπιτρέποντα.

1973 3221 2228 3274 alimenta
2262 3221 2497 3290 quodam
2522 3222 2668 3275 velut
2688 3225 2894 3278 ambitu
2919 3239 3180 3296 perpetuo
3200 3235 3544 3300 snppmlitata‘

1975 3327 2085 3365 non
2129 3312 2530 3378 desiderantur,
2584 3313 2746 3367 etiam
2781 3315 2997 3370 illorum
3046 3331 3257 3382 natura,
3307 3327 3398 3392 qui
3435 3326 3544 3378 frn-

1975 3413 2098 3457 ctus
2130 3403 2276 3472 ipsos
2301 3405 2630 3473 percipiunt,
2664 3407 2751 3460 vel
2780 3423 2940 3478 egere
2968 3413 3046 3464 ιρι
3069 3413 3300 3468 deficere
3333 3433 3472 3488 nequ
3503 3430 3540 3475 t.

1981 3495 2051 3548 De
2081 3510 2188 3564 quo
2233 3495 2586 3566 intelligimus
2633 3497 2813 3553 sidera
2865 3502 3080 3569 quidem
3138 3521 3260 3559 eum
3305 3513 3546 3566 motibus

1978 3585 2094 3640 suis
2126 3585 2424 3653 fructuum,
2459 3586 2675 3642 fructus
2703 3599 2879 3644 antem
2911 3593 3224 3648 animalium
3273 3605 3327 3650 et
3361 3599 3539 3653 homi-

289 3685 374 3738 nis
404 3698 536 3738 esse
571 3697 735 3736 causa
771 3681 968 3736 factos.
1029 3681 1373 3750 Quapropter
1440 3683 1748 3734 animorum
1797 3679 2107 3734 voluntates
2172 3689 2336 3748 atque
2400 3680 2705 3736 sententias
2745 3682 2924 3737 sidera
2956 3701 3061 3740 non
3129 3697 3379 3753 mutant,
3439 3694 3542 3746 nec'

286 3778 576 3830 hominem
610 3779 676 3830 ad
703 3776 992 3846 imaginem
1027 3776 1116 3830 Dei
1149 3775 1352 3829 factum
1404 3773 1662 3844 mamipii
1689 3773 1969 3840 cujusdam
2023 3772 2147 3827 vilis
2208 3772 2382 3826 instar
2434 3773 2539 3826 hac
2596 3772 2722 3828 illae
2783 3775 3007 3830 ducunt.
3072 3778 3190 3832 Non
3242 3791 3346 3834 tam
3394 3783 3540 3835 enim

287 3885 406 3940 ipsa
430 3871 988 3939 deprehenderentur
1019 3869 1218 3938 iniusta
1246 3886 1386 3935 esse,
1457 3870 1717 3938 quosdam
1747 3911 1750 3914 .
1784 3868 2061 3922 adulteros
2118 3866 2430 3931 efﬁcientia,
2465 3868 2726 3936 quosdam
2798 3870 3094 3925 homicidas
3127 3890 3189 3926 ac
3235 3877 3542 3944 praedones1r

287 3981 455 4034 quam
491 3979 686 4016 eorum
717 3963 920 4032 opifex,
978 3965 1069 4033 qui
1120 3979 1451 4033 prmetpuam
1488 3963 1542 4016 in
1578 3964 1680 4018 hac
1715 3973 1865 4032 parte
1905 3961 2118 4032 culpam
2181 3973 2514 4024 mereretur,
2559 3963 2628 4015 ob
2668 3977 2754 4014 res
2821 3964 3090 4030 ejusmodi
3128 3970 3374 4023 conditas
3422 3983 3544 4039 qua!

287 4057 614 4113 necessario
639 4072 740 4111 nos
766 4057 831 4110 ad
863 4055 1002 4109 mala
1025 4057 1287 4123 proclives
1307 4056 1616 4108 redderent.
1681 4055 1893 4108 Idcirco
1930 4071 2037 4128 non
2069 4053 2168 4109 abs
2201 4068 2258 4106 re
2287 4054 2507 4122 scripsit
2537 4055 2769 4109 eximius
2798 4057 2886 4109 ille
2943 4056 3135 4112 Petrus
3160 4064 3225 4111 ad
3259 4061 3538 4131 Faustum,

284 4154 559 4222 quosdam
592 4151 727 4204 falso
778 4151 1093 4204 universum
1146 4152 1246 4203 hoc
1295 4148 1555 4202 natalitiis
1583 4148 1854 4203 sideribus
1895 4157 1948 4202 et
1977 4132 2085 4202 fato
2114 4148 2477 4204 committere.

361 4244 516 4312 Ὅρα
572 4242 759 4293 λοιπὸν
813 4242 1101 4312 νουνεχῶς,
1153 4241 1245 4293 καὶ
1301 4241 1375 4310 μὴ
1427 4241 1518 4292 ἐπὶ
1559 4241 1720 4292 πλέον
1751 4242 1866 4302 τοῖς

285 4334 472 4402 λόγοις
517 4332 701 4385 αὐτῶν
741 4332 994 4402 Θορυϐοῦ.
1041 4333 1101 4384 Εἰ
1141 4333 1249 4402 γὰρ
1294 4335 1386 4386 καὶ
1425 4332 1676 4396 λέγουσιν
1713 4331 1794 4382 ὃτι
1825 4331 1860 4398 ὴ

2043 4241 2348 4296 Prudenter
2393 4243 2558 4314 igitur
2587 4240 2712 4306 inec
2760 4240 3146 4307 considerato,
3195 4257 3296 4298 nec
3346 4244 3540 4300 barum”

1967 4334 2148 4388 verbis
2181 4335 2298 4403 plus
2325 4352 2481 4405 aequo
2529 4335 2831 4406 perturbari
2882 4346 2935 4392 te
2985 4335 3175 4388 sinito.
3211 4337 3344 4390 Cum
3391 4343 3538 4392 enim

255 4425 415 4497 ηῶρα
460 4424 588 4478 καθ’
627 4424 694 4494 ἣν
725 4427 757 4493 ἠ
798 4424 1056 4494 σύλληψις
1082 4423 1176 4476 τοῦ
1223 4424 1738 4493 συλλαμϐανομένου
1779 4422 1865 4488 γί-

1975 4424 2157 4478 dicunt
2182 4439 2302 4478 eam
2339 4427 2528 4481 horam
2561 4445 2664 4498 qua
2699 4431 2844 4484 fetus
2889 4428 3179 4499 conceptio
3222 4429 3333 4486 fiat.
3370 4429 3540 4484 fctum

259 4506 284 4527 σι

287 4535 472 4581 vacat,
507 4516 694 4585 ἐκείνη
733 4516 825 4568 καὶ
849 4516 909 4568 τὸ
949 4517 1514 4586 πλαστουργούμενον.
1556 4516 1667 4567 εἴτε
1698 4516 1866 4586 ἄρρεν

286 4610 398 4661 εἴτε
441 4607 601 4678 Θῆλυ,
632 4607 980 4661 διαπλάττειν
1031 4608 1226 4675 ἄριστα
1276 4608 1485 4668 εἴωθεν,
1512 4606 1626 4658 ἀλλ’
1662 4607 1867 4670 εὐθέως

288 4695 706 4765 ἀνθυποφέρειν
735 4694 875 4764 ἔχεις
904 4696 997 4746 καὶ
1031 4695 1117 4758 σὺ,
1145 4695 1239 4747 καὶ
1269 4696 1411 4747 οὕτω
1440 4695 1620 4762 λέγειν
1660 4697 1863 4761 αὐτοῖς,

288 4789 364 4848 ὡς
399 4786 566 4854 εἴπερ
623 4789 679 4838 ὲν
746 4788 842 4854 μιᾷ
903 4786 1023 4855 ῶρᾳ
1062 4786 1155 4837 καὶ
1192 4788 1256 4855 τῇ
1288 4790 1425 4856 αὐτῇ
1452 4788 1723 4858 καταϐολῇ
1757 4789 1864 4839 τῶν

288 4871 537 4939 διδύμων
575 4872 606 4938 ἡ
645 4869 907 4938 σύλληψις
936 4869 1168 4932 γίνεται,
1221 4869 1422 4937 ἔπρεπε
1458 4873 1671 4932 πάντως
1699 4871 1774 4940 μὴ
1806 4870 1865 4922 τὸ

292 4967 360 5032 με
377 4984 393 5014 ι
450 4964 634 5028 αὐτῶν
674 4965 863 5034 ἄρρεν,
886 4964 944 5015 τὸ
966 4963 1021 5015 δὲ
1038 4964 1192 5032 Θῆλυ,
1217 4963 1334 5016 ἀλλ’
1369 4963 1572 5034 ἄρρενα
1589 4967 1678 5016 καὶ
1701 4965 1867 5032 ἄμφω

290 5055 440 5106 κατὰ
487 5053 586 5122 τὴν
622 5054 1030 5121 ἐπικρατοῦσαν
1075 5054 1223 5124 ὥραν
1271 5055 1304 5126 ἢ
1347 5055 1515 5124 Θήλεα
1553 5055 1710 5107 ταυτὶ
1754 5055 1866 5108 δια-

291 5145 656 5198 πλάττεσθαι.
686 5143 841 5196 Οὕτω
874 5146 974 5213 μὲν
996 5141 1087 5198 οῦν
1111 5145 1218 5198 ἔδει
1247 5146 1321 5216 μὴ
1351 5149 1408 5198 τὸ
1441 5147 1538 5214 μὲν
1562 5147 1743 5199 αὐτῶν
1772 5145 1867 5197 τά·

289 5255 411 5308 χιον
461 5237 746 5306 τελευτᾷν,
778 5237 839 5286 τὸ
870 5236 926 5288 δὲ
967 5236 1205 5306 βράδιον,
1239 5238 1353 5290 ἀλλ’
1391 5237 1524 5305 ὁμοῦ
1558 5237 1650 5290 καὶ
1697 5236 1866 5304 ἄμφω

288 5327 402 5377 τῶν
428 5319 532 5377 ὦδε
572 5325 973 5389 μεθίστασθαι·
1007 5328 1146 5378 κατά
1186 5327 1291 5394 γὰρ
1321 5328 1561 5388 ἐκείνους
1600 5322 1793 5389 εἰπεῖν,
1835 5326 1864 5378 ὀ

290 5417 458 5481 αὐτὸς
515 5416 693 5486 ἀστὴρ
731 5416 968 5487 κάκείνῳ
1013 5419 1106 5471 καὶ
1147 5419 1322 5488 τούτῳ
1360 5417 1456 5488 τὴν
1495 5417 1639 5488 ζωὴν
1677 5419 1864 5488 ἐχαρί-

293 5525 452 5562 σατο.
497 5510 662 5562 Ἀλλά
690 5511 786 5562 καὶ
841 5511 932 5562 ἐπί
962 5527 1071 5563 τισι
1101 5511 1388 5580 παυὴμασι
1439 5513 1530 5562 καὶ
1566 5511 1865 5579 σινώμασιν

291 5599 391 5668 ὑφ’
425 5595 500 5651 ῶν
544 5601 859 5662 ἁλίσκονται
898 5603 1155 5664 πολλάκις
1196 5604 1262 5654 τὰ
1294 5605 1432 5655 κατὰ
1473 5603 1687 5672 μήτραν
1719 5620 1864 5673 πηγ-

292 5690 505 5761 νύμενα
556 5691 644 5758 (τά
670 5709 727 5743 τε
782 5693 889 5760 γὰρ
928 5693 1095 5760 οήλεα
1154 5693 1337 5760 σχῆμο.
1371 5694 1625 5756 πολλάκις
1656 5693 1864 5766 ἀνδρῶν

507 5793 782 5848 ιἈτιιυι.
815 5793 932 5848 tiu.
975 5791 1240 5853 CLVIII.

1975 4513 2175 4583 ipsum,
2209 4524 2315 4568 tam
2363 4533 2565 4571 marem
2602 4536 2762 4589 quam
2809 4523 3128 4585 femineum,
3173 4525 3374 4592 optime
3422 4527 3533 4580 for-

1971 4621 2140 4671 mare,
2177 4622 2302 4662 mox
2331 4608 2409 4662 eis
2442 4609 2682 4678 objicere
2711 4612 2950 4667 vicissim
2982 4625 3137 4682 potes
3161 4616 3305 4684 quod
3341 4617 3382 4670 si
3411 4620 3533 4686 quis

1969 4683 2093 4750 dem
2142 4714 2248 4752 una
2305 4709 2358 4754 et
2392 4700 2578 4756 eadem
2636 4703 2791 4766 hora,
2825 4721 2931 4758 una
2981 4717 3033 4759 et
3086 4708 3271 4762 eadem
3315 4712 3536 4764 seminis

1968 4788 2278 4858 dejectione
2304 4793 2658 4862 gemeliornm
2696 4797 2981 4866 conceptio
3025 4802 3137 4862 tiat,
3173 4801 3396 4856 omnino
3435 4819 3534 4858 ue-

1971 4894 2124 4935 cesse
2158 4883 2227 4937 sit
2255 4883 2486 4938 alterum
2515 4866 2857 4940 eorummon
2889 4905 3011 4942 esse
3050 4873 3277 4957 marem,
3304 4897 3538 4948 alterum

1969 4970 2248 5035 feminam,
2271 4975 2366 5027 sed
2391 4976 2472 5029 vel
2506 4977 2695 5031 ambos
2719 4994 2898 5034 mares
2922 4981 3002 5034 vel
3029 4981 3258 5035 feminas
3284 4985 3530 5039 formari.

1968 5061 2342 5118 Consimiliter
2399 5066 2588 5120 eadem
2647 5072 2858 5124 ratione
2925 5083 3245 5141 sequeretur
3301 5077 3534 5132 alterum

1967 5167 2157 5206 eorum
2181 5171 2290 5208 non
2314 5157 2516 5211 debere
2537 5159 2697 5212 citius
2722 5163 3013 5233 exstingui,
3046 5168 3252 5222 tardius
3275 5171 3531 5231 alterum,

1969 5245 2063 5298 sed
2103 5255 2394 5316 utrumque
2425 5249 2582 5303 rebus
2631 5250 2884 5307 humanis
2923 5258 3123 5324 pariter
3158 5262 3344 5317 eximi.
3375 5263 3535 5327 Nam,-

1971 5345 2029 5390 ut
2062 5338 2160 5405 ipsi
2193 5337 2512 5406 loquuntur,-
2561 5339 2702 5394 idem
2751 5344 2901 5398 sidus
2934 5357 3043 5400 tam
3092 5351 3213 5402 huic
3259 5368 3420 5420 quam
3454 5354 3535 5405 illi

1971 5426 2135 5480 vitam
2177 5430 2431 5496 prmbuit.
2487 5431 2628 5496 Quin
2680 5436 2843 5488 etiam
2893 5453 2959 5490 eo
2991 5443 3428 5510 progrediuntur,
3473 5441 3534 5496 ut-

1968 5517 2190 5570 morbos
2219 5518 2478 5584 quosdam
2524 5531 2578 5572 et
2631 5521 2834 5576 formas
2883 5541 3000 5591 quzc
3054 5531 3251 5580 fetibus
3302 5531 3353 5581 in
3413 5533 3532 5598 ipszr

1972 5607 2199 5662 matrice
2237 5623 2623 5678 nonnunquam
2661 5612 2914 5666 accidunt
2960 5615 3155 5679 (solent
3187 5619 3328 5671 enim
3361 5621 3528 5673 inter-

1972 5696 2348 5754 dumfcmell-ie
2381 5699 2632 5753 verendis
2671 5699 2724 5752 in
2774 5703 3020 5770 partibus
3071 5703 3281 5759 virilem
3325 5709 3534 5768 habere'

3133 5801 3174 5862 8

4022 5187 4023 5248 ί

4021 5319 4023 5370 t

4021 5419 4023 5480 l

4021 5545 4023 5614 ί
