4062 6186
2984 222 3008 241 r

483 254 585 319 927
1766 208 2185 309 incussus
2225 250 2483 310 suos
2984 222 3008 241 ⁷
3617 257 3722 345 2:3

482 364 739 430 speciem,
797 375 858 414 ac
910 363 1029 415 vice
1083 374 1237 413 versa
1286 373 1464 413 mares
1520 357 1838 428 femineam)
1889 361 2047 414 astris

2161 364 2278 430 περί
2319 379 2423 413 που
2457 366 2522 412 τα
2562 362 2856 431 γεννητικὰ
2890 362 3115 431 φέρουσι
3156 363 3341 431 μόρια,
3374 368 3471 418 xci
3498 344 3717 417 τοὺναν·

484 459 800 511 auctoribus
852 457 1112 512 tribuant.
1175 456 1380 508 Vocant
1442 454 1705 524 ejusmodi
1760 455 1923 519 fetus,
1981 455 2047 511 de

484 552 681 621 quibus
738 550 897 603 modo
961 546 1337 615 loquebamur,
1392 544 1886 615 hermaphroditos.
1914 547 2047 600 Nam

486 642 723 709 perbelle
770 639 980 707 lingunt
1028 636 1357 690 Mercurium
1414 637 1528 706 (qui
1572 636 1772 691 Crtecis
1823 640 2049 692 llermes

485 730 588 798 est)
625 743 678 783 et
706 728 970 782 Venerem
1012 730 1151 795 (qua:
1186 728 1509 798 Aphrodite)
1549 728 1601 780 in
1636 729 1827 782 iisdem
1851 733 2051 784 centris

485 822 826 889 coniunctos.
859 823 1099 873 Saturno
1126 821 1287 873 etiam
1317 822 1612 875 accedente
1641 831 1895 889 certaque
1917 836 2049 873 con-

484 912 811 965 formatione
842 900 1007 972 aeris,
1060 910 1202 962 fetus
1248 911 1515 978 quosdam
1561 919 1757 979 praeter
1799 920 2049 963 naturam

483 1002 707 1056 affectos
742 1003 1063 1069 producere.
1097 1000 1202 1054 Sed
1245 1001 1389 1054 enim
1441 1000 1543 1053 hoc
1589 1001 1813 1053 minime
1859 1015 2049 1053 verum

484 1104 588 1147 est.
626 1093 759 1145 Nam
794 1094 907 1159 ipsa
959 1092 1101 1145 fetus
1153 1092 1433 1144 formatrix
1471 1090 1629 1160 114
1673 1100 1868 1144 natura
1912 1104 2051 1142 non-

484 1200 764 1253 nunquam
844 1183 1110 1250 ejusmodi
1172 1183 1377 1245 ellicit,
1443 1181 1905 1249 quemadmodum
1969 1190 2053 1235 est

486 1292 649 1345 supra
684 1277 1135 1329 demonstratum.
1191 1274 1414 1327 llermes
1462 1274 1682 1342 quidem
1732 1273 1820 1327 ille
1876 1272 2053 1342 philo-

486 1366 711 1434 sophus,
746 1382 907 1433 ‘luem
939 1365 1111 1417 Graeci
1148 1374 1294 1416 tanto
1326 1365 1529 1417 habent
1578 1365 1633 1416 in
1662 1365 1884 1427 honore,
1913 1365 2051 1419 scri-

498 1456 604 1525 ptis
636 1457 700 1508 ad
727 1456 1025 1523 sapientem
1056 1456 1375 1507 Ammonem
1409 1454 1627 1518 litteris,
1656 1454 1963 1507 morborum
1999 1456 2051 1508 in

492 1550 557 1599 iis
597 1561 787 1599 causas
844 1547 932 1614 qui
982 1548 1163 1599 l'urore
1206 1545 1575 1614 corripiuntur
1610 1553 1659 1598 ct
1705 1554 1886 1598 mente
1924 1555 2053 1599 sunt

487 1638 728 1699 alienati,
768 1637 833 1689 ad
863 1638 1038 1690 sidera
1081 1637 1266 1690 refert.
1295 1636 1429 1689 Cum
1459 1637 1629 1698 enim,
1668 1636 1863 1705 inquit,
1898 1636 2050 1691 sidus

484 1730 614 1782 illud
640 1729 694 1780 in
721 1728 876 1795 cujus
904 1737 1170 1796 potestate
1208 1728 1492 1781 cerebrum
1544 1736 1648 1792 est,
1688 1702 1855 1780 feium
1910 1728 2050 1783 bono
2080 1702 2126 1761 Β

483 1821 717 1890 quodam
772 1833 993 1889 aspectu
1050 1822 1325 1883 intuetur,
1376 1822 1603 1889 ejusque
1655 1821 1938 1875 cerebrum
1993 1821 2047 1875 in

484 1916 601 1980 ipsa
630 1912 955 1965 formatione
984 1911 1150 1964 radiis
1181 1911 1446 1977 eiusmodi
1489 1909 1790 1975 collustrat,
1824 1912 2048 1964 omnino

483 2007 539 2057 lit
570 2016 626 2057 ut
657 2004 943 2057 facultates
987 2003 1152 2056 animi
1190 2003 1463 2071 principes
1512 2003 1564 2055 in
1616 2002 1704 2055 tali
1744 2001 1854 2055 fetu
1906 2017 2048 2071 prte-

482 2098 627 2151 clare
662 2106 991 2165 comparata
1015 2098 1143 2148 sint.
1191 2095 1258 2147 At
1287 2095 1327 2147 si
1370 2095 1868 2164 quomodocunque
1900 2095 2050 2148 sidus

482 2188 662 2257 ipsum
697 2188 834 2240 male
863 2186 1148 2250 adiciatur,
1195 2186 1360 2239 etiam
1410 2186 1623 2239 diversa
1666 2187 1773 2239 crit
1822 2199 1876 2239 et
1919 2201 2052 2239 con-

486 2276 653 2330 traria
679 2276 848 2345 priori
881 2276 999 2344 ejus
1033 2274 1271 2327 effectio.
1303 2273 1456 2326 Hunc
1484 2274 1539 2326 in
1586 2273 1803 2326 modum
1833 2283 2051 2341 specta-

487 2377 632 2419 tores
696 2366 771 2418 illi
831 2364 1147 2417 sublimium
1204 2362 1447 2416 sentiunt
1516 2374 1678 2430 atque
1734 2363 2051 2430 loquuntur.

486 2454 780 2510 Eorum'tu
812 2438 1125 2522 opinionem
1160 2454 1391 2522 rejicito,
1422 2469 1483 2506 ac
1520 2453 1701 2523 pravis
1726 2452 2054 2521 quihusdam

485 2547 810 2601 humoribus
842 2546 1127 2599 cerebrum
1172 2545 1290 2612 ejus
1329 2543 1591 2612 repletum
1650 2556 1771 2594 esse
1820 2540 2054 2604 credito,

482 2654 645 2708 quem
675 2639 858 2690 animo
888 2637 1182 2689 alienatum
1211 2633 1578 2701 conspexeris.
1606 2629 1738 2684 Nam
1771 2631 2055 2685 cerebrum

486 2728 688 2784 mentis
719 2730 812 2785 est?
859 2728 1304 2786 instrmneutum,
1346 2725 1573 2792 ideoque
1621 2737 1718 2791 pro
1767 2721 1936 2790 ipsius
1973 2720 2059 2772 in-

485 2819 774 2873 strumenti
820 2817 1106 2869 alIcetione
1168 2830 1322 2867 mens
1373 2815 1533 2866 etiam
1563 2851 1577 2876 ,
1634 2811 1777 2864 velut
1828 2808 2057 2876 artifex,

482 2926 644 2981 agere
678 2910 984 2964 consuevit.
1040 2908 1332 2975 PrOpterea
1386 2905 1525 2957 Deus
1570 2905 1764 2958 herbas
1796 2903 2057 2972 quasdam

484 3002 731 3056 condidit
786 3001 989 3070 quibus
1044 2998 1208 3051 variis
1273 2995 1551 3050 doloribus
1624 3004 1788 3063 atque
1851 2993 2056 3048 morbis

486 3096 840 3159 medeamur,
899 3102 955 3146 et
1016 3090 1332 3144 hominibus
1400 3088 1666 3141 medicam
1734 3086 2057 3155 sapientiam

485 3189 702 3243 abunde
734 3188 962 3256 largitus
992 3195 1093 3239 est.
1130 3183 1265 3236 Hinc
1314 3192 1368 3235 et
1418 3181 1700 3236 cerebrum
1734 3179 1948 3249 purgari
1979 3179 2060 3233 vi-

488 3283 704 3344 demus,
739 3291 793 3332 et
822 3280 1042 3330 morbos
1072 3276 1228 3339 alios,
1267 3276 1357 3343 qui
1382 3274 1719 3327 curationem
1755 3272 2059 3340 requirunt,

489 3374 935 3432 convenientium
989 3372 1510 3425 medicamentorum
1582 3368 1920 3422 adhibitione
1970 3381 2063 3420 sa-

490 3467 630 3521 nari.
661 3466 780 3519 Non
811 3465 972 3533 igitur
1001 3477 1192 3516 eorum
1236 3462 1421 3515 verbis
1451 3459 1628 3529 decipi
1655 3468 1707 3513 te
1737 3460 1954 3527 patitor.
1983 3458 2062 3510 Ac

492 3576 560 3613 ne
591 3559 699 3611 lato
734 3557 975 3625 quidem,
1004 3571 1103 3608 ceu
1133 3554 1339 3609 dictum
1374 3561 1480 3617 est,
1514 3552 1570 3606 lii
1618 3550 1793 3605 morbi
1826 3549 2061 3604 homini-

493 3658 594 3707 bus
622 3653 897 3706 accidunt.
931 3650 1069 3715 Quid
1097 3650 1243 3702 enim
1280 3649 1427 3702 aliud
1471 3648 1574 3703 sibi
1616 3647 1712 3701 fati
1758 3646 1873 3701 vult
1901 3661 2063 3700 voca-

492 3748 705 3808 bulum,
774 3746 840 3798 de
898 3744 1137 3812 ipsorum
1201 3746 1514 3811 sententia,
1569 3756 1733 3810 quam
1796 3744 1940 3809 quod
1991 3746 2062 3795 sit

492 3850 724 3895 eventus
743 3838 959 3907 quidam
987 3835 1334 3899 inevitabilis,
1363 3846 1513 3888 ortus
1543 3848 1608 3888 ex
1630 3834 1769 3889 serie
1800 3848 2062 3904 perpetua

493 3940 671 3985 motus
738 3929 1041 3983 cmlestinm
1104 3925 1430 3995 corporum?
1488 3923 1639 3990 Quod
1695 3925 1869 3994 ipsmn
1921 3935 2064 3979 totus

496 4024 581 4075 ille
612 4031 926 4075 sanctorum
983 4020 1220 4072 virorum
1275 4029 1450 4073 coctus
1501 4016 1815 4087 longissime
1865 4017 2060 4085 rejicit.

492 4114 858 4181 Quamobrem
896 4113 1069 4168 istuc?
1116 4111 1251 4177 Quia
1288 4112 1517 4165 multum
1555 4110 1807 4164 amentia).
1849 4109 2061 4163 stolidi.-

496 4210 725 4275 tatisque
757 4208 1022 4266 continet,
1070 4204 1193 4275 plus
1246 4203 1564 4274 impietatis.
1612 4214 1667 4257 ut
1704 4218 1931 4274 magnus
1972 4201 2063 4254 ille

454 4366 460 4373 Ι
496 4299 725 4352 Basilius
761 4297 1018 4366 loquitur.

2149 460 2260 508 τίον
2300 455 2453 519 αὖθις
2492 455 2558 508 τὰ
2596 454 2845 525 ἄρρενα),
2869 456 2995 517 τοὺς
3028 455 3264 524 ἀστέρας
3303 456 3508 516 αἰτίους
3546 458 3720 529 ἥγηνρ

2150 566 2260 601 ται.
2295 548 2476 617 Ταύτῃ
2548 563 2629 597 τοι
2664 546 2756 598 καὶ
2796 545 3228 615 ἐρμαφροδίτους
3276 548 3404 610 τοὺς
3444 549 3719 613 τοιούτους

2154 639 2577 707 ἐπονομάζουσι.
2619 637 2999 705 Κομψεύονται
3031 640 3159 707 γὰρ,
3191 639 3411 692 ἐπειδάν
3440 641 3468 693 ὁ
3505 640 3723 711 Ἐρμῆς

2153 730 2298 797 καὶὴ
2348 729 2632 797 ’Λφροδίτη
2673 728 2949 797 εὑρεθεῖεν
2970 730 3307 800 ὁμόκεντροι,
3348 731 3593 794 συνόντος
3619 734 3719 787 αὑ-

2152 822 2262 871 τοῖς
2297 819 2387 871 τοῦ
2440 820 2670 887 Κρόνου,
2717 820 2851 887 πρὸς
2883 820 2938 873 δὲ
2973 819 3067 871 καὶ
3116 824 3594 892 σχηματιζομένου
3626 828 3719 877 τοῦ

2157 911 2372 979 Ἄρεος,
2404 910 2565 961 αἴτιοι
2590 909 2889 975 τηνικαῦτα
2917 911 3007 962 καὶ
3032 911 3140 962 τῶν
3171 912 3320 979 παρὰ
3350 912 3509 978 φύσιν
3532 915 3721 966 παθών

2153 1005 2261 1062 τοῖς
2288 1004 2624 1070 τικτομένοις
2658 1003 3036 1057 καθίστανται.
3077 1004 3217 1057 ’Δλλ’
3248 1006 3347 1057 οὑκ
3394 1007 3508 1057 ἔστι
3540 1007 3718 1071 τοῦτο,

2153 1099 2252 1149 οὑκ
2287 1096 2466 1148 ἔστιν·
2526 1098 2559 1166 ἡ
2599 1096 2707 1165 γὰρ
2755 1096 3157 1149 διαπλάττουσα
3179 1096 3241 1149 τὸ
3283 1096 3520 1165 ἔμϐρυον
3558 1098 3720 1167 φύσις

2153 1190 2301 1241 αἰτία
2357 1188 2616 1247 πολλάκις
2674 1190 2783 1241 τῶν
2832 1190 3089 1242 τοιούτων
3143 1189 3479 1257 εὑρίσκεται,
3536 1190 3720 1255 καθὼς

2154 1283 2361 1335 ἄνωθεν
2386 1282 2619 1351 εἴρηται.
2658 1282 2821 1335 Ἀλλά
2842 1284 2934 1335 καὶ
2964 1284 2991 1334 ὁ
3014 1282 3142 1353 παρ’
3164 1284 3344 1345 αὐτοῖς
3374 1286 3485 1346 τοῖς
3522 1283 3723 1355 Ἕλλης·
3756 1318 3759 1323 -

2157 1393 2205 1426 σι
2242 1374 2549 1443 τιμώμενος
2590 1374 2795 1443 Ἐρμῆς
2826 1376 3083 1443 Ἀμμωνι
3106 1373 3182 1442 τῷ
3210 1374 3359 1443 σοφῷ
3389 1376 3720 1429 ἐπιστέλλων

2156 1470 2349 1531 αὑτοὺς
2389 1470 2627 1520 αἰτιᾶται
2657 1469 2783 1528 τοὺς
2821 1467 3054 1536 ἀστέρας
3095 1468 3184 1519 ἐπί
3212 1484 3269 1518 τε
3304 1471 3416 1530 τοῖς
3457 1469 3721 1537 μαινομέ-

2157 1579 2264 1623 νοις
2298 1561 2390 1612 καὶ
2418 1560 2475 1612 τὸ
2513 1560 2765 1628 φρύνημα
2797 1559 3153 1626 κεκτημένοις
3192 1559 3512 1628 παράφορον
3537 1560 3613 1621 ὡς
3638 1563 3722 1612 αι-

2156 1656 2302 1713 τίονς
2339 1651 2497 1720 δῆθεν
2528 1651 2782 1703 τοιούτων
2808 1650 3011 1702 παθών.
3046 1651 3181 1715 Φησὶ
3213 1654 3301 1702 καὶ
3338 1651 3446 1717 γὰρ
3473 1649 3547 1711 ὡς
3572 1654 3722 1703 ἐπει-

2158 1745 2253 1796 δάν
2287 1743 2343 1805 ἐξ
2375 1741 2575 1809 ἀγαθοῦ
2607 1742 2880 1811 σχήματος
2919 1742 2946 1792 ὁ
2983 1741 3076 1793 τοῦ
3119 1741 3420 1809 ἐγκεφάλου
3448 1740 3723 1809 κυριεύων

2159 1834 2334 1903 ἀστὴρ
2374 1831 2700 1885 κατοπτεύει
2737 1830 2797 1882 τὸ
2842 1831 3407 1899 πλαστουργούμενον,
3454 1832 3713 1884 κάκεῖθεν

2160 1928 2355 1977 ἀκτῖνα
2391 1922 2569 1992 βάλλει
2598 1921 2673 1990 τῷ
2698 1921 2983 1991 ἐγκεφάλῳ
3014 1921 3107 1975 τοῦ
3144 1922 3517 1991 πηγνυμένου,
3539 1923 3721 1986 καλῶς

2161 2017 2369 2081 ἕξουσιν
2436 2018 2490 2070 αί
2550 2018 2873 2086 ήγεμοῦικαὶ
2928 2017 3183 2087 δυνάμεις
3231 2018 3307 2087 τῷ
3366 2019 3724 2087 πλαττομένῳ

2159 2108 2459 2175 τηνικαῦτα
2491 2107 2750 2176 ἐμϐρύῳ·
2797 2110 2843 2161 εί
2890 2107 2946 2160 δὲ
2981 2110 3320 2177 κακούμενος
3366 2109 3725 2177 ὁπωσδήποτε

2162 2198 2300 2267 τύχῃ
2336 2200 2361 2249 ὁ
2405 2196 2643 2258 τοιοῦτος
2698 2196 2896 2266 ἀστὴρ,
2936 2196 3044 2248 τῶν
3100 2196 3359 2249 ἐναντίων
3400 2197 3549 2250 ἔσται
3589 2199 3727 2250 πάν-

2164 2306 2267 2351 τως
2312 2290 2613 2359 ποιητικύς.
2666 2289 2775 2341 Καὶ
2819 2288 2962 2342 οὑτω
3008 2289 3107 2358 μὲν
3160 2291 3209 2343 οί
3262 2293 3376 2353 τοῖς
3427 2292 3727 2359 μετεώροις

2171 2381 2527 2450 προσέχοντες
2575 2382 2668 2432 καὶ
2708 2380 2964 2448 φρονοῦσι
2993 2380 3124 2450 περὶ
3176 2381 3382 2434 τούτων
3420 2382 3513 2434 καὶ
3535 2382 3727 2451 λέγου-

2167 2491 2252 2526 σιν
2288 2475 2420 2543 (⁸24).
2459 2474 2527 2525 Σὺ
2558 2473 2635 2537 δὲ,
2675 2473 2943 2542 ἁγαπητὲ,
3008 2475 3082 2542 μὴ
3114 2472 3308 2540 οὕτως,
3356 2474 3489 2527 ἀλλὰ
3521 2475 3728 2544 μοχθη-

2170 2567 2282 2633 ροῖς
2323 2580 2433 2616 τισι
2498 2567 2692 2633 χυμοῖς
2757 2564 3221 2634 κατακρατεῖσθαι
3288 2564 3380 2618 τὸν
3425 2565 3729 2632 ἐγκέφαλον

2168 2659 2411 2720 πίστευε,
2468 2658 2623 2723 ἡνίκα
2683 2655 2739 2707 δὲ
2778 2656 2944 2726 θεάσῃ
2998 2657 3117 2709 τινὰ
3176 2660 3470 2726 παρακοπῇ
3512 2659 3727 2727 φρενῶν

2170 2748 2546 2817 συνεχόμε-ιονο
2608 2751 2634 2799 ὁ
2681 2748 2787 2814 γάρ
2827 2747 3128 2814 ἐγκέφαλος
3174 2748 3407 2817 ὄργανον
3461 2750 3578 2801 ἐστι
3631 2746 3727 2800 τοῦ

2167 2841 2522 2912 νοὸςοταύτῃ
2569 2856 2648 2891 τοι
2692 2840 2782 2891 καὶ
2843 2840 2983 2893 κατὰ
3044 2841 3142 2909 τὴν
3190 2840 3423 2908 ὀργάνου
3486 2838 3728 2893 διάθεσιν

2168 2931 2263 2983 καὶ
2294 2932 2321 2982 ὁ
2355 2931 2599 2999 τεχνίτης
2619 2930 2778 2982 είωθε
2815 2930 2937 2994 νοῦς
2965 2932 3229 2998 ἐνεργεῖν.
3274 2932 3395 2983 Ἐπὶ
3423 2931 3530 3000 γάρ
3554 2931 3726 2999 τούτῳ

2086 3028 2127 3086 c
2162 3022 2256 3074 καὶ
2297 3022 2526 3091 βοτάνας
2559 3022 2933 3083 ἁκεσωδύνονς
2965 3023 3297 3091 παρήγαγεν
3347 3025 3373 3074 ὀ
3439 3021 3591 3088 Θεὸς,
3631 3023 3729 3074 καὶ

2167 3116 2355 3182 σοφίας
2399 3116 2647 3183 ἰατρικῆς
2710 3116 2836 3177 τοὺς
2888 3114 3215 3184 ἀνθρώπους
3267 3115 3564 3184 ἐνέπλησεν
3592 3132 3606 3144 ⁶
3638 3117 3731 3166 ὲν·-

2165 3208 2354 3261 τεῦθεν
2386 3207 2493 3277 γάρ
2524 3209 2617 3260 καὶ
2648 3194 2891 3277 κεφαλὴν
2923 3206 3333 3276 καθαιρομένην
3375 3208 3457 3277 ῖδῃ
3489 3224 3596 3269 τις,
3632 3207 3729 3259 καὶ

2167 3296 2313 3365 πάθη
2351 3296 2488 3349 ἄλλα
2530 3295 2652 3348 τινὰ
2702 3296 2997 3365 θεραπείας
3055 3295 3354 3363 ἀξιούμενα
3413 3296 3731 3365 φαρμάκων

2164 3388 2521 3457 καταλλήλων
2560 3390 2897 3456 ἐπαγωγαῖς.
2940 3388 3031 3456 Μὴ
3089 3385 3182 3440 οὖν
3218 3387 3563 3456 συναρπάζου
3618 3389 3731 3449 τοῖς

2164 3481 2343 3549 λόγοις
2395 3480 2597 3542 αὑτῶν,
2631 3480 2712 3532 ὅτι
2746 3481 2880 3548 μηδὲ
2911 3479 3034 3533 καθ’
3072 3478 3437 3550 εἱμαρμένην,
3470 3480 3545 3541 ώς
3573 3479 3730 3547 εῐρη-

2165 3591 2275 3637 ται,
2307 3574 2374 3625 τὰ
2406 3572 2554 3641 πάθη
2609 3576 2721 3635 τοῖς
2759 3572 3070 3641 ἀνθρώποις
3126 3572 3511 3641 ἐμπίπτουσιν.
3563 3570 3628 3622 Τί
3673 3569 3731 3621 δὲ

2166 3663 2226 3715 τὸ
2254 3663 2351 3730 τῆς
2381 3663 2720 3731 εἱμαρμένης
2751 3663 2868 3714 ἐστὶ
2906 3663 3307 3732 σημαινόμενον
3338 3680 3351 3726 ;
3389 3662 3476 3721 '0;
3524 3662 3732 3713 ἐκεῖνοι

2167 3758 2350 3822 φασὶν,
2386 3757 2415 3822 ἡ
2454 3754 2559 3807 ἀπὸ
2617 3738 2713 3821 τῆς
2751 3753 2873 3805 καθ’
2908 3754 3100 3823 εἱρμὸν
3167 3754 3274 3806 τῶν
3327 3752 3594 3824 οὐρανίων
3629 3768 3739 3804 σω-

2170 3847 2358 3913 μάτων
2399 3846 2663 3913 κινήσεως
2690 3846 3044 3914 ἀπαράϐατος
3101 3845 3351 3908 ἔκϐασις,
3410 3846 3476 3915 ἣν
3510 3845 3573 3917 δὴ
3635 3847 3736 3897 καὶ

2169 3940 2384 3993 πάντων
2414 3939 2441 3989 ὁ
2465 3938 2571 3988 τῶν
2606 3937 2776 4003 ἁγίων
2823 3938 2983 4007 χορὸς
3019 3938 3210 4005 πόρρω
3261 3956 3362 3991 που
3398 3940 3581 4008 ῥίπτει
3638 3939 3737 3990 καὶ

2167 4032 2576 4100 ἀποπέμπεται.
2606 4030 2760 4090 Τίνος
2795 4030 3014 4094 ἕνεκενς
3047 4030 3169 4083 Ὅτι
3198 4029 3331 4084 πολὺ
3359 4031 3457 4100 μὲν
3477 4031 3536 4083 τὸ
3564 4031 3733 4099 ἀνόη-

2165 4139 2256 4174 τον
2296 4124 2585 4190 κέκτηται,
2625 4119 3031 4175 πολλαπλάσιον
3069 4120 3123 4174 δὲ
3154 4121 3214 4174 τὸ
3240 4120 3457 4185 ἀσεϐὲς,
3485 4122 3557 4184 ὼ,
3588 4123 3616 4175 ὁ
3637 4124 3733 4193 μὲ-

2166 4228 2265 4280 γας
2297 4210 2429 4279 φησὶ
2464 4209 2761 4272 Βασίλειος.

567 4401 893 4455 Naturaliter
924 4393 1162 4468 quidem,
1199 4415 1298 4453 cett
1332 4400 1588 4462 diximus,
1640 4398 1924 4470 gubernari
1974 4413 2059 4453 re-

2236 4391 2485 4455 Φυσικῶς
2512 4392 2610 4461 μὲν
2645 4386 2758 4455 οῦν,
2787 4389 2860 4467 ὡς
2884 4390 3227 4460 προείρηται,
3274 4387 3369 4442 καὶ
3414 4388 3738 4443 διοικεῖσθαι

494 4495 653 4564 gique
678 4509 877 4563 corpus
912 4503 1158 4546 nostrum
1200 4493 1312 4560 ipse
1346 4507 1526 4544 rerum
1563 4491 1826 4545 Dominus
1859 4489 2059 4553 voluit;

496 4589 701 4656 absque
732 4600 838 4654 quo
865 4585 1025 4647 foret,
1057 4598 1158 4637 nec
1193 4598 1316 4637 acre
1348 4598 1484 4650 puro
1515 4598 1618 4635 nec
1666 4581 1854 4650 aequis
1884 4581 2058 4651 pellu-

494 4682 629 4733 cidis
665 4695 766 4732 nec
790 4678 911 4731 loco
950 4675 1152 4729 salubri
1189 4690 1289 4727 nec
1330 4674 1560 4742 sumptis
1606 4688 1700 4741 per
1730 4675 1879 4727 vices
1905 4688 2062 4726 escu-

496 4773 655 4825 lentis
685 4785 746 4822 ac
776 4766 1085 4837 poculentis
1136 4765 1247 4817 vita
1302 4774 1487 4818 nostra
1546 4764 1829 4832 indigeret.
1866 4762 2057 4815 Enim-

494 4879 645 4926 vero,
677 4864 839 4914 chare
894 4858 991 4922 ﬁli,
1037 4856 1116 4909 fac
1144 4857 1381 4909 divinam
1430 4854 1563 4908 mihi
1608 4854 1928 4923 sapientiam
1973 4854 2058 4904 ius

493 4964 701 5011 tueare,
731 4946 997 5015 siquidem
1026 4942 1278 4996 nonnihil
1326 4942 1392 4996 de
1437 4957 1616 4995 rerum
1658 4950 1848 4994 natura
1902 4941 2060 4994 nobis

488 5054 571 5097 est
606 5038 1103 5094 commentandum.
1133 5035 1348 5089 Etenim
1376 5048 1443 5088 ne
1475 5034 1704 5088 maxime
1734 5032 2060 5101 principales

494 5131 928 5198 necessariaeque
960 5129 1203 5198 corporis
1248 5127 1419 5181 nostri
1464 5134 1649 5194 partes
1678 5125 1961 5199 quibusvis
1990 5123 2060 5177 de

493 5222 673 5277 causis
691 5220 1033 5284 laederentur,
1066 5227 1513 5287 caputnosmtm,
1532 5216 1603 5271 uti
1630 5216 1772 5285 quod
1786 5216 2067 5270 cerebrum

494 5313 863 5380 continetquo
882 5312 985 5366 vita
1010 5319 1189 5363 nostra
1224 5318 1330 5360 tota
1359 5307 1701 5371 nititur,tuiu
1727 5305 1937 5375 eapdlis
1958 5316 2067 5359 tttm

493 5406 713 5461 ossibus
747 5414 940 5473 praeter
977 5402 1095 5455 illos
1117 5398 1307 5454 solidis
1326 5400 1591 5466 durisque
1619 5398 1873 5452 munivit.
1903 5399 2067 5452 (Iere-

496 5500 655 5553 hrum
688 5498 866 5567 ipsum
900 5509 1094 5549 natura
1146 5505 1391 5549 tenerum
1442 5491 1588 5556 fecit,
1625 5492 2065 5561 quandoquidem

592 5673 702 5738 (ει)
779 5671 913 5726 Ἐπί
978 5688 1078 5725 τε.
1351 5665 1657 5734 λέγουσιν.
1732 5666 1809 5719 Ex
1874 5667 1933 5720 ν.
1993 5674 2049 5719 et
2103 5666 2161 5719 ι’.

2166 4486 2227 4537 τὸ
2253 4486 2521 4556 ἡμέτερον
2565 4483 2723 4552 σῶμα
2783 4483 2873 4534 καὶ
2912 4481 3257 4549 διεξάγεσθαι
3316 4480 3738 4550 συγκεχώρηται

2168 4578 2385 4639 πάντως
2416 4576 2547 4645 παρ’
2579 4575 2743 4628 αὑτοῦ
2775 4575 2865 4627 τοῦ
2903 4575 3173 4627 Δεσπὸτου
3236 4575 3333 4644 τῆς
3373 4574 3609 4641 φύσεως.
3669 4571 3736 4624 Ei

2171 4670 2246 4738 μὴ
2270 4672 2378 4738 γάρ
2414 4666 2573 4719 τοῦτο
2609 4662 2699 4735 ἦν,
2734 4667 2833 4719 οὑκ
2863 4667 2929 4719 ἂν
2958 4668 2990 4735 ἡ
3024 4666 3120 4737 τῆς
3147 4666 3294 4734 ζωῆς
3338 4665 3496 4734 ἡμῶν
3528 4662 3734 4716 σύστα-

2171 4778 2254 4821 σις
2294 4760 2389 4811 καὶ
2428 4760 2591 4827 ἀέρος
2616 4759 2816 4828 ἔχρῃζε
2851 4757 3100 4827 καθαροῦ
3140 4758 3235 4809 καὶ
3277 4756 3487 4809 ὑδάτων
3516 4752 3735 4806 διειδῶν

2166 4851 2331 4904 τόπου
2374 4869 2432 4903 τε
2459 4850 2698 4917 ὑγιεινοῦ
2762 4851 2853 4902 καὶ
2889 4849 3243 4920 καταλλήλων
3271 4849 3534 4908 ὡσαύτως
3591 4845 3737 4913 βρω-

2167 4940 2275 4993 τῶν
2311 4943 2404 4993 καὶ
2471 4940 2668 4993 ποτῶν.
2715 4939 2853 4992 Ἀλλ’
2888 4940 2990 5010 ὅρα
3024 4940 3123 5009 τὴν
3161 4936 3254 4992 τοῦ
3313 4937 3450 4991 θεοῦ
3513 4936 3731 5003 σοφίαν,

2166 5035 2440 5103 ἀγαπητὲ,
2479 5034 2614 5102 εἴγε
2666 5034 2758 5085 καὶ
2818 5034 3171 5101 φυσιολογίας
3226 5032 3421 5102 μικρὸν
3462 5030 3732 5101 ἅψασθαι.

2170 5130 2284 5181 Ἵνα
2316 5128 2423 5198 γὰρ
2466 5126 2540 5196 μὴ
2600 5128 2667 5179 τὰ
2739 5124 3081 5195 καιριώτατα
3127 5126 3221 5177 τοῦ
3284 5125 3535 5194 σώματος
3573 5123 3736 5192 ἡμῶν

2170 5223 2334 5289 μόρια
2389 5219 2482 5272 καὶ
2538 5221 2657 5281 ταῖς
2728 5217 3023 5286 τυχούσαις
3085 5216 3386 5287 προφάσεσι
3461 5214 3734 5267 καταϐλάο

2170 5329 2434 5375 πτωνται,
2478 5310 2857 5377 πολυτρόπως,
2896 5310 2970 5373 ώς
3005 5309 3364 5380 προείπομεν,
3400 5308 3491 5360 καὶ
3522 5308 3739 5359 πολυει-

2164 5405 2265 5464 δῶς
2308 5402 2664 5471 ἠσφαλίσατο.
2711 5401 2915 5454 Αὐτίκα
2952 5403 3060 5471 γὰρ
3102 5403 3199 5471 τὴν
3256 5401 3499 5469 κεφαλὴν
3547 5398 3733 5468 ἡμῶν,

2166 5496 2260 5546 ὅτε
2303 5493 2365 5562 δη
2401 5492 2488 5545 τὶν
2523 5490 2825 5560 ἐγκέφαλον
2853 5492 3015 5544 αὑτὸν
3071 5493 3434 5562 περιέχουσαν
3474 5491 3531 5544 ὲν
3574 5481 3618 5557 ᾧ
3660 5486 3736 5541 τὰ
