4062 6186
1788 44 1825 77 4

315 300 410 363 229

1534 289 1935 351 ANNALIUM
1980 289 2065 349 PA
2080 294 2170 353 RS
2214 295 2258 355 I.

3422 288 3528 354 2-ἓο

310 416 400 483 τῆς
446 411 591 481 ζωῆς
635 408 793 479 ἡμῶν
827 406 1232 479 περιείληπται,
1284 398 1378 459 καὶ
1412 404 1557 477 θριξὶ¹
1617 402 1866 473 κατὼχύ-

1994 406 2186 460 τιιῐιριῑε
2240 406 2487 461 sensibus
2564 405 2908 475 suos'quasi
2969 404 3145 458 fontes
3206 404 3532 473 suppeditat.

311 518 441 573 ρωσε
478 502 574 553 καὶ
616 500 824 560 ὀστέοις
879 497 984 569 πρὸ
1044 496 1248 550 τούτων
1296 494 1567 567 στερροῖς.
1631 494 1864 547 Ἀπαλδν

309 595 415 661 δὲή
453 591 616 660 φύσις
645 589 834 642 τοῦτον
874 588 1157 660 ἐποίησεν,
1200 584 1390 654 ἐπειδὴ
1408 586 1529 646 ταῖς
1574 583 1863 651 αἰσθήσεσι

309 686 500 746 πάσαις
533 683 696 743 αὐτὸς
742 681 973 750 χορηγεῖ
1032 678 1135 739 τάς
1182 676 1392 745 πηγάς.
1421 675 1541 728 ἰνα
1572 674 1629 726 δὲ
1689 672 1764 743 μὴ
1797 673 1863 741 τῇ

278 773 626 844 στερρότητι
691 770 800 823 τῶν
853 768 1029 823 ὀστῶν
1070 762 1529 836 ’συντριϐόμενος
1582 765 1710 833 περὶ
1768 765 1869 831 τὴν

311 867 511 919 οἰκείαν
567 862 876 933 βλάπτηται
941 860 1127 929 φύσιν,
1178 858 1381 920 ἁπαλὸς
1424 858 1516 909 καὶ
1565 858 1693 925 γάρ,
1746 853 1870 906 δυσ).

316 955 560 1023 μήνιγξιν
596 953 759 1006 αὐτὸν
803 951 1119 1021 περιέλαϐε,
1160 951 1255 1003 καὶ
1276 948 1501 1008 ταύταις
1540 948 1638 1015 οὐχ
1659 944 1865 1007 ἁπλῶς,

252 1051 267 1058 ’
316 1047 421 1100 ἀλλ’
444 1046 630 1116 ἁπαλῇ
675 1045 772 1115 μὲν
796 1043 931 1115 οὔσῃ
958 1046 1022 1112 τῇ
1055 1041 1257 1094 ἔσωθεν
1286 1041 1373 1094 διά
1415 1057 1476 1107 γε
1513 1039 1613 1108 τὴν
1644 1037 1738 1089 τοῦ
1781 1039 1873 1103 ἐγ-

314 1139 542 1206 κεφάλου
598 1138 930 1200 ἀνάπαυσιν,
962 1134 1298 1205 στερροτέρα
1353 1132 1409 1183 δὲ
1449 1132 1611 1183 πάλιν
1636 1132 1700 1198 τῇ
1736 1127 1869 1191 ἔξω·

316 1228 417 1293 Θεν,
478 1228 553 1290 ὡς
585 1227 840 1279 ἐντεῦθεν
887 1226 1056 1296 ἄμφω
1105 1221 1516 1292 φυλάττεσθαι*
1579 1218 1719 1271 οὕτω
1777 1217 1873 1286 μὲν

313 1319 518 1375 οὖνκαὶ
544 1320 640 1373 ἐπὶ
663 1320 765 1389 τῆς
821 1318 1057 1387 καρδίας
1110 1316 1361 1383 εποίησε,
1421 1312 1564 1365 καθά
1602 1311 1666 1381 δὴ
1720 1310 1816 1364 καλ⁸
1845 1310 1874 1361 ὀ

312 1412 713 1483 χρυσορρἡων
759 1412 1014 1479 Ἰωάννης
1069 1411 1257 1477 φησὶν,
1323 1407 1532 1466 ὀστέοις
1587 1404 1685 1471 μὲν
1714 1417 1873 1469 περιο

313 1502 621 1565 κυκλώσας,
698 1502 969 1571 παραθεὶς
1030 1500 1086 1552 δὲ
1164 1500 1301 1567 αὐτῇ
1367 1495 1622 1564 καθάπερ
1668 1491 1876 1546 ἁπαλὸν

315 1594 543 1663 στρῶμα
582 1594 675 1646 τὸν
710 1594 1012 1662 πνεύμονα,
1062 1591 1150 1644 ἴνα
1196 1590 1270 1660 μὴ
1305 1592 1371 1659 τῇ
1405 1585 1720 1656 ἀεικινησία
1781 1585 1875 1636 καὶ

316 1683 451 1753 αὕτη
482 1687 599 1744 τοῖς
648 1682 858 1743 ὀστέοις
889 1680 1295 1750 συντρίϐηται.
1348 1677 1509 1732 Ἀλλὰ
1546 1673 1876 1744 πολλαχόθεν

1979 495 2209 549 Rursum
2248 513 2316 551 ne
2350 504 2455 553 tam
2491 502 2675 552 tenera
2714 497 3017 552 substantia
3060 505 3279 564 propter
3326 495 3534 552 ossium

1980 586 2237 641 duritiem
2266 589 2451 645 collisa
2479 591 2623 644 velut
2651 598 2977 643 attereretur
3035 603 3099 641 ac
3148 588 3538 643 detrimentum

1975 688 2214 747 caperet,
2250 681 2462 735 duabus
2513 697 2632 736 eam
2686 682 3018 737 membranis
3058 678 3212 751 115
3258 690 3338 733 est
3392 694 3541 753 com-

1974 770 2154 838 plexa,
2182 770 2354 838 iisque
2381 786 2486 824 non
2522 772 2682 825 unius
2706 772 2946 840 generis,
3000 771 3093 824 sed
3126 770 3387 824 interiore
3416 774 3540 839 qui-

1978 858 2099 912 dem
2164 861 2309 923 molli
2369 861 2436 914 ob
2490 862 2696 914 cerebri
2753 861 3025 927 quietem,
3096 864 3361 915 exteriore
3413 876 3553 923 vero

1956 949 2245 1011 \solidiori,
2278 967 2384 1019 quo
2418 967 2511 1020 per
2545 951 2687 1003 illam
2719 952 3002 1018 utriusque
3039 953 3197 1007 saluti
3228 955 3544 1007 consulere-

1982 1052 2091 1093 tur.
2126 1041 2272 1093 Idem
2326 1042 2377 1093 in
2411 1039 2573 1095 corde
2624 1042 2853 1104 factum,
2903 1043 3111 1095 Joanne
3158 1044 3544 1113 CllrySO>l0lll0

1981 1137 2137 1192 teste,
2166 1129 2305 1199 quod
2333 1129 2546 1183 ossibus
2562 1129 2777 1197 quidem
2800 1131 2967 1181 cinxit
2999 1129 3139 1182 Deus
3166 1144 3179 1191 ;
3210 1130 3301 1181 sed
3344 1129 3546 1181 nihilo-

1982 1219 2163 1272 minus
2224 1219 2437 1286 eidem,
2491 1220 2644 1288 quasi
2701 1229 2940 1277 teneram
2991 1220 3278 1291 quamdam
3342 1229 3545 1279 vestem

1981 1310 2296 1378 Stragulam,
2325 1310 2631 1378 pulmonem
2664 1311 2929 1379 adjunxit,
2961 1326 3026 1361 ne
3052 1319 3106 1361 et
3134 1312 3307 1376 ipsum
3341 1309 3404 1367 ad
3428 1324 3548 1365 ossa

1983 1407 2207 1467 propter
2277 1400 2695 1468 perpetuitatem
2754 1409 2932 1452 motus
2992 1399 3330 1455 alliderctur.
3408 1396 3549 1462 Quill

1988 1488 2121 1543 illud
2151 1491 2337 1554 etiam,
2381 1491 2524 1558 quod
2575 1505 2682 1542 non
2719 1490 3040 1542 continuum
3086 1500 3137 1543 et
3183 1506 3346 1543 unum
3378 1490 3445 1541 sit
3487 1505 3551 1543 os

1985 1595 2092 1647 quo
2131 1581 2412 1635 cerebrum
2446 1582 2664 1651 tegitur,
2721 1582 2813 1635 sed
2844 1582 2992 1634 omni
3045 1597 3108 1633 ex
3154 1596 3304 1655 parte
3336 1592 3552 1637 suturas

1986 1670 2206 1738 habeat,
2245 1688 2404 1741 quam
2441 1674 2698 1743 praeclare
2730 1675 3035 1728 consultum
3086 1675 3305 1726 sanitati
3351 1686 3553 1730 nostras

318 1775 459 1846 ἔχειν
498 1776 677 1846 ῥαφὰς
711 1774 910 1840 πολλῆς
955 1772 1258 1841 ἀσφαλείας
1309 1769 1570 1829 ὑπόθεσις
1595 1783 1633 1799 ⁸-
1659 1762 1881 1834 ἐξατμί-

1994 1766 2074 1825 sit,
2112 1776 2432 1834 argumento
2489 1775 2593 1822 est.
2651 1766 2783 1820 Nam
2839 1782 2936 1836 per
2986 1782 3082 1820 eas
3128 1758 3356 1835 i'apores
3419 1781 3550 1824 suos

316 1866 467 1927 ζεται
499 1863 609 1931 γάρ
668 1861 874 1913 ἐκεῖθεν
933 1858 1117 1925 αὐτὸς,
1170 1856 1311 1909 ὥστε
1346 1855 1422 1926 μὴ
1478 1852 1881 1923 συμπνίγεσθαι

316 1953 415 2006 ὑπὸ
446 1952 562 2004 τῶν
604 1948 1029 2019 ἀναφερομένων
1085 1946 1295 2016 ἀτμῶν.
1356 1944 1547 2014 Πληγή
1606 1957 1668 1995 τε
1716 1940 1769 1992 εί
1796 1955 1883 2001 τις

315 2042 641 2112 ἐπενεχθείη
686 2042 837 2104 ποτὲ,
891 2040 992 2107 οὐχ
1032 2033 1341 2107 ὁλοσχερῶς
1370 2038 1404 2105 ἡ
1437 2032 1879 2104 βλάῦηγίνεταιο

313 2136 360 2188 εί
384 2136 620 2203 μὲνγὰρ
652 2131 710 2185 ἓν
745 2134 837 2193 καὶ
873 2128 1099 2197 συνεχὲς
1150 2124 1219 2197 ἢν
1266 2127 1326 2179 τὸ
1379 2124 1593 2188 ὀστοῦν,
1637 2123 1731 2177 καὶ
1787 2122 1885 2191 μία

317 2226 710 2292 κατενεχθεῖσα
738 2220 921 2293 πληγὴ
952 2220 1013 2273 τὸ
1064 2221 1175 2273 πᾶν
1205 2216 1535 2285 ἐλυμήνατο,
1578 2215 1658 2276 είς
1714 2212 1885 2266 πολλά

314 2314 366 2367 δὲ
394 2315 520 2368 νυνὶ
557 2313 946 2383 διαιρουμένου
987 2308 1248 2378 γενέσθαι
1281 2307 1443 2360 τοῦτο
1475 2307 1694 2368 πάντως
1741 2305 1885 2372 ἀμή-

314 2425 499 2477 χανον.
548 2406 607 2459 Ei
637 2410 744 2474 γάρ
795 2406 891 2458 καὶ
938 2401 1185 2470 συμϐαίη
1237 2399 1514 2470 τρωθῆναι
1576 2396 1739 2467 μέρος
1804 2394 1883 2458 ἓν,

316 2500 536 2567 ἀνάγκη
574 2498 732 2550 πάσα
782 2495 843 2549 τὸ
891 2493 1017 2547 κατ’
1083 2495 1259 2547 ἐκεῖνο
1315 2492 1375 2544 τὸ
1431 2491 1591 2560 μέρος
1638 2489 1887 2555 κείμενον

317 2590 520 2646 ὀστοῦν
557 2586 1071 2659 παραόλάπτεσθαι,
1108 2585 1273 2655 ἀσινῆ
1311 2584 1367 2637 δὲ
1401 2584 1467 2636 τὰ
1495 2582 1657 2635 λοιπά
1711 2583 1891 2634 πάντα

315 2680 800 2751 διαφυλάττεσθαι,
830 2677 922 2731 τοῦ
963 2675 1222 2748 συνεχοῦς
1284 2675 1384 2743 τῆς
1424 2673 1641 2744 πληγῆς
1712 2674 1893 2725 διακο-

323 2774 611 2844 πτομένου
639 2775 705 2842 τῇ
736 2773 842 2824 τῶν
875 2771 1048 2823 ὀστῶν
1087 2771 1372 2839 διαιρέσει.
1412 2768 1548 2837 Περὶ
1571 2767 1628 2818 δὲ
1656 2765 1763 2817 τῶν
1792 2765 1890 2833 τῆς

315 2866 571 2934 κεφαλῆς
607 2862 1037 2933 περιττωμάτων
1104 2862 1157 2915 τί
1191 2863 1298 2932 χρὴ
1332 2862 1426 2915 καὶ
1468 2859 1668 2925 λέγειν,
1722 2857 1778 2908 εἰ
1826 2872 1892 2923 γε

317 2956 419 3016 τὰς
442 2954 726 3024 ἐκκρίσεις
764 2952 964 3018 αὐτῶν,
998 2951 1072 3014 ὡς
1127 2952 1285 3022 ὁρᾷς,
1337 2951 1370 3019 ἡ
1404 2949 1672 3018 ὄσφρησις
1733 2945 1895 2998 πεπί-

321 3062 551 3099 στευται
584 3062 615 3109 ;.
654 3043 871 3112 Ἐπειδὴ
934 3043 1042 3112 γάρ
1096 3044 1221 3104 τοὺς
1250 3043 1497 3096 κάτωθεν
1572 3042 1894 3108 ἀναπεμπο-

319 3135 524 3203 μένους
547 3132 754 3199 ἀτμοὺς
783 3124 858 3191 ὡς
897 3131 1269 3199 ὑπερκειμένη
1303 3130 1443 3197 αὕτη
1497 3128 1590 3181 τοῦ
1635 3128 1887 3196 σώματος

318 3223 690 3294 ὑποδέχεσθαι
734 3220 973 3283 εἴωθεν,
1004 3221 1035 3290 ἡ
1066 3220 1121 3273 δὲ
1150 3220 1357 3272 τούτων
1406 3216 1717 3289 πλημμύρα
1768 3226 1893 3269 πολ-

316 3313 423 3384 λὴν
454 3313 525 3366 ἂν
551 3311 847 3383 εἰργάσατο
879 3309 953 3380 τῷ
982 3310 1267 3379 ἐγκεφάλῳ
1305 3308 1403 3379 τὴν
1419 3306 1619 3377 λώϐην,
1639 3307 1757 3359 οὐδὲ
1774 3308 1894 3358 τού-

318 3421 421 3459 του
480 3404 865 3473 κατημέλησεν
898 3404 1077 3455 δ’τῶν
1140 3402 1393 3455 ἁπάντων
1448 3398 1699 3469 ποιητὴς,
1755 3399 1893 3452 ἀλλὰ

321 3498 535 3566 πόρους
567 3495 721 3557 τινάς
749 3497 807 3545 ὲν
834 3494 949 3555 τοῖς
986 3494 1195 3554 ὀστέοις
1247 3492 1623 3561 ἐργασάμενος
1655 3492 1723 3543 τὰ
1753 3489 1895 3560 ὑγρὰ

321 3588 421 3639 καὶ
458 3586 642 3655 παχέα
687 3584 797 3636 τῶν
837 3585 1273 3653 περιττωμάτων
1330 3583 1426 3634 ἐπὶ
1490 3583 1589 3652 τὴν
1637 3580 1894 3652 ὑπερῴαν

322 3673 423 3727 καὶ
454 3672 585 3732 τοὺς
617 3672 902 3741 μυκτῆρας
930 3670 1205 3740 ὡδήγησε,
1269 3673 1364 3723 καὶ
1398 3669 1492 3723 δύο
1546 3668 1761 3732 τούτοις
1807 3671 1896 3721 ὲκ·-

325 3765 573 3832 κρίσεων
604 3763 867 3831 ἀπένειμε
912 3764 1100 3832 μόρια,
1133 3760 1223 3814 ἵνα
1255 3762 1537 3830 συντόμως
1601 3760 1662 3813 τὸ
1701 3758 1896 3831 piame-

335 3856 428 3925 ρὸν
459 3848 790 3923 ὲκφὸρῆται.
825 3854 897 3907 Τὸ
923 3853 981 3907 δέ
1025 3869 1089 3920 γε
1150 3853 1398 3922 ἀτμῶδες
1438 3852 1763 3922 περίττωμα
1807 3852 1897 3906 διὰ

331 3947 437 3999 τῶν
482 3945 578 3999 τοῦ
647 3945 874 4014 κρανίου
915 3945 1103 4015 ραφῶν
1169 3943 1375 3997 ἀνωθεν
1454 3942 1757 4009 ἐξωθεῖται.
1803 3944 1895 4013 Μὴ

336 4036 589 4108 θαύμαζε
628 4038 683 4091 ετ
720 4054 785 4105 γε
836 4036 1042 4107 ψυχρός
1098 4038 1248 4091 ἐστιν
1294 4040 1323 4091 ὀ
1359 4035 1659 4106 ἐγκέφαλος
1710 4035 1895 4105 φύσει,

334 4132 427 4184 καὶ
456 4132 546 4185 ὅτι
599 4129 827 4200 μείζονα
854 4130 1047 4184 τοῦτον
1102 4132 1131 4184 ὀ
1187 4131 1478 4201 ἄνθρωπος
1537 4129 1570 4200 ἧ
1616 4129 1687 4182 τὰ
1735 4128 1900 4182 λοιπά

336 4222 451 4285 ζῶα
483 4223 778 4291 κέκτηται.
820 4221 931 4294 Τὴν
960 4224 1071 4294 γὰρ
1128 4225 1186 4278 ὲν
1236 4227 1305 4295 τῇ
1338 4223 1539 4295 καρδίᾳ
1591 4220 1901 4295 θερμότητά

336 4328 393 4365 τε
430 4313 528 4392 κα).
554 4312 707 4376 ζέσιν
763 4315 960 4384 χωρεῖν
1007 4312 1101 4365 ἐπὶ
1146 4313 1208 4368 τὸ
1261 4311 1531 4382 εὔκρατον
1571 4312 1819 4369 ἐντεῦθεν
1872 4313 1901 4364 ό

1986 1854 2225 1918 emittit,
2289 1870 2358 1908 ne
2437 1872 2531 1925 per
2606 1856 2806 1909 halitus
2875 1873 3093 1910 sursum
3159 1861 3553 1915 contendentes

1987 1943 2321 2009 suil‘ocetur;
2353 1956 2409 1999 et
2440 1946 2633 2000 eadem
2662 1947 2873 1999 ratione
2907 1949 3286 2015 consequimur
3319 1959 3368 2001 ut
3407 1948 3552 2005 illata

1987 2031 2130 2086 forte
2161 2036 2388 2089 cerebro
2427 2037 2579 2107 plaga
2618 2052 2723 2089 non
2752 2047 2920 2092 totum
2964 2039 3143 2093 laedat.
3171 2040 3380 2109 Quippe
3415 2042 3459 2093 si
3489 2055 3552 2094 os

1988 2123 2305 2178 continuum
2345 2136 2401 2178 et
2432 2141 2598 2178 unum
2634 2126 2794 2192 foret,
2847 2129 2915 2182 ab
2950 2144 3061 2182 uno
3106 2130 3330 2184 vulnere
3380 2140 3552 2185 totum

1987 2211 2301 2269 lmderetur.
2337 2214 2645 2270 Nunc'cum
2698 2218 2750 2271 in
2805 2233 2929 2272 ossa
2983 2221 3139 2290 plura
3193 2220 3426 2281 divisum
3460 2222 3551 2289 sit,

1990 2300 2107 2355 ﬁeri
2164 2302 2269 2357 hoc
2311 2305 2536 2357 omnino
2598 2306 2806 2376 nequit.
2860 2307 2994 2361 Nam
3048 2310 3091 2363 si
3149 2311 3382 2363 maxime
3430 2326 3554 2379 pars

1991 2409 2099 2447 una
2141 2396 2477 2462 vulneretur,
2531 2412 2757 2451 necesse
2809 2408 2896 2452 est
2955 2400 3083 2459 illud
3133 2416 3195 2455 os
3245 2400 3362 2463 lazdi
3411 2402 3556 2470 quod

1992 2484 2081 2537 illa
2113 2481 2194 2538 e'st
2223 2486 2276 2538 in
2305 2496 2455 2555 parte
2488 2487 2676 2554 situm,
2700 2504 2822 2542 cum
2855 2489 3021 2546 illaesa
3051 2500 3241 2545 caetera
3278 2503 3555 2556 maneant,

1992 2578 2237 2631 vulneris
2290 2578 2652 2633 eontinuitate
2674 2596 2769 2649 per
2797 2583 3002 2639 ossium
3030 2581 3347 2636 divisionem
3394 2583 3559 2637 inter-

1994 2676 2171 2735 rupta.
2203 2668 2341 2732 Quid
2373 2669 2439 2722 de
2472 2670 2667 2741 capitis
2697 2672 3061 2726 excrementis
3082 2674 3297 2733 dicam?
3328 2690 3556 2749 quorum

2000 2757 2264 2826 egestioni
2286 2773 2444 2813 nares
2463 2770 2610 2824 sunt,
2632 2763 2707 2813 uti
2735 2761 2909 2824 vides,
2936 2763 3241 2823 destinatae.
3260 2765 3392 2819 Cum
3411 2766 3557 2820 enim

1996 2856 2158 2914 caput
2178 2854 2432 2916 tanquam
2467 2864 2784 2918 supremum
2818 2852 2872 2905 in
2902 2868 3129 2922 corpore
3168 2855 3340 2909 locum
3369 2872 3560 2911 conse.

1996 2950 2181 2991 eutum
2203 2953 2430 3007 vapores
2445 2941 2701 2994 deorsum
2723 2946 3078 2997 ascendentes
3097 2946 3347 3017 excipere
3366 2947 3555 3014 soleat,

1998 3044 2229 3098 quorum
2264 3030 2625 3085 redundantia
2654 3033 2879 3086 cerebro
2914 3033 3206 3102 plurimum
3240 3035 3556 3096 detrimenti

1996 3124 2225 3178 allatura
2259 3134 2395 3189 erat,
2426 3140 2496 3180 ne
2532 3125 2581 3179 id
2615 3127 2833 3195 quidem
2866 3127 3047 3192 epifex
3079 3129 3167 3182 illc
3192 3144 3369 3182 rerum
3392 3132 3559 3201 negli-

1993 3228 2122 3281 gere
2142 3215 2328 3279 voinit,
2362 3216 2455 3269 sed
2491 3216 2814 3284 quibusdam
2838 3219 3107 3273 meatibus
3124 3218 3330 3272 etl‘ectis
3351 3220 3402 3271 in
3427 3221 3559 3289 ipsis

1992 3310 2209 3363 ossibus
2228 3318 2571 3362 excrementa
2596 3309 2813 3363 humida
2844 3317 2899 3363 et
2921 3325 3100 3363 crassa
3146 3309 3202 3363 in
3243 3310 3477 3380 palatum
3497 3327 3560 3370 ac

1995 3416 2155 3453 nares
2198 3401 2445 3463 deduxit,
2481 3415 2617 3470 quas
2656 3401 2798 3467 ipsas
2846 3416 3061 3471 quoque
3104 3402 3237 3457 duas
3267 3404 3321 3457 in
3377 3415 3560 3473 partes

1994 3491 2201 3555 divisit,
2220 3492 2415 3562 quibus
2428 3492 2667 3548 excretio
2684 3492 2794 3557 ﬁat,
2812 3503 2870 3548 ut
2883 3495 3285 3569 compendiaria
3307 3496 3457 3566 quasi
3474 3497 3560 3555 via

1995 3584 2341 3653 breviterque
2362 3587 2522 3639 noxia
2549 3595 2843 3657 egerantur
2874 3595 2929 3641 et
2960 3598 3303 3642 excrementa
3341 3603 3560 3646 sursum

1998 3676 2305 3729 exhalantia
2338 3692 2435 3745 per
2469 3678 2640 3732 cranii
2670 3688 2890 3733 suturas
2942 3694 3156 3732 sursum
3192 3680 3560 3748 expelluntur.

1994 3763 2183 3834 Neque
2226 3767 2435 3820 cerebri
2486 3776 2733 3823 naturam
2781 3784 2902 3823 esse
2952 3769 3202 3840 frigidam
3242 3769 3564 3839 miraberis,

1998 3868 2103 3931 nee
2140 3855 2285 3923 quod
2339 3857 2395 3908 in
2428 3856 2653 3912 bomine
2702 3859 2986 3913 cerebrum
3029 3860 3099 3911 sit
3136 3858 3368 3927 amplius
3398 3874 3563 3927 quam

1999 3945 2055 3999 in
2088 3945 2417 4001 animalibus
2446 3949 2684 4002 caeteris.
2717 3948 2851 4002 Nam
2894 3950 3020 4001 hinc
3054 3946 3219 4001 tradit
3245 3950 3564 4003 Aristoteles

1999 4035 2236 4090 calorem
2264 4035 2748 4103 ebullitionemque
2780 4036 2958 4091 cordis
3007 4038 3443 4105 temperatiorem
3489 4037 3567 4090 ei-

2000 4126 2111 4199 tlei,
2139 4134 2193 4182 et
2241 4126 2418 4197 ipsum
2468 4127 2754 4183 cerebrum
2794 4136 3020 4197 propter
3062 4129 3301 4182 calorem
3348 4142 3563 4183 sursum

2006 4220 2325 4276 tendentem
2378 4234 2489 4274 non
2542 4218 2775 4274 nimium
2815 4218 3200 4274 etl‘ervesrere.
3251 4218 3403 4286 Quod
3428 4234 3565 4275 sane

2004 4312 2049 4367 si
2083 4311 2259 4380 ﬁeret,
2287 4326 2396 4366 non
2432 4326 2625 4380 parum
2656 4310 2974 4365 eﬂ‘ectiones
3004 4312 3122 4379 ejus
3154 4311 3565 4381 impedirentur.

347 4403 732 4476 Ἀριστοτέλης
776 4406 963 4473 φησὶν,
1026 4403 1190 4458 αὐτὸν
1221 4402 1278 4456 δὲ
1336 4400 1403 4458 αὖ
1437 4404 1527 4458 τὸν
1600 4402 1888 4472 ἐγκέφαλοι

2007 4402 2185 4472 Atque
2209 4403 2314 4458 hoc
2350 4403 2470 4456 loco
2494 4411 2731 4455 mentem
2759 4401 2893 4455 mihi
2928 4402 3086 4455 velim
3119 4403 3397 4459 adhibeas.
3429 4404 3566 4469 Quia

341 4496 415 4565 μὴ
446 4494 997 4565 ὑπερθερμαίνεσθαι
1022 4499 1092 4565 ,τῇ
1134 4496 1524 4565 ἀναφερομένη
1577 4495 1894 4566 θερμότητι.

338 4587 480 4656 Ὅρα
515 4588 573 4640 δὲ
598 4588 866 4656 νουνεχῶς
894 4602 910 4618 ο
948 4587 1135 4656 ἐπειδὴ
1176 4588 1283 4657 γὰρ
1314 4589 1590 4657 ἡτοιαύτη
1627 4587 1902 4657 θερμότης

341 4679 543 4746 μείζων
574 4679 712 4740 ἐστὶ,
744 4676 945 4745 μείζων
990 4677 1098 4745 ἄρα
1144 4678 1239 4732 καὶ
1276 4679 1309 4747 ἠ
1336 4677 1395 4743 ὲξ
1445 4677 1747 4745 ἐγκεφάλου
1800 4678 1902 4746 ψυ-

254 4804 255 4807 η
338 4769 543 4840 χρότης
579 4785 642 4820 τε
696 4768 832 4836 ὁμοῦ
873 4773 963 4824 καὶ
1011 4768 1243 4838 ὑγρότης
1279 4769 1605 4832 ἀντίκειται,
1635 4764 1702 4839 ἧς
1737 4769 1900 4837 ὑγρό-

337 4875 499 4931 τητος
522 4860 689 4913 ἕνεκα
722 4860 820 4912 καὶ
858 4859 1151 4931 ὀψιαίτατα
1200 4859 1476 4929 πήγνυται
1533 4859 1596 4911 τὸ
1624 4865 1753 4929 περὶ
1800 4862 1899 4928 τὴν

337 4952 583 5023 κεφαλὴν
607 4952 825 5018 ὀστοῦν,
854 4952 883 5007 δ
938 4952 1003 5024 δὴ
1052 4952 1147 5007 καὶ
1210 4951 1424 5023 βρέγμα
1462 4950 1688 5008 καλοῦσί
1728 4968 1895 5013 τινες.

339 5042 500 5098 Ἀλλά
529 5044 627 5101 καὶ
658 5044 837 5114 ῥαφὰς
869 5044 1090 5110 πλείους
1120 5042 1148 5094 ὀ
1176 5043 1460 5113 ἄνθρωπος
1490 5042 1775 5111 κέκτηται,
1807 5043 1900 5097 καὶ

341 5133 547 5200 μᾶλλον
578 5134 605 5185 ὁ
636 5135 795 5205 ἀνήρ.
831 5133 986 5195 Τίνος
1020 5134 1250 5198 ἒνεκενς
1309 5133 1433 5185 Ὅτι
1494 5133 1587 5190 καὶ
1636 5134 1837 5188 πλείων
1874 5138 1904 5189 ὀ

338 5224 643 5292 ἐγκέφαλος
700 5225 847 5294 αὐτῷ
888 5226 1203 5293 πρόσεστιν·
1238 5226 1325 5281 ἴνα
1388 5226 1518 5292 γοῦν
1586 5226 1825 5295 ἔμπνους
1874 5231 1902 5280 ό

341 5314 503 5377 τόπος
535 5310 593 5387 ᾖ,
630 5316 894 5367 πλειόνων
927 5316 955 5367 ό
987 5316 1124 5383 ἀνὴρ
1154 5314 1348 5382 ἐδεήθη
1397 5314 1606 5383 ραφῶν.
1642 5315 1752 5367 Καὶ
1809 5314 1903 5384 ξη-

342 5405 431 5471 ρὸς
467 5406 618 5473 μὲνό
661 5404 901 5466 τοιοῦτος
931 5408 1025 5456 καὶ
1057 5405 1347 5474 ἁπέριττος
1394 5405 1468 5458 ὢν
1511 5408 1733 5460 συνετόν
1783 5414 1903 5461 τινα

340 5498 485 5548 ποιεί
512 5497 608 5547 καὶ
641 5497 924 5562 νηφάλιον,
960 5494 1233 5563 κάθυγρος
1263 5496 1319 5549 δὲ
1351 5495 1425 5549 ὢν
1450 5499 1704 5550 τάναντία
1735 5503 1898 5563 ποιεῖ,

339 5586 547 5655 νωθρὸν
571 5585 812 5656 δηλονότι
832 5587 926 5639 καὶ
942 5586 1159 5656 ὑπνώδη
1194 5590 1287 5640 καὶ
1317 5590 1580 5660 ῥᾴθυμον.
1615 5592 1723 5645 Καὶ
1744 5593 1904 5660 πρόσο

340 5687 486 5743 σχες,
508 5675 557 5726 εἰ
584 5672 784 5743 βούλει,
805 5674 881 5744 τῷ
915 5671 1413 5747 σοφιρἭρακλείτῳ
1430 5692 1446 5708 ·
1473 5676 1737 5749 ξηροτέρη
1761 5680 1902 5752 ψυχὴ

2008 4509 2238 4563 magnus
2281 4502 2363 4548 est
2408 4494 2593 4548 cordis
2625 4494 2796 4557 calor,
2856 4494 3061 4549 idcirco
3089 4498 3249 4551 etiam
3281 4496 3453 4565 major
3489 4497 3563 4550 illi

2007 4585 2277 4655 frigiditas
2325 4578 2534 4641 cerebri
2572 4595 2626 4640 et
2681 4586 2979 4641 bumiditas
3034 4588 3362 4657 Opponitur;
3413 4588 3567 4659 cujus

2008 4675 2350 4732 humiditatis
2384 4692 2550 4731 causa
2579 4691 2840 4746 perquam
2883 4691 3009 4731 sero
3057 4676 3251 4745 capitis
3277 4692 3338 4732 os
3369 4692 3566 4731 conso-

2008 4766 2233 4833 lidatur,
2278 4769 2421 4837 qttod
2461 4769 2679 4839 bregma
2722 4768 2969 4823 nonnulli
3013 4778 3232 4823 vocant.
3258 4770 3325 4823 Et
3355 4782 3570 4824 suturas

2009 4862 2226 4928 capitis,
2283 4876 2383 4915 ceu
2413 4861 2675 4927 diximus,
2708 4862 2872 4914 homo
2907 4861 3087 4930 plures
3128 4860 3314 4928 habet,
3347 4876 3572 4928 praeser-

2011 4952 2217 5021 timque
2249 4953 2348 5008 vir.
2392 4952 2757 5018 Quamobrem
2796 4954 2982 5008 istuc?
3025 4952 3162 5019 Quia
3196 4954 3480 5011 cerebrum
3513 4958 3567 5011 in

2010 5057 2075 5098 eo
2119 5058 2335 5114 quoque
2380 5045 2558 5114 majus
2594 5052 2697 5102 est.
2736 5044 2802 5103 Ut
2845 5045 3012 5115 igitur
3054 5045 3348 5101 bicolocus
3383 5045 3574 5103 fetoris

2011 5150 2206 5203 expers
2239 5144 2384 5190 esset
2435 5138 2686 5200 tiiaxime,
2716 5135 2799 5189 vir
2842 5137 3091 5206 pluribus
3139 5137 3343 5191 suturis
3381 5138 3577 5206 egebat

2013 5240 2111 5292 pro
2172 5224 2344 5292 ipsius
2399 5225 2656 5281 nimirum
2717 5226 2929 5282 cerebri
2979 5226 3362 5297 amplitudine-
3416 5226 3576 5294 116

2011 5314 2212 5381 Quodsi
2240 5316 2526 5371 cerebrum
2561 5316 2683 5401 quis
2707 5317 2907 5371 siceum
2941 5319 3270 5389 minimeque
3295 5327 3571 5389 gravatum

2010 5406 2078 5459 ab
2115 5406 2479 5461 excrementis
2536 5407 2765 5475 habeat,
2827 5410 3067 5477 prudens
3136 5420 3299 5481 atquc
3357 5408 3573 5461 sobrius

2011 5498 2209 5563 evadit,
2248 5514 2369 5551 eum
2401 5499 2646 5568 ejusdem
2703 5502 2997 5556 humiditas
3044 5502 3378 5556 contrarium
3418 5497 3574 5566 quid-

2011 5591 2379 5658 dametliciat,
2435 5594 2711 5650 hominem
2757 5597 3010 5651 videlicet
3050 5594 3317 5658 desidem,
3349 5605 3570 5646 somuoo

2011 5682 2241 5749 lentum,
2275 5682 2548 5757 ignavum.
2583 5684 2734 5741 Licet
2767 5687 2872 5740 hoc
2898 5687 2964 5739 de
3007 5683 3265 5756 sapientis
3310 5682 3568 5744 Heracliti
