4062 6186
479 253 583 321 231

1742 254 2157 341 menaeus
2196 256 2453 318 omne

3597 250 3732 363 232‘

477 372 660 427 verbis
698 372 993 444 intelligas,
1035 372 1124 440 qui
1179 359 1419 425 animam
1449 370 1730 425 sicciorem
1760 372 1892 427 dixit
1920 387 2039 429 esse

2147 373 2453 444 σοφωτέρη.
2512 371 2634 426 Ἐπὶ
2685 371 2791 443 γὰρ
2833 371 2938 424 τῶν
2993 368 3173 440 ὑγρῶν
3227 365 3701 434 κατακλυζόμενον

479 464 884 534 sapientiorem.
940 460 1072 516 Nam
1127 463 1180 515 in
1226 462 1464 516 cerebris
1521 462 1755 516 humidis
1814 463 2040 531 spiritus

476 557 730 611 animalis
767 555 933 610 veluti
978 555 1318 617 submersus,
1346 563 1405 609 ut
1433 564 1485 608 et
1513 557 1567 609 in
1614 554 1829 607 feminis
1858 564 1937 609 est
1960 556 2042 609 vi-

476 648 625 711 dere,
660 646 1067 715 praclarissime
1122 661 1250 700 suas
1283 644 1602 699 eﬂ‘ectioncs
1628 646 1908 703 absolvere
1944 660 2037 699 ne-

476 738 617 806 quit.
644 738 849 791 idcirco
876 736 1091 789 divinus
1126 736 1213 789 ille
1262 737 1496 806 Cyrillus
1531 752 1715 790 sexum
1747 736 2039 791 femineum

480 828 698 882 dimidia
734 838 886 895 parte
931 827 1177 880 virorum
1227 827 1391 880 indoli
1438 828 1632 881 cedere
1676 827 1832 882 dixit.
1866 828 2042 895 Atque

479 921 590 972 haec
630 917 696 969 de
743 928 884 971 statu
928 918 1346 986 conditioncque
1391 917 1603 971 cerebri
1632 918 1857 971 naturali
1898 919 2040 973 dicta

474 1017 657 1062 sunto.
689 1009 822 1061 Cum
853 1017 1032 1060 autem
1076 1008 1194 1074 plus
1219 1023 1373 1076 ωηυο
1414 1008 1686 1071 siccescit,
1711 1023 1931 1062 necesse
1957 1020 2041 1064 est

475 1099 756 1152 hominem
791 1099 910 1151 laedi
944 1110 997 1151 ct
1033 1097 1216 1167 affligi.
1247 1097 1378 1151 Nam
1411 1100 1760 1152 vehementes
1790 1098 2037 1166 quzedam

477 1192 894 1257 ten-iperatnenti
923 1189 1051 1259 justi
1078 1190 1512 1258 perturbationes
1546 1190 1776 1259 partium
1799 1190 2036 1257 ipsarum

476 1281 791 1335 ell'ectiones
845 1280 996 1349 quasi
1051 1280 1341 1334 retundere
1388 1292 1812 1336 consueverunt.
1852 1281 2039 1350 Itaque

476 1373 595 1429 ﬁeri
626 1372 947 1440 plerumque
975 1371 1136 1434 solet,
1170 1384 1226 1423 ut
1257 1372 1340 1425 vel
1369 1372 1574 1440 jejunia
1608 1372 1692 1426 vel
1714 1372 1907 1442 vigilite
1944 1388 2041 1427 na-

475 1464 705 1517 turalem
769 1460 979 1516 cerebri
1033 1463 1326 1517 siccitatem
1374 1465 1498 1531 plus
1562 1478 1718 1533 aequo
1780 1464 2041 1534 augentes

476 1554 786 1624 bujusmodi
818 1555 1036 1606 morbos
1098 1554 1338 1625 gignant.
1387 1554 1589 1623 Estque
1622 1565 1902 1623 propterea
1945 1569 2040 1609 ne-

468 1647 774 1699 cessarium
815 1651 873 1697 ut
906 1642 1157 1699 homines
1201 1643 1256 1695 in
1285 1643 1428 1696 hunc
1468 1645 1689 1697 modum
1726 1643 1903 1699 allecti
1954 1644 2038 1698 vi-

2140 466 2307 520 οίονεὶ
2337 465 2395 518 τὸ
2417 465 2646 535 ψυχικὸν
2677 464 2913 532 πνεῦμα,
2949 460 3202 527 καθάπερ
3229 458 3324 510 καὶ
3347 458 3438 510 ἐπὶ
3473 456 3580 508 τῶν
3606 473 3702 523 γυ-

2140 557 2343 612 ναικῶν
2391 557 2538 609 ἐστιν
2588 554 2734 618 ίδεῖν,
2780 553 3023 621 ἐνεργεῖν
3058 550 3297 621 ἀρίστως
3340 548 3399 600 οὑ
3450 547 3699 601 δύναται.

2140 648 2298 702 Κατὰ
2336 648 2444 717 γὰρ
2474 645 2633 699 τοῦτο
2655 646 2749 698 καὶ
2774 646 2871 714 τῆς
2890 644 2995 697 τῶν
3021 642 3232 712 ἀνδρῶν
3270 640 3497 707 εὐφυῖας
3525 640 3621 717 καὶ
3644 638 3704 704 ἐξ

2140 712 2837 811 ἡμισείαςνάπολείπεσθαι-
2868 736 2928 789 τὸ
2977 733 3108 804 θῆλύ
3154 748 3319 800 φησιν
3353 731 3381 782 ὁ
3430 712 3703 794 θειότατος

2142 831 2429 902 Κύριλλος.
2468 832 2571 882 Καὶ
2600 830 2740 883 οὕτω
2764 828 2860 899 μὲν
2889 828 2917 879 ό
2949 828 3106 893 λόγος
3137 825 3265 892 περὶ
3292 824 3400 876 τῶν
3430 823 3571 875 κατὰ
3599 821 3702 890 φύ-

2143 941 2227 976 σιν
2265 923 2497 991 ὲχόντων
2537 920 2812 985 διέξεισιν.
2847 916 3042 970 Ἦνίκα
3083 916 3137 968 δὲ
3180 914 3467 984 ξηρότερος
3507 911 3702 964 ἑαυτοῦ

2141 1016 2232 1073 καὶ
2258 1016 2417 1067 πλέον
2454 1011 2549 1065 τοῦ
2586 1012 2797 1072 δέοντος
2832 1012 2859 1062 ὀ
2892 1007 3191 1077 ἐγκέφαλος
3226 1005 3474 1074 γένηται,
3521 1020 3700 1071 παρα-

2140 1108 2322 1163 παίειν
2360 1105 2419 1170 ὲξ
2453 1106 2695 1173 ἀνάγκης
2727 1103 2874 1155 ποιεῖ
2903 1101 2995 1154 τὸν
3032 1100 3338 1169 ἄνθρωπον.
3369 1098 3433 1150 Αἰ
3466 1094 3700 1165 μεγὰλιι

2138 1201 2247 1269 γὰρ
2285 1196 2606 1267 δυσκρασίαι
2656 1196 2755 1259 τὰς
2795 1194 3075 1267 ἐνεργείας
3103 1192 3214 1245 τῶν
3259 1189 3463 1261 μορίων
3496 1186 3703 1257 ἀμϐώ-

2138 1309 2250 1347 νειν
2278 1286 2725 1343 είώθασιν.”Οθεν
2750 1288 2783 1356 ἡ
2810 1270 2994 1340 ἀσιτία
3026 1283 3309 1345 πολλάκις,
3346 1282 3431 1334 ναὶ
3472 1283 3582 1349 μὴν
3606 1280 3701 1332 καὶ

2139 1385 2174 1450 ὴ
2210 1381 2509 1450 ἀγρυπνία,
2543 1381 2641 1447 τὴν
2682 1378 2824 1431 κατὰ
2856 1374 3017 1444 φύσιν
3048 1372 3436 1427 ὲπεκτείνουσα
3469 1373 3561 1423 τοῦ
3608 1372 3699 1437 ὲγ-

2140 1472 2380 1539 κεφάλου
2436 1469 2730 1538 ξηρότητα,
2771 1469 2942 1521 ποιεῖν
2974 1464 3130 1517 εἴωθε
3183 1462 3407 1517 τοιαῦτα
3444 1460 3693 1532 συμπτώ-

2144 1580 2312 1635 ματα.
2341 1564 2498 1616 Κατὰ
2528 1561 2637 1630 γὰρ
2663 1560 2822 1612 τοῦτο
2851 1558 2945 1612 καὶ
2976 1557 3249 1626 ὑγροτέρᾳ
3278 1554 3458 1626 διαίτῃ
3498 1552 3699 1622 κεχρῇ-

2143 1653 2269 1707 σθαι
2303 1652 2429 1714 τοὺς
2454 1649 2597 1703 οὑτω
2623 1646 2971 1708 διατεθέντας
2995 1645 3307 1712 ἐπάναγκες
3326 1659 3341 1676 ο
3380 1644 3446 1695 τὰ
3473 1643 3581 1711 γὰρ
3611 1642 3699 1694 διὰ

474 1747 595 1789 ctus
629 1736 840 1788 ratione
864 1734 1139 1803 aliquanto
1175 1734 1485 1788 bumidinre
1509 1741 1749 1799 utantur;
1778 1749 1901 1787 nam
1930 1735 2033 1788 orti

2141 1711 2582 1813 ﬁqumtandeq
2607 1742 2674 1810 τῇ
2706 1737 2963 1808 ὑγρότητι
2988 1711 3378 1805 θεραπεύονται
3400 1734 3536 1804 (25).
3584 1732 3701 1784 Ψυ-

472 1830 540 1882 de
571 1829 816 1883 siccitate
845 1829 1019 1882 morbi
1050 1844 1145 1897 per
1174 1828 1553 1882 ltumiditatern
1586 1837 1865 1883 curantur.
1900 1828 2038 1882 Rur-

470 1938 592 1978 sum
617 1922 659 1975 si
693 1937 754 1975 ex
782 1922 969 1975 morbo
991 1920 1222 1989 quodam
1251 1920 1369 1988 plus
1387 1936 1541 1989 aequo
1563 1920 1631 1975 sit
1649 1920 1927 1974 humidum
1950 1935 2039 1974 ce-

465 2016 709 2079 rebrum,
737 2012 998 2082 subsequi
1036 2027 1218 2065 rerum
1256 2010 1460 2065 oblivio
1489 2020 1541 2064 et
1569 2010 1856 2065 infatuatio
1891 2026 2037 2080 quae-

465 2108 589 2162 dam
626 2106 785 2170 solet,
818 2121 992 2175 eaque
1029 2112 1173 2160 tanta
1203 2113 1263 2157 ut
1288 2117 1661 2172 saepenumero
1691 2111 1797 2157 tam
1834 2104 2032 2159 artium

466 2211 630 2265 quam
662 2196 966 2249 litterarum
1000 2195 1194 2261 suique
1228 2194 1363 2248 adeo
1398 2194 1636 2248 nominis
1678 2192 1840 2247 homo
1875 2209 2033 2264 pror-

464 2300 558 2341 sus
590 2283 961 2338 obliviscatur.
996 2282 1196 2337 Tribus
1231 2282 1487 2335 nimirum
1519 2268 1853 2336 membranis
1882 2296 2037 2337 cere-

462 2376 622 2431 brum
653 2372 1024 2445 distinguitur,
1065 2388 1129 2426 ac
1164 2371 1499 2427 ventriculus
1530 2372 1747 2441 quidem
1791 2372 1905 2440 ejus
1931 2388 2031 2426 an-

462 2467 631 2522 terior
696 2464 968 2519 facultatis
1028 2463 1379 2519 informantis
1445 2474 1500 2519 et
1555 2465 1903 2537 imaginantis
1952 2474 2034 2520 est

463 2559 885 2613 instrumentum
920 2596 935 2622 ,
996 2555 1206 2611 medius
1255 2571 1383 2610 vero
1417 2557 1735 2627 cogitantis,
1791 2557 2032 2626 posticus

464 2647 703 2715 denique
758 2644 1117 2699 recordantis.
1150 2642 1361 2699 Etenim
1406 2644 1583 2713 primo
1631 2660 1742 2699 rem
1774 2645 1911 2699 hanc
1939 2656 2034 2704 aut

436 2722 609 2789 'illam
637 2734 1024 2791 informatione
1058 2736 1287 2807 quadam
1311 2735 1689 2805 concipimus;
1732 2734 1929 2790 deinde
1964 2736 2032 2793 de

464 2827 760 2881 informata
805 2827 1167 2894 rationamur,
1199 2826 1331 2896 quid
1367 2836 1421 2881 et
1442 2828 1739 2897 quotuplex
1770 2842 1800 2881 a
1838 2837 2032 2885 natura

457 2919 548 2987 sit,
575 2927 739 2988 atque
768 2919 839 2972 ita
870 2919 925 2972 in
965 2919 1284 2973 memoriam
1315 2919 1528 2974 tandem
1550 2920 1920 2974 recondimus.
1962 2919 2031 2979 Ει

460 3010 578 3064 haec
608 3003 830 3080 quidem
864 3009 1180 3079 accipienda
1212 3010 1278 3064 de
1306 3010 1372 3065 iis
1395 3020 1522 3066 sunt
1550 3012 1641 3079 qui
1682 3022 1829 3065 recte
1851 3010 2029 3069 allecti

458 3110 587 3156 sunt
625 3111 788 3172 atque
820 3102 961 3156 sani.
991 3101 1193 3168 Quodsi
1227 3102 1310 3157 vel
1360 3116 1526 3157 unum
1577 3102 1779 3169 aliquid
1830 3103 2027 3156 borum

457 3192 650 3246 morbo
709 3193 939 3267 quodam
1000 3208 1328 3263 quocunque
1382 3201 1540 3262 pacto
1577 3194 1861 3259 afﬁciatur,
1897 3186 2026 3248 tunc

456 3281 579 3345 ejus
604 3284 774 3352 partis
807 3283 1019 3336 ratione
1062 3283 1242 3337 anima
1287 3299 1425 3352 pure
1455 3286 1645 3351 nequit
1668 3288 1853 3337 edicax
1881 3298 2021 3339 esse.

454 3369 580 3423 Haec
612 3369 726 3436 tibi,
762 3370 957 3424 dilecte
983 3372 1078 3435 liii,
1113 3355 1386 3425 monendo
1406 3372 1658 3440 subjieio,
1689 3388 1757 3426 ne
1784 3372 2022 3427 siderum

453 3459 598 3515 inter
620 3475 678 3514 se
709 3459 1170 3516 conformationes
1208 3471 1263 3516 et
1306 3473 1563 3531 aspectus
1602 3464 1869 3532 causeris,
1891 3479 2017 3519 cum

452 3551 787 3608 naturalibus
826 3552 1133 3623 hujusmodi
1162 3553 1408 3623 quaedam
1447 3555 1750 3611 rationibus
1786 3556 2004 3612 evenire

455 3645 861 3699 consueverint.

2139 1838 2400 1909 χρότερος
2428 1834 2482 1886 δὲ
2510 1831 2671 1885 πάλιν
2715 1829 2908 1882 ἑαυτοῦ
2940 1828 3027 1882 διά
3055 1844 3178 1883 τινα
3208 1832 3357 1880 νόσον
3409 1828 3640 1894 γεγονὼς,
3670 1824 3697 1875 ό

2135 1928 2436 1997 ἐγκέφαλος
2485 1924 2582 1979 καὶ
2620 1923 2790 1994 λήθην
2836 1922 3032 1988 ἐπάγει
3086 1920 3181 1974 καὶ
3230 1918 3510 1992 μώρωσιν,
3557 1915 3698 1970 κατὰ

2134 2020 2386 2074 τοσοῦτον
2438 2016 2494 2068 δὲ
2535 2012 2674 2068 ὥστε
2725 2014 2821 2067 καὶ
2853 2012 3056 2083 τεχνῶν
3103 2013 3197 2065 καὶ
3227 2009 3569 2081 γραμμάτων
3602 2008 3697 2060 καὶ

2134 2110 2229 2164 τοῦ
2264 2108 2527 2176 ὀνόματος
2555 2103 2819 2166 πολλάκις
2854 2100 3019 2155 αὑτοῦ
3055 2099 3193 2170 μετὰ
3224 2099 3321 2166 τὴν
3353 2097 3540 2163 ὑγείαν
3580 2097 3699 2147 ἐπι-

2133 2196 2389 2267 λελῆσθαι
2425 2196 2515 2248 τὸν
2551 2193 2860 2262 ἄνθρωπον.
2892 2190 3051 2261 Τρισὶ
3090 2187 3186 2242 καὶ
3228 2188 3335 2256 γάρ
3379 2185 3542 2254 ὑμέσι
3582 2181 3699 2253 διῄ-

2139 2302 2298 2357 ρηται
2328 2287 2354 2338 ὁ
2387 2283 2708 2352 ἐγκέφαλος.
2758 2280 2869 2335 Καὶ
2909 2282 2943 2351 ἠ
2974 2280 3071 2350 μὲν
3098 2280 3131 2349 ἡ
3163 2276 3496 2347 ὲμπρόσθιος
3530 2273 3698 2326 αὖτοῦ

2134 2376 2309 2430 κοιλία
2356 2374 2586 2445 ὄργανόν
2637 2375 2754 2425 ἐστι
2800 2370 2894 2425 τοῦ
2951 2366 3408 2439 φανταστικοῦ,ή
3452 2366 3507 2417 δὲ
3555 2364 3697 2434 μέση

2135 2464 2314 2520 κοιλία
2335 2463 2565 2533 δργανόν
2586 2464 2707 2517 ἐστι
2722 2460 2814 2514 τοῦ
2837 2457 3197 2530 διανοητικοῦ,
3233 2458 3323 2509 καὶ
3344 2458 3378 2525 ἡ
3404 2457 3568 2524 ἑτέρα
3595 2454 3699 2505 πά-

2133 2557 2217 2610 λιν
2251 2556 2344 2609 τοῦ
2382 2553 2840 2627 μνημονευτικοῦ.
2863 2553 3133 2621 Πρότερον
3163 2551 3263 2619 μὲν
3296 2549 3404 2617 γὰρ
3428 2546 3698 2617 φανταζόο

2135 2649 2277 2718 μεθα
2312 2649 2444 2699 ητόδε
2485 2647 2544 2699 τὸ
2575 2647 2803 2715 πρᾶγμα
2827 2662 2842 2677 ο
2887 2643 3023 2714 μετὰ
3076 2642 3250 2695 ταῦτα
3279 2636 3697 2707 διαλογιζόμεθα

2132 2741 2193 2792 τὸ
2246 2737 2568 2807 φαντασοὲν,
2606 2738 2659 2788 τί
2706 2753 2766 2788 τε
2820 2735 2914 2789 καὶ
2946 2735 3190 2786 ποταπὸν
3229 2731 3360 2785 αὑτὸ
3401 2731 3495 2800 τὴν
3532 2728 3693 2797 φύσιν

2133 2829 2279 2883 ἐστίν
2300 2846 2314 2861 ’
2345 2825 2448 2881 εἷθ’
2485 2827 2655 2889 οὕτως
2684 2829 2750 2897 τῇ
2787 2826 2973 2895 μνήμῃ
3001 2824 3061 2877 τὸ
3107 2822 3349 2876 τοιοῦτον
3380 2820 3693 2874 ἐναποτίθεο

2137 2939 2258 2992 μεν.
2288 2923 2397 2974 Καὶ
2416 2920 2586 2973 ταῦτα
2618 2920 2715 2987 μὲν
2753 2920 2846 2972 ἐπὶ
2874 2919 2984 2972 τῶν
3022 2919 3250 2987 ἐχόντων
3294 2914 3476 2977 καλῶς
3510 2929 3567 2965 τε
3598 2915 3694 2965 καὶ

2134 3012 2301 3081 ὑγιῶς
2326 3028 2340 3044 ⁶
2372 3010 2484 3066 ἀλλ’
2516 3015 2733 3065 ἐπειδὰν
2768 3012 2825 3064 ἒν
2863 3011 2921 3073 ἐξ
2946 3009 3124 3061 αὑτῶν
3155 3008 3317 3060 πάθει
3343 3007 3447 3058 τινὶ
3468 3004 3691 3073 ὁπωσδή

2134 3122 2265 3158 ποτε
2314 3106 2605 3177 περιπέσῃ,
2639 3106 2759 3157 τότε
2789 3102 2910 3156 κατ’
2941 3104 3119 3154 ἐκεῖνο
3164 3101 3224 3153 τὸ
3278 3102 3441 3172 μέρος
3479 3101 3509 3167 ἡ
3545 3099 3693 3169 ψυχὴ

2135 3194 2387 3262 καθαρῶς
2425 3195 2665 3262 ἐνεργεῖν
2719 3193 2778 3244 οὑ
2826 3191 3075 3245 δύναται.
3119 3188 3302 3243 Ταῦτα
3348 3188 3425 3253 δὲ,
3478 3188 3693 3250 τέκιον,

2134 3281 2429 3350 ὑποτίθημί
2460 3297 2564 3345 σοι,
2602 3282 2752 3342 ὅπως
2791 3279 2866 3350 μὴ
2894 3282 3021 3341 τοὺς
3064 3279 3173 3333 τῶν
3204 3279 3449 3346 ἀστέρων
3480 3292 3696 3344 σχημα-

2131 3374 2357 3442 τισμοὺς
2384 3371 2618 3424 αἰτιάσει
2660 3370 3098 3443 καθυποὸάλλῃς,
3132 3370 3185 3425 εἴ
3211 3386 3269 3439 γε
3306 3370 3550 3439 φυσικοῖς
3579 3380 3697 3419 τισι

2132 3465 2311 3532 λόγοις
2340 3463 2406 3517 τὰ
2444 3461 2671 3517 τοιαῦτα
2693 3461 2941 3533 γίνεσθαι
2972 3462 3152 3518 εἴωθε.

527 3759 641 3831 (25)
671 3762 776 3824 Kal
828 3762 983 3834 οὑτω
1016 3765 1254 3836 μένην.
1303 3767 1760 3835 θεραπεύονται.
1801 3766 1881 3822 Ex
1912 3764 1955 3823 V
1993 3773 2049 3823 et
2078 3766 2143 3822 Ρ.

469 3959 3659 3989 mm

1232 4128 1851 4268 TMHMA
1952 4100 2905 4267 AEYTEPO‘N‘.

1783 4468 2135 4581 PARS
2221 4470 2366 4579 ll.

1210 4694 1314 4753 AB
1355 4690 1638 4753 ΑΠΑΜο
1683 4688 1939 4761 USQUE
1989 4690 2083 4747 AD
2129 4684 2476 4748 CAESARIS
2522 4683 2945 4747 IMPERIUM.

524 4989 601 5040 Ac
621 4999 810 5040 sumus
837 4982 1054 5053 quidem
1087 4982 1355 5035 hactenus
1385 4977 1725 5046 longioribus
1758 4976 1811 5030 in
1845 4989 2014 5043 expo-
2049 4982 2056 5036 |

2198 4972 2381 5025 Ταῦτα
2414 4972 2513 5041 μὲν
2545 4968 2639 5025 οὖν
2668 4974 2716 5023 si
2744 4975 2837 5026 καὶ
2870 4972 3422 5043 παρεκὸατικώτερον
3452 4974 3689 5044 εἴρηται,

450 5079 649 5133 sitione
707 5078 808 5131 hac
859 5062 1284 5146 ﬁgressionibus
1337 5074 1442 5135 usi,
1501 5084 1690 5123 verum
1748 5068 1799 5121 id
1855 5079 2017 5119 omne

452 5169 633 5223 studio
685 5167 924 5223 discendi
979 5150 1254 5234 tuo,‘quo
1304 5178 1435 5218 sane.
1482 5160 1738 5232 singulari
1802 5158 2014 5228 flagres,

451 5262 713 5315 tributum
764 5269 870 5313 est.
907 5258 1121 5328 Quippe
1173 5257 1302 5311 dum
1350 5252 1653 5325 cupiditati,
1690 5266 1786 5305 ceu
1841 5253 2014 5317 vides,

450 5365 552 5406 tua:
596 5352 979 5424 gratificantur,
1019 5362 1215 5419 magno
1268 5349 1382 5402 lucc
1430 5347 1615 5401 labore
1658 5354 1825 5413 atque
1858 5343 2017 5397 indu-

2121 5066 2257 5121 ἀλλὰ
2301 5064 2659 5134 φιλομαθείας
2706 5065 2868 5118 ἕνεκα
2918 5067 3135 5129 πάντως
3176 5066 3275 5135 τῆς
3320 5068 3439 5136 σῆς.
3472 5067 3687 5134 Ἐφέσει

2122 5161 2367 5229 καὶγὰρ,
2399 5159 2470 5221 ὡς
2499 5158 2651 5229 ὁρᾷς,
2680 5161 2748 5228 τῇ
2778 5161 2841 5227 σῇ
2865 5159 3242 5228 χαριζόμενος,
3272 5161 3362 5213 καὶ
3386 5159 3689 5227 φιλοπόνως

2123 5251 2291 5304 ταῦτα
2351 5250 2607 5313 συνέλεξα
2650 5249 2747 5301 καὶ
2789 5247 3088 5319 φιλοτίμως
3126 5251 3263 5318 τῷδε
3309 5248 3557 5319 διείληφα
3607 5248 3689 5319 τῷ

2120 5343 2476 5408 συντάγματι.

338 5488 343 5497 ι
445 5448 577 5503 stria
626 5449 940 5520 collegimus
998 5460 1052 5500 et
1100 5445 1154 5497 in
1190 5445 1335 5498 hunc
1384 5443 1840 5497 commentarium
1894 5440 2137 5495 studiose
2167 5439 2509 5509 digessimus.

516 5590 532 5608 ‘
563 5586 620 5639 lu
652 5604 765 5669 rus.
788 5587 845 5641 ιτ.
874 5588 1060 5669 titulus
1089 5593 1313 5669 apparet
1338 5584 1617 5653 augustior
1682 5582 1870 5639 ΑΡΧΗ
1937 5584 2056 5637 Tll}

2135 5581 2655 5645 ἰΡΟΝΟΓΡΛΦιΑΣ,
2714 5582 2910 5638 deinde
2955 5583 3097 5637 alter
3148 5581 3344 5648 minor,
3380 5577 3520 5647 Περὶ
3566 5576 3685 5650 τῆς

445 5662 703 5723 scurrula
715 5663 838 5727 ﬂag
868 5658 971 5711 τοῦ
1010 5657 1141 5721 ἀνθ]
1160 5657 1345 5708 ώποιν.
