4062 6186
288 353 389 418 ⁸233

1529 368 1933 433 ANNALIUM
1985 378 2175 438 PARS
2217 379 2300 439 Il.

3421 377 3529 439 236

350 469 527 540 Γεννᾲ
579 471 760 527 τοίνυν
806 471 833 527 6
876 474 1045 546 Ἀδὰμ
1079 478 1172 532 τὸν
1223 480 1388 542 Κάἳν,
1435 481 1524 533 τον
1545 481 1734 546 Ἀσελ,
1765 483 1852 536 τὸν

1963 489 2120 556 117
2176 487 2487 543 Secundum
2545 487 2658 542 hrcc
2721 487 2959 542 Adamns
3017 485 3268 550 Caiunm,
3304 487 3528 542 Ahelum

283 561 410 630 Σὴθ,
449 563 762 635 θυγατέρας
796 565 853 619 δὲ
901 568 1016 634 δύο,
1051 569 1194 624 καθά
1235 588 1368 642 φησι
1415 573 1714 643 Γεώργιος,
1758 575 1856 645 τὴν

290 653 579 724 ’Λζούραν,
610 657 678 727 ῆν
706 659 733 710 6
761 657 904 712 Κάῖν
934 660 1130 715 ἔλαϐεν
1165 666 1246 727 εἰς
1297 667 1557 732 γυναῖκα,
1613 668 1707 720 καὶ
1757 667 1857 736 τὴν

291 746 561 815 ’Δαουὰμ,
597 749 664 817 ἢν
684 749 878 804 ἔλαϐεν
907 755 934 806 6
979 754 1124 825 Σήθ·
1160 757 1187 810 ὀ
1229 758 1338 827 γὰρ
1377 758 1543 811 Ἀίῑελ
1577 757 1856 826 φονευθεὶς

280 838 430 904 παρὰ
455 838 549 889 τοῦ
573 839 711 894 Κάῖν
735 839 824 894 διὰ
843 842 1037 911 φθόνον
1063 841 1272 915 ἀπῆλθε
1299 849 1586 918 παρθένος.
1606 848 1858 916 Ἐφθόνει

278 927 333 979 δὲ
364 930 443 996 τῷ
471 929 640 984 Ἅϐελ
668 933 696 985 6
747 935 904 998 Κάῖν,
941 936 1024 990 ὅτι
1055 940 1329 1011 προσέσχε
1380 942 1499 1001 ταῖς
1545 941 1712 994 αὑτοῦ
1759 939 1857 994 θυ-

282 1022 427 1086 σίαις
455 1024 485 1078 6
505 1025 638 1090 Θεὸς
681 1027 884 1097 μᾶλλον
911 1030 942 1102 ἢ
969 1033 1090 1093 ταῖς
1129 1034 1225 1086 τοῦ
1255 1036 1414 1090 Κάῖν.
1447 1035 1850 1105 Ἀπεστρέφετο

276 1115 332 1167 δὲ
371 1118 527 1188 παρὰ
571 1120 667 1173 τοῦ
695 1123 838 1176 Κάῖν
867 1125 936 1178 τὰ
975 1128 1367 1196 προσαγόμενοι
1411 1125 1509 1197 οὐχ
1539 1129 1623 1181 ὅτι
1648 1129 1854 1198 καρποὶ

273 1201 413 1274 ἦσαν
446 1209 557 1262 ἀπὸ
592 1214 692 1280 τῆς
741 1213 867 1282 γῆς,
918 1217 1062 1270 καθά
1112 1237 1279 1286 φησιν
1315 1222 1342 1273 6
1377 1219 1686 1291 παράρρων
1723 1221 1856 1272 ’1ου-

275 1297 477 1364 λιανὺς,
521 1304 622 1372 τὴν
643 1305 952 1368 ζωοθυσίαν
981 1309 1292 1377 εὐμεθόδως
1332 1299 1587 1380 εἰσάγωνξ
1627 1310 1743 1364 ἀλλ’
1769 1310 1853 1363 ὅτι

273 1388 525 1458 ἄχρηστα
549 1388 712 1462 ἦσαν.
742 1397 1022 1469 Προσέσχε
1048 1400 1234 1454 λοιπὸν
1251 1404 1365 1464 τοῖς
1390 1404 1487 1456 τοῦ
1521 1401 1689 1456 Ἀσελ
1707 1417 1722 1432 ·
1747 1401 1855 1454 ἀπὸ

273 1479 379 1530 τῶν
406 1487 794 1551 πρωτοτοκίων
818 1491 912 1542 καὶ
934 1492 1044 1560 γὰρ
1074 1493 1268 1557 ταῦτα,
1295 1495 1544 1548 τουτέστι
1567 1493 1675 1547 τῶν
1703 1493 1852 1557 ἐξαι-

278 1570 469 1635 ρέτων.
509 1575 587 1638 ὡς
637 1579 666 1630 6
734 1584 1145 1654 χρυσοῤῥήμων
1191 1585 1344 1654 φησί.
1390 1585 1502 1656 Τὴν
1534 1583 1854 1654 προαίρεσιν

273 1662 460 1719 λοιπὸν
491 1667 582 1721 καὶ
620 1671 940 1743 ἀποδέχεται
971 1675 1065 1729 καὶ
1109 1677 1179 1731 αῦ
1203 1678 1625 1748 ἀποστρέφεται,
1657 1676 1852 1744 οὐμεν·

271 1751 363 1809 οῦν
386 1760 528 1814 αὐτὰ
557 1762 624 1815 τὰ
658 1769 1064 1835 προσαγόμενοι.

1963 579 2304 648 Scthumque
2353 580 2563 648 genuit,
2615 589 2670 634 et
2733 581 2870 633 ﬁlias
2913 579 3072 642 duas,
3125 579 3201 632 uti
3260 579 3531 650 Georgius

1960 670 2238 723 memorie
2292 670 2549 739 prodidit,
2607 673 2840 724 Azuram
2895 669 3171 732 videlicet,
3227 685 3347 736 qua:
3403 684 3528 723 cum

1957 757 2130 815 Caino
2157 772 2325 832 nupta
2359 762 2480 826 fuit,
2513 771 2565 816 et
2602 761 2825 825 Asuam,
2853 778 3017 829 quam
3061 761 3266 815 Sethus
3303 776 3529 816 uxorem

1958 854 2171 924 accepit
2208 871 2222 907 :
2254 853 2455 908 etenim
2498 853 2700 906 Abelus
2729 867 2826 920 per
2868 852 3126 906 invidiam
3168 867 3198 906 a
3231 850 3400 905 Caino
3432 866 3533 906 ne-

1956 956 2113 1000 catus
2167 961 2358 1000 exsors
2415 943 2656 1014 coniugii
2709 959 2770 997 ac
2823 944 2969 1013 virgo
3019 944 3278 999 decessit.
3328 943 3530 1009 Causa,

1955 1039 2313 1108 quamobrem
2368 1037 2538 1090 Abelo
2595 1035 2799 1090 Caiuus
2851 1036 3152 1102 invideret,
3218 1037 3336 1092 haec
3387 1045 3529 1098 erat,

1955 1129 2102 1198 quod
2153 1127 2440 1182 sacriﬁciis
2482 1128 2602 1196 ejus
2654 1127 2826 1198 magis
2869 1126 3012 1182 Deus
3064 1136 3211 1182 esset
3259 1129 3532 1200 propitius

1954 1236 2118 1290 quam
2171 1219 2445 1284 Cainicis,
2517 1235 2638 1288 qua:
2694 1219 2922 1274 omnino
2977 1219 3362 1286 aversabatur,
3420 1235 3532 1274 non

1953 1311 2079 1378 quia
2134 1319 2293 1363 terra:
2347 1309 2556 1364 frui-tus
2616 1309 2707 1364 ille
2771 1308 3013 1375 oﬂ‘erret,
3071 1309 3530 1378 quemadmodum

1954 1417 2189 1457 vesanus
2239 1402 2328 1456 ille
2377 1399 2626 1455 Julianus
2675 1401 2917 1471 scripsit,
2951 1402 3270 1455 animalium
3328 1412 3537 1456 macta-

1954 1499 2132 1549 tiones
2194 1493 2297 1548 hoc
2363 1503 2686 1563 argumento
2740 1493 3102 1563 comprobare
3162 1494 3375 1557 volens,
3436 1492 3535 1546 sed

1951 1585 2096 1653 quod
2147 1585 2354 1637 inutilia
2390 1599 2616 1652 prorsus
2665 1593 2874 1638 essent.
2931 1583 3118 1650 ltajue
3174 1583 3318 1637 Deus
3369 1583 3531 1637 Abeli

1953 1671 2218 1728 sacriﬁcia
2252 1671 2600 1743 respiciebat,
2625 1686 2745 1740 quae
2769 1671 2856 1724 ille
2886 1671 2954 1725 de
2988 1687 3244 1740 pecorum
3283 1686 3532 1744 suorum,

1953 1771 2008 1816 et
2061 1761 2282 1830 quidem
2335 1760 2687 1821 eximiorum,
2718 1758 3036 1828 primigenis
3084 1757 3346 1813 oﬂ'ercbat
3381 1775 3394 1810 :
3428 1756 3534 1811 hoc

272 1857 376 1913 est,
409 1858 471 1903 ut
518 1850 893 1924 Chrysostomi
933 1861 1110 1916 verbis
1165 1873 1306 1930 utar,
1369 1863 1684 1920 institutum
1753 1855 1921 1914 animi
1959 1855 2041 1908 vel
2084 1854 2278 1924 prohat.
2316 1853 2400 1906 vel
2453 1853 2745 1922 improbat,
2777 1866 2884 1905 non
2937 1866 3022 1906 res
3071 1853 3219 1922 ipsas
3251 1867 3371 1920 qua:
3402 1847 3537 1904 ode-

270 1953 490 1998 ruutur.

271 2134 409 2190 ὥστε
435 2139 634 2194 θυσίαν
657 2150 1048 2214 προσενεγκεῖν
1073 2147 1150 2217 τῷ
1177 2148 1330 2219 Θεῷ;
1355 2150 1387 2218 ἢ
1413 2149 1633 2214 πάντως
1661 2153 1724 2203 ὲκ
1749 2153 1849 2220 τῆς

272 2231 328 2281 έν
359 2230 434 2301 τῷ
464 2235 728 2289 συνειδότι
750 2239 913 2291 αὐτοῦ
935 2239 1211 2308 γνώσεως,
1237 2243 1262 2296 6
1293 2241 1530 2313 χρυσοῦς
1557 2245 1654 2316 τὴν
1675 2244 1849 2313 γλῶτ-

271 2340 367 2376 ταν
397 2327 553 2393 φησί.
585 2327 695 2380 Καὶ
721 2327 884 2383 πόθεν
909 2333 939 2400 ῥ
973 2333 1110 2387 Κάῖν
1142 2334 1356 2402 ἐπέγνω
1378 2337 1460 2390 ὅτι
1485 2337 1546 2389 οὐ
1578 2338 1848 2407 προσέσχε

271 2419 379 2479 τοῖς
416 2417 587 2471 αὐτοῦ
618 2417 808 2489 δώροις
838 2424 865 2475 6
894 2423 1059 2490 Θεός;
1097 2425 1228 2479 Ἀπδ
1254 2426 1346 2480 τοῦ
1381 2428 1455 2498 μὴ
1480 2430 1760 2484 κατελθεῖν
1790 2431 1852 2485 ἄ-

272 2509 444 2562 νωθεν
471 2511 586 2581 πῦρ
618 2514 709 2566 ἐπὶ
730 2515 850 2576 ταῖς
881 2516 1094 2580 θυσίαις
1126 2519 1317 2585 αὑτοῦ,
1343 2522 1594 2594 καθάπερ
1619 2523 1709 2576 επὶ
1729 2527 1849 2588 τατς

271 2601 366 2656 τοῦ
402 2603 576 2659 Ἀδε).
603 2607 829 2675 γέγονεν
853 2626 868 2642 ·
904 2613 998 2664 ἐπὶ
1047 2612 1157 2683 γὰρ
1193 2615 1422 2678 ταύταις
1472 2617 1706 2686 κατῆλθε
1737 2618 1849 2688 πῦρ

274 2697 366 2750 καὶ
417 2697 700 2766 ὴνάλωσεν
750 2701 944 2768 αὐτὰς,
982 2704 1081 2774 τὴν
1127 2705 1398 2777 ἀποδοχὴν
1453 2709 1706 2764 ἐντεῦθεν
1755 2709 1848 2765 τοῦ

270 2786 406 2840 Θεοῦ
440 2791 742 2857 παριστῶν.
779 2793 936 2848 Ἀλλὰ
976 2781 1264 2851 καίτοῦτο
1297 2799 1551 2870 ζητοῦσιν
1588 2801 1849 2866 ἐνταῦθα,

272 2877 358 2931 διὰ
389 2879 442 2932 τί
484 2882 610 2932 κατ’
665 2883 842 2956 ἀρχὰς
894 2885 1005 2958 πῦρ
1058 2888 1158 2958 μὲν
1195 2885 1256 2954 ἐξ
1284 2890 1513 2961 οὐρανοῦ
1547 2894 1876 2963 κατήρχετο

273 2970 366 3022 καὶ
405 2972 507 3034 τὰς
557 2977 976 3047 προσαγομένας
1011 2982 1089 3052 τῷ
1121 2983 1240 3052 Θεῷ
1275 2983 1464 3046 θυσίας
1493 2985 1847 3055 ἐπεϐόσκετο,

273 3067 392 3118 νυνὶ
421 3065 480 3118 δὲ
520 3068 678 3121 τοῦτο
701 3071 759 3123 οὐ
796 3073 1025 3136 γίνεται.
1057 3077 1148 3145 Μὴ
1171 3081 1291 3141 ταῖς
1311 3078 1418 3132 τῶν
1452 3079 1608 3144 ζώων
1635 3081 1850 3146 θυσίαις

272 3161 298 3210 6
332 3159 466 3223 Θεὸς
514 3160 732 3232 ἔχαιρεν
753 3183 767 3231 ;
790 3165 959 3235 Οὐχί·
993 3169 1135 3222 κατὰ
1170 3171 1278 3238 γὰρ
1309 3171 1402 3226 τὸν
1430 3173 1706 3228 θειότατον
1739 3175 1852 3228 Κύ-

276 3252 458 3329 ριλλον
517 3251 684 3317 τύπος
730 3251 799 3324 ἦν
852 3261 1027 3313 ὲκείνο
1071 3263 1132 3314 τδ
1164 3263 1276 3330 πῦρ
1313 3264 1407 3317 καὶ
1453 3265 1854 3336 προεικόνισμᾶ

272 3343 360 3398 τοῦ
401 3349 668 3412 παναγὶου
704 3349 1019 3419 Πνεῦματος
1047 3353 1140 3406 τοῦ
1170 3356 1447 3419 κατιόντος
1478 3358 1577 3426 μὲν
1601 3358 1848 3428 ἀοράτως

274 3439 364 3492 καὶ
405 3440 506 3503 τὰς
551 3442 926 3508 πνευματικὰς
960 3444 1117 3513 ἡμῶν
1148 3443 1338 3510 θυσίας
1387 3448 1845 3519 προσδεχομένου,

275 3533 420 3586 καθὰ
449 3533 515 3602 δὴ
548 3535 636 3585 καὶ
672 3535 765 3585 ἐπὶ
798 3535 886 3586 τὸν
919 3536 1153 3606 Χριστὶν
1190 3538 1352 3590 αὐτὸν
1386 3539 1579 3610 κατῄει
1619 3543 1674 3594 ὲν
1721 3543 1851 3612 Ἰορ-

274 3623 404 3692 δάνῃ
433 3623 492 3675 16
530 3623 753 3693 Πνεῦμα
776 3624 838 3676 τὸ
869 3624 1042 3691 ἅγιον,
1075 3625 1172 3696 οὐχ
1205 3626 1279 3688 ὡς
1321 3627 1574 3695 δεόμενον
1605 3631 1852 3700 Πνεῦμα-

276 3732 387 3777 τος,
413 3717 531 3768 ἀλλ’
563 3718 650 3770 ἵνα
687 3717 950 3786 μάθωμεν
981 3719 1062 3772 ὅτι
1091 3720 1186 3775 καὶ
1236 3721 1329 3773 ἐπὶ
1386 3724 1552 3775 παντὶ
1589 3722 1852 3792 βαπτιζο-

279 3811 424 3878 μένφ
453 3810 699 3880 ἀοράτως
731 3811 789 3864 τὸ
824 3813 1048 3882 Πνεῦμα
1080 3814 1294 3869 κάτεισι
1352 3816 1448 3868 καὶ
1495 3815 1714 3884 ἁγιάζει
1749 3819 1850 3874 αὐ-

275 3902 381 3953 τόν.
424 3902 487 3954 ΕΞ
515 3901 570 3953 δὲ
603 3906 699 3954 καὶ
728 3901 845 3965 νῦν,
904 3906 1179 3976 ὰγαπητὲ,
1228 3911 1434 3976 σημεῖα
1472 3909 1696 3964 τοιαῦτα
1751 3912 1850 3982 οὐχ

274 3991 426 4060 ὁρᾷς,
463 3992 540 4059 μὴ
565 3991 826 4046 ἀπίστει·
869 3993 918 4043 εί
966 3993 1074 4065 γὰρ
1107 3995 1199 4047 καὶ
1247 3995 1398 4064 ὅψεις
1433 3997 1679 4066 ἐγένοντο
1730 3998 1850 4051 κατ’

275 4084 450 4150 ἀρχὰς
484 4083 749 4151 αἰσθηταὶ
792 4084 880 4138 διά
906 4101 969 4151 γε
1005 4087 1130 4147 τοὺς
1157 4089 1532 4156 ἁνοητοτέρως
1564 4089 1851 4157 ἐπικειμέ-

275 4191 418 4237 Ψνς,
443 4175 516 4234 ὡ,
548 4178 575 4227 6
601 4180 1012 4246 χρυσορρήμων
1066 4179 1323 4249 Ἰωάννης
1355 4183 1513 4250 φησὶ,
1551 4185 1648 4236 καὶ
1683 4183 1851 4254 μηδε-

281 4265 405 4331 μίαν
437 4265 648 4318 ἔννοιαν
675 4267 972 4332 ἀσωμάτου
1007 4268 1224 4336 φύσεως
1251 4271 1596 4340 δυναμένους
1637 4265 1848 4333 λαϐεῖν,

279 4356 388 4408 ἀλλ’
419 4360 551 4427 ἡμῖν
605 4361 879 4430 αἰσθητῶν
925 4362 1097 4432 ὄψεων
1125 4364 1224 4415 οὐκ
1280 4363 1396 4417 ἔστι
1447 4368 1606 4435 χρεία
1637 4366 1848 4432 λοιπὸν,

278 4449 394 4500 ἀντὶ
448 4449 671 4502 πάντων
728 4452 1004 4522 ἀρκούσης
1049 4455 1147 4518 τῆς
1183 4454 1424 4516 πίστεως
1455 4471 1468 4483 ·
1501 4455 1568 4508 τὰ
1613 4457 1722 4524 γὰρ
1757 4473 1852 4522 ση-

281 4544 426 4608 μῖία,
459 4544 616 4610 φησι,
648 4544 759 4607 τοῖς
801 4544 1078 4611 ἀπίστοις,
1108 4546 1170 4598 οὐ
1219 4545 1328 4616 μὴν
1376 4548 1563 4608 αὐτοῖς
1608 4548 1720 4610 τοῖς
1757 4563 1852 4600 πι-

281 4649 553 4686 οτευοι-σι.

352 2043 518 2099 Ἀλλὰ
555 2047 717 2102 πόθεν
747 2051 775 2103 6
808 2052 948 2106 Κάῖν
998 2055 1079 2118 είς
1133 2045 1392 2127 τοιαύτην
1421 2052 1585 2129 ἦλθεν
1622 2057 1852 2115 ἔννοιαν,

2035 2039 2196 2115 118
2231 2039 2340 2098 Sed
2374 2041 2519 2096 enim
2559 2039 2701 2094 unde
2754 2037 2924 2094 Caino
2959 2039 3023 2092 ad
3055 2037 3297 2092 animum
3336 2036 3532 2092 accidit

1953 2146 2011 2190 ut
2038 2136 2145 2190 Deo
2173 2134 2501 2189 sacriﬁcium
2535 2133 2879 2188 oll'erendum
2916 2131 3363 2200 essestatucrct?
3400 2145 3530 2184 num

1950 2243 2016 2282 ex
2063 2228 2414 2282 conscientia:
2465 2225 2657 2278 notitia
2703 2223 2960 2293 quadam,
2996 2234 3054 2277 ut
3107 2217 3531 2294 Chrysosromus

1952 2320 2065 2374 ait?
2095 2319 2161 2373 Et
2194 2319 2336 2373 unde
2379 2318 2597 2371 tandem
2621 2317 2826 2371 Cainus
2878 2315 3020 2369 idem
3053 2315 3326 2368 intellexit
3358 2314 3528 2366 Deum

1953 2425 2180 2466 munera
2215 2425 2310 2463 sua
2343 2424 2450 2462 non
2480 2407 2796 2477 respicere?
2842 2404 3112 2459 Nimirum
3157 2421 3224 2458 ex
3274 2420 3341 2458 eo
3385 2407 3529 2474 quod

1952 2499 2006 2555 in
2061 2502 2183 2571 ejus
2248 2500 2468 2554 hostias
2502 2499 2643 2570 ignis
2703 2514 2733 2552 e
2783 2498 2924 2551 cmlo
2987 2513 3094 2550 non
3158 2495 3530 2560 delaberetur,

1950 2595 2408 2664 quemadmodum
2467 2595 2520 2646 in
2567 2592 2717 2647 Abeli
2760 2591 3041 2646 sacriﬁciis
3077 2590 3190 2643 ﬁeri
3229 2604 3533 2644 consueve-

1951 2698 2058 2743 rat.
2088 2688 2226 2742 Nam
2279 2688 2398 2755 ejus
2455 2687 2662 2738 hostias
2704 2687 2847 2756 ignis
2884 2700 3121 2752 superne
3171 2684 3389 2738 delatus
3428 2683 3527 2738 ai)-

1953 2780 2222 2840 sumebat,
2247 2793 2354 2847 quo
2387 2778 2503 2846 ipso
2530 2776 2914 2831 declarabatur
2948 2775 3118 2831 Deum
3152 2791 3246 2830 eas
3275 2785 3532 2845 acceptas

1951 2880 2006 2925 et
2039 2880 2216 2940 gratas
2245 2870 2467 2922 habe-re.
2501 2867 2654 2922 Solet
2686 2867 2818 2921 illud
2853 2869 3017 2922 etiam
3055 2869 3153 2920 hoc
3187 2867 3306 2921 loco
3335 2868 3528 2937 qumri,

1954 2961 2304 3030 quamobrem
2339 2960 2498 3012 initio
2547 2959 2615 3012 de
2661 2961 2801 3014 cmlo
2834 2959 3089 3028 delapsus
3132 2959 3274 3027 ignis
3319 2957 3531 3013 oblatas

1956 3055 2163 3110 hostias
2201 3053 2308 3108 Deo
2352 3051 2768 3122 depascebatur,
2804 3069 2927 3106 eum
2960 3053 3013 3108 id
3051 3054 3214 3107 modo
3260 3069 3368 3107 non
3406 3055 3530 3109 ﬁat?

1953 3147 2093 3202 Num
2144 3147 2380 3203 victimis
2423 3145 2740 3224 animalium
2794 3145 2934 3200 Deus
2978 3145 3391 3201 oblectabatur?
3419 3147 3529 3201 Ne-

1954 3255 2246 3310 quaquam,
2277 3239 2371 3293 sed
2404 3239 2476 3290 uti
2511 3235 2746 3306 Cyrillus
2777 3238 2973 3306 inquit,
3002 3239 3143 3309 ignis
3169 3239 3256 3291 ille
3287 3249 3444 3309 typus
3475 3247 3532 3293 et

1957 3329 2131 3399 imago
2174 3329 2350 3384 sancti
2401 3327 2642 3396 Spiritus
2685 3339 2826 3389 erat,
2859 3329 2952 3396 qui
2988 3329 3275 3384 descendit
3312 3331 3532 3400 inaspe-

1954 3423 2225 3478 ctabiliter
2263 3431 2319 3474 et
2349 3421 2665 3491 spirituales
2695 3421 2944 3476 victimas
2994 3430 3212 3476 no~‘tras
3245 3433 3528 3492 acceptat;

1953 3511 2410 3584 quemadmodum
2477 3513 2531 3566 in
2600 3513 2777 3582 ipsum
2848 3529 3069 3582 quoque
3138 3513 3417 3569 Christum
3475 3515 3528 3568 iu

1949 3606 2187 3662 Jordaue
2217 3604 2606 3670 descendebat,
2639 3621 2748 3659 non
2781 3607 2924 3675 quod
2977 3607 3065 3659 ille
3115 3607 3355 3676 Spiritus
3399 3622 3530 3677 ege-

1953 3709 2057 3762 ret,
2087 3697 2182 3752 sed
2215 3697 2291 3752 uti
2330 3711 2431 3750 nos
2476 3697 2816 3752 disceremus
2859 3695 3119 3766 Spiritum
3177 3698 3230 3751 in
3276 3697 3528 3766 quemvis

1955 3789 2254 3855 hominem,
2298 3791 2389 3859 qui
2419 3787 2746 3858 baptizatur,
2788 3788 3259 3857 inaspect-ibiliter
3293 3789 3527 3844 descen-

1950 3882 2078 3936 dere
2109 3897 2173 3934 ac
2210 3897 2334 3935 eum
2359 3881 2720 3936 sanctiﬁcare.
2750 3879 3019 3935 Craterum
3049 3896 3394 3950 nequaquam
3430 3881 3526 3932 tibi

1952 3992 2100 4032 nunc
2160 3975 2462 4046 abjieienda
2524 3986 2608 4031 est
2667 3973 2801 4030 ﬁdes
2835 3987 3143 4044 prapterea,
3190 3976 3334 4042 quod
3401 3973 3526 4028 talia

1954 4069 2192 4139 prodigia
2223 4067 2384 4122 modo
2415 4067 2563 4122 nulla
2592 4061 2800 4121 videas.
2828 4063 3088 4132 Quamvis
3128 4065 3275 4119 enim
3312 4075 3529 4134 speeta-

1953 4161 2074 4215 cula
2124 4164 2370 4230 quirdam
2433 4160 2655 4214 sensilia
2710 4168 2840 4213 tunc
2894 4157 3066 4212 oculis
3124 4157 3530 4212 exhibebantur

1951 4268 2140 4307 eorum
2190 4268 2352 4306 causa
2388 4249 2480 4322 qui
2531 4251 2696 4322 paulo
2733 4248 2984 4305 rudiores
3015 4251 3211 4304 animis
3261 4260 3438 4311 erant.
3473 4261 3532 4303 ut

1951 4343 2324 4413 Chrysostomi
2360 4339 2544 4396 verbis
2594 4352 2734 4402 utar,
2782 4357 2884 4394 nec
2932 4339 3314 4407 incorpm-eam
3370 4353 3527 4394 natu-

1951 4449 2068 4486 ram
2119 4429 2452 4502 cegitatione
2510 4433 2798 4502 complecti
2856 4440 3132 4500 poterant,
3185 4449 3290 4486 non
3349 4443 3525 4486 tamen

1953 4521 2157 4578 idcirco
2187 4537 2413 4576 necesse
2457 4531 2543 4576 est
2597 4523 2754 4575 nobis
2806 4519 2990 4576 oil‘erri
3023 4522 3318 4590 sper-lauda
3346 4512 3526 4576 consi-

1953 4613 2122 4673 milia.
2154 4632 2274 4670 cum
2311 4615 2527 4668 illorum
2578 4613 2822 4668 omnium
2863 4615 2982 4670 loco
3011 4615 3142 4669 ﬁdes
3191 4614 3347 4667 nobis
3385 4613 3528 4668 solli-

1866 4715 1930 4784 ὐ
1958 4707 2085 4761 ciat.
2114 4705 2246 4758 Nam
2284 4704 2554 4774 prodigia,
2588 4713 2650 4758 ut
2701 4705 2792 4758 ille
2847 4705 2922 4758 ait
2953 4704 3027 4769 ⁸⁷,
3069 4704 3380 4759 inﬁdelibus
3413 4720 3527 4759 ser-

354 4883 465 4934 Καὶ
500 4882 529 4935 6
580 4886 677 4950 μὲν
724 4881 884 4947 Κὰῖν.
934 4885 1209 4955 ἀγαπητὲ,
1286 4885 1472 4956 μεῖζον
1522 4887 1772 4956 ἥμαρτεν
1817 4885 1848 4959 ἢ

281 4979 309 5027 ὀ
361 4975 557 5044 Ἀδάμ.
621 4976 731 5028 Καὶ
783 4975 944 5044 δῆλον
981 4977 1046 5031 ἐκ
1077 4977 1175 5045 τῆς
1226 4979 1519 5047 γεγονυίας
1563 4981 1698 5048 προς
1753 4981 1850 5034 αὑ-

281 5066 405 5127 τἰὺς
440 5065 688 5136 κατάρας
729 5065 824 5119 τοῦ
856 5067 1016 5122 Θεοῦ.
1078 5065 1203 5120 Ἐπὶ
1242 5069 1341 5137 μὲν
1375 5069 1483 5138 γὰρ
1518 5069 1613 5122 τοῦ
1652 5066 1850 5139 Ἀδὰμ,

286 5178 302 5208 ι
343 5158 786 5227 Ἐπικατάρατος
826 5161 958 5229 ἡγῆ
1009 5162 1065 5210 ὲν
1114 5161 1226 5222 τοῖς
1271 5160 1454 5226 ἔργοις
1483 5152 1638 5213 ’σουο
1691 5179 1709 5212 ι
1759 5161 1853 5214 ἐπὶ

277 5253 335 5304 δὲ
379 5253 478 5305 τοῦ
549 5253 724 5318 Κὰἶν,
771 5252 1018 5323 ὀλεθρίου
1083 5253 1234 5316 δντος
1293 5251 1388 5304 τοῦ
1446 5253 1852 5323 πλημμελήμα-

281 5363 396 5408 τος,
428 5346 591 5407 αὐτὸς
627 5345 657 5396 6
686 5346 826 5397 Κάῖν
863 5344 962 5415 τὴν
993 5345 1241 5414 κατάραν
1291 5343 1534 5410 ἐδέξατο.
1570 5344 1676 5397 Καὶ
1729 5345 1853 5397 τού-

283 5453 376 5488 του
403 5437 567 5506 χάριν
600 5437 724 5488 οὐδὲ
778 5437 986 5507 ταχέως
1031 5437 1295 5504 ἐπάγεται
1335 5439 1510 5509 τούτῳ
1537 5440 1564 5492 ὀ
1605 5437 1855 5506 θάνατος,

285 5529 369 5580 ἕνα
405 5530 500 5581 καὶ
531 5531 644 5588 τοῖς
677 5527 880 5594 λοιποῖς
907 5530 1226 5595 διδάσκαλος
1266 5531 1492 5604 γένηται

360 5803 402 5836 ⁸⁷
440 5803 458 5858 ι
489 5803 618 5857 Cor.
655 5815 767 5866 xw,
799 5803 816 5855 ί

1962 4797 2139 4856 viuut.
2176 4812 2283 4850 non
2319 4795 2476 4850 {idem
2507 4795 2854 4850 habentibus.

2030 4886 2143 4942 Nec
2195 4888 2432 4954 ignores,
2463 4885 2660 4942 dilecte
2718 4885 2814 4949 ﬁli,
2853 4886 3071 4958 gravius
3115 4887 3344 4944 Cainum
3399 4888 3532 4943 deli-

1960 4977 2144 5047 quisse
2195 4992 2358 5044 quam
2396 4977 2698 5042 Adamum;
2745 4977 2797 5056 id
2829 4977 2971 5046 quod
3007 4993 3072 5032 ex
3109 4977 3396 5046 utriusque
3435 4993 3529 5044 pos

1962 5075 2069 5124 test
2125 5067 2353 5140 intelligi
2415 5070 2932 5132 exsccratione,eui
2985 5071 3244 5126 divinitus
3297 5065 3526 5139 subjecti

1963 5167 2114 5213 sunt.
2172 5157 2306 5212 Nam
2363 5157 2431 5212 de
2492 5157 2702 5211 Adamo
2757 5159 2957 5213 dicitur
3006 5177 3020 5213 :
3071 5179 3089 5211 ι
3149 5159 3572 5214 Exsecrationo-

1962 5248 2144 5305 infelix
2181 5249 2285 5302 erit
2318 5249 2518 5302 humus
2558 5255 2778 5317 propter
2807 5265 2868 5303 ea
2899 5265 3017 5320 quin
3047 5250 3382 5321 designasti;
3421 5270 3439 5302 ι
3477 5259 3532 5303 at

1961 5356 2093 5397 vero
2127 5342 2252 5410 quia
2306 5337 2462 5396 Caini
2499 5341 2756 5398 delictum
2811 5354 2928 5397 erat
2974 5343 3210 5405 exitiale,
3241 5354 3528 5411 propterea

1963 5431 2166 5488 Cainus
2211 5432 2435 5502 ipsemet
2481 5433 2911 5490 exsecrationem
2964 5433 3311 5487 counneruit.
3371 5431 3528 5483 Earu-

1961 5523 2084 5577 dem
2143 5521 2213 5576 ob
2267 5538 2484 5576 causam
2548 5539 2649 5577 nec
2703 5524 2956 5578 Celeriter
3015 5522 3265 5584 moritur,
3299 5535 3404 5584 quo
3441 5518 3528 5572 ni-

1964 5612 2162 5665 mirum
2205 5620 2258 5665 et
2309 5613 2446 5668 alios
2489 5614 2738 5682 exemplo
2783 5629 2880 5666 suo
2930 5607 3422 5664 caumzoucl‘aceret
3465 5623 3530 5665 ac

1961 5697 2224 5757 crudiret‘.
