4062 6186
481 274 587 344 ἓ35

1743 282 1978 349 ΜῙΟΠΛ
1996 292 2160 354 ELIS
2199 296 2455 356 GLYC/E

3609 299 3715 363 236

556 413 575 445 ι
616 393 870 465 Quisquis
926 410 1013 451 me
1075 401 1360 465 repererit,
1416 396 1647 461 occidet,
1689 419 1705 451 ι
1756 403 1930 472 inquit
1983 404 2040 458 de

2231 429 2248 462 ι
2302 412 2458 472 Πᾶςὸ
2492 410 2763 479 εὑρίσκων
2789 428 2854 480 με
2888 411 3184 467 ἀποκτενεῖ
3224 430 3310 481 με.
3364 430 3384 465 ι
3440 412 3613 467 Τοῦτο
3655 415 3711 469 δὲ

478 488 778 557 aemetipso
804 487 1027 553 Cainus,
1055 497 1109 541 et
1136 488 1354 556 quidem
1404 489 1468 542 ad
1509 493 1874 546 membrorum
1916 510 2043 548 sun-

476 585 594 631 ru‘m
624 578 952 632 laxationem
990 581 1307 649 respiciens.
1338 581 1535 635 Verum
1566 584 1709 639 Deus
1732 600 1762 639 e
1786 586 2000 640 diverso
2026 627 2042 652 ,

483 682 501 717 ι
541 662 617 721 Ne
652 665 746 723 tibi
780 667 1178 734 formidaveris,
1218 690 1234 722 ι
1271 671 1391 725 ait:
1431 691 1450 723 ι
1490 689 1614 726 nam
1650 674 1743 743 qui
1788 685 1841 730 te
1881 690 2046 731 neca-

473 760 632 824 verit,
670 761 903 830 septupli
938 761 1235 815 vindictam
1293 764 1583 819 sustinebit
1611 762 1679 828 “,
1722 783 1739 815 ι
1807 767 1908 821 hoc
1958 775 2045 821 est

474 860 679 917 septem
738 854 913 921 pretiis
962 854 1199 920 seipsum
1241 854 1537 909 obnoxium
1572 854 1754 911 faciet.
1787 857 1844 911 In
1898 855 2043 912 hunc

474 942 696 995 tnodum
746 944 861 997 bzec
896 946 1195 1011 perscripta
1254 944 1502 1015 legimus.
1536 944 1802 1017 Georgius
1859 960 2039 1002 autem

476 1034 750 1087 memorie
816 1036 997 1103 prodit
1069 1037 1298 1089 Cainttm
1353 1034 1651 1092 miserabili
1707 1048 1881 1092 morte
1945 1051 2043 1107 per

441 1190 445 1195 τ
477 1123 874 1193 ignorationem
929 1122 1101 1180 fuisse
1131 1127 1507 1196 lperemptutn,
1543 1124 1617 1183 uti
1658 1143 1817 1199 quem
1849 1123 2041 1184 Lame-

475 1217 611 1272 clius
655 1217 723 1269 ab
752 1217 923 1270 oculis
970 1212 1263 1272 destitutus
1312 1206 1602 1287 occiderit;
1630 1216 1773 1291 quod
1814 1237 1945 1276 sane
1980 1222 2043 1275 fi-

475 1307 595 1362 dem
666 1300 825 1376 119
880 1310 1077 1362 mereri
1143 1310 1351 1378 nequit.
1414 1308 1546 1364 Nam
1597 1313 1739 1380 quis.
1789 1314 2037 1379 obsecro,

477 1394 618 1453 scire
656 1404 834 1469 potest
876 1416 1005 1453 num
1041 1402 1240 1455 Cainus
1272 1404 1452 1455 adhuc
1482 1398 1740 1457 Lameelii
1780 1404 2040 1472 tempori-

474 1488 575 1544 bus
597 1495 873 1560 superstes
906 1485 1101 1547 fuerit?
1132 1486 1276 1547 Certi
1327 1488 1462 1547 nihil
1499 1495 1662 1548 statui
1698 1490 1764 1548 de
1802 1494 1906 1550 hoc
1942 1494 2061 1565 po;

473 1585 597 1644 test,
630 1595 752 1633 cum
798 1596 972 1635 annos
1016 1592 1360 1651 posterorum
1415 1584 1568 1637 Caini
1618 1580 1793 1638 Moses
1826 1581 1897 1638 ita
1930 1599 2041 1640 me-

472 1672 658 1725 moriae
686 1687 790 1726 non
817 1674 1138 1742 prodiderit,
1174 1684 1230 1729 ut
1269 1676 1623 1729 oriundorum
1656 1692 1684 1731 a
1724 1678 1892 1731 Sctbo
1928 1697 1940 1731 :
1970 1694 2039 1733 ne

472 1760 649 1817 dicam
682 1761 845 1817 Deum
877 1758 1051 1819 Caino
1074 1765 1363 1835 qttamdam
1394 1767 1712 1837 apposuisse
1744 1778 1949 1833 notam,
1975 1784 2040 1824 ne

475 1870 501 1910 a
534 1874 804 1927 quoquam
863 1872 1170 1916 necaretur.
1204 1861 1305 1916 Per
1350 1862 1486 1917 hanc
1538 1878 1665 1916 vero
1708 1872 1894 1917 notam
1952 1865 2038 1917 vel

2150 502 2337 567 ἔλεγεν
2368 504 2449 566 είς
2477 503 2650 573 αὐτὴν
2683 504 2906 574 ἀφορῶν
2954 506 3055 574 τὴν
3089 506 3320 572 πάρεσιν
3354 505 3462 557 τῶν
3509 506 3707 574 μελῶν.

2161 592 2322 647 ’Δλλὰ
2363 593 2436 663 μὴ
2475 596 2663 657 δέδιθι,
2694 596 2797 667 ἔφη
2827 597 2855 649 6
2890 597 3091 667 Κύριος
3116 613 3128 626 ⁸
3154 598 3183 649 6
3236 596 3345 668 γὰρ
3386 598 3709 664 ἀποκτείνας

2149 701 2206 737 σε
2245 682 2384 739 ἑπτὰ
2426 687 2787 759 ὲκδικούμενα
2841 689 3166 759 παραλύσει,
3234 689 3510 743 τουτέστιν
3569 692 3707 744 ἑπτὰ

2145 778 2442 847 τιμωρίαις
2458 778 2654 833 ἑαυτὸν
2686 780 2989 834 ὑπεύθυνον
3022 782 3378 850 καταστήσει.
3434 779 3545 834 Καὶ
3581 782 3711 851 περὶ

2148 867 2249 937 μὲν
2276 868 2482 923 τούτων
2523 870 2729 933 οὕτως’
2784 873 2813 925 6
2837 873 2894 926 δὲ
2940 872 3215 943 Γεώργιος
3251 873 3454 943 οἰκτρῷ
3494 872 3708 942 θανάτῳ

2143 958 2465 1029 τελευτῆσαι
2510 961 2602 1014 τὸν
2653 962 2794 1016 Κάῖν
2844 964 3030 1033 φησίν.
3071 963 3135 1016 'U
3163 964 3221 1016 δὲ
3271 964 3415 1031 ἱερὸς
3445 964 3710 1027 Μεθοδιος

2147 1050 2414 1121 Πατάρων
2453 1055 2641 1122 φησὶν,
2692 1055 2775 1107 ὅτι
2815 1056 2843 1109 6
2876 1055 3069 1125 Λάμεχ
3121 1055 3387 1122 φονεύσας
3430 1055 3522 1108 τὸν
3567 1056 3709 1109 Κὰῖν

2144 1138 2268 1196 κατ’
2292 1144 2513 1210 ἄγνοιαν
2547 1144 2768 1214 (τυφλὸς
2796 1144 2905 1215 γὰρ
2964 1136 3054 1214 ἦν)
3094 1145 3314 1214 θανάτῳ
3357 1146 3701 1215 παρέδωκεν.

2146 1233 2325 1300 Ὅπερ
2352 1230 2649 1288 ἀπίθανον·
2689 1236 2773 1299 τίς
2794 1236 2903 1306 γὰρ
2937 1234 3084 1290 εἶδεν
3108 1239 3191 1291 ὅτι
3218 1238 3247 1290 6
3301 1238 3443 1290 Κάῖν
3476 1237 3707 1290 διετέλει

2142 1324 2254 1388 ζῶν
2277 1324 2418 1378 κατὰ
2442 1327 2569 1388 τοὺς
2599 1328 2824 1396 χρόνους
2851 1328 2946 1382 τοῦ
2990 1328 3182 1399 Λάμεχ
3211 1346 3228 1388 ;
3267 1328 3499 1396 Ἄδηλον
3546 1326 3708 1380 τοῦτο

2140 1410 2230 1485 ἦν,
2265 1417 2484 1470 ὅτιτῶν
2511 1418 2621 1471 ἀπὸ
2643 1419 2737 1472 τοῦ
2786 1419 2928 1472 Κάῖν
2980 1419 3079 1472 οὐκ
3135 1419 3442 1490 ἀναγράφει
3499 1418 3708 1487 Μωσῆς

2142 1504 2331 1577 ὥσπερ
2360 1507 2422 1578 δὴ
2450 1509 2558 1561 τῶν
2595 1509 2703 1563 ἀπὸ
2724 1510 2819 1565 τοῦ
2851 1510 2979 1581 Σήθ.
3022 1510 3233 1573 Ἄλλως
3264 1528 3323 1563 τε
3354 1514 3446 1564 καὶ
3478 1513 3707 1581 σημεῖον

2140 1593 2235 1649 τοῦ
2265 1596 2400 1651 Θεοῦ
2443 1596 2625 1661 δόντος
2654 1602 2728 1664 τῷ
2758 1602 2900 1654 Κάῖν
2946 1602 3041 1655 τοῦ
3082 1602 3156 1672 μὴ
3195 1601 3550 1670 ἀναιρεθῆναι
3584 1602 3705 1670 (ση-

2146 1690 2295 1757 μεῖον
2340 1689 2396 1742 δὲ
2439 1689 2660 1759 νοητέον
2720 1692 2751 1760 ἢ
2802 1691 2893 1744 τὸν
2946 1693 3073 1760 ὅρον
3134 1692 3295 1746 αὑτὸν
3334 1692 3428 1744 τοῦ
3474 1690 3608 1744 Θεοῦ
3669 1690 3704 1759 ἦ

2143 1778 2232 1830 τὸν
2261 1780 2370 1833 τῶν
2409 1780 2587 1850 μελῶν
2628 1780 2792 1836 αὐτοῦ
2853 1782 3089 1853 κλόνον),
3133 1784 3247 1847 πῶς
3302 1781 3542 1853 ἀνῃρέθη
3590 1780 3705 1834 λοι-

2146 1862 2247 1920 πόν
2272 1884 2286 1932 ;

472 1946 589 2018 ipsa
626 1949 717 2004 Dei
779 1952 845 2005 de
891 1951 1062 2007 Cnino
1119 1953 1389 2007 sententia
1447 1952 1614 2008 debet
1670 1954 1898 2025 intelligi
1953 1955 2036 2009 vel
2077 1959 2447 2015 membrorum
2494 1962 2612 2033 ejus
2682 1963 2996 2036 trepidatio.
3063 1964 3310 2031 Quonam
3351 1963 3519 2036 igitur
3547 1970 3710 2034 pacto

471 2037 576 2096 diei
612 2050 788 2109 potest
817 2059 937 2098 esse
969 2044 1368 2114 interemptus?

539 2125 657 2185 Jam
694 2134 740 2187 si
777 2150 989 2203 qumras
1036 2137 1386 2204 quamobrem
1424 2133 1600 2191 Moses
1650 2136 1804 2191 Caini
1857 2148 2042 2207 poste-

475 2232 654 2276 forum
715 2240 889 2278 annos
948 2241 1055 2278 non
1108 2227 1466 2291 receusuerit,
1517 2243 1746 2297 magnus
1798 2226 1888 2281 ille
1940 2230 2037 2284 tibi

473 2316 704 2384 Cyl-ilius
737 2317 786 2369 in
820 2316 1109 2387 Glapltyris
1136 2319 1248 2372 sive
1282 2318 1637 2373 varietatibus
1666 2321 1777 2374 suis
1814 2334 2040 2389 respon-

474 2407 640 2461 debit.
672 2408 786 2462 Non
828 2407 929 2465 hoc
981 2403 1180 2467 factum
1217 2422 1324 2474 cst,
1355 2409 1548 2480 inquit,
1583 2426 1648 2463 ex
1692 2408 2036 2480 ignoratione

473 2500 703 2567 quadam
738 2501 853 2566 Del,
894 2502 987 2556 sed
1019 2503 1145 2572 quia
1176 2512 1520 2573 peccatorum
1546 2516 1721 2556 annos
1762 2511 2036 2572 totamque

473 2590 609 2645 adeo
656 2594 821 2646 vitam
862 2595 1001 2649 libro
1048 2595 1347 2649 viventium
1401 2595 1670 2649 contineri
1702 2593 1857 2649 nolit.
1888 2594 2035 2649 Idem

470 2679 702 2756 Cyrillus
748 2686 913 2741 refert
955 2688 1180 2741 Cainnm
1235 2698 1290 2742 et
1331 2687 1559 2740 Abelum
1594 2687 1764 2742 fuisse
1812 2686 2035 2757 figuram

475 2778 757 2848 primigeni
810 2778 989 2848 p0puli
1042 2778 1248 2834 Judaici
1282 2790 1335 2833 et
1362 2779 1565 2834 Christi
1610 2777 1937 2848 Christoque
1970 2779 2037 2833 fi-

472 2873 739 2926 dentium.
769 2873 1237 2939 Quemadmodum
1274 2872 1419 2926 enim
1463 2870 1664 2926 Cainus
1708 2871 1909 2926 invidia
1937 2869 2037 2926 fla-

473 2981 635 3036 grans
682 2963 908 3035 profuso
966 2964 1153 3019 fratris
1198 2965 1459 3033 sanguine
1506 2979 1611 3017 non
1668 2963 1844 3017 solum
1882 2979 1911 3017 a
1945 2963 2042 3017 Dei

474 3068 772 3128 conspectu
846 3057 1118 3126 profugit,
1171 3068 1359 3110 verum
1433 3055 1597 3109 etiam
1656 3056 1711 3107 in
1766 3053 2039 3124 ejusmodi

2217 2143 2277 2194 Εί
2311 2143 2365 2196 δὲ
2417 2146 2620 2214 ζητεῖς,
2652 2148 2768 2210 πῶς
2802 2146 2869 2201 τὰ
2911 2147 3004 2217 ἔτη
3030 2147 3137 2202 τῶν
3171 2146 3281 2202 ἀπὸ
3308 2144 3401 2202 τοῦ
3440 2148 3581 2201 Κάῖν
3607 2144 3710 2207 οὐκ

2142 2236 2449 2304 ἀναγράφει
2480 2237 2709 2306 Μωσῆς,
2743 2240 2769 2289 6
2796 2238 2968 2307 μέγας
3001 2239 3264 2309 Κύριλλος
3319 2240 3376 2291 ὲν
3406 2240 3521 2300 τοῖς
3567 2238 3708 2291 Γλα-

2142 2329 2333 2397 φυροῖς
2373 2328 2536 2382 αὐτοῦ
2568 2330 2764 2396 διδάξει
2796 2347 2854 2382 σε
2878 2330 3050 2399 λέγων
3082 2332 3164 2383 ὅτι
3201 2331 3263 2383 ού
3312 2331 3433 2383 κατ’
3482 2330 3710 2397 ἄγνοιαν

2140 2417 2234 2472 τοῦ
2268 2418 2427 2481 Θεοῦ,
2449 2419 2565 2473 ἀλλ’
2590 2421 2792 2472 ὅτιτῶν
2815 2421 3157 2492 ἁμαρτωλῶν
3184 2422 3251 2475 τὰ
3278 2422 3373 2491 ἔτη
3399 2421 3496 2474 καὶ
3516 2419 3709 2483 ἁπλῶς

2143 2514 2237 2566 καὶ
2267 2512 2365 2583 τὴν
2394 2513 2541 2583 ζωὴν
2574 2513 2755 2567 αὐτῶν
2808 2516 2864 2569 ἐν
2905 2514 3073 2586 βίελῳ
3118 2512 3338 2579 ζώντων
3385 2511 3711 2585 γεγραμμέ-

2146 2623 2243 2675 νην
2276 2605 2419 2674 ἕχειν
2447 2606 2507 2658 ού
2537 2606 2701 2661 θέλει.
2749 2606 2906 2660 mea
2933 2606 2991 2658 δὲ
3024 2605 3101 2676 τῷ
3154 2605 3507 2675 διαληφθέντι
3529 2603 3708 2674 Πατρὶ

2144 2695 2313 2758 τύπος
2337 2691 2404 2765 ἦν
2435 2696 2462 2747 6
2490 2694 2628 2748 Κάῖν
2653 2686 2803 2749 καὶκὸ
2855 2696 3019 2749 Ἀδελ
3047 2695 3140 2749 τοῦ
3171 2694 3519 2767 πρωτοτόκου
3572 2689 3702 2745 λαοῦ

2144 2786 2237 2841 τοῦ
2264 2786 2496 2857 Χριστοῦ
2531 2804 2592 2840 τε
2620 2789 2713 2841 καὶ
2756 2789 2866 2842 τῶν
2917 2791 2997 2852 είς
3047 2789 3212 2843 αὐτὸν
3272 2786 3702 2841 πιστευσάντων.

2146 2878 2358 2948 Ὠσπερ
2380 2880 2488 2948 γὰρ
2519 2879 2548 2930 6
2576 2879 2716 2933 Κάῖν
2748 2879 2837 2933 διὰ
2864 2879 3062 2947 φθόνον
3105 2880 3200 2932 καὶ
3239 2878 3301 2931 τδ
3335 2876 3430 2930 τοῦ
3472 2874 3705 2944 ἁδελφοῦ

2145 2964 2284 3039 αἷμα
2315 2970 2471 3038 ἐξέϐη
2498 2970 2604 3023 ἀπὸ
2645 2972 2940 3041 προσώπου
2972 2972 3132 3035 Θεοῦ,
3165 2973 3252 3025 ναὶ
3287 2972 3395 3041 μὴν
3418 2978 3513 3025 καὶ
3541 2987 3710 3039 κατη-

2146 3061 2288 3129 ρὰση
2322 3061 2529 3113 στένειν
2564 3062 2659 3116 καὶ
2682 3062 2907 3131 τρέμειν
2938 3064 3029 3114 ἐπὶ
3078 3063 3176 3133 τῆς
3223 3067 3323 3132 γῆς
3361 3062 3707 3133 περιπατῶν,

474 3148 905 3202 exsecratlonem
956 3146 1145 3200 incidit
1178 3156 1234 3198 ut
1283 3144 1636 3213 vagabundns
1662 3142 1717 3196 in
1763 3141 1923 3196 terris
1950 3157 2040 3211 ge.-

2145 3144 2316 3209 οὖτως
2348 3148 2458 3217 ἄρα
2490 3150 2584 3201 καί
2631 3152 2659 3203 6
2700 3150 2992 3213 Ἰουδαῖκὸς
3022 3152 3111 3204 διὰ
3143 3152 3340 3221 φθόνον
3380 3154 3476 3205 καὶ⁸
3523 3151 3584 3203 τὸ
3610 3150 3707 3204 τοῦ

474 3250 649 3293 meret
699 3249 860 3307 atque
926 3244 1203 3297 tremeret,
1256 3236 1335 3289 sic
1396 3236 1559 3288 etiam
1608 3233 1832 3288 Judaica
1889 3232 2039 3287 natio

476 3343 699 3401 propter
732 3328 988 3383 invidiam
1022 3347 1126 3398 qua
1170 3328 1433 3398 flagravit.
1464 3337 1516 3380 et
1559 3325 1838 3395 profusum
1869 3324 2040 3394 ipsius

470 3427 677 3485 Christi
714 3427 1055 3498 sanguinem,
1087 3444 1116 3482 e
1157 3424 1252 3481 Dei
1296 3435 1593 3495 conspectu
1624 3424 1878 3485 excessit,
1905 3423 2041 3495 jam-

473 3532 579 3589 que
608 3517 741 3572 adeo
774 3524 1012 3571 tremens
1037 3526 1089 3571 et
1122 3530 1343 3586 gemens
1371 3514 1689 3584 obvagatur.

546 3610 659 3666 Hoc
713 3610 871 3663 modo
912 3620 1094 3662 notam
1146 3606 1317 3663 Caino
1366 3606 1508 3661 Deus
1551 3605 1823 3677 apposuit,
1855 3618 1925 3662 ne
1972 3603 2039 3662 ab

475 3700 655 3772 aliquo
685 3697 1062 3772 perimeretur,
1102 3700 1155 3754 id
1205 3700 1347 3769 quod
1384 3698 1626 3754 futurum
1681 3699 2037 3755 existimarat.

475 3795 688 3849 Etenim
719 3795 834 3865 ipse
861 3793 1071 3847 dixerat
1102 3810 1117 3847 :
1154 3811 1172 3844 ι
1212 3792 1437 3847 Accidct
1470 3802 1529 3846 ut
1563 3791 1656 3861 qui
1706 3807 1793 3845 me
1822 3806 2040 3861 cunque

474 3887 738 3958 repererit
774 3887 1007 3942 occidat.
1053 3904 1071 3937 ι
1116 3884 1388 3954 Iosephus
1421 3883 1585 3938 tradit
1623 3882 1851 3937 Cainum
1877 3884 2038 3938 obse-

473 3996 655 4034 erasse
687 3974 881 4041 Deum,
910 3995 978 4033 ne
1015 3979 1068 4032 in
1109 3974 1469 4048 obvagatione
1519 3992 1618 4032 sua
1652 3978 1790 4033 forte
1834 3978 1885 4031 in
1928 3978 2041 4033 bel-

472 4075 592 4129 luas
651 4073 947 4137 incideret;
1007 4086 1181 4141 eoque
1240 4080 1399 4140 pacto
1471 4068 1698 4140 periisse
1759 4072 2037 4147 hominem

472 4167 660 4221 refert.
694 4164 899 4231 Quodsi
934 4164 1097 4218 etiam
1144 4164 1283 4218 scire
1307 4161 1609 4229 desideras,
1648 4164 1793 4218 unde
1840 4162 2041 4217 Cainus

475 4259 693 4312 modum
744 4253 1025 4311 occidendi
1073 4254 1257 4309 fratris
1297 4255 1591 4324 acceperit,
1630 4252 1722 4323 qui
1762 4253 2039 4308 neminem

472 4348 640 4403 sciret
670 4348 846 4400 adlmc
888 4360 917 4399 a
954 4361 1228 4415 quoquam
1264 4346 1635 4412 interfectum,
1670 4344 1798 4397 licet
1832 4345 1933 4398 hoc
1973 4343 2042 4398 de

475 4455 671 4509 magno
700 4438 792 4494 illo
830 4432 1130 4494 Athanasio
1163 4450 1479 4507 cognoscas,
1520 4436 1612 4505 qui
1651 4436 1925 4490 diabolum
1967 4437 2044 4491 ait

2142 3239 2381 3307 Χριστοῦ
2412 3235 2549 3310 αἷμα
2586 3239 2744 3310 ἐξέϐη
2788 3242 2896 3293 ἀπὸ
2954 3241 3249 3310 προσώπου
3289 3243 3384 3297 τοῦ
3423 3242 3559 3297 Θεοῦ
3610 3240 3710 3299 καὶ

2141 3334 2433 3403 περιπατεί
2465 3332 2666 3386 στένων
2697 3333 2791 3385 καὶ
2813 3333 3054 3405 τρέμων.

2212 3598 2445 3668 Σημετον
2474 3598 2570 3654 οὖν
2601 3598 2800 3656 δέδωκε
2852 3603 2929 3671 τῷ
2968 3603 3109 3658 Κάἳν
3160 3607 3188 3658 6
3222 3605 3372 3671 Θεὸς,
3434 3603 3576 3659 ὥστε
3632 3605 3707 3679 μὴ

2141 3691 2375 3764 φονευθῇ
2433 3694 2585 3764 παρά
2626 3708 2791 3761 τινος,
2826 3692 2901 3759 ώς
2944 3698 3147 3760 ἐκεῖνος
3186 3698 3479 3751 ὑπώπτευε
3508 3714 3523 3729 ’
3582 3700 3707 3763 καὶ,

2146 3804 2166 3835 ι
2217 3786 2433 3852 Ἔσται,
2474 3804 2492 3837 ι
2530 3786 2637 3856 γάρ
2678 3804 2832 3855 φησι,
2872 3806 2890 3839 ι
2939 3790 3095 3852 πᾶςὸ
3124 3788 3393 3860 εὑρίσκων
3449 3805 3515 3859 με
3572 3790 3709 3841 ἁπο-

2141 3879 2318 3929 κτενεῖ
2361 3892 2450 3947 με.
2491 3896 2510 3929 ι
2557 3876 2616 3932 ’0
2638 3879 2693 3930 δὲ
2733 3879 2993 3949 Ἰώσηπός
3058 3898 3221 3951 φησιν
3252 3883 3333 3934 ὅτι
3361 3884 3452 3934 τὸν
3508 3880 3644 3934 Θεὸν
3681 3881 3709 3932 6

2144 3969 2282 4021 Κάἴν
2314 3969 2543 4035 ἱκέτευε,
2608 3970 2816 4041 μήποτε
2850 3971 3059 4039 θηρίοις
3109 3973 3389 4041 ἀλώμενος
3434 3973 3707 4041 περιπέσῃ

2141 4062 2235 4114 καὶ
2280 4063 2491 4115 τουτονὶ
2542 4062 2632 4115 τον
2700 4064 2902 4129 τρόπον
2947 4063 3238 4133 ἀπόληται.
3297 4063 3359 4115 El
3414 4062 3470 4115 δὲ
3523 4062 3709 4131 ζητεῖς

2142 4154 2306 4206 πόθεν
2365 4153 2571 4221 ἔγνωκε
2631 4156 2832 4224 τρόπον
2880 4156 2908 4207 6
2978 4142 3116 4208 Κάῖν
3186 4154 3253 4208 δι’
3302 4148 3363 4208 οὗ
3410 4155 3509 4222 τῆς
3562 4153 3708 4220 ζωῆς

2141 4243 2349 4313 ταύτης
2400 4245 2725 4320 ύπεξαγάγῃ
2800 4247 2895 4300 τὸν
2949 4246 3140 4311 Ἀϐελ,
3198 4248 3429 4315 ἐπείπερ
3484 4246 3586 4297 οὐκ
3636 4239 3713 4297 εἷ-

2141 4334 2231 4389 δεν
2275 4336 2463 4406 ἕτερόν
2510 4355 2633 4392 τινα
2672 4338 2823 4406 παρά
2878 4354 3026 4399 τινος
3070 4335 3489 4406 ἀναιρούμενον,
3541 4338 3570 4388 6
3616 4335 3712 4403 μέ-

2143 4443 2246 4493 γας
2291 4427 2608 4492 Ἀθανάσιος
2660 4427 2862 4492 διδάξει
2905 4442 2965 4481 σε
3023 4429 3221 4497 λέγων,
3271 4430 3352 4482 ὅτι
3398 4427 3522 4480 κατ’
3573 4428 3711 4498 ὄναρ

472 4508 644 4587 Caino
684 4548 780 4602 per
804 4531 1050 4603 quietem
1090 4529 1320 4585 necandi
1352 4527 1532 4582 fratris
1568 4528 1834 4583 rationem
1862 4537 2040 4584 osten-

2146 4516 2423 4583 ὑπέδειξεν
2462 4519 2490 4569 6
2518 4517 2762 4581 διάϐολος
2810 4518 2957 4587 αὐτῷ
3004 4519 3096 4572 τὸν
3159 4519 3359 4587 τρόπον
3400 4518 3496 4585 τῆς
3553 4519 3710 4571 ἀναι-

473 4626 633 4681 disse.
1072 4664 1081 4671 ς

547 4713 751 4771 Invidia
818 4711 1037 4784 quidem
1099 4723 1267 4777 certe,
1315 4727 1413 4765 ceu
1465 4706 1726 4775 diximus,
1770 4708 1825 4764 in
1884 4708 2039 4765 Caini

474 4809 638 4864 corde
684 4807 918 4877 quodam
977 4805 1131 4874 quasi
1186 4803 1459 4858 domicilio
1512 4802 1834 4866 constituto,
1883 4802 2041 4857 Abeli

473 4902 673 4955 caedem
719 4897 951 4968 peperit.
980 4894 1111 4950 Nam
1166 4893 1429 4965 ejusmodi
1480 4887 1859 4970 affectionibus
1891 4907 2041 4946 mor-

473 4991 662 5044 talium
693 4988 858 5041 animi
882 4982 1008 5040 facti
1038 4993 1164 5038 sunt
1189 4980 1433 5043 obnoxii,
1459 4993 1810 5051 posteaquam
1835 4995 1865 5034 e
1897 4988 2038 5034 statu

476 5074 941 5149 perturbationum
987 5082 1207 5142 experte
1256 5073 1479 5141 ipsaque
1526 5069 1659 5125 adeo
1703 5070 2039 5139 perfectione

396 5208 415 5229 χ
476 5172 817 5225 exciderunt.
846 5164 1214 5220 Nihilominus
1258 5162 1426 5217 animi
1469 5162 1688 5232 quidam
1724 5159 2041 5215 affectiones

392 5324 397 5327 ν
477 5254 1122 5329 ιιτιδρε,ευρειίιιιι,ουηι
1178 5270 1210 5309 e
1268 5254 1486 5308 diverso
1540 5251 1630 5306 alii
1691 5250 1941 5306 nolentes
1972 5249 2039 5305 iis

472 5365 648 5412 semet
700 5364 976 5422 Opponere
1034 5344 1367 5419 quibuslibet
1412 5343 1814 5408 occasionibus,
1870 5343 2036 5397 etiam

473 5438 790 5510 levissimis,
819 5441 972 5513 quasi
1010 5439 1268 5513 prostrati
1304 5432 1701 5501 succumbant;
1729 5432 2036 5505 cuiusmodi

471 5536 731 5607 quiddam
765 5537 819 5592 in
855 5528 988 5607 ipsis
1020 5534 1185 5591 etiam
1211 5531 1535 5605 corporibus
1566 5542 1649 5587 est
1679 5530 1880 5586 videre.
1903 5528 2037 5584 Nam

554 5697 598 5731 ”
626 5703 739 5755 Gen
806 5712 877 5761 tv.
911 5695 991 5753 li.

2149 4608 2375 4675 ρέσεως.

2211 4698 2406 4761 Φθόνος
2465 4698 2562 4769 μὲν
2598 4696 2713 4765 οὗν,
2744 4699 2818 4762 ώς
2844 4702 3081 4771 εἴρηται,
3113 4705 3180 4772 τῇ
3214 4700 3310 4754 τοῦ
3354 4703 3492 4755 Κάῖν
3542 4704 3710 4768 ὲγκα-

2144 4790 2400 4859 θιδρύσας
2441 4789 2588 4861 ψυχῇ
2616 4792 2706 4845 τὸν
2736 4792 2830 4845 τοῦ
2859 4793 3024 4845 ’Δϐελ
3063 4794 3224 4861 φόνον
3255 4794 3548 4847 ἀπέτεκεν.
3580 4794 3707 4847 Τοι-

2141 4881 2319 4943 ούτοις
2348 4882 2458 4953 γὰρ
2502 4881 2733 4936 πάθεσιν
2759 4885 2816 4936 αἱ
2862 4883 2968 4939 τῶν
3006 4882 3313 4954 ἀνθρώπων
3350 4884 3515 4955 ψυχαὶ
3540 4885 3710 4952 γεγό-

2145 4990 2271 5027 νασι
2306 4974 2527 5044 κάτοχοι
2582 4975 2721 5043 μετὰ
2774 4975 2874 5046 τὴν
2923 4977 3023 5045 τῆς
3067 4976 3335 5040 ἀπαθείας
3360 4978 3579 5045 ἐκείνην
3616 4978 3711 5029 καὶ

2142 5067 2479 5135 τελειότητος
2517 5068 2810 5122 ἔκπτωσιν.
2878 5068 3017 5121 Ἀλλ’
3056 5069 3193 5122 ἔνιαι
3253 5070 3350 5138 μιν
3383 5069 3491 5121 τῶν
3518 5068 3710 5138 ψυχῶν

2144 5160 2426 5229 κρείττους
2471 5159 2816 5230 εὑρίσκονται
2849 5160 2959 5213 τῶν
2994 5160 3250 5214 τοιούτων
3295 5161 3521 5222 παθών,
3570 5161 3711 5213 ἔνιαι
3782 5162 3807 5175 ”

2145 5250 2200 5303 δὲ
2231 5251 2392 5304 πάλιν
2421 5251 2747 5304 ἀντιϐαίνειν
2771 5248 2845 5321 μὴ
2879 5250 3128 5303 θέλουσαι
3151 5254 3245 5306 καὶ
3268 5254 3388 5314 ταῖς
3421 5251 3715 5320 τυχούσαις

2145 5345 2418 5415 ἀφορμαῖς
2449 5344 2900 5411 καταϐέϐληνται.
2932 5342 3040 5397 Καὶ
3069 5343 3319 5412 καθάπερ
3343 5345 3433 5396 ἐπὶ
3472 5342 3580 5395 τῶν
3610 5357 3718 5394 σω-

2151 5437 2335 5505 μάτων
2369 5437 2516 5490 ἔστιν
2551 5438 2679 5489 ἰδεῖν
2709 5439 2849 5508 (ἔνια
2890 5437 2989 5507 μὲν
3017 5437 3128 5507 γὰρ
3172 5437 3352 5490 αὐτῶν
3384 5436 3600 5502 εὐεξίας
3640 5434 3714 5489 δι’

2145 5528 2270 5582 ὅλου
2298 5529 2639 5600 μετέχουσιν,
2667 5532 2724 5582 ὲν
2750 5529 2928 5583 οὐδενὶ
2961 5526 3070 5584 τῶν
3099 5528 3483 5601 ἐμπιπτόντων
3509 5526 3714 5593 ἔξωθεν
