4062 6186
336 301 444 367 231

1580 300 1980 364 ANNALIUM
2015 303 2208 363 PARS
2253 303 2329 365 ll.

3462 309 3570 371 238

335 412 799 486 περιτρεπόμενα,
830 416 946 470 ἔνια
975 417 1032 469 δὲ
1075 415 1330 470 τοσοῦτόν
1354 397 1500 468 ἐἰσιν
1531 417 1904 488 ἀρρώστημα-

2012 417 2252 484 quasdam
2278 431 2467 472 eorum
2497 420 2704 492 optime
2745 434 2968 488 prorsus
3009 419 3200 473 alim-ta
3230 428 3376 476 sunt,
3413 435 3511 469 nec
3545 439 3570 471 a

333 509 459 578 τίκα
493 509 612 572 ταῖς
665 510 730 562 ὲκ
777 510 1005 580 γενετῆς
1053 513 1421 573 κατασκευαῖς
1454 507 1594 562 ὥστε
1647 509 1720 579 μὴ
1766 509 1901 578 πρὸς

333 588 484 654 οὐδὲν
525 601 910 671 ἀντιπράττειν
962 599 1074 654 τῶν
1124 601 1324 676 ἔξωθεν
1373 602 1582 660 αίτὶων,
1630 601 1766 654 ἀλλὰ
1803 601 1902 654 κᾶν

336 691 544 762 θαλφθῇ
579 691 774 762 βραχὺ,
827 691 932 745 κᾶν
986 692 1166 763 ψυχθῇ
1192 734 1206 756 ,
1260 691 1364 745 κᾶν
1407 693 1762 764 ἀγρυπνήσῃ,
1795 693 1899 746 κᾶν

336 783 580 854 κοιμηθῇ
617 783 778 837 πλέον
811 784 904 836 τοῦ
935 784 1167 848 δέοντος.
1195 784 1397 847 εὐθέως
1423 784 1614 850 νοσεῖ),
1640 784 1782 838 οὕτω
1805 785 1900 838 καὶ

337 874 426 924 ἐπὶ
461 874 571 927 τῶν
613 874 802 945 ψυχῶν
845 875 1026 928 αὖτῶν
1061 875 1388 929 διανοεῖσθαί
1421 893 1480 929 σε
1517 876 1690 940 ἄξιον.

2007 513 2168 564 rebus
2197 511 2532 564 extrinsecus
2563 511 2936 565 accidentibus
2962 512 3074 564 ulla
3099 512 3258 565 modo
3283 511 3570 570 larduntm;
3659 553 3664 562 .

2008 616 2131 655 cum
2176 601 2279 654 alia
2332 611 2611 670 tantopere
2667 601 2931 654 debilitati
2973 615 3034 655 ac
3079 603 3283 656 morbis
3333 600 3569 654 obn'oxia

2008 693 2116 747 sint
2167 707 2232 747 ex
2290 693 2682 747 constitutione
2731 694 2961 762 quadam
2995 694 3249 755 naturali,
3281 703 3339 746 ut
3395 695 3574 746 causis

2005 785 2347 840 extrinsecus
2390 785 2767 839 accidentibus
2829 789 3087 840 resistere
3149 785 3229 839 vel
3299 785 3571 838 tantillum

2003 865 2298 948 nequeant.
2334 875 2598 931 Nimirum
2647 876 2692 931 si
2738 877 2898 944 paulo
2947 877 3070 944 plus
3101 891 3258 945 atquo
3302 875 3386 928 vel
3422 878 3571 928 inea-

337 963 564 1028 lescant,
599 963 682 1017 vel
713 962 968 1033 frigeant,
997 955 1082 1018 v'el
1120 964 1364 1036 vigilem,
1416 965 1496 1020 vel
1525 965 1820 1032 dormiant,
1864 966 2124 1022 continuo
2168 965 2388 1021 morbus
2461 965 2831 1036 subsequitur.
2869 963 3012 1018 Idem
3077 966 3128 1018 in
3177 965 3374 1020 animis
3413 969 3574 1018 etiam

311 1055 631 1109 ‘usuveuire
657 1054 946 1125 cogitabis.

406 1146 561 1199 Μετά
594 1145 650 1198 δέ
680 1145 854 1199 ταῦτα
884 1146 1376 1216 παραμυθούμενος
1399 1147 1490 1201 τὸν
1524 1147 1698 1218 Ἀδὰμ
1727 1150 1753 1202 6
1775 1149 1904 1212 Θεὸς

337 1241 402 1307 τῇ
449 1239 558 1292 ἀπὸ
600 1238 692 1291 τοῦ
751 1239 1084 1306 παραδείσου
1119 1257 1176 1292 τε
1221 1240 1594 1310 ἀδημονοῦντα
1630 1242 1903 1295 ἐκπτώσει

337 1333 430 1383 καὶ
462 1331 543 1399 τῷ
573 1331 666 1384 τοῦ
697 1331 866 1383 ’Δϐελ
897 1330 1134 1402 Θανάτῳ,
1173 1332 1374 1386 ἔδωκεν
1414 1333 1566 1404 αὖτῷ
1595 1334 1689 1386 τὸν
1715 1335 1904 1404 ἐνάρε-

332 1439 423 1476 τον
451 1422 585 1493 Σήθ.
606 1423 756 1476 Κατὰ
779 1423 888 1491 γὰρ
915 1425 1073 1477 τοῦτο
1107 1423 1204 1478 καὶ
1228 1426 1258 1494 ὴ
1289 1424 1398 1477 Εὕα
1422 1425 1606 1494 ἔλεγεν
1631 1444 1644 1459 ’
1677 1445 1696 1478 ι
1719 1427 1903 1492 Ἐξαν-

333 1512 530 1582 έστησέ
582 1529 674 1582 μοι
727 1515 754 1566 6
799 1513 930 1577 Θεὸς
977 1513 1200 1584 σπέρμα
1230 1514 1418 1586 ἕτερον
1454 1518 1576 1570 ἀντὶ
1604 1517 1698 1570 τοῦ
1737 1518 1902 1571 Ἀϐελ

329 1601 392 1655 ὃν
427 1601 718 1655 ἀπέκτεινε
753 1605 914 1659 Κάῖν.
950 1623 969 1656 ι
1612 1615 1620 1620 ’

407 1692 649 1746 Γίνωσκε
685 1693 742 1746 δὲ
795 1696 878 1749 ὅτι
939 1696 1078 1766 πρὸς
1128 1699 1248 1762 ταῖς
1296 1697 1486 1762 ἄλλαις
1525 1699 1771 1770 αἱρέσεσι
1807 1699 1903 1755 καὶ¹

2089 1149 2248 1218 120
2282 1147 2590 1204 Secundum
2625 1148 2739 1202 hsce
2767 1156 2823 1202 ut
2857 1147 3122 1200 Adamum
3157 1149 3296 1202 Deus
3327 1151 3579 1205 consola-

2013 1249 2184 1308 retur,
2220 1242 2338 1311 ηιιί¹
2373 1251 2484 1295 tum
2541 1250 2761 1311 pr0pter
2807 1241 3152 1294 amissionem
3188 1243 3424 1311 paradisi
3464 1254 3576 1296 lum

2014 1335 2164 1390 Abeli
2198 1335 2398 1389 caedem
2443 1349 2774 1403 magnopere
2827 1333 3196 1396 amictaretur,
3228 1342 3579 1403 prmstantom

2010 1426 2061 1478 ei
2122 1426 2324 1479 virtute
2378 1426 2546 1478 [ilium
2589 1425 2816 1478 Sethum
2880 1425 3049 1479 dedit.
3085 1426 3449 1491 Quamobrem
3495 1428 3580 1481 his

2012 1513 2120 1567 Eva
2156 1515 2334 1569 verbis
2372 1526 2454 1569 est
2488 1531 2584 1569 usa
2627 1531 2642 1570 :
2685 1535 2702 1566 ι
2744 1516 2884 1569 Deus
2922 1517 3053 1570 mihi
3079 1519 3318 1572 sobolem
3349 1519 3578 1573 alteram

2009 1607 2062 1660 in
2096 1607 2270 1661 locum
2297 1597 2448 1662 Abeli
2476 1624 2504 1662 a
2531 1607 2701 1663 Caino
2731 1615 2996 1679 perempti
3025 1611 3270 1678 reposuit
3297 1611 3365 1665 ³⁸.
3402 1631 3420 1662 ›

2078 1696 2229 1751 Scire
2259 1697 2428 1750 debes
2485 1711 2739 1765 magnum
2799 1697 2949 1750 illum
3009 1695 3371 1764 Epiphanium
3438 1697 3580 1750 inter

328 1782 436 1851 τὴν
482 1782 782 1854 λεγομένην
845 1786 954 1840 τῶν
1017 1788 1331 1843 Καῖανιτῶν
1381 1791 1595 1861 αἵρεσιν
1646 1793 1674 1844 6
1731 1789 1902 1860 μέγας

2012 1797 2231 1841 exteras
2256 1786 2624 1842 Caianitarum
2641 1801 2853 1856 quoque
2880 1795 3085 1840 sectam
3123 1801 3573 1840 commemorare.

339 1873 663 1940 ἐπιφὰνιος
714 1875 972 1946 ἔγραφεν.
1013 1873 1176 1932 Οὗτοι
1229 1880 1328 1950 μὲν
1374 1877 1466 1934 οῦν
1522 1881 1662 1935 Κάῖν
1695 1881 1900 1949 ἐτίμων

329 1962 413 2024 ὡς
463 1963 696 2034 δύναμιν
741 1984 901 2029 τινα,
959 1967 1143 2037 ἔλεγον
1173 1970 1228 2023 δὲ
1267 1973 1350 2025 ὅτι
1406 1971 1468 2024 τὸ
1521 1972 1686 2025 καλὸν
1723 1973 1816 2024 καὶ
1841 1975 1902 2026 16

327 2054 504 2106 κακὸν
527 2056 604 2126 μὴ
637 2057 777 2111 κατὰ
804 2058 1031 2129 γνώμην
1059 2056 1199 2114 εἶναι
1236 2061 1567 2132 ἀνθρώποις,
1601 2047 1736 2116 ἀλλᾶ
1762 2063 1905 2116 κατὰ

328 2145 523 2212 φύσιν.
558 2149 774 2218 Τιμῶσι
802 2149 858 2203 δὲ
885 2154 979 2204 κα)⁸
1015 2153 1106 2206 16v
1139 2153 1362 2206 Ἰούδανο
1390 2155 1479 2208 διὰ
1504 2154 1611 2225 γὰρ
1641 2155 1735 2208 τοῦ
1768 2173 1907 2226 προ-

325 2237 518 2292 δοῦναι
571 2241 662 2294 τὸν
703 2242 914 2314 ,Κύριον
967 2243 1127 2316 ἔργον
1164 2247 1350 2312 καλὸν,
1399 2246 1567 2318 ηγουν
1611 2247 1712 2318 τὴν
1747 2249 1906 2317 ἡμῶν

329 2331 617 2400 σωτηρίαν
675 2334 992 2404 εἰργάσατο.
1037 2337 1147 2390 Καὶ
1200 2338 1406 2407 βιϐλίον
1454 2339 1511 2391 δὲ
1563 2341 1694 2410 παρ’
1726 2341 1907 2404 αὐτοῖς

343 2425 745 2481 Ἀναϐατιανδν
778 2429 1096 2501 λεγόμενον,
1129 2434 1386 2504 περιέχον
1410 2433 1446 2488 ἃ.
1476 2432 1617 2490 εἶδεν
1637 2435 1666 2488 6
1693 2435 1908 2500 Παῦλος

327 2516 458 2569 καθ’
509 2518 568 2571 ὃν
606 2521 771 2590 ἀνέϐη
828 2524 1016 2593 καιρὸν
1077 2527 1156 2588 εἰς
1193 2525 1376 2596 τρίτον
1410 2526 1659 2597 οὐρανόν.
1692 2526 1908 2581 Βιϐλίον

329 2607 396 2659 δὲ
441 2609 505 2662 τὸ
536 2611 781 2664 τοιοῦτόν
812 2615 928 2667 ἐστι
973 2615 1106 2684 παρ’
1139 2617 1352 2682 αὐτοῖς,
1396 2618 1477 2672 ὅτι
1516 2619 1578 2670 οὐ
1609 2619 1910 2690 προσέσχον

333 2700 419 2769 τῷ
450 2703 672 2773 μεγάλῳ
721 2706 949 2775 Παύλῳ,
989 2707 1210 2778 ῥήματα
1277 2709 1376 2778 μὲν
1431 2708 1663 2764 ἀκοῦσαι
1694 2711 1908 2779 λέγοντι

336 2795 468 2846 κατ’
503 2796 678 2849 ἐκεῖνο
711 2799 928 2866 καιροῦ,
977 2801 1049 2870 μὴ
1092 2800 1291 2864 ἐξεῖναι
1333 2802 1389 2854 δέ
1430 2818 1601 2854 ταυτα
1636 2801 1908 2869 γλώσσαις

336 2883 650 2952 ἀνθρώπων
679 2885 926 2956 λαλῆσαι.
954 2891 1074 2943 Ὅτι
1107 2891 1163 2944 δέ
1212 2892 1281 2946 τὰ
1316 2893 1538 2962 ῥήματα
1573 2895 1757 2946 ἐκεῖνα
1784 2891 1909 2946 οὔτε

335 2974 681 3044 ἐλαλήθησαν
717 2977 840 3031 οὔτε
880 2981 988 3032 τινὶ
1045 2981 1210 3051 μέχρι
1258 2983 1351 3036 τοῦ
1403 2982 1500 3037 νῦν
1533 2984 1906 3052 ἐγνώσθησαν,

337 3067 437 3168 καὶ
470 3069 499 3120 6
533 3069 782 3136 θεολόγος
835 3072 1136 3144 Γρηγόριος
1197 3077 1256 3127 ἐν
1312 3075 1389 3145 τῷ
1444 3076 1574 3146 περὶ
1628 3075 1978 3168 θεὸλογίαςο

337 3159 488 3229 λόγῳ
535 3162 702 3215 αὐτοῦ
749 3163 1022 3218 δείκνυσιν
1069 3165 1242 3228 οὕτως
1270 3166 1478 3220 εἰπών·
1519 3187 1537 3220 ι
1577 3168 1638 3221 El
1689 3169 1789 3238 μὲν
1814 3167 1907 3220 οῦν

337 3251 549 3323 ἕκφορα
580 3254 808 3322 γέγονεν
861 3255 898 3310 ἃ.
948 3258 1027 3322 τῷ
1083 3259 1280 3328 Παύλῳ
1328 3259 1604 3328 παρέσχεν
1656 3260 1684 3312 6
1727 3259 1909 3326 τρίτος

337 3344 570 3414 οὐρανὸς
603 3353 696 3400 καὶ
723 3349 757 3417 ἡ
785 3349 944 3420 μέχρι
988 3350 1198 3403 ἐκείνου
1224 3351 1471 3420 πρόοδος,
1503 3352 1646 3420 τάχα
1686 3351 1751 3404 ἂν
1781 3352 1910 3422 περὶ

341 3433 480 3487 Θεοῦ
521 3436 684 3490 πλέον
733 3438 998 3508 ἔγνωμεν.
1037 3460 1056 3492 ι
1111 3442 1271 3495 Ἀλλὰ
1308 3442 1404 3494 καὶ
1450 3444 1478 3495 6
1511 3443 1912 3513 χρυσορῤήμων

355 3525 613 3598 Ἰωάννης
643 3530 700 3582 ιν
728 3534 849 3594 ταῖς
879 3535 958 3596 εἰς
984 3534 1084 3603 τὴν
1119 3535 1455 3605 Ἐξαήμερον
1487 3534 1652 3589 αὐτοῦ
1678 3533 1915 3602 ὁμιλίαις

339 3616 484 3672 οὕτω
523 3621 690 3690 φησίν
720 3637 735 3652 ·
774 3641 794 3673 ι
834 3622 894 3675 Et
922 3624 950 3674 6
980 3626 1154 3691 μέγας
1210 3624 1416 3688 Παῦλος
1448 3625 1476 3678 6
1511 3626 1620 3678 τῶν
1658 3626 1914 3694 ἀρρήτων

343 3708 568 3761 ἐκείνων
623 3713 887 3782 ῥημάτων
942 3714 1173 3768 ἀκοῦσαι
1227 3716 1606 3782 καταξιωθεὶς,
1637 3710 1714 3770 ὧν
1748 3716 1910 3786 μέχρι

345 3799 443 3868 τῆς
496 3802 740 3874 σήμερον
775 3806 948 3869 οὐδεὶς
994 3807 1152 3871 ἄλλος
1185 3809 1412 3878 ἤκουσε,
1440 3811 1672 3877 γράφων
1700 3809 1907 3876 ἔλεγεν,

359 3890 699 3966 ’Υπωπιὰζω
728 3914 829 3966 μου
871 3898 932 3951 τὸ
963 3899 1120 3968 σῶμα
1151 3901 1244 3953 καὶ⁸
1274 3900 1619 3969 δουλαγωγῶ,
1655 3900 1706 3952 τί
1743 3900 1812 3953 ἂν
1836 3898 1913 3950 εἴ-

349 4001 545 4052 ποιμεν
570 3989 769 4057 ήμείς;
813 4010 831 4042 ι
871 3993 979 4044 Καὶ
1012 3993 1140 4061 περὶ
1171 3992 1376 4046 τούτων
1408 3993 1602 4056 οὕτως.

2003 1879 2269 1934 Colebant
2332 1879 2406 1932 illi
2448 1879 2680 1934 Cainum
2742 1893 2844 1933 ceu
2880 1878 3168 1948 quamdam
3225 1886 3575 1947 potestatem,

2005 1973 2331 2040 aiebantque
2364 1971 2564 2026 bonum
2605 1983 2661 2024 et
2701 1971 2900 2024 malum
2954 1971 3008 2023 in
3045 1969 3357 2024 hominibus
3423 1985 3448 2020 a
3488 1985 3580 2020 vo-

2007 2062 2216 2117 luntate
2251 2078 2356 2116 non
2381 2062 2622 2130 pendere
2659 2076 2719 2115 ac
2771 2060 3064 2130 proﬁcisci,
3121 2060 3213 2114 sed
3272 2075 3298 2112 a
3359 2070 3575 2113 natura.

2006 2153 2171 2209 iidem
2205 2163 2258 2208 et
2293 2153 2484 2209 Judam
2518 2153 2725 2207 honore
2759 2161 3185 2220 prosequuntur,
3220 2158 3278 2204 ut
3308 2153 3399 2220 qui
3447 2151 3576 2204 Scr-

2007 2257 2250 2302 vatorem
2282 2245 2564 2317 prodendo
2619 2245 2866 2314 prmclari
2925 2245 3129 2314 eperis,
3171 2249 3371 2297 nestr.e
3417 2243 3578 2296 nimi-

2008 2357 2127 2395 rum
2163 2339 2373 2403 salutis,
2410 2345 2602 2392 auctor
2630 2336 2922 2391 exstiterit.
2982 2334 3382 2390 Circumfertur
3437 2335 3579 2404 apud

2008 2432 2230 2487 eosdem
2261 2431 2398 2484 liber
2427 2444 2588 2498 quem
2625 2427 3026 2482 Anabatianum
3056 2426 3148 2495 (ab
3185 2426 3442 2495 ascensu)
3481 2444 3578 2480 vo-

2009 2528 2153 2572 cant.
2185 2515 2552 2573 Continentur
2584 2517 2689 2570 hoc
2717 2513 2778 2569 ea
2811 2530 2930 2584 quae
2984 2514 3182 2568 Paulus
3235 2515 3284 2568 id
3318 2518 3581 2589 temporis

2008 2609 2350 2680 conspexerit
2391 2609 2580 2679 quoin
2617 2609 2810 2664 malum
2851 2605 3066 2661 tertium
3113 2607 3378 2668 asc-endit,
3433 2614 3582 2669 neu-

2009 2714 2141 2758 nent
2169 2704 2312 2758 hunc
2347 2701 2422 2755 illi
2447 2703 2665 2764 librum,
2693 2717 2799 2754 non
2833 2700 3329 2760 animadvertentcs
3352 2705 3576 2760 Paulum

2010 2795 2250 2865 profiteri
2282 2809 2341 2850 se
2367 2802 2477 2848 tum
2507 2794 2669 2868 verba
2698 2796 2936 2866 quaedam
2965 2799 3181 2853 audisse
3213 2816 3331 2868 qua:
3381 2801 3580 2870 linguis

2013 2887 2265 2942 humanis
2293 2885 2475 2940 etTerri
2531 2887 2601 2941 sit
2649 2887 2826 2942 nefas.
2884 2891 3058 2958 Atque
3088 2891 3173 2944 illa
3226 2902 3372 2947 certe
3418 2895 3578 2947 verba

2011 2996 2110 3035 nec
2131 2980 2334 3050 prolata
2366 2979 2528 3034 fuisse
2564 2995 2824 3049 unquam,
2861 2997 2962 3034 nec
3001 2997 3028 3035 a
3090 2984 3399 3038 mortalium
3443 3000 3580 3052 quo-

2011 3087 2170 3142 quam
2206 3071 2442 3141 cognita,
2476 3069 2768 3139 Gregorius
2797 3069 2959 3125 etiam
3023 3069 3326 3142 Thcologus
3371 3073 3422 3126 in
3457 3088 3582 3126 ora-

2014 3165 2160 3218 tione
2193 3180 2312 3232 quze
2351 3170 2436 3217 est
2485 3163 2551 3216 de
2585 3171 2729 3216 recta
2760 3161 3059 3216 disserendi
3111 3163 3178 3217 de
3208 3165 3316 3216 Deo
3347 3163 3578 3228 ratione,

2013 3257 2193 3310 verbis
2227 3255 2374 3310 hisce
2412 3257 2788 3309 demonstrat:
2833 3273 2851 3307 ι
2883 3254 3082 3320 Quodsi
3129 3255 3295 3309 Paulo
3339 3257 3582 3311 licuisset

2015 3344 2169 3400 ell‘ari
2209 3360 2269 3400 ea
2309 3359 2538 3414 quorum
2592 3344 2692 3412 ipsi
2720 3343 3084 3416 cognitionem
3117 3346 3310 3400 caelum
3363 3352 3579 3401 tertium

2015 3444 2071 3490 et
2101 3450 2270 3504 usque
2296 3435 2364 3489 ad
2395 3435 2523 3489 illud
2559 3435 2862 3506 progressio
2918 3436 3302 3506 suppeditavit,
3348 3436 3582 3492 fortasse

2016 3528 2082 3581 de
2125 3527 2234 3580 Deo
2265 3527 2421 3581 nobis
2452 3525 2652 3596 aliquid
2703 3527 2934 3597 amplius
2967 3536 3262 3583 constaret.
3301 3547 3320 3580 ι
3387 3530 3581 3584 Consi-

2017 3619 2219 3673 militer
2260 3617 2498 3673 Joannes
2546 3618 2635 3673 ille
2664 3617 3085 3690 ChrySostomus
3140 3621 3192 3674 in
3244 3621 3583 3676 orationibus

2014 3711 2121 3764 illis
2143 3711 2340 3780 quibus
2379 3725 2542 3778 Opera
2582 3726 2675 3764 sex
2700 3711 2908 3765 dierum
2939 3713 3236 3775 enarravit,
3288 3713 3373 3768 his
3404 3714 3584 3769 verbis

2018 3802 2188 3856 utitur
2219 3818 2231 3852 :
2266 3820 2284 3852 ι
2328 3801 2384 3855 Si
2427 3805 2652 3871 magnus
2690 3801 2778 3856 ille
2829 3801 3046 3866 Paulus,
3079 3819 3238 3872 quem
3295 3820 3360 3859 eo
3392 3809 3583 3874 digna-

2019 3903 2106 3949 tus
2134 3903 2218 3948 est
2262 3895 2468 3947 honore
2515 3893 2656 3946 Deus
2705 3901 2761 3945 ut
2803 3893 3016 3948 audiret
3064 3895 3353 3949 iueliabilia
3420 3899 3581 3951 verba

2021 3986 2149 4040 nulli
2181 3985 2246 4038 ad
2282 3985 2426 4038 hunc
2472 3998 2643 4052 usque
2677 3984 2818 4038 diem
2875 3985 2962 4038 alii
3020 3989 3325 4040 mortalium
3377 3990 3581 4050 audita,

349 4081 530 4138 dicere
555 4099 662 4137 non
687 4087 982 4140 dubitavit‘
1016 4104 1073 4143 se
1102 4103 1473 4157 corpussuum
1501 4087 1841 4142 contundere
1903 4098 1965 4138 ac
2005 4081 2268 4150 subigere,
2327 4079 2456 4147 quid
2497 4093 2594 4132 nos
2654 4077 2870 4133 tandem
2930 4080 2996 4132 de
3049 4082 3208 4135 nobis
3257 4081 3437 4139 dicere
3489 4102 3584 4155 par

343 4178 464 4230 est?
500 4197 519 4229 ι
557 4178 634 4232 Ac
670 4179 734 4233 de
764 4181 844 4234 his
872 4182 1088 4250 quidem
1118 4184 1399 4240 hactenus.

424 4271 482 4322 Ὁ
511 4271 569 4322 δὲ
615 4272 788 4341 Ἀδὰμ
820 4275 956 4341 μετὰ
982 4276 1042 4326 τὸ
1069 4275 1404 4344 ἐκϐληθῆναι
1429 4275 1524 4328 τοῦ
1569 4274 1906 4347 παραδείσου

347 4362 672 4430 (τηνικαῦτα
737 4363 846 4432 γὰρ
897 4365 1122 4436 ἄρχεται
1185 4367 1218 4434 ὴ
1285 4365 1700 4435 χρονογραφία).
1739 4363 1911 4433 ζήσας

2089 4269 2326 4324 Adamus
2359 4276 2541 4322 autem
2585 4268 2796 4337 ejectus
2853 4283 2882 4321 e
2936 4269 3190 4338 paradiso
3241 4270 3395 4338 (hinc
3439 4275 3582 4326 enim

2021 4370 2328 4428 temporum
2350 4358 2982 4425 adnotatioinehoatur),
3015 4374 3139 4412 cum
3170 4376 3342 4414 annos
3371 4363 3474 4416 950
3506 4364 3584 4416 vi-

344 4454 640 4506 έννακὸσια
701 4456 795 4525 ἔτη
853 4457 986 4526 πρὸς
1043 4459 1157 4519 τοῖς
1221 4460 1516 4526 τριάκοντα
1563 4456 1795 4526 τελευτᾷ
1852 4460 1909 4508 ἐν

2016 4453 2192 4506 vendo
2222 4453 2519 4520 explesset,
2551 4453 2604 4504 in
2639 4449 2822 4505 Iud-aea
2849 4463 3097 4506 mortuus
3129 4463 3233 4515 est,
3267 4455 3579 4524 ibidemque

355 4544 606 4616 Ἰουδαίᾳ,
645 4549 810 4600 κάκεῖ
842 4549 1132 4600 τέθαπται.
1169 4549 1278 4602 Καὶ
1332 4549 1450 4612 πῶς
1479 4550 1663 4602 ἄκουε.
1707 4547 1765 4600 '0
1816 4547 1910 4616 μέν

343 4655 440 4704 γᾶς
489 4638 812 4702 Ἐπιφὰνιος
866 4641 924 4691 ἐν
985 4642 1098 4701 τοῖς
1132 4640 1474 4707 ιιανιιρίοις,
1525 4637 1786 4699 ὡσαύτως
1817 4638 1945 4689 καὶ·

342 4731 368 4780 6
395 4729 574 4796 μέγας
603 4729 879 4793 Βασίλειος
916 4730 974 4783 ἐν
1011 4733 1077 4798 τῇ
1107 4731 1184 4793 εἰς
1215 4731 1306 4784 τὸν
1341 4729 1630 4800 προφήτην
1679 4728 1911 4782 Ἡσαΐαν

344 4821 614 4891 ἑρμηνείᾳ
662 4820 811 4888 λέγει
856 4822 1106 4891 ἄγραφον
1159 4821 1456 4892 παράδοσιν
1507 4819 1909 4890 περισώζεσθαι

343 4915 403 4980 τῇ
450 4911 757 4981 Ἐκκλησία
791 4911 923 4980 περὶ
983 4911 1076 4964 τοῦ
1128 4913 1320 4982 ’Λδὰμ,
1373 4913 1446 4975 ώς
1492 4912 1654 4971 εὐθὺς
1687 4911 1822 4980 μετὰ
1854 4912 1914 4964 τὸ

343 5002 679 5072 ἐκϐληθῆναι
712 5003 806 5055 τοῦ
839 5005 1168 5073 παραδείσου
1204 5007 1284 5066 είς
1315 5004 1413 5075 τὴν
1451 5005 1708 5058 Ἰουδαίαν
1738 5003 1912 5056 ἐλθεῖν

341 5095 502 5162 χάριν
549 5096 900 5164 παρηγορίας
934 5089 1010 5148 ὧν
1041 5097 1343 5148 ἀπώλεσεν·
1396 5095 1536 5164 αὕτη
1575 5097 1668 5149 καὶ
1699 5096 1808 5164 γὰρ
1842 5096 1913 5163 γῆ

343 5186 483 5237 πίων
522 5186 794 5239 καλεῖται.
841 5187 1050 5239 Ἐκεῖσε
1104 5185 1289 5239 λοιπὸν
1343 5176 1688 5255 ἐνδιατρίϐει,
1727 5188 1908 5244 ἐκεῖσε

342 5279 433 5330 καὶ
473 5277 767 5331 τέθαπται.
818 5275 1013 5344 Θαῦμα
1071 5277 1168 5346 μὲν
1215 5275 1308 5330 οὖν
1361 5276 1540 5329 ἐδόκει
1568 5278 1682 5339 τοῖς
1710 5277 1910 5346 ὁρῶσιν

341 5367 372 5436 ἡ
404 5367 614 5420 ἐκείνου
648 5370 860 5438 κεφαλὴ
892 5369 991 5437 τῆς
1035 5369 1238 5436 σαρκὸς
1275 5367 1646 5438 διαρῤυείσης,
1686 5367 1769 5418 ὅτι
1807 5369 1902 5420 καὶ

340 5460 558 5528 πρῶτον
594 5461 800 5512 ἐκεῖνον
847 5460 1086 5514 Ἰουδαία
1122 5461 1316 5528 νεκρὸν
1360 5459 1599 5523 ἐδέξατο.
1638 5458 1728 5510 Ἐν
1751 5459 1905 5527 τόπῳ

2017 4544 2286 4612 sepultos.
2341 4541 2494 4596 Unde
2541 4544 2594 4597 id
2643 4552 2878 4611 constet,
2930 4543 3076 4597 audi.
3137 4543 3472 4614 Epiphanius
3524 4551 3577 4600 in

2015 4631 2264 4686 Panariis
2295 4641 2350 4686 et
2380 4632 2609 4686 Basilius
2639 4632 2694 4685 in
2732 4633 2882 4688 lsaias
2913 4635 3048 4688 vatis
3082 4639 3432 4690 enarratione
3475 4648 3583 4692 tra-

2017 4723 2153 4777 dunt
2185 4723 2534 4777 traditionem
2566 4723 2853 4791 quamdam
2878 4740 2987 4777 non
3017 4726 3272 4794 scriptam
3309 4727 3359 4780 in
3392 4729 3582 4784 Eccle-

2017 4816 2095 4870 sia
2147 4815 2404 4880 retineri,
2440 4815 2708 4870 Adamum
2758 4815 2826 4870 de
2872 4817 3124 4885 paradiso
3177 4819 3406 4883 eiectum
3458 4838 3581 4876 mox

2016 4908 2068 4961 in
2101 4907 2340 4963 Judacam
2376 4908 2723 4977 pervenisse,
2757 4924 2866 4978 quo
2910 4910 3093 4963 damni
3146 4910 3270 4966 l'acti
3322 4914 3576 4968 solatium

2015 4999 2230 5068 aliquod
2291 4999 2542 5053 haberet.
2595 4999 2728 5052 Nam
2781 5001 2900 5068 ejus
2947 5009 3104 5054 terrae
3164 5003 3338 5056 solmn
3380 5005 3580 5073 pingue

2017 5091 2186 5144 sacris
2226 5090 2536 5144 in‘Litteris
2567 5091 2891 5160 appellatur,
2944 5093 2994 5144 in
3031 5107 3135 5159 qua
3169 5093 3426 5163 deinceps
3455 5111 3578 5148 cum

2020 5186 2244 5239 vixisset
2294 5183 2494 5238 ibidem
2553 5184 2800 5251 sepultus
2851 5183 2976 5238 fuit.
3021 5184 3084 5237 Et
3133 5185 3419 5239 videbatur
3461 5189 3580 5252 ejus

2014 5285 2198 5344 caput,
2245 5277 2334 5330 ubi
2369 5277 2479 5343 jam
2537 5289 2729 5328 carnes
2764 5274 3141 5338 deduxissent;
3178 5279 3371 5331 mirum
3402 5277 3578 5346 quod-

2013 5368 2136 5420 dam
2176 5366 2517 5420 intuentibus
2551 5381 2671 5420 esse
2704 5367 3100 5436 spectaculum,
3131 5369 3426 5436 przescrtim
3452 5382 3573 5420 cum

2001 5459 2169 5527 121
2207 5455 2389 5510 Judaza
2423 5451 2654 5526 primum
2683 5457 2926 5511 omnium
2959 5459 3191 5512 cadaver
3222 5458 3392 5526 ipsius
3423 5471 3579 5509 exce—

342 5548 526 5604 λοιπόν
559 5568 668 5604 τινι
693 5551 1058 5621 καταθέμενοι
1093 5552 1154 5605 τὸ
1181 5551 1424 5604 τοιοῦτον
1453 5549 1702 5622 κρανίον,
1736 5550 1904 5604 τόπον

2012 5550 2202 5618 pisset.
2224 5549 2405 5618 Itaque
2441 5547 2564 5603 loco
2587 5549 2820 5617 quodam
2853 5549 2951 5604 hae
2996 5549 3167 5616 ipsius
3191 5547 3295 5600 calt
3309 5547 3421 5601 aria
3446 5561 3575 5601 eort-

408 5727 454 5759 ”
490 5725 631 5783 Gen.
662 5742 736 5792 tv,
932 5729 944 5759 ¹
983 5727 1000 5782 l
1032 5726 1157 5785 Cor.
1189 5745 1264 5794 ιχ,
1295 5727 1385 5782 27.
