4062 6186
279 277 382 340 2i]

1529 291 1938 357 ANNALIUM
1981 299 2172 362 PARS
2219 304 2302 364 II.

3431 311 3540 376 ΞΩ

278 413 372 462 τος
400 397 762 471 προσηύξατο
792 400 1161 472 μετατεθῆναι
1196 406 1224 458 6
1261 405 1494 474 δίκαιος,
1543 411 1619 476 ὡς
1657 416 1857 485 μηκέτι

1968 421 2328 474 mortalitatis-
2365 422 2641 492 exeipere.
2680 425 2941 494 Adeoque
2979 425 3116 493 justi
3153 426 3392 483 hominis
3430 428 3545 482 haec

280 489 525 544 τοιοῦτόν
569 509 622 544 τι
663 491 950 562 Θεάσηται.

1976 513 2221 566 conditio
2258 514 2399 568 nihil
2444 526 2563 571 erat
2611 517 2759 571 aliud
2796 533 2955 586 quam
3001 521 3194 574 mortis
3230 521 3375 573 velut
3409 519 3546 574 insi-

279 597 432 642 stere
473 590 645 654 iussae
685 591 966 649 inhibitio.
1007 591 1276 663 Georgius
1314 599 1506 652 scribit
1551 601 1865 659 interfectis
1907 603 2118 661 Enochi
2187 609 2446 666 fratribus
2479 629 2508 666 a
2554 611 2847 675 Lamecho.
2919 617 3011 682 qui
3043 615 3242 669 deinde
3282 617 3544 683 conjuges

278 697 474 737 eorum
525 684 630 738 sibi
681 685 1037 742 matrimonio
1094 687 1392 758 junxerit,

277 787 580 852 spectaret.

368 877 560 943 Ἔγνω
590 877 650 929 δὲ
693 878 836 932 Κάἴν
871 878 967 947 τὴν
1011 880 1250 946 γυναῖκα
1299 881 1490 948 αὑτοῦ,
1543 887 1640 940 καὶ
1677 888 1876 942 συλλα-

286 967 464 1022 6οὖσα
514 967 674 1021 ἔτεκε
724 969 818 1021 τὸν
867 969 1061 1034 Ἐνώς.
1088 972 1277 1042 Τούτῳ
1310 973 1390 1044 τῷ
1427 975 1592 1040 Ἑνὼς
1617 983 1873 1042 γεννᾶται

289 1059 516 1125 Γαῖδίν,
565 1061 760 1113 Γαῑδᾶν
815 1061 870 1114 δὲ
922 1064 1090 1133 γεννᾷ
1117 1064 1208 1115 τὸν
1245 1065 1550 1134 Μαλελεὴλ,
1589 1070 1874 1142 Μαλελεὴλ

291 1150 348 1203 δὲ
373 1153 546 1221 γεννᾷ
574 1151 667 1204 τὸν
696 1152 1058 1219 Μαθουσάλα,
1097 1157 1192 1209 καὶ
1230 1156 1422 1211 Μαθου
1435 1159 1572 1214 σάλα
1602 1161 1870 1233 ἐγέννησε

283 1243 378 1295 τδν
403 1244 622 1314 Λάμεχ.
649 1244 850 1298 Ἔλασε
886 1245 941 1298 δὲ
966 1247 1146 1316 ἑαυτῷ
1183 1250 1208 1301 6
1238 1248 1432 1320 Λάμεχ
1457 1251 1549 1306 δύο
1583 1257 1870 1322 γυναῖκας,
1901 1274 1908 1282 ·

307 1331 426 1387 Ἆδᾶ
467 1335 565 1388 καὶ
606 1337 767 1401 Σελᾶ,
815 1338 908 1390 καὶ
958 1337 1062 1406 ἔφη
1117 1339 1253 1407 πρὸς
1284 1343 1473 1406 αὑτάςο
1509 1361 1526 1394 ι
1577 1345 1872 1400 ’Λκούσατε

279 1423 383 1492 τῆς
418 1426 608 1494 φωνῆς
651 1433 785 1496 ’μου,
845 1431 1106 1494 γυναῖκες
1153 1431 1364 1501 Λάμεχ,
1400 1435 1730 1490 ἐνωτίσασθε
1765 1457 1868 1507 μου

279 1517 411 1577 τοὺς
449 1515 667 1584 λόγους,
701 1517 785 1570 ὅτι
839 1519 1008 1590 ἄνδρα
1047 1521 1354 1578 ἀπέκτεινα
1383 1527 1464 1588 είς
1493 1529 1713 1597 τραῦμα
1743 1531 1867 1596 ἐμοὶ

279 1606 377 1660 καὶ
406 1607 694 1659 νεανίσκον
720 1609 800 1672 είς
825 1608 1069 1678 μώλωπα
1098 1613 1242 1682 ἐμοὶ,
1272 1614 1354 1666 ὅτι
1390 1617 1622 1680 ἑπτάκις
1658 1619 1872 1700 ἐκδεδί-
1909 1631 1922 1644 ·

277 1713 445 1767 κηται
471 1699 542 1750 ὲκ
576 1699 737 1764 Κάῖν,
768 1702 832 1752 ὲκ
853 1701 909 1753 δὲ
945 1703 1137 1773 Λάμεχ
1171 1706 1634 1775 ἐσδομηκοντάκις
1663 1713 1859 1768 ἑπτά.»

1483 695 1689 762 justum
1749 698 1898 753 hunc
1938 702 2115 755 virum
2176 711 2456 772 precatum
2507 721 2632 762 esse
2684 721 2754 760 ne
2811 708 2940 776 quid
3006 707 3274 778 ejusmodi
3310 708 3545 777 amplius

2046 893 2247 950 Cainus
2305 896 2466 952 etiam
2501 913 2625 952 cum
2657 965 2659 968 η
2689 913 2860 954 uxore
2895 915 3018 954 cum
3079 901 3266 957 liberis
3318 917 3542 972 operam

1976 983 2252 1050 dedisset,
2286 995 2548 1056 concepto
2593 987 2686 1043 illa
2741 987 2853 1043 fetu
2909 987 3179 1042 llenosum
3224 992 3384 1044 enixa
3435 1001 3539 1056 est,

1975 1076 2224 1134 llenosus
2255 1078 2553 1134 Gaidanem
2581 1082 2908 1150 procreavit,
2939 1081 3146 1136 Gaidun
3178 1081 3538 1146 Maleleelum,

1973 1170 2287 1224 Malelerlus
2356 1170 2740 1238 Mathusalam,
2789 1171 3120 1226 Mathusalas
3185 1169 3539 1226 Lamecltum.

1973 1261 2022 1316 ls
2049 1262 2259 1316 duabus
2291 1264 2550 1318 uxoribus
2581 1263 2696 1318 Ada
2727 1263 2963 1333 Selaque
2987 1263 3192 1329 ductis,
3224 1265 3302 1317 sic
3331 1278 3426 1319 eas
3461 1275 3542 1318 est

1970 1355 2277 1409 allocutus:
2317 1373 2335 1406 ι
2379 1355 2575 1409 Audite
2608 1371 2787 1409 meam
2837 1356 3165 1417 orationem,
3199 1369 3399 1408 uxores
3438 1352 3542 1408 La-

1973 1449 2175 1510 mecbi,
2212 1461 2266 1503 et
2299 1464 2418 1518 quae
2471 1449 2644 1502 dicam
2700 1448 2986 1503 attendite.
3017 1445 3206 1503 Occidi
3259 1446 3540 1501 hominem

1968 1559 2092 1596 cum
2127 1544 2349 1597 vulnere
2379 1557 2518 1608 meo,
2550 1542 2802 1612 juvenem
2833 1557 2944 1595 non
2991 1541 3110 1594 sine
3153 1539 3322 1609 plagis
3379 1539 3542 1592 meis.

1965 1633 2022 1688 In
2056 1633 2227 1690 Caino
2257 1633 2490 1704 septupli
2541 1646 2702 1700 poena
2743 1631 2867 1698 fuit,
2905 1634 2960 1686 in
3013 1631 3288 1686 Lamecho
3322 1641 3545 1700 septua-

1965 1725 2177 1796 gccupli
2197 1725 2428 1795 septupli
2456 1724 2616 1779 erit'.
2650 1744 2666 1776 ι
2701 1723 2878 1790 Quaeri
2906 1724 3042 1778 solet
3071 1725 3172 1778 hoc
3201 1723 3318 1778 loco
3347 1737 3541 1792 qnam-

277 1789 392 1842 Kai
428 1789 687 1858 ζητοῦσιν
727 1793 964 1846 ἐνταῦθα
1009 1795 1100 1849 διὰ
1142 1797 1196 1848 τί
1219 1799 1283 1851 ἐκ
1322 1799 1418 1866 μὲν
1458 1802 1598 1854 Κάῖν
1628 1803 1864 1869 ἑπτάκις

1968 1820 2157 1874 obrem
2213 1818 2268 1871 in
2309 1818 2480 1872 Caino
2511 1817 2728 1886 quidem
2780 1815 3018 1886 septupli
3049 1831 3206 1886 paena
3249 1819 3540 1879 statuatur,

279 1883 658 1954 ἐκδεδίκηται,
690 1887 782 1939 καὶ
818 1888 992 1941 ταῦτα
1034 1890 1127 1943 τὸν
1175 1894 1375 1951 αίκεῖον
1430 1894 1659 1964 ἀδελφὸν
1707 1897 1868 1966 ἔργον

279 1975 450 2042 φόνου
505 1977 872 2047 ποιήσαντος,
935 1981 1000 2034 ὲκ
1045 1981 1104 2035 δὲ
1159 1983 1351 2054 Λαμεχ
1404 1985 1870 2055 ἑϐδομηκοντάκις

278 2067 448 2120 ἑπτά.
518 2071 630 2122 Καὶ
687 2070 926 2139 λέγομεν
972 2072 1054 2126 ὅτι
1106 2073 1135 2126 6
1193 2078 1294 2143 μὲν
1342 2077 1483 2130 Κάῖν
1521 2077 1674 2132 οὔπω
1729 2079 1872 2149 ἔγνω

284 2163 478 2213 ὁποῖόν
505 2162 658 2214 ἐστιν
690 2159 725 2217 ό’
758 2164 917 2231 φόνος
947 2163 1139 2232 κακὸν,
1167 2167 1321 2221 οὔπω
1347 2163 1455 2223 εἶδε
1502 2172 1670 2239 φονέα
1695 2190 1869 2234 τιμω-

283 2252 577 2322 ρούμενον,
608 2251 762 2330 eum»
784 2253 890 2309 εἶδε
919 2258 1010 2311 τὸν
1033 2257 1166 2312 Θεδν
1200 2260 1288 2313 ἐπ’
1316 2263 1464 2332 αὐτῷ
1494 2264 1890 2332 ἀγανακτοῦν--

277 2362 371 2398 τα·
404 2346 492 2413 ἐφ’
523 2338 567 2414 ᾧ
611 2349 708 2401 καὶ
735 2349 1006 2421 τιμωρίας
1064 2352 1124 2404 οὐ
1177 2353 1434 2408 τοσοῦτον
1471 2356 1699 2427 βαρείας
1736 2376 1870 2427 μετ-

276 2439 538 2506 έσχηκεν.
596 2436 655 2492 Ὀ
700 2439 757 2491 δὲ
798 2441 989 2512 Λάμεχ
1045 2441 1339 2514 βαρύνεται
1388 2451 1450 2517 τῇ
1509 2449 1748 2512 κολάσει,
1784 2449 1868 2504 ὅτι

276 2533 480 2600 φονεὺς
519 2527 588 2602 ἦν
635 2534 775 2603 μετὰ
831 2536 924 2587 τὸν
977 2531 1281 2605 νόμονι³κα¹ι
1308 2539 1368 2591 τὸ
1412 2541 1754 2610 κατάκριμα,
1786 2540 1868 2596 ὅτι

273 2622 375 2673 τοῦ
441 2624 587 2703 καῖ)
627 2623 820 2677 ἑαυτὸν
866 2626 966 2678 οὐκ
1034 2628 1403 2697 ἐσωφρόνισεν
1466 2632 1866 2702 ὑποδείγματιο

273 2713 402 2764 ὅθεν
460 2716 554 2765 κλὶ
614 2715 926 2786 βαρυτέραν
978 2717 1192 2770 ἐκείνου
1232 2721 1334 2792 τὴν
1368 2723 1594 2778 κόλασιν
1629 2725 1864 2795 δέχεται.

287 2801 440 2853 Ἀλλ’
465 2803 492 2853 6
533 2803 633 2871 μὲν
666 2805 806 2860 Κάῖν
830 2809 922 2860 ἐπὶ
961 2809 1037 2876 τῷ
1069 2809 1216 2880 φόνῳ
1251 2814 1588 2884 συγγνώμης
1608 2817 1708 2870 οὐκ
1741 2817 1865 2871 ἔτυ-

271 2911 397 2961 χεν.
421 2895 506 2946 ὅτι
528 2901 611 2949 κα“
641 2914 704 2948 π’
724 2897 790 2966 ρὰ
819 2897 956 2952 Θεοῦ
987 2901 1348 2972 ἐλεγχόμενος
1377 2905 1646 2976 κρύπτειν
1671 2907 1871 2963 ἐσπευ-

272 2985 332 3037 δε
370 2986 432 3037 τὸ
466 2986 773 3058 ἁμάρτημα
795 3007 809 3022 ·
845 2993 872 3044 6
901 2991 955 3045 δὲ
992 2993 1182 3065 Λάμεχ
1215 2995 1314 3064 τῆς
1347 2999 1665 3078 μιαιφονίας
1693 3000 1868 3054 ἀπαλ-

272 3080 567 3146 λάσσεται,
600 3083 684 3134 ὅτι
737 3080 835 3152 τὴν
890 3083 1014 3135 καθ’
1067 3087 1263 3140 ἑαυτοῦ
1315 3087 1498 3156 ψῆφον
1553 3091 1647 3142 καὶ
1700 3093 1862 3160 μόνος

274 3173 599 3240 ἐξήνεγκεν,
664 3175 747 3227 ὃτι
809 3175 1052 3242 μείζονος
1117 3178 1313 3232 ἑαυτὸν
1376 3180 1543 3245 ἔδειξε
1585 3175 1934 3247 κολάσεωςα

275 3264 453 3328 ἀξιον,
491 3265 666 3330 οὕτως
709 3267 881 3319 εἰπών
906 3285 922 3300 ·
959 3285 993 3318 ι·
1027 3267 1206 3324 Ἐκόὲ
1231 3272 1422 3344 Λάμεχ
1457 3275 1860 3348 ἑϐδομηκοντά-

273 3374 362 3418 κις
385 3359 550 3412 ἑπτά.
585 3377 603 3410 ι

351 3535 414 3588 El
460 3536 517 3589 δὲ
560 3541 780 3622 κακεῖνο
834 3543 1349 3614 πολυπραγμονεῖς,
1403 3549 1680 3620 ἁγαπητὲ,
1721 3553 1858 3624 ὅπερ

274 3629 417 3696 πρὸς
451 3630 594 3686 Κάῖν
625 3626 781 3686 εἶπεν
802 3633 830 3685 ὁ
859 3634 1011 3712 Θεὸς,
1047 3636 1127 3688 ὅτι
1163 3638 1268 3700 πᾶς
1298 3639 1325 3690 ὁ
1357 3640 1684 3704 ἀποκτείνας
1721 3643 1858 3697 Κάῖν

275 3723 423 3774 ἑπτά
456 3723 820 3793 ἐκδικούμενα
849 3726 1180 3794 παραλύσει,
1208 3732 1235 3782 6
1262 3735 1666 3803 χρυσορῤήμων
1684 3735 1860 3789 Ἰωάν-

273 3829 372 3881 νης
405 3815 465 3864 ὲν
488 3812 568 3882 τῷ
593 3813 716 3866 κατ’
753 3815 1022 3870 Ἰουδαίων
1056 3819 1200 3887 ἕκτῳ
1227 3821 1370 3892 λόγῳ
1397 3823 1600 3890 διδάξει
1636 3843 1694 3879 σε
1718 3830 1859 3881 κατὰ

274 3905 431 3974 ῥῆμα
455 3905 675 3992 ῥιεξιὼν
703 3908 900 3962 οὑτωσί
927 3927 940 3939 ·
965 3930 984 3962 ‹
1022 3914 1110 3983 Μὴ
1147 3913 1334 3981 φοϐοῦ.
1367 3917 1518 3985 φησί·
1551 3917 1720 3989 βιώσῃ
1749 3919 1861 3988 βίον

276 3997 514 4065 μακρόν·
553 3997 654 4050 κᾶν
694 3999 858 4072 ἀνέλῃ
893 4002 950 4054 σέ
983 4019 1086 4067 τις,
1121 4003 1342 4065 πολλαῖς
1385 4008 1538 4061 ἔσται
1566 4010 1860 4078 τιμωρίαις

276 4087 610 4150 ὑπεύθυνος.
661 4087 720 4142 ’0
760 4093 868 4160 γὰρ
919 4093 1060 4146 ἔτιτά
1115 4095 1352 4166 ἀριθμὸς
1389 4099 1538 4169 παρὰ
1571 4103 1637 4169 τῇ
1668 4101 1856 4169 Γραφῇ

274 4178 591 4248 ἀδιορίστου
654 4181 892 4251 πλήθους
952 4187 1070 4238 ἐστὶ
1127 4191 1486 4257 σημαντικός.
1545 4193 1604 4242 '0
1651 4191 1859 4246 ἀνελών

275 4287 362 4329 σε,
402 4271 562 4340 φησι,
605 4275 698 4324 καὶ
753 4290 861 4324 των
903 4276 1274 4345 ἐπικειμένων
1311 4296 1392 4332 σοι
1433 4280 1732 4346 ἀπαλλάξει
1763 4300 1860 4335 κου

274 4363 515 4425 λάσεων,
562 4367 722 4416 αὐτὸς
768 4363 855 4432 ἐφ’
891 4368 1084 4422 ἑαυτὸν
1131 4371 1504 4426 ἐπισπάσεται
1539 4373 1636 4444 τὴν
1686 4393 1860 4443 τιμω-

279 4454 427 4522 ρίαν.
493 4457 600 4508 Καὶ
664 4457 811 4508 ῐοκεί
867 4459 964 4526 μὲν
1021 4457 1161 4514 εἶναι
1216 4461 1392 4533 βραχὺ
1426 4465 1486 4516 τὸ
1537 4466 1854 4534 λεγόμενον,

275 4547 479 4614 πολλῆς
541 4549 594 4600 δὲ
648 4549 800 4616 ὅμως
857 4551 1189 4618 κηδεμονίας
1250 4532 1387 4610 ἔστί.
1439 4557 1547 4610 Καὶ
1587 4532 1694 4628 γὰρ
1734 4562 1858 4622 τοὺς
1892 4532 1938 4588 D

271 4639 416 4706 μετὰ
467 4639 640 4694 ταῦτα
681 4643 1018 4711 σωφρονίσαι
1063 4645 1410 4715 βουλόμενος,
1460 4649 1699 4703 τοιοῦτον
1731 4653 1858 4704 ἐπες

273 4730 443 4800 νόησε
477 4733 754 4796 κολάσεως
784 4735 1007 4804 τρόπον,
1032 4737 1088 4799 ὃς
1125 4739 1432 4806 ἀπαλλάξαι
1462 4743 1716 4796 κάκεῖνον
1755 4745 1855 4812 τῆς

265 4823 552 4890 τιμωρίας
591 4823 844 4893 ἠδύνατο.
895 4827 955 4880 Εἰ
1004 4829 1106 4896 μὲν
1147 4831 1254 4901 γάρ
1287 4833 1491 4891 εὐθέως
1524 4836 1685 4888 αὐτὸν
1714 4837 1858 4889 ἀνεῖ-

259 4912 384 4975 λεν,
413 4913 656 4981 ἀπῆλθεν
695 4917 766 4968 ἂν
795 4917 934 4983 ἔχων
975 4920 1073 4987 τὴν
1115 4921 1416 4992 ἁμαρτίαν,
1448 4927 1542 4978 καὶ
1577 4929 1688 4989 τοῖς
1717 4927 1855 4996 μετὰ

269 5005 452 5058 ταῦτα
478 5007 574 5059 οὐκ
607 5011 670 5060 ἂν
702 5011 919 5077 ἐγένετο
943 5013 1242 5085 γνώριμος.
1276 5016 1408 5069 Νυνὶ
1435 5019 1657 5087 ἀφεθεὶς
1691 5021 1857 5073 πολῖιν

277 5098 480 5166 χρόνον
510 5097 673 5168 ζῆσαι
720 5105 777 5155 ἐν
809 5097 1003 5174 ἐκείνῳ
1033 5107 1108 5175 τῷ
1142 5108 1352 5180 τρόμῳ,
1390 5111 1705 5174 διδάσκαλος
1745 5115 1857 5174 τοῖς

269 5188 563 5242 ἀπαντῶσι
593 5190 889 5245 καθίστατο
921 5199 1056 5248 πᾶσι
1097 5198 1185 5250 διὰ
1215 5197 1313 5266 τῆς
1354 5199 1552 5268 ὂψεως.
1595 5201 1758 5255 ’Λλλά
1791 5204 1846 5256 τί
1888 5210 1892 5215 ⁷

261 5277 333 5346 δή
372 5297 501 5332 ποτε
537 5283 637 5350 τὴν
687 5283 966 5354 ἁμαρτίαν
999 5289 1368 5359 ὁμολογήσας,
1412 5289 1504 5344 καὶ
1537 5293 1708 5347 εἰπὼν
1745 5297 1859 5363 μεί-

267 5370 406 5433 ζονα
446 5375 780 5446 συγγνώμης
807 5379 1214 5449 ἡμαρτηκέναι,
1245 5384 1344 5436 οἰκ
1368 5384 1432 5436 ἂν
1459 5386 1682 5453 ἴσχυσεν
1719 5389 1856 5440 ἀπο-

263 5463 526 5531 νὶξασθαι
595 5469 654 5519 τὸ
705 5469 1044 5539 ἁμάρτημας
1105 5474 1298 5526 Καίτοι
1371 5492 1434 5542 γε
1481 5478 1508 5528 6
1562 5477 1858 5550 Προφήτης

266 5558 427 5624 φησὶ,
460 5576 477 5608 ι
501 5563 638 5626 Λέγε
673 5563 736 5612 σὺ
763 5561 856 5624 τάς
892 5565 1121 5632 ἀνομίας
1154 5583 1246 5618 σου
1272 5567 1507 5638 πρῶτος,
1533 5569 1617 5624 ἵνα
1637 5571 1839 5627 δικαιω-

345 5729 364 5758 ²
399 5728 534 5792 (ﬁcu.
567 5745 641 5794 tv,
673 5727 763 5784 23.
842 5729 860 5760 ⁸
890 5728 1018 5784 ibid.
1056 5730 1135 5785 15.

1973 1927 2095 1968 cum
2148 1911 2194 1965 is
2222 1911 2501 1980 proprium
2553 1910 2777 1964 fratrem
2829 1909 3114 1972 occiderit,
3162 1910 3216 1960 in
3268 1906 3544 1960 Lamecho

1971 2013 2150 2059 autem
2190 2003 2598 2074 septuagecupli
2641 2001 2918 2072 septupli?
2971 2000 3386 2068 Respondemus
3413 1997 3542 2052 Cai-

1971 2111 2102 2149 num
2159 2095 2393 2150 necdum
2445 2093 2670 2148 scivisse
2736 2093 3048 2163 cujusmodi
3106 2094 3308 2146 malum
3366 2093 3545 2146 caedes

1973 2188 2157 2252 feret;
2215 2185 2447 2241 necdum
2511 2200 2843 2256 quemquam
2905 2183 3238 2238 homicidam
3294 2169 3543 2252 punitum

1971 2283 2232 2346 novisse;
2274 2278 2512 2334 necdum
2572 2277 3006 2347 indignationem
3059 2277 3150 2330 Dei
3208 2287 3542 2344 compertam

1974 2373 2269 2426 habuisse:
2305 2369 2657 2439 quamobrem
2691 2381 2856 2437 poena
2890 2383 2998 2420 non
3032 2381 3206 2435 usque
3231 2365 3367 2442 adeo
3393 2370 3548 2438 gravi

1972 2463 2140 2518 fuisse
2171 2461 2447 2517 affectum.
2477 2460 2735 2514 Lameelti
2767 2475 2895 2514 vero
2923 2459 3252 2527 supplicium
3282 2477 3350 2515 eo
3378 2460 3548 2514 fuisse

1971 2556 2220 2626 gravius,
2261 2555 2405 2624 quod
2463 2554 2822 2609 homicidium
2876 2561 3002 2622 post
3053 2552 3229 2623 legem
3283 2553 3448 2606 latam
3492 2559 3550 2606 et.

1970 2649 2485 2704 eomlemnatimtem
2533 2646 2936 2717 promulgatam
2991 2645 3390 2708 commisisset,
3445 2656 3548 2698 nec

1969 2743 2122 2800 Caini
2147 2746 2395 2814 exemplo
2432 2744 2673 2797 monitus
2704 2740 2844 2813 frugi
2877 2741 3053 2796 factus
3085 2740 3302 2794 luisset.
3334 2739 3547 2793 Idcirco

1970 2839 2191 2908 gravius
2247 2837 2494 2906 punitur.
2547 2835 2782 2890 Rursmm
2849 2832 3058 2889 Cainus
3117 2831 3332 2908 veniam
3383 2831 3549 2886 cadis

1971 2905 2077 2984 non
2137 2937 2222 2982 est
2251 2905 2636 2983 consecutus.
2684 2923 2852 2990 idque
2895 2905 3187 2992 prepter'ea
3235 2922 3378 2990 quod
3439 2922 3548 2977 Deo

1971 3021 2146 3090 ipsum
2180 3019 2543 3087 redarguente
2571 3013 2830 3068 delictum
2864 3013 3144 3066 ecettllare
3175 3021 3407 3065 conatus
3433 3011 3550 3065 fue-

1971 3113 2059 3165 rit.
2097 3110 2167 3165 At
2189 3109 2382 3164 eodem
2416 3122 2443 3160 a
2472 3106 2684 3175 piaculo
2727 3103 3034 3158 Lameebus
3060 3104 3547 3174 absolvitur,quod

1969 3205 2086 3274 ipse
2110 3218 2208 3256 suo
2237 3217 2295 3257 se
2325 3193 2536 3254 calculo’
2566 3198 2928 3258 damnaverit.
2957 3212 3127 3265 seque
3165 3197 3359 3264 majori
3412 3214 3546 3267 sup-

1968 3290 2132 3360 plicio
2193 3288 2417 3360 dignum
2465 3286 2647 3342 verbis
2687 3285 2834 3342 hisce
2879 3287 3323 3356 prouuntiaverit
3362 3305 3374 3339 :
3429 3307 3446 3339 ι
3487 3286 3547 3342 In

1967 3382 2138 3439 Caino
2164 3381 2396 3451 septupli
2419 3395 2578 3451 pinna
2609 3379 2805 3444 fuit,in
2835 3377 3111 3435 Lamecho
3136 3381 3547 3452 septuagccupli

1969 3475 2364 3546 septuplierit.
2407 3492 2426 3525 ι
3153 3515 3176 3534 1

2038 3566 2263 3633 Quodsi,
2283 3566 2480 3622 dilecte
2499 3566 2594 3630 fili,
2619 3567 2836 3621 curiose
2868 3567 2962 3622 tibi
2992 3566 3307 3623 libetetiam
3350 3567 3416 3622 de
3446 3565 3548 3622 hoc

1969 3659 2246 3728 inquirere
2266 3659 2410 3726 quod
2435 3659 2498 3712 ad
2520 3658 2747 3713 Cainum
2772 3675 2799 3712 ο
2832 3657 2942 3714 Deo
2963 3656 3238 3728 profert‘ur
3255 3657 3548 3724 :cQuicun-

1967 3751 2308 3821 queCainunt
2324 3751 2862 3822 necaverit.septupli
2881 3751 3172 3806 vindictam
3191 3751 3506 3815 sustinebit,
3522 3769 3540 3801 ι

1967 3843 2093 3897 licet
2111 3859 2174 3897 ex
2202 3841 2428 3898 Joannis
2452 3843 2828 3914 Cbrysostomi
2862 3845 3112 3898 oratione
3135 3844 3188 3905 in
3213 3843 3429 3898 Judaros
3453 3858 3512 3896 se
3530 3872 3542 3883 -

1967 3934 2133 4005 ptima
2157 3929 2452 4000 discas,u‘bi
2477 3936 2592 3990 lucc
2622 3937 2782 3989 verba
2808 3936 3262 4005 ipsius-exstant:
3305 3955 3323 3985 ι
3352 3935 3544 3989 Dicere

1968 4025 2140 4078 voluit
2166 4023 2330 4090 Deus,
2367 4023 2445 4078 Ne
2473 4033 2681 4078 metuas
2732 4023 2854 4086 tibi,
2887 4024 3052 4079 Caine
3082 4043 3096 4090 ;
3143 4026 3304 4078 vitam
3340 4025 3546 4093 longae-

1968 4132 2086 4169 vaut
2133 4114 2340 4183 exiges.
2389 4113 2592 4180 Quodsi
2629 4115 2753 4181 quis
2801 4123 2849 4166 te
2900 4115 3209 4177 necaverit,
3248 4116 3545 4169 multarum

1966 4218 2254 4274 pcenarum
2302 4219 2360 4258 se
2399 4219 2549 4257 reum
2587 4201 2769 4257 faciet.
2805 4202 3164 4270 Septenarius
3191 4203 3340 4258 enim
3387 4203 3548 4273 123

1967 4312 2229 4350 numerus
2256 4295 2429 4350 sacris
2474 4293 2527 4348 in
2579 4293 2804 4351 Litteris
2835 4295 3142 4349 indeliuitae
3179 4296 3548 4349 multitudinis

1966 4387 2416 4458 significationem
2448 4385 2652 4439 habere
2681 4386 2838 4440 solet.
2871 4386 2970 4451 Qui
3000 4401 3130 4456 ergo
3160 4401 3212 4441 te
3255 4389 3546 4441 interfece-

1967 4483 2058 4544 rit,
2109 4481 2286 4549 iisque
2315 4480 2492 4550 poenis
2526 4480 2794 4533 exemerit
2823 4497 2943 4548 qum
2977 4491 3027 4535 te
3073 4497 3222 4536 nunc
3272 4491 3546 4550 pri—munt,

1965 4574 2012 4626 is
2045 4572 2375 4640 supplicium
2408 4571 2462 4624 in
2498 4572 2858 4640 semetipsum
2888 4572 3206 4626 transferet.
3237 4571 3390 4642 Quod
3424 4576 3547 4640 qui-

1963 4664 2086 4716 dem
2122 4661 2328 4715 dictum
2365 4677 2625 4730 perquam
2658 4677 2782 4717 esse
2811 4679 2976 4732 grave
3009 4663 3246 4726 videtur,
3283 4679 3467 4716 verum
3518 4679 3546 4715 a

1962 4756 2306 4826 providentia
2343 4757 2610 4825 singulari
2641 4757 3032 4826 proﬁciscitur.
3064 4758 3199 4812 Cum
3229 4759 3375 4813 enim
3403 4757 3549 4813 Deus

1966 4848 2300 4916 posteriores
2340 4848 2558 4902 ellicere
2610 4846 2749 4918 frugi
2783 4848 2970 4913 vellet,
3008 4849 3322 4917 hujusmodi
3375 4866 3551 4917 [HPIHB

1963 4939 2184 4993 modum
2247 4940 2474 5009 reperit,
2517 4943 2612 5010 qui
2664 4948 2721 4995 et
2762 4942 2939 5010 ipsum
2982 4942 3221 4998 liberare
3277 4944 3553 5012 supplicio.

1963 5041 2169 5096 posset.
2197 5030 2330 5084 Nam
2362 5032 2404 5085 si
2449 5049 2572 5086 mox
2612 5048 2736 5086 eum
2778 5033 3124 5098 sustulisset,
3159 5051 3256 5089 suo
3289 5053 3412 5089 cum
3449 5037 3546 5090 de-

1966 5121 2091 5173 lit-to
2122 5121 2376 5189 periisset
2421 5138 2523 5177 nec
2554 5123 2792 5193 posteris
2839 5124 3188 5180 innotuisset.
3219 5125 3373 5181 Nunc
3419 5142 3544 5180 cum

1961 5211 2103 5265 facta
2155 5211 2320 5267 fuerit
2369 5215 2418 5267 ei
2478 5226 2721 5284 potestas
2779 5215 2832 5270 in
2876 5216 2965 5270 illa
3032 5218 3402 5288 trepidatione
3455 5221 3545 5276 diu

1962 5301 2202 5368 vivendi,
2239 5304 2322 5356 vel
2379 5304 2498 5370 ipso
2532 5305 2736 5358 intuitu
2786 5305 2890 5361 sibi
2935 5320 3294 5364 occurrentes
3329 5309 3548 5363 crudic-r

1963 5393 2072 5452 bat.
2127 5393 2425 5448 Enimvero
2471 5395 2560 5464 qui
2605 5395 2805 5451 factum
2862 5408 2949 5454 est
2997 5409 3056 5454 ut
3102 5417 3228 5455 cum
3280 5400 3541 5452 delictum

1961 5501 2122 5540 suum
2151 5486 2328 5541 fassus
2353 5489 2472 5558 ipse
2501 5489 2798 5564 verbisxbis
2828 5503 3012 5549 esset:
3052 5512 3069 5544 ι
3109 5492 3276 5561 Major
3308 5504 3383 5546 οδε
3421 5503 3541 5545 mea

1960 5580 2119 5648 culpa
2153 5596 2313 5649 quam
2362 5589 2421 5634 ut
2469 5583 2782 5637 remittatur
2808 5585 2848 5649 ³,
2896 5604 2914 5637 ι
2966 5592 3250 5654 peccatum
3316 5581 3543 5654 abluere
