4062 6186
452 318 562 384 243

1700 318 2118 381 MICIIAELIS
2160 314 2419 378 GLYCz'E

3580 300 3690 366 244

457 429 807 500 nequiverit?
848 430 1008 500 Atqui
1039 440 1188 487 vates
1213 433 1288 487 ait
1317 450 1330 487 :
1356 453 1373 483 ι
1407 431 1737 502 iniquitates
1767 443 1888 488 tuas
1912 434 2018 487 Do-
2050 483 2054 492 ,

2162 435 2225 503 ᾖς
2263 452 2281 484 ι
2334 430 2493 484 Ἀλλά
2524 428 2615 482 διὰ
2649 426 2805 481 τοῦτο
2833 422 3158 493 κατεκρίθη,
3187 420 3266 473 ὅτι
3297 416 3396 473 οὐκ
3426 413 3579 470 εἶπεν
3611 415 3689 503 ὡς

462 523 615 578 mino
664 524 811 592 prior
865 523 1146 592 exponito,
1197 535 1254 578 ut
1297 524 1636 594 justifieeris.
1684 545 1702 576 ι
1756 524 2020 578 Nimirum

464 624 751 684 pr0ptcrea
790 613 1078 668 damnatus
1107 621 1212 679 est,
1251 616 1396 683 quod
1443 616 1524 671 sic
1562 616 1820 671 delictum
1862 630 2022 670 suum

464 708 643 762 fassus
689 723 795 760 non
845 706 1012 760 fuerit
1051 708 1508 777 quemadmodum
1554 718 1710 763 vates
1756 708 2024 777 praecipit.

465 797 577 851 Hoc
611 798 755 851 enim
802 798 1104 866 requiritur
1134 813 1242 851 non
1275 809 1333 853 ut
1361 799 1686 867 simpliciter
1715 800 2027 869 profitearc,

465 888 558 943 sed
583 897 635 942 ut
663 889 808 956 prior
837 889 938 943 hoc
968 888 1156 953 facias,
1184 905 1281 943 nec
1304 901 1686 959 coarguentem
1721 899 2024 954 exspectes.

463 982 533 1037 At
587 998 716 1035 vero
755 980 957 1036 Cainus
995 983 1142 1052 prior
1183 999 1287 1036 non
1316 984 1593 1053 exposuit,
1624 982 1717 1038 sed
1762 984 2030 1053 tantisper

465 1076 820 1143 exspectavit,
857 1076 1032 1129 donec
1069 1092 1094 1127 a
1130 1074 1238 1129 Deo
1272 1086 1702 1145 coargueretur;
1736 1092 1845 1145 quo
1878 1076 2025 1129 facto

2126 527 2154 577 6
2204 526 2496 596 Προφήτης
2536 519 2810 573 ἐκέλευσε.
2849 514 2923 568 Τὸ
2979 513 3088 582 γάρ
3150 509 3477 579 ζητούμενον
3535 502 3693 558 τοῦτό

2129 618 2303 677 ἐστιν,
2332 614 2393 666 οὐ
2428 612 2488 665 τὸ
2518 611 2690 662 εἰπεῖν
2720 606 2927 670 ἁπλῶς,
2957 602 3095 657 ἀλλὰ
3143 600 3203 652 τὸ
3248 599 3463 669 πρῶτος
3499 596 3695 654 εἰπεῖν,

2131 706 2192 759 τὸ
2224 705 2303 774 μὴ
2341 702 2627 768 ἀναμεῖναι
2660 698 2756 750 τὸν
2803 696 3113 764 ἐλέγχοντα.
3153 683 3324 750 Οῦτος
3350 688 3405 740 δὲ
3441 687 3539 737 οὐκ
3576 680 3699 735 εἶπε

2136 797 2374 866 πρῶτος,
2413 791 2529 847 ἀλλ’
2560 790 2850 859 ἀνέμεινεν
2876 785 3200 854 ἐλεγχθῆναι
3232 779 3382 848 παρὰ
3414 777 3506 831 τοῦ
3537 775 3695 838 Θεοῦ,

2137 890 2230 942 καὶ
2279 885 2452 947 οὕτως
2486 880 2607 935 εἷπε
2663 880 2763 950 τὴν
2816 876 3112 947 ἁμαρτίαν.
3168 874 3345 940 Ὅπερ
3395 869 3494 922 οὐκ
3555 866 3703 919 ἔστιν

2136 978 2542 1049 ἐξομολόγησις.
2572 974 2646 1025 Τδ
2672 971 2780 1041 γὰρ
2810 969 3025 1040 πρῶτος
3051 967 3245 1032 εἰπεῖν,
3281 964 3460 1015 ἐκεῖνο
3487 959 3706 1021 πάντως

2137 1073 2234 1126 καὶ
2265 1068 2484 1124 δικαιοῖ.
2521 1086 2540 1118 ι

465 1168 723 1224 delictum
758 1183 918 1222 suum
947 1168 1287 1238 eXposuit,id
1313 1144 1454 1239 quod
1496 1183 1617 1224 esse
1643 1144 1915 1222 confessio
1951 1167 2158 1237 nequit.
2204 1162 2335 1217 Nam
2365 1161 2600 1231 priorem
2630 1171 2751 1213 esse
2788 1155 2842 1210 in
2873 1151 3112 1214 1⁵³16ηάον
3134 1148 3187 1204 id
3211 1162 3335 1203 Vere
3365 1144 3628 1239 ἱιιείῖίίίςδξ

540 1260 861 1329 llujusmodi
901 1259 1327 1330 Chrysoslomus
1368 1263 1551 1316 verbis
1593 1262 1679 1317 his
1732 1262 2039 1321 indicavit:

475 1372 495 1403 ι
534 1353 806 1406 Caeterum
858 1342 1191 1405 Matliusalas
1235 1351 1516 1407 Enochum
1556 1360 1640 1406 est
1681 1352 2035 1415 subsecutus,

472 1442 829 1496 Mathusalam
862 1440 1187 1505 Lamecbus,
1222 1456 1253 1493 a
1281 1456 1389 1510 quo
1423 1441 1535 1495 Noa
1566 1452 1886 1510 procreatus
1908 1428 2035 1506 fuit,

474 1532 560 1585 cui
620 1541 732 1585 tres
773 1531 923 1586 fuere
975 1530 1097 1593 filii,
1146 1532 1377 1595 Semus,
1420 1530 1702 1594 Cltamus,
1749 1530 2033 1601 Japlietus.

475 1623 685 1679 Accidit
714 1634 899 1679 autem
929 1624 1123 1693 utjam
1161 1623 1441 1679 hominum
1484 1623 1779 1678 multitudo
1814 1640 1908 1692 per
1942 1638 2037 1675 or-

2221 1255 2331 1310 Καὶ
2377 1253 2446 1307 τὰ
2481 1252 2578 1321 μὲν
2630 1249 2723 1302 τοῦ
2773 1246 3161 1317 Χρυσοστόμου
3194 1239 3417 1295 τοιαῦτα
3442 1254 3457 1268 ο
3499 1256 3517 1288 ι
3557 1233 3710 1290 Μετὰ

2135 1350 2227 1401 τὸν
2269 1344 2438 1415 Ἑνὼχ
2486 1346 2513 1397 6
2560 1340 2910 1403 Μαθουσάλα,
2944 1336 3081 1406 μετὰ
3114 1334 3170 1387 δὲ
3204 1333 3390 1386 τοῦτον
3420 1332 3447 1382 6
3487 1328 3708 1396 Λάμεχ.

2137 1444 2199 1496 ὲκ
2234 1443 2288 1495 δὲ
2318 1440 2506 1494 τούτου
2530 1440 2556 1491 6
2587 1437 2731 1491 Νῶε.
2766 1429 2934 1496 Οὗτος
2965 1429 3130 1500 γεννᾷ
3163 1430 3313 1499 τρεῖς
3347 1426 3496 1486 υἱοὺς
3524 1464 3539 1487 ,
3566 1423 3710 1492 Σὴμ,

2136 1533 2289 1600 Χὰμ,
2327 1529 2527 1597 ’Ῑάφεο.
2559 1528 2669 1579 Kal
2707 1526 2922 1593 ἐγένετο
2958 1522 3121 1590 ἡνίκα
3152 1518 3385 1589 ἦρξαντο
3422 1516 3469 1569 οῖ
3502 1512 3715 1581 ἅνθρω-

2138 1645 2230 1680 ποι
2260 1622 2445 1677 πολλοὶ
2482 1619 2741 1690 γενέσθαι
2766 1617 2857 1669 ἐπὶ
2873 1617 2971 1684 τῆς
3002 1614 3127 1682 γῆς,
3162 1609 3464 1678 Ουγατέρες
3493 1604 3713 1675 ἐγεννή-

476 1715 597 1771 bem
637 1731 885 1771 crescere
925 1717 1222 1786 inciperet,
1275 1717 1474 1785 quibus
1514 1733 1634 1770 cum
1695 1716 1813 1769 lilia:
1848 1731 2040 1770 nasce-

2161 1719 2323 1783 ὶησαν
2364 1714 2568 1775 αὐτοῖς.
2621 1709 2837 1769 ’ἰδόντες
2870 1707 2927 1761 δὲ
2963 1706 3012 1758 οἱ
3049 1702 3156 1757 υἱοὶ
3182 1701 3277 1755 τοῦ
3311 1700 3445 1754 Θεοῦ
3482 1698 3577 1760 τὰς
3617 1696 3721 1803 (Ξυ-

477 1814 687 1873 rentur,
744 1807 836 1861 filii
870 1806 961 1862 Dei
1000 1810 1381 1864 animadverso
1428 1808 1565 1861 filias
1599 1809 1876 1861 hominum
1945 1823 2040 1862 ve—

477 1908 669 1953 nustas
691 1913 837 1962 esse,
858 1898 925 1953 de
952 1898 1102 1953 omni
1130 1914 1361 1952 numero
1390 1897 1660 1967 eligebant
1695 1913 2045 1967 quasuxores

2146 1807 2384 1877 γατέρας
2439 1804 2550 1856 τῶν
2602 1800 2905 1870 ἀνθρώπων
2962 1798 3044 1849 ὅτι
3086 1793 3249 1851 καλαί
3301 1794 3457 1851 εἰσιν,
3524 1788 3720 1841 ἔλαϐον

2149 1901 2360 1961 ἑαυτοῖς
2398 1898 2663 1965 γυναῖκας
2722 1894 2830 1947 ἀπὸ
2887 1889 3078 1943 πασῶν
3126 1880 3199 1939 ὧν
3234 1883 3572 1951 ἐξελέξαντο.
3603 1881 3719 1933 Καὶ

478 1988 763 2042 ducerent.
800 1988 937 2041 Tum
1008 1987 1270 2043 Dominus
1301 1988 1476 2042 dixit:
1520 2006 1538 2038 ι
1596 1986 1710 2040 Non
1758 2003 2049 2056 permane-

2161 1991 2269 2046 εἷπε
2304 1990 2504 2061 Κύριος
2533 1990 2560 2041 6
2589 1987 2720 2047 Θεός
2740 2001 2753 2015 ⁸
2798 2002 2817 2036 ι
2861 1984 2934 2037 Οὐ
2979 1980 3053 2051 μὴ
3082 1976 3389 2047 καταμείνῃ
3410 1975 3470 2027 τὸ
3496 1972 3727 2041 Πνεῦμά

479 2079 557 2133 bit
590 2077 830 2149 Spiritus
872 2095 1029 2136 meus
1078 2081 1135 2135 in
1173 2083 1323 2136 hisce
1364 2082 1704 2146 moi-talibus,
1742 2097 1868 2136 cum
1921 2095 2049 2135 caro

478 2171 608 2225 sint.
640 2171 828 2240 Itaque
859 2173 1097 2243 reliquos
1130 2172 1208 2227 eis
1242 2172 1432 2228 faciam
1454 2173 1557 2227 1Ξο
1576 2189 1751 2226 annos
1768 2172 1810 2226 ’⁵.
1835 2191 1853 2223 ι
1880 2171 2052 2227 Erant

409 2314 415 2320 .
481 2278 547 2317 ea
566 2272 892 2333 tempestate
915 2266 968 2318 in
993 2264 1154 2319 terris
1176 2264 1441 2333 gigantes,
1459 2279 1563 2333 qua
1589 2264 1808 2332 quidem
1832 2274 1887 2319 et
1913 2264 2053 2318 dilu-

482 2354 628 2407 vium
651 2354 795 2408 Deus
819 2354 1065 2416 immisit.
1085 2355 1245 2423 cujus
1274 2364 1398 2408 nota
1420 2366 1499 2409 est
1520 2355 1808 2410 admodum
1829 2372 2045 2410 causa.»

483 2442 620 2509 Quid
640 2453 835 2513 praeter
858 2444 991 2501 alios
1014 2444 1281 2514 Iosephus
1302 2444 1771 2507 tradiderit,audi.
1798 2464 1814 2495 ι
1831 2445 2053 2512 Septem

484 2535 735 2590 aetatibus
770 2537 823 2589 in
862 2551 928 2591 eo
960 2545 1103 2591 statu
1131 2539 1424 2607 perstitere
1463 2537 1744 2602 mortales,
1777 2548 1836 2591 ut
1886 2536 2055 2591 Deum

488 2642 586 2695 pro
622 2641 803 2680 rerum
838 2626 1070 2681 Domino
1097 2636 1459 2697 agnoscerent
1490 2628 1771 2697 solamque
1799 2628 2056 2683 virtutem

491 2715 548 2770 in
579 2717 835 2772 omnibus
880 2718 1233 2786 respicerent.
1278 2717 1361 2771 Ab
1397 2734 1462 2771 eo
1512 2718 1771 2789 deimeps
1818 2728 2058 2786 tempore

495 2808 687 2861 mutati
720 2817 848 2861 sunt
878 2807 933 2861 in
969 2808 1143 2878 pejus.
1181 2806 1315 2862 Nam
1348 2808 1655 2878 complures
1693 2825 1757 2863 ex
1806 2809 1901 2863 Dei
1936 2809 2060 2863 ﬁliis

489 2914 613 2955 cum
641 2900 959 2955 mulieribus
984 2911 1434 2964 consuescentes,
1472 2901 1672 2956 liberos
1705 2917 1768 2955 ex
1813 2901 1878 2955 iis
1926 2917 2061 2955 con-

457 3001 734 3071 .tumaces
768 3002 823 3047 et
870 2993 1048 3047 omnis
1110 2993 1322 3048 honesti
1377 3004 1783 3062 contemptores
1837 3004 2061 3063 propter

2154 2103 2254 2157 μου
2293 2087 2348 2136 ὲν
2383 2086 2494 2144 τοῖς
2523 2078 2831 2149 ἀνθρώποις
2861 2074 3075 2131 τούτοις
3122 2070 3209 2125 διὰ
3250 2069 3313 2120 τὸ
3341 2062 3481 2120 εἶναι
3520 2063 3727 2150 αὐτοὺς.

2154 2156 2384 2248 σάρκας.
2422 2175 2679 2227 Ἔσονται
2702 2170 2759 2222 δὲ
2788 2168 2844 2223 αἱ
2883 2167 3089 2236 ἡμέραι
3115 2161 3293 2216 αὐτῶν
3318 2157 3522 2211 ἑκατὸν
3548 2156 3728 2248 εἴκοσι

2155 2247 2271 2337 ἔτη.
2312 2286 2329 2318 ι
2372 2266 2435 2318 Οἱ
2494 2264 2549 2315 δὲ
2615 2261 2872 2328 γίγαντες
2922 2253 3065 2325 ἦσαν
3096 2255 3193 2307 ἐπὶ
3218 2253 3317 2321 τῆς
3358 2250 3461 2319 γῆς
3495 2250 3551 2301 ὲν
3604 2247 3729 2337 ταῖς

2158 2335 2399 2427 ἡμέραις
2430 2352 2686 2413 ἐκείναις.
2730 2345 3050 2418 Τηνικαῦτα
3086 2343 3178 2398 καὶ
3220 2343 3313 2396 τὸν
3343 2335 3731 2405 κατακλυσμὸν

2158 2447 2349 2515 ἐπάγει
2379 2447 2407 2497 6
2438 2444 2590 2507 Θεός.
2633 2463 2651 2495 ι
2703 2441 2770 2493 Ἥ
2808 2440 2864 2492 δὲ
2905 2438 3050 2491 αἰτία
3078 2435 3172 2489 καὶ
3204 2434 3347 2488 πάνυ
3382 2432 3583 2501 σαφής.
3615 2428 3731 2481 Καὶ

2161 2539 2323 2593 ἄκουε
2353 2538 2457 2609 πρδ
2482 2534 2592 2589 τῶν
2621 2532 2797 2588 ἄλλων
2826 2529 2993 2584 αὑτοῦ
3017 2527 3110 2581 τοῦ
3152 2526 3418 2594 Ἰωσήπου
3449 2522 3727 2590 λέγοντος⁶

2166 2650 2184 2683 ι
2239 2630 2411 2683 Ἑπτά
2441 2628 2656 2698 γενεαῖς
2694 2625 2742 2677 οἱ
2766 2622 3044 2695 ἄνθρωποι
3076 2620 3355 2687 διέμειναν
3394 2615 3525 2669 Θεὸν
3564 2611 3733 2682 ἡγού-

2165 2741 2315 2792 μενοι
2343 2720 2618 2786 Δεσπότην
2665 2718 2759 2770 καὶ
2804 2716 2980 2770 πάντα
3016 2712 3150 2783 πρὸς
3192 2709 3393 2781 ἀρετὴν
3414 2709 3726 2779 βλέποντες.

2162 2817 2317 2871 Μετὰ
2381 2814 2436 2868 δὲ
2497 2810 2669 2865 ταῦτα
2727 2804 3153 2878 μεταϐάλλονται
3218 2802 3354 2870 πρὸς
3410 2799 3472 2852 τὸ
3523 2800 3729 2867 χεῖρον.

2165 2910 2358 2964 Πολλοὶ
2386 2908 2493 2977 γὰρ
2517 2906 2739 2975 ἄγγελοι
2763 2901 2900 2955 Θεοῦ
2928 2899 3145 2970 γυναιξὶ
3176 2896 3541 2965 συμμιγέντες
3571 2892 3734 2961 ὑϐρι-

2168 3002 2300 3063 στὰς
2337 2999 2634 3067 ἐγέννησαν
2684 2994 2881 3054 παῖδας
2921 2991 3013 3045 καὶ
3051 2987 3249 3049 παντὸς
3294 2984 3603 3057 ὑπερόπτας
3634 2999 3740 3033 κα-

492 3083 745 3157 ροιρηιίῖθ
795 3083 1046 3139 fiduciam
1096 3098 1454 3154 progenuere.
1510 3084 1851 3153 Quapropter
1885 3078 2054 3137 visum

2166 3089 2263 3143 λοῦ
2297 3089 2388 3141 διά
2426 3087 2525 3158 τὴν
2561 3086 2652 3138 ἐπὶ
2688 3087 2755 3154 τῇ
2788 3082 3019 3151 δυνάμει
3050 3079 3396 3147 πεποίθησιν.
3424 3075 3587 3127 Ὅθεν
3626 3074 3744 3125 Eta-

491 3183 576 3228 est
620 3174 732 3228 Deo
787 3189 910 3227 cum
945 3174 1013 3228 iis
1062 3175 1375 3229 universam
1409 3176 1684 3229 nationem
1743 3175 2057 3228 moi-talium

488 3265 830 3331 exscindere,
860 3281 1138 3335 genusque
1158 3281 1355 3335 purum
1380 3266 1447 3320 ab
1463 3269 1609 3321 omni
1635 3264 1834 3337 ﬂagitio
1864 3264 2057 3327 facere,

494 3358 716 3410 resectis
741 3357 874 3427 ipsis
898 3360 1060 3412 etiam
1094 3358 1253 3413 annis
1282 3360 1407 3413 vita:
1435 3359 1692 3429 longaeva:
1714 3374 1878 3427 quam
1913 3358 2062 3428 prius

492 3447 778 3518 degebant.
804 3469 820 3501 ι
846 3449 1211 3503 Consimiliter
1231 3460 1285 3503 et
1303 3449 1535 3504 eximius
1569 3450 1655 3504 ille
1692 3449 1924 3520 Cyrillus
1949 3449 2061 3503 ἀίδ-

494 3542 645 3595 scrit.
685 3538 844 3611 124
872 3539 996 3599 Filii
1027 3538 1144 3605 Dei,
1166 3540 1260 3605 ait,
1287 3541 1387 3597 hoc
1420 3550 1502 3595 est
1530 3556 1558 3595 a
1593 3540 1761 3596 Setho
1810 3541 2063 3611 prognati

492 3631 639 3699 (nam
688 3633 837 3686 illum
890 3631 1102 3686 virtutis
1127 3647 1286 3687 causa
1334 3633 1414 3687 sui
1465 3633 1625 3687 deum
1674 3634 2062 3703 appellavere),

492 3723 873 3776 animadverso
928 3722 1064 3776 filias
1116 3722 1421 3787 hominum,
1460 3722 1511 3777 id
1566 3735 1648 3778 est
1693 3733 1842 3779 ortas
1870 3740 1934 3778 ex
1971 3740 2063 3791 po-

495 3813 737 3866 steritate
775 3811 955 3877 Caini,
1011 3811 1179 3865 forma
1225 3824 1483 3867 venustas
1524 3829 1662 3879 esse,
1718 3816 2066 3869 matrimonio

495 3904 597 3958 sibi
629 3905 1053 3972 easjunxerunt,
1093 3905 1312 3975 natiqtte
1334 3916 1459 3961 sunt
1486 3924 1548 3960 ex
1581 3911 1661 3961 eis
1681 3908 1946 3977 gigantes,
1971 3910 2067 3962 ho-

494 3998 668 4051 mines
702 3996 963 4050 informes
1000 4011 1325 4064 omncmque
1368 3998 1689 4066 pravitatem
1724 3998 2023 4052 referentes
2051 4040 2063 4060 ,

496 4071 717 4142 itnlente
750 4099 965 4155 turpem
1006 4088 1085 4141 eis
1122 4087 1260 4140 hanc
1286 4089 1521 4155 Speciem
1555 4087 1661 4141 Deo
1710 4099 1925 4156 pr0pter
1974 4103 2070 4140 ne-

498 4180 713 4235 fandam
755 4191 810 4233 ct
838 4181 1230 4234 exsecrabilem
1274 4181 1489 4249 generis
1515 4180 1795 4247 utriusque
1843 4181 2069 4234 commi-

500 4272 751 4325 stionetn.
787 4271 1009 4325 Easdem
1056 4272 1125 4325 ob
1171 4286 1364 4325 causas
1397 4271 1603 4323 diluvio
1630 4280 1757 4323 sunt
1788 4271 2068 4325 exstincti.

494 4366 827 4433 Significavit
860 4365 999 4419 idem
1029 4380 1255 4434 magnus
1282 4365 1445 4417 etiam
1479 4363 1693 4428 Petrus,
1746 4363 1799 4417 in
1850 4364 2068 4432 Episto—

494 4455 667 4511 larum
691 4471 908 4511 suarum
936 4456 1327 4511 catholicarmn
1353 4455 1521 4509 altera
1563 4455 1741 4509 verbis
1775 4455 1920 4509 hisce
1951 4456 2064 4509 dis-

493 4564 710 4604 Sercns:
743 4570 760 4600 ι
785 4543 1081 4619 impiorum
1107 4551 1291 4619 generi
1324 4549 1586 4603 diluvium
1625 4546 1831 4601 invexit
1856 4548 1928 4600 ⁸.»
1953 4546 2065 4601 Cur

495 4641 583 4696 hic
612 4650 767 4695 vocat
798 4640 1009 4707 impios,
1037 4640 1127 4708 qui
1160 4655 1326 4692 unum
1361 4637 1529 4692 Deum
1563 4637 1813 4707 religiose
1834 4637 2067 4691 colendo

490 4732 934 4786 venerabantur?
974 4731 1109 4797 Quia
1142 4740 1425 4799 tantOperc
1454 4730 1505 4781 in
1534 4730 1813 4782 libidinem
1848 4742 2068 4782 exarse-

494 4832 616 4877 runt
652 4834 708 4877 ut
735 4823 920 4893 viginti
972 4823 1067 4876 viri
1103 4838 1206 4875 una
1236 4836 1356 4875 cum
1394 4821 1590 4874 femina
1622 4828 2066 4873 consuescerem.

494 4912 605 4967 Hoc
647 4913 790 4966 enim
826 4922 982 4982 pacto
1016 4912 1105 4966 Dei
1144 4928 1360 4981 quoque
1397 4912 1510 4974 lilii,
1538 4910 1796 4963 nimirum
1832 4927 1859 4961 a
1898 4908 2069 4963 Setho

493 5006 762 5076 prognati,
784 5007 849 5060 ad
872 5006 1194 5060 concubitus
1222 5020 1384 5075 vagos
1405 5003 1615 5059 invitati
1636 5014 1797 5066 sunt;
1824 5003 1915 5071 qui
1945 5002 2068 5070 qui-

492 5100 614 5153 dem
649 5100 864 5155 virtutis
910 5098 1070 5152 etiam
1113 5099 1338 5151 nomine
1369 5096 1461 5149 Dei
1514 5104 1644 5149 sunt
1668 5094 1918 5163 appellati
1950 5094 2067 5160 lilii,

494 5191 943 5261 quemadmodum
965 5191 1195 5245 israclus
1214 5200 1433 5245 vocatur
1466 5189 1606 5241 ﬁlius
1632 5187 2070 5258 primogenitus'.

497 5283 687 5339 Tradit
708 5284 823 5338 ιιωο
846 5284 1062 5337 divinus
1085 5284 1176 5337 ille
1200 5282 1278 5337 vir
1296 5280 1654 5352 Ephraemtts.
1670 5280 1734 5333 Et
1754 5279 2076 5347 Chrysoslo-

501 5392 623 5431 mus
659 5374 887 5429 aﬂirmat
936 5374 1039 5427 alia
1097 5372 1246 5426 nulla
1288 5373 1355 5426 de
1389 5384 1550 5426 causa
1607 5386 1769 5439 quam
1804 5370 1874 5424 ob
1935 5369 2075 5423 hanc

501 5471 790 5539 utriusque
837 5468 1050 5539 generis
1080 5467 1510 5543 commistioaem
1566 5464 1686 5520 cmli
1741 5473 1949 5517 meatus
1984 5478 2073 5516 re-

500 5563 681 5619 clusos
713 5562 901 5618 fuisse.
938 5561 1126 5617 Itidem
1153 5576 1262 5615 non
1291 5559 1588 5630 impietatis
1627 5558 1793 5612 Deum
1821 5556 2075 5626 negantis

588 5749 607 5776 ‘
638 5750 772 5805 Gen.
808 5770 879 5818 vr,
917 5754 965 5806 5.
1045 5753 1062 5779 ⁵
1090 5750 1129 5805 ιι
1171 5748 1309 5804 Pett'.
1350 5765 1403 5813 tt,
1441 5748 1489 5800 ὅ.
1568 5746 1586 5775 ⁸
1618 5744 1785 5798 Exod.
1833 5759 1903 5809 tv,
1950 5744 2038 5795 '22.

2164 3186 2367 3237 νοεῖται
2401 3184 2429 3235 6
2465 3174 2600 3243 Θεὸς
2652 3180 2747 3233 καὶ
2800 3179 2908 3231 πᾶν
2942 3177 3064 3229 ὅσον
3114 3172 3182 3245 ἦν
3233 3169 3571 3238 ἀνθρώπινον
3618 3167 3741 3220 διαμ-

2166 3274 2387 3344 φθεῖραι
2422 3274 2518 3325 σῦν
2569 3273 2775 3333 αὐτοῖς,
2818 3270 2911 3322 καὶ
2959 3267 3181 3336 ποιῆσαι
3215 3264 3364 3332 γένος
3395 3262 3581 3330 ἓτερον
3635 3277 3741 3311 ’.το-ι

2169 3367 2365 3435 νηρίας
2413 3364 2680 3433 καθαρὸν,
2734 3360 3157 3429 ὲπιτεμνόμενος
3213 3356 3306 3410 καὶ
3358 3354 3497 3407 αὐτὰ
3540 3350 3609 3404 τὰ
3639 3350 3740 3420 ἐτη

2168 3459 2311 3522 ἅπερ
2343 3455 2609 3525 πρότερον
2644 3455 2799 3517 ἔζων.
2841 3469 2859 3502 ι
2908 3450 3069 3503 Ἀλλὰ
3113 3448 3209 3501 καὶ
3258 3451 3284 3501 6
3322 3449 3496 3516 μέγας
3538 3441 3747 3513 K690.-

2168 3549 2257 3612 λος
2289 3547 2440 3615 λέγει
2482 3536 2565 3600 ὅτι
2609 3546 2810 3607 ἰδόντες
2854 3542 2905 3595 οἱ
2930 3544 3037 3595 υἱοὶ⁵
3064 3540 3157 3594 τοῦ
3184 3540 3342 3606 Θεοῦ,
3377 3537 3655 3591 τουτέστιν
3689 3535 3744 3587 οἱ

2168 3642 2275 3695 ἀπὸ
2305 3640 2399 3693 τοῦ
2425 3640 2532 3708 Σὴθ
2557 3636 2928 3704 καταγόμενοι
2962 3635 3193 3704 (ἐκεῖνον
3219 3632 3327 3701 γάρ
3364 3631 3450 3684 διὰ
3472 3629 3570 3699 τὴν
3603 3630 3742 3695 ἁρε-

2168 3731 2264 3801 τὴν
2311 3729 2476 3782 αὑτοῦ
2532 3728 2656 3781 θεὸν
2708 3726 2938 3794 ἔλεγον),
2990 3724 3084 3784 τὰς
3137 3721 3441 3790 Θυγατέρας
3481 3718 3588 3770 τῶν
3641 3718 3745 3770 ἀνα

2154 3815 2434 3889 Ὀρώπων,
2472 3820 2641 3890 ἤγουν
2683 3818 2782 3880 τὰς
2815 3817 2922 3871 άπὸ
2978 3815 3073 3867 τοῦ
3128 3815 3288 3875 Κάῖν,
3324 3813 3405 3865 ὅτι
3460 3810 3620 3863 καλαὶ
3664 3809 3747 3877 τῷ

2173 3913 2302 3965 εἴδει
2353 3913 2512 3975 εἰσὶν,
2575 3909 2762 3963 ἔλαϐον
2816 3908 2985 3969 ait-dt;
3024 3906 3102 3967 είς
3138 3902 3594 3973 γυναῖκας.”0οεν
3646 3902 3749 3953 καὶ

2173 4004 2467 4071 ὲγεννῶντο
2519 4003 2568 4054 οἱ
2604 4001 2880 4069 γίγαντες,
2926 4000 3116 4066 ἄνδρες
3173 3996 3437 4058 δυσειδ;ῖ;
3497 3997 3593 4048 καὶ
3636 3996 3748 4046 πᾶν

2175 4095 2229 4147 εἴ
2269 4112 2320 4147 τι
2371 4093 2630 4146 κάκιστον
2685 4090 2857 4153 ὄντες,
2914 4088 3009 4141 τοῦ
3073 4085 3206 4142 Θεοῦ
3246 4086 3745 4156 παραχαράξαντος

2172 4186 2369 4246 αὐτοὺς
2428 4182 2515 4236 διὰ
2568 4181 2673 4249 τὴν
2710 4178 2983 4251 ’μυσαράν
3026 4179 3208 4233 αὐτῶν
3242 4181 3414 4248 μίξιν.
3455 4178 3620 4231 Ὅθεν
3650 4181 3747 4230 καὶ

2173 4276 2508 4339 κατακλύζει
2541 4277 2757 4337 αὐτοὺς,
2792 4273 2973 4334 καθὼς
2999 4274 3092 4324 καὶ
3124 4273 3151 4322 6
3186 4273 3482 4341 κορυφαῖος
3515 4272 3747 4338 ἐνέφηνε

2174 4368 2378 4437 Πέτρος
2437 4370 2491 4419 ἐν
2534 4370 2597 4436 τῇ
2648 4367 2909 4436 καθολικῇ
2972 4364 3136 4417 αὑτοῦ
3169 4364 3406 4434 δευτέρᾳ
3451 4361 3748 4430 Ἐπιστολῇ

2173 4461 2346 4525 οὕτως
2388 4461 2559 4513 εἰπών
2580 4477 2595 4491 ’
2635 4479 2653 4510 ι
2697 4459 3103 4525 Κατακλυσμδν
3136 4457 3326 4526 κόσμῳ
3359 4454 3572 4507 ἀσεϐῶν
3598 4453 3741 4505 ἐπά-

2174 4553 2290 4618 ξας.
2334 4571 2351 4603 ι
2395 4552 2494 4603 Διὰ
2523 4552 2578 4604 τί
2609 4551 2665 4603 δὲ
2703 4554 2826 4613 τοὺς
2852 4551 2949 4603 ἕνα
2975 4550 3109 4603 Θεὸν
3139 4546 3582 4617 προσκυνοῦντας
3610 4546 3750 4596 ἀσε-

2175 4644 2289 4705 ϐεῖς
2312 4643 2575 4707 excusas;
2604 4643 2761 4694 Διότι.
2774 4642 3027 4694 τοσοῦτον
3059 4641 3404 4709 ἐξεμάνησαν
3433 4639 3513 4699 είς
3546 4654 3745 4689 συνου-

2177 4736 2298 4797 σίας
2345 4734 2421 4797 ὡς
2475 4735 2564 4787 ἐπὶ
2605 4733 2781 4786 εἴκοσι
2833 4733 3064 4803 ἀνδράσι
3118 4732 3216 4802 τὴν
3252 4730 3488 4798 γυναῖκα
3521 4726 3759 4798 περιφέ-

2180 4826 2392 4896 ρεσθαι.
2436 4825 2531 4877 Ἐκ
2571 4824 2763 4889 τούτου
2824 4824 2934 4892 γὰρ
2982 4824 3076 4875 καὶ
3110 4825 3237 4885 τοὺς
3271 4822 3421 4882 υἱοὺς
3450 4819 3547 4873 τοῦ
3584 4817 3748 4879 Θεοῦ,

2174 4919 2299 4979 τοὺς
2349 4919 2410 4970 ἐκ
2461 4915 2595 4969 Θεοῦ
2638 4915 2741 4984 Σὴθ
2783 4915 3007 4985 δηλαδὴ,
3070 4916 3206 4980 πρὸς
3266 4912 3415 4982 μίξιν
3466 4910 3754 4964 εἵλκυσαν.

2178 5010 2296 5061 Υἱοὶ
2341 5010 2398 5061 δὲ
2448 5007 2541 5062 τοῦ
2576 5006 2713 5060 Θεοῦ
2742 5006 2991 5074 λέγονται
3023 5007 3117 5058 καὶ
3164 5005 3249 5058 διὰ
3279 5007 3376 5074 τὴν
3412 5002 3614 5074 ἀρετὴν
3650 5003 3754 5053 αὺ-

2177 5104 2286 5154 τῶν
2342 5102 2531 5171 ὥσπερ
2585 5102 2697 5161 υἱὸς
2753 5099 3109 5169 πρωτότοκος
3163 5098 3191 5149 6
3236 5096 3474 5164 Ἰσραὴλ,
3510 5093 3755 5156 κιθὼςό

2181 5194 2322 5253 Gaio;
2364 5193 2467 5263 ἔφη
2507 5191 2772 5261 Ἐφραῒμ.
2806 5189 2917 5244 Καὶ
2948 5191 2975 5242 6
3007 5187 3243 5259 χρυσοῦς
3281 5187 3337 5240 δὲ.
3376 5185 3475 5254 τὴν
3509 5184 3760 5254 γλῶτταν

2180 5285 2279 5337 οὐκ
2319 5282 2477 5336 ἄλλου
2503 5282 2644 5343 τινὸς
2672 5281 2858 5345 ἕνεκα,
2892 5279 2989 5348 τῆς
3027 5278 3085 5332 δὲ
3120 5278 3228 5331 τῶν
3260 5278 3437 5346 γενῶν
3470 5275 3763 5345 ἐπιμιξίας

2184 5372 2497 5441 ἁιοιχθῆναι
2520 5371 2670 5439 λέγει
2704 5370 2828 5430 τοὺς
2855 5368 3210 5436 καταράκτας
3238 5364 3333 5418 τοῦ
3363 5361 3763 5432 οὐρανοῦ.”οτι

2184 5463 2240 5515 δὲ
2280 5462 2368 5514 διὰ
2418 5459 2732 5530 φιληδονίαν
2776 5459 2875 5511 καὶ
2906 5456 3004 5527 τὴν
3043 5456 3301 5525 μυσαρὰν
3332 5454 3550 5522 ἐκείνην
3582 5450 3761 5520 μέξιν,

2183 5548 2257 5607 ὧν
2308 5553 2496 5607 ἕνεκεν
2546 5550 2761 5615 ἀσεϐεῖς
2801 5548 2981 5604 ἐκάλει
3042 5550 3170 5611 τοῦς
3211 5548 3476 5616 γίγαντας
3517 5547 3544 5598 ὁ
3595 5559 3768 5613 κορυ-
