4062 6186
284 304 384 379 iis

1512 324 1921 393 ANNALIUM
1967 332 2159 393 PARS
2204 334 2283 396 ll.

3417 335 3525 401 946

283 430 438 495 quia;
508 428 732 498 Πέτρος,
768 429 1016 497 ἐπήγαγε
1067 430 1158 483 τὸν
1210 433 1597 505 κατακλυσμὸν
1631 439 1657 490 ό
1688 439 1843 503 Θεὸς,

1972 457 2028 493 νει
2062 444 2163 497 alia
2197 445 2456 514 quapiam
2512 462 2677 500 causa
2710 444 2974 503 diluvium
3027 446 3193 502 fuisse
3235 447 3534 501 invectum.

282 517 377 569 καὶ
412 517 476 570 οὗ
502 518 572 571 δι’
605 519 793 573 ἀθεϊαν
826 521 858 591 ἢ
890 522 1052 587 ἄλλην
1084 523 1286 577 κακίαν
1316 526 1459 587 τινὰ,
1513 530 1539 579 6
1576 526 1853 591 θειότατος

283 608 553 677 Κύριλλος
609 611 665 663 ὲν
693 615 758 682 τῇ
816 613 956 666 κατὰ
995 613 1288 669 Ἰουλιανοῦ
1346 616 1515 686 βίϐλῳ
1547 621 1851 686 παρίστησι

279 698 439 750 τοῦτο
477 701 792 767 σαφέστατα
846 703 1043 771 λέγων’
1078 722 1098 755 ι
1131 705 1194 759 Οί
1237 704 1295 768 ἐξ
1336 705 1510 774 Ἀδὰμ
1552 706 1650 758 καί⁵
1692 707 1853 774 μέχρι

281 792 377 845 τοῦ
410 792 530 846 Νῶε
554 795 845 863 γεγονότες
872 796 968 850 ἄνθ
980 814 1156 866 ρωποι
1183 798 1318 853 Θεὸν
1354 799 1451 851 ἕνα
1482 799 1576 852 τὸν
1600 798 1854 866 ἀληθινὸν

283 885 645 953 τετιμήκασι.
681 886 821 955 μετά
856 888 913 942 δὲ
964 889 1063 958 τὴν
1105 890 1198 942 τοῦ
1244 890 1458 957 πύργου
1510 888 1858 958 κατασκευὴν

286 976 387 1027 καὶ
422 975 523 1043 τὴν
551 975 660 1028 τῶν
690 977 954 1044 γλωσσῶν
981 978 1270 1048 διαφορὰν,
1293 980 1612 1049 ἁσύμϐατον
1639 980 1734 1033 καὶ
1762 980 1859 1033 αύ-

284 1066 388 1135 τὴν
429 1067 697 1137 ἐσχήκασι
734 1069 834 1139 τὴν
867 1070 998 1139 περὶ
1039 1070 1175 1122 Θεοῦ
1223 1071 1401 1135 δόξαψ
1435 1072 1711 1140 πανταχοῦ
1746 1069 1857 1140 γὰρ

285 1155 777 1222 διασκεδασθέντες
827 1161 921 1212 καὶ
957 1160 1058 1227 τὴν
1088 1161 1351 1215 πολύθεον
1383 1162 1592 1231 πλάνην
1627 1164 1861 1231 ἐσχήκα-

287 1262 397 1300 σιν.
435 1265 456 1300 ι
497 1248 624 1301 Ὀτι
658 1248 716 1302 δὲ
766 1247 833 1303 δι’
863 1250 1103 1304 ἀσωτίαν
1151 1252 1481 1321 ἀμφοτέρων
1519 1251 1628 1305 τῶν
1677 1252 1860 1323 μερῶν

282 1341 311 1392 6
366 1340 715 1409 παγκόσμιος
753 1342 963 1403 ἐκεῖνος
1005 1343 1200 1411 γέγονε
1247 1345 1653 1413 κατακλυσμὸς,
1695 1343 1860 1407 αὐτὸς

282 1432 310 1483 6
350 1429 487 1494 Θεὸς
514 1431 787 1500 ἐδήλωσεν
819 1433 990 1497 οὕτως
1036 1434 1229 1487 εἰπών’
1265 1452 1284 1485 ι
1328 1435 1402 1487 Οὐ
1443 1436 1518 1503 μὴ
1550 1434 1860 1507 καταμείνῃ

282 1521 344 1573 τὸ
404 1521 633 1590 Πνεῦμα
677 1540 780 1592 μου
834 1524 890 1576 ὲν
922 1527 1033 1586 τοῖς
1068 1523 1375 1594 ἀνθρώποις
1405 1528 1627 1589 τούτοις
1674 1528 1763 1579 διὰ
1794 1528 1857 1579 τὸ

283 1609 431 1665 εἶναι
478 1612 677 1676 αὐτοὺς
729 1615 959 1684 σάρκας,
1001 1634 1018 1667 ι
1057 1617 1227 1687 ἡγουν
1282 1618 1370 1671 διὰ
1418 1618 1480 1670 τὸ
1520 1618 1621 1687 ζῇν
1662 1621 1859 1680 αὐτοὺς

285 1702 557 1772 ἐμπαθῶς
588 1721 646 1757 τε
702 1707 801 1758 καὶ
849 1706 1146 1776 σαρκικῶς.
1181 1706 1339 1761 Οὕτω
1372 1709 1469 1776 μὲν
1500 1704 1593 1761 οὖν
1628 1709 1655 1761 ὁ
1687 1708 1859 1777 μέγας

286 1794 513 1859 Παῦλος
542 1798 671 1859 τοὺς
700 1799 980 1866 ἐγκρατῶς
1013 1798 1525 1869 ζῶνταςάσάρκους
1555 1801 1735 1861 καλεῖ,
1756 1799 1863 1851 ’λέ-
1897 1779 1939 1831 Β

285 1903 447 1954 γων·
491 1907 511 1940 ι
564 1890 758 1959 Ὑμεῖς
809 1890 866 1943 δὲ
903 1891 1005 1945 οὐκ
1058 1891 1180 1945 ἐστὶ
1228 1893 1283 1945 ὲν
1340 1892 1523 1963 σαρκί.
1574 1911 1592 1943 ι
1644 1893 1865 1961 Σὰρκας

289 1978 397 2047 μὲν
452 1974 570 2042 οὖν,
626 1980 821 2055 ὥσπερ
852 1983 916 2052 δὴ
969 1983 1065 2038 καὶ
1114 1984 1355 2049 ἀσεϐεῖς,
1388 1984 1546 2037 εἴωθε
1608 1987 1797 2037 καλεῖν
1828 1986 1861 2053 ἡ

286 2069 489 2139 Γραφὴ
539 2073 665 2135 τοὺς
698 2072 813 2143 βίον
856 2074 1080 2142 ἔχοντας
1131 2076 1362 2129 ἄσωτον·
1411 2074 1634 2128 ἀσέϐεια
1665 2082 1775 2145 γὰρ
1803 2077 1863 2128 ού

292 2163 459 2232 μόνον
489 2166 523 2234 ἠ
564 2166 675 2217 τῶν
709 2164 945 2227 εἰδώλων
976 2165 1372 2237 προσκύνησις,
1409 2168 1544 2221 ἀλλὰ
1572 2170 1666 2221 καὶ
1701 2169 1867 2230 αὐτὸς

287 2256 316 2309 6
369 2256 613 2324 ἀσελγὴς
663 2256 778 2327 βίος
831 2257 927 2309 καὶ
984 2260 1214 2320 ἄσωτος.
1275 2260 1387 2312 Καὶ
1443 2258 1603 2312 τοῦτο
1661 2260 1812 2327 δηλοί
1840 2262 1867 2313 6

294 2347 575 2418 μακάριος
608 2348 771 2402 Δαϐὶδ
820 2349 994 2416 λέγων
1021 2365 1035 2378 ’
1078 2366 1098 2401 r
1140 2349 1282 2417 Ἐγὼ
1320 2348 1867 2421 εῑπα,Ἐξαγορεύσω

291 2440 419 2491 κατ’
445 2439 583 2506 ἐμοῦ
611 2438 708 2510 τὴν
730 2441 953 2508 ἀνομίαν
984 2458 1084 2510 μου
1107 2440 1185 2510 τῷ
1206 2441 1414 2511 Κυρίω,
1444 2443 1534 2494 καὶ
1554 2443 1617 2494 σὺ
1648 2442 1867 2511 ἀφῆκας

291 2530 397 2598 τὴν
428 2530 682 2584 ἀσέϐειαν
701 2532 801 2599 τῆς
836 2532 1065 2601 καρδίας
1098 2548 1255 2600 μου.)
1292 2532 1383 2601 Μὴ
1414 2533 1523 2603 γὰρ
1548 2534 1868 2599 ἅλλόπιστος

287 2618 361 2693 ἦν
398 2624 427 2674 6
456 2621 659 2687 Aa6£6;
688 2621 779 2693 Μὴ
804 2624 893 2675 τὸν
919 2622 1053 2675 Θεὸν
1082 2622 1396 2692 ἐξωμόσατο
1427 2625 1681 2688 πάντωςς
1708 2626 1902 2695 Οὐχὶ,.

291 2713 439 2768 ἀλλὰ
462 2716 563 2785 τὴν
595 2714 894 2783 ἐπιθυμίαν
933 2716 1056 2786 ἥτις
1095 2714 1251 2769 ἔτεκε
1281 2713 1380 2785 τὴν
1431 2718 1702 2787 μοιχείαν,
1735 2718 1871 2770 ἀσέ-

291 2803 455 2860 ϐαιαν
489 2807 697 2871 ἐκεῖνος
736 2807 986 2861 ἐκάλεσε.
1037 2807 1391 2876 Παγκόσμιον
1442 2807 1501 2860 δὲ
1557 2808 1649 2861 τὸν
1702 2826 1874 2869 καταπ-

298 2899 550 2968 κλυσμὸν
589 2901 795 2953 ἐκεῖνον
837 2901 1142 2971 ἐπήνεγκεν
1167 2902 1196 2953 ό
1233 2900 1389 2965 Θεὸς,
1427 2901 1510 2953 ὅτι
1540 2902 1637 2954 καὶ
1671 2901 1874 2965 πάντες

302 2992 504 3044 ἐκεῖνοι
538 2991 863 3067 καθάρσεως
897 2993 1154 3064 ἔχρῃζον.
1198 2994 1306 3045 Καὶ
1355 2991 1511 3045 τοῦτο
1543 2993 1875 3061 παρίστησιν

1957 544 2108 589 extra
2141 536 2309 590 solam
2342 538 2480 592 hanc
2509 539 2828 605 voluptaria:
2850 540 2972 593 vitze
3002 539 3282 593 libidinem
3314 546 3369 591 et
3390 553 3541 593 eom-

1958 627 2273 681 mistionem
2312 630 2729 695 exsecrandam,
2763 646 2872 699 quo
2904 630 3128 684 nomine
3160 630 3404 699 gigantes
3433 630 3537 683 im-

1960 722 2077 787 pios
2108 736 2354 774 summus
2385 721 2472 774 ille
2502 720 2698 777 Petrus
2732 723 3043 792 appellavit.
3083 722 3541 791 praeclarissimas

1962 814 2051 866 ille
2097 812 2330 882 Cyrillus
2387 815 2465 867 in-
2501 815 2707 883 scripto
2755 816 3017 869 adversus
3069 815 3346 868 Julianum
3399 814 3541 867 libro

1961 906 2250 973 perspicue
2278 906 2461 959 verbis
2493 905 2645 959 hisce
2701 905 3077 958 demonstrat:
3128 925 3145 956 ι
3184 904 3444 959 Homines
3475 904 3544 957 ab

1960 996 2167 1050 Adamo
2217 997 2284 1050 ad
2320 996 2486 1049 Noam
2538 1012 2714 1064 usque
2754 996 3004 1064 prognati
3048 995 3215 1049 Deum
3271 1011 3439 1048 unum
3489 1004 3544 1049 et

1967 1102 2152 1141 verum
2185 1087 2425 1141 coluere.
2451 1086 3020 1140 Postexstructionem
3050 1101 3177 1139 vero
3210 1087 3375 1147 turris
3398 1085 3545 1138 illius

1965 1180 2383 1249 linguarumqne
2434 1179 2758 1232 divisionem
2814 1187 3101 1246 coeperunt
3135 1177 3297 1231 etiam
3331 1175 3546 1245 opinio-

1962 1270 2126 1325 nibus
2164 1270 2234 1325 de
2289 1270 2396 1325 Deo
2446 1270 2710 1325 dissidere
2742 1270 3022 1323 mortales.
3058 1266 3191 1320 Nam
3247 1268 3299 1320 in
3357 1279 3547 1319 omnes

1883 1404 1888 1409 -
1962 1363 2195 1431 dispersi
2223 1373 2405 1431 partes
2447 1364 2605 1416 deum
2637 1376 2855 1432 quoque
2905 1359 3275 1414 multitudinis
3302 1371 3546 1411 errorem

1965 1453 2302 1507 imbuerunt.
2342 1471 2359 1503 ι
2408 1452 2653 1521 Denique
2680 1461 2901 1521 propter
2927 1452 3214 1519 utriusque
3250 1448 3421 1518 partis
3466 1448 3552 1501 lu-

1963 1547 2176 1599 xuriam
2213 1546 2479 1599 diluvium
2524 1545 2657 1599 illud
2711 1547 2897 1599 orbem
2932 1544 3247 1597 universum
3281 1540 3550 1621 invasisse

1963 1637 2109 1690 Deus
2160 1637 2279 1705 ipse
2326 1637 2593 1698 denotat,
2645 1652 2768 1691 cum
2798 1635 2925 1689 ‘ait:
2965 1653 2983 1685 ι
3047 1632 3162 1687 Non
3206 1631 3551 1700 permanebit

1967 1728 2205 1797 Spiritus
2230 1743 2381 1781 meus
2409 1728 2460 1780 in
2499 1727 2649 1782 hisce
2683 1726 3021 1788 mortalibus,
3049 1739 3174 1779 cum
3198 1738 3324 1777 caro
3358 1723 3493 1783 sint,
3525 1738 3543 1772 ι

1969 1818 2072 1872 hoc
2106 1829 2190 1873 est
2219 1834 2316 1887 pro
2347 1818 2696 1872 all‘ectionum
2751 1827 2805 1872 et
2853 1817 3037 1871 carnis
3075 1815 3305 1869 libidine
3339 1813 3547 1867 vivant.

1972 1907 2064 1964 Sic
2098 1910 2243 1964 enim
2296 1919 2349 1963 et
2378 1909 2578 1965 Paulus
2611 1910 2858 1964 homines
2896 1919 3269 1978 temperanter
3301 1906 3548 1959 viventes

1970 1999 2155 2053 carnis
2184 2011 2436 2067 expertes
2470 2001 2521 2053 in
2553 2000 2635 2053 bis
2659 2000 2839 2054 verbis
2872 2008 3062 2053 vocat:
3107 2016 3124 2049 ι
3157 1996 3264 2052 Vos
3303 1996 3356 2048 in
3381 2010 3547 2049 carne

1970 2106 2080 2144 non
2122 2092 2254 2145 estis
2290 2092 2334 2145 ‘-'.
2366 2111 2384 2143 ι
2422 2092 2687 2145 Nimirum
2725 2092 2946 2146 Litterae
2994 2104 3166 2146 sacrm
3215 2102 3437 2143 carnem
3488 2094 3548 2139 et

1972 2181 2169 2250 impios
2221 2181 2496 2251 appellare
2541 2190 2948 2237 consueverunt
3000 2197 3096 2236 eos
3148 2194 3380 2250 quorum
3434 2177 3548 2231 vita

1974 2273 2201 2329 luxuria:
2227 2274 2409 2328 dedita
2439 2283 2542 2328 est.
2573 2275 2704 2327 Nam
2736 2275 2989 2343 impietas
3029 2289 3150 2326 ‘nou
3207 2273 3548 2327 deastrorum

1974 2365 2134 2419 modo
2166 2366 2343 2420 cultus
2375 2376 2475 2425 est,
2542 2367 2637 2420 sed
2670 2366 2941 2436 signilieat
2993 2367 3155 2419 etiam
3202 2363 3439 2418 lascivia:
3471 2360 3554 2415 lu-

1972 2454 2253 2523 xuriaeque
2281 2457 2445 2510 vitam
2479 2457 2794 2511 obnoxiam.
2837 2457 2992 2510 Patet
3024 2457 3129 2510 hoc
3160 2470 3224 2507 ex
3254 2453 3398 2507 beati
3447 2452 3551 2505 viri

1974 2547 2196 2603 Davidis
2222 2549 2625 2608 hac.oratione:
2680 2568 2699 2600 ‹
2733 2548 2849 2602 Dixi
2905 2546 3047 2615 apud
3085 2560 3194 2610 me,
3227 2543 3552 2612 [inprobitao

1977 2648 2083 2693 tem
2106 2655 2282 2693 meam
2311 2640 2575 2693 adversus
2614 2655 2701 2692 me
2730 2640 2906 2708 ipsum
2938 2636 3168 2690 Domino
3209 2633 3457 2697 fatebor;
3495 2641 3554 2686 et

1978 2739 2034 2784 tu
2086 2731 2192 2784 mei
2251 2730 2432 2784 cordis
2486 2730 2820 2799 impietatem
2873 2728 3004 2782 mihi
3060 2723 3434 2781 condonasti'
3471 2762 3486 2777 .
3528 2740 3546 2773 ι

1976 2822 2171 2887 Qumso
2202 2833 2274 2884 te,
2308 2839 2436 2876 num
2466 2822 2624 2875 tidem
2654 2822 2955 2891 quamdam
2974 2829 3291 2873 extraneam
3319 2813 3554 2869 Davides

1978 2911 2322 2966 sectabatur?
2380 2911 2516 2965 Num
2544 2913 2711 2964 Deum
2757 2911 3141 2979 abjuraverat?
3198 2906 3550 2976 Nequaquam

1979 3012 2147 3056 certe.
2174 3001 2443 3057 Nimirum
2472 3002 2765 3070 impietatis
2798 3001 3061 3055 vocabulo
3094 3000 3251 3069 125
3283 2998 3556 3067 cupidita-
3656 3004 3660 3009 ‘

299 3084 333 3152 ἡ
371 3083 564 3153 Γριφὴ
616 3083 892 3151 λέγουσα⁸
933 3103 952 3136 ι
990 3086 1099 3138 Καὶ
1148 3079 1257 3137 εῐδε
1303 3083 1509 3152 Κύριος
1560 3084 1588 3135 ὀ
1617 3084 1748 3148 Θεὸς
1777 3086 1870 3155 τὴν

1982 3104 2089 3148 tem
2137 3093 2305 3157 illam,
2355 3110 2475 3163 quae
2511 3094 2839 3147 adulterium
2876 3100 3185 3162 pepererat,
3243 3090 3442 3144 innuit.
3486 3088 3556 3143 Et

297 3176 427 3245 γῆν,
473 3178 570 3230 καὶ
622 3173 690 3247 ἦν
727 3178 1176 3248 κατεφθαρμένη,
1218 3178 1300 3231 ὅτι
1352 3175 1681 3247 κατέφθειρε
1718 3178 1868 3231 πᾶσα

301 3270 441 3339 cipe
486 3269 590 3335 τὴν
627 3269 744 3321 ὁδὸν
788 3269 961 3337 αὐτῆς
999 3270 1094 3321 ἐπὶ
1124 3270 1222 3338 τῆς
1262 3269 1389 3339 γῆς.
1424 3285 1442 3318 ι

1980 3185 2282 3240 universale
2329 3186 2594 3239 diluvium
2639 3185 2850 3239 invexit
2883 3193 3173 3254 propterea
3210 3181 3377 3243 Deus,
3402 3179 3549 3251 quod

1980 3290 2174 3331 omnes
2205 3276 2278 3329 illi
2321 3278 2565 3332 homines
2606 3276 3008 3347 repurgationis
3057 3282 3299 3343 egerent.
3333 3272 3556 3343 Signiﬁ-

297 3369 453 3413 catur
486 3361 588 3414 hoc
622 3361 793 3415 sacris
824 3360 876 3413 in
912 3359 1132 3415 Litteris
1171 3377 1268 3429 per
1331 3362 1443 3419 haec
1495 3361 1660 3417 verba
1711 3379 1725 3416 :
1763 3380 1782 3414 ι
1818 3360 1965 3418 Vidit
2025 3366 2168 3422 Deus
2221 3368 2409 3423 orbem
2468 3378 2735 3424 terrarum
2795 3383 2921 3423 esse
2963 3367 3438 3437 corruptissimum
3499 3372 3555 3418 et

301 3452 544 3505 omnium
570 3452 877 3507 mortalium
910 3466 1087 3507 mores
1115 3454 1433 3521 depravatos
1460 3457 1504 3511 ’.
1534 3473 1555 3508 ι

372 3543 614 3614 Πρόσεχε
638 3545 716 3608 δὲ,
746 3546 1017 3614 ἀγαπητά.
1055 3546 1116 3599 El
1160 3547 1271 3617 γὰρ
1325 3548 1424 3601 οὐκ
1452 3549 1710 3617 ἐφείσατο
1743 3548 1869 3601 τότε

297 3636 446 3700 τινὸς
476 3641 504 3690 6
538 3637 693 3699 Θεὸς,
720 3638 856 3691 ἀλλὰ
883 3638 1089 3701 πάντας
1138 3636 1310 3709 ἄρδην
1345 3640 1674 3705 κατέκλυσε,
1706 3640 1873 3708 μηδὲν

299 3727 687 3799 ὠφεληθέντας
716 3730 777 3780 ὲκ
814 3728 904 3782 τοῦ
930 3729 1077 3799 λόγῳ
1111 3730 1257 3799 μόνῳ
1306 3731 1565 3784 σέϐεσθαι
1596 3732 1686 3784 τὸν
1715 3731 1874 3795 Θεὸν,

298 3819 526 3887 εύδηλον
556 3820 772 3882 πάντως
794 3818 866 3881 ὡς
893 3821 1011 3873 οὐδὲ
1036 3823 1067 3891 ἡ
1079 3822 1194 3889 μῶν
1224 3822 1284 3873 ὲν
1314 3821 1499 3893 ἐκείνῃ
1528 3822 1779 3891 φείσεται
1807 3825 1873 3895 τῇ

298 3916 507 3984 ἡμέρᾳ,
541 3914 588 3964 εί
616 3912 708 3964 καὶ
733 3911 794 3963 τὸ
828 3912 934 3962 τῶν
966 3912 1307 3981 Χριστιανῶν
1340 3915 1721 3984 ἐπιφερόμεθα
1762 3914 1879 3968 ὅνο-

303 4022 401 4072 μα.
448 4005 595 4070 Ἑρεῖ
624 4003 732 4072 γὰρ
766 4001 979 4072 ἀληθῶς
1018 4005 1044 4056 6
1077 4006 1358 4076 Δεσπότης
1392 4008 1609 4059 πάντων
1641 4007 1876 4076 Χριστὸς

298 4096 393 4147 καὶ
418 4097 573 4165 ἡμῖν,
607 4095 744 4163 ὅπερ
775 4089 894 4145 εἷπε
917 4096 1029 4153 τοῖς
1064 4093 1363 4159 Ἰουδαίοις,
1395 4095 1557 4164 ἡνίκα
1591 4094 1879 4164 καυχώμε-

302 4206 380 4241 νοι
440 4187 658 4253 ἔλεγοψ
721 4204 738 4236 ι
800 4184 993 4255 Ἡμεῖς
1048 4187 1113 4238 ὲκ
1159 4186 1253 4238 τοῦ
1310 4187 1517 4255 πατρὸς
1575 4186 1733 4257 ἡμῶν
1782 4186 1875 4240 τοῦ

314 4282 570 4352 ’Δϐραᾶμ
606 4278 791 4349 ἐσμεν.
832 4299 851 4333 ι
902 4279 1164 4350 Καθάπερ
1215 4285 1324 4354 γὰρ
1383 4284 1615 4346 ἐκείνοις
1650 4284 1870 4352 ἔλεγεν·

309 4393 328 4425 ι
367 4378 426 4429 Εἰ
448 4377 513 4427 ἐκ
538 4373 633 4427 τοῦ
673 4373 926 4443 Ἀϐραὰμ
957 4369 1078 4443 ἦτε,
1118 4376 1187 4427 τὰ
1222 4374 1358 4443 ἔργα
1390 4374 1458 4428 ἂν
1516 4377 1748 4428 ἐποιεῖτε
1784 4374 1875 4428 τοῦ

2046 3548 2143 3604 Hic
2173 3549 2415 3607 animum
2453 3548 2609 3612 mihi,
2636 3549 2835 3604 dilecte
2867 3548 2963 3613 fili,
3010 3548 3302 3601 advertite.
3352 3541 3488 3597 Nam
3509 3547 3556 3600 si

1973 3639 2121 3694 Deus
2148 3641 2197 3694 id
2234 3641 2495 3709 temporis
2526 3640 2729 3695 nemini
2765 3640 3032 3709 pepercit,
3065 3638 3161 3693 sed
3181 3636 3386 3692 diluvio
3429 3636 3560 3689 fun-

1974 3732 2119 3787 ditus
2142 3748 2329 3787 omnes
2351 3734 2559 3798 obruit,
2592 3734 2727 3787 nihil
2759 3734 2976 3801 adjutos
3003 3747 3069 3787 et
3101 3746 3168 3786 eo
3199 3730 3342 3800 quod
3375 3728 3559 3783 verbis

1979 3824 2146 3879 Deum
2205 3826 2455 3894 religiose
2509 3835 2922 3889 venerarentur,
2971 3825 3194 3893 intelligi
3267 3822 3558 3892 perspicue

1976 3927 2156 3988 potest
2174 3917 2435 3979 futurum,
2460 3924 2608 3970 utne
2632 3917 2786 3969 nobis
2805 3916 3025 3984 quidem
3046 3916 3098 3967 in
3125 3915 3217 3967 illo
3236 3914 3324 3966 die
3346 3920 3555 3980 pareat,

1985 4010 2197 4064 tametsi
2252 4025 2446 4061 nomen
2500 4008 2938 4061 Christianorum
2978 4007 3297 4060 habeamus.
3346 4004 3557 4055 Revera

1984 4096 2132 4151 enim
2160 4095 2411 4149 Christus
2438 4095 2527 4149 ille
2556 4096 2824 4149 Dominus
2856 4095 3104 4148 omnium
3137 4094 3305 4148 verbo
3342 4108 3441 4147 nos
3466 4092 3559 4145 illo

1984 4187 2350 4257 compellabit,
2382 4203 2489 4255 quo
2515 4188 2731 4242 Judzeos
2754 4187 2951 4239 allatus
2968 4195 3071 4249 est,
3099 4200 3220 4240 cum
3242 4181 3556 4253 jactabuudi

1985 4277 2230 4333 dicerent
2272 4295 2284 4330 :
2321 4297 2337 4329 ι
2380 4277 2488 4333 Nos
2518 4294 2583 4332 ex
2618 4278 2941 4331 Abrahamo
2972 4286 3123 4347 patre
3155 4285 3344 4330 nostro
3370 4292 3560 4331 sumus

1987 4367 2092 4420 orti
2119 4368 2185 4420 ³ο.
2227 4386 2245 4418 ι
2292 4367 2559 4420 Nimirum
2588 4374 2661 4421 'ut
2705 4368 2813 4421 illis
2874 4366 3192 4435 respondit:
3230 4385 3249 4418 ι
3281 4364 3334 4418 Si
3384 4365 3558 4423 Abra-

315 4466 588 4534 Ἀϐραὰμ,
623 4482 643 4515 ι
677 4462 850 4525 οὕτως
878 4467 994 4535 ἐρεῖ
1019 4466 1114 4518 καὶ
1156 4466 1290 4534 ἡμῖν
1313 4481 1326 4497 ·
1381 4484 1399 4515 ι
1427 4465 1489 4517 El
1516 4466 1870 4534 Χριστιανοὺς

1987 4458 2131 4512 hami
2160 4459 2273 4512 nati
2302 4459 2518 4521 essetis,
2557 4460 2872 4514 Abrahamo
2902 4458 3065 4529 digna
3100 4458 3398 4523 faceretis;
3431 4477 3449 4511 ι
3483 4459 3558 4512 ita

306 4558 531 4619 ἑαυτοὺς
562 4558 764 4626 εἴχετε,
792 4556 859 4609 τὰ
889 4557 1027 4624 ἔργα
1074 4556 1141 4608 ἂν
1174 4558 1407 4610 ἐποιεῖτε
1460 4556 1528 4608 τὰ
1576 4558 1690 4617 τοίς
1747 4557 1882 4624 Χρι-

306 4651 540 4711 στιανοῖς
560 4647 893 4717 ἁρμόζοντα.
921 4668 938 4698 ι
963 4649 1052 4717 Μὴ
1080 4644 1174 4701 οὖν
1197 4649 1290 4701 ἐπὶ
1315 4647 1525 4710 τούτοις
1546 4646 1877 4717 ἀμφίϐαλλε’

305 4745 389 4796 διὰ
412 4745 526 4811 γᾶρ
560 4742 656 4794 τοῦ
710 4743 1061 4809 παγκοσμίου
1097 4740 1307 4793 ἐκείνου
1354 4739 1754 4809 κατακλυσμοῦ
1788 4742 1882 4793 καὶ

306 4835 395 4888 τοῦ
431 4837 489 4887 ἐν
524 4833 779 4902 Σοδόμοις
828 4831 1160 4902 ἐμπρησμοῦ
1215 4832 1401 4900 σαφῶς
1430 4832 1636 4897 ἔδειξεν
1663 4834 1691 4885 6
1722 4833 1877 4897 Θεὸς,

305 4931 487 4982 ὁποῖον
529 4927 747 4996 ἀπαντᾷ
794 4924 946 4985 τέλος
991 4928 1100 4986 τοῖς
1132 4927 1189 4977 ὲν
1213 4923 1421 4993 ἀσωτίᾳ
1443 4926 1532 4976 τὶν
1567 4924 1682 4994 βίον
1716 4940 1884 4976 κατα-

306 5017 551 5070 λύουσιν.

383 5194 444 5247 ⁹Ο
479 5193 666 5259 μέντοι
718 5193 840 5245 Νῶε
868 5190 1242 5245 πεντακοσίων
1283 5192 1418 5244 ἐτῶν
1443 5191 1681 5259 γεγονὼς
1718 5193 1880 5263 γεννᾷ

302 5283 392 5337 τὸν
415 5286 481 5336 Si
498 5302 558 5351 μ,
591 5283 683 5335 τὸν
709 5284 858 5351 Χὰμ,
883 5284 973 5335 τὸν
1010 5282 1215 5350 Ἰἀφεθ.
1254 5284 1368 5351 Ἐφ’
1390 5276 1434 5350 ᾧ
1459 5284 1553 5335 καὶ
1580 5282 1727 5346 ἄξιος
1753 5282 1881 5335 θαυ-

311 5377 595 5445 μασμῶνό
631 5375 791 5444 ἀνὴρ.
835 5378 916 5428 ὅτι
947 5374 1200 5436 τοσοῦτος
1261 5376 1611 5442 παρίππευσε
1664 5376 1874 5444 χρόνο⁴,

306 5470 393 5520 καὶ
423 5468 607 5537 μίξεσι
637 5466 886 5534 νομίμοις
918 5465 1256 5518 ὑποκύῖιτειν
1281 5466 1379 5518 οὐκ
1409 5466 1589 5535 ἤθελε.
1624 5465 1819 5526 Καλῶς
1850 5466 1877 5518 6

308 5558 727 5628 Χρυσορῤήμων
770 5573 844 5627 φη
859 5557 953 5619 τὶν,
990 5555 1039 5607 εί
1090 5554 1166 5625 μὴ
1196 5555 1316 5607 θεία
1352 5572 1437 5617 τις
1474 5550 1543 5625 ἦν
1571 5555 1874 5623 οἰκονομία,

376 5732 397 5762 '
435 5730 593 5787 Rom.
636 5746 759 5800 vm,
793 5733 845 5787 9.
922 5733 941 5765 '
969 5732 1110 5789 l‘sal.
1144 5748 1293 5801 uxr,
1325 5734 1375 5788 5.
1484 5740 1499 5768 ν
1528 5736 1662 5792 Gen.
1704 5752 1775 5804 vt,
1813 5736 1895 5792 1:2.

1982 4550 2139 4615 nobis
2167 4550 2333 4604 etiam
2378 4552 2630 4604 dit-turus
2663 4562 2747 4605 est
2779 4568 2794 4605 :
2833 4570 2851 4601 ι
2888 4549 2944 4604 Si
2980 4566 3077 4619 pro
3107 4550 3437 4605 Christianis
3461 4568 3559 4606 vos

1981 4659 2172 4711 gerere
2230 4643 2518 4701 volebatis.
2578 4660 2641 4697 ea
2690 4655 2949 4714 prmstare
3001 4642 3370 4699 conveniebat
3437 4660 3559 4712 que

1982 4736 2320 4791 Christianos
2345 4738 2571 4791 omnino
2602 4739 2877 4792 decerent.
2914 4757 2934 4789 ρ
2986 4738 3164 4806 Atque
3203 4736 3376 4789 hacin
3403 4747 3559 4805 parte
3596 4724 3601 4729 ’

1950 4874 1953 4877 γ
1986 4829 2211 4882 minime
2248 4829 2447 4882 tibiest
2476 4830 2879 4899 ambigendum.
2917 4829 3051 4882 Nam
3099 4845 3196 4899 per
3243 4829 3392 4883 orbis
3436 4828 3562 4881 uni-

1987 4920 2126 4974 versi
2193 4920 2456 4974 ddnvium
2522 4930 2577 4975 et
2641 4921 3000 4975 Sodomorum
3049 4922 3363 4976 incendium
3418 4924 3560 4977 lteus

1991 5009 2281 5064 manifesto
2310 5011 2621 5073 declaravit,
2651 5011 2825 5079 qualis
2854 5012 3138 5068 immineat
3166 5015 3232 5068 iis
3263 5014 3445 5070 exitus
3465 5015 3559 5084 qui

1991 5099 2153 5153 vitam
2177 5099 2230 5152 in
2264 5100 2473 5153 luxuria
2534 5101 2847 5170 prodigum.

2057 5188 2194 5243 Cum
2230 5189 2342 5242 Noe
2363 5190 2688 5258 quingentos
2714 5202 2859 5246 esset
2883 5208 3058 5247 annos
3090 5202 3272 5255 natus,
3330 5193 3553 5247 Semqu

1988 5279 2197 5349 genuit,
2229 5279 2462 5349 indeque
2495 5281 2762 5335 Chamum
2788 5292 2843 5337 et
2870 5281 3163 5353 Japbetum
3183 5286 3250 5337 ”.
3321 5283 3558 5337 Meretur

1989 5372 2041 5424 in
2071 5372 2163 5425 illo
2185 5371 2304 5425 viro
2335 5388 2582 5443 magnam
2610 5375 2711 5428 hoc
2745 5376 3187 5437 admirationem,
3251 5376 3396 5444 quod
3427 5391 3551 5426 cum

1991 5473 2071 5520 tot
2105 5479 2281 5519 annos
2306 5464 2539 5520 vivendo
2590 5467 2881 5535 explesset,
2929 5484 2997 5521 ne
3036 5467 3304 5537 legitimos
3333 5464 3556 5533 quidem

1987 5554 2271 5624 amplexus
2298 5556 2713 5612 desideraverit.
2744 5556 3167 5626 Cbrysostomus
3196 5569 3343 5608 certe
3378 5554 3475 5621 ait,
3499 5556 3559 5614 ni

2003 5738 2042 5768 ¹⁰
2073 5736 2229 5795 Joau.
2266 5754 2385 5806 vttt,
2418 5739 2506 5794 55.
2591 5743 2628 5773 “
2665 5741 2799 5796 Gen.
2838 5756 2888 5803 v,
2919 5740 3008 5792 31.
