4062 6186
1773 172 1798 183 κ

446 294 548 357 247

1697 301 1747 358 Μ
1768 300 2119 359 [CIIAELIS
2159 299 2418 358 GLYCIE

3582 289 3692 356 eis
3755 237 3758 242 ’

448 407 635 462 divino
657 407 936 462 decretum
979 409 1172 469 fuisset
1218 411 1452 464 consilio
1480 427 1572 481 per
1625 414 1802 484 ipsum
1839 432 2013 485 genus

2137 413 2255 466 ὒστε
2318 416 2387 466 δι’
2430 414 2590 467 αὑτὸν
2642 412 2804 476 αὖθις
2834 413 2894 466 τὸ
2950 413 3062 466 τῶν
3090 410 3397 483 ἀνθρώπων
3427 411 3694 479 συστῆσαι

448 500 746 554 humanum
788 499 1206 556 instaurandum
1259 517 1401 566 esse,
1463 520 1743 574 nunquam
1793 509 2018 562 omnino

447 592 762 644 carnalibus
829 607 950 643 cum
1029 593 1420 661 cupiditatibus
1483 612 1542 650 se
1613 597 2018 652 submissurum

448 679 634 734 fuisse.
668 683 893 748 Pmptrr
923 686 1060 735 hanc
1081 698 1302 738 causam
1338 686 1474 741 Deus
1501 702 1626 742 eum
1663 697 1820 744 vocat
1849 690 2022 744 homi-

449 789 576 826 nem
630 773 804 826 aetatis
860 788 971 827 stuc
1020 775 1316 846 integrum,
1379 795 1500 848 qua:
1552 780 1712 848 plane
1771 796 2023 849 perversa

447 873 584 917 erat.
621 862 718 916 Hie
765 864 852 919 Dei
883 867 1218 922 tolerantiam
1269 870 1399 924 mihi
1447 874 1812 928 considerato.
1877 873 2024 928 Dilu-

448 959 596 1011 vium
627 956 811 1012 subito
866 976 973 1013 non
1037 961 1265 1026 invehit,
1298 964 1388 1018 sed
1421 967 1549 1020 totis
1606 975 1824 1020 centum
1867 967 2026 1022 annis

454 1064 582 1105 arca
630 1053 985 1108 construitur.
1037 1055 1261 1109 Interim
1325 1049 1574 1114 homines
1622 1062 1802 1115 stolidi
1853 1061 2024 1116 Neam

448 1143 715 1198 voluntati
769 1145 968 1200 divinze
1046 1150 1439 1219 obsequentem
1519 1153 1836 1208 irridehaat.
1912 1155 2025 1211 Imo

451 1236 664 1288 tametsi
713 1248 1003 1292 cernerent
1045 1241 1328 1295 universas
1358 1243 1562 1297 belluas
1599 1245 1767 1306 coire,
1836 1263 2026 1316 quein-

452 1324 742 1378 admodum
773 1327 992 1381 divinns
1015 1329 1102 1384 ille
1135 1331 1215 1384 vir
1246 1332 1588 1400 Ephraemus
1617 1337 1711 1400 ait,
1765 1337 2028 1406 elephan-

455 1425 539 1469 tos
565 1416 632 1468 ab
662 1415 807 1470 India
833 1417 1159 1489 Persideque
1190 1423 1502 1492 adventare,
1534 1428 1720 1482 leones
1751 1444 1813 1482 ac
1837 1429 2029 1498 parda-

453 1506 595 1562 Iides
636 1507 777 1562 inter
806 1525 935 1564 oves
967 1523 1129 1582 atque
1159 1529 1352 1584 capras
1383 1519 1694 1586 promiscue
1749 1521 2026 1585 aecedcre,

455 1593 675 1670 reptiles
705 1603 905 1658 bestias
936 1619 1060 1658 cum
1087 1609 1277 1665 avibus
1309 1613 1502 1665 eodem
1547 1628 1606 1668 se
1665 1627 2029 1685 persequente

455 1692 672 1746 nemine
724 1694 972 1749 conferre
1001 1714 1062 1752 ac
1085 1700 1289 1755 circum
1321 1719 1498 1763 aream
1540 1709 1889 1769 commorari,
1940 1709 2026 1761 ni—

458 1783 569 1836 hilo
599 1794 775 1840 tamen
807 1789 975 1858 magis
1017 1794 1354 1860 pmnitentire
1399 1799 1648 1853 stimulos
1697 1801 2024 1855 sentiebant.

457 1876 602 1930 Idem
632 1890 700 1934 ne
731 1880 884 1935 nobis
914 1883 1140 1950 incidat,
1181 1903 1455 1958 nunquam
1491 1907 1596 1945 non
1649 1893 1959 1964 vigilemus.

537 1969 695 2038 126
751 1972 858 2028 Sed
936 1977 1080 2031 enim
1155 1982 1300 2034 unde
1391 1983 1504 2038 Noe
1566 1987 1832 2044 didicerat
1910 2005 2030 2059 quae

457 2062 711 2118 animalia
787 2069 1010 2132 munda,
1101 2087 1222 2140 qua:
1285 2074 1565 2130 immunda
1631 2064 1833 2142 essent,
1904 2095 2029 2134 cum

458 2153 703 2207 nondum
762 2156 812 2210 id
845 2163 1104 2229 temporis
1161 2179 1225 2216 ea
1275 2164 1452 2221 Moses
1481 2171 1854 2238 segregasset?
1885 2170 2034 2226 IIanc

461 2243 606 2296 enim
640 2250 996 2314 quaestionem
1027 2251 1448 2324 Chrysostomus
1488 2271 1688 2314 movet.
1729 2259 1868 2314 Num
1904 2276 2031 2330 pro-

466 2335 812 2392 ﬁciscebatur
833 2341 936 2396 hoc
960 2358 990 2396 ιι
1011 2347 1245 2400 naturali
1269 2348 1500 2416 quadarn
1517 2353 1846 2418 Cognitione,
1869 2369 2029 2421 quam

467 2429 726 2490 habebat.
757 2445 878 2487 ana
902 2435 1167 2503 sapientia
1200 2439 1462 2494 divinitus
1495 2443 1543 2495 ei
1569 2448 1861 2500 concessa?
1892 2445 2032 2501 Prae-

465 2519 610 2574 clara
641 2523 884 2588 prol'ecto
912 2541 998 2581 res
1032 2529 1207 2584 virtus
1240 2538 1342 2584 est.
1383 2533 1506 2587 Ilaec
1535 2532 1817 2589 Euochum
1850 2545 2032 2590 trans-

468 2609 612 2674 tulit,
637 2611 748 2666 luee
779 2612 944 2668 Neam
961 2621 1321 2674 conservavit.
1347 2619 1479 2676 Nam
1500 2623 1624 2678 vide
1644 2625 1802 2691 mihi,
1824 2641 2030 2696 qua‘so,

465 2701 596 2766 quid
634 2702 970 2763 tiat.0:unes
1006 2709 1060 2763 id
1097 2713 1358 2782 temporis
1396 2713 1646 2770 homines
1680 2715 1825 2773 Deus
1863 2719 2032 2774 exitio

467 2790 748 2848 destinans
788 2797 962 2852 solum
1009 2801 1074 2854 ad
1105 2799 1274 2856 Neam
1321 2804 1542 2874 inquit:
1584 2825 1602 2857 ι
1637 2807 1928 2878 Ingredere
1977 2819 2030 2865 tu

469 2896 575 2934 una
606 2897 727 2937 cum
765 2888 910 2940 ocimi
949 2889 1150 2946 familia
1184 2903 1274 2947 tua
1311 2895 1362 2948 in
1393 2911 1596 2962 aream,
1631 2899 1886 2967 quoniam
1915 2901 2034 2970 qui-

471 2971 594 3027 dem
627 2983 678 3028 te
724 2977 1084 3036 animadverti
1129 2998 1250 3039 esse
1289 2987 1531 3042 omnium
1578 2990 1740 3060 hujus
1785 2993 2030 3060 perversi

2057 1764 2104 1822 Β

2122 509 2301 576 γένος,
2333 508 2432 562 οὑκ
2459 507 2525 561 ἂν
2551 505 2661 559 οὐδ’
2712 507 2852 569 ὅλως
2883 507 3181 575 σαρκικαῖς
3210 504 3532 574 ἐπιθυμίαις
3561 505 3695 558 ὑπέ-

2123 601 2262 670 κυψε
2281 617 2295 632 ⁸
2337 600 2480 654 κατά
2507 600 2614 668 γὰρ
2641 599 2800 652 τοῦτο
2823 601 2917 652 καὶ
2947 597 3148 651 τέλειον
3171 597 3334 651 αὑτὸν
3359 601 3414 650 ἐν
3439 600 3503 668 τῇ
3531 600 3693 668 γενεᾷ

2128 691 2295 746 αὐτοῦ
2335 693 2493 746 καλεῖ
2513 694 2540 745 ὁ
2563 693 2719 756 Θεὸς,
2747 693 2812 761 τῇ
2840 690 3248 761 διεστραμμένη
3279 691 3504 759 δηλαδή.
3546 689 3693 743 Ἀλλ’

2123 786 2225 856 ὅρα
2267 785 2650 855 μακροθυμίαν
2681 782 2776 838 τοῦ
2806 783 3096 838 Θεοῦ.οὑκ
3129 783 3334 847 εὑθέως
3373 784 3570 848 ὲπάγει
3601 783 3694 835 τὸν

2127 875 2538 945 κατακλυσμὸν,
2583 875 2702 928 ἀλλ’
2747 874 2838 944 ῐτη
2891 875 2988 944 μὲν
3034 873 3229 928 ἑκατὸν
3280 872 3556 942 ὲτοιμάζει
3593 869 3694 940 τὴν

2126 967 2381 1031 κιῦωτδν,
2439 969 2543 1022 κάν
2577 969 2625 1021 oi
2687 967 2922 1038 ἄφρονες
2977 967 3067 1020 τὸν
3117 965 3241 1019 Νῶε
3273 965 3537 1035 θελήματι
3565 964 3696 1034 θείῳ

2128 1060 2572 1132 ὑπηρετούμενον
2622 1059 3067 1131 ἐξεμυκτήριζον.
3137 1059 3299 1112 Ἀλλὰ
3341 1058 3698 1126 καὶ-συναγό-

2132 1173 2268 1226 μενα
2320 1155 2558 1226 ὁρῶντες
2599 1153 2666 1206 τά
2697 1151 2864 1223 θηρία
2895 1154 3094 1213 πάντα,
3123 1152 3269 1211 καθά
3316 1168 3480 1220 φησιν
3503 1153 3530 1203 ὁ
3555 1151 3698 1210 θεῖος

2142 1247 2401 1316 Ἐφραῖμ,
2428 1247 2730 1315 ἐλέφαντας
2775 1248 2872 1314 μὲν
2898 1245 3006 1299 ἀπὸ
3042 1245 3271 1314 Ἰνδικῆς
3316 1246 3403 1296 καὶ
3436 1244 3698 1312 Περσίδος

2129 1338 2424 1408 ἐρχόμενα,
2478 1337 2697 1400 λέοντας
2751 1337 2846 1390 καὶ
2899 1335 3196 1406 παρδάλεις
3237 1335 3375 1403 μετά
3407 1334 3698 1404 προϐάτων

2130 1431 2228 1483 καὶ
2255 1430 2428 1498 αἰγῶν
2461 1428 2713 1498 μιγάδας,
2741 1427 2947 1498 ἑρπετά
2978 1428 3072 1480 καὶ
3106 1424 3330 1479 πετεινά
3389 1425 3516 1479 ἄνευ
3550 1425 3696 1482 τινὸς

2130 1521 2415 1583 διώκοντος
2444 1521 2714 1590 ἐρχόμενα
2744 1520 2838 1573 καὶ
2871 1517 3058 1588 κύκλῳ
3084 1518 3182 1586 τῆς
3207 1517 3442 1569 κιϐωτοῦ
3483 1517 3702 1578 αὐλιζό-

2135 1632 2292 1685 μενοι,
2329 1614 2584 1685 οὐδαμῶς
2644 1613 3046 1681 κατενύγησαν.
3083 1610 3271 1668 ⁴Ἀλλὰ
3309 1610 3386 1680 μὴ
3412 1608 3505 1662 καὶ
3536 1610 3695 1680 ἡμεῖς

2133 1706 2292 1760 τοῦτο
2325 1705 2618 1773 πάθοιμεν,
2643 1701 3047 1772 γρηγοροῦντες
3075 1699 3184 1756 ἀεί.

2211 1974 2382 2030 Πόθεν
2408 1973 2464 2027 δὲ
2498 1969 2642 2029 οϊδεν
2680 1976 2709 2028 ὁ
2733 1972 2859 2027 Νῶε
2894 1975 2960 2027 τὰ
2993 1971 3212 2045 καθαρά
3263 1974 3355 2025 καὶ
3389 1972 3700 2043 ἀκάθαρτα.

2137 2068 2306 2140 μήπω
2336 2071 2432 2138 τῆς
2473 2063 2652 2121 αὑτῶν
2687 2066 3008 2137 διαιρέσεως
3065 2067 3218 2134 παρά
3270 2065 3515 2128 Μωσέως
3542 2081 3703 2132 γεγο-

2133 2147 2422 2222 νυίας,’ὡς
2467 2162 2494 2212 ὁ
2529 2159 2951 2230 Χρυσορῤήμων
2982 2159 3177 2229 φησίν;
3231 2158 3325 2210 Ἐκ
3374 2158 3472 2241 τῇς
3506 2161 3704 2211 ἐναπο-

2135 2255 2397 2321 κειμένης
2425 2251 2575 2318 αὐτῷ
2609 2251 2842 2320 φυσικῆς
2871 2250 3204 2320 γνώσεως,ἦ
3233 2250 3294 2302 ὲκ
3324 2248 3425 2318 τῆς
3453 2249 3706 2316 δοθείσης

2134 2343 2282 2414 αὑτῷ
2312 2345 2464 2413 παρὰ
2488 2343 2624 2396 Θεοῦ
2655 2343 2868 2410 caui-1;.
2915 2343 3004 2404 Ὠς
3041 2341 3206 2395 καλὸν
3245 2344 3276 2412 ἡ
3306 2343 3512 2412 ἀρετήί
3547 2341 3702 2408 Α’ύτη

2133 2439 2226 2492 τὸν
2270 2438 2441 2505 Ἑνὼχ
2505 2436 2826 2505 μετέθηκεν,
2877 2433 3014 2502 αὕτη
3060 2434 3152 2487 τὸν
3208 2433 3332 2487 Νῶε
3377 2432 3705 2486 διεσώσατο.

2136 2529 2280 2598 Ὅρα
2302 2528 2410 2596 γὰρ
2438 2526 2519 2578 ὅτι
2556 2527 2767 2588 πάντας
2802 2524 3042 2586 ἐκείνους
3074 2522 3320 2592 ἀπωλείᾳ
3376 2508 3708 2592 παραδιδοὺς

2128 2622 2163 2674 ὁ
2186 2619 2318 2681 Θεὸς
2347 2617 2480 2687 πρὸς
2515 2617 2608 2669 τδν
2637 2615 2761 2668 Νῶε
2791 2615 2976 2683 ἔλεγεν
2996 2631 3010 2645 ·
3051 2635 3068 2665 ι
3107 2613 3330 2667 Εἴσελθε
3378 2611 3441 2666 σὺ
3474 2610 3568 2666 καὶ
3597 2613 3706 2674 πᾶς

2133 2714 2161 2766 ὁ
2189 2709 2334 2772 οίκός
2391 2725 2488 2762 σου
2550 2710 2632 2770 εις
2673 2695 2783 2778 ’τὴν
2843 2706 3100 2772 κιϐωτὸν,
3125 2706 3206 2758 ὅτι
3241 2721 3302 2758 σε
3329 2701 3472 2758 εῐδον
3494 2704 3705 2757 δίκαιον

2135 2803 2378 2857 ἐναντίον
2409 2799 2545 2870 ἐμοῦ
2604 2801 2662 2852 ὲν
2715 2801 2784 2868 τῇ
2817 2799 2985 2868 γενεᾷ
3035 2797 3212 2866 ταύτῃ
3271 2798 3337 2866 τῇ
3367 2797 3582 2866 πονηρᾷ
3609 2794 3708 2848 καὶ

2134 2893 2566 2966 διεστραμμένη.
2610 2911 2628 2943 ι
2674 2891 2838 2944 Ἀλλά
2867 2891 3059 2959 καιρὸν
3087 2889 3264 2952 διδοὺς
3286 2887 3471 2951 αὐτοῖς
3495 2885 3710 2958 ἐμιτρὸ-

2136 2989 2336 3056 θεσμον
2357 2988 2437 3048 είς
2471 2984 2784 3056 μετάνοιαν,
2810 2983 2977 3051 φησίν
3002 2995 3018 3012 ⁸
3055 3000 3074 3032 ι
3115 2980 3372 3034 Ἔσονται
3391 2979 3445 3034 δὲ
3477 2981 3535 3032 ai
3564 2979 3709 3048 ἡμέ-

469 3063 732 3133 pravique
763 3071 945 3124 επιξυιί
991 3088 1115 3127 meo
1160 3073 1214 3128 in
1261 3086 1558 3147 conspectu
1597 3078 1754 3134 facile
1788 3082 2032 3150 justissia

2141 3097 2232 3148 ραι
2259 3076 2562 3143 αὑτῶν-ἔτη
2603 3072 2704 3144 ρκ’,
2745 3093 2760 3124 ι
2807 3073 2854 3125 εἰ
2889 3073 2983 3126 καὶ
3033 3068 3208 3124 ταῦτα
3241 3070 3418 3123 πάντα
3451 3069 3552 3122 οὑκ
3577 3067 3707 3136 εζη-

471 3168 616 3208 ιιιιιιιι
639 3157 703 3210 ¹¹.
739 3177 760 3210 ι
800 3156 975 3217 Simul
1006 3173 1218 3233 tempus
1241 3169 1453 3222 caeteris
1483 3169 1764 3224 deﬁnitum
1793 3173 1860 3226 ad
1891 3173 2031 3227 resi-

471 3248 790 3314 piseeudum
829 3255 1074 3311 tribuens
1117 3259 1332 3328 inquit:
1371 3279 1390 3312 ι
1431 3260 1688 3331 Reliquos
1717 3261 1798 3318 eis
1836 3266 2028 3320 faciant

471 3351 647 3393 annos
677 3339 801 3394 120.
836 3362 854 3393 ι
895 3344 1212 3416 Quanquam
1246 3363 1317 3406 ne
1355 3353 1453 3406 hos
1485 3353 1705 3421 quidem
1745 3355 2031 3410 universos

471 3431 720 3485 vixerunt
747 3445 970 3504 propter
1003 3425 1273 3507 insignem
1310 3445 1748 3510 perversitatem.
1776 3435 1907 3501 Nam
1942 3448 2032 3516 qui

473 3521 623 3589 prius
668 3523 902 3581 durante
956 3529 1054 3584 I00
1100 3545 1368 3586 annorum
1406 3535 1694 3590 intervallo
1731 3552 1839 3591 neu
1895 3538 2034 3592 resi-

473 3623 723 3681 puerant,
746 3617 885 3671 intra
909 3620 1098 3690 viginti
1123 3639 1296 3678 annos
1325 3627 1701 3694 paenitentiam
1729 3629 1898 3682 acturi
1927 3645 2033 3682 non

471 3713 648 3760 erant.
674 3709 850 3778 Atque
875 3711 978 3764 hoc
1008 3713 1128 3768 loco
1157 3715 1288 3768 mihi
1312 3716 1541 3770 observa
1579 3717 1744 3772 Deum
1784 3735 2037 3772 nonnun-

2121 3185 2244 3222 σαν
2277 3169 2364 3221 διά
2423 3163 2522 3236 τὴν
2578 3171 2778 3218 κακίαν
2831 3161 3014 3216 αὐτῶν
3035 3177 3050 3194 ⁸
3080 3161 3131 3214 oi.
3164 3160 3274 3230 γάρ
3299 3159 3372 3229 μὴ
3397 3159 3709 3227 φθάσαντες

2140 3260 2225 3313 διά
2255 3258 2418 3328 μέσου
2441 3257 2548 3309 τῶν
2580 3253 2772 3309 ἑκατὸν
2807 3253 3159 3323 μετανοῆσαι,
3179 3251 3301 3304 οὑδὲ
3321 3252 3379 3302 ὲν
3396 3253 3509 3312 τοῖς
3533 3248 3710 3301 εἴκοσι

2139 3351 2474 3419 μετενόησαν
2516 3348 2602 3402 ἀν.
2636 3347 2874 3413 Πρόσεχε
2927 3341 2986 3396 δὲ
3036 3343 3118 3396 ὅτι
3149 3341 3280 3394 ποτε
3327 3341 3424 3410 μὲν
3453 3341 3521 3410 ἢν
3547 3340 3711 3392 ὑπισ-

2131 3443 2336 3510 χνεῖται
2391 3439 2574 3492 δοῦναι
2642 3436 2785 3506 ζωὴν
2821 3433 3122 3504 ὑποτέμνει
3148 3473 3163 3494 .
3212 3433 3288 3494 ὡς
3319 3431 3576 3492 ἐνταῦθα,
3613 3432 3711 3484 ἐὰν

2137 3535 2212 3604 μὴ
2253 3532 2700 3602 μετανοήσωμεν,
2733 3526 2870 3580 ποτε
2901 3526 2958 3578 δὲ
2981 3525 3226 3578 ἀπειλῶν
3258 3525 3524 3578 ἀπολέσαι
3547 3521 3710 3575 τοῦτο

2133 3627 2194 3678 οὑ
2236 3627 2383 3679 ποιεῖ
2415 3621 2876 3694 μετανοησάντων
2905 3617 3090 3689 ἡμῶν,
3115 3619 3190 3681 ὡς
3221 3617 3314 3670 ἐπὶ
3341 3615 3454 3669 τῶν
3488 3615 3711 3667 Νινευῑ-

2133 3718 2244 3771 τῶν
2277 3717 2426 3769 ἔστιν
2464 3715 2613 3768 ἰδεῖν.
3133 3704 3135 3706 ’

471 3816 649 3868 quam.
686 3805 844 3875 nobis
919 3809 1363 3878 resipiscentibus
1408 3827 1528 3866 eam
1597 3812 1758 3866 vitam
1811 3805 2106 3883 prmcidere
2145 3825 2305 3883 quam
2340 3811 2494 3880 prius
2525 3805 2900 3879 pollicebatur,
2929 3813 2988 3862 ut
3015 3805 3106 3861 hic
3141 3805 3254 3859 ﬁeri
3281 3803 3545 3867 videmus,
3574 3816 3714 3854 non-

471 3909 748 3964 nunquam
797 3899 1060 3955 minatum
1117 3919 1175 3958 se
1221 3906 1560 3975 perditurum
1615 3923 1810 3977 reapse
1866 3907 2032 3963 minas

2137 3923 2188 3963 >n
2221 3905 2468 3973 exsequi,
2533 3903 2692 3958 nobis
2761 3900 3244 3972 resipiscentibus;
3285 3899 3337 3953 id
3369 3897 3511 3967 quod
3539 3893 3712 3950 Nine-

471 3989 598 4044 vitis
628 3993 876 4048 videmus
899 4000 1244 4054 usuvenisse.

546 4080 814 4137 Caeterum
840 4100 979 4154 aqua
1013 4103 1176 4158 supra
1208 4091 1360 4159 ipsos
1393 4104 1605 4147 montes
1665 4094 1908 4152 excrevit
1971 4093 2032 4148 ad

2224 4091 2297 4144 Τδ
2320 4092 2377 4145 δὲ
2405 4091 2547 4163 ὕδωρ
2583 4089 2771 4160 ὑψώθη
2811 4090 2998 4143 ἐπάνω
3036 4087 3146 4141 τῶν
3187 4087 3361 4158 ὀρέων
3390 4088 3478 4140 ἐπὶ
3513 4087 3716 4156 πήχεσι

476 4172 542 4225 15
581 4187 754 4242 usque
784 4177 1020 4242 cubitus,
1057 4191 1117 4234 ut
1147 4181 1391 4236 eveniret
1417 4183 1560 4250 quod
1613 4183 1853 4236 futurum
1893 4183 2036 4235 Deus

476 4262 712 4315 minatus
740 4266 956 4320 iuerat:
996 4287 1014 4318 ι
1040 4271 1311 4338 Quidquid
1349 4283 1526 4326 ortum
1559 4281 1642 4326 est
1675 4273 1891 4336 delebo,
1923 4287 2031 4325 non

479 4355 728 4434 homines
763 4360 956 4422 solum,
993 4362 1086 4415 sed
1117 4364 1280 4416 etiam
1314 4379 1510 4432 pecora
1563 4375 1618 4417 et
1670 4365 1917 4434 'reptilia,
1977 4375 2033 4418 et

483 4431 753 4512 volui-res,
785 4467 904 4519 quae
935 4455 1033 4506 sub
1063 4457 1202 4509 coelo
1232 4467 1360 4510 sunt
1397 4458 1460 4509 “.
1507 4476 1524 4509 ι
1564 4457 1773 4526 Quippe
1833 4457 1879 4510 si
1914 4467 2038 4510 tan.

477 4549 587 4594 tam
612 4543 678 4596 ad
700 4543 1040 4600 altitudinem
1075 4564 1178 4601 non
1209 4550 1562 4612 excrevisset,
1601 4549 2044 4627 voluereshaud-

476 4650 748 4705 quaquam
775 4641 1086 4707 periissent.
1117 4639 1182 4692 Et
1209 4642 1428 4710 quidem
1479 4658 1672 4708 aquam
1704 4643 1930 4710 hujusce
1963 4641 2044 4694 di-

460 4728 608 4783 Juvii
643 4741 856 4784 montes
900 4731 1062 4785 etiam
1118 4734 1546 4789 sublimissimos
1604 4735 1910 4800 operuisse,
1961 4731 2043 4784 vel

479 4819 608 4882 hinc
643 4820 898 4890 colligere
953 4824 1102 4879 licet.
1139 4825 1364 4889 Quidam
1422 4843 1544 4879 cum
1592 4841 1622 4879 e
1657 4824 1842 4877 Libani
1885 4837 2045 4876 cacu-

481 4909 720 4972 minibus
747 4912 814 4966 ad
843 4922 1150 4971 structuras
1195 4917 1548 4971 :ediliciorum
1596 4932 1723 4970 saxa
1753 4947 1758 4950 -
1785 4928 2046 4981 congere-

482 5011 625 5064 rent,
659 5017 1012 5062 asseruerunt
1039 5024 1097 5063 se
1135 5011 1272 5063 intra
1329 5009 1518 5063 Libani
1550 5006 1923 5061 eoncavitates
1959 5020 2043 5059 rc-

482 5097 692 5164 perisse
735 5099 912 5165 pi~ces
953 5103 1236 5155 induratos
1268 5104 1320 5155 in
1353 5102 1482 5165 Ιιιιιο
1511 5100 1747 5164 deﬁxos,
1780 5097 1856 5151 uti
1887 5097 2046 5152 Jose-

480 5175 620 5260 phus
659 5195 818 5248 etiam
855 5199 1131 5250 memoria?
1163 5194 1423 5262 prodidit.

548 5286 684 5341 Cum
716 5287 980 5341 diluvium
1050 5288 1323 5349 desiisset,
1387 5287 1495 5341 Noe
1546 5288 1658 5340 Deo
1715 5283 2044 5340 sacrificium

479 5381 698 5436 obtulit.
731 5379 1094 5448 Quamobrem
1163 5379 1348 5433 istuc?
1393 5377 1460 5433 Ut
1500 5379 1564 5433 iis
1629 5379 1719 5448 qui
1757 5379 2046 5447 aliquando

482 5473 651 5532 futuri
675 5481 861 5526 essent
889 5471 1240 5532 infirmiores,
1286 5473 1453 5526 Deum
1489 5472 1781 5541 benignum
1827 5485 1890 5523 ac
1916 5485 2046 5539 pro-

487 5561 675 5628 pit'um
709 5561 982 5626 redderet,
1019 5561 1159 5618 sicut
1183 5563 1416 5617 cxiinins
1447 5564 1536 5620 ille
1573 5563 1809 5634 Cyrillus
1845 5561 1938 5626 ait,
1975 5575 2043 5615 ne

567 5728 605 5758 "
640 5731 752 5785 Gen
812 5749 904 5799 vn,
942 5733 986 5786 ι.
1091 5733 1131 5765 ’³
1167 5734 1302 5789 Ccn.
1337 5751 1403 5794 τι,
1444 5734 1493 5786 7.

2150 4184 2564 4247 πεντεκαίδεκα,
2625 4183 2712 4235 ἵνα
2760 4183 2831 4233 τὰ
2859 4182 2958 4250 τῆς
2990 4180 3141 4242 θείας
3191 4179 3452 4249 πληρωθῇ
3496 4179 3714 4245 ἀποφά-

2150 4293 2305 4339 σεως.
2344 4296 2363 4327 ι
2406 4275 2724 4344 Ἐξαλείψω,
2750 4275 2858 4343 γάρ
2891 4290 3045 4342 φησι,
3077 4274 3258 4324 πᾶσαν
3282 4272 3377 4340 τὴν
3413 4271 3715 4334 ἐξανάστα-

2148 4385 2231 4422 σιν
2257 4369 2322 4440 ἢν
2353 4369 2603 4439 ἐποίησα,
2634 4368 2741 4420 ἀπὸ
2767 4365 3062 4435 ἀνθρώπου
3085 4365 3191 4426 ἓως
3209 4368 3456 4432 κτήνους,
3482 4365 3578 4415 καὶ
3605 4365 3716 4415 ἀπὸ

2149 4461 2394 4530 ἑρπετῶν
2423 4460 2528 4521 ἕως
2556 4458 2817 4510 πετεινῶν
2853 4456 3112 4508 ὑποκάτω
3145 4455 3238 4508 τοῦ
3273 4455 3525 4524 οὐρανοῦ.
3571 4474 3591 4506 ι
3652 4456 3716 4506 Εἰ

2147 4554 2220 4623 μὴ
2253 4552 2361 4620 γὰρ
2417 4539 2607 4619 ὑψώθη
2651 4547 2925 4610 τοσοῦτον,
2963 4549 3061 4600 οὐκ
3101 4547 3166 4601 ἂν
3219 4549 3280 4599 τὸ
3312 4549 3419 4599 τῶν
3452 4547 3718 4601 πετεινῶν

2143 4642 2390 4693 ἀπώλετο
2427 4642 2602 4707 γένος.
2662 4639 2784 4689 Ὅτι
2815 4635 2870 4688 δὲ
2897 4637 3152 4704 ὑπεράνω
3199 4637 3308 4688 τῶν
3367 4637 3717 4708 ὑψηλοτέρων

2143 4732 2312 4800 ὀρέων
2343 4729 2555 4799 ἐπήρθη
2588 4731 2649 4781 τὸ
2693 4727 2835 4798 ὕδωρ
2871 4730 2963 4782 ἐπὶ
2997 4727 3093 4780 τοῦ
3131 4726 3540 4794 κατακλυσμοῦ,
3579 4729 3717 4778 κάν-

2143 4823 2333 4877 τεῦθεν
2365 4821 2670 4875 πιστοῦται.
2715 4821 2910 4883 Λίθους
2939 4821 3047 4888 γάρ
3087 4837 3228 4880 τινες
3269 4821 3332 4871 ὲκ
3352 4819 3461 4870 τῶν
3493 4819 3586 4870 τοῦ
3626 4817 3720 4871 Λι-

2150 4915 2314 4968 ϐάνου
2371 4913 2687 4983 ἀκρωρειῶν
2761 4913 2844 4974 είς
2898 4912 3184 4979 οίκοεομὶις
3229 4911 3715 4980 μετακομίζοντες,

2149 5007 2548 5059 διεϐεϐαιοῦντο
2575 5003 2648 5066 ὡς
2680 4997 2836 5073 εὗρον
2863 5005 2920 5056 ἐν
2957 5006 3068 5065 τοῖς
3103 5004 3408 5070 κοιλώμασι
3435 5002 3527 5054 τοῦ
3552 5002 3719 5053 Λιϐά-

2152 5117 2245 5152 νου
2280 5098 2468 5168 ἰχθύας
2507 5095 2998 5166 τεταριχευμένους
3025 5096 3117 5146 καλ⁴
3141 5097 3206 5164 τῇ
3239 5094 3352 5147 tm
3379 5095 3715 5161 πεπηγότας,

2153 5191 2296 5244 καθά
2327 5205 2460 5260 φησι
2501 5187 2595 5240 καὶ
2638 5188 2922 5254 Ἰώσηπος.

2223 5281 2379 5336 Μετᾶ
2410 5281 2466 5332 δὲ
2515 5278 2614 5347 τὴν
2643 5278 2736 5330 τοῦ
2779 5277 3166 5346 κατακλυσμοῦ
3224 5275 3437 5329 παῦλαν
3471 5275 3664 5328 θυσίαν
3694 5277 3723 5328 ὁ

2150 5373 2270 5427 Νῶε
2303 5372 2380 5441 τῷ
2409 5369 2527 5438 Θεῷ
2561 5370 2847 5438 ἀνήνεγκε.
2875 5370 3032 5432 Τίνος
3057 5369 3276 5434 ἓνεκενς
3307 5367 3425 5420 Ἵνα
3457 5369 3569 5428 τοῖς
3597 5368 3721 5418 ἐσο-

2153 5465 2334 5536 ίιένοις
2403 5465 2462 5514 ὲν
2499 5461 2754 5531 ἀσθενείᾳ
2819 5461 3182 5529 συγγνὼμονά
3217 5477 3274 5512 τε
3329 5460 3424 5510 καὶ
3484 5457 3724 5525 γαληνδν

2153 5555 2678 5625 προσαπεργάσηται
2731 5559 2823 5606 τὸν
2885 5557 3040 5618 Θεὶν,
3078 5554 3152 5616 ὡς
3186 5556 3213 5607 ὁ
3265 5554 3440 5623 μέγας
3496 5550 3726 5616 διέξεισὸ
