4062 6186
299 286 406 352 249

1549 280 1960 341 ANNALIUM
2001 277 2192 340 PARS
2239 281 2317 340 ll.

3460 283 3568 348 250

297 395 592 466 Κύριλλος,
620 395 706 448 ἵνα
741 395 818 465 μὴ
849 392 1013 446 πάλιν
1043 392 1142 462 μια
1166 393 1310 446 κατὰ
1345 391 1566 447 πάντων
1596 391 1877 444 ἐλεύσεται

1991 403 2209 442 rursum
2243 386 2539 458 aliquando
2575 403 2716 442 unus
2751 388 3016 444 adversus
3076 405 3272 446 omnes
3329 391 3568 448 ferretur

293 487 497 554 ψῆφος,
529 486 767 555 δευτέρῳ
822 485 1198 554 κατακλυσμῷ
1231 483 1293 536 τὸ
1320 483 1665 554 ἀνθρώπωον
1697 485 1886 537 ὑποτι-

296 577 452 629 θείσα
487 578 668 644 γένος.
711 575 831 644 Ἐφ’
876 570 920 644 ᾧ
950 578 1044 630 καὶ
1081 573 1211 645 ,εἷπε
1265 570 1401 645 πρὸς
1437 575 1605 628 αὐτὸν
1634 577 1662 628 ὁ
1711 575 1842 638 Θεός
1867 592 1880 606 ·

299 688 318 721 ε
351 669 671 739 Διανοηθεῖς
723 668 907 722 οὐκέτι
966 668 1266 738 προσθήσω
1313 668 1407 721 τοῦ
1462 669 1884 737 καταράσασθαι

292 760 396 830 τὴν
417 762 524 830 γῆν
561 759 650 812 διὰ
682 759 749 812 τὰ
783 758 922 827 ἔργα
957 757 1066 812 τῶν
1101 757 1431 829 ἀνθρώπων,
1458 758 1542 810 ὅτι
1577 757 1880 826 ἕγκειταιή

296 852 512 904 διάνοια
554 849 648 902 τοῦ
707 850 1000 920 ἀνθρώπου
1040 849 1134 904 ἐπὶ
1197 849 1410 918 πονηρὰ
1449 848 1513 900 ὲκ
1543 849 1817 918 νεότητος.
1860 867 1878 898 ι

297 942 505 995 Τούτου
533 943 713 1012 χάριν,
739 941 813 1004 ὡς
843 941 1081 1012 εἴρηται,
1117 941 1310 994 Θυσίαν
1338 942 1602 1012 ἀνήνεγκε
1631 939 1708 1010 τῷ
1740 940 1879 1010 Θεῷ.

299 1034 454 1086 Κατὰ
487 1033 596 1102 γὰρ
629 1032 789 1085 τοῦτο
812 1034 902 1084 καὶ
930 1033 1070 1084 ἑπτὰ
1088 1031 1227 1085 ἑπτὰ
1245 1031 1527 1083 ἐκέλευσεν
1557 1034 1583 1084 ό
1610 1030 1741 1092 Θεὸς
1772 1031 1883 1083 ἀπὸ

293 1128 402 1178 τῶν
435 1125 700 1194 καθαρῶν
725 1126 1052 1195 εἰσαχθῆναι
1101 1127 1157 1180 ὲν
1187 1128 1254 1194 τῇ
1287 1123 1527 1193 κιϐωτῷ,
1565 1123 1659 1176 δύο
1691 1123 1784 1176 δύο
1823 1122 1882 1175 δὲ

295 1220 401 1272 ἀπὸ
427 1219 539 1272 τῶν
567 1219 920 1290 ἀκαθάρτων.
956 1217 1174 1288 Ἐπειδὴ
1199 1219 1308 1288 γὰρ
1339 1217 1532 1288 ἔμελλε
1575 1219 1882 1288 συγχωρεῖν

293 1313 402 1374 τιῖς
438 1311 756 1382 ἀνθρώποις
794 1312 1124 1381 μεταλαϐεῖν
1158 1313 1360 1384 κρεῶν,
1421 1311 1648 1379 ἔμελλον
1701 1310 1882 1364 δὲκαὶ

295 1404 486 1466 θυσίας
523 1405 861 1474 προσφέρειν
899 1402 1048 1474 αὐτῷ
1077 1403 1177 1474 τῆς
1202 1403 1486 1465 εὐσεϐείας
1513 1404 1561 1456 oi
1596 1402 1876 1472 τρόφιμοι,

295 1497 524 1550 πλείονα
553 1497 624 1549 τὰ
658 1495 876 1570 καθαρὰ
907 1497 1254 1570 φυλαχθῆναι
1283 1496 1616 1568 προσέταξε,
1651 1494 1749 1558 τὰς
1779 1494 1880 1563 μὲν

290 1592 442 1660 τρεῖς
471 1589 740 1658 συζυγίας
793 1593 874 1652 είς
927 1590 1026 1661 τὴν
1082 1589 1313 1662 αὔξησιν
1363 1588 1460 1643 τοῦ
1489 1589 1703 1657 γένους,
1732 1587 1794 1640 τὸ
1822 1587 1878 1640 δὲ

291 1680 552 1752 περιττὸν
581 1681 641 1734 ἓν
671 1682 751 1745 εἰς
778 1680 990 1739 θυσίαν.
1052 1683 1119 1736 '0
1157 1682 1224 1752 δὴ
1268 1683 1362 1736 κα)⁸
1407 1681 1679 1752 πεποίηκε
1737 1679 1878 1750 μετὰ

289 1774 384 1826 τὸν
421 1774 832 1842 κατακλυσμὸν,
866 1773 974 1826 ἀπὸ
1003 1771 1223 1826 πάντων
1266 1773 1375 1826 τῶν
1415 1771 1677 1841 καθαρῶν
1705 1787 1877 1840 προσ-

292 1865 527 1934 αγαγὼν
556 1865 633 1935 τῷ
667 1864 808 1936 Θεῷ,
841 1865 917 1930 ὡς
945 1861 1085 1919 εἶναι
1114 1863 1272 1934 δῆλον
1296 1864 1373 1940 ὅτι
1402 1881 1466 1933 γε
1495 1863 1691 1917 τούτου
1717 1862 1880 1934 χάριν

289 1960 393 2012 ἀνα
419 1959 562 2012 ἑπτὰ
585 1958 917 2029 προσέταξεν
941 1960 1002 2028 ἐξ
1023 1958 1259 2013 ἑκάστου
1277 1958 1465 2026 γένους
1486 1957 1596 2010 τῶν
1620 1957 1879 2028 καθαρῶν

291 2053 346 2104 ἐν
377 2054 444 2122 τῇ
479 2051 698 2121 κιϐωτῷ
727 2051 1072 2122 εἰσαχθῆναι,
1108 2051 1195 2105 ἵνα
1213 2051 1273 2104 τὸ
1295 2049 1352 2104 ἓν
1384 2049 1522 2116 ζῶον
1554 2049 1612 2116 ἐξ
1643 2049 1877 2103 ἑκάστου

291 2143 484 2205 γένους
521 2145 549 2195 ὁ
581 2142 702 2194 Νῶε
762 2143 1091 2214 προσφέρων
1151 2143 1226 2214 μὴ
1246 2139 1538 2214 διαφθείρῃ
1587 2142 1684 2206 τὰς
1716 2140 1880 2206 συζυ-

290 2235 438 2303 γίας.
474 2233 743 2288 Τοσοῦτον
776 2234 835 2288 δὲ
883 2235 982 2306 τὴν
1035 2235 1127 2290 τοῦ
1157 2233 1282 2288 Νῶε
1318 2235 1641 2305 προαίρεσιν
1679 2232 1774 2285 ἐπὶ
1810 2235 1877 2304 τῇ

291 2331 634 2397 προσαγωγῇ
652 2329 750 2399 τῆς
775 2327 964 2394 θυσίας
993 2327 1292 2394 ἀπεδέξατο
1315 2327 1344 2380 ὁ
1377 2327 1534 2392 Θεὸς,
1556 2327 1632 2390 ὼς
1653 2327 1748 2379 καὶ
1781 2326 1879 2395 τὴν

289 2421 514 2491 Γραφὴν
535 2420 710 2483 οῦτως
735 2421 912 2474 εἰπεῖν
933 2437 948 2452 ⁸
976 2439 993 2471 ι
1015 2421 1126 2474 Καὶ
1153 2418 1456 2492 ὡσφράνθη
1482 2417 1681 2490 Κύριος
1699 2417 1877 2489 ὀσμὴν

287 2512 544 2574 εὐωδίας.
593 2529 614 2563 ι
642 2511 800 2564 Μετὰ
829 2509 1054 2580 γνώμης
1086 2511 1271 2564 λοιπὸν
1305 2511 1493 2580 ὑγιοῦς
1523 2511 1620 2564 καὶ⁸
1645 2513 1677 2580 ὴ
1689 2511 1796 2580 μᾶς
1817 2509 1878 2562 τὸ

286 2604 404 2655 πᾶν
436 2602 765 2671 ἐργάζεσθαι
795 2603 924 2673 χρή.
954 2603 1015 2656 Ei
1045 2603 1100 2656 δὲ
1125 2603 1224 2674 μὴ,
1257 2603 1358 2657 κᾶν
1383 2602 1562 2657 ὁτιοῦν
1592 2602 1878 2672 πρισάξω-

288 2713 415 2764 μεν,
453 2695 942 2764 ἀποστραφήσεται
965 2695 1098 2756 αὐτὸ
1118 2697 1145 2746 ὁ
1167 2695 1331 2760 Θεός.
1361 2696 1504 2765 Ὅρα
1537 2695 1646 2766 γὰρ
1671 2697 1753 2748 ὅτι
1781 2696 1877 2748 καὶ

283 2787 532 2842 ἐνταῦθα
587 2787 746 2857 ἠτοῦ
790 2786 1001 2842 δικαίου
1059 2787 1236 2857 ἀρετὴ
1267 2793 1359 2841 τιν
1396 2788 1603 2842 καπνὸν
1644 2788 1736 2840 καὶ¹
1778 2787 1878 2856 τὴν

285 2881 521 2934 κνίσσαν
585 2880 762 2949 ὀσμὴν
818 2879 1048 2944 εὐωδίας
1087 2881 1406 2949 εἰργάσατο.
1452 2879 1597 2934 Ἀλλ’
1646 2878 1878 2932 ἐπὶτῶν

299 2973 579 3026 Ἰουδαίων
611 2975 644 3040 ἡ
675 2972 784 3025 τῶν
823 2973 1215 3043 προσαγόντων
1247 2971 1484 3042 πονηρία
1517 2972 1577 3024 τὸ
1624 2971 1878 3042 θυμίαμα

284 3067 350 3121 τὸ
387 3066 588 3131 εὐῶδες
618 3065 900 3137 βδέλυγμα
926 3065 1164 3136 ὀφθῆναι
1193 3065 1630 3136 παρεσκεύασεν.

371 3331 434 3386 '0
471 3332 573 3402 μὲν
624 3333 718 3387 οῦν
787 3333 1049 3407 Ἰώσηπος
1081 3332 1178 3387 καὶ
1220 3333 1340 3387 κατ’
1368 3332 1528 3386 αὐτὸν
1551 3332 1643 3386 τὸν
1667 3333 1880 3402 κόρακα

287 3425 380 3479 τὸν
410 3426 755 3479 ἀπολυθὲντα
781 3427 933 3496 παρὰ
961 3426 1057 3480 τοῦ
1087 3425 1206 3479 Νῶε
1237 3425 1332 3478 τοῦ
1361 3423 1364 3426 ί
1389 3425 1521 3478 ίδεῖν
1566 3427 1614 3480 εί
1641 3427 1700 3478 τὸ
1733 3425 1878 3496 ὕδωρ

287 3520 591 3583 ἐκόπασεν,
629 3521 1046 3591 ἐναντιούμενος
1091 3521 1343 3594 φαίνεται
1401 3523 1468 3590 τῇ
1507 3519 1600 3571 τοῦ
1631 3519 1879 3582 Μωσέως

288 3611 528 3683 ἱστορίᾳ.
573 3610 946 3684 ’Υποστρέψαι
996 3613 1091 3667 καὶ
1139 3613 1249 3684 γὰρ
1307 3612 1445 3684 πρὸς
1491 3605 1590 3682 τὴν
1649 3611 1878 3665 κιϐωτὸν

284 3702 440 3771 λέγει
470 3704 564 3754 τὸν
589 3704 830 3774 κόρακα,
856 3704 928 3766 ὼ,
955 3705 1050 3757 ἐπὶ
1077 3705 1223 3775 πάσῃ
1247 3706 1314 3775 τῇ
1358 3708 1426 3774 γῇ
1450 3703 1543 3756 τοῦ
1576 3702 1767 3768 ὕδατος
1795 3705 1877 3757 ἔτι

285 3793 672 3864 λιμνάζοντος.
715 3797 772 3849 Ὁ
798 3796 852 3850 δὲ
884 3797 1090 3867 Μωσῆς
1123 3797 1481 3867 περὶτούτων
1501 3796 1644 3850 οὕτω
1673 3799 1839 3868 φησίν
1859 3811 1875 3826 ·

293 3905 315 3938 ε
357 3889 468 3940 Καὶ
514 3888 615 3958 οὐχ
672 3888 1011 3958 ὑπέστρεψεν
1058 3883 1089 3940 ό
1127 3889 1300 3958 κόραξ
1321 3887 1427 3952 ἕως
1453 3884 1515 3942 οὗ
1540 3888 1814 3958 ἐξηράνθη
1845 3890 1878 3958 ἡ

283 3979 386 4048 γῆ.
423 3999 444 4031 ι
470 3981 624 4032 Κατά
659 3981 769 4051 γὰρ
822 3981 980 4032 τοῦτο
1037 3980 1132 4034 καὶ
1184 3980 1519 4050 περιστερὰν
1554 3978 1879 4034 ἀπέστειλεν

283 4070 545 4141 ὕστερον,
574 4069 670 4123 an
698 4073 763 4142 δὴ
799 4071 1195 4142 παλινοστῆσαι
1225 4073 1319 4125 τοῦ
1353 4073 1585 4143 κόρακος
1615 4073 1751 4142 πρὸς
1780 4073 1878 4125 αὐ·

277 4163 379 4213 τὸν
415 4163 494 4230 μῆ
536 4161 884 4234 θελήσαντος.
954 4161 1116 4216 Ἀλλὰ
1165 4165 1260 4216 καί
1302 4145 1612 4231 ἱστορικοὺς
1668 4162 1878 4230 εἰσάγει

279 4257 442 4318 τινας
478 4257 508 4307 ό
550 4255 832 4323 Ἰώσηπος,
858 4256 985 4326 περί
1011 4273 1062 4308 τι
1095 4255 1354 4324 λέγοντας
1383 4255 1510 4327 ὅρος
1542 4257 1642 4327 τῆς
1676 4258 1875 4328 Ἀρνε-

281 4350 406 4412 vta;
443 4347 783 4417 ὑψηλότατον
813 4349 870 4401 ἐν
894 4349 968 4418 τῷ
992 4349 1086 4401 τοῦ
1116 4349 1506 4420 κατακλυσμοῦ
1543 4354 1875 4420 πεφευγέναι

1988 480 2252 547 calculus,
2285 496 2391 548 quo
2427 495 2601 558 genus
2638 481 2950 535 mortalium
2985 482 3141 537 alteri
3178 483 3392 539 diluvio
3428 488 3564 542 sob—

1982 573 2268 644 jiceretur.
2302 573 2514 628 Idcirco
2545 574 2688 630 Deus
2718 574 2803 628 his
2841 591 2966 629 eum
3007 577 3188 633 verbis
3222 581 3517 648 compellat
3550 599 3565 636 :

1993 685 2011 718 ι
2051 666 2228 722 Statui
2269 683 2392 722 cum
2431 667 2614 721 animo
2658 684 2780 724 meo
2830 684 3113 739 nunquam
3168 672 3430 742 deinceps
3461 683 3570 730 ter-

1987 775 2101 812 ram
2137 769 2288 814 tanta
2320 761 2540 815 diritate
2581 761 2829 830 prosequi
2863 773 3085 830 prepter
3125 763 3406 817 hominum
3436 764 3566 820 faei-

1988 867 2146 918 nora,
2192 868 2424 922 quorum
2461 853 2823 921 cogitationes
2851 864 2904 906 et
2937 855 3117 908 studia
3155 855 3280 912 inde
3316 871 3490 924 usque
3531 872 3562 909 a

1986 947 2172 1014 pueris
2201 948 2266 1000 ad
2286 961 2449 1016 prava
2476 962 2702 1016 qumque
2727 945 2986 1014 proclivia
3018 960 3144 1001 sunt
3168 947 3263 1002 “.i
3300 947 3451 1002 Hane
3471 950 3568 1018 igi-

1988 1047 2073 1092 tur
2093 1037 2163 1092 ob
2183 1053 2402 1090 causam
2426 1038 2754 1091 seet-ilicium
2778 1036 2914 1091 illud
2939 1039 3159 1099 obtulit,
3195 1040 3354 1110 cujus
3397 1042 3561 1095 etiam

1985 1139 2238 1198 re5peetu
2261 1130 2614 1183 mandaverat
2635 1130 2778 1184 Deus
2802 1141 2860 1184 ut
2886 1146 2950 1185 ex
2981 1133 3206 1187 mundis
3231 1132 3564 1187 animalibus

1985 1221 2039 1274 iu
2070 1237 2253 1275 aream
2295 1230 2544 1289 septena,
2583 1238 2646 1274 ex
2679 1221 2978 1276 imnntndis
3010 1221 3135 1275 hina
3166 1223 3565 1292 reciperentur.

1982 1311 2115 1366 Nam
2135 1313 2226 1381 qui
2271 1328 2299 1367 a
2332 1313 2861 1367 earnibuswscendi
2896 1323 3217 1382 potestatem
3249 1313 3568 1368 mortalibus

1984 1405 2229 1459 iaeturus
2261 1417 2398 1469 erat,
2429 1414 2593 1475 atque
2629 1406 2796 1460 etiam
2829 1407 3078 1461 litaturos
3128 1406 3233 1461 sibi
3285 1406 3570 1476 religiosns

1987 1497 2144 1566 127
2166 1497 2416 1552 homines
2433 1499 2659 1564 sciebat,
2676 1499 2884 1554 idcirco
2906 1498 3233 1553 mundorum
3249 1499 3565 1554 animalium

1982 1590 2158 1656 major
2208 1603 2472 1643 numerus
2525 1598 2778 1644 servatus
2823 1597 2929 1652 est,
2969 1604 3203 1659 quorum
3253 1589 3353 1644 tria
3413 1590 3584 1658 paria'

1987 1680 2206 1751 generis
2235 1679 2597 1742 incremento,
2631 1680 2900 1750 reliquum
2932 1679 3199 1735 sacriﬁcio
3229 1680 3568 1735 destinatum

1981 1782 2162 1837 esset;
2197 1771 2248 1826 id
2280 1774 2422 1841 quod
2450 1789 2480 1826 a
2513 1773 2722 1827 diluvio
2753 1770 2866 1827 Noe
2896 1788 3006 1826 non
3041 1773 3391 1844 neglexit,de
3416 1773 3564 1825 etnni

1981 1863 2308 1918 mundorum
2347 1879 2606 1933 pecorum
2641 1879 2841 1934 genere
2872 1864 2982 1919 Deo
3018 1853 3273 1918 victimas
3306 1863 3566 1918 oﬂerens.

1980 1957 2057 2012 Ex
2097 1973 2206 2026 quo
2248 1958 2538 2026 perspicue
2566 1959 2694 2012 licet
2727 1957 3033 2027 intelligere
3069 1969 3357 2026 promerea
3393 1956 3567 2012 fuisse

1979 2058 2338 2120 pra-ceptum,
2361 2059 2660 2119 utscptena
2689 2049 2743 2102 in
2776 2064 2960 2104 arcam
2990 2049 3245 2103 animalia
3280 2063 3566 2104 sumeren-

1981 2152 2090 2206 tur,
2133 2159 2202 2196 ue
2237 2141 2351 2198 Noe
2403 2159 2573 2198 unum
2607 2143 2811 2196 animal
2860 2159 2928 2197 ex
2958 2146 3153 2212 quovis
3200 2159 3400 2214 genere
3447 2142 3565 2198 Deo

1979 2241 2226 2286 mactans
2255 2231 2372 2300 ipsa
2413 2232 2562 2300 paria
2603 2231 2935 2286 distraheret
2965 2241 3130 2301 atque
3161 2247 3566 2302 corrumperet.

1977 2323 2249 2380 Caeterum
2278 2339 2448 2394 usque
2470 2324 2607 2379 adeo
2637 2325 2780 2380 Deus
2809 2325 2863 2378 in
2895 2325 3172 2380 oblatione
3203 2326 3364 2392 hujus
3389 2327 3567 2382 sacri-

1979 2415 2085 2470 ﬁcii
2136 2415 2264 2471 Noae
2297 2417 2539 2470 studium
2572 2431 2636 2471 ac
2681 2417 3017 2474 voluntatem
3071 2419 3344 2488 probavit,
3389 2429 3448 2473 ut
3483 2420 3570 2474 his

1980 2509 2054 2561 uti
2083 2507 2262 2561 verbis
2296 2508 2512 2562 Litterae
2535 2524 2706 2562 sacrae
2749 2525 2860 2563 non
2907 2509 3312 2563 ιιιὼὶιειννι·ιιιι;
3353 2528 3372 2560 ί
3407 2510 3567 2564 Dele-

1979 2609 2156 2655 elatus
2178 2612 2264 2657 est
2288 2599 2431 2655 Deus
2459 2601 2642 2656 odoris
2675 2601 2822 2655 illius
2855 2603 3125 2656 suavitate
3152 2604 3212 2657 ’⁵.
3255 2622 3274 2654 ι
3314 2591 3564 2672 Quapro-

1980 2703 2103 2763 pter
2130 2709 2230 2748 nos
2263 2709 2480 2763 quoque
2515 2694 2650 2748 nihil
2680 2710 2794 2766 non
2838 2695 3024 2748 animo
3057 2709 3193 2749 s:mo
3220 2706 3272 2750 et
3313 2711 3450 2764 puro
3487 2695 3566 2750 fa-

1979 2787 2211 2850 ciamus,
2232 2787 2444 2856 absque
2464 2801 2572 2855 quo
2591 2786 2779 2849 fuerit,
2805 2788 3032 2841 omnino
3057 2785 3203 2842 Deus
3224 2789 3569 2844 aversabitnr

1981 2878 2346 2946 quodcunque
2381 2879 2596 2933 tandem
2624 2895 2670 2932 -a
2715 2879 2874 2934 nobis
2919 2879 3204 2934 oﬂ'eratur.
3239 2877 3376 2942 Nam
3415 2881 3569 2936 vides

1982 2969 2073 3024 hic
2106 2969 2364 3024 virtutem
2397 2966 2528 3037 justi
2572 2969 2813 3024 hominis
2845 2969 2914 3023 de
2945 2971 3064 3038 ipso
3098 2972 3248 3026 fumo
3281 2986 3347 3026 ac
3372 2965 3568 3026 nidore

1903 3093 1947 3152 ο
1983 3061 2368 3134 suavissimum
2397 3060 2621 3117 odorem
2668 3060 2938 3124 eﬂ‘eeisse.
2974 3079 3101 3117 eum
3148 3065 3291 3132 apud
3344 3064 3562 3118 Judwo:

1983 3160 2223 3230 pravitas
2258 3157 2605 3213 offerentium
2647 3156 2856 3220 faceret
2891 3168 2950 3212 ut
2995 3157 3208 3213 suﬁitus
3239 3158 3404 3214 etiam
3451 3157 3568 3212 Ira-

1981 3249 2366 3320 grantissimus
2394 3265 2424 3301 a
2461 3249 2576 3302 Deo
2607 3249 2810 3318 piaculi
2848 3249 2967 3304 loco
3005 3249 3318 3304 duceretur.
3385 3250 3392 3255 ’

2051 3339 2321 3394 Cancrum
2358 3339 2414 3393 in
2448 3339 2764 3393 narratione
2807 3339 2874 3394 de
2903 3355 3091 3406 corvo,
3122 3342 3214 3409 qui
3247 3356 3275 3394 a
3333 3341 3446 3396 Noa
3478 3341 3567 3394 (ii-

1981 3431 2186 3487 missus
2211 3432 2397 3486 fuitut
2427 3431 2742 3501 exploraret
2769 3447 2838 3487 an
2885 3448 3026 3501 aqua
3055 3433 3372 3496 deiecisset,
3405 3434 3568 3490 Jose-

1981 3525 2125 3595 phus
2145 3523 2387 3580 historia:
2411 3523 2574 3579 Mosis
2589 3535 2778 3592 aperte
2801 3525 3128 3594 refragatur.
3152 3510 3573 3580 Commemorat

1981 3617 2129 3670 enim
2160 3631 2383 3670 corvum
2409 3615 2561 3668 illum
2588 3616 2656 3669 ad
2685 3631 2864 3670 arcam
2897 3617 3210 3680 revertisse,
3246 3620 3403 3687 quasi
3427 3633 3568 3687 aqua

1981 3724 2081 3780 per
2113 3723 2333 3764 omnem
2372 3719 2643 3763 terrarum
2671 3709 2861 3762 orbem
2893 3710 3074 3764 adhuc
3108 3720 3470 3780 restaguaret.
3497 3716 3574 3766 At

1981 3801 2159 3856 Moses
2195 3799 2308 3856 haec
2341 3801 2394 3854 iu
2438 3801 2584 3855 hunc
2618 3801 2840 3854 modum
2872 3812 3098 3856 narrat:
3131 3821 3148 3852 ι
3192 3800 3308 3855 Non
3342 3804 3570 3857 revertit

1981 3907 2200 3957 corvus,
2262 3892 2440 3946 donec
2480 3893 2548 3946 ab
2607 3894 2764 3960 aquis
2819 3893 3089 3948 exsiccata
3141 3903 3283 3948 terra
3339 3894 3500 3950 foret.
3537 3913 3562 3946 ι

1980 3979 2114 4033 Nam
2145 3979 2236 4032 illa
2273 3981 2388 4049 ipsa
2426 3980 2494 4034 de
2513 3995 2678 4034 causa
2712 3981 3023 4034 columbam
3062 3983 3324 4052 deinceps
3358 3985 3564 4050 emisit,

1979 4071 2127 4140 quod
2175 4086 2374 4125 corvus
2405 4072 2586 4126 redire
2617 4071 2906 4127 noluisset.
2943 4074 3086 4127 idem
3130 4073 3403 4142 Josephus
3431 4091 3561 4146 pro-

1981 4166 2072 4220 bat
2131 4164 2462 4220 auctoritate
2527 4167 2890 4234 quorumdam
2951 4167 3367 4237 historicorum,
3425 4188 3564 4241 quos

1980 4257 2137 4320 citat,
2183 4254 2374 4308 diluvii
2420 4264 2669 4323 tempore
2711 4255 2978 4324 quosdam
3004 4255 3334 4312 hominesin
3363 4258 3568 4314 altissi-

1979 4363 2130 4402 mum
2157 4347 2431 4400 Armenia:
2473 4357 2714 4400 montem
2737 4347 3070 4422 confugisse,
3103 4360 3268 4419 atque
3300 4351 3372 4406 ibi
3403 4353 3566 4408 saluti

281 4441 466 4512 καιρῷ
493 4440 601 4491 τῶν
630 4440 934 4509 ἀνθρώπων
960 4441 1132 4506 τινὰς,
1174 4442 1398 4496 κάκεῖσε
1447 4443 1724 4512 σωτηρίας
1784 4444 1873 4498 διὰ

1981 4457 2093 4524 suae
2128 4457 2229 4510 per
2273 4440 2444 4508 ipsius
2494 4439 2698 4494 mentis
2749 4440 3140 4496 sublimita'em
3192 4445 3565 4501 consuluisse.

280 4534 349 4584 το
404 4531 539 4601 “etim;
586 4535 796 4602 τυχεῖν.
851 4533 990 4586 Ἀλλ’
1029 4534 1134 4599 ἔξω
1187 4533 1472 4603 βάλλουσιν
1523 4536 1720 4588 ἐκεῖνοι
1777 4537 1870 4589 τοῦ

279 4625 519 4686 σκοποῦ,
571 4629 670 4678 καὶ
721 4625 820 4694 τῆς
866 4625 1078 4688 εὐθείας
1137 4627 1330 4697 πόρρω
1360 4645 1462 4681 που
1497 4629 1774 4697 φέρονται.
1812 4630 1870 4681 Εἰ

273 4717 399 4785 γὰρ
430 4715 620 4787 ὑψώθη
676 4718 800 4769 τότε
846 4716 906 4769 τὸ
948 4717 1092 4787 ὕδωρ
1142 4719 1330 4771 ἐπάνω
1377 4720 1485 4774 τῶν
1519 4719 1871 4791 ὑψηλοτάτων
1913 4765 1916 4774 .

271 4815 462 4882 ὀρέων
487 4814 579 4864 ἐπὶ
598 4814 800 4883 πήχεσι
824 4816 1240 4880 πεντεκαίδεκα,
1261 4817 1407 4870 καθα
1431 4816 1624 4886 Μωσῆς
1647 4819 1872 4888 ἱστορεῖ,

272 4908 391 4958 οὐκ
422 4906 489 4958 ἂν
509 4905 694 4958 ὁτιοῦν
723 4907 1024 4977 ὑπελείφθη
1069 4907 1372 4976 τηνικαῦτα
1399 4909 1544 4979 δρος,
1583 4908 1658 4973 ὡς
1693 4907 1874 4979 οἴμαι,

271 5001 416 5060 τοᾲς
447 5000 505 5050 ἐν
529 4997 682 5066 αὐτῷ
705 4999 1052 5066 πεφευγότας
1099 4997 1284 5069 ἰσχύον
1322 4999 1577 5063 ἀϐλαϐεῖς
1607 5000 1876 5056 διασώσα-

273 5089 438 5142 σθαι.

367 5181 436 5234 Ἥ
469 5184 655 5253 μέντοι
712 5187 944 5252 κιϐωτὸς
996 5193 1326 5261 τριακοσίων
1389 5190 1488 5260 μὲν
1532 5191 1755 5262 πηχέων
1808 5192 1869 5245 τὸ

270 5279 464 5348 μῆκος
493 5275 584 5349 ἦν,
625 5283 960 5351 πεντήκοντα
999 5284 1054 5336 δε
1073 5283 1148 5338 τιὸ
1205 5284 1427 5352 πλάτος,
1449 5289 1511 5340 τὸ
1551 5287 1684 5356 ὕψος
1713 5287 1868 5358 τριά-

265 5388 470 5424 κοντα.
515 5373 702 5442 Πῆχυν
758 5375 815 5430 δὲ
860 5377 1074 5431 ἁκούων
1109 5378 1184 5448 μὴ
1226 5381 1478 5450 τοιαύτην
1505 5377 1646 5434 εἶναι
1675 5381 1865 5450 νόμιζε

209 5545 212 5547 _
267 5466 445 5518 ὁποία
478 5467 562 5530 τίς
621 5468 739 5519 ἐστι
780 5471 909 5538 παρ’
971 5471 1123 5540 ἡμῖν.
1181 5473 1318 5525 ἀλλά
1349 5474 1756 5542 γεωμετρικήν.
1804 5473 1864 5527 'O

270 5560 394 5629 γὰρ
424 5559 656 5630 Μωσῆς,
685 5563 1005 5634 γεωμέτρης
1053 5565 1112 5631 ἐξ
1144 5565 1420 5636 Αἰγύπτου
1452 5565 1550 5634 ὢν,
1601 5565 1863 5636 τοιαύτην

354 5743 402 5773 ⁸⁸
433 5742 572 5798 Gen.
609 5746 846 5819 vm,"2l.
925 5748 968 5782 “
993 5749 1128 5810 ibid.

1983 4535 2183 4589 Verum
2219 4533 2272 4587 hi
2330 4548 2358 4586 a
2391 4547 2578 4601 scopo,
2633 4532 2776 4602 quod
2813 4533 3034 4598 dicitur,
3065 4535 3390 4590 aberrarunt
3421 4546 3475 4594 et
3531 4554 3566 4592 a

1982 4627 2174 4681 semita
2233 4634 2382 4678 recta
2435 4624 2597 4695 longe
2651 4625 3014 4680 deﬂexerunt.
3046 4616 3179 4680 Nam
3209 4627 3254 4682 si
3310 4644 3450 4699 aqua
3507 4631 3566 4686 id

1982 4721 2243 4788 temporis
2293 4733 2459 4788 supra
2489 4727 2704 4772 montes
2738 4733 2986 4789 quosque
3029 4721 3456 4779 sublimissintos
3492 4725 3563 4780 ad

1985 4814 2047 4868 15
2085 4826 2258 4882 usque
2311 4811 2529 4866 cubitos
2585 4811 2848 4876 excrevit,
2895 4815 3353 4881 quemadmodum
3387 4816 3568 4872 Moses

1977 4903 2257 4958 memoriu-
2323 4903 2590 4971 prodidit,
2633 4903 2818 4958 nullus
2850 4919 2969 4959 mea
3021 4907 3241 4974 quidem
3293 4912 3567 4966 sententia

1976 5011 2133 5050 mons
2183 4996 2427 5064 reliquus
2459 5010 2579 5050 esse
2623 4997 2822 5062 potuit,
2853 4983 3005 5066 quia
3047 5000 3291 5067 periculo
3319 5012 3561 5058 servaret

1972 5070 2245 5144 iunnnnes
2267 5097 2536 5158 quotquot
2572 5089 2622 5141 in
2659 5105 2784 5144 eum
2825 5091 3228 5160 confugissent.

2042 5183 2194 5237 Arcas
2233 5184 2410 5252 ipsius
2439 5183 2722 5252 longitudo
2751 5183 2858 5238 500
2896 5185 3114 5240 cubitos
3151 5187 3408 5254 habebat,
3435 5189 3562 5242 hli-

1973 5279 2107 5330 tutlo
2137 5277 2228 5337 5U,
2261 5276 2494 5332 altitudo
2525 5277 2612 5332 50.
2642 5277 2778 5330 Cum
2806 5288 2987 5334 autem
3019 5281 3186 5335 cubiti
3233 5283 3563 5338 vocabulum

1971 5367 2150 5434 audis,
2182 5384 2293 5422 non
2343 5369 2506 5423 talem
2540 5369 2765 5440 intelligi
2795 5380 3011 5440 putato,
3058 5373 3239 5443 qualis
3273 5375 3415 5444 apud
3463 5391 3563 5429 nos

1968 5469 2053 5514 est
2084 5460 2137 5513 iu
2164 5476 2287 5526 usu,
2318 5460 2412 5514 sed
2442 5461 2862 5531 geometricum.
2889 5461 3072 5519 Moses
3097 5465 3267 5530 enim,
3294 5466 3386 5535 qui
3413 5465 3560 5535 apud

1968 5551 2256 5625 A-lgyptios
2291 5565 2467 5610 artem
2524 5556 2843 5625 geometria:
2893 5555 3200 5623 didicisset,
3235 5558 3288 5611 in
3345 5557 3450 5622 hac
3489 5559 3563 5614 de
