4062 6186
446 284 543 349 25)

1689 284 2109 344 MICHAEIJS
2150 286 2408 346 GLYLA!

3583 287 3695 352 252

436 415 564 453 arca
629 397 940 451 narratione
1003 396 1246 451 cubitum
1286 394 1556 464 ejusmodi
1610 396 1864 466 intelligit
1918 397 2007 463 qui

2129 398 2217 467 {eq
2261 400 2438 468 πῆχυν
2460 401 2553 453 ἐπὶ
2580 400 2677 469 τῆς
2707 398 2968 465 κιϐωτοῦ,
2999 400 3120 471 ἥτις
3168 368 3399 468 ὀργυιὰν
3429 402 3694 470 μεγίστην

437 490 735 543 maximam
768 492 948 541 ulnam
985 487 1243 539 ellicerct.
1281 485 1415 538 Nam
1445 484 1681 555 [Egyptii
1722 487 1905 554 primi,
1931 501 2009 538 re-

437 583 648 635 ferente
677 580 901 649 Cyrillo,
933 579 1286 646 geometriam
1321 588 1540 646 propter
1591 577 2009 646 amplitudinem

439 682 598 726 terra:
628 685 735 725 sua:
766 671 991 738 ejusque
1013 669 1338 722 divisionem
1375 676 1717 737 repererunt,
1749 683 1870 719 cum
1902 682 2017 718 ino-

438 772 525 816 tus
562 762 801 815 siderum
867 760 1232 814 censideratio
1286 761 1357 814 sit
1419 778 1447 812 a
1502 759 1705 813 Graecis
1751 758 2012 829 perfecta,

433 870 663 924 quorum
685 853 1099 905 observationes
1127 852 1288 921 128
1311 852 1496 920 prima:
1521 852 1659 919 apud
1688 850 2014 919 Babylonios

434 945 783 999 exstiterant.
826 944 1018 997 Itidem
1053 938 1301 996 docti-itia
1334 957 1685 995 numerorum
1719 958 1747 993 a
1788 941 2016 994 Phemi-

434 1052 556 1089 cum
593 1035 991 1089 tnereatoribus
1022 1044 1105 1087 est
1143 1033 1406 1102 profecta.
1459 1033 1533 1086 De
1588 1033 1672 1084 his
1728 1032 2013 1085 hactenus.

510 1128 639 1181 l’ost
670 1142 845 1180 annos
898 1141 927 1178 a
972 1126 1174 1177 diluvio
1211 1126 1315 1178 556
1375 1124 1542 1177 turtis
1601 1132 1685 1175 est
1728 1122 2014 1185 aediﬁcata,

443 1219 758 1271 hominibus
789 1216 841 1268 in
895 1232 954 1269 ea
990 1215 1319 1284 perﬁcienda
1353 1214 1480 1265 totis
1530 1214 1600 1263 40
1630 1212 1791 1263 annis
1842 1213 2019 1265 ineas-

441 1326 561 1363 sum
590 1307 991 1361 laborantibus.
1030 1306 1475 1359 Cobet-labantur
1507 1304 1677 1364 enim,
1714 1319 1811 1355 ceu
1843 1301 2019 1355 Moses

440 1412 628 1454 narrat
656 1401 721 1462 ¹⁶,
753 1402 987 1454 invicent
1016 1410 1073 1453 ut
1096 1401 1291 1452 lateres
1315 1398 1558 1449 facerent
1586 1404 2013 1463 coquerentque,

416 1494 643 1560 quibus
682 1494 872 1545 urbem
910 1494 1215 1559 turrimque
1244 1490 1344 1543 sibi
1380 1495 1749 1547 eXstruerent,
1782 1501 1904 1555 qua:
1942 1486 2020 1539 fa—

445 1586 606 1652 s:igio
629 1586 825 1637 ecelutn
852 1582 1161 1651 attingeret.
1193 1580 1592 1646 Quamobrem?
1621 1578 1686 1632 Ut
1712 1578 1753 1630 si
1780 1579 2014 1629 alterum

444 1675 708 1727 diluvium
745 1676 1042 1743 ingrueret,
1077 1676 1142 1726 ad
1170 1674 1289 1741 ejus
1321 1688 1379 1725 se
1416 1672 1672 1725 verticem
1705 1670 2019 1722 conferrent

446 1779 621 1831 eoque
653 1774 810 1832 pacto
836 1764 1129 1817 imminens
1160 1776 1225 1816 au
1253 1763 1411 1831 aquis
1437 1764 1663 1814 exitium
1691 1759 2015 1829 eﬂugetent.

448 1854 657 1908 Vanum
694 1858 839 1910 hunc
880 1857 1119 1910 laborem
1151 1865 1206 1909 et
1230 1863 1486 1909 conatum
1526 1869 1716 1907 eorum
1758 1854 1900 1905 Deus
1930 1868 2023 1919 per

445 1946 826 2019 confusionem
861 1949 1169 2018 linguarum
1194 1946 1453 2000 inhibuit.
1487 1946 1663 1999 Verba
1696 1945 1915 2013 quidctn
1939 1960 2025 1995 sa-

449 2040 557 2094 cris
590 2040 643 2093 itt
703 2039 921 2094 Litteris
951 2041 1064 2093 haec
1102 2041 1358 2110 leguntur
1396 2055 1407 2090 :
1449 2056 1467 2087 ‹
1510 2036 1585 2089 En
1627 2052 1731 2088 una
1764 2046 1847 2088 est
1878 2050 2022 2086 mor-

451 2131 637 2184 talium
665 2133 835 2195 natio,
880 2131 967 2199 qui
997 2131 1180 2184 cuncti
1233 2130 1429 2184 eodem
1474 2143 1731 2182 sermone
1772 2135 2021 2180 utuntur.

452 2224 563 2292 Age
593 2223 1014 2287 descettdatnus,
1044 2232 1099 2275 et
1132 2222 1204 2275 ibi
1239 2237 1427 2275 eorum
1455 2235 1764 2273 sermonem
1797 2218 1868 2271 ita
1893 2234 2027 2272 con-

452 2314 769 2377 fundamns,
799 2315 965 2368 utalii
993 2315 1224 2367 aliorutn
1246 2314 1675 2366 Orationemnou
1699 2311 2021 2379 intelligant.

451 2408 637 2477 Itaque
698 2408 845 2461 illinc
878 2422 972 2461 eos
1006 2422 1103 2473 per
1133 2421 1325 2460 omnes
1383 2415 1556 2459 terras
1615 2404 1896 2466 Dominus,
1931 2402 2023 2471 qui

450 2500 593 2554 Deus
619 2509 723 2563 est,
756 2499 1036 2567 dissipavit
1073 2498 1138 2551 ⁸⁷.
1171 2517 1188 2549 ι
1228 2500 1291 2552 lit
1324 2496 1584 2567 appellari
1616 2504 1903 2564 cmpcrunt
1932 2497 2026 2548 lio-

452 2592 630 2647 ntittes
660 2593 728 2646 ab
763 2607 828 2644 eo
862 2605 1110 2661 tempere
1143 2590 1390 2659 Meropes
1422 2604 1451 2642 a
1509 2589 1779 2641 sermonis
1811 2587 2021 2657 lingua-

448 2701 569 2739 rum
606 2696 871 2753 terrmque
902 2684 1195 2737 divisione.
1226 2682 1487 2735 Furiosus
1524 2682 1616 2735 ille
1646 2682 1898 2735 Julianus
1925 2682 2027 2733 hoc

448 2778 612 2832 etiam
649 2778 794 2832 inter
825 2778 930 2831 alia
963 2779 1206 2848 scripsit,
1237 2777 1404 2831 Deum
1445 2777 1880 2845 conspicientetn
1925 2776 2026 2827 ho-

451 2870 629 2927 mines
660 2871 715 2926 in
746 2871 914 2923 altum
940 2884 1043 2937 ope
1071 2870 1239 2922 turris
1271 2867 1538 2929 sublatos,
1569 2882 1742 2933 eaque
1768 2868 1835 2918 de
1861 2879 2025 2918 causa

449 2978 558 3017 non
619 2962 967 3017 mediocriter
1005 2959 1403 3030 perturbatum,
1445 2958 1733 3013 commoda
1789 2957 2023 3025 quadam

2114 491 2282 543 ποιεῖ.
2323 492 2537 560 Πρῶτοι
2568 493 2675 560 γὰρ
2706 491 3034 575 ⁴Αἰγύπτιοι,
3069 492 3217 545 καθά
3239 508 3373 561 φησι
3400 490 3693 562 Κύριλλος,

2110 578 2209 647 τὴν
2248 584 2597 651 γεωμετρίαν
2638 575 2797 652 εὗρον
2825 582 2889 633 ὲκ
2916 581 3009 633 τοῦ
3041 582 3278 635 ἀπλέτου
3326 580 3425 649 τῆς
3460 584 3563 648 γῆς
3595 580 3695 632 καὶ

2112 673 2208 737 τῆς
2242 672 2582 741 διαιρέσεως.
2629 673 2695 727 Ἦ
2735 674 2792 727 δὲ
2821 674 2928 727 τῶν
2952 674 3295 742 φαινομένων
3329 672 3530 742 θεωρία
3564 672 3697 739 παρ’

2118 763 2376 831 Ἕλλησιν
2416 764 2735 834 ἐτελειώθη,
2771 767 2880 818 τῶν
2914 767 3141 836 πρώτων
3180 766 3471 835 τηρήσεων
3498 767 3555 815 ὲν
3589 765 3695 815 Ba-

2116 855 2316 907 ϐυὶῶνι
2344 858 2673 925 γενομένων.
2695 858 2767 912 Τὸ
2792 859 2848 911 δὲ
2873 860 2998 928 περὶ
3021 858 3144 920 τοὺς
3169 858 3432 926 ἀριθμοὺς
3461 858 3568 909 ἀπὸ
3590 856 3695 909 τῶν

2116 947 2374 1015 ἐμπύρων
2424 948 2686 1000 Φοινίκων
2748 948 2971 1018 ἤρξατο.
3025 948 3134 1002 Καὶ
3190 948 3322 1015 περὶ
3353 947 3451 1014 μὲν
3486 946 3694 998 τούτων

2116 1056 2311 1099 ουτως.
2366 1102 2373 1109 ν

2186 1129 2344 1182 Μετὰ
2388 1128 2444 1181 δὲ
2507 1129 2839 1182 πεντακόσια
2901 1128 3195 1198 τριάκοντα
3241 1130 3333 1180 καὶ
3363 1127 3420 1194 ἒξ
3449 1128 3543 1197 ἔτη
3596 1128 3692 1180 τοῦ

2115 1219 2577 1290 κατακλυσμοῦὴ
2629 1219 2722 1273 τοῦ
2785 1220 2996 1289 πύργου
3045 1221 3270 1287 γέγονεν
3325 1219 3693 1287 οἰκοδόμησις,

2121 1313 2671 1381 ματαιοπονησάντων
2692 1312 2783 1363 ἐπὶ
2810 1312 2980 1381 ταύτῃ
3004 1313 3112 1363 τῶν
3143 1310 3447 1382 ἀνθρώπων
3472 1313 3697 1365 ἐκείνων

2117 1407 2176 1457 ἐν
2218 1405 2359 1457 ἔτεσι
2385 1405 2818 1473 τεσσαράκοντα.
2855 1424 2871 1455 ι
2916 1406 3027 1458 Kal.
3052 1399 3198 1466 εἶπε,
3244 1404 3353 1471 γάρ
3383 1420 3567 1472 φησι),
3606 1404 3702 1457 ἄν-

2120 1500 2338 1569 Ορωπος
2391 1500 2465 1569 τῷ
2503 1499 2730 1567 πλησίον
2758 1499 2945 1562 αὑτοῦ,
2971 1498 3135 1550 Δεῦτε
3162 1497 3255 1550 καὶ
3290 1496 3698 1566 πλινθεύσωμεν

2121 1592 2395 1656 πλίνθους,
2423 1594 2516 1644 καὶ
2544 1594 2872 1661 ὀπτήσωμεν
2904 1591 3074 1653 αὑτὰς
3103 1593 3260 1660 πυρὶ,
3289 1590 3381 1641 καὶ
3405 1589 3696 1657 οίκοδομή-

2125 1702 2307 1754 σωμεν
2341 1687 2551 1747 ἑαυτοῖς
2596 1687 2749 1737 πόλιν
2781 1684 2875 1735 καὶ
2907 1683 3137 1751 πύργον,
3166 1678 3223 1734 οὗ
3248 1682 3398 1733 ἔσται
3423 1681 3457 1749 ἡ
3486 1680 3697 1749 κεφαλὴ

2122 1776 2226 1838 ἓως
2252 1776 2346 1827 τοῦ
2379 1777 2632 1845 οὐρανοῦ.
2669 1794 2686 1827 ι
2715 1776 2813 1828 Διὰ
2845 1775 2976 1828 τίδὲ
3007 1776 3103 1827 καὶ
3129 1774 3274 1834 τίνος
3311 1771 3497 1824 ἕνεκεν
3514 1770 3697 1833 more;

2126 1866 2244 1919 Ἵνα
2283 1865 2669 1934 κατακλυσμὸς
2730 1866 2778 1917 εί
2837 1866 3062 1935 γένηται
3125 1862 3399 1931 δεύτερος,
3456 1859 3549 1912 ἐπὶ
3599 1859 3701 1926 τὴν

2124 1959 2288 2011 αὑτοῦ
2318 1958 2564 2027 κορυφὴν
2596 1956 2966 2025 ἁναδρὰμωσι,
2996 1952 3292 2006 κάντεῦθεν
3317 1951 3403 2003 τὸν
3426 1949 3484 2014 ἐξ
3509 1950 3698 2011 ὓδατος

2123 2048 2344 2117 ὅλεορον
2375 2048 2701 2116 φεύξωνται.
2737 2045 2923 2114 Ταύτῃ
2950 2060 3031 2095 τοι
3064 2043 3157 2094 καὶ
3180 2042 3278 2111 τὴν
3306 2039 3702 2111 ματαιοπονίαν

2124 2139 2306 2192 αὐτῶν
2356 2139 2629 2191 ἐκώλυσεν
2665 2141 2690 2190 6
2743 2136 2877 2198 Θεὸς
2939 2134 3026 2187 διὰ
3065 2135 3163 2203 τῆς
3225 2134 3539 2203 συγχύσεως
3587 2132 3700 2184 τῶν

2124 2230 2406 2298 γλωσσῶν.
2454 2230 2560 2281 Καὶ
2625 2230 2789 2283 ἄκουε
2820 2227 2917 2296 τῆς
2968 2227 3006 2278 Γ
3014 2227 3190 2294 ραφῆς
3219 2223 3363 2277 οὕτω
3390 2223 3657 2290 λεγούσης
3684 2239 3699 2252 ⁸

2132 2342 2151 2375 ι
2196 2324 2304 2376 Kal.
2361 2319 2483 2375 εἷπε
2542 2322 2768 2392 Κύριος,
2810 2340 2828 2371 ι
2866 2320 3000 2374 Ἰδοὺ
3029 2319 3181 2385 γένος
3214 2316 3271 2369 ἓν
3323 2310 3414 2367 καὶ
3438 2316 3612 2385 χεῖλος
3644 2312 3703 2366 Iv

2126 2416 2369 2469 πάντων.
2402 2413 2568 2466 Δεῦτε
2601 2415 2693 2465 καὶ
2731 2411 3071 2472 καταϐάντες
3120 2409 3441 2479 ουγχέωμεν
3469 2410 3584 2459 εκεῖ
3605 2406 3704 2478 τὴν

2129 2506 2404 2573 γλῶσσαν,
2444 2506 2530 2557 ῐνα
2570 2505 2645 2572 μὴ
2678 2501 2983 2555 ἀκούσωσιν
3006 2500 3240 2562 ἕκαστος
3270 2499 3371 2567 τῆς
3398 2498 3581 2567 φωνῆς
3607 2498 3705 2551 τοῦ

2129 2598 2381 2666 πλησίον.
2437 2598 2549 2650 Kal.
2623 2596 2930 2665 διέσπειρεν
3001 2594 3200 2657 αὐτοὺς
3242 2592 3443 2663 Κύριος
3494 2592 3523 2644 6
3572 2591 3707 2654 Θεὸς

2128 2689 2338 2743 ἐκεῖθεν
2366 2690 2460 2742 ἐπὶ
2505 2691 2797 2757 πρόσωπον
2843 2687 3018 2755 πάσης
3040 2688 3139 2755 τῆς
3174 2685 3298 2754 γῆς.
3341 2702 3359 2737 ι
3388 2683 3705 2755 Τηνικαῦτα

2131 2783 2226 2835 καὶ
2255 2782 2513 2849 Μέροπες
2552 2779 2847 2832 καλοῦνται
2887 2779 2994 2831 ἀπὸ
3032 2777 3123 2831 τοῦ
3153 2776 3425 2848 μερισμοῦ
3460 2777 3555 2845 τῆς
3596 2794 3709 2843 φω-

2129 2875 2228 2943 νῆς
2259 2873 2478 2943 καὶτῆς
2513 2873 2636 2941 γῆς.
2684 2869 2744 2924 Ὀ
2793 2872 2851 2924 δὲ
2911 2872 3218 2940 παράφρων
3282 2869 3569 2931 Ἰουλιανὸς
3612 2870 3711 2920 καὶ

2130 2968 2287 3020 τοῦτο
2323 2966 2461 3035 πρὸς
2508 2967 2622 3027 τοῖς
2650 2965 2832 3026 ἄλλοις
2880 2963 3092 3031 ἔλεγεν,
3153 2965 3235 3016 ὅτι
3265 2962 3488 3033 θεωρῶν
3512 2962 3711 3023 αὐτοὺς

450 3056 661 3110 ratione
697 3070 760 3109 ac
792 3055 898 3120 via,
932 3053 1133 3123 linguis
1165 3054 1308 3107 inter
1331 3066 1389 3107 se
1415 3051 1664 3106 confusis
1702 3049 2019 3104 ulteriorem

2129 3058 2463 3129 ὑψουμένους
2522 3058 2611 3109 διὰ
2658 3054 2754 3109 τοῦ
2813 3054 3050 3126 πύργου,
3092 3059 3189 3110 καὶ
3248 3057 3310 3109 οὐ
3370 3054 3583 3125 μικρῶς
3616 3056 3712 3107 ἐπὶ

448 3160 735 3201 ascensum
771 3143 1142 3215 prohibuisse.

517 3334 789 3391 Cmterum
834 3335 999 3387 turris
1028 3336 1142 3402 ipsa
1191 3331 1257 3387 72
1300 3331 1683 3401 prrefeetorum
1725 3345 1890 3399 opera
1923 3330 2028 3386 fuit

450 3438 750 3489 exstructa,
782 3442 1015 3496 quorum
1052 3427 1116 3479 ad
1146 3441 1435 3478 numerum
1466 3424 1659 3494 linguze
1686 3438 1902 3493 quoque
1936 3423 2024 3477 di-

450 3524 581 3577 visa:
610 3530 759 3586 sunt,
787 3535 913 3573 cunt
947 3529 1107 3572 antea
1144 3530 1398 3569 sermone
1430 3516 1720 3584 Lnguaque
1759 3530 1887 3577 una,
1924 3530 2025 3568 ceu

449 3612 656 3667 dictum
687 3622 789 3672 est,
820 3625 1010 3664 omnes
1069 3618 1376 3663 uterentur.
1417 3608 1578 3661 Solus
1619 3606 1865 3662 lleberus
1896 3607 2025 3661 reli-

448 3720 679 3774 quorum
718 3704 887 3757 stulto
912 3701 1129 3755 conatui
1168 3715 1276 3753 non
1316 3715 1575 3752 assensus
1604 3699 1844 3767 linguam
1868 3714 2023 3753 suam

448 3799 715 3865 retinuit;
748 3798 813 3852 de
845 3814 955 3865 quo
986 3795 1260 3865 colligitur
1288 3795 1355 3847 ab
1404 3794 1562 3846 initio
1596 3792 1853 3846 mortales
1900 3807 2028 3846 usos

450 3892 716 3946 Ilebl‘aica
772 3891 949 3958 lingua
990 3890 1174 3940 fuisse.
1231 3886 1421 3939 Adami
1462 3894 1611 3939 certe
1646 3895 1894 3953 posteros
1926 3882 2029 3938 hac

450 3998 573 4037 esse
608 3983 843 4045 locutos,
882 3986 1004 4033 inde
1035 3995 1252 4048 quoque
1282 3977 1572 4047 colligitur,
1600 3976 1744 4045 quod
1769 3985 1826 4029 et
1858 3976 2031 4029 Abra-

453 4078 596 4129 liatni
632 4076 835 4130 familia
869 4075 1117 4128 eamdem
1148 4072 1422 4139 usurparit
1454 4079 1511 4123 et
1540 4070 1782 4123 Adatnus
1817 4068 1907 4122 ille
1943 4084 2030 4122 sc-

451 4166 694 4228 cundus,
739 4164 831 4233 qui
861 4163 1116 4216 Christus
1163 4169 1269 4226 est,
1318 4159 1458 4212 Deus
1508 4158 1602 4212 ille
1632 4167 1841 4211 noster.
1881 4157 2028 4231 Idem

452 4258 912 4313 animadvertitur
934 4270 1001 4310 ex
1028 4253 1389 4321 inscriptione
1412 4250 1613 4315 erucis,
1636 4260 1692 4303 et
1711 4251 1860 4303 hisce
1881 4249 2032 4304 Chri-

454 4352 523 4405 sti
555 4349 737 4403 verbis
786 4362 910 4402 cum
966 4348 1044 4400 ait
1073 4344 1343 4415 Ephatha,
1394 4344 1497 4397 hoc
1559 4354 1636 4397 est
1686 4341 1934 4410 Aperitor
1965 4340 2028 4395 “.

455 4444 587 4497 Item
636 4442 784 4511 quod
843 4439 971 4495 alibi
1013 4439 1090 4493 ait
1138 4454 1153 4493 :

462 4555 482 4588 ι
519 4535 726 4599 Puella,
759 4550 920 4606 surge
942 4534 1005 4586 ⁸⁸.
1047 4551 1065 4583 ι
1106 4530 1304 4584 Eadem
1336 4533 1401 4583 de
1451 4544 1508 4582 re
1540 4544 1769 4597 magnus
1794 4526 2034 4596 Epipha-

456 4629 583 4683 nius
607 4628 695 4681 ille
713 4628 793 4681 sic
815 4626 1036 4680 disserit
1059 4642 1073 4677 :
1100 4643 1117 4673 ι
1145 4621 1555 4676 Postdiluvium
1584 4619 1845 4673 aediﬁcata
1868 4618 2034 4671 turris

454 4729 559 4775 est.
602 4717 746 4771 Vixit
774 4717 825 4771 id
860 4716 1122 4783 temporis
1160 4713 1430 4776 Heberus,
1462 4721 1655 4764 auctor
1685 4720 1734 4764 et
1768 4724 2037 4778 propaga-

459 4818 546 4862 tor
597 4807 876 4862 llebraiete
923 4803 1131 4875 gentis,
1185 4817 1346 4871 quem
1400 4801 1692 4870 perhibent
1741 4810 2031 4867 propterea

458 4898 598 4969 quod
637 4913 759 4952 cum
823 4898 1015 4951 turrim
1070 4893 1482 4949 exstruentibus
1532 4887 1846 4945 ceiumercii
1896 4888 2034 4942 nihil

462 4993 764 5055 habuisset,
812 4992 1054 5061 linguam
1103 5003 1256 5043 sitam
1300 4983 1611 5039 retinuisse.
1644 4980 1771 5035 Fuit
1813 4981 1931 5050 ejus
1968 4996 2033 5033 ex

463 5086 697 5154 posteris
732 5084 1098 5143 Abraltamus,
1130 5091 1185 5133 et
1222 5078 1447 5131 llebra-a
1498 5074 1680 5144 lingua
1728 5088 1929 5126 nomen
1967 5073 2035 5125 ab

459 5177 651 5231 eodem
685 5174 846 5244 129
863 5174 1091 5243 accepit.
1122 5189 1139 5222 ι
1172 5170 1480 5223 Assentitur
1510 5167 1637 5221 huic
1660 5175 1713 5218 et
1743 5164 2038 5233 Iosephus.

362 5268 365 5269 ⁷
462 5268 847 5321 'l‘heodoretus
900 5281 1029 5319 vero
1063 5271 1313 5333 posteros
1357 5259 1550 5313 Adami
1586 5259 1769 5326 lingua
1821 5255 2038 5326 Syriara

466 5360 579 5414 vult
602 5374 726 5413 usos
758 5357 780 5411 ἰ
784 5357 951 5411 uisse.

537 5451 677 5504 Seiri
714 5460 893 5502 autent
926 5448 1084 5501 debet
1121 5444 1467 5499 Chanamem
1498 5441 1688 5496 Chami
1727 5440 1891 5494 lilium
1920 5440 2038 5493 ani-

468 5546 753 5620 madverso
786 5553 982 5597 terram
1009 5540 1216 5596 Libano
1240 5539 1473 5593 vicinam
1512 5536 1746 5591 fertilem
1778 5550 1896 5590 esse
1914 5551 2037 5588 sua-

540 5716 583 5746 “
615 5714 754 5770 Ceu.
789 5728 861 5777 XI,
902 5712 958 5767 ’5.
1036 5710 1074 5740 ¹⁷
1106 5706 1240 5763 ibid.
1274 5705 1326 5761 6.
1407 5707 1449 5738 ⁸⁸
1488 5704 1652 5760 Mare.
1688 5719 1781 5767 τις,
1814 5703 1903 5755 3t.

2127 3149 2305 3218 τούτῳ
2339 3148 2621 3217 πτοηθεὶς,
2646 3147 2952 3217 εύμεθόδως
2990 3148 3173 3213 αὐτοῖς
3223 3146 3422 3200 κωλύει
3459 3148 3559 3214 τὴν
3584 3146 3713 3199 ἄνο-

2070 3230 2077 3235 ’
2126 3238 2213 3290 δον
2247 3237 2335 3290 διὰ
2370 3238 2468 3306 τῆς
2500 3236 2813 3304 συγχύσεως
2842 3237 2951 3290 τῶν
2983 3239 3267 3306 γλωσσῶν.

2210 3330 2270 3383 'U
2297 3330 2479 3400 μέντοι
2506 3329 2576 3381 πύ
2588 3346 2715 3398 ργος
2759 3331 3004 3395 ἐκτίζετο
3025 3339 3065 3385 0'
3092 3334 3185 3385 καὶ
3209 3331 3253 3402 β’
3285 3331 3380 3384 τοῦ
3406 3329 3713 3398 κτίσματος

2128 3424 2390 3494 ἁρχηγῶν
2422 3423 2617 3477 ὄντων.
2649 3423 2806 3477 Κατὰ
2832 3426 3056 3488 τούτους
3100 3425 3287 3479 λοιπὸν
3321 3427 3416 3479 καὶ
3445 3427 3478 3495 ἠ
3510 3425 3718 3494 διαίρε-

2128 3529 2213 3577 σις
2262 3516 2371 3568 τῶν
2425 3515 2685 3583 γλωσσῶν
2722 3515 2935 3583 γέγονε,
3000 3516 3212 3586 χείλους
3265 3516 3418 3580 ὄντος
3469 3517 3587 3579 ἑνὸς
3617 3518 3715 3570 καὶ

2127 3608 2312 3675 φωνῆς
2341 3608 2432 3660 ἐπὶ
2474 3609 2607 3660 πᾶσι
2639 3609 2787 3676 μιᾶς,
2820 3607 2895 3671 ώς
2928 3608 3137 3661 ἄνωθεν
3165 3610 3406 3678 εἴρηται.
3446 3610 3623 3671 Μόνος
3652 3609 3713 3662 ὁὶ

2126 3703 2153 3753 6
2194 3699 2365 3771 Ἔϐερ
2397 3701 2470 3770 μὴ
2503 3700 2940 3770 συγκατατεθεὶς
2966 3702 3032 3770 τῇ
3065 3701 3435 3771 ματαιοπονίᾳ
3463 3702 3569 3753 τῶν
3598 3701 3712 3753 λοι-

2128 3791 2246 3843 πῶν
2278 3795 2334 3844 ὲν
2363 3794 2428 3859 τῇ
2462 3792 2569 3860 ίδῐα
2598 3791 2820 3862 γλώσσῃ
2872 3792 3109 3860 ἔμεινεν.
3174 3793 3438 3862 Ἀρχῆθεν
3468 3793 3651 3843 λοιπὸν
3676 3792 3713 3860 ἡ

2145 3882 2369 3954 Ἐὃραῖς
2394 3885 2567 3953 φωνή.
2602 3885 2723 3935 ’Ότι
2742 3883 2798 3936 δὲ
2819 3886 2883 3954 τῇ
2921 3883 3186 3953 Ἐϐραίων
3213 3882 3432 3955 γλώσσῃ
3472 3883 3716 3953 ἐχρῶντο

2130 3979 2178 4032 οἱ
2212 3977 2319 4028 ἀπὸ
2348 3976 2440 4028 τοῦ
2487 3974 2685 4044 ’Δδὰμ,
2720 3976 2879 4045 δῆλον
2906 3975 3006 4045 μὲν
3035 3978 3132 4028 καὶ
3172 3976 3280 4029 ἀπὸ
3314 3976 3406 4029 τοῦ
3443 3978 3536 4029 καὶ
3584 3977 3713 4039 τοὺς

2130 4070 2273 4138 ἀμφὶ
2312 4068 2404 4121 τὸν
2436 4066 2686 4138 Ἀϐραὰμ
2709 4071 2774 4137 τῇ
2811 4066 3035 4139 τοιαύτῃ
3055 4067 3593 4139 χρᾶσθαιδιαλέκτῳ,
3620 4067 3715 4136 δῆ-

2130 4162 2223 4214 λον
2264 4161 2320 4213 δὲ
2352 4160 2445 4213 καὶ
2496 4159 2603 4212 ἀπὸ
2626 4158 2718 4211 τοῦ
2746 4159 2837 4213 τὸν
2869 4159 3122 4229 δεύτερον
3163 4158 3333 4229 ’Δδλιμ
3357 4159 3592 4229 Χριστὸν
3622 4157 3715 4209 τὸν

2132 4252 2265 4305 Θεὸν
2297 4250 2457 4322 ἡμῶν
2483 4253 2551 4321 τῇ
2586 4250 2857 4321 Ἐϐραίων
2880 4253 3118 4322 χρᾶσθαι
3141 4253 3317 4322 φωνῇ.
3350 4251 3459 4305 Καὶ
3487 4250 3710 4322 δηλοῦσι

2137 4345 2237 4414 μὲν
2266 4344 2426 4397 τοῦτο
2458 4346 2554 4397 καὶ
2589 4344 2658 4397 τὰ
2690 4344 2750 4397 ἐν
2788 4342 2866 4413 τῷ
2894 4344 3133 4415 σταυρῷ,
3192 4343 3290 4414 οὐχ
3322 4337 3481 4410 ἧττον
3520 4343 3576 4393 δὲ
3611 4345 3715 4395 κά-

1202 4457 1221 4491 ι
1254 4436 1428 4491 Talita
1463 4435 1631 4501 cumi,
1681 4452 1698 4486 ι
1756 4436 1859 4488 hoc
1902 4442 1985 4488 est
2016 4451 2024 4486 :

2137 4442 2294 4493 κεῖνα
2326 4442 2385 4492 ὲν
2410 4433 2491 4501 οἷς
2510 4438 2697 4504 ἔλεγεν
2726 4438 2976 4510 Ἐφαθὰ,
3002 4456 3021 4490 ι
3042 4438 3292 4491 τουτέστι
3311 4436 3716 4504 Διανοίχθητι,

2139 4532 2235 4584 καὶ
2282 4528 2448 4583 πάλιν
2502 4528 2776 4598 ἀλλαχοῦ·
2815 4548 2833 4581 ‹
2870 4529 3078 4583 ramea
3129 4528 3327 4598 κούμι,
3377 4546 3396 4579 ι
3443 4527 3718 4590 τουτέστι,

2145 4636 2164 4669 ι
2209 4619 2302 4671 Σοὶ
2329 4617 2473 4685 λέγω
2494 4617 2571 4687 τῷ
2601 4618 2866 4690 κορασίῳ.
2912 4637 2931 4671 ι
2989 4618 3132 4689 Πρὸς
3179 4618 3396 4681 τούτοις
3453 4618 3511 4670 δὲ
3562 4619 3656 4668 καὶ
3687 4618 3720 4668 6

2145 4710 2318 4778 μέγας
2360 4708 2680 4777 Ἐπιφάνιος
2710 4711 2839 4778 περὶ
2873 4709 3078 4763 τούτων
3109 4707 3252 4762 οὕτω
3283 4711 3452 4779 φησί·
3512 4728 3532 4761 ι
3562 4707 3722 4761 Μετὰ

2141 4803 2231 4854 τὸν
2278 4800 2667 4871 κατακλυσμὸν
2713 4804 2740 4854 6
2802 4801 3033 4873 πύργος,
3087 4798 3207 4855 εἶτα
3256 4805 3284 4855 6
3313 4801 3483 4873 ’Έὸερ
3540 4802 3568 4852 6
3603 4801 3719 4853 τῶν

2155 4895 2420 4967 Ἐϐραίων
2442 4898 2727 4966 πρόγονος,
2750 4897 2809 4950 6v
2832 4898 3050 4965 λέγουσι
3072 4899 3147 4968 μὴ
3167 4898 3496 4968 βουληθέντα
3522 4912 3715 4949 κοινω-

2144 4990 2307 5058 νῆσαι
2337 4991 2449 5053 τοῖς
2479 4989 2570 5041 τὸν
2600 4988 2813 5059 πύργον
2831 4989 3195 5057 οἰκοδομοῦσι,
3224 4992 3402 5057 μεῖναι
3432 4990 3488 5042 ὲν
3514 4990 3578 5056 τῇ
3607 4986 3715 5054 ibi;

2148 5081 2385 5150 γλώττῃ.
2449 5080 2653 5133 Τούτου
2705 5082 2927 5148 ἔκγονος
2982 5081 3009 5132 6
3078 5080 3350 5148 Ἀδρααμ,
3404 5079 3525 5130 ὅθεν
3562 5080 3713 5143 καὶὴ

2155 5172 2385 5242 Ἐὂραία
2424 5173 2662 5241 γλῶττα.
2706 5192 2723 5224 ι
2752 5173 2833 5224 Τὰ
2869 5174 3008 5225 αὐτὰ
3043 5172 3099 5225 δὲ
3138 5171 3352 5233 τούτοις
3392 5171 3488 5222 καί
3530 5167 3721 5236 Ἰώση-

2141 5267 2241 5328 πός
2267 5283 2423 5335 φησι.
2458 5268 2567 5318 Καὶ
2600 5262 2745 5320 οὗτοι
2780 5266 2877 5335 μὲν
2902 5263 3074 5328 οὔτως
3092 5281 3108 5298 ο
3141 5267 3168 5317 6
3193 5265 3248 5317 δι
3273 5262 3619 5331 Θεοδώρητος
3646 5261 3714 5329 τῇ

2141 5357 2288 5425 Σύρᾳ
2314 5357 2527 5426 γλώττῃ
2554 5358 2676 5419 τοὺς
2706 5358 2764 5423 ἐξ
2817 5358 2989 5425 Ἀδὰμ
3015 5355 3252 5426 χρᾶσθαί
3273 5370 3459 5425 φησιν.

2224 5448 2419 5500 Ἰστέον
2446 5448 2501 5499 δὲ
2552 5449 2689 5502 ὃτιὸ
2732 5449 2829 5501 τού
2874 5451 3002 5518 Kay.
3042 5450 3153 5512 υἱὸς
3204 5448 3425 5502 Χαναὰν
3453 5444 3577 5498 ίδὼν
3611 5444 3708 5514 τὴν

2139 5543 2274 5611 πρὸς
2331 5541 2417 5592 τὸν
2479 5543 2708 5595 Λίϐανον
2742 5543 2842 5612 γῆν
2897 5542 2977 5594 ὅτι
3031 5540 3211 5611 ἀγαθή
3264 5541 3404 5608 ἐστι,
3441 5540 3581 5610 μετά
3610 5538 3715 5608 τὴν

1986 5704 2026 5735 ¹⁹
2069 5702 2229 5755 Mare.
2263 5718 2313 5765 v,
2352 5702 2432 5754 Η.
