4062 6186
313 269 425 333 253

1558 278 1955 338 ANNALIUM
2001 281 2191 339 PARS
2232 281 2304 343 ll.

3443 297 3548 359 234

312 381 449 452 πρὸς
480 382 677 446 αὐτοὺς
708 383 1082 453 κληροδοσίαν,
1118 386 1210 439 καὶ
1237 386 1501 455 κρείττων
1542 389 1638 457 τῆς
1683 390 1868 441 ἑαυτοί

1983 407 2088 460 que
2120 396 2421 463 meliorem,
2466 409 2590 466 post
2634 400 2955 458 divisionem
3007 405 3149 460 inter
3182 406 3306 463 Nora
3353 410 3552 469 lilzeios

311 473 434 541 γῆς,
462 476 798 543 τυραννικῶς
824 476 1176 547 καθήρπαξεν
1199 479 1388 548 αὐτὴν,
1421 481 1513 532 καὶ
1540 484 1665 543 τοὺς
1701 483 1763 534 ἐκ
1788 481 1880 534 τοῦ

304 563 426 634 Σήμ
454 562 1067 635 κληρονόμουςὲκεῖθεν
1094 568 1346 639 ἐξήλασε.
1368 569 1472 622 Καὶ
1502 570 1644 623 οὕτω
1675 574 1822 625 πᾶσα
1846 574 1878 640 ἡ

308 654 379 723 γῆ
406 658 508 724 τῆς
535 658 871 724 ἐπαγγελίας
901 660 994 711 τοῦ
1021 660 1241 713 Χαναὰν
1267 660 1709 731 προσηγορεύθη.
1776 664 1881 715 Καὶ

315 746 579 816 Ίῶσηπις
605 749 660 800 δέ
687 764 855 816 φησιν
884 750 971 802 ὅτε
995 750 1223 803 Χαναὰν
1247 753 1508 821 τέταρτος
1534 751 1608 804 ῶν
1637 752 1730 804 τοῦ
1752 754 1882 823 Χὰμ

302 841 456 903 παῖς,
497 838 595 909 τὴν
670 841 931 894 Ἰουδαίαν
980 843 1327 913 καλουμένην
1367 845 1596 912 οἰκήσας
1657 845 1880 899 Χαναὰν

300 930 395 998 ἀφ’
437 931 632 982 ἑαυτοῦ
666 934 1127 1002 προσηγόρευσεν.

383 1022 442 1075 '0
472 1025 528 1075 δὲ
578 1024 698 1091 Σὴμ
735 1029 898 1094 γεννᾷ
933 1029 1025 1078 τὸν
1073 1027 1343 1098 Ἀρφαξᾶ,
1406 1028 1651 1100 ’Ᾱρφαξᾶ
1692 1029 1747 1081 δὲ
1787 1031 1880 1082 τὸν

299 1116 526 1168 Καῖνᾶν.
590 1108 761 1182 Οὗτος
815 1118 871 1171 δὲ
909 1120 937 1171 6
976 1121 1205 1187 Καϊνᾶς,
1264 1121 1339 1186 ῶς
1397 1140 1530 1194 φησι
1581 1124 1875 1192 Γεώργιος,

295 1208 685 1277 συνεγράψατο
715 1212 815 1279 τὴν
866 1213 1255 1283 ἀστρονομίαν,
1298 1215 1549 1284 εὑρηκὼς
1583 1216 1683 1287 τὴν
1724 1218 1876 1287 παρὰ

291 1297 390 1351 τοῦ
421 1300 528 1369 Σὴθ
559 1303 653 1354 καὶ
685 1301 794 1353 τῶν
817 1302 981 1355 αὑτοῦ
1008 1304 1212 1357 τέκνων
1236 1305 1553 1358 ἐκτεθεῖσαν
1580 1307 1877 1372 ὀνομασίαν

289 1388 405 1442 τῶν
461 1391 712 1462 ἀστέρων
768 1395 826 1446 ὲν
868 1394 1039 1447 πλακὶ
1098 1396 1278 1466 λιθίνῃ
1336 1400 1752 1469 γεγραμμένην.
1813 1402 1875 1453 Οἱ

289 1480 407 1555 γᾴρ
441 1482 536 1535 τοῦ
560 1484 667 1553 Σὴθ
693 1484 907 1552 ἔγγονοι
937 1488 1351 1556 προμυηθέντες
1382 1490 1589 1543 ἄνωθεν
1622 1468 1737 1559 τῆν’
1752 1493 1878 1560 μέλ-

286 1573 496 1626 λουσαν
529 1576 787 1642 γενέσθαι
813 1577 1022 1649 φθορὰν
1052 1580 1160 1632 τῶν
1205 1581 1511 1649 ἀνθρώπων
1548 1583 1639 1635 διά
1671 1601 1730 1636 τε
1767 1600 1874 1636 πυ-

291 1663 392 1732 ρὸς
436 1664 533 1715 καὶ
582 1664 800 1728 ὓδατος,
836 1668 933 1721 καὶ
987 1672 1317 1740 ποιήσαντες
1362 1672 1455 1725 δύο
1487 1673 1708 1744 στήλας,
1744 1676 1874 1745 μίαν

291 1754 404 1824 μὲν
436 1755 669 1827 λιθίνην,
696 1758 892 1827 ἑτέραν
912 1760 967 1813 δὲ
993 1761 1293 1832 πλινθίνην,
1317 1764 1565 1834 ἔγραψαν
1596 1768 1662 1819 τὰ
1696 1769 1760 1820 ἐκ
1782 1767 1874 1821 τοῦ

285 1849 522 1901 πάππου
552 1848 733 1904 αὐτῶν
764 1851 869 1920 Σὴθ
905 1852 1199 1906 ἐκτεθέντα
1246 1855 1475 1924 οὐράνια
1499 1857 1697 1923 πάντα,
1729 1860 1877 1927 λογι-

285 1938 525 2006 σάμενοι
583 1940 666 1991 ὅτι
719 1941 769 1991 εί
812 1940 912 2010 μὲν
956 1942 1025 1995 δι’
1056 1942 1251 2005 ὓδατος
1287 1946 1314 1995 ὀ
1370 1946 1576 2014 κόσμος
1606 1948 1873 2020 φθαρῇ,ή

282 2030 465 2101 λιθίνη
531 2033 700 2102 στήλη
749 2036 902 2102 μενεί
947 2038 1042 2087 καὶ
1092 2036 1160 2088 τὰ
1211 2036 1270 2089 ὲν
1323 2039 1461 2108 αὐτῇ
1504 2043 1874 2111 γεγραμμένα

284 2123 449 2194 (ἥτις
475 2124 645 2194 στήλη
683 2126 823 2194 μετὰ
868 2129 959 2180 τὸν
988 2128 1374 2198 κατακλυσμὸν
1427 2133 1508 2192 εἰς
1560 2133 1620 2185 τὸ
1663 2134 1873 2205 Σίδιρον

281 2214 416 2286 ὅρος
434 2216 643 2285 ἔμεινε,
662 2217 759 2270 καὶ
781 2215 929 2270 ἔστιν
955 2216 1059 2280 ἕως
1083 2218 1229 2289 ἄρτι,
1252 2218 1325 2281 ὦς
1360 2237 1526 2290 φησιν
1564 2221 1868 2295 Ἰώσηπος),

280 2310 334 2361 εί
364 2308 426 2360 δὲ
460 2309 552 2363 διὰ
573 2309 745 2379 πυρὸς
776 2311 1002 2381 γένηται
1039 2314 1071 2382 ἡ
1121 2312 1321 2381 φθορὰ,
1360 2317 1517 2383 μενεί
1559 2315 1625 2369 ἂν
1655 2318 1688 2386 ή
1717 2317 1873 2372 πλιν-

281 2405 432 2475 θίνη.

366 2501 643 2573 ’Δνεφάνη
682 2504 739 2557 δὲ
770 2505 834 2557 ὲκ
867 2504 965 2575 τῆς
987 2504 1082 2558 τοῦ
1108 2505 1227 2576 Σὴμ
1251 2506 1426 2575 φυλῆς
1452 2507 1640 2579 ἕτερος
1682 2525 1872 2578 γιγαν-

277 2593 520 2663 τογενὴς
569 2594 808 2666 τοῦνομα
860 2597 1089 2667 Κρόνος.
1144 2594 1314 2659 Οὗτος
1376 2599 1519 2652 πάνυ
1575 2601 1867 2669 γενόμενος

278 2684 515 2749 δυνατὸς
540 2688 637 2739 καὶ
669 2687 900 2751 πολλοὺς
929 2688 1225 2755 ὑποτάξας,
1254 2691 1471 2759 πρῶτος
1509 2692 1784 2757 κατέδειξε
1809 2695 1868 2747 τὸ

279 2772 601 2842 βασιλεύειν
635 2777 729 2829 καὶ
762 2776 867 2829 τῶν
896 2776 1074 2831 ἄλλων
1129 2780 1372 2847 κρατεῖν,
1405 2781 1499 2831 καὶ
1541 2780 1867 2848 βασιλεύσας

281 2868 505 2939 πρῶτος
539 2869 843 2939 ’Δσσυρίων
871 2871 964 2938 ἐτη
996 2867 1083 2935 νς’
1127 2871 1364 2933 ὑπέταξε
1403 2873 1584 2924 πᾶσαν
1624 2872 1726 2943 τὴν
1764 2877 1867 2944 γῆν

284 2958 573 3029 Περσίδος.
597 2960 754 3013 Μετὰ
781 2960 837 3012 δὲ
862 2960 1071 3029 Κρόνον
1094 2960 1416 3014 ἐϐασίλευσε
1447 2962 1608 3025 Νῖνος
1640 2961 1735 3030 ἔτη
1765 2959 1864 3030 νβ’,

282 3051 338 3113 ὃς
374 3067 439 3116 γε
479 3051 581 3119 τὴν
607 3051 815 3103 οἰκείαν
845 3050 1060 3121 μητέρα
1102 3052 1410 3121 Σεμίραμιν
1441 3052 1623 3105 λαϐὼν
1649 3055 1728 3115 είς
1768 3069 1865 3120 γυ·
1890 3058 1932 3120 C

281 3142 470 3205 ναίκα,
492 3142 656 3210 νόμος
679 3140 900 3207 ἐγένετο
921 3142 1162 3212 Πέρσαις
1194 3142 1498 3211 λαμϐάνειν
1526 3144 1626 3207 τὰς
1656 3144 1864 3197 ἑαυτῶν

285 3236 533 3307 μητέρας
570 3236 666 3287 καὶ
725 3234 979 3303 ἀδελφάς.
1050 3228 1229 3297 Ἑξοῦ
1279 3236 1470 3302 γένους
1526 3237 1740 3303 ἐγένετο
1772 3238 1866 3289 καὶ

284 3327 645 3398 Ζωρόαστρος
674 3329 702 3379 ὁ
743 3326 1071 3398 περιϐόητος
1129 3327 1357 3396 Περσῶν
1414 3329 1770 3397 ἀστρονόμος,
1807 3329 1864 3392 ὃς

284 3413 406 3472 εἰπε
464 3421 577 3481 τοῖς
636 3417 900 3485 Πέρσαις,
964 3435 983 3467 ι
1038 3416 1165 3469 Ἐὰν
1198 3416 1379 3490 καύσῃ
1411 3434 1479 3487 με
1511 3419 1571 3471 τὸ
1612 3420 1864 3488 οὐράνιον

286 3512 396 3581 πῦρ
422 3553 437 3578 ,
478 3529 499 3563 ι
558 3509 748 3582 (τοῦτο
786 3509 894 3579 γὰρ
944 3509 1037 3563 καὶ
1087 3507 1315 3579 ηὔχετο)
1370 3529 1388 3561 ι
1431 3510 1625 3563 λάϐετε
1655 3513 1717 3563 ἐκ
1755 3512 1864 3565 τῶν

283 3608 484 3660 ὀστέων
518 3621 644 3677 μου,
682 3606 776 3658 καὶ
817 3604 1121 3673 φυλάσσετε
1152 3604 1233 3663 είς
1274 3605 1536 3658 σύστασιν
1571 3605 1668 3675 τῆς
1710 3606 1859 3674 βασι-

282 3698 431 3761 λείας
459 3698 639 3763 ὑμῶν.
679 3714 699 3747 ο
752 3698 816 3747 Ὀ
854 3695 916 3767 δὴ
956 3696 1050 3747 καὶ
1079 3699 1319 3764 γέγονεν.
1380 3696 1469 3747 Ἐν
1493 3695 1550 3747 δὲ
1575 3698 1687 3759 ταῖς
1724 3698 1864 3749 ἱστο-

288 3793 429 3860 ρίαις
456 3785 546 3853 αἶς
574 3790 844 3860 ἐχρήσατο
872 3788 1011 3841 κατὰ
1047 3787 1338 3841 Ἰουλιανοῦ
1362 3790 1389 3841 ό
1409 3788 1655 3856 θεολόγος
1691 3789 1863 3857 μέγας

281 3883 588 3953 Γρηγόριος
613 3883 708 3934 καὶ
739 3879 863 3931 τάδε
892 3878 1048 3948 φησί·
1082 3879 1194 3947 Τὴν
1222 3881 1587 3949 ἀστρονομίαν
1608 3881 1858 3947 λέγονται

282 3975 503 4045 πρῶτον
542 3974 838 4044 εὑρηκέναι
866 3970 1201 4024 Βαϐυλώνιοι
1221 3969 1311 4037 διὰ
1335 3972 1712 4041 Ζωροάστρου,
1742 3971 1862 4024 δεύ-

280 4082 441 4135 τερον
495 4063 554 4116 δὲ
586 4062 833 4128 ἐδέξαντο
896 4061 944 4113 οἱ
995 4059 1309 4129 Αἰγύπτιοι.
1370 4059 1482 4129 Τὴν
1534 4060 1589 4112 δὲ
1627 4060 1861 4129 μαγείαν

281 4151 444 4227 εὖρον
471 4155 670 4224 Μῆδοι,
697 4150 814 4206 εἶτα
850 4151 1085 4223 Πέρσαι.
1114 4150 1376 4220 Διαφέρει
1404 4151 1461 4203 δὲ
1503 4151 1704 4221 μαγεία
1731 4168 1864 4222 γοη-

279 4251 457 4311 τείας.
496 4249 607 4302 Καὶ
634 4249 668 4316 ἠ
698 4246 799 4317 μὲν
832 4246 1034 4316 μαγεία
1063 4244 1354 4313 ἐπίκλησίς
1393 4246 1561 4307 ἐστιν,
1596 4242 1670 4307 ὥς
1702 4260 1857 4312 φασι,

278 4338 561 4409 δαιμόνων
578 4334 944 4405 ’ἀγαθοποιῶν
977 4333 1114 4402 πρὸς
1152 4331 1362 4400 ἀγαθοῦ
1388 4347 1535 4393 τινος
1560 4330 1821 4383 σύστασιν
1844 4345 1856 4359 ·

1987 484 2181 540 iactam
2228 506 2326 557 per
2360 493 2467 545 vim
2521 494 2659 549 hanc
2692 496 2860 562 ipsam
2903 501 3166 567 rapuisse,
3211 517 3272 556 ac
3307 514 3557 572 p0steros

1985 589 2049 627 ex
2079 591 2142 629 ea
2173 578 2319 633 Semi
2358 581 2600 648 ejecisse.
2638 586 2756 649 Quo
2796 587 2995 640 factum
3030 600 3090 642 ut
3120 591 3375 646 universa
3412 604 3555 651 terra

1985 664 2073 718 illa
2101 668 2480 735 promissionis
2514 672 2821 731 Chanaanis
2870 681 3020 748 regio
3054 692 3359 737 vocaretur.
3391 682 3554 739 Jose-

1986 756 2126 824 phus
2152 774 2370 829 quoque
2391 778 2785 822 commemorat
2811 784 2840 823 a
2875 770 3168 826 Chanaane
3190 770 3553 831 Chananaaim

1983 844 2153 902 fuisse
2182 852 2534 919 appellatam.

2052 1016 2249 1080 Seruus
2281 1037 2463 1082 autem
2526 1031 2839 1100 Arphaxam
2885 1038 3212 1102 procreavit,
3274 1042 3552 1110 Arphaxas

1980 1117 2301 1185 Cainanem,
2336 1122 2427 1191 qui
2460 1133 2683 1179 auctore
2714 1124 2946 1196 Georgio
2974 1127 3131 1181 libris
3159 1134 3549 1188 astronomiam

1944 1236 1961 1243 »ε
1980 1211 2300 1279 complexus
2342 1222 2443 1278 est,
2470 1230 2592 1269 eum
2648 1216 3047 1285 appellationes
3104 1221 3344 1275 siderum
3376 1240 3406 1277 a
3458 1225 3554 1281 Se-

1980 1301 2077 1355 tho
2105 1301 2335 1371 ejusque
2375 1305 2611 1371 posteris
2638 1305 2906 1362 iudicatas
2927 1317 2981 1362 et
3012 1308 3223 1378 lapidea
3258 1312 3313 1365 in
3370 1315 3551 1368 tabula

1980 1392 2311 1460 perscriptas
2379 1396 2694 1461 repetisset.
2759 1396 2893 1451 Nam
2955 1414 3078 1453 cum
3125 1400 3161 1454 ii
3212 1402 3381 1457 multo
3428 1415 3554 1459 ante

1978 1482 2209 1537 fuissent
2234 1485 2413 1538 edocti
2449 1486 2690 1539 l‘uturuni
2728 1498 2785 1541 ut
2816 1490 3065 1545 homines
3102 1502 3209 1546 tam
3246 1511 3343 1565 per
3374 1499 3552 1566 ignem

1978 1592 2138 1644 quam
2177 1593 2371 1646 aquam
2408 1578 2722 1645 interirent,
2757 1583 2955 1637 erectis
2990 1583 3206 1641 duabus
3258 1589 3549 1655 columnis,

1984 1684 2214 1737 quarum
2262 1686 2368 1723 una
2403 1671 2615 1741 lapidea
2652 1674 2812 1738 foret,
2868 1675 3036 1729 altera
3078 1678 3340 1745 latericia,
3386 1682 3550 1737 cccle-

1981 1758 2146 1812 stinm
2208 1775 2392 1814 rerum
2448 1762 2850 1832 descriptiones
2877 1766 3100 1820 abavo
3160 1770 3433 1837 expositas
3486 1771 3552 1826 iis

1977 1850 2110 1916 ipsis
2145 1852 2569 1920 insculpserant,
2601 1869 2725 1908 cum
2767 1870 2951 1910 secum
3016 1859 3254 1913 rationes
3307 1861 3405 1916 has
3450 1863 3553 1917 ini-

1975 1938 2201 2003 vissent,
2229 1940 2496 2010 siquidem
2536 1946 2853 2000 usuvenirct
2886 1955 2945 2001 ut
2972 1962 3070 2017 per
3094 1964 3289 2017 aquam
3312 1952 3551 2006 mundus

1976 2029 2247 2093 interiret,
2275 2033 2544 2099 lapideam
2587 2036 2897 2091 columnam
2925 2053 3049 2094 cum
3092 2040 3367 2109 inscriptis
3400 2042 3546 2097 litte-

1976 2123 2050 2175 ris
2086 2123 2517 2192 superfuturam,
2542 2144 2662 2197 qua:
2684 2145 2816 2184 sane
2850 2131 3255 2199 postdiluvium
3279 2134 3332 2186 in
3363 2143 3550 2188 monte

1976 2214 2158 2268 Sidiro
2188 2216 2336 2271 salva
2378 2229 2594 2287 reperta
2633 2228 2714 2274 est
2760 2222 3031 2291 hodieque
3064 2233 3254 2289 restat,
3307 2224 3549 2294 Josepho

1975 2313 2116 2360 teste
2146 2324 2159 2371 ;
2195 2306 2279 2360 sin
2307 2322 2404 2376 per
2436 2307 2619 2378 ignem
2648 2314 2889 2366 mundus
2930 2323 3402 2383 corrumperetur,
3434 2331 3549 2369 om-

1974 2398 2107 2453 nino
2141 2408 2526 2467 superaturam
2554 2402 2870 2457 columnam
2903 2404 3229 2461 latericiam.

2044 2490 2313 2543 (Zaetcrum
2355 2505 2419 2543 ex
2480 2490 2650 2559 stirpe
2692 2491 2837 2546 Semi
2887 2494 3107 2563 quidam
3179 2497 3407 2565 exstitit,
3466 2498 3546 2566 gi-

1972 2589 2195 2649 gantum
2214 2580 2431 2650 origine
2465 2592 2638 2649 satus,
2667 2584 2753 2637 cui
2778 2600 2977 2640 nomen
3011 2596 3160 2642 esset
3191 2587 3426 2645 Cronus.
3446 2588 3547 2646 Hic

1970 2687 2093 2726 cum
2125 2687 2373 2743 magnam
2431 2674 2498 2728 ad
2566 2677 2864 2744 potentiam
2910 2687 3058 2733 esset
3112 2691 3334 2735 evectus
3370 2682 3546 2750 impe-

1970 2764 2163 2834 rioque
2209 2781 2308 2821 suo
2367 2767 2568 2823 multos
2624 2770 2886 2824 mortales
2932 2771 3275 2841 subiecisset,
3335 2773 3547 2842 primus

1970 2858 2228 2926 regnandi
2253 2858 2474 2912 modum
2496 2868 2552 2914 et
2580 2860 2721 2916 alios
2748 2862 2850 2916 sub
2868 2862 3055 2932 jugum
3087 2864 3336 2919 mittendi
3361 2874 3543 2920 osten-

1968 2949 2086 3013 dit;
2154 2963 2389 3016 cumque
2454 2949 2710 3020 princeps
2777 2954 3122 3021 Assyriorum
3193 2969 3361 3023 regno
3402 2964 3543 3011 totos

1969 3037 2036 3091 56
2068 3053 2241 3092 annos
2275 3038 2566 3104 potiretur,
2598 3040 2910 3094 universam
2952 3042 3054 3095 sibi
3097 3041 3370 3097 Persidem
3396 3044 3543 3099 dicto

1967 3127 2281 3181 audientem
2309 3127 2568 3182 reddidit.
2608 3128 2739 3183 Post
2782 3128 3022 3184 Cronum
3062 3131 3131 3185 52
3157 3147 3331 3186 annos
3365 3132 3543 3189 Ninus

1966 3220 2236 3289 regnavit,
2266 3221 2358 3289 qui
2398 3235 2522 3275 cum
2554 3228 2791 3275 matrem
2833 3218 3155 3292 germanam
3222 3223 3542 3280 Semirami-

1965 3312 2089 3366 dem
2141 3314 2496 3368 matrimonio
2530 3314 2634 3368 sibi
2684 3315 2978 3385 iunxisset,
3010 3317 3094 3370 lex
3147 3317 3291 3386 apud
3349 3318 3543 3375 Persas

1967 3405 2211 3469 inolevit,
2249 3422 2355 3475 qua
2389 3406 2471 3461 fas
2498 3415 2645 3461 esset
2673 3418 2875 3481 matres
2917 3423 2979 3462 ac
3015 3422 3237 3464 sorores
3264 3411 3317 3464 in
3343 3426 3543 3466 uxores

1965 3498 2192 3553 ducere.
2216 3498 2422 3555 Prodiit
2443 3501 2639 3555 ex~hac
2663 3500 2865 3555 familia
2891 3510 2945 3555 et
2965 3500 3274 3566 Zoroaster,
3316 3504 3543 3575 insignis

1964 3606 2028 3645 ac
2062 3592 2453 3648 celeberrimus
2512 3594 2605 3649 ille
2666 3593 2952 3650 Persarum
3007 3606 3395 3662 astronomus;
3446 3598 3539 3667 qui

1964 3684 2146 3738 Persis
2187 3686 2444 3755 praecepit
2476 3694 2535 3740 ut
2590 3686 2633 3740 si
2672 3687 2739 3741 ab
2776 3688 2901 3757 igne
2933 3688 3141 3743 ccelcsti
3190 3699 3537 3752 exureretur,

1965 3776 2017 3829 id
2067 3775 2210 3844 quod
2242 3777 2379 3829 votis
2410 3777 2699 3846 expetebat
2730 3788 2787 3834 ut
2834 3781 3007 3843 ﬁeret,
3066 3781 3272 3836 ossium
3314 3798 3539 3836 suorum

1964 3866 2227 3935 reliquias
2259 3879 2559 3934 sumerent,
2600 3885 2802 3938 easque
2832 3872 2899 3925 ad
2956 3874 3109 3941 regni
3154 3873 3539 3927 excitationem

1964 3969 2390 4025 conservarent;
2425 3959 2510 4012 eui
2539 3960 2881 4028 praedictioni
2928 3975 3160 4015 eventus
3197 3963 3397 4015 deinde
3451 3978 3539 4015 re-

1963 4050 2203 4119 Spondit.
2238 4050 2298 4102 In
2330 4050 2573 4102 historiis
2609 4049 2718 4103 illis
2743 4052 2941 4118 quibus
2970 4051 3234 4105 adversus
3261 4051 3536 4105 Julianurn

1964 4141 2257 4211 Gregorius
2288 4141 2379 4193 ille
2405 4138 2721 4207 Thcolngus
2754 4156 2882 4195 usus
2902 4152 3005 4206 est,
3036 4142 3149 4194 inec
3190 4142 3350 4195 etiam
3371 4145 3537 4196 verba

1964 4232 2315 4301 reperiuntur
2376 4231 2833 4286 :Astronomiam
2895 4233 3056 4301 primi
3110 4232 3387 4304 Babylonii
3442 4247 3538 4302 per

1965 4323 2311 4379 Zoroastrum
2360 4323 2635 4377 invenisse
2677 4323 3055 4392 perhibentur.
3104 4341 3132 4377 a
3171 4326 3374 4395 quibus
3415 4340 3534 4379 eam

279 4400 514 4498 γοητεία
534 4425 593 4478 δέ
631 4400 747 4477 ἐστι
782 4400 1053 4493 δαιμόνων
1087 4420 1399 4474 κακοποιῶν
1446 4422 1574 4489 περὶ
1612 4418 1736 4480 τοὺς
1767 4418 1861 4472 τά·

1970 4416 2227 4485 deinceps
2268 4414 2513 4486 Egyptii
2555 4416 2889 4484 acceperint.
2925 4416 3098 4486 Magia
3131 4415 3410 4470 Medorum
3448 4416 3536 4468 in~

279 4539 417 4593 φους
450 4519 782 4589 εἰλουμένων
812 4519 904 4571 ἐπὶ
937 4516 1109 4569 κακοῦ
1143 4531 1286 4575 τινος
1314 4513 1593 4575 σύστασις.
1631 4510 1860 4578 Γοητεία

277 4619 331 4671 δὲ
364 4616 609 4685 ἤκουσεν
640 4609 749 4664 ἀπὸ
776 4609 885 4662 τῶν
935 4608 1076 4676 γοῶν
1133 4609 1228 4659 καὶ
1262 4607 1372 4657 τῶν
1407 4603 1624 4673 θρήνων
1659 4602 1767 4652 τῶν
1803 4603 1860 4653 ἐν

276 4708 393 4767 τοῖς
424 4704 624 4770 τάφοις
657 4700 981 4770 γινομένων,
1022 4696 1227 4763 μαγεία
1255 4694 1311 4746 δὲ
1356 4692 1464 4745 ἀπό
1494 4690 1861 4759 Μαγουσαίιυν

278 4798 403 4867 ἢτοι
438 4792 692 4862 Περσῶν,
725 4788 850 4842 ὅθεν
885 4787 1006 4857 ἔσχε
1039 4787 1134 4839 καὶ
1165 4785 1261 4853 τὴν
1289 4786 1497 4859 ἀρχὴν·
1536 4780 1744 4849 Μαγὼς
1773 4784 1864 4850 ἐγ-

279 4887 500 4957 χωρίως
523 4886 572 4936 οἱ
603 4882 809 4950 Πέρσαι
839 4879 893 4931 λέ
907 4894 1111 4946 γονται.
1145 4877 1202 4927 '0
1231 4876 1414 4944 μέντοι
1455 4874 1627 4943 μέγας
1661 4871 1861 4943 Κζριλ-

280 4985 370 5043 λος
402 4982 463 5032 ὲν
488 4980 603 5039 τοῖς
633 4975 774 5027 κατὰ
824 4969 1113 5024 Ἰουλιανοῡ
1145 4968 1239 5020 καὶ
1272 4968 1399 5021 τάδε
1435 4968 1665 5035 γράφων
1693 4965 1861 5036 εὕρη-

279 5091 392 5133 ται,
420 5073 503 5124 ὅτι
532 5067 674 5138 μετὰ
707 5064 995 5118 ἐννακόσια
1032 5060 1127 5129 ἔτη
1182 5058 1272 5111 τοῦ
1311 5057 1702 5127 κατακλυσμοῦ
1751 5060 1861 5112 τῶν

290 5162 603 5233 Ἀσσυρῖων
630 5158 978 5211 ἐϐασίλευσεν
1008 5152 1276 5222 Ἀρϐυλος
1310 5151 1527 5220 πρῶτος
1557 5154 1613 5203 εν
1643 5150 1857 5219 ἀνθρώ-

284 5276 429 5321 ποις.
449 5252 621 5317 Οὗτος
645 5253 769 5321 ἔσχε
805 5250 1015 5318 πρῶτος
1050 5250 1126 5309 είς
1158 5246 1351 5298 ἑαυτὸν
1382 5246 1442 5296 τὸ
1468 5246 1562 5313 τῆς
1607 5245 1862 5313 θεότητος

282 5353 470 5405 ὖνοέια,
519 5347 682 5398 Ἀλλὰ
717 5346 809 5396 καὶ
844 5342 1003 5401 Νῖνος
1037 5339 1063 5391 ὁ
1095 5338 1305 5390 ἐκείνου
1340 5339 1466 5397 παῖς
1493 5337 1707 5405 πρῶτος
1736 5336 1860 5388 Ἀσ-

288 5443 490 5512 συρίων
526 5437 803 5505 ἐπιφανῶς
861 5430 1184 5503 βασιλεῦσαι
1220 5429 1456 5496 λέγεται,
1488 5422 1547 5481 οὗ
1574 5430 1861 5497 ἐπώνυμος

285 5536 318 5603 ἡ
380 5529 624 5599 Νινευὴ,
682 5524 746 5599 ἧς
799 5529 865 5577 τὰ
911 5525 1067 5593 τείχη
1130 5522 1440 5591 Σεμίραμις
1503 5522 1862 5591 μεγαλοφυῶς

282 5628 643 5679 ἐσκευασατο.
1538 5634 1547 5641 ·

1966 4517 2190 4562 ventum
2215 4517 2322 4569 est,
2352 4523 2382 4561 a
2414 4507 2613 4577 quibus
2658 4508 2724 4562 ad
2780 4508 2974 4562 Persas
3035 4507 3295 4561 manavit.
3339 4506 3537 4560 Dillert

1966 4598 2141 4654 bacca
2205 4598 2405 4669 goetia,
2463 4597 2608 4667 quod
2671 4598 2847 4668 magia
2900 4598 2970 4650 sit
3027 4596 3356 4664 imploratio,
3393 4595 3539 4649 sicut

1964 4687 2137 4746 aiunt,
2166 4686 2535 4741 beneficorum
2568 4686 2850 4751 geniorum
2890 4685 2956 4742 ad
3020 4686 3144 4739 boni
3184 4684 3413 4754 alicujus
3456 4686 3539 4738 ef-

1964 4779 2282 4841 fectionent,
2337 4778 2517 4848 goetia
2585 4793 2715 4830 νιτο
2773 4777 3142 4830 maleﬁrorum
3184 4775 3536 4845 compellatio

1966 4871 2389 4941 geniorum,qui
2425 4870 2631 4921 circum
2688 4871 2938 4938 sepulcra
2992 4867 3326 4939 volutantur,
3382 4865 3539 4935 130
3599 4880 3606 4886 ‘

1964 4965 2031 5019 ad
2068 4965 2192 5018 mali
2224 4964 2459 5032 alicujus
2490 4961 2863 5017 effectiooem.
2897 4961 2957 5013 Et
2998 4962 3190 5030 goetia:
3226 4975 3428 5014 nomen
3461 4961 3535 5012 ta-

1964 5067 2112 5113 ctum
2148 5067 2232 5112 est
2256 5072 2285 5110 a
2319 5056 2621 5126 ploratibus
2656 5064 2711 5108 et
2761 5054 3037 5118 lamentis,
3085 5069 3205 5122 quae
3242 5067 3538 5107 consueve-

1964 5160 2095 5205 runt
2129 5150 2182 5202 in
2219 5148 2489 5218 sepulcris
2544 5148 2828 5211 exsistere,
2862 5160 2985 5199 cum
3050 5144 3222 5214 magia
3262 5144 3476 5197 dicatur
3507 5158 3538 5196 a

1969 5242 2269 5313 Magusxis,
2293 5244 2393 5296 hoc
2425 5249 2509 5293 est
2532 5238 2733 5302 Persis,
2767 5236 3009 5307 ejusdem
3037 5235 3371 5289 auctoribus.
3402 5232 3537 5285 Nam

1968 5335 2164 5391 Persas
2199 5335 2379 5403 Magos
2414 5332 2675 5402 appellari
2716 5331 2898 5399 lingua
2937 5329 3069 5399 ipsis
3099 5328 3387 5383 vernacula
3414 5339 3541 5376 ιοιι-

1970 5437 2099 5482 stat.
2139 5426 2377 5497 Cyrillus
2420 5436 2622 5487 autem,
2681 5427 2735 5476 in
2769 5422 2925 5476 libris
2965 5420 3230 5475 adversus
3260 5415 3537 5470 lulianum

1968 5521 2212 5589 scriptis,
2251 5518 2421 5571 refert
2452 5528 2573 5587 post
2606 5532 2780 5570 annos
2812 5531 2840 5568 ιι
2870 5514 3078 5568 diluvio
3114 5516 3417 5605 nongentos
3437 5504 3543 5557 Ar-

1970 5612 2153 5683 hylum
2208 5625 2392 5680 regem
2450 5610 2685 5679 Assyriis
2773 5606 3136 5675 imperitasse,
3194 5600 3285 5667 qui
3330 5600 3543 5664 primus

290 5719 576 5773 hominum
608 5713 710 5769 sibi
735 5714 1034 5771 divinitatis
1089 5710 1513 5783 appellationem
1562 5706 1854 5778 arrogarit.
1896 5703 2154 5776 Ejusdem
2220 5705 2361 5759 [ilius
2429 5704 2601 5757 i‘iinus
2641 5700 2848 5770 primus
2875 5697 3015 5764 apud
3048 5694 3296 5763 Assyrios
3313 5702 3543 5761 regnum
