4062 6186
436 298 552 363 259

1693 295 2115 356 MICHAELIS
2156 293 2418 356 GLYCzE

3578 283 3689 347 260

447 412 577 466 lisse
615 410 888 480 speciem;
926 423 1027 462 nec
1060 416 1118 462 ut
1149 406 1396 461 homines
1439 403 1766 469 comedisse,
1809 405 2009 474 quippe

2115 403 2237 457 οὔτε
2269 403 2475 472 ἔφαγον
2524 401 2598 465 ὡς
2647 400 2955 470 ἄνθρωποι,
2992 396 3111 452 ἀλλ’
3138 396 3362 451 ἐδόκουν
3396 396 3597 451 ἐσθίειν
3623 399 3696 468 ’τῇ

446 505 535 573 qui
559 502 732 555 oculis
757 500 1078 554 intuentium
1109 496 1396 552 comedere
1425 496 1762 558 viderentur,
1781 510 1902 549 cum
1934 497 2017 548 in-

448 595 605 649 terim
635 592 816 647 divina
867 590 1100 659 quadam
1119 590 1175 642 vi
1232 589 1516 659 appositos
1565 589 1718 643 cibos
1752 588 2008 642 absume-

446 697 589 740 rent.
627 686 762 738 Nam
817 685 958 753 quod
990 684 1062 736 ita
1093 683 1312 736 Litterae
1342 698 1511 736 sacra:
1534 682 1828 751 loquantur
1857 679 2013 749 quasi

443 775 685 843 apposita
735 773 1094 836 comederint,
1139 771 1274 825 nihil
1310 782 1410 825 :est
1458 786 1682 824 novum.
1734 767 1868 823 Nam
1914 784 2013 838 par

442 876 527 918 est
569 865 792 919 credere
830 865 1016 919 vocari
1057 864 1536 919 manducationem
1574 863 1742 932 ipsam
1765 863 2011 917 ciborum

439 957 898 1026 absumptionem.
932 955 1071 1010 Tres
1108 972 1324 1026 quoque
1354 956 1452 1008 viri
1485 956 1763 1025 conspecti
1799 965 1927 1011 sunt
1956 956 2008 1008 in

443 1050 816 1111 tabernaculo,
860 1059 917 1104 ut
949 1049 1326 1119 Chrysostomi
1374 1049 1555 1104 verbis
1588 1060 1824 1110 utamur,
1886 1062 2010 1101 cum

440 1143 549 1195 duo
579 1152 789 1195 tantum
821 1140 1053 1193 Sodoma
1104 1138 1380 1194 venerint.
1432 1137 1564 1192 Nam
1627 1137 1745 1192 istic
1787 1137 2008 1206 quidem

440 1236 719 1300 conspecti
748 1241 875 1286 sunt
902 1231 1161 1301 etiangeli
1193 1230 1357 1285 simul
1396 1238 1452 1283 et
1482 1244 1672 1282 eorum
1717 1228 2005 1291 Dominus;

442 1328 528 1381 hic
562 1341 693 1380 vero
713 1325 784 1378 illi
819 1323 1337 1394 tanquamministri
1386 1321 1723 1392 ablegantur,
1760 1328 2014 1374 manente

436 1417 583 1486 apud
615 1417 985 1470 Abrahamum
1012 1414 1263 1479 Domino,
1316 1423 1370 1466 et
1405 1421 1612 1466 tantum
1642 1426 1751 1464 non
1806 1410 1865 1463 in
1898 1426 2013 1465 mo-

444 1523 555 1561 rem
586 1507 742 1560 amici
775 1522 895 1559 cum
927 1506 1127 1568 amico,
1175 1506 1290 1559 viro
1315 1504 1647 1574 iustissimo,
1683 1504 1752 1558 de
1783 1503 1851 1557 iis
1890 1517 2010 1571 quae

445 1600 685 1652 facturus
714 1608 827 1651 erat
852 1600 1155 1667 disserente
1188 1614 1201 1652 :
1242 1617 1261 1648 ι
1293 1598 1493 1668 Egone,
1526 1597 1720 1666 inquit,
1746 1604 1805 1649 ut
1831 1596 2009 1650 Abra-

441 1682 665 1744 hamum
702 1689 963 1743 famulum
988 1704 1173 1743 meum
1209 1690 1379 1742 celem
1410 1686 1478 1740 de
1508 1686 1574 1740 iis
1602 1701 1722 1755 qua
1761 1700 1882 1739 sum
1911 1684 2012 1746 .l‘ao

443 1779 728 1834 cturus"?
758 1799 775 1831 ι
806 1779 974 1833 Aliter
999 1778 1099 1832 hac
1120 1780 1184 1831 de
1208 1794 1270 1832 re
1289 1776 1527 1845 Cyrillns
1557 1776 1789 1843 loquitur
1820 1794 1833 1830 :
1860 1776 2013 1840 Tres,
2050 1758 2091 1813 Β

439 1872 537 1935 ait,
558 1871 698 1941 apud
738 1886 999 1939 quercum
1034 1868 1287 1923 Membra:
1321 1868 1696 1921 Abrahamum
1744 1882 2016 1922 convene-

440 1973 590 2025 runt,
618 1977 741 2016 cum
777 1960 1009 2016 Sodoma
1038 1961 1147 2015 duo
1182 1968 1389 2013 tantum
1416 1963 1791 2029 pervenerint.
1825 1958 2015 2013 «Pater

442 2056 589 2108 enim
622 2069 727 2107 non
769 2054 981 2123 judicat
1008 2067 1357 2123 quemquam,
1400 2068 1419 2102 ι
1456 2065 1555 2105 ceu
1612 2049 1872 2104 Dominus
1898 2049 2013 2118 ipse

439 2145 765 2213 loquitur“,
814 2163 832 2194 ι
862 2145 955 2197 sed
985 2158 1146 2197 omne
1184 2142 1449 2212 judicium
1480 2141 1622 2194 Filio
1655 2140 1944 2205 concessit,
1988 2158 2007 2191 ο

440 2235 528 2287 cui
558 2233 797 2303 Spiritus
825 2233 986 2286 etiam
1019 2241 1240 2285 sanctus
1269 2230 1588 2284 naturaliter
1617 2231 1790 2285 adest.
1820 2229 1887 2283 Et
1920 2229 2013 2283 Fi-
2034 2218 2055 2223 ’

440 2326 569 2379 lium
613 2340 733 2379 cum
767 2322 972 2392 Spiritu
1007 2323 1240 2377 Sodoma
1272 2337 1331 2376 se
1359 2320 1655 2390 recepisse.
1689 2321 1819 2376 satis
1850 2322 2013 2375 intel-’

440 2418 531 2488 iigi
566 2417 633 2471 de
659 2415 908 2486 hospitali
940 2416 1263 2484 exceptione
1280 2413 1573 2469 Abrahami
1594 2429 1751 2483 posse
1784 2429 2011 2485 magnus

434 2510 599 2562 etiam
625 2508 955 2561 Athanasius
991 2506 1076 2559 ille
1111 2504 1291 2561 tradit.
1323 2504 1457 2558 Nam
1491 2506 1594 2559 nisi
1636 2504 1805 2559 Filius
1846 2514 2009 2574 atque

434 2601 680 2671 Spiritus
720 2600 971 2663 fuissent,
1017 2597 1124 2651 Deo
1154 2612 1261 2651 non
1292 2597 1648 2652 assedissent.
1679 2595 2008 2651 Conscdisse

434 2703 621 2748 autem
668 2708 792 2746 cum
830 2690 939 2745 Deo
992 2694 1342 2758 perspicuum
1374 2704 1441 2743 ex
1494 2689 1646 2743 hisce
1700 2689 1879 2745 verbis
1901 2700 2005 2755 est,

438 2803 465 2837 4
499 2784 637 2840 Tum
674 2783 750 2837 illi
786 2791 1245 2836 consurrexerunt
1281 2789 1336 2835 et
1369 2779 1435 2835 ad
1467 2779 1755 2835 Sodomam
1787 2796 1847 2836 se
1872 2795 2007 2836 con-

438 2882 743 2928 verterunt.
783 2891 803 2924 ι
881 2870 1036 2941 133
1087 2870 1296 2937 Quodsi
1359 2887 1465 2926 una
1524 2883 2005 2940 consurrexerunt,

435 2965 599 3019 etiam
630 2980 735 3018 una
776 2964 1078 3028 sederunt;
1110 2972 1169 3017 et'
1196 2964 1239 3017 si
1270 2962 1438 3017 Filius
1500 2978 1529 3017 a
1576 2963 1790 3018 dextris
1832 2965 2004 3031 sedet,

439 3066 607 3111 restat
632 3057 857 3111 omnino
887 3057 1150 3127 Spiritum
1180 3071 1214 3109 a
1248 3055 1488 3110 sinistris
1516 3055 1821 3110 considere.
1850 3056 2006 3121 Quod

436 3149 656 3218 quidem
689 3149 849 3213 valet,
877 3148 919 3202 si
955 3146 1076 3203 loco
1108 3148 1265 3201 Pater
1316 3146 1813 3201 circumscribatur.
1872 3147 2005 3201 Nam

439 3240 735 3308 carteroqui
780 3239 922 3308 apud
963 3240 1144 3308 ipsum
1173 3252 1272 3291 nec
1298 3237 1485 3291 dextra
1508 3246 1597 3291 est
1626 3253 1734 3292 nec
1763 3238 2005 3293 sinistra.

441 3330 610 3400 Igitur
641 3330 921 3385 assidente
976 3328 1116 3383 Filio
1183 3328 1421 3397 Spiritus
1458 3327 1622 3382 etiam
1674 3343 1778 3381 una
1832 3328 2007 3394 sedet,

440 3438 564 3475 cum
598 3422 649 3475 iu
680 3421 817 3475 Filio
851 3428 1083 3474 maneat.
1114 3419 1437 3473 [iamautem
1468 3417 1808 3487 hospitalitas
1838 3418 2009 3472 Abra-

441 3513 605 3566 hamo
639 3520 850 3566 tantum
878 3511 1005 3565 boni
1050 3509 1283 3579 peperit,
1343 3524 1442 3563 ceu
1477 3509 1735 3577 diximus,
1793 3519 1850 3563 ut
1891 3510 2008 3578 ipsa

439 3604 600 3659 etiam
620 3611 959 3658 sacrosancta
979 3602 1213 3655 Trinitas
1229 3615 1355 3655 eum
1379 3600 1619 3656 inviserit
1643 3610 1696 3656 et
1720 3603 1771 3654 in
1790 3611 2006 3656 senecta

441 3698 682 3751 sobolem
708 3695 758 3749 ei
813 3696 884 3750 sit
927 3694 1140 3765 largita.
1203 3694 1367 3748 Sarra
1413 3694 1630 3764 quidem
1684 3701 1843 3747 mtate
1898 3703 2007 3747 tam

442 3797 695 3859 provecta
734 3798 874 3851 erat,
912 3800 969 3841 ut
1003 3789 1143 3840 hanc
1183 3785 1417 3855 promitti
1450 3784 1679 3841 audiens
1714 3784 1933 3840 rideret.

509 3876 823 3931 Secundum
885 3877 999 3929 haec
1054 3874 1393 3929 Abrahamus
1447 3876 1517 3928 ob
1565 3889 1784 3929 causam
1847 3874 2007 3931 famis

439 3968 613 4022 solum
644 3968 807 4023 vertit
857 3982 922 4020 ac
969 3965 1173 4021 Gerara
1214 3965 1600 4036 proﬁciscitur.
1659 3964 1795 4020 llinc
1827 3965 2007 4035 denuo

437 4076 499 4115 se
540 4064 590 4115 in
620 4059 913 4135 Egyptum
949 4058 1186 4125 confert,
1240 4058 1335 4111 ubi
1386 4057 1605 4112 Sat-ram
1635 4058 1685 4112 ei
1722 4059 2004 4128 coniugem

438 4151 819 4205 Abitneleehus
863 4148 1074 4205 adimit.
1111 4147 1396 4218 ‘Cupiebat
1429 4147 1575 4200 cnim
1632 4147 1777 4202 illam
1833 4148 2006 4203 forma

438 4243 824 4297 venustissima
891 4242 1169 4310 praeditam
1204 4239 1308 4293 sibi
1366 4238 1717 4293 matrimonio
1749 4240 2001 4310 jungere,

438 4335 739 4405 prmsertim
781 4334 923 4403 quod
962 4347 1082 4388 esse
1098 4347 1253 4385 soror
1281 4331 1570 4412 Abrahami
1606 4331 2001 4399 perhiberetur.

2123 495 2243 563 ὄψει
2274 496 2384 549 τῶν
2415 493 2686 563 ὁρώντων,
2710 489 3155 560 ἀναλισκομένων
3203 488 3313 542 τῶν
3355 487 3689 559 προτιθεμέ-

2125 602 2230 639 νων
2254 586 2394 639 κατὰ
2426 585 2573 639 θείαν
2606 584 2909 655 ἐνέργειαν.
2937 602 2956 636 ι
2994 583 3060 637 Εί
3095 581 3152 634 δὲ
3184 583 3279 634 καὶ
3310 580 3516 649 λέγειὴ
3553 581 3689 651 Γρα-

2125 680 2199 747 φὴ
2232 681 2313 734 ὅτι
2350 681 2658 751 παρέθηκεν
2690 680 2899 745 αὐτοῖς,
2922 678 3015 731 καὶ
3041 678 3269 748 ἔφαγον,
3307 677 3490 731 καινὸν
3517 676 3693 729 οὐδέν’

2127 770 2257 834 ἴσως
2286 771 2395 841 γὰρ
2422 773 2482 825 τὸ
2505 772 2817 842 ἁνηλωσθαι
2839 770 3037 833 αὐτοὺς
3081 772 3279 839 φαγεῖν
3313 764 3471 822 εἶπεν
3494 770 3529 838 ἡ
3557 769 3693 839 Γραν

2125 864 2235 932 φής’
2259 864 2369 915 Καὶ
2400 865 2548 932 τρεῖς
2587 863 2687 933 μὲν
2716 865 2773 916 ἐν
2803 865 2869 933 τῇ
2919 864 3094 932 σκηνῇ
3142 860 3423 930 φαίνονται
3477 860 3696 928 ἄνδρες,

2125 958 2378 1029 καθάπερ
2400 960 2430 1012 6
2476 958 2727 1027 Χρυσοῦς
2771 961 2882 1027 ’τὴν
2902 957 3151 1025 γλῶτταν
3180 958 3334 1025 φησὶ,
3362 954 3459 1007 δύο
3501 953 3557 1007 δὲ
3604 955 3698 1006 ἐπὶ

2124 1049 2333 1123 Σόδομα
2366 1051 2781 1118 παραγίνονται.
2830 1051 2981 1102 Ἐκεῖ
3020 1048 3121 1117 μὲν
3144 1047 3251 1114 γὰρ
3280 1047 3376 1100 καὶ
3402 1048 3452 1099 οἱ
3474 1044 3696 1113 ἄγγελοι

2123 1140 2217 1193 καὶ
2245 1142 2273 1193 6
2303 1140 2511 1194 τούτων
2534 1141 2801 1209 δεσπότης
2829 1140 2973 1193 κατὰ
3000 1139 3198 1192 ταυτὸν
3219 1136 3504 1206 ὤφθησαν.
3549 1136 3695 1188 ’Δλλ’

2122 1233 2171 1284 oi
2198 1231 2296 1300 μὲν
2315 1231 2389 1294 ὡς
2413 1232 2687 1303 ὑπηρέται
2720 1230 3142 1293 ἀπεστέλλοντο,
3167 1231 3196 1282 6
3218 1228 3276 1283 δὲ
3308 1228 3494 1297 ἔμεινε
3518 1226 3697 1281 καθά-

2125 1338 2234 1391 περ
2263 1324 2418 1391 φίλος
2463 1325 2603 1393 φίλῳ
2653 1325 2937 1392 μονονουχὶ
2994 1320 3475 1389 κοινολογούμενος
3501 1316 3580 1388 τῷ
3608 1317 3695 1371 δι-

2120 1415 2263 1485 καίῳ
2315 1415 2716 1486 ἆπεργέμελλε
2787 1417 2993 1467 ποιεῖν’
3058 1414 3177 1466 «ού
3230 1411 3349 1482 μὴ»
3406 1410 3515 1480 γάρ
3555 1424 3695 1480 φησι

2124 1524 2147 1557 ι
2179 1507 2373 1577 κρύψω
2426 1508 2535 1577 ἀπὸ
2601 1507 2852 1576 Ἀϐραὰμ
2892 1506 2988 1558 τοῦ
3042 1505 3233 1567 παιδός
3277 1520 3380 1573 μου
3427 1501 3463 1556 ἃ
3508 1502 3695 1569 μέλλω

2124 1600 2367 1669 ποιῆσαι.
2396 1619 2411 1651 ι
2461 1599 2725 1670 Κύριλλος
2752 1599 2808 1651 δὲ
2838 1600 2864 1651 ό
2898 1598 3072 1666 μέγας
3106 1595 3232 1664 περ)
3272 1594 3479 1648 τούτων
3504 1592 3650 1646 οὕτω
3670 1607 3689 1622 ⁸

2129 1688 2271 1739 «Kal
2295 1691 2441 1758 τρεῖς
2467 1688 2566 1757 μὲν
2590 1689 2648 1740 ὲν
2680 1689 2821 1757 ἀρχῇ
2854 1686 2933 1757 τῷ
2976 1686 3229 1755 Ἀϐραὰμ
3257 1683 3597 1755 προσέϐαλον
3630 1684 3695 1735 ἐν

2120 1788 2188 1857 τῇ
2217 1783 2337 1855 δρυῒ
2384 1784 2451 1852 τῇ
2510 1779 2780 1850 Μαμϐρῇ,
2811 1779 2904 1833 δύο
2939 1780 2997 1833 δὲ
3033 1781 3146 1842 τοῖς
3178 1778 3437 1846 Σοδόμοις
3464 1778 3695 1844 ἐπεφοί-

2122 1892 2316 1945 τησαν.
2350 1872 2485 1927 Οὐδὲ
2524 1872 2630 1941 γὰρ
2667 1873 2694 1923 ό
2730 1869 2921 1939 Πατὴρ
2964 1871 3144 1939 κρινεῖ
3170 1869 3386 1931 οὐδένα,
3424 1868 3605 1921 πᾶσαν
3627 1868 3693 1920 δὲ

2120 1965 2218 2035 τὴν
2251 1963 2434 2033 κρίσιν
2477 1961 2679 2014 δέδωκε
2711 1960 2790 2029 τῷ
2838 1958 2975 2025 Υἱῷ,
3008 1958 3150 2010 κατὰ
3183 1955 3283 2027 τὴν
3310 1956 3491 2025 φωνὴν
3520 1956 3692 2009 αὑτοῦ

2118 2054 2213 2109 τοῦ
2242 2054 2473 2124 Κυρίου,
2497 2053 2749 2112 συνόντος
2779 2049 3025 2118 φυσικῶς
3051 2049 3141 2101 καὶ
3176 2048 3270 2101 τοῦ
3311 2047 3468 2115 ἁγίου
3520 2046 3696 2101 Πνεῦ-

2123 2126 2361 2217 ματος.ἶ
2386 2145 2509 2197 Ὅτι
2537 2144 2594 2196 δὲ
2626 2144 2653 2195 6
2687 2143 2813 2205 Υἱὸς
2848 2142 2940 2194 καὶ⁸
2972 2141 3035 2194 τὸ
3081 2140 3307 2209 Πνεῦμα
3346 2140 3441 2191 ὲπὶ
3475 2138 3693 2207 Σόδομα.

2120 2237 2464 2308 ἐπορεύοντο,
2500 2235 2594 2289 καὶ
2622 2235 2655 2303 ἡ
2685 2232 2780 2288 τοῦ
2818 2232 3070 2303 ’Δϐραὰμ
3117 2231 3263 2296 ξενία
3299 2230 3487 2298 σαφῶς
3529 2247 3695 2299 παρι-

2121 2330 2241 2399 στᾷ,
2262 2327 2524 2395 καθάπερ
2549 2326 2577 2378 6
2606 2325 2782 2395 μέγας
2804 2326 2972 2394 φησὶν
3009 2323 3349 2386 ’Δθανάσιος.
3380 2323 3442 2375 Εἰ
3475 2320 3551 2392 μὴ
3574 2322 3693 2391 γὰρ

2116 2421 2145 2474 6
2176 2418 2303 2480 Υἱὸς
2322 2420 2416 2471 καὶ
2450 2417 2510 2469 τὸ
2544 2415 2763 2484 Πνεῦμα
2791 2412 2951 2487 ἦσαν,
2984 2415 3084 2469 οὐκ
3103 2413 3168 2468 ἂν
3196 2412 3275 2484 τῷ
3301 2412 3419 2483 Θεῷ
3447 2415 3541 2466 καὶ
3574 2413 3695 2465 Πα-

2116 2510 2206 2581 τρὶ
2240 2509 2624 2578 συνεκάθηντο.
2658 2507 2784 2563 Ὀτι
2813 2507 2870 2562 δὲ
2895 2506 3281 2576 συνεκάθηντο,
3313 2504 3476 2575 δῆλον
3498 2505 3565 2558 ἐκ
3586 2504 3688 2557 τοῦ

2116 2603 2247 2673 περὶ
2273 2603 2475 2656 τούτων
2497 2601 2641 2655 οὓτω
2669 2601 2850 2670 λέγειν
2869 2616 2884 2631 ’
2914 2620 2935 2651 ‹
2968 2599 3031 2653 02
3056 2600 3429 2669 ἐξανέστησαν
3462 2596 3687 2651 ίπιϐλέο

2114 2697 2316 2766 ψαντες
2386 2696 2479 2748 ἐπὶ
2541 2694 2834 2765 πρόσωπον
2896 2691 3215 2763 Σοδόμων.»
3276 2691 3340 2745 Et
3391 2683 3486 2743 οῦν
3549 2688 3683 2755 iga-

2113 2788 2406 2860 νέστησαν,
2439 2788 2657 2849 πάντως
2683 2786 2780 2840 καὶ
2815 2784 3203 2857 συνεκάθηντο.
3238 2785 3301 2838 Ei
3330 2783 3388 2837 δὲ
3415 2783 3445 2837 6
3474 2782 3600 2844 Υίδς
3615 2783 3684 2834 ἐκ

2115 2883 2309 2947 δεξιῶν
2344 2882 2606 2951 κάθηται,
2649 2879 2898 2932 λείπεται
2931 2879 3150 2941 πάντως
3201 2876 3261 2942 ἐξ
3290 2872 3586 2945 εὐωνύμων
3616 2872 3685 2925 τὸ

2115 2973 2343 3044 Πνεῦμα
2373 2972 2674 3041 καθῆσθαι.
2711 2971 2844 3034 Ναὶ,
2877 2971 2993 3038 εῐγε
3021 2968 3394 3039 περιγραπτδς
3416 2962 3486 3037 ἢν
3513 2968 3542 3018 6
3569 2966 3687 3018 lla-

2113 3064 2248 3140 τήρ·
2311 3047 2668 3132 ἄλλωςρλγὰρ
2749 3060 2883 3130 παρ’
2932 3060 3081 3130 αὐτῷ
3151 3059 3254 3111 οὐκ
3340 3056 3486 3110 ἔστιν
3558 3058 3688 3122 ἀρτε-

2114 3154 2284 3224 crepa
2330 3153 2426 3208 καὶ
2471 3153 2644 3217 δεξιά.
2692 3150 2798 3205 Τοῦ
2859 3151 2988 3204 Υἱοῦ
3038 3151 3219 3203 τοίνυν
3260 3146 3683 3216 συγκαθημένου

2113 3245 2457 3315 συγκεὶθηται
2489 3246 2582 3298 καὶ
2613 3245 2674 3298 τὸ
2698 3243 2949 3313 Πνεῦμα,
2976 3244 3097 3297 ἐπεὶ
3136 3243 3197 3294 ἐν
3226 3243 3375 3312 αὐτῷ
3403 3240 3578 3310 μένει,
3599 3240 3685 3310 τῷ

2111 3336 2225 3406 Υίῷ
2283 3337 2509 3409 δηλαδή.
2544 3336 2800 3389 Τοιούτου
2859 3335 2917 3389 δὲ
2964 3333 3299 3404 κατηξίωσεν
3346 3331 3551 3401 ἀγαθοῦ
3598 3332 3686 3401 τῷ

2122 3429 2373 3501 Ἀϐραὰμ
2404 3427 2759 3499 ήφιλοξενία,
2791 3428 2869 3491 ὠς
2898 3429 2993 3481 καὶ
3026 3428 3125 3497 τὴν
3158 3427 3321 3496 ἁγίαν
3355 3425 3559 3496 Τριὰδα
3580 3443 3689 3478 κα-

2110 3522 2321 3575 τελθεῖν
2351 3521 2623 3576 ὲπάύτὺν
2655 3524 2750 3575 καὶ
2795 3521 3010 3590 καρπὸν
3062 3520 3211 3589 αὐτῷ
3262 3518 3473 3581 κοιλίας
3518 3518 3684 3587 χαρί-

2112 3613 2309 3667 σασθαι
2340 3614 2484 3667 κατά
2513 3629 2576 3679 γε
2610 3614 2701 3665 τὸν
2735 3612 2831 3665 τοῦ
2883 3613 3091 3682 γήρους
3144 3610 3375 3680 καιρόνο
3422 3609 3684 3661 τοσοῦτον

2108 3705 2217 3772 γὰρ
2252 3700 2374 3774 ἦνή
2402 3703 2588 3774 Σάρρα
2618 3701 2999 3772 προϐεϐηκυῖα
3027 3701 3166 3754 ὥστε
3191 3702 3288 3754 καὶ
3308 3700 3539 3770 γελᾶσαι
3566 3701 3679 3753 αύ-

2108 3794 2208 3865 τὴν
2247 3796 2379 3865 περὶ
2408 3794 2600 3848 τούτου
2633 3794 2974 3849 ἀκούσασαν.

2178 3885 2332 3939 Μετὰ
2389 3886 2447 3939 δὲ
2475 3886 2674 3939 οταῦτα
2718 3884 2993 3955 προφάσει
3033 3887 3099 3955 τῇ
3125 3885 3217 3939 τοῦ
3248 3884 3408 3956 λιμοῦ
3436 3886 3679 3956 μετανά-

2111 3989 2240 4042 στης
2263 3975 2301 4041 6‘
2332 3972 2583 4044 Ἀϐραὰμ
2603 3972 2836 4040 γίνεται,
2862 3971 3114 4026 κάκεῖθεν
3149 3973 3207 4026 ὲν
3234 3972 3274 4025 Γ
3277 3973 3494 4044 εράροις
3516 3973 3680 4042 ἔρχε-

2108 4081 2217 4130 ται,
2244 4063 2379 4134 πρὸς
2408 4066 2683 4132 Αἴγυπτον
2732 4066 3067 4131 ἀφικνεῖται.
3098 4063 3194 4116 καὶ
3245 4063 3400 4125 αὖθις
3424 4064 3676 4136 ἀφαιρεῖς

2109 4172 2199 4209 ται
2225 4156 2324 4227 τὴν
2358 4156 2575 4227 Σάρῤαν
2603 4156 2697 4208 καὶ
2721 4154 2873 4221 παρὰ
2901 4154 2994 4208 τοῦ
3028 4155 3346 4225 Ἀϐιμέλεχ·
3379 4155 3537 4225 ἦθελε
3562 4158 3676 4225 γὰρ

2108 4247 2277 4316 αὐτὴν
2314 4247 2773 4318 εὐπρεπεστάτην
2801 4242 2969 4299 οὖσαν
2995 4246 3131 4317 πρὸς
3158 4245 3340 4314 γάμου
3381 4247 3673 4298 κοινωνίαν

2108 4340 2316 4402 λαϐεῖν,
2347 4340 2463 4407 είγε
2526 4339 2621 4391 καὶ
2661 4339 2868 4408 μᾶλλον
2903 4336 3107 4407 ἀδελφὴ
3138 4337 3234 4391 τοῦ
3274 4337 3528 4407 Ἀϐραὰμ
3557 4338 3680 4389 ὲλέ-

438 4426 761 4496 Quanquam
818 4424 961 4479 enim
1006 4422 1282 4494 Josephus
1314 4426 1514 4476 asserit
1570 4422 1790 4476 Sari-am
1839 4420 2004 4475 fuisse

2115 4447 2236 4499 γετο
2257 4426 2418 4484 εἶναι.
2456 4430 2516 4483 Εἰ
2549 4430 2657 4497 γὰρ
2687 4429 2917 4498 ἀνεψιάν
2952 4446 3087 4499 φησι
3119 4430 3217 4498 τὴν
3247 4430 3467 4500 Σάρραν
3493 4432 3521 4481 ό
3561 4429 3681 4482 Ἰά-

435 4521 824 4574 consobrinam
855 4516 1177 4576 Abrahami.
1229 4514 1514 4569 sciendum
1577 4524 1755 4569 tamen
1811 4523 1893 4568 est
1933 4530 1997 4569 ex

436 4611 753 4667 narratione
781 4609 1014 4665 Mosaica
1039 4607 1204 4662 fuisse
1225 4617 1337 4660 tum
1368 4606 1653 4677 coniugem
1685 4606 1856 4676 ipsius
1887 4615 1999 4660 tum

438 4720 708 4767 sororem,
758 4712 820 4755 ut
849 4716 970 4769 qua:
1019 4709 1194 4753 matre
1255 4697 1475 4767 quidem
1521 4696 2002 4759 eadem..diverso

436 4812 569 4849 vero
604 4804 757 4864 patre
800 4803 923 4845 nata
978 4797 1146 4843 esset.
1214 4787 1395 4855 Itaque
1433 4788 1702 4841 occultato
1745 4802 1875 4851 uno,
1935 4802 2002 4842 ne

437 4893 695 4949 tanquam
737 4879 819 4933 vir
847 4876 1146 4944 mulieris_e
1178 4874 1359 4930 medio
1417 4875 1719 4938 tolleretur,
1772 4877 2002 4930 altcrum

438 4973 658 5035 fatetur,
692 4984 936 5026 sororem
968 4968 1222 5023 videlicet
1251 4982 1406 5021 suam
1433 4982 1578 5022 esse.
1633 4966 1830 5036 Magno
1857 4978 2004 5023 certe

2110 4538 2283 4589 σηπος
2312 4521 2405 4573 τοῦ
2434 4519 2708 4590 Ἀϐραὰμ,
2741 4519 2876 4573 ἀλλὰ
2908 4521 3047 4573 κατὰ
3076 4519 3175 4590 τὴν
3206 4521 3502 4584 Μωσαῑκὴν
3527 4520 3680 4572 lato-

2108 4611 2233 4680 ρίαν
2270 4612 2348 4675 Δἐκ
2394 4610 2600 4680 μητρός
2642 4610 2741 4679 μὲν
2799 4610 2901 4679 τῆς
2948 4612 3139 4679 αὐτῆς,
3195 4611 3255 4675 ἐξ
3284 4611 3445 4665 ἄλλου
3478 4611 3535 4665 δὲ
3577 4613 3677 4686 καὶ

2110 4699 2275 4752 ἄλλου
2313 4700 2532 4769 πατρὸς.
2578 4700 2852 4769 Κρύπτων
2878 4700 2971 4753 οῦν
3004 4701 3066 4755 τὸ
3096 4703 3175 4769 ἓν,
3207 4702 3293 4755 ἵνα
3328 4702 3405 4773 μὴ
3438 4704 3677 4774 φονευθῇ

2108 4789 2271 4856 δῆθεν
2300 4789 2375 4852 ὡς
2405 4790 2544 4860 ἀνὴρ
2578 4792 2770 4859 αὐτῆς,
2794 4792 2855 4844 τὸ
2886 4793 3074 4861 ἕτερον
3104 4792 3310 4860 ἔλεγεν,
3343 4794 3676 4863 ὃτιἊδελφὴ

2109 4878 2211 4948 μού
2243 4881 2411 4933 ἐστιν.
2445 4880 2842 4951 Μεγαλόψυχος
2877 4882 3043 4946 ὄντως
3085 4886 3113 4936 ό
3145 4883 3539 4959 Ἀϐραάμ-Δὶς
3561 4885 3679 4954 γὰρ

2109 4973 2187 5034 είς
2212 4971 2489 5038 Αἴγυπτον
2521 4974 2795 5041 προφάσει
2824 4973 2917 5026 τοῦ
2947 4975 3106 5044 λιμοῦ
3154 4975 3437 5027 κατελθὼν
3469 4978 3563 5028 καὶ
3590 4972 3678 5039 δὶς

437 5062 700 5132 praeditus
728 5060 911 5114 animo
951 5058 1055 5113 fuit
1085 5057 1441 5112 Abrahamus.
1504 5055 1636 5111 Nam
1693 5060 1762 5112 ob
1806 5056 2001 5112 famem

2115 5062 2204 5131 τὴν
2258 5063 2476 5133 Σάρραν
2505 5063 2846 5133 ἀφαιρεθεὶς,
2882 5067 3034 5135 παρά
3073 5081 3130 5117 τε
3180 5065 3276 5119 τοῦ
3338 5066 3540 5135 Φαραὼ
3578 5068 3678 5120 καὶ

439 5157 525 5210 his
584 5155 635 5207 in
666 5152 958 5222 Egyptum
1021 5150 1319 5220 profectus,
1367 5164 1538 5204 uxore
1582 5149 1665 5204 bis
1720 5150 2003 5217 spoliatus,

439 5246 624 5316 semel.
660 5261 690 5300 a
721 5246 1027 5312 Pharaone,
1061 5245 1257 5299 iterum
1307 5244 1374 5298 ab
1412 5243 1797 5309 Abimeiecho,_
1839 5259 2003 5315 gene-

438 5354 565 5394 roso
600 5336 957 5392 nihilominus
976 5336 1160 5389 animo
1200 5337 1338 5389 hanc
1367 5334 1766 5403 ademptionem
1812 5347 1998 5404 pertu-

437 5437 520 5489 lit.
558 5432 768 5500 Quippe
799 5444 921 5484 cum
969 5426 1139 5481 semel
1186 5426 1672 5493 oblemperandum
1725 5442 1845 5482 esse
1895 5428 2003 5481 Deo

440 5524 792 5587 decrevisset,
826 5521 879 5575 in
905 5518 1146 5574 consiliis
1172 5515 1659 5573 administrationis
1690 5518 1809 5588 ejus
1857 5516 1999 5572 inel-

2108 5150 2238 5220 παρ’
2269 5151 2434 5206 αὑτοῦ
2480 5150 2704 5222 ὕστερον
2738 5153 2832 5207 τοῦ
2878 5154 3188 5224 Ἀϐιμέλεχ,
3208 5156 3473 5223 γενναίως
3507 5157 3679 5227 ιφερι

2064 5312 2065 5315 η
2103 5242 2201 5312 τὴν
2222 5242 2511 5314 ἀφαίρεσιν
2528 5258 2544 5273 '
2564 5244 2875 5299 ἀκολουθεῖν
2903 5246 3011 5317 γὰρ
3030 5247 3285 5314 καθάπαξ
3310 5251 3499 5319 κρίνας
3526 5250 3675 5320 Θεῷ,

2107 5335 2585 5404 πολυπραγμονεῖν
2609 5336 2713 5388 οὐκ
2739 5336 2899 5406 ἡθελε
2926 5340 3023 5397 τὰς
3059 5340 3333 5409 ἀρρήτους
3365 5343 3681 5409 οἰκονομίας

2107 5425 2297 5479 αὐτοῦ.
2340 5425 2460 5494 Ἐφ’
2509 5422 2554 5496 ᾧ
2596 5430 2691 5481 καὶ
2737 5430 2965 5482 κατόπιν
3008 5432 3064 5484 αἱ
3112 5431 3255 5485 θεῖαι
3299 5431 3682 5501 ἠκολούθησαν

2104 5518 2254 5589 αύτῷ
2283 5519 2532 5589 ἀμοιϐαί.

443 5622 694 5679 tabilibus
725 5615 1105 5688 perquirendis
1136 5616 1385 5671 curiosus
1430 5628 1550 5668 esse
1588 5615 1783 5671 noluit.
1845 5615 2136 5686 Pr0pterea
2173 5616 2412 5673 vicissim
2457 5617 2572 5673 suis
2600 5634 2727 5677 eum
2777 5622 3060 5680 beneﬂciis
3112 5623 3251 5679 Deus
3309 5624 3544 5684 ornavit.

512 5718 557 5752 ’³
594 5718 732 5774 Gen.
765 5730 924 5787 xvnt,
958 5712 1039 5767 Π.
1079 5714 1124 5745 ’⁸
1159 5711 1314 5766 .loan.
1355 5726 1407 5777 v,
1442 5707 1531 5763 22.
