4062 6186
348 262 454 328 28!

1587 271 1991 335 ANNAL’IUM
2032 271 2224 335 PARS
2266 271 2348 336 Π.

425 375 565 439 Teii;
616 371 802 441 μέντοι
863 375 1160 446 Σοδομίτας
1196 377 1229 447 ἡ
1279 377 1514 450 κακίστη
1539 380 1722 450 ἐκείνη
1756 385 1921 450 συνή-

2090 382 2359 437 (Σεειονηηι
2410 382 2709 438 Sodomitis
2737 383 3074 439 consuetudo
3109 383 3320 441 vivendi
3362 385 3583 459 flagitiov

332 465 480 518 ,θεια
507 466 564 517 ὲν
596 465 849 532 ἀγγέλοις
904 466 1088 531 αὐτοῖς
1122 470 1306 521 ἔπεισε
1336 470 1436 538 τὴν
1468 470 1754 537 ἀσέλγειαν
1781 471 1905 524 ἔπι-

348 556 655 621 δείξασθαι,
685 558 807 610 ὅθεν
832 560 928 612 καὶ⁸
951 559 1221 613 ἀσϐέστου
1248 561 1419 630 πυρὸς
1437 559 1601 628 ἔργον
1636 562 1918 630 γεγόνασι.

355 647 440 700 Τά
458 648 567 717 γάρ
589 649 799 717 Σόδομα
830 651 1013 703 ἐκεῖνα
1041 652 1347 721 περικαλλῆ
1366 653 1462 719 μὲν
1488 652 1719 715 ἑστῶτα,
1744 654 1919 719 τέφρα

350 739 411 790 δὲ
445 742 513 807 τῇ
545 737 776 807 ἀληθείᾳ
813 738 948 792 δντα
995 740 1111 809 (καὶ
1145 740 1311 802 αὐτὸς
1338 740 1447 811 γάρ
1476 742 1505 794 6
1536 741 1644 810 ἀὴρ
1677 740 1777 792 σὺν
1806 743 1921 805 τοῖς

357 829 553 897 ὕδασιν
583 829 941 900 ἐκπυροῦται)
974 832 1272 900 τεκμήριον
1302 832 1383 884 ὅτι
1414 833 1587 901 σαφὲς
1617 833 1713 885 τοῦ
1734 831 1922 886 διαιω-

354 920 529 982 νίζειν
561 918 739 969 ἐκεῖσε
766 916 863 987 τὴν
896 916 1139 973 κόλασιν.
1172 918 1358 972 Ταῦτα
1381 920 1438 973 δὲ
1470 924 1600 991 περὶ
1626 922 1923 976 Παλαιστίο

354 1025 480 1079 νης,
517 1007 857 1070 Ἀσκάλωνος
899 1008 994 1061 καὶ
1042 1009 1221 1077 Γάζης
1269 1009 1496 1075 ἀνωθεν,
1535 1013 1665 1079 περὶ
1719 1012 1780 1065 τὸ
1828 1012 1921 1064 τοῦ

367 1099 638 1167 Ἰορδάνου
672 1098 850 1164 τέλος,
882 1098 1043 1151 οὐδὲν
1083 1101 1380 1154 ἀπεοικότα
1432 1103 1555 1154 τότε
1604 1102 1700 1155 τοῦ
1741 1100 1933 1171 παρα-η

357 1190 562 1244 διίσου,
612 1189 674 1241 Ὀ
707 1189 842 1256 γοῦν
870 1189 1120 1242 ἀπιστῶν
1153 1191 1221 1261 τῇ
1274 1192 1471 1265 γεέννῃ
1516 1192 1922 1261 ἀναλογιζὲσθω

357 1282 425 1335 τά
487 1281 720 1350 Σόδομα,
758 1281 853 1333 καὶ
907 1281 1051 1336 οὕτω
1103 1283 1202 1352 τὴν
1251 1283 1593 1352 ἀδδηφαγίαν
1637 1284 1919 1352 φευγέτωο

357 1370 587 1423 τοιαῦτα
617 1370 729 1441 γάρ
760 1371 949 1424 εἴωθεν
977 1371 1115 1442 αὕτη
1157 1372 1306 1441 πάθη
1333 1373 1549 1443 γεννᾷν.
1581 1373 1742 1427 Κατά
1770 1373 1924 1425 τοῦτο

358 1464 456 1516 καὶ
489 1463 517 1515 6
547 1464 753 1531 Μωσῆς
776 1462 963 1530 ἔλεγεν
1001 1463 1077 1532 τῷ
1114 1463 1334 1532 Ἰσραήλ
1355 1479 1369 1492 ·
1398 1483 1415 1513 ι
1439 1460 1631 1529 Φαγὼν
1657 1465 1748 1517 καὶ
1786 1462 1925 1515 πιὼν

357 1554 599 1623 πρόσεχε
634 1552 865 1622 σεαυτῷ,
889 1554 1102 1624 μήποτε
1143 1555 1379 1626 ἐπιλήσῃ
1403 1555 1609 1625 Κυρίου
1657 1553 1751 1607 τοῦ
1786 1554 1923 1607 Θεοῦ

357 1657 526 1698 σου.»
577 1645 739 1696 Ἀλλά
792 1644 888 1697 καὶ⁸
937 1646 965 1695 6
1008 1644 1105 1714 τὴν
1161 1646 1411 1715 ἰατρικὴν
1460 1648 1655 1716 τέχνην
1701 1645 1924 1716 ἄριστος

2022 473 2234 528 sissima
2276 474 2569 541 persuasit,
2606 483 2665 528 ut
2703 474 2866 530 etiam
2923 476 2977 529 in
3008 477 3226 547 angelos
3260 480 3407 548 ipsos
3437 494 3588 533 exerv

2023 578 2147 618 cere
2178 567 2509 633 proterviam
2568 580 2724 618 suam
2791 566 3031 630 vellent;
3082 570 3436 636 quamobrem
3499 571 3585 623 in.

2020 652 2293 707 exstincto
2323 655 2446 726 igne
2463 664 2591 708 sunt
2631 656 2826 724 puniti.
2871 658 3004 712 Nam
3034 659 3266 716 Sodoma
3291 664 3381 716 illa
3406 679 3584 733 quon-

2022 742 2144 796 dam
2185 744 2573 813 pulcherrima,
2604 762 2728 803 cum
2759 749 2937 803 adhuc
2956 760 3186 815 starent,
3214 769 3359 807 nunc
3393 769 3584 822 reapse

2023 832 2158 888 nihil
2189 844 2317 887 sunt
2346 833 2492 887 aliud
2517 848 2680 903 quam
2720 835 2883 889 cinis.
2941 836 3050 891 Aer
3100 839 3245 892 enim
3304 840 3417 908 ipse
3458 855 3584 893 cum

2022 922 2179 991 aquis
2240 922 2627 985 inﬂammatur,
2670 935 3047 993 argumentum
3108 928 3315 984 illustre
3354 931 3421 984 de
3462 945 3590 999 per.

2023 1014 2201 1083 peluis
2222 1027 2410 1069 eorum
2442 1014 2743 1083 suppliciis.
2795 1014 2907 1069 Sita
2970 1025 3100 1073 sunt
3157 1027 3338 1073 autem
3396 1021 3449 1074 in
3487 1019 3591 1074 Pa-

2022 1104 2253 1170 laestina,
2286 1105 2429 1159 haud
2466 1107 2655 1174 procul
2682 1122 2710 1159 a
2738 1105 2880 1160 Gaza
2904 1115 2959 1161 et
2997 1108 3287 1172 Ascalone,
3326 1111 3391 1164 ad
3411 1113 3591 1166 amnis

2022 1193 2272 1249 Jordanis
2304 1195 2464 1249 ostia.
2495 1195 2633 1251 Tum
2650 1196 2866 1265 quidem
2896 1198 3157 1267 temporis
3187 1199 3255 1253 ab
3283 1200 3401 1269 ipso
3427 1218 3586 1270 para~

2023 1284 2141 1339 diso
2171 1300 2279 1339 non
2304 1286 2643 1341 differebant.
2699 1287 2900 1353 Quodsi
2928 1290 3053 1355 quis
3091 1289 3353 1359 gehennae
3386 1306 3576 1360 parum

2023 1372 2244 1427 adhibet
2267 1372 2413 1436 lldci,
2451 1389 2633 1429 secum
2671 1375 2784 1444 ipse
2833 1379 2899 1430 de
2928 1378 3177 1433 Sodomis
3228 1380 3447 1449 cogitet,
3492 1394 3581 1437 at-

2025 1479 2130 1533 que
2159 1462 2262 1517 hoc
2290 1464 2450 1518 modo
2479 1465 2667 1519 luxum
2710 1482 2927 1521 omnem
2956 1467 3161 1536 fugiat;
3196 1485 3319 1524 nam
3378 1472 3425 1524 is
3479 1472 3581 1525 hu—

2019 1552 2257 1622 jusmodi
2290 1551 2493 1622 ﬂagitia
2534 1553 2755 1624 gignere
2791 1554 3098 1609 consuevit.
3154 1556 3362 1611 Idcirco
3417 1556 3593 1611 Moses

2027 1643 2281 1699 Israelitis
2309 1642 2552 1712 prmcipit
2584 1662 2596 1697 :
2628 1662 2646 1696 ι
2679 1643 2780 1699 Ubi
2809 1645 3113 1699 comederis
3135 1662 3195 1700 ac
3220 1646 3442 1711 biberis,
3507 1662 3602 1705 ca-

359 1733 599 1804 Γαληνδς
632 1734 741 1786 τῶν
772 1734 1030 1789 τοιούτων
1054 1735 1244 1788 παθῶν
1282 1736 1461 1788 αἰτίαν
1487 1736 1656 1805 αὐτὴν
1686 1736 1924 1795 δείκνυσι

2033 1744 2149 1789 veto
2173 1749 2241 1788 ne
2268 1734 2409 1790 forte
2440 1734 2651 1790 Domini
2685 1735 2777 1788 Dei
2812 1736 2885 1790 tui
2918 1736 3336 1792 obliviscaris".
3370 1756 3388 1789 ι
3426 1738 3595 1795 Etiam

356 1827 460 1896 τὴν
496 1825 731 1896 τρυφὴν,
756 1827 913 1881 Κατά
934 1827 1032 1896 τὴν
1054 1826 1349 1897 ἡμετέραν,
1372 1827 1567 1895 λέγων,
1591 1829 1804 1882 Μυσίαν
1826 1828 1926 1894 τὴν

354 1919 560 1986 ὅμορον
619 1917 912 1988 Περγάμου
972 1918 1214 1981 σπανίως
1251 1918 1317 1974 ἀν
1372 1934 1456 1981 τις
1501 1916 1637 1989 εὕρῃ
1690 1918 1928 1986 γυναῖκα

360 2014 791 2081 μοιχευομένην,
838 2009 921 2062 ἔτι
966 2009 1025 2062 δὲ
1092 2010 1292 2079 ἄνδρας
1359 2008 1611 2076 ἀσελγεῖς
1681 2009 1928 2079 ἀπορρἡ

352 2118 475 2167 Ἰτοις
526 2101 867 2173 ἀφροδισίοις
919 2100 1328 2170 ᾤκειωμένους,
1374 2098 1489 2151 ἀλλ’
1516 2101 1574 2151 ὲν
1607 2098 1798 2170 Ῥώμῃ
1841 2099 1930 2152 διὰ

358 2193 465 2262 τὴν
499 2191 938 2256 ὲπιπολάζουσάν
964 2207 1025 2242 τε
1057 2190 1152 2243 καὶ
1179 2190 1381 2259 συνήθη
1404 2188 1616 2257 τρυφὴν
1642 2191 1737 2244 καὶ
1772 2189 1930 2260 ῥᾴδια

355 2282 557 2335 ταῦτα.
594 2282 658 2333 Εἰ
690 2280 770 2345 δὲ,
819 2279 963 2333 καθά
993 2295 1127 2350 φησι
1148 2278 1481 2346 Πτολεμαῖος
1516 2279 1598 2330 ὅτι
1642 2277 1728 2336 διὰ
1755 2279 1815 2332 τὸ
1846 2281 1929 2332 ol-

358 2372 647 2425 κειοῦσθαί
676 2387 829 2432 τινας
864 2371 1001 2442 πρὸς
1042 2370 1103 2423 τὸ
1131 2369 1227 2447 τοῦ
1255 2369 1525 2433 ζωδιακοῦ
1557 2370 1771 2441 πρῶτον
1805 2373 1920 2441 τρίκ

357 2479 561 2531 γωνον,
590 2463 680 2514 τὸν
717 2460 868 2531 κριὸν
920 2459 1142 2531 δηλαδὴ,
1173 2459 1266 2512 τὸν
1314 2459 1505 2515 λέοντα
1536 2460 1630 2513 καὶ
1659 2461 1751 2512 τὸν
1779 2463 1931 2527 τοξό-

356 2570 488 2622 την,
511 2553 601 2604 διά
614 2550 770 2604 τοῦτο
797 2550 1013 2619 ἀθεσμά
1037 2567 1160 2604 τινα
1181 2550 1501 2618 πράττουσι,
1532 2552 1623 2607 καὶ
1651 2551 1932 2620 νομίζουσι

358 2645 539 2714 μηδὲν
575 2661 629 2696 τι
677 2646 850 2698 ποιεῖν
896 2644 1267 2714 ἀποτρόπαιον
1304 2642 1400 2696 ἅτε
1442 2644 1545 2697 ὑπὸ
1578 2642 1743 2707 ζὼδια
1776 2643 1932 2706 ὄντες

361 2736 440 2789 τά
459 2736 560 2804 μὲν
589 2736 896 2805 ἔμπροσθεν
926 2735 1324 2806 ἀρῤενούμενα,
1351 2736 1418 2788 τὰ
1440 2733 1495 2787 δὲ
1522 2734 1746 2787 δπισθεν
1773 2734 1934 2796 θηλυ-

359 2830 589 2898 νόμενα,
623 2825 731 2899 ἆρα
760 2828 837 2898 μὴ
873 2827 1056 2890 ἄδικος
1089 2831 1116 2880 6
1137 2828 1266 2889 Θεὸς
1295 2828 1428 2881 όδιά
1460 2827 1630 2897 πυρὸς
1659 2823 1933 2895 ἔκτεφρώ-

364 2934 469 2981 σας
501 2919 567 2971 τά
593 2918 837 2987 Σόδομα;
876 2914 1022 2971 Ἀλλ’
1042 2915 1139 2968 οῦκ
1171 2913 1238 2969 ἀν
1267 2932 1396 2969 ποτε
1437 2919 1464 2969 6
1500 2916 1703 2978 δίκαιος
1730 2915 1931 2973 ἀδικοῖ.

2026 1825 2511 1897 praestantissimus
2539 1826 2625 1879 ille
2675 1826 3007 1880 medicorum
3052 1825 3289 1887 Galenus
3342 1829 3592 1896 voluptao

2030 1926 2138 1971 tem
2170 1933 2232 1972 ac
2255 1917 2479 1972 delicias
2505 1917 2744 1972 oslendit
2790 1934 2910 1972 esse
2975 1918 3283 1987 huiusmodi
3323 1921 3589 1975 scelerum

2029 2019 2269 2071 causam,
2300 2022 2424 2061 cum
2458 2008 2532 2059 ait
2558 2022 2577 2061 :
2602 2006 2663 2063 ln
2693 2004 2860 2076 Mysia
2915 2017 3118 2069 nostra,
3142 2022 3277 2077 quae
3326 2007 3591 2078 Pergamo

2029 2094 2257 2151 ﬁnitima
2291 2105 2394 2159 est,
2424 2111 2548 2150 raro
2581 2096 2704 2168 quis
2759 2097 3013 2155 feminam
3053 2097 3305 2153 adulterii
3354 2098 3595 2152 facinore

2031 2202 2091 2241 se
2114 2187 2543 2258 obstringentem
2582 2189 2838 2254 reperiat,
2870 2198 2925 2243 et
2965 2189 3141 2242 rarius
3165 2188 3328 2243 etiam
3385 2199 3596 2258 proter-

2030 2293 2128 2333 vos
2155 2278 2312 2351 134
2336 2279 2612 2345 homines,
2662 2280 2755 2350 qui
2796 2280 2964 2336 dediti
3014 2281 3127 2335 sint
3173 2280 3243 2335 iis
3296 2283 3596 2342 amoribus.

2029 2386 2263 2440 quorum
2322 2386 2395 2425 ne
2452 2386 2653 2426 nomen
2705 2371 2924 2439 quidem
2970 2371 3329 2441 aperiendum
3382 2382 3486 2427 est.
3532 2377 3601 2428 At

2032 2462 2217 2518 Romae
2244 2471 2467 2533 prepter
2488 2461 2877 2516 abundantiam
2927 2463 3268 2530 deliciarum,
3308 2480 3429 2533 qua:
3478 2464 3601 2521 istic

2034 2553 2264 2610 minime
2323 2562 2458 2607 sunt
2516 2552 2839 2615 insolentes,
2885 2552 3123 2621 proclive
3157 2563 3241 2607 est
3295 2554 3599 2623 hujusinodi

2033 2655 2271 2714 patrare.
2300 2642 2498 2709 Quodsi
2521 2644 2588 2698 de
2621 2643 2893 2697 sententia
2924 2643 3194 2697 Ptolemaei
3223 2643 3438 2713 quidam
3473 2661 3601 2714 pra.—

2034 2745 2247 2805 pterea,
2273 2735 2420 2804 quod
2446 2750 2633 2788 eorum
2663 2746 2856 2789 natura
2904 2734 3081 2805 primo
3118 2733 3336 2789 Zodiaci
3392 2735 3604 2806 trigono

2036 2834 2267 2897 cognata
2301 2829 2392 2892 sit,
2417 2841 2527 2895 quo
2559 2826 2726 2890 aries,
2765 2827 2873 2891 leo,
2894 2826 3206 2894 sagittarius
3230 2824 3600 2885 continentur,

2038 2918 2266 2971 nefanda
2298 2917 2541 2986 quaedam
2563 2918 2928 2980 committunt,
2955 2926 3009 2970 et
3028 2917 3395 2972 abominabile
3421 2929 3602 2975 tamen

374 3007 471 3063 Ἑν
541 3009 827 3079 πλησμονῇ
872 3007 979 3076 γάρ
1025 3007 1207 3077 ἀρτων
1258 3008 1308 3059 oi
1354 3006 1586 3059 τοιοῦτοι
1640 3007 1782 3061 κατὰ
1836 3006 1933 3076 τὴν

2041 3010 2263 3064 omnino
2292 3008 2428 3062 nihil
2482 3007 2768 3077 designare
2803 3022 2862 3062 se
2917 3018 3129 3077 putant,
3188 3018 3246 3062 ut
3292 3010 3385 3078 qui
3434 3009 3605 3083 signis

366 3101 596 3172 Γραφὴν
617 3099 1018 3164 σπαταλῶντες,
1045 3098 1105 3150 οὐ
1134 3096 1241 3166 μὴν
1271 3096 1376 3153 ὑπὸ
1406 3098 1666 3167 τρίγωνον
1695 3095 1934 3151 τοιοῦτον

367 3193 549 3255 ιντες,
588 3189 882 3244 κάντεῦθεν
922 3190 1002 3252 είς
1051 3189 1322 3259 ἀθέσμους
1366 3188 1550 3252 κοίτας
1582 3190 1932 3258 ἐγκυλισθέν-

367 3296 482 3346 τες,
519 3281 691 3349 πυρὸς
722 3280 954 3340 εἰκότως
989 3279 1248 3347 γεγόνασι
1279 3280 1688 3351 παρανάλωμα.
1719 3282 1932 3334 Οὐκοῦν

368 3374 627 3428 ἐντεῦθεν
665 3373 1014 3443 μανθάνόμεν
1050 3375 1133 3428 ὅτι
1174 3374 1295 3427 κατ’
1327 3374 1545 3444 ἐκείνην
1583 3376 1682 3440 τὴν
1712 3375 1933 3446 ἡμέραν

372 3470 424 3520 οἱ
460 3467 682 3533 δίκαιοι,
709 3467 965 3535 καθάπερ
1022 3464 1259 3520 ἐνταῦθα
1274 3466 1399 3521 Νῶἐ
1430 3482 1491 3521 τε
1535 3467 1627 3519 καὶ
1653 3466 1800 3530 Λὼτ,
1828 3467 1936 3525 τῶν

2040 3099 2268 3171 subjecti
2291 3102 2403 3154 sint
2423 3099 2490 3152 ab
2518 3100 2695 3154 antica
2729 3110 2880 3169 parte
2910 3099 3187 3164 masculis,
3223 3114 3252 3153 a
3280 3100 3487 3169 postica
3521 3099 3603 3154 fc:-

2044 3192 2261 3254 mineis,
2286 3191 2519 3261 injustus
2546 3200 2632 3244 est
2660 3190 2821 3253 Deus,
2853 3190 2942 3258 qui
3014 3188 3249 3242 Sodoma
3277 3202 3375 3258 per
3424 3186 3601 3258 ignem

2042 3282 2095 3336 in
2121 3282 2333 3336 cineres
2371 3282 2595 3352 redegit.
2628 3282 2697 3335 At
2729 3281 2841 3335 fieri
2874 3283 3063 3351 nequit
3082 3297 3315 3351 unquam
3336 3293 3388 3337 ut
3421 3285 3606 3353 justus

2043 3372 2135 3429 ille
2169 3371 2513 3441 sitinjustus.
2547 3370 2814 3425 Nimirum
2834 3371 3099 3443 ejusmodi
3150 3370 3398 3429 homines
3428 3374 3484 3428 in
3515 3389 3606 3427 εον

2044 3465 2268 3519 turitate
2297 3478 2518 3532 panum,
2546 3463 3004 3533 quemadmodum
3060 3463 3277 3519 Littera:
3312 3480 3480 3520 sacrae
3529 3466 3609 3519 lo-

3473 275 3596 347 25!
3650 288 3705 359 ”,

368 3557 621 3629 βασάνων
666 3558 929 3627 ἀνώτεροι
960 3557 1372 3628 εὑρεθήσονται,
1412 3559 1463 3611 οἱ
1492 3557 1550 3610 δὲ
1593 3558 1930 3629 ἁμαρτωλοὶ,

2039 3556 2578 3625 qnuntur,salaciter
2630 3552 2981 3619 luxuriando,
3038 3571 3145 3609 non
3196 3556 3341 3627 quod
3376 3558 3466 3610 tali
3527 3558 3609 3610 νει

370 3650 476 3703 κᾶν
496 3649 645 3713 ἄπας
664 3644 779 3701 εἷεν
809 3649 837 3701 6
865 3649 1093 3717 κόσμος,
1127 3649 1311 3719 σχεδὸν
1326 3649 1568 3711 αἰωνίοις
1593 3649 1933 3702 ὐποπεσοῦν-

2042 3648 2255 3717 trigono
2284 3646 2514 3713 subjecti
2570 3652 2777 3707 essent,
2827 3645 2894 3698 ad
2949 3645 3276 3705 concubitus
3340 3645 3609 3707 nefandos

370 3759 465 3794 ται
509 3743 795 3805 κολάσεσι,
830 3740 1085 3811 καθάπερ
1126 3739 1366 3795 ἐνταῦθα
1430 3739 1806 3810 κατακλυσμῷ
1845 3740 1933 3793 καὶ

2042 3735 2280 3793 devoluti
2309 3745 2363 3789 et
2386 3736 2454 3789 ab
2482 3736 2604 3804 igne
2638 3744 2767 3790 sunt
2789 3734 3085 3804 absumpti.
3119 3736 3297 3807 Atque
3330 3737 3460 3790 hinc
3520 3736 3609 3789 άξε-

374 3831 511 3901 πυρὶ
546 3832 927 3903 παρεδόθησαν
961 3830 1199 3895 ἅπαντες
1254 3831 1305 3883 οί
1357 3829 1426 3882 τά
1483 3830 1735 3900 χείριστα
1766 3830 1933 3901 πράτ-

2042 3829 2245 3882 scimus
2277 3827 2522 3881 etiamin
2576 3826 2663 3879 illa
2697 3826 2889 3893 judicii
2938 3828 3024 3880 die
3063 3826 3303 3881 futurum
3363 3839 3420 3880 ut
3473 3829 3608 3896 justi

368 3939 579 3985 τοντες.
2046 3934 2234 3989 pennas
2265 3929 2322 3972 et
2352 3925 2620 3979 tormenta
2650 3916 2929 3987 effugiant,
2959 3917 3071 3970 Noe
3093 3932 3155 3970 ac
3188 3917 3307 3972 Loti
3338 3921 3608 3986 exemplo,

367 4033 498 4072 cum
535 4027 870 4087 peccatores,
919 4014 1133 4073 etiamsi
1165 4025 1310 4073 totus
1341 4012 1733 4089 propemodum
1780 4021 2019 4071 mundus
2081 4013 2346 4083 ejusmodi
2401 4011 2585 4077 fuerit,
2642 4011 2861 4065 aeternis
2922 4001 3204 4080 suppliciis
3237 4012 3347 4065 sint
3397 4013 3608 4065 manci?

370 4111 560 4181 pandi,
589 4108 1042 4177 quemadmodum
1070 4110 1162 4167 hic
1190 4124 1381 4165 omnes
1410 4111 1700 4166 facinerosi
1733 4109 1938 4165 diluvio
1975 4120 2030 4164 et
2051 4107 2160 4179 igni
2208 4107 2384 4176 puniti
2412 4114 2560 4163 sunt.

475 4204 519 4259 Ο
549 4206 735 4274 μέντοι
773 4204 1020 4273 Ἀϐραάμ
1045 4203 1261 4273 ’Λὸρὰμ
1286 4206 1533 4259 ἐκαλεῖτο
1554 4206 1616 4258 τὸ
1646 4205 1933 4275 πρότερον,

2125 4205 2396 4259 Caeterum
2440 4194 2785 4257 Abrahamus
2820 4200 2978 4255 initio
3007 4214 3203 4255 nomen
3252 4202 3466 4256 Abrami
3507 4204 3607 4257 lia-

369 4296 403 4349 6
437 4297 658 4362 λέγεται
691 4296 971 4365 περάτης·
1004 4294 1123 4363 θείᾳ
1156 4295 1284 4364 γὰρ,
1334 4294 1410 4358 ὡς
1464 4295 1659 4357 ἔοικεν.
1690 4298 1722 4366 ὴ
1758 4298 1933 4367 μήτηρ

2046 4296 2227 4359 bebal,
2258 4302 2316 4347 ιιι
2353 4292 2527 4350 sacris
2550 4301 2635 4345 est
2687 4292 2738 4343 in
2773 4290 3016 4355 Litteris,
3071 4290 3298 4344 inditum
3340 4292 3443 4351 sibi
3490 4309 3608 4353 ma-

371 4386 543 4440 αὐτοῦ
604 4384 915 4455 προμηθείᾳ
958 4384 1132 4447 οὕτως
1176 4385 1340 4437 αὐτὸν
1388 4386 1766 4456 ἐπωνόμασαν,
1818 4386 1933 4438 ἐπεὶ

2047 4385 2147 4439 tris
2175 4384 2406 4452 quadam
2436 4382 2828 4453 praesagitione,
2861 4396 2960 4435 ccn
2993 4382 3139 4435 credi
3186 4398 3284 4451 par
3308 4394 3412 4445 est,
3462 4385 3606 4452 quod

370 4479 615 4547 περᾶσαι
656 4476 745 4530 τὸν
776 4477 1066 4545 Εὐφράτην
1104 4474 1295 4544 ἔμελλε
1335 4477 1430 4529 καὶ
1469 4479 1548 4541 είς
1577 4478 1933 4547 Παλαιστίνην

2048 4472 2375 4542 Euphratem
2418 4472 2751 4541 traiecturus
2771 4486 2833 4525 ac
2863 4472 2917 4524 in
2958 4472 3299 4525 Palmstinam
3346 4472 3609 4543 migratu-

370 4568 618 4636 οἰκῆσαι.
663 4564 828 4616 Ἐτῶν
848 4565 907 4617 δὲ
936 4561 1005 4635 ἦν
1035 4565 1405 4636 ἑϐδομήκοντα
1435 4568 1592 4620 πέντε
1612 4570 1640 4620 6
1668 4567 1941 4636 Ἀϐραάμ,

369 4660 459 4710 ὅτε
493 4658 590 4717 τάς
640 4654 981 4722 ἐπαγγελίας
1014 4655 1251 4724 ἐδέχετο.
1289 4656 1461 4726 Γεννᾷ
1487 4658 1543 4713 δὲ
1583 4658 1677 4709 τὸν
1713 4657 1940 4726 ἰσμαὴλ

372 4749 511 4800 ἐτῶν
557 4745 635 4799 ὢν
695 4744 814 4809 σις’.
849 4746 1041 4808 Ἡνίκα
1097 4747 1155 4798 δὲ
1210 4747 1436 4813 γέγονεν
1474 4748 1611 4799 ἐτῶν
1642 4747 1750 4811 ςθ’,
1783 4746 1940 4816 ὤφθη

373 4838 524 4907 αὐτῷ
552 4839 580 4889 6
610 4837 742 4898 Θεὸς
764 4837 939 4903 λέγων
962 4852 975 4866 '
1008 4855 1025 4887 ι
1059 4835 1199 4902 Ἑγὼ
1237 4839 1351 4904 εἰμι
1379 4838 1406 4888 6
1439 4836 1592 4898 Θεός.
1621 4856 1639 4889 ι
1671 4838 1804 4891 Τότε
1832 4840 1945 4890 λοι-

376 4927 478 4979 πὸν
509 4927 901 4996 περιτέμνεται
934 4927 1025 4979 καὶ
1056 4928 1083 4978 6
1110 4926 1335 4987 δίκαιος,
1374 4925 1557 4978 κανὼν
1606 4924 1797 4997 ὥσπερ
1829 4931 1941 4991 τοῖς

378 5021 516 5075 πᾶσι
539 5018 925 5087 προκείμενος.
953 5017 1078 5073 ’Ὀτι
1105 5016 1160 5068 δὲ
1184 5018 1342 5086 ἡτῶν
1366 5017 1506 5069 κατὰ
1534 5016 1691 5069 πόλιν
1716 5018 1943 5073 δικαίων

375 5109 665 5177 παρρησία
700 5108 799 5174 τῆς
824 5107 917 5159 τοῦ
944 5107 1083 5159 Θεοῦ
1118 5107 1501 5177 μακροθυμίας
1531 5108 1789 5172 πρόξενος
1813 5110 1943 5177 ἡμῖν

374 5198 557 5261 ἐστιν,
593 5197 653 5261 ἐξ
684 5199 855 5267 αὐτῆς
878 5198 1138 5266 μάνθανε
1171 5197 1269 5267 τῆς
1295 5198 1425 5269 περὶ
1460 5198 1528 5250 τά
1557 5198 1765 5266 Σόδομα
1806 5200 1947 5248 ἱστο-

369 5290 499 5361 ρίας
524 5305 539 5320 ο
581 5306 598 5338 ι
623 5289 769 5359 Ἐάν
785 5289 915 5342 δέκα
938 5308 986 5355 ι,
1020 5289 1129 5358 γάρ
1156 5307 1311 5359 φησι,
1349 5307 1367 5341 ι
1391 5290 1633 5350 δικαίους
1678 5290 1843 5354 εὕρω,
1878 5290 1941 5343 οὐ

373 5380 454 5448 μὴ
485 5380 743 5432 ἀπολέσω
789 5384 888 5444 τάς
921 5381 1134 5443 πόλεις.
1171 5400 1189 5432 ι
1222 5381 1489 5443 Πολλάκις
1506 5381 1578 5434 -δὲ
1609 5382 1704 5434 καὶ
1730 5382 1819 5434 διὰ
1845 5384 1943 5451 τὴν

370 5470 482 5521 τῶν
533 5471 998 5539 τετελευτηκότων
1054 5472 1256 5543 ἀρετὴν
1312 5471 1343 5540 ἢ
1385 5472 1480 5524 καὶ
1530 5469 1702 5542 αὐτὴν
1737 5472 1836 5542 τὴν
1862 5472 1938 5522 oi-

2047 4579 2140 4616 rus
2170 4573 2334 4617 esset.
2366 4561 2498 4617 Cum
2530 4564 2804 4630 acciperet
2859 4562 3038 4615 divina
3110 4562 3397 4630 promissa,
3452 4573 3611 4623 natus

2044 4654 2462 4723 eratannqs'ifi.
2512 4652 2799 4706 lsmaelum
2854 4667 2998 4705 anno
3056 4654 3232 4711 anatis
3262 4653 3330 4712 86
3356 4668 3609 4720 procren—

2046 4742 2143 4798 vit.
2165 4742 2298 4795 (lum
2326 4757 2527 4795 annum
2563 4742 2631 4795 99
2653 4753 2854 4810 ageret,
2893 4744 3145 4815 apparuit
3166 4743 3219 4796 ei
3263 4744 3426 4803 Deus.
3456 4751 3510 4796 et
3533 4746 3615 4795 his

2045 4831 2227 4885 verbis
2261 4847 2386 4884 usus
2407 4842 2489 4885 est
2523 4848 2537 4883 :
2572 4850 2590 4883 ι
2623 4831 2733 4901 Ego
2764 4849 2883 4887 sum
2910 4833 3048 4890 Deus
3092 4835 3180 4888 ille
3209 4844 3333 4893 tuus
3352 4835 3452 4886 ".t
3492 4834 3614 4900 Quo

2044 4921 2383 4991 factojustus
2418 4924 2504 4979 hic
2537 4925 2621 4975 vir
2649 4933 2703 4977 et
2734 4925 2987 4982 omnibus
3008 4925 3182 4983 instar
3213 4926 3410 4994 regulae
3428 4928 3616 4995 cujus-

2049 5014 2167 5071 dam
2193 5014 2502 5082 propositus
2529 5015 2954 5070 circumciditur.
2994 5019 3067 5070 Ac
3094 5018 3367 5087 jnstorum
3398 5019 3614 5087 quidem

2049 5108 2465 5176 hominum,qni
2511 5108 2710 5162 alicubi
2753 5118 2879 5162 sunt
2931 5124 3026 5177 per
3080 5111 3278 5176 urbes,
3307 5112 3612 5171 libertatem

2046 5201 2203 5254 nobis
2236 5198 2331 5257 Dei
2364 5200 2625 5269 prolixam
2654 5202 3127 5257 mansuetudinem
3157 5218 3364 5271 parere,
3397 5203 3522 5257 licet
3547 5220 3613 5261 ex

2046 5290 2148 5344 hac
2177 5291 2289 5361 ipsa
2315 5290 2383 5344 de
2405 5291 2656 5344 Sodomis
2684 5294 2908 5346 historia
2926 5309 3236 5364 cognoscas.
3280 5292 3365 5345 «Si
3398 5295 3611 5349 decem.

2045 5380 2220 5451 inquit
2261 5381 2419 5443 Deus,
2452 5382 2628 5451 justos
2667 5385 2917 5437 homines
2938 5400 3213 5452 reperere,
3276 5385 3390 5435 Itzec
3419 5382 3612 5448 ()ppid;|

2042 5487 2153 5531 non
2181 5482 2418 5529 evertam
2440 5475 2506 5529 ’⁷.
2523 5494 2539 5526 ι
2567 5476 2953 5545 δωρεηιιιιιρτο
2971 5477 3127 5530 etiam
3147 5482 3365 5547 prepter
3399 5472 3613 5532 illum-ll

446 5637 497 5677 ⁸⁸
534 5634 691 5698 Deut.
722 5650 795 5700 vr,
840 5636 923 5690 l3.
1003 5637 1049 5667 "
1081 5636 1217 5695 Gen.
1263 5653 1393 5703 xvn,
1424 5638 1472 5690 l.
1550 5637 1593 5667 '7
1621 5636 1756 5693 Gen.
1787 5633 2055 5711 “111,32.
