4110 6194
355 369 456 432 2ῖ5

1572 376 1978 442 ANNALIUM
2017 382 2208 442 PARS
2248 381 2334 439 Π.

3451 379 3557 438 266

357 485 388 549 ἡ
415 481 720 552 περίφημος
761 482 1136 552 Ἰερουσαλήμ.
1180 485 1274 538 Ἐκ
1321 484 1512 552 γένους
1554 485 1611 538 δὲ
1657 487 1910 540 τοιούτου..

2030 488 2098 541 Ila
2120 488 2475 551 Jerusalema,
2500 487 2731 554 quadam
2759 485 3067 554 adiectione
3087 485 3388 539 litterarum
3414 486 3554 540 facta

341 569 546 636 -μιαροῦ
577 571 950 639 καταγόμενον
996 571 1206 644 ἀρφῆκεν
1235 573 1268 642 ἡ
1301 573 1492 643 Γραφὴ
1541 574 1908 645 ἀγενεαλόγη-

352 676 459 722 cev,
475 662 524 713 εί
545 663 638 713 καί
657 678 799 724 τινες
821 662 952 715 Θεὸν
973 664 1134 716 αὑτὸν
1149 663 1404 733 ἐνόμισαν
1421 663 1494 726 ὡς
1515 665 1750 734 ἄναρχον
1771 667 1910 736 τάχα

353 752 842 821 καΥάτελεύτητον,
882 756 978 808 τοῦ
1003 755 1168 826 ῥητοῦ
1195 759 1289 810 καὶ
1315 757 1516 828 μᾶλλον
1556 758 1652 812 τοῦ
1685 759 1918 812 ἀποστο-

355 843 502 900 λικοῦ
523 843 853 912 δραξάμενοι
883 844 976 897 τοῦ
1000 845 1273 913 λέγοντος·
1312 865 1332 898 ι
1354 847 1633 918 ’Λπάτωρ,
1657 849 1910 918 ἀμήτωρ,

354 935 800 1003 ἀγενεαλόγητος,
857 938 998 1007 μήτε
1029 939 1203 1008 ἀρχὴν
1231 939 1458 1008 ἡμερῶν
1487 939 1627 1008 ἔχων
1662 940 1798 1010 μήτε
1823 941 1914 996 τὲ-

355 1025 438 1088 λος
467 1027 634 1095 ζωῆς.
665 1047 682 1076 ι
717 1029 874 1081 Κατὰ
907 1027 1064 1080 τοῦτο
1095 1030 1190 1081 καὶ
1215 1029 1550 1098 ἀφομοίωμα
1581 1029 1796 1094 λέγεται
1827 1031 1913 1084 τοῦ
1949 1074 1953 1078 .

355 1119 586 1185 Χριστοῦ
610 1118 704 1170 τοῦ
743 1120 1017 1189 ἁμήτορος
1053 1122 1150 1190 μὲν
1179 1121 1242 1173 τὸ
1269 1123 1536 1191 πρότερον
1565 1121 1835 1190 ἀπάτορας
1858 1122 1915 1174 δὲ

354 1211 409 1261 τὸ
434 1209 714 1280 δεύτερον,
747 1213 839 1265 καὶ
883 1213 968 1264 ὅτι
996 1213 1092 1282 τὴν
1125 1213 1460 1280 ἀναίμακτον
1494 1211 1684 1265 θυσίαν
1711 1211 1781 1280 ἢν
1819 1211 1918 1263 αὐτ

352 1300 436 1363 τὶς
476 1301 504 1352 ό
559 1303 792 1371 Χριστὸς
825 1305 937 1364 τοῖς
988 1305 1259 1372 μαθηταῖς
1313 1303 1719 1373 παραδέδωκεν,
1753 1301 1915 1365 αὐτὸς

353 1391 613 1443 ἀνέκαθεν
641 1392 1005 1460 προεικόνιζε.
1053 1395 1160 1448 Καὶ
1196 1395 1427 1448 ἄκουσον
1466 1396 1521 1446 τί
1555 1395 1684 1464 περὶ
1724 1393 1916 1446 τούτου

353 1485 514 1550 φησὶν
542 1485 572 1535 ό
610 1483 707 1554 τὴν
735 1484 980 1551 γλῶτταν
1009 1484 1278 1556 Χρυσοῦς.
1313 1505 1333 1537 ι
1370 1484 1710 1556 Προμηνύων
1730 1488 1757 1538 ὁ
1788 1485 1920 1547 Θεὸς

349 1573 444 1640 τὴν
467 1573 762 1626 κατάλυσιν
791 1575 888 1643 τῆς
921 1575 1149 1644 νομικῆς
1175 1574 1475 1644 ἱερωσύνης
1497 1574 1687 1644 εἴρηκε
1714 1573 1801 1628 διὰ
1822 1572 1917 1626 τοῦ

351 1661 513 1714 Δαὸίδ
543 1679 558 1692 ·
599 1681 618 1712 ι
650 1663 721 1714 Σὺ
759 1663 938 1732 ἱερεὺς
987 1665 1068 1726 είς
1097 1665 1187 1717 τὸν
1222 1663 1394 1716 αίῶνα
1433 1663 1576 1716 κατὰ
1624 1661 1722 1730 τὴν
1770 1661 1920 1725 τάξιν

358 1771 374 1802 ι
407 1753 764 1822 Μελχισεδὲκ,
799 1754 909 1838 δ’δς
938 1755 997 1807 οὐ
1045 1753 1238 1817 Θυσίας
1281 1755 1510 1824 νομικὰς
1545 1755 1753 1824 ἱέρευεν
1804 1753 1920 1806 ἀλλ’

2013 579 2077 636 Et
2111 581 2239 648 quia
2276 577 2704 632 Melchisedecus
2739 593 2805 631 ex
2846 577 3049 630 familia
3087 586 3192 630 tam
3235 578 3446 645 impura
3482 593 3578 631 na-

2014 677 2102 724 tus
2125 679 2263 732 erat,
2287 669 2496 726 idcirco
2517 667 2734 722 Litterae
2761 682 2930 722 sacrae
2953 667 3166 738 generis
3193 668 3362 735 ipsius
3381 669 3576 722 seriem

2013 775 2126 814 non
2147 770 2560 815 recensuerunt.
2584 761 2759 814 Fuere
2791 770 2965 814 tamen
3009 761 3254 812 nonnulli
3290 761 3380 826 qui
3411 761 3577 813 Deum

2014 850 2183 904 fuisse
2205 860 2540 906 censuerunt
2571 858 2827 918 tanquam
2855 850 3105 918 principii
3138 865 3200 904 ac
3229 849 3352 903 linis
3383 865 3577 918 exper-

2017 952 2148 1006 tem,
2186 943 2308 1012 plus
2335 957 2493 1012 aaquo
2528 942 2710 996 verbis
2739 941 2828 995 his
2859 941 3174 1009 apostolicis
3211 941 3578 994 inhaerentes:

2021 1051 2041 1083 ι
2084 1033 2214 1085 Sine
2245 1043 2422 1101 patre,
2462 1032 2582 1087 sine
2610 1039 2807 1094 matre,
2838 1031 2958 1083 sine
2997 1031 3320 1099 majoribus,
3352 1045 3453 1083 nec
3483 1031 3582 1082 aevi

2017 1123 2348 1192 principium
2381 1137 2485 1178 nec
2516 1123 2640 1175 vitae
2682 1122 2843 1174 linem
2886 1121 3090 1174 habens
3109 1121 3175 1172 ⁸⁸.
3208 1139 3226 1170 ι
3267 1121 3384 1186 Quo
3419 1122 3584 1174 etiam

1942 1266 1952 1272 .
2019 1215 2242 1268 nomine
2275 1215 2456 1284 imago
2485 1223 2550 1268 et
2579 1212 2882 1266 similitudo
2913 1211 3119 1266 Christi
3147 1211 3367 1274 dicitur,
3402 1219 3459 1266 ut
3495 1214 3582 1281 qui

2020 1306 2170 1374 prius
2207 1305 2432 1372 quidem
2479 1313 2596 1358 erat
2643 1305 2850 1373 absque
2903 1313 3098 1365 matre,
3151 1305 3410 1374 deinceps
3459 1320 3588 1357 vero

2020 1397 2226 1462 absque
2255 1405 2429 1464 patre.
2455 1396 2601 1450 Idem
2625 1404 2678 1449 et
2705 1397 3050 1449 incruentum
3077 1395 3206 1448 illud
3233 1396 3590 1458 sacriﬁcium,

2021 1484 2164 1552 quod
2194 1482 2448 1537 Christus
2484 1485 2598 1551 ipse
2645 1484 2926 1552 discipulis
2965 1483 3205 1548 tradidit,
3259 1485 3418 1554 longe
3465 1486 3590 1536 ante

2024 1575 2449 1642 reprtesentavit.
2487 1575 2622 1629 Audi
2664 1575 2796 1644 quid
2842 1574 2943 1628 hac
2977 1577 3028 1628 in
3081 1584 3232 1642 parte
3270 1574 3593 1646 ChrySOstu-

2023 1679 2145 1718 mus
2173 1665 2376 1730 tradat.
2425 1683 2444 1716 ι
2473 1664 2608 1718 Cum
2639 1665 2834 1731 vellet;
2856 1667 3052 1734 inquit,
3096 1671 3236 1720 Deus
3269 1665 3437 1719 multo
3465 1677 3592 1719 ante

2021 1755 2313 1810 sacerdotii
2349 1756 2539 1826 legalis
2578 1758 2926 1812 abolitionem
2962 1758 3274 1822 ostendere,
3305 1773 3400 1826 per
3434 1757 3592 1809 Davi-

351 1844 517 1912 εὺχὰς
543 1845 639 1898 καὶ
669 1828 864 1914 ἄρτους
893 1846 986 1897 καὶ
1019 1841 1181 1910 οἶνον,
1215 1845 1290 1908 ὡς
1337 1845 1548 1915 ἱστορία
1591 1845 1855 1899 διδάσκει.
1894 1862 1914 1894 ι

2027 1847 2146 1900 dem
2176 1847 2352 1915 inquit
2383 1867 2395 1902 :
2441 1867 2459 1898 ι
2493 1847 2573 1902 Tu
2605 1851 2866 1905 sacerdos
2896 1865 2954 1904 es
2989 1851 3041 1904 in
3079 1861 3366 1912 aeternum,
3396 1865 3595 1904 secun-

351 1935 511 1988 Κατὰ
534 1935 694 1988 τοῦτο
725 1937 818 1989 καὶ
857 1937 1035 2007 ῑερεὺς
1082 1937 1177 1989 τοῦ
1209 1937 1348 1989 Θεοῦ
1390 1936 1482 1990 τοῦ
1508 1936 1736 2005 ὑψίστου
1769 1936 1921 2005 παρὰ

2027 1938 2153 1993 dum
2181 1939 2428 1994 ordinem
2468 1939 2847 1997 Melchisedeci
2875 1944 2942 1997 ³ο.
2980 1961 2998 1993 ι
3037 1942 3137 2009 Qui
3181 1942 3436 1997 videlicet
3483 1958 3591 1996 non

350 2029 413 2095 τῇ
464 2027 660 2095 Γραφῇ
713 2027 961 2096 λέγεται,
1009 2027 1186 2094 ἱερεὺς
1233 2027 1924 2099 αὑτοχειροτόνητος,ὠςό

2027 2029 2219 2099 legales
2251 2030 2454 2087 hostias
2481 2031 2821 2095 sacriﬁcavit,
2857 2035 2950 2088 sed
2979 2044 3122 2098 vota,
3154 2049 3372 2104 panem,
3405 2035 3593 2086 vinum

348 2119 778 2188 Χρυσορῤήμων
809 2119 980 2188 φησί’
1014 2119 1247 2172 τοιοῦτοι
1288 2121 1384 2172 καὶ
1427 2120 1534 2189 γὰρ
1579 2119 1657 2188 τῷ
1699 2119 1820 2171 τότε
1872 2118 1923 2171 οἱ

2027 2124 2239 2190 obtulit,
2270 2126 2724 2194 quemadmodum
2747 2127 2862 2195 ipsa
2885 2128 3041 2181 docet
3075 2126 3317 2180 historia.
3337 2144 3356 2177 ι
3391 2127 3596 2180 Idcirco

351 2211 544 2278 ἱερεῖς.
590 2211 660 2262 Ἢ
696 2210 828 2264 καθὸ
855 2211 998 2268 θύων
1044 2205 1112 2281 ἦν
1151 2210 1228 2276 ὡς
1261 2211 1447 2278 Ἀσελ,
1481 2211 1554 2274 ὡς
1593 2211 1714 2265 Νῶε
1751 2211 1844 2264 καὶ
1873 2209 1924 2262 oi

2027 2217 2196 2271 sacris
2236 2217 2290 2270 in
2325 2218 2546 2273 Litteris
2567 2219 2622 2252 “-'
2643 2219 2884 2287 supremi
2926 2218 3018 2272 Dei
3059 2218 3312 2273 sacerdos
3348 2218 3594 2287 appella-

345 2302 554 2356 λοιποί.
657 2338 667 2347 .
2025 2313 2136 2366 tur,
2165 2306 2426 2360 sacerdos
2471 2308 2540 2361 ab
2591 2308 2889 2378 semetipso
2931 2308 3287 2368 constitutus,
3321 2317 3380 2361 ut
3427 2308 3598 2375 Chry-

347 2409 634 2454 sestomus
661 2399 934 2470 loquitur;
983 2411 1140 2458 erant
1176 2401 1324 2456 enim
1366 2398 1680 2456 sacerdotes
1748 2397 1800 2451 id
1868 2399 2126 2468 temporis
2158 2401 2312 2456 tales.
2379 2402 2469 2456 Vel
2517 2413 2790 2472 quatenus
2838 2403 3161 2458 sacrificium
3198 2402 3480 2465 oll‘crebat,
3544 2409 3602 2454 ut

346 2493 581 2551 Abelus.
614 2494 748 2559 Noe,
777 2496 980 2551 caeteri.
1030 2514 1048 2546 ι
1215 2521 1218 2523 -
2712 2547 2720 2566 ,
3181 2479 3196 2488 ς

415 2589 482 2642 Εἰ
509 2590 568 2642 δὲ
593 2592 686 2642 καὶ
708 2590 996 2660 ἄνθρωπος
1021 2588 1087 2661 ἦν
1113 2591 1527 2662 δ’Μελχισεδὲκ,
1560 2589 1677 2653 πῶς
1705 2589 1924 2657 λέγεται

2100 2586 2172 2640 At
2215 2602 2345 2640 vero
2393 2586 2439 2641 si
2485 2588 2914 2644 Melchisedeeus
2958 2598 3077 2642 erat
3133 2591 3313 2652 homo,
3363 2605 3599 2659 quonam

347 2682 491 2749 μήτε
529 2681 702 2752 ἀρχὴν
739 2684 875 2753 μήτε
905 2683 1058 2746 τέλος
1096 2682 1281 2752 ἔχεινς
1315 2685 1426 2738 Καὶ
1451 2684 1600 2736 ἔστιν
1633 2682 1812 2734 εἰπεῖν
1840 2681 1924 2733 ὅτι

2031 2687 2191 2748 pacto
2231 2679 2433 2732 dicitur
2468 2695 2592 2733 eum
2650 2694 2750 2734 nec
2795 2679 3128 2750 principium
3167 2695 3267 2733 nec
3313 2680 3470 2735 finem
3511 2683 3602 2734 ha-

345 2777 470 2836 τοὺς
503 2774 616 2826 ἀπὸ
640 2773 747 2843 Σὴθ
788 2775 1198 2844 καταγομένους
1231 2775 1630 2843 γενεαλογοῦσα
1670 2774 1702 2842 ἡ
1734 2771 1924 2842 Γραφὴ

2031 2770 2255 2824 buisse?
2288 2769 2746 2839 Respondendum
2783 2769 3016 2824 Litteras
3056 2787 3243 2826 sacras
3282 2773 3480 2826 seriem
3509 2789 3601 2843 ge-

344 2867 530 2930 οὖτως
570 2870 736 2921 ποιεῖ.
800 2867 864 2921 '0
897 2868 1068 2935 Ἄδα-μ
1109 2868 1281 2922 τόσων
1326 2867 1615 2934 γενόμενος
1663 2862 1925 2916 ἐνιαυτῶν

2030 2863 2180 2917 neris
2240 2870 2583 2930 posterorum
2642 2861 2794 2915 Setbi
2856 2873 3206 2916 recensentes
3267 2863 3368 2917 hac
3427 2863 3601 2917 ferina

346 2961 520 3030 γεννᾷ
556 2959 649 3012 τδν
670 2959 798 3030 Σὴθ,
841 2961 868 3012 ό
895 2961 954 3014 δὲ
985 2960 1090 3031 Σὴθ
1125 2961 1286 3014 πάλιν
1327 2959 1500 3012 τόσων
1526 2957 1734 3028 χρόνων
1777 2955 1927 3022 γενό-

2031 2954 2296 3009 orationis
2326 2954 2402 3008 uti
2434 2972 2448 3008 :
2485 2954 2726 3008 Adamus
2754 2969 2878 3007 cum
2917 2963 2995 3008 tot
3039 2970 3102 3007 ac
3141 2963 3220 3008 tot
3253 2964 3413 3009 natus
3457 2965 3603 3008 esset

351 3069 520 3120 μενος
547 3053 658 3103 τῶν
695 3047 794 3106 ὧδε
831 3053 1148 3120 ἀφίσταται.
1177 3052 1322 3122 Δήλη
1360 3047 1455 3106 οὖν
1483 3048 1730 3102 ἐντεῦθεν
1764 3047 1860 3100 καὶ
1889 3048 1922 3116 ἡ

2032 3061 2225 3112 annos,
2261 3045 2488 3101 Sethum
2517 3046 2745 3116 genuit;
2780 3045 2983 3099 Sethus
3014 3060 3229 3098 rursum
3270 3061 3392 3099 cum
3429 3056 3503 3100 tot
3537 3063 3602 3101 ae

347 3143 496 3212 ἁρχὴ
530 3144 639 3195 τῶν
667 3145 888 3214 ἡμερῶν
936 3145 1030 3198 τοῦ
1067 3145 1174 3214 Σὴθ
1207 3146 1302 3197 καὶ
1340 3145 1400 3196 τὸ
1447 3142 1599 3204 τέλος
1639 3143 1738 3209 τῆς
1781 3139 1926 3206 ζωῆς

2034 3149 2112 3194 tot
2142 3154 2318 3194 annos
2350 3138 2584 3193 vivendo
2621 3137 2916 3207 explesset,
2948 3152 2978 3191 e
3009 3137 3172 3192 terris
3212 3137 3460 3192 sublatus
3495 3147 3602 3192 est.

346 3234 545 3287 αὐτοῦ.
615 3235 736 3287 Ἐπὶ
787 3237 844 3289 δὲ
904 3236 996 3289 τοῦ
1051 3235 1388 3305 Μελχισεδὲκ
1452 3233 1620 3304 μηδὲν
1687 3232 1930 3284 τοιοῦτον

2035 3231 2172 3286 Hinc
2215 3243 2271 3285 et
2315 3231 2639 3300 principium
2691 3232 2815 3283 vitae
2865 3227 3016 3282 Sethi
3069 3239 3124 3282 et
3181 3229 3302 3281 linis
3351 3231 3603 3299 cognosci

347 3327 639 3396 ποιήσασα
688 3327 996 3396 παρίπεισὲ
1047 3343 1202 3389 τινας
1253 3325 1490 3397 ἄναρχον
1539 3324 1700 3378 αὑτὸν
1748 3324 1930 3390 λέγειν

2035 3330 2246 3392 potest;
2277 3337 2400 3376 cum
2423 3331 2604 3376 autem
2633 3321 2684 3374 in
2709 3319 3094 3374 Melchisedeeo
3119 3319 3250 3372 nihil
3271 3319 3374 3374 tale
3405 3319 3602 3375 factum

347 3418 438 3470 καὶ
469 3416 862 3486 ἀτελεύτητον,
888 3417 1188 3486 κάντεῦθεν
1219 3417 1452 3486 δύναμιν
1486 3412 1729 3484 μεγάλην
1765 3413 1930 3466 αὐτὸν

2033 3414 2124 3476 sit,
2174 3413 2230 3468 in
2285 3429 2402 3467 eam
2453 3413 2872 3482 persuasionem
2921 3411 3165 3464 nonnulli
3205 3421 3498 3472 venerunt,
3547 3423 3607 3464 ιιι

347 3509 422 3563 οῐε
431 3510 567 3564 σθαι
598 3509 695 3562 τοῦ
727 3509 888 3563 Θεοῦ.

2035 3503 2487 3558 Melchisedccum
2520 3502 2774 3572 principii
2807 3515 2871 3556 ac
2907 3501 3030 3555 ﬁnis
3072 3511 3348 3569 expertem
3397 3510 3605 3556 statue-

2036 3603 2176 3659 rent,
2229 3595 2590 3668 eumdemque
2645 3608 2896 3663 magnam
2949 3607 3069 3646 esse
3127 3591 3216 3645 Dei
3283 3602 3610 3660 potestatem

2036 3693 2308 3753 putarent.
3603 3755 3606 3758 Ι

419 3780 702 3841 Βασιλεὺς
740 3779 839 3848 μὲν
891 3777 984 3830 οὖν
1031 3779 1126 3831 καὶ
1165 3776 1344 3847 ἱερεὺς
1381 3777 1410 3828 ὁ
1454 3773 1810 3844 Μελχισεδὲκ,
1855 3772 1931 3834 ὡς

2110 3775 2219 3829 Rex
2255 3777 2473 3846 quidem
2508 3779 2618 3842 ille,
2655 3793 2754 3833 ceu
2784 3794 2948 3849 supra
2981 3780 3238 3844 diximus,
3271 3787 3332 3833 et
3353 3777 3608 3833 sacerdos

344 3877 568 3930 ἄνωθεν
599 3869 965 3941 εῐρηταιμότι
998 3871 1094 3923 καὶ
1127 3869 1295 3932 τύπος
1349 3863 1418 3939 ἦν
1464 3870 1560 3921 καὶ
1603 3865 1931 3936 ἀφομοίωμα

2035 3877 2176 3930 erat,
2221 3868 2391 3938 ﬁgura
2430 3879 2485 3923 et
2531 3870 2832 3925 similitudo
2879 3872 3102 3927 Christi.
3141 3873 3506 3938 Quamobrem
3561 3870 3603 3923 si

341 3971 444 4023 τοῦ
479 3966 755 4036 Χριστοῦ.
788 3965 953 4018 Ὅθεν
985 3965 1035 4016 εἰ
1065 3963 1262 4029 θέλεις,
1292 3961 1567 4031 ἀγαπητὲ,
1611 3959 1805 4029 μαθεῖν
1833 3958 1931 4027 ὅση

2035 3973 2370 4028 cognoscere
2396 3962 2566 4027 voles,
2601 3963 2801 4016 dilecte
2835 3963 2931 4028 iiii,
2967 3974 3169 4034 quanta
3209 3965 3279 4018 sit
3314 3964 3483 4017 nostri
3519 3977 3609 4016 sa—

347 4068 450 4133 τῆς
491 4035 624 4114 καθ’
662 4061 811 4128 ἡμᾶς
842 4055 1145 4127 ἱερωσύνης
1181 4058 1214 4123 ὴ
1247 4052 1510 4124 ὑπεροχὴ,
1551 4050 1626 4122 τῷ
1685 4052 1931 4122 Χρυσορ‹

2037 4051 2268 4106 eerdotii
2329 4056 2669 4120 praestantia,
2731 4055 2890 4124 136
2952 4053 3181 4110 Joannis
3234 4053 3607 4124 Cbrysostomi

349 4151 864 4224 ῥήμονιπρΰσσχες
899 4147 1146 4218 Ἰωάννῃ.
1183 4148 1278 4200 ‘Ev
1327 4147 1435 4215 γὰρ
1616 4143 1758 4197 κατὰ
1807 4143 1931 4194 Ἰου-

2038 4143 2221 4198 verbis
2243 4143 2482 4197 animum
2513 4144 2804 4207 advel-tito,
2843 4147 2935 4215 qui
2985 4146 3037 4197 in
3071 4145 3317 4199 oratione
3346 4143 3608 4196 adversus

346 4249 526 4301 δαίων
560 4244 798 4313 πέμπτῳ
825 4242 968 4311 λόγῳ
997 4241 1163 4311 φησὶν
1199 4241 1280 4292 ὅτι
1311 4238 1407 4291 καὶ
1445 4239 1503 4290 ὲν
1531 4238 1648 4299 τοῖς
1677 4236 1868 4298 τύποις
1903 4237 1931 4303 ή

2037 4233 2256 4289 Jndmos
2302 4235 2713 4305 quintainquit,
2747 4239 2909 4290 etiam
2939 4237 2993 4290 in
3019 4236 3152 4307 ipsis
3186 4235 3370 4306 ﬁguris
3397 4233 3610 4289 ostendi

345 4340 478 4394 καθ’
541 4339 694 4406 ἡμᾶς
745 4335 988 4404 ὑπεροχὴ
1036 4332 1135 4400 τῆς
1182 4330 1480 4401 ἱερωσύνης
1529 4327 1831 4381 δείκνυται.
1879 4328 1931 4379 '0

2038 4336 2300 4396 quantum
2337 4342 2364 4380 a
2399 4335 2588 4382 nostro
2627 4328 2993 4382 sacerdotium
3037 4329 3163 4382 illud
3197 4338 3350 4382 vetns
3386 4341 3614 4398 supere-

348 4434 466 4501 γὰρ
541 4427 799 4494 Ἀὕραὰμ
823 4424 918 4476 τοῦ
961 4424 1144 4476 Ἰσαὰκ
1175 4422 1357 4490 πατὴρ
1379 4415 1446 4491 ἦν
1476 4418 1571 4470 καὶ
1607 4417 1701 4470 τοῦ
1745 4415 1931 4470 Ἰακὼϐ

2044 4425 2148 4470 tur.
2175 4417 2519 4471 Abrahamus
2563 4419 2706 4472 enim
2756 4429 2910 4488 pater
2950 4419 3120 4473 isaaci
3155 4431 3210 4474 et
3249 4419 3432 4474 Jacobi
3482 4434 3615 4474 avus

347 4524 589 4582 πάππος
625 4519 721 4570 καὶ
765 4516 858 4568 τοῦ
897 4511 1029 4568 Λευῒ
1079 4511 1375 4583 πρόγονος·
1429 4507 1524 4562 τοῦ
1579 4507 1690 4577 γὰρ
1741 4505 1931 4560 ἰακὼε

2040 4519 2182 4568 erat.
2223 4510 2372 4564 Levii
2406 4525 2662 4580 proavus,
2698 4520 2758 4564 ut
2785 4511 2878 4577 qui
2902 4511 3090 4566 Jacobi
3127 4512 3272 4566 tilius
3301 4511 3611 4565 exsisteret.

779 4567 894 4661 Ϋαπδ
922 4567 995 4658 δὲ
1049 4567 1143 4656 rod
1196 4567 1339 4656 haut
1373 4603 1405 4669 ἠ
1461 4567 1731 4669 ἱερωσύνη
1786 4596 1931 4667 παρὰ

2043 4599 2112 4654 At
2135 4601 2278 4654 enim
2305 4567 2672 4656 sacerdotium
2701 4603 2828 4657 illud
2861 4602 3148 4658 Judaicum
3177 4603 3231 4658 in
3263 4602 3430 4656 Levio
3465 4603 3615 4670 prin-

363 4708 654 4769 Ἱουδαίοις
682 4703 781 4773 τὴν
820 4698 994 4770 ἀρχὴν
1025 4695 1238 4750 ἐλαϐεν.
1283 4692 1421 4747 Ἀλλ’
1443 4684 1596 4754 οὗτος
1623 4692 1652 4743 ὁ
1688 4688 1931 4758 Ἀϐραὰμ

2042 4688 2245 4756 cipium
2310 4689 2526 4745 habuit.
2582 4690 2952 4746 Nihilominus
3003 4691 3343 4745 Abrahamus
3398 4689 3614 4760 generis

349 4808 380 4858 ὁ
421 4803 700 4872 πρόγονος
746 4794 855 4848 τῶν
908 4789 1174 4851 Λευῖτῶν,
1223 4786 1332 4839 τῶν
1373 4783 1683 4836 Ἰουδαϊκῶν
1739 4780 1931 4849 δηλαδῆ

2045 4779 2356 4834 Levitarum
2386 4792 2594 4843 auctor,
2622 4782 2726 4834 hoc
2750 4791 2834 4837 est
2855 4781 3209 4837 J’udaieorum
3241 4783 3613 4844 sacerdotum,

352 4897 584 4966 ἱερέων,
631 4890 722 4942 ὲπὶ
757 4885 852 4939 τοῦ
890 4881 1246 4950 Μελχισεδὲκ,
1293 4877 1353 4938 ὃς
1383 4873 1450 4949 ἦν
1479 4875 1654 4935 τύπος
1684 4874 1784 4966 τῆς
1819 4872 1942 4966 xoret

353 4963 515 5055 ἡμᾶς
553 4980 878 5052 ἱερωσύνης,
904 4973 1096 5027 λαῐκοῦ
1139 4970 1292 5035 τάξιν
1319 4969 1522 5036 ἐπεῖχε.
1553 4966 1662 5018 Καὶ
1697 4963 1854 5055 τοῦτο
1875 4963 1942 5016 δι’

353 5054 700 5145 ἀμφοτέρων
739 5068 997 5136 ἐδήλωσε,
1054 5065 1150 5116 καὶ
1198 5059 1286 5114 διὰ
1335 5056 1428 5110 τοῦ
1463 5055 1646 5109 δοῦναι
1688 5054 1941 5116 δεκάτας,

2045 4871 2148 4925 sub
2189 4870 2608 4938 Melchisedeco,
2661 4873 2752 4941 qui
2810 4874 2982 4928 nostri
3039 4873 3330 4929 sacerdotii
3393 4873 3615 4942 ﬁguram

2043 4965 2492 5033 repraesentabat,
2529 4981 2629 5034 pro
2675 4965 2819 5019 laico
2859 4981 2984 5021 sese
3025 4961 3266 5037 gereba’t.
3299 4966 3476 5033 Atque
3517 4968 3618 5020 hoc

2048 5054 2226 5122 ipsum
2263 5053 2477 5115 duabus
2512 5055 2682 5108 rebus
2720 5054 3078 5125 significabat,
3116 5065 3230 5109 tum
3267 5056 3408 5125 quod
3449 5057 3618 5110 decu-

2049 5160 2162 5197 mas
2193 5144 2370 5208 daret,
2401 5153 2518 5198 tum
2555 5148 2700 5214 quod
2745 5147 3136 5202 ominationem
3166 5147 3234 5201 ab
3273 5162 3340 5201 eo
3385 5147 3614 5201 faustam

2047 5238 2341 5304 acciperet.
2364 5235 2500 5291 Nam
2521 5237 2644 5291 laici
2663 5237 2923 5293 decumas
2946 5239 3325 5295 sacerdotibus
3349 5237 3614 5308 pendunt,

2049 5328 2470 5384 et.eorumdem
2521 5328 2780 5399 precibus
2842 5330 3200 5386 felicitantnr.
3248 5330 3391 5396 Quin
3455 5329 3614 5382 etiam

2051 5419 2414 5483 Abrahamus,
2469 5435 2781 5490 quanquam
2842 5421 3130 5491 promissis
3176 5419 3378 5474 divinis
3426 5418 3616 5472 beatus

2051 5519 2217 5571 esset,
2251 5510 2609 5567 nihilominus
2644 5511 3044 5568 Melchisedeco
3084 5514 3264 5564 minor
3307 5514 3444 5561 erat.
3483 5503 3616 5569 Qui-

2053 5618 2176 5655 nam
2203 5602 2379 5656 istuc‘!
2406 5601 2542 5668 Quia
2577 5603 2774 5656 minori
2814 5603 2982 5672 major
3018 5598 3308 5656 benedicit.
3349 5596 3614 5650 Praeterea

353 5172 460 5224 καὶ
514 5168 599 5219 ὅτι
633 5160 914 5231 ηὑλογήθη
971 5155 1102 5226 παρ’
1139 5150 1334 5205 αὐτοῦ·
1376 5151 1426 5201 οί
1474 5147 1582 5217 γὰρ
1634 5145 1812 5198 λαῖκοὶ
1852 5145 1946 5198 καὶ

353 5261 606 5320 δεκάτας
637 5257 843 5309 διδόασι
876 5256 987 5312 τοῖς
1033 5246 1238 5317 ἱερεῦσι
1271 5245 1366 5296 καὶ
1404 5239 1534 5310 παρ’
1583 5239 1766 5292 αὐτῶν
1795 5238 1948 5290 εὐλε-

356 5353 619 5422 γοῦνται.
686 5345 848 5398 Ἀλλὰ
914 5342 1004 5394 καὶ
1057 5337 1150 5390 τοῦ
1215 5332 1554 5403 Μελχισεδὲκ
1613 5329 1865 5422 ἐλάσσων
1920 5328 1948 5379 ὁ

371 5419 645 5514 Ἃϐραὰμ
689 5440 717 5490 ὀ
755 5436 852 5493 τὰς
892 5427 1226 5496 ἐπαγγελίας
1273 5419 1742 5514 δεξάμενο;.-Καὶ

355 5537 452 5588 ὅτι
487 5507 547 5584 ξιξ
570 5507 798 5582 Quae»
822 5523 926 5574 ὑπὸ
953 5519 1045 5572 τοῦ
1079 5516 1388 5584 κρείττονος
1416 5509 1742 5576 εὔλογεῖται.
1784 5507 1946 5562 Ἀ).λᾶ

361 5623 470 5680 καὶ
503 5624 531 5676 ό
571 5620 802 5679 δεκάτας
843 5613 1135 5684 λαμϐάνων
1189 5605 1320 5661 Λευῖ
1373 5604 1758 5663 δεδεκάτωται,
1793 5600 1865 5663 ὡς
1923 5603 1950 5652 ὁ

447 5787 496 5816 ’⁵
531 5767 826 5846 Ησίπξνιι,
865 5783 908 5834 l.
985 5780 1026 5809 ³³
1063 5775 1205 5831 Psal.
1240 5789 1343 5834 ets,
1381 5772 1429 5824 4.
1509 5771 1548 5800 ³³
1583 5768 1720 5821 Gen.
1755 5783 1865 5830 XIV,
1912 5766 1990 5818 18.
