4110 6194
6 5830 15 6063 ἱ

510 358 613 435 ἓθτ
1749 380 2070 445 MICHAEI

2203 380 2461 446 etme
3418 382 3425 387 ‘
3612 376 3723 450 εδδ

507 470 707 539 Levius
758 486 892 555 ipse,
939 484 1025 539 cui
1068 485 1416 541 decumarum
1457 487 1547 558 jus
1592 503 1909 548 concessum
1957 505 2058 561 est,

2176 495 2375 557 [Ιαῦλύς
2409 506 2575 565 φησισ
2612 512 2631 546 ι
2680 496 2920 557 Δεκατας
2967 492 3073 562 γὰρ
3103 492 3270 547 ἔδωκε
3310 493 3404 546 καὶ
3450 493 3613 559 αὐτὸς
3645 497 3725 564 τῷ

509 574 599 629 liic
625 575 943 631 decumatus
984 573 1103 638 fuit,
1134 575 1593 644 quemadmodum
1640 581 1839 637 Paulus
1890 584 2064 653 loqui-

509 675 596 719 tur
615 666 681 717 ³².
713 664 844 718 Nam
892 673 946 720 et
981 665 1095 735 ipse
1142 665 1536 725 Melchisedeco
1576 687 1673 741 per
1696 673 2064 727 Abrahamum

507 764 713 822 patrem
745 754 1002 809 decumas
1048 757 1235 820 solvit,
1268 762 1482 817 tametsi
1532 764 1761 818 necdum
1793 765 1974 821 editus
2010 766 2061 819 in

504 845 677 898 lucem
729 844 918 901 foret:
959 848 1157 917 quippe
1205 851 1382 907 adhuc
1428 853 1483 906 in
1532 854 1825 909 Abrahami
1864 857 2065 912 lumbis

503 944 639 998 erat,
672 950 796 990 cum
836 936 1234 996 Melchisedeco
1256 943 1302 995 is
1330 953 1668 1000 occurreret.
1702 946 1780 1000 De
1807 961 1914 1015 quo
1937 948 2066 1002 licet

502 1027 970 1098 intelligashasce
1008 1030 1261 1088 Judaicas
1298 1049 1382 1088 res
1426 1050 1535 1088 non
1580 1037 1681 1091 nisi
1718 1037 1966 1097 umbram
2008 1045 2064 1092 et

501 1118 724 1187 ﬁguram
776 1123 1063 1189 quamdam
1115 1125 1301 1180 fuisse.
1355 1125 1491 1181 Nam
1543 1127 1587 1182 si
1634 1143 1734 1197 per
1777 1128 2061 1184 Judaicum

500 1209 863 1263 sacerdotium
897 1212 1288 1281 perfectionem
1326 1216 1570 1271 licuisset
1595 1217 1837 1285 assequi,
1869 1218 2064 1287 ecquid

501 1310 680 1353 causa;
727 1300 887 1366 foret,
940 1304 1292 1371 quamobrem
1326 1308 1585 1360 constitui
1633 1309 1887 1362 sacerdos
1925 1308 2064 1361 alius

501 1390 803 1443 secundum
862 1392 1111 1446 ordinem
1167 1393 1569 1461 Melchisedeci,
1634 1411 1743 1449 non
1806 1396 2059 1460 Aaronis,

501 1483 809 1536 diceretur?
837 1483 972 1537 Cum
1011 1500 1142 1555 ergo
1187 1487 1552 1541 sacerdotium
1610 1487 1754 1541 aliud
1800 1489 2065 1559 subsecu-

502 1580 684 1626 turum
719 1583 885 1639 esset,
921 1577 1147 1630 omnino
1172 1578 1542 1632 necessarium
1580 1590 1696 1632 erat
1724 1581 1887 1633 alium
1926 1597 2067 1648 quo-

502 1680 604 1730 que
639 1680 817 1717 rerum
858 1675 1057 1719 statum
1104 1668 1381 1733 subsequi.
1415 1668 1570 1734 Quod
1608 1670 1825 1736 quidem
1865 1669 2065 1723 Paulus

2171 584 2503 653 Μελχισεδὲκ
2556 582 2622 636 δι’
2690 582 2938 653 Ἀϐραὰμ
2976 582 3072 636 τοῦ
3128 582 3336 652 πατρὸς
3387 582 3573 649 αὐτοῦ,
3630 578 3726 637 καλ¹

2174 675 2341 744 μήπω
2412 672 2732 742 γεννηθεὶςσ
2791 691 2809 724 ι
2867 672 2946 725 ἔτι
2999 673 3107 741 γὰρ
3180 675 3236 725 ὲν
3289 675 3352 741 τῇ
3408 673 3571 740 ὀσφύϊ
3631 674 3725 727 τοῦ

2182 767 2431 836 Ἀϐραὰμ
2454 762 2544 837 ἦν,
2574 767 2661 819 ὅτε
2695 768 3022 836 συνήντησεν
3041 767 3069 818 ὁ
3097 766 3450 837 Μελχισεδέκ.
3489 767 3728 836 Πρόσεχε

2172 852 2264 909 οὖν
2297 858 2379 909 ὅτι
2417 858 2546 909 σκιὰ
2581 856 2674 910 καὶ
2710 856 2879 921 τύπος
2907 853 3048 927 ἦσαν
3078 858 3146 910 τὰ
3199 857 3486 911 Ἰουδαϊκὰ.
3530 859 3591 909 Ei
3622 860 3730 927 γὰρ

2144 948 2254 1001 νδιὰ
2285 946 2380 1015 τῆς
2425 942 2720 1017 Ἰουδαϊκῆς
2757 948 2999 1020 ἱστορίας
3040 947 3134 1001 καὶ
3181 946 3482 1017 ἱερωσύνης
3513 947 3732 1001 τελείω-

2170 1058 2254 1100 σις
2295 1035 2385 1109 ἦν,
2417 1041 2498 1103 ti;
2546 1040 2627 1092 ἔτι
2690 1041 2849 1110 χρεία
2884 1039 3025 1099 κατὰ
3059 1039 3157 1110 τὴν
3198 1040 3352 1105 τάξιν
3400 1034 3733 1110 Μελχισεδὲκ

2165 1130 2489 1183 ἀνίστασθαι
2527 1131 2719 1199 ἕτερον
2774 1132 2925 1202 ἱερέα
2980 1131 3073 1185 καὶ
3125 1132 3186 1184 ού
3244 1131 3385 1185 κατὰ
3432 1131 3529 1200 τὴν
3580 1132 3733 1197 τάξιν

2180 1220 2392 1290 Ἀαρὼν
2429 1222 2726 1288 λέγεσθαι;
2772 1223 2922 1276 Ἐπεὶ
2952 1220 3045 1277 οὖν
3074 1223 3237 1293 ἑτέρα
3263 1222 3532 1291 ἱερωσύνη
3559 1220 3732 1275 ἐλθεῖν

2167 1308 2409 1381 ἔμελλεν,
2445 1313 2657 1382 ἀνάγκη
2694 1315 2843 1368 πᾶσα
2868 1315 2963 1366 καὶ
2986 1314 3263 1366 πολιτείαν
3286 1314 3479 1383 ἑτέραν
3506 1326 3723 1365 συνεισ·

2166 1403 2359 1456 ελθεῖν.
2414 1405 2522 1457 Kal.
2567 1403 2727 1456 τοῦτο
2760 1405 2937 1474 δηλῶν
2973 1405 3001 1457 6
3036 1405 3246 1467 Παῦλος
3280 1402 3463 1473 ἔλεγεν
3508 1402 3588 1457 ὅτι
3633 1404 3733 1473 τῆς
3808 1416 3815 1420 ’

2170 1493 2469 1563 ἱερωσύνης
2528 1495 2958 1565 μετατιθεμένης
3008 1495 3069 1559 ἐξ
3124 1497 3368 1564 ἀνάγκης
3420 1488 3734 1563 κα’μνὸμου

2171 1580 2456 1651 μετάθεσις
2494 1580 2724 1649 γίνεται.
2780 1585 2889 1639 Καὶ
2941 1585 3110 1638 ταῦτα
3160 1585 3258 1656 μὲν
3294 1586 3321 1638 6
3365 1583 3464 1654 τὴν
3493 1583 3736 1653 γλῶτταν

2168 1688 2422 1743 χρυσους.

503 1756 745 1810 iudicare
772 1758 963 1813 volens
994 1760 1110 1813 ait:
1163 1779 1179 1811 ι
1214 1761 1500 1814 Translata
1536 1762 1844 1815 sacerdotio
1877 1765 2186 1819 necessario
2216 1783 2433 1837 quoque
2486 1770 2624 1840 legis
2690 1768 2747 1824 ﬁt
2823 1770 3106 1825 translatio
3158 1772 3226 1827 ³³.
3256 1790 3275 1824 ι
3317 1770 3439 1825 ΗίΡο
3501 1771 3573 1824 ita
3606 1774 3736 1824 sunt

503 1871 533 1906 u
562 1852 958 1923 Cbrysostomo
987 1857 1203 1911 tradita.

572 1950 841 2003 Caeterum
864 1966 986 2002 cum
1014 1967 1303 2020 precamur
1320 1969 1419 2006 nec
1439 1954 1704 2007 continuo
1724 1955 2068 2017 chudimur,

2246 1956 2723 2025 Προσευχομένους
2752 1956 2807 2010 δὲ
2834 1958 2980 2028 ἡμᾶς
3006 1958 3096 2011 καὶ
3127 1957 3201 2028 μὴ
3231 1956 3427 2019 εὐθέως
3455 1961 3737 2012 εἰσακουοο

506 2043 923 2111 haudquaquam
952 2044 1293 2111 despondere
1333 2046 1575 2099 animum
1618 2046 1901 2099 debemus.
1931 2046 2065 2100 Nam

504 2143 558 2187 et
589 2133 808 2189 lsaacus
838 2137 907 2189 ob
940 2152 1090 2189 suam
1132 2137 1487 2207 conjugisque
1516 2139 1854 2192 srerilitatem
1900 2139 2067 2192 Deum

505 2235 650 2280 totos
681 2228 750 2280 20
799 2243 975 2281 annos
1008 2230 1263 2295 precibus
1309 2231 1553 2297 urgebat.
1600 2230 1737 2283 Sunt
1772 2232 1919 2284 enim
1955 2233 2070 2285 haec

506 2334 785 2370 sacrarum
844 2316 1174 2371 Litterarum
1220 2319 1425 2372 verba:
1470 2337 1487 2370 ι
1520 2320 1855 2373 Obsecrabat
1902 2321 2067 2375 Deum

510 2407 774 2463 Rebeccae
823 2410 1012 2464 uxoris
1062 2410 1303 2477 nomine,
1356 2426 1475 2479 qua:
1530 2413 1734 2467 sterilis
1787 2424 1901 2468 erat
1932 2415 1994 2466 ⁸⁸.
2044 2433 2064 2464 ι

508 2484 703 2551 Postea
727 2512 851 2552 cum
880 2499 1157 2565 Rebecc.e,
1185 2515 1305 2569 qua:
1333 2502 1530 2554 Esaum
1555 2511 1610 2556 et
1632 2501 1889 2557 Iacobum
1916 2514 2073 2559 utero

506 2591 776 2659 gestabat,
810 2608 951 2661 aegre
1009 2600 1175 2656 esset,
1230 2593 1377 2662 quod
1441 2593 1586 2647 fetus
1648 2594 1701 2647 in
1758 2605 1916 2649 utero
1962 2608 2070 2647 non

516 2680 864 2734 mediocriter
920 2682 1290 2736 subsultarent
1320 2723 1334 2746 ,
1376 2683 1700 2750 indicantes,
1738 2684 1812 2738 uti
1850 2685 2070 2751 quidem

509 2772 658 2825 credi
698 2787 792 2840 par
829 2783 948 2836 est,
979 2773 1262 2827 dissidium
1303 2774 1430 2829 illud
1478 2774 1621 2842 quod
1671 2774 1932 2843 deinceps
1984 2775 2073 2827 in-

509 2872 595 2918 ter
641 2865 788 2931 ipsos
844 2865 1169 2919 exstiturum
1212 2876 1352 2926 crat,
1380 2868 1462 2920 liis
1485 2866 1666 2920 verbis
1697 2865 1839 2920 Deus
1863 2866 2068 2919 utitur:

518 2973 539 3005 ι
585 2954 712 3008 Duae
762 2964 951 3022 gentes
997 2970 1061 3009 ex
1114 2966 1269 3010 utero
1319 2968 1412 3011 tuo
1458 2956 1795 3023 dividentur,
1838 2972 2072 3025 quarum

509 3045 679 3100 altera
727 3046 846 3114 plus
880 3046 1047 3101 altera
1098 3048 1319 3116 poterit,
1367 3047 1649 3117 majorque
1704 3048 1895 3102 minori
1953 3063 2073 3103 ser-

509 3140 624 3192 Viet
646 3139 710 3192 ³⁸.
744 3157 763 3189 ι
800 3136 1009 3203 Quibus
1041 3138 1095 3191 in
1124 3138 1307 3193 verbis
1338 3138 1712 3192 animadverte
1743 3138 1913 3192 Deum
1946 3153 2073 3207 per-

510 3229 702 3298 t~picue
739 3228 1003 3282 rationem
1030 3230 1212 3298 populi
1230 3228 1442 3282 Judaici
1465 3238 1521 3282 et
1542 3229 1759 3297 gentilis
1778 3228 2069 3284 indicasse.

2175 2047 2365 2114 μένους
2412 2046 2472 2097 οὐ
2524 2046 2641 2097 δέον
2688 2046 2946 2098 ὲκκακεῖν
2976 2054 2991 2076 ⁸
3029 2047 3150 2098 ἐπεὶ
3205 2045 3300 2099 κοιλ⁸
3346 2048 3372 2098 6
3416 2048 3599 2099 Ἰσαὰκ
3637 2047 3738 2113 ἔτη

2170 2140 2341 2191 εἴκοσι
2398 2136 2492 2189 τοῦ
2547 2137 2682 2189 Θεοῦ
2730 2139 2908 2190 ἐδέετο
2958 2137 3043 2191 διὰ
3072 2138 3172 2206 τὴν
3222 2139 3478 2190 ἀπαιδίαν
3533 2138 3735 2190 αὐτῶν.

2183 2228 2392 2281 Ἐδέετο
2439 2228 2567 2296 γὰρ,
2603 2231 2736 2296 φησι
2763 2266 2777 2291 ,
2839 2228 2932 2281 τοῦ
2988 2228 3122 2281 Θεοὸ
3176 2229 3305 2298 περὶ
3342 2228 3596 2291 Ῥεϐέκας
3636 2228 3739 2296 τῆς

2170 2321 2425 2386 γυναικὸς
2460 2320 2648 2383 αὐτοῦ,
2681 2320 2761 2373 ὅτι
2793 2319 2982 2388 στείρα
3010 2316 3098 2389 ἦν.
3124 2321 3561 2390 Δυσχεραινούσῃ
3587 2320 3642 2371 δὲ
3667 2321 3735 2386 τῇ

2178 2411 2407 2480 Ῥεϐἐκᾳ
2434 2413 2595 2482 ἡνίκα
2618 2413 2994 2480 ἐγκυμονοῦσα
3023 2408 3090 2480 ἦν
3115 2414 3204 2464 τόν
3234 2422 3292 2465 τε
3332 2406 3497 2465 Ἡσαῦ
3528 2412 3618 2463 καὶ
3645 2410 3743 2461 τὸν

2183 2503 2380 2557 Ἰακὼϐ
2418 2504 2496 2575 (ού
2535 2503 2745 2574 μικρῶς
2777 2505 2887 2574 γὰρ
2918 2502 3189 2572 ὲσκίρτων
3218 2505 3276 2556 ὲν
3310 2505 3374 2572 τῇ
3422 2501 3597 2572 κοιλίᾳ
3636 2498 3738 2552 αύ-

2170 2599 2291 2665 τῆς,
2337 2595 2624 2662 μηνύοντε,
2675 2595 2749 2654 ὡς
2796 2596 2967 2659 ἔοικε,
3025 2596 3123 2661 τὴν
3181 2596 3452 2663 ἐσομένην
3509 2593 3739 2661 ὕστερον

2174 2687 2338 2757 μέσον
2371 2687 2546 2739 αὐτῶν
2568 2686 2859 2757 διαμάχην)
2884 2688 2986 2757 ἔφη
3023 2687 3049 2739 6
3079 2684 3282 2755 Κύριος
3301 2703 3315 2716 ·
3346 2704 3365 2738 ‹
3390 2685 3492 2738 Δύο
3529 2686 3640 2737 λαοὶ
3667 2685 3732 2737 ὲκ

2172 2779 2270 2846 τῆς
2304 2777 2509 2840 κοιλίας
2533 2795 2627 2830 σου
2650 2778 3119 2844 διασταλήσονται,
3148 2780 3238 2831 καὶ
3265 2778 3390 2840 λαὸς
3416 2777 3544 2830 λαοῦ
3567 2777 3737 2844 ὑπερ-

2174 2870 2307 2936 έξει,
2333 2872 2427 2923 καὶ
2453 2872 2481 2923 6
2511 2868 2714 2938 μείζων
2739 2871 3011 2923 δουλεύσει
3040 2870 3116 2938 τῷ
3145 2870 3412 2924 ἐλάσσονι.
3445 2888 3462 2920 ι
3496 2868 3736 2936 Πρύσεχε

2172 2961 2301 3014 οὖν’
2347 2960 2537 3029 σαφῶς
2588 2962 2698 3031 γὰρ
2746 2961 3017 3031 ἐδήλωσεν
3066 2963 3094 3014 6
3141 2960 3268 3024 Θεὸς
3306 2960 3375 3014 τὰ
3422 2959 3565 3013 κατὰ
3622 2958 3737 3010 τῶν

2187 3054 2494 3109 Ἰουδαϊκῶν
2524 3053 2668 3109 λαῶν
2698 3053 2791 3107 καὶ
2824 3053 2932 3106 τῶν
2971 3053 3221 3107 ἐθνικῶν.

584 3319 758 3387 Hujus
789 3318 954 3373 lsaaci
989 3330 1229 3388 tempore
1256 3319 1428 3376 [sities
1454 3320 1560 3374 alia
1589 3320 1710 3383 iuit,
1735 3320 1890 3390 cujus
1916 3335 2070 3375 causa

2249 3312 2421 3379 Λιμὸς
2449 3312 2701 3383 δεύτερος
2726 3311 2819 3365 ἐπὶ
2848 3310 2943 3365 τοῦ
2990 3312 3178 3366 Ἰσαὰκ
3210 3310 3444 3380 γίνεται,
3478 3298 3565 3377 te‘
3590 3299 3634 3376 ᾧ
3676 3309 3742 3361 ἐν

514 3396 734 3463 lsaacus
763 3424 821 3464 se
842 3409 1043 3464 Gerara
1083 3412 1336 3471 contulit.
1370 3414 1664 3479 quominus
1700 3412 1756 3466 in
1784 3412 2077 3481 [Egyptum

515 3500 983 3567 proficisceretur,
1044 3502 1112 3555 ab
1171 3502 1291 3570 ipso
1351 3504 1505 3572 137
1578 3505 1689 3559 Deo
1750 3502 2078 3572 prohibitus.

514 3590 833 3660 Quanquam
867 3593 1012 3646 enim
1046 3592 1091 3647 is
1125 3595 1435 3648 Abrahamo
1463 3603 1809 3648 concesserat
1843 3602 1898 3647 ut
1927 3608 1992 3647 eo
2020 3606 2079 3646 se

515 3683 810 3749 conferret,
848 3697 1026 3737 tamen
1056 3684 1107 3737 id
1140 3684 1245 3737 alia
1275 3684 1416 3737 nulla
1446 3683 1515 3737 de
1544 3699 1706 3738 causa
1748 3684 1947 3738 factum
1977 3682 2079 3736 fuit

515 3792 676 3845 quam
714 3786 773 3830 ut
804 3776 927 3830 istis
962 3778 1123 3830 ctiam
1156 3776 1474 3851 bominibus
1507 3776 1687 3830 virtus
1717 3775 1890 3844 ipsius
1920 3774 2076 3828 inno-

515 3878 768 3922 tescerct.
792 3866 1009 3920 Is'aacus
1030 3877 1211 3921 autem
1238 3866 1420 3920 hordei
1447 3876 1742 3920 sementem
1764 3864 1913 3926 fecit,
1932 3866 2076 3933 quod

514 3946 763 4012 inaudito
788 3958 1019 4027 quodam
1055 3958 1218 4011 modo
1258 3957 1492 4011 fructum
1531 3958 1842 4025 centuplum
1879 3955 2075 4010 edidit.

514 4045 720 4110 Quodsi
772 4045 1045 4114 dejectqu
1098 4045 1229 4099 illud
1263 4060 1451 4100 semen
1482 4046 1538 4100 in
1586 4063 1645 4102 se
1686 4056 1829 4101 terra
1865 4048 2077 4102 ratione

514 4138 768 4206 centupla
801 4138 1057 4203 reddidit,
1084 4154 1320 4207 quonam
1349 4139 1463 4193 ﬁeri
1502 4147 1661 4206 pacto
1696 4122 1874 4208 potest
1902 4149 1961 4193 ut
1986 4139 2078 4208 qui

517 4226 905 4301 benignitatmn
948 4231 1002 4283 iu
1036 4242 1260 4302 egentes
1293 4246 1359 4283 ex
1393 4232 1875 4295 commiseratione
1911 4231 2078 4285 animi

2176 3409 2437 3477 Γεράροις
2465 3406 2791 3476 κατέρχεται
2812 3423 2826 3439 ο
2848 3408 2930 3470 εἱς
2953 3406 3228 3472 Αἴγυπτον
3260 3404 3444 3474 μέντοι
3478 3402 3743 3454 ἀπελθεῖν

2176 3500 2236 3552 ού
2274 3500 2642 3568 συγχωρεῖται
2676 3498 2830 3568 παρὰ
2858 3496 3017 3551 Θεοῦ.
3050 3498 3113 3550 Ei
3138 3497 3246 3566 γὰρ
3268 3497 3362 3549 καὶ
3385 3491 3740 3562 συνεχωρήθη

2176 3591 2460 3646 κατελθεῖν
2496 3591 2525 3643 6
2572 3589 2846 3659 Ἀϐραὰμ.
2889 3590 3025 3643 ἀλλὰ
3058 3590 3220 3658 χάριν
3253 3586 3466 3643 καὶτοῦ
3497 3584 3745 3653 γνωσθῆ-

2178 3700 2267 3736 ναι
2297 3683 2521 3741 καὶτοῖς
2553 3683 2733 3746 ἐκεῖσε
2783 3681 2881 3751 τὴν
2928 3678 3093 3732 αὑτοῦ
3145 3679 3367 3747 ἀρετήν.
3413 3674 3629 3743 Σπεὶρει
3679 3674 3742 3725 δὲ

2184 3774 2380 3842 κριθὴν
2420 3774 2449 3825 6
2492 3772 2702 3836 Ἰσαὰκ,
2746 3773 2841 3824 καὶ
2889 3769 3211 3840 παραδόξως
3247 3766 3614 3822 ἑκατοστεύει.
3676 3763 3741 3815 ΕΞ

2179 3866 2236 3919 δὲ
2266 3866 2327 3917 τὸ
2361 3848 2699 3933 καταϐληθὲν
2729 3863 2808 3924 εἱς
2839 3860 3034 3913 ἑκατὸν
3070 3859 3389 3930 παρέδωκεν
3419 3859 3453 3926 ἡ
3491 3856 3586 3923 γῆ,
3621 3854 3743 3916 πῶς

2180 3958 2209 4009 6
2248 3954 2421 4009 ποιῶν
2451 3953 2821 4023 ἐλεημοσύνην
2867 3953 2962 4007 καὶ
2994 3954 3115 4014 ταῖς
3141 3950 3236 4003 τοῦ
3278 3948 3414 4002 Θεοῦ
3451 3948 3604 4016 χερσὶ
3638 3962 3747 3996 na-

2189 4047 2426 4118 ρατιθεὶς
2461 4047 2524 4098 τὸ
2554 4046 2832 4113 διδόμενον
2866 4042 3395 4098 ἑκατονταπλασίονα
3432 4040 3523 4092 τὸν
3548 4036 3742 4107 μισθὸν

2185 4142 2246 4194 οὐ
2303 4138 2568 4208 Mil/stat;
2618 4139 2667 4189 εξ
2721 4136 2831 4207 γὰρ
2867 4134 3102 4190 ἐνταῦθα
3145 4134 3207 4188 τὸ
3255 4134 3314 4186 ἓν
3370 4129 3744 4193 ἑκατοστεύει,

2186 4230 2367 4299 πολλῷ
2404 4227 2608 4299 μᾶλλον
2637 4229 2836 4281 ἐκεῖσε.

514 4334 730 4378 exercet
772 4339 837 4376 ac
885 4338 1087 4377 munus
1131 4323 1311 4391 ipsum
1360 4324 1415 4375 in
1449 4338 1644 4377 manus
1694 4322 1786 4376 Dei
1821 4322 2067 4392 deponit,
2111 4324 2416 4378 mercedem
2480 4322 2741 4390 centuplo
2770 4319 3031 4390 majorem
3064 4335 3170 4373 nun
3241 4316 3505 4388 accipiat?
3532 4314 3665 4369 Nam
3698 4317 3746 4369 si

517 4434 683 4474 unum
724 4418 815 4473 liic
844 4417 1078 4472 fructum
1110 4418 1217 4474 [ert
1241 4420 1580 4488 centuplum,
1611 4418 1784 4472 multo
1820 4418 1990 4489 magis
2020 4427 2076 4472 et
2116 4420 2241 4474 istic
2266 4419 2406 4473 idem
2444 4417 2750 4487 usuveniet.
2972 4396 2991 4409 ’

585 4516 850 4569 Caeterum
883 4528 1010 4568 cum
1041 4512 1258 4567 lsaacus
1286 4511 1489 4568 Jacobo
1510 4514 1826 4567 felicissima
1845 4528 2079 4581 quaique

516 4616 852 4675 precaretur,
891 4618 1064 4656 annos
1115 4602 1213 4655 100
1244 4602 1366 4671 plus
1398 4602 1580 4655 minus
1627 4611 1786 4654 natus
1815 4611 1953 4660 erat.
2008 4599 2078 4653 ob

2267 4513 2326 4565 '0
2347 4512 2402 4565 δὲ
2452 4512 2636 4564 Ἰσαὰκ
2662 4512 2748 4563 ὅτε
2770 4513 2860 4563 τὸν
2897 4508 3088 4563 Ἰακὼϐ
3112 4508 3435 4577 ηὐλόγησεν,
3458 4507 3585 4559 ὠσεὶ
3618 4506 3749 4557 ἑκα-

2184 4605 2279 4657 τὸν
2311 4604 2516 4674 χρόνων
2545 4599 2612 4671 ἦν
2633 4619 2649 4634 ο
2682 4603 2768 4655 διὰ
2800 4603 2908 4671 γὰρ
2953 4600 3107 4654 τοῦτο
3147 4603 3241 4655 καὶ
3268 4602 3395 4662 τοὺς
3433 4598 3745 4666 ὀφθαλμοὺς

514 4714 675 4764 quam
708 4697 879 4764 ipsam
910 4693 1085 4747 relatis
1116 4693 1527 4760 provectionem
1555 4692 1674 4760 ejus
1696 4692 1839 4745 oculi
1874 4689 2070 4759 caliga-

2186 4695 2533 4760 ἐπεπήρωτο.
2577 4685 2640 4743 Ἦ
2680 4692 2864 4760 μέντοι
2901 4690 3132 4744 Ῥεϐἐκα
3157 4690 3294 4758 μετὰ
3324 4690 3424 4757 τὴν
3457 4685 3751 4754 ἐπαινετὴν

515 4792 727 4837 verant.
760 4780 1006 4835 Rebecca
1032 4790 1157 4849 post
1179 4779 1507 4834 laudabilem
1543 4780 1682 4835 banc
1710 4779 2078 4834 lelicitationis

517 4874 966 4929 interversionem
1000 4872 1051 4926 id
1083 4871 1516 4927 consiliiJacobo
1537 4872 1718 4936 dedit,
1755 4881 1813 4926 ut
1846 4870 2080 4939 ﬂagran-

517 4972 586 5020 tis
616 4966 797 5020 aitbuc
826 4964 951 5019 Esai
984 4964 1188 5019 furoris
1239 4964 1412 5033 gratia
1469 4972 1646 5017 semet
1691 4964 1757 5017 ad
1802 4963 2077 5016 Labancm

520 5057 807 5127 ieciperet.
844 5057 1209 5123 Quamobrem
1233 5055 1470 5109 Jacobus
1508 5064 1724 5124 arrepta
1782 5054 1928 5124 luga,
1994 5054 2074 5108 vi-

2186 4781 2285 4847 τῆς
2314 4780 2563 4847 εὐλογίας
2603 4779 2809 4847 κλοπὴν
2835 4779 3222 4833 συνεϐούλευσε
3257 4779 3334 4847 τῷ
3378 4778 3575 4831 Ἰακὼϐ
3609 4777 3749 4844 πρὸς

2187 4870 2373 4924 Λάϐαν
2402 4870 2681 4933 ἀπελθεῖν,
2710 4872 2854 4932 ὅπως
2903 4871 2963 4922 τὸ
3002 4871 3237 4937 ἀκμαῖον
3283 4870 3379 4939 τῆς
3432 4867 3524 4919 τοῦ
3575 4866 3749 4919 ’ἱίσαῦ
3842 4860 3843 4865 “

2185 4961 2403 5032 ἐκφύγῃ
2460 4962 2677 5031 μανίας.
2728 4961 3164 5030 Ἀποδιδράσκων
3219 4959 3313 5012 οὖν
3367 4960 3458 5010 τὸν
3507 4957 3676 5011 Ἠσαῦ
3717 4959 3750 5008 ὁ

2199 5052 2393 5107 Ἰακὼϐ
2448 5051 2715 5122 ἐκοιμήθη
2770 5052 2891 5106 καθ’
2940 5052 3058 5104 ὁδὸν
3102 5052 3195 5104 καὶ
3254 5049 3603 5117 ὲνυπνιάσθη.
3635 5049 3749 5101 Καὶ

523 5148 671 5203 laudi
700 5148 821 5215 Esai
856 5162 1041 5210 causa,
1077 5147 1284 5215 30pitus
1312 5151 1364 5199 in
1398 5146 1593 5199 itinere
1619 5146 1888 5200 somnium
1927 5145 2070 5215 vidit.

2189 5146 2297 5199 ἱδοὺ
2360 5145 2566 5214 κλίμαξ
2617 5143 2987 5214 ὲστηριγμένη
3038 5146 3096 5195 ὲν
3136 5147 3201 5212 τῇ
3236 5147 3329 5210 γῇ,
3364 5138 3430 5212 ἧς
3464 5144 3494 5210 ή
3537 5139 3749 5208 κεφαλὴ

519 5240 655 5296 Nam
711 5241 851 5296 scala
886 5237 1133 5309 quaedam
1162 5246 1319 5290 terra:
1369 5234 1551 5289 innixa
1594 5245 1732 5300 erat,
1781 5237 1937 5305 cujus
1965 5251 2070 5290 ver-

2191 5241 2474 5306 ἀφικνείτο
2512 5239 2591 5300 εἰς
2614 5236 2708 5290 τὸν
2736 5235 2988 5306 οὐρανόν.
3023 5236 3133 5287 Καὶ
3159 5234 3208 5287 οξ
3238 5234 3458 5301 ἄγγελοι
3497 5231 3587 5285 τοῦ
3610 5229 3749 5282 Θεοῦ

524 5347 607 5390 tcx
661 5334 857 5389 ctelum
896 5331 1210 5399 attingeret,
1275 5343 1339 5382 ac
1396 5327 1567 5381 divini
1606 5328 1780 5395 angeli
1820 5343 1915 5397 per
1964 5344 2070 5388 eam

2188 5330 2472 5382 ἀνέϐαινον
2521 5328 2615 5381 καὶ
2668 5326 2984 5381 κατέϐαινον
3014 5324 3311 5393 ὲπάύτὴν,
3352 5326 3391 5376 ‘6
3442 5324 3500 5375 δὲ
3545 5321 3750 5389 Κύριος

521 5426 889 5481 ascendebant
911 5438 976 5475 ac
1002 5420 1239 5475 vicissim
1264 5416 1681 5473 descendebant.
1701 5417 2070 5485 Eidemjimmi-

2185 5420 2547 5488 ὲπεστήρικτο
2594 5418 2782 5486 αὐτῆς,
2833 5416 2926 5470 καὶ
2967 5412 3156 5469 εἶπεν⁹
3214 5433 3230 5464 ε
3259 5414 3398 5479 Ἐγώ
3436 5413 3552 5480 εἰμι
3605 5410 3751 5477 μετὰ

430 5584 439 5591 1
524 5532 658 5571 nens
686 5516 827 5571 Deus
858 5515 937 5568 sic
968 5513 1341 5581 loquebatur:
1380 5509 1521 5580 «Ego
1555 5518 1734 5564 tecum
1773 5526 1892 5563 sum
1924 5528 1935 5563 :
1970 5525 2070 5563 non

2188 5510 2301 5571 σοῦ,
2335 5512 2531 5579 καὶμὴ
2570 5509 2775 5591 φοϐοὖε
2813 5526 2832 5559 ι
2870 5510 2933 5561 Οἱ
2978 5508 3035 5560 δὲ
3066 5507 3303 5567 ἀνιόντες
3338 5507 3428 5557 κτιὶ
3467 5501 3749 5562 κατιόντες

525 5620 608 5663 est
655 5608 798 5677 quod
836 5605 1174 5661 formides“.
1217 5624 1234 5656 ι
1280 5604 1453 5672 Atque
1503 5603 1552 5656 lii
1591 5612 1697 5656 tam
1726 5604 2070 5656 ascendente:

2186 5604 2281 5671 τὴν
2310 5603 2577 5669 κλίμακα,
2616 5590 2873 5653 καθὲκαὶ
2902 5602 2930 5652 6
2959 5602 3129 5670 μέγας
3165 5600 3296 5667 φτ,σὶ
3337 5595 3623 5667 Κύριλλος,
3648 5592 3751 5660 τὴν

594 5785 636 5813 θ’
665 5782 826 5838 Hebr.
864 5800 955 5848 ιιι,
982 5784 1034 5837 9.
1114 5784 1155 5815 ³³
1189 5784 1315 5839 ibid.
1351 5786 1431 5840 1‘2.
1510 5788 1551 5818 "
1586 5788 1722 5842 ὕψη,
1759 5802 1887 5849 κη’(
1913 5786 2001 5837 ‘21.
2037 5782 2070 5815 ⁸⁸

2176 5781 2239 5836 id.
2279 5780 2366 5832 ‘25.
2446 5779 2487 5807 ³⁸
2520 5778 2653 5833 ch.
2690 5794 2877 5840 κινιιι.
2915 5777 2995 5831 15.
