4110 6194
334 362 449 427 269

1582 360 1988 424 ANNALIUM
2028 362 2221 424 PARS
2261 364 2340 426 Il.

3474 358 3581 421 970

339 473 502 527 θέίαν
531 472 759 541 ἐδήλουν
796 470 1106 526 διακονίαν·
1161 473 1290 541 περί
1350 472 1558 529 τούτων
1601 476 1711 547 γὰρ
1743 477 1839 530 καὶ
1893 477 1949 531 ὁ.

2052 492 2185 545 μιοῐη
2246 477 2648 531 descendentes
2704 474 2927 542 angeli,
3010 454 3471 544 quemadmodum
3540 484 3595 529 et

336 562 560 627 Παῦλος
596 564 736 630 ἔφη’
777 580 795 614 ι
839 562 976 633 ούχὶ
1007 562 1211 627 πάντες
1247 564 1355 617 εἰσί
1375 564 1729 634 λειτουργικὰ
1756 565 1923 618 πνεύ-

345 673 528 724 ματα,
584 658 667 717 εἰς
704 654 988 708 διακονίαν
1037 655 1480 725 ἀποστελλόμενα
1511 657 1598 711 διὰ
1625 659 1753 721 τοὺς
1801 657 1927 727 μέλ-

338 745 540 805 λοντας
583 744 949 813 κληρονομεῖν
995 745 1271 814 σωτηρίαν
1302 765 1316 811 ;
1349 765 1367 797 ι
1398 747 1644 813 Ἐδειξεν
1692 747 1784 801 οὖν
1838 748 1927 803 διὰ

338 835 557 888 τούτων
584 836 773 903 σαφῶς
808 835 891 889 δτι
938 837 1238 907 δυνάμεσιν
1290 839 1609 905 ἁγγελικαῖς
1648 840 1718 892 τὰ
1748 842 1928 895 πάντα

341 930 633 997 οἰκονομεῖ
661 927 756 981 καὶ
776 928 852 991 ὡς
886 929 1043 983 οὐδὲν
1078 930 1413 1009 ἀπρονόητον
1440 932 1548 985 τῶν
1581 934 1720 1002 τῇδεέ
1739 933 1834 987 καί
1852 932 1928 997 ὥς

343 1020 512 1089 ἔτυχε
570 1019 821 1090 φέρεται.
860 1021 973 1075 Καὶ
1006 1022 1078 1091 μή
1136 1039 1228 1090 μοι
1277 1022 1425 1091 λέγε,
1476 1023 1624 1087 τίνος
1656 1024 1857 1077 ἕνεκεν·
1894 1025 1928 1095 ἡ

347 1111 486 1177 ἁγία
523 1110 714 1181 Γρσφὴ
761 1112 980 1181 πρῶτον
1011 1113 1341 1183 ἀνέρχεσθαι
1376 1115 1502 1177 τοὺς
1552 1115 1816 1183 ἀγγέλους
1850 1110 1928 1168 εἰ·

348 1221 476 1267 πεν,
518 1202 621 1257 εἷθ’
648 1204 826 1268 οὕτως
875 1206 1281 1275 κατέρχεσθαις
1320 1204 1463 1276 ἔχεις
1492 1206 1602 1277 γὰρ
1629 1208 1798 1275 αὐτὴν
1833 1206 1933 1276 τὴν

349 1294 520 1361 ἁγίαν
546 1293 769 1364 Γραφὴν
799 1296 894 1348 καὶ
915 1298 1006 1347 τὸν
1037 1296 1169 1367 περὶ
1196 1296 1387 1349 τούτου
1417 1297 1575 1366 λόγον
1599 1298 1935 1370 διευκρινοῦ-

349 1386 455 1439 σάν
487 1400 594 1439 σοι.
626 1386 751 1438 Τῶν
781 1385 1087 1456 ἀνθρώπων
1128 1387 1362 1452 ἕκαστος
1397 1388 1614 1459 φύλακα
1664 1394 1764 1467 τῆς
1800 1393 1898 1445 ἑαυ
1920 1421 1932 1432 -

347 1477 451 1530 τοῦ
480 1477 629 1547 ζωῆς
663 1478 808 1532 θεῖον
837 1479 1070 1548 ἄγγελον
1113 1481 1399 1552 κέκτηται,
1432 1482 1507 1545 ὡς
1545 1482 1798 1538 ἐντεῦθεν
1839 1483 1936 1537 καὶ

349 1566 456 1635 τὴν
487 1568 612 1619 καθ’
648 1569 805 1637 ἡμῶν
837 1568 1015 1638 ὁρμὴν
1053 1568 1163 1622 τῶν
1186 1570 1462 1639 δαιμόνων
1491 1571 1935 1640 ἀναχαιτίζεσθαι

352 1661 406 1726 (ι
432 1658 786 1730 Παρεμϐαλεί
807 1679 853 1725 ι,
884 1661 991 1730 γάρ
1018 1678 1205 1731 φησιν,
1236 1663 1495 1730 «ἄγγελος
1519 1665 1726 1733 Κυρὲου
1753 1664 1936 1735 κύκλῳ

354 1750 474 1802 τῶν
514 1752 866 1822 φοϐουμένων
896 1752 1060 1806 αὑτὸν
1111 1755 1160 1822 ι)
1212 1755 1306 1807 καὶ
1343 1755 1443 1817 τὰς
1478 1756 1724 1827 αἰτήσεις
1777 1758 1935 1827 ημῶν

353 1839 663 1907 ἀνάγεσθαι
708 1842 845 1912 πρὸς
885 1841 978 1894 τὸν
1025 1842 1157 1895 Θεὸν
1200 1842 1270 1896 δι’
1316 1844 1519 1899 αὐτῶν.
1562 1845 1673 1899 Καὶ
1705 1847 1938 1902 πειθέτω

354 1934 509 2002 ἡμᾶς
541 1932 703 1996 αὐτὸς
730 1934 757 1986 6
782 1933 983 2003 Κύριος
1010 1933 1069 1985 ὲν
1098 1934 1450 2003 Εὗαγγελίοις
1471 1935 1678 2005 λέγων’
1704 1955 1723 1990 ι
1746 1938 1939 2009 Ὁρᾶτε

357 2028 441 2095 μὴ
478 2027 933 2096 καταφρονήσητε
961 2026 1081 2089 ἑνὸς
1109 2026 1220 2081 τῶν
1244 2028 1464 2099 μικρῶν
1489 2030 1728 2083 τούτων·
1754 2030 1804 2083 οἰ
1832 2035 1942 2102 γὰρ

353 2115 589 2182 ἄγγελοι
648 2117 829 2182 αὐτῶν
880 2118 1149 2186 διηνεκῶς
1197 2118 1367 2189 δρῶσι
1415 2120 1477 2172 τδ
1524 2121 1821 2191 πρόσωπον
1846 2121 1941 2176 τοῦ

362 2211 582 2279 Πατρός
625 2227 729 2279 μου
757 2209 852 2264 τοῦ
905 2211 965 2263 ἐν
1012 2212 1284 2281 οὐρανοῖς,
1332 2231 1352 2265 ι
1389 2213 1544 2267 οὐδὲν
1572 2213 1700 2269 ἄλλο
1728 2215 1945 2268 ποιοῦν-

354 2316 477 2364 τες,
503 2301 581 2362 ὡς
617 2300 646 2352 6
681 2300 740 2353 ἐν
763 2300 1137 2371 πατριάρχαις
1163 2301 1409 2371 άοίδιμός
1440 2319 1573 2373 φησι
1604 2302 1941 2375 Νικηφόρος,

356 2395 392 2464 ἧ
421 2392 523 2446 τὰς
575 2391 826 2462 αἰτήσεις
858 2391 1016 2461 ἡμῶν
1071 2391 1390 2461 εἰσάγοντες
1445 2394 1526 2457 εἰς
1571 2396 1641 2450 τά
1688 2388 1803 2450 ὦτα
1848 2397 1944 2451 τοῦ

358 2485 573 2554 Κυρίου
606 2483 856 2537 Σαϐαὼθ.
902 2484 1246 2537 Ἐπιϐεϐαιοῖ
1274 2486 1446 2539 ταῦτα
1490 2489 1584 2541 καὶ
1614 2490 1643 2543 6
1672 2487 1948 2556 θειότατος

371 2575 622 2645 Ῥαφαὴλ
673 2575 812 2646 πρὸς
851 2576 944 2629 τὸν
1008 2577 1204 2647 Τωϐὴτ
1259 2576 1432 2641 οὕτως
1484 2580 1693 2634 εἰπών·
1743 2601 1762 2634 ι
1815 2584 1944 2637 Ὀτε

359 2668 664 2737 προσηύξω
695 2668 759 2721 σὺ
796 2668 889 2721 καὶ
922 2669 954 2739 ἠ
985 2666 1176 2738 νύμφη
1214 2687 1332 2735 σου,
1366 2670 1479 2740 ἐγὼ
1508 2674 1865 2744 προσήγαγον
1882 2678 1947 2729 τὸ

362 2760 722 2827 μνημόσυνον
751 2763 851 2826 τῆς
900 2761 1213 2831 προσευχῆς
1252 2780 1346 2816 σου
1393 2763 1629 2818 ἐνώπιον
1657 2765 1750 2819 τοῦ
1790 2768 1947 2836 ἁγίου

360 2852 531 2915 Θεοῦ,
566 2852 661 2904 καὶ
714 2851 808 2904 νῦν
858 2854 1148 2908 ἀπέστειλὲ
1193 2871 1259 2923 με
1309 2854 1570 2908 ἰάσασθαί
1621 2874 1680 2909 σε
1717 2859 1813 2911 καὶ
1849 2858 1949 2931 τὴν

363 2944 592 3013 νύμφην
626 2960 723 2996 σου
762 2944 1003 3015 Σάρραν.
1042 2964 1062 2997 ι
1120 2945 1283 2999 Ἀλλά
1332 2947 1429 2999 καί⁸
1465 2947 1494 2999 6
1531 2950 1951 3019 καταπεμφθεὶς

364 3034 463 3085 ἐπὶ
490 3033 794 3102 Κορνήλιον
824 3033 915 3086 τὸν
958 3033 1369 3104 ἑκατοντάρχην
1416 3032 1556 3098 θεῖος
1586 3036 1824 3106 ἄγγελος
1860 3037 1953 3092 οὗ·

2028 583 2254 639 magnus
2306 568 2392 622 ille
2447 567 2680 639 Cyrillus
2739 568 2834 633 ait,
2894 566 3258 620 ministerium
3348 566 3596 620 divinum

2028 660 2424 729 signiﬁcabant.
2462 659 2594 713 Nam
2626 658 2695 714 de
2750 657 2956 728 angelis
2985 665 3040 712 et
3102 656 3308 711 Paulus
3370 655 3543 726 inquit
3581 674 3596 710 :

2034 751 2415 808 «Nonne‘sunt
2438 767 2629 807 omnes
2657 750 2963 805 administri
2997 750 3245 819 spiritus,
3273 749 3361 817 qui
3389 748 3455 802 ad
3495 748 3601 801 mi-

2028 845 2313 900 nisterium
2357 846 2673 915 ablegantur
2717 850 2939 912 propter
2967 856 3063 895 eos
3103 838 3193 909 qui
3218 839 3448 893 salutem
3478 837 3609 890 ade-

2030 937 2176 1005 pturi
2210 936 2491 990 sunt"?‘1
2530 932 2894 999 Quamobrem
2939 932 3081 983 Deus
3141 943 3238 997 per
3286 929 3402 982 hare
3447 925 3607 981 nobis

2031 1026 2175 1089 clare
2200 1026 2446 1081 ostendit
2476 1025 2659 1080 omnia
2710 1039 2769 1078 se
2798 1038 2897 1094 per
2958 1030 3264 1091 potestates
3328 1018 3607 1088 angelicas

2030 1117 2358 1186 gubernare.
2388 1131 2488 1170 nec
2515 1115 2813 1184 quidquam
2838 1114 2891 1166 in
2922 1112 3088 1166 rebus
3119 1110 3374 1165 humanis
3402 1110 3610 1176 absque

2034 1206 2372 1276 providentia
2399 1205 2622 1260 fortuito
2648 1205 2787 1275 geri.
2817 1202 3007 1272 Neque
3031 1202 3119 1255 hic
3146 1200 3419 1271 objeceris
3448 1200 3607 1261 mihi,

2033 1296 2387 1367 quamobrem
2422 1296 2640 1350 Litterae
2681 1310 2850 1352 sacrae
2873 1301 3098 1351 narrent
3125 1292 3347 1362 angelos
3374 1292 3609 1362 primum

2034 1389 2353 1444 ascendisse
2384 1404 2447 1443 ac
2478 1388 2740 1458 deinceps
2771 1386 3155 1442 descendisse.
3185 1384 3320 1440 Nam
3360 1385 3491 1454 ipsa:
3516 1383 3610 1437 tibi

2037 1480 2201 1550 hujus
2237 1481 2314 1535 rei
2352 1480 2621 1534 rationem
2678 1479 2955 1549 aperiunt.
3016 1477 3262 1543 Quilibet
3297 1476 3461 1531 homo
3491 1474 3613 1528 vita:

2036 1586 2149 1626 suae
2172 1573 2460 1641 praesidem
2493 1572 2746 1641 angelum
2782 1571 2969 1633 habet,
3022 1579 3083 1623 ut
3111 1569 3217 1622 hoc
3245 1576 3402 1635 pacto
3441 1566 3613 1619 mulo-

2040 1680 2160 1718 rum
2194 1665 2476 1736 geniorum
2513 1665 2566 1718 in
2622 1679 2723 1718 nos
2778 1664 3017 1733 impetus
3074 1662 3357 1731 frangatur
3393 1677 3405 1712 :
3439 1658 3616 1728 jungit

2038 1757 2210 1822 enim,
2250 1766 2310 1811 ut
2339 1757 2428 1810 ille
2453 1754 2617 1818 ait".
2667 1755 2894 1825 angelus
2926 1752 3139 1807 Domini
3194 1761 3370 1806 castra
3420 1751 3616 1805 castris

2043 1849 2107 1903 in
2126 1848 2360 1903 circuitu
2393 1848 2701 1902 timentium
2737 1861 2907 1914 eumn
2936 1844 3163 1899 Nostras
3219 1844 3382 1897 etiam
3424 1856 3618 1911 preces

2043 1942 2287 2012 ipsorum
2348 1957 2517 2013 opera
2578 1939 2817 2011 perferri
2882 1941 2950 1994 ad
3007 1939 3174 1992 Deum
3214 1936 3474 1990 Dominus
3499 1934 3619 2003 ipse
3660 1960 3681 1967 -

2043 2034 2203 2090 nobis
2240 2033 2593 2105 persuadeat,
2634 2033 2727 2104 qui
2759 2031 2933 2087 sacris
2965 2031 3017 2085 in
3056 2029 3366 2097 Evangeliis
3400 2027 3617 2096 inquit:
3702 2048 3713 2061 κ

2051 2149 2071 2183 ε
2100 2128 2303 2184 Cavete
2326 2141 2395 2181 ne
2417 2142 2583 2181 unum
2608 2140 2674 2180 ex
2702 2120 3092 2195 hisce‘pusillis
3114 2120 3425 2191 despiciatis
3454 2135 3618 2174 :nam

2044 2220 2221 2293 angeli
2257 2235 2446 2276 eorum
2477 2227 2749 2288 perpetuo.
2772 2216 2966 2271 faciem
3006 2213 3188 2269 Patris
3238 2212 3345 2267 mei
3381 2209 3623 2266 caelestis

2046 2315 2326 2370 intuentur
2344 2313 2443 2371 ³⁸.»
2485 2310 2621 2365 nihil
2658 2309 2870 2364 scilicet
2902 2306 3051 2362 aliud
3091 2314 3335 2377 agentes.
3366 2301 3626 2372 quemad-
3684 2336 3691 2342 ν

2049 2404 2271 2459 modum
2298 2401 2643 2457 clarissimus
2693 2399 2785 2453 ille
2816 2395 3129 2468 patriarcha
3156 2392 3501 2464 Nicephorus
3541 2392 3624 2445 lo-

2046 2499 2254 2569 quitur,
2286 2510 2450 2566 quam
2491 2493 2637 2564 quod
2691 2506 2887 2562 preces
2942 2498 3165 2543 nostras
3216 2485 3303 2541 ad'
3335 2499 3498 2539 aures
3532 2482 3625 2538 Dei

2049 2585 2287 2641 Sabaoth
2322 2583 2599 2640 delerunt.
2660 2581 2807 2636 Idem
2865 2578 3089 2650 angelus
3144 2577 3236 2631 ille
3272 2574 3491 2630 divinus
3523 2572 3628 2628 Ba—

2047 2678 2276 2749 phaelus
2302 2676 2612 2741 continuat,
2650 2689 2775 2729 eum
2810 2673 2961 2729 hisce
2999 2671 3177 2727 verbis
3210 2670 3467 2724 Tubmnm
3492 2668 3628 2722 allo—

2049 2768 2240 2839 quitur
2277 2784 2291 2820 :
2330 2766 2482 2832 lQuo
2516 2774 2767 2834 tempore
2810 2772 2864 2817 tu
2918 2776 3203 2831 nurusque
3253 2768 3342 2813 tua
3374 2758 3629 2828 precabi-

2052 2860 2210 2920 mini,
2268 2873 2372 2929 ego
2431 2856 2766 2927 precationis
2830 2862 2937 2908 tua:
2991 2862 3406 2908 monumentum
3444 2865 3625 2905 coram

2052 2958 2246 3007 sancto
2272 2950 2364 3003 illo
2400 2948 2510 3003 Deo
2542 2946 2936 3011 subvehebam,
2989 2944 3153 3013 138
3204 2944 3297 3013 qui
3354 2958 3440 2995 me
3486 2956 3633 2996 nunc

2054 3042 2201 3115 misit
2230 3041 2295 3096 ad
2328 3049 2377 3094 te
2419 3053 2722 3108 nurumque
2776 3047 2922 3092 tuam
2962 3035 3179 3090 Sarram
3225 3034 3501 3089 sanandos
3530 3034 3626 3085 ⁸ο.»

366 3143 480 3190 τως
507 3125 647 3196 πρὸς
674 3127 839 3180 αὑτὸν
866 3126 1021 3196 ἔλεγε
1041 3143 1055 3157 ο
1083 3146 1102 3179 ι
1130 3128 1425 3199 Κορνήλιε,
1452 3130 1506 3181 αἰ
1538 3133 1841 3202 προσευχαί
1864 3150 1949 3188 σου

2062 3132 2433 3189 Consimiliter
2470 3129 2697 3198 angelus
2733 3128 2823 3183 ille
2857 3127 3101 3191 divinus,
3156 3124 3255 3193 qui
3304 3126 3367 3177 ad
3427 3126 3634 3179 Corne-

368 3222 470 3274 καὶ
515 3221 573 3272 αἰ
625 3218 993 3289 ἐλεημοσύναι
1024 3236 1117 3274 σου
1169 3219 1444 3291 ἀνέϐησαν
1488 3222 1570 3285 εἰς
1603 3224 1955 3293 μνημόσυνον

370 3318 611 3370 ἐνώπιον
626 3316 723 3369 τοῦ
747 3315 907 3371 Θεοῦ.
932 3316 1176 3370 Κάλεσαι
1208 3316 1267 3384 ἰξ
1306 3317 1534 3388 Ἰόππης
1559 3320 1651 3371 τὸν
1682 3319 1948 3392 Πέτρον.»

375 3410 443 3463 Ei
495 3408 552 3461 δὲ
594 3408 774 3462 ταῦτα
808 3408 982 3472 οὕτως
1032 3408 1171 3479 ἔχει,
1207 3408 1281 3475 εἰ,
1327 3409 1527 3473 καθὼς»
1555 3411 1954 3479 ἀποδέδεικται,

371 3499 489 3552 τῶν
521 3498 826 3569 ἀνθρώπων
859 3499 1089 3563 ἕκαστος
1121 3498 1355 3568 ἄγγελον
1412 3500 1683 3571 κέκτηται
1720 3503 1821 3566 τὰς
1868 3504 1957 3558 αἰ-

373 3595 572 3664 τήσεις
600 3592 761 3663 ἡμῶν
789 3594 1082 3660 εἰσάγοντα
1118 3593 1200 3655 εἰς
1222 3592 1290 3646 τὰ
1318 3586 1431 3646 ὦτα
1464 3593 1669 3663 Κυρίου
1700 3594 1955 3661 Σαϐαὼθ,

376 3683 597 3751 ἀνάγκη
632 3683 781 3736 πᾶσα
830 3684 959 3745 τοὺς
1014 3683 1282 3751 ἀγγέλους
1333 3700 1551 3753 πρωτον
1602 3686 1956 3756 ἀνέρχεσθαι,

378 3777 478 3830 καὶ
507 3776 577 3829 δι’
607 3774 791 3830 αὐτῶν
844 3776 939 3836 τὰς
992 3776 1239 3845 αἰτήσεις
1285 3776 1467 3845 ἡμῶν,
1519 3772 1622 3831 εἷθ’
1653 3778 1828 3840 οὕτως
1863 3782 1961 3845 τὰς

378 3868 535 3929 θείας
565 3867 774 3921 ἄνωθεν
805 3868 1013 3937 δωρεὰς
1047 3868 1420 3937 κατέρχεσθαι
1453 3868 1590 3939 πρὸς
1618 3871 1789 3940 ἡμᾶς.
1839 3872 1962 3925 Ἐπί

378 3963 491 4031 γὰρ
522 3959 700 4029 τούτῳ
751 3960 847 4012 καὶ
902 3960 1171 4027 ἀγγέλους
1222 3956 1363 4013 εἶδεν
1414 3960 1813 4031 άνερχομένους
1870 3965 1963 4016 καὶ

381 4051 831 4120 κατερχομένους
857 4052 885 4103 6
920 4052 1193 4121 μακάριος
1234 4051 1431 4104 Ἰακώϐ
1453 4068 1467 4083 ·
1492 4052 1580 4106 διὰ
1604 4053 1711 4124 γάρ
1730 4052 1960 4120 τούτων,

380 4144 463 4205 ὡς
513 4144 758 4212 εἰρηται,
814 4142 1209 4211 λειτουργικῶν
1260 4142 1433 4196 ὄντων
1480 4144 1831 4212 πνευμάτων,
1872 4146 1965 4197 καὶ

380 4234 799 4304 οἰκονομοῦνται
836 4234 915 4287 τὰι
943 4234 1070 4305 τῇδε
1098 4234 1276 4288 πάντα
1306 4236 1405 4289 καὶ
1436 4234 1804 4303 διεξάγονται.
1836 4238 1965 4304 ,Καὶ

382 4327 521 4395 περὶ
554 4326 655 4396 μὲν
678 4324 890 4380 τούτων
927 4324 1123 4387 οὕτως.

2062 3225 2197 3279 lium
2263 3223 2649 3279 centurionem
2701 3218 2903 3273 missus
2939 3216 3074 3279 fuit,
3137 3231 3260 3271 eum
3295 3214 3633 3283 Cottipellat:
3678 3222 3681 3223 '

2068 3314 2338 3379 «Corneli,
2366 3322 2487 3369 tuas
2522 3328 2713 3384 preces
2762 3326 2828 3366 ac
2880 3310 3113 3380 benigna
3144 3307 3287 3364 facta
3336 3311 3401 3360 ait
3434 3305 3628 3369 Deum,

2056 3424 2164 3469 ceu
2229 3408 2309 3462 tui
2393 3412 2813 3461 monumentum
2873 3400 3188 3473 quoddaml,
3250 3400 3637 3454 ascenderunt.

2065 3500 2252 3569 Itaque
2274 3497 2505 3568 JOppem
2546 3496 2769 3550 mittens
2802 3493 3020 3548 Petrum
3054 3490 3321 3546 arcessito
3336 3489 3453 3544 ,διδ
3508 3490 3643 3556 Qua:

2066 3606 2192 3646 cum
2221 3589 2293 3644 ita
2320 3590 2453 3653 sint,
2508 3597 2722 3643 etcum
2763 3585 2998 3656 quilibet
3049 3584 3237 3647 homo,
3285 3596 3381 3635 ceu
3413 3581 3646 3635 demon-

2066 3682 2380 3744 stravimus,
2412 3682 2667 3750 angelum
2703 3680 2899 3733 habeat
2956 3691 3151 3747 preces
3203 3689 3331 3729 suas
3381 3674 3447 3727 ad
3484 3689 3645 3726 auris

2068 3774 2164 3829 Dei
2197 3772 2433 3829 Sabaoth
2462 3770 2827 3836 deferentem,
2856 3767 3349 3823 omnino-necesse
3372 3774 3457 3818 est
3482 3780 3647 3832 ange-
3692 3812 3693 3815 η

2068 3869 2152 3925 los
2183 3869 2418 3939 primum
2450 3866 2772 3930 ascendere,
2807 3874 2973 3933 atque
2999 3877 3106 3917 una
3136 3877 3261 3916 cum
3295 3859 3429 3929 ipsis
3456 3875 3650 3927 preces

2072 3975 2289 4029 quoque
2313 3966 2551 4022 nostras,
2581 3955 2783 4010 deinde
2820 3968 2953 4008 vero
2977 3951 3165 4006 divina
3216 3963 3448 4003 munera
3497 3946 3651 4002 caeli-

2073 4060 2161 4105 tus
2188 4050 2255 4105 ad
2278 4063 2382 4103 nos
2412 4047 2720 4118 pervenire.
2745 4043 2880 4098 Nam
2917 4042 3124 4097 idcirco
3155 4042 3351 4095 beatus
3384 4038 3471 4092 ille
3489 4037 3651 4093 Jaco-

2072 4141 2177 4195 bus
2210 4138 2429 4211 angelos
2455 4135 2815 4191 ascendentes
2866 4141 2923 4187 et
2971 4131 3215 4186 vicissim
3254 4128 3654 4183 descendentes

2026 4262 2035 4267 -
2074 4233 2231 4295 vidit,
2262 4246 2359 4301 per
2387 4243 2528 4299 quos
2561 4236 2815 4295 tanquam
2848 4221 3076 4293 spiritus
3102 4218 3457 4276 administros
3485 4254 3501 4279 .
3556 4232 3653 4271 ceu

2072 4324 2341 4386 diximus,
2378 4336 2469 4374 res
2504 4328 2736 4373 terrenae
2765 4315 3167 4385 gubernantur.
3227 4311 3342 4367 lloc
3396 4308 3556 4364 modo
3588 4307 3657 4363 de
3730 4356 3747 4361 _

2079 4413 2166 4467 bis
2198 4424 2522 4480 responsum
2556 4415 2703 4461 esto.

471 4504 864 4573 ’Δνερχόμινον
895 4505 953 4559 δὲ
985 4504 1079 4558 τὸν
1126 4504 1325 4558 Ἰακὼϐ
1359 4504 1466 4559 ἀπὸ
1505 4506 1600 4559 τοῦ
1632 4506 1841 4570 Λάϐαν,
1873 4508 1949 4558 κα¹

2054 4526 2057 4533 ·
2147 4504 2419 4558 Cancrum
2455 4506 2824 4554 revertentem
2876 4512 2923 4550 a-
2965 4494 3186 4550 Labane
3210 4493 3503 4555 Iacobum.
3564 4495 3655 4561 qui

385 4596 482 4649 τὸν
522 4597 694 4651 Ἦσαῦ
725 4597 957 4660 δεδιότα,
988 4596 1413 4668 παραθαρῥύνει
1446 4597 1539 4649 καὶ
1571 4595 1733 4659 αὖθις
1776 4599 1804 4650 6
1836 4596 1949 4650 Θεὶ.

2082 4596 2284 4651 Esaum
2341 4592 2566 4648 fratrem
2617 4604 2965 4660 magnopere
3009 4588 3381 4653 lorinidabat,
3439 4601 3658 4639 rursum

388 4687 642 4742 παλαίων
673 4689 791 4756 μετ’
823 4687 991 4741 αὐτοῦ
1026 4687 1133 4752 ἓως
1160 4687 1309 4758 πρωῒ
1334 4688 1449 4749 ζκαί
1478 4687 1685 4741 πείθων
1715 4688 1949 4741 ἐντεῦθεε

2082 4691 2229 4745 Deus
2262 4685 2601 4751 consolatur,
2666 4681 2809 4737 lucta
2870 4695 2995 4739 cum
3049 4680 3173 4749 ipso
3229 4679 3293 4733 ad
3329 4676 3658 4733 matutinum

390 4781 471 4852 μὴ
517 4781 839 4849 φοϐεῖσθαι·
884 4782 933 4835 εἰ
983 4781 1092 4852 γὰρ
1147 4782 1288 4849 μετὰ
1339 4781 1477 4836 Θεοῦ
1508 4781 1758 4846 δυνατὸς,
1795 4782 1949 4849 πολλή

2083 4794 2259 4851 usque
2283 4776 2586 4834 diluculum
2649 4787 3018 4844 congressus;
3076 4786 3189 4841 quo
3236 4771 3458 4840 quidem
3520 4770 3663 4823 laeto

394 4872 602 4942 μᾶλλον
643 4874 783 4943 μετὰ
830 4872 1156 4944 ἀνθρώπων.
1217 4871 1389 4927 Τοῦτο
1447 4873 1503 4927 δὲ
1567 4873 1661 4926 καὶ
1706 4873 1734 4926 6
1781 4873 1949 4927 Ἰακὼε

2084 4868 2416 4940 persuadere
2441 4864 2651 4921 Jacobo
2683 4861 2856 4916 voluit
2900 4875 2972 4916 ne
3014 4859 3147 4929 quid
3210 4859 3315 4915 sibi
3372 4868 3663 4914 metueret.

392 4961 669 5029 ἐδήλωσεν
712 4958 919 5014 εἰπών·
961 4977 980 5012 ι
1019 4957 1175 5015 Εἶδον
1203 4960 1297 5037 τὸν
1338 4961 1474 5015 Θεὸν
1514 4960 1810 5032 πρόσωπον
1842 4962 1947 5031 πρὸ

2076 4960 2214 5016 Nam
2268 4960 2312 5013 si
2343 4958 2605 5012 adversus
2662 4954 2833 5009 Deum
2886 4967 3008 5008 sese
3063 4950 3349 5006 robustum
3409 4961 3665 5019 praestare

395 5052 715 5120 πρόσωπον,
763 5050 857 5104 καὶ
895 5049 1077 5119 ἐσώθη
1116 5052 1292 5121 μουή
1341 5051 1506 5121 ψυχὴ,
1566 5069 1585 5101 ι
1621 5051 1901 5104 τουτέστιν
1941 5069 1949 5101 1

2079 5062 2315 5123 poterat,
2344 5049 2517 5104 multo
2541 5046 2716 5117 magis
2748 5047 2917 5099 robur
2956 5044 3226 5099 adversus
3274 5042 3528 5097 homines
3569 5041 3666 5094 ha-

393 5140 703 5209 τεθνηκυία
754 5139 942 5211 ὥσπερ
995 5140 1101 5193 ὑπὸ
1144 5141 1295 5202 δέους
1351 5140 1591 5211 θάρσους
1645 5141 1974 5210 ἐνεπλήσθη.

397 5231 720 5301 Τηνικαῠτα
740 5232 834 5286 καὶ
867 5232 1091 5303 Ἰσραὴλ
1126 5232 1560 5301 μετονομάζεται
1593 5233 1669 5296 ὡς
1698 5233 1761 5285 ὲν
1781 5250 1986 5301 φαντα-

399 5326 497 5395 σία
528 5324 667 5377 Θεοῦ
725 5324 1042 5393 γενόμενος.
1084 5323 1144 5378 '0
1180 5324 1367 5393 μέντοι
1404 5325 1598 5378 Ἰακὼϐ
1649 5325 1984 5387 διυπνισθείς

398 5417 659 5485 χωλεύων
674 5413 765 5487 ἦν,
798 5416 874 5479 ὡς
896 5417 929 5485 ἠ
964 5416 1174 5484 ἱστορία
1203 5414 1501 5486 δηλοῐ.”1να
1529 5418 1584 5470 δὲ
1616 5416 1691 5487 μὴ
1725 5418 1864 5487 μετὰ
1890 5415 1988 5487 τὴν

398 5508 667 5579 τελευτὴν
699 5509 796 5562 τοῦ
820 5508 1032 5563 δικαίου
1060 5509 1264 5580 σϐεσθῇ
1296 5511 1328 5581 ἡ
1362 5508 1501 5580 πρὸς
1536 5510 1700 5564 αὐτὸν
1726 5509 1820 5563 τοῦ
1852 5510 1987 5564 Θεοῦ

399 5601 729 5670 κηδεμονία,
771 5601 1046 5670 σοφίζεται
1079 5602 1179 5671 τὴν
1209 5602 1339 5673 περ).
1372 5603 1565 5656 τούτου
1613 5602 1837 5672 μνήμην
1867 5602 1988 5672 διη-

2084 5147 2268 5201 behat.
2292 5142 2613 5213 Signiﬁeara
2640 5139 2814 5193 voluit
2842 5138 2949 5192 hoc
2980 5138 3096 5209 ipse
3113 5137 3371 5201 Jacobus,
3402 5151 3525 5191 cum
3551 5133 3624 5186 ait
3648 5149 3660 5186 ς

2041 5224 2047 5229 ’
2093 5236 2367 5291 «Praesens
2399 5241 2719 5303 praesentem
2756 5230 2929 5286 Deum
2957 5230 3245 5300 conspexi,
3279 5237 3336 5284 et
3381 5225 3666 5283 incolumi-

2089 5339 2254 5383 tatem
2285 5327 2469 5380 anima
2502 5339 2620 5379 mea
2651 5332 2950 5379 consecuta
2992 5331 3076 5377 est
3095 5323 3197 5383 δ’.»
3264 5322 3368 5376 hoc
3404 5327 3510 5376 est.
3546 5330 3668 5383 qna:

2090 5429 2300 5472 tantum
2330 5432 2442 5470 non
2493 5431 2605 5484 prae
2663 5414 2958 5469 formidine
2994 5423 3211 5469 mortua
3264 5422 3400 5472 erat,
3470 5404 3666 5462 ﬁducia

2091 5509 2294 5579 repleta
2325 5516 2430 5561 est.
2460 5503 2617 5560 Tune
2646 5513 2701 5559 et
2735 5505 2963 5559 nomine
2993 5510 3205 5557 mutato
3234 5498 3419 5553 lsraeli
3475 5494 3667 5563 appel—

2090 5599 2349 5654 lationem
2384 5596 2624 5668 accepit,
2662 5605 2717 5650 ut
2744 5596 2836 5666 qui
2867 5595 2965 5651 Dei
2993 5591 3288 5664 quamdam
3326 5585 3670 5641 informatio-

479 5718 521 5751 "
547 5717 715 5774 llebr.
756 5734 793 5784 ι,
836 5718 916 5774 li.
998 5719 1040 5751 "
1071 5718 1213 5774 Psal.
1249 5735 1443 5784 xxxiii,
1474 5718 1527 5772 8.
1605 5718 1649 5748 "
1674 5716 1863 5773 Matth.
1902 5733 1949 5771 χε

2052 5758 2058 5779 ,
2094 5716 2175 5769 l0.
2254 5716 2293 5745 ⁸ο
2324 5714 2464 5769 Tob.
2502 5729 2600 5776 xit,
2638 5711 2718 5767 l2.
2800 5712 2838 5743 δ’
2866 5710 2985 5764 Act.
3023 5724 3075 5771 κ,
3105 5709 3155 5762 .l.
3240 5704 3282 5734 "
3322 5704 3456 5759 Gvn.
3495 5719 3667 5771 χχιιι,

403 5791 496 5845 30.
