4110 6194
508 329 606 390 27l
909 333 936 368 ⁸

1739 339 2159 402 MICHAELIS
2193 344 2452 404 ΘΙΧΕᾸΞ

3631 336 3736 400 272

507 458 628 496 nem
671 455 996 500 consecutus
1022 456 1187 504 esset.
1217 447 1275 502 ld
1312 449 1528 516 quidem
1553 467 1618 504 ex
1661 452 1884 505 historia
1925 468 2054 506 con-

2166 457 2298 524 νεκῆ
2327 459 2354 510 ὁ
2383 455 2532 517 Θεὸς,
2565 455 2656 506 καί
2703 470 2866 524 φησιν
2891 468 2904 484 ·
2953 471 2973 505 ι
3007 453 3079 508 Οὖ
3132 453 3208 521 μὴ
3253 453 3501 522 φάγωσιν
3545 469 3594 504 οι
3631 454 3736 504 υἱοὶ

504 547 630 597 stat.
662 539 924 592 Jacobum
954 555 1074 594 cum
1111 540 1446 609 evigilasset,
1484 543 1656 597 altero
1715 557 1873 596 crure
1913 544 2066 598 clau-

502 627 733 681 dicasse.
769 628 843 681 Ac
869 643 938 682 ne
971 637 1093 696 post
1115 629 1248 698 justi
1292 631 1454 698 hujus
1514 633 1617 684 viri
1679 643 1909 686 mortem
1951 648 2068 690 me:-

502 717 669 770 moria
697 731 848 788 cura:
882 719 1340 790 providentiaeque
1362 721 1453 776 Dei
1489 723 1556 776 de
1583 724 1702 792 ipso
1733 725 2042 793 exstingue-

497 818 647 860 retur
695 807 900 862 idcirco
947 811 1214 863 rationem
1272 814 1477 866 invenit
1514 814 1657 867 Deus
1703 831 1808 882 qua
1856 816 2056 868 factum

475 901 600 949 vhoc
635 910 1068 966 perpetuaretur.
1111 902 1292 971 Inquit
1333 905 1476 958 enim
1507 921 1520 957 :
1557 905 1793 973 Nepotes
1823 905 2062 958 lsraelici

497 1001 665 1039 l‘CI‘VO
693 988 934 1054 femoris,
967 991 1055 1058 qui
1089 992 1372 1059 emarcuit,
1407 1009 1514 1046 non
1545 1003 1855 1048 vescentnr.
1887 995 2064 1063 Atque

494 1080 623 1133 hinc
648 1082 1083 1138 animadvertere
1119 1085 1244 1139 licet
1271 1086 1580 1154 bujusmodi
1614 1087 1915 1154 priscarum
1963 1089 2063 1141 ob—

493 1171 864 1225 servationum
923 1190 1118 1240 magna
1149 1191 1214 1229 ex
1256 1186 1407 1244 parte
1449 1191 1670 1230 causam
1703 1175 1843 1228 illam
1874 1175 2063 1239 fuisse,

2179 545 2395 614 Ἰσραὴλ
2428 546 2488 597 τὸ
2522 544 2712 614 νεῦρον
2752 549 2846 597 τοῦ
2881 545 3118 606 πλάτους
3148 545 3241 596 τοῦ
3289 544 3484 613 μηροῦ,
3521 544 3550 596 ὃ
3583 545 3738 612 ἐνάρ-

2169 651 2328 702 κησεε
2366 653 2382 685 ι
2423 635 2531 688 Καὶ
2562 636 2708 688 ἐστιν
2754 633 2988 688 ἐνταῦθα
3031 633 3228 704 μαθεῖν
3261 634 3404 700 ὅτιή
3443 631 3593 684 αἰτία
3629 631 3742 684 τῶν

2170 725 2434 777 πλειόνων
2466 729 2904 794 παρατηρήσεων
2927 725 3084 778 τοῦτό
3113 727 3234 777 ἔστι
3259 725 3320 776 τὸ
3351 723 3425 792 μὴ
3449 723 3743 776 ἐπιλανθά-

2170 814 2357 868 νεσθαι
2392 817 2593 879 αὐτοὺς
2623 815 2716 869 τοῦ
2742 815 2877 868 Θεοῦ
2912 817 3008 870 καὶ
3032 816 3139 870 τῶν
3185 815 3354 869 αὐτοῦ
3385 815 3738 884 εὐεργεσιῶν,

2169 907 2262 959 καὶ
2288 907 2385 959 ἅτε
2427 905 2492 975 δὴ
2535 906 2696 969 ὄντας
2727 907 3070 975 ἀγνώμονας.
3117 907 3278 960 Ἀλλὰ
3317 907 3409 958 καὶ
3439 906 3744 975 χωριζόμε-

2170 1017 2257 1060 νος
2287 998 2381 1051 τοῦ
2426 999 2615 1052 Λὰὃαν
2649 1001 2678 1051 ὁ
2719 999 2936 1060 Ἰακὼϐ,
2971 1001 3067 1051 καὶ
3100 999 3310 1068 μέλλων
3359 999 3625 1066 συναντᾷν
3665 995 3744 1062 τῷ

2181 1089 2376 1152 Ἠσαῦ,
2403 1090 2763 1159 παρεμϐολὴν
2802 1091 3052 1158 ἀγγέλων
3079 1092 3180 1160 ὁρᾷ
3223 1091 3298 1153 ὡς
3329 1089 3578 1143 ἐντεῦθεν
3609 1087 3744 1156 6αρ-

2176 1185 2293 1252 ρεῖν
2321 1183 2416 1234 καὶ
2443 1183 2518 1250 μὴ
2547 1182 2673 1243 τοὺς
2706 1183 2965 1244 συνόντας
2995 1180 3072 1251 τῷ
3115 1181 3286 1233 Ἠσαῦ
3315 1179 3569 1232 δεδιέναι.

493 1277 560 1314 ne
583 1270 690 1315 tam
733 1262 824 1318 Dei
855 1280 1017 1334 quam
1050 1266 1598 1336 beneﬁciorumjejus,
1641 1274 1894 1334 tanquam
1931 1267 2150 1337 ingrati,
2179 1272 2657 1326 obliviscerentur.
2694 1272 2842 1326 Idem
2874 1271 3112 1326 Jacobus
3145 1288 3173 1325 a
3197 1270 3413 1325 Labane
3437 1270 3743 1328 discedens.

489 1365 547 1408 ει
602 1357 824 1423 iamiam
864 1361 1002 1414 Esao
1041 1361 1192 1415 fratri
1251 1377 1625 1427 occursurus,
1673 1361 1986 1432 angelorum
2038 1377 2217 1421 castra
2274 1369 2559 1438 conspicit.
2615 1379 2674 1422 ut
2717 1384 2783 1422 ex
2834 1368 2937 1424 hac
2997 1383 3054 1422 re
3117 1367 3370 1423 ﬁduciam
3424 1368 3744 1436 conciperet

492 1467 594 1508 nec
631 1453 990 1509 advenientes
1013 1472 1138 1510 cum
1177 1458 1318 1512 Esao
1353 1459 1689 1513 formidaret.

567 1546 638 1599 De
655 1545 892 1599 ’Labane
928 1549 1241 1616 accepimus
1269 1567 1393 1604 eum
1426 1553 1494 1607 ‘20
1537 1556 1694 1608 annis
1727 1559 1934 1611 exactis
1969 1557 2060 1612 Ja-

491 1636 630 1689 cobo
659 1636 977 1704 pollicitum.
1012 1655 1073 1692 se
1109 1641 1390 1696 hominem
1425 1644 1547 1698 data
1587 1648 1837 1704 mercede
1865 1648 2059 1703 dimis-

2254 1562 2314 1616 ’0
2360 1562 2548 1617 Δάσαν
2609 1564 2746 1631 μετὰ
2793 1563 2892 1630 τὴν
2945 1561 3344 1631 συμπλήρωσιν
3402 1559 3513 1610 τῶν
3569 1559 3746 1610 εἴκοσι

2168 1654 2455 1718 ἐνιαυτῶν,
2493 1654 2821 1722 ὑποσχεθεὶς
2872 1653 3192 1706 ἀποστεῖλαι
3237 1652 3328 1705 τὸν
3382 1650 3576 1703 Ἰακὼὸ
3605 1652 3746 1719 μετὰ

491 1742 678 1780 surum
714 1745 728 1792 ;
761 1727 957 1782 deinde
991 1733 1351 1798 quorumdam
1375 1737 1666 1790 calumniis
1716 1739 2054 1814 immutatum

2173 1743 2388 1814 μισθοῦ.
2427 1744 2783 1805 ἀνεϐάλλετο,
2826 1743 2933 1795 ὑπό
2963 1760 3128 1795 τινων
3163 1741 3522 1811 μεταδληθείς
3545 1757 3558 1770 ·
3591 1742 3676 1806 ἐφ’

496 1821 550 1870 in
586 1819 704 1872 dies
739 1835 852 1872 rem
885 1823 1211 1879 extraxisse.
1264 1826 1608 1897 Quapropter
1636 1838 1692 1882 et
1747 1828 1896 1884 Liatn
1927 1829 2065 1888 ,Βαο-

491 1911 815 1979 cltelemqne
849 1911 1086 1969 Iacobus
1119 1915 1174 1968 in
1208 1917 1354 1972 hunc
1383 1919 1601 1972 modum
1625 1921 1892 1976 allocutus
1931 1931 2016 1976 est
2047 1939 2060 1974 :

498 2001 703 2056 «Video
735 2019 836 2072 ego
871 2021 978 2058 non
1009 2020 1135 2059 esse
1182 2009 1436 2062 eumdem
1487 2013 1652 2065 vestri
1696 2016 1865 2080 patris
1889 2013 1943 2066 in
1976 2029 2061 2068 me

493 2094 731 2158 vultum,
765 2096 852 2162 qui
890 2105 1006 2148 erat
1036 2097 1156 2151 heri
1211 2113 1276 2153 ac
1331 2102 1736 2157 nudiustertius
1776 2121 1790 2156 :
1825 2113 1879 2157 at
1915 2105 2061 2158 enim

491 2183 754 2236 hactenus
790 2189 1022 2253 patrium
1055 2189 1184 2241 mihi
1217 2190 1383 2262 Deum
1414 2205 1738 2260 praesentem
1770 2195 2056 2250 Μυσίδ’.»

489 2275 644 2338 Quod
680 2290 810 2328 sane
835 2275 1092 2346 deinceps
1152 2280 1358 2336 clarius
1409 2283 1849 2342 animadvertere
1910 2267 2064 2356 pote:

491 2373 628 2416 rant.
673 2364 802 2418 Nam
835 2365 1110 2421 Labancm
1143 2369 1285 2426 Deus
1329 2371 1590 2428 Jacobum
1637 2388 2060 2447 persequentem

490 2465 651 2507 noctu
709 2471 805 2524 per
871 2459 1143 2512 somnium
1203 2477 1542 2532 aggressus:
1587 2467 1800 2530 «Cave,
1855 2469 2050 2538 inquit.

489 2560 612 2598 cum
646 2545 852 2600 Jacobo
911 2550 1106 2606 durius
1130 2568 1256 2624 agas
1274 2554 1376 2607 ⁵⁸.»
1429 2556 1680 2628 Magnum
1713 2570 1861 2614 certe
1904 2561 2063 2630 139

487 2637 742 2705 quiddam
773 2650 858 2693 est
891 2654 1213 2709 praesentem
1253 2646 1456 2701 alicubi
1502 2649 1678 2704 virum
1723 2653 1932 2720 justum
1967 2655 2064 2707 ha-

491 2731 639 2790 tere,
669 2735 1127 2798 quemadmodum
1166 2752 1228 2790 ex
1258 2738 1445 2794 Jacobi
1475 2742 1541 2796 ad
1573 2741 1850 2798 Labanem
1880 2747 2062 2803 verbis

489 2816 639 2900 hisce
667 2821 951 2888 perspicue
977 2823 1201 2896 intelligi
1227 2837 1402 2896 potest
1435 2847 1448 2884 :
1486 2847 1506 2882 ι
1544 2831 1685 2886 Deus
1714 2843 1766 2887 te
1803 2850 1890 2888 me
1920 2852 2060 2904 prte-

487 2920 640 2963 sente
670 2911 897 2992 heavit.»
942 2913 1186 2970 Uxorum
1226 2922 1454 2975 nomine
1514 2924 1582 2976 ad
1632 2923 1909 2979 Labanem
1958 2927 2062 2980 hac

488 3001 563 3052 nti
604 3005 930 3072 purgatione
962 3017 1172 3073 poterat
1203 3028 1216 3064 :
1255 3025 1364 3065 non
1393 3027 1494 3082 ego
1515 3053 1529 3073 .
1560 3015 1655 3069 sed
1693 3014 1890 3070 insitus
1921 3033 2062 3086 nup-

2168 1835 2260 1887 καὶ
2287 1834 2420 1903 πρὺς
2473 1833 2640 1886 Λείαν
2668 1835 2761 1886 καὶ
2813 1831 3016 1902 Ῥαχὴλ
3065 1833 3171 1900 ἔφη
3201 1835 3226 1884 ὁ
3281 1830 3507 1884 Ἰακὼϐ·
3554 1829 3748 1897 «Ὀρῶ

2167 1925 2278 1991 ἐγὼ
2326 1925 2386 1976 τὸ
2430 1925 2724 1992 πρόσωπον
2768 1923 2865 1976 τοῦ
2917 1923 3123 1992 πατρὸς
3161 1923 3315 1989 ὑμῶν
3352 1923 3436 1975 ὅτι
3481 1921 3579 1972 οὐκ
3625 1921 3746 1973 ἐστι

2165 2015 2308 2084 πρός
2344 2030 2408 2074 με
2440 2012 2516 2072 ὡς
2566 2012 2691 2081 χθὲς
2740 2013 2836 2066 καὶ
2885 2012 3075 2082 τρίτην
3101 2013 3357 2082 [ἡμέραν.
3415 2013 3477 2064 ’0
3522 2011 3576 2063 δὲ
3611 2012 3748 2073 Θεὸς

2163 2105 2257 2157 τοῦ
2291 2105 2496 2173 πατρὸς
2535 2121 2636 2172 μου
2669 2100 2738 2172 ἦν
2772 2104 2892 2174 μετ’
2924 2101 3079 2172 ἐμοῦ.
3118 2121 3136 2154 ι
3174 2104 3493 2172 Καῌδῆλον
3543 2105 3626 2156 ὅτι
3662 2103 3749 2171 τῷ

2165 2196 2354 2250 Λάϐαν
2391 2195 2789 2248 καταδιώκοντι
2827 2197 2920 2248 τὸν
2975 2194 3172 2248 Ἰακὼϐ
3221 2197 3422 2263 ἐπέστη
3473 2197 3606 2266 ὄναρ
3654 2197 3749 2248 λέ-

2165 2305 2314 2356 γων·
2356 2306 2375 2338 ι
2417 2287 2658 2351 Φύὶαξον
2703 2289 2931 2341 σεαυτὸν
2966 2289 3176 2357 μήποτε
3219 2289 3450 2357 λαλῆσαι
3486 2291 3621 2358 μετὰ
3649 2288 3750 2340 τοῦ

2179 2379 2374 2433 Ἰακὼὸ
2435 2379 2668 2448 πονηρά.
2711 2399 2731 2432 ι
2793 2381 2952 2446 Μέγα
3001 2380 3194 2448 ὄφελος
3258 2383 3292 2451 ἡ
3343 2383 3551 2434 δικαίου
3596 2383 3748 2443 τινος

2166 2471 2494 2541 παρουσία..
2519 2471 2629 2522 Καὶ
2674 2470 2832 2540 δῆλον
2861 2472 2917 2538 ἐξ
2949 2464 3025 2524 ὧν
3054 2474 3082 2524 ὀ
3123 2471 3318 2525 Ἰακὼῦ
3367 2474 3506 2542 πρρς
3555 2473 3747 2526 Λάὗαν

2166 2563 2354 2628 ἔλεγεν
2379 2580 2393 2594 ·
2442 2580 2461 2613 ι
2510 2561 2786 2630 Εὑλόγησέ
2821 2581 2878 2614 σε
2914 2565 2942 2614 ὁ
2974 2563 3104 2627 Θεὸς
3151 2565 3242 2616 ἐπὶ
3277 2561 3354 2632 τῷ
3390 2563 3511 2616 ποδί
3554 2580 3672 2631 μου.
3715 2581 3739 2612 ι

2178 2657 2337 2709 ’Λλλὰ
2380 2656 2489 2708 τῶν
2533 2658 2811 2722 γυναικῶν
2848 2655 3017 2709 αὐτοῦ
3064 2656 3229 2709 ἓνεκα
3257 2655 3516 2724 τοιαύτην
3562 2654 3740 2706 ἐποίει

2165 2749 2300 2820 πρὸς
2327 2749 2487 2802 αὑτὸν
2533 2749 2832 2815 ἀπολογίαν
2851 2765 2864 2778 ’
2900 2749 3014 2800 οὐκ
3050 2749 3180 2815 ἐγὼ,
3218 2749 3278 2800 τὸ
3305 2747 3360 2799 δὲ
3388 2745 3589 2814 προσὸν
3617 2745 3745 2812 φίλ-

2165 2859 2293 2910 τρον
2336 2844 2457 2904 ταῖς
2515 2841 2784 2909 γαμεταῖς
2831 2840 3046 2907 γυναιξὶ
3100 2841 3433 2908 παρέπεισεν
3461 2839 3629 2898 αὑτὰς
3674 2838 3744 2888 ἐκ

2165 2930 2266 2998 τῆς
2289 2930 2469 2982 αὐτῶν
2495 2930 2703 2998 ἀπᾶραι
2732 2929 2858 2999 γῆς.
2892 2930 3045 2982 Κατᾶ
3077 2931 3263 2997 μέντοι
3291 2930 3382 2980 τὸν
3413 2927 3686 2996 Γεὼργιον
3714 2931 3748 2980 ὁ

2177 3021 2372 3074 Ἰακὼϐ
2412 3023 2773 3092 ἀνερχόμενος
2803 3021 2910 3074 ἀπὸ
2939 3021 3033 3072 τοῦ
3073 3021 3259 3074 Λά6αν
3289 3017 3397 3072 εἶδε
3430 3020 3588 3074 πάλιν
3608 3019 3745 3088 δρα-

489 3090 558 3144 tis
594 3107 715 3161 erga
745 3097 996 3146 maritum
1027 3111 1188 3151 amor
1210 3099 1291 3152 eis
1323 3101 1591 3168 persuasit
1619 3113 1677 3155 ut
1729 3113 1928 3158 tetram
1963 3122 2054 3175 pa-

2164 3132 2250 3167 σιν
2295 3117 2352 3166 ἐν
2384 3115 2580 3182 Βεθὴλ,
2613 3090 2709 3166 καὶ
2746 3116 2928 3167 πάντα
2975 3112 3400 3173 ἁποδεκατώσας
3445 3109 3586 3179 ᾇπερ
3629 3109 3749 3161 ἐκέη

485 3193 519 3232 ll
539 3184 645 3236 iam
668 3185 1066 3253 relinquerent.
1091 3189 1358 3260 Georgius
1381 3193 1658 3248 memoria:
1685 3197 1866 3262 prodit
1893 3197 2057 3252 Jacoa

483 3273 553 3324 bo
578 3289 606 3323 a
643 3272 858 3327 Lahane
891 3277 1139 3330 redeunti
1179 3297 1399 3334 rursum
1431 3284 1655 3340 Bethele
1688 3287 1864 3340 visum
1886 3291 2058 3357 quol-

483 3360 607 3410 dam
641 3363 883 3416 oblatum
936 3365 1144 3431 fuisse;
1206 3385 1443 3439 cumque
1489 3375 1754 3430 decumas
1813 3381 2055 3434 omnium

484 3449 752 3504 bonorum
773 3469 996 3509 suorum
1030 3459 1316 3515 exhiberet
1348 3463 1478 3528 Deo,
1522 3467 1739 3524 tandem
1771 3480 1826 3524 et
1855 3473 2059 3526 liberos

483 3541 704 3596 stitisse.
741 3543 853 3600 llos
885 3563 1014 3602 vero
1050 3565 1450 3618 numerantem,
1497 3573 1527 3610 a
1562 3557 1880 3630 Benjamine
1913 3564 2058 3618 facto

483 3633 600 3686 vice
634 3651 785 3689 versa
807 3637 964 3692 initio
987 3641 1334 3714 delatumque
1353 3648 1419 3701 ad
1446 3647 1696 3718 Levium,
1731 3657 1875 3722 quod
1902 3657 2052 3711 illum

483 3725 785 3780 invenisset
810 3729 1109 3798 decimum,
1131 3735 1242 3790 Deo
1272 3750 1414 3792 recta
1454 3757 1579 3796 eum
1615 3745 1900 3814 obtulisse,
1930 3766 2054 3817 per-

480 3817 677 3869 solutis
716 3819 818 3873 hoc
875 3824 1041 3876 modo
1084 3826 1334 3882 decumis
1383 3835 1626 3888 omnium
1667 3853 1788 3904 qua:
1817 3842 2054 3897 antehac

478 3920 806 3963 consecutus
831 3922 970 3966 erat.
1029 3916 1205 3984 Atque
1232 3919 1335 3972 hoc
1364 3935 1494 3975 sane
1521 3921 1784 3978 Jacobum
1824 3931 1941 3982 vult
1986 3949 2050 3985 ex

478 4006 605 4048 voto
643 3999 693 4050 id
729 4003 995 4071 temporis
1024 4020 1290 4077 cuttcepto
1324 4011 1542 4078 fecisse,
1585 4029 1710 4068 cum
1740 4017 1924 4089 fugam
1959 4039 2049 4074 ar-

479 4092 704 4159 riperet,
740 4113 803 4152 ac
841 4101 1020 4154 verb‘s
1076 4103 1226 4156 hisce
1261 4105 1430 4158 Deum
1465 4111 1818 4178 compellaret
1849 4131 1862 4167 :
1913 4136 1929 4164 ι
1975 4117 2050 4170 De

399 4239 402 4241 _
476 4183 686 4236 cunctis
747 4179 932 4253 rebus,
989 4207 1125 4258 quas
1177 4195 1308 4247 mihi
1345 4197 1579 4262 dederis,
1629 4200 1890 4260 decumas
1951 4209 2044 4260 tili

477 4271 783 4335 persolvant
809 4278 872 4331 ⁸⁵⁵.
893 4300 909 4328 ι
948 4281 1058 4336 Hoc
1089 4287 1251 4338 modo
1285 4302 1407 4340 cum
1459 4289 1682 4346 Levium
1715 4298 2042 4355 sacerdotali

2149 4212 2457 4281 γεγράφθαι

2149 4305 2285 4365 υἱοῖς
2303 4305 2519 4374 Ἰσραήλ
2538 4323 2550 4334 ·
2573 4307 2599 4356 ὁ
2621 4305 2730 4373 γὰρ
2752 4304 2950 4373 Κύριος
2985 4303 3142 4372 μερὶς
3163 4301 3340 4354 αὐτῶν
3363 4302 3462 4353 καὶ
3477 4300 3731 4366 κλῆρος.ι

2168 3221 2374 3273 κτητο,
2418 3206 2764 3270 τελευταίους
2829 3206 3130 3261 ὑποϐάλλει
3175 3204 3300 3265 τοὺς
3366 3203 3583 3262 παῖδας.
3634 3202 3748 3253 Καὶ

2165 3297 2481 3368 ἀριθμήσας
2527 3299 2724 3361 αὐτοὺς
2776 3299 2882 3350 ὰπδ
2946 3299 3039 3350 τοῦ
3112 3296 3378 3363 Βενιαμὶν
3435 3295 3747 3364 ἀρξάμενος

2163 3389 2454 3448 ἀνάπαλιν.
2491 3381 2593 3442 ’καὶ
2645 3389 2737 3440 ἐπὶ
2786 3389 2876 3441 τὸν
2931 3387 3062 3442 Λευῖ
3107 3388 3298 3450 ἐλθὼν,
3351 3386 3472 3438 ἐπεὶ
3517 3383 3750 3436 δέκατον

2167 3476 2326 3549 εὗρεν
2353 3481 2538 3546 αὑτὸν,
2561 3482 2636 3550 τῷ
2667 3481 2786 3550 Θεῷ
2814 3482 3004 3534 τοῦτον
3053 3481 3427 3551 προσήγαγεν,
3471 3477 3747 3530 ἀποδεκα-

2162 3571 2340 3634 τὼσας
2394 3575 2487 3624 καὶ
2537 3574 2714 3625 πάντα
2754 3573 2856 3626 ὅσα
2900 3573 3110 3640 φθάσας
3151 3573 3442 3640 ἐκτήσατο,
3490 3569 3632 3622 καθὰ
3673 3568 3746 3621 δι-

2155 3667 2247 3720 καὶ
2278 3667 2755 3734 προϋποσχόμενος
2787 3662 2907 3717 εἷπε
2953 3665 3030 3734 τῷ
3067 3663 3186 3733 Θεῷ
3228 3667 3286 3716 ὲν
3327 3663 3406 3730 τῷ
3445 3659 3744 3728 ἀποδιδρὰ-

2155 3741 2341 3810 σκειν·
2396 3775 2414 3806 ι
2474 3758 2656 3810 Πάντα
2699 3759 2800 3809 ὅσα
2841 3757 2906 3809 ἄν
2949 3775 3037 3824 μοι
3065 3756 3190 3824 δῷς,
3218 3756 3421 3825 δεκάτῃ
3465 3752 3741 3804 ἀποδεκα-

2155 3847 2314 3899 τώσω
2345 3850 2482 3901 αὐτὰ
2527 3865 2627 3903 σοι.
2667 3868 2684 3899 ι
2717 3850 2824 3904 Καὶ
2861 3851 3023 3911 εὐθὺς
3066 3848 3290 3907 ὲνδύσας
3316 3848 3407 3898 τὸν
3443 3843 3586 3898 Λευῖ
3614 3858 3742 3894 στο-

2158 3937 2256 4006 λὴν
2307 3941 2627 4008 ἱερατικὴν,
2673 3941 2740 3992 δι’
2802 3940 2972 3992 αὐτοῦ
3029 3939 3220 3999 Θυσίας
3264 3939 3342 4007 τῷ
3383 3939 3504 4004 Θεῷ
3565 3949 3746 4001 προσ-

2161 4029 2392 4098 ήνεγκεν
2423 4032 2480 4081 ὲν
2515 4031 2710 4099 Βεϐήλ.
2754 4031 3069 4082 Κὰπιτεῦθεν
3110 4031 3160 4082 οἱ
3217 4030 3318 4098 μὲν
3357 4029 3455 4096 τῆς
3495 4025 3740 4085 παλαιᾶς

2155 4118 2377 4172 Λευῖται
2429 4121 2702 4190 λέγονται,
2757 4124 2805 4174 οἱ
2853 4122 2910 4174 δὲ
2937 4122 3036 4189 τῆς
3073 4122 3198 4182 νέας
3247 4119 3499 4188 κληρικοὶ
3549 4116 3640 4169 διὰ
3670 4115 3738 4166 τὸ

2554 4231 2571 4262 ι
2611 4215 2725 4266 Οὐκ
2773 4213 2925 4265 ἔσται
2972 4214 3084 4273 τοῖς
3128 4213 3380 4272 Λευΐταις
3414 4208 3614 4276 κλῆρος
3647 4208 3708 4257 ὲν

475 4380 624 4421 veste
659 4370 944 4438 induissd,
1005 4379 1124 4446 ejus
1181 4398 1340 4450 opera
1381 4385 1600 4442 Bethele
1631 4389 1741 4443 Deo
1781 4408 1892 4446 rem
1926 4410 2138 4450 sacram
2174 4400 2316 4452 fecit.
2363 4399 2496 4454 Hinc
2526 4411 2705 4454 ortum
2748 4411 2804 4453 ut
2834 4400 3144 4454 sacerdmes
3203 4398 3280 4450 illi
3315 4397 3474 4466 prisci
3514 4393 3738 4449 hederis

475 4459 673 4514 Levitm
742 4479 1087 4536 vocarentur,
1129 4489 1252 4526 cum
1291 4479 1413 4529 novi
1461 4479 1690 4534 clericos
1723 4486 2078 4551 appellemus,
2114 4490 2207 4544 illo
2225 4505 2502 4544 sacrarum
2547 4492 2876 4545 Litterarum
2917 4491 3086 4545 verbo
3107 4490 3333 4558 permoti
3375 4505 3388 4540 :

3434 4503 3452 4537 ι
3490 4484 3607 4539 Non
3637 4487 3740 4539 ha-

475 4554 680 4610 lcbuut
708 4557 908 4616 Levita:
931 4564 1159 4628 ClC-‘UHI,
1219 4568 1272 4620 id
1296 4580 1376 4622 est
1409 4585 1631 4636 sonent,
1672 4577 1812 4631 inter
1867 4582 2144 4638 Isi-aelicos
2172 4602 2184 4635 :
2219 4600 2340 4638 nam
2380 4587 2638 4638 Dominus
2698 4601 2821 4655 pars
2855 4596 2910 4641 et
2955 4601 3075 4640 sors
3103 4599 3290 4639 eorum
3324 4581 3521 4636 csl“.r

542 4676 815 4730 Castorum
848 4679 900 4730 in
935 4679 1160 4733 historia
1201 4681 1437 4738 Mosaica
1503 4689 1807 4756 reperimus
1845 4694 2045 4748 Esaum

471 4778 524 4819 et
550 4767 814 4821 Jarohnm
850 4770 990 4823 inter
1022 4786 1081 4823 se
1142 4774 1534 4830 reconciliatos
1571 4793 1714 4834 esse.
1774 4781 2045 4852 Josephus

471 4868 654 4910 autem
696 4859 824 4910 huic
856 4861 1158 4914 narrationi
1187 4865 1294 4916 tale
1326 4867 1584 4933 quiddam
1616 4871 1838 4939 adjecit.
1901 4875 2048 4929 [saa-

471 4968 591 5014 rus,
622 4954 820 5021 inquit,
848 4956 1062 5010 vivendi
1092 4961 1251 5012 linem
1281 4959 1522 5016 facturus
1553 4965 1620 5018 de
1643 4967 2043 5019 reconcilianda

471 5045 642 5111 gratia
675 5045 826 5098 inter
856 5045 1051 5101 Esaum
1111 5063 1167 5104 et
1197 5051 1463 5106 Jacobutn
1497 5056 1624 5122 egit.
1689 5056 1825 5110 Cum
1861 5068 2040 5109 autem

472 5135 635 5212 rebus
661 5136 915 5192 humanis
943 5155 1233 5212 exemptus
1265 5155 1432 5208 esset,
1461 5145 1630 5200 Esaus
1660 5145 1920 5200 Iacobum
1955 5151 2044 5199 ni-

468 5211 581 5279 liilo
609 5228 788 5283 secius
823 5237 1297 5302 persequebatur;
1361 5239 1452 5305 qui
1505 5242 1695 5291 urbem
1747 5240 2041 5306 quamdam

471 5318 752 5387 ingressus
782 5332 838 5375 et
870 5325 1084 5378 sublimi
1123 5328 1188 5380 de
1223 5329 1344 5382 loco
1384 5339 1747 5398 prospectans
1783 5341 2044 5398 paternas

467 5410 872 5469 admonitiones
897 5416 1101 5471 homini
1131 5420 1194 5472 ad
1212 5421 1452 5472 animum
1484 5423 1789 5476 revocabat.
1827 5422 1894 5475 lis
1919 5439 2040 5477 cum

479 5502 612 5555 nihii
645 5507 783 5572 apud
822 5509 994 5575 ipsum
1029 5512 1338 5577 proliceret.
1371 5522 1634 5590 contento
1656 5529 1784 5566 areu
1820 5515 2040 5569 fratrem

477 5595 679 5647 l‘saum
711 5598 762 5649 in
798 5613 1017 5666 pectore
1052 5602 1116 5653 ad
1140 5604 1429 5656 utan-illaut
1468 5605 1610 5659 ferit.
1667 5607 1820 5661 Tunc
1871 5608 2041 5662 lsaaci

539 5751 581 5781 "
629 5752 763 5807 Gen.
798 5772 943 5822 xm,
981 5757 1032 5812 5.
1112 5758 1155 5788 ⁸⁸
1196 5758 1325 5811 ibid.
1355 5759 1440 5813 illi.

1535 5763 1576 5794 ³⁵
1615 5763 1747 5817 Gen.
1793 5777 1977 5827 xxvttt,
2017 5763 2102 5815 ‘22.

2231 4701 2339 4750 Καὶ
2391 4701 2533 4752 κατὰ
2586 4701 2684 4770 μὲν
2735 4702 2834 4770 τὴν
2867 4699 2960 4753 τοῦ
3017 4699 3263 4758 Μωσέως
3297 4699 3539 4768 ἱστορίαν
3594 4697 3621 4749 ὃ
3673 4715 3732 4750 τε

2171 4789 2336 4840 Ἠσαῦ
2373 4790 2462 4841 καί
2507 4790 2703 4842 Ἰακὼὸ
2735 4791 2872 4859 πρὸς
2907 4791 3172 4860 ἀλλήλους
3217 4789 3542 4842 ἐσπείσαντο
3565 4803 3577 4818 ·
3619 4788 3648 4838 ὁ
3673 4788 3733 4840 δὲ

2168 4879 2428 4948 Ἰώσηπος
2457 4883 2520 4948 τῇ
2559 4882 2686 4950 περὶ
2724 4882 2927 4933 τούτων
2961 4881 3173 4950 ἱστορίᾳ
3208 4883 3302 4934 καὶ
3335 4879 3460 4932 τάδε
3497 4881 3730 4948 προστί-

2155 4969 2336 5036 Οησιν.
2385 4970 2442 5024 Ὀ
2488 4969 2672 5024 Ἰσαὰκ
2726 4969 2997 5024 τελευτῶν
3047 4973 3175 5038 περὶ
3205 4970 3457 5039 ὁμονοίας
3504 4969 3581 5038 τῷ
3623 4972 3734 5022 Ὶαο

2158 5061 2274 5113 κὼῦ
2306 5065 2398 5114 καὶ
2421 5065 2496 5131 τῷ
2532 5063 2704 5118 ’ῐίσαῦ
2740 5063 3003 5132 ὡμίλησε.
3037 5064 3242 5115 Τούτου
3285 5062 3339 5112 δὲ
3372 5062 3732 5129 τελευτήσαν-

2153 5173 2245 5216 τος
2271 5157 2297 5206 ὀ
2343 5155 2513 5207 Ἥσαὶ
2547 5155 2735 5208 ἐδίωκε
2763 5155 2854 5205 τὸν
2891 5154 3104 5208 Ἰακώϐ.
3141 5151 3409 5205 Εἰσελθὼν
3441 5152 3496 5204 δὲ
3530 5154 3586 5203 ἒν
3617 5169 3730 5203 τινι

2157 5245 2308 5295 πόλει
2335 5237 2509 5308 οὗτος,
2557 5244 2650 5296 καὶ
2685 5243 3022 5312 παρακύψας
3053 5243 3281 5307 ἄνωθεν,
3311 5243 3728 5311 ἀνεμίμνησκεν

2153 5333 2314 5385 αὑτὸν
2339 5333 2448 5385 τῶν
2493 5334 2774 5400 πατρικῶν
2813 5333 3217 5403 παραγγελιῶν.
3264 5333 3323 5385 '0
3363 5331 3408 5383 δ’
3449 5333 3547 5383 οὐκ
3579 5333 3728 5382 ἐπεί-

2154 5426 2298 5476 θετο.
2327 5423 2434 5475 Καὶ
2461 5423 2644 5485 τείνας
2674 5422 2827 5488 τόξον
2865 5424 3054 5476 ἔϐαλλε
3101 5427 3193 5476 τὸν
3237 5423 3410 5476 Ἡσαῦ
3460 5423 3597 5474 κατὰ
3631 5421 3726 5472 τοῦ

2156 5515 2348 5582 μαζοῖο.
2381 5517 2517 5568 Τότε
2548 5516 2640 5568 οὖν
2660 5510 2951 5586 ἐπληρώθη
2978 5520 3010 5585 ἡ
3039 5516 3133 5568 τοῦ
3170 5516 3352 5569 Ἰσαὰκ
3380 5515 3688 5584 προφητεία
3709 5534 3722 5544 ο

2156 5627 2172 5658 ι
2198 5607 2392 5660 Ἡνίκα
2428 5609 2491 5661 Ξτν
2525 5608 2758 5680 καθέλῃς
2788 5610 2877 5660 τὸν
2919 5608 3080 5674 ζυγδν
3109 5608 3202 5660 τοῦ
3253 5607 3480 5674 ἁδελφοῦ
3530 5621 3622 5657 σου
3657 5605 3724 5657 ἐκ

2186 5762 2228 5791 ’θε
2263 5762 2419 5813 Dent.
2454 5778 2504 5826 κ,
2547 5765 2598 5814 9.
