4110 6194
505 289 623 356 275
1751 276 2172 338 MltZBAELlS
2215 270 2476 337 eum
2508 232 2555 357 ς
3655 255 3764 318 9'16

506 417 616 460 tem
640 400 808 458 venit.
842 396 996 451 cmsis
1051 390 1463 461 quadringentis
1495 390 1776 445 hominum
1820 388 2081 452 millibus,
2113 392 2139 446 Α

2243 386 2472 455 ιμήλους
2502 381 2613 451 γὰρ
2646 377 2961 451 ἔμπροσθεν
2982 374 3079 445 τῆς
3107 370 3467 443 παρατάξεως
3498 368 3607 438 (28)
3636 387 3768 438 προσ

503 513 625 549 cum
660 505 899 551 amnem,
946 486 1035 554 qui
1067 498 1231 552 supra
1266 482 1489 537 modum
1522 483 1917 545 exundaverat,
1952 495 2079 534 rur-

2243 477 2493 537 ;ίναντος,
2529 474 2623 525 καὶ
2649 470 2760 525 τῶν
2788 467 3089 524 ἀντιθέτων
3118 467 3302 518 ἵππων
3325 463 3404 526 είς
3432 462 3612 531 φυγὴν
3640 478 3761 532 τραο

506 602 622 642 sum
652 579 975 647 transjicere
996 589 1105 628 non
1135 583 1381 643 possem.
2130 588 2131 591 η

2243 569 2425 632 ἐντων,
2478 567 2764 634 κρατεῖται
2824 561 2923 631 μὲν
2978 560 3007 613 6
3064 560 3321 627 Κροῖσος,
3381 554 3662 607 ἀπώλοντο
3715 554 3773 608 δὲ

2191 660 2434 731 χιλιάδες
2463 656 2509 711 υ¹
2529 675 2543 691 ο
2573 656 2697 710 οὐδὲ
2734 654 2849 725 γὰρ
2875 654 3060 723 ίσχυον
3090 648 3453 718 ἀντιπερᾶσαι
3485 647 3578 702 τὸν
3607 661 3781 701 ποτα-ν

2195 752 2297 822 μὸν
2334 752 2441 821 πλη
2452 748 2793 819 μμυροῦντα.

576 847 716 917 Cyro
754 844 949 897 Darius
988 841 1128 895 ﬁlius
1156 840 1441 905 successit,
1484 837 1651 897 Dario
1713 841 2085 905 Artaxerxes;

2264 846 2418 899 Μετὰ
2442 844 2501 897 δὲ
2534 843 2718 909 Κῦρον
2749 841 2974 909 Δαρεῖος
3000 838 3027 890 6
3054 836 3170 901 υίὸς
3194 832 3383 895 αὐτοῦ,
3418 829 3541 885 εἶτα
3581 831 3772 917 ’Ᾱρτα-

507 916 911 1005 quoregnante
963 930 1182 1000 quidam
1234 930 1285 982 in
1325 929 1477 983 ltalia
1541 929 1699 983 Palas
1757 929 1992 983 exstitit.
2040 930 2094 984 ls

2243 933 2412 1006 ἑρξης,
2448 936 2532 1002 ἐφ’
2558 927 2619 987 οῦ
2636 929 2704 1003 ἦν
2731 949 2817 995 τις
2847 929 3107 999 ὲνἹταλίᾳ
3128 928 3353 998 ὀνόματι
3386 926 3589 987 ῐῐάλας.
3613 916 3776 984 Οὗτος

508 1028 733 1087 domum
790 1033 1131 1078 exstructam
1199 1021 1267 1076 ab
1298 1036 1357 1075 se
1384 1020 1652 1074 Palatium
1708 1029 2088 1089 nuncupavit:

2243 1027 2392 1087 τίσας
2427 1022 2580 1078 οἷκον
2608 1023 2879 1077 Παλάτιον
2912 1021 3219 1089 ὠνόμασεν,
3260 1017 3383 1072 ὅθεν
3411 1018 3472 1069 τὸ
3499 1015 3779 1085 βασιλικὸν

509 1118 655 1171 unde
684 1130 800 1169 mos
838 1116 1059 1168 inolevit
1098 1123 1157 1167 ut
1188 1112 1335 1167 ardes
1376 1112 1538 1181 regias
1584 1112 1845 1180 palatium
1902 1113 2095 1165 dican-

2243 1115 2624 1184 ατοικητήριον
2666 1112 2931 1165 παλάτιον
2959 1111 3201 1178 λέγεται.
3257 1109 3365 1160 Καὶ
3393 1111 3420 1160 ὁ
3467 1105 3567 1177 μὲν
3599 1105 3785 1175 Γεῶρ-

512 1217 621 1261 tur.
656 1206 781 1260 Haec
821 1215 904 1259 est
936 1204 1149 1273 Georgii
1204 1203 1491 1258 sententia.
1546 1201 1787 1259 Zonaras
1821 1218 1952 1257 vero
1985 1218 2099 1256 me—

2243 1225 2318 1271 ιος
2344 1205 2538 1269 οὕτως.
2573 1206 2600 1257 6
2632 1205 2687 1258 δὲ
2733 1204 2994 1272 Ζωναρᾶς
3052 1201 3180 1270 περὶ
3225 1200 3418 1253 τούτου
3469 1199 3567 1251 καῖ
3616 1198 3781 1250 τάδε·

511 1297 699 1351 ιιιοτίω
752 1297 991 1365 prodidit
1066 1296 1288 1350 domum
1347 1294 1753 1364 imperatoriam
1830 1294 2097 1363 palatium

2278 1300 2342 1353 Ἦ
2374 1296 2432 1351 δὲ
2464 1297 2574 1350 τῶν
2609 1296 3027 1366 αὐτοκρατόρων
3075 1293 3331 1351 κατοικία
3362 1293 3625 1345 παλάτιον
3651 1291 3789 1344 ὦνο-

510 1389 693 1442 vocari
739 1400 1026 1457 propterea
1058 1386 1206 1455 quod
1262 1387 1319 1441 in
1371 1395 1557 1440 monte
1613 1385 1881 1449 Palatino,
1936 1400 2099 1455 quem

2243 1392 2414 1463 .ἀσθη,
2456 1394 2539 1446 ὅτι
2573 1393 2631 1444 ὲν
2671 1390 2789 1461 ὄρει
2844 1390 2922 1459 τῷ
2978 1387 3297 1457 καλουμένῳ
3335 1385 3608 1454 Παλατίῳ,
3654 1385 3714 1436 ὲν
3742 1376 3791 1450 ᾧ

510 1479 641 1532 olim
670 1476 1299 1533 inhabitavitFaustulus
1321 1477 1366 1531 is
1388 1477 1478 1545 qui
1508 1475 1799 1531 Romulum
1827 1477 2098 1543 educavit,

2243 1485 2543 1550 ἀυστοῦλος
2580 1485 2765 1553 διῆγεν
2809 1485 2837 1537 ὁ
2886 1483 2977 1537 τὸν
3017 1479 3303 1551 Ῥωμύλον
3359 1478 3721 1549 θρεψὰμενος,
3758 1479 3791 1530 6

504 1568 689 1621 Cresar
718 1568 939 1620 domum
969 1566 1240 1621 habuerit.
1275 1564 1389 1632 Qua
1418 1566 1486 1621 de
1515 1581 1680 1620 causa
1706 1566 1909 1621 factum
1946 1567 2017 1622 sit
2042 1576 2106 1621 ut

2243 1580 2426 1647 Laioap
2453 1575 2609 1648 ῷκει,
2636 1575 2733 1630 καὶ
2763 1574 2853 1627 διὰ
2879 1574 3061 1638 τοῦτο,
3089 1573 3192 1625 κᾶν
3226 1567 3461 1639 ἀλλαχοῦ
3489 1583 3589 1620 που
3623 1583 3795 1619 κατα-

517 1656 728 1710 tametsi
752 1656 870 1711 aliis
899 1657 1062 1710 etiam
1097 1658 1153 1711 in
1196 1657 1328 1711 locis
1354 1659 1654 1727 imperator
1701 1658 1854 1729 14],
1906 1658 2098 1713 diver-
2132 1717 2139 1741 l

2243 1670 2332 1741 ύῃ,
2365 1671 2464 1739 τὴν
2512 1668 2608 1723 τοῦ
2669 1666 2935 1722 παλατίου
2978 1664 3171 1733 κλῆσιν
3205 1664 3236 1732 ή
3278 1661 3574 1731 καταγωγὴ
3623 1658 3794 1723 αὑτοῦ

513 1756 615 1813 tit,
657 1748 1017 1802 nihilominus
1059 1749 1350 1818 hospitium
1398 1742 1518 1819 ej'us
1549 1716 1807 1819 palatium
1858 1751 2095 1805 dicatur.
2132 1717 2139 1773 Ι

2243 1716 2341 1829 [εἷ’.
2381 1780 2399 1812 ι
2419 1716 2591 1814 ,Μετὰ
2619 1759 2676 1812 δὲ
2705 1758 2879 1812 ταῦτα
2918 1716 3132 1825 Ῥῶμος
3168 1755 3196 1807 6
3223 1716 3413 1815 κτίσας
3431 1716 3541 1819 ’τὴν
3563 1716 3799 1819 ’Ῥώμην

517 1841 828 1894 Secundum
863 1841 977 1895 haec
1006 1844 1194 1896 vixere
1224 1841 1450 1905 Romus,
1510 1843 1603 1911 qui
1634 1842 1865 1895 Romam
1906 1843 2101 1897 condi-

2243 1854 2300 1906 αἱ
2338 1853 2548 1922 Ῥἧμος
2582 1853 2611 1905 6
2637 1851 2865 1919 ἀδελφὸς
2900 1848 3088 1905 αὑτοῦ.
3121 1840 3282 1903 Οὗτοι
3328 1845 3613 1906 κτίσαντες
3658 1841 3798 1894 ναὸν

514 1931 614 1995 dit,
652 1940 708 1984 et
739 1930 908 1985 frater
938 1929 1057 1999 ejus
1114 1932 1341 1986 Remus.
1403 1929 1466 1985 Hi
1497 1947 1619 1987 cum
1655 1930 1777 1986 Jovi
1837 1931 2100 2001 templum

2243 1947 2281 2016 ᾧ
2347 1947 2431 1999 Διὶ
2492 1944 2846 1999 Καπετώλιον
2902 1941 3121 2012 Ῥώμης
3172 1939 3484 2008 ὠνόμασαν,
3542 1935 3804 1989 τουτέστι

516 2022 936 2086 exstruxissent,
970 2024 1019 2077 ei
1053 2040 1251 2079 nomen
1279 2023 1530 2094 Capitolii
1562 2026 1747 2078 Romae
1805 2023 2101 2088 dederunt,

2246 2036 2455 2106 εφαλήν
2492 2035 2592 2105 τῆς
2624 2034 2851 2096 πόλεως.
2894 2033 2954 2085 '0
2984 2033 3169 2102 μέντοι
3212 2029 3423 2095 Ῥῶμος
3445 2024 3537 2079 τδν
3570 2024 3787 2093 Ῥἦμον

522 2115 622 2167 hoc
654 2123 740 2168 est
779 2114 946 2169 totius
987 2116 1139 2169 urbis
1172 2116 1367 2185 capitis
1392 2116 1507 2169 sive
1553 2115 1799 2170 verticis.
1834 2115 1964 2170 [nae
1998 2115 2107 2169 Ro-

2248 2125 2497 2189 ονεύσα·,
2532 2126 2624 2177 καὶ
2653 2125 2744 2179 τὸν
2769 2124 2939 2193 δῆμον
2966 2121 3110 2193 δρῶν
3162 2120 3540 2184 στασιάζοντα,
3577 2115 3805 2186 πρῶτος

523 2217 642 2256 "'“3
710 2203 997 2257 Ῐη¹⁰τίθοῑ⁰
1057 2204 1251 2265 Ῑῖθῖηοο
1304 2219 1429 2258 cum
1461 2204 1723 2273 Populum
1777 2204 2105 2259 εθάίῑίοηεῐη
2211 2218 2437 2273 ἱππικὸν
2458 2215 2786 2270 ἀπετέλεσεν
2812 2216 2890 2279 εἰς
2915 2214 3085 2284 τιμὴν
3110 2213 3207 2266 τοῦ
3228 2212 3381 2283 ἡλίου
3409 2210 3635 2263 καὶτῶν
3669 2224 3806 2260 τισ-

520 2293 800 2347 roncitare
821 2304 1093 2356 cerneret,
1123 2297 1331 2364 primus
1347 2294 1503 2350 ludos
1529 2304 1822 2364 equestres
1850 2295 1904 2349 in
1935 2295 2111 2349 hono-

2243 2310 2395 2380 πάρων
2429 2308 2732 2377 στοιχείων.
2780 2304 2943 2359 Ἀλλά
2972 2305 3068 2357 καὶ
3099 2299 3272 2366 οὕτως
3304 2302 3337 2371 ή
3377 2300 3530 2361 πόλις
3562 2296 3807 2367 ἐταράσο

528 2398 642 2436 rem
670 2381 815 2438 Solis
852 2394 905 2438 et
934 2393 1167 2453 quatuor
1213 2386 1609 2440 elementorum
1665 2382 1921 2471 instituit.
1972 2385 2111 2441 Cum

2243 2417 2356 2455 πετο.
2390 2397 2707 2470 Ἑρωτήσας
2736 2396 2830 2452 οῦν
2853 2397 2931 2461 είς
2961 2395 3023 2450 τδ
3046 2396 3300 2464 μαντεῖον
3326 2390 3413 2446 διὰ
3442 2391 3496 2444 τί
3527 2391 3583 2452 ἐς
3600 2385 3805 2441 τοσοῦ-

523 2489 592 2528 ne
617 2475 718 2529 hac
750 2474 970 2543 quidem
992 2476 1205 2531 ratione
1227 2485 1404 2530 motus
1435 2476 1623 2531 urbani
1652 2478 1828 2532 sedari
1863 2486 2107 2548 possent,

2247 2508 2305 2545 ον
2332 2492 2367 2560 ἡ
2405 2490 2557 2553 πόλις
2586 2488 2815 2552 σείεται,
2836 2488 3071 2560 ἤκουσεν
3094 2500 3109 2517 ο
3145 2503 3169 2537 ε
3204 2483 3268 2538 Ei
3301 2482 3376 2553 μὴ
3414 2480 3736 2550 συγκαθίσει
3778 2482 3810 2533 6

526 2574 914 2634 percunctatus
947 2576 1031 2621 est
1058 2568 1339 2621 oraculum
1377 2582 1625 2637 quaenam
1660 2569 1855 2622 horum
1899 2568 2112 2624 tumul-

2243 2581 2445 2651 ιδελφός
2504 2599 2599 2635 σου
2657 2581 2798 2649 μετὰ
2828 2579 2943 2639 σοῦ.
2976 2580 3077 2631 οὒκ
3105 2580 3171 2632 ἂν
3193 2578 3226 2643 ἡ
3252 2577 3407 2637 πόλις
3436 2573 3733 2644 ἡρεμήσει.
3785 2590 3807 2622 ι

527 2665 681 2712 tuum
734 2672 898 2712 causa
933 2658 1096 2713 foret.
1151 2659 1522 2728 Responsum,
1580 2659 1639 2713 ni
1668 2659 1891 2713 fratrem
1926 2674 2113 2715 secum

2243 2673 2563 2741 Εντύπωμα
2586 2672 2821 2740 ποιήσας
2846 2669 2938 2723 τοῦ
2955 2668 3183 2739 ἀδελφοῦ
3210 2665 3448 2740 χρυσοῦν
3479 2663 3815 2727 συνεκάθιζε

525 2749 720 2804 eodem
755 2749 897 2805 solio
934 2751 1160 2814 locaret,
1196 2752 1389 2805 urbem
1423 2751 1648 2805 minime
1674 2751 2115 2821 conquieturam,

2243 2766 2349 2835 μετ’
2381 2765 2549 2822 αὑτοῦ
2581 2765 2676 2818 καὶ
2709 2763 3049 2833 συνέκρινεν.

524 2841 885 2928 Qulipropter.
906 2858 1075 2898 aureo
1100 2843 1289 2898 fratris
1323 2843 1621 2897 simulacro
1647 2842 1809 2908 facto,
1847 2843 1901 2898 id
1938 2843 2118 2913 ipsum

528 2933 667 2989 solio
696 2950 819 3001 suo,
856 2935 1072 3005 quoties
1103 2952 1204 3005 pro
1237 2935 1501 2991 tribunali
1537 2935 1776 3001 sederet,
1816 2936 2045 3005 recepit.

603 3025 726 3093 Quo
773 3036 1017 3097 tempore
1043 3026 1187 3083 filius
1235 3025 1558 3081 Artaxerxis
1585 3025 1772 3080 Ochus
1826 3025 2118 3097 Egyptum
2148 3048 2191 3107 ο

529 3117 843 3188 occupavit,
879 3133 973 3174 rex
1000 3116 1290 3189 Egyptius
1312 3116 1629 3172 Nectenaho
1661 3124 1817 3171 veste
1866 3132 2124 3172 commu-

538 3218 678 3273 tata,
708 3209 763 3262 in
809 3207 1183 3265 Macedoniam
1206 3207 1433 3278 aufugit,
1454 3222 1580 3262 cum
1615 3215 1775 3261 antea
1809 3222 1906 3277 per
1936 3209 2130 3263 vatici-

536 3300 840 3363 nationem,
871 3313 994 3368 qute
1019 3298 1160 3368 pelvi
1181 3297 1320 3352 solet
1344 3297 1485 3360 fieri,
1507 3296 1753 3351 futurum
1784 3297 2131 3370 cognovisset

541 3399 599 3444 ut
624 3388 889 3460 Egyptus
918 3389 971 3444 in
998 3389 1236 3443 hostium
1266 3397 1589 3458 potestatem
1619 3389 1864 3453 veniret;
1898 3405 2132 3460 cumque

540 3498 639 3550 per
678 3481 938 3551 quasdam
974 3479 1283 3550 prazstigias
1312 3478 1579 3557 ’Philippo
1604 3480 1714 3550 regi
1746 3489 1802 3534 et
1832 3478 2132 3551 Olympiadi

539 3572 754 3643 σου]υεὶ
774 3571 890 3642 ejus
907 3571 1495 3639 innotuisset,;occultis
1511 3571 1999 3627 machinationibus
2020 3574 2133 3627 fur-

543 3664 709 3720 tivam
740 3679 862 3727 cum
888 3679 951 3719 ea
983 3664 1436 3719 consuetudinem
1464 3662 1656 3719 habuit
1688 3675 1747 3719 et
1764 3664 2133 3720 Alexandrum

547 3759 877 3829 procreavit.
923 3757 1208 3828 Philippus
1261 3756 1620 3813 Macedonum
1678 3773 1849 3828 regno
1902 3740 2133 3827 potitus,

524 3848 826 3907 Thessalia
859 3849 1090 3920 imperio
1136 3848 1374 3920 adjecta,
1408 3848 1600 3904 urbem
1641 3849 1695 3904 in
1747 3865 1814 3905 ea
1867 3850 2135 3916 condidit,

549 3953 714 4010 quam
743 3941 1196 3996 Thessalonicam
1218 3939 1536 4011 appellavit.
1590 3940 1654 3995 Ei
1685 3941 1957 3998 successit
2011 3942 2141 3999 Ale-

551 4030 781 4097 xander,
829 4031 922 4099 qui
977 4046 1102 4085 cum
1159 4031 1424 4086 adversus
1481 4029 1677 4086 Persas
1734 4042 1899 4103 atque
1955 4034 2139 4090 Medos

551 4122 959 4192 expeditionem
1005 4121 1363 4191 suscepisset,
1412 4136 1442 4176 a
1470 4121 1674 4178 Iudaeis
1709 4124 1867 4193 petiit
1926 4134 1988 4179 ut
2031 4125 2139 4181 sibi

553 4210 738 4281 cupias
790 4211 1090 4266 auxiliares
1151 4211 1457 4267 mitterent.
1511 4213 1590 4268 Re
1639 4228 1749 4269 non
1822 4213 2136 4283 impetrata,

554 4301 701 4370 quod
732 4301 809 4355 illi
838 4301 1086 4356 dicerent
1115 4316 1174 4356 se
1201 4301 1362 4356 Dario
1397 4301 1604 4358 fmdere
1636 4303 1963 4374 coniunctos
1990 4320 2136 4373 esse,

2306 3024 2444 3078 Ὅτε
2484 3025 2512 3077 δ
2538 3022 2633 3075 τοῦ
2671 3022 2727 3076 ’Δ
2740 3019 3034 3094 ρταξέρξου
3060 3020 3174 3085 υίὸς
3204 3016 3373 3091 Ὦχος
3402 3024 3512 3093 τὴν
3534 3021 3822 3089 Αἴγυπτον
3912 3042 3927 3051 τ

2232 3118 2521 3189 κατέσχεν,
2559 3120 2587 3170 ὁ
2612 3117 2865 3187 βασιλεὺς
2896 3116 3067 3186 αὐτῆς
3090 3108 3421 3169 Νεκτεναόὼ
3453 3114 3687 3181 ἀλλάξας
3710 3115 3824 3187 τὴν

2231 3210 2436 3282 ἐσθῆτα
2459 3210 2664 3280 ἔφυγεν
2689 3209 2770 3270 είς
2808 3208 3173 3273 Μακεδονίαν,
3218 3207 3306 3261 διὰ
3353 3206 3826 3276 λεκανομαντείας

2232 3300 2506 3370 προγνοὺς
2550 3298 2650 3369 τὴν
2705 3297 2986 3367 Αἰγύπτου
3035 3297 3388 3368 κατάσχεσιν,
3444 3298 3539 3350 καὶ
3591 3297 3679 3350 διὰ
3714 3297 3827 3360 τὰς

2234 3390 2398 3444 αὐτοῦ
2424 3389 2766 3461 μαγγανείας
2794 3388 3074 3459 γνώριμος
3103 3388 3315 3456 γίνεται
3341 3387 3596 3458 Φιλίππῳ
3623 3387 3717 3441 καὶ
3747 3389 3826 3458 τῇ

2234 3481 2456 3550 γυναικὶ
2493 3479 2659 3534 αὐτοῦ
2696 3478 3043 3549 Ὀλυμπιάδι,
3187 3477 3283 3532 καὶ
3343 3478 3672 3548 μιγνύμενος
3723 3479 3828 3535 διὰ

2239 3570 2499 3642 μηχανῶν
2530 3570 2686 3624 ἔτεκε
2708 3569 2802 3624 τὸν
2827 3567 3203 3638 Ἀλέξανδρον.
3242 3569 3305 3623 '0
3340 3569 3524 3639 μέντοι
3553 3558 3829 3634 Φίλιππος

2235 3661 2582 3725 Μακεδονίας
2639 3660 2973 3729 βασιλεύσας
3037 3661 3132 3715 καὶ
3188 3660 3493 3714 Θεσσαλίαν
3544 3660 3829 3727 ὑποτάξας

2238 3754 2395 3807 πόλιν
2430 3754 2491 3807 ὲν
2529 3754 2666 3821 αὐτῇ
2694 3751 2870 3815 κτίζει
2900 3753 2995 3807 καὶ
3028 3751 3432 3822 Θεσσαλονίκην
3465 3751 3635 3809 καλεῖ.
3661 3752 3827 3807 Μετὰ
3880 3789 3897 3803 .

2238 3843 2429 3920 τοῦτον
2464 3843 2835 3914 Ἀλέξανδρος.
2863 3842 2997 3897 Ὅτε
3031 3842 3216 3896 τοίνυν
3243 3836 3399 3906 οὗτος
3424 3843 3568 3897 κατὰ
3594 3843 3828 3913 Περσῶν

2238 3936 2333 3991 καὶ
2391 3936 2593 4005 Μήδων
2655 3933 2909 4005 ὥρμησε,
2967 3934 3293 4007 συμμαχίαν
3344 3934 3474 3997 τοὺς
3535 3934 3823 3997 Ἰουδαίους

2242 4026 2500 4099 ἐζήτησε.
2530 4027 2641 4080 Καὶ
2691 4025 2768 4097 μὴ
2798 4024 2979 4080 λαϐὼν
3015 4025 3315 4095 (συνθήκας
3359 4024 3468 4096 γὰρ
3514 4021 3657 4094 εἶχον
3683 4025 3824 4093 πρὸς

2240 4120 2462 4190 Δαρεῖον
2518 4117 2594 4189 μὴ
2651 4117 2908 4187 πολεμεῖν
2942 4117 3129 4186 αὐτὸν)
3162 4118 3321 4189 ἐπῄει
3360 4117 3484 4170 κατ’
3525 4118 3725 4170 αὐτῶν.
3762 4118 3826 4168 '0

2239 4210 2370 4279 γοῦν
2397 4210 2691 4280 ἀρχιερεὺς
2721 4209 2860 4279 πρὸς
2890 4208 3155 4279 ἔκπληξιν
3189 4208 3288 4277 τὴν
3317 4207 3637 4278 θαυμαστὴν
3679 4206 3861 4260 ἐκεί-’

2242 4317 2339 4369 νην
2385 4299 2577 4371 στολὴν
2621 4299 2986 4365 ἐνδυσάμενος
3028 4298 3106 4369 τῷ
3151 4297 3485 4369 Ἀλεξάνδρῳ
3519 4297 3827 4368 ὑπήντησε.

557 4406 666 4460 quo
703 4390 1076 4447 contineretur
1098 4405 1168 4445 ne
1204 4391 1405 4446 bellum
1446 4391 1708 4447 adversus
1745 4393 1925 4461 ipsum
1979 4409 2135 4464 gere-

2243 4392 2350 4446 Καὶ
2386 4391 2446 4455 ὃς
2476 4391 2805 4460 ἐκπλαγεὶς,
2849 4390 3151 4446 κάντεῦθεν
3198 4390 3294 4443 τοῦ
3340 4390 3507 4444 ἵππου
3554 4388 3826 4453 καταϐὰς,

563 4494 706 4548 rent,
738 4493 886 4539 recta
914 4484 969 4539 in
997 4499 1093 4538 eos
1153 4498 1277 4538 cum
1335 4485 1580 4539 exercitu
1638 4485 1944 4540 contendit.
2000 4485 2137 4540 Tum

562 4585 694 4629 vero
723 4572 967 4639 pontifex
1000 4573 1272 4627 maximus
1298 4564 1523 4625 terroris
1552 4587 1715 4626 causa
1750 4582 1956 4627 vestem
1993 4575 2137 4629 illam

562 4664 939 4718 admirandam
973 4663 1197 4717 indutus
1226 4660 1469 4715 occurrit
1520 4662 1865 4729 Alexandro;
1911 4665 2001 4733 qui
2031 4664 2141 4719 for-

569 4759 777 4814 midine
807 4756 1093 4828 perculsus
1136 4763 1191 4810 et
1226 4770 1292 4808 ex
1345 4768 1488 4822 equo
1551 4755 1805 4823 delapsus
1866 4756 1931 4810 ad
1982 4758 2146 4826 pedes

568 4851 836 4920 pontificis
864 4848 1081 4904 accidit.
1123 4848 1201 4901 Ad
1222 4845 1363 4899 hanc
1391 4861 1502 4900 rem
1536 4862 1658 4900 cum
1696 4846 1947 4902 homines
1966 4859 2149 4903 extra-

2244 4482 2323 4553 τῷ
2370 4483 2622 4554 ἀρχιερεῖ
2652 4484 2987 4554 προσέπεσε.
3023 4482 3147 4536 Τῶν
3197 4481 3331 4550 γοῦν
3377 4480 3688 4550 ἀλλοφύλων
3732 4480 3829 4531 ὲκα

2249 4574 2565 4643 πλαγέντων
2588 4574 2723 4644 ἔφη·
2765 4594 2783 4627 ι
2818 4573 2893 4627 Ού
2926 4575 3018 4627 τὸν
3064 4574 3210 4644 ίερέα
3232 4572 3543 4643 προσκυνῶ,
3576 4570 3714 4626 ἀλλὰ
3735 4569 3833 4623 τὸν

2250 4666 2345 4718 ὑπ’
2371 4664 2538 4719 αὐτοῦ
2582 4664 2897 4736 τιμώμενον
2946 4664 3116 4718 Θεόν·
3155 4664 3384 4735 τοιούτῳ
3424 4664 3538 4736 γὰρ
3584 4664 3832 4732 σχήματι

2253 4759 2348 4811 καὶ
2376 4758 2467 4810 τὸν
2496 4757 2632 4811 Θεὸν
2664 4752 2808 4812 εἶδον
2848 4757 2990 4811 κατὰ
3030 4757 3255 4826 Περσῶν
3292 4755 3637 4829 θαρρύναπά
3668 4770 3758 4823 με.
3807 4769 3827 4803 ι

2257 4850 2379 4920 Ἐφ’
2414 4843 2458 4917 ᾧ
2485 4853 2579 4903 καὶ
2608 4848 2802 4903 θυσίαν
2843 4850 3024 4902 ἐκεῖσε
3063 4847 3140 4917 τῷ
3175 4848 3295 4919 Θεῷ
3322 4848 3720 4918 προσήνεγκεν.

571 4942 660 4999 nei
735 4955 1066 5012 magnOpere
1124 4941 1605 5009 obstupescrrcnt,
1650 4940 1932 5011 respondit
2002 4942 2313 4997 Alexander
2386 4958 2495 4996 non
2563 4956 2623 4997 se
2682 4930 3103 5012 congenulando
3158 4940 3502 4997 sacerdotem
3552 4941 3831 5003 venerari,

648 5127 762 5210 (g8)
794 5128 863 5210 ln‘
882 5120 951 5210 F;
979 5127 1007 5180 ὅ
1036 5126 1227 5210 δῂΛξαὶ
1288 5125 1568 5210 γέιγονενε.
1587 5130 1729 5210 Καὶ..
1754 5128 1896 5182 οὓτω
1934 5128 2139 5210 Δθὸιρσιιις

2258 5132 2381 5181 σὶαν
2456 5128 2625 5183 Siculi
2688 5129 2883 5210 nostri,
2949 5129 3049 5199 qui
3082 5128 3223 5210 Cyro
3275 5126 3444 5185 filium
3497 5098 3717 5210 Darium
3760 5139 3836 5210 ac

573 5194 789 5278 ὲκείνας
806 5196 1036 5278 κελαδεν.
1070 5194 1241 5253 ’Ὅθεν
1276 5194 1378 5251 ttat
1394 5198 1680 5267 καμήλους
1707 5194 2034 5278 ἔμπροσθεν’
2052 5201 2151 5266 τῆς

575 5268 937 5339 παρατάξεως
996 5278 1043 5339 el
1113 5280 1233 5337 qua:
1272 5279 1601 5338 sequuntur,
1648 5271 1867 5324 omissis
1907 5268 1973 5339 iis
2006 5284 2148 5339 qua:

573 5337 872 5409 ex‘nostro
927 5337 1118 5409 codice
1171 5355 1200 5390 a
1251 5337 1512 5409 quopiam
1570 5356 1636 5393 ex
1688 5338 1917 5409 longiori
1965 5338 2147 5409 aliqua

578 5408 891 5477 narratione
927 5407 1183 5477 decerpta
1216 5406 1338 5463 cum
1368 5406 1522 5462 'aliis
1554 5406 1875 5462 excutienda
1912 5406 2147 5461 curavi-

577 5495 718 5533 mus.
750 5476 950 5531 Verum
981 5476 1160 5534 omnis
1188 5478 1424 5548 bmcide
1457 5476 1597 5548 Cyro
1634 5488 1689 5532 et
1753 5478 1974 5532 Daniele
2026 5494 2147 5531 nar-

580 5554 716 5604 ratio
751 5547 986 5602 fabulatn
1020 5550 1149 5611 olet,
1176 5564 1297 5602 cunt
1324 5547 1601 5613 Babylone
1627 5557 1737 5599 tum
1762 5549 1901 5617 apud
1927 5548 2141 5601 Darium

578 5617 659 5670 ille
684 5626 790 5671 lttlll
829 5620 882 5671 in
919 5620 1092 5684 pretio
1121 5618 1326 5671 viveret
1367 5617 1578 5680 Daniel,
1614 5633 1737 5669 cunt
1764 5635 1792 5670 a
1826 5620 1969 5687 Cyro
1990 5617 2143 5672 devi-

581 5695 699 5740 ctus
758 5697 842 5742 est
912 5689 1150 5743 Croesus.
1231 5689 1364 5752 Quis
1430 5701 1559 5743 vero
1636 5687 1771 5743 ferat
1850 5691 2142 5751 ἁ-ιιστορηρ

2257 5213 2653 5259 διιορεεεοηηιι.
2715 5199 2872 5254 Dario
2924 5195 3054 5253 vero
3111 5195 3465 5253 Artaxerxem
3522 5195 3831 5266 subjiciat:

2258 5284 2433 5335 eoque
2470 5278 2735 5338 regnante
2760 5269 2814 5323 in
2854 5269 3007 5323 Italia
3034 5270 3235 5323 vixisse
3280 5266 3588 5338 Palantetn,
3627 5282 3657 5319 a
3719 5280 3832 5332 quo

2256 5338 2462 5393 dictum
2491 5337 2562 5392 sit
2590 5338 2852 5393 Palatium
2892 5358 2906 5393 :
2959 5350 3082 5393 cu‘m
3132 5337 3386 5393 ducentis
3437 5351 3507 5391 ac
3555 5337 3835 5402 quinqua-

2254 5410 2562 5479 gintaante
2594 5407 2818 5462 Darium
2849 5419 2905 5463 et
2949 5411 3307 5463 Artaxerxem
3344 5407 3511 5479 annis
3559 5405 3836 5460 Romulus

2254 5475 2475 5537 vixerit.
2515 5487 2572 5532 et
2602 5479 2778 5533 Pallas
2830 5479 3066 5533 Evandri
3122 5478 3267 5532 (ilius
3318 5476 3384 5531 ad
3447 5475 3635 5530 Antea}
3692 5484 3833 5527 tem-

2253 5564 2384 5672 polra
2418 5546 2745 5604 referendus
2802 5550 2894 5616 sit,
2949 5551 3160 5620 aliquot
3201 5558 3327 5603 ante
3376 5546 3669 5602 Romulum
3725 5558 3831 5597 sa:-

2253 5636 2317 5672 cu
2346 5636 2410 5672 IS.

2252 5636 2410 5675 CUIIS.
