4110 6194
1114 280 1197 293 ~34—
1247 278 1255 287 '

289 298 398 370 277

1533 310 1939 375 ANNALIUM
1979 316 2174 378 mes
2217 278 2306 381 ιε’

3428 324 3542 389 γε

290 431 389 483 sed
438 421 657 483 cultum
725 426 793 481 ab
858 440 924 481 eo
976 425 1172 489 Deum,
1231 442 1392 495 quem
1457 427 1723 496 ejusmodi
1776 429 1961 483 habitu
2002 435 2350 502 conspexerit
2390 450 2447 488 se
2483 447 2671 493 contra
2718 438 2911 496 Persas
2947 440 3293 513 instigantem
3349 451 3404 496 et
3432 444 3567 496 ani-

292 534 560 576 mantem.
592 518 741 574 Hanc
773 518 842 573 ob
871 534 1089 574 causam
1114 519 1222 573 Deo
1253 535 1469 590 quoque
1497 536 1609 579 rem
1651 536 1866 576 sacram
1910 522 2297 594 Hierosolymis
2326 528 2473 582 fecit.

363 610 543 676 Οὗτος
575 614 680 683 μὲν
723 610 818 667 οὖν
856 614 951 666 καὶ
998 616 1145 668 πάνυ
1191 613 1371 680 σοφῶς
1408 614 1503 667 καί
1552 614 1876 690 εὐμηχάνως

2052 621 2242 688 itaque
2271 620 2527 690 deinceps
2575 626 2871 690 prudenter
2898 626 3189 681 admodum
3234 643 3298 681 ac
3325 628 3567 682 solerter

290 706 584 775 ἐχειροῦτο
614 707 683 761 τά
727 705 904 760 πάντα
925 722 940 738 ο
974 706 1395 776 μετενδυόμενος
1440 688 1559 775 γτίιρ¹
1589 708 1876 777 εἰσήρχετο

297 798 605 868 πανταχοῦ,
643 797 737 850 καὶ
778 796 1206 850 κατασκοπεύων
1255 796 1425 858 οὕτως
1480 798 1652 852 ἐνίκα.
1712 798 1881 850 Τοῦτο

298 892 449 941 ποιεί
482 889 579 941 καὶ
613 888 707 940 ἐπὶ
728 891 795 958 τῇ
825 890 968 957 χήρα
999 888 1280 955 Κανδάκῃ.
1320 888 1459 939 Ἀλλ’
1491 888 1631 940 ἑάλω
1650 904 1665 919 ·
1693 886 1879 955 ὲκείνη

298 981 416 1049 γὰρ
437 979 506 1032 τά
552 981 872 1049 συστήματα
905 977 1071 1031 αὐτοῦ
1108 978 1356 1047 μαθοῦσα
1400 974 1488 1049 (ἦν
1528 981 1636 1048 γὰρ
1664 980 1755 1031 τὸν
1785 979 1881 1046 μὲν

298 1072 416 1125 τῶν
446 1071 739 1145 ὀφθαλμῶν
771 1070 1033 1139 γλαυκὸς,
1054 1071 1146 1122 τὸν
1176 1066 1231 1124 δὲ
1266 1070 1454 1141 μέλας)
1490 1072 1605 1138 ἅμα
1634 1071 1713 1135 τῷ
1756 1072 1883 1123 ἰδεῖν

303 1165 471 1217 αὐτὸν
501 1158 621 1216 εἷπε
638 1177 654 1193 ⁸
684 1182 702 1214 ι
735 1162 962 1214 Βασιλεῦ
981 1161 1318 1230 Ἀλέξανδρε,
1342 1161 1432 1219 τὸν
1453 1160 1656 1227 κόσμον
1671 1160 1880 1223 ἔλαϐες,

305 1259 405 1310 καὶ
450 1256 689 1324 γυνήνσε
730 1254 1063 1325 παρέλαϐεν.
1098 1273 1116 1306 ι
1152 1255 1256 1306 Ἤν
1290 1253 1384 1307 καί
1431 1251 1614 1307 λαϐὼν
1658 1255 1737 1315 εἰς
1780 1269 1881 1313 γυ-

306 1352 490 1411 ναῖκα,
523 1350 618 1402 καὶ
651 1351 731 1412 εἰς
755 1348 1031 1415 Αἴγυπτον
1060 1346 1336 1411 ἀπελθὼν,
1374 1348 1470 1400 καὶ
1508 1347 1606 1416 τὴν
1639 1344 1884 1413 μεγάλην

317 1440 734 1511 ’Δλεξίνδρειαν
763 1441 976 1503 κτίσας,
1035 1442 1130 1493 καὶ
1182 1440 1529 1510 ὑποστρέψας
1576 1441 1675 1502 εἰς
1707 1439 1883 1492 [316w-

306 1530 480 1595 λῶνα,
510 1532 738 1601 τελευτᾷ
768 1532 906 1584 ἑτῶν
931 1531 1031 1600 λβ’,
1067 1532 1277 1585 δώδεκα
1306 1532 1397 1585 καί
1436 1533 1571 1599 μόνα
1599 1532 1886 1599 κρατήσας

306 1626 434 1694 ἐτη,
464 1623 881 1694 φρονιμώτατος
930 1624 1149 1677 πάντων
1202 1623 1298 1676 καὶ
1361 1623 1757 1693 ἀνδρειότατος.
1788 1622 1888 1675 Διά

250 1730 253 1733 ·
309 1715 424 1783 γάρ
462 1713 620 1765 τοῦτο
672 1714 765 1765 καὶ
798 1713 1007 1781 πτηνὴν
1039 1713 1204 1765 αὐτὸν
1252 1712 1518 1781 πάρδαλιν
1546 1714 1573 1765 ό
1602 1712 1887 1781 προφήτης

311 1804 559 1872 προεῖδε,
596 1804 659 1856 τὸ
693 1803 945 1872 ῥαγδαῖον
974 1803 1135 1856 αὐτοῦ
1165 1805 1258 1856 καὶ
1294 1804 1387 1868 ὀξὺ
1425 1802 1747 1871 παριστῶσα
1792 1800 1887 1854 καὶ

310 1899 373 1951 τὸ
401 1898 559 1965 ἄφνω
604 1898 897 1966 ῦιαπτῆναι
949 1896 1087 1964 μετά
1108 1896 1384 1965 τροπαίων
1410 1895 1506 1964 τὴν
1534 1896 1884 1962 οἰκουμένην.

312 1992 552 2058 Λέγεται
582 1989 638 2042 δὲ
673 1990 756 2043 ότι
794 1990 890 2041 καὶ
920 1987 1212 2055 φιλοσόφου
1253 1985 1400 2048 τινὸς
1448 1985 1680 2053 ἤκουσεν
1709 1983 1887 2035 εἰπόν-

311 2100 407 2144 τος
457 2081 725 2149 ἀπείρους
781 2073 920 2130 εἷναι
981 2079 1238 2145 κόσμους,
1287 2076 1380 2128 καὶ
1441 2075 1583 2140 μέγα
1634 2072 1895 2136 στενάξας

319 2176 430 2241 ἔφη
454 2188 469 2201 ο
501 2191 520 2224 ι
542 2171 816 2239 ’Δπείρων
857 2168 1028 2221 ὄντων
1078 2166 1301 2237 μηδενὸς
1325 2163 1436 2233 ἐγὼ
1483 2163 1823 2232 κεκράτηκα,
1871 2180 1889 2211 ι

332 2265 496 2318 Ἀλλά
547 2264 641 2316 καὶ
697 2264 787 2315 ἐπὶ
827 2259 1148 2332 σωφροσύνῃ
1208 2258 1584 2325 ἐθαυμάζετο·
1641 2256 1737 2317 τάς
1787 2257 1897 2323 γὰρ

317 2356 548 2426 Δαρείου
616 2353 927 2422 θυγατέρας
985 2348 1370 2420 αἰχμαλώτους
1433 2347 1717 2417 κρατήσας
1775 2345 1897 2397 οὐδὲ

319 2450 451 2502 ἰδεῖν
511 2446 796 2515 ἠνέσχετο,
856 2444 1102 2513 ἀπρεπὲς
1160 2440 1298 2494 εἶναι
1349 2440 1521 2492 εἰπὼν
1568 2440 1658 2491 τὸν
1696 2437 1894 2506 ἄνδρας

320 2541 679 2609 κρατήσαντα
725 2536 830 2590 ὑπὸ
886 2534 1167 2604 γυναικῶν
1211 2532 1572 2603 κρατηθῆναι.
1621 2531 1893 2593 Ὡσαύτως

316 2634 375 2684 δὲ
408 2634 507 2685 καὶ
544 2632 642 2684 επὶ
679 2630 972 2699 φιλοσοφία
1010 2628 1105 2682 κα)⁸
1150 2625 1437 2695 ἀγχινοίᾳ’
1482 2624 1559 2694 τῷ
1596 2623 1702 2693 γάρ
1748 2624 1897 2691 Ἀρι-

320 2725 573 2777 στοτὲλει
627 2719 1105 2791 παρηκολούθησε.
1170 2714 1629 2781 Πολεμικώτατος
1687 2712 1743 2766 δὲ
1810 2710 1903 2763 καὶ

316 2816 729 2885 τολμηρότατος
755 2812 852 2878 ῶν,
883 2817 978 2864 καὶ
1015 2809 1141 2863 ἰδὼν
1181 2809 1474 2877 ὁμώνυμον
1516 2804 1666 2875 αύτῷ
1726 2803 1902 2856 νεανί-

323 2918 458 2960 σκον
484 2908 608 2961 τινά
646 2905 835 2968 δειλῶς
860 2905 1187 2974 μαχόμενον,
1216 2897 1368 2955 εἶπεν
1390 2916 1405 2933 ·
1436 2916 1456 2952 ι
1489 2896 1559 2951 Ἦ
1581 2895 1671 2951 τὸν
1703 2894 1904 2966 τρόπον

321 2998 557 3063 ἇλλαξον
586 2998 621 3069 ἦ
646 2998 743 3066 τὴν
768 2976 991 3067 κλῆσιν.
1029 3015 1049 3047 ι

1984 712 2268 777 Occupavit
2294 712 2513 776 omnia;
2544 728 2671 775 nam
2706 725 2856 769 veSte
2899 725 3110 770 mutata
3165 732 3224 772 se
3255 718 3461 785 quaevis
3491 719 3565 771 ad

1983 798 2099 853 loca
2128 802 2467 866 conferebat,
2506 816 2552 858 et
2577 805 2791 859 cunctis
2813 807 3113 875 exploratis
3149 809 3379 862 victoria
3414 809 3567 862 facili

1984 891 2311 959 potiebatur.
2341 892 2541 946 Eadem
2567 904 2685 948 arte
2721 896 3011 952 Candacen
3048 899 3268 952 viduam
3302 914 3571 970 egressu-1

1984 998 2078 1035 rns
2101 982 2437 1052 interceptus
2460 992 2579 1045 est;
2612 1001 2734 1038 nam
2760 1001 2883 1040 cum
2923 1002 2985 1041 ea
3023 997 3180 1041 notas
3209 990 3380 1057 ipsius
3416 990 3564 1043 imii-

1985 1073 2177 1140 ciaque
2243 1075 2510 1128 naturalia
2562 1076 2923 1145 percepisset,
2961 1079 3104 1146 quod
3161 1080 3299 1133 alter
3356 1081 3575 1135 scilicet

1986 1163 2180 1214 oculus
2201 1162 2256 1216 ei
2288 1164 2551 1218 cterulens
2574 1164 2710 1217 alter
2740 1157 2892 1233 niger
2938 1175 3103 1226 esset,
3154 1168 3317 1220 simul
3344 1182 3408 1220 ac
3438 1183 3562 1220 eum

1988 1252 2181 1305 intuita
2221 1263 2329 1315 est,
2365 1253 2536 1306 dixit:
2582 1273 2600 1305 ε
2630 1253 2886 1309 Mundam
2924 1264 2981 1308 tu
3007 1256 3251 1324 quidem,
3292 1274 3386 1309 rex.
3437 1258 3570 1311 Ale-

1987 1344 2215 1406 rander,
2244 1346 2543 1414 occupasti,
2584 1356 2639 1401 at
2672 1338 2727 1402 te
2777 1347 2968 1401 mulier
2990 1349 3153 1416 cepit.
3195 1366 3215 1399 ι
3268 1348 3437 1416 lgitur
3467 1348 3570 1404 liae

1986 1450 2156 1488 uxore
2184 1435 2367 1500 ducta,
2404 1438 2460 1491 in
2487 1438 2776 1508 .Egyptum
2813 1439 3093 1507 prolectus
3141 1455 3391 1509 magnam
3423 1441 3567 1494 illam

1986 1526 2364 1581 Alexandriam
2387 1529 2653 1583 condidit.
2715 1529 2843 1583 lude
2906 1530 3231 1599 Babylonem
3292 1544 3574 1590 reversus.

1986 1632 2159 1671 annos
2186 1619 2297 1688 jam
2328 1620 2398 1673 52
2441 1629 2622 1682 natus,
2656 1621 2819 1674 rebus
2852 1621 3108 1675 humanis
3141 1621 3383 1681 excedit.
3439 1636 3565 1676 cum

1987 1707 2270 1761 duodecim
2305 1718 2514 1763 tantum
2556 1710 2716 1781 142
2741 1712 3280 1781 annos’imperasset,
3308 1714 3392 1765 vir
3424 1712 3573 1765 haud

1988 1798 2150 1853 dubie
2185 1800 2623 1869 sapientissimus
2677 1818 2739 1855 ac
2788 1804 3117 1858 fortissimus
3160 1806 3426 1859 omnium.
3485 1802 3573 1855 ld-

1991 1890 2139 1943 circo
2169 1902 2319 1943 vates
2341 1906 2464 1945 eum
2495 1907 2553 1946 se
2609 1896 2963 1962 conspexisse
3007 1895 3171 1949 tradit
3232 1896 3284 1948 in
3333 1895 3573 1949 volucris

1996 1981 2525 2050 pardalidisspecie,
2551 1984 2740 2039 volens
2760 1986 2863 2039 boc
2890 1994 3053 2054 pacto
3084 1986 3345 2055 impetum
3396 1993 3451 2038 et
3479 1999 3573 2038 ce-

1997 2073 2265 2127 leritatem
2298 2073 2469 2141 ipsius
2489 2074 2797 2141 ostendere,
2830 2077 3083 2145 quodque
3114 2078 3300 2131 subito
3326 2075 3576 2132 victoriis

1996 2161 2111 2215 suis
2136 2163 2322 2216 orbem
2366 2174 2632 2219 terrarum
2685 2169 3074 2235 pervolaverit.
3131 2168 3426 2222 Perhibent
3472 2170 3573 2222 ali-

1998 2255 2222 2322 quando
2278 2271 2403 2309 eum
2455 2258 2791 2312 inaudivisse
2822 2259 2890 2313 de
2935 2259 3261 2329 philosopho
3315 2262 3573 2327 quodam,

1999 2348 2088 2413 qui
2124 2348 2358 2401 mundos
2384 2348 2627 2404 inﬁnitos
2647 2365 2769 2405 esse
2796 2350 3022 2405 diceret.
3043 2350 3181 2406 Tum
3207 2368 3336 2406 vero
3366 2352 3577 2421 gemitu

2000 2439 2204 2507 ingenti
2241 2440 2400 2494 edito
2435 2459 2449 2495 :
2494 2458 2510 2491 ι
2541 2440 2714 2504 itane,
2750 2441 2846 2502 ait,
2883 2442 3077 2496 inﬁniti
3129 2452 3279 2504 sunt,
3332 2459 3456 2498 cum
3477 2460 3581 2511 ego

2001 2544 2071 2582 ne
2105 2546 2270 2583 unum
2297 2529 2514 2598 quidem
2545 2531 2723 2585 adhuc
2752 2532 3078 2587 devicerim?
3113 2552 3130 2584 ι
3166 2534 3341 2587 Etiam
3363 2535 3578 2603 pudici.-

2003 2620 2088 2675 tiae
2124 2620 2497 2690 castitatisque
2536 2624 2759 2675 nomine
2782 2636 3034 2693 magnam
3099 2625 3316 2679 laudem
3354 2626 3575 2683 meruit.

1999 2709 2137 2764 Cum
2164 2711 2311 2764 enim
2336 2712 2582 2779 captivas
2634 2711 2780 2766 Darii
2846 2712 2984 2768 tilias
3037 2730 3135 2768 sua
3186 2715 3242 2768 in
3308 2724 3580 2784 potestate

2003 2800 2248 2867 haberet,
2275 2818 2341 2858 ne
2377 2803 2576 2856 intueri
2614 2794 2832 2872 quidem
2863 2820 2956 2859 eas
2980 2806 3171 2870 voluit,
3200 2807 3344 2875 quod
3375 2820 3575 2875 nequa.

2002 2911 2164 2965 quam
2215 2896 2412 2949 decere
2458 2894 2664 2947 diceret
2698 2910 2822 2948 eum
2875 2895 2966 2962 qui
3017 2896 3165 2950 viros
3210 2896 3515 2960 devicisset,
3548 2911 3580 2949 a

2004 2986 2325 3040 mulieribus
2353 2984 2516 3040 vinci.
2555 2984 2672 3039 Non
2706 2985 2886 3038 minus
2914 2980 2977 3038 ex
3009 2986 3351 3055 philosophia
3376 2996 3431 3042 et
3450 3002 3582 3041 acu-

322 3093 474 3146 mine
498 3090 697 3159 ingenii
726 3088 911 3143 laudes
932 3086 1163 3156 adeptus
1223 3094 1326 3148 est,
1364 3093 1422 3139 ut
1476 3081 1571 3153 qui
1624 3077 1973 3134 Aristotelem
2007 3076 2343 3141 audivisset;
2392 3090 2628 3144 cumque
2680 3074 2734 3129 in
2768 3073 2967 3144 pranliis
3014 3076 3474 3131 concitatissimus
3525 3086 3582 3131 et

323 3181 725 3237 audacissimus
763 3187 930 3243 esset,
991 3177 1129 3234 forte
1180 3176 1534 3244 conspicatus
1595 3168 1893 3239 aliquando
1932 3166 2221 3238 quemdam
2291 3162 2692 3221 adolescentem
2756 3164 2861 3220 sibi
2896 3166 3300 3236 cognominem,
3344 3164 3435 3235 qui
3472 3173 3585 3220 tre—

324 3279 454 3350 pide
485 3284 748 3347 pugnaret
777 3289 792 3327 :
826 3292 843 3326 ι
872 3273 971 3329 Vel
1005 3272 1261 3337 indolem,
1285 3289 1303 3323 ι
1333 3269 1531 3339 inquit,
1569 3286 1587 3320 ι
1612 3278 1665 3321 et
1680 3266 1922 3320 animum
1964 3264 2108 3318 bunc
2132 3271 2359 3329 mutato,
2399 3262 2481 3317 vel
2503 3277 2723 3317 nomen.
2772 3281 2793 3315 ›

398 3366 573 3433 Οὗτος
606 3371 702 3439 μὲν
735 3368 831 3423 οὖν
871 3368 1225 3439 Ἀλέξανδρος
1256 3366 1353 3419 καὶ
1391 3365 1557 3435 μέχρι
1612 3362 1721 3415 τῶν
1764 3361 1904 3414 ἐνδο-

2080 3359 2213 3414 Cum
2238 3362 2304 3413 ad
2350 3358 2510 3414 Indos
2560 3369 2835 3414 extremos
2896 3360 3183 3430 ipsumque
3222 3357 3496 3414 Oceanum
3529 3368 3588 3415 et

326 3465 507 3518 τάτων
550 3461 728 3515 Ἰνδῶν
760 3461 851 3514 καὶ
880 3458 1047 3512 αὑτοῦ
1083 3457 1176 3511 τοῦ
1206 3452 1457 3510 ὠκεανοῦ
1488 3454 1583 3508 καί
1612 3454 1714 3522 τῆς
1749 3450 1907 3521 μεγί-

332 3571 471 3626 στης
502 3559 668 3621 νήσου
708 3552 817 3605 τῶν
872 3549 1219 3620 Βραχμάνων
1282 3547 1519 3616 φθάσας,
1560 3539 1637 3597 ῶν
1674 3543 1767 3597 καὶ
1817 3542 1909 3595 τὸν

333 3646 645 3715 θαυμάσιον
700 3644 817 3713 βίον
860 3642 1146 3711 θαυμάσας
1189 3640 1284 3693 καὶ
1316 3638 1415 3709 τὴν
1464 3636 1545 3697 εἰς
1589 3634 1721 3687 Θεὸν
1752 3632 1908 3685 εὐσέ-

331 3738 493 3790 ϐειάν
524 3752 587 3787 τε
643 3733 739 3787 καὶ
770 3732 1028 3803 λατρείαν
1061 3729 1361 3795 ἐξεπλάγη.
1398 3728 1457 3779 ἰν
1509 3717 1554 3792 ᾧ
1609 3723 1760 3792 τόπῳ
1819 3720 1911 3774 καὶ

335 3826 546 3895 στήλην
585 3824 790 3893 στήσας
823 3820 1175 3890 ὑπέγραψεν·
1216 3838 1233 3870 ι
1286 3816 1429 3885 Ἐγὼ
1460 3818 1631 3886 μέγας
1655 3813 1910 3879 Ἀλέξαν-

335 3918 469 3986 Ego;
508 3914 760 3984 βασιλεὺς
800 3912 1011 3980 ἔφθασα
1063 3911 1225 3981 μέχρι
1266 3911 1480 3962 τούτου.
1522 3926 1542 3960 ι
1589 3907 1676 3960 Ἐν
1731 3903 1913 3972 ικείνῃ

331 4015 400 4079 τῇ
433 4013 585 4078 νήσῳ
618 4005 971 4061 κατοικοῦσιν
992 4007 1041 4057 οἰ
1079 4004 1362 4071 λεγόμενοι
1397 3999 1703 4071 Μακρόῦιοι
1728 4016 1741 4030 σ
1777 3996 1913 4061 ζῶσι

334 4099 450 4166 γαρ
483 4093 664 4149 αὐτῶν
693 4095 745 4147 οἰ
781 4092 999 4153 πλείους
1021 4091 1149 4161 περὶ
1197 4088 1267 4143 τά
1321 4087 1517 4141 ἑκατὸν
1570 4083 1913 4152 πεντήκοντα

335 4186 433 4253 ιτη
469 4182 561 4236 δια
592 4180 692 4251 τὴν
739 4178 835 4232 τοῦ
870 4178 1033 4246 ἀέρος
1066 4174 1365 4245 εὐκρασίαν
1406 4174 1501 4226 καὶ
1523 4172 1592 4224 τά
1627 4168 1913 4240 ἀνεξερεύ-

337 4292 479 4344 νητα
503 4272 599 4326 τοῦ
632 4270 769 4325 Θεοῦ
799 4268 1065 4341 κρίματα.
1115 4266 1327 4335 Ἐκείσε
1357 4264 1547 4334 ὀπώρα
1581 4264 1670 4316 τὸν
1698 4262 1915 4315 ἅπαντα

338 4366 537 4435 χρόνον
582 4363 643 4414 οὐ
681 4360 883 4414 λείπει.
922 4360 1071 4412 Ἐκεῖ
1122 4358 1190 4411 τά
1226 4359 1457 4425 μέγιστα
1486 4354 1665 4426 κάρυα
1703 4354 1796 4406 καὶ
1849 4352 1917 4405 τά

336 4454 681 4523 δυσπόριστα
735 4450 1009 4522 ἀρώματα
1055 4452 1151 4503 καὶ
1191 4452 1223 4520 ή
1261 4449 1544 4519 Μαγνῆτις
1571 4447 1718 4510 λίθος
1742 4463 1755 4476 ’
1785 4444 1915 4514 παρ’

336 4544 418 4611 οἷς
442 4549 545 4599 οὒκ
574 4546 689 4597 ἐστι
717 4543 1067 4614 τετράποδον,
1105 4543 1206 4595 οὐκ
1244 4535 1416 4603 οἰνος,
1458 4540 1557 4593 οὐκ
1604 4539 1791 4608 ἄρτος,
1819 4537 1917 4605 οὐχ

340 4642 582 4709 ἱμάτιον.
624 4638 842 4705 Μικρᾶς
880 4635 939 4689 δὲ
981 4633 1201 4701 ὀπώρας
1233 4633 1327 4686 καὶ
1358 4632 1549 4694 ὕδατος
1583 4628 1918 4683 ἀπολαύουσι

338 4734 433 4784 τὴν
470 4729 713 4799 ποταμὸν
758 4725 1150 4796 παροικοῦντες
1185 4726 1279 4778 καὶ
1307 4726 1384 4793 τῷ
1412 4723 1531 4793 Θεῷ
1557 4721 1796 4790 γνησίως
1829 4720 1921 4772 λα-
1953 4710 1994 4763 D

342 4821 658 4891 τρεύοντες.
713 4819 824 4871 Καὶ
868 4819 920 4869 οἰ
955 4817 1054 4887 μὲν
1103 4817 1294 4886 ἄνδρες
1344 4817 1425 4878 εἰς
1459 4815 1701 4883 ποταμὸν
1728 4830 1919 4883 παροιο

344 4912 557 4972 κοῦσιν,
598 4911 656 4961 αἰ
683 4910 740 4962 δὲ
769 4910 1023 4977 γυναῖκες
1053 4907 1233 4960 αὐτῶν
1258 4904 1507 4958 ἐντεῦθέν
1553 4907 1660 4958 εἰσι
1696 4903 1790 4958 τοῦ
1818 4920 1918 4955 πο-

346 5002 526 5071 ταμοῦ
551 5002 765 5068 Γάγγου
782 4999 877 5053 τοῦ
897 4999 1299 5070 παραρρέοντος
1323 5000 1401 5061 εἰς
1430 4996 1786 5067 τδνζώκεανδν
1823 4996 1919 5046 ἐπὶ

342 5096 407 5146 τὸ
433 5094 602 5163 μέρος
627 5096 725 5161 τῆς
741 5092 951 5155 Ἰνδίας.
986 5092 1095 5144 Καὶ
1122 5091 1173 5144 οἰ
1202 5091 1300 5161 μὲν
1327 5089 1518 5159 ἄνδρες
1552 5087 1761 5157 περῶσι
1781 5085 1919 5154 πρὸς

342 5187 449 5245 sit;
478 5186 746 5250 γυναῖκας
779 5184 1001 5236 Ἰούλιον
1032 5184 1129 5234 καὶ
1173 5179 1507 5250 Αὔγουστον,
1553 5180 1684 5249 παρ’
1733 5172 1816 5241 οἷς
1866 5178 1924 5230 ὑ-

344 5278 620 5346 πάρχουσι
652 5276 995 5345 ψυχρότεροι,
1027 5275 1122 5327 τοῦ
1142 5274 1292 5344 ἡλίου
1326 5274 1461 5343 πρὸς
1498 5274 1642 5344 ἡμᾶς
1676 5271 1927 5341 ὑψωθέν-

343 5387 461 5431 τος.
494 5368 807 5438 Τηνικαῦτα
852 5368 961 5436 γάρ
1008 5366 1264 5435 εὖκρατοι
1325 5366 1604 5435 γενόμενοι
1678 5364 1815 5433 πρὸς
1852 5357 1930 5416 οἰ-

350 5476 517 5527 στρον
553 5458 823 5510 κινεῖσθαι
850 5457 1119 5524 λέγονται.
1150 5457 1259 5510 Καὶ
1289 5460 1609 5526 ποιήσαντες
1645 5455 1783 5525 μετά
1812 5454 1918 5508 τῶν

347 5550 629 5616 γυναικῶν
653 5550 833 5601 αὐτῶν
857 5550 1065 5618 ἡμέρας
1089 5549 1495 5618 τεσσαράκοντα
1522 5546 1681 5601 πάλιν
1702 5549 1922 5601 ἀντιπε-

351 5640 508 5707 ρῶσι.
547 5637 683 5689 Μεθ’
728 5637 754 5688 ὃ
805 5639 859 5689 δὲ
908 5638 1106 5707 τέκῃή
1158 5638 1294 5706 γυνὴ
1326 5638 1419 5690 δύο
1463 5638 1684 5700 παῖδας,
1736 5636 1921 5689 οὐκέτι

349 5729 807 5799 μίγνυνται.Ἐάλ
840 5729 897 5780 δέ
928 5747 1006 5791 τις
1039 5729 1232 5794 εὐρεῢῆ
1291 5729 1479 5782 στείοα
1517 5729 1676 5793 μέχρι
1704 5746 1924 5782 πενταεκ

2015 3452 2302 3506 maximam
2333 3452 2734 3506 Brachmanum
2756 3451 2987 3506 insulam
3014 3452 3370 3521 pervenisset,
3394 3467 3584 3506 eorum

2015 3560 2142 3616 erga
2170 3546 2336 3599 Deum
2378 3544 2637 3615 pietatem
2678 3546 2997 3613 cultumque
3023 3546 3252 3599 miratus
3278 3545 3586 3599 columnam

2015 3637 2207 3691 statuit
2257 3652 2380 3691 cum
2415 3637 2771 3703 inscriptione
2798 3637 3114 3703 huiusmodi
3154 3654 3167 3691 :
3212 3655 3230 3688 ι
3268 3637 3581 3691 Alexander

2016 3743 2109 3781 rex
2156 3730 2439 3797 hucusque
2464 3729 2765 3797 penetravi.
2801 3747 2819 3779 ι
2856 3728 2926 3781 Ea
2955 3729 3007 3781 in
3039 3729 3215 3782 insula
3253 3729 3344 3797 qui
3382 3727 3589 3782 Macro-

2018 3821 2093 3875 bii
2124 3830 2386 3875 vocantur
2413 3836 2442 3874 a
2474 3820 2732 3874 diuturna
2782 3820 2915 3884 vita,
2956 3820 3180 3891 degunt.
3234 3817 3366 3872 Nam
3397 3819 3587 3890 majori

2018 3926 2082 3965 ex
2117 3920 2267 3979 parte
2297 3913 2488 3965 vivunt
2542 3910 2665 3965 istic
2719 3910 2971 3964 homines
3014 3911 3079 3963 ad
3129 3924 3300 3963 annos
3333 3909 3434 3961 150
3463 3923 3593 3978 pro-

2021 4008 2140 4067 pter
2167 3998 2309 4052 aeris
2368 3999 2622 4053 idoneum
2706 4003 2935 4053 maxime
2984 4008 3470 4067 temperamentum
3533 4008 3591 4051 et

2022 4088 2508 4156 imperscrutabilia
2537 4088 2630 4143 Dei
2676 4087 2908 4157 judicia.
2969 4088 3129 4143 Nullo
3163 4087 3291 4142 anni
3347 4097 3590 4156 tempore

2023 4178 2233 4233 fructus
2264 4179 2460 4232 maturi
2501 4178 2722 4233 desunt.
2748 4177 3043 4233 Abundant
3072 4188 3126 4233 et
3155 4178 3408 4232 maximis
3437 4178 3593 4232 nuci-
3689 4203 3703 4215 α

2022 4269 2126 4324 bus
2167 4279 2220 4324 et
2272 4271 2547 4335 aromatis,
2583 4285 2703 4337 quae
2731 4270 2865 4324 tanti
2898 4285 2997 4325 nos
3038 4270 3377 4335 redimimus,
3431 4280 3485 4325 et
3512 4269 3590 4324 la-

2023 4362 2148 4432 pide
2180 4374 2453 4433 Inaguete.
2479 4362 2873 4433 Quadrupedes
2929 4362 3130 4417 bestias
3161 4363 3333 4418 nullas
3366 4363 3588 4424 habent.

2026 4468 2125 4507 nec
2147 4452 2331 4507 vinum
2357 4469 2457 4509 nec
2490 4469 2685 4523 panem
2713 4469 2810 4509 nec
2840 4463 3038 4509 vestes.
3099 4454 3191 4508 Ad
3213 4452 3413 4508 ﬂumen
3444 4452 3592 4507 habi-

2026 4553 2202 4599 tantes
2225 4544 2434 4613 exiguis
2458 4544 2730 4600 fructtbus
2748 4554 2803 4600 et
2837 4552 2975 4615 aqua
2998 4542 3244 4599 contenti
3271 4552 3418 4606 sunt,
3457 4543 3593 4596 Deo—

2025 4654 2130 4707 que
2155 4653 2289 4705 pura
2312 4646 2366 4691 et
2395 4636 2603 4706 integra
2631 4637 2889 4708 religione
2915 4637 3192 4691 serviunt.
3240 4633 3353 4687 Viri
3379 4634 3447 4688 ad
3496 4634 3593 4687 llu-

2024 4728 2190 4782 minis
2224 4728 2368 4798 ripas
2398 4732 2670 4789 accolunt,
2703 4728 2918 4782 femina!
2946 4744 3010 4782 ex
3036 4728 3206 4782 altera
3261 4725 3463 4796 Gangis
3493 4724 3595 4779 llu-

2026 4820 2095 4873 vii
2123 4828 2278 4887 parte
2307 4818 2514 4889 degunt
2550 4818 2754 4873 lndiam
2780 4835 2989 4881 versus,
3023 4820 3112 4887 qui
3150 4819 3371 4885 quidem
3402 4818 3596 4873 lluvius

2022 4908 2077 4962 in
2131 4907 2411 4962 Oceanum
2478 4918 2652 4962 semet
2701 4918 2988 4962 exonerat.
3040 4908 3185 4964 Julia
3247 4921 3304 4963 et
3352 4908 3598 4976 Augusto

2022 4996 2301 5050 mensibus
2332 4994 2400 5050 ad
2422 5010 2615 5051 uxores
2638 4995 2734 5050 viri
2771 4995 3130 5063 transjiciunt,
3167 4995 3318 5065 quod
3344 4994 3410 5048 iis
3445 4994 3598 5062 frigi-

2018 5086 2201 5157 diores
2229 5088 2360 5151 sint,
2396 5087 2513 5141 sole
2569 5094 2819 5140 nostrum
2864 5086 2929 5138 ad
2989 5086 3258 5140 tiuitorem
3307 5086 3599 5140 sublimius

2024 5189 2371 5247 assurgente.
2414 5177 2568 5233 Tunc
2594 5178 2852 5232 nimirum
2881 5178 3160 5233 consecuti
3199 5190 3598 5248 temperamen-

2028 5282 2139 5325 tum
2171 5272 2416 5342 corporis
2449 5270 2712 5341 optimum
2744 5279 2913 5326 uestro
2932 5272 3163 5341 quodam
3207 5272 3470 5325 concitari
3520 5267 3598 5322 le-

2028 5372 2247 5417 runtur.
2280 5364 2499 5416 Exactis
2524 5372 2706 5418 autem
2750 5364 2895 5434 apud
2927 5378 3121 5417 uxores
3146 5362 3214 5414 40
3249 5362 3442 5415 diebus
3487 5375 3593 5410 aut»

2029 5469 2152 5508 nem
2222 5454 2461 5508 vicissim
2518 5455 2884 5522 transjiciunt.
2958 5454 3196 5508 Feminae
3243 5461 3595 5521 posteaquam

2029 5545 2230 5598 liberos
2252 5545 2387 5598 duos
2418 5544 2471 5597 in
2504 5544 2679 5599 lucem
2713 5546 2952 5607 edidere,
3006 5561 3116 5598 rem
3140 5559 3259 5596 cum
3321 5539 3450 5594 viris
3483 5551 3597 5589 atu-

2030 5638 2170 5705 plius
2224 5636 2427 5690 nullam
2491 5635 2710 5690 habent.
2756 5636 2958 5701 Quodsi
3011 5652 3114 5704 qua
3157 5643 3300 5688 totos
3355 5634 3597 5703 quinque

2031 5744 2202 5783 annos
2234 5727 2436 5783 sterilis
2464 5729 2788 5793 repetiatur,
2820 5726 3076 5791 religione
3121 5726 3358 5786 auad’atn
3390 5742 3418 5780 a
3450 5724 3597 5783 coitu
