4110 6194
516 327 624 388 279

1769 329 1822 388 Μ
1835 328 2060 390 ICHAE
2073 331 2192 391 LlS
2229 333 2271 392 G
2287 333 2488 392 LYCE

3635 336 3753 402 280

517 461 752 503 arcetur.
790 450 978 502 Amnis
1005 450 1118 516 ipse
1155 461 1263 501 non
1304 448 1438 501 citra
1493 448 1790 518 perieulum
1832 466 1894 504 ac
1941 450 2078 504 diffi-

2186 453 2324 514 τίας,
2378 453 2561 506 ἔκτοτε
2591 453 2797 523 ἀμιγὴς
2849 456 2964 506 ἐστι
2995 454 3062 507 δι’
3115 453 3422 508 εὐλάϐειαν.
3465 454 3525 507 Ὀ
3562 455 3745 523 μέντοι

517 541 772 592 cultatem
803 538 1232 607 Odontotyranni
1275 554 1435 592 causa
1479 541 1832 615 transiit-itur.
1860 541 2074 594 Animal

519 632 619 682 hoc
640 631 906 699 quoddam
937 639 1020 682 est
1051 631 1102 680 iu
1129 639 1270 683 terra
1298 631 1523 698 perinde
1553 627 1707 702 15.3
1733 649 1793 687 ac
1817 649 1952 701 aqua
1982 635 2078 687 de-

515 738 668 792 gens,
697 722 854 789 idque
890 723 1207 784 maximum,
1252 723 1326 776 uti
1349 725 1491 791 quod
1543 725 1892 792 elephantum
1945 740 2079 794 quo-

512 831 618 882 que
659 805 937 881 deglutiat,
993 829 1304 881 quanquam
1356 815 1488 868 viris
1547 817 1696 870 hisce
1757 817 2079 884 trajicienti-

514 906 616 958 bus
658 906 1078 972 haudquaquam
1108 915 1323 960 noceat.
1380 906 1436 959 ln
1493 891 1628 962 legis
1675 910 2078 963 desertiorihus

511 1007 642 1050 sunt
682 999 948 1050 dracones
971 997 1040 1050 70
1080 999 1294 1051 cubitos
1330 999 1502 1066 longi,
1544 1001 1742 1067 scorpii
1786 1001 2076 1066 cubitales,

514 1089 753 1140 formica:
780 1088 1069 1155 palmares.
1168 1085 1463 1154 Propterea
1522 1090 1667 1142 ista-c
1730 1089 1856 1148 loca,
1900 1090 2080 1144 nullos

514 1175 721 1227 incolas
757 1175 979 1227 habent.
1004 1173 1275 1244 Gregatim
1307 1176 1507 1230 ibidem
1535 1178 1810 1246 elephanti
1865 1190 2078 1247 pastum

515 1272 784 1330 quierunt.
823 1263 880 1314 ln
911 1264 1156 1331 partibus
1192 1264 1368 1317 adhuc
1412 1266 1772 1331 penitioribus
1827 1267 2080 1320 homines

517 1353 864 1419 reperiuntur
888 1353 1035 1422 quia
1069 1355 1323 1408 carnibus
1354 1356 1605 1409 humanis
1644 1373 1746 1409 non
1781 1357 2075 1412 abstinent.

515 1441 670 1508 Apud
693 1442 974 1496 Chaldaeos
1007 1445 1123 1512 lege
1144 1460 1464 1500 concessum
1491 1458 1575 1500 est
1611 1456 1668 1500 ut
1695 1457 1922 1502 matrem
1954 1449 2079 1517 quis

514 1534 615 1586 sibi
635 1534 986 1588 matrimonio
1013 1535 1223 1604 jungat,
1255 1546 1309 1590 et
1343 1546 1450 1590 tam
1501 1552 1718 1592 sorores
1752 1555 1915 1608 quam
1942 1539 2078 1595 filias

514 1624 679 1677 ineat.
707 1622 862 1691 Apud
885 1625 1114 1696 Agilzeos
1141 1627 1357 1680 femina:
1391 1644 1489 1681 sua
1524 1628 1671 1682 viros
1703 1629 1758 1682 in
1809 1639 2078 1698 poteSIale

515 1715 736 1778 habent,
770 1731 977 1785 proque
1009 1718 1162 1770 libitu
1188 1733 1442 1773 venerem
1471 1729 1726 1774 exercent
1751 1721 1884 1774 citra
1913 1722 2074 1775 ullam

514 1805 830 1860 maritorum
905 1808 1328 1863 aemulationem.
1389 1810 1602 1862 Eaedem
1654 1825 1814 1880 agros
1855 1812 2074 1876 colunt,

515 1903 659 1949 :e'es
683 1906 994 1963 exstruunt,
1046 1915 1236 1954 omnes
1270 1915 1462 1968 Operas
1500 1900 1684 1955 viriles
1731 1902 1956 1956 obeunt.
2019 1903 2076 1958 in

518 1983 796 2039 Britannia
820 1987 920 2040 viri
948 1989 1261 2058 complures
1303 2004 1409 2042 una
1441 2004 1566 2042 cum
1600 1988 1826 2043 muliere
1859 1991 2080 2053 cubant,

2180 546 2423 612 ποταμὸς
2453 546 2528 598 ὢν
2549 546 2887 613 δυσπέρατος
2909 544 2996 597 διὰ
3022 546 3082 598 τὸ
3109 545 3548 615 ὁδοντοτύραννον
3569 545 3707 609 ζῶον
3728 561 3745 577 ⁸

2179 633 2272 686 καὶ
2303 633 2411 701 γὰρ
2437 627 2592 695 οὗτος
2621 633 2888 702 ἀμφίϐιον
2918 634 3192 702 μέγιστον,
3233 633 3374 686 ὥστε
3395 632 3490 686 καὶ
3519 633 3750 702 ἐλέφαν-

2180 739 2277 784 τας
2315 724 2657 788 καταπίνειν,
2686 725 2733 776 εί
2772 725 2866 775 καὶ
2899 725 3023 786 τοὺς
3055 725 3252 791 ἄνδρας
3283 723 3504 786 τούτους
3533 725 3594 776 οὗ
3618 724 3750 793 βλά-

2180 832 2304 869 πτει
2334 815 2872 884 διαπεραιουμένους.
2909 816 2996 868 Ἐν
3025 815 3084 868 δὲ
3131 817 3244 877 τοῖς
3271 815 3626 885 ἐρημοτέροις
3653 798 3763 866 τός-³

2180 925 2306 970 ποις
2359 907 2654 978 δράκοντές
2708 909 2847 960 εἰσιν
2897 907 3027 959 ὡσεὶ
3076 907 3296 976 πηχέων
3350 906 3746 974 ἑϐδομήκοντα,

2181 1000 2431 1068 σκορπίοι
2474 999 2529 1051 δὲ
2563 1001 2840 1068 πηχυαῖοι,
2883 998 3171 1068 μύρμηκες
3222 999 3624 1050 παλαιστιαῖον
3658 997 3746 1062 ἐφ’

2180 1085 2224 1157 ᾧ
2261 1089 2355 1142 καὶ
2386 1090 2633 1158 ἀοίκητοι
2664 1090 2918 1156 μένουσιν
2938 1075 3169 1141 σι’τόποι
3201 1089 3423 1141 ἐκεῖνοι.
3463 1087 3622 1138 Ἀλλὰ
3647 1089 3743 1139 καὶ

2180 1179 2470 1247 ἐλέφαντες
2495 1181 2674 1232 ἐκεῖσε
2703 1180 2966 1249 ἀγεληδὸν
2995 1178 3304 1247 βόσκονται.
3333 1179 3644 1248 Ἐνδᾶτερον
3683 1178 3744 1230 δέ
3793 1169 3796 1172 ’

2180 1271 2319 1321 εἰσιν
2346 1269 2622 1337 ἄνθρωποι
2653 1269 2972 1338 ἀνθρώπους
3007 1268 3302 1330 ἐσθίοντες.
3334 1267 3624 1327 Χαλδαίοις
3655 1265 3745 1317 νδ-

2184 1377 2281 1428 μος
2337 1361 2715 1428 μητρογαμεῖν
2777 1361 2871 1412 καὶ
2929 1359 3534 1428 ἀδελφοτεκνοερθορεῖν.
3605 1357 3746 1425 Παρ’

2192 1447 2485 1514 Ἀγιλαίοις
2519 1450 2576 1499 at
2623 1449 2884 1516 γυναῖκες
2933 1447 3250 1502 αὐθεντοῦσι
3279 1447 3385 1500 τῶν
3411 1446 3620 1515 ἀνδρῶν
3647 1446 3745 1498 καὶ

2183 1537 2542 1606 πορνεύουσιν
2569 1538 2646 1600 ὡς
2672 1537 2972 1605 βούλονται,
3007 1538 3079 1608 μὴ
3107 1537 3571 1605 ζηλοτυπούμεναι
3590 1535 3742 1605 παρὰ

2180 1629 2288 1680 τῶν
2317 1629 2526 1698 ἀνδρῶν
2560 1629 2764 1694 αὐτῶν,
2793 1629 3068 1698 γεωργίαν
3105 1629 3162 1682 δὲ
3184 1630 3276 1681 καὶ
3306 1627 3616 1696 οἰκοδομίαν
3646 1629 3744 1680 καὶ

2182 1721 2356 1774 πάντα
2402 1719 2469 1773 τὰ
2528 1719 2745 1789 ἀνδρῷα
2775 1723 3126 1790 πράττουσιν.
3183 1719 3270 1772 Ἐν
3331 1719 3386 1772 δὲ
3443 1718 3747 1792 Βρεττανίᾳ.

2183 1812 2419 1865 πλεῖστοι
2445 1811 2635 1880 ἄνδρες
2663 1813 2759 1881 μιᾷ
2787 1812 3210 1878 συγκαθεύδουτι
3239 1813 3476 1878 γυναικὶ,
3495 1809 3589 1862 καὶ
3615 1809 3751 1861 πολ-

2180 1902 2273 1955 λαὶ
2309 1905 2562 1969 γυναῖκες
2608 1902 2688 1955 ἑνὶ
2744 1901 2919 1970 ἀνδρί.
2959 1902 3260 1971 ’Δμαςόνες
3297 1901 3352 1954 δὲ
3406 1900 3607 1970 ἄνδρας
3643 1899 3747 1951 οὐκ

2179 1994 2410 2062 ἔχουσιν,
2439 1993 2551 2045 ἀλλ’
2576 1992 2650 2054 ὡς
2677 1993 2742 2045 τὰ
2767 1993 2935 2060 ἄλογα
2957 1992 3098 2046 κατὰ
3136 1992 3197 2045 τὺ
3221 1991 3318 2062 ἔαρ
3341 1992 3452 2052 τοῖς
3466 1989 3746 2058 γειτνιῶσι

513 2085 565 2127 et
593 2085 781 2129 contra
829 2079 1011 2132 multa:
1051 2080 1307 2134 mulieres
1335 2096 1457 2134 eum
1513 2097 1623 2134 uno
1666 2081 1803 2133 viro.
1857 2081 2083 2134 Amazo-

2186 2085 2494 2153 μίγνυνται,
2532 2086 2628 2137 καὶ
2679 2086 2820 2155 μέγα
2859 2083 3333 2154 πανηγυρίζουσαι
3376 2082 3560 2136 οἴκαδε
3609 2083 3748 2133 ἀπο-

516 2179 616 2217 nes
645 2165 792 2219 viros
825 2169 1005 2221 nullos
1041 2170 1263 2232 habent,
1293 2170 1386 2222 sed
1438 2171 1722 2224 brutorum
1781 2173 1838 2224 in
1875 2187 2082 2224 morem

2186 2177 2496 2246 στρέφουσι,
2526 2179 2618 2230 καὶ
2642 2177 2783 2232 κατὰ
2809 2179 2903 2230 τὸν
2934 2171 3126 2247 καιρὸν
3158 2175 3258 2244 τῆς
3281 2176 3529 2246 κυήσεως
3557 2173 3614 2228 τὸ
3643 2173 3747 2242 μὲν

515 2264 805 2321 appetente
831 2274 1000 2312 verno
1024 2268 1267 2327 tempore
1305 2276 1429 2314 cum
1459 2260 1653 2315 vicinis
1697 2277 1810 2314 rem
1861 2263 2083 2329 habent,

2186 2267 2351 2339 ἄρρεν
2378 2267 2682 2338 ἀναιροῦσι,
2707 2268 2766 2321 τὺ
2797 2269 2853 2321 δὲ
2883 2268 3016 2338 θῆλυ
3046 2266 3390 2334 ζωογονώσι.

517 2351 780 2419 quasique
806 2362 1048 2407 mercatu
1105 2369 1300 2420 magno
1327 2357 1606 2410 celebrato
1642 2358 1862 2412 tandem
1927 2359 2150 2414 domum
2185 2373 2491 2420 revertunt.
2541 2365 2641 2420 Ubi
2671 2365 2868 2421 deinde
2899 2374 3110 2436 partum
3137 2367 3196 2419 in
3237 2365 3412 2418 lucem
3455 2361 3752 2417 ediderunt

519 2456 698 2495 mares
731 2445 944 2507 tollunt,
989 2447 1234 2502 femellas
1266 2448 1522 2504 educatas
1557 2462 1794 2506 servant.

589 2538 679 2591 lle
711 2542 1142 2597 consuetudines
1165 2544 1306 2612 apud
1337 2546 1515 2598 varias
1581 2546 1822 2616 locisque
1857 2563 2077 2617 separa-

519 2639 602 2682 tas
633 2632 880 2685 nationes
910 2635 1062 2702 quasi
1089 2650 1185 2703 per
1211 2648 1406 2690 manus
1451 2652 1479 2690 a
1506 2639 1799 2707 majoribus
1826 2645 2082 2710 (accepta!

517 2726 780 2792 paulatim
814 2726 866 2778 in
889 2727 1036 2792 leges
1063 2729 1336 2795 abierunt,
1369 2731 1820 2800 quemadmodum
1855 2749 2081 2801 magnus

517 2818 609 2869 ille
639 2817 906 2872 Cmsarius
935 2821 1171 2890 scripsit.
1209 2823 1338 2877 Post
1377 2823 1581 2876 obitum
1654 2825 1946 2879 Alexandri
1993 2841 2076 2880 re-

516 2923 682 2975 gnum
719 2910 836 2978 ejus
886 2913 1193 2980 complures
1259 2914 1314 2967 in
1366 2913 1676 2969 dominatus
1741 2926 1795 2969 et
1853 2917 2078 2986 imperia

517 2998 751 3053 divisum
787 3001 905 3056 fuit.
936 3001 1213 3072 Principes
1265 3004 1364 3073 ipsi
1403 3019 1509 3057 non
1561 3005 1821 3060 destitere
1865 3008 2078 3076 seipsos

515 3087 654 3142 alter
686 3091 911 3146 alterum
947 3094 1222 3160 invadere,
1249 3095 1421 3150 donec
1455 3097 1737 3164 imperium
1773 3097 2075 3152 Romanum

519 3183 872 3246 particulares
906 3186 1036 3238 istos
1076 3186 1389 3242 dominatus
1441 3203 1633 3243 onmes
1669 3204 1699 3244 ο
1729 3190 1908 3244 medio
1959 3207 2082 3246 sus-
2106 3181 2152 3239 ε

521 3271 661 3324 tulit.
690 3274 767 3326 Ac
791 3274 856 3328 de
894 3275 978 3329 his
1011 3277 1227 3346 quidem
1263 3279 1551 3333 hactenus.

590 3364 854 3416 Cancrum
883 3367 1114 3420 Jacobus
1142 3378 1326 3436 patres
1357 3371 1479 3424 illos
1532 3369 1855 3425 familiarum
1888 3373 2090 3442 princi-

519 3467 614 3521 pes
663 3455 728 3507 i2
754 3457 960 3522 genuit,
999 3458 1306 3520 [lube-num,
1335 3461 1678 3532 Symeonem,
1717 3461 1958 3530 Levium,
1994 3465 2088 3519 Ju-

520 3546 638 3596 alam
671 3553 727 3598 et
754 3546 990 3614 reliquos
1030 3549 1225 3602 ordine
1276 3551 1692 3620 subSi-queutes.
1739 3554 1962 3608 Amabat
1986 3559 2086 3608 ati-

522 3645 625 3688 tem
658 3635 776 3704 plus
809 3638 1020 3690 caeteris
1067 3638 1388 3706 Josephum,
1439 3650 1550 3695 tum
1583 3643 1725 3710 quod
1757 3651 1902 3698 esset
1957 3653 2088 3700 natu

523 3727 799 3790 minimus,
831 3737 943 3782 tum
983 3729 1200 3784 virtutis
1247 3747 1436 3798 causa,
1483 3749 1588 3800 qua
1642 3734 1900 3804 singulari
1954 3750 2089 3804 pra!-

519 3817 668 3872 ditus
701 3828 833 3872 erat.
864 3819 1045 3889 Itaque
1093 3821 1165 3874 illi
1198 3824 1378 3876 caueri
1421 3822 1615 3879 fratres
1642 3825 1976 3888 invidebant,
2033 3836 2090 3880 et

519 3910 736 3977 quidem
775 3927 880 3964 non
942 3913 1035 3966 has
1088 3914 1158 3968 ob
1207 3929 1399 3968 causas
1437 3915 1620 3980 modo,
1683 3931 1874 3970 verum
1924 3919 2087 3972 etiam

525 4011 746 4068 propter
775 4003 1070 4064 insomnia,
1101 4019 1221 4072 quae
1245 4006 1293 4059 ei
1323 4020 1381 4059 se
1414 4013 1576 4058 noctu
1603 4005 1925 4062 oﬂ‘erebant.
1951 4007 2086 4062 Nam

519 4092 701 4147 videre
713 4094 992 4148 videbatur
1008 4097 1300 4163 aliquando
1324 4097 1508 4150 stellas
1543 4096 1794 4152 undecim
1815 4113 1936 4151 cum
1969 4101 2088 4166 ipso

520 4183 634 4234 sole
662 4198 723 4235 ac
751 4184 874 4236 luna
909 4201 970 4237 se
1001 4186 1415 4255 congenulando
1443 4195 1786 4240 venerantes.
1814 4188 1892 4240 Ac
1920 4187 2088 4241 stella:

520 4274 613 4342 qui
637 4277 738 4326 lem
775 4276 906 4343 ipsa:
930 4277 1125 4330 fratro-s
1156 4278 1550 4347 significabant,
1586 4277 1662 4332 sol
1699 4287 1928 4347 patrem,
1959 4279 2086 4332 luna

522 4375 767 4419 matrem.
800 4367 998 4430 Quo-lsi
1035 4369 1155 4442 quis
1181 4379 1331 4438 reget
1359 4385 1467 4438 quo
1499 4378 1656 4438 pacto
1681 4370 1892 4423 dicatur
1914 4378 2088 4423 mater

520 4472 642 4509 eum
674 4469 930 4512 venerata
967 4476 1106 4522 esse,
1143 4477 1262 4531 quae
1297 4464 1468 4517 multo
1506 4471 1632 4516 ante
1660 4462 1802 4516 diem
1838 4462 1889 4515 in
1927 4463 2087 4517 terris

521 4563 833 4616 supremum
881 4551 1108 4615 obierat,
1164 4552 1208 4605 is
1237 4552 1365 4621 quid
1413 4552 1612 4606 dicturi
1656 4553 1827 4606 simus
1876 4553 2081 4606 audiat.

520 4637 653 4701 Cum
677 4639 911 4695 Jacobus
937 4642 988 4694 in
1015 4641 1306 4710 Egyptum
1331 4643 1604 4711 profectus
1626 4641 1917 4711 Josephum
1955 4644 2092 4698 sub-

522 4731 687 4784 misse
717 4740 1008 4785 veneratus
1031 4743 1134 4795 est,
1165 4735 1416 4786 eumdem
1441 4733 1489 4785 ei
1523 4734 1886 4788 venerationis
1910 4734 2085 4788 hono-

522 4835 634 4871 rem
675 4830 730 4873 et
779 4838 914 4874 uxor
965 4824 1281 4877 exhibuisse
1331 4823 1548 4886 dicitur,
1588 4824 1665 4877 uti
1717 4839 2086 4892 qumcorpus

520 4922 686 4959 unum
720 4924 840 4962 cum
873 4910 990 4978 ipso
1017 4913 1324 4967 exsisteret.
1368 4914 1720 4982 Alque,hanc
1748 4915 1816 4968 ob
1865 4929 2084 4969 causam

522 4993 715 5049 fratres
751 5013 874 5051 eum
932 5000 1132 5055 invidia
1187 5005 1674 5073 persequebantur,
1706 5020 1809 5073 qua
1861 5005 2082 5073 quidem

520 5084 738 5154 impulsi
769 5104 836 5142 eo
864 5105 1077 5160 quoque
1111 5095 1530 5163 progrediuntur
1572 5105 1628 5150 ut
1651 5095 1873 5149 insidias
1899 5095 1946 5150 ei
1969 5111 2084 5158 m3:

518 5179 748 5235 nifeSIas
778 5190 1085 5248 struerent;
1112 5200 1345 5256 cumque
1378 5198 1553 5241 morte
1597 5187 1876 5241 multaturi
1905 5187 2084 5242 homi-

518 5288 643 5326 nem
693 5284 892 5333 esseut.
929 5278 1287 5344 periculosam
1328 5280 1380 5332 in
1435 5279 1746 5349 voraginem
1799 5281 2082 5349 ahjiciunt.

519 5365 627 5419 Sed
663 5365 821 5437 1M
851 5368 1011 5420 unius
1038 5369 1317 5434 cujusdam
1349 5388 1378 5424 ε
1417 5371 1675 5426 fratribus
1707 5373 1960 5433 consilio,
1989 5372 2080 5441 qui

516 5457 778 5512 Rubenus
824 5467 962 5518 erat,
1009 5459 1092 5512 vir
1128 5475 1396 5528 propenso
1437 5477 1500 5514 ac
1531 5462 1880 5515 benevoloin
1931 5461 2080 5515 lose-

517 5550 680 5616 phum
715 5549 918 5606 animo,
969 5550 1036 5602 de
1083 5552 1336 5621 voragine
1388 5567 1573 5606 rursus
1602 5568 1726 5605 eum
1769 5553 2079 5613 extrahunt,

517 5656 578 5691 ac
605 5643 790 5710 viginti
818 5643 980 5696 uiuis
1015 5643 1123 5710 (sic
1149 5644 1292 5696 enim
1335 5643 1603 5713 Josrphus
1641 5646 1694 5697 in
1727 5643 1949 5697 historia
1984 5660 2079 5696 sua

521 5735 794 5787 memoria?
837 5735 1103 5804 prtuiidit)
1135 5735 1454 5804 quibusdam
1508 5735 1904 5791 mercatoribus
1955 5751 2084 5789 vcn-

2114 4499 2164 4558 D

2259 2551 2443 2605 Ταῦτα
2494 2552 2591 2618 μὲν
2627 2548 2718 2604 οὖν
2768 2553 2946 2608 πάντα
3013 2551 3174 2621 νόμος
3201 2551 3313 2611 τοῖς
3361 2548 3499 2601 κατὰ
3544 2545 3746 2607 τόπους

2186 2643 2396 2698 ἔθνεσιν
2427 2645 2489 2696 ἐκ
2533 2644 2784 2714 διαδοχῆς
2812 2645 2952 2697 κατὰ
2985 2643 3080 2695 τὸν
3115 2643 3292 2710 μέγαν
3325 2640 3624 2707 Καισάρων
3655 2638 3754 2703 γέ-

2187 2752 2331 2803 γονε.
2381 2735 2537 2789 Μετὰ
2595 2736 2776 2804 μέντοι
2826 2738 2925 2804 τήν
2967 2735 3316 2804 Ἀλεξάνδρου
3362 2732 3612 2802 τελευτήν
3658 2733 3746 2793 εἰς

2191 2827 2388 2890 πολλὰς
2441 2827 2676 2896 ἁρχὰςή
2729 2827 2972 2897 βασιλεία
3010 2825 3175 2880 αὐτοῦ
3226 2825 3477 2896 διῃρέθη,
3539 2823 3629 2878 καὶ
3679 2822 3748 2874 οὑ

2187 2917 2451 2972 διέλειπον
2486 2920 2568 2971 ἀεὶ
2620 2917 2740 2971 κατ’
2785 2917 3030 2988 ἀλλήλων
3067 2918 3510 2986 ἐπανιστάμενοι,
3549 2913 3650 2976 ἓως
3678 2906 3748 2964 οὗ

2184 3009 2218 3078 ή
2262 3009 2544 3079 Ῥωμαίων
2578 3008 2718 3079 ἀρχὴ
2767 3009 2864 3069 τὰς
2899 3009 3199 3080 τοπαρχίας
3248 3007 3432 3071 πάσας
3463 3003 3750 3060 κατέλυσε.

2185 3099 2296 3166 Καὶ
2327 3099 2456 3172 περὶ
2481 3100 2583 3170 μὲν
2609 3099 2818 3154 τούτων
2852 3097 3048 3161 οὕτως.

2271 3363 2329 3415 ’0
2360 3362 2418 3415 δὲ
2455 3362 2649 3416 Ἰακὼϐ
2688 3364 2852 3432 γεννᾷ
2869 3363 2996 3424 τοὺς
3021 3361 3229 3416 δώδεκα
3260 3360 3623 3430 πατριάρχας,
3653 3357 3755 3412 τὸν

2201 3451 2444 3522 Ῥουϐὶμ,
2492 3454 2585 3505 τὸν
2635 3454 2878 3522 Συμεὼν,
2922 3455 3013 3506 τὸν
3061 3451 3214 3514 Acut,
3267 3451 3360 3506 τὸν
3402 3450 3600 3505 Ἰούδαν
3651 3452 3759 3504 καὶ

2187 3545 2314 3606 τοὺς
2348 3543 2568 3607 λοιποὺς
2599 3544 2854 3613 καθεξῆς.
2895 3543 3112 3610 Ἠγάπα
3135 3545 3190 3596 δὲ
3224 3543 3317 3596 τὸν
3358 3543 3555 3610 Ἰωσὴφ
3580 3541 3756 3594 πλέον

2187 3635 2296 3688 τῶν
2327 3634 2504 3688 ἄλλων
2539 3637 2633 3691 καὶ
2661 3635 2750 3688 διὰ
2781 3637 2842 3688 τὸ
2877 3635 3142 3688 νεώτατον
3165 3635 3329 3688 αὐτὸν
3359 3630 3501 3688 εἶναι
3528 3634 3622 3686 καθ.
3657 3632 3758 3686 διὰ

2186 3727 2285 3796 τὴν
2315 3728 2623 3797 προσοῦσαν
2648 3726 2797 3796 αὐτῷ
2826 3728 3051 3798 ἀρετήν.
3107 3727 3221 3794 Ἐφ’
3250 3719 3294 3791 ᾧ
3340 3728 3435 3779 καὶ
3463 3724 3755 3792 φθονοῦσιν

2189 3815 2334 3885 αὐτῷ
2348 3817 2400 3869 oi
2435 3817 2654 3885 ἀδελφοὶ
2680 3818 2866 3872 αὑτοῦ.
2902 3819 2978 3872 οι
2998 3818 3086 3870 διὰ
3117 3816 3291 3872 ταῦτα
3311 3817 3368 3870 δὲ
3391 3817 3569 3886 μόνον,
3609 3813 3754 3868 ἀλλὰ

2189 3909 2284 3958 καὶ
2303 3904 2391 3957 διὰ
2427 3906 2526 3967 τὰς
2547 3908 2764 3975 ὁράσεις
2783 3901 2858 3962 ὧν
2879 3909 3084 3970 ἐκεῖνος
3111 3907 3300 3974 γέγονε
3328 3906 3550 3976 θεωρός.
3566 3903 3752 3974 Ἐώρα
3819 3955 3826 3960 .

2187 3997 2297 4066 γὰρ
2315 3997 2552 4068 ἀστέρας
2577 3998 2790 4064 ἕνδεκα,
2823 4000 2922 4052 σὺν
2944 3999 3126 4061 αὐτοῖς
3153 4015 3215 4050 τε
3241 3999 3332 4051 τὸν
3363 3996 3515 4068 ἥλιον
3543 3997 3752 4065 καὶτὴν

2190 4091 2440 4162 σελήνην,
2473 4107 2910 4160 προσκυνουντας
2934 4091 3117 4146 αὐτόν.
3152 4092 3260 4144 Καὶ
3286 4092 3335 4144 οἱ
3392 4090 3490 4159 μὲν
3513 4089 3749 4159 ἀστέρες

2189 4183 2411 4253 ἐδήλουν
2438 4184 2563 4246 τοὺς
2593 4183 2854 4252 ἀδελφοὺς
2884 4182 3071 4250 αὑτοῦ,
3099 4185 3127 4235 ὁ
3161 4184 3315 4252 ἣλιος
3336 4183 3427 4235 τὸν
3455 4181 3688 4251 πατέρα,
3713 4181 3752 4248 ἡ

2185 4277 2244 4330 δὲ
2276 4278 2473 4346 σελήνη
2503 4277 2605 4345 τὴν
2641 4278 2870 4346 μητέρα.
2919 4275 2982 4328 Ei
3012 4275 3382 4350 Belléyet'ttc,
3416 4273 3532 4335 πῶς
3567 4273 3598 4340 ἠ
3641 4272 3755 4340 μήο

2187 4384 2294 4436 τηρ
2323 4367 2541 4434 λέγεται
2572 4368 2970 4437 προσκυνῆσαι,
3004 4367 3128 4419 ἐπεὶ
3154 4363 3554 4430 προαποθανεῖν
3583 4361 3757 4429 ἔφθα-

2191 4475 2303 4522 σεν,
2353 4460 2598 4512 ἀκουέτω
2626 4459 2706 4512 ὅτι
2752 4449 2850 4511 τοῦ
2881 4456 3080 4510 Ἰακὼϐ
3109 4455 3464 4516 κατελθόντος
3495 4457 3552 4506 έν
3579 4453 3756 4519 A176-

2189 4567 2308 4619 πτῳ
2351 4550 2445 4602 καὶ
2495 4549 2968 4618 προσκυνήσαντος
3007 4546 3494 4618 συμπροσκυνῆσαι
3533 4543 3760 4610 λέγεται

2188 4641 2284 4692 καὶ
2311 4641 2344 4708 ή
2375 4641 2508 4707 γυνὴ
2536 4641 2724 4704 αὐτοῦ,
2759 4641 2840 4693 ὅτι
2861 4642 2954 4693 καὶ
2986 4639 3144 4708 σῶμα
3169 4638 3227 4692 ἓν
3248 4638 3550 4708 ἀμφότεροι
3577 4629 3755 4691 οὗτοι.

2189 4728 2399 4781 Οὐκοῦν
2431 4729 2690 4796 ἐφθόνουν
2729 4729 2876 4797 αὑτῷ
2905 4730 2993 4782 διὰ
3025 4729 3184 4782 τοῦτο
3220 4729 3271 4782 οί
3309 4728 3530 4795 ἀδελφοὶ
3555 4724 3756 4778 αὐτοῦ.

2189 4820 2298 4871 Καὶ
2331 4819 2652 4886 φθονοῦντες
2696 4822 2778 4880 είς
2825 4819 3116 4890 ἐπιϐουλὴν
3147 4818 3431 4889 προδήλως
3485 4816 3753 4887 χωροῦσι,

2190 4913 2286 4965 καὶ
2331 4911 2643 4965 θανατῶσαι
2697 4912 2941 4973 θέλοντες
2987 4912 3151 4964 αὑτὸν
3201 4910 3531 4980 ἐμϐάλλουσι
3562 4907 3758 4972 λάκκῳ
3853 4943 3862 4952 .

2190 5003 2370 5074 δεινῷ.
2441 5005 2588 5068 Ἐνδς
2619 5004 2674 5057 δέ
2706 5022 2850 5068 τινος
2882 5005 3207 5080 ὑποθήκαις,
3239 5001 3440 5071 δηλαδὴ
3480 5000 3572 5052 τοῦ
3601 5000 3756 5050 Ῥου-

2191 5097 2290 5163 ϐὶμ
2320 5095 2416 5148 ἅτε
2449 5095 2585 5164 πρὸς
2621 5095 2784 5148 αὐτὸν
2812 5093 3001 5164 φιλίως
3032 5092 3396 5160 διακειμένου,
3427 5090 3520 5142 τοῦ
3544 5090 3757 5142 λάκκου

2189 5201 2247 5236 τε
2278 5184 2441 5237 αὐτὸν
2467 5183 2747 5251 ἐξάγουσι,
2776 5183 2868 5236 καὶ
2896 5182 3036 5236 κατὰ
3065 5183 3163 5251 τὴν
3195 5180 3287 5233 τοῦ
3325 5181 3587 5249 Ἰωσήπου
3605 5179 3762 5229 icto-

2191 5265 2316 5347 ρίαν
2345 5277 2520 5329 εἴκοσι
2549 5278 2696 5344 μνῶν
2718 5279 2830 5338 τοῖς
2860 5275 3122 5343 ἐμπόροις
3151 5271 3484 5325 ἀποδιδόασι.
3519 5269 3672 5323 Μετὰ
3691 5266 3760 5321 δὲ

2186 5370 2363 5423 ταῦτα
2398 5369 2534 5437 πρὸς
2563 5368 2654 5421 τὸν
2683 5367 2898 5436 πατέρα
2938 5364 3367 5434 ἐπιστρέψαντες
3399 5361 3492 5416 τὸν
3523 5361 3618 5429 μὲν
3635 5359 3759 5411 Ἰω-

2191 5459 2296 5528 σὴφ
2325 5459 2508 5526 ἔλεγον
2533 5459 2608 5528 μὴ
2649 5459 2797 5520 ἰδεῖν,
2831 5457 3033 5526 χιτῶνα
3055 5457 3110 5508 δὲ
3134 5456 3322 5508 τούτου
3353 5453 3534 5522 εὑρεῖν
3564 5451 3756 5520 ᾑμαγ-

2191 5549 2351 5619 μένον
2383 5552 2472 5601 καὶ
2491 5548 2901 5618 λελακισμένον,
2929 5547 3001 5609 ὡς
3038 5545 3286 5600 ἐντεῦθεν
3314 5544 3571 5597 ὑπόνοιαν
3603 5540 3758 5606 τάχα

2189 5639 2391 5692 διδόναι
2425 5640 2572 5708 παρὰ
2603 5639 2808 5708 θηρίων
2860 5639 3022 5691 αὐτον
3071 5636 3382 5690 ἀπολέσθαι.
3431 5631 3760 5695 Κατάγεται

2191 5727 2284 5784 οὖν
2313 5731 2461 5800 παρὰ
2487 5732 2592 5785 τῶν
2629 5732 2886 5800 ἐμπόρων
2916 5733 2994 5793 εἰς
3023 5730 3314 5798 Αἴγυπτον,
3342 5727 3434 5780 καὶ
3459 5725 3533 5787 ὡς
3563 5722 3759 5784 δοῦλος
