4110 6194
552 176 659 265 233

1810 196 2236 257 MICHAELIS
2276 196 2533 258 GLYtJ/E

3675 192 3780 257 εει

556 331 783 385 cuquam
826 315 968 370 enim
1002 313 1065 368 ad
1136 328 1253 366 eam
1318 311 1637 365 felicitatem
1689 311 2049 381 pervenisset,
2107 312 2475 366 calamitatum
2515 310 2869 380 pristinarum
2932 305 3259 362 oblivionem
3284 296 3640 360 Qonsecutus
3666 317 3799 359 erat.

574 411 895 477 Ephrrcmus
941 407 1256 460 tantundem
1283 415 1439 459 sonat
1465 420 1529 460 ac
1566 405 1611 458 si
1655 403 1826 467 dicas,
1897 403 1988 473 qui
2051 404 2297 459 restituit
2355 419 2514 469 eum;
2568 418 2689 457 nam
2755 401 3058 455 libertatem
3104 396 3399 465 majoribus
3448 395 3707 451 restituit.
3740 395 3801 450 Et

558 503 672 559 huc
697 499 914 568 quidem
944 499 993 549 in
1031 497 1173 549 hunc
1205 496 1421 548 modqu
1452 510 1706 550 evenere.

630 592 811 647 lacobi
840 600 1024 644 autem
1085 590 1182 642 ﬁlii
1213 605 1336 642 cum
1389 591 1735 659 accepissent
1769 591 1898 661 quid
1941 590 2130 644 Siche-

2306 586 2368 636 Oi
2399 585 2455 636 δέ
2479 600 2543 651 γε
2572 583 2667 636 τοῦ
2702 580 2898 636 Ἰακὼὸ
2939 580 3046 635 uici
3066 579 3398 644 ἀκούσαντες
3427 581 3497 633 τὰ
3526 584 3677 651 παρά
3700 578 3804 637 Συ-

560 700 677 735 mus
704 683 915 734 Elllul‘is
938 681 1079 734 ﬁlius
1101 696 1225 734 cum
1250 697 1436 735 sorore
1460 684 1554 734 su‘a
1585 681 1721 741 Dina,
1740 690 2130 751 perpetrasset,

558 776 738 841 puncti
788 780 937 835 sunt,
974 773 1078 826 hoc
1108 783 1193 826 est
1234 771 1423 825 dolore
1458 772 1655 837 aﬂ‘ecti,
1692 783 1752 826 ut
1790 774 1881 843 qui
1919 774 2133 827 facinus

558 868 661 921 hoc
695 864 1374 934 turpissimumducerent.
1411 864 1594 933 Itaque
1630 875 1861 920 cunctos
1885 866 1986 919 loci
2011 866 2133 933 ejus

558 955 762 1006 incolas
815 952 960 1005 ferro
1019 950 1383 1006 trucidarunt.
1441 951 1807 1016 Quamobrem
1861 955 2136 1008 concessit

555 1044 698 1096 Deus
732 1052 791 1096 ut
824 1044 957 1095 satis
990 1042 1149 1112 longo
1174 1049 1419 1110 tempore
1449 1042 1501 1094 in
1537 1041 1772 1115 Egypto
1802 1043 2133 1098 aﬂlietaren-

556 1149 663 1189 tur.
700 1133 831 1187 Nam
863 1134 977 1187 haec
1009 1148 1172 1189 causa
1218 1133 1320 1185 fuit
1348 1135 1699 1201 quamobrem
1738 1136 2049 1189 diuturnam
2080 1143 2135 1189 et

557 1226 786 1291 primam
822 1224 968 1278 illam
1012 1224 1382 1292 captivitatem
1417 1226 1816 1291 experirentur.
1859 1226 2131 1281 Caeterum

552 1312 810 1375 Jacobus,
869 1312 1160 1366 adventum
1203 1313 1376 1381 ipsius
1409 1312 1685 1379 flagitante
1739 1313 1992 1383 Josepho,
2030 1330 2135 1382 quo

559 1412 809 1471 tempore
839 1402 1037 1456 fratres
1067 1404 1132 1456 ad
1180 1404 1355 1475 ipsum
1403 1415 1625 1474 urgente
1684 1421 1914 1459 annonae
1959 1405 2139 1463 chari,»

556 1504 666 1548 tate
692 1510 749 1553 se
785 1495 1152 1559 contulerant,
1210 1497 1261 1551 in
1294 1495 1587 1565 Aigyptum
1619 1498 1687 1549 75
1715 1512 1836 1551 cum
1866 1497 2136 1567 capitibus

554 1592 638 1639 est
694 1582 991 1651 profectus.
1034 1586 1215 1651 Atque
1252 1585 1398 1638 hunc
1431 1586 1715 1637 numerum
1762 1600 1978 1653 quoque
2025 1585 2137 1639 Lit-

556 1666 683 1725 'er:e
720 1688 886 1727 sacrae
912 1674 1131 1743 penitus
1162 1676 1497 1743 exprimunt,
1532 1685 1589 1727 ut
1617 1687 1818 1743 quanta
1850 1675 2134 1729 hominum

559 1762 848 1815 multitudo
880 1771 1163 1830 procreata
1199 1763 1265 1817 de
1324 1774 1401 1816 tot
1449 1765 1721 1835 capitibus
1761 1765 1928 1820 fuerit
1968 1768 2138 1821 scire-

563 1866 702 1905 mus.
734 1851 971 1909 Jacobus
1006 1855 1141 1924 ipse,
1195 1856 1655 1924 quemadmodum
1692 1857 1747 1915 in
1779 1857 2004 1912 historia
2039 1873 2134 1912 sua

2236 674 2344 744 χὲμ
2372 675 2466 726 τοῦ
2499 674 2619 727 υίοῦ
2660 673 2846 742 Ἐμὼρ
2873 672 3217 742 γεγενημένα
3246 672 3340 724 ἐπὶ
3364 672 3441 742 Mi
3475 673 3677 742 ἀδελφῇ
3710 676 3806 727 αὖ-

2234 767 2343 818 τῶν
2361 767 2493 836 Δινᾷ
2533 765 2931 832 κατενύγησαν,
2968 764 3138 833 ἡγουν
3169 762 3542 833 ἐλυπήθησαν,
3568 765 3811 832 ἀσχημο-

2237 858 2406 927 σύνην
2430 860 2489 911 τὸ
2510 860 2744 927 πρᾶγμα
2772 857 3103 925 ὲλογίσαντο.
3146 855 3264 923 Ἐφ’
3292 849 3335 923 ᾧ
3363 856 3456 908 καὶ
3489 856 3615 919 τοὺς
3632 859 3802 909 ἐκεῖσε

2239 952 2641 1021 παροικοῦντας
2691 950 2855 1019 ἔργον
2886 952 3048 1018 φόνου
3097 948 3482 1018 πεποιήκασιν.
3514 948 3673 1001 Ὅθεν
3715 948 3802 1001 καὶ

2238 1045 2514 1111 συγχωρεῖ
2548 1043 2742 1105 αὐτοὺς
2785 1042 2815 1093 ὁ
2864 1041 2994 1104 Θεὸς
3032 1041 3223 1111 καιρὸν
3260 1040 3441 1092 ἱκανὸν
3489 1041 3802 1111 κακωθῆναι

2238 1132 2356 1184 κατ’
2387 1131 2684 1198 Αἴγυπτον.
2716 1130 2866 1200 Αὕτη
2893 1129 2985 1183 οὖν
3014 1131 3047 1200 ἡ
3083 1129 3230 1183 αἰτία
3257 1129 3358 1195 τῆς
3394 1128 3688 1191 πολυετοῦς
3714 1132 3806 1181 καὶ

2238 1221 2467 1291 πρώτης
2520 1222 2897 1291 αἰχμαλωσίας
2931 1222 3133 1275 αὐτῶν.
3170 1219 3229 1273 Ὀ
3275 1221 3459 1289 μέντοι
3494 1220 3684 1273 Ἰακὼὸ
3708 1222 3808 1289 ζηα-

2235 1309 2421 1379 τηθεὶς
2461 1310 2611 1377 παρᾶ
2641 1308 2735 1361 τοῦ
2766 1309 2990 1379 Ἰωσὴφ,
3022 1310 3187 1379 ἡνίκα
3212 1308 3349 1377 πρὸς
3381 1307 3540 1360 αὐτὸν
3565 1307 3808 1377 ἀπῆλθον

2237 1400 2289 1453 oi
2318 1400 2543 1465 ἀδελφοὶ
2576 1399 2743 1453 αὐτοῦ
2790 1401 2878 1452 διὰ
2934 1400 3032 1469 τὴν
3071 1398 3318 1466 ἀνάγκην
3351 1396 3444 1449 τοῦ
3494 1396 3673 1465 λιμοῦ,
3710 1412 3811 1449 κα·

2238 1491 2433 1559 τῆλθεν
2465 1493 2542 1552 εἰς
2578 1492 2856 1558 Αἴγυπτον
2884 1492 2941 1542 ὲν
2982 1487 3024 1543 0'
3047 1490 3143 1544 καὶ
3192 1487 3232 1542 ε’
3262 1489 3482 1559 ψυχαῖς.
3517 1487 3711 1557 Τίθησι
3749 1488 3808 1541 δὲ

2237 1583 2330 1632 τὸν
2367 1581 2602 1651 ἀριθμὸν
2630 1583 2662 1650 ἡ
2694 1580 2908 1650 Γραφὴ,
2941 1582 3027 1634 ῖνα
3060 1579 3322 1648 μάθωμεν
3350 1581 3416 1632 ὲκ
3445 1577 3625 1630 πόσων
3652 1577 3809 1630 πόσοι

2239 1672 2549 1739 γεγόνασιν.
2587 1670 2647 1724 '0
2702 1672 2759 1723 δέ
2789 1688 2851 1738 γε
2887 1670 3089 1723 Ἰακὼό
3147 1668 3359 1741 μικροῦ,
3401 1669 3512 1721 δεῖν
3557 1668 3809 1732 ἐξέλιπεν

2237 1763 2302 1814 ἐκ
2329 1761 2427 1829 τῆς
2456 1759 2864 1831 ἀπροσδοκήτου
2899 1760 3094 1829 χαρᾶς,
3126 1757 3202 1822 ὣς
3236 1774 3403 1827 φησιν
3432 1756 3719 1827 Ἰώσηπος,
3755 1756 3812 1808 εί

2241 1854 2315 1924 μὴ
2339 1852 2581 1921 δίωσὴφ
2612 1851 2777 1904 αὐτὸν
2806 1849 3231 1919 ἀνεζωπύρησεν
3252 1866 3265 1879 ο
3296 1851 3344 1902 εί
3391 1850 3499 1919 γὰρ
3530 1848 3625 1905 καὶ
3644 1847 3814 1909 αὐτὸς

558 1942 827 2013 Josephus
862 1947 1130 2007 meminit,
1188 1962 1300 2015 prae
1335 1948 1658 2016 necopinato
1701 1948 1897 2018 gaudio
1942 1963 2133 2018 parum

2242 1943 2330 2022 ὑφ’
2356 1945 2551 2014 ἡδονῆς
2572 1946 2753 2012 ἡττων
2792 1942 2887 1995 τοῦ
2944 1942 3149 2004 πάθους
3196 1940 3442 2010 γέγονεν,
3472 1938 3586 1995 ἀλλ’
3617 1940 3680 1993 οὐ
3717 1938 3814 1991 τὸν

559 2034 732 2090 abfuit
770 2035 901 2103 quin
932 2035 1258 2103 exspirar-vt,
1315 2035 1365 2087 ni
1401 2035 1647 2093 videlicet
1696 2034 1972 2106 Josephus
2009 2052 2132 2092 eum

560 2136 888 2190 recreasset,
920 2125 1010 2191 qui
1044 2125 1253 2181 tametsi
1294 2134 1355 2179 ct,
1377 2127 1492 2195 ipse
1542 2127 1831 2196 voluptatis
1866 2130 2137 2199 magnitu-

458 2251 460 2254 μ
557 2217 685 2273 όιηο
714 2226 1086 2281 superaretur,
1132 2232 1240 2269 non
1272 2226 1449 2269 tamen
1484 2219 1675 2270 eodem
1717 2219 1878 2271 modo
1912 2235 2021 2287 quo
2049 2218 2136 2273 Ja-

558 2308 727 2360 cobus
755 2306 1109 2360 adiciebatur.
1142 2305 1319 2373 Atque
1350 2308 1436 2361 hic
1478 2321 1600 2360 cum
1634 2307 1846 2361 Pharao
1872 2306 2136 2362 Jacobum

554 2399 665 2471 jam
700 2415 895 2451 canum
924 2399 1250 2462 intueretur,
1295 2408 1426 2468 quot
1465 2408 1628 2453 natus
1680 2410 1823 2455 esset
1850 2416 2023 2455 annos
2056 2402 2140 2454 in-

562 2501 819 2560 terrogat.
853 2489 1166 2559 Respondet
1197 2491 1239 2544 is
1272 2493 1410 2544 hanc
1444 2491 1500 2544 in
1532 2493 1899 2546 sententiam:
1938 2512 1956 2543 ι
1991 2492 2138 2547 Anni

560 2580 684 2635 vitae
719 2597 875 2647 mete,
934 2597 1071 2650 quos
1128 2583 1505 2652 peregrinatus
1540 2598 1686 2645 sum,
1738 2584 1965 2638 omnino
2012 2594 2141 2639 sunt

560 2683 780 2727 centum
817 2684 873 2727 et
895 2676 1136 2744 triginta,
1167 2691 1306 2748 quos
1328 2675 1476 2743 ipsos
1500 2692 1631 2731 sane
1659 2692 1863 2746 paucos
1886 2687 1943 2750 et
1971 2679 2141 2733 malos

558 2775 818 2838 expertus
850 2780 971 2822 sum
1005 2766 1070 2819 ⁵⁸.
1117 2784 1136 2817 ›
1176 2765 1304 2831 Quae
1331 2768 1553 2836 quidem
1606 2768 1767 2825 verba
1800 2778 2022 2839 propter
2048 2785 2142 2824 eas

562 2857 889 2913 alllictiones
941 2868 995 2911 et
1043 2872 1317 2915 mrumnas
1369 2858 1594 2926 protulit
1649 2875 1784 2929 quas
1845 2876 2161 2930 perpessus

563 2948 760 3002 fuerat.
791 2947 936 3002 Vixit
958 2958 1139 3003 autem
1162 2950 1229 3004 ab
1250 2950 1349 3004 hoc
1372 2958 1613 3019 tempore
1631 2953 1942 3020 quindecim
1966 2953 2145 3007 adhuc

560 3055 752 3103 annos,
772 3042 965 3110 quibus
988 3043 1237 3099 nonnihil
1258 3044 1466 3101 scilicet
1487 3060 1517 3098 α
1535 3045 1954 3108 calamitatibus,
1987 3046 2147 3121 146

570 3148 709 3205 quas
740 3134 977 3186 antehac
1017 3134 1331 3202 pertulerat,
1370 3146 1729 3189 recrearetur.
1778 3135 1844 3191 Et
1891 3137 2145 3192 vivebant

2238 2038 2399 2090 αὐτὸν
2423 2036 2626 2105 τρόπον
2643 2035 2720 2106 τῷ
2737 2035 2949 2092 Ἰακώϐ.
2968 2036 3025 2088 '0
3056 2036 3239 2104 μέντοι
3266 2032 3465 2104 Φαραὼ
3486 2032 3668 2086 πολιὸν
3687 2033 3815 2088 ἰδὼν

2239 2128 2326 2179 τὸν
2342 2124 2531 2179 Ἰακὼό
2552 2125 2731 2195 ἐρωτᾷ
2746 2123 2876 2195 περὶ
2892 2124 2999 2177 τῶν
3016 2124 3152 2177 ἑτῶν
3178 2122 3361 2177 αὐτοῦ.
3383 2123 3491 2177 Καὶ
3503 2123 3561 2184 ὃς
3580 2122 3816 2191 ἀπεκρί·

2239 2236 2366 2272 νατο
2387 2219 2560 2285 λέγων
2584 2234 2596 2247 ·
2641 2236 2658 2267 ι
2690 2218 2753 2268 Δί
2780 2217 2984 2285 ἡμέραι
3010 2215 3119 2269 τῶν
3139 2215 3274 2268 ἑτῶν
3298 2213 3399 2284 τῆς
3429 2212 3575 2283 ζωῆς
3598 2229 3703 2283 μου
3750 2212 3816 2281 ἃς

2240 2310 2512 2379 παροικῶ,
2539 2310 2614 2378 ρλ⁹
2658 2309 2774 2378 ἐτη,
2830 2311 3025 2381 μικραὶ
3074 2308 3167 2360 καὶ
3201 2307 3437 2377 πονηραὶ
3469 2306 3753 2375 γεγόνασι.
3790 2321 3812 2357 ι

2240 2403 2422 2456 Ταῦτα
2447 2402 2502 2454 δὲ
2530 2401 2679 2467 ἔλεγε
2702 2400 2771 2453 δι’
2792 2398 2886 2464 οὓς
2910 2399 3117 2468 ὑπέστη
3147 2384 3504 2469 πειρασμούς.
3545 2396 3817 2466 Ἐπέζησε

2239 2495 2295 2549 δὲ
2329 2493 2468 2563 μετὰ
2494 2492 2669 2546 ταῦτα
2702 2493 2796 2562 ἔτη
2833 2498 2893 2545 ιε’
2924 2494 3002 2555 είς
3023 2491 3368 2561 παράκλησιν
3393 2483 3471 2545 ὧν
3496 2491 3665 2544 ἔπαθε
3702 2492 3820 2545 δει-

2244 2588 2352 2640 νῶν
2402 2586 2471 2641 τά
2512 2587 2620 2656 πρὸ
2652 2585 2770 2642 τοῦ.
2805 2586 2912 2637 Καὶ
2937 2586 2984 2638 oi
3015 2584 3115 2653 μὲν
3151 2584 3373 2638 παλαιοὶ⁸
3416 2583 3583 2636 πολὺν
3618 2583 3819 2654 χρόνον

2242 2674 2403 2738 ἔζων,
2438 2673 2579 2726 ὥστε
2612 2666 2915 2740 αὖξηθῆναι
2935 2672 2997 2724 τὸ
3023 2671 3179 2739 γένος
3203 2674 3263 2723 ὲν
3281 2670 3356 2741 τῷ
3387 2671 3592 2724 πλείονι
3612 2674 3816 2739 χρόνῳ.

2242 2770 2341 2827 Διά
2376 2765 2535 2818 τοῦτο
2558 2767 2652 2818 καὶ
2682 2764 2905 2837 πολλαῖς
2934 2764 3271 2834 συνήπτοντο
3303 2762 3569 2830 γυναιξίν.
3600 2762 3818 2817 Αὐτίκα

2243 2859 2375 2927 γοῦν
2412 2859 2509 2913 καὶ
2551 2855 2691 2927 μετὰ
2742 2855 2832 2909 τὸν
2876 2854 3264 2924 κατακλυσμὸν
3302 2854 3594 2925 μακρόὸιοι
3646 2849 3818 2925 ἦσαν.

2258 2950 2476 3019 Ἐπειδὴ
2513 2949 2567 3001 δὲ
2611 2949 2709 3020 τὴν
2748 2948 3077 3019 οἰκουμένην
3134 2946 3482 3019 ἐπλήρωσαν,
3525 2947 3818 3016 ἠλαττώθη

2246 3042 2435 3093 λοιπὸν
2465 3042 2493 3093 ὁ
2526 3042 2634 3093 τῶν
2664 3040 2802 3094 ὲτῶν
2846 3041 3099 3110 ἀριθμός.
3149 3041 3303 3093 Κατὰ
3333 3040 3391 3093 δὲ
3425 3040 3514 3093 τὸν
3539 3040 3820 3092 θειότατον

2248 3132 2544 3202 Κύριλλον,
2578 3131 2870 3199 ὴλαττὼθη
2904 3134 2972 3183 τὰ
3001 3133 3099 3200 ἐτη
3132 3132 3218 3185 διὰ
3246 3132 3307 3184 τὸ
3331 3129 3429 3202 τὴν
3455 3133 3616 3200 φύσιν
3643 3133 3820 3201 αὐτὴν

576 3241 710 3279 sane
745 3224 957 3291 longam
995 3236 1209 3280 aetatem
1254 3227 1503 3283 homines
1525 3227 1601 3281 illi
1634 3228 1818 3295 prisci,
1845 3243 1953 3297 quo
1977 3244 2140 3299 genus

2249 3224 2654 3293 ἀδρανεστέραν
2684 3220 2763 3292 τῷ
2786 3222 2963 3291 χρόνῳ
2994 3222 3248 3290 γενέσθαι
3279 3224 3375 3277 καὶ
3401 3222 3476 3293 μὴ
3508 3225 3599 3277 ἰπὶ
3628 3224 3820 3277 πλείο-

577 3316 875 3368 humanum
904 3317 956 3368 in
991 3318 1287 3387 majoribus
1342 3316 1452 3369 illis
1477 3317 1601 3371 vita:
1629 3318 1819 3386 Spatiis
1843 3334 1909 3371 co
1935 3319 2145 3373 felicius

576 3415 968 3476 propagaretur
1001 3416 1055 3459 et
1102 3407 1544 3476 atuplilicaretur.
1579 3409 1775 3462 Eadem
1826 3424 1987 3464 causa
2048 3410 2146 3467 fuit

571 3513 672 3550 cur
701 3497 948 3565 pluribus
974 3498 1133 3551 simul
1172 3498 1434 3551 uxoribus
1462 3499 1632 3566 juncti
1669 3509 1869 3553 essent.
1905 3498 2032 3555 Post
2061 3501 2145 3555 di-

568 3590 786 3642 luvium
827 3590 1048 3658 quidem
1080 3598 1229 3643 certe
1260 3589 1459 3643 multos
1494 3591 1672 3643 adhuc
1708 3605 1880 3647 annos
1912 3590 2144 3644 vivendo

2202 3312 2214 3347 -'
2255 3331 2338 3366 σιν
2396 3313 2601 3383 ἰσχύειν
2645 3312 2793 3366 ἔτεσι
2849 3312 3320 3383 παρεκτείνεσθαι.
3357 3314 3467 3367 Καὶ
3528 3313 3820 3377 πολυετεῖς

2256 3405 2356 3471 μὲν
2393 3399 2534 3475 ἦσαν
2568 3404 2873 3457 οί“παλαιοὶ
2909 3404 2980 3456 δι’
3013 3404 3080 3474 ἢν
3116 3404 3298 3458 αἰτίαν
3330 3404 3560 3473 ἔφθασεν
3589 3407 3618 3458 ὁ
3659 3404 3821 3473 λόγος

2250 3495 2462 3546 εἰπεῖν·
2505 3495 2533 3545 ὁ
2591 3494 2647 3547 δὲ
2705 3493 2968 3561 Ἰώσηπος
3022 3497 3089 3565 τῇ
3148 3495 3628 3569 παρευρισκομένῃ
3689 3498 3817 3553 τότε

2251 3588 2426 3657 τροφῇ
2471 3586 2804 3656 μακροϐίους
2835 3584 3089 3654 γενέσθαι
3119 3586 3245 3649 τοὺς
3286 3584 3604 3656 ἀνθρώπους
3633 3588 3816 3655 ἔλεγε.

560 3683 875 3751 explebant.
907 3683 976 3735 At
1026 3680 1116 3734 ubi
1184 3682 1441 3750 paulatim
1514 3683 1703 3740 orbem
1759 3691 2027 3740 terrarum
2091 3681 2480 3749 complessent,
2529 3692 2795 3732 annorum
2845 3688 3007 3731 etiam
3077 3677 3197 3732 vitae
3242 3693 3500 3734 numerus
3559 3678 3819 3734 imminui

568 3779 756 3847 cmpit.
795 3776 994 3842 Quodsi
1030 3776 1253 3830 credere
1281 3775 1480 3846 Cyrillo
1509 3776 1792 3842 debemus,
1850 3777 1965 3832 viro
1997 3775 2364 3838 divinissimo.
2421 3773 2510 3826 illa
2579 3788 2799 3841 quoque
2864 3773 2933 3827 de
2993 3789 3155 3831 causa
3194 3775 3474 3829 hominum
3526 3776 3685 3830 annis
3715 3777 3818 3829 ali-

568 3872 699 3943 quid
729 3871 983 3932 decessit,
1027 3870 1172 3939 quod
1199 3870 1312 3939 ipsa
1362 3882 1553 3924 natura
1605 3872 1864 3941 paulatim
1910 3873 2142 3928 debilior
2180 3874 2272 3928 ﬁat
2313 3881 2362 3924 et
2389 3871 2454 3924 ad
2495 3870 2681 3941 plures
2718 3887 2892 3927 annos
2922 3886 2981 3926 se
3013 3887 3335 3927 conservare
3363 3882 3617 3942 nequeat.

643 3968 846 4022 Genuit
870 3976 1075 4032 autem,
1110 3982 1207 4020 ceu
1238 3966 1347 4036 jam
1384 3974 1512 4021 ante
1557 3969 1891 4032 monuimus,
1922 3970 2149 4037 patriar-

2322 3967 2432 4022 Καὶ
2458 3966 2626 4038 γεννᾷ
2650 3966 2768 4035 μὲν,
2790 3967 2864 4030 ὼς
2889 3969 3124 4036 εἴρηται,
3157 3969 3281 4031 τοὺς
3307 3968 3514 4022 δώδεκα
3541 3970 3816 4038 σιιεοιιιτριιίρ.⁵

569 4058 705 4112 chas
742 4056 977 4111 Jacobus
1008 4056 1316 4121 duodecim,
1343 4072 1371 4110 a
1428 4057 1627 4125 quibus
1658 4059 1943 4113 duodecim
1980 4058 2140 4115 lsrae—

2248 4083 2348 4136 χας
2376 4067 2404 4127 ὁ
2452 4065 2674 4128 Ἰακὼ6,
2706 4067 2797 4135 ἀφ’
2828 4063 2902 4119 ὧν
2934 4068 2989 4119 αί
3016 4066 3224 4119 δώδεκα
3242 4065 3402 4135 φυλαὶ
3429 4065 3523 4119 τοῦ
3561 4066 3810 4136 Ἰσραήλο

571 4152 688 4206 licae
713 4149 883 4203 tribus
906 4156 1036 4201 orta:
1059 4159 1209 4201 sunt.
1234 4147 1446 4203 Etenim
1475 4149 1613 4204 hanc
1642 4150 1811 4218 ipsam
1834 4151 1903 4205 ob
1928 4166 2140 4205 causam

2248 4158 2336 4210 διὰ
2368 4160 2474 4229 γὰρ
2505 4159 2664 4211 τοῦτο
2689 4159 2783 4212 καὶ
2815 4160 3159 4230 πατριάρχας
3202 4161 3405 4223 ἐκεῖνος
3436 4162 3463 4213 ὁ
3503 4160 3659 4227 λόγος
3687 4161 3815 4213 ἐκά-

574 4239 628 4309 in
653 4236 872 4291 Litteris
893 4238 1059 4291 sacris
1089 4237 1353 4309 appellari
1378 4238 1700 4306 patriarcha:
1720 4251 2140 4307 consueverunt,

2250 4248 2407 4301 λεσεν
2433 4251 2512 4312 ὡς
2549 4250 2659 4303 τῶν
2691 4250 2935 4320 πατριῶν
2988 4250 3107 4320 ἦτοι
3134 4251 3245 4303 τῶν
3305 4251 3486 4319 φυλῶν
3526 4252 3815 4321 ἄρχοντας.

573 4329 728 4397 quasi
768 4328 975 4396 patrion
1006 4327 1318 4385 archonles.
1352 4328 1402 4379 id
1436 4338 1519 4382 est
1571 4328 1806 4383 tribuum
1841 4333 1952 4385 sive
1992 4330 2140 4386 fanti-

2252 4342 2406 4395 Κατά
2436 4342 2491 4394 δὲ
2537 4343 2627 4397 τὸν
2683 4344 2860 4411 μέγαν
2894 4342 3215 4411 Ἐπιφάνιον
3252 4336 3393 4396 δέκα
3440 4344 3535 4397 καὶ
3578 4348 3731 4411 τρεῖς
3765 4347 3822 4398 at

571 4417 768 4472 liarurn
806 4419 1105 4488 principes.
1128 4416 1465 4487 Epiphanius
1511 4420 1749 4492 scripsit,
1788 4420 1960 4475 tribus
1990 4422 2140 4475 exsti-

2250 4433 2437 4498 φυλαί.
2488 4434 2548 4486 Ei
2588 4434 2697 4503 γὰρ
2732 4437 2825 4486 καὶ
2866 4433 3005 4503 φυλή
3049 4451 3134 4497 τις
3169 4435 3269 4487 οὐκ
3298 4436 3447 4487 ἔστιν
3471 4436 3531 4487 ὲκ
3567 4433 3661 4487 τοῦ
3707 4437 3815 4488 Ἰω-

571 4509 703 4565 tisse
746 4511 1021 4563 tredecim.
1053 4510 1373 4578 Quanquam
1435 4510 1580 4563 enim
1629 4527 1692 4564 ex
1735 4509 1971 4581 Josepho
2003 4512 2140 4567 nulla

2245 4523 2375 4593 σὴφ,
2427 4524 2545 4579 ἀλλ’
2588 4527 2641 4577 ai
2696 4526 2803 4578 ἀπὸ
2851 4527 2959 4578 τῶν
2996 4527 3193 4580 παίδων
3229 4527 3419 4591 αὐτοῦ,
3464 4526 3557 4580 τοῦ
3598 4542 3655 4579 τε
3687 4528 3820 4585 Μιτ

571 4603 746 4659 tril'us
783 4611 867 4657 est
906 4603 1275 4663 denominata,
1318 4601 1438 4655 dum
1463 4608 1644 4655 tamen
1676 4600 1777 4654 illae
1811 4603 2003 4667 tribus,
2028 4618 2140 4671 quin

2245 4615 2418 4684 νασσῆ
2456 4615 2550 4667 καὶ
2575 4615 2673 4668 τοῦ
2722 4616 2981 4687 Ἐφραῖμ,
3012 4619 3105 4670 δύο
3127 4617 3287 4685 φυλαὶ
3313 4616 3410 4669 τοῦ
3446 4617 3650 4686 Ἰωσὴφ
3674 4634 3823 4686 γνω-

571 4710 604 4751 a
632 4694 755 4747 [iliis
786 4695 908 4762 ejus
954 4693 1202 4746 ManaSse
1231 4707 1294 4745 ac
1332 4690 1628 4760 Ephraimo
1671 4691 1923 4759 profectae
1977 4704 2144 4758 sunt,

478 4800 493 4807 ν
572 4782 813 4852 Josepho
836 4793 1194 4837 accenseutur
1219 4790 1274 4834 et
1309 4780 1645 4836 tribuuntur.
1682 4780 1789 4835 Sed
1810 4783 1955 4835 enim
1987 4783 2151 4840 Levia

580 4874 725 4927 tribu
757 4874 1019 4938 detracta,
1058 4872 1133 4926 uti
1187 4886 1307 4941 quae
1339 4872 1477 4926 nihil
1518 4872 1662 4927 inter
1694 4873 1930 4942 reliquas
1976 4877 2148 4931 tribus

581 4964 805 5018 haberet
827 4963 1060 5027 fructus,
1082 4980 1294 5019 rursum
1316 4965 1490 5021 tribus
1513 4965 1800 5019 duodecim
1819 4964 2147 5023 efﬁciuntur.

580 5054 709 5113 Erat
760 5056 902 5108 inter
952 5065 1178 5113 caeteros
1226 5054 1412 5111 Jacobi
1449 5057 1589 5110 tilios
1630 5054 1857 5123 Levius,
1892 5058 1982 5127 qui
2012 5059 2145 5112 Cau-

2247 4704 2509 4773 ρίζονται.
2546 4708 2737 4777 Ὅμως
2771 4710 2955 4776 μέντοι
2990 4710 3085 4779 τῆς
3117 4708 3248 4762 Λευῖ
3284 4708 3456 4776 φυλῆς
3493 4708 3827 4777 ὑπεξαιρουσ

2261 4794 2428 4864 μένης
2450 4795 2523 4857 ὡς
2544 4798 2709 4866 μηδὲν
2731 4797 3133 4867 ἐργαζομένης,
3150 4797 3356 4850 δώδεκα
3374 4797 3535 4849 πάλιν
3547 4798 3603 4848 ai
3627 4796 3820 4861 φυλαί.

2258 4883 2366 4939 Καὶ
2412 4885 2609 4936 Ἰακὼὸ
2682 4886 2781 4954 μὲν
2837 4888 3004 4956 γεννᾷ
3063 4887 3151 4938 τὸν
3216 4885 3371 4952 Λευῒ,
3428 4884 3558 4939 Astii
3622 4884 3680 4936 δὲ
3730 4887 3826 4935 τὸν

2257 4973 2434 5038 κσάο,
2472 4973 2623 5026 Καὰο
2660 4974 2714 5027 δὲ
2754 4979 2846 5026 τὸν
2885 4976 3124 5043 Ἀμρὰμ,
3161 4976 3383 5045 Ἀμρὰμ
3409 4976 3463 5027 δὲ
3488 4976 3578 5026 τὸν
3612 4975 3825 5027 Μωσὲα

2255 5066 2348 5115 καὶ
2382 5066 2470 5115 τὸν
2499 5064 2730 5133 ’Λαρών.
2760 5067 2865 5116 Καὶ
2890 5065 3095 5133 Μωσῆς
3130 5066 3227 5132 μὲν
3249 5067 3401 5127 ἕκτος
3426 5064 3822 5131 ἀπὺἊὸραάμ.

576 5150 730 5206 thum
779 5150 1110 5218 procreavit;
1168 5165 1232 5203 ex
1265 5150 1469 5203 Caatho
1501 5160 1661 5204 natus
1696 5160 1779 5204 est
1817 5155 2139 5219 Amramus;
2178 5155 2469 5211 Amramus
2504 5158 2703 5213 Mosam
2743 5166 2797 5212 et
2855 5159 3129 5213 Aaroncm
3172 5158 3475 5229 progenuit.
3512 5156 3622 5210 lloc
3655 5159 3827 5211 modo

574 5254 763 5297 sextus
793 5242 862 5294 ab
892 5242 1200 5294 Abrahamo
1232 5238 1330 5294 fuit
1364 5242 1560 5297 Moses.
2046 5290 2049 5293 λ

648 5338 729 5391 Ab
780 5337 971 5389 eodem
1030 5335 1330 5388 Abrahamo
1362 5335 1405 5386 si
1433 5332 1554 5387 Jobi
1591 5332 1807 5405 generis
1839 5331 2033 5386 seriem
2060 5347 2145 5387 re-

577 5440 755 5503 petas,
798 5428 1173 5497 deprehendes
1210 5441 1333 5480 eum
1380 5425 1449 5481 ab
1497 5427 1583 5481 illo
1633 5427 1799 5481 fuisse
1849 5426 2142 5494 quintum,

652 5596 696 5633 θ’
732 5597 869 5653 Gen.
911 5612 981 5663 tv,
1012 5596 1063 5651 9.

2338 5337 2581 5390 Ἐκεῖθεν
2636 5337 3124 5405 γενεαλογούμενος
3147 5338 3172 5388 ὁ
3207 5335 3329 5389 Ἰὼϐ
3384 5336 3634 5405 πέμπτος
3667 5337 3830 5406 εὑρί-

2259 5441 2469 5482 σκεται.
2500 5418 2667 5488 Οὗτος
2697 5430 2724 5478 ὸ
2743 5426 2862 5478 Ἰὼϐ
2886 5428 3025 5480 κατὰ
3052 5428 3147 5495 τὴν
3164 5428 3256 5479 τοῦ
3291 5427 3526 5498 μεγάλου
3548 5427 3826 5504 Κυρίλλου
