4110 6194
305 265 415 333 28Ξ

1558 262 1969 324 ANNALIUM
2014 262 2207 323 PARS
2250 261 2329 324 II.

3471 256 3576 319 ΞΜ

305 385 575 453 ἐξήγησιν
606 380 744 434 ὲτῶν
778 387 819 434 o'
843 381 936 435 καὶ
958 382 1011 449 η’
1040 377 1107 450 ἦν
1140 382 1279 434 κατὰ
1312 382 1408 452 τὴν
1451 380 1625 451 ἀρχὴν
1658 382 1750 433 τοῦ
1787 398 1898 433 πει-

2007 380 2107 435 hoc
2149 390 2231 435 est
2287 377 2581 434 Abrahami
2628 377 2973 447 adnepotem.
3029 373 3202 442 Atque
3252 372 3340 429 hic
3386 374 3574 437 Johns,

302 474 555 545 ρασμφῦ,
583 477 642 527 έν
665 474 723 526 δὲ
764 477 831 545 τῇ
864 476 1048 545 πληγῇ
1080 474 1396 539 διατελέσας
1436 474 1532 543 ἐτη
1573 476 1713 531 ἑπτὰ
1736 475 1897 543 γέγοο

306 584 401 619 νεν
436 566 579 618 ἑτῶν
620 572 727 617 πε’.
752 566 864 617 Καὶ
890 564 1055 620 πόθεν
1088 564 1249 618 τοῦτο
1280 566 1441 635 δῆλον
1466 582 1480 629 ;
1520 567 1585 619 ἐκ
1614 566 1727 617 τῶν
1756 562 1898 634 μετὰ

306 659 413 729 τὴν
461 656 681 725 πληγὴν
719 656 989 709 δοθέντων
1034 657 1186 723 αὐτῷ
1234 664 1308 727 ρο⁹
1349 657 1511 713 ἑτῶν.
1544 657 1766 727 Ἐπειδὴ
1791 657 1898 724 γὰρ

300 751 395 810 εἰς
427 748 493 801 τὸ
528 748 821 801 διπλάσιον
851 748 1053 801 δέδωκε
1086 749 1266 802 πάντα
1317 748 1394 819 τῷ
1436 749 1559 802 Ἰὼϐ
1592 748 1821 818 ὕστερον
1869 750 1897 800 ὁ

307 839 474 902 Θεὸς.
508 838 568 902 ἐξ
597 840 846 908 ἀνάγκης
866 838 1034 893 διπλᾶ
1068 840 1163 892 καὶ
1188 840 1257 893 τὰ
1286 840 1548 912 ἐτηαύτῷ
1577 842 1894 909 ἐχαρίσατο.

312 931 532 986 Οὐκοῦν
553 930 664 983 τῶν
692 928 769 1000 po’
796 931 865 985 τὰ.
889 932 1064 1001 ἡμίση
1101 938 1157 986 π’
1185 933 1279 985 καὶ
1309 930 1747 1003 ε’τυγχάνουσιν.
1780 932 1899 986 Ἐν-

308 1024 507 1077 τεῦθεν
540 1019 640 1077 οὖν
667 1022 1021 1093 εὑρίσκονται
1042 1024 1116 1078 τὰ
1151 1023 1330 1077 πάντα
1366 1023 1459 1094 ἔτη
1489 1023 1585 1076 τοῦ
1616 1023 1739 1076 Ἰὼϐ
1769 1031 1896 1079 σνε’.

312 1114 382 1167 Ei
429 1113 490 1167 δέ
552 1131 615 1181 γε
665 1116 758 1167 τὸν
804 1113 984 1166 πάντα
1023 1114 1218 1183 χρόνον
1262 1117 1360 1184 τῆς
1390 1114 1539 1183 ζωῆς
1562 1114 1727 1167 αὐτοῦ
1769 1113 1899 1184 σμη’

312 1207 412 1276 ἔτη
438 1206 590 1274 λέγει
633 1207 668 1277 ὴ
698 1206 915 1277 Γραφὴ,
947 1205 1025 1275 μὴ
1065 1206 1347 1277 ξενισθῇς·
1390 1208 1459 1263 τά
1493 1208 1599 1278 γὰρ
1627 1208 1769 1260 ἑπτὰ
1804 1206 1897 1278 ἔτη

313 1301 386 1368 τῇ
435 1299 550 1368 ζωῇ
599 1300 701 1369 τῆς
733 1298 950 1369 πληγῆς
996 1298 1164 1351 αὐτοῦ
1202 1301 1265 1352 οὐ
1318 1300 1556 1370 συνῆψεν
1599 1304 1628 1354 ὁ
1660 1317 1899 1371 συγγρα-

310 1392 476 1455 φεὺς,
524 1391 647 1442 ἐπεὶ
684 1390 760 1460 μὴ
797 1389 943 1459 ζωῆς
972 1391 1167 1460 χρόνον
1192 1390 1282 1443 τὸν
1320 1392 1419 1459 τῆς
1460 1392 1677 1463 πληγῆς
1705 1394 1899 1464 καιρὸν

308 1483 609 1549 ἐλογίσατο
637 1482 726 1536 διὰ
755 1485 856 1552 τὴν
877 1484 943 1536 ὲκ
986 1483 1083 1536 τοῦ
1124 1484 1333 1549 πάθους
1361 1485 1650 1554 νέκρωσιν.
1688 1486 1901 1540 οὐκοῦν

306 1572 500 1625 ἔοικεν
522 1574 556 1624 δ
582 1574 856 1644 μακάριος
876 1573 998 1629 Ἰὼϐ
1030 1576 1110 1637 εἰς
1146 1575 1374 1642 ἔνδειξιν
1396 1576 1503 1628 τῶν
1534 1574 1722 1628 θεόθεν
1749 1575 1899 1645 αὐτῷ

310 1664 589 1716 δοθέντων
625 1665 851 1733 ἀγαθῶν
884 1665 1113 1736 ὕστερον
1150 1669 1270 1734 ταῖς
1305 1668 1612 1737 θυγατράσι
1655 1667 1901 1721 τεθεικέ-

2000 471 2460 541 quemadmodum
2509 486 2539 524 a
2581 485 2778 539 magno
2830 467 2920 520 illo
2971 465 3171 536 Cyrillo
3218 466 3574 534 perscriptnn

1997 565 2254 636 legimus,
2292 563 2452 617 initio
2473 577 2586 617 suae
2610 559 2930 616 tentationis
2957 572 3134 611 annos
3157 567 3317 611 natus
3345 568 3462 609 erat
3488 557 3575 620 '78,

1995 674 2231 727 cumque
2278 668 2419 713 tutos
2449 671 2624 711 annos
2661 664 2868 723 septem
2906 653 2962 707 in
3009 652 3145 707 istac
3178 665 3416 704 aarnmna
3447 667 3578 704 exe-

1998 749 2187 819 gisset,
2222 749 2467 818 pervenit
2504 748 2715 803 scilicet
2744 747 2811 800 ad
2846 746 3023 800 aetatis
3060 760 3263 799 annum
3290 745 3380 798 85.
3421 744 3578 799 Unde

1997 856 2126 898 vero
2160 850 2339 908 potest
2369 841 2472 895 hoc
2498 839 2722 907 colligi?
2756 837 2831 890 De
2866 836 3026 890 annis
3053 835 3158 889 illis
3189 834 3311 899 l70,
3343 850 3575 903 quorum

1999 944 2123 1002 post
2151 933 2357 1001 plagam
2392 931 2445 983 in
2470 929 2696 984 historia
2738 928 2799 980 {lt
2834 925 3059 979 mentio.
3092 926 3224 979 Nam
3254 925 3379 993 quia
3428 928 3579 978 deiu-

1998 1041 2129 1094 ceps
2166 1025 2392 1092 duplum
2422 1022 2669 1076 ornnium
2719 1019 2862 1073 Deus
2896 1017 3034 1071 Jobo
3063 1020 3354 1080 concessit,
3387 1034 3578 1072 ιιιεριτδ-

2000 1115 2146 1170 sario
2175 1112 2524 1167 statuendum
2575 1118 2661 1165 est
2689 1107 2830 1178 quod
2865 1107 2914 1162 ei
2956 1108 3179 1177 duplum
3214 1107 3375 1161 etiam
3407 1122 3580 1160 anno—

2001 1222 2120 1260 rqu
2154 1206 2278 1259 vita:
2320 1202 2546 1273 largitus
2584 1201 2770 1256 fuerit.
2803 1199 2924 1254 Jam
2980 1200 3025 1254 si
3059 1199 3125 1253 de
3158 1197 3260 1252 170
3308 1199 3467 1252 annis
3496 1199 3581 1251 δίο

2000 1298 2232 1353 midium
2257 1310 2462 1359 sumas,
2489 1294 2558 1348 85
2591 1293 2852 1357 habebis;
2906 1302 3067 1362 atque
3115 1290 3243 1344 hinc
3273 1289 3582 1355 deprehen-

2000 1391 2150 1446 ditur
2185 1404 2360 1444 annos
2397 1391 2524 1443 vita
2559 1386 2682 1443 Jobi
2740 1387 2911 1440 fuisse
2971 1386 3023 1437 in
3078 1383 3396 1438 universum
3452 1381 3580 1435 253i.

2000 1484 2155 1550 Quod
2185 1494 2367 1537 autem
2406 1479 2628 1535 Littera:
2663 1495 2830 1533 sacra.-
2855 1477 3077 1533 vadunt
3109 1485 3280 1529 totum
3314 1477 3438 1528 vitae
3460 1472 3581 1527 Ιυιιί

2004 1585 2222 1644 tempus
2257 1572 2514 1629 habuisse
2550 1572 2655 1630 248
2678 1586 2875 1629 annos.
2908 1570 2961 1624 id
3008 1583 3139 1624 vero
3168 1567 3261 1623 tibi
3303 1582 3500 1619 novum
3530 1577 3585 1619 et

2007 1666 2247 1721 insolens
2306 1665 2451 1718 haud
2502 1664 2770 1719 videatur.
2821 1660 2959 1714 Nam
3005 1668 3212 1730 septem
3243 1658 3366 1716 illos
3410 1673 3585 1713 annos

313 1771 409 1807 ναι
445 1755 546 1815 τὰς
582 1755 991 1826 προσηγορίαςο
1031 1759 1143 1821 τοῖς
1190 1736 1491 1829 πράγμασι
1526 1760 1633 1830 γὰρ
1675 1759 1898 1813 ἀκολού-

2007 1756 2210 1825 quibus
2265 1756 2467 1811 misere
2496 1754 2780 1809 divexatus
2814 1752 3150 1821 atllirtusque
3184 1750 3305 1815 fuit,
3343 1749 3582 1805 historia:

312 1847 428 1909 θως
464 1848 771 1916 ἐπήνεγκεν
791 1849 988 1926 αὐταῖς,
1023 1850 1118 1904 καὶ
1146 1850 1215 1903 τὰ
1247 1850 1509 1921 ὀνόματα,
1541 1852 1636 1905 καὶ
1668 1851 1767 1922 τὴν
1800 1851 1900 1921 μὲν

318 1936 556 2006 πρώτην
590 1939 853 2009 Ἠμέραν
869 1939 1132 1993 ἐκάλεσεν
1160 1941 1235 2005 ὡς
1260 1942 1367 1995 ἀπό
1395 1959 1540 2006 τινος
1565 1942 1787 2012 βαθείας
1812 1960 1905 1996 νυ·-

308 2030 447 2092 me;
488 2030 597 2083 τῶν
642 2034 1164 2103 περιστοιχισάντων
1211 2035 1373 2088 αὐτὸν
1407 2035 1659 2105 χαλεπῶν
1687 2036 1902 2108 ἡμέρας

314 2121 472 2191 αὐτῷ
510 2124 779 2195 φωτεινῆς
814 2124 1228 2195 ἐπιλαμψάσης,
1262 2128 1364 2193 τὴν
1397 2128 1455 2180 δὲ
1492 2126 1755 2197 δευτέραν
1786 2130 1902 2181 Κα-

306 2211 443 2263 -σίαν
475 2212 767 2283 ὠνόμασεν
806 2215 883 2279 ὡς
913 2216 1013 2287 ἤδη
1047 2216 1231 2269 λοιπὸν
1266 2219 1324 2272 ὲν
1354 2219 1554 2289 εὐωδίᾳ
1581 2220 1685 2275 τινὶ
1713 2220 1807 2272 καὶ
1840 2219 1901 2271 ἀ-

312 2300 583 2355 πολαύσει
636 2303 745 2356 τῶν
799 2304 1022 2373 ἀγαθῶν
1070 2308 1388 2373 γενόμενος,
1451 2308 1550 2377 τὴν
1605 2306 1664 2361 δὲ
1709 2308 1900 2379 τρίτην

326 2392 665 2462 Ἀμαλθείας
703 2398 871 2467 κέρας
906 2400 1351 2470 προσηγόρευσεν
1389 2399 1464 2462 ὡς
1493 2399 1666 2454 ἅπασι
1714 2400 1900 2455 λοιπὸν

308 2487 429 2547 τοῖς
467 2487 697 2555 ἀγαθοῖς
731 2490 1551 2561 περιρῤεόμενος.-σ’Λμαλθείας
1588 2493 1697 2561 γὰρ
1730 2494 1901 2567 κέρας

308 2578 362 2627 οἱ
401 2577 627 2633 παλαιοὶ
674 2582 774 2650 τὴν
812 2582 1078 2652 ἀφθονίαν
1108 2583 1373 2637 ἐκάλουν
1423 2583 1640 2652 λέγεται
1669 2586 1777 2657 γὰρ
1816 2588 1898 2640 ὅτι

286 2665 384 2742 ιῆν
414 2673 626 2744 αὶσιόλῳ
655 2660 771 2729 τινί
812 2677 902 2743 αἲξ
928 2675 1232 2746 ’Δμάλθεια
1265 2677 1598 2749 καλουμένη,
1623 2679 1744 2749 ἥτις
1772 2679 1901 2749 ὀρύ-

311 2764 458 2827 ξασα
482 2767 564 2836 τῷ
598 2771 795 2837 κέρατι
827 2769 1103 2839 θησαυρὸν
1132 2770 1372 2836 ἀνέδειξε
1406 2770 1483 2839 τῷ
1502 2771 1758 2840 δεσπότῃ.
1789 2771 1899 2824 Καὶ

307 2858 416 2926 οὐχ
472 2858 780 2930 εὑρέθησαν
821 2861 964 2932 γὰρ,
1029 2866 1185 2932 φησι.
1243 2863 1387 2916 κατὰ
1439 2862 1541 2924 τὰς
1589 2863 1899 2931 θυγατέρας

2001 1847 2237 1916 scriptor
2284 1847 2458 1915 ipsius
2494 1847 2618 1901 vita:
2646 1860 2756 1899 non
2791 1844 3197 1907 adnumeravit,
3249 1842 3392 1912 quod
3441 1851 3580 1897 tent-

2001 1954 2104 2008 pus
2155 1936 2286 1992 illud
2317 1952 2707 2001 aerumnosum,
2755 1951 2863 2005 quo
2904 1945 3111 1990 tantum
3153 1950 3259 1990 non
3304 1950 3414 2005 pra:
3466 1952 3581 1988 ma-

1999 2033 2281 2103 gnitudine
2327 2030 2534 2086 doloris
2587 2037 2870 2083 emortuus
2911 2037 3046 2089 erat,
3105 2042 3444 2096 nequaquam
3482 2041 3579 2094 pro

2000 2124 2110 2178 vita
2151 2124 2399 2178 duceret.
2444 2122 2670 2177 Videtur
2720 2131 2900 2178 autem
2948 2121 3139 2173 beatus
3180 2120 3270 2175 ille
3294 2118 3465 2173 Jobus
3512 2120 3577 2171 atl

2000 2213 2547 2269 commonstrandum
2604 2229 2666 2267 ea
2698 2212 2865 2277 bona,
2894 2211 3050 2282 157
3083 2227 3201 2279 quze
3236 2210 3496 2279 deinceps
3529 2209 3580 2263 ei

2000 2322 2265 2363 concessa
2317 2304 2581 2359 divinitus
2632 2305 2886 2369 fuerunt,
2950 2302 3172 2355 nomina
3220 2301 3433 2355 ﬁliabus
3468 2302 3582 2354 suis

1999 2398 2237 2453 dedisse.
2268 2396 2404 2451 Nam
2437 2394 2707 2465 ejusmodi
2754 2408 2888 2448 sane
2929 2392 3323 2463 appellationes
3372 2392 3449 2446 eis
3496 2392 3583 2444 in-

1999 2490 2159 2553 didit,
2194 2506 2313 2559 quae
2365 2489 2532 2543 rebus
2585 2487 2716 2557 ipsis
2768 2495 3020 2540 accurate
3072 2484 3447 2541 comenirent.
3504 2485 3584 2541 Ac

2000 2581 2189 2650 prima:
2223 2581 2440 2650 quidem
2478 2588 2897 2649 cognomentum
2924 2578 3031 2632 diei
3064 2578 3234 2638 dedit,
3269 2577 3424 2646 quasi
3467 2578 3587 2645 jant

1997 2690 2063 2728 ex
2124 2674 2395 2743 profunda
2443 2674 2672 2741 quadam
2731 2680 2893 2724 nocte
2946 2684 3126 2724 rerum
3180 2668 3532 2722 adversarum
3564 2707 3581 2730 ,

1998 2768 2200 2836 quibus
2250 2766 2489 2836 undique
2529 2765 2722 2818 fuisset
2757 2763 3148 2827 circumdatus,
3199 2763 3315 2814 dies
3337 2760 3435 2829 ipsi
3468 2760 3581 2815 cla-

2000 2860 2214 2912 rissima
2266 2858 2554 2911 illuxisset.
2601 2856 2840 2908 Alteram
2878 2854 3119 2909 Cassiani
3151 2852 3582 2922 vocavit,_quasi

321 2948 447 3000 Ἰὼϐ
469 2948 715 3018 βελτίους
748 2953 928 3008 αὐτῶν
960 2955 1017 3006 ἐν
1043 2957 1110 3024 τῇ
1155 2953 1248 3007 ὑπ’
1269 2953 1523 3023 οὐρανόν.
1562 2954 1669 3007 Διά
1721 2953 1775 3005 τί
1836 2952 1896 3005 δὲ

2001 2951 2104 3020 iam
2135 2948 2394 3017 deinceps
2421 2948 2476 3000 in
2504 2946 2801 3018 fragrantia
2839 2946 3073 3016 quadam
3115 2957 3169 2999 et
3201 2944 3459 2999 finitione
3484 2946 3579 2997 bo-

314 3040 484 3094 τοῦτο
515 3060 532 3106 ;
570 3043 657 3097 ἵνα
696 3049 762 3115 τῇ
796 3045 893 3115 θέᾳ
931 3049 1137 3099 τούτων
1163 3049 1194 3116 ἡ
1226 3046 1320 3098 τοῦ
1345 3046 1553 3107 πάθους
1584 3045 1892 3116 ἀπαλειφθῇ

2001 3058 2192 3097 norum
2248 3043 2487 3111 degeret.
2551 3038 2789 3093 Tertiam
2840 3037 3133 3107 appellavit
3180 3053 3349 3091 cornu
3400 3037 3583 3093 Amal-

310 3138 509 3203 μνήμη
544 3140 883 3191 παντάπασι.
915 3138 1022 3190 Καὶ
1052 3138 1181 3195 δέκα
1207 3139 1307 3207 μὲν
1334 3139 1492 3193 ἔλαϐε
1522 3141 1722 3203 παῖδας
1757 3143 1894 3210 μετὰ

307 3228 411 3296 τὴν
448 3228 665 3295 πληγὴν
693 3230 720 3279 ὁ
744 3229 887 3294 Ἰὼϐ,
918 3231 998 3282 ὅτι
1028 3232 1121 3282 καὶ
1152 3230 1283 3283 δέκα
1307 3232 1529 3294 τούτους
1559 3233 1718 3296 ὄντας
1743 3235 1896 3288 ἀπώο

309 3318 491 3372 λεσεν.
536 3321 597 3371 Εἰ
647 3320 704 3371 δε
733 3321 898 3373 διπλᾶ
935 3321 1079 3390 λέγει
1112 3322 1179 3375 τὰ
1220 3322 1397 3375 πάντα
1436 3322 1617 3375 λαϐεῖν
1641 3326 1732 3377 τὸν
1772 3327 1892 3381 Ἰὼϐ

315 3413 351 3479 η
410 3410 633 3482 ι’ραφὴ,
666 3413 754 3491 ’μὴ
785 3413 1054 3483 θαύμαζε,
1105 3415 1186 3467 Τὰ
1222 3417 1331 3485 γὰρ
1390 3416 1756 3471 λοιπάπάντα
1789 3437 1891 3475 κα·

314 3506 550 3573 μηλους,
599 3507 883 3573 ἡμιόνους,
922 3508 1217 3578 προϐάτων
1253 3508 1477 3575 ἀγέλας,
1515 3510 1609 3561 καὶ
1646 3510 1746 3562 ὅσα
1786 3528 1894 3563 τοι-

310 3594 473 3658 αῦτα,
517 3596 685 3649 διπλᾶ
735 3599 880 3650 κατὰ
920 3598 1017 3667 τὴν
1051 3598 1278 3668 Γραφὴν
1333 3599 1528 3651 ἔλαϐε·
1571 3600 1739 3668 θνητά
1787 3602 1893 3671 γὰρ

307 3686 485 3739 ταῦτα
514 3688 716 3751 πάντα,
745 3689 838 3740 καὶ
866 3689 967 3743 οὐκ
994 3691 1392 3757 ἀναστήσονται
1420 3691 1564 3745 τότε.
1598 3694 1659 3744 Οἱ
1691 3692 1747 3744 δὲ
1770 3696 1898 3746 παῖ-

308 3780 398 3841 δες
433 3781 884 3851 ὁμολογουμένως
921 3783 1322 3851 ἀναστήσονται
1361 3788 1504 3836 τότε.
1544 3785 1661 3854 Ἐφ’
1687 3779 1731 3852 ᾧ
1763 3785 1895 3841 δέκα

309 3874 407 3926 καὶ
457 3873 657 3940 μόνους
702 3874 937 3933 ἐνταῦθα
988 3877 1263 3947 λαμϐάνει
1326 3876 1464 3941 μετὰ
1502 3876 1603 3945 τὴν
1656 3879 1893 3949 πληγήν.

338 3964 453 4033 Οηὶιὲ
492 3966 549 4017 δὲ
576 3967 865 4031 κάκείνους
898 3966 989 4031 οὓς
1024 3968 1276 4022 ἀπώλεσε
1309 3970 1566 4040 λήψεται,
1610 3969 1685 4034 ὡς
1714 3969 1897 4023 ἐντεῦ-

310 4054 408 4104 θεν
443 4054 520 4117 δὶς
549 4056 682 4108 δέκα
725 4057 922 4120 παῖδας
960 4058 1105 4128 ἔχειν
1141 4060 1325 4124 αὑτὸν,
1370 4050 1654 4112 τουτέστιν
1697 4061 1890 4115 εἰκοσι.

312 4147 513 4210 Καλῶς
554 4145 648 4202 οὖν
677 4151 709 4217 ἡ
741 4152 930 4222 Γραφῇ
975 4152 1141 4205 διπλᾶ
1188 4152 1375 4206 λαϐεῖν
1407 4154 1560 4222 ἔλεγε
1609 4155 1678 4206 τὰ
1716 4143 1894 4207 πόῶτα

313 4240 458 4306 μετὰ
485 4242 587 4310 τὴν
619 4242 835 4312 πληγὴν
864 4244 956 4297 τὸν
994 4242 1134 4297 Ἰὼϐ.

2005 3139 2164 3193 theae,
2195 3130 2346 3199 quasi
2384 3129 2610 3198 posthac
2654 3128 2894 3182 futurum
2946 3137 3091 3181 esset
3124 3136 3179 3183 ut
3212 3128 3367 3183 bonis
3398 3131 3579 3181 omni-

2002 3224 2103 3277 bus
2135 3222 2402 3278 alliceret.
2436 3219 2570 3275 Nam
2596 3221 2844 3274 homines
2883 3220 2958 3273 illi
2990 3219 3153 3288 prisci
3188 3234 3357 3273 cornu
3389 3220 3574 3272 Amal—

2005 3318 2142 3369 thea:
2184 3313 2451 3367 vocabant
2505 3312 2960 3365 rerumomnium
2998 3312 3271 3380 copiosam
3300 3312 3582 3365 abundan-

2004 3410 2153 3462 tiam.
2181 3406 2474 3460 Perhibent
2496 3405 2642 3458 enim
2669 3398 2972 3473 caprarium
2997 3405 3282 3473 quemdam
3308 3420 3506 3474 pas:ort
3528 3422 3580 3462 ιιι

2002 3501 2263 3555 habuisse
2302 3514 2521 3568 capram
2565 3499 2651 3552 cui
2709 3498 3007 3551 Amaltheae
3047 3513 3246 3551 nomen
3298 3507 3463 3551 esset.
3505 3498 3578 3551 Ea

2003 3610 2126 3648 cum
2187 3605 2383 3646 terram
2418 3608 2588 3646 cornu
2640 3592 2896 3646 fodiendo
2931 3591 3254 3659 aperuisset,
3300 3570 3432 3644 hero
3478 3606 3580 3643 suo

2004 3686 2322 3740 thesaurum
2357 3683 2618 3738 ostendit.
2650 3682 2899 3753 Legimus
2936 3696 3116 3735 autem
3152 3685 3251 3735 hac
3303 3684 3353 3734 in
3406 3683 3580 3737 histo-

2004 3779 2080 3830 ria
2117 3790 2281 3830 verba
2320 3777 2566 3847 qnmdatn
2602 3775 2944 3844 bujusmodi:
2993 3793 3010 3825 ι
3049 3773 3159 3831 Nec
3189 3773 3309 3829 Jobi
3367 3774 3579 3831 ﬁliabus

2002 3871 2411 3942 pulchritudine
2442 3886 2603 3938 pares
2656 3868 2778 3922 ulla:
2808 3869 2910 3921 sub
2964 3868 3102 3922 cosio
3133 3869 3419 3922 exstabant
3450 3870 3515 3921 ‘9.
3557 3888 3574 3916 ι

2001 3965 2364 4030 Quamobrem
2399 3963 2541 4016 Deus
2574 3962 2718 4015 istud
2770 3960 2844 4014 ita
2877 3961 3079 4016 voluit?
3112 3958 3179 4014 Ut
3209 3962 3397 4013 liaium
3427 3959 3582 4013 vide-

2003 4057 2128 4110 licet
2161 4055 2360 4109 intuitu
2406 4055 2615 4125 paterni
2643 4053 2848 4107 doloris
2894 4054 3154 4110 memoria
3187 4068 3407 4122 prorsus
3452 4051 3583 4107 abo-

2002 4149 2229 4202 leretur.
2286 4146 2432 4204 ldem
2493 4161 2523 4203 a
2589 4145 2899 4203 calamitate
2948 4145 3148 4199 liberos
3200 4146 3386 4199 decem
3453 4160 3582 4214 pro-

2001 4243 2210 4298 creavit
2252 4251 2487 4303 tantum,
2524 4255 2650 4293 eum
2700 4250 2858 4295 antea
2900 4218 3133 4307 quoque
3168 4237 3352 4291 liberis
3393 4243 3578 4291 decem

309 4333 538 4386 orbatus
566 4335 779 4390 fuisset.
817 4336 914 4393 llic
982 4338 1163 4392 mirari
1206 4338 1395 4394 desine
1463 4341 1818 4409 quamobrem
1886 4339 2107 4395 Littera:
2163 4350 2333 4390 sacra:
2355 4336 2540 4391 dicant
2567 4332 2749 4386 omnia
2794 4332 3055 4389 divinitus
3112 4330 3247 4385 Jobo
3294 4333 3505 4399 condam
3533 4330 3580 4388 i-

309 4442 431 4485 rata
460 4432 652 4489 fuisse.
686 4432 820 4487 Nam
880 4443 1072 4488 cretera
1128 4435 1347 4504 quidem
1398 4437 1585 4489 omnia
1610 4476 1624 4501 ,
1662 4436 1922 4500 camelos,
1969 4435 2171 4497 mulos,
2204 4434 2389 4487 ovium
2432 4444 2622 4502 greges
2648 4430 2861 4497 aliaque
2890 4430 3016 4482 talia
3051 4427 3449 4495 conduplicata,
3482 4442 3579 4479 ceu

312 4524 535 4581 Littera:
587 4541 758 4581 sacrae
812 4528 1128 4596 loquuntur,
1182 4528 1407 4597 recepit.
1467 4531 1680 4605 Quippe
1732 4530 1895 4585 morti
1931 4537 2127 4582 cuncta
2157 4527 2245 4579 illa
2309 4539 2439 4578 sunt
2505 4525 2760 4585 obnoxia,
2799 4538 2897 4576 nec
2932 4522 2985 4575 in
3016 4532 3257 4575 extremo
3283 4519 3371 4573 die
3404 4535 3585 4573 resur-

310 4624 462 4685 gunt.
497 4621 566 4672 At
591 4632 718 4671 vero
745 4619 811 4672 de
846 4619 1031 4673 liberis
1066 4619 1302 4674 dubitari
1364 4620 1516 4675 nullo
1561 4621 1722 4675 modo
1782 4628 1964 4691 potest
2001 4620 2133 4689 quin
2163 4618 2528 4671 resurrecturi
2570 4617 2702 4670 sint.
2740 4614 3033 4683 P.0pterea
3075 4615 3262 4667 decem
3295 4627 3324 4665 a
3358 4611 3581 4669 Calami-

313 4721 429 4763 tatc
464 4721 678 4765 tantum
711 4712 924 4781 recipit,
958 4713 1219 4767 nimirum
1251 4724 1325 4781 ,οι
1356 4714 1491 4769 alios
1521 4715 1642 4770 illos
1695 4715 1901 4784 pridem
1944 4713 2177 4767 amissos
2249 4711 2464 4765 tandem
2516 4710 2806 4778 aliquando
2870 4716 3308 4776 recuperaturos.
3364 4706 3480 4770 Quo
3516 4711 3582 4759 de

309 4804 588 4873 colligitur
622 4820 746 4858 eum
781 4804 1037 4860 habuisse
1073 4804 1157 4857 bis
1220 4806 1410 4859 decem
1446 4806 1665 4869 liberos,
1717 4807 1820 4861 hoc
1887 4816 1971 4860 est
2014 4802 2223 4874 viginti.
2260 4805 2433 4871 Atque
2460 4802 2564 4855 hoc
2599 4800 2759 4855 modo
2796 4809 2945 4870 patet
2969 4797 3201 4853 Litteras
3228 4812 3410 4851 sacras
3437 4810 3585 4859 recte

311 4901 532 4955 locutas
565 4915 707 4963 esse,
742 4915 865 4954 cum
894 4900 1089 4953 Jobum
1122 4900 1273 4953 aiunt
1308 4915 1337 4953 a
1370 4902 1677 4956 calamitate
1713 4901 1895 4955 omnia
1934 4899 2315 4969 conduplicata
2350 4887 2644 4965 recepisse.

387 4997 497 5048 Καὶ
549 4996 715 5065 γεννᾷ
748 4994 995 5065 Ἀμρὲιμ,
1032 4994 1107 5056 ὡς
1137 4995 1382 5063 εἴρηται,
1412 4996 1501 5048 τὸν
1550 4996 1775 5057 Μωσέα.
1808 4996 1898 5050 καὶ

2078 4994 2348 5048 Caeterum
2382 4992 2611 5054 Mosem,
2664 5006 2765 5044 cou
2804 4989 3063 5052 diximus,
3099 4990 3388 5045 Amramus
3430 5007 3496 5045 ex
3528 5006 3586 5044 se

310 5088 604 5157 ππρευθυς
637 5088 716 5150 εἰς
752 5088 999 5154 ποταμὸν
1024 5088 1310 5157 ῥίπτουσιν
1342 5090 1527 5154 αὐτὸν,
1559 5090 1618 5139 έν
1646 5087 1771 5158 θίϐῃ
1794 5087 1900 5140 τινὶ

311 5180 584 5249 πρότερον
620 5177 902 5247 βαλόντες,
934 5177 1025 5228 διά
1048 5193 1108 5242 γε
1133 5178 1225 5229 τὸν
1250 5176 1415 5245 φόϐον
1444 5178 1538 5229 τοῦ
1564 5176 1764 5244 Φαραώ
1784 5194 1798 5209 ο
1832 5176 1899 5230 τὰ

310 5288 429 5339 γλρ
460 5272 667 5341 ἄρρενα
711 5269 818 5322 τῶν
865 5268 1132 5339 Ἐϐραίων
1167 5270 1358 5323 παεδία
1397 5269 1753 5323 θανατοῦσθαι
1780 5270 1904 5325 ἐκέ-

311 5363 479 5413 λευσε
524 5361 686 5429 χάριν
715 5359 809 5411 τοῦ
839 5360 916 5428 μὴ
942 5359 1447 5412 καταδυναστεῦσαι
1478 5360 1565 5413 διὰ
1596 5359 1657 5411 τὸ
1698 5360 1900 5428 πλῆθος

311 5449 540 5511 αὐτούς.
571 5450 645 5501 'H
672 5448 729 5501 δὲ
754 5449 849 5500 τοῦ
876 5448 1075 5519 Φαραὼ
1099 5448 1345 5519 θυγάτηρ
1377 5449 1763 5517 περιπατοῦσα
1784 5452 1901 5503 κατ’

313 5545 595 5610 αἰγιαλὸν,
626 5544 720 5594 καὶ
752 5542 945 5595 ἰδοῦσαν
963 5544 1062 5613 τὴν
1093 5542 1272 5610 θίϐην,
1292 5543 1624 5614 ἐκϐληθῆναι
1675 5545 1768 5599 τοῦ
1808 5562 1901 5599 πο-

392 5689 439 5719 υ
472 5685 575 5744 Job
606 5699 740 5745 xui.
773 5683 860 5743 15.

2008 5087 2278 5155 genitum,
2333 5100 2457 5139 mox
2517 5081 2821 5137 Pharaonis
2865 5093 3015 5135 metu
3060 5087 3289 5151 quadam
3322 5084 3376 5137 in
3429 5086 3585 5140 thera

2004 5179 2316 5249 depositum
2351 5177 2404 5230 in
2433 5175 2635 5229 ﬁumen
2669 5175 2889 5245 abjecit.
2920 5174 3050 5228 Nam
3077 5178 3284 5231 Pharao
3320 5178 3588 5231 masculos

2005 5270 2355 5324 Ilebrseorum
2390 5267 2553 5331 fetus,
2586 5277 2641 5320 ut
2669 5267 2901 5335 primum
2940 5268 2991 5319 in
3020 5268 3193 5322 lucem
3227 5271 3358 5324 editi
3386 5270 3584 5330 forent.

2004 5362 2189 5415 necari
2214 5360 2455 5430 jusserat
2486 5374 2608 5413 eam
2643 5360 2714 5414 ob
2754 5375 2999 5421 causam,
3050 5375 3118 5413 ne
3157 5369 3378 5428 propter
3406 5360 3589 5413 multi~

2005 5454 2247 5506 tudinem
2280 5452 2561 5522 Egyptios
2593 5451 2825 5521 imperio
2853 5467 2952 5506 suo
2978 5452 3332 5520 subjicerent.
3366 5455 3432 5502 At
3458 5466 3585 5501 vero

2007 5545 2114 5600 ﬁlia
2151 5546 2451 5601 Pharaonis
2496 5546 2552 5603 in
2588 5546 2772 5603 littore
2807 5544 3202 5610 deambulans,
3255 5543 3345 5597 ubi
3393 5544 3583 5594 cistam
