4110 6194
312 320 411 381 28')

1534 316 1933 377 ANNALIUM
1980 318 2171 377 PARS
2217 317 2298 378 11.

3430 324 3535 386 293

312 435 549 505 ροῦντος.
580 433 690 485 Καὶ
737 429 906 485 ταῦτα
948 434 1181 501 λέγουσα
1217 434 1336 495 ταῖς
1361 433 1456 486 τοῦ
1494 433 1706 503 Πατρός
1740 448 1869 501 χερ-

1976 440 2140 496 esset,
2179 431 2268 500 qui
2302 432 2505 487 Mosen)
2556 435 2785 489 intuitus
2822 436 2981 506 149
3010 446 3232 506 propter
3274 438 3537 508 insignem

310 527 389 577 σὶν
419 523 660 593 ἐντίθησι
707 522 768 575 τὸ
810 522 1032 593 βρέφος.
1073 521 1134 575 '0
1170 524 1216 576 δ’
1262 523 1569 592 ἐπιτίθησιν
1615 523 1765 588 αὑτῷ
1809 523 1871 576 τὸ

307 615 563 685 διάδημα.
584 614 645 667 '0
661 614 715 667 δὲ
736 614 941 682 Μωσῆς
959 616 1257 686 καταφέρει
1276 630 1337 667 τε
1365 593 1496 669 αἶιτὸ
1520 615 1615 668 καὶ
1637 617 1747 678 τοῖς
1769 632 1871 667 πο-

208 704 211 711 ’
342 728 357 737 ο
444 706 731 769 ἐπιϐαίνει,
779 707 920 759 κατὰ
972 707 1277 776 νηπιότητα
1326 706 1508 776 δῆθεν.
1557 706 1724 759 Ταῦτ’
1776 703 1870 759 οὖν

311 796 431 851 ίδὼν
468 799 494 849 6
544 798 1021 868 ἱερογραμματεὺς
1060 799 1264 854 ἐκεῖνος
1310 796 1571 866 ὥρμησεν
1614 796 1871 849 ἀποκτεῖ-

309 908 393 943 ναι
439 890 623 954 αὑτὸν,
674 889 1027 960 παροτρύνων
1080 891 1173 951 εἰς,
1225 888 1358 942 αὐτὸ
1410 886 1571 940 τοῦτο
1626 888 1722 939 καὶ
1777 888 1870 942 τὸν

309 983 524 1052 Φαραώ.
561 982 755 1035 Φθάνει
800 982 845 1034 δ’
889 981 1053 1034 αὑτὸν
1079 983 1112 1051 ή
1149 981 1455 1049 Θερμουθὶς
1486 979 1868 1049 ἐξαρπάσασα.

316 1076 536 1127 Ἔκτοτε
568 1070 662 1128 οὖν
690 1074 869 1137 καλῶς
900 1073 1252 1143 ἀνετρέφετο.
1285 1068 1416 1125 Εἶτα
1462 1071 1597 1140 δήλη
1638 1070 1731 1121 καὶ
1760 1073 1871 1133 τοῖς

310 1167 678 1235 Αίγυπτίοιςή
706 1163 876 1235 ἁρετὴ
898 1164 1064 1217 αὐτοῦ
1091 1165 1323 1232 γίνεται.
1355 1161 1611 1223 Αἰθίοπες
1641 1162 1870 1231 ἐκστρα-

308 1259 523 1313 τεύουσι
570 1259 691 1311 κατ’
729 1257 927 1311 αὐτῶν.
975 1253 1516 1327 Ἀντιστρατεύονται
1556 1256 1650 1306 καὶ
1699 1245 1867 1315 οὗτοι,

307 1349 651 1418 ἑκατέρωθεν
675 1348 729 1400 δὲ
758 1347 857 1401 οὐκ
880 1345 1051 1416 ὀλίγοι
1086 1346 1399 1399 πίπτουσιν.
1434 1341 1600 1395 Ὅθεν
1644 1342 1673 1393 6
1714 1340 1871 1409 βασι-

304 1440 430 1505 λεὺς
487 1441 677 1495 θεόθεν
721 1439 1014 1510 ὁδηγηθεὶς
1068 1438 1248 1492 πείθει
1307 1436 1410 1505 τὴν
1458 1431 1734 1500 θυγατέρα
1781 1430 1874 1482 τὸν

302 1533 507 1587 Μωσέα
550 1532 855 1603 παρασχεῖν
912 1531 1239 1600 στρατηγόν.
1289 1528 1520 1598 Δέχεται
1578 1524 1637 1576 τὸ
1686 1523 1869 1590 ἔργον,

301 1626 423 1679 κατ’
448 1625 727 1679 Αἰθιόπων
756 1624 926 1695 ὁρμᾷ.
971 1624 1078 1675 Καὶ
1123 1623 1212 1675 διὰ
1263 1622 1365 1690 γῆς
1402 1620 1618 1691 μέλλων
1644 1614 1873 1669 διελθεῖν

301 1721 529 1789 ἐρήμου,
556 1718 685 1773 ἔνθα
712 1718 917 1788 ἑρπετὰ
940 1716 1091 1770 δεινά
1117 1716 1424 1787 ἐτρέφοντο,
1449 1715 1502 1767 τί
1528 1711 1871 1783 μηχανᾶταις

1975 521 2298 591 elegantiam
2349 524 2538 580 formae
2564 542 2672 580 non
2704 528 3131 597 obstupescerct.
3169 529 3305 585 llinc
3335 532 3536 587 factum

1975 622 2033 667 ut
2060 613 2374 689 Thermutis
2401 631 2497 685 per
2525 632 2583 672 se
2615 619 2819 673 sterilis
2840 634 2964 673 eum
2996 620 3096 674 sibi
3136 621 3442 689 adoptaret,
3473 627 3539 677 ad

1974 719 2154 774 regem
2185 680 2502 773 adduceret,
2540 726 2756 764 omnem
2789 712 2900 781 regi
2934 724 3231 781 exponeret
3259 714 3424 767 animi
3454 716 3537 767 sui

1974 795 2324 861 sententiam,
2358 798 2615 854 nimirum
2649 802 2759 870 regi
2809 801 2952 856 hunc
2982 819 3351 859 successorem
3400 805 3539 870 fore,

1974 884 2068 953 qui
2124 886 2292 940 ﬁliuni
2349 903 2414 942 ex
2448 904 2504 943 se
2560 900 2747 944 natum
2781 894 3007 949 omnino
3054 896 3259 949 nullum
3297 898 3538 953 haberet.

1975 977 2148 1045 Atque
2194 977 2282 1030 his
2314 978 2475 1033 dictis
2524 980 2811 1047 infantem.
2838 983 2891 1035 in
2926 1000 3116 1040 manus
3151 988 3321 1055 patris
3371 990 3543 1056 depo-

1973 1066 2172 1132 suisse,
2220 1069 2310 1137 qui
2352 1084 2478 1123 mox
2507 1085 2634 1124 eum
2683 1072 2846 1127 fascia
2885 1076 3045 1144 regali
3074 1078 3369 1132 ornaverit.
3406 1080 3542 1134 Tum

1976 1155 2176 1212 Mosen]
2211 1159 2405 1226 puerili
2436 1162 2670 1229 quadam
2703 1164 3053 1233 simplicitate
3085 1168 3151 1220 de
3179 1168 3355 1236 capite
3395 1171 3540 1230 illam

1977 1246 2278 1303 detraxisse
2314 1265 2378 1304 ac
2404 1253 2748 1320 proculcasse
2776 1257 3031 1323 pedibus.
3064 1258 3136 1311 Ea
3168 1274 3226 1313 re
3253 1271 3543 1329 conspecta

1930 1361 1953 1378 ο
1978 1340 2251 1395 hominem
2285 1342 2434 1396 illum
2475 1359 2751 1399 sacrarum
2786 1345 3119 1405 Litterarum
3152 1351 3544 1420 peritissimum

1974 1431 2040 1485 ad
2071 1430 2332 1487 infantem
2361 1438 2665 1492 necandum
2683 1439 3012 1503 accurrisse,
3041 1441 3203 1510 idque
3237 1452 3293 1497 ut
3318 1445 3546 1499 omnino

1975 1522 2131 1578 ﬁeret
2185 1523 2526 1582 Pharaonem
2578 1533 2924 1585 exhortatqu
2952 1545 3090 1586 esse.
3125 1532 3321 1588 Verum
3369 1536 3546 1591 Ther-

1975 1615 2166 1669 mutim
2227 1616 2377 1672 hunc
2426 1622 2784 1677 autevertisse
2828 1623 3137 1692 Mosemque
3190 1627 3541 1696 surripuisse.
3632 1626 3639 1633 “

1974 1706 2057 1760 Ab
2087 1720 2152 1761 eo
2182 1716 2425 1778 tempore
2449 1709 2616 1766 fuisse
2639 1713 2897 1782 prmclare
2919 1714 3208 1769 admodum
3234 1717 3544 1782 educatum,

302 1811 602 1879 Πλέγματά
636 1826 758 1864 τινα
803 1808 1017 1879 ἐμφερῆ
1067 1807 1320 1867 κιϐωτοῖς
1349 1807 1411 1858 ἐκ
1462 1803 1648 1873 βίϐλου
1701 1815 1869 1851 κατα-

1975 1803 2029 1850 ct
2086 1797 2220 1866 ipsis
2256 1800 2394 1853 adeo
2445 1800 2716 1871 Egyptiis
2754 1804 3006 1858 virtutem
3040 1805 3161 1873 ejus
3216 1806 3543 1875 innotuisse,

301 1900 580 1967 σκευάζει,
611 1903 703 1953 καὶ
734 1900 1031 1970 πληρώσας
1065 1899 1219 1953 ἴϐεων
1248 1896 1490 1965 ἐκόμιζε.
1523 1889 1866 1962 Πολεμιώτα-

1966 1886 2061 1956 (ιυὶ
2091 1902 2216 1942 cum
2249 1890 2542 1960 aliquando
2589 1894 2852 1949 adversus
2881 1910 2940 1950 se
2980 1897 3227 1952 viderent
3259 1899 3546 1969 Aithiolies

301 2010 387 2047 τον
416 1994 477 2046 δέ
512 1995 625 2046 ἐστι
659 1992 962 2061 τοῖςδφεσι
991 1990 1153 2045 τοῦτο
1198 1992 1257 2043 τὸ
1303 1990 1461 2053 ζῶον·
1499 1983 1763 2055 φεύγουσί
1808 1998 1866 2033 τε

1971 1979 2362 2046 expeditionem
2392 1984 2694 2052 suscipere,
2730 1986 2834 2053 ipsi
2890 2003 3113 2057 quoque
3145 2000 3322 2045 castra
3354 1992 3546 2046 castris

300 2083 405 2152 γὰρ
453 2082 852 2152 ἐπερχομένας,
900 2082 995 2134 καὶ
1046 2080 1435 2148 άνθιστάμενοι
1481 2074 1731 2143 καθάπερ
1773 2071 1863 2125 ὑπ’

300 2176 514 2242 ἐλάφων
542 2176 920 2245 ἁρπαζόμενοι
968 2174 1385 2227 καταπίνονται.
1412 2166 1760 2238 ,Χειροήθεις
1790 2162 1867 2254 ,δέ

300 2269 431 2320 εἰσιν
467 2269 522 2319 al
556 2267 711 2329 ίϐεις,
758 2267 852 2320 καὶ.
881 2267 1019 2336 πρὸς
1056 2264 1217 2334 μόνον
1260 2262 1321 2315 τὸ
1351 2262 1457 2314 τῶν
1488 2261 1666 2327 ὄφεων
1711 2255 1864 2323 γένος

298 2359 504 2427 ἄγριοι.
540 2358 881 2428 Παρέρχεται
911 2353 1005 2410 οὖν
1029 2354 1117 2409 διὰ
1144 2355 1355 2407 τούτων
1401 2352 1499 2423 τὴν
1533 2348 1869 2420 θηροτρόφου

306 2453 415 2519 γῆν.
448 2449 767 2519 Συμϐάλλει
793 2450 904 2511 τοῖς
938 2444 1175 2514 Αἰθίοψι,
1213 2443 1355 2496 κατά
1392 2458 1515 2495 τινα
1558 2440 1725 2505 νῆσον
1757 2437 1871 2491 διά-

297 2557 454 2608 γουσι
508 2539 886 2609 δυσπόρθητον
937 2536 1103 2591 οὖσαν
1144 2535 1232 2589 διὰ
1276 2533 1337 2588 τὸ
1369 2533 1635 2603 ποταμοῖς
1673 2529 1869 2599 περιρ-

295 2633 543 2704 ῥέεσθαι.
576 2631 782 2703 Θάρϐις
819 2632 875 2684 δὲ
906 2632 939 2698 ἡ
974 2627 1067 2683 τοῦ
1108 2628 1373 2699 βασιλέως
1404 2625 1650 2694 θυγάτηρ
1677 2622 1867 2687 δεξιῶς

295 2722 724 2791 ἀπομαχόμενον
756 2720 942 2790 ὁρῶσα
991 2720 1085 2772 τὸν
1124 2718 1328 2772 Μωσέα
1371 2718 1450 2780 είς
1482 2716 1664 2786 ἔρωτα
1694 2711 1868 2767 δεινὸν

296 2812 532 2867 ὤλισθεν
561 2810 748 2867 αὑτοῦ.
784 2812 892 2865 Καὶ
937 2811 1222 2882 περιόντος
1261 2809 1354 2863 τοῦ
1404 2808 1615 2869 πάθους
1658 2807 1869 2874 πέμπει

206 2892 209 2893 ν
298 2904 430 2972 πρὸς
468 2902 634 2955 αὐτὸν
676 2902 785 2953 τῶν
830 2901 1057 2953 οἰκετῶν
1101 2901 1229 2962 τοὺς
1275 2895 1658 2957 πιστοτάτους,
1693 2893 1871 2948 διαλε-

298 2996 515 3065 γομένη
543 2994 668 3063 περὶ
691 2993 887 3061 γάμων
919 2993 1013 3044 καὶ
1044 2990 1145 3063 τὴν
1193 2988 1349 3044 πόλιν
1398 2983 1746 3057 προδιδοῦσα.
1783 2983 1872 3036 Γί-

300 3104 446 3139 νεται
482 3084 679 3149 ταῦτα,
710 3088 943 3136 τελεῖται
974 3082 1044 3135 τὰ
1070 3081 1163 3134 τοῦ
1198 3081 1404 3150 γάμου.
1438 3078 1579 3140 Τοὺς
1607 3075 1870 3136 Αἰθίοπας

301 3178 544 3248 ἀναιρεῖ,
580 3177 676 3229 καὶ
706 3175 829 3237 τοὺς
858 3174 1195 3241 Αἰγυπτίους
1230 3171 1310 3232 είς
1352 3168 1450 3239 τὴν
1486 3168 1698 3223 ἑαυτῶν
1726 3168 1871 3221 ἀπά-

302 3280 383 3331 γει
398 3268 534 3333 γῆν.
564 3265 787 3316 Ἔκτοτε
804 3259 895 3317 οὖν
920 3261 1112 3330 φθόνος
1129 3259 1271 3312 κατά
1293 3259 1559 3321 Μωσέως⁰
1582 3256 1870 3311 ἐπτοοῦντο

301 3359 404 3423 γὰρ
458 3354 675 3425 μήποτε
703 3355 825 3406 κατ’
871 3353 1182 3421 Αἰγυπτίων
1225 3349 1548 3421 νεωτερίσῃ.
1593 3347 1868 3402 Μανθάνει

301 3448 500 3512 ταῦτα,
554 3446 649 3500 καὶ
703 3444 883 3499 λαθὼν
936 3445 1140 3511 ἔξεισιν
1190 3443 1418 3506 ἐκεῖθεν,
1454 3439 1694 3493 καὶτῶν
1732 3437 1869 3492 ὁδῶν

301 3538 731 3607 φυλασσομένων
753 3538 843 3591 διὰ
873 3537 972 3605 τῆς
994 3537 1202 3607 ἐρήμου
1230 3536 1468 3587 ποιεῖται
1489 3532 1580 3586 τὸν
1603 3530 1868 3602 δρασμόν.

312 3632 634 3700 Ἐφίσταται
656 3635 732 3699 τῷ
760 3628 956 3698 φρέατι
996 3627 1127 3682 ἔνθα
1169 3626 1263 3680 τοῦ
1297 3624 1571 3695 Ῥαγουὴλ
1616 3625 1673 3676 al
1703 3623 1870 3691 θυγα-

300 3724 456 3793 τέρες
490 3723 560 3776 τὰ
604 3722 896 3793 θρέμματα
944 3720 1214 3784 ἐπότιζον.
1265 3717 1586 3788 ’Δνήνεκται
1631 3714 1707 3785 τῷ
1748 3714 1871 3768 Ῥα-

301 3814 472 3883 γουὴλ
498 3811 566 3864 τὰ
590 3812 719 3881 περὶ
747 3809 842 3863 τοῦ
870 3811 1117 3873 Μωσέως
1142 3849 1158 3875 ,
1216 3810 1301 3872 τίς
1352 3824 1413 3861 τε
1460 3802 1528 3877 ἦν
1569 3809 1666 3859 καὶ
1721 3806 1871 3868 ὅπως

301 3908 417 3970 ταῖς
452 3903 623 3957 αὐτοῦ
655 3904 989 3973 θυγατράσιν
1025 3900 1303 3971 ἐπαμῦναι
1333 3900 1432 3952 οὐκ
1469 3897 1717 3967 ὤκνησεν
1742 3914 1756 3929 ο
1786 3897 1870 3964 ἐφ’

297 3990 339 4064 ᾧ
360 3999 457 4050 καὶ
493 3996 743 4068 γαμϐρὸν
768 3997 860 4049 τὸν
895 3996 1100 4049 Μωσέα
1128 3992 1303 4050 ποιεῖ.
1354 3992 1412 4046 Ὀ
1446 3995 1629 4061 μέντοι
1661 3991 1871 4060 Μωσῆς

299 4090 561 4144 τοιούτων
587 4089 765 4160 τυχὼν
793 4090 904 4143 τῶν
942 4089 1098 4161 παρὰ
1123 4089 1218 4142 τοῦ
1256 4088 1489 4159 Ἰοθόρου
1539 4086 1720 4159 (τοῦτο
1761 4086 1870 4154 γὰρ

299 4173 364 4248 ἦν
394 4178 679 4250 ἐπίκλημα
704 4180 783 4250 τῷ
823 4177 1159 4251 Ῥαγουήλῳ)
1188 4179 1378 4249 διῆγεν
1424 4178 1617 4232 αὐτόθι
1646 4176 1872 4247 ποιμαί-

301 4285 403 4322 νων
464 4272 534 4323 τά
579 4269 928 4340 βοσκήματα.
975 4271 1296 4339 Τηνικαῦτα
1346 4272 1442 4323 καὶ
1483 4270 1609 4323 κατ’
1643 4269 1777 4324 αὐτὸ
1809 4267 1870 4321 τὸ

257 4360 514 4432 ’γΣίναιον
566 4362 822 4432 περιάγει
866 4361 1028 4422 αὐτὰ,
1080 4360 1209 4413 ἔνθα
1254 4362 1472 4415 καὶτὸν
1520 4359 1653 4413 Θεὸν
1680 4359 1781 4431 ὁρᾷ
1809 4360 1870 4410 ἐκ

1967 2065 2260 2124 hostilibus
2282 2075 2661 2142 opposuerint.
2696 2075 2792 2131 llic
2819 2093 2942 2133 cum
2976 2081 3232 2151 utrinque
3256 2098 3361 2138 non
3385 2084 3546 2154 pauci

1966 2160 2247 2228 caderent,
2304 2164 2416 2234 regi
2448 2165 2636 2221 divino
2666 2170 2902 2237 quodam
2936 2171 3197 2227 instinctu
3224 2175 3387 2231 ﬁliam
3420 2193 3545 2247 per-

1967 2252 2208 2307 suasisse
2269 2264 2330 2308 ut
2385 2255 2589 2311 Mosem
2642 2262 2756 2314 suis
2802 2262 2994 2318 ducem
3048 2265 3546 2339 imperatoremque

1966 2342 2318 2400 concederet.
2349 2346 2406 2400 Id
2438 2349 2687 2405 muneris
2713 2351 2917 2408 Mosem
2951 2354 3158 2425 imponi
3188 2360 3291 2413 sibi
3329 2376 3545 2429 passum

1970 2430 2159 2498 fuisse,
2200 2434 2256 2488 in
2299 2435 2487 2493 hostes
2515 2437 2817 2521 z’Ethiopes
2832 2446 3017 2514 copias
3053 2450 3344 2516 eduxisse;
3372 2454 3545 2521 quod-

1967 2536 2073 2588 que
2112 2523 2289 2577 solum
2356 2526 2629 2595 quoddam
2660 2510 2936 2588 desertum
2964 2546 3350 2607 peragraturus
3380 2554 3544 2609 esset,

1968 2612 2025 2668 in
2052 2628 2160 2683 quo
2189 2631 2386 2687 magna
2422 2620 2697 2689 reptilium
2730 2624 3016 2681 noxiorum
3049 2629 3203 2698 copia
3260 2629 3422 2695 foret,
3462 2633 3545 2687 in;

1969 2714 2125 2783 sigue
2170 2717 2426 2783 quiddam
2475 2721 2727 2780 molitum
2775 2724 2967 2783 fuisse.
3030 2729 3300 2787 Nimirum
3352 2737 3544 2792 corbes

1970 2803 2234 2872 quosdam
2276 2813 2542 2866 rotundos
2576 2814 2693 2871 ﬁeri
2725 2832 2983 2887 curasse;
3029 2822 3085 2876 in
3131 2839 3227 2879 eos
3276 2829 3544 2897 conjcclas

1971 2893 2088 2949 ibes
2114 2911 2299 2952 secum
2324 2900 2679 2972 deportasse;
2731 2907 2850 2965 ibes
2882 2913 3030 2967 enim
3061 2893 3408 2985 serpentibus
3460 2918 3545 2973 in-

1972 2982 2277 3041 festissimas
2303 2999 2451 3057 sunt,
2477 2993 2567 3062 qui
2594 2996 2815 3064 quidem
2839 2982 3282 3069 easaccedentes
3308 3008 3542 3077 fugiunt,

1973 3090 2037 3131 ac
2059 3078 2107 3133 si
2149 3082 2418 3149 restitent,
2454 3087 2677 3155 perinde
2705 3100 2865 3161 atque
2892 3109 2920 3147 a
2946 3096 3121 3151 cervis
3151 3098 3542 3169 deglutiuntur.

1973 3169 2036 3225 Et
2067 3181 2195 3227 sunt
2231 3175 2350 3233 ibes
2398 3181 2622 3236 omnino
2650 3183 2862 3240 cicures
2913 3202 2977 3242 ac
3021 3203 3343 3255 mansuetze,
3384 3195 3545 3264 inque

1971 3276 2284 3335 serpentum
2315 3286 2487 3341 genus
2514 3275 2689 3329 solum
2716 3276 3031 3336 immaniter
3063 3286 3313 3338 saeviunt.
3341 3287 3542 3342 Harum

1974 3356 2139 3427 igitur
2169 3374 2274 3429 ope
2308 3360 2511 3419 Mosem
2562 3365 2896 3425 inaccessam
2931 3372 3173 3444 alioquin
3199 3386 3392 3433 terram
3424 3396 3547 3449 per.

1972 3461 2225 3515 agrasse;
2285 3466 2508 3507 manum
2571 3470 2695 3510 cum
2741 3456 3098 3529 Ethiopibus
3159 3468 3540 3534 conseruisse,

1971 3539 2064 3607 qui
2088 3541 2376 3607 quamdam
2403 3543 2635 3599 insulam
2657 3546 2963 3604 incolerent
2990 3552 3141 3607 aditu
3172 3556 3541 3623 perdiliicilem

1972 3638 2262 3698 propterea
2287 3634 2432 3702 quod
2471 3637 2724 3693 amnibus
2766 3640 3008 3712 undique
3038 3644 3545 3705 circumﬂuentibus

1970 3732 2337 3789 clauderetur.
2357 3734 2493 3792 Tum
2507 3738 2836 3797 Tharbidem
2856 3745 2996 3815 regis
3012 3742 3328 3817 Ethiopum
3355 3750 3542 3817 ﬁliam,

1971 3838 2093 3895 qua:
2121 3825 2326 3882 Ilosem
2353 3830 2568 3883 naviter
2591 3831 2883 3888 admodum
2910 3837 3240 3904 prazliantem
3272 3856 3540 3909 cerneret,

1971 3916 2285 3971 vehementi
2338 3920 2456 3987 eius
2503 3935 2692 3976 amore
2744 3936 2956 3993 captam
2988 3941 3140 3992 esse,
3198 3930 3538 4002 famulosque

1974 4007 2077 4062 sibi
2114 4008 2408 4065 ﬁdissimos
2455 4012 2520 4066 ad
2571 4013 2748 4080 ipsum
2803 4017 3108 4071 indicandae
3138 4021 3304 4074 a..imi
3347 4025 3427 4076 sui
3461 4026 3542 4078 al-

1974 4096 2226 4154 fectiouis
2266 4114 2433 4155 causa
2468 4103 2717 4167 misisse;
2752 4106 2915 4159 simul
2971 4109 3206 4179 coniugii
3265 4115 3543 4169 mentione

1972 4188 2114 4243 facta
2165 4190 2316 4245 urbis
2372 4192 2737 4260 proditionem
2782 4210 2904 4249 esse
2938 4196 3252 4265 pollicitam.
3284 4201 3378 4258 llis
3425 4206 3544 4274 ejus

1974 4279 2261 4349 postulatis
2296 4279 2497 4336 Mosem
2529 4283 2825 4351 adnuisse;
2854 4288 3072 4358 nuptias
3103 4290 3270 4347 fuisse
3301 4296 3542 4367 celebra-

1976 4377 2077 4433 tas,
2116 4368 2406 4441 Etliiopes
2458 4374 2796 4441 interfectos,
2833 4376 3117 4450 Egyptios
3164 4382 3218 4436 in
3249 4388 3421 4440 solum
3450 4406 3542 4457 pu-

298 4452 396 4521 τῆς
452 4451 618 4520 βάτου
667 4453 940 4506 καλοῦντα
989 4453 1177 4506 αὐτόνξ
1234 4452 1295 4505 '0
1345 4452 1476 4511 Θεὸς
1519 4451 1867 4506 ἀποστέλλων

1975 4462 2136 4515 trium
2170 4464 2442 4520 reductos.
2474 4468 2557 4522 Ab
2603 4482 2668 4521 eo
2710 4477 2957 4539 tempore
3002 4471 3166 4528 luisse
3195 4474 3412 4556 .Mosem
3446 4494 3541 4532 ex-

300 4546 436 4612 πρὸς
465 4544 666 4613 Φαραὼ
712 4545 805 4597 τὸν
836 4546 1064 4610 Μωσέα,
1118 4545 1212 4597 καὶ
1261 4543 1691 4614 ὑπισχνοὺμενος
1727 4561 1866 4613 συμ-

302 4637 562 4705 παρεῖναι
597 4637 769 4706 αὐτῷ,
800 4638 938 4705 πρὸς
962 4640 1143 4690 πίστιν
1172 4636 1264 4691 τοῦ
1295 4637 1457 4705 λόγου
1491 4639 1568 4700 είς
1598 4637 1865 4705 δράκοντα

304 4725 633 4792 μεταϐάλλει
676 4726 777 4797 τὴν
826 4726 1023 4796 ῥάϐδον
1074 4726 1261 4783 αὐτοῦ.
1326 4729 1387 4783 ’0
1426 4727 1610 4798 μέντοι
1661 4728 1867 4797 Μωσῆς
1912 4762 1915 4763 ν

299 4816 821 4888 παρρησιασάμενος
866 4818 1003 4889 πρὸς
1047 4820 1267 4888 Φαραὼ,
1320 4821 1420 4889 τὴν
1468 4819 1665 4890 ῥάϐδον
1700 4819 1865 4873 αὐτοῦ

296 4912 436 4960 κατὰ
464 4908 570 4976 γῆς
592 4925 653 4961 τε
682 4909 868 4976 ῥίπτει
892 4912 987 4964 καὶ
1011 4912 1089 4973 είς
1124 4909 1249 4979 ὅφιν
1279 4911 1630 4980 μεταϐάλλει.
1654 4911 1866 4965 Οὐκοῦν

302 4999 593 5067 περιιοῦσα
614 4999 711 5063 τὰς
730 5000 840 5053 τῶν
864 5002 1181 5068 Αἰγυπτίων
1203 5002 1455 5072 ῥάϐδους,
1483 5004 1540 5057 αϊ
1572 5004 1865 5075 δράκοντες

300 5090 537 5156 ἐδόκουν,
571 5092 857 5162 κατήσθιε.
893 5093 1001 5146 Καὶ
1033 5092 1178 5147 οὕτω
1216 5095 1315 5164 μὲν
1352 5096 1379 5147 6
1423 5094 1707 5165 Ἰώσηπος,
1753 5098 1781 5149 6
1808 5096 1866 5148 δὲ

300 5179 588 5244 Νυσσαεὸς
616 5181 755 5244 θεῖος
785 5182 1084 5253 Γρηγόριός
1130 5200 1298 5253 φησιν
1342 5186 1425 5238 ὅτι
1453 5184 1541 5239 διὰ
1584 5185 1744 5238 τοῦτο
1771 5186 1865 5238 ἐπὶ

302 5272 406 5339 μὲν
439 5272 538 5341 τῆς
567 5273 729 5342 βάτου
778 5273 874 5326 καὶ
911 5275 1004 5327 τοῦ
1049 5275 1264 5346 Ἰσραὴλ
1301 5277 1331 5329 6
1362 5276 1495 5341 Θεὸς
1527 5279 1623 5348 τὴν
1670 5278 1866 5348 ῥάϐδον

302 5365 384 5427 είς
404 5364 525 5433 bow
562 5368 910 5436 μεταϐάλλει,
941 5368 1033 5420 ἐπὶ
1054 5368 1110 5421 δὲ
1131 5369 1226 5422 τοῦ
1245 5368 1446 5439 Φαραὼ
1472 5372 1550 5432 είς
1571 5369 1862 5439 δράκοντα,

303 5456 392 5510 ἴνα
430 5459 506 5530 τῷ
535 5461 760 5529 μεγέθει
816 5460 1141 5532 καταπλήξῃ
1191 5460 1412 5524 αὐτούς.
1466 5462 1635 5527 Δῆλον
1676 5461 1735 5514 δὲ
1782 5462 1865 5513 ὅτι

304 5549 500 5617 ἀληθὲς
527 5551 690 5604 τοῦτο
719 5555 779 5606 τὸ
809 5557 1036 5624 σημεῖον
1064 5551 1153 5625 ἦν,
1187 5553 1248 5606 τὸ
1275 5552 1331 5606 δὲ
1361 5552 1470 5606 τῶν
1506 5556 1696 5622 μάγων
1728 5569 1865 5621 φαν-

301 5644 481 5697 τασίαο
513 5644 594 5697 διὸ
620 5646 716 5699 καὶ
750 5647 1029 5717 κατεπόθη
1059 5647 1166 5700 ὑπὸ
1191 5648 1288 5718 τῆς
1319 5646 1576 5717 ἀληθείας
1602 5647 1634 5715 ἡ
1660 5663 1867 5714 φαντα-

305 5733 422 5788 σία.
459 5734 599 5789 Ἀλλ’
627 5736 729 5789 οὐκ
756 5737 1003 5792 ἐντεῦθεν
1031 5741 1057 5792 6
1083 5736 1282 5808 Φαραὼ
1311 5738 1580 5805 πείθεται,
1614 5736 1866 5807 μαίνεται

618 5834 888 5895 ΡΑτιιοῐ..
924 5838 1041 5896 Gn.
1080 5835 1324 5899 CLVIII

1973 4556 2209 4625 positum
2247 4558 2489 4626 invidiae,
2543 4561 2961 4618 formidantibus
3002 4563 3273 4636 A'Igyptiis
3326 4586 3393 4624 ne
3443 4572 3541 4625 ali-

1972 4649 2187 4714 quando
2222 4650 2385 4703 etiam
2421 4652 2683 4707 adversus
2717 4670 2775 4708 se
2811 4672 2981 4710 noras
3010 4674 3096 4713 res
3127 4660 3426 4715 moliretur.
3470 4664 3541 4717 lis

1972 4739 2370 4796 animadversis
2428 4745 2764 4800 subtraxisse
2815 4762 2875 4800 se
2929 4748 3150 4813 Mosem,
3212 4759 3268 4804 et
3321 4754 3537 4822 cognitu

1972 4830 2089 4883 vias
2133 4832 2433 4903 itineraque
2472 4837 2671 4903 passim
2727 4838 2963 4893 obsideri
3012 4855 3042 4893 a
3073 4843 3406 4908 custodibus,
3446 4863 3539 4915 per

1975 4922 2323 4977 solitudinem
2362 4926 2621 4979 instituta,
2646 4926 2767 4997 fuga
2818 4929 2976 4983 saluti
3014 4945 3126 4984 sua:
3180 4934 3537 4990 consuluisse.

1974 5010 2113 5067 llinc
2141 5013 2207 5065 ad
2259 5022 2482 5082 puteum
2517 5018 2852 5084 pervenisse,
2888 5019 2980 5072 ubi
3014 5020 3139 5074 lilia:
3177 5020 3402 5093 Ragueli
3442 5040 3533 5094 pa-

1974 5109 2189 5156 ternum
2260 5119 2426 5172 pecus
2477 5106 2839 5179 adaquabant.
2906 5108 3027 5165 Mox
3081 5110 3251 5166 relata
3297 5113 3538 5185 Raguelo

1975 5192 2142 5248 fuisse
2196 5209 2317 5264 qua:
2370 5195 2543 5250 Moses
2580 5197 2816 5266 fecisset,
2854 5202 2977 5267 quis
3029 5212 3196 5267 esset,
3236 5219 3344 5273 quo
3382 5214 3549 5283 pacto

1975 5283 2187 5338 ﬁliabus
2232 5285 2403 5355 ipsius
2435 5288 2556 5341 sine
2582 5292 2927 5347 cunctatione
2956 5294 3337 5350 succurrisset.
3381 5295 3538 5365 150

1974 5373 2069 5430 llis
2121 5375 2267 5430 illmn
2308 5376 2469 5432 rebus
2518 5392 2818 5448 permotum
2862 5381 3065 5438 Mosem
3121 5385 3223 5441 sibi
3274 5400 3535 5454 generum

1974 5468 2251 5524 ascivisse.
2283 5467 2503 5525 Talibus
2534 5473 2781 5527 allectum
2817 5472 3021 5529 Mosem
3049 5476 3324 5530 beneﬂciis
3348 5475 3418 5528 ab
3438 5466 3535 5529 J04

1974 5558 2134 5610 thoro
2165 5556 2254 5627 (id
2287 5559 2432 5613 enim
2476 5558 2712 5631 Raguclo
2745 5572 3162 5633 cognomentum
3194 5562 3385 5630 fuisse)
3412 5577 3535 5616 cum

1974 5664 2041 5703 eo
2067 5650 2430 5720 victitasseac
2469 5654 2641 5707 soceri
2676 5669 2840 5723 pecus
2866 5655 3098 5723 pavisse.
3131 5652 3373 5721 Cumque
3404 5654 3536 5712 illud

1969 5740 2121 5810 juxta
2154 5741 2388 5797 Sinaeum
2421 5755 2661 5799 montem
2692 5741 3142 5809 circumduceret,
3180 5742 3344 5797 Deum
3372 5744 3442 5802 ab
3470 5761 3536 5804 eo

3027 5837 3103 5895 10
