4110 6194
589 279 690 343 ’ΞΜ
1832 276 2252 335 MlCllAELlS
2292 276 2555 337 GLYLh’E
3720 284 3822 346 Ξῦὲ

587 404 939 462 εοιιςιξοιτυηι
972 394 1154 450 fuisse.
1182 394 1270 460 qui
1308 407 1430 444 cum
1475 406 1537 444 cx
1575 390 1752 445 medio
1793 389 1931 443 rubo
1971 403 2146 443 arces-

2257 391 2313 442 δὲ
2346 392 2571 459 μᾶλλον,
2607 393 2840 457 καὶτοῖς
2881 394 3159 459 Ἰουδαίοις
3187 396 3273 448 ἐπὶ
3310 397 3468 449 πλέον
3496 398 3820 457 ἐπιτίθεται,

560 498 751 541 seret.
779 487 1085 541 Secundum
1123 487 1232 537 lucc
1255 483 1455 537 Moscm
1486 484 1789 553 ablegatum
1820 482 1887 536 ad
1914 478 2153 536 Pharao-

586 595 712 633 nem
751 594 777 631 a
816 579 942 641 Deo,
979 576 1067 642 qui
1099 574 1145 628 ei
1181 574 1523 643 polliceretur
1549 591 1606 628 se
1630 589 1845 644 semper
1866 574 1966 641 ipsi
1992 572 2150 645 adfu-

564 683 802 731 turum;
862 676 1024 736 utque
1054 667 1318 735 promisso
1359 667 1492 720 ﬁdes
1538 667 1709 730 ﬁeret,
1739 664 1992 719 baculum
2030 665 2152 733 ejus

587 761 638 811 in
666 758 955 811 draconem
991 767 1382 811 commutatum
1414 757 1601 812 fuisse.
1662 757 1797 811 Tum
1829 755 2034 812 Mosem
2062 756 2152 809 in-

578 849 796 917 trepide
825 857 997 902 semet
1048 849 1187 917 apud
1235 847 1569 901 Pharaonem
1624 855 1901 917 gerentem
1947 846 2150 915 virgam

488 1010 501 1017 ἱ
585 954 737 991 suant
766 939 915 993 humi
954 939 1245 1009 projerisse
1280 955 1341 994 ac
1375 939 1428 993 in
1464 947 1771 1007 serpentem
1796 936 2150 992 convertisse.

2256 482 2421 534 "005v
2446 482 2542 538 καὶ
2574 484 2825 551 μαστίζει
2847 487 3010 539 αὑτὸν
3038 490 3065 537 ὁ
3088 486 3238 549 Θεός.
3269 488 3400 548 Ταῖς
3418 487 3823 556 ὲπενεχθείσαις

2254 571 2310 624 δὲ
2346 572 2468 624 κατ’
2501 573 2669 626 αὑτοῦ
2705 573 2922 642 μάστιξι
2953 575 3046 627 καὶ
3072 575 3330 646 τοιαύτην
3362 576 3511 643 λέγει
3540 578 3822 645 προσεῖναι

2258 663 2497 732 μάστιγα
2523 680 2537 695 ·
2571 665 2809 739 φθειρῶν
2840 669 2949 735 γὰρ
2997 670 3108 727 τοῖς
3158 668 3475 733 Αἰγυπτίοις
3522 668 3821 735 ἐξήνθησεν

2254 752 2478 822 ἄπειρόν
2523 771 2576 807 τι
2628 754 2831 825 πλῆθος
2880 756 3093 810 ἔνδοθεν
3143 756 3561 824 ἀναδιδομένων,
3609 756 3698 825 ὑφ’
3743 750 3821 811 ὧν

2255 844 2452 896 ἐκεῖνοι
2487 845 2671 908 κακῶς
2707 845 2988 899 ἀπώλοντο
3011 888 3026 911 ,
3066 849 3203 916 μήτε
3232 848 3489 916 λουτροῖς,
3519 850 3654 915 μήτε
3700 849 3826 917 χρί-

2257 952 2376 989 σεσι
2408 938 2719 1007 φαρμάκων
2751 938 3062 1009 διαφθεῖραι
3113 939 3175 991 τὸ
3223 939 3384 1006 γένος
3436 937 3614 991 αὑτῶν
3664 938 3826 992 δυνά-

584 1030 731 1083 lllam
770 1046 900 1083 vero
933 1031 1111 1095 virgas
1142 1029 1543 1100 Aigyptiorum,
1586 1043 1709 1097 quae
1733 1042 1854 1081 esse
1885 1027 2146 1081 dracones

2261 1042 2434 1096 μενοι.
2475 1029 2586 1082 Kal
2615 1029 2759 1082 οὕτω
2793 1030 2889 1098 μὲν
2916 1032 2943 1082 ὀ
2984 1030 3271 1100 Ἰώσηπος.

582 1124 918 1185 viderentur,
967 1123 1258 1176 obeuntem
1329 1122 1641 1175 devorasse.
1685 1118 2001 1188 llujusmodi
2049 1133 2183 1172 sane
2217 1117 2438 1188 Josephi
2473 1120 2657 1176 dehis
2711 1122 2872 1177 rebus
2901 1123 3069 1193 gestis
3099 1131 3279 1177 exstat
3343 1112 3605 1176 narratio.
3648 1119 3822 1174 Caete-

583 1233 702 1270 rum
737 1215 954 1268 divinus
986 1214 1071 1268 ille
1106 1215 1185 1267 vir
1231 1213 1525 1283 Gregorius
1560 1211 1847 1282 Nyssensis
1897 1211 1974 1264 ait
2021 1219 2308 1279 propterea
2370 1209 2541 1266 Deum
2600 1212 2655 1266 in
2719 1213 2856 1268 rubo
2880 1215 3101 1283 quidem
3135 1222 3487 1283 conspectum
3537 1213 3741 1284 virgam
3766 1211 3823 1264 in

582 1317 888 1376 serpentem
924 1315 1181 1371 mutasse,
1214 1320 1397 1359 coram
1443 1305 1731 1359 Pharaone
1793 1316 1922 1355 vero
1971 1301 2029 1354 in
2093 1299 2408 1366 draconem,
2460 1311 2520 1356 ut
2590 1303 2706 1373 ipsa
2765 1306 3143 1376 magnitudine
3187 1305 3534 1361 formidinem
3586 1301 3825 1357 homini-

582 1396 682 1453 bus
727 1399 1013 1453 incuteret.
1067 1396 1159 1450 Est
1214 1404 1393 1449 autem
1441 1395 1787 1464 perspicuum
1845 1392 2146 1463 prodigium
2189 1392 2332 1448 istuc
2395 1408 2585 1462 reapse
2629 1394 2833 1451 factum
2901 1410 3043 1461 esse,
3095 1411 3219 1451 cum
3265 1409 3546 1464 magorum
3582 1391 3825 1462 prodigia

580 1491 656 1544 nil
680 1490 783 1544 nisi
810 1504 970 1543 mera:
996 1488 1174 1541 forent
1213 1487 1522 1558 praestigiae,
1553 1502 1672 1555 qua:
1724 1484 1911 1539 oculos
1950 1484 2415 1555 praestringerent.
2460 1486 2670 1541 Idcirco
2735 1488 3052 1557 imaginaria
3110 1487 3298 1541 isthwe
3345 1485 3557 1555 species
3600 1498 3630 1536 a
3683 1484 3826 1537 veri-

580 1597 693 1641 tate
721 1584 773 1636 in
803 1582 1033 1636 nihilmn
1057 1581 1420 1650 rcdigebatur.
1452 1580 1639 1649 Neque
1661 1589 1840 1632 tamen
1902 1576 2003 1631 hoc
2057 1577 2219 1632 modo
2254 1593 2447 1647 parere
2480 1578 2692 1635 Pharao
2723 1579 2913 1646 voluit,
2955 1579 3050 1634 sed
3085 1579 3257 1650 magis
3295 1577 3457 1633 etiam
3510 1573 3693 1631 furens
3718 1572 3826 1628 lle-

580 1679 756 1732 hraaos
786 1675 1000 1745 gravius
1033 1683 1203 1743 urget.
1238 1674 1580 1742 Quapropter
1612 1672 1902 1727 subsecuta
1950 1669 2156 1740 ﬂagella
2192 1685 2474 1740 prunaeque
2501 1673 2595 1729 Dei
2648 1678 2796 1741 stmt,
2839 1683 2895 1728 et
2925 1674 3067 1729 inter
3088 1673 3221 1727 alias
3241 1672 3440 1742 quibus
3471 1680 3554 1726 est
3578 1669 3825 1729 affectus,

576 1771 741 1825 etiam
785 1768 1409 1838 hujusmodiquamdam
1440 1766 1713 1822 exstitisse
1741 1764 2222 1835 Josephustradit.
2280 1766 2493 1822 inﬁnita
2551 1767 2929 1836 pediculorum
2997 1767 3290 1824 multitudo
3352 1766 3496 1836 apud
3539 1763 3829 1833 Egyptios

577 1861 954 1933 proveniebat,
998 1875 1062 1914 ex
1102 1858 1462 1914 interioribus
1502 1872 1693 1912 eorum
1752 1857 1998 1926 partibus
2059 1858 2386 1923 scaturiens,
2445 1874 2474 1912 a
2514 1860 2719 1927 quibus
2762 1859 3128 1916 excarniﬁcati
3168 1858 3373 1912 misere
3420 1853 3688 1926 periba'ut,
3726 1868 3830 1907 nec

576 1953 659 2007 vel
691 1951 924 2007 lavacris
982 1951 1067 2005 vel
1111 1949 1529 2019 pharmacorum
1578 1946 1992 2002 inunctionibus
2050 1945 2334 2016 pediculos
2408 1950 2639 2018 perdere
2694 1957 2966 2018 poterant.
3014 1946 3127 2003 lloc
3171 1947 3335 2025 modo
3404 1960 3519 2018 rem
3554 1942 3832 2013 Iosephus

575 2054 786 2099 narrat.

1140 2136 1216 2191 De
1255 2137 1428 2191 decem
1466 2137 1655 2207 plagis.

650 2227 804 2296 151
840 2227 917 2281 Te
974 2235 1179 2290 autem,
1227 2228 1422 2282 dilecte
1469 2228 1564 2291 fili,
1617 2227 1756 2282 scire
1780 2227 1903 2282 volo
1958 2225 2145 2297 plagas

577 2318 717 2383 illas,
769 2317 969 2387 quibus
1001 2317 1341 2371 Pharaonem
1402 2316 1590 2370 afﬂixit
1630 2316 1794 2383 Deus,
1830 2315 2145 2387 persuaderi

573 2411 676 2466 sibi
700 2425 808 2465 non
833 2409 1096 2465 ferentem
1120 2416 1180 2463 ut
1204 2407 1461 2478 pupulum
1486 2406 1801 2463 lsraelicum
1824 2408 2143 2472 dimitteret,

554 2488 803 2556 numero
836 2501 1022 2556 decem
1053 2501 1242 2567 fuisse,
1275 2499 1733 2570 quemadmodum
1764 2500 1817 2553 in
1870 2499 2010 2554 libro
2053 2498 2145 2568 qui

573 2607 658 2652 est
708 2595 776 2649 de
820 2592 1187 2648 lsraelitarum
1237 2607 1303 2647 ex
1341 2592 1573 2665 Egypto
1632 2591 1971 2663 profectione
2024 2605 2148 2661 per-

573 2686 839 2753 scriptum
877 2683 1127 2752 legimus.
1160 2683 1430 2737 Nimirum
1465 2683 1654 2738 decem
1702 2683 1868 2754 plag:e
1924 2688 2147 2753 propter

574 2778 802 2848 hujusce
834 2774 1043 2829 numeri
1077 2774 1493 2844 perfectionem,
1531 2790 1626 2830 eos
1675 2775 2001 2830 divexarunt
2051 2774 2146 2845 qui

572 2868 812 2935 perfecte
832 2865 1192 2934 deliquerant.
1233 2863 1495 2933 Princeps
1528 2864 1771 2918 omnium
1806 2872 1923 2917 erat
1975 2878 2146 2933 aqua-

573 2975 693 3013 rum
732 2960 785 3011 in
818 2958 1138 3028 sanguinem
1189 2970 1284 3025 per
1312 2953 1606 3027 Egyptum
1641 2955 1948 3011 universam
1997 2970 2148 3011 eom-

573 3052 823 3106 mutatio.
847 3050 1209 3118 Quamobrem
1243 3047 1388 3103 istuc
1412 3048 1657 3104 factum?
1686 3049 1793 3105 Cur
1835 3064 1932 3120 per
1979 3063 2145 3118 aquas

574 3142 715 3195 Deus
741 3156 835 3195 eos
865 3140 1042 3209 primo
1066 3137 1406 3206 locopunit?
1434 3136 1588 3204 Quod
1615 3154 1811 3209 aquam
1831 3139 2028 3194 eximie
2052 3153 2146 3193 co-

571 3233 768 3293 lerent,
796 3244 959 3299 quam
990 3243 1111 3284 esse
1143 3227 1468 3297 principium
1501 3236 1655 3285 ortus
1704 3244 1888 3284 rerum
1922 3228 2144 3283 univer-

573 3336 755 3376 sarum
787 3321 1193 3375 existimabant.
1221 3320 1512 3389 Propterea
1555 3330 1667 3375 tum
1721 3336 1915 3390 magna
1966 3320 2145 3375 homi-

570 3426 703 3465 num
745 3410 1045 3464 multitudo
1099 3411 1280 3481 periit.
1333 3409 1543 3478 Quippe
1574 3419 1717 3465 totos
1767 3420 1976 3480 septem
2024 3411 2143 3465 dies

2632 2135 2770 2203 Hcpl
2820 2134 2938 2188 τᾶν
2984 2135 3132 2191 δέκα
3169 2133 3443 2204 πληγῶν.

2322 2226 2391 2280 Δί
2427 2225 2637 2296 πληγαὶ
2670 2226 2748 2292 δὲ,
2801 2227 3074 2297 ἀγαπητὲ,
3100 2225 3164 2289 ἃς
3213 2226 3242 2279 ὁ
3288 2226 3420 2289 θεὸς
3449 2225 3719 2294 ἐπήνεγκε
3744 2222 3833 2293 τῷ

2245 2316 2447 2386 Φαραὼ
2483 2317 2558 2387 μὴ
2590 2316 2899 2384 πειθομένῳ
2929 2316 3020 2368 τὸν
3056 2316 3185 2371 λαὸν
3215 2315 3509 2380 ἀπολῦσαι,
3541 2316 3673 2369 δέκα
3727 2317 3828 2370 τὸν

2247 2407 2481 2479 ἀριθμὸν
2517 2407 2660 2461 κατὰ
2689 2408 2751 2460 τδ
2776 2409 2832 2461 ὲν
2878 2409 3075 2477 Ἐξόδῳ
3105 2409 3489 2479 γεγραμμένον
3523 2409 3661 2461 εἰσίσ
3689 2408 3831 2464 δέκα

2249 2500 2343 2552 καὶ
2381 2499 2489 2568 γὰρ
2518 2498 2739 2561 κολάζει
2766 2498 3006 2568 πληγαῖς
3034 2498 3124 2552 διά
3147 2516 3210 2567 γε
3239 2500 3332 2552 τὸν
3354 2500 3557 2552 τέλειον
3580 2498 3823 2568 ἀριθμὸν

2244 2590 2373 2653 τοὺς
2398 2591 2787 2661 ἡμαρτηκότας
2815 2590 3112 2644 τὰιτέλεια.
3142 2592 3254 2645 Kal
3291 2589 3480 2659 πρώτη
3518 2590 3615 2658 μὲν
3641 2591 3674 2658 ἠ
3707 2591 3827 2643 τῶν

2247 2683 2304 2735 ὲν
2339 2681 2609 2750 Αἰγύπτῳ
2646 2682 2863 2737 πάντων
2897 2682 3104 2737 ὑδάτων
3128 2684 3210 2746 εἰς
3228 2678 3366 2751 αἷμα
3400 2682 3689 2753 μεταϐολή.
3716 2683 3826 2735 Διὰ

2245 2771 2298 2824 τί
2324 2772 2380 2825 δὲ
2407 2779 2501 2827 καί
2525 2773 2670 2837 τινος
2698 2772 2888 2826 ἕνεκεν
2918 2773 2976 2840 ἐξ
3013 2772 3221 2828 ὑδάτων
3269 2774 3466 2836 αὑτοὺς
3515 2773 3583 2826 τά
3626 2774 3825 2841 πρῶτα

2247 2863 2463 2928 κολάζει
2487 2865 2516 2917 ὁ
2550 2864 2713 2929 (nec;
2750 2864 2896 2918 Διὸτι
2925 2864 2985 2917 τὸ
3021 2862 3165 2934 ὕδωρ
3198 2864 3560 2941 διαφερόντως
3590 2864 3823 2933 ἐτίμων,

2236 2956 2420 3026 χάρχὴν
2449 2956 2611 3009 τοῦτο
2639 2957 2740 3026 τῆς
2764 2958 2872 3010 τῶν
2901 2957 3040 3010 ὅλων
3072 2957 3348 3024 γενέσεως
3382 2952 3523 3009 εἶναι
3549 2957 3820 3024 οἰόμενοι.

2251 3047 2445 3101 Ἔνθεν
2498 3066 2580 3101 τοι
2641 3051 2732 3103 καὶ
2784 3048 2974 3102 πολλοὶ
3016 3048 3321 3119 τηνικαῦτα
3357 3049 3466 3101 τῶν
3507 3047 3825 3117 ἀνθρώπων

2245 3141 2586 3211 ἐφθάρησαν*
2635 3141 2731 3194 ἐπὶ
2780 3142 2889 3211 γὰρ
2937 3141 3077 3195 ἑπτὰ
3124 3142 3338 3212 ἡμέρας
3381 3143 3415 3212 ή
3464 3143 3681 3194 πάντων
3705 3142 3825 3195 τῶν

2246 3230 2453 3294 ὑδάτων
2483 3230 2849 3300 ὲξαιμάτωσις
2900 3233 3266 3303 ἐπεκράτησε,
3321 3232 3416 3286 τοῦ
3480 3232 3693 3303 ’Δαρὼν
3724 3231 3826 3287 διὰ

2244 3321 2345 3390 τῆς
2394 3322 2737 3393 βακτηρίας,ι
2775 3323 2956 3387 καθὼς
3008 3324 3240 3395 ἐλάλησε
3276 3324 3499 3395 Κύριος,
3546 3323 3605 3376 τὸ
3648 3323 3825 3393 τέρας

2244 3415 2404 3468 τοῦτο
2432 3415 2774 3479 τελέσαντος.
2797 3416 2921 3471 Ὀτι
2948 3416 3004 3469 δὲ
3033 3416 3092 3471 οὑ
3124 3415 3268 3471 κατὰ
3290 3415 3589 3485 φαντασίαν
3609 3415 3826 3488 ἐρυθρά

576 3502 690 3554 Laee
724 3499 965 3553 omnium
998 3512 1264 3566 aquarum
1325 3499 1381 3552 in
1420 3498 1741 3567 sanguinem
1792 3499 2142 3553 commutatio

2246 3505 2312 3558 τὰ
2344 3504 2514 3560 ὕδατα
2543 3508 2793 3576 γέγονεν,
2825 3508 2959 3563 ἀλλὰ
3007 3510 3103 3563 καὶ
3145 3510 3180 3580 ἡ
3218 3481 3407 3578 γεὺσις
3436 3508 3615 3561 αὐτῶν
3641 3481 3822 3577 pst-e-

568 3590 811 3653 duravit,
842 3589 1058 3643 Aarone
1094 3602 1191 3657 per
1222 3587 1475 3644 baculum
1506 3603 1690 3653 suum,
1723 3598 1782 3644 ut
1811 3601 2140 3659 praeceptum

2246 3596 2415 3668 Βλήθη
2473 3600 2568 3651 καὶ
2622 3599 2758 3669 άλλη
2812 3598 2871 3663 ἐξ
2914 3599 3349 3670 άλληςδὲγένετο,
3384 3601 3419 3669 ἡ
3470 3599 3578 3652 τῶν
3611 3598 3823 3670 ἰχθύων

570 3684 622 3736 ei
649 3682 907 3737 divinitus
939 3681 1137 3747 fuerat,
1169 3680 1275 3734 hoc
1297 3681 1606 3753 prodigium
1636 3680 1923 3737 efﬁciente.
1957 3680 2145 3752 Neque

2246 3690 2465 3762 τελευτὴ
2495 3692 2654 3749 τοῦτο
2677 3691 2969 3761 δεδήλωκε·
3002 3710 3023 3745 ι
3044 3693 3155 3747 Kal
3177 3692 3227 3747 οἰ
3249 3692 3431 3763 ἰχθύες
3460 3710 3482 3745 ι
3517 3691 3624 3760 γάρ
3643 3707 3823 3760 φησιν

514 3802 523 3811 ι
577 3790 704 3829 vero
739 3773 922 3843 specie
956 3783 1115 3828 tenus
1140 3788 1312 3842 aquas
1347 3782 1458 3828 tum
1493 3773 1771 3839 rubuisse,
1803 3773 1898 3828 sed
1926 3783 2145 3845 gustum

2248 3797 2269 3833 ι
2304 3780 2354 3834 οἰ
2410 3782 2467 3834 ὲν
2495 3781 2574 3851 τῷ
2620 3782 2855 3853 ποταμῷ
2884 3782 3266 3854 ἐτελεύτησαν,
3319 3784 3415 3837 καὶ
3466 3781 3741 3847 ὲπώςεσεν
3789 3785 3821 3834 ὁ

568 3880 788 3936 quoque
839 3865 1054 3920 illarum
1087 3880 1308 3935 prorsus
1367 3863 1711 3921 immutatum
1763 3880 1887 3920 esse
1918 3903 1933 3930 ,
1991 3866 2146 3934 aquis

2246 3872 2509 3941 ποταμὸς,
2542 3873 2638 3926 καὶ
2665 3874 2765 3928 οὑκ
2796 3872 3062 3944 ἠδύναντο
3089 3876 3139 3928 οἰ
3170 3874 3462 3943 Αἰγύπτιοι
3494 3875 3638 3926 πιεῖν
3666 3873 3820 3943 ’ὕδωρ

572 3960 704 4031 ipsis
737 3960 790 4013 in
834 3974 948 4013 rem
979 3958 1141 4013 aliam
1171 3957 1470 4022 conversis,
1498 3956 1677 4028 colligi
1722 3958 1805 4013 vel
1857 3957 1983 4012 inde
2017 3973 2141 4027 per-

2246 3963 2307 4015 ὲκ
2334 3963 2427 4017 τοῦ
2459 3966 2729 4036 ποταμοῦ,
2780 3967 2876 4021 καὶ
2926 3962 2997 4036 ἦν
3046 3968 3106 4021 τὸ
3133 3963 3277 4038 αἷμα
3325 3967 3381 4021 ὲν
3408 3966 3560 4037 πάσῃ
3600 3969 3670 4035 γῇ
3715 3968 3818 4017 Aio

571 4052 756 4119 spicue
773 4057 969 4119 potest,
989 4048 1132 4118 quod
1150 4048 1327 4118 pisces
1348 4048 1856 4119 exstinguebantur.
1876 4047 1969 4102 Sic
1984 4049 2131 4103 enim
2242 4050 2473 4118 γὺπτου.
2515 4070 2535 4103 ι

571 4145 937 4215 perscriptum
969 4139 1140 4195 sacris
1160 4139 1214 4194 in
1243 4138 1463 4195 Litteris
1494 4138 1760 4211 legimus:
1792 4156 1811 4191 ι
1850 4136 1919 4191 Ει
1950 4139 2212 4195 emortuis
2244 4139 2484 4197 fluminis
2518 4141 2763 4213 piscibus
2837 4152 3022 4199 tantus
3079 4143 3287 4199 exstitit
3327 4144 3488 4199 foetor
3548 4143 3811 4211 ﬂuminis,

554 4246 626 4297 ,ιιι
666 4234 902 4305 Algyptii
935 4233 1003 4287 de
1028 4232 1147 4303 ejus
1176 4245 1315 4301 aqua
1367 4229 1554 4286 bibere
1619 4244 1730 4284 non
1784 4236 2047 4298 possent,
2103 4237 2321 4302 totaque
2379 4232 2517 4288 adeo
2587 4232 2856 4305 Egyptus
2898 4236 3002 4291 hoc
3057 4235 3175 4306 ipso
3226 4236 3489 4307 sanguine
3539 4238 3814 4294 redunda-

572 4330 662 4383 lint
698 4332 763 4383 ⁶¹.
806 4347 824 4380 θ
1529 4337 1555 4383 Β

641 4425 821 4479 Altera
846 4425 997 4496 plaga
1038 4422 1143 4479 fuit
1165 4436 1420 4479 ranarum
1451 4435 1520 4476 ex
1554 4420 1708 4493 aquis
1724 4419 2140 4477 scaturientium

2314 4422 2556 4494 Δευτέρα
2585 4423 2771 4496 πληγὴ
2801 4425 2834 4496 ἠ
2867 4424 2924 4490 ἐξ
2953 4425 3163 4479 ὑδάτων
3205 4426 3313 4482 τῶν
3358 4426 3649 4499 βατράχων
3684 4433 3819 4486 ἀνά-

472 4514 485 4527 ‘
570 4516 803 4572 illuvies.
858 4516 953 4572 Sic
1007 4517 1153 4571 enim
1198 4523 1284 4570 est
1308 4514 1477 4570 sacris
1504 4513 1563 4568 in
1616 4513 1874 4569 Litteris:
1934 4530 1954 4565 ι
1991 4514 2140 4568 Aaro

570 4624 787 4661 manum
847 4622 999 4661 suam
1054 4604 1329 4676 protendit
1380 4604 1435 4658 in
1494 4618 1663 4673 aquas
1714 4604 1969 4675 Egypti,
2029 4618 2138 4674 quo

569 4699 712 4753 facto
753 4708 829 4753 tot
858 4698 1118 4752 exstitere
1157 4709 1305 4748 rana:
1337 4702 1398 4748 ut
1430 4694 1513 4748 eis
1540 4692 1758 4764 Egypti
1807 4696 1982 4749 solum
2012 4709 2140 4750 coo-

568 4798 783 4857 pertum
823 4788 915 4840 sit.
977 4786 1150 4841 Simul
1180 4782 1561 4853 Egyptiorum
1597 4784 1790 4839 domos
1826 4786 1930 4840 illa:
1959 4786 2140 4856 ingre-

2243 4506 2412 4573 δοσις.
2444 4526 2463 4558 ι
2496 4511 2607 4563 Kal
2640 4509 2893 4576 ἐξέτεινε,
2925 4530 2943 4563 ι
2983 4514 3090 4583 γάρ
3120 4529 3309 4581 φησιν,
3347 4532 3364 4563 ι
3397 4518 3425 4568 ὁ
3470 4515 3684 4585 Ἀαρὼν
3714 4521 3819 4585 τὴν

2244 4599 2400 4666 χεῖρα
2431 4597 2595 4651 αὑτοῦ
2631 4599 2725 4653 ἐπὶ
2770 4600 2840 4653 τὰ
2881 4599 3048 4655 ὕδατα
3077 4603 3379 4671 Αἰγύπτου,
3431 4605 3525 4657 καὶ
3564 4607 3818 4675 ἀνήγαγε

2240 4690 2371 4752 τοὺς
2416 4688 2747 4761 βατράχους,
2790 4691 2885 4745 καὶ
2928 4693 3163 4763 ἐκάλυψε
3209 4693 3309 4763 τὴν
3350 4696 3455 4764 γῆν
3507 4696 3816 4763 Αἰγύπτου,

2240 4781 2335 4833 καὶ
2360 4779 2677 4850 εἰσήρχοντο
2709 4781 2790 4845 εἰς
2844 4782 2974 4845 τοὺς
3027 4784 3209 4845 οἰκους
3242 4784 3421 4838 αὑτῶν
3472 4786 3565 4838 καὶ
3617 4790 3700 4849 εἰς
3748 4792 3819 4841 τά

568 4854 861 4932 diebantur
913 4878 978 4931 ".
1018 4894 1037 4928 ι
1095 4875 1243 4931 idem
1281 4874 1561 4930 veneﬁciis
1595 4876 1709 4930 suis
1758 4875 1951 4931 imitati
2007 4854 2136 4932 sunt

2246 4872 2444 4939 ταμεῖα
2481 4872 2685 4927 αὐτῶν.
2719 4892 2740 4926 ι
2787 4872 3061 4937 Ὡσαύτως
3091 4878 3183 4930 καὶ
3213 4878 3262 4929 οἱ
3289 4877 3530 4931 ὲπαοιδοὶ
3558 4877 3668 4930 τῶν
3718 4881 3823 4933 Αἰ..

569 4977 890 5024 cxcantores
922 4965 1320 5037 Egyptiorum,
1354 4966 1812 5035 quemadmodum
1867 4977 1924 5021 et
1975 4976 2134 5021 antea
2186 5016 2193 5019 _

570 5057 832 5120 fecerant,
894 5071 1092 5125 aquam
1140 5055 1195 5108 in
1243 5056 1563 5125 sanguinem
1598 5056 1881 5137 mutando.
1923 5055 2029 5111 Sed
2059 5067 2137 5111 ta-

572 5162 696 5199 men
744 5160 968 5200 necesse
1009 5146 1198 5200 habuit
1248 5147 1500 5203 Pharao.
1534 5146 1764 5216 supplex
1817 5154 1877 5201 ut
1934 5146 2135 5202 Mosem

568 5242 776 5297 oraret,
807 5250 915 5305 quo
973 5250 1230 5290 ranarum
1281 5251 1311 5289 a
1370 5250 1430 5291 se
1478 5236 1920 5305 depellendarum
1976 5252 2136 5292 causa

571 5325 741 5379 Deum
766 5326 1171 5395 deprecaretur.
1194 5325 1468 5392 Quantum
1501 5326 1648 5381 enim
1680 5326 1802 5380 mali
1830 5341 1951 5382 esse
1984 5336 2141 5396 putas

2246 5327 2415 5383 κακὸν
2445 5330 2493 5382 οἱ
2530 5330 2793 5399 βάτραχοι
2840 5330 2948 5384 τῶν
2994 5332 3202 5385 ὑδάτων
3240 5332 3673 5397 ἀποξενωθέντες
3722 5335 3827 5387 καὶ

570 5417 723 5487 aquis
748 5418 950 5473 eﬁ'usas
980 5433 1142 5472 ranas
1191 5433 1254 5472 ac
1288 5419 1486 5487 passim
1530 5431 1628 5485 per
1655 5424 1854 5471 terram
1882 5419 2141 5487 sparsas?

572 5509 707 5564 nihil
739 5510 985 5579 profecto
1017 5509 1307 5564 reneuosis
1341 5524 1370 5563 a
1403 5508 1690 5578 reptilibus
1714 5508 1991 5564 differunt.
2035 5509 2141 5565 lm-

642 5666 686 5701 ³¹
718 5668 889 5725 Exod.
923 5686 1020 5734 vn,
1050 5670 1142 5725 21.
1218 5670 1262 5701 "
1295 5669 1467 5727 Exod.
1500 5644 1617 5739 vin,
1648 5671 1704 5727 6.

2239 4965 2486 5032 γυπτίων
2523 4966 2787 5034 ἐποίησαν
2832 4968 2952 5030 ταῖς
3008 4970 3376 5039 φαρμακείαις
3409 4969 3613 5037 αὑτῶν,
3665 4973 3823 5024 καθὲι

2238 5051 2303 5121 δὴ
2337 5053 2433 5105 καὶ
2480 5051 2571 5104 ἐπὶ
2619 5055 2685 5123 τῇ
2725 5052 3092 5123 ὲξαιματὼσει
3119 5056 3212 5109 τοῦ
3249 5056 3463 5119 ὓδατος.
3511 5057 3654 5111 Ἀλλ’
3696 5059 3821 5110 ἰκέ-

2239 5159 2363 5195 τευε
2389 5143 2587 5213 Φαραὼ
2614 5146 2704 5196 τὸν
2735 5145 2935 5198 Μωσέα
2960 5146 3216 5215 δεηθῆναι
3246 5148 3339 5200 τοῦ
3375 5147 3513 5202 Θεοῦ
3546 5150 3671 5219 περί
3717 5149 3823 5201 τοῦ

2241 5233 2426 5288 δοῦναι
2456 5236 2606 5306 αὑτῴ
2661 5236 2765 5289 τῶν
2806 5236 3092 5308 βατράχων
3141 5240 3505 5311 ἀπαλὶαγήνσ
3536 5236 3649 5295 οἷον
3700 5244 3820 5311 γάρ

2244 5421 2338 5472 ἐπὶ
2400 5422 2655 5475 πλεῖστον
2711 5423 3228 5495 άποχερσωθὲντες,
3284 5424 3532 5493 ἑρπετῶν
3590 5422 3825 5476 ἰοϐόλων

2246 5510 2365 5564 κατ’
2395 5512 2547 5566 οὐδὲν
2594 5513 2941 5583 διαφέρουσι.
2993 5515 3210 5569 Γίνεται
3244 5514 3438 5583 ταῦτα,
3493 5513 3672 5567 δέεται
3717 5511 3824 5567 τοῦ

4006 5481 4015 5514 4

4022 5004 4025 5161 Γ
