4110 6194
354 320 466 382 293

1593 324 2007 398 ANNALIUM
2054 286 2255 386 PARS.
2290 328 2371 386 It.

3515 324 3618 386 εει-ε,

358 432 503 485 Θεοῦ
526 435 555 486 6
586 432 843 503 Mm‘iaﬁg,
870 434 965 488 καὶ
990 435 1317 489 τελευτῶσιν
1350 435 1549 489 αὐτίκα
1578 438 1625 489 οἱ
1655 436 1939 506 βάτραχοι,

2056 448 2219 507 ρειτιδι
2266 438 2533 507 posmlata
2596 436 2833 500 Pharao;
2882 436 3050 490 Deum
3098 436 3420 489 obsecrante
3469 432 3614 486 Muse

358 525 471 576 κΞν
508 525 537 576 6
582 523 783 594 Φαραὼ
838 526 1175 595 θεασάμενος
1226 527 1309 581 ὅτι
1360 526 1586 596 γέγονεν
1648 526 1935 595 ἀνάφυξις,

358 615 623 687 ἀπειθείᾳ
647 620 712 688 τῇ
745 617 990 689 προτέρᾳ
1020 620 1294 684 ἐνέμεινε.

434 796 610 867 Τρίτη
641 796 823 866 πληγὴ
870 800 902 867 ἠ
946 798 1056 852 ἀπὸ
1088 800 1182 853 τοῦ
1215 800 1338 870 χοὸς
1370 801 1480 855 τῶν
1520 799 1765 854 σκνιπῶν
1808 801 1940 856 ἀνά-

361 886 539 950 δοσις.
579 905 599 940 ι
639 888 903 954 Ἐξέτεινε
937 909 957 940 ι
995 893 1105 960 γάρ
1159 908 1325 960 φησιν
1355 911 1375 944 ι
1420 890 1632 962 ’Δαρὼν
1674 894 1739 963 τῇ
1800 892 1944 962 χειρὶ

363 978 468 1049 τὴν
494 978 709 1049 ῥάϐδον,
744 978 919 1044 καθὼς
950 983 1181 1051 ὲλάλησε
1216 983 1422 1053 Κύριος
1444 1023 1460 1048 ,
1494 985 1585 1037 καὶ
1619 983 1857 1047 ἐπάταξε
1884 983 1944 1035 τὸ

364 1070 534 1142 χῶμα
560 1072 663 1141 τῆς
692 1073 819 1142 γῆς,
859 1073 955 1128 καὶ
984 1074 1239 1141 ἐγένοντο
1288 1077 1339 1126 οῖ
1369 1076 1594 1137 σκνῖπες
1623 1075 1681 1128 ἐν
1726 1090 1785 1126 τε
1828 1077 1943 1138 τοῖς

368 1162 686 1233 ἀνθρώποις
724 1166 819 1218 καὶ
858 1168 973 1229 τοῖς
1007 1165 1325 1237 τετράποσι.
1356 1184 1375 1218 ι
1427 1150 1669 1218 Γίνωσκε
1699 1164 1754 1218 δὲ
1777 1166 1859 1219 ὅτι
1882 1165 1944 1217 τὸ

369 1256 515 1318 ζῶον
558 1252 607 1309 σι
660 1258 907 1321 σκνῖπες,
966 1258 1015 1310 εἰ
1068 1258 1160 1309 καὶ
1201 1256 1543 1327 βραχύτατόν
1597 1259 1768 1320 ἐστιν,
1827 1254 1945 1310 ἀλλ’

368 1347 523 1417 ὅμως
551 1331 989 1418 ἀργαλεώτατονθ
1025 1349 1085 1403 ού
1141 1350 1300 1419 μόνον
1331 1352 1440 1418 γὰρ
1492 1348 1816 1416 λυμαίνεται
1844 1347 1944 1417 τὴν

369 1439 700 1508 ἐπιφάνειαν
758 1440 853 1493 τοῦ
908 1441 1201 1510 δέρματος
1234 1444 1344 1504 τοῖς
1406 1442 1641 1509 ἀφανέσι
1702 1441 1945 1512 δήγμασι

368 1532 654 1599 κνησμοὺς
700 1531 965 1600 ἐμποιοῦν
1019 1533 1228 1602 ἀηδεῖς,
1262 1533 1398 1585 ἀλλὰ
1446 1535 1539 1587 καὶ
1569 1534 1648 1594 είς
1695 1534 1757 1586 τὸ
1796 1534 1945 1596 ἐντὸς

370 1621 623 1690 βιάζεται
647 1622 739 1679 διά
764 1640 827 1690 γε
860 1624 1156 1693 μυκτήρων
1202 1626 1300 1676 καὶ
1334 1622 1507 1677 ὤτων.
1559 1623 1704 1693 Πρὸς
1732 1623 1944 1687 τούτοις

371 1714 433 1766 δὲ
504 1715 602 1768 καὶ
661 1715 829 1785 κόρας
885 1714 1114 1784 βλάπτει
1180 1716 1478 1785 ὀφθαλμῶν
1531 1716 1941 1785 είοπετόμενον.

2042 531 2304 584 continuo
2327 544 2470 583 ranm
2499 528 2797 598 exspirant.
2829 528 3193 582 Nihilominus
3224 525 3458 585 Pharao,
3489 539 3612 577 cum

2045 631 2194 676 tanto
2241 637 2271 676 e
2301 621 2442 676 malo
2471 636 2530 675 sc
2578 619 2874 688 respirasse
2913 626 3183 680 cerneret,
3238 618 3293 671 in
3363 615 3619 670 obfirma-

2046 713 2195 767 tione
2221 713 2387 765 animi
2422 712 2647 780 pristina
2684 710 2940 779 perstitit.

2117 803 2301 859 Tertia
2354 804 2510 873 plaga
2562 802 2664 857 fuit
2722 803 2957 856 culicum
3016 816 3047 854 e
3105 803 3327 870 pulvere
3364 809 3612 856 natorum

2044 894 2352 963 productio.
2392 895 2484 947 Sic
2530 894 2674 947 enim
2710 894 3066 961 perscriptum
3106 893 3374 963 legimus:
3415 913 3433 946 ι
3474 896 3616 947 Aaro

2045 1001 2212 1040 manu
2243 986 2446 1053 virgam
2478 1000 2632 1039 suam
2684 985 2751 1038 de
2786 985 3040 1039 mandato
3077 986 3287 1039 Domini
3322 985 3618 1054 protendit,

2045 1092 2109 1132 ac
2141 1087 2300 1131 terrae
2329 1077 2609 1145 pulverem
2639 1075 2933 1144 percussit,
2969 1091 3072 1144 qua
3116 1076 3467 1143 percussione
3518 1092 3616 1131 cu-

2046 1168 2176 1224 lices
2213 1178 2325 1222 tum
2358 1169 2411 1222 in
2442 1168 2757 1223 hominibus
2791 1176 2904 1223 tum
2948 1167 3397 1236 quadrupedibus
3446 1169 3615 1223 exsti-

2051 1267 2239 1315 terunt
2268 1260 2332 1310 ⁵³.
2373 1278 2392 1309 ι
2428 1259 2602 1327 Atque
2653 1258 2739 1313 hic
2791 1258 2984 1311 discito
3027 1244 3410 1311 animalculum
3465 1258 3620 1321 illud,

2046 1352 2191 1420 quod
2233 1350 2435 1404 culices
2457 1350 2816 1419 appellamus,
2851 1351 3062 1403 tametsi
3087 1350 3167 1403 vel
3198 1348 3485 1404 minimum
3522 1349 3614 1411 sit,

2047 1441 2218 1495 nihilo
2256 1451 2432 1494 tamen
2492 1441 2672 1494 minus
2727 1441 2882 1510 longe
2929 1442 3087 1495 nobis
3127 1457 3248 1495 esse
3301 1441 3620 1495 molestissi-

2048 1548 2217 1587 mum.
2255 1531 2370 1586 Non
2404 1532 2549 1586 enim
2596 1541 2802 1586 tantum
2834 1533 2977 1586 cutis
3013 1533 3356 1601 superﬁciem
3406 1530 3625 1601 Stringit

2049 1634 2213 1693 atque
2242 1624 2410 1684 iredit,
2445 1624 2697 1678 obscuris
2729 1626 2998 1678 morsibus
3024 1639 3218 1692 graves
3253 1624 3620 1691 molestosquc

2052 1718 2290 1785 pruritus
2311 1714 2586 1769 eiﬁcicns:
2623 1729 2804 1768 verum
2856 1715 3017 1769 etiam
3053 1731 3146 1783 per
3183 1729 3339 1768 nares
3373 1723 3429 1767 ct
3458 1729 3617 1768 aures

382 1804 664 1872 Ὠσαύτως
703 1807 758 1861 δὲ
804 1810 897 1861 καὶ
928 1810 974 1860 οἱ
1006 1809 1251 1861 ὲπαοιδοὶ
1280 1810 1387 1862 τῶν
1414 1808 1727 1877 Αἰγυπτίων
1755 1810 1943 1877 ἐποίη-

2056 1807 2114 1862 ad
2143 1806 2401 1861 interiora
2433 1806 2483 1859 vi
2524 1816 2811 1875 penetrare
2863 1806 3074 1870 nititur,
3130 1821 3194 1859 ac
3227 1813 3489 1873 prieterea
3522 1821 3620 1873 pu-

375 1914 477 1951 σαν
507 1897 599 1951 τοῦ
639 1899 929 1968 ἐξαγαγεῖν
956 1899 1048 1954 τὸν
1096 1903 1319 1964 σκνῖπα,
1372 1901 1469 1955 κα).
1512 1902 1613 1954 οὐκ
1660 1900 1944 1970 ἠδύναντο.

377 1986 546 2046 Εἶπον
571 1990 668 2046 οὖν
697 1992 778 2063 τῷ
807 1991 1009 2063 Φαραὼ
1038 1994 1121 2046 ὅτι
1153 1993 1420 2072 δάκτυλος
1449 1993 1586 2047 θεοῦ
1619 1993 1737 2047 ἐστι
1766 1993 1945 2046 τοῦτο.

2054 1899 2193 1969 pulis
2223 1898 2521 1960 oculorum,
2559 1896 2713 1966 152
2746 1898 2799 1953 in
2855 1912 2949 1951 eos
2984 1898 3294 1958 involando,
3331 1897 3626 1950 detrimen-

2056 2000 2169 2045 tum
2200 1989 2373 2044 aﬂert.
2413 1989 2618 2044 Deinde
2667 1989 2758 2043 hic
2807 1990 2970 2042 etiam
3005 1988 3389 2058 [Egyptiorum
3425 2003 3626 2041 exean-

373 2097 526 2142 tores
557 2090 844 2144 consimile
865 2088 1120 2160 quiddam
1155 2089 1331 2143 moliri
1384 2090 1723 2154 nitebantur,
1789 2096 1850 2143 ut
1913 2085 2118 2143 culices
2170 2085 2558 2156 producerent,
2600 2085 2694 2138 sed
2761 2084 2915 2138 irrito
2979 2094 3198 2138 conatu.
3262 2082 3624 2147 Quamobrem

372 2181 650 2237 Pharaoni
676 2181 914 2237 confessi
938 2191 1067 2236 sunt
1112 2182 1226 2237 haec
1264 2182 1357 2237 Dei
1384 2184 1556 2254 digito
1586 2183 1781 2239 eil‘ecta
1805 2198 1950 2239 esse.

454 2272 701 2343 Τετάρτη
731 2273 915 2343 πληγὴ
958 2274 990 2343 ή
1032 2274 1119 2328 διὰ
1149 2274 1247 2343 τῆς
1278 2275 1600 2344 κυνομυίας.
1642 2294 1660 2327 ι
1700 2274 1900 2340 Καθὼς
1927 2276 1963 2325 ι’

376 2365 492 2438 γάρ
522 2382 686 2434 φησιν
717 2384 736 2416 ι
761 2366 985 2437 ἐποίησε
1012 2364 1238 2437 Κύριος,
1261 2367 1590 2436 παρεγένετο
1616 2368 1649 2435 ἡ
1682 2368 1952 2436 κυνάμυια

378 2456 590 2526 πλῆθος
636 2457 716 2518 είς
754 2458 881 2521 τοὺς
912 2458 1098 2521 οἴκους
1147 2456 1348 2523 Φαραὼ
1400 2458 1493 2511 καὶ
1525 2459 1607 2521 είς
1645 2459 1827 2511 πᾶσαν
1854 2458 1952 2528 τὴν

378 2551 491 2621 γῆν
520 2551 822 2619 Αἰγύπτου.
846 2552 958 2604 Καὶ
979 2551 1353 2622 ἑξωλοθρεύθη
1377 2554 1409 2621 ἡ
1436 2552 1508 2619 γῆ
1535 2550 1644 2605 ἀπὸ
1668 2553 1767 2621 τῆς
1793 2568 1951 2605 κυνο-

382 2644 554 2716 μυίας
582 2642 914 2715 ὀδυνηρῶς.»
946 2644 1057 2696 Καὶ
1083 2644 1191 2713 γὰρ
1225 2642 1492 2712 ἐμφύεται
1520 2641 1608 2696 διὰ
1628 2642 1722 2696 τοῦ
1744 2643 1954 2712 δήγμα-

376 2753 477 2797 τος
497 2737 652 2789 τουτὶ
669 2736 730 2788 τὸ
752 2735 894 2798 ζῶον
924 2738 1035 2797 τοῖς
1060 2732 1298 2803 σώμασι.
1317 2734 1639 2803 Κυνόμυιαν
1659 2733 1716 2787 δὲ
1738 2734 1953 2788 ἀκούων

373 2828 445 2881 τὸ
507 2827 741 2889 αὔθαδες
792 2826 902 2879 νόει
954 2824 1051 2878 τοῦ
1106 2825 1288 2889 ζώου’
1325 2825 1585 2897 καθάπερ
1636 2827 1746 2896 γὰρ
1798 2826 1953 2895 βέλος

376 2918 771 2987 είσπετομένη,
817 2915 924 2969 τῶν
959 2915 1273 2983 Αἰγυπτίων
1318 2919 1410 2967 καὶ
1453 2916 1632 2985 μόνων
1668 2931 1952 2986 κατεπεμ-

2125 2274 2331 2338 Quarta
2378 2273 2529 2342 plaga
2565 2270 2706 2325 Deus
2733 2270 3017 2340 [Egyptios
3049 2285 3143 2339 per
3181 2286 3435 2334 .muscas,
3493 2285 3628 2339 quas

2054 2365 2280 2417 caninas
2310 2362 2600 2431 appellant,
2638 2362 2871 2415 vexavit.
2907 2360 3061 2424 Nam,
3126 2371 3184 2415 ut
3242 2364 3414 2415 sacris
3458 2372 3541 2417 est
3574 2364 3629 2415 in

2057 2453 2295 2517 Litteris,
2345 2450 2610 2506 eﬂieiente
2650 2452 2760 2506 Deo
2814 2462 2956 2506 tanta
3000 2464 3310 2507 muscarum
3346 2456 3426 2508 vis
3466 2465 3630 2523 atque

2058 2544 2349 2599 multitudo
2394 2544 2449 2597 in
2503 2542 2808 2597 Pharaonis
2848 2545 2991 2598 aedes
3033 2554 3088 2598 et
3127 2553 3293 2598 totam
3331 2545 3622 2616 zEgyptum

2057 2644 2142 2690 est
2180 2636 2443 2699 immissa,
2483 2642 2541 2689 ut
2570 2633 2638 2689 ab
2668 2637 2747 2689 eis
2773 2635 3026 2689 universa
3054 2636 3199 2706 regio
3227 2636 3626 2693 devastaretur.

2056 2725 2466 2781 Nimirumnon
2529 2725 2651 2779 sine
2684 2724 2869 2780 dolore
2921 2727 3120 2780 animal
3159 2728 3261 2782 hoc
3315 2728 3367 2781 in
3397 2744 3627 2798 corpora

2057 2832 2240 2872 morsu
2270 2826 2549 2886 penetrat;
2581 2832 2820 2887 cumque
2851 2820 3081 2873 caninas
3110 2821 3368 2889 appellari
3411 2837 3624 2877 muscas

2054 2910 2232 2972 audis,
2280 2909 2383 2963 hoc
2415 2910 2591 2979 ipsum
2646 2910 2713 2962 ad
2764 2911 3155 2980 impudentiam
3185 2921 3240 2965 et
3288 2911 3628 2967 ferocitatem

378 3010 645 3064 σαίνουσα
671 3004 762 3079 ἦν.
783 3009 893 3063 Καὶ
916 3008 1073 3062 τοῦτο
1102 3008 1343 3077 δηλοῦσα
1364 3008 1397 3077 ἡ
1416 3006 1607 3078 Γραφὴ
1641 3008 1780 3061 κατὰ
1802 3007 1952 3072 λέξιν

2056 3000 2307 3055 animalis
2329 3000 2548 3064 referto,
2579 3001 2723 3070 quod
2760 3001 3009 3055 involans
3042 3002 3093 3075 in
3132 3018 3339 3057 morem
3371 3003 3460 3057 teli
3485 3003 3629 3058 solos

376 3098 528 3153 οὕτω
557 3098 713 3167 φησί’
767 3115 787 3149 ι
822 3097 926 3153 Καὶ
953 3097 1400 3168 παραδοξάσομαι
1453 3096 1552 3168 τὴν
1600 3098 1702 3168 γῆν
1734 3097 1909 3167 Γεσὲμ
1930 3137 1946 3162 ,

2056 3090 2105 3147 iu
2142 3090 2420 3161 Egyptios
2476 3092 2737 3146 irruebat.
2775 3092 2886 3148 lloc
2919 3093 3158 3148 indicare
3219 3093 3433 3149 Littera:
3464 3110 3630 3150 sacra:

381 3191 472 3260 ἐφ’
499 3186 566 3262 ἧς
594 3192 623 3243 ὁ
651 3189 779 3253 λαός
810 3207 910 3259 μου
943 3190 1030 3245 ἐπ’
1057 3190 1246 3259 αὐτῆς,
1280 3190 1365 3259 ἐφ’
1457 3192 1555 3245 οὐκ
1598 3192 1741 3246 ἔστιν
1773 3193 1891 3245 ἐκεῖ
1920 3194 1953 3262 ἠ

2056 3184 2293 3239 volentes
2323 3184 2407 3237 bis
2430 3183 2559 3253 ipsis
2583 3184 2763 3238 verbis
2795 3200 2905 3240 usae
2925 3195 3054 3240 sunt
3079 3205 3090 3239 :
3120 3204 3137 3237 ι
3162 3185 3447 3242 Gesemam
3474 3204 3631 3254 vero,

381 3281 682 3349 κυνόμυια,
708 3280 795 3333 ἵνα
830 3279 944 3349 ἴδῃς
966 3280 1049 3332 ὅτι
1078 3278 1190 3347 ἐγὼ
1218 3278 1421 3349 Κύριος
1442 3282 1469 3333 6
1491 3279 1623 3342 Θεός
1645 3295 1739 3332 σου
1775 3280 1953 3348 πάσης

2056 3293 2163 3348 qna
2195 3278 2249 3332 in
2282 3286 2423 3331 terra
2455 3277 2688 3346 populus
2712 3293 2865 3333 meus
2891 3279 3056 3350 degit,
3088 3291 3284 3350 printer
3311 3282 3627 3351 opinionem

381 3376 487 3445 τῆς
518 3376 646 3442 γῆς.
678 3373 788 3426 Καὶ
816 3371 1083 3427 διαστελῶ
1108 3371 1380 3441 ἁναμέσον
1406 3371 1501 3424 τοῦ
1529 3372 1661 3441 ἐμοῦ
1698 3371 1829 3426 λαοῦ
1862 3373 1953 3425 καὶ

2059 3369 2340 3441 hominum
2379 3369 2674 3423 immunem
2725 3369 2946 3437 faciam,
2989 3382 3048 3426 ut
3092 3373 3143 3427 in
3200 3388 3261 3427 ca
3322 3374 3485 3428 nulla:
3523 3377 3634 3429 sint

385 3465 671 3531 ἀναμέσον
703 3462 799 3515 τοῦ
836 3462 930 3516 σοῦ
961 3462 1113 3516 λαοῦ.
1150 3481 1169 3513 ι
1201 3464 1389 3515 Δέεται
1422 3463 1514 3517 οῦν
1552 3463 1645 3516 ἐπὶ
1693 3463 1901 3526 τούτοις
1929 3465 1953 3516 6

2061 3479 2298 3531 muscae;
2329 3478 2436 3533 quo
2467 3464 2678 3520 scilicet
2705 3463 2975 3536 intelligas
3021 3481 3106 3520 tne
3140 3465 3430 3521 Dominum
3464 3469 3632 3522 Deum

382 3552 596 3620 Μωσῆς
629 3552 724 3605 τοῦ
772 3551 930 3616 Θεοῦ,
973 3550 1067 3604 καὶ
1100 3551 1342 3621 περιεῖλε
1373 3549 1470 3619 τὴν
1517 3551 1816 3619 κυνόμυιαν
1845 3549 1953 3604 ἀπὸ

2059 3556 2263 3611 essein
2294 3555 2473 3619 terris,
2505 3555 2599 3624 qui
2627 3554 2923 3611 discrimen
2969 3560 3111 3612 inter
3154 3575 3333 3614 meum
3370 3570 3632 3631 tuumque

386 3644 485 3697 τοῦ
514 3643 739 3715 Φαραὼ,
770 3644 863 3696 καὶ
895 3643 994 3695 οὐκ
1024 3642 1286 3712 ἠθέλησεν
1313 3641 1695 3705 ἐξαποστεῖλαι
1733 3643 1952 3707 αὐτούς.

2057 3649 2315 3718 populum
2342 3662 2541 3718 ponam
2569 3647 2637 3702 “.
2677 3667 2696 3699 ι
2741 3648 3053 3706 Secundum
3084 3652 3199 3707 haec
3226 3653 3421 3708 iterum
3450 3654 3630 3710 Moses

387 3742 567 3796 Deum
631 3740 978 3809 deprecatur,
1005 3739 1096 3807 qui
1132 3752 1349 3794 muscas
1378 3738 1501 3793 illas
1537 3738 1763 3794 caninas
1827 3754 1857 3794 a
1898 3739 2187 3799 Pharaone
2222 3745 2534 3816 populoque
2565 3744 2740 3814 ipsius
2774 3746 2954 3818 abegit
2996 3750 3070 3804 ita
3137 3758 3193 3804 ut
3239 3765 3306 3804 ne
3352 3766 3457 3805 una
3509 3752 3633 3821 qui-

390 3834 519 3889 dem
553 3834 760 3903 reliqua
784 3832 957 3898 foret;
994 3832 1089 3888 sed
1124 3834 1339 3888 Pharao
1403 3840 1515 3887 tum
1566 3845 1787 3903 quoque
1836 3849 1996 3889 suum
2035 3836 2389 3905 pertinaciter
2447 3836 2735 3893 obduravit
2773 3840 3038 3905 animum,
3094 3856 3197 3896 nec
3245 3842 3501 3911 pupulum
3554 3843 3635 3898 di-

388 3927 613 3983 mittere
644 3925 834 3981 voluit.

473 4023 708 4091 Πὲμπτη
736 4019 920 4090 πληγὴ
946 4022 980 4091 ἡ
1013 4018 1121 4073 τῶν
1143 4019 1493 4088 τετραπόδων
1511 4018 1705 4090 φθορά.
1732 4038 1751 4071 ι
1774 4019 1907 4074 Ἰδοὺ
1939 4039 1958 4073 ι

399 4112 513 4182 γάρ
547 4128 682 4180 φησι
711 4110 846 4179 πρὸς
875 4108 1076 4179 Φαραὼ
1114 4111 1142 4161 6
1167 4108 1394 4178 Μωσῆς,
1430 4126 1450 4159 ι
1491 4108 1575 4161 ὅτι
1601 4109 1721 4179 χεὶρ
1758 4109 1962 4180 Κυρίου

392 4206 554 4257 ἔσται
587 4205 644 4255 ὲν
686 4204 819 4255 πᾶσι
849 4204 962 4264 τοῖς
989 4199 1212 4271 κτήνεσι
1252 4215 1367 4266 σου,
1401 4200 1495 4253 καὶ
1523 4200 1751 4263 θάνατος
1792 4200 1965 4268 μέγας

398 4294 633 4362 σφόδρα.
675 4293 786 4345 Καὶ
816 4291 1042 4359 ἐποίησε
1090 4289 1292 4359 Κύριος
1335 4290 1399 4342 τὸ
1447 4291 1603 4360 ῥῆμα
1637 4290 1795 4344 τοῦτο
1819 4329 1834 4355 ,
1873 4291 1968 4345 καὶ

392 4384 764 4453 ἐτελεύτησαν
812 4382 993 4435 πάντα
1021 4379 1090 4434 τὰ
1135 4382 1309 4452 κτήνη
1343 4381 1452 4434 τῶν
1480 4381 1817 4450 Αἰγυπτίων,
1853 4381 1964 4435 ἀπὸ

390 4477 454 4529 δὲ
506 4475 614 4527 τῶν
651 4474 861 4545 κτηνῶν
910 4472 1019 4526 τῶν
1049 4471 1179 4525 υίῶν
1219 4471 1437 4541 Ἰσραὴλ
1466 4473 1816 4542 ἐτελεύτησεν
1844 4473 1964 4525 οὐδὲ

394 4569 529 4621 ἕνα.
564 4566 864 4638 Ἐσαρύνθη
898 4564 991 4619 οῦν
1015 4566 1050 4636 ἡ
1081 4563 1275 4635 καρδία
1328 4562 1548 4635 Φαραὼ,
1579 4565 1675 4620 καὶ
1704 4565 1806 4619 οὐκ
1832 4564 1967 4620 ἀπέ-

397 4658 580 4712 στειλε
608 4658 702 4713 τὸν
726 4657 877 4714 λαόν.

483 4926 660 4996 Ἐκτη
692 4921 874 4993 πληγὴ
909 4924 944 4993 ἡ
984 4923 1093 4975 τῶν
1142 4922 1446 4993 φλυκτίδων
1492 4922 1775 4987 ἐπίθεσις,
1823 4924 1968 4979 καθά

395 5032 592 5085 φησιν’
641 5033 659 5066 ι
705 5015 965 5084 Ἐλάλησε
996 5014 1202 5084 Κύριος
1260 5014 1355 5071 καὶ
1391 5014 1551 5069 ἔλαϐε
1603 5015 1807 5086 Μωσῆς
1865 5017 1965 5085 τὴν

395 5107 639 5177 αἱθάλην
670 5106 765 5175 τῆς
796 5105 1028 5176 καμίνου
1080 5105 1324 5159 ἐναντίον
1357 5104 1578 5177 Φαραὼ,
1626 5107 1721 5161 καὶ
1762 5105 1965 5160 ἐπασεν

393 5202 468 5252 at)
482 5202 573 5265 τὴν
597 5200 676 5261 είς
707 5198 799 5249 τὸν
827 5198 1073 5267 οὑρανόν.
1098 5198 1207 5250 Καὶ
1238 5196 1457 5265 ἐγένετο
1487 5197 1641 5268 ἕλκη,
1680 5198 1964 5266 φλυκτίδες

392 5290 725 5354 ἁναζέουσαι
759 5289 817 5341 ἓν
850 5308 907 5342 τε
937 5291 1051 5351 τοῖς
1086 5287 1397 5358 ἀνθρώποις
1427 5288 1522 5342 καὶ
1548 5290 1606 5341 ὲν
1636 5291 1747 5351 τοῖς
1776 5289 1970 5359 τετρά-

394 5398 554 5448 ποσι,
580 5382 674 5435 καὶ
696 5381 796 5433 οὐκ
823 5379 1087 5449 ἠδύναντο
1114 5381 1162 5431 oi
1197 5380 1478 5449 φαρμακοὶ
1509 5381 1967 5450 στῆναι,ὲναντίον

391 5473 592 5528 Μωσεῖ
620 5473 707 5527 διὰ
742 5474 809 5525 τὰ
858 5473 1016 5542 ἕλκη.
1070 5469 1203 5525 Eine
1227 5473 1284 5525 δὲ
1326 5473 1529 5544 Κύριος
1564 5473 1702 5543 πρὸς
1734 5474 1964 5546 Μωσῆψ

386 5563 702 5636 Ὀρθρισον
740 5568 800 5618 τὸ
831 5563 994 5635 πρωῒ,
1035 5564 1129 5618 καὶ
1178 5563 1300 5618 εἰπὲ
1338 5567 1473 5633 πρὸς
1505 5565 1727 5636 Φαραώ·
1780 5566 1843 5621 El
1890 5567 1966 5639 μὴ

470 5727 518 5760 ⁸³
548 5726 718 5784 Exod.
761 5742 877 5795 Vm,
909 5728 994 5786 10.
1031 5729 1077 5763 ⁸⁸
1105 5731 1234 5787 ibid.
1266 5732 1353 5785 ιε.
1429 5734 1474 5767 ⁵⁸
1502 5732 1672 5791 Exod.
1701 5751 1775 5802 tx,
1808 5738 1863 5792 5.

2134 4021 2320 4093 Itaque
2349 4034 2535 4079 secuta
2569 4034 2654 4081 est
2694 4027 2848 4099 plaga
2880 4028 3096 4097 quinta,
3139 4028 3390 4084 videlicet
3412 4031 3630 4100 jumenv

2065 4120 2242 4169 torum
2272 4120 2329 4166 et
2380 4127 2638 4184 pecorum
2670 4118 2913 4172 omnium
2963 4118 3102 4172 lues.
3156 4118 3246 4175 Sic
3274 4121 3431 4175 enim
3465 4138 3631 4179 saera:

2063 4203 2283 4261 Littera:
2310 4213 2565 4261 narrant:
2601 4226 2620 4258 ι
2662 4206 2804 4263 Dixit
2827 4210 3101 4267 Pharaoni
3140 4212 3335 4277 Moses,
3372 4214 3449 4269 En
3505 4232 3622 4271 ma-

2064 4312 2195 4351 num
2222 4312 2373 4352 suam
2414 4298 2675 4353 Dominus
2699 4301 2752 4355 in
2787 4302 2968 4358 omnia
3003 4314 3097 4360 tua
3126 4305 3370 4373 iumenta
3420 4310 3497 4364 sic
3524 4310 3628 4364 im-

1996 4416 2040 4472 ο
2066 4386 2268 4453 mittet,
2299 4395 2359 4441 ut
2380 4388 2573 4464 ingens
2597 4390 2955 4447 subsecutura
2988 4394 3060 4448 sit
3081 4396 3218 4451 lues.
3250 4396 3510 4468 Fecitque
3535 4400 3638 4455 Do-

2070 4479 2274 4545 minus,
2300 4479 2445 4547 quod
2476 4480 2714 4537 minatus
2750 4494 2887 4549 erat,
2917 4494 2972 4540 et
3014 4489 3191 4544 omnis
3224 4491 3437 4560 generis
3468 4493 3633 4565 Aigy-

2072 4567 2311 4638 ptiorum
2341 4567 2633 4636 pecoribus
2682 4570 2931 4638 mortuis,
2966 4589 3036 4628 ne
3068 4591 3236 4631 unum
3280 4579 3500 4648 quidem
3548 4583 3638 4652 ju-

2073 4663 2314 4710 mentum
2334 4668 2398 4711 ex
2416 4656 2616 4728 iisquae
2632 4658 2871 4716 Israelici
2894 4664 3247 4732 possidebant
3278 4668 3486 4727 interiit
3517 4675 3581 4728 ".
3616 4695 3634 4728 ι

2076 4743 2441 4819 Nihilominus
2465 4748 2787 4807 obﬁrmatus
2811 4762 2894 4809 est
2932 4752 3231 4815 Pharaonis
3269 4762 3507 4832 animus,
3537 4783 3638 4823 nec

2071 4839 2305 4895 abeundi
2338 4849 2660 4910 potestatem
2684 4846 2885 4915 papulo
2910 4848 3059 4905 fecit.

2142 4930 2503 5023 Quamobrem
2544 4934 2756 5005 plagam
2809 4940 2950 4996 Deus
2979 4951 3186 4999 sextam
3230 4947 3477 5017 immisit,
3519 4967 3640 5023 quae

2070 5022 2411 5091 pustularum
2440 5033 2556 5080 erat
2586 5028 2937 5097 exulceratio,
2980 5034 3122 5091 sicut
3163 5051 3356 5094 aurtor
3398 5022 3639 5099 historia:

2070 5128 2238 5167 sacra:
2271 5124 2475 5169 narrat.
2511 5134 2529 5168 ι
2557 5116 3042 5191 Quemadmodum,
3068 5128 3331 5200 inquit",
3379 5132 3637 5190 Dominus

2075 5216 2422 5274 praeceperat,
2457 5212 2692 5280 sumpsit
2745 5211 2923 5271 Moses
2971 5216 3207 5277 favillam
3247 5224 3314 5279 de
3358 5227 3587 5295 calcaria
3620 5268 3634 5291 ,

2072 5304 2352 5365 spectante
2392 5298 2674 5357 Pharaone
2703 5342 2717 5367 ,
2771 5313 2937 5374 atque
2967 5308 3113 5365 illam
3151 5314 3203 5366 in
3235 5329 3361 5368 aera
3415 5316 3631 5386 sparsit.

2072 5386 2208 5440 Tum
2239 5388 2420 5443 ulcera
2452 5393 2791 5464 pustulasque
2834 5397 3109 5458 ferventes
3137 5408 3392 5460 exstitere
3423 5418 3528 5459 tam
3580 5406 3633 5458 in

2073 5478 2381 5535 hominibus
2421 5492 2581 5552 quam
2612 5486 2823 5543 czrteris
2856 5492 3333 5562 quadrupedibus,
3381 5495 3520 5549 adeo
3573 5505 3637 5548 ut

2068 5567 2169 5638 ipsi
2194 5569 2357 5625 etiam
2387 5574 2616 5629 veneﬁci
2638 5578 2872 5648 amplius
2893 5593 3113 5653 propter
3132 5585 3312 5639 ulcera
3330 5586 3634 5643 consistere

1950 5739 1995 5770 “
2034 5739 2162 5798 ibid.
2198 5739 2283 5794 il.
