4110 6194
567 274 675 357 2'05

1764 316 1765 319 ‘
1813 294 2232 362 MICHAEIJS
2273 294 2530 355 GLYC/E

3693 300 3811 363 236

561 422 744 463 coram
774 406 920 463 Mose
953 423 1058 462 non
1094 416 1332 478 possent.
1361 405 1676 460 Secundum
1720 406 1835 461 hzec
1868 409 2013 465 Deus
2037 411 2132 466 hoc

2244 413 2642 483 ἐξαποστείὶῃς
2691 414 2781 466 τὸν
2816 414 2944 468 λαόν
2987 432 3111 484 μου,
3151 416 3478 481 ἀποστείλας
3518 417 3616 487 τὴν
3656 421 3814 489 χείρὰ

562 502 724 555 modo
750 501 949 555 Mosem
990 498 1365 569 compellavit:
1406 497 1542 551 Cras
1578 513 1795 554 summo
1845 516 2003 556 mane
2052 501 2132 555 sic

561 593 898 647 Pharaonem
938 592 1251 659 alloquere:
1300 590 1363 644 Ni
1419 590 1680 659 populum
1730 605 1911 644 meum
1965 592 2130 647 dimi-

556 686 716 746 seris,
748 689 963 736 exserta
996 695 1157 733 manu
1202 694 1317 733 mea
1345 687 1397 733 te
1430 678 1727 748 percutiam
1762 680 2133 750 populumque

559 784 711 827 tuum
738 781 915 826 morte
937 770 1199 825 multabo.
1230 769 1490 839 Scitoque
1513 772 1650 824 adeo
1680 779 1732 824 te
1761 770 1851 824 illa
1874 771 1939 826 de
1967 787 2130 826 causa

2243 523 2345 575 μου
2381 507 2611 572 πατάξω
2659 522 2719 558 σε
2753 508 2848 559 καὶ
2895 508 2989 559 τὸν
3040 508 3170 561 λαόν
3208 525 3302 562 σου
3347 510 3669 567 θανατώσω.
3710 514 3815 564 Καὶ
3888 576 3901 593 Ι

2241 592 2429 645 ἕνεκεν
2463 592 2655 646 τούτου
2701 593 3056 664 διετηρήθης,
3118 596 3206 649 ἵνα
3250 597 3569 668 ἐνδείξωμαι
3624 600 3682 651 ἐν
3733 597 3816 653 σοὶ

2240 686 2341 755 τὴν
2366 687 2597 756 δύναμίν
2624 704 2748 757 μου,
2786 689 2881 741 καὶ
2912 688 3058 752 ὅπως
3084 689 3379 762 διαγγελθῇ
3415 694 3473 747 τὸ
3505 693 3677 763 δνῖμά
3711 710 3814 763 μου

2245 776 2303 827 ἐν
2335 777 2489 848 πάσῃ
2517 780 2584 847 τῇ
2617 781 2709 848 γῇ.
2754 795 2773 829 ι

557 866 886 919 incolumem
920 862 1176 932 relinqui,
1212 869 1269 915 ut
1311 870 1635 931 potestatem
1678 862 1734 916 in
1778 871 1828 917 te
1870 877 2046 917 meam
2114 863 2383 920 declarent
2445 883 2737 938 meumque
2770 884 2971 924 nomen
3036 885 3136 942 per
3182 844 3519 930 universum‘
3547 886 3817 931 terrarum

553 961 741 1014 orbem
775 960 1110 1013 celebretur.
1163 973 1181 1006 ι

627 1054 871 1122 Septima
912 1052 1068 1121 plaga
1108 1049 1211 1104 fuit
1243 1049 1512 1103 immissio
1561 1050 1840 1120 grandinis
1886 1060 1942 1106 et
1982 1042 2137 1123 153

556 1150 716 1218 ignis.
744 1147 877 1198 Nam
912 1144 1179 1215 grandine
1228 1142 1379 1211 prius
1420 1158 1515 1210 per
1559 1144 1875 1198 universum
1917 1143 2134 1215 Egypti

554 1242 731 1293 solum
753 1237 973 1305 delapsa
997 1236 1161 1289 etiam
1188 1235 1329 1305 ignis
1347 1234 1590 1304 undique
1612 1236 1892 1291 discurrit.
1917 1237 2135 1293 Grande

554 1335 670 1401 ipsa
707 1330 843 1383 nihil
877 1344 984 1382 non
1011 1343 1199 1381 eorum
1226 1329 1523 1395 prostravit
1547 1342 1667 1395 qua:
1695 1327 1749 1381 in
1780 1336 1923 1382 terra
1955 1339 2129 1394 erant,

556 1433 669 1478 tum
697 1421 948 1477 homines
983 1428 1097 1473 tum
1126 1419 1391 1483 iumenta.
1426 1416 1545 1472 Non
1588 1427 1769 1473 tamen
1806 1420 1859 1473 in
1888 1418 2133 1475 Gesetna:

554 1515 692 1579 solo,
738 1512 883 1582 quod
931 1511 1239 1565 incolebant
1286 1510 1561 1572 lsraelici,
1606 1512 1811 1580 grando
1837 1498 2130 1582 quidquam

554 1604 865 1659 detrimenti
899 1602 1066 1657 dedit.
1108 1601 1346 1654 Rursum
1394 1616 1525 1655 vero
1575 1601 1752 1657 Moses
1804 1605 2133 1658 obsecrante

526 1697 843 1749 ‘Pharaone
880 1693 1049 1747 Deum
1075 1701 1288 1755 exorat,
1314 1708 1421 1762 quo
1445 1691 1589 1747 facto
1622 1694 1863 1747 tonitrua
1894 1704 1949 1748 et
1973 1710 2132 1764 gran-

551 1790 709 1844 dines
737 1796 1040 1843 cessarunt.
1072 1789 1249 1853 Atque
1282 1784 1578 1840 hic‘notato
1603 1801 1711 1840 non
1754 1787 1929 1841 solum
1972 1804 2133 1857 gran-

2328 1055 2561 1127 Ἐεδόμη
2586 1057 2771 1128 πληγὴ
2796 1059 2828 1128 ή
2846 1058 2933 1113 διὰ
2963 1061 3206 1132 χαλάζης
3224 1063 3321 1117 καὶ
3341 1064 3530 1133 πυρός.
3551 1085 3569 1117 ι
3585 1067 3815 1137 Ἐϐρεξε

2246 1147 2357 1214 γὰρ
2388 1149 2416 1199 ό
2441 1146 2645 1218 Κύριος
2669 1148 2909 1217 χάλαζαν
2935 1151 3032 1204 ἐπὶ
3058 1154 3242 1206 πᾶσαν
3264 1152 3693 1225 γῆνἈίγύπτου,
3721 1167 3817 1215 καὶ

2242 1238 2489 1310 διέτρεχε
2518 1240 2579 1292 τὸ
2603 1240 2714 1311 πῦρ
2748 1243 2840 1295 ἐπὶ
2862 1243 2961 1313 τῆς
2990 1245 3116 1316 γῆς.
3155 1244 3427 1312 Ἐπάταξε
3456 1249 3514 1303 δὲ
3538 1252 3571 1320 ἡ
3606 1253 3817 1322 χάλαζα

2242 1333 2419 1385 πάντα
2445 1334 2544 1386 ὅσα
2582 1327 2651 1403 ἦν
2681 1334 2738 1387 ὲν
2760 1333 2838 1403 τῷ
2869 1336 3061 1406 πεδίῳ,
3093 1338 3201 1391 ἀπὸ
3229 1339 3521 1410 ἀνθρώπου
3555 1343 3659 1395 ἕως
3687 1350 3817 1415 κτή-

2240 1438 2387 1485 νους.
2420 1422 2569 1493 Πλὴν
2604 1423 2663 1476 ἐν
2714 1428 2784 1495 γῇ
2822 1425 3022 1497 Γεσὲμ,
3054 1421 3116 1482 οὗ
3146 1424 3290 1499 ἦσαν
3332 1435 3381 1484 οί
3427 1434 3533 1485 υἱοὶ
3574 1435 3813 1505 Ἰσραὴλ,

2242 1515 2344 1567 οὐκ
2374 1516 2591 1585 ἐγένετο
2630 1517 2662 1586 ἡ
2697 1518 2929 1586 χάλαζα.
2967 1538 2987 1571 ι
3047 1522 3237 1575 Δέεται
3294 1520 3388 1578 οῦν
3446 1528 3539 1579 καὶ
3582 1524 3737 1591 αὖθις
3787 1535 3816 1583 ο

2240 1607 2444 1677 Μωσῆς
2475 1606 2570 1660 τοῦ
2610 1607 2746 1661 Θεοῦ
2778 1612 2920 1665 κατά
2960 1613 3053 1666 τδν
3081 1613 3239 1679 λόγον
3271 1615 3493 1686 Φαραὼ,
3529 1620 3624 1671 καὶ
3654 1622 3823 1676 ἐπαύ-

2242 1713 2404 1750 σαντο
2444 1700 2500 1751 αί
2532 1701 2712 1769 φωναὶ
2741 1701 2837 1755 καὶ
2865 1704 2899 1772 ἡ
2942 1703 3178 1772 χάλαζα.
3214 1706 3456 1760 Γίνωσκε
3485 1709 3541 1763 δὲ
3573 1712 3655 1763 ὅτι
3686 1715 3819 1777 τοῦς

2239 1788 2573 1866 Αἰγυπτίους
2607 1791 2667 1842 ού
2701 1791 2861 1858 μόνον
2913 1794 2947 1860 ὴ
3002 1793 3240 1857 ἐξαίσιος
3274 1796 3418 1865 φορά
3463 1797 3705 1870 χαλάζης
3754 1818 3818 1853 τε

539 1882 697 1936 "diuis
725 1890 778 1934 et
804 1879 946 1950 ignis
981 1878 1291 1932 inusitatam
1338 1892 1401 1931 ex
1436 1893 1561 1933 aere
1606 1878 1936 1933 delationem
1967 1878 2132 1951 Egy-

2240 1879 2357 1947 ἅμα
2386 1876 2485 1934 καὶ
2516 1883 2709 1952 πυρὸς,
2744 1884 2881 1938 ἀλλὰ
2932 1885 3027 1938 καὶ
3077 1885 3137 1939 τὸ
3165 1886 3261 1940 τοῦ
3294 1891 3617 1959 πράγματος
3650 1894 3824 1947 κατέ-

547 1978 680 2049 «ριῑὶε
745 1974 941 2029 terrori
998 1973 1187 2035 fuisse,
1223 1970 1317 2025 sed
1349 1974 1517 2025 etiam
1564 1970 1737 2040 ipsius
1788 1970 2135 2026 insolentiam

555 2071 657 2125 rei.
690 2068 825 2122 Nam
857 2068 1089 2121 hiemem
1118 2064 1383 2135 IEgyptus
1417 2062 1621 2116 nullam
1644 2065 1944 2131 experitur,
1973 2063 2137 2132 idque

556 2172 844 2232 propterea
866 2158 1013 2228 quod
1044 2172 1073 2210 a
1096 2172 1229 2209 zona
1262 2169 1421 2223 quam
1457 2154 1717 2208 torridam
1745 2162 1940 2208 vocant
1966 2167 2137 2222 prope

554 2255 717 2308 absit.
753 2251 1017 2304 Nimirum
1059 2248 1254 2301 ardore
1280 2244 1684 2299 illinc‘rocculte
1738 2253 2094 2313 promanante
2118 2283 2133 2308 ,

540 2345 749 2397 ~vicinae
799 2341 855 2395 in
901 2342 1089 2394 urbem
1138 2337 1389 2407 regiones
1441 2334 1714 2390 universae
1752 2335 1947 2390 leniori
1996 2334 2136 2391 caelo

532 2435 832 2489 ‘-l‘ruuntur.

606 2545 826 2600 Octava
859 2543 1115 2614 deinceps
1151 2546 1305 2615 plaga
1360 2541 1578 2597 vexavit
1629 2539 1917 2611 [Egyptios
1945 2580 1959 2605 ,
2014 2556 2135 2610 qua:

552 2638 889 2694 locustarum
923 2646 1039 2691 erat
1068 2635 1334 2690 immissio
1356 2636 1421 2688 ⁵⁷.
1448 2631 1581 2688 Nam
1612 2632 1760 2689 Mose
1788 2633 2042 2687 baculum
2077 2630 2134 2686 itt

552 2747 680 2785 aera
709 2728 1094 2801 protendente,
1140 2727 1399 2782 Dominus
1432 2725 1723 2781 australem
1770 2733 1993 2780 ventum
2039 2723 2134 2778 ad-

548 2823 708 2877 duxit
738 2821 827 2877 die
869 2830 984 2876 toto
1018 2829 1240 2890 totaque
1272 2827 1431 2875 nocte
1452 2859 1466 2884 ,
1502 2817 1597 2887 qui
1622 2817 1862 2872 locustas
1892 2815 2134 2870 sublatas

552 2919 605 2969 in
656 2914 970 2970 universum
1019 2911 1397 2985 Egyptiorum
1449 2910 1628 2965 solum
1681 2907 1958 2979 dispersit.
2012 2908 2133 2974 Quo

552 3008 754 3062 factum
790 3018 849 3061 ut
890 3005 1101 3061 Pharao
1130 3020 1189 3059 se
1230 3004 1281 3058 in
1318 3004 1485 3057 Deum
1523 3001 1818 3071 deliquisse
1849 2999 2130 3055 fateretur.

548 3100 735 3171 Itaque
769 3098 1171 3153 Mosessiterum
1205 3097 1529 3165 deprecatur
1569 3093 1637 3147 ad
1684 3092 1875 3157 Deum,
1907 3106 1970 3146 ac
1995 3105 2131 3145 ven-

551 3183 886 3245 tum'educit
923 3204 954 3243 e
1002 3188 1161 3255 mari,
1213 3196 1546 3255 cunctasque
1586 3183 1827 3239 locustas
1866 3182 1922 3237 in
1983 3197 2132 3237 mare

2241 1968 2477 2040 πληττεν
2533 1972 2701 2043 ἄηθες
2725 1990 2740 2006 ο
2772 1974 2891 2027 οὐδὲ
2940 1976 3047 2048 γὰρ
3086 1978 3186 2040 τὴν
3237 1980 3554 2051 χειμερινὴν
3594 1981 3747 2052 ὥραν
3784 1984 3821 2053 ἠ

2238 2060 2517 2128 Αἴγυπτος
2547 2063 2918 2134 παραδέχεται
2948 2066 3041 2121 διά
3066 2084 3130 2135 γε
3163 2068 3221 2121 τὸ
3250 2068 3326 2140 μὴ
3357 2071 3548 2142 πόρρω
3590 2072 3691 2141 τῆς
3721 2089 3821 2125 κε-

2238 2154 2524 2224 καυμένης
2555 2151 2697 2208 εἶναι
2738 2154 2942 2223 ζώνηςο
2976 2155 3071 2209 τοῦ
3123 2157 3233 2228 γὰρ
3283 2159 3569 2230 πυρώδους
3601 2162 3821 2218 ἐκεῖθεν

2239 2243 2453 2313 ῥέοντος
2508 2246 2730 2314 ἀφανῶς
2775 2249 2844 2302 τὰ
2886 2246 3070 2320 κύκλῳ
3120 2250 3302 2305 πάντα
3351 2250 3665 2307 λεαίνεσθαι
3715 2256 3823 2308 πέ·

2239 2350 2440 2404 φυκεν.

2318 2515 2508 2587 Ὀγδόη
2543 2516 2729 2590 πληγὴ
2762 2522 2793 2591 ἠ
2822 2520 2913 2575 διὰ
2945 2523 3053 2576 τῶν
3080 2524 3339 2594 ἀκρίδων.
3388 2527 3590 2597 Ἐπῆρε
3624 2530 3734 2599 γὰρ
3791 2533 3822 2584 ό

2235 2608 2440 2679 Μωσῆς
2462 2610 2562 2681 τὴν
2592 2611 2790 2681 ῥάϐδον
2813 2618 2894 2679 είς
2917 2614 3008 2670 τὸν
3030 2617 3282 2687 οὐρανόν·
3313 2622 3406 2672 καὶ
3433 2622 3639 2691 Κύριος
3669 2625 3819 2693 ἐπή-

2235 2717 2406 2770 γαγεν
2429 2703 2633 2773 ἄνεμον
2667 2706 2819 2760 νότον
2868 2707 3001 2778 ὃλην
3031 2708 3135 2781 τὴν
3168 2710 3387 2781 ἡμέραν
3427 2715 3524 2767 καὶ
3555 2714 3685 2786 ὅλην
3711 2717 3819 2789 τὴν

2234 2793 2427 2860 νύκτα,
2461 2795 2557 2849 καὶ
2588 2797 2822 2850 ἀνέλαϐε
2853 2801 2955 2868 τὴν
2984 2800 3207 2871 ἀκρίδα,
3265 2803 3362 2856 καὶ
3410 2806 3684 2875 ἀνήγαγεν
3712 2812 3819 2862 αύ-

2233 2886 2331 2957 τὴν
2357 2887 2449 2943 ἐπὶ
2465 2889 2648 2941 πᾶσαν
2666 2888 2765 2961 τὴν
2787 2891 2890 2961 γῆν
2914 2893 3217 2961 Αἰγύπτου.
3236 2894 3353 2965 Ἐφ’
3381 2890 3427 2965 ᾧ
3447 2899 3563 2965 καὶ,
3603 2898 3824 2971 Ἥμάρο

2234 3000 2396 3053 τηκα,
2431 2984 2587 3053 ἔλεγε
2638 2987 2718 3056 τῷ
2747 2988 2865 3059 Θεῷ
2908 2992 2936 3042 ὁ
2976 2989 3198 3062 Φαραώ.
3246 2991 3439 3047 Δέεται
3480 2993 3572 3047 οὖν
3594 2992 3754 3060 αὖθις
3792 3001 3823 3052 ό

2234 3077 2443 3148 Μωσῆς
2469 3079 2563 3131 τοῦ
2601 3079 2757 3145 Θεοῦ,
2788 3082 2882 3135 καὶ
2904 3081 3088 3150 ἐξάγει
3117 3084 3320 3155 ἄνεμον
3346 3087 3456 3140 ἀπὸ
3482 3090 3579 3158 τῆς
3607 3089 3824 3145 θαλάσ-

2235 3186 2352 3239 σης,
2371 3171 2464 3223 καὶ
2490 3172 2670 3226 πᾶσαν
2695 3174 2793 3243 τὴν
2818 3174 3017 3244 ἀκρίδα
3046 3177 3127 3237 είς
3154 3177 3252 3248 τὴν
3287 3176 3553 3249 Ἐρυθρὰν
3587 3182 3824 3239 ἐνέϐαλε

554 3283 801 3335 Rubrum
835 3280 1075 3351 abiectas
1119 3249 1397 3333 demersit.
1450 3249 1525 3330 De
1561 3276 1708 3329 hisce
1745 3273 1970 3329 locustis
2028 3273 2128 3327 Ua-

2239 3261 2539 3321 θάλασσαν.
2576 3266 2712 3335 Περὶ
2744 3266 2803 3319 δὲ
2854 3268 3028 3337 αὐτῆς
3058 3269 3153 3322 καὶ
3197 3270 3364 3325 Δαϐὶδ
3413 3272 3559 3327 οὕτω
3607 3278 3819 3345 φησίνο

551 3368 707 3423 vides
751 3367 804 3420 in
848 3368 965 3421 hzec
1000 3367 1166 3421 verba
1227 3365 1515 3437 meminit:
1550 3381 1567 3415 ι
1607 3362 1733 3433 Ipso
1778 3363 2005 3433 jubente
2047 3361 2130 3415 lo-

552 3468 721 3512 custa:
777 3467 1044 3513 venerunt
1093 3466 1147 3511 et
1191 3457 1383 3512 bruchi
1436 3453 1768 3509 exstiterunt
1815 3452 2132 3508 innumera-

554 3550 693 3604 biles
718 3548 786 3603 ⁸⁸.
827 3568 845 3600 ι
866 3546 1145 3603 'Vocamus
1184 3557 1366 3603 autem
1398 3545 1634 3602 bruches
1657 3561 1850 3602 recens
1897 3555 2051 3602 natas
2077 3556 2133 3603 et

554 3644 758 3698 alarum
784 3644 961 3697 adhuc
990 3650 1241 3710 expertes
1269 3640 1529 3695 locustas.

621 3735 832 3791 Nonam
860 3735 1066 3805 plagam
1095 3733 1237 3788 Deus
1266 3749 1360 3802 per
1377 3733 1626 3787 tenebras
1652 3732 1867 3786 tat-tiles
1915 3730 2129 3787 inﬂixit.

552 3826 769 3897 Quippe
791 3842 1021 3880 manum
1045 3824 1370 3880 suam'Mose
1392 3824 1587 3878 malum
1608 3838 1799 3879 versus
1823 3824 2134 3895 porrigente

560 3936 681 3973 mox
718 3919 979 3984 tenebrae,
1011 3918 1187 3989 caligo
1230 3926 1629 3988 tempestasque
1657 3927 1805 3973 tanta
1834 3932 1929 3988 per
1962 3915 2132 3989 Egy-

552 4022 702 4081 ptum
754 4012 1065 4064 universam
1120 4011 1350 4074 exstitit,
1400 4026 1461 4063 ac
1496 4020 1624 4065 'toto
1671 4008 1888 4080 quidem
1926 4009 2126 4073 triduo,

552 4116 611 4157 ut
634 4118 812 4174 neque
842 4103 1065 4158 fratrem
1111 4118 1270 4157 suum
1302 4102 1593 4173 quisquam
1640 4103 1734 4158 illo
1783 4101 1967 4156 triduo
2006 4114 2129 4155 cer-

554 4204 712 4249 neret
762 4210 940 4263 neque
996 4195 1233 4249 delecto
1286 4209 1386 4248 suo
1436 4202 1702 4264 surgeret.
1754 4191 1977 4247 Interim
2007 4206 2126 4246 om-

557 4303 651 4340 nes
712 4288 946 4341 lsraelici
1017 4287 1193 4342 lucem
1265 4289 1378 4343 Suis
1438 4289 1491 4341 in
1550 4286 1770 4342 sedibus
1833 4285 2126 4341 habebant.

553 4379 690 4444 Quia
722 4380 865 4433 enim
892 4378 1131 4451 Egyptii
1160 4396 1338 4434 rerum
1368 4379 1564 4450 opilice
1596 4379 1787 4434 relicto
1814 4379 2014 4433 creatis
2039 4393 2129 4433 re-

554 4473 739 4541 ligiose
773 4473 1104 4538 serviebant,
1167 4472 1370 4527 idcirco
1428 4473 1567 4527 Deus
1622 4473 1769 4543 ipsos
1817 4470 2129 4540 aequissimo

547 4566 671 4631 jure
706 4580 802 4634 per
850 4566 967 4636 ipsa
997 4575 1180 4621 creata
1235 4568 1536 4639 castigavit.
1571 4568 1705 4623 Nam
1751 4578 1972 4639 prOpter
2006 4583 2125 4622 eam
2155 4597 2209 4658 Β

554 4656 727 4723 ipam
751 4671 968 4710 causam
1008 4659 1220 4712 caeteris
1255 4659 1441 4713 mundi
1476 4661 1726 4730 partibus
1784 4661 1905 4715 luce
1940 4660 2129 4714 fruen-

557 4747 701 4799 tibus
730 4744 996 4816 Egyptus
1048 4748 1163 4801 sola
1219 4750 1489 4804 taetilibus
1539 4759 1675 4805 erat-
1712 4751 1953 4805 involuta
2001 4765 2130 4803 con-

557 4847 806 4905 tectaque
842 4838 1099 4904 tenebris,
1134 4848 1187 4895 et
1228 4840 1447 4910 quidem
1497 4844 1662 4896 tantis
1700 4851 1761 4896 ut
1793 4857 1915 4896 cum
1964 4839 2130 4911 Egy-

553 4927 698 4995 ptius
752 4928 950 4997 aliquis
998 4932 1075 4985 rei
1111 4936 1434 4989 necessariae
1486 4935 1740 4990 curanda:
1780 4948 1942 4989 causa
1977 4935 2129 4988 exire

2246 3373 2264 3406 ι
2295 3352 2456 3418 Εἷπε,
2512 3359 2607 3411 καὶ
2665 3353 3025 3431 ἦ).θενάκρὶς
3074 3363 3170 3416 καὶ
3217 3363 3445 3434 βροῦχος
3489 3361 3554 3421 οῦ
3596 3368 3698 3422 οὐκ
3746 3366 3823 3442 ἦν

2235 3448 2496 3518 ἀριθμός.
2523 3468 2542 3503 ι
2583 3451 2826 3524 Βροῦχος
2854 3453 2910 3508 δέ
2936 3454 3087 3507 ἐστιν
3114 3457 3147 3526 ἡ
3177 3457 3432 3529 νεογενὴς
3457 3461 3551 3512 καὶ
3573 3461 3822 3533 ἄπτερος

2237 3542 2372 3613 ἀκρί

2323 3727 2547 3800 Ἐννάτη
2603 3727 2790 3801 πληγὴ
2846 3732 2879 3801 ἠ
2926 3730 3017 3786 διὰ
3048 3731 3141 3787 τοῦ
3176 3732 3503 3806 ψηλαφητοῦ
3557 3737 3818 3802 σκότους.

2242 3838 2261 3872 σ
2299 3819 2568 3884 Ἐξέτεινε
2613 3822 2724 3892 γὰρ
2769 3823 2974 3893 Μωσῆς
3019 3825 3118 3897 τὴν
3168 3828 3326 3898 χεῖρα
3379 3828 3545 3883 αὐτοῦ
3591 3831 3671 3893 είς
3716 3834 3820 3885 τὸν

2237 3910 2489 3979 οὐρανὸν,
2526 3912 2621 3963 καὶ
2651 3911 2868 3979 ἐγένετο
2903 3914 3098 3977 σκότος
3137 3916 3232 3969 καὶ
3266 3918 3468 3988 γνόφος
3494 3923 3587 3975 καὶ
3609 3920 3813 3977 θύελλα

2235 4004 2329 4059 ἐπὶ
2370 4004 2554 4057 πᾶσαν
2582 4003 2683 4073 τὴν
2730 4004 2836 4075 γῆν
2889 4007 3170 4074 Αἰγύπτου
3214 4013 3362 4081 τρεῖς
3412 4013 3647 4084 ἡμέρας.
3687 4015 3809 4070 Οὐκ

2235 4090 2377 4147 εἶδεν
2407 4094 2585 4157 οὐδεὶς
2630 4094 2723 4149 τὸν
2753 4096 2984 4166 ἀδελφὸν
3033 4100 3223 4164 αὐτοῦ,
3268 4103 3365 4156 καὶ
3410 4104 3509 4157 οὐκ
3541 4105 3811 4175 ἑξανέστη

2233 4185 2408 4248 οὐδεὶς
2440 4186 2505 4239 ὲκ
2533 4187 2633 4257 τῆς
2666 4184 2858 4258 κοίτης
2900 4189 3068 4243 αὐτοῦ
3108 4194 3260 4260 τρεῖς
3299 4196 3514 4264 ἡμέρας
3536 4215 3549 4229 ·
3585 4200 3721 4251 πᾶσι
3748 4199 3812 4251 δὲ

2233 4279 2347 4340 τοῖς
2368 4278 2504 4341 υἱοῖς
2535 4278 2753 4351 Ἰσραὴλ
2779 4275 2849 4350 ἦν
2872 4280 2989 4351 φῶς
3011 4282 3068 4334 ὲν
3096 4285 3262 4337 πᾶσιν
3288 4280 3370 4349 οἷς
3397 4289 3811 4357 κατεγίνοντο.»

2248 4367 2473 4439 Ἐπειδὴ
2524 4370 2634 4441 γὰρ
2668 4372 2900 4441 ἀφέντες
2945 4376 3038 4427 τὸν
3076 4376 3304 4446 κτίστην
3347 4380 3461 4442 τοῖς
3510 4380 3821 4452 κτίσμασιν

2235 4460 2558 4531 ὲλάτρευον,
2592 4462 2678 4516 διὰ
2725 4464 2836 4518 τῶν
2875 4468 3195 4537 κτισμάτων
3250 4470 3452 4534 αὐτοὺς
3505 4474 3602 4525 καὶ
3656 4475 3820 4543 μάλα

2232 4553 2456 4616 δικαίως
2501 4555 2776 4610 ἐπαίδευε.
2832 4558 2932 4611 Διά
2964 4559 3074 4630 γὰρ
3123 4560 3283 4615 τοῦτο
3329 4564 3424 4616 καὶ
3464 4562 3577 4617 τῶν
3629 4565 3821 4619 ἄλλων

2238 4645 2424 4716 μερῶν
2460 4645 2970 4718 καταλαμπομένων
3008 4652 3040 4719 ἡ
3071 4649 3346 4718 Αἴγυπτος
3397 4655 3532 4725 μόνη
3583 4657 3664 4725 τῷ
3692 4657 3819 4727 ψη-

2231 4735 2462 4807 λαφητῷ
2516 4738 2986 4809 περιεστοιχίζετο
3061 4741 3264 4795 σκότει.
3331 4745 3443 4797 Καὶ
3501 4746 3608 4817 γὰρ
3666 4750 3823 4817 πρὸς

2231 4832 2538 4900 ἀναγκαίαν
2576 4832 2757 4896 ἔξοδον
2811 4833 3110 4900 Αίγύπτιος
3146 4835 3417 4903 ἐϐιάζετο,
3474 4838 3573 4908 τὴν
3605 4838 3820 4909 θύραν,
3932 4888 3937 4892 .

2233 4925 2326 4974 καὶ
2361 4924 2528 4977 πολλά
2555 4924 2843 4995 ψηλαφῶν,
2866 4924 3057 4997 εὑρεῖν
3079 4927 3177 4979 οὐκ
3210 4927 3452 4985 ἐδύνατο.

549 5021 873 5089 conabatur,
908 5026 1139 5079 multum
1180 5028 1451 5097 palpando
1489 5029 1712 5097 januam
1750 5029 1992 5098 reperire
2025 5041 2135 5081 non
2176 5032 2385 5097 posset.

625 5116 929 5173 Subsecuta
976 5120 1195 5175 demum
1247 5132 1333 5176 est
1363 5121 1511 5191 plaga
1559 5122 1809 5186 decima,
1867 5122 2124 5175 nimirum

553 5209 975 5282 primigenorum
1027 5214 1242 5279 caedes,
1302 5224 1572 5283 postrema
1617 5213 1835 5282 quidem
1875 5214 2123 5268 omnium

553 5303 857 5371 calamitas,
881 5306 1026 5376 quod
1080 5306 1343 5375 temporis
1398 5306 1593 5360 attinet
1646 5305 1885 5370 seriem,
1932 5321 2123 5360 verum

554 5396 839 5451 declarata:
892 5400 944 5451 in
1005 5412 1067 5450 ea
1105 5398 1388 5466 poteStatis
1420 5396 1616 5450 divina:
1667 5395 2005 5466 miseriaeque
2041 5412 2125 5450 re-

554 5497 767 5555 spectu,
800 5488 1256 5556 quemadmodum
1286 5487 1582 5543 etDavides
1621 5487 1695 5541 ait
1717 5487 1961 5554 ",l'aeile
1983 5487 2129 5557 prin-

554 5594 682 5648 ceps
711 5581 954 5634 omnium
989 5584 1228 5650 ipsaeque
1260 5581 1424 5634 veluti
1460 5580 1735 5648 primitim.
1792 5572 1926 5634 Nam
1968 5590 2129 5633 nocte

544 5796 549 5799 Α
626 5735 669 5766 ⁸⁷
702 5735 867 5789 Exod.
906 5752 957 5801 κ,
999 5735 1097 5798 12.,
1158 5737 1204 5767 ⁸⁸
1234 5735 1372 5791 l’sal.
1406 5750 1513 5803 Civ,
1547 5736 1634 5791 54.
1731 5736 1774 5768 ⁸³
1809 5735 1936 5789 ibid.
1987 5734 2075 5789 '56.

2303 5114 2517 5184 Δεκάτη
2561 5111 2745 5184 πληγὴ
2779 5112 2807 5166 ὁ
2844 5112 3363 5185 τῶνίπρωτοτόκων
3414 5116 3665 5181 θάνατος,
3698 5118 3826 5173 Τε-

2236 5208 2460 5261 λευταία
2495 5207 2594 5275 μὲν
2645 5207 2678 5275 ἡ
2730 5206 2954 5277 τοιαύτη
3006 5208 3215 5279 πληγὴ,
3249 5214 3317 5282 τῇ
3349 5214 3575 5281 δυνάμει
3621 5213 3830 5267 δὲκαὶ

2234 5298 2311 5368 τῷ
2344 5298 2510 5368 πόνῳ,
2547 5296 2691 5349 καθά
2717 5314 2851 5365 φησι
2892 5299 2988 5351 καὶ
3015 5299 3199 5366 Δαϐὶδ,
3232 5301 3457 5373 ἀπαρχὴ
3484 5303 3579 5355 καὶ
3611 5303 3827 5376 πρώτη

2236 5391 2449 5445 πασῶν.
2491 5390 2628 5460 Περὶ
2681 5391 2790 5460 γὰρ
2847 5392 3020 5459 μέσας
3078 5391 3280 5457 νύκτας
3334 5396 3431 5448 καὶ
3474 5394 3602 5446 ἄνευ
3643 5396 3826 5448 νόσου

2233 5480 2533 5553 ἀνῃροῦντο
2554 5481 2620 5534 τὰ
2643 5482 2810 5535 τέκνα
2832 5482 3033 5537 αὐτῶν.
3076 5484 3445 5553 Ἐγειρόμενοι
3473 5486 3526 5538 δὲ
3548 5486 3609 5537 τὸ
3634 5487 3828 5555 πρωϊ,

2236 5577 2330 5629 καὶ
2361 5573 2427 5626 τὰ
2453 5572 2682 5641 φίλτατα
2712 5574 2881 5643 νεκρὰ
2908 5574 3165 5645 ὁρῶντες,
3194 5578 3287 5629 καὶ
3333 5578 3533 5647 μηκέτι
3565 5576 3831 5647 κατέχε-
