4110 6194
337 324 451 386 ἳθτ

1582 324 1994 388 ANNAIJUM
2031 329 2223 389 PARS
2266 329 2346 387 ll.

3478 325 3580 386 2⁸ὶὸ

290 475 297 479 -
339 436 474 489 σθαι
504 434 818 504 δυνὰμενοι,
843 431 919 505 τῷ
957 432 1159 505 Φαραὼ
1182 433 1487 501 κατεϐόων,
1516 435 1604 505 ἐφ’
1633 432 1678 505 ᾧ
1716 437 1812 491 καὶ
1833 439 1922 492 τδν

2045 441 2224 503 nedia,
2282 438 2432 493 nullo
2464 447 2687 508 urgente
2735 438 2948 500 morbo,
3008 438 3160 493 liberi
3217 436 3609 508 zligyptiorunr

334 528 474 581 λαὸν
509 526 662 580 ἄκων
700 526 964 580 ἀπέλυσε.

2025 530 2515 585 interficiebantur.
2571 528 2707 584 Cum
2744 540 2922 583 autem
2974 530 3212 583 diluculo
3246 530 3592 600 expergisce-

338 628 544 673 rentur
580 627 634 672 et
661 617 1015 673 charissimos
1074 628 1233 691 natos
1284 620 1583 676 exstinctos
1628 618 1881 675 viderent
1907 659 1922 682 ,
1963 635 2071 700 non
2142 621 2249 691 iam
2317 621 2552 692 amplius
2586 636 2645 676 se
2681 620 2838 691 154
2872 621 3152 677 continere
3182 624 3425 678 valentes
3470 637 3605 675 cum

337 704 675 765 clamoribus
714 707 1053 765 Pharaonem
1110 712 1367 779 adibam;
1405 713 1604 783 quibus
1652 713 1745 769 ille
1804 720 2088 783 permotus
2122 711 2376 781 pupulum
2414 712 2631 767 tandem
2661 712 2741 765 vel
2782 714 2983 767 invitus
3006 714 3237 767 dimisit.

415 802 570 869 Πλὴν
600 802 692 854 ἐπὶ
718 802 954 868 τούτοις,
989 804 1266 874 ἀγαπητὲ,
1320 804 1396 875 μὴ
1428 805 1748 872 ἁνθίστασο,
1788 805 1921 876 μηδέ

346 892 480 959 λέγε
507 894 590 946 ὅτι
624 892 688 946 Εί
725 894 754 945 6
788 894 922 958 Θεὸς
967 895 1259 965 σκληρύνει
1303 896 1403 967 τὴν
1432 896 1665 968 καρδίαν
1697 898 1918 968 Φαραὼ,

348 984 502 1048 τίνος
560 984 752 1039 ἕνεκεν
803 987 1180 1058 ἐπιμέμφεται
1243 990 1393 1060 αὐτῷ
1451 991 1918 1061 σκληρυνομίνῳς

348 1074 592 1127 Γίνωσκε
622 1076 732 1144 γὰρ
762 1076 900 1146 ὃτιή
936 1078 1102 1149 ἀνοχὴ
1153 1080 1262 1133 τῶν
1305 1082 1592 1149 μαστίγων
1635 1082 1788 1135 αίτία
1824 1082 1924 1147 τῆς

349 1166 665 1234 πωρώσεως
691 1168 838 1238 αὐτῷ
871 1168 1120 1238 γέγονεν,
1175 1169 1252 1235 ὡς
1297 1173 1325 1225 6
1356 1174 1528 1242 μέγας
1567 1175 1703 1244 φησὶ
1754 1174 1923 1228 Βασί-

348 1254 516 1317 λειος.
555 1256 691 1308 Οὐδὲ
734 1256 843 1326 γὰρ
874 1257 1129 1325 εἴκουραν
1159 1260 1260 1330 τὴν
1307 1262 1520 1316 ἐκείνου
1558 1263 1788 1335 καρδίαν
1824 1265 1922 1319 λα-

350 1346 470 1397 ϐὼν
495 1346 590 1399 καὶ
632 1346 959 1418 πειθομένην
989 1350 1155 1404 αὐτοῦ
1179 1354 1292 1416 τοῖς
1320 1354 1731 1425 προστάγμασι,
1785 1359 1924 1426 πρὸς

351 1435 416 1487 τὸ
450 1435 689 1504 σκληρὸν
715 1439 811 1492 καὶ
839 1438 1067 1504 ἀπειθὲς
1096 1442 1493 1510 μετεπλάσατο.
1527 1446 1604 1514 Τῇ
1647 1447 1926 1517 μακροθυ-

355 1526 463 1596 μίᾳ
489 1526 675 1580 λοιπὸν
707 1529 800 1584 ἐπὶ
842 1529 1005 1584 πλέον
1037 1532 1212 1585 ἐποίει
1259 1534 1463 1604 ταύτην
1499 1536 1919 1607 σκληρόνεσθαι.

358 1612 511 1682 ’Ὅρα
530 1614 638 1684 γὰρ
664 1615 738 1679 ὡς
778 1617 999 1671 ἐπειδὰν
1029 1620 1234 1689 ἐπῆγεν
1262 1622 1349 1675 ἐπ’
1370 1623 1535 1678 αὑτὸν
1564 1626 1661 1689 τὰς
1689 1626 1926 1695 πληγὰς,

356 1705 618 1757 ἀπολύειν
651 1706 741 1759 τὸν
765 1707 891 1762 λαὸν
932 1710 1320 1780 ἐπηγγέλλετο,
1351 1716 1515 1785 ἡνίκα
1546 1718 1602 1771 δὲ
1633 1719 1784 1788 ἠφίει
1820 1719 1928 1771 τῶν

361 1792 613 1862 βασάνων
645 1797 829 1863 αὑτὸν,
864 1800 1250 1871 ὲσκληρύνετο.
1302 1805 1370 1857 Ὃ
1417 1806 1480 1875 δὴ
1513 1809 1609 1861 καὶ
1657 1809 1690 1878 ἡ
1734 1808 1928 1880 Γραφὴ

359 1884 710 1950 σημαίνουσα
747 1887 955 1957 ἔλεγενο
993 1909 1013 1943 ι
1058 1891 1206 1947 Ἰδὼν
1235 1893 1294 1947 δέ
1341 1896 1543 1967 Φαραὼ
1585 1899 1668 1952 ὄτι
1696 1901 1930 1967 Γέγονεν

357 1973 644 2042 ἀνάφυξις,
674 1978 905 2048 ἐϐάρυνε
936 1982 1039 2052 τὴν
1056 1985 1286 2054 καρδίαν
1309 1987 1500 2053 αὑτοῦ,
1518 1990 1614 2042 καὶ
1643 1991 1744 2043 οὐκ
1777 1992 1930 2060 είσή-

360 2082 559 2120 κουσεν
612 2069 816 2128 αὐτῶν.
874 2073 1038 2128 Ἀλλὰ
1076 2079 1171 2130 καὶ
1194 2078 1361 2131 αὑτοῦ
1403 2080 1657 2148 λέγοντος
1697 2083 1932 2138 ἄκουσον

360 2153 459 2207 τοῦ
493 2154 629 2209 Θεοῦ
666 2157 747 2210 ὅτι
777 2158 871 2221 Εἰς
892 2159 1025 2213 αὐτὸ
1063 2162 1220 2217 τοῦτο
1247 2166 1509 2237 ἐξήγειρά
1546 2186 1629 2235 σε,
1660 2171 1807 2231 ὅπως
1848 2174 1933 2226 ἐν-

358 2242 628 2311 δείξωμαι
667 2246 725 2297 ἐν
762 2247 843 2299 σοὶ
872 2246 970 2318 τὴν
1013 2250 1245 2322 δύναμίν
1283 2271 1421 2323 μου,
1466 2257 1558 2311 καὶ
1587 2260 1737 2323 ὅπως
1781 2264 1933 2332 διαγ-

361 2333 539 2404 γελθῇ
571 2334 632 2387 τὺ
660 2335 832 2407 ὄνομά
865 2357 967 2408 μου
999 2343 1056 2395 ἐν
1092 2343 1244 2416 πάσῃ
1289 2350 1355 2417 τῇ
1390 2351 1482 2418 γῇ.
1525 2348 1611 2419 Μὴ
1642 2351 1768 2421 λέγε
1813 2353 1931 2407 δια-

364 2425 726 2497 πορούμενος,
752 2429 869 2485 Ἵνα
901 2435 1175 2511 γνωρίζῃς
1201 2438 1301 2508 τὴν
1333 2439 1562 2511 δύναμίν
1611 2460 1731 2507 σου,
1770 2446 1935 2500 κολά-

364 2514 497 2607 ζεις
534 2517 860 2607 ανθρωπονς
896 2524 1067 2595 ’Δφες
1105 2526 1266 2589 αὐτὰ,
1295 2529 1391 2582 καὶ.
1425 2533 1660 2601 πρόσχες
1688 2534 1823 2604 τῷδε
1858 2536 1935 2607 τῷ

364 2604 752 2677 ὑποδείγματι.
785 2612 849 2665 Ἦ
883 2615 1102 2687 ἰατρικὴ
1130 2617 1293 2688 τέχνη
1324 2620 1600 2691 ὠφέλιμόν
1628 2641 1682 2677 τι
1709 2604 1935 2695 ποιῆσαι

367 2698 440 2765 τῇ
483 2698 799 2773 ἀνθρωπίνῃ
846 2705 1004 2773 φύσει
1057 2711 1435 2775 σπουδάζουσα
1469 2714 1679 2778 ζῶντας
1731 2718 1939 2790 ἀνθρώ-

371 2802 518 2850 πους
565 2790 847 2861 ἀνέτεμεν.
892 2797 1032 2849 Ἀλλ’
1075 2793 1143 2869 ἦν
1177 2801 1277 2868 μὲν
1310 2804 1408 2857 καὶ
1448 2803 1605 2857 τοῦτο
1638 2807 1844 2875 ἄδικον,
1877 2811 1939 2864 τδ

366 2877 462 2929 διὰ
494 2878 594 2947 τὴν
625 2879 834 2952 ἐτέρων
878 2889 1152 2959 σωτηρίαν
1185 2891 1394 2959 ζῶντας
1433 2896 1631 2960 ἄλλους
1687 2898 1936 2956 θύεσθαι.

367 2970 440 3020 Τί
467 2967 561 3022 οὖν
592 2973 809 3029 ἐποίουν
853 2979 905 3031 οί
936 2982 1189 3051 ἀρχαϊοι;
1232 2986 1336 3039 Τὸν
1387 2989 1792 3060 κατακριθέντα
1843 2993 1941 3045 θα-

366 3060 519 3132 virm
550 3065 842 3123 ὑποπεσεῖν
875 3072 964 3127 διὰ
993 3074 1245 3146 λῃστείαν
1277 3077 1309 3149 ἢ
1343 3082 1717 3149 φαρμακείαν,
1750 3083 1939 3138 τοῦτον

367 3156 746 3223 λαμϐάνοντες
781 3162 1073 3232 ἀνέτεμνον
1104 3167 1303 3235 ζῶντα,
1335 3170 1459 3224 οὔτε
1502 3173 1818 3239 ἀδικοῦντες
1847 3177 1942 3230 τδν

372 3247 741 3316 κολαζόμενον
767 3254 861 3307 καὶ
884 3259 947 3325 τῇ
977 3257 1289 3332 ἀνθρωπίνῃ
1314 3264 1475 3330 φύσει
1507 3264 1945 3337 βοήθειανέφευ-

374 3352 682 3407 ρ.σκοντε;.
729 3343 1049 3415 Ἀνὲτεμνον
1094 3344 1189 3402 οὖν
1241 3354 1449 3406 ἐκεῖνον
1480 3355 1691 3421 ζῶντα,
1726 3359 1814 3411 ἴνα
1861 3360 1944 3412 ἔτι

375 3430 729 3497 σπαιρόντων
767 3434 874 3487 τῶν
910 3438 1239 3509 σπλάγχνων
1271 3444 1633 3513 καταμάθωσι
1669 3446 1766 3517 τὴν
1795 3449 1945 3520 ἐνέρ-

371 3534 559 3582 γειαν.
592 3522 746 3577 Οῦτω
775 3527 874 3595 μὲν
911 3525 1004 3583 οὖν
1052 3533 1147 3585 καὶ
1197 3534 1226 3586 6
1269 3535 1653 3606 ἀριστοτέχνης
1695 3539 1828 3604 Θεὸς
1857 3540 1944 3595 διὰ

370 3614 473 3665 τοῦ
506 3616 742 3679 ἀνιάτως
794 3621 1176 3692 ἡμαρτηκότος
1224 3627 1425 3697 Φαραὼ
1477 3632 1677 3697 σημεῖα
1731 3633 1944 3699 μεγάλα

373 3704 645 3772 δείκνυσι,
666 3709 758 3763 τὸν
786 3712 886 3780 μὲν
924 3713 1075 3778 ἄξιον
1105 3719 1381 3786 τιμωρίας
1411 3720 1674 3787 κολάζων,
1710 3724 1835 3785 τοὺς
1886 3724 1944 3777 δὲ

377 3798 527 3866 μετὰ
554 3798 725 3853 ταῦτα
782 3808 1101 3874 γενομένους
1151 3809 1352 3879 ἄριστα
1385 3811 1724 3880 θεραπεύων,
1765 3832 1943 3883 σωτη-

377 3889 509 3962 ρίας
547 3893 801 3950 ὑπόθεσιν
839 3898 940 3967 τὴν
987 3887 1200 3956 ἐκείνοῖ)
1242 3904 1514 3974 τιμωρίαν
1549 3907 1735 3969 αὐτοῖς
1778 3925 1947 3980 παρε-

377 3985 634 4054 χὸμενος.
663 3990 775 4042 Καὶ
805 3993 933 4061 περὶ
961 3992 1061 4063 μὲν
1088 3995 1296 4049 τούτων
1325 3996 1519 4061 οὕτως.

2094 805 2361 859 Caeterum
2414 806 2537 860 nolo
2560 815 2633 869 te,
2661 805 2858 859 dilecte
2901 805 2995 869 liii,
3050 805 3148 859 hac
3204 806 3254 859 in
3287 806 3617 860 narratione

2024 896 2160 950 mihi
2214 880 2566 964 refragrando
2598 895 2898 959 adversari,
2935 909 3038 949 nec
3072 895 3391 963 huiusmodi
3444 896 3595 963 quid-

2025 987 2146 1041 dam
2177 987 2418 1056 obiicere
2446 1005 2459 1040 :
2496 986 2552 1039 Si
2586 986 2725 1039 Deus
2754 986 2993 1040 animum
3025 986 3325 1041 Pharaonis
3355 988 3596 1041 obstina-

2028 1088 2140 1133 tum
2163 1078 2421 1142 reddidit,
2454 1078 2806 1146 quamobrem
2840 1078 3194 1147 pertinaciter
3230 1088 3283 1132 et
3314 1080 3596 1132 obﬁrmato

2026 1169 2208 1224 animo
2258 1169 2364 1223 sibi
2429 1168 2725 1223 reluctanti
2784 1168 3090 1223 irascitur?
3138 1166 3401 1221 Nimirum
3458 1170 3597 1222 8(ῖίιο

2025 1261 2195 1315 debes
2231 1259 2582 1315 aﬂlictionum
2639 1260 2982 1314 tolerantiam
3015 1260 3179 1314 fuisse
3210 1275 3427 1314 causam
3483 1262 3599 1313 uni-

2026 1350 2168 1414 éam,
2200 1350 2363 1405 sicuti
2397 1367 2624 1421 magnus
2672 1351 2761 1406 ille
2784 1351 3013 1406 Basilius
3043 1351 3301 1420 loquitur,
3336 1350 3601 1419 quamob-

2026 1458 2140 1496 rem
2176 1442 2384 1496 Pharao
2438 1453 2723 1512 tantopere
2780 1459 2937 1497 suum
3000 1444 3236 1496 animum
3287 1442 3599 1495 olzdnraret.

2029 1531 2170 1587 Deus
2199 1534 2366 1592 enim,
2391 1534 2483 1602 qui
2521 1534 2760 1587 animum
2786 1534 2903 1602 ejus
2937 1535 3076 1587 haud
3120 1533 3405 1586 cedentem
3456 1535 3603 1585 suis-

1966 1607 2004 1660 Β
2035 1640 2143 1695 que
2208 1626 2478 1680 mandatis
2532 1627 2997 1695 obtemperantem
3043 1625 3361 1694 accepisset,
3402 1640 3605 1692 nequa-

2036 1732 2196 1785 quam
2231 1717 2380 1791 illum
2415 1718 2478 1773 ad
2525 1717 2778 1771 duritiem
2832 1716 3290 1784 pertinaciamqne
3327 1716 3495 1769 finxit.
3532 1716 3604 1766 De

2037 1823 2146 1876 quo
2199 1808 2460 1875 consequi
2511 1822 2734 1862 necesse
2784 1817 2866 1863 est
2921 1807 3014 1861 Dei
3066 1807 3351 1860 tolerantia
3405 1806 3600 1859 factum

2038 1897 2207 1951 fuisse
2254 1907 2311 1951 ut
2353 1897 2522 1969 magis
2552 1899 2764 1952 animus
2822 1898 2989 1967 ipsius
3032 1897 3434 1951 ohlirtnaretnr.
3470 1895 3603 1948 Nam

2038 1988 2164 2042 vide
2211 1988 2366 2054 mihi,
2420 1989 2670 2052 obsecro,
2726 2005 2833 2056 quo
2881 1998 3037 2059 pacto
3093 2004 3181 2043 res
3237 2000 3384 2057 gesta
3421 1988 3601 2041 fuerit.

2039 2080 2260 2145 Quoties
2296 2081 2569 2135 hominem
2597 2078 2992 2134 calamitatibus
3037 2090 3087 2133 et
3117 2080 3287 2149 plagis
3341 2079 3604 2138 aﬂiceret,

2039 2175 2388 2229 dimissurum
2428 2175 2516 2228 ille
2567 2189 2624 2228 se
2675 2172 2934 2243 populum
2972 2172 3348 2241 pollicebatur.
3386 2173 3453 2224 At
3511 2168 3606 2223 ubi

2040 2282 2072 2320 e
2100 2266 2311 2320 diverso
2335 2266 2493 2319 linem
2525 2262 2793 2331 afﬂigendi
2829 2263 3079 2325 faciebat,
3118 2263 3441 2317 obstinatior
3473 2279 3606 2317 eva-

2041 2344 2223 2410 debat.
2254 2354 2370 2409 Hoc
2402 2354 2641 2408 indicare
2669 2353 2913 2409 volentes
2941 2353 3162 2408 Littera:
3212 2369 3383 2409 sacrre
3430 2358 3610 2412 verbis

2043 2445 2353 2515 huiusmodi
2390 2456 2518 2499 sunt
2574 2460 2722 2499 usae:
2763 2462 2782 2494 ι
2842 2443 2979 2498 Cum
3020 2444 3234 2499 Pharao
3287 2460 3347 2499 se
3379 2454 3527 2499 tanto
3580 2461 3609 2497 e

2042 2540 2184 2595 malo
2236 2538 2532 2608 respirasse
2580 2547 2866 2600 cerneret,
2926 2536 2979 2590 in
3016 2536 3397 2591 oblirmatione
3445 2538 3608 2591 animi

2041 2631 2272 2701 pristina
2333 2630 2597 2700 perstitit,
2636 2644 2737 2683 nec
2787 2629 2990 2683 Aaroni
3044 2629 3286 2698 Mosique
3343 2630 3542 2698 paruit.
3588 2647 3604 2679 ι

2043 2723 2184 2790 Quin
2237 2723 2400 2778 etiam
2451 2737 2575 2781 cum
2638 2723 2804 2775 Deum
2865 2721 3042 2790 ipsum
3096 2721 3362 2776 dicentem
3420 2721 3607 2775 audis:

2051 2835 2070 2867 ι
2116 2815 2357 2869 Excitavi
2395 2823 2447 2868 te
2480 2814 2624 2867 illam
2658 2814 2826 2882 ipsam
2860 2815 2929 2868 ob
2968 2830 3212 2877 causam,
3265 2823 3321 2867 nt
3377 2824 3611 2883 potesta-

2048 2915 2152 2962 tem
2190 2906 2244 2960 in
2282 2915 2332 2961 te
2383 2921 2557 2960 meam
2592 2906 2860 2959 declarem
2906 2922 3003 2975 per
3052 2906 3367 2960 universum
3424 2907 3608 2959 orbem

2048 3009 2338 3057 terrarum,
2380 3016 2398 3048 ι
2461 2996 2567 3050 noli
2602 2996 2784 3050 animo
2826 2998 3049 3066 ancipiti
3097 3013 3161 3052 ac
3214 2998 3496 3052 dubitante
3531 2998 3611 3051 di-

2049 3106 2212 3145 cere:
2243 3088 2390 3143 ltane
2424 3098 2707 3157 propterea
2748 3088 2908 3156 punis
2942 3088 3239 3152 hominem,
3274 3098 3335 3142 ut
3376 3098 3612 3157 potesta-

2052 3190 2159 3236 tem
2189 3190 2331 3235 tuam
2369 3188 2615 3234 testatam
2651 3179 2851 3234 facias?
2887 3178 3088 3232 Omitte
3137 3181 3284 3233 ist-.rc
3332 3180 3516 3239 verba.
3558 3192 3614 3234 et

2055 3274 2182 3329 huic
2211 3273 2457 3342 exemplo
2510 3273 2748 3325 animum
2797 3272 3041 3326 adverte.
3094 3272 3195 3325 Ars
3240 3274 3445 3326 medica
3474 3290 3613 3327 non-

2055 3362 2190 3417 nihil
2252 3362 2529 3415 hominum
2590 3371 2797 3415 naturae
2855 3361 3105 3415 utilitatis
3157 3361 3351 3415 afferre
3418 3378 3615 3431 magno

2051 3453 2228 3509 studio
2256 3454 2441 3508 volens
2489 3455 2640 3507 vivos
2696 3453 2945 3508 homines
2980 3468 3166 3506 secare
3203 3452 3457 3506 instituit.
3507 3451 3613 3504 Vl:-

2048 3562 2170 3600 rum
2195 3547 2474 3599 enimvero
2499 3545 2841 3613 periniqunm
2873 3553 2927 3599 et
2960 3546 3317 3599 inlimuannm
3344 3555 3461 3599 erat
3484 3546 3619 3599 alio.

2050 3652 2170 3690 rum
2204 3637 2397 3690 salutis
2421 3651 2582 3689 causa
2625 3636 2775 3689 vivos
2806 3634 2942 3688 alios
2978 3638 3228 3689 mactari.
3260 3636 3398 3701 Quid
3454 3636 3616 3705 igitur

2051 3729 2298 3783 homines
2323 3729 2395 3782 illi
2430 3730 2590 3797 prisci
2620 3731 2836 3782 tandem
2863 3728 3148 3784 fecerunt?
3175 3729 3443 3782 Nimirum
3468 3745 3615 3782 sum-

2051 3819 2154 3890 ptis
2188 3821 2253 3873 iis
2274 3821 2365 3890 qui
2393 3820 2473 3874 vel
2503 3820 2637 3874 alios
2666 3820 2957 3889 depra‘dati
3001 3804 3228 3874 fuissent
3264 3820 3351 3872 rei
3405 3836 3625 3872 venrno

2051 3910 2420 3971 sustulissmtt,
2448 3923 2510 3962 ac
2542 3921 2824 3977 propterea
2870 3909 3214 3963 condemnati
3267 3909 3332 3960 ad
3389 3917 3619 3961 mortem

2053 4010 2256 4067 essent,
2289 4000 2439 4055 vivos
2492 4002 2768 4055 secabant.
2809 3999 2919 4054 Hoc
2949 3999 3109 4053 modo
3141 3999 3302 4051 ticbat
3351 4005 3410 4050 ttt
3443 4010 3620 4065 nequo

378 4066 661 4152 puniendo
698 4085 904 4141 homini
933 4089 1174 4146 facerent
1204 4092 1461 4161 iniuriam
1525 4102 1581 4149 et
1638 4104 1846 4150 natura:
1909 4095 2217 4151 mortalium
2275 4094 2477 4165 aliquid
2513 4094 2811 4163 adiumenti
2844 4094 3168 4162 reperirent.
3211 4091 3399 4159 Itaque
3440 4092 3619 4143 vivum

379 4178 622 4248 aliquem
690 4182 849 4237 talem
917 4185 1208 4252 secabant,
1258 4196 1316 4241 ut
1358 4185 1659 4243 visceribus
1726 4190 1906 4245 adhuc
1938 4173 2143 4245 motum
2194 4206 2350 4245 suum
2420 4190 2779 4245 retinentibus
2824 4179 3014 4245 eorum
3057 4186 3370 4243 echctiones
3419 4199 3621 4255 cogno-

382 4288 625 4331 scerent.
664 4276 860 4334 Eodem
900 4287 1058 4348 pacto
1120 4279 1262 4336 Deus
1298 4281 1497 4337 artifex
1558 4282 1648 4337 ille
1718 4283 2201 4353 prazstantissimns
2237 4285 2293 4339 in
2359 4283 2644 4339 Pharaone
2694 4283 3064 4338 insanabiliter
3116 4282 3467 4350 delinqucntc
3502 4295 3623 4346 pro.

380 4372 533 4441 digia
564 4374 811 4442 quaedam
858 4374 1097 4443 ingentia
1124 4377 1258 4441 edit,
1310 4385 1420 4431 tum
1470 4385 1532 4432 ut
1587 4378 1763 4446 ipsum
1832 4394 2020 4448 poenas
2058 4378 2436 4433 commeritum
2474 4379 2711 4447 puniret,
2746 4386 2857 4431 tum
2909 4386 2966 4431 ut
2996 4376 3225 4447 posteris
3266 4374 3470 4443 optime
3496 4389 3626 4427 con-

379 4465 613 4527 suleret,
637 4463 835 4533 quibus
866 4465 1169 4523 Pharaonis
1206 4467 1532 4539 supplicium
1572 4468 1725 4539 origo
1757 4469 1947 4524 salutis
1984 4469 2288 4525 exsisteret.
2358 4470 2426 4526 Et
2467 4468 2580 4523 haec
2625 4468 2844 4539 quidem
2894 4469 2945 4521 in
2994 4466 3139 4520 hunc
3204 4466 3421 4519 modum
3456 4464 3628 4532 expli-

380 4567 505 4616 cata
535 4566 719 4613 sunto.

460 4651 619 4706 Μετὰ
648 4651 704 4706 δὲ
729 4650 829 4721 τὴν
849 4652 1087 4724 δεκάτην
1117 4652 1335 4724 πληγὴν
1368 4654 1558 4709 θύουσι
1593 4657 1652 4710 τὸ
1684 4656 1940 4725 πρόϐατοι

2132 4654 2265 4711 Post
2316 4655 2582 4711 decimam
2635 4655 2777 4710 hanc
2831 4653 3190 4710 calamitatem
3246 4654 3633 4724 Egyptiornm'

379 4747 438 4799 oi
477 4745 723 4814 Ἑϐραῖοι
754 4745 849 4797 καὶ
882 4745 1027 4799 οὕτω
1048 4746 1149 4813 τῆς
1172 4747 1449 4814 Αἰγύπτου
1487 4748 1661 4810 ἐξίασι
1690 4748 1834 4801 κατὰ
1856 4749 1955 4817 τὴν

381 4834 996 4905 τεσσαρεσκαιδεκάτην
1052 4836 1152 4905 τῆς
1195 4838 1446 4907 σελήνης.
1493 4837 1609 4904 Ἐφ’
1646 4829 1689 4903 ᾧ
1726 4836 1824 4889 καὶ
1860 4836 1957 4889 νῦν

381 4928 472 4981 ἐτι
499 4931 639 4981 κατὰ
663 4927 724 4979 τδ
747 4924 866 4989 ἔθος
893 4925 1036 4980 οὕτω
1059 4925 1271 4991 θύουσι,
1295 4926 1395 4996 τὴν
1427 4928 1623 4995 ἑορτὴν
1648 4927 1741 4979 τοῦ
1769 4928 1959 4996 Πάσχα

382 5015 686 5080 καλοῦντες
712 5033 727 5048 ·
792 5018 1051 5088 σημαίνει
1112 5017 1169 5068 δὲ
1227 5018 1627 5083 ὐπερϐασιάν.
1689 5016 1832 5070 Ἀλλ’
1881 5016 1958 5080 ὡς

397 5109 667 5180 Ἰώσηπός
706 5125 862 5177 φησι,
912 5108 1048 5160 διότι
1087 5108 1211 5162 κατ’
1271 5108 1491 5178 ἐκείνην
1521 5111 1619 5178 τὴν
1665 5109 1905 5179 ἑσπέραν
1931 5112 1961 5162 6

382 5202 527 5262 Θεὸς
554 5202 736 5255 αὐτῶν
765 5202 1013 5268 ὑπερϐὰς
1030 5202 1356 5266 Αἰγυπτίοις
1381 5203 1727 5271 ἐναπέσκηψε
1750 5202 1849 5274 τὴν
1878 5203 1962 5255 v6-

386 5310 507 5345 σον.
532 5291 834 5361 Φεύγοντες
859 5293 903 5347 δ’
942 5288 1037 5346 οὖν
1064 5293 1113 5344 οἱ
1157 5291 1424 5362 Ἑϐραῖοι,
1473 5295 1567 5346 καὶ
1600 5292 1826 5361 μηδενὸς
1856 5292 1964 5345 τῶν

386 5387 507 5437 ἀπὸ
528 5384 625 5454 τῆς
651 5386 752 5455 γῆς
779 5384 1145 5455 εὐποροῦντες
1176 5385 1264 5437 διὰ
1293 5388 1392 5452 τὴν
1431 5385 1667 5455 ἐρημίαν
1710 5400 1963 5457 πεφυρα-

394 5476 587 5546 μένοις
610 5481 722 5540 τοῖς
753 5478 1002 5547 ἀλεύροις
1040 5478 1137 5531 καὶ
1174 5477 1448 5546 πεπηγόσι
1492 5478 1650 5545 μόνον
1685 5475 1790 5529 ὑπὸ
1826 5476 1962 5546 βρα-

391 5567 551 5635 χεξας
600 5568 936 5639 θερμότητος
980 5572 1091 5633 τοῖς
1139 5570 1234 5622 ἀπ’
1289 5568 1470 5622 αὐτῶν
1519 5568 1705 5637 ἄρτοις
1757 5567 1967 5637 διετρέ-

397 5671 583 5720 φοντο.
644 5656 754 5708 Καὶ
780 5658 992 5720 τούτοις
1038 5659 1132 5710 ἐπὶ
1190 5658 1482 5725 τριάκοντα
1533 5646 1767 5726 ἡμέραις
1803 5659 1965 5727 ἐχρή-

402 5761 585 5799 σαντο·
622 5748 756 5817 πρὸς
789 5749 1011 5804 πλείονα
1043 5752 1151 5819 γὰρ
1192 5750 1288 5801 οὐκ
1322 5747 1627 5819 ἐξήρκεσαν
1654 5750 1846 5818 χρνῐνον
1880 5749 1970 5801 αὐ-

2062 4747 2298 4802 Israelici
2338 4763 2534 4817 agnum
2570 4756 2830 4813 mactant,
2889 4757 3051 4816 atque
3084 4748 3157 4799 ita
3192 4745 3409 4799 demum
3467 4760 3631 4799 exce-

2063 4838 2201 4893 dunt
2225 4836 2476 4908 Egypto,
2497 4839 2583 4891 die
2609 4838 2811 4892 mensis
2831 4838 2974 4891 illius
2994 4837 3205 4890 decimo
3226 4845 3445 4905 quarto.
3473 4835 3632 4890 Unde

2066 4945 2181 4996 nios
2207 4929 2424 4982 inolevit
2453 4929 2694 4983 utetiam
2728 4944 2874 4981 nunc
2918 4943 3113 4997 agnum
3152 4928 3225 4979 ita
3261 4936 3521 4987 ntactent,
3571 4942 3635 4979 ac

2068 5022 2259 5075 festum
2318 5021 2473 5091 155
2524 5021 2654 5074 illud
2703 5021 2907 5075 Pascha
2967 5028 3327 5085 nuncupant,
3377 5035 3498 5086 qua:
3530 5034 3635 5070 vox

2066 5113 2349 5164 transitum
2381 5111 2667 5179 signiﬁcat,
2700 5107 2845 5177 quod
2879 5106 3157 5169 nimirum,
3184 5103 3421 5175 Josepho
3476 5113 3632 5159 teste.

2062 5200 2204 5255 Deus
2258 5200 2349 5252 illo
2404 5213 2631 5268 vespere
2686 5196 2955 5251 transiens
3009 5194 3289 5277 lsraelicos
3340 5191 3541 5246 caedem
3579 5190 3633 5241 in

2064 5290 2346 5362 Egyptios
2393 5289 2699 5344 immiserit.
2756 5286 2891 5343 llinc
2939 5286 3118 5358 fugam
3152 5286 3482 5355 arripientes
3525 5282 3637 5334 lle-

2064 5382 2219 5447 braei,
2244 5397 2365 5437 cum
2393 5390 2548 5434 terrae
2574 5380 2850 5435 fructuum
2880 5378 3090 5447 copiam
3123 5378 3324 5430 nullam
3352 5374 3633 5431 haberent,

2064 5475 2208 5545 quod
2244 5483 2424 5529 essmtt
2447 5474 2535 5528 illa
2559 5474 2675 5528 loca
2724 5473 2959 5533 deserta,
2992 5472 3185 5524 saltem
3219 5465 3453 5536 panibus
3477 5458 3635 5511 victi-

2070 5569 2274 5629 labant,
2307 5567 2401 5635 qui
2431 5567 2498 5620 de
2535 5566 2709 5620 farina
2736 5564 2931 5619 leviter
2959 5562 3183 5616 subacta
3217 5565 3270 5611 et
3323 5553 3518 5621 exiguo
3547 5565 3639 5603 ca-

2070 5659 2183 5713 lore
2209 5664 2455 5727 percocta
2484 5656 2608 5709 facti
2637 5664 2842 5709 essent.
2875 5651 2969 5704 llis
3011 5650 3076 5703 ad
3109 5647 3440 5702 tricesimum
3470 5656 3642 5709 usque

2072 5750 2212 5803 diem
2254 5756 2379 5803 sunt
2410 5746 2515 5810 usi,
2549 5761 2655 5799 non
2689 5742 3082 5799 sullieientihus
3141 5739 3204 5793 ad
3237 5736 3451 5807 longius
3504 5746 3645 5790 tetu-
