4110 6194
469 276 573 339 239

1726 278 2146 365 MICHAELIS
2184 277 2443 340 ΟΙΧΟᾹΞ

3595 272 3702 337 300

470 392 619 454 poris
658 391 890 460 spatium
934 389 1124 444 farinis
1150 404 1285 459 quas
1319 403 1381 444 ex
1410 387 1638 459 Aigypto
1681 401 1862 444 secum
1896 397 2037 444 attu-

2151 391 2254 452 τοῖς
2285 390 2385 444 δσα
2419 392 2482 444 ἐκ
2513 390 2612 461 τῆς
2646 388 2925 457 Αἰγύπτου
2960 385 3311 457 ἐπεφέροντο.
3345 381 3456 436 Καὶ
3497 381 3564 435 τὰ
3602 381 3703 451 μὲν
3733 404 3747 416 ·

470 479 665 533 lerant.
698 478 821 534 llaec
850 494 878 534 a
908 479 1147 547 Josepho
1172 477 1247 533 sic
1278 480 1552 534 memoriae
1579 479 1788 548 prodita
1813 489 1961 534 sunt.

548 571 770 641 Magnus
802 578 984 624 autent
1032 569 1263 624 Basilius
1312 581 1497 626 noster
1529 572 1837 642 bujusmodi
1889 588 2037 642 quae-

474 667 595 718 dam
625 666 691 717 de
715 661 858 716 Musa
889 662 1110 731 adjecit.
1141 662 1238 718 llic
1277 662 1365 718 ille
1400 662 1501 717 fuit
1530 680 1691 733 quem
1738 666 1882 721 Deus
1919 666 2035 734 ipse

473 757 667 809 scitum
717 770 779 809 ac
824 755 1128 825 elegantem
1175 770 1293 810 esse
1325 756 1675 825 praedicavit,
1714 758 1878 812 etiam
1922 768 2035 813 tum

472 861 596 899 cum
638 844 820 898 adhuc
859 859 1148 899 mammam
1179 856 1428 914 sugeret;
1461 862 1622 915 quem
1654 846 1762 901 ﬁlia
1798 846 2036 904 Pharao-

376 988 406 1031 ,ς
473 938 557 989 nis
594 935 900 1011 adoptavit,
927 951 1087 1005 quem
1152 938 1300 1005 regio
1325 952 1474 992 more
1531 938 1813 1005 educavit,
1846 930 2039 1009 praete-

472 1028 576 1081 etis
601 1029 647 1082 ei
682 1028 1022 1098 sapientibus
1048 1028 1424 1099 Egyptiorum
1456 1030 1753 1101 magistris,
1780 1047 1809 1085 a
1836 1032 2037 1102 quibus

472 1119 811 1186 erudiretur;
844 1120 935 1189 qui
967 1121 1270 1190 tyrannidis
1312 1122 1572 1192 regnique
1600 1123 1798 1179 fastum
1844 1140 2037 1195 asper-

473 1221 635 1264 natus
668 1221 722 1264 et
772 1211 839 1265 ad
897 1211 1260 1266 humilitatem
1313 1228 1424 1267 sua:
1464 1214 1701 1271 nationis
1751 1214 2036 1272 hominum

476 1314 729 1353 reversus
759 1315 863 1353 una
894 1316 1015 1355 cum
1045 1300 1139 1356 Dei
1189 1304 1390 1371 populo
1429 1306 1685 1362 aerumnis
1707 1309 1893 1362 vexari
1920 1318 2037 1363 ma-

476 1391 619 1451 luit;
652 1392 742 1459 qui
780 1394 846 1444 ab
879 1393 944 1446 iis
984 1395 1189 1461 ejectns
1224 1394 1277 1449 in
1302 1395 1550 1449 exsilium
1577 1396 1644 1450 de
1672 1398 1869 1467 quibus
1902 1400 2040 1455 bene

480 1484 813 1547 merebatur,
852 1482 904 1537 in
947 1482 1284 1553 Ethiopian)
1326 1486 1593 1555 pervenit,
1619 1488 1802 1557 ibique
1830 1505 1861 1544 a
1902 1505 2041 1545 cun-

478 1574 579 1627 ctis
611 1573 774 1627 rebus
808 1574 930 1628 aliis
957 1574 1165 1629 otiosus
1200 1590 1262 1630 ac
1290 1576 1427 1630 liber
1459 1576 1585 1631 totis
1622 1577 1783 1633 annis
1809 1579 2043 1648 quadra-

477 1665 625 1734 ginta
655 1666 1100 1736 contemplationi
1135 1668 1373 1723 universi
1412 1668 1571 1738 hujus
1612 1669 1850 1725 intentus
1875 1685 2038 1727 vaca-

478 1758 595 1823 vit;
648 1760 737 1825 qui
798 1774 1003 1814 annum
1063 1761 1175 1830 jam
1233 1761 1624 1831 octogesimum
1663 1777 1830 1833 agens
1869 1763 2037 1820 Deum

477 1847 783 1914 conspexit.
819 1857 1093 1915 quatenus
1128 1849 1335 1903 homini
1370 1849 1535 1905 Deum
1578 1852 1779 1907 intueri
1824 1852 1906 1908 fas
1935 1862 2038 1920 est,

477 1938 562 1991 vel
612 1940 794 2008 potius
855 1954 918 1994 eo
967 1948 1124 2008 pacto
1194 1957 1301 2010 quo
1351 1940 1557 1996 nemini
1624 1943 1905 1999 hominum
1958 1947 2041 1999 vi-

478 2028 606 2083 dere
640 2030 806 2083 Deum
850 2029 1110 2099 contigit,
1152 2029 1322 2100 ipsius
1362 2033 1520 2086 etiam
1571 2032 1662 2086 Dei
1692 2034 2040 2099 testimonio,

479 2121 571 2188 qui
608 2119 742 2173 dixit
777 2138 790 2173 :
832 2138 849 2171 ι
906 2120 965 2173 Si
997 2122 1121 2189 quis
1167 2122 1273 2175 erit
1303 2132 1541 2175 vestrum
1576 2123 1790 2177 Domini
1848 2135 2042 2190 vates,

452 2211 558 2262 ‘illi
594 2225 693 2279 ego
724 2225 818 2279 per
866 2210 976 2264 visa
1018 2219 1178 2264 notus
1216 2210 1338 2263 tiam
1388 2220 1443 2264 ct
1475 2211 1528 2263 in
1585 2213 1792 2267 somnis
1825 2227 1950 2266 cum
1980 2228 2045 2267 eo

480 2305 695 2371 tequar.
745 2301 814 2355 At
864 2316 985 2354 cum
1023 2301 1169 2355 Mose
1227 2316 1348 2355 meo
1396 2318 1504 2356 non
1554 2304 1704 2368 item,
1758 2305 1842 2358 cui
1878 2307 2046 2361 tOlius

482 2409 618 2448 mea:
680 2394 875 2449 domus
930 2392 1062 2447 ﬁdes
1123 2393 1351 2447 habetur
1389 2411 1400 2449 :
1437 2397 1570 2463 quin
1622 2410 1746 2450 eum
1807 2413 2047 2467 prmsens

485 2496 808 2555 pra-sentem
862 2485 1090 2549 atlahor,
1123 2500 1416 2556 coramque
1458 2490 1555 2540 me'
1576 2478 1665 2541 ille
1696 2500 1905 2555 cernet,
1939 2506 2046 2546 non

481 2593 581 2646 per
621 2578 904 2647 mnigmata
937 2577 1007 2630 ⁸ο.
1053 2595 1069 2628 ι
1106 2574 1416 2669 Sec.untlum
1456 2578 1569 2632 haec
1597 2578 1735 2632 idem
1768 2578 1944 2634 Moses
1979 2580 2047 2635 ad

484 2670 825 2724 Pharaonem
857 2668 1157 2738 ablegatur,
1189 2667 1247 2722 tit
1281 2684 1343 2723 ex
1368 2667 1601 2740 IEgypto
1633 2670 1887 2739 populum
1916 2672 2043 2726 edu-

485 2771 656 2814 ceret.
716 2760 775 2815 ln
829 2759 1119 2830 Egyptum
1176 2760 1342 2829 igitur
1392 2761 1480 2814 ubi
1538 2761 1799 2826 venisset,
1856 2762 2049 2817 eodem

488 2868 715 2907 uxorem
769 2866 986 2921 quoque
1044 2868 1165 2906 cum
1220 2852 1405 2906 liberis
1446 2853 1741 2907 transtulit.
1798 2852 1879 2908 Ob
1910 2853 2051 2908 hanc

485 2958 710 2998 causam
765 2944 814 2997 ei
851 2959 909 2997 se
963 2944 1185 3015 angelus
1220 2943 1381 2997 oil‘crt
1426 2953 1691 2998 terrorem
1752 2945 2047 3000 incutiens.

2136 480 2230 534 τοῦ
2279 482 2542 552 Ἰωσήπου
2577 481 2827 535 τοιαῦτα.

2219 575 2278 627 '0
2309 574 2363 626 δέ
2396 574 2569 643 μέγας
2596 555 2877 637 Βασίλειος
2904 574 2999 627 καὶ
3025 571 3151 626 τάδε
3184 568 3310 637 περὶ
3335 565 3428 620 τοῦ
3458 563 3704 625 Μωσέως

2137 666 2304 735 φησιν
2323 702 2339 723 .
2371 665 2455 717 δτι
2487 658 2640 728 οὗτός
2675 666 2822 717 ἐστιν
2850 663 2881 716 δ
2915 658 3285 732 μαρτυρηθεὶς
3316 658 3530 718 ἀστεῖος
3561 650 3705 707 εἶναι

2138 755 2289 826 παρὰ
2317 753 2437 825 Θεῷ
2463 756 2543 809 ἔτι
2572 753 2873 824 ὑπομάξυος
2902 752 2976 805 ὢν
3001 766 3015 781 ·
3044 750 3104 804 δν
3129 749 3521 817 είσετυοιήσατσ
3543 744 3641 815 μὲν
3670 744 3708 809 ἠ

2138 845 2387 915 θυγάτηρ
2429 845 2652 917 Φαραώ,
2695 842 2953 913 ἐξέθρεψε
2992 841 3050 894 δέ
3092 836 3409 909 βασιλικῶς,
3450 834 3578 895 τοὺς
3619 847 3711 884 σο-

2138 936 2273 1005 φοὺς
2304 936 2413 990 τῶν
2444 935 2761 1002 Αἰγυπτίων
2790 933 3145 993 διδασκάλους
3177 927 3325 998 αὐτῷ
3358 926 3453 995 τῆς
3488 922 3708 977 παιδεύ-

2140 1044 2277 1092 σεως
2301 1028 2645 1097 ἐπιστήσασα
2668 1044 2681 1059 ο
2709 1028 2766 1090 ὃς
2791 1026 2887 1080 τὸν
2907 1025 3071 1093 ὄγκον
3092 1022 3190 1091 τῆς
3210 1017 3525 1090 τυραννίδος
3550 1014 3709 1083 μισή⁴

2141 1136 2264 1186 σας,
2285 1122 2380 1174 καὶ
2403 1120 2540 1190 πρὸς
2560 1121 2621 1172 τὸ
2642 1119 2895 1174 ταπεινὸν
2917 1118 3025 1171 τῶν
3047 1113 3336 1186 ὁμοφύλων
3355 1107 3725 1180 ἀναδραμὼν,

2139 1212 2312 1266 εῖλετο
2346 1211 2840 1281 συγκακουχεῖσθαι
2872 1209 2950 1279 τῷ
2982 1207 3097 1277 λαῷ
3127 1206 3222 1259 τοῦ
3254 1201 3392 1258 Θεοῦ
3415 1218 3429 1233 ’
3464 1202 3494 1254 δ
3528 1216 3711 1269 φυγα·

2137 1304 2348 1369 δευθεὶς
2394 1304 2549 1373 παρὰ
2594 1304 2705 1358 τῶν
2747 1300 3237 1373 εὐεργετηθέντων,
3292 1294 3584 1351 κάντεῦθεν
3628 1291 3711 1354 είς

2140 1397 2237 1467 τὴν
2267 1396 2555 1450 Αἰθιοπίαν
2584 1394 2905 1450 καταλαϐὼν
2925 1433 2940 1457 ,
2973 1395 3136 1446 κάκεῖ
3166 1391 3349 1444 πᾶσαν
3374 1386 3575 1457 σχολήν
3600 1382 3712 1436 ἀπὸ

2142 1489 2249 1544 τῶν
2287 1488 2463 1543 ἄλλων
2501 1489 2652 1557 ἄγων
2689 1489 2784 1542 καὶ
2827 1488 2885 1539 ἐν
2926 1482 3340 1555 τεσσαράκοντα
3383 1479 3525 1540 δλοις
3565 1476 3714 1529 ἔτεσι

2140 1586 2206 1652 τῇ
2241 1581 2443 1652 θεωρίᾳ
2473 1580 2578 1634 τῶν
2607 1580 2776 1633 ὄντων
2808 1576 3194 1647 ἀποσχολάσας
3218 1591 3233 1608 ο
3264 1573 3324 1636 δς
3356 1567 3716 1640 ὀγδοηκοστὸν

2142 1674 2243 1743 ἠδη
2281 1672 2521 1741 γεγονὼς
2559 1670 2679 1733 ἔτος
2718 1667 2826 1724 εἶδε
2867 1669 2959 1722 τὸν
2988 1668 3123 1722 Θεὸν
3161 1666 3238 1727 ὡς
3274 1661 3545 1731 ἀνθρώπῳ
3586 1659 3718 1710 ίδεῖν

2142 1763 2402 1829 δυνατὸν,
2449 1762 2650 1833 μᾶλλον
2688 1762 2746 1815 δὲ
2794 1761 2870 1824 ὡς
2917 1759 3094 1821 οὸδεὶς
3138 1757 3246 1810 τῶν
3289 1754 3463 1808 ἄλλων
3506 1747 3718 1816 ὑπῆρξε

2143 1852 2282 1907 κατὰ
2305 1852 2401 1922 τὴν
2431 1851 2737 1921 μαρτυρίαν
2760 1848 2925 1903 αὐτοῦ
2948 1847 3043 1901 τοῦ
3056 1846 3221 1911 Θεοῦ,
3246 1847 3327 1900 ὅτι
3361 1861 3380 1895 ι
3404 1842 3530 1895 Ἐάν
3554 1839 3720 1907 γένη-

2142 1963 2230 2000 ται
2274 1945 2559 2015 προφήτης
2602 1943 2757 2013 ὑμῶν
2801 1941 2878 2012 τῷ
2911 1940 3134 2010 Κυρίῳ,
3183 1939 3242 1991 ἐν
3286 1936 3525 2005 ὁράματι
3567 1928 3719 1999 αὐτῷ

2144 2037 2529 2106 γνωσθήσομαι
2561 2038 2657 2090 καὶ
2684 2037 2742 2089 ἐν
2771 2033 2927 2103 ὕπνῳ
2955 2033 3175 2101 λαλήσω
3205 2027 3353 2098 αὐτῷ
3373 2067 3388 2093 ,
3415 2026 3513 2093 οὐχ
3540 2022 3721 2083 οὕτως

2142 2129 2218 2191 ὡς
2240 2130 2275 2181 δν
2293 2127 2547 2196 θεράπων
2575 2144 2676 2195 μου
2700 2126 2905 2195 Μωσῆς
2930 2126 2988 2177 ἐν
3011 2124 3118 2193 ὅλῳ
3141 2121 3217 2192 τῷ
3241 2120 3375 2187 οίκῳ
3403 2133 3504 2188 μου
3530 2113 3726 2175 πιστός

2145 2223 2298 2285 ἐστι,
2332 2221 2506 2291 στόμα
2535 2220 2676 2274 κατὰ
2709 2210 2885 2288 στόμα
2913 2217 3134 2287 λαλήσω
3163 2210 3312 2281 αὐτῷ
3332 2249 3346 2274 ,
3376 2211 3435 2262 ἐν
3463 2208 3590 2260 εῖδει
3621 2202 3727 2257 καὶ

2143 2314 2213 2368 δι’
2234 2312 2591 2381 αἰνιγμάτων.
2627 2331 2644 2362 ι
2682 2311 2791 2364 Καὶ
2822 2311 2959 2377 μετὰ
2988 2308 3161 2360 ταῦτα
3191 2304 3328 2373 πρὸς
3356 2297 3556 2369 Φαραὼ
3580 2297 3729 2350 ἀπο-

2148 2402 2426 2457 στέλλεται
2451 2401 2612 2471 χάριν
2637 2401 2733 2454 τοῦ
2763 2399 2974 2453 ἐκεῖθεν
3004 2395 3289 2464 ἐξαγαγεῖν
3314 2392 3405 2445 τὸν
3433 2388 3581 2441 λαόν.
3608 2386 3725 2438 Πα-

2153 2493 2511 2564 ραγενόμενος
2559 2488 2652 2546 οὗν
2696 2492 2777 2555 είς
2820 2490 3096 2559 Αἴγυπτον
3140 2484 3300 2539 ἔλαϐε
3339 2482 3440 2553 τὴν
3486 2478 3727 2547 γυναῖκα

2148 2586 2243 2639 καὶ
2274 2585 2341 2637 τὰ
2376 2583 2563 2636 παιδία
2598 2580 2771 2637 αὐτοῦ
2785 2579 2932 2646 ,δίκαὶ
2966 2578 3205 2649 είσῆλθε.
3240 2575 3332 2629 Διὸ
3365 2573 3459 2628 καὶ
3490 2567 3724 2639 ἅγγελος

2150 2677 2399 2746 φαίνεται
2439 2675 2622 2744 φοϐῶν
2655 2673 2819 2727 αὐτόν
2844 2688 2859 2704 ’
2893 2673 2954 2726 οὐ
2997 2672 3103 2740 γὰρ
3141 2669 3357 2737 οἰκῆσαι
3400 2664 3515 2716 ἐκεῖ
3551 2663 3731 2727 ἐπέμ-

2151 2783 2318 2828 πετο,
2352 2764 2467 2820 άλλ*
2497 2764 2786 2831 ἐξαγαγεῖν
2818 2763 2911 2814 τὸν
2950 2758 3185 2828 Ἰσραήλ.
3214 2757 3393 2824 Ὅπερ
3429 2751 3523 2805 καὶ
3558 2747 3729 2810 αὐτὸς

2154 2855 2378 2910 συνιδὼν
2403 2855 2594 2925 ἀφίησι
2621 2854 2719 2922 τὴν
2747 2854 2999 2921 γυναῖκα.
3028 2850 3139 2902 Καὶ
3166 2846 3323 2915 δῆλον
3349 2843 3412 2896 ἐκ
3436 2839 3530 2895 τοῦ
3554 2836 3730 2906 Ἰοθδρ

2157 2948 2294 3014 μετὰ
2326 2946 2425 3014 τῆς
2462 2945 2721 3013 γυναικὸς
2763 2942 2928 2996 αὐτοῦ
2958 2940 3281 3008 ὑπαντῆσαι
3320 2934 3469 3003 αὐτῷ
3505 2930 3731 3000 ἐξερχο-

482 3034 601 3089 Νοη
636 3038 780 3088 enim
810 3036 937 3090 illuc
963 3044 1250 3105 propterea
1292 3035 1622 3099 mittebatur,
1662 3044 1719 3089 ut
1743 3034 1863 3089 istic
1891 3036 2047 3090 habi-

2153 3039 2318 3108 μένῳ.
2354 3039 2458 3090 Τὸν
2495 3037 2683 3108 μέντοι
2720 3034 2919 3105 Φαραὼ
2958 3034 3034 3103 μὴ
3067 3031 3391 3100 πειθόμενον
3425 3020 3729 3079 ἀποδοῦναι

485 3138 667 3191 taret,
718 3127 813 3181 sed
873 3135 933 3181 ut
980 3126 1237 3195 pupulum
1273 3126 1551 3180 educeret.
1593 3127 1707 3191 Qua
1762 3142 1822 3180 re
1863 3139 2047 3180 secum

2155 3130 2248 3184 τὸν
2273 3131 2402 3183 λαδν
2431 3130 2724 3200 ἀφορήτοις
2754 3128 3047 3182 ὑποϐάλλει
3082 3122 3351 3195 μάστιξιν.

484 3218 865 3271 animadversa
907 3233 1129 3272 uxorem
1162 3216 1406 3271 dimittit.
1441 3216 1555 3271 lloc
1588 3218 1813 3273 omnino
1849 3218 2047 3273 factum
2091 3238 2215 3277 esse
2280 3223 2368 3276 vel
2419 3222 2545 3277 inde
2613 3228 2781 3290 patet,
2816 3222 2963 3291 quod
2993 3218 3238 3274 Jotorum
3270 3228 3395 3269 cum
3426 3222 3593 3265 uxore
3624 3208 3739 3262 ob-

486 3312 633 3364 vium
665 3310 900 3376 habuit,
934 3323 1056 3362 cum
1109 3324 1174 3363 ex
1228 3308 1461 3379 Egypto
1535 3311 1904 3379 egrederetur.
1977 3312 2123 3367 Idem
2166 3315 2504 3369 Pharaonem
2568 3316 2858 3369 restituere
2907 3312 3017 3366 Deo
3070 3309 3326 3381 populum
3361 3318 3738 3396 suum.recu-

487 3412 698 3456 santem
736 3399 1169 3454 intolerabilibus
1201 3400 1371 3468 plagis
1407 3399 1596 3453 allicit.

557 3496 668 3549 Cur
693 3503 872 3549 autem
904 3493 1175 3563 permisit,
1201 3496 1447 3557 obsecro,
1481 3494 1624 3549 Deus
1647 3504 1705 3549 ut
1730 3507 2051 3554 excantores

489 3589 677 3641 eadem
736 3583 1069 3655 perﬁcerent
1125 3600 1247 3653 qua:
1280 3583 1457 3639 Moses
1487 3587 1852 3661 praestiterat?
1880 3588 2055 3643 Nimi-

489 3694 610 3732 rum
642 3680 722 3731 ut‘
743 3697 772 3728 ιι
797 3676 1009 3731 endacii
1046 3676 1396 3747 veritatisque
1421 3676 1718 3732 discrimen
1754 3680 2053 3749 pateﬁeret.

490 3772 626 3823 Nam
654 3780 706 3823 et
740 3769 840 3854 ipsi
877 3768 1096 3838 quidem
1138 3768 1316 3837 virgas
1364 3768 1419 3823 in
1456 3779 1741 3838 serpentes
1772 3782 2061 3827 converte-

491 3863 642 3928 hant,
676 3877 863 3915 verum
899 3861 1046 3931 virga
1093 3860 1256 3915 Musis
1303 3861 1543 3932 ipsorum
1586 3863 1768 3933 virgas
1797 3864 2059 3932 deglutie-

489 3954 605 4008 bat.
644 3952 926 4008 Mntabaut
952 3963 1006 4008 et
1036 3954 1135 4024 ipsi
1170 3969 1363 4024 aquam
1420 3955 1473 4007 in
1511 3956 1858 4025 sanguinem.
1898 3956 2059 4027 156

2222 3500 2331 3554 Καὶ
2362 3501 2415 3552 τί
2454 3499 2518 3569 δή
2563 3515 2693 3552 ποτε
2732 3498 3110 3568 συνεχώρησεν
3143 3497 3170 3549 ὁ
3193 3493 3327 3556 θεὸς
3359 3493 3470 3556 τοῖς
3506 3506 3737 3560 φαρμα-

2151 3594 2268 3654 κοῖς
2300 3592 2369 3645 τὰ
2400 3591 2538 3644 αὐτὰ
2569 3592 2766 3662 δρᾶσαι
2798 3589 2875 3659 τῷ
2907 3590 3129 3653 Monet;
3154 3589 3271 3641 Ἵνα
3303 3584 3485 3655 δειχθῇ
3520 3584 3578 3637 τὸ
3610 3583 3737 3636 διά·-

2157 3702 2321 3754 φορον
2351 3684 2446 3737 τοῦ
2474 3700 2536 3736 τε
2560 3682 2792 3753 ψεύδους
2824 3683 2917 3734 καὶ
2943 3682 3040 3750 τῆς
3069 3678 3349 3749 ἀληθείας.
3379 3674 3739 3732 Μετέϐαλλον

2160 3778 2268 3845 γάρ
2294 3776 2386 3829 καὶ
2414 3776 2570 3829 αὐτοὶ
2594 3775 2691 3837 τάς
2721 3773 2950 3843 ῥάϐδους
2977 3774 3058 3834 εἰς
3086 3771 3260 3839 ὄφεις,
3289 3768 3403 3822 ἀλλ’
3427 3770 3460 3838 ή
3488 3767 3740 3830 Μωσέως

2168 3866 2361 3936 ῥάϐδος
2398 3864 2498 3927 τὰς
2540 3863 2764 3916 ἐκείνων
2805 3866 3054 3915 κατέπιε.
3100 3858 3443 3914 Μετέϐαλλον
3488 3858 3735 3910 κάκεῖνοι

2165 3960 2226 4010 τὸ
2256 3957 2398 4027 ὕδωρ
2430 3957 2508 4019 είς
2534 3954 2694 4026 αἷμα,
2727 3957 2841 4010 ἀλλ’
2866 3958 2947 4019 είς
2989 3954 3090 4025 τὴν
3138 3953 3411 4025 προτέραν
3442 3953 3600 4021 φύσιν
3629 3954 3735 4003 ἐπ·

490 4045 585 4099 sed
624 4045 962 4098 immutatam
988 4045 1157 4099 semel
1191 4054 1401 4100 natura:
1423 4046 1593 4115 priori
1624 4048 1916 4102 restituere
1946 4062 2050 4102 non

2167 4052 2463 4118 αναγαγεῖν
2491 4050 2551 4101 τὸ
2584 4049 2727 4119 ὕδωρ
2755 4051 2855 4102 οὐκ
2888 4050 3131 4117 ἴσχυσαν.
3153 4048 3262 4102 Καὶ
3277 4047 3402 4109 τοὺς
3433 4044 3737 4115 βατράχους

490 4145 764 4207 poterant.
798 4134 1114 4191 Educebant
1144 4144 1200 4189 et
1254 4135 1353 4205 ipsi
1412 4137 1723 4201 ranas,-sed
1754 4139 1823 4192 ab
1862 4137 2050 4192 iisdem

2164 4143 2452 4215 ἐξήγαγον,
2478 4144 2538 4196 οὐ
2574 4144 2684 4211 μὴν
2713 4142 2805 4194 καὶ
2837 4140 3147 4205 ἀπαλλάξαι
3177 4138 3355 4192 αὐτῶν
3382 4138 3482 4199 τὰς
3505 4137 3614 4188 τῶν
3643 4135 3735 4188 Ai-

490 4227 633 4279 a'des
667 4225 1046 4295 IEgyptiorum
1079 4240 1371 4296 repurgare
1398 4240 1505 4280 non
1546 4236 1818 4296 poterant.
1856 4228 2050 4282 Iisdem

2161 4237 2405 4303 γυπτίων
2449 4235 2794 4305 ήδυνήθησαν
2836 4233 3033 4295 οίκίας.
3077 4234 3187 4289 Καὶ
3229 4234 3310 4293 εἰς
3361 4229 3461 4299 μὲν
3501 4228 3563 4279 τὸ
3606 4241 3736 4278 παι-

491 4319 722 4375 faettltas
756 4327 875 4374 erat
910 4319 1193 4391 Egyptios
1224 4320 1476 4387 vexandi,
1514 4320 1608 4376 sed
1664 4321 1888 4377 sedandi
1924 4336 2054 4391 sup-
2090 4374 2136 4395 ﬁ
2161 4330 2337 4384 δεύειν
2375 4331 2502 4392 τοὺς
2540 4327 2876 4395 Αἰγυπτίους
2921 4328 3017 4379 καὶ
3056 4327 3171 4389 τοῖς
3211 4324 3522 4395 φαρμακοῖς
3563 4318 3738 4372 ἐνεδί-

491 4410 640 4480 plic'ti
686 4419 1004 4480 potestatem
1026 4410 1228 4463 nullam
1260 4410 1554 4465 habebant.
1592 4411 1733 4477 Quin
1761 4412 1923 4466 etiam
1967 4414 2050 4482 ip-

2161 4417 2313 4480 δοτο,
2342 4418 2421 4478 εἰς
2450 4415 2510 4468 τὸ
2542 4414 2736 4467 παύειν
2767 4413 2867 4483 τὴν
2893 4413 3165 4483 τιμωρίαν
3193 4412 3399 4465 οὐκέτι.
3433 4409 3652 4465 Μᾶλλον
3679 4406 3739 4459 δὲ

492 4519 677 4558 serum
710 4518 939 4572 corpora
983 4503 1217 4572 pustulis
1265 4503 1407 4557 Deus
1474 4502 1643 4570 magis
1672 4501 1859 4557 atllixit
1897 4518 2050 4572 quam

2160 4510 2258 4572 τάς
2290 4507 2583 4577 φλυκτίδας
2613 4508 2707 4558 καὶ
2736 4506 2846 4568 τοῖς
2879 4504 3104 4556 ἐκείνων
3133 4504 3409 4572 ἐπήνεγκε
3445 4501 3732 4569 σώμασιν,

492 4596 854 4664 reliquorum,
887 4603 945 4647 ut
977 4593 1105 4647 hinc
1140 4591 1487 4646 manifestum
1523 4592 1675 4647 ﬁeret
1730 4608 1839 4648 non
1878 4593 2050 4647 solum

2161 4600 2236 4660 ὼς
2267 4580 2518 4651 ἐντεῦθεν
2547 4596 2705 4664 δῆλον
2736 4594 2812 4658 ὡς
2844 4595 2907 4648 οὐ
2944 4600 3105 4663 μόνον
3137 4594 3354 4663 ἐπέχειν
3383 4594 3443 4646 οὐ
3480 4591 3738 4645 δύνανται

493 4686 643 4755 ipsos
706 4700 897 4756 pinnas
946 4683 1211 4737 divinitus
1250 4686 1514 4750 irrogatas
1542 4682 1790 4737 inhibere
1825 4698 1935 4737 non
1967 4698 2050 4751 po-

2166 4690 2263 4751 τὰς
2295 4688 2591 4758 θεηλάτους
2620 4688 2819 4756 ὀργάς,
2853 4685 2991 4739 ἀλλὰ
3022 4684 3118 4738 καὶ
3144 4684 3301 4737 αὐτοὶ
3330 4681 3744 4752 συντιμωροῦν-
3798 4741 3807 4749 _

495 4778 686 4839 tuisse,
720 4777 813 4831 scd
849 4778 1014 4830 etiam
1037 4789 1160 4829 cum
1189 4773 1402 4828 creteris
1430 4772 1620 4829 eadem
1648 4773 1909 4842 supplicia
1940 4789 2050 4842 per-

2167 4792 2258 4827 ται
2288 4778 2401 4838 τοῖς
2435 4773 2638 4833 ἄλλοις.
2669 4773 2829 4826 Ὅθεν
2861 4781 2954 4826 καὶ
2971 4773 3235 4842 ,δακτύλῳ
3267 4770 3404 4824 Θεοῦ
3433 4772 3502 4823 τὰ
3535 4770 3744 4838 σημεῖα

497 4868 710 4921 tulisse.
758 4867 876 4932 Quo
926 4866 1125 4920 factum
1180 4872 1266 4919 est
1324 4873 1381 4918 ut
1438 4865 1589 4918 istaec
1636 4865 1877 4935 prodigia
1926 4865 2065 4936 magi

495 4959 684 5011 divino
710 4958 875 5027 digito
905 4958 1087 5027 perlici
1120 4956 1445 5011 faterentur.
1482 4957 1690 5011 Idcirco
1725 4957 1930 5011 nemini
1964 4958 2065 5011 nti-

497 5066 617 5103 rum
648 5049 816 5103 videri
846 5050 1066 5104 debebit
1094 5050 1489 5104 Antichristum
1525 5065 1773 5119 quoque,
1823 5049 1915 5103 ubi
1964 5049 2067 5103 sci-

497 5144 626 5196 licet
683 5142 1004 5203 advenerit,
1046 5142 1289 5211 prodigia
1344 5141 1510 5194 multa
1546 5150 1905 5209 portentaque
1944 5141 2063 5195 edi-

501 5240 717 5294 turum;
772 5245 896 5283 nam
924 5238 985 5283 et
1019 5230 1074 5282 lti
1133 5230 1296 5299 magi,
1344 5229 1603 5283 Zatnbres
1635 5240 1797 5299 atque
1831 5229 2064 5292 Jaunes,

497 5321 678 5393 virgas
697 5322 747 5374 in
773 5332 1053 5392 serpentes
1076 5330 1501 5375 commutarunt.
1520 5320 1661 5386 Quin
1686 5321 1851 5376 etiam
1876 5320 2066 5373 Simon

501 5413 594 5469 ille
619 5429 806 5484 magus
850 5414 1030 5468 ctIecit
1072 5423 1129 5467 ut
1168 5421 1358 5467 statua:
1403 5414 1763 5467 ambularent.
1818 5413 1961 5467 ldctn
2015 5412 2084 5489 in.

505 5504 682 5574 ignem
712 5506 1002 5577 prosiliens
1034 5523 1139 5561 non
1171 5513 1352 5559 tamen
1386 5506 1664 5569 urebatur;
1700 5505 1752 5558 in
1789 5521 1916 5559 acra
1945 5504 2073 5560 sub-

580 5672 626 5703 ⁶⁰
664 5672 823 5729 Num.
856 5690 951 5739 xu,
980 5673 1031 5727 6.

2171 4868 2222 4919 ot
2268 4865 2432 4934 μάγοι
2478 4863 2662 4930 ἔλεγον
2701 4863 2968 4929 γίνεσθαι.
3009 4862 3216 4932 Μηδεὶς
3258 4858 3356 4915 οὖν
3391 4857 3741 4929 θαυμαζέτω,

2173 4959 2329 5028 εἴπερ
2365 4956 2533 5010 ἐλθὼν
2562 4958 2591 5009 ὁ
2624 4956 2994 5026 Ἀντίχριστος
3031 4954 3245 5024 σημεῖα
3271 4954 3489 5022 ποιήσει
3525 4950 3618 5003 καὶ
3649 4950 3742 5001 τέ-

2177 5064 2314 5118 ρατα
2339 5062 2354 5079 ⁸
2393 5049 2486 5102 καὶ
2522 5047 2631 5117 γὰρ
2665 5047 2715 5098 οί
2753 5047 2918 5115 μάγοι
2955 5037 3140 5110 οὗτοι,
3177 5044 3206 5098 ὃ
3246 5059 3307 5095 τε
3342 5040 3606 5110 Ζαμϐρῆς
3643 5039 3743 5090 καὶ

2175 5139 2405 5205 Ἰαννῆς,
2449 5139 2548 5200 τὰς
2596 5137 2826 5208 ῥάϐδους
2869 5139 2950 5197 εἰς
2992 5134 3147 5205 ὄφεις
3196 5131 3543 5203 μετέϐαλλον.
3580 5127 3746 5182 Ἀλλὰ

2167 5234 2261 5285 καὶ
2300 5232 2481 5301 Σίμων
2520 5234 2547 5284 ὁ
2590 5231 2769 5300 μάγος
2805 5229 3129 5300 ἀνδριάντας
3170 5226 3348 5279 ἐποίει
3391 5223 3738 5293 περιπατεῖν,

2168 5325 2258 5376 καὶ
2295 5324 2373 5385 είς
2414 5322 2525 5393 πῦρ
2566 5323 2885 5390 κυλιόμενος
2922 5320 3024 5373 οὑκ
3065 5318 3302 5380 ἐκαίετο,
3346 5316 3441 5370 καὶ
3482 5315 3560 5375 είς
3600 5312 3740 5379 ἀέρα

2170 5412 2393 5475 ἶπτατο,
2425 5411 2520 5464 καὶ
2547 5411 2610 5463 ἐκ
2639 5409 2801 5461 λίθων
2833 5410 3030 5477 ἄρτους
3056 5405 3259 5471 ἐποίει,
3293 5400 3740 5474 μετεμορφοῦτο,

2169 5502 2513 5572 διπρόσωπος
2546 5502 2774 5569 ἐγίνετο,
2809 5502 2886 5563 εἰς
2917 5498 3117 5572 χρυσὸν
3152 5496 3535 5569 μετεϐάλλετο,
3570 5492 3745 5562 θύρας
