4110 6194
309 289 409 350 3οἰ

1549 300 1959 363 ANNALIUM
1998 303 2196 365 PARS
2238 306 2312 368 ll.

3439 306 3546 370 306

306 401 612 463 Βασίλειος,
642 401 919 456 κελεύεται
948 404 1035 458 διὰ
1060 403 1160 474 τὴν
1188 405 1246 460 ἐν
1272 404 1350 476 τῷ
1382 405 1536 461 ὕδατι
1567 409 1862 479 ἀντιλογίαι

1982 418 2108 469 dum
2145 417 2214 471 ab
2257 417 2463 486 angelis
2498 426 2800 488 spectatur.
2842 414 3074 490 propter
3114 419 3545 474 adversatioaem

306 493 478 545 ἐλθεῖν
506 494 588 555 εἰς
617 494 677 545 τὸ
701 493 825 563 ὅρος
850 495 912 547 τδ
946 495 1207 566 Ἀϐαρὶμ,
1234 497 1263 551 δ
1289 499 1383 552 καὶ
1411 499 1604 553 Ναὸαῦ
1635 501 1877 569 ἐλέγετο,

305 583 393 634 καὶ
438 581 571 634 ἰδεῖν
606 582 706 653 τὴν
742 585 847 652 γῆν
883 585 978 653 τῆς
1023 587 1379 655 ἐπαγγελίας,
1416 588 1513 641 καλ⁵
1553 589 1726 655 οὕτως
1765 594 1882 645 ἐκεῖ

305 672 647 742 τελευτῆσαι.
688 673 819 726 Οὐδὲ
859 674 968 745 γὰρ
1010 679 1283 747 συγχωρεῖ
1314 679 1414 749 τὴν
1450 681 1661 733 ἐκείνου
1695 682 1881 734 τελευὲ

303 763 397 825 τὴν
421 765 451 816 6
475 764 610 827 Θεὸς
634 764 1215 839 γενέσθαίκατάδηλον
1234 808 1249 833 ,
1275 769 1360 822 ἵνα
1390 773 1465 841 μὴ
1490 772 1557 824 τὰ
1580 773 1711 825 ὀστᾶ
1738 773 1883 826 ἐκεί-

305 873 390 907 νου
415 855 677 918 λαϐόντες
702 858 748 909 οί
774 856 864 909 τὸν
891 861 1094 928 μόσχον
1118 863 1600 932 προσκυνήσαντες
1630 864 1882 933 θεοποιή-

303 962 472 998 σωσιν
519 946 685 1000 αὐτά..
736 948 936 1001 Ἐἶπον
985 950 1167 1018 μέντοι
1213 952 1304 1003 τδν
1350 952 1626 1006 θειὸτατον
1674 956 1880 1026 δηλαδὴ

304 1037 506 1089 Mmoria
552 1038 649 1090 καὶ
697 1039 847 1106 παρὰ
890 1039 1047 1092 θείων
1088 1043 1335 1109 ἀγγέλων
1377 1044 1810 1114 ἐνταφιασθῆναι
1853 1048 1881 1099 6

305 1129 477 1195 μέγας
520 1130 688 1198 φησὶν
727 1131 1057 1200 Ἐπιςρέινιος.
1099 1134 1160 1187 Εί
1204 1137 1312 1203 γὰρ
1356 1138 1450 1187 καὶ
1490 1138 1696 1204 ἐπέστη
1732 1154 1883 1206 τηνι-

304 1219 477 1273 καῦτα
508 1221 538 1272 6
574 1220 854 1286 διάϐολος,
890 1221 1029 1277 καθά
1070 1240 1236 1294 φησιν
1269 1224 1470 1290 Ἰούδας
1513 1227 1572 1278 ἐν
1607 1230 1670 1297 τῇ
1719 1229 1882 1282 καθο-

300 1311 418 1378 λικῇ
452 1306 621 1362 αὑτοῦ
654 1309 942 1381 ἐπιστολῇ,
976 1310 1156 1377 ζητῶν
1188 1329 1247 1364 τε
1282 1314 1447 1366 αὐτὸν
1477 1313 1552 1376 ὡς
1585 1317 1751 1383 φονέα
1786 1320 1880 1369 καὶ

298 1398 366 1460 ὡς
401 1400 685 1471 ἀντιλογίᾳ
720 1399 979 1458 θανόντα.
1013 1392 1134 1455 ’ἀλλ’
1158 1403 1483 1458 ἀνθίσταται
1516 1409 1543 1458 6
1576 1407 1878 1479 ἀρχιστρᾶ-

298 1507 462 1560 τηγος
490 1491 729 1562 Μιχαὴλ,
759 1493 852 1544 καὶ
885 1510 903 1543 ι
938 1493 1297 1565 Ἐπιτιμήσαι
1330 1513 1411 1549 σοι
1444 1497 1472 1550 ό
1501 1498 1703 1568 Κύριος
1738 1517 1757 1552 ι
1794 1500 1880 1552 λέ-

298 1599 380 1647 γει
413 1582 554 1651 πρὸς
586 1583 773 1637 αὐτόν.
804 1583 867 1637 Ei
894 1583 950 1636 δὲ
977 1584 1151 1637 ταῦτα
1180 1584 1354 1650 οὕτως
1386 1587 1501 1658 ἔχει
1522 1628 1538 1653 ,
1574 1589 1677 1641 ποῦ
1713 1590 1877 1660 θήσο-

300 1689 396 1739 μεν
436 1673 507 1726 τὰ
546 1673 640 1726 τοῦ
674 1674 962 1744 Ἰωσήπου,
1003 1674 1035 1745 ἢ
1079 1676 1195 1738 πῶς
1239 1679 1378 1730 αὐτὰ
1423 1680 1874 1749 πιραδιξὸμεθας

299 1765 495 1834 Ὅμως
530 1767 711 1833 μέντοι
746 1767 1071 1838 προσθετέον
1087 1765 1211 1829 ’τοῖς
1240 1771 1352 1824 ἄνω
1383 1773 1478 1824 καὶ
1508 1772 1683 1825 ταῦτα
1712 1773 1777 1826 δι’
1801 1777 1878 1826 εἴ·

293 1856 470 1924 δησιν.
502 1856 752 1928 Παρᾶγει
786 1858 896 1926 γὰρ
924 1858 1015 1910 τδν
1046 1859 1252 1912 Μωσέα
1287 1864 1432 1916 κατὰ
1461 1864 1554 1916 τὸν
1585 1862 1677 1915 τοῦ
1713 1864 1877 1919 θανά·

292 1967 381 2002 του
416 1951 586 2004 αὑτοῦ
618 1954 809 2019 καιρδν
834 1952 927 2004 καὶ
953 1952 1079 2006 τάδε
1108 1955 1250 2007 κατὰ
1283 1956 1437 2024 ῥῆμα
1471 1956 1605 2023 πρδς
1633 1957 1723 2009 τὸν
1749 1957 1875 2010 λαὸν

291 2040 538 2106 λέγοντιν
554 2060 570 2093 ι
597 2043 818 2111 ’Λνδρες
844 2045 1267 2115 συστρατιῶται,
1294 2048 1417 2097 ἐπεὶ
1441 2048 1518 2116 τῷ
1542 2049 1660 2115 Θεῴ
1681 2048 1873 2101 δοκοῦν

295 2130 389 2197 ἥδη
420 2132 516 2183 καὶ
547 2132 625 2202 τῷ
655 2135 822 2205 γήρᾳ.
856 2136 1067 2204 χρόνων
1099 2133 1181 2206 ρκ’
1210 2138 1306 2190 καὶ
1335 2142 1376 2189 ε’
1401 2138 1726 2209 ἠνυσμένων
1746 2182 1762 2207 ,
1790 2141 1874 2193 δεῖ

294 2240 358 2291 με
388 2222 486 2276 τοῦ
525 2223 627 2295 ζῇν
656 2226 948 2294 ἀπελθεῖν,
983 2229 1287 2300 ὑποτίθημι
1323 2231 1419 2283 καὶ
1452 2230 1547 2284 νῦν
1578 2232 1645 2284 τὰ
1680 2233 1870 2287 δέοντα

292 2317 425 2386 πρὸς
458 2317 641 2387 ὑμᾶς,
671 2321 868 2390 ἄπειμι
897 2321 941 2374 δ’
966 2323 1131 2382 αὐτὸς
1161 2323 1370 2393 χαίρων
1404 2325 1497 2378 ἐπὶ
1529 2327 1642 2389 τοῖς
1674 2325 1872 2395 ὑμετέ-

292 2425 403 2477 ροις
454 2409 706 2477 ἀγαθοῖς.
754 2431 773 2465 ι
821 2412 1182 2486 Πορευομένῳ
1226 2416 1285 2468 δὲ
1332 2415 1483 2487 αὑτῷ
1534 2410 1595 2471 οὗ
1645 2417 1870 2485 ἔμελλεν

292 2500 699 2569 ἀφανισθῆναι,
733 2504 935 2567 πάντες
971 2505 1189 2558 εἶτοντο
1223 2506 1636 2577 δεδακρυμένοι.
1673 2508 1872 2562 Ἀσπα-

292 2591 522 2662 ζομένου
570 2597 627 2650 δὲ
673 2598 839 2651 αὐτοῦ
884 2600 978 2652 καὶ
1023 2600 1115 2653 τὸν
1153 2601 1479 2671 Ἐλεάζαρον
1525 2603 1619 2655 καὶ
1659 2602 1867 2673 Ἰησοῦν

293 2689 385 2738 καὶ
413 2690 879 2758 προσομιλοῦντος
910 2692 1116 2759 αὐτοῖς,
1142 2692 1221 2745 ἔτι
1251 2693 1307 2745 δὲ
1339 2694 1430 2746 ἐπὶ
1457 2693 1550 2746 τοῦ
1582 2694 1746 2764 ὅρους
1772 2696 1866 2749 τοῦ

304 2775 566 2848 Ἀὁαρὶμ,
596 2780 791 2849 νέφους
818 2783 1083 2852 αίφνίδιον
1110 2785 1250 2854 ὑπὲρ
1280 2785 1446 2838 αὑτοῦ
1478 2786 1703 2849 στάντος
1729 2788 1865 2854 ἀφα-

291 2867 498 2931 νίζεται
534 2871 683 2925 κατά
714 2890 862 2936 τινος
900 2876 1207 2947 φάραγγος.
1248 2878 1357 2930 Καὶ
1392 2879 1420 2930 6
1458 2879 1557 2947 μὲν
1599 2877 1863 2949 Ἰώσηπος

287 2960 432 3015 ἔστιν
462 2963 553 3017 ὅτε
589 2965 908 3036 μυθολογῶν
937 2968 1081 3023 οὕτω
1110 2971 1388 3039 φαίνεται.

1985 509 2129 562 illam
2166 524 2286 577 qua:
2335 510 2401 564 ad
2447 526 2643 580 aquam
2688 512 2963 567 aeeidcrat
2988 553 3001 572 .
3042 514 3096 566 in
3130 522 3370 566 montem
3400 508 3549 571 Aba-

1984 600 2110 663 rim.
2143 603 2236 670 qni
2263 610 2319 657 et
2359 603 2508 658 Nabo
2534 604 2756 666 dicitur,
2786 604 3081 658 ascendere
3110 606 3349 672 juhetnr,
3385 613 3547 673 atque

1982 693 2106 749 istic
2159 696 2477 763 promissam
2527 704 2723 749 terram
2781 696 3009 751 intuitus
3057 696 3168 750 fato
3208 696 3380 766 fungi.
3428 696 3545 750 Non

1981 785 2127 839 enim
2159 795 2385 840 mortem
2412 786 2580 853 ipsius
2612 786 2785 853 palam
2814 784 2926 839 ﬁeri
2958 785 3099 838 Deus
3126 785 3292 838 voluit
3316 822 3331 845 ,
3365 800 3432 837 ne
3456 784 3544 852 qui

1982 876 2210 931 vitulum
2252 877 2524 933 submisse
2546 877 2787 932 venerati
2835 877 3089 940 fuerant,
3138 885 3355 944 sumpta
3381 877 3547 942 ips‘us

1982 983 2105 1023 ossa
2148 984 2247 1038 pro
2294 969 2498 1023 divinis
2547 970 2828 1023 ducerent.
2879 968 3139 1021 Enmdem
3180 969 3350 1021 virum
3387 966 3549 1035 158

1981 1060 2226 1129 profecto
2254 1060 2658 1115 divinissimum
2697 1058 3034 1127 Epiphanius
3080 1059 3242 1111 tradit
3284 1060 3351 1110 ab
3381 1074 3548 1128 ange-

1981 1150 2050 1205 lis
2089 1153 2362 1220 sepultum
2391 1166 2535 1205 esse.
2562 1151 2884 1218 Quanquam
2930 1150 3076 1203 enim
3132 1157 3243 1202 tum
3277 1149 3549 1203 advolavit

1981 1242 2255 1307 diabolus,
2290 1243 2422 1296 utin
2459 1242 2700 1311 Epistola
2722 1256 2818 1298 sua
2853 1240 3123 1295 catholica
3149 1241 3316 1295 ludas
3348 1240 3547 1308 inquit.

1981 1332 2159 1403 ipsum
2210 1333 2540 1387 homicidam
2573 1342 2832 1402 tanquam
2871 1332 2971 1387 sibi
3021 1331 3324 1393 vindicans,
3373 1339 3427 1384 et
3454 1330 3547 1398 qui

1981 1425 2034 1478 in
2068 1424 2448 1478 adversatione
2471 1423 2816 1492 deliquisset,
2843 1432 3022 1476 tamen
3050 1424 3303 1490 princeps
3326 1421 3411 1474 ille
3438 1422 3547 1475 dux

1980 1515 2279 1570 Michaelus
2305 1517 2355 1570 ei
2391 1515 2615 1577 restitit,
2644 1530 2707 1569 ac
2744 1515 2927 1569 verbis
2962 1514 3273 1582 hujusmodi
3307 1512 3549 1580 compcl-

1981 1609 2147 1663 lavit:
2187 1628 2205 1661 ι
2233 1609 2486 1677 lncrepet
2509 1618 2560 1661 te
2596 1607 2857 1661 Dominus
2886 1607 2949 1661 ⁸³.
2988 1624 3007 1656 ι
3042 1606 3173 1671 Qua:
3201 1604 3247 1656 si
3282 1619 3408 1657 vera
3439 1612 3549 1657 sta-

1982 1711 2196 1754 tuemus
2222 1714 2377 1762 esse,
2419 1715 2526 1767 quo
2555 1698 2677 1752 loco
2707 1696 2929 1764 Josephi
2975 1694 3343 1749 narrationem
3376 1694 3549 1747 habe-

1979 1791 2181 1856 bimus,
2218 1789 2303 1843 vel
2333 1778 2568 1857 quonam
2606 1799 2763 1857 pacto
2794 1787 2936 1840 illam
2966 1784 3358 1839 adtnittcmus?
3386 1784 3547 1839 Libet

1978 1893 2158 1937 autem
2203 1891 2256 1937 et
2285 1882 2398 1949 ipsa
2431 1879 2582 1950 prius
2612 1880 2865 1933 indicatis
2909 1878 3172 1943 adjicere,
3204 1868 3314 1945 quo
3348 1876 3539 1928 saltem

1977 1983 2103 2026 nota
2135 1973 2264 2039 sint.
2296 1970 2485 2024 Tradit
2529 1971 2673 2025 enim
2723 1968 2925 2023 Mosem
2968 1967 3069 2021 sub
3126 1966 3300 2036 ipsum
3354 1965 3545 2018 mortis

1978 2072 2191 2130 tempus
2230 2061 2537 2131 hujusmodi
2564 2060 2811 2115 oratione
2852 2059 3112 2128 populum
3144 2056 3497 2123 compellassc
3526 2067 3541 2106 :

1979 2169 1999 2204 ι
2036 2151 2301 2217 Quando,
2360 2148 2777 2210 cunnnilitones.
2831 2149 2909 2202 sic
2945 2148 3052 2201 Deo
3110 2147 3283 2200 visum
3342 2155 3426 2199 est
3480 2159 3544 2198 ac

1973 2240 2270 2302 senectuti,
2304 2241 2509 2294 exactis
2541 2240 2652 2308 jam
2683 2238 2840 2292 annis
2866 2239 3040 2291 :rtatis
3078 2246 3299 2290 centum
3352 2235 3543 2305 viginti

1972 2328 2239 2398 quinque,
2276 2336 2336 2380 ut
2383 2327 2489 2381 hac
2532 2327 2639 2380 vita
2681 2340 2828 2379 nunc
2854 2325 3148 2389 exc-edam,
3185 2325 3347 2379 etiam
3383 2324 3544 2377 modo

1970 2437 2066 2476 vos
2092 2422 2159 2475 de
2184 2419 2248 2473 iis
2280 2420 2583 2473 admonebo
2612 2435 2732 2488 quze
2758 2418 3009 2472 faciunda
3042 2426 3225 2471 erunt.
3274 2415 3391 2485 Ipse
3420 2417 3543 2485 qni-

1971 2514 2094 2567 dem
2128 2512 2283 2566 laetus
2317 2511 2387 2566 ob
2426 2523 2603 2565 vestra
2639 2512 2781 2565 bona
2818 2511 3011 2580 migro.
3061 2527 3078 2560 ι
3110 2506 3245 2564 Cum
3275 2509 3391 2561 haec
3420 2522 3541 2576 pro-

1966 2604 2182 2659 locutus
2212 2603 2277 2657 ad
2318 2618 2440 2658 eum
2473 2602 2647 2657 locum
2682 2611 2953 2671 pergeret,
2985 2615 3095 2670 quo
3140 2602 3259 2653 loco
3291 2600 3536 2652 futurum

1968 2703 2173 2749 eratut
2204 2709 2270 2749 ex
2304 2695 2547 2763 ipsorum
2576 2702 2874 2762 conspectu
2907 2693 3271 2761 abriperctur,
3304 2706 3427 2744 cum
3461 2691 3540 2742 Ia-

1970 2787 2172 2855 crymis
2226 2802 2420 2841 omnes
2466 2785 2856 2855 sequebantur.
2909 2783 3119 2838 Interea
3176 2798 3342 2845 vero,
3407 2782 3535 2836 dum

1968 2877 2288 2931 Eleazarum
2328 2886 2382 2931 et
2422 2875 2606 2930 Jesnm
2658 2877 3108 2944 amplecteretur,
3158 2892 3220 2929 ac
3254 2889 3538 2928 sermones

1961 2984 2086 3024 cum
2118 2968 2199 3023 eis
2228 2966 2505 3021 conterret
2534 2966 2586 3020 in
2612 2976 2798 3022 monte
2826 2967 3017 3031 Abari,
3036 2982 3159 3019 mox
3189 2966 3331 3020 nube
3353 2966 3536 3020 subito

288 3076 347 3116 se
395 3077 568 3132 supra
599 3064 779 3135 ipsum
810 3067 1134 3124 demittente
1164 3070 1338 3124 videri
1372 3069 1555 3135 desiit,
1587 3069 1639 3122 in
1672 3066 1861 3121 vallem
1903 3064 2191 3136 quamdam
2257 3062 2535 3132 abreptus.
2589 3061 2681 3117 Sic
2723 3075 2836 3117 rem
2878 3069 3084 3131 gestam
3150 3058 3419 3129 Josephus
3452 3073 3536 3112 re-

286 3165 494 3221 censet,
526 3159 622 3227 qui
669 3173 801 3215 sane
836 3176 1228 3230 nonnunquam
1260 3163 1453 3218 tabulis
1487 3171 1858 3218 consentanea
1897 3160 2099 3214 litteris
2121 3157 2407 3211 mandasse
2438 3157 2677 3212 videtur.

362 3243 423 3297 '0
453 3246 511 3299 δέ
535 3264 598 3314 γε
630 3249 835 3319 Μωσῆς
890 3254 1159 3307 τελευτῶν
1212 3257 1491 3326 ἐπιτίθησι
1533 3257 1630 3319 τὰς
1664 3259 1851 3325 χεῖρας

2024 3250 2290 3306 Caeterum
2329 3249 2506 3305 Moses
2537 3249 2748 3305 vivendi
2786 3248 2946 3304 tinent
2982 3248 3220 3313 tacturus
3267 3246 3394 3301 Jesu
3427 3243 3535 3298 Na-

282 3338 370 3390 ἐπὶ
398 3338 494 3391 τὸν
529 3340 739 3410 Ἰησοῦν
762 3345 853 3397 τὸν
889 3345 985 3398 τοῦ
1014 3347 1165 3417 Ναυῆ
1212 3349 1351 3414 υἱὸν,
1410 3349 1590 3402 καίτοι
1624 3365 1687 3415 γε
1721 3364 1855 3416 προ-

283 3434 710 3504 μαρτυρηθέντα
734 3436 957 3507 Πνεῦμα
1000 3441 1156 3505 am»
1187 3442 1354 3509 ἔχειν.
1409 3443 1529 3512 Ἀφ’
1562 3435 1623 3496 οὗ
1655 3441 1719 3512 δὴ
1754 3445 1849 3513 καὶ

278 3525 440 3595 νόμος
463 3526 813 3597 κεκράτηκεν
861 3529 1003 3583 ὥστε
1038 3534 1166 3594 τοὺς
1193 3534 1475 3604 ἀρχιερεῖς
1513 3535 1703 3603 χεῖρας
1737 3535 1858 3586 ἐπι-

279 3617 484 3672 τιθέναι
508 3621 628 3680 τοῖς
660 3623 1189 3691 χειροτονουμένοις,
1219 3625 1315 3676 καὶ
1346 3623 1492 3676 οὕτω
1527 3623 1676 3685 θείας
1700 3625 1858 3695 χάρι-

276 3728 367 3774 τος
399 3713 854 3781 μεταλαμϐάνειν
881 3716 1077 3778 αὐτούς
1102 3733 1114 3746 υ
1143 3735 1161 3767 ι
1194 3717 1305 3769 Καὶ
1326 3715 1531 3787 θήσεις,
1565 3718 1674 3786 γάρ
1697 3734 1853 3786 φησι,

276 3804 372 3864 τὰς
400 3806 594 3873 χεῖράς
646 3822 740 3858 σου
794 3806 882 3858 ἐπ’
913 3807 1100 3862 αὐτόν.
1145 3825 1164 3859 ι
1220 3806 1426 3861 Τούτου
1455 3807 1510 3860 δὲ
1538 3806 1632 3861 τοῦ
1675 3808 1852 3877 Ἰησοῦ

278 3894 697 3964 συμμαχοῦντος
726 3898 839 3957 τοῖς
879 3896 1257 3959 Γαϐαωνίταις
1303 3898 1714 3969 (ἐστράτευσαν
1743 3897 1852 3968 γάρ

276 4001 418 4047 τινες
446 3988 568 4039 κατ’
598 3986 779 4039 αὐτῶν
808 3985 881 4046 ὼς
912 3986 1075 4055 δῆθεν
1101 3987 1593 4056 αὐτομολησάντων
1618 3988 1697 4057 τῷ
1744 3989 1851 4057 Ἰησ

281 4079 411 4146 σοῦ)
436 4079 620 4148 θαῦμα
657 4081 787 4146 περὶ
812 4079 903 4132 τὸν
930 4078 1084 4148 ἥλιον
1128 4080 1352 4147 γέγονεν
1382 4080 1441 4131 ἐν
1470 4078 1547 4147 τῷ
1578 4096 1851 4149 μεσουρα-

281 4171 511 4240 νήματιο
556 4172 653 4223 καὶ
700 4171 808 4239 γὰρ
854 4169 988 4240 ἔστη
1042 4170 1141 4241 τῆς
1194 4171 1384 4241 πρόσω
1417 4173 1592 4241 φορᾶς
1637 4172 1851 4243 ἡμέρας

280 4264 576 4332 ὁλοκλήρου
595 4262 899 4331 διάστημα.

345 4440 404 4494 ΕΞ
432 4440 488 4492 δὲ
524 4441 620 4492 καὶ
654 4437 711 4490 οὲ
744 4437 883 4508 μετὰ
918 4435 1026 4489 τῶν
1060 4435 1239 4492 ἄλλων
1272 4433 1477 4505 ἀπορῖα
1507 4431 1732 4502 κατέχει
1762 4430 1851 4485 διὰ

278 4532 328 4582 τί
354 4531 770 4601 τεσσαράκοντα
825 4529 920 4597 ἔτη
949 4528 1010 4581 τδ
1058 4528 1166 4580 τῶν
1216 4525 1491 4596 Ἐϐραίων
1521 4524 1680 4592 γένος
1705 4523 1849 4587 ἐξιὸν

1958 3357 2038 3396 va:
2072 3342 2181 3396 tilio
2212 3342 2496 3410 imposuit,
2551 3339 2942 3410 quanquam_ei
2995 3337 3363 3392 testimonium
3416 3336 3528 3404 jam

1958 3444 2119 3490 antea
2150 3451 2368 3504 quoque
2405 3435 2663 3489 tributum
2712 3442 2899 3499 esset,
2931 3432 3076 3501 quod
3111 3429 3375 3500 Spiritum
3404 3444 3528 3483 san-

1956 3540 2105 3584 ctum
2146 3530 2388 3583 haberet.
2441 3527 2579 3582 Hinc
2631 3541 2748 3582 mos
2804 3526 3029 3580 inolevit
3079 3532 3132 3577 et
3186 3521 3427 3576 obtinuit
3471 3529 3563 3573 uti

1957 3620 2169 3675 muneri
2201 3619 2361 3673 alicui
2392 3618 3091 3688 praeﬁciendis'sacerdotes
3126 3629 3318 3668 manus
3344 3613 3527 3681 impo-

1955 3722 2123 3772 nant,
2158 3725 2266 3779 quo
2324 3710 2464 3763 facto
2527 3710 2723 3763 divina:
2778 3709 2963 3779 gratise
3018 3707 3309 3777 participes
3361 3706 3521 3759 liunt.

1961 3819 1979 3852 ι
2014 3802 2285 3869 lmpones.
2324 3800 2501 3869 inquit
2530 3799 2691 3862 Dens,
2727 3815 2946 3853 manum
2984 3808 3130 3851 tuam
3165 3798 3288 3867 ipsi,
3320 3806 3370 3850 et
3409 3796 3528 3863 glo—

1954 3892 2091 3946 riam
2138 3901 2282 3944 tuam
2317 3890 2369 3943 in
2424 3905 2547 3944 cum
2580 3889 2879 3943 transferes
2909 3889 2974 3942 “.
3018 3906 3035 3937 ›
3074 3889 3206 3942 Cum
3239 3890 3330 3941 hic
3362 3886 3526 3941 Jesns

1955 3997 2113 4052 opem
2146 3980 2466 4036 Gabaonitis
2497 3979 2662 4033 ferret
2684 4018 2699 4041 ,
2728 3996 2865 4046 quos
2898 3980 3208 4032 invaserant
3238 3990 3519 4047 propterea

1954 4073 2201 4129 nonnulli
2250 4072 2394 4142 quod
2433 4081 2629 4141 sponte
2658 4086 2753 4125 sua
2784 4069 2911 4126 Jesu
2946 4081 3128 4136 partes
3171 4070 3342 4123 secuti
3388 4068 3525 4123 fuis~

1953 4174 2096 4233 sent,
2121 4163 2441 4217 miraculum
2467 4164 2521 4217 in
2550 4163 2664 4218 sole
2691 4162 2923 4229 contigit
2962 4178 2976 4214 :
3010 4176 3134 4213 nam
3165 4176 3288 4214 cum
3322 4161 3367 4214 is
3403 4176 3519 4215 rne-

1953 4256 2101 4312 dium
2135 4255 2256 4309 mali
2306 4255 2607 4323 attigisset,
2646 4254 2878 4308 ulterius
2911 4253 3158 4324 ιιι-θεῖοιιὶ
3206 4267 3299 4321 per
3353 4253 3522 4306 totius

1951 4347 2055 4403 diei
2089 4346 2321 4415 spatium
2351 4345 2535 4399 desiit.

2022 4437 2225 4503 Quodsi
2261 4447 2441 4491 autem
2473 4436 2617 4491 scire
2663 4436 2860 4505 nequis
2888 4436 3242 4505 quamobrem
3270 4434 3522 4489 llebra:o-

1953 4544 2073 4583 rum
2108 4528 2276 4594 natio,
2326 4537 2611 4598 postquam
2652 4543 2718 4583 ex
2751 4528 2983 4599 Egypto
3033 4529 3336 4595 migrassct,
3376 4539 3522 4581 totos

276 4622 330 4687 ἐξ
364 4623 642 4689 Αἰγύπτου
689 4619 794 4673 ἀ·ιά
832 4621 928 4689 τὴν
954 4619 1161 4688 ἔρημον
1212 4617 1505 4681 ἐπλανᾶτο,
1551 4615 1753 4668 ἄκουε*
1789 4615 1846 4667 ἐν

1965 4636 2123 4675 ιιιηοε
2156 4620 2511 4691 quadraginta
2563 4619 2617 4673 in
2657 4621 2955 4675 solitudine
2982 4620 3347 4679 oberraverit.
3384 4620 3520 4687 quid

276 4717 377 4780 γὰρ
403 4716 468 4784 τῇ
520 4712 690 4781 βίὸλῳ
719 4710 826 4761 τῶν
849 4708 1129 4779 Ἀριθμῶν
1152 4708 1329 4778 σαφὴς
1355 4709 1389 4777 ἡ
1416 4708 1565 4760 αἰτία
1594 4722 1675 4758 σοι
1709 4705 1843 4774 πρό-

275 4818 466 4856 κειται.
505 4803 629 4853 1th
659 4801 808 4868 παρὰ
836 4799 1079 4860 Μωσέως
1102 4798 1519 4851 ἀποσταλέντων
1554 4798 1630 4857 είς
1668 4813 1838 4850 κατα-

274 4897 476 4964 σκοπὴν
521 4894 622 4962 τῆς
686 4894 789 4945 τῶν
842 4889 1166 4944 Χαναναίων
1214 4888 1321 4957 γῆς
1355 4888 1839 4957 ὑποστρεψάντων,

272 4987 359 5036 καὶ
386 4987 471 5037 τὸν
500 4985 631 5037 λαδν
687 4980 1111 5050 ἐκφοὸησὰντων
1146 4982 1240 5033 ἐπὶ
1280 4978 1535 5033 τοσοῦτον
1564 4979 1709 5032 ὥστε
1738 4980 1837 5034 καὶ

271 5078 431 5131 πολλὰ
474 5078 619 5130 κατὰ
673 5073 809 5127 Θεοῦ
850 5073 1146 5141 γογγύσαι,
1205 5073 1332 5126 ἄνευ
1363 5071 1459 5125 τοῦ
1514 5073 1699 5126 Χάλε6
1741 5076 1837 5126 καὶ

267 5168 358 5221 τοῦ
390 5168 589 5240 Ἰησοῦ,
612 5163 765 5220 εἶπεν
790 5168 818 5219 6
853 5165 1021 5225 Θεοςο
1055 5182 1073 5214 ι
1106 5164 1181 5216 Οὐ
1218 5163 1293 5233 μὴ
1320 5163 1604 5233 εἰσέλθητε
1637 5164 1717 5225 είς
1737 5164 1835 5232 τὴν

263 5263 364 5331 γῆν
418 5262 503 5330 ἐφ’
554 5262 621 5332 ἢν
681 5259 923 5323 ἐξέτεινα
956 5258 1054 5324 τὴν
1094 5255 1255 5325 χεῖρά
1311 5272 1412 5324 μου
1448 5255 1563 5308 ἀλλ’
1596 5254 1835 5327 ῆΧάλεϐ

261 5356 354 5407 καὶ
388 5352 600 5425 Ἰησοῦς
632 5352 661 5402 6
689 5350 785 5402 τοῦ
814 5349 971 5418 Ναυῆ
1004 5349 1097 5401 καὶ
1118 5349 1185 5400 τὰ
1218 5347 1404 5401 παιδία
1437 5348 1473 5402 ἃ
1504 5348 1695 5402 εἴπατε
1755 5351 1834 5411 είς

265 5444 569 5514 διαρπαγὴν
592 5443 833 5495 ἔσεσθαι.
869 5440 1060 5509 ῘΥμῶν
1111 5438 1167 5490 δὲ
1202 5439 1268 5490 τὰ
1306 5439 1456 5492 κῶλα.
1486 5443 1732 5493 πεσεῖται
1774 5444 1831 5493 ἐν

267 5540 331 5604 τῇ
364 5537 557 5605 ἐρήμῳ
583 5532 776 5603 ταύτῃ.
802 5532 863 5584 Ol
899 5532 956 5583 δὲ
1006 5530 1114 5582 υἱοὶ
1144 5530 1296 5599 ὑμῶν
1326 5530 1541 5582 ἔσονται
1588 5533 1829 5600 νεμόμε-

326 5692 371 5724 ⁶³
405 5690 558 5746 Iuda:
586 5692 637 5745 9.
716 5689 762 5721 "‘
792 5689 949 5742 Num.
983 5704 1146 5753 xxvtt,
1188 5689 1272 5741 i8.

1948 4711 2147 4766 dicturi
2203 4711 2376 4765 simus
2434 4712 2648 4766 audias.
2691 4711 2824 4767 Nam
2883 4713 2935 4766 in
2987 4712 3124 4765 libro
3155 4712 3519 4765 Numerorum

1948 4817 2109 4857 causa
2169 4803 2457 4872 perspicue
2489 4804 2723 4859 indicata
2768 4813 2872 4858 est.
2916 4804 3127 4873 Quippe
3182 4819 3306 4858 cum
3352 4803 3387 4857 ii
3423 4802 3517 4871 qui

1946 4894 2174 4964 ablegati
2220 4904 2374 4948 erant
2405 4911 2433 4948 a
2479 4895 2625 4949 Mose
2662 4907 2862 4949 terram
2894 4895 3260 4951 Chananaaam
3328 4895 3518 4965 explo-

1943 4996 2139 5047 ratum,
2165 4986 2539 5048 revertissent,
2570 5001 2633 5039 ac
2666 4986 2922 5054 potiulum
2955 4996 3105 5040 tanto
3140 4999 3287 5040 metu
3320 5003 3518 5054 ρει-ου-

1945 5074 2133 5128 lissent
2163 5084 2222 5128 ut
2268 5091 2377 5129 non
2420 5092 2610 5144 parum
2648 5076 2914 5137 adversus
2949 5060 3236 5131 Dominum
3270 5093 3517 5130 murium

1945 5173 2119 5227 raret,
2152 5166 2393 5219 Chalebo
2443 5175 2497 5219 et
2541 5165 2676 5221 Jesu
2722 5168 2997 5237 exceptis,
3053 5171 3320 5237 tuxu'crgo
3373 5169 3517 5221 Dens

1945 5257 2096 5310 hisce
2131 5259 2293 5311 minis
2336 5267 2419 5312 est
2452 5275 2581 5312 usus
2628 5275 2642 5311 :
2681 5277 2699 5309 ι
2744 5260 2915 5313 Nemo
2964 5276 3029 5314 cx
3065 5259 3212 5313 omni
3269 5270 3511 5311 vestrum

1942 5363 2172 5401 numero
2204 5348 2258 5402 in
2291 5359 2487 5403 terram
2530 5351 2846 5419 perveniet,
2889 5366 3051 5420 supra
3090 5368 3249 5420 quam
3286 5367 3508 5403 manant

1940 5456 2116 5494 meam
2153 5444 2397 5506 extendi,
2464 5453 2661 5512 pra-ter
2703 5444 3002 5498 Chalchum
3041 5456 3095 5498 et
3125 5444 3305 5498 JCNilll
3350 5442 3510 5493 Nam:

1938 5532 2127 5599 lilium,
2160 5540 2212 5585 et
2244 5547 2440 5601 pueros
2478 5544 2727 5603 vestros,
2781 5552 2916 5606 quos
2956 5537 3149 5607 praeda:
3187 5535 3393 5587 futuros
3420 5529 3507 5583 di-

4038 4422 4041 4595 Φ
