4110 6194
504 257 609 319 307
1757 251 1809 312 Μ
1826 251 2182 313 [CHAELIS
2219 250 2481 313 (ΠΧῦῶ
3629 242 3729 306 308

507 364 685 421 xistis.
721 365 912 421 Vestra
967 364 1185 431 quidem
1228 362 1387 433 159
1418 362 1660 418 membra
1702 362 1760 417 in
1793 363 1899 418 ista
1940 362 2115 420 soli-1

2219 355 2250 414 it
2281 361 2341 413 ὲν
2387 361 2454 430 τῇ
2516 358 2711 432 ἐρήμῳ
2758 354 3170 428 τεσσαράκοντα
3196 350 3312 419 ἔτη,
3344 350 3437 404 καὶ
3477 349 3731 404 ἀνύσουσι

506 455 698 510 tudine
723 456 937 509 cadent.
969 453 1091 507 Nati
1114 461 1292 506 autem
1322 455 1488 509 vestri
1519 456 1716 526 degent
1742 455 1796 509 in
1820 455 1921 510 hac
1936 455 2068 511 soliv-

2219 457 2269 525 ἠν
2293 453 2519 524 πορείαν
2542 454 2716 524 ὐμῶν,
2749 454 2854 516 ἕως
2881 452 2947 506 ἂν
2972 446 3377 504 ἀναλωοῶσιτά
3402 444 3553 498 κῶλα
3582 443 3734 512 ὑμῶν

510 549 699 601 tudine
755 561 929 600 annos
977 545 1427 614 quadraginta,et
1469 547 1657 600 tandiu
1695 534 2070 602 vestrum’boc

2219 567 2228 598 ι
2259 550 2325 616 τῇ
2363 547 2575 617 ἐρήμῳ,
2621 546 2761 600 κατά
2809 544 2902 599 τὸν
2935 539 3316 613 ἀριθμὸν.τῶν
3353 535 3577 607 ἡμερῶν
3606 536 3735 595 ὅσας

513 642 619 693 iter
662 639 949 692 conﬁcient
972 677 988 699 ,
1024 638 1199 692 donec
1235 639 1477 693 membra
1508 647 1692 693 vestra
1729 639 1785 693 in
1833 640 2071 695 desertis

2219 638 2587 708 ατεσκέψασθε
2619 638 2717 709 τὴν
2750 638 2885 709 γῆν,
2921 634 3335 704 τεσσαράκοντα
3370 629 3607 700 ἡμέρας,
3643 625 3739 679 καί⁵

514 731 889 783 absumantur.
943 728 1088 793 Quot
1136 729 1329 784 diebus
1373 738 1571 784 terram
1603 731 1949 799 explorastis,
1980 733 2072 801 qui

2219 731 2452 785 νὼσεσθε
2482 732 2573 783 τὸν
2628 731 2799 802 θυμόν
2860 746 2985 800 μου.
3029 746 3047 780 ι
3083 726 3240 782 Μετά
3283 722 3394 793 γάρ
3424 721 3533 775 τῶν
3562 720 3740 776 ἀλλων

513 819 736 872 omnino
768 820 1121 888 quadraginta
1150 820 1388 886 fuerunt,
1432 837 1527 888 per
1559 822 1780 877 lolidem
1813 838 1986 877 annos
2007 824 2073 879 ad

2219 824 2271 878 αὶ
2304 824 2463 879 τοῦτο
2510 820 2666 878 εἷπον
2707 826 2787 887 εἰς
2814 820 3146 891 διαστροφὴν
3188 816 3282 891 τοῦ
3312 813 3445 869 λαοῦ
3470 829 3486 846 ο
3520 832 3539 865 ι
3591 810 3746 866 Ἐκεῐ

516 909 741 963 totidem
776 884 890 964 dics
941 884 1142 965 relatos
1165 912 1353 978 culpas
1378 884 1600 967 vestras
1633 913 1793 968 luetis
1814 955 1828 977 ,
1865 924 1918 969 et
1948 914 2076 982 quid

2219 914 2392 984 ἴδομεν
2417 914 2517 984 τὴν
2538 915 2735 982 γενεὰν
2763 884 2859 966 τοῦ
2902 884 3125 973 Ἐναάκ-,
3149 884 3351 980 ἄνδρας
3372 902 3745 975 ὑπερμήκεις,

516 1005 596 1057 ira
627 1020 744 1057 mea
779 1008 849 1059 sit
883 1006 1242 1075 experiemini
1267 1008 1330 1060 ".
1371 1026 1390 1058 ι
1427 1006 1689 1061 Nimirum
1728 1006 1803 1060 illi
1828 1006 2079 1076 explora-

2219 1006 2463 1077 ἰγαντας,
2486 1001 2563 1061 ὧν
2597 1006 2827 1061 ἐνώπιον
2854 1000 2996 1077 ἦμεν
3027 1004 3161 1058 ὠσεί
3181 1000 3425 1072 ἀκρίδες.
3456 1016 3475 1051 ι
3511 995 3749 1067 Ἔφερον

516 1102 665 1147 tores
708 1094 851 1150 inter
887 1096 989 1149 alia
1024 1097 1128 1149 hoc
1153 1098 1315 1151 etiam
1338 1097 1679 1165 pervertendi
1705 1097 1890 1166 populi
1916 1111 2079 1152 causa

2219 1100 2236 1152 ὲ
2296 1099 2387 1152 καὶ
2422 1098 2617 1169 βότρυν
2652 1099 2863 1151 ἐκεῖθεν
2915 1095 3215 1167 ὑπερμήκη
3250 1090 3510 1146 τοσοῦτον
3558 1086 3635 1150 ὡς
3659 1087 3752 1137 ἐπ’

521 1186 883 1254 protulerant,
908 1202 966 1241 se
1014 1188 1269 1243 familiam
1312 1188 1720 1256 Enaqninorum
1748 1188 1806 1243 in
1851 1189 1918 1244 iis
1947 1189 2081 1245 locis

2222 1187 2551 1258 ναφορεῦσιν
2580 1187 2745 1241 αὑτὸν
2769 1184 3159 1257 βαστάζεσθαι.
3188 1183 3315 1235 Ὅτι
3342 1180 3397 1234 δὲ
3424 1176 3755 1245 παιδευόμε-

520 1277 722 1331 vidisse
747 1318 761 1339 ,
796 1280 887 1348 qui
921 1290 1102 1334 essent
1134 1281 1383 1338 homines
1421 1295 1585 1349 supra
1622 1280 1839 1335 modum
1871 1280 2082 1349 proceri

2219 1298 2271 1343 ος
2301 1280 2330 1333 ὁ
2366 1278 2580 1352 Ἰσραὴλ
2608 1282 2751 1335 κατὰ
2780 1278 2932 1335 θείαν
2963 1277 3133 1349 ὀργὴν
3170 1272 3426 1328 τοσοῦτον
3462 1273 3523 1325 ὲν
3558 1269 3756 1340 ἐρήμῳ

521 1380 577 1421 et
607 1370 888 1439 gigantes.
919 1385 1042 1425 cum
1082 1372 1280 1440 quibus
1337 1373 1438 1442 ipsi
1492 1373 1673 1427 collati
1723 1372 1946 1426 locusta:
1984 1372 2086 1426 sibi

2219 1372 2460 1425 ιεϐίϐασε
2495 1373 2708 1445 καιρὸν,
2735 1374 2831 1426 καὶ
2860 1369 2954 1424 τοῦ
2984 1368 3220 1439 μεγάλου
3260 1365 3532 1436 Κυρίλλου
3561 1362 3757 1430 λέγον-

520 1474 643 1512 esse
684 1461 782 1514 visi
834 1460 1086 1517 fuissent.
1128 1463 1443 1518 Attulerunt
1486 1465 1539 1518 id
1596 1464 1854 1531 temporis
1899 1478 2086 1527 secum

2220 1483 2277 1528 ος
2303 1466 2491 1519 ἄκουε.
2541 1464 2632 1518 Ἐν
2662 1465 2770 1532 γὰρ
2804 1464 2871 1531 τῇ
2896 1460 3038 1529 Περί
3066 1459 3174 1528 τῆς
3220 1459 3290 1513 ἐν
3317 1457 3615 1525 πνεύματι
3647 1454 3759 1505 ,ια-

525 1544 690 1603 ta'nta:
723 1546 935 1604 botrum
972 1554 1399 1623 magnitudinis.
1453 1567 1511 1609 ut
1553 1556 1798 1610 vectibus
1851 1565 1903 1610 et
1953 1555 2090 1624 palis

2219 1556 2387 1625 ρείιις
2423 1554 2589 1625 βίϐλῳ
2622 1553 2789 1607 αὑτοῦ
2812 1556 2908 1607 καὶ
2933 1552 3062 1605 τάδε
3092 1550 3280 1619 φησὶν,
3330 1548 3411 1601 ὅτι
3445 1540 3759 1616 προσκρού-

525 1640 721 1707 gestari
755 1656 877 1694 eum
916 1656 1143 1697 necesse
1194 1644 1351 1698 foret.
1387 1645 1654 1698 Czeterum
1684 1644 1985 1709 lsraelicos,
2020 1644 2089 1699 ob

2219 1662 2291 1708 ἀς
2318 1646 2347 1698 6
2400 1644 2618 1714 Ἰσραὴλ
2657 1641 3097 1712 τεσσαρακοστὸν
3152 1639 3269 1702 ἔτος
3315 1635 3588 1690 ἐπλανᾶτο
3615 1633 3762 1687 κατὰ

525 1732 659 1785 iram
686 1731 926 1785 divinam
954 1735 1266 1802 castigatus,
1294 1743 1501 1787 tantum
1535 1735 1588 1787 in
1621 1734 1921 1791 solitudine
1951 1744 2088 1790 tem-

531 1823 680 1892 poris
731 1825 975 1893 exegisse
1011 1825 1243 1895 Cyrillus
1267 1825 1429 1878 etiam
1457 1825 1635 1880 verbis
1660 1826 1807 1881 hisce
1839 1835 2089 1894 testatur,

529 1914 581 1965 in
618 1930 684 1967 eo
743 1915 881 1968 libro
931 1915 1274 1969 exstantibus
1314 1931 1475 1984 quem
1532 1915 1604 1969 De
1634 1918 1903 1985 spirituali
1948 1918 2092 1972 cultu

532 2005 849 2073 inscripsit:
894 2008 1027 2071 Quia
1093 2006 1312 2061 fremitu
1366 2022 1465 2061 suo
1530 2007 1698 2061 Deum
1752 2009 2096 2065 otienderunt

533 2095 797 2162 lsraeliei,
830 2099 1188 2167 quadraginta
1239 2115 1334 2168 per
1381 2100 1728 2153 solitudinem
1780 2103 2097 2163 annissunt

533 2186 810 2252 obvagati.
866 2188 1010 2240 Dcns
1042 2188 1186 2240 enim
1230 2188 1588 2257 jurejurando
1617 2189 1858 2243 futurum
1903 2192 2100 2244 conﬁr-

536 2277 705 2329 mavit
744 2293 801 2330 se
838 2278 891 2332 in
917 2291 1115 2331 terram
1153 2280 1469 2347 promissam
1504 2278 1650 2348 ipsos
1682 2280 2098 2350 haudquaquam

538 2368 999 2423 introducturum.
1035 2368 1210 2440 Atque
1262 2370 1773 2443 hoejusjurandum
1813 2372 1903 2426 Dei
1943 2373 2101 2426 Davi-

538 2457 635 2512 des
672 2460 756 2513 his
794 2463 976 2515 verbis
1014 2461 1268 2530 exposuit
1300 2478 1314 2516 :
1366 2481 1384 2513 ι
1431 2461 1602 2516 Iratus
1629 2462 1807 2530 juravi
1842 2479 1951 2517 non
1979 2479 2101 2519 esse

540 2566 716 2605 meam
758 2553 810 2605 in
872 2555 1172 2623 requietem
1224 2565 1585 2621 perventuros
1619 2554 1682 2607 “.
1731 2572 1748 2604 ι
1796 2553 1968 2623 llujns
2011 2557 2103 2610 ira;

544 2644 813 2721 terminus
863 2654 939 2698 tot
996 2646 1155 2699 annis
1206 2646 1458 2699 deﬁnitus
1506 2656 1623 2698 erat
1673 2655 1802 2713 quot
1848 2648 2104 2716 superius

538 2734 775 2800 expositi
819 2742 980 2801 sunt;
1021 2746 1181 2805 atque
1222 2736 1328 2790 illis
1353 2735 1552 2802 elapsis
1580 2736 1805 2788 omnino
1838 2738 2105 2792 exstincta

540 2834 645 2877 est.
688 2823 823 2878 Tum
852 2828 1048 2881 deinde
1076 2830 1184 2881 nati
1225 2844 1413 2883 eorum
1450 2827 1741 2882 Iordanem
1774 2830 2110 2883 transierunt

2193 1739 2292 1807 τὴν
2315 1738 2519 1809 ἔρημον
2541 1756 2555 1773 ’
2581 1738 2727 1809 ὅρκῳ
2750 1735 2859 1806 γὰρ
2897 1734 3115 1804 ὤμοσεν
3148 1735 3176 1786 6
3233 1731 3365 1792 Θεὸς
3410 1728 3484 1799 μὴ
3520 1726 3766 1790 εἰσάξειν

2195 1831 2391 1892 αὐτοὺς
2424 1831 2502 1893 εἰς
2535 1831 2635 1900 τὴν
2672 1829 2776 1899 γῆν
2805 1828 2905 1898 τῆς
2944 1823 3300 1893 ἐπαγγελίας.
3334 1823 3446 1875 Καὶ
3493 1819 3651 1874 τοῦτο
3671 1818 3769 1871 διὰ

2196 1920 2290 1972 τοῦ
2325 1920 2488 1972 Δαϐἰδ
2510 1916 2708 1984 ἔδειξεν
2731 1918 2920 1981 εἰπὼν,
2947 1916 3022 1979 ὡς
3047 1916 3263 1984 Ὥμοσα
3293 1914 3351 1966 ὲν
3380 1912 3446 1980 τῇ
3472 1911 3607 1982 ὀργῇ
3635 1925 3769 1977 μου,

2203 2011 2251 2063 εἰ
2282 2009 2680 2063 εἰσελεύσονται
2740 2010 2819 2071 εἰς
2856 2008 2954 2078 τὴν
2991 2003 3343 2059 κατάπαυσίν
3382 2018 3504 2071 μου.
3542 2002 3651 2053 Καὶ
3693 1994 3773 2068 ἦν

2193 2102 2314 2171 ὅρος
2368 2100 2553 2163 αὐτοῖς
2594 2100 2692 2170 τῆς
2761 2100 2954 2169 ὀργῆς,
3009 2096 3192 2158 καθὼς
3247 2094 3453 2149 ἆνωοεν
3522 2092 3771 2161 εἴρηται.

2197 2193 2594 2263 Παρῳχηκότος
2651 2192 2708 2245 δὲ
2765 2191 2858 2246 τοῦ
2895 2188 3091 2261 καιροῦ
3132 2188 3356 2241 λέλυται
3394 2185 3495 2254 μὲν
3527 2182 3774 2253 ἠ,ὀργὴ,

2195 2284 2454 2355 διέϐησαν
2480 2285 2535 2339 δὲ
2558 2285 2651 2339 τὸν
2682 2284 2958 2356 Ἰορδάνην
2985 2285 3034 2336 οἰ
3058 2282 3114 2348 ἐξ
3143 2280 3324 2334 αὐτῶν
3349 2279 3442 2333 καὶ
3473 2276 3777 2345 εἰσέϐησαν

2198 2378 2278 2439 εἰς
2301 2376 2397 2446 τὴν
2436 2376 2558 2446 γῆν,
2593 2377 2691 2448 οὐχ
2717 2374 3183 2447 ὕπερδραμοὺσης
3206 2372 3305 2441 τῆς
3335 2368 3777 2439 ἀγανακτήσεως

2202 2467 2263 2519 τὸ
2291 2466 2728 2537 τεσσαρακοστὸν
2756 2465 2897 2530 ἔτος.
2935 2464 3121 2526 Τόπος
3155 2462 3267 2533 ἄρα
3296 2460 3393 2514 καὶ
3412 2458 3566 2512 τοῦδε
3591 2454 3782 2525 σαφὴς

2205 2559 2264 2610 τ’)
2302 2559 2460 2628 μέχρι
2497 2559 2721 2627 πληγῶν
2741 2556 3153 2628 τεσσαράκοντα
3177 2548 3777 2607 καταπαίεσθαίτινας·

2206 2650 2455 2717 ἀφέσεως
2495 2651 2602 2721 γὰρ
2642 2653 2670 2702 6
2708 2649 2851 2720 μετά
2876 2649 3035 2703 τοῦτο
3074 2644 3290 2716 καιρὸς,
3340 2642 3592 2697 διάϐασιν
3641 2640 3783 2708 ἡμῖν

2208 2740 2477 2813 εἰσφέρων
2514 2740 2782 2810 Ἰορδάνου
2808 2741 2906 2810 τὴν
2935 2739 3227 2810 μυστικήν.
3261 2737 3419 2792 Μετὰ
3446 2734 3556 2804 γὰρ
3580 2746 3785 2785 τεσσα-

2213 2832 2449 2901 ράκοντα
2473 2832 2569 2903 ἐτη
2590 2833 2831 2885 κάκεῖνοι
2856 2832 2949 2885 τὸν
2981 2831 3254 2902 Ἰορδάνην
3281 2828 3560 2897 διέϐησαν.

539 2924 597 2967 et
618 2925 815 2970 terrain
843 2920 1158 2987 promissam
1198 2920 1425 2990 ingressi
1459 2925 1607 2979 sunt,
1646 2916 1828 2974 divina
1861 2919 1950 2974 illa
2006 2923 2286 2977 iracundia
2339 2922 2815 2993 quadragesimum
2872 2936 3077 2976 annum
3141 2934 3250 2974 non
3304 2917 3622 2972 excedente.
3650 2911 3788 2967 Fuit

544 3010 706 3080 huius
741 3014 816 3066 rei
866 3016 1135 3083 quondam
1171 3016 1257 3069 illa
1296 3031 1510 3085 quoque
1563 3018 1729 3089 ﬁgura
1755 3057 1769 3081 ,
1798 3017 1943 3085 quod
1984 3017 2169 3087 plagas
2198 3018 2267 3071 40
2305 3018 2619 3089 acciperent
2675 3018 2768 3088 qui
2832 3018 3192 3088 deliquerant.
3231 3013 3361 3068 Post
3420 3011 3570 3066 illum
3628 3010 3785 3064 enim

546 3123 833 3160 numerum
870 3119 1084 3178 tempus
1120 3111 1454 3166 liberationis
1512 3113 1777 3174 succedit,
1837 3112 1983 3181 quod
2043 3114 2325 3183 mysticam
2371 3113 2632 3170 .Jordanis
2690 3113 3072 3170 transitionem
3105 3124 3289 3167 secum
3322 3107 3521 3165 aﬁ‘crt:
3562 3120 3694 3160 nam
3732 3113 3790 3161 et

545 3202 649 3269 ipsi
690 3214 814 3272 post
849 3219 1052 3257 annum
1094 3206 1570 3273 qualragesimum
1606 3206 1898 3261 Jordanem
1948 3206 2305 3275 traiecerunt.

616 3296 775 3350 .Icsus
818 3305 995 3349 autem
1029 3297 1115 3351 hic
1144 3298 1301 3351 Navae
1326 3299 1465 3353 ﬁlius
1498 3300 1671 3355 Auses
1690 3301 1838 3368 prius
1868 3301 2110 3371 appella-

2286 3296 2456 3367 Οὗτος
2492 3306 2588 3375 μὲν
2620 3306 2713 3359 οὖν
2735 3307 2763 3358 6
2789 3304 2882 3359 τοῦ
2928 3303 3083 3374 Ναυῆ
3126 3302 3336 3373 Ἰησοῦς
3367 3301 3549 3371 Αὐσῆς
3582 3300 3791 3370 πρότε-

551 3388 744 3442 batur:
787 3404 971 3440 verum
1007 3398 1357 3458 posteaquam
1393 3393 1461 3444 ab
1504 3392 1879 3461 exploratione
1935 3406 2119 3446 rever-

550 3493 643 3530 sus
694 3477 904 3541 fuisset,
938 3494 967 3533 a
1012 3478 1169 3534 'Mosc
1205 3496 1400 3534 nomen
1448 3484 1566 3551 eius
1617 3491 1700 3537 est
1745 3483 2115 3538 immutatum.

554 3570 816 3623 Eumdem
851 3584 970 3641 post
1003 3588 1175 3626 annos
1205 3574 1297 3638 40,
1353 3589 1489 3640 quos
1519 3574 1571 3627 in
1602 3574 1901 3628 solitudine
1938 3590 2116 3645 popu-

557 3661 639 3712 lus
688 3661 884 3730 exegit,
942 3662 1084 3715 Deus
1122 3662 1175 3715 in
1220 3664 1363 3717 hunc
1409 3662 1629 3716 iuuilum
1671 3663 1942 3717 allocutus
1992 3673 2118 3718 est:

561 3748 932 3805 «Circumcide
990 3753 1247 3821 pupulum
1304 3753 1496 3808 cultris
1560 3754 1759 3816 saxeis,
1819 3763 1982 3823 atque
2044 3756 2119 3809 ita

554 3839 844 3895 Jordancm
874 3844 1215 3912 trajicito".i
1251 3846 1384 3899 Nam
1412 3845 1539 3899 Mosi
1569 3853 1807 3915 potestas
1829 3844 2120 3899 Jordanem

559 3935 874 3988 traavsenudi
917 3936 1055 3988 facta
1100 3951 1209 3990 non
1247 3947 1349 4000 est,
1403 3953 1711 4006 quanquam
1769 3938 1977 3992 crebris
2032 3938 2120 3991 illc

558 4025 810 4092 precibus
866 4027 967 4081 hoc
1014 4039 1353 4097 exposceret.
1402 4028 1615 4098 Quippe
1669 4044 1792 4083 cum
1852 4028 2114 4083 carminis

559 4117 718 4170 verba
753 4118 952 4186 pepulo
987 4119 1292 4182 recitasset,
1330 4119 1413 4172 his
1444 4120 1624 4173 verbis
1646 4135 1768 4173 eum
1796 4120 1939 4172 Deus
1970 4135 2120 4173 com-

557 4208 817 4274 pellavit:
864 4209 1142 4262 «Ascende
1172 4210 1225 4262 in
1259 4218 1499 4263 montem
1557 4210 1796 4270 Abarim.
1847 4208 1936 4276 qui
1973 4208 2122 4262 Ναὺο

561 4316 716 4355 tuens
740 4310 842 4358 est.
886 4316 916 4351 c
966 4301 1183 4370 regione
1236 4299 1631 4364 llicrichuntis,
1669 4308 1830 4369 atque
1862 4299 1984 4353 istic
2018 4309 2126 4353 ter-

561 4405 674 4443 ram
718 4390 1083 4443 Chananacatn
1122 4393 1350 4445 intuitus
1391 4407 1626 4453 morere,
1660 4390 2119 4460 quemadmodum

559 4490 615 4535 ct
659 4482 801 4536 Aaro
853 4483 1018 4536 frater
1068 4492 1191 4537 tuus
1238 4483 1292 4536 in
1334 4484 1445 4539 Oro
1474 4494 1656 4537 monte
1706 4496 1954 4539 mortuus
2016 4491 2118 4537 est.

562 4570 679 4629 Non
714 4574 858 4627 enim
894 4575 1077 4627 verbis
1132 4574 1271 4628 meis
1316 4574 1382 4627 ad
1419 4590 1612 4640 aquam
1647 4574 2046 4627 adversationis
2076 4582 2130 4625 et

563 4668 692 4719 rixae
720 4665 874 4720 fidem
906 4667 1172 4719 habuistis
1191 4667 1257 4720 ⁸⁸.
1284 4686 1301 4717 ι
1325 4667 1442 4721 Jam
1467 4666 1607 4734 quod
1627 4664 1926 4718 obsecrarit
1959 4666 2151 4735 Dcunr

564 4768 621 4811 ut
647 4758 939 4811 .lurdanem
969 4759 1264 4826 trajiceret,
1301 4759 1415 4827 ipse
1443 4757 1787 4827 signiﬁcavit,
1819 4772 1940 4811 cum
1976 4756 2127 4810 dice-

565 4858 683 4900 ret:
745 4846 1038 4914 rEquidem
1099 4863 1260 4900 amne
1314 4848 1471 4917 160
1528 4848 1754 4916 trajectu
1804 4846 2124 4916 praeclaram

564 4938 711 4992 illam
748 4939 1019 5007 regionem
1043 4982 1056 5005 ,
1095 4952 1245 4995 trans
1282 4941 1571 4996 Jnrdancm
1614 4942 1795 5007 sitam,
1828 4942 2128 4996 intuilurus

564 5044 746 5082 eram:
781 5047 964 5085 verum
993 5033 1132 5088 Deus
1155 5050 1237 5087 me
1270 5044 1446 5088 vestra
1478 5050 1637 5087 causa
1666 5044 1748 5088 est
1773 5044 2127 5102 aSpernatus,

2162 4632 2206 4687 D

2224 3413 2315 3466 ρον
2345 3396 2612 3461 ἐκαλεῖτο,
2656 3395 3002 3467 ὑποστρέψας
3038 3395 3093 3448 δὲ
3142 3394 3249 3449 ἀπὸ
3296 3393 3396 3462 τῆς
3429 3392 3792 3461 κατασκοπῆς

2222 3489 2374 3559 παρά
2406 3487 2499 3543 τοῦ
2553 3489 2798 3552 Μωσέως
2854 3486 3310 3562 μετονομάζεται.
3348 3483 3539 3552 Τούτῳ
3578 3481 3646 3552 δὴ
3713 3480 3791 3551 τῷ

2232 3580 2409 3650 Ἰησοῦ
2455 3581 2592 3648 μετά
2643 3595 2707 3649 γε
2731 3579 3144 3647 τεσσαράκοντα
3172 3576 3267 3644 ἔτη
3305 3574 3340 3628 ἃ
3389 3571 3702 3625 διεϐίϐασεν
3734 3570 3792 3622 ὲν

2220 3673 2287 3740 τῇ
2313 3673 2525 3743 ἐρήμῳ,
2560 3671 2709 3739 λέγει
2752 3670 2780 3722 6
2824 3670 2956 3733 Θεὸς
2979 3686 2993 3701 ·
3053 3687 3071 3719 ι
3111 3667 3359 3730 Καθίσας
3395 3665 3663 3735 περίτεμε
3699 3662 3792 3715 τὸν

2222 3765 2351 3818 λαὸν
2401 3764 2699 3835 μαχαίραις
2737 3761 3042 3833 πετρίναις,
3080 3761 3173 3815 καὶ
3204 3760 3346 3813 οὕτω
3375 3760 3466 3811 τὸν
3508 3756 3790 3827 Ἰορδάνην

2221 3857 2458 3923 διάϐηθι.
2502 3874 2520 3907 ›
2570 3856 2631 3908 '0
2654 3856 2763 3925 γὰρ
2804 3855 3009 3922 Μωσῆς
3037 3854 3273 3921 περᾶσαι
3301 3851 3362 3903 οὐ
3407 3848 3789 3919 συνεχωρήθη,

2224 3948 2401 4001 καίιοι
2470 3948 2638 4002 πολλά
2675 3948 2801 4018 περὶ
2858 3946 3049 4000 τούτου
3076 3945 3171 3998 τοῦ
3208 3943 3343 3997 Θεοῦ
3369 3942 3607 4013 δεηθείς.
3633 3941 3791 3994 Μετὰ

2223 4037 2332 4107 γὰρ
2358 4036 2417 4089 τὸ
2436 4036 2667 4106 λαλῆσαι
2691 4036 2758 4087 τά
2785 4036 2881 4102 τῆς
2914 4034 3057 4105 ᾠδίς
3092 4033 3168 4101 τῷ
3198 4031 3335 4101 λαῷ,
3381 4026 3503 4083 εἰπε
3528 4030 3668 4099 πρὸς
3696 4029 3791 4082 αὖ·

2222 4127 2362 4181 τὺνό
2390 4126 2524 4188 Θεός
2543 4142 2557 4155 ·
2596 4143 2615 4176 ί
2654 4124 2911 4193 ’Λνάϐηοι
2944 4124 3024 4185 εἰς
3053 4122 3114 4175 τὸ
3142 4121 3267 4191 ὅρος
3296 4119 3563 4190 Ἀραϐίμ.
3612 4116 3787 4169 Τοῦτο

2223 4218 2346 4289 ὅρος
2378 4217 2569 4272 Ναϐαῦ
2608 4215 2751 4271 κατὰ
2801 4216 3094 4285 πρόσωπον
3148 4210 3383 4282 Ἱεριχώ.
3437 4212 3545 4262 Καὶ
3590 4208 3669 4261 ίδε
3698 4208 3794 4277 τὴν

2225 4307 2328 4377 γῆν
2358 4306 2599 4368 Χαναὰν,
2632 4305 2727 4359 καὶ
2753 4303 3003 4367 τελεύτα,
3025 4302 3085 4353 ὃν
3110 4302 3311 4369 τρόπον
3354 4298 3627 4359 ἀπέθανεν
3671 4298 3797 4351 ’Δα-

2232 4394 2339 4464 ρὼν
2371 4395 2398 4444 6
2428 4390 2657 4453 ἁδελφός
2692 4407 2786 4443 σου
2850 4391 2907 4443 ὲν
2942 4387 3040 4456 Ὢρ
3079 4387 3158 4455 τῷ
3185 4386 3300 4455 ὄρει
3327 4425 3342 4450 ,
3399 4383 3533 4436 διότι
3561 4382 3798 4451 ἠπειθήο

2231 4498 2358 4534 σατε
2389 4480 2464 4548 τῷ
2486 4478 2693 4549 ῥήματί
2722 4494 2821 4547 μου
2841 4476 2934 4527 ἐπὶ
2963 4473 3056 4526 τοῦ
3084 4473 3278 4534 ὓδατος
3302 4472 3399 4541 τῆς
3422 4469 3792 4536 ἁντιλογίας.ι

2232 4574 2354 4626 Ὀτι
2408 4572 2464 4623 δὲ
2501 4572 2682 4623 ἐδέετο
2736 4567 2829 4621 τοῦ
2883 4567 3020 4619 Θεοῦ
3089 4566 3327 4635 περᾶσαι
3360 4562 3451 4615 τὸν
3499 4560 3795 4631 Ἰορδάνην,

2240 4685 2257 4717 ι
2304 4666 2411 4717 Καὶ
2463 4663 2712 4731 ὑπερεῖδε
2748 4661 2951 4732 Κύριος,
2991 4660 3092 4728 ἐμὲ
3144 4659 3335 4710 ἕνεκεν
3368 4657 3541 4726 ὑμῶν,
3579 4656 3675 4707 καὶ
3700 4655 3798 4707 οὐκ

2233 4756 2519 4825 εἰσήκουσέ
2541 4770 2661 4823 μου.
2696 4750 2935 4807 Καὶεῖπε
2957 4753 3156 4821 Κύριος
3187 4752 3319 4819 πρός
3347 4766 3436 4819 με,
3474 4745 3800 4802 Ἰκανούσοω

2237 4862 2340 4911 σοι,
2391 4846 2464 4916 μὴ
2515 4846 2759 4914 προσθῇς
2820 4844 2899 4895 ἔτι
2951 4841 3182 4911 λαλῆσαι
3226 4842 3317 4893 τὸν
3373 4840 3532 4907 λόγον
3587 4837 3795 4889 τοῦτον.

2247 4937 2531 4990 Ἀνάϐαινε
2564 4936 2670 5005 γὰρ
2705 4936 2786 4996 εἰς
2809 4936 2868 4987 τὸ
2898 4934 3047 5004 ὅρος,
3093 4933 3190 4985 καὶ
3223 4932 3297 4984 ίδε
3332 4933 3444 4992 τοῖς
3476 4928 3797 4998 ὀφθαλμοῖς,

2232 5031 2316 5085 ὅτι
2338 5033 2399 5083 οὐ
2429 5029 2663 5101 διαϐήσῃ
2702 5028 2793 5080 τὸν
2820 5027 3096 5096 Ἰορδάνην
3119 5024 3327 5077 τοῦτον.
3356 5041 3374 5074 ι
3403 5025 3510 5076 Καὶ
3528 5022 3578 5075 τί
3603 5022 3799 5088 δήποτε

567 5135 669 5173 nec
702 5138 887 5189 preces
927 5140 1075 5179 meas
1108 5127 1375 5180 exaudiit.
1414 5125 1715 5195 Respondit
1743 5127 1890 5179 enim
1928 5126 1981 5179 in
2017 5127 2115 5179 luet

2234 5121 2323 5175 διὰ
2354 5121 2556 5191 μικρὰν
2594 5117 2974 5188 πλημμέλειαν
3026 5116 3313 5188 πὸῥρωθεν
3349 5115 3476 5166 ἰδεῖν
3535 5115 3562 5165 6
3597 5112 3803 5177 Μωσῆς

567 5214 732 5267 verba
770 5216 906 5269 mihi
935 5232 948 5271 :
985 5216 1130 5271 Satis
1170 5218 1274 5273 hoc
1305 5228 1422 5273 esto
1444 5220 1563 5284 tibi,
1600 5218 1705 5271 noli
1736 5219 1843 5272 tale
1868 5217 2127 5288 quiddam

569 5305 800 5373 amplius
854 5322 883 5360 a
942 5324 1028 5362 nte
1082 5321 1288 5379 petere.
1342 5311 1541 5365 Saltem
1594 5311 1646 5364 in
1699 5319 1936 5363 montem
1990 5309 2137 5363 hunc

571 5395 873 5461 ascendite,
905 5408 958 5451 et
990 5408 1185 5453 terram
1219 5401 1390 5455 oculis
1438 5401 1543 5455 tuis
1592 5401 1820 5463 intuere;
1868 5415 1989 5452 nam
2018 5397 2137 5451 Jor-

570 5489 765 5543 danctn
805 5491 947 5546 hunc
980 5510 1087 5545 non
1128 5492 1486 5562 trajicies".i
1547 5492 1815 5558 Quidnam
1851 5504 1980 5544 vero
2015 5504 2140 5542 cau-

659 5644 704 5684 "‘
730 5646 888 5706 Num.
925 5667 1028 5714 xw,
1057 5652 1146 5707 5).
1224 5652 1265 5680 ⁶⁶
1303 5651 1443 5706 Paul.
1480 5664 1621 5714 XC”,
1660 5647 1740 5701 ll.

2242 5211 2588 5282 προσετάχθη
2645 5208 2742 5277 τὴν
2778 5207 2905 5274 γῆν,
2940 5206 3029 5258 τὸν
3081 5206 3137 5258 δὲ
3170 5206 3296 5257 λαὸν
3324 5201 3639 5269 εἰσαγαγεῖν
3663 5200 3802 5251 ὲκωο

2243 5303 2422 5371 λύθη;
2461 5301 2713 5354 Διδάσκει
2770 5299 2917 5368 ἡμᾶς
2964 5300 2991 5351 6
3034 5297 3313 5365 Δεσπότης
3352 5295 3441 5348 διὰ
3489 5292 3692 5346 τούτων
3729 5288 3801 5350 ὡς

2246 5397 2372 5457 τοὺς
2399 5396 2454 5446 ὲν
2478 5395 2647 5462 ἁρετῇ
2678 5393 2915 5455 τελείους
2955 5392 3053 5463 τὴν
3085 5392 3263 5462 ἄκραν
3304 5388 3591 5459 ἀκρίϐειαν
3637 5386 3774 5437 ἀπαι

2246 5487 2330 5537 τεῖ
2356 5499 2370 5514 ·
2404 5502 2424 5537 t
2478 5485 2536 5537 ὐ
2566 5485 2665 5554 μὲν
2698 5486 2807 5553 γὰρ
2840 5484 3144 5554 ἐλάχιστος,
3170 5482 3303 5553 φησί
3336 5478 3499 5547 σοφία
3525 5472 3806 5541 Σολομῶν-

1820 5646 1862 5678 ⁸⁷
1892 5628 2056 5697 Jisztc
2090 5660 2139 5706 ν,
2171 5642 2226 5693 Ξ.
2304 5641 2346 5672 ⁸⁵
2382 5639 2536 5694 Deut.
2576 5656 2741 5701 χχχιι,
2779 5640 2857 5703 ι’),
2895 5642 2983 5695 3t).
3064 5639 3106 5671 ⁸⁸
3147 5638 3301 5690 Dent.
3340 5650 3490 5693 XXXI.
3528 5634 3581 5685 Ξ.
