4110 6194
277 285 378 354 309

1519 298 1928 363 ANNALIUM
1971 303 2166 366 PARS
2209 305 2286 367 ΙΙ.

3378 265 3532 417 λδιοη

273 413 378 458 τος,
405 395 754 483 συγγνωστός
811 399 960 452 ἐστιν
1014 401 1221 466 ἐλέους,
1259 404 1478 457 δυνατοὶ
1510 405 1568 458 δὲ
1597 405 1836 470 δυνατῶς

1945 425 2018 464 διε
2077 412 2180 466 fuit
2230 413 2584 481 quamobrem
2637 414 2706 469 ob
2751 415 3008 473 delictum
3048 419 3306 490 exiguum
3335 421 3512 479 Moses

274 470 675 557 ἔτας-θήσονταί.
713 507 732 539 ι
764 489 886 544 Ὀτι
928 492 986 545 δὲ
1018 495 1161 562 μέγα
1202 494 1347 559 έῖοξε
1377 497 1438 548 τὸ
1465 496 1555 550 τοῦ
1590 499 1838 563 Μωσέως

272 575 593 644 ἁμάρτημα,
626 576 930 644 δεδήλωκεν
957 582 1139 650 ¹αὐτὸς
1178 583 1206 636 ὅ
1256 583 1391 646 Θεὸς
1423 583 1597 648 οὕτως
1628 572 1836 651 cimini."

275 682 293 717 ι
337 667 646 732 Ἀνάϐαινε,
681 669 776 722 καὶ
804 671 1057 736 τελεύτα,
1087 673 1223 726 διότι
1250 676 1588 744 ἠπειθήσατε
1624 677 1704 747 τῷ
1740 679 1839 748 ῥή-

271 757 397 826 ματί
431 774 534 825 μου
573 760 667 811 ἐπὶ
717 759 811 811 τοῦ
859 758 1053 824 ὕδατος
1092 766 1191 832 τῆς
1222 765 1558 832 ἀντιλογίας.
1602 785 1620 820 ι
1656 767 1838 821 Πάντα

267 848 442 902 ταῦτα
480 851 783 919 πεποίηκεν
811 850 1082 920 ή,θλίψις.
1129 853 1502 919 Ἐπιτιθέντες
1555 857 1665 928 γὰρ
1709 859 1840 912 Ἰου-

268 937 402 991 δαῖοι
442 939 518 1008 τῷ
551 939 679 1008 θείῳ
705 940 921 1004 Μωσεί,
973 942 1061 994 ὅτε
1096 941 1329 1011 ἀθυμῶν
1383 939 1452 1015 ἦν
1487 945 1574 998 διά
1611 945 1711 1015 τήν
1742 947 1840 1017 τῆς

269 1029 497 1097 Μαριὰμ
532 1029 812 1100 τελευτήν,
842 1031 937 1082 καὶ
974 1031 1285 1100 βιαζόμενοι
1311 1033 1470 1103 χάριν
1500 1033 1693 1092 ὓδατος
1725 1076 1738 1097 ,
1764 1039 1840 1099 ῶς

271 1121 325 1172 ἐν
351 1123 416 1189 τῇ
461 1119 632 1191 βίϐλῳ
663 1124 776 1172 τλῦν
821 1119 1105 1192 ’Δριθμῶν
1144 1123 1480 1194 γέγραπται,
1519 1125 1839 1195 ἠνάγκασαν

269 1211 364 1278 τήν
391 1211 704 1280 ἀμφίϐολον
741 1213 963 1284 ἐκείνην
994 1215 1246 1283 προϊέναι
1273 1217 1479 1285 φωνήν.
1535 1217 1706 1285 ’Δφες
1724 1216 1837 1268 λοι-

270 1303 366 1354 πδν
417 1302 488 1354 τὰ
550 1302 646 1355 τοῦ
689 1303 1001 1373 ’1ωσήπου,,
1032 1305 1114 1358 ὅτι
1177 1306 1274 1359 καὶ
1307 1307 1449 1359 κατά
1485 1307 1666 1361 πάντα
1719 1309 1838 1369 ταῖς

269 1393 442 1462 ίεραῖς
458 1394 710 1464 Γραφαϊς
734 1395 1128 1465 ἐναντιούμενα
1152 1397 1432 1465 φαίνονται
1448 1413 1462 1427 ⁶
1494 1398 1588 1451 καὶ
1616 1399 1725 1468 γάρ
1751 1397 1838 1451 διὰ

268 1485 414 1538 θείαν
453 1485 625 1556 ὀργήν
664 1487 1042 1555 ὲτελεύτητιν.
1097 1489 1159 1540 οὐ
1218 1488 1326 1556 μὴν
1374 1489 1462 1542 διὰ
1519 1493 1718 1560 γῆρας,
1763 1489 1839 1554 ὡς

267 1577 471 1638 ικείνός
505 1581 690 1646 φησιν.
715 1577 838 1631 Ὀτι
867 1577 923 1630 δὲ
945 1577 1039 1630 τοῦ
1067 1578 1202 1632 Θεοῦ
1245 1579 1590 1650 ὀργισθέντος
1616 1582 1710 1634 ἐπὶ
1729 1584 1839 1645 τοῖς

267 1669 639 1733 κατασκόποις
677 1669 771 1741 ἐτη
799 1670 1217 1740 τεσσαράκοντα
1252 1670 1525 1740 διέτριψεν
1561 1673 1588 1724 ὁ
1621 1673 1748 1736 λαὸς
1780 1673 1839 1725 ὲν

1947 503 2106 569 longo
2123 503 2332 572 quidem
2355 521 2419 558 ex
2448 506 2732 562 intervallo
2758 517 2959 564 terram
2979 509 3179 580 intueri
3199 513 3511 582 jussus'est,

1949 593 2040 648 sed
2071 593 2246 648 eidem
2279 595 2603 668 denegatum
2635 614 2703 652 ne
2739 601 2994 669 populum
3032 601 3084 655 in
3117 618 3236 656 eam
3262 605 3514 662 introdu-

1945 687 2135 740 ceret?
2170 685 2437 740 Nimirum
2473 703 2569 757 per
2603 691 2717 744 haec
2748 693 2946 745 docere
2989 707 3090 746 nos
3121 693 3390 750 Dominus
3419 713 3515 752 vo-

1946 775 2046 830 luit
2081 793 2138 831 se
2165 779 2234 832 ab
2265 777 2332 833 iis
2371 779 2464 848 qui
2493 781 2697 835 virtute
2746 782 2972 848 perfecti
3025 784 3159 848 sint,
3213 793 3509 842 extremam

1946 870 2674 940 accurationemrequirere.
2710 891 2728 922 ι
2757 871 2890 925 Nam
2923 875 3014 941 qui
3050 879 3378 946 perpusillus
3406 889 3508 944 est,

1945 959 2124 1023 inquit
2180 959 2461 1029 Sapientia
2513 949 3029 1027 Salomonis’°,'ob
3081 967 3511 1024 misericordiam

1948 1048 2350 1118 quodammodo
2381 1051 2600 1104 veniam
2662 1062 2936 1117 meretur;
2963 1062 3016 1108 at
3062 1057 3306 1111 valentes
3337 1059 3513 1112 valide

1945 1140 2394 1208 explorabantur.
2425 1160 2444 1193 ι
2476 1141 2540 1196 Ει
2563 1157 2690 1196 vero
2709 1143 2964 1198 delictum
2999 1145 3162 1201 Mosis
3189 1148 3379 1218 ingens
3411 1151 3514 1205 sibi

1945 1234 2117 1290 visum
2151 1235 2320 1290 fuisse
2353 1237 2498 1290 Deus
2537 1237 2652 1306 ipse
2679 1238 2857 1292 verbis
2884 1237 2971 1292 bis
2995 1238 3329 1294 declaravit:
3381 1261 3399 1294 ι
3445 1243 3518 1294 Δ·

1946 1325 2151 1396 scende
2183 1340 2245 1379 ac
2272 1341 2508 1392 morere,
2543 1337 2832 1396 propterea
2877 1329 3020 1398 quod
3065 1331 3246 1386 verbis
3288 1334 3422 1387 meis
3447 1333 3513 1388 ad

1945 1429 2138 1482 aquam
2187 1415 2350 1485 jurgii
2381 1416 2539 1470 iidem
2597 1433 2704 1471 non
2757 1419 3073 1474 habueritis.
3115 1439 3132 1472 ι
3169 1424 3342 1490 Atque
3402 1424 3518 1480 hac

1946 1507 2125 1559 omnia
2158 1507 2224 1560 de
2254 1507 2484 1576 quadam
2540 1509 2832 1564 aiilictione
2857 1511 3096 1578 profecta
3153 1523 3329 1568 erant.
3380 1514 3514 1568 Nam

1946 1613 2069 1652 cum
2114 1595 2326 1652 Hebraei
2374 1599 2441 1653 ad
2473 1599 2674 1654 Moscm
2713 1603 3087 1667 convolarent,
3137 1604 3254 1672 ipso
3294 1615 3520 1674 propter
3553 1668 3562 1678 1

1950 1687 2130 1742 Marize
2155 1691 2359 1744 sororis
2388 1689 2594 1744 obitum
2625 1692 2787 1753 tristi,
2821 1700 2875 1746 et
2900 1691 3167 1746 violenter
3201 1709 3324 1747 eum
3357 1711 3518 1764 urge-

265 1762 330 1828 τῇ
362 1760 580 1830 ἐρήμῳ,
637 1762 734 1813 καὶ
783 1760 842 1814 ὲν
879 1760 957 1830 τῷ
1011 1764 1426 1833 Δευτερονομίῳ
1460 1763 1618 1817 τοῦτο
1652 1765 1836 1833 σαφῶς

1943 1763 2064 1830 rent
2099 1777 2168 1832 ob
2201 1793 2352 1846 aqua:
2403 1777 2700 1847 deft-clum,
2739 1781 2882 1836 siatt
2909 1782 2961 1833 in
2989 1782 3348 1837 Numerorum
3376 1783 3518 1836 libro

264 1849 584 1920 δεδήλωται.
646 1852 843 1907 Ἦνίκα
885 1855 995 1922 γὰρ
1032 1855 1060 1906 δ
1090 1853 1298 1918 Μωσῆς
1333 1855 1399 1908 τὰ
1422 1855 1719 1909 τελευταῖα
1757 1856 1836 1925 τῷ

263 1941 373 2011 λαῷ
420 1942 713 2011 διελέγετο,
757 1946 851 1998 καὶ
893 1945 1018 1998 τάδε
1067 1946 1204 2016 πρὸς
1232 1948 1345 2009 τοῖς
1374 1947 1556 2010 ἄλλοις
1613 1948 1836 2014 ἔλεγεν*

273 2049 290 2082 ι
328 2031 609 2099 Ἦλθομεν
653 2034 746 2087 καὶ
779 2034 910 2106 πρὶν
943 2035 1021 2098 είς
1059 2037 1120 2088 τὸ
1155 2039 1396 2108 περᾶσαι
1440 2038 1532 2090 καὶ
1558 2038 1839 2108 κατακλη-

267 2123 566 2193 ρονομῆσαι
595 2127 695 2196 τήν
727 2125 1061 2179 Χανανίτιδα
1097 2128 1224 2194 γῆν.
1263 2146 1281 2179 ›
1333 2127 1478 2179 Ἀλλ’
1507 2128 1557 2179 oi
1587 2127 1840 2199 διάστρο-

267 2231 351 2283 φοι
380 2217 588 2268 ἐκεῖνοι
650 2218 988 2270 κατάσκοποι
1024 2217 1124 2270 καὶ
1153 2221 1180 2271 6
1228 2219 1324 2271 τοῦ
1349 2219 1480 2271 λαοῦ
1521 2219 1838 2288 γογγυσμὸς

264 2306 352 2377 ἔτη
376 2315 430 2376 μ’
451 2308 890 2377 περιπλανᾶσθαι
918 2310 1118 2372 αὐτοὺς
1143 2311 1201 2362 ὲν
1223 2311 1290 2381 τῇ
1315 2311 1509 2379 ἐρήμῳ
1537 2310 1834 2378 πεποίηκε.

263 2399 448 2453 Ταῦτα
499 2401 557 2454 δὲ
613 2401 746 2473 πρδς
780 2401 978 2464 αὐτοὺς
1006 2402 1194 2471 ἔλεγεν
1222 2404 1278 2456 ἐν
1322 2405 1387 2472 τῇ
1435 2401 1666 2474 δευτέρᾳ
1698 2403 1834 2455 ὑπο-

263 2494 494 2562 στροφῇ,
526 2494 636 2545 τῶν
673 2498 726 2562 μί
751 2495 884 2546 ἑτῶν
905 2495 1105 2566 δηλαδὴ
1127 2493 1549 2564 συμπληρώσει.
1583 2495 1828 2564 Πρόσεχε

261 2584 485 2638 λοιπόν·
526 2588 774 2653 φαίνεται
829 2589 937 2658 γὰρ
996 2588 1252 2642 ἐντεῦθεν
1277 2589 1358 2641 ὅτι
1406 2589 1456 2641 εί
1501 2589 1578 2658 μή
1605 2588 1728 2641 θεία
1763 2583 1832 2660 ήν

261 2679 396 2749 ὀργὴ
420 2677 527 2746 τῆς
554 2679 663 2731 τῶν
710 2680 1078 2733 κατασκόπων
1130 2682 1466 2752 διαστροφῆς
1503 2679 1718 2744 ἕνεκεν,
1771 2683 1832 2734 ὲν

260 2771 460 2841 βραχεῖ
479 2771 694 2842 διῆλθον
718 2772 814 2844 τὴν
838 2772 1047 2844 ἔρημον
1071 2773 1166 2826 καὶ
1191 2773 1282 2826 τὸν
1317 2773 1596 2844 Ἰορδάνην
1630 2773 1833 2844 ἐπέρα-

260 2881 356 2917 σαν
381 2865 475 2920 ἄν.

1940 1866 2315 1936 perscriptum
2364 1867 2615 1937 legimus,
2649 1871 2792 1926 hanc
2832 1872 2880 1925 ei
2930 1861 3117 1926 vocem
3159 1873 3516 1928 dubitationis

1944 1958 2160 2028 plenam
2215 1970 2592 2014 extorscrunt.
2649 1963 2996 2031 Quapropter
3034 1965 3254 2020 missam
3287 1964 3517 2040 lac_Jo-

1946 2047 2098 2117 seplti
2148 2050 2544 2115 narrationem,
2597 2068 2717 2120 qua:
2771 2069 2996 2122 prorsus
3052 2055 3274 2110 Litteris
3338 2057 3516 2112 sacris

1947 2141 2226 2194 adversari
2261 2141 2496 2195 videtur.
2557 2141 2738 2198 Moses
2777 2144 2920 2199 enim
2957 2155 3181 2216 propter
3213 2148 3346 2201 iram
3380 2147 3519 2201 divi—

1945 2246 2072 2284 nam
2105 2230 2208 2286 hoc
2259 2231 2421 2285 modo
2469 2243 2718 2289 mortuus
2771 2245 2889 2298 est,
2945 2253 3054 2291 non
3097 2239 3166 2290 ob
3216 2239 3517 2292 senectutis

1946 2322 2182 2388 molem,
2231 2313 2690 2391 quemadmodum
2741 2325 2829 2380 ille
2884 2328 3066 2382 tradit.
3129 2328 3283 2392 Quod
3331 2337 3513 2382 autent

1943 2415 2053 2468 Deo
2089 2425 2306 2484 propter
2333 2416 2868 2484 exploratoresirato
2907 2419 3137 2488 populus
3180 2421 3341 2474 annis
3377 2437 3515 2488 qua-

1942 2503 2190 2576 draginta
2232 2504 2286 2558 in
2341 2507 2640 2562 solitudine
2693 2520 3066 2566 commoratus
3119 2512 3211 2576 sit,
3260 2513 3424 2565 etiam
3462 2514 3514 2564 in

1941 2595 2364 2650 Deuteronomio
2386 2599 2672 2668 perspicue
2693 2601 2984 2657 indicatur.
3018 2603 3152 2657 Cum
3173 2604 3316 2656 enim
3338 2603 3516 2657 Moses

1950 2694 2197 2740 extrema
2229 2687 2478 2742 oratione
2515 2691 2772 2758 populum
2821 2691 3212 2759 alioqueretur.
3241 2691 3382 2745 inter
3410 2691 3514 2744 alia

1954 2778 2138 2833 verbis
2194 2779 2504 2850 hujusmodi
2565 2797 2692 2836 usus
2736 2796 2855 2838 est:
2919 2786 3296 2838 «Accessimus
3347 2786 3514 2838 etiam

1939 2877 2100 2922 antea
2153 2870 2436 2940 trajecturi
2489 2871 2715 2939 ﬂumen,
2771 2882 2827 2929 et
2861 2884 3062 2928 terram
3095 2874 3514 2930 tiliauauitidem

257 2961 620 3032 occupaturi:
652 2962 745 3018 sed
772 2965 1142 3034 exploratores
1164 2964 1241 3020 illi
1267 2962 1513 3036 perversi
1543 2963 1838 3034 populique
1878 2962 2131 3020 fremitus
2199 2965 2496 3022 eil'ecerunt
2529 2977 2585 3022 ut
2651 2970 2809 3023 anuis
2859 2971 3214 3046 quadraginta
3253 2987 3347 3040 per
3381 2971 3514 3026 soli-

259 3058 504 3114 tudinem
554 3059 1006 3129 obvagaremur.»
1091 3059 1220 3126 Quae
1248 3060 1468 3130 quidem
1534 3059 1705 3114 verba
1767 3058 1996 3130 protulit
2059 3061 2113 3114 in
2177 3061 2344 3116 altera
2396 3065 2710 3118 reversione
2746 3064 2812 3118 ad
2864 3064 3183 3127 Jordanem,
3227 3080 3350 3117 cum
3381 3066 3517 3118 anui

258 3150 472 3206 scilicet
514 3149 874 3220 quadraginta
922 3151 1032 3218 jam
1075 3151 1334 3219 completi
1383 3157 1589 3204 essent.
1655 3148 1836 3218 Atque
1875 3149 1985 3214 hic,
2015 3165 2222 3222 quaeso,
2257 3152 2391 3206 mihi
2464 3153 2709 3208 animum
2780 3154 3069 3211 atlvertito.
3110 3152 3338 3207 Videtur
3367 3155 3520 3210 enim

257 3244 503 3302 futurum
533 3245 700 3299 fuisse
740 3252 797 3296 ut
828 3243 932 3296 nisi
962 3243 1146 3297 divina
1183 3244 1332 3298 istaec
1396 3242 1476 3296 ira
1545 3241 1949 3297 intercessisset
2018 3243 2087 3297 ob
2127 3243 2535 3314 exploratorum
2597 3246 3019 3317 perversitatem
3053 3256 3194 3313 orta,
3236 3247 3385 3301 brevi
3417 3247 3522 3302 ad.-

257 3342 480 3393 utodutn
519 3336 784 3407 temporis
816 3335 994 3405 spatio
1047 3333 1399 3389 solitudinem
1451 3343 1829 3404 peragrarent,
1871 3347 1934 3388 ac
1962 3329 2255 3388 Jordanem
2287 3335 2623 3405 trajicerent.

320 3429 540 3486 Οὐκοῦν
573 3428 667 3500 ἔτη
703 3435 755 3500 μ’
786 3429 1219 3498 περιπατοῦντες
1238 3428 1382 3482 κατὰ
1403 3427 1502 3498 τὴν
1537 3428 1743 3499 ἔρημον
1777 3426 1838 3481 τδ
1869 3434 1912 3494 c

261 3523 431 3591 μάννα
460 3521 671 3591 ἢσθιον,
695 3521 905 3590 τροφήν
937 3521 1221 3590 ἀσπαρτον
1247 3520 1344 3574 καὶ
1375 3521 1663 3589 ἀνήροτον.
1694 3521 1832 3574 Καθ’

258 3617 498 3686 ἑκάστην
531 3617 639 3686 γὰρ
677 3613 905 3684 ἕϐρεχιν
941 3615 1156 3683 ἡμέραν
1220 3613 1353 3668 αὐτὸ
1411 3615 1439 3666 ὁ
1489 3613 1644 3676 Θεὸς,
1704 3614 1833 3668 ἄνευ

261 3713 443 3780 μέντοι
478 3708 572 3762 τοῦ
627 3707 932 3772 Σαϐϐάτου,
981 3707 1255 3762 διδάσκων
1308 3705 1606 3760 κάντεῦθεν
1637 3705 1834 3768 αὐτοὺς

262 3801 429 3872 μηδὲν
477 3801 536 3852 ὲν
563 3798 832 3869 Σαϐϐάτῳ
869 3800 1068 3853 ποιεῖν.
1113 3797 1230 3866 Ἐφ’
1261 3789 1304 3865 ᾧ
1335 3798 1426 3849 καὶ
1458 3797 1518 3848 τὸ
1554 3797 1608 3848 ὲν
1644 3798 1834 3866 [lapa-

260 3897 430 3963 σκευῇ
468 3891 876 3961 κατερχόμενον
907 3890 1086 3960 μάννα
1125 3890 1414 3943 διπλάσιον
1451 3883 1542 3958 ἦν,
1579 3887 1653 3952 ὡς
1689 3888 1836 3958 ἔχειν

257 3981 454 4042 αὐτοὺς
474 3981 566 4032 καὶ
585 3977 686 4047 τήν
710 3980 768 4030 ὲν
798 3977 1062 4048 Σαϐδάτῳ
1084 3980 1315 4048 τροφήν.
1340 3979 1401 4032 Εί
1425 3979 1482 4031 δὲ
1513 3980 1569 4032 ὲν
1601 3977 1835 4046 δευτέρᾳ

255 4073 419 4143 τυχὸν
450 4072 637 4142 ἡμέρᾳ
671 4069 702 4139 ἢ
736 4069 895 4141 τρίτῃ
925 4069 1111 4123 λαϐὼν
1141 4072 1206 4123 ὲκ
1245 4069 1338 4124 τοῦ
1375 4070 1555 4140 μάννα
1596 4069 1835 4136 ὲφύλαξέ

257 4181 358 4229 τις,
386 4165 473 4226 είς
504 4163 601 4234 τὴν
628 4163 922 4234 ὑστεραίαν
955 4162 1358 4235 διεφθαρμένον
1389 4159 1457 4233 ἦν
1491 4161 1550 4226 ἐξ
1587 4162 1836 4231 ἀνάγκης

257 4257 312 4309 τὸ
333 4255 578 4310 τοιοῦτον
608 4257 755 4309 ἰδεῖν.
773 4255 930 4319 Τίνος
959 4255 1177 4321 ’ένεκενς
1222 4255 1439 4326 Ἐπειδὴ
1474 4255 1637 4324 νόμου
1658 4254 1838 4323 παρά-

257 4346 413 4410 ϐασις
451 4342 542 4417 ἦν.
609 4345 892 4399 Διδάσκων
942 4347 1052 4416 γὰρ
1109 4346 1308 4411 αὐτοὺς
1372 4349 1482 4400 τῶν
1534 4347 1838 4417 φροντίδων

258 4438 544 4510 ἐλεύθερον
608 4437 783 4508 βιοῦν,
845 4437 1118 4508 ὑπέσχετο
1147 4439 1273 4492 καθ’
1331 4439 1574 4508 ἑκάστην
1615 4439 1836 4508 ἡμέραν

260 4530 522 4599 παρέχειν
549 4527 648 4598 τὴν
679 4527 986 4596 ἀναγκαίαν
1022 4528 1210 4591 αὐτοῖς
1237 4533 1470 4599 τροφήν.
1526 4529 1756 4582 Ἐκεῖνοι
1779 4526 1836 4581 δὲ

261 4619 662 4688 ἀπιστήσαντες
720 4615 885 4686 μέρος
940 4635 994 4670 τι
1046 4618 1140 4671 τοῦ
1184 4619 1540 4689 συλλεγέντος
1593 4624 1672 4685 εἰς
1733 4624 1834 4692 τὴν

262 4709 552 4780 ὑστεραίαν
582 4708 879 4779 ἐφύλαξαν.
918 4709 1016 4762 Διά
1042 4711 1202 4764 τοῦτο
1246 4713 1338 4765 καὶ
1369 4714 1672 4778 ὲπώζεσεν.
1708 4715 1832 4768 Ὅτι

260 4801 364 4872 γὰρ
387 4805 451 4856 οὗ
477 4803 575 4872 τῆς
609 4801 706 4855 τοῦ
755 4804 936 4873 μάννα
967 4805 1184 4871 φύσεως
1210 4799 1280 4874 ήν
1307 4804 1366 4857 τδ
1392 4805 1584 4869 πάθος,
1619 4823 1830 4875 μαρτυο

263 4899 344 4966 ρεῖ
362 4898 424 4949 τὸ
461 4896 762 4959 Σάϐϐατον,
788 4897 844 4949 ὲν
862 4889 906 4964 ᾧ
927 4897 1212 4966 άλὼὃητον
1245 4898 1552 4966 διετηρείτο
1586 4898 1646 4950 τὸ
1671 4898 1834 4968 χάριν

259 4987 425 5042 αὑτοῦ
461 4989 604 5042 κατά
637 4990 738 5059 τὴν
793 4989 1163 5059 Παρασκευὴν
1201 4990 1599 5060 συλλεγόμενον
1637 5007 1696 5042 τε
1738 4989 1834 5043 καὶ

260 5080 692 5152 φυλασσόμενον.
748 5083 1036 5154 Μαρτυρεῖ
1083 5083 1139 5136 δὲ
1173 5085 1268 5136 καὶ
1315 5084 1376 5136 τὸ
1422 5085 1476 5135 ὲν
1512 5086 1578 5154 τῇ
1615 5082 1833 5152 κιϐωτῷ

258 5169 350 5223 επὶ
371 5172 591 5234 πολλαῖς
615 5172 988 5242 διαφυλαχθὲν
1013 5175 1252 5239 γενεαῖς.
1270 5173 1447 5226 Τοῦτο
1477 5172 1535 5226 δὲ
1564 5175 1624 5225 τὸ
1653 5172 1833 5242 μάννα

259 5263 399 5316 κατά
451 5280 514 5330 γε
549 5264 612 5317 τὸ
647 5263 794 5334 πρωῒ
830 5266 925 5317 καὶ
963 5265 1126 5334 μόνον
1155 5265 1452 5333 συνήγετο·
1517 5264 1671 5332 ἡλίου
1721 5264 1830 5334 γὰρ

258 5354 636 5416 ἀνατείλαντος
666 5355 912 5422 ἐτήκετο.
941 5354 1115 5408 Ὶόῦτο
1161 5356 1346 5424 μέντοι
1375 5354 1436 5406 τὸ
1466 5355 1663 5424 μάννα,
1687 5355 1831 5408 καθά

257 5463 420 5516 νησιν
451 5449 479 5500 ὁ
516 5447 792 5510 θειότατος
815 5448 1058 5519 Νύσσης,
1082 5449 1144 5500 ὲκ
1183 5448 1280 5517 τῆς
1311 5446 1506 5514 σοφίας
1547 5447 1832 5516 Σολομῶν-

257 5551 345 5595 τος
369 5539 466 5601 τὰς
497 5537 752 5610 ἀφορμὰς
786 5537 993 5607 λαϐὼν,
1029 5525 1299 5610 μονοειδὲς
1330 5534 1418 5610 ἦν,
1453 5539 1485 5610 ή
1511 5538 1568 5592 δὲ
1602 5539 1827 5611 ποιότης

331 5701 376 5732 ⁷⁸
407 5701 530 5772 Sap.
565 5719 636 5767 Vl,
673 5704 723 5758 7.

1863 4765 1910 4825 Ι)

2016 3428 2287 3484 Caeterum
2335 3433 2462 3484 dum
2525 3433 2686 3487 annis
2736 3431 2804 3488 40
2856 3447 2954 3502 per
2988 3432 3340 3488 solitudinem
3391 3431 3524 3488 bine

1940 3522 2066 3576 inde
2111 3524 2464 3594 oberrabant,
2530 3542 2728 3579 manna
2786 3526 3170 3587 vescebantur,
3231 3526 3354 3580 cibo
3402 3543 3512 3579 non

1937 3627 2055 3670 sato
2099 3631 2198 3670 nec
2247 3631 2345 3685 per
2373 3627 2678 3671 aratouem
2709 3627 3052 3687 comparato.
3124 3615 3257 3668 Nam
3300 3617 3350 3669 in
3399 3617 3524 3670 dies

1941 3707 2184 3775 singulos
2217 3709 2481 3764 divinitus
2519 3709 2694 3764 instar
2727 3711 2920 3776 pluvia:
2938 3710 3004 3764 de
3036 3711 3176 3764 coelo
3208 3711 3519 3772 labebatur,

1938 3800 2101 3855 unico
2131 3799 2369 3853 Salibato
2396 3813 2656 3868 excepto:
2708 3817 2817 3865 quo
2847 3800 2966 3869 ipso
2991 3801 3224 3854 docebat
3253 3817 3349 3853 eos
3379 3801 3520 3856 nihil

1937 3903 2059 3942 esse
2131 3887 2369 3941 Sabbato
2432 3887 2744 3941 faciundum
2803 3888 3008 3956 operis.
3081 3889 3392 3956 Eademque
3452 3891 3522 3942 de

1941 3993 2108 4033 causa
2135 3977 2278 4047 quod
2312 3979 2396 4032 die
2427 3978 2720 4033 Sabbatum
2751 3979 3118 4048 prtecedente,
3164 3995 3323 4046 quem
3357 3979 3512 4048 161

1937 4086 1967 4124 a
2000 4071 2396 4138 praeparatione
2438 4070 2779 4124 Purasceven
2843 4070 3262 4138 nuncupabant,
3313 4086 3514 4124 manna

1938 4163 2314 4228 delabebatur,
2348 4163 2570 4232 duplum
2604 4175 2717 4218 erat
2751 4165 2982 4217 aliorum
3007 4163 3214 4218 dicrttm
3237 4172 3512 4231 respectu,

1936 4273 2042 4326 quo
2073 4257 2327 4311 videliret
2359 4256 2578 4310 abunde
2629 4257 2766 4326 ipsis
2805 4257 2969 4312 etiam
3004 4255 3244 4310 Sabbato
3280 4257 3514 4312 durante

1939 4347 2181 4403 alimenti
2218 4347 2513 4402 suiliceret.
2555 4347 2761 4416 Quodsi
2793 4349 2918 4419 quis
2943 4359 3124 4403 autem
3156 4349 3244 4404 die
3271 4350 3513 4404 secundo

1937 4440 2256 4509 septimana:
2297 4440 2378 4493 vel
2405 4440 2570 4494 tertio
2601 4436 2883 4510 acceptum
2919 4457 3114 4494 manna
3153 4451 3425 4496 servasset
3459 4441 3512 4494 in

1935 4531 2083 4585 diem
2115 4533 2369 4598 alterum,
2427 4548 2538 4586 non
2590 4541 2809 4602 poterat
2857 4532 3124 4603 deinceps
3155 4535 3318 4587 aliter
3349 4549 3512 4602 quam

1938 4622 2302 4692 putrefactum
2337 4623 2562 4678 intueri.
2609 4624 2972 4690 Quamobrem
3009 4625 3184 4680 istuc?
3212 4625 3350 4691 Quia
3378 4626 3512 4696 legis

1940 4723 2060 4768 erat
2098 4713 2212 4768 haec
2253 4713 2494 4768 violatio.
2542 4715 2755 4785 Quippe
2797 4716 2938 4771 Deus
2973 4717 3164 4772 volens
3194 4732 3288 4771 eos
3313 4717 3516 4772 docere

1935 4806 2066 4876 quid
2084 4815 2230 4860 esset
2249 4807 2355 4860 vita
2383 4808 2532 4862 curis
2556 4807 2732 4862 soluta
2757 4817 2811 4862 et
2836 4809 3030 4873 libera,
3059 4825 3116 4864 se
3150 4795 3533 4880 pra-biturum.

1935 4899 2016 4953 eis
2075 4898 2438 4968 pollicebatur
2498 4900 2552 4952 in
2611 4900 2725 4953 dies
2771 4899 3028 4970 singulos;
3065 4911 3274 4956 tantum
3328 4903 3509 4957 victus

1935 5000 2198 5059 quantum
2234 4991 2366 5062 ipsis
2395 4992 2606 5046 alendis
2631 4993 2922 5046 sutlicerct.
2959 4994 3097 5048 lluic
3131 4981 3513 5063 pollicitationi

1939 5099 2061 5138 cum
2099 5084 2256 5138 [idem
2289 5085 2509 5154 quidam
2557 5101 2662 5139 non
2699 5085 2961 5138 baberent
2992 5102 3094 5140 nec
3121 5087 3378 5140 mandato
3415 5102 3514 5155 pa-

1941 5183 2146 5238 rerent,
2199 5175 2338 5228 forte
2385 5174 2598 5228 collecti
2654 5189 2864 5227 tnaunte
2918 5187 3128 5244 partem
3191 5177 3426 5243 aliquam
3461 5179 3514 5229 in

1938 5266 2080 5320 diem
2133 5275 2414 5333 posterum
2467 5273 2780 5330 servarunt,
2832 5282 2952 5335 qua:
3008 5267 3274 5321 continuo
3310 5267 3509 5321 [αξιιιίι.

1938 5357 2004 5411 Et
2021 5355 2160 5409 banc
2183 5371 2527 5426 nequaquam
2544 5357 2788 5426 profecto
2813 5374 3022 5410 mannu-
3043 5371 3294 5410 naturam
3319 5357 3511 5418 fuisse,

1939 5448 2114 5519 colligi
2150 5458 2262 5503 tum
2291 5450 2358 5503 de
2392 5450 2634 5504 Sabbato
2664 5459 2877 5520 potest,
2919 5466 3029 5520 quo
3081 5449 3342 5518 quidquid
3389 5449 3510 5526 ejus

1937 5556 2101 5596 causa
2152 5533 2544 5612 prtvparatorio
2577 5543 2665 5598 die
2700 5552 2947 5598 coactum
2976 5550 3094 5596 crat
3129 5541 3509 5607 incorruptum
