4110 6194
584 296 685 363 3ll

1838 311 1893 369 M
1910 311 2264 373 [CIIAELIS
2303 313 2565 377 GLYCA!

3708 309 3811 376 312

584 411 860 475 manebat,
905 419 1021 466 tum
1073 411 1142 468 de
1190 412 1281 467 illo
1328 429 1526 469 manna
1554 416 1697 486 quod
1726 417 1780 472 in
1813 435 1936 475 arca
1970 424 2149 479 multis

2259 427 2428 483 αὑτοῦ
2457 425 2797 497 τᾲποικίλον
2838 418 3007 496 εἶχεν,
3050 423 3267 495 ἑκάστῳ
3313 423 3641 495 προσφόρως
3674 425 3815 479 κατὰ

587 503 803 557 κςνειιιίε
827 512 910 556 est
932 511 1337 558 conservatum.
1377 503 1745 578 Colligebatur
1768 521 1949 566 autem
1977 523 2151 569 matu-

584 594 698 644 t’no
717 602 958 659 tempore
975 600 1183 645 tantum
1210 610 1222 647 :
1255 596 1454 665 quippe
1474 600 1873 668 quamprimum
1894 601 1973 655 sol
1999 612 2152 657 ortus

584 684 799 744 fuisset,
831 683 1186 750 liquescebat.
1244 685 1390 740 Idem
1428 704 1649 755 manna,
1689 694 2147 760 quemadmodum

587 770 862 839 ﬁyssenus
895 771 1128 828 antistes
1160 774 1246 828 ille
1287 776 1665 832 divinissimus
1700 780 1795 845 ait,
1827 778 2148 850 sapientiam

584 860 891 914 Solomonis
928 873 1173 925 secutus.
1210 866 1374 921 unius
1404 868 1624 936 quidem
1649 878 1765 924 erat
1793 871 2150 942 ejusdemque

582 954 790 1015 formae,
820 954 1142 1022 qualitatem
1175 973 1303 1010 vero
1351 960 1708 1028 multiplicem
1759 963 2015 1027 habebat,
2068 965 2146 1019 uti

580 1044 724 1110 quod
753 1045 952 1113 cuique
989 1061 1085 1113 pro
1106 1047 1318 1102 ratione
1334 1051 1647 1118 cupiditatis
1671 1063 1909 1121 saperet.
1942 1056 2144 1110 Eodem

581 1135 741 1186 modo
774 1135 928 1201 panis
960 1136 1048 1189 ille
1081 1137 1170 1206 qui
1207 1137 1273 1192 de
1309 1140 1446 1194 ccelo
1483 1141 1786 1207 descendit,
1817 1160 2012 1198 manna
2043 1147 2149 1200 sci-

582 1222 711 1275 licet
735 1223 1076 1289 intellectile,
1121 1243 1217 1297 pro
1246 1229 1537 1287 aﬂectione
1577 1234 1746 1286 animi
1776 1237 2147 1303 quorumlibet

581 1323 637 1367 et
660 1315 773 1383 ipse
802 1316 1030 1371 allectus
1059 1334 1181 1373 esse
1226 1322 1385 1376 solet.
1446 1324 1591 1379 ldem
1625 1342 1824 1381 manna
1856 1330 2145 1395 quamdam

580 1419 707 1458 esse
758 1407 1030 1462 coriandri
1082 1412 1317 1478 speciem
1367 1413 1539 1479 aiunt,
1598 1416 1753 1483 cujus
1806 1429 2053 1471 naturam
2093 1420 2145 1472 in

597 1499 913 1553 universum
939 1502 1135 1554 semini
1171 1503 1500 1572 respondere
1529 1507 1839 1574 perhibent,
1879 1507 1951 1561 ita
1996 1517 2055 1562 ut
2100 1508 2144 1563 si

584 1589 912 1653 disseretur,
983 1593 1131 1645 nulla
1181 1594 1252 1647 sit
1308 1595 1569 1663 particula
1633 1614 1753 1667 qua:
1818 1599 1927 1652 vim
1994 1614 2143 1653 suam

579 1667 815 1734 amittat.
871 1680 963 1735 Sic
1006 1693 1054 1735 et
1087 1683 1328 1736 divinum
1369 1685 1502 1739 illttd
1538 1701 1601 1740 ac
1633 1687 1913 1756 spirituale
1947 1703 2144 1741 manna

2251 521 2314 574 τὸ
2338 517 2480 581 εἶδος
2509 520 2608 589 τῆς
2637 516 2935 588 ἐπιθυμίας
2963 515 3313 585 ἐγγινομένη.
3362 514 3519 568 οὕτω
3567 514 3673 583 μὲν
3722 510 3813 570 οὖν

2251 612 2349 666 καὶ
2379 613 2407 664 6
2445 610 2612 680 ἄρτος
2650 610 2679 662 6
2712 607 2956 668 καταϐὰς
3001 608 3067 660 ἑκ
3099 604 3195 660 τοῦ
3246 603 3504 675 οὐρανοῦ,
3543 603 3604 657 τὸ
3629 604 3817 673 νοητὸν

2248 700 2494 771 δηλονότι
2555 701 2753 768 μάννα,
2807 699 2943 768 πρ⁸ς
2991 698 3091 767 τὴν
3150 697 3393 750 διάθεσιν
3433 696 3531 763 τῆς
3584 696 3817 750 ἑκάστου

2251 794 2432 864 ψυχῆς
2470 791 2806 846 διατίθεσθαι
2858 789 3035 843 εἴωθε.
3071 789 3244 842 Τοῦτο
3284 788 3350 858 δὴ
3378 788 3438 840 τὸ
3467 788 3642 857 μάννα
3677 782 3820 850 εἶδος

2251 881 2367 953 εἷχε
2421 884 2634 951 κορίου,
2687 871 2748 932 οὗ
2792 878 2889 949 τὴν
2920 878 3080 947 φύσιν
3130 878 3260 946 ὃλην
3284 876 3463 931 διόλου
3491 876 3650 943 λὸγον
3678 876 3822 944 ἔχειν

2253 971 2573 1039 σπέρματος
2633 971 2907 1040 λέγουσιν,
2939 971 3080 1024 ὥστε
3109 970 3244 1040 μηδὲ
3275 972 3331 1023 ὲν
3363 970 3443 1039 τῷ
3472 968 3814 1024 κατακόπτει

2253 1061 2378 1115 σθαι
2402 1060 2819 1131 ὲξιφανίζεσθαι
2841 1061 2940 1128 τὴν
2985 1062 3121 1132 πρξς
3149 1061 3208 1113 τὸ
3235 1060 3564 1130 σπείρεσθαι
3589 1059 3823 1128 δῦναμιν

2250 1152 2441 1207 αὐτοῦ.
2475 1150 2635 1205 Οὕτω
2663 1153 2762 1222 μὲν
2793 1147 2887 1205 οὖν
2922 1152 3017 1205 καὶ
3047 1157 3108 1204 τὸ
3137 1151 3283 1204 θεῖον
3328 1156 3502 1220 μάννα
3536 1152 3630 1203 καὶ
3659 1167 3823 1202 πνευ-

2252 1240 2486 1309 ματικὸν
2516 1237 2791 1308 πανταχοῦ
2827 1239 3260 1307 σκεδαννύμενόν
3306 1256 3366 1290 τε
3412 1241 3509 1293 καὶ
3542 1254 3821 1303 κατακερ-

2254 1331 2618 1401 ματιζόμενον
2646 1331 2766 1383 ὅλον
2792 1330 2966 1383 διόλου
2991 1331 3047 1381 ὲν
3085 1329 3227 1390 ὅλοις
3258 1328 3597 1399 εὑρίσκεται.
3626 1330 3737 1381 Kal
3772 1326 3825 1378 τί

2248 1420 2355 1491 χρὴ
2403 1419 2576 1473 πολλὰ
2632 1419 2843 1488 Hyan);
2902 1419 3116 1488 ’Ὥσπερ
3148 1419 3239 1471 ἐπὶ
3267 1418 3361 1470 τοῦ
3401 1418 3579 1487 μάννα
3604 1417 3820 1471 ἐκείνου

2228 1504 2651 1574 ’κατερχομένου
2685 1504 2892 1557 ἄνωθεν
2916 1506 2977 1557 τὸ
3007 1503 3117 1557 τῶν
3152 1504 3426 1573 Ἐϐραίων
3461 1504 3619 1569 γένος
3645 1504 3825 1573 ὑπερ-

2246 1593 2685 1663 εκπληττόμενον
2725 1593 2901 1661 ἔλεγε,
2940 1593 3005 1644 Τί
3046 1592 3206 1647 τοῦτό
3243 1595 3427 1660 tactv;
3459 1591 3602 1646 οὕτω
3626 1593 3689 1664 δὴ
3726 1594 3828 1646 καὶ

2248 1683 2341 1736 ἐπὶ
2369 1683 2461 1737 τοῦ
2500 1683 2691 1755 νοητοῦ
2724 1683 2904 1753 μάννα
2941 1683 3037 1736 τοῦ
3070 1684 3239 1754 ἄρτου
3274 1684 3373 1753 τῆς
3429 1684 3597 1754 ζωῆς,
3644 1684 3819 1738 αὐτοῦ

580 1772 781 1840 ubique
810 1771 1055 1826 locorum
1100 1774 1409 1843 dispersum
1448 1785 1503 1831 et
1543 1778 1697 1846 quasi
1733 1778 2015 1834 concisum
2049 1779 2147 1833 mi-

2255 1772 2448 1844 δηλαδὴ
2482 1773 2573 1827 τοῦ
2609 1774 2935 1844 μονογενοῦς
2972 1774 3105 1828 Υἱοῦ
3139 1775 3486 1837 καταδάντος
3511 1774 3827 1844 ὲξούρανοῦ

581 1871 744 1915 uutas
772 1862 825 1915 in
860 1877 1043 1931 partes
1079 1864 1433 1920 nihilominus
1461 1876 1636 1923 totum
1678 1869 1888 1940 integre
1918 1869 1972 1923 in
2004 1869 2147 1924 inte-

580 1953 691 2021 gris
722 1956 1010 2022 reperitur.
1053 1956 1191 2022 taid
1240 1960 1404 2014 multa
1452 1960 1830 2029 proferemus?
1872 1959 2144 2025 Quemad-

581 2046 800 2099 modum
846 2046 936 2102 illo
983 2065 1179 2103 manna
1246 2052 1460 2105 cmlitus
1510 2052 1748 2106 demisso
1796 2051 2146 2105 liebraaorum

585 2139 732 2192 natio
761 2139 1155 2196 admirabunda
1188 2142 1444 2209 dicebat,
1483 2143 1625 2208 Quid
1667 2143 1770 2197 hoc
1820 2142 1938 2196 est?
1982 2140 2062 2196 sic
2094 2148 2152 2194 et

2254 1866 2347 1918 καὶ
2379 1865 2472 1917 ἐπὶ
2502 1865 2605 1933 γῆς
2663 1864 2946 1933 ὀφθέντος,
2985 1865 3570 1937 ὑπερεκπληττὸμενοι
3629 1865 3825 1933 ἔλεγον

2252 1955 2514 2021 ἅπαντες,
2536 1955 2603 2009 Τί
2624 1954 2784 2009 τοῦτό
2813 1956 2929 2009 ἔστι
2952 1973 2969 2022 ;
3000 1955 3116 2020 πῶς
3136 1956 3163 2009 6
3188 1957 3317 2020 Υἱὸς
3337 1957 3429 2012 τοῦ
3456 1956 3593 2010 Θεοῦ
3626 1956 3832 2023 κατῆλ-

2255 2047 2346 2100 θεν
2377 2049 2458 2112 είς
2485 2046 2582 2116 τὴν
2607 2048 2748 2117 γῆνς
2787 2048 2903 2110 πῶς
2941 2048 3121 2120 σάρκα
3159 2049 3426 2118 ὲφόρεσες
3464 2049 3581 2112 πῶς
3607 2046 3830 2118 ἄνθρω-

2255 2156 2353 2202 πος
2386 2143 2578 2206 γέγονε
2606 2156 2622 2204 ;
2648 2138 2759 2192 Καὶ
2786 2139 2915 2209 περὶ
2953 2140 3052 2209 μὲν
3080 2138 3289 2194 τούτων
3322 2139 3516 2202 οὕτως.

584 2218 883 2288 iintellectili
918 2248 1137 2297 manna,
1176 2250 1316 2304 pane
1343 2235 1555 2290 scilicet
1586 2235 1732 2299 vitae,
1770 2235 2006 2305 unigena
2044 2232 2137 2286 Dei
2177 2232 2336 2295 Filio,
2365 2231 2576 2286 ccelitus
2606 2230 2828 2300 delapso
2868 2241 2924 2285 et
2986 2231 3042 2286 in
3080 2232 3240 2287 terris
3286 2239 3613 2301 conspecto,
3643 2230 3832 2289 cuncti

585 2327 1032 2394 ulistupescentes
1082 2328 1332 2382 aiebant:
1378 2329 1520 2395 Quid
1577 2329 1682 2383 hoc
1730 2329 1855 2383 est?
1908 2343 2145 2397 quonam
2187 2335 2345 2397 pacto
2405 2326 2495 2380 Dei
2538 2325 2708 2381 Filius
2767 2327 2823 2381 in
2886 2336 3086 2382 terram
3114 2326 3437 2383 descendit?
3476 2326 3572 2397 qui
3607 2342 3832 2384 carnem

583 2420 799 2487 gestat?
820 2422 913 2489 qui
946 2420 1109 2476 homo
1138 2420 1314 2477 factus
1348 2423 1481 2477 est?
1520 2424 1597 2478 Ac
1629 2422 1696 2477 de
1726 2424 1811 2477 his
1845 2423 2064 2493 quidem
2091 2422 2194 2475 hoc
2222 2418 2386 2473 modo
2418 2419 2630 2474 dictum
2663 2429 2804 2475 esto.

652 2515 920 2571 Czctermn
953 2527 1077 2588 post
1104 2531 1335 2575 mortem
1369 2520 1533 2576 Mosis
1556 2523 1701 2577 Deus
1732 2521 1914 2577 Iesum
1948 2521 2152 2577 allocu-

588 2616 676 2661 tus
705 2618 782 2661 est
840 2610 892 2663 iu
937 2610 1083 2665 hunc
1137 2612 1398 2666 modum:
1462 2612 1950 2684 «Quandoquidem
1995 2628 2151 2669 meus

585 2715 779 2755 servus
803 2702 975 2756 Moses
1005 2714 1252 2759 mortuus
1278 2713 1383 2772 est,
1414 2721 1511 2776 age
1538 2716 1616 2771 tu,
1648 2708 1836 2775 trajice
1857 2705 2147 2761 Iordanem

587 2802 748 2845 Istum
783 2808 885 2846 una
919 2809 1041 2848 eum
1071 2796 1216 2850 omni
1247 2798 1351 2851 bne
1378 2797 1577 2866 populo
1595 2799 1695 2852 “.9
1731 2797 1977 2868 Cumque
2000 2814 2153 2867 reges

587 2887 1049 2955 Amor-rimorum,
1079 2889 1172 2959 qui
1206 2893 1346 2944 ultra
1376 2889 1669 2946 Iordanem
1699 2900 1889 2956 erant,
1934 2892 2152 2947 inaudi-

588 2979 793 3032 vissent
826 2978 1143 3045 Dominum,
1166 2981 1259 3051 qui
1296 2981 1437 3037 Deus
1466 2991 1567 3047 est,
1603 2983 1896 3039 Jordancm
1924 2982 2148 3037 ﬂuvium

576 3071 913 3136 vxsiccassc,
964 3086 1175 3129 mentes
1201 3084 1254 3129 et
1289 3075 1453 3127 animi
1502 3091 1693 3128 eorum
1722 3076 2143 3147 contabuerunt,

2326 2521 2482 2576 Μετὰ
2513 2521 2568 2574 δὲ
2596 2521 2696 2592 τὴν
2725 2520 2819 2574 τοῦ
2852 2521 3097 2585 Μωσέως
3127 2496 3388 2595 τελευτὴν
3408 2520 3530 2577 εἷπε
3567 2525 3705 2595 πρὸς
3735 2526 3835 2579 τδν

2270 2609 2479 2681 Ἰησοῦν
2507 2614 2536 2666 6
2564 2611 2697 2674 Θεός
2718 2627 2732 2641 ⁸
2781 2630 2799 2663 ι
2839 2614 3046 2682 Μωσῆς
3093 2615 3122 2665 6
3152 2608 3408 2684 θεράπων
3438 2633 3542 2685 μου
3573 2618 3834 2671 τετελεύι

2255 2719 2421 2773 τηκεν
2443 2717 2459 2733 ο
2507 2701 2602 2755 νῦν
2635 2697 2727 2757 οὖν
2755 2703 2997 2766 ἀναστὰς
3052 2704 3275 2774 διάϐηθι
3298 2704 3395 2763 ,τὸν
3430 2701 3706 2777 Ἰορδάνην
3766 2708 3831 2759 σὺ

2259 2794 2356 2846 καὶ
2387 2793 2495 2857 πᾶς
2521 2795 2548 2847 6
2574 2793 2700 2858 λαδς
2726 2788 2901 2856 οὗτος.
2934 2814 2951 2846 ι
2985 2795 3093 2848 Kal
3116 2795 3191 2857 ὡς
3224 2795 3468 2865 ηκουσαν
3503 2799 3552 2849 οἱ
3587 2796 3834 2866 βασιλεῖς

2259 2884 2368 2940 τῶν
2396 2886 2759 2958 Ἀμορραίων,
2795 2885 2844 2940 οἳ
2874 2881 3015 2955 ἦσαν
3049 2888 3223 2958 πέραν
3284 2888 3380 2941 τοῦ
3410 2890 3707 2959 Ἰορδάνου,
3744 2891 3832 2944 ὅτι

2258 2978 2567 3048 ἀπεξήρανε
2606 2978 2811 3045 Κύριος
2864 2980 2893 3032 6
2948 2979 3080 3043 Θεδς
3127 2979 3219 3033 τὸν
3245 2980 3523 3051 Ἰορδάνην
3555 2982 3830 3052 ποταμὸν,

2258 3068 2647 3141 κατετάκησαν
2684 3070 2864 3124 αὐτῶν
2898 3071 2953 3123 αί
2976 3070 3229 3134 διάνοιαι,
3270 3072 3365 3123 καὶ
3414 3072 3513 3124 οὐκ
3548 3068 3615 3140 ἦν
3641 3074 3698 3125 έν
3721 3075 3832 3125 αὑ-

588 3181 686 3219 ncc
718 3182 825 3234 pra:
871 3177 1016 3220 metu
1066 3164 1435 3221 lsraclicornm
1473 3169 1627 3238 162
1661 3169 1960 3236 pruJenter
1991 3171 2149 3224 rebus

2255 3160 2366 3223 τοῖς
2422 3140 2685 3230 φρόνησις
2743 3161 2972 3232 οὐδεμία
3026 3162 3134 3214 ἀπὸ
3173 3163 3469 3232 προσώπου
3534 3162 3645 3217 τῶν
3688 3166 3836 3218 υἱῶν

585 3256 700 3310 suis
733 3257 1019 3311 consulere
1053 3257 1162 3310 ullo
1187 3259 1345 3312 modo
1365 3266 1637 3326 poterant.
1676 3258 1976 3314 Consimile
1995 3260 2151 3329 quid-

585 3346 707 3397 dant
741 3345 949 3399 scilicet
981 3346 1062 3399 eis
1100 3347 1435 3419 acciditilli,
1456 3347 1600 3416 quod
1631 3346 1865 3401 Jacobus
1894 3359 2153 3416 expertus

586 3444 807 3504 estprze
857 3436 1071 3505 gaudio,
1119 3453 1243 3491 cum
1282 3438 1561 3507 profectus
1614 3439 1668 3493 in
1717 3438 2007 3510 [Egyptmu
2055 3440 2153 3497 Jo-

587 3528 817 3594 sephum
856 3528 1023 3581 ﬁlium
1057 3529 1346 3597 aspiceret.
1385 3529 1654 3584 Nimirum
1687 3530 1754 3585 de
1788 3531 1974 3587 lzetitia
2007 3547 2156 3600 quaa-

587 3620 709 3673 dam
734 3621 907 3673 oritur
929 3620 1210 3685 sanguinis
1237 3619 1474 3685 diﬂ‘nsio,
1511 3623 1578 3676 de
1602 3621 1889 3676 formidine
1918 3638 2047 3677 vero
2076 3623 2153 3677 fa-

586 3710 804 3765 cultatis
842 3711 1017 3765 vitalis
1042 3711 1343 3766 contractio
1376 3712 1428 3765 in
1468 3712 1627 3767 nobis
1652 3713 1883 3768 exsistit.
1912 3713 2154 3784 Utroque

589 3802 751 3856 modo
805 3802 920 3857 ﬁeri
971 3818 1363 3873 nonnunquam
1416 3804 1552 3858 solet
1586 3813 1646 3858 ut
1677 3821 1823 3859 mors
1856 3806 1958 3860 hoc
1996 3818 2155 3876 pacto

588 3897 816 3951 ail'et-tus
850 3896 1162 3951 necessario
1193 3898 1507 3951 comitetur.
1572 3896 1862 3967 Postquam
1911 3899 2149 3953 lsraelici

498 4058 501 4059 ν
588 3991 788 4045 ﬂumen
825 3989 1191 4060 traiecissent,
1238 4005 1361 4044 mox
1404 3990 1607 4059 absque
1637 3988 1806 4044 armis
1831 3987 2155 4046 Jericbunte

588 4084 912 4151 potiuntur;
944 4096 1053 4151 quo
1084 4081 1305 4137 nomine
1338 4080 1539 4135 factum
1570 4090 1625 4134 ut
1648 4094 1767 4136 eam
1796 4097 1894 4150 pro
1922 4082 2155 4136 anathe-

482 4244 483 4247 η
587 4185 729 4228 tnate
760 4174 1022 4228 ducerent
1051 4215 1065 4239 ,
1107 4173 1210 4227 hoc
1249 4182 1331 4227 est
1364 4172 1474 4227 Deo
1506 4183 1914 4228 consecrarcnt.
1947 4172 2156 4228 Secun-

586 4266 713 4318 dum
749 4264 863 4319 haec
891 4264 1072 4319 Achar
1102 4265 1189 4319 ille
1222 4264 1471 4319 Charmze
1510 4265 1656 4319 ﬁlius
1687 4281 1750 4319 ex
1788 4265 1859 4318 iis
1888 4278 2010 4334 qua:
2043 4265 2155 4319 Deo

587 4367 903 4410 consecrata
935 4367 1127 4418 erant,
1173 4367 1320 4411 veste
1372 4357 1603 4426 quadam
1656 4373 1777 4410 cum
1827 4356 1944 4409 auri
1978 4370 2154 4411 massa

2268 3250 2507 3323 Ἰσραήλ.
2563 3254 2673 3309 Kal
2726 3254 2969 3311 τοιοῦτόν
2998 3273 3051 3309 τι
3087 3257 3438 3321 επεπόνθασιν
3474 3257 3662 3311 ὁποῖον
3718 3259 3836 3313 ἀπὸ

2255 3344 2431 3414 χαρᾶς
2458 3345 2486 3398 6
2527 3344 2752 3413 Ἰακὼϐ,
2782 3348 2948 3419 ἡνίκα
3004 3349 3285 3403 κατελθὼν
3313 3352 3394 3412 είς
3425 3351 3700 3418 Αἴγυπτον
3737 3352 3836 3405 τδν

2265 3435 2464 3507 Ἰωσὴφ
2487 3437 2784 3493 ἐθεάσατοο
2814 3441 2923 3494 ἀπὸ
2955 3441 3056 3511 μὲν
3088 3444 3196 3512 γὰρ
3232 3443 3331 3511 τῆς
3351 3444 3527 3513 χαρᾶς
3552 3443 3832 3507 διάχυσις,

2254 3526 2363 3579 ἀπὸ
2402 3526 2459 3580 δὲ
2498 3528 2590 3581 τοῦ
2624 3529 2790 3597 φόϐου
2820 3532 3101 3595 σύννευσις
3140 3533 3242 3601 τῆς
3278 3531 3649 3601 ζωογονούσης
3675 3535 3835 3603 ἡμᾶς

2254 3615 2541 3686 δυνάμεως
2571 3621 2802 3686 γίνεται,
2834 3624 2927 3674 καὶ
2951 3622 3119 3684 οὕτως
3157 3624 3190 3693 ἦ
3231 3623 3456 3684 ἐκείνως
3489 3623 3638 3675 ἐστιν
3672 3624 3768 3673 ὅτε
3805 3623 3837 3675 6

2255 3707 2485 3772 θάνατος
2542 3710 2601 3776 ἐξ
2635 3713 2884 3782 ἀνάγκης
2936 3714 3152 3766 ἕπεται.
3194 3715 3348 3767 Μετὰ
3396 3715 3454 3767 δὲ
3490 3713 3551 3765 τὺ
3588 3713 3835 3780 περᾶσαι

2253 3801 2560 3870 τηνικαῦτα
2593 3802 2763 3872 χωρὶς
2790 3803 2972 3857 ὅπλων
3000 3803 3101 3876 τὴν
3131 3805 3348 3877 ’ῐεριχὼ
3390 3808 3831 3876 κεκρατήκασιν

2255 3892 2341 3961 ἐφ’
2370 3885 2414 3959 ᾧ
2472 3893 2570 3946 καὶ
2622 3894 3036 3965 ἀναθεμάτισαν
3086 3897 3279 3966 αὐτὴν,
3328 3897 3575 3949 τουτέστι
3606 3900 3683 3960 τῷ
3704 3896 3834 3966 Θεῷ

2255 3984 2593 4055 ἀφιέρωσαν.
2645 3986 2826 4058 Ἀχαρ
2891 3989 3081 4043 λοιπὸν
3140 3991 3168 4042 6
3217 3990 3311 4043 τοῦ
3341 3990 3546 4061 Χαρμῆ
3585 3989 3693 4042 ἀπὸ
3717 3991 3832 4042 τῶν

2255 4077 2797 4146 ἀναθεματισθέντων
2821 4078 2901 4151 τῷ
2931 4082 3125 4153 Κυρίῳ
3161 4083 3353 4152 στολήν
3374 4100 3496 4137 τινα
3520 4083 3613 4135 καὶ
3647 4082 3830 4151 μᾶζαν

2254 4169 2466 4240 χρυσῆν
2516 4172 2869 4242 ἁποσυλήσας
2921 4174 3014 4226 τδν
3058 4174 3192 4227 Θεὸν
3246 4175 3328 4238 είς
3366 4173 3537 4245 ὀργὴν
3592 4173 3825 4245 ἡγειρε·

2254 4261 2467 4332 δεηθεὶς
2488 4262 2578 4317 οὖν
2603 4265 2631 4316 6
2669 4264 2880 4333 Ἰησοῦς
2912 4265 3007 4319 τοῦ
3040 4266 3203 4331 Θεοῦ,
3234 4268 3327 4320 καὶ
3359 4266 3551 4335 μαθὼν
3585 4266 3683 4319 τὸν
3728 4266 3830 4334 τῆς

2255 4354 2427 4427 ὀργῆς
2450 4354 2647 4421 αἴτιον,
2694 4357 2865 4418 λίθοις
2890 4357 3054 4411 αὐτὸν
3090 4358 3316 4412 πανοικὶ
3355 4359 3700 4428 κατέχωσαν.
3738 4358 3834 4411 Ἐν

588 4450 895 4502 clanculum
940 4458 1211 4519 surrepta,
1267 4449 1436 4504 Deum
1488 4448 1553 4504 ad
1611 4448 1745 4502 iram
1802 4447 2144 4518 provocavit.

2255 4448 2428 4518 τούτῳ
2456 4448 2513 4501 δὲ
2543 4449 2621 4519 τῷ
2643 4449 2780 4502 κατὰ
2805 4449 2906 4517 τῆς
2946 4447 3159 4519 Ἰεριχὼ
3195 4449 3419 4520 πολέμῳ
3457 4449 3631 4519 ἀρχὴν
3666 4449 3831 4502 ἕλαῆε

586 4541 927 4611 Quapropter
981 4539 1139 4595 Iesus
1191 4540 1356 4594 Deum
1404 4548 1677 4609 precatus,
1726 4540 1930 4607 irzrque
1981 4552 2150 4595 causa

585 4634 825 4699 cognita,
876 4631 1146 4701 lapidibus
1188 4631 1463 4684 hominem
1519 4634 1772 4683 universa
1826 4645 1949 4684 cum
1990 4631 2152 4684 domo

586 4722 793 4779 obruit.
858 4721 915 4773 In
960 4722 1062 4775 hac
1090 4719 1425 4774 Jcriehuntis
1451 4719 1732 4772 obsidione
1763 4720 2000 4788 primum
2030 4732 2155 4773 ‘om—

587 4815 740 4866 nium
771 4812 961 4866 violari
1008 4811 1303 4865 Sabhatum
1339 4808 1542 4877 coepit;
1594 4809 1712 4863 dies
1749 4809 1894 4863 enim
1941 4817 2149 4879 septem

586 4903 844 4971 oppidum
873 4916 996 4955 cum
1036 4900 1179 4954 tubis
1209 4900 1501 4955 cinxerunt
1531 4909 1694 4970 atque
1721 4901 2146 4967 circumierunt,

585 5010 692 5063 quo
724 4995 930 5048 dierum
978 5008 1205 5046 numero
1240 4992 1535 5047 Sabbatum
1572 5008 1789 5063 quoque
1835 4995 2147 5048 necessario

585 5084 1089 5155 comprehenditur.
1149 5084 1350 5139 Eodem
1392 5085 1542 5149 Jesu,
1593 5088 2047 5157 quemadmodum
2093 5101 2150 5143 et

585 5194 747 5247 supra
782 5176 1146 5241 meminimus,
1172 5187 1361 5231 contra
1385 5178 1627 5247 quinque
1662 5194 1814 5249 reges
1844 5180 2149 5249 prmiiaute,

586 5285 612 5321 s
635 5269 665 5322 ιι
695 5269 747 5322 in
783 5267 959 5321 medio
986 5267 1125 5321 caelo
1153 5268 1349 5321 rest'tit
1384 5284 1484 5323 nec
1516 5268 1581 5322 ad
1616 5284 1865 5323 oet-asum
1896 5286 2152 5338 progres-

588 5376 679 5414 sus
709 5371 794 5414 est
819 5360 979 5413 tmius
1004 5360 1199 5431 integri
1230 5359 1334 5414 diei
1362 5362 1562 5430 spatio.
1583 5361 1647 5415 Et
1678 5370 1944 5430 ceperunt
1976 5363 2152 5415 Israe-

586 5452 678 5507 liri
732 5453 873 5507 bello
902 5462 1128 5507 cunctas
1156 5453 1585 5509 Chananu'orunt
1621 5453 1859 5508 ditioncs
1910 5463 1963 5507 et
1991 5468 2147 5521 Opes,

589 5545 820 5599 Domino
847 5545 981 5615 ipsis
1011 5545 1292 5615 suppetias
1322 5544 1555 5601 ferente.
1619 5543 1891 5600 Chalcbns
1930 5560 2153 5613 quoque

658 5720 700 5753 τ’
736 5721 895 5779 Josnc
929 5739 967 5787 ι,
992 5724 1046 5775 9..

2255 4540 2619 4595 καταλύεσθαι
2650 4541 2712 4595 τὸ
2738 4541 3051 4596 Σάϐϐατονο
3092 4541 3234 4594 ἑπτὰ
3263 4541 3372 4612 γὰρ
3406 4542 3619 4613 ἡμέρας
3649 4543 3829 4609 αὐτὴν

2257 4634 2398 4702 μετὰ
2424 4634 2743 4700 σαλπίγγων
2766 4633 3241 4703 περιεκύκλωσαν,
3272 4634 3329 4686 ὲν
3358 4628 3447 4696 αἶς
3475 4636 3569 4686 καὶ
3600 4634 3663 4686 τὸ
3687 4635 3832 4686 Σάδ-

2255 4710 2421 4775 6ατον
2452 4721 2510 4786 ἐξ
2540 4722 2789 4792 ἀνάγκης
2814 4741 2875 4775 συ
2887 4724 3336 4793 μπεριείλτμται.
3368 4724 3531 4777 Ἀλλὰ
3561 4726 3656 4777 καὶ
3687 4725 3829 4795 μετὰ

2258 4816 2423 4870 πέντε
2448 4814 2736 4884 βασιλέων,
2764 4815 2839 4878 ὡς
2869 4815 3077 4869 ἄνωθεν
3103 4815 3343 4885 εἴρηται,
3369 4815 3463 4868 τοῦ
3509 4814 3689 4884 Ἰησοῦ
3723 4832 3835 4884 μαο

2258 4908 2491 4981 κομένου
2525 4906 2655 4979 ἔστη
2694 4908 2723 4960 ὅ
2754 4908 2906 4979 ἥλιος
2940 4908 3082 4961 κατᾶ
3129 4907 3191 4958 τὸ
3235 4906 3399 4976 μέσον
3433 4907 3527 4960 τοῦ
3550 4907 3833 4978 οὐρανοῦιο

2256 5001 2317 5055 οὐ
2347 4998 2753 5072 προεπορεύετο
2786 5000 2866 5061 εἰς
2905 4998 3116 5068 δυσμὰς
3148 4998 3255 5062 ἓως
3308 4999 3387 5061 είς
3418 4999 3572 5061 τέλος
3610 4999 3837 5067 ἡμέρας

2261 5094 2411 5161 μιᾶς.
2471 5092 2582 5145 Kal
2644 5093 2822 5144 πάντα
2860 5090 2917 5143 δὲ
2956 5089 3026 5147 τὰ
3078 5090 3186 5143 τῶν
3216 5090 3541 5143 Χαναναίων
3571 5089 3769 5141 ἐλαϐεν
3804 5089 3835 5141 6

2267 5183 2486 5254 Ἰσραὴλ
2516 5183 2574 5235 ἐν
2601 5182 2847 5250 πολέμῳ,
2896 5182 2979 5234 ὅτι
3019 5181 3108 5235 διὰ
3135 5182 3343 5251 Κυρίου
3376 5183 3614 5250 ἐγένετο.
3659 5179 3834 5232 Ἀλλὰ

2258 5274 2350 5324 καὶ
2374 5271 2556 5326 Χάλεϐ
2580 5274 2689 5333 υίὸς
2712 5270 2927 5339 Ἐφωνῆ
2956 5269 3323 5339 ὲξωλόθρευσε
3349 5271 3475 5331 τοὺς
3503 5270 3649 5337 τρεῖς
3671 5268 3834 5329 υἱοὺς

2268 5359 2605 5426 Ἐναὰκ,τδν
2641 5360 2839 5428 Σουσῆ,
2870 5360 2963 5412 τὸν
2986 5359 3166 5429 Θολμὲ
3213 5362 3306 5412 καὶ
3342 5357 3435 5409 τὸν
3468 5358 3695 5425 Σχιμᾶν.
3733 5355 3836 5407 Fi-

2256 5468 2450 5519 γαντες
2469 5451 2526 5503 δὲ
2552 5452 2646 5504 καὶ
2671 5445 2819 5503 οὗτοι
2851 5451 3118 5520 εὐμήκεις
3151 5445 3322 5521 ἦσαν·
3357 5449 3405 5501 εί
3442 5448 3516 5517 μὴ
3540 5448 3648 5515 γὰρ
3666 5445 3837 5497 τοῦτο

2257 5539 2348 5612 ἦν,
2385 5543 2485 5595 οὐκ
2509 5541 2573 5594 ἂν
2604 5544 2753 5606 υἱοὺς
2791 5542 2883 5595 τοῦ
2924 5541 3128 5595 Ἐναᾶκ
3163 5541 3403 5604 ἐκείνους
3432 5540 3752 5608 ὠνόμασαν.
