4110 6194
566 311 671 376 ξ15
1810 300 2144 362 MICHAEI

2271 298 2531 360 (ΠΧΩ-Β

3699 293 3805 359 316

563 430 857 485 vaticinata
890 428 1086 482 fuerat.
1139 426 1409 500 Ca'terum
1431 421 1647 475 Littera:
1684 433 1853 473 saera
1900 419 2122 480 Susem,

2248 418 2376 467 τιαῖα
2408 414 2679 481 φέροντας
2718 412 2966 481 σώματα.
2988 410 3134 480 Ὅρα
3152 408 3260 479 γὰρ
3286 408 3369 462 ὅτι
3412 408 3508 460 καὶ
3532 406 3562 460 6
3614 406 3807 477 Ἰώση-

564 521 886 575 Tholmeum
918 527 972 571 et
997 515 1274 571 Schimam
1310 528 1419 566 non
1467 512 1565 566 abs
1603 526 1687 574 re,
1736 524 1836 563 ceu
1866 507 2127 566 diximus.

564 599 768 662 Euaaci
800 608 939 661 tilios
967 604 1341 674 appellarunt,
1395 603 1473 657 uti
1522 613 1757 669 quorum
1786 610 2013 666 corpora
2045 594 2128 663 gi-

564 709 786 768 gantum
860 696 1184 765 corporibus
1252 693 1632 764 magnitudine
1691 690 1842 760 paria
1902 687 2128 742 fuerint.

566 790 697 847 Nam
731 797 785 843 et
830 789 1103 858 Josephus
1150 792 1545 841 commemorat
1591 780 1734 850 apud
1790 781 2130 833 Cbananaeos

564 890 678 934 tum
717 879 975 947 reliquam
1019 878 1297 947 gigantum
1338 874 1507 929 fuisse
1535 873 1843 932 nationem,
1872 868 1961 937 qui
2006 882 2131 935 pro-

564 980 685 1042 pter
711 984 1000 1038 corporum
1033 969 1233 1022 molem
1273 977 1436 1034 atque
1462 964 1715 1024 formam.
1748 975 1869 1029 quae
1891 957 2133 1024 reliquo-

2235 524 2336 568 πος
2365 506 2755 573 ὑπολελεῖφθαι
2790 504 2943 573 λέγει
2970 505 3084 566 τοῖς
3131 500 3462 561 Χαναναίοις
3484 499 3546 552 τὸ
3585 498 3696 552 τῶν
3723 516 3811 567 γι-

2235 598 2452 666 γάντων
2478 598 2656 665 γένος.
2684 598 2734 650 οἳ
2776 597 2866 651 διὰ
2898 597 3168 665 σωμάτων
3207 593 3414 664 μεγέθη
3445 592 3541 646 καὶ
3591 593 3812 663 μορφὰς

2238 686 2392 740 οὐδὲν
2415 689 2529 747 τοῖς
2546 685 2726 748 ἄλλοις
2751 685 3145 755 παραπλησίας
3170 680 3484 751 ἀνθρώποις
3504 680 3813 750 παράδοξον

2236 770 2379 844 ἦσαν
2408 774 2590 843 θέαμα
2630 774 2726 826 καὶ
2769 773 2944 825 δεινὸν
3002 772 3282 841 ἄκουσμα.
3315 768 3601 822 Δείκνυται
3628 768 3685 821 δὲ
3714 769 3815 821 καὶ

2238 864 2333 917 νῦν
2358 863 2439 917 ἔτι
2469 866 2678 918 τούτων
2705 864 2845 917 ὀστᾶ
2868 862 3038 934 μηδὲν
3074 866 3185 927 τοῖς
3217 860 3323 916 ὑπὸ
3363 862 3550 914 πίστιν
3579 860 3811 931 ἐρχομέ-

2238 973 2351 1017 νοις
2382 956 2624 1011 ἐοικότα.

564 1080 685 1117 rum
730 1062 1010 1117 hominum
1039 1060 1228 1115 formae
1259 1073 1364 1110 non
1398 1054 1775 1124 responderet,
1812 1049 2128 1106 inusitatum
2174 1048 2502 1104 mortalibus
2564 1050 2938 1117 spectaculum
2968 1056 3126 1103 erant
3188 1056 3244 1102 et
3272 1047 3470 1103 famam
3508 1045 3577 1103 de
3612 1061 3673 1101 se
3707 1056 3818 1101 ter-

566 1154 776 1207 ribilem
832 1151 1204 1206 concitabant.
1262 1148 1465 1202 Eorum
1526 1159 1671 1199 nunc
1712 1155 1929 1211 quoque
1981 1144 2357 1192 monstrantur
2382 1137 2563 1193 adhuc
2582 1153 2707 1192 ossa
2739 1139 2896 1193 fidem
2925 1138 3086 1219 plane
3118 1139 3453 1206 superantia.

637 1242 841 1297 llorum
874 1249 1057 1301 astate,
1104 1239 1362 1294 videlicet
1410 1234 1639 1289 Barachi
1673 1242 1837 1301 atque
1883 1230 2133 1290 Deborze,

567 1331 959 1402 Sapientissimi
1028 1330 1171 1398 apud
1227 1328 1447 1382 Grzecos
1498 1324 1603 1380 viri
1674 1320 2033 1377 Prometheus
2083 1325 2139 1370 et

568 1425 827 1496 Orpheus
881 1421 1149 1476 oriundus
1204 1436 1234 1474 e
1302 1417 1535 1472 Thracia
1593 1413 1836 1469 celebres
1896 1409 2137 1467 fuerunt,

568 1519 808 1585 itemque
850 1514 1095 1568 medicus
1148 1511 1519 1579 Aisculapius,
1563 1516 1619 1560 et
1652 1504 1931 1575 Lycurgus
1956 1500 2137 1567 legum

570 1608 713 1679 apud
753 1604 1199 1660 Lacedaemonios
1244 1604 1403 1655 lator.
1446 1596 1820 1664 Esculapium
1873 1592 2028 1645 aiunt
2054 1604 2142 1642 ar-

569 1711 678 1755 tem
710 1698 977 1753 medicam
1006 1705 1112 1749 tam
1158 1701 1415 1749 accurate
1460 1688 1731 1759 cognitam
1766 1683 2044 1745 habuisse,
2081 1688 2139 1733 ut

2327 1227 2451 1281 Ἐπὶ
2481 1229 2578 1296 μὲν
2601 1228 2788 1298 Βαράκ
2820 1230 2915 1281 καὶ
2939 1229 3194 1298 Δεϐώρας
3220 1228 3547 1297 Προμηθεὺς
3580 1227 3676 1280 καὶ
3694 1225 3814 1296 Ὄρ-

2243 1318 2378 1384 φεὺς
2403 1317 2551 1387 Θρᾲξ
2587 1319 2946 1389 ὲγνωρίζοντο
2979 1321 3028 1371 οἱ
3057 1319 3450 1389 παρ’ν,”Ελλησι
3480 1318 3813 1387 σοφώτατοι,

2246 1409 2342 1460 καὶ
2400 1409 2729 1478 Ἀσκληπιὸς
2757 1410 2785 1461 6
2831 1410 3011 1477 ἰατρὸς
3070 1412 3162 1463 καὶ
3189 1410 3506 1480 Λυκοῦργος
3528 1412 3554 1462 6
3582 1408 3814 1479 νομοθέ-

2245 1514 2345 1567 της
2376 1500 2511 1569 (32).
2540 1498 2805 1553 Τοσοῦτον
2834 1501 2890 1553 δὲ
2918 1501 3138 1569 λέγουσι
3162 1502 3255 1552 τὸν
3298 1500 3630 1569 Ἀσκληπιὸν
3650 1501 3815 1569 ἠκρι-

2246 1590 2483 1643 ϐωκέναι
2537 1591 2637 1660 τὴν
2695 1592 2943 1662 ἰατρικὴν
2977 1594 3172 1662 τέχνην
3205 1592 3278 1655 ὡς
3303 1594 3398 1645 καὶ
3424 1590 3656 1659 νεκροὺς
3694 1592 3819 1643 ἁνι-

2249 1684 2399 1752 στᾷν,
2426 1676 2573 1751 ὲφίἷ)
2623 1683 3004 1754 χαλεπήναντα
3051 1685 3141 1736 τὸν
3186 1685 3284 1736 Δία
3340 1682 3590 1754 κεραυνῷ
3631 1680 3815 1752 βαλεῖν

569 1790 733 1846 etiam
793 1797 1065 1843 mortuum
1115 1782 1409 1852 quemdam
1450 1779 1576 1833 vita:
1634 1774 1973 1837 restituerit;
2031 1783 2140 1839 quo

2248 1773 2426 1839 αὐτὸν,
2456 1775 2549 1829 καὶ
2584 1774 2728 1830 οὓτω
2766 1776 2875 1830 τῶν
2910 1776 3040 1847 τῇδε
3069 1775 3355 1846 ἐκστῆσαι.

569 1885 715 1939 facto
742 1882 949 1949 Jupiter
973 1881 1145 1932 iratus
1178 1875 1450 1931 [nominent
1481 1871 1710 1928 fulmine
1741 1877 1945 1924 tactum
1979 1865 2143 1919 rebus

570 1971 826 2028 humanis
861 1969 1148 2024 exemerit.

642 2063 956 2116 Secundum
1000 2060 1119 2112 hzrc
1165 2056 1406 2111 indicare
1434 2054 1579 2109 Deus
1610 2052 1800 2107 volens
1830 2049 2016 2105 omnia
2046 2063 2146 2119 per

570 2150 747 2218 ipsius
776 2158 1103 2218 potestatem
1131 2147 1266 2209 ﬁeri,
1295 2161 1405 2199 non
1441 2160 1543 2214 per
1578 2143 1865 2199 hominum
1897 2142 2146 2212 ingentes

570 2240 781 2309 copias,
809 2240 1050 2295 Gedeoni
1074 2238 1400 2290 Malliauzeos
1436 2234 1696 2295 invadere
1717 2233 1933 2288 conanti
1957 2240 2148 2286 auctor

572 2330 675 2384 fuit
697 2338 758 2384 ut
784 2329 902 2398 ipsa
936 2329 990 2381 in
1024 2322 1275 2389 meridie,
1308 2340 1432 2379 cum
1477 2333 1647 2379 aestus
1680 2323 1951 2376 maximus
1983 2322 2143 2385 foret,

569 2420 877 2476 exercitum
916 2418 984 2472 ad
1018 2416 1223 2472 ﬂumen
1253 2416 1503 2471 duceret.
1549 2413 1632 2467 lbi
1664 2427 1795 2467 vero
1834 2411 2148 2481 quicunque

571 2528 628 2569 ,ιι
656 2524 832 2583 genua
857 2507 1277 2579 procumberent
1305 2514 1468 2575 atque
1490 2504 1562 2559 ita
1580 2504 1854 2570 biberent,
1880 2502 2039 2574 164.
2053 2518 2147 2559 eos

572 2612 636 2657 ut
668 2617 765 2671 pro
790 2598 1149 2671 magnanimis
1170 2598 1395 2652 haberet
1417 2604 1603 2650 monet
1634 2612 1648 2648 :
1674 2602 1941 2665 quotquot
1964 2604 2144 2650 autem

571 2694 905 2749 festinanter
950 2700 1011 2745 et
1050 2706 1176 2745 cum
1212 2689 1448 2745 tumultu
1482 2686 1717 2757 quodam
1750 2685 2021 2750 biberent,
2051 2701 2147 2740 eos

568 2785 923 2839 existimaret
953 2786 1054 2840 hoc
1082 2798 1194 2856 pra:
1225 2779 1518 2836 formidine
1559 2778 1762 2834 facere.
1801 2775 1935 2831 Cum
1967 2775 2147 2832 Gedeo

574 2872 672 2926 Dei
709 2874 934 2928 monitis
965 2887 1169 2943 parens
1202 2872 1308 2924 huc
1331 2868 1506 2938 ipsum
1557 2866 1797 2929 fecisset,
1831 2864 1936 2920 500
1970 2866 2149 2920 homi-

579 2976 676 3017 nes
735 2962 936 3031 reperti
1000 2969 1128 3016 sunt
1172 2959 1266 3027 qui
1308 2973 1432 3012 cum
1488 2955 1850 3027 trepidatione
1896 2955 2148 3008 manibus

572 3068 772 3121 aquam
820 3053 1069 3107 haustam
1127 3051 1208 3104 ori
1237 3049 1633 3110 ’admoverent,
1684 3045 2141 3114 quemadmodum

574 3143 845 3212 Jusephus
877 3142 1153 3197 memoriae
1183 3139 1442 3209 prodidit.
1480 3139 1824 3206 Quapropter
1847 3136 1896 3190 ei
1941 3151 2144 3205 praece-

576 3236 657 3303 pit
679 3234 822 3288 Deus
850 3245 908 3288 ut
935 3249 1057 3288 cum
1081 3233 1186 3287 illis
1220 3233 1432 3284 hostem
1452 3227 1783 3282 adoriretur.
1811 3225 2145 3297 Noctucrgo

579 3323 906 3378 Mediantcos
936 3322 1229 3387 invadunt,
1266 3336 1389 3374 cum
1432 3319 1590 3373 tubas
1619 3318 1874 3372 manibus
1908 3317 2147 3387 itemque

578 3414 728 3467 faces
756 3426 1015 3466 accensas
1048 3412 1189 3464 intra
1220 3425 1341 3464 vasa
1386 3408 1633 3477 quaedam
1668 3417 1964 3477 gestarent.

651 3500 779 3556 Post
813 3501 928 3555 hmc
955 3499 1138 3554 Geileo
1182 3506 1467 3553 senectute
1511 3495 1798 3552 confectus
1827 3497 1933 3550 vita
1965 3497 2145 3568 fungi-

578 3603 692 3657 tur,
718 3591 926 3647 relictis
981 3590 1110 3644 ﬁliis
1145 3590 1386 3660 legitimo
1432 3598 1552 3643 toro
1588 3588 1732 3643 natis
1780 3590 2143 3659 septuaginta,

580 3697 717 3750 quos
782 3697 849 3737 ex
908 3680 1157 3750 pluribus
1213 3678 1477 3733 uxoribus
1530 3688 1872 3746 susceperat,
1925 3688 1978 3732 et
2034 3694 2147 3733 uno

580 3773 766 3841 spurio
819 3787 851 3826 e
891 3770 1198 3826 concubina
1252 3778 1403 3823 nato.
1453 3769 1592 3822 Hinc
1642 3765 1863 3823 Manoas
1918 3778 2147 3839 accepto

581 3865 842 3919 divinitus
868 3864 1142 3934 promisso
1194 3862 1361 3915 tilium
1395 3859 1584 3931 gignit.
1615 3860 1704 3914 cui
1739 3858 2026 3915 Samsonis
2052 3876 2149 3914 no-

583 3974 705 4012 men
738 3967 824 4012 est
854 3956 1106 4017 inditum.
1139 3955 1283 4025 quod
1334 3969 1400 4007 ex
1442 3954 1890 4022 interpretatione
1922 3950 2143 4021 Josephi

579 4052 857 4105 robustum
886 4048 1176 4118 signiﬁcat.
1222 4045 1427 4101 Eodem
1452 4060 1573 4099 cum
1608 4044 1710 4098 hoc
1738 4051 1982 4114 tempore
2011 4042 2147 4096 ilcr-

576 4141 733 4195 cules
762 4138 1154 4209 quoque,vixit.
1189 4138 1319 4191 Erat
1340 4145 1522 4189 autem
1559 4134 1807 4189 Samsoni
1840 4143 1948 4187 tam
1975 4133 2148 4188 virilia

574 4232 818 4297 animus,
848 4239 908 4284 ut
943 4245 1067 4284 cum
1099 4228 1298 4284 Gazam
1333 4227 1614 4297 ingressus
1648 4227 1715 4279 ad
1748 4225 2147 4279 merctriculam

580 4321 876 4390 quamdam
905 4320 1215 4375 divertissct
1247 4329 1410 4387 atque
1451 4317 1519 4371 ab
1551 4317 1744 4371 incolis
1794 4314 1980 4385 oppidi
2028 4316 2150 4369 uni-

585 4413 762 4468 versis
792 4412 1183 4475 custodiretur,
1213 4409 1466 4477 manibus
1488 4408 1604 4463 suis
1631 4415 1817 4477 portas
1847 4421 1969 4460 cum
1994 4421 2152 4476 repa-
2182 4432 2228 4489 υ

578 4501 724 4571 gulis
750 4498 1007 4555 evulseril
1039 4509 1202 4569 atque
1248 4498 1320 4552 ita
1351 4495 1556 4567 oppido
1596 4495 1667 4549 sit
1692 4508 1965 4563 egressus.
2001 4492 2144 4559 Quin

574 4594 746 4648 etiam
774 4594 1086 4663 priusquam
1123 4592 1229 4645 hoc
1265 4588 1563 4652 accideret,
1592 4595 1849 4656 suscepto
1882 4585 2148 4641 adversus

580 4685 900 4741 Palaestinos
948 4683 1111 4746 bello,
1146 4679 1399 4749 quiddam
1447 4676 1760 4745 huiusmodi
1810 4674 1959 4730 fecit.
2019 4674 2151 4731 Erat

582 4785 803 4844 tempus
823 4773 1093 4844 aestivum,
1143 4769 1366 4838 jamque
1416 4766 1631 4820 fructus
1661 4765 1736 4819 ita
1770 4772 2150 4819 maturucrant

581 4873 645 4916 ut
670 4840 864 4915 messis
894 4840 1197 4928 appeteret,
1234 4871 1356 4910 cum
1397 4855 1589 4909 Samso
1622 4856 1878 4909 trecentis
1897 4855 2147 4925 vulpibus

582 4953 758 5021 captis
795 4966 980 5006 earum
1030 4949 1219 5004 caudis
1252 4947 1396 5003 faces
1426 4947 1679 5001 ardentes
1727 4946 1934 5017 alligat,
1976 4956 2143 5018 atque

485 5110 493 5119 .
585 5043 658 5095 ita
692 5041 745 5094 in
780 5040 1188 5095 Palestinorum
1238 5053 1395 5107 agros
1424 5052 1515 5090 cas
1551 5035 1817 5090 immittit.
1854 5036 1966 5091 Hoc
1988 5048 2147 5107 pacto

585 5134 797 5201 segetes
828 5145 1013 5184 eorum
1041 5138 1247 5183 exusta:
1281 5127 1522 5183 fuerunt.
1582 5124 1665 5179 Illi
1716 5127 1994 5196 segetibus
2025 5145 2148 5184 suc-

586 5225 766 5278 censis
789 5223 987 5278 bellum
1018 5223 1274 5277 lsraelitis
1294 5221 1809 5299 faciunysimulque
1828 5222 2145 5279 Samsoncm

657 5402 769 5475 (52)
796 5401 1206 5475 Prometheum,
1236 5399 1537 5475 Orpheum,
1598 5400 1974 5469 [Esculapium
2026 5416 2142 5455 me-

582 5473 874 5534 dicum,ac
903 5473 1262 5544 legislatorein
1322 5474 1645 5544 Lycurgum,
1688 5480 1945 5544 tauquam
2004 5486 2147 5524 coae-

592 5556 786 5600 taneos
809 5545 1149 5611 ad'tempora
1193 5541 1381 5595 Baraci
1437 5553 1491 5597 et
1512 5541 1743 5596 ’l)ebora:
1804 5541 1989 5611 refert,
2022 5555 2144 5593 cum

589 5629 769 5668 tamen
820 5613 984 5666 variis
1022 5610 1417 5680 idistinctisque
1459 5612 1694 5666 vixerint
1741 5610 2080 5680 temporibus
2125 5626 2139 5662 :

589 5683 683 5739 sed
720 5683 897 5754 Glycm
952 5678 1343 5751 ἁνιστορησίαξ
1396 5684 1492 5737 καὶ
1524 5678 2029 5751 παραχρονισμους,
2086 5689 2143 5732 ιιι

2314 2034 2495 2102 Δεῖξαι
2527 2035 2583 2089 δὲ
2637 2035 2808 2089 θέλων
2839 2038 2865 2090 6
2896 2038 3029 2101 Θεὸς
3078 2038 3159 2091 ὅτι
3195 2039 3260 2107 τῇ
3286 2037 3516 2107 δυνάμει
3544 2038 3706 2091 αὑτοῦ
3742 2036 3819 2091 τὰ

2244 2128 2421 2181 πάντα
2444 2128 2684 2196 γίνονται
2719 2130 2815 2181 καὶ
2834 2129 2893 2180 ού
2921 2130 3116 2199 πλήθει
3153 2129 3307 2194 λαοῦ,
3345 2130 3705 2196 συμϐουλεύει
3734 2130 3816 2199 τῷ

2243 2218 2471 2283 Γεδεὼν,
2495 2219 2660 2289 ἡνίκα
2691 2221 2833 2273 κατὰ
2868 2222 3219 2292 Μαδιηναίων
3253 2223 3432 2292 δρμᾷν
3464 2222 3646 2291 male,
3678 2222 3814 2289 περὶ

2248 2310 2523 2384 μεσρῦσαν
2576 2313 2793 2383 ἡμέραν
2854 2315 2913 2366 ὲν
2952 2317 3106 2385 ἀκμῇ
3147 2315 3241 2367 τοῦ
3300 2315 3585 2383 καύματος
3635 2314 3814 2376 ὄντος,

2243 2403 2398 2471 άγειν
2424 2406 2523 2473 τὴν
2564 2406 2826 2476 στρατιὰν
2856 2406 2946 2459 ἐπὶ
2969 2406 3059 2459 τὸν
3097 2407 3364 2476 ποταμὸν,
3410 2407 3654 2469 καὶτοὺς
3712 2406 3816 2475 μὲν

2247 2493 2677 2557 κατακλιθέντας
2709 2495 2808 2548 καὶ
2831 2494 2975 2549 οὕτω
2996 2496 3254 2561 πίνοντας
3277 2496 3544 2566 εὐψύχους
3571 2496 3818 2565 ὑπολαμ-

2248 2584 2454 2648 ϐάνειν,
2483 2586 2600 2637 ὅσοι
2623 2584 2668 2638 δ’
2693 2586 2760 2639 ἂν
2794 2586 3252 2657 ἐσπουδασμένως
3271 2589 3368 2641 καὶ
3400 2589 3540 2658 μετὰ
3582 2589 3818 2659 θορύϐου

2250 2673 2494 2737 πίνοντες
2540 2675 2779 2745 τύχοιεν,
2814 2676 3037 2741 τούτους
3075 2678 3141 2748 δὴ
3194 2681 3440 2748 νομίζειν
3475 2680 3582 2733 ὑπὸ
3603 2680 3813 2744 δειλίας

2245 2765 2404 2819 τοῦτο
2436 2766 2690 2835 πάσχειν.
2717 2768 2824 2821 Τοῦ
2863 2769 3049 2839 μέντοι
3078 2770 3286 2823 Γεδεὼν
3317 2771 3459 2824 κατὰ
3482 2773 3579 2834 τὰς
3603 2772 3809 2842 {attolli}-

2247 2873 2349 2917 κας
2377 2854 2471 2909 τοῦ
2528 2855 2665 2910 Θεοῦ
2705 2858 3030 2927 ποιήσαντος
3077 2862 3380 2929 τριακόσιοι
3441 2863 3631 2934 ἄνδρες
3657 2865 3817 2934 εὑρέ-

2248 2946 2420 3015 θησαν
2452 2948 2572 3010 ταῖς
2598 2949 2755 3018 χερσὶ
2798 2949 2939 3018 μετὰ
2966 2950 3172 3020 τρόμου
3216 2955 3717 3023 προσενεγκάμενοι
3750 2958 3816 3009 τὸ

2250 3038 2415 3108 ὕδωρ,
2447 3039 2520 3103 ὡς
2550 3040 2809 3110 Ἰώσηπος
2836 3043 3063 3112 ἱστορεῖ.
3089 3043 3252 3097 Ὅθεν
3280 3047 3374 3099 καὶ
3391 3047 3478 3100 διὰ
3511 3050 3619 3100 τῶν
3636 3050 3817 3114 τοιούτ

2248 3150 2354 3185 των
2385 3133 2489 3203 ἔφη
2508 3134 2535 3186 6
2561 3134 2691 3197 Θεὸς
2719 3138 2832 3199 τοῖς
2865 3138 3151 3206 πολεμίοις
3181 3139 3458 3210 ἐμϐαλεῖν.
3490 3141 3697 3206 Νυκτὸς
3717 3143 3820 3197 οὖν

2248 3220 2433 3288 αὐτοῖς
2465 3228 2886 3297 ίπεμϐαίνουσι,
2921 3218 3232 3299 σάλπιγγας
3255 3235 3379 3284 ταῖν
3415 3236 3593 3303 χεροῖν
3620 3235 3822 3304 φέρον-

2247 3334 2339 3382 τες
2365 3321 2458 3371 καὶ
2492 3320 2785 3390 λαμπάδας
2819 3322 3136 3392 ἁπτομένας
3168 3326 3314 3389 ἐντὸς
3347 3326 3587 3395 ἀγγείων
3624 3327 3814 3382 τινῶν.

2317 3491 2431 3574 καὶ
2483 3493 2511 3544 6
2569 3493 2668 3562 μὲν
2701 3493 2908 3547 Γεδεὼν
2952 3497 3179 3565 τηραιδς
3232 3498 3481 3571 τελευτᾷ,
3530 3502 3719 3565 παῖδες
3756 3502 3819 3555 δὲ

2246 3576 2385 3652 ἦσαν
2418 3583 2565 3653 αὑτῷ
2615 3585 2825 3655 γνήσιοι
2864 3587 2963 3655 μὲν
2997 3588 3041 3639 o'
3088 3588 3309 3653 (πολλάς
3349 3593 3458 3664 γὰρ
3503 3593 3675 3664 ἔγημε
3719 3612 3824 3663 γυ-

2247 3676 2486 3743 νλῖκας),
2521 3676 2675 3740 νόθος
2712 3676 2769 3730 δὲ
2815 3673 2897 3741 εἷς
2931 3680 2992 3732 ὲκ
3021 3681 3322 3750 παλλακῆς.
3368 3683 3459 3747 Ἐξ
3484 3686 3818 3753 ἐπαγγελίας

2246 3770 2423 3821 τίκτει
2453 3770 2480 3821 ὁ
2517 3770 2737 3835 Μανωὲ,
2778 3769 2836 3823 τὺ
2879 3770 2937 3824 δὲ
2982 3772 3249 3843 γεννηθὲν
3286 3773 3497 3829 παιδίον
3535 3776 3626 3845 Σα.ζ
3656 3778 3815 3847 ψῶνα

2248 3857 2505 3911 καλοῦσιν
2527 3874 2542 3890 ο
2583 3861 2838 3929 ἰσχυρὸν
2861 3862 2918 3915 δὲ
2950 3862 3094 3915 κατά
3136 3864 3229 3917 τὸν
3267 3864 3528 3934 Ἰώσηπον
3559 3871 3817 3937 σημαίνει

2248 3950 2308 4002 τὸ
2356 3949 2548 4019 ὄνομα.
2598 3951 2914 4018 Τηνικαῦτα
2964 3954 3060 4008 καὶ¹
3105 3956 3383 4028 Ἡρακλῆς
3433 3959 3670 4029 ἤκμαζε.
3711 3962 3817 4014 Το-

2252 4040 2441 4094 σοῦτον
2470 4042 2537 4112 δὴ
2563 4039 2632 4113 ἦν
2660 4044 2901 4113 ἀνδρεῖος
2927 4046 2955 4098 6
2994 4046 3232 4116 Σαμψὼν
3265 4048 3346 4100 ὅτι
3393 4052 3485 4111 καὶ
3515 4050 3607 4102 ἐπὶ
3635 4049 3815 4115 Γάζαν

2252 4132 2512 4186 εἰσελθὼν
2572 4133 2669 4187 καὶ
2723 4134 2877 4206 παρὰ
2923 4137 3093 4208 πόρνῃ
3140 4140 3245 4191 τινί
3284 4141 3598 4209 καταχθεὶς,
3628 4142 3815 4211 ἐπειδὴ
3886 4152 3897 4161 ‘

2252 4228 2621 4296 παρετηρεῖτο
2680 4228 2831 4298 παρὰ
2887 4229 2996 4280 τῶν
3052 4231 3264 4293 ἐκεῖσε,
3322 4232 3686 4303 ἀνεμόχλευσε
3728 4235 3817 4289 διὰ

2252 4317 2452 4386 χειρῶν
2488 4318 2583 4380 τὰς
2632 4318 2805 4381 πύλας
2836 4321 2931 4372 καὶ
2962 4320 3206 4390 ἐξῆλθεν.
3257 4323 3415 4378 Ἀλλὰ
3443 4328 3537 4378 καὶ
3566 4327 3672 4397 πρὸ
3696 4329 3822 4381 τού-

2252 4426 2349 4461 του
2401 4410 2543 4463 κατά
2599 4410 2970 4465 Παλαιστινῶν
3002 4413 3141 4482 ἔχων
3188 4416 3216 4466 ὁ
3259 4415 3499 4485 Σαμψὼν
3536 4418 3587 4470 τί
3638 4423 3818 4486 ποιεῖς

2253 4501 2456 4571 Θέρους
2517 4504 2665 4566 δντος
2721 4504 2819 4558 καὶ
2874 4505 3008 4575 πρὸς
3044 4506 3256 4575 ἁμητὸν
3304 4509 3412 4581 ⁴ᾔδη
3459 4510 3567 4563 τῶν
3589 4513 3822 4581 καρπῶν

2255 4590 2609 4660 ἀκμαζόντων
2641 4591 2919 4646 συλλαϐὼν
2950 4595 3048 4658 τὰς
3106 4595 3416 4659 ἀλώπεκας.
3459 4601 3552 4653 καὶ
3586 4601 3696 4654 τῶν
3729 4604 3824 4655 ού-

2260 4681 2369 4750 ρῶν
2400 4681 2584 4734 αὐτῶν
2629 4682 2831 4753 ἐξάψας
2862 4686 3151 4755 λαμπάδας
3179 4689 3452 4758 ἡμμένας,
3486 4691 3713 4760 ἀφίησιν
3739 4694 3823 4755 είς

2255 4771 2354 4833 τὰς
2386 4770 2624 4842 ἀρούρας
2654 4773 2762 4829 τῶν
2793 4775 3187 4838 Παλαιστινῶν.
3224 4780 3317 4831 καὶ
3360 4779 3504 4833 οὕτω
3531 4775 3656 4843 τοὺς
3684 4799 3817 4851 καρ»

2257 4860 2393 4923 ποὺς
2422 4861 2604 4915 αὐτῶν
2655 4863 2986 4935 διέφθειρεν.
3029 4868 3091 4919 Ol
3139 4864 3233 4921 οῦν
3278 4870 3565 4939 ἀλλόφυλοι
3595 4873 3734 4938 μετὰ
3759 4874 3823 4926 τὸ

2254 4952 2645 5022 ἐμπρησθῆναι
2673 4955 3036 5027 τάςνάρούρας
3062 4959 3241 5012 αὐτῶν
3270 4961 3507 5030 πόλεμον
3527 4962 3663 5032 πρὸς
3690 4966 3823 5028 mi);

2268 5040 2611 5112 Ἰσραηλίτας
2654 5046 3009 5111 συνάπτουσι,
3070 5050 3162 5103 τὸν
3213 5051 3451 5121 Σαμψὼν
3505 5054 3822 5124 αἰτούμενοι

2252 5132 2485 5188 ἔκδοτον.
2523 5136 2587 5187 Τί
2607 5124 2710 5189 οὖν
2737 5138 2786 5189 oi
2828 5138 3160 5210 Ἰσραηλῖται
3192 5158 3207 5205 ;
3253 5143 3366 5209 Τῃν
3397 5143 3503 5195 τῶν
3548 5144 3824 5214 πολεμίων

2252 5225 2485 5289 δεδιότες
2535 5226 2725 5296 ἔφοδον
2780 5229 3003 5302 δέσμιον
3051 5233 3235 5296 αὐτοῖς
3279 5234 3372 5287 τὸν
3411 5236 3648 5307 Σαμψὼν
3677 5239 3823 5291 ἐκδι-

2252 5401 2373 5484 εῙιιιιι
2399 5405 2605 5484 monui,
2642 5407 2945 5484 emendare
2982 5417 3077 5463 aut
3138 5409 3384 5484 refellere
3439 5426 3546 5484 non
3576 5421 3662 5466 est
3711 5412 3822 5467 mei

2254 5478 2485 5549 instituti
2514 5492 2529 5537 ;
2584 5491 2687 5549 nec
2719 5478 2861 5531 idem
2902 5479 3114 5533 sincere
3149 5479 3337 5541 refert,
3362 5498 3483 5549 quae
3512 5482 3578 5535 de
3606 5491 3826 5536 trecen-

2254 5542 2629 5619 tis‘Gedeonis
2672 5551 2738 5600 ad
2788 5562 3027 5616 pugnant
3087 5549 3292 5619 paratis
3353 5542 3823 5607 commilitonibus

2252 5611 2497 5669 referunt
2522 5629 2691 5671 sacra:
2740 5611 2968 5686 paginae.
