4110 6194
50 3874 59 4387 l

284 274 391 335 an
1540 276 1941 338 ANNALIUM
1987 278 2183 337 PARS
2226 258 2316 339 lt.
3450 290 3554 354 διε

282 384 462 436 δὶασι.
504 383 613 438 Καὶ
645 382 702 447 ὃς
735 383 859 437 ἰδὼν
882 384 1123 449 ἐκείνους
1153 387 1507 457 ὁρμήσαντας
1552 387 1672 441 κατ’
1701 388 1869 442 αὐτοῦ

1981 389 2077 443 sibi
2117 390 2238 445 dedi
2294 391 2509 460 jubent.
2556 394 2695 463 Quid
2750 398 2840 455 hic
2888 397 3092 455 factum
3142 401 3210 456 ab
3250 400 3557 461 Israelitis?

281 478 350 528 τὰ
399 476 503 545 μὲν
552 476 728 545 δεσμὰ
756 477 1037 547 διέρρηξε,
1075 478 1304 546 σιαγόνα
1331 480 1387 533 δὲ
1424 478 1547 531 ὄνου
1576 478 1761 533 λαϐὼν
1786 472 1875 551 ’χι-

283 566 436 630 λίους
479 567 680 629 ἄνδρας
710 568 821 617 τῶν
857 566 1173 635 ἀλλοφύλων
1209 568 1549 624 ἀπέκτεινεν.
1592 568 1753 622 Ὅθεν
1783 571 1878 624 ἐπὶ

280 659 551 711 τοσοῦτον
582 658 989 727 ἀγωνιζόμενος
1016 658 1120 711 ὑπὸ
1147 658 1334 729 δίψους
1361 659 1650 727 ἐφλέγετο.
1683 660 1876 713 Δὲεται

280 746 379 803 οὖν
424 750 522 803 τοῦ
562 749 724 816 Θεοῦ,
765 752 859 803 καὶ
886 750 1195 821 τηνικαῦτα
1240 752 1650 821 παραμυθεῖται
1676 752 1873 804 αὐτόν·

282 844 319 910 ὴ
347 841 462 911 γὰρ
508 841 717 910 σιαγὼν
758 842 889 913 παρ’
922 842 1094 895 αὐτοῦ
1122 842 1440 898 ἒκθλιῦεῖσα
1468 842 1613 913 ὕδωρ
1647 844 1876 896 ἒόλυσεν

281 936 542 1004 ἄφθονον.
584 934 749 987 Ὅθεν
782 938 813 997 ἠ
850 935 1077 1005 τοιαύτη
1139 937 1291 1007 πηγὴ
1347 936 1511 1008 μέχρι
1551 937 1645 989 καὶ
1706 936 1877 1007 τήμε-

285 1045 381 1098 ρον
414 1030 475 1080 ὲν
528 1029 644 1089 τοῖς
672 1026 1022 1097 προαστείοις
1062 1026 1569 1104 Ἑλευθεροπόλεως
1598 1027 1874 1096 φαίνεται,

287 1120 546 1186 σιαγόνος
592 1117 1048 1188 ὲπονομαζομένη
1100 1121 1277 1189 πηγή.
1322 1118 1381 1171 Ὃ
1417 1117 1516 1189 μὲν
1562 1115 1656 1171 οὖν
1687 1118 1878 1188 Ἰώση-

285 1213 384 1275 πός
416 1228 588 1281 φησιν
648 1212 729 1263 ὅτι
764 1214 830 1281 τῇ
884 1212 1065 1282 οἰκείᾳ
1101 1211 1358 1280 δυνάμει,
1406 1212 1502 1264 καὶ
1532 1211 1593 1263 οὐ
1632 1209 1709 1282 τῷ
1760 1210 1878 1281 Θεῴ

279 1304 383 1373 τὴν
406 1303 568 1371 νίκην
600 1300 1053 1370 ἐπιγραψάμενος
1090 1300 1316 1372 διψῆσαι
1345 1342 1358 1366 ,
1390 1301 1531 1354 κατά
1562 1302 1696 1354 πολὺ
1744 1319 1876 1371 συγ-

281 1378 627 1465 κεχώρηται.
668 1393 814 1461 Πλὴν
844 1394 872 1445 ὁ
897 1392 1154 1456 τοσοῦτος
1182 1393 1280 1463 τὴν
1314 1395 1466 1464 ἰσχὺν
1491 1395 1596 1448 ὑπὸ
1619 1396 1879 1463 γυναικὸς

285 1490 535 1556 κατέστη
581 1486 836 1554 παίγνιον
892 1486 1144 1556 ὕστερον.
1180 1488 1333 1539 Μετὰ
1368 1488 1540 1540 ταῦτα
1590 1492 1697 1558 γὰρ
1738 1489 1878 1558 ἠγά-

291 1590 443 1641 πησε
469 1574 571 1644 τὴν
615 1574 679 1625 ἐκ
720 1574 1095 1627 Παλαιστινὼν
1126 1575 1381 1638 Δαλιλάν,
1416 1576 1539 1645 ἥτις
1574 1580 1727 1647 παρὰ
1769 1578 1878 1630 τῶν

281 1666 611 1734 ἀλλοφύλων
674 1666 1128 1737 δωροφορηθείσα
1198 1668 1350 1737 ἠξίου
1411 1671 1573 1722 αὐτὸν
1640 1670 1879 1734 ἐξειπεῖν

1983 480 2259 534 Nimirum
2292 483 2367 537 illi
2403 485 2631 541 hostiles
2663 490 2917 545 incursus
2945 492 3103 547 veriti
3128 493 3369 549 vinctum
3397 495 3556 552 Sam-

1980 587 2170 627 sonem
2204 575 2283 629 eis
2310 576 2538 632 dedunt.
2575 577 2672 634 llic
2715 597 2837 636 cum
2891 582 2983 638 ille
3028 584 3342 641 Palmstinos
3381 589 3449 644 ad
3495 604 3557 646 se

1978 666 2374 723 contendentes
2403 682 2678 737 cerneret,
2714 673 2889 743 ruptis
2914 676 3147 730 vinculis
3178 677 3372 746 quibus
3391 682 3556 737 astri-

1980 764 2100 809 Ctus
2128 765 2266 823 erat,
2315 758 2453 813 asini
2504 763 2777 817 maxillam
2844 775 3039 820 nactus
3069 768 3217 822 mille
3248 770 3433 826 hostes
3468 774 3558 826 in-

1980 848 2198 902 terﬁcit.
2267 851 2416 917 ,Cum
2481 862 2662 908 autem
2745 864 2896 909 tanta
2951 859 3149 913 virium
3204 864 3557 919 contentione

1982 939 2320 1008 praeliaretur
2349 944 2403 995 in
2441 942 2677 1009 hos‘em,
2710 946 2910 1002 accidit
2944 958 3003 1003 ut
3054 950 3173 1005 sitis
3202 952 3400 1010 ardens
3429 970 3557 1010 eum

1982 1029 2224 1099 graviter
2281 1029 2567 1100 afﬂigeret.
2629 1032 2976 1103 Quapropter
3054 1035 3222 1090 Deum
3283 1038 3559 1106 obsecrat,

1980 1120 2072 1189 qui
2105 1135 2231 1174 mox
2266 1137 2437 1191 opem
2477 1124 2840 1193 suppeditans
2882 1126 3161 1181 hominem
3225 1129 3557 1186 consolatur.

1981 1210 2195 1281 Quippe
2227 1212 2293 1267 de
2321 1214 2560 1279 maxilla,
2604 1231 2766 1284 quam
2819 1217 3118 1287 abjecerat,
3165 1218 3354 1290 ingens
3405 1236 3561 1291 aqua:

1982 1303 2139 1371 copia
2175 1304 2541 1369 promanavit.
2579 1304 2757 1375 Atque
2810 1306 2900 1362 hic
2948 1304 3067 1361 fons
3122 1308 3176 1362 in
3233 1310 3559 1366 hodiernum

1981 1408 2155 1462 usque
2192 1393 2334 1447 diem
2370 1393 2423 1447 in
2454 1395 2898 1466 Eleutheropolis
2917 1400 3185 1459 suburbio
3226 1403 3563 1472 conSpicitur

1981 1493 2034 1538 et
2066 1482 2212 1540 Fons
2262 1486 2495 1541 maxillae
2541 1498 2915 1557 nuncupatur.
2950 1489 3127 1558 Atque
3173 1491 3278 1545 hoc
3317 1493 3437 1549 loco
3468 1493 3564 1550 Jo-

1982 1578 2188 1647 scphus
2220 1579 2317 1643 ait,
2353 1579 2497 1645 quod
2531 1580 2646 1634 suis
2694 1580 2927 1644 viribus,
2962 1597 3070 1635 non
3122 1581 3231 1637 Deo
3272 1585 3559 1642 victoriam

1982 1676 2265 1737 acceptam
2317 1668 2555 1735 tulisset,
2606 1679 2754 1725 tanta
2812 1671 2903 1726 siti
2956 1687 3076 1727 esse
3123 1683 3399 1730 vexatum.
3452 1679 3561 1733 Sed

275 1760 421 1829 αὐτῇ
458 1759 516 1809 ἒν
546 1759 655 1811 τίνι
686 1761 945 1827 τυγχάνει
989 1762 1020 1829 ἡ
1056 1760 1209 1829 ἰσχὺς
1250 1760 1440 1814 αὐτοῦ.
1480 1762 1587 1813 Καὶ
1617 1761 1676 1824 δς
1706 1778 1875 1830 παρεο

1981 1758 2127 1813 enim
2173 1769 2328 1814 tanto
2385 1762 2465 1814 vir
2517 1773 2785 1831 praestans
2834 1765 3036 1819 robore
3090 1766 3349 1839 deinceps
3396 1770 3563 1825 unius

275 1849 538 1914 λογίζετο
583 1851 683 1919 μὲν
717 1851 890 1920 αὐτὴν
940 1852 1009 1904 τὰ
1043 1851 1263 1922 πρῶτα,
1301 1852 1514 1921 λέγων’
1557 1871 1576 1905 ι
1616 1854 1743 1906 Ἐὰν
1781 1854 1877 1924 δή-

277 1940 421 1991 σωσί
457 1956 525 2008 με
559 1942 615 1993 ἐν
641 1940 780 1993 ὲπτά
817 1942 1152 2011 κληματίσιν
1177 1943 1399 2013 ὑγραῖς,
1430 1944 1596 2013 ἤγουν
1629 1947 1874 2016 νευραῖς,

280 2032 564 2101 ἀτονήσω,
598 2036 695 2088 καὶ
724 2033 921 2103 ἔσομαι
948 2034 1021 2099 ὡς
1059 2029 1140 2097 εἷς
1181 2036 1294 2088 τῶν
1328 2037 1658 2106 ἀνθρώπιον.
1700 2057 1720 2090 ι
1770 2040 1878 2094 καὶ

280 2125 351 2195 δὴ
374 2125 623 2179 λαϐοῦσα
653 2129 852 2197 νευρὰς
894 2128 1083 2199 ἔδησεν
1121 2130 1311 2193 αὑτὸν,
1371 2125 1474 2183 εἶθ’
1517 2131 1690 2201 οὕτως
1722 2132 1879 2203 ἐϐόη-

279 2232 381 2269 σεν
407 2234 419 2248 ·
461 2235 481 2268 ι
530 2218 850 2288 Ἀλλόίρυλοι
886 2221 981 2273 ἐπὶ
1034 2220 1118 2285 σὲ,
1152 2222 1414 2293 Σαμψών.
1449 2242 1468 2274 ι
1513 2223 1623 2276 Καὶ
1661 2224 1719 2287 ὃς
1749 2226 1878 2278 ἀνα-

282 2312 424 2374 στάς
454 2310 745 2383 δίερῤηξεν
778 2312 968 2378 αὑτάς.
1018 2313 1497 2383 Παραλογισθεῖσα
1530 2314 1623 2369 οὖν
1665 2318 1877 2371 ἐινέκει⁸

276 2414 372 2460 το,
406 2399 505 2449 καὶ
536 2395 695 2463 αὖθις
728 2399 881 2469 ⁴ᾕξίου
921 2402 1116 2471 μαθεῖν
1148 2402 1273 2457 ὅθεν
1303 2406 1336 2473 ἠ
1382 2405 1535 2474 ἰσχὺς
1570 2407 1738 2477 αὐτῷ.
1768 2410 1878 2462 Καὶ

278 2486 346 2551 ὃς
397 2490 629 2543 ἀπατῶν
693 2491 865 2563 αὐτὴν
922 2493 1147 2562 ἔλεγεν·
1184 2513 1203 2547 t
1247 2496 1375 2550 Ἐἀν
1424 2497 1634 2568 δήσωσί
1699 2514 1767 2569 με
1817 2504 1878 2555 ἐν

276 2580 431 2634 ἐτττά
481 2582 766 2647 καλωδίοις
799 2584 1067 2650 ἀθίκτοις,
1114 2587 1357 2657 ἐκλείψει
1409 2592 1442 2660 ἠ
1493 2593 1647 2663 ἰσχύς
1683 2612 1807 2664 μου.
1852 2613 1870 2646 ι

276 2674 610 2745 Ποιησάσης
654 2669 749 2729 οὖν
798 2677 893 2730 καὶ
931 2678 1112 2745 τοῦτο,
1141 2681 1234 2733 καὶ
1270 2681 1549 2753 βοησάσης
1579 2702 1593 2718 ·
1631 2704 1649 2737 ι
1696 2687 1878 2741 Ἀλλό-

279 2767 455 2837 φυλοι
486 2769 580 2821 ἐπὶ
622 2768 704 2835 σὲ,
736 2769 1000 2840 Σαμψὼν,
1035 2789 1052 2822 t
1093 2772 1381 2843 διέρρηξεν
1416 2776 1557 2829 αὐτά
1593 2779 1873 2850 παραχρῆ-

289 2878 376 2930 μα
435 2860 505 2913 ἐκ
560 2862 671 2914 τῶν
729 2862 1033 2933 βραχίονων
1066 2863 1256 2916 αὑτοῦ.
1286 2865 1456 2917 Πάλιν
1488 2864 1582 2918 οὖν
1618 2868 1877 2940 ἀξιούσης

279 2952 465 3023 αὐτῆς
508 2953 695 3022 ἔλεγεν
724 2969 738 2984 ·
776 2973 794 3005 ι
840 2954 967 3006 Ἐὰν
1024 2955 1151 3017 τοὺς
1213 2956 1355 3007 ἐπτά
1405 2955 1741 3026 βοστρύχους
1780 2959 1878 3027 τῆς

280 3045 533 3115 κεφαλῆς
561 3064 662 3117 μου
693 3047 991 3110 διεστῶτας
1031 3047 1125 3099 ἀπ’
1152 3047 1401 3117 ἀλλήλων
1450 3050 1547 3100 ἐπὶ
1577 3050 1873 3105 πασσάλων

282 3139 530 3210 ἑκδήσῃς
576 3139 671 3191 καὶ
701 3139 799 3192 ἐπὶ
848 3139 943 3192 τοῦ
989 3139 1172 3209 τοίχου
1205 3139 1550 3211 προσπήξῃς,
1586 3141 1868 3211 ἀσθενήσω

283 3231 381 3284 καὶ
409 3230 609 3299 ἔσομαι
643 3230 718 3295 ὡς
772 3232 819 3284 οἱ
869 3231 1045 3285 λοιποὶ
1075 3232 1247 3300 κάγώ.
1291 3252 1309 3284 ι
1362 3228 1735 3304 ’Ἀποτυχοῦσα
1775 3233 1869 3289 οὖν

287 3322 392 3374 κάν
425 3322 606 3393 τούτῳ
632 3323 946 3393 ὲξελιπάρει
1005 3322 1169 3376 αὐτὸν
1204 3318 1362 3386 αὖθις
1392 3339 1406 3353 ⁶
1435 3323 1556 3378 ὅθεν
1599 3324 1869 3377 ἀνακαλύ-

289 3415 493 3468 πτειτὸ
515 3416 851 3487 ἀπόρρητον,
875 3416 971 3469 καὶ
1000 3414 1142 3469 οὕτω
1176 3416 1309 3484 φησὶ
1329 3416 1466 3486 πρδς
1499 3416 1670 3486 αὐτήν
1691 3432 1703 3445 ο
1735 3415 1870 3468 «Ξυ-

288 3509 382 3577 ρὺν
410 3510 506 3561 ἐπὶ
531 3511 633 3578 τὴν
668 3509 913 3579 κεφαλήν
954 3527 1055 3578 μου
1089 3509 1189 3561 οὐκ
1222 3507 1415 3575 ἀνέϐη,
1441 3509 1525 3561 ὃτι
1555 3507 1869 3577 Ναζαραίος

289 3601 423 3652 Θεοῦ
459 3602 581 3669 εἰμι
612 3600 722 3668 ἐγὼ
751 3604 813 3653 ὲκ
840 3600 1044 3661 κοιλίας
1083 3601 1287 3671 μητρός
1323 3618 1449 3661 μου.
1488 3601 1597 3653 Καὶ
1625 3601 1671 3651 εί
1707 3599 1872 3669 ξυρή-

290 3710 511 3763 σωμαι,
550 3693 859 3763 ἀσθενήσω,
910 3693 1006 3746 καὶ
1067 3694 1445 3762 ἀποστήσεται
1504 3691 1597 3744 ἀπ’
1648 3691 1780 3760 ἐμοῦ
1834 3693 1868 3760 ή

292 3784 446 3855 ἰσχύς
499 3801 628 3855 μου,
682 3785 777 3838 καὶ
832 3784 1034 3854 ἔσομαι
1089 3784 1165 3847 ὡς
1220 3779 1302 3847 εἷς
1340 3781 1801 3854 τῶνάνθρώπων.
1847 3800 1866 3833 ι

293 3875 755 3945 Κατακοιμίσασα
806 3873 899 3927 οὖν
941 3875 1103 3928 αὐτὸν
1144 3876 1178 3945 ή
1227 3874 1428 3928 Δαλιλά
1469 3873 1704 3945 ὲξύρησε
1728 3913 1742 3936 ,
1776 3874 1873 3928 καὶ

289 3965 448 4017 τοῦτο
469 3967 746 4034 ποιήσασα
786 3964 1013 4032 ὲῦόησεν
1035 3980 1048 3994 ο
1084 3982 1101 4015 t
1151 3963 1470 4031 ’Λλλόφυλοι
1500 3966 1591 4017 ἐπὶ
1613 3964 1694 4030 σὲ,
1729 3964 1875 4029 Σαμ-

289 4056 428 4125 ψών.
466 4074 487 4108 ι
524 4055 634 4108 Καὶ
677 4054 737 4117 ὃς
797 4054 1041 4117 ἀναστὰς
1088 4054 1276 4106 οὐκέτι
1338 4056 1587 4124 ἐνεργεῖν
1650 4054 1865 4123 ἴσχυεν,

222 4180 237 4193 ι
292 4148 366 4210 ὡς
406 4149 508 4201 xui.
537 4147 823 4215 πρότερον.
873 4145 1086 4199 Οὐκοῦν
1122 4144 1496 4215 ἐμπίπτουσιν
1529 4145 1677 4215 αύτῷ
1703 4146 1752 4197 oi.
1780 4143 1877 4196 ἁλ-

295 4240 543 4308 λόφυλοι,
577 4239 674 4291 καὶ
704 4238 1085 4308 κρατήσαντες
1109 4236 1448 4306 ὲκπηροῦσιν
1479 4236 1665 4289 αὐτόν.
1713 4234 1877 4288 Ἀλλά

295 4333 345 4384 τί
376 4333 437 4385 τὸ
470 4332 614 4400 μετά
649 4330 823 4384 ταῦτα
851 4346 866 4395 ;
898 4331 1169 4384 Ἐκλαυσε
1204 4328 1445 4398 Σαμψὼν
1473 4330 1609 4398 πρὸς
1648 4329 1874 4397 Κύριον,

1982 1850 2319 1905 mulierculas
2350 1866 2516 1922 opera
2552 1855 2768 1911 cunctis
2815 1870 2875 1910 se
2912 1856 3273 1913 deridendum
3306 1861 3559 1929 praebuit.

1979 1941 2112 1998 Nam
2172 1944 2317 2000 haud
2376 1946 2547 2000 multo
2593 1956 2717 2016 post
2771 1963 2956 2004 amore
3017 1950 3199 2007 Dalilae
3265 1951 3561 2009 Palmstinze

1986 2044 2181 2104 captus
2220 2042 2326 2101 est,
2355 2050 2477 2104 qua:
2499 2036 2569 2090 ab
2603 2036 2926 2106 alienigenis
2952 2043 3274 2097 muneribus
3303 2052 3561 2114 corrupta

1981 2129 2201 2196 petebat
2228 2127 2297 2182 ab
2324 2142 2391 2183 eo
2415 2137 2472 2183 nt
2504 2128 2609 2184 sibi
2638 2128 2927 2196 fateretur,
2964 2147 3202 2201 quonam
3233 2134 3286 2188 in
3316 2135 3563 2191 membro

1980 2218 2145 2271 situm
2184 2217 2357 2272 robur
2382 2218 2516 2273 illud
2545 2219 2775 2273 haberet
2830 2220 2968 2274 Tum
3011 2221 3104 2277 ille
3143 2224 3425 2279 mulierem
3457 2225 3564 2279 ini-
3595 2236 3613 2253 ⁸

1981 2307 2056 2362 ιὶο
2087 2308 2283 2363 fallens
2317 2327 2333 2363 :
2370 2327 2389 2360 ‹
2423 2308 2478 2363 Si
2513 2325 2599 2365 me
2647 2309 2804 2382 165
2847 2311 2926 2367 tui
2977 2314 3427 2382 constrinxerint,
3464 2316 3561 2384 ait,

1980 2409 2189 2469 septem
2225 2401 2411 2454 nervis
2437 2399 2701 2468 humidis,
2730 2403 2887 2473 ivires
2939 2419 3025 2458 me
3058 2406 3379 2473 destituent,
3405 2409 3565 2464 simi-

1982 2491 2157 2561 lisque
2190 2491 2405 2547 cazteris
2453 2472 2778 2549 mortalibus
2822 2509 2939 2551 ero.
2972 2513 2992 2548 ι
3030 2496 3127 2550 llla
3155 2514 3289 2553 vero
3330 2501 3563 2570 sumptis

1981 2584 2165 2639 nervis
2207 2583 2484 2639 hominem
2524 2585 2880 2652 constrinxit,
2911 2601 2976 2642 ac
3024 2586 3227 2643 deinde
3263 2589 3562 2645 clamorem

1983 2676 2168 2731 verbis
2221 2677 2373 2732 hisce
2422 2676 2690 2732 sustulit:
2737 2695 2755 2728 ι
2792 2677 3124 2747 Alienigenae
3174 2688 3229 2734 te
3267 2680 3560 2751 invadunt,

1978 2767 2175 2823 Samso
2196 2769 2295 2823 τ’.»
2338 2752 2547 2834 Quibus
2576 2769 2779 2823 auditis
2817 2770 3059 2826 surrexit
3090 2780 3144 2827 et
3178 2787 3381 2831 nervos
3413 2774 3563 2831 lace-

1981 2858 2141 2912 ravit.
2194 2858 2540 2929 QuaprOpter
2593 2859 2684 2913 illa
2738 2860 2967 2930 decepta
3031 2876 3226 2919 rursus
3283 2864 3562 2922 hominem

1980 2964 2029 3019 p;
2046 2949 2471 3019 ecibus-urgere,
2493 2950 2745 3019 scireque
2758 2965 2960 3020 cupere
2978 2968 3227 3021 quaenam
3251 2964 3399 3010 esset
3417 2956 3564 3014 illius

1985 3043 2201 3097 roboris
2256 3058 2440 3097 causa.
2485 3041 2683 3098 Samso
2729 3055 2916 3097 contra
2960 3044 3221 3101 feminam
3256 3046 3467 3114 fallere,
3498 3064 3563 3104 ac

1980 3133 2223 3188 vicissim
2263 3132 2468 3198 dicere,
2497 3134 2541 3187 si
2575 3149 2635 3188 se
2664 3126 2887 3189 funibus
2920 3144 3126 3203 septem
3168 3136 3485 3192 recentibus
3509 3148 3565 3193 et

1975 3225 2186 3279 nullum
2231 3225 2299 3279 ad
2334 3238 2491 3279 usum
2543 3224 2804 3281 adhibitis
2850 3225 3190 3296 colligarent,
3232 3226 3385 3285 vires
3418 3244 3559 3285 suas

1974 3316 2203 3371 omnino
2232 3316 2570 3371 defecturas.
2600 3315 2738 3372 Cum
2772 3317 2875 3372 hoc
2922 3317 3088 3372 etiam
3122 3317 3213 3372 illa
3243 3318 3469 3376 fecisset
3508 3329 3565 3375 ct

1974 3408 2324 3464 inclamassct
2355 3426 2368 3463 :
2404 3426 2422 3460 ι
2460 3409 2798 3480 Alienigena:
2853 3418 2904 3464 te
2952 3410 3241 3477 invadunt,
3280 3408 3501 3477 Samso,
3536 3430 3559 3465 ι

1976 3515 2105 3554 mox
2140 3500 2302 3555 funes
2326 3499 2649 3571 discerpsit,
2694 3501 2895 3570 quibus
2939 3511 3099 3556 erant
3153 3502 3277 3571 ejus
3316 3501 3567 3574 colligata

1974 3591 2218 3645 brachia.
2255 3589 2394 3645 Cum
2431 3594 2632 3646 rursus
2657 3591 2824 3663 igitur
2875 3592 3019 3648 idem
3067 3608 3132 3647 ex
3172 3607 3237 3648 eo
3270 3605 3563 3663 quaereret,

1975 3683 2283 3753 respondit,
2334 3684 2377 3739 si
2423 3684 2621 3755 capitis
2668 3686 2755 3740 sui
2814 3685 3105 3742 cincinnos
3138 3686 3345 3742 divisos
3395 3689 3566 3744 clavis

1976 3776 2223 3845 alligaret
2273 3791 2338 3832 ac
2370 3777 2565 3849 parieti
2626 3777 2890 3853 affigeret,
2926 3779 3160 3835 debilem
3213 3795 3273 3835 se
3317 3779 3562 3836 futurum

1982 3868 2315 3939 reliquisque
2349 3869 2675 3924 mortalibus
2706 3870 3070 3926 consimilem.
3101 3872 3303 3926 Verum
3338 3888 3408 3928 ne
3448 3881 3560 3927 tum

1975 3960 2192 4029 quidem
2230 3960 2339 4013 voti
2366 3974 2588 4029 compos
2614 3959 2756 4013 facta
2787 3962 2855 4015 de
2906 3961 3117 4032 integro
3148 3962 3432 4017 blanditiis
3464 3963 3564 4017 bo-

1977 4052 2179 4105 minem
2239 4064 2469 4105 exorare
2524 4050 2739 4115 nititur,
2778 4052 3133 4120 quamobrem
3185 4052 3277 4106 ille
3337 4053 3558 4108 tandem

1977 4157 2237 4197 arcanum
2271 4142 2320 4196 ei
2358 4140 2656 4211 patefacit:
2688 4160 2707 4193 ι
2749 4140 2947 4211 Capiti,
2990 4142 3089 4207 ait,
3144 4157 3269 4197 meo
3294 4143 3560 4198 novacula

1978 4249 2259 4303 nunquam
2294 4240 2377 4288 est
2424 4233 2677 4299 admota;
2730 4249 2858 4288 nam
2903 4234 3034 4289 inde
3081 4249 3257 4305 usque
3305 4249 3333 4287 a
3372 4244 3565 4290 ventre

1982 4328 2174 4380 matris
2198 4326 2290 4380 Dei
2343 4340 2465 4379 sum
2507 4323 2819 4379 Nazarreus.
2855 4324 3059 4391 Quodsi
3112 4324 3403 4388 tondehor,
3446 4325 3569 4379 abi—

297 4425 387 4475 aut
440 4420 635 4476 εἶπεν
667 4440 687 4474 t
738 4420 972 4475 ’Δδωναῒ
1022 4420 1196 4489 Κύριε
1242 4421 1353 4474 τῶν
1402 4419 1711 4490 δυνάμεων,
1748 4423 1876 4490 μνή-

1988 4431 2121 4474 ιυνω
2172 4428 2299 4474 sunt
2328 4433 2357 4473 a
2413 4432 2500 4473 me
2519 4417 2692 4483 vires,
2734 4426 2791 4472 et
2836 4416 3086 4472 inﬁrmus
3128 4426 3566 4486 cazterorumque

305 4514 454 4584 σθητί
490 4531 593 4583 μου
631 4511 748 4576 νῦν,
787 4515 882 4566 καὶ
938 4512 1159 4582 ἰσχυσόν
1225 4527 1292 4581 με
1345 4511 1427 4563 ἔτι
1482 4508 1633 4576 ἀπαξ
1691 4511 1872 4575 τοῦτο,

307 4605 424 4674 Bst,
454 4606 552 4660 καὶ
593 4604 965 4659 ἀνταποδώσω
1010 4605 1368 4657 ἀνταπόδοσιν
1423 4603 1554 4673 μίαν
1592 4604 1723 4673 περὶ
1768 4604 1877 4656 τῶν

304 4695 390 4749 δύο
420 4698 723 4767 ὀφθαλμῶν
779 4712 882 4764 μου
933 4698 1045 4758 τοῖς
1090 4694 1435 4763 ἀλλοφύλοιςς
1476 4711 1496 4744 ι
1547 4693 1665 4763 Ἐφ’
1696 4688 1741 4762 ᾧ
1785 4694 1880 4747 καὶ

306 4787 363 4838 ού
416 4790 671 4857 παρεῖδεν
707 4787 870 4839 αὑτὸν
926 4785 1471 4856 ὲπικερτομούμενον
1529 4786 1557 4839 ό
1597 4784 1751 4849 Θεός·
1787 4784 1911 4853 καὶ,

310 4878 610 4949 παιδαρίοις
659 4880 770 4951 γὰρ
826 4880 907 4942 είς
956 4879 1172 4947 γέλωτα
1232 4879 1369 4948 μετά
1430 4878 1491 4933 τδ
1533 4878 1881 4949 τυφλωθῆναι

308 4969 619 5041 προύκειτο.
673 4969 998 5040 Παραδόξως
1046 4968 1142 5023 οὖν
1180 4969 1418 5041 ἐνισχύει
1468 4971 1651 5027 αὐτόν.
1698 4961 1884 5039 Ἐφἰἶ)

311 5065 402 5115 καὶ
439 5063 762 5133 καθημένων
812 5063 1035 5115 ἐκείνων
1088 5062 1183 5116 καλ⁵
1236 5062 1547 5132 μεθυόντων
1582 5063 1884 5132 (ἐπινικίων

310 5160 411 5227 γὰρ
449 5157 637 5209 ἕνεκεν
666 5157 782 5217 τοῖς
812 5155 1055 5215 εἰδώλοις
1086 5153 1518 5225 ἐπανηγύριζον)
1550 5152 1882 5224 ὲπιδράσσε-

314 5264 400 5301 ται
427 5250 531 5302 τῶν
581 5250 676 5303 τοῦ
730 5248 881 5302 οἴκου
917 5248 1011 5302 δύο
1046 5248 1243 5302 κιόνων
1279 5251 1337 5301 ὲν
1377 5243 1420 5316 ᾧ
1457 5245 1599 5319 ἦσαν
1635 5248 1884 5319 καθήμε-

313 5357 411 5404 νοι,
440 5345 534 5397 καὶ
569 5343 711 5405 μετά
760 5343 819 5395 τὸ
854 5343 1129 5413 κρατῆσαι
1171 5344 1368 5403 αὐτοὺς
1401 5337 1591 5394 εἶπεν
1650 5360 1669 5393 ι
1718 5342 1881 5395 Ἀπο-

315 5434 516 5488 θανέτω
555 5441 588 5507 ἡ
620 5438 770 5505 ψυχή
805 5453 907 5505 μου
964 5437 1103 5506 μετά
1132 5436 1240 5488 τῶν
1275 5435 1611 5504 ἀλλοφύλων.
1651 5452 1670 5488 ι
1716 5436 1782 5488 Ὃ
1815 5437 1895 5506 δὴ,

323 5531 410 5580 καὶ
440 5531 688 5598 γέγονεν.
735 5528 851 5598 Ἀφ’
883 5525 942 5584 οὗ
994 5530 1088 5583 καὶ
1133 5528 1412 5581 δείκνυσιν
1466 5530 1494 5581 ό
1540 5527 1672 5591 Θεὸς
1704 5527 1780 5592 ὡς
1821 5530 1883 5582 οὐ

388 5709 433 5742 ⁷³
460 5712 636 5767 Judic.
670 5726 786 5778 va,
812 5710 864 5764 9.
924 5708 987 5753 ι⁷⁴
1013 5708 1145 5763 ibid.
1186 5707 1271 5766 i7.
1349 5709 1395 5745 '"
1429 5707 1559 5765 ibid.
1599 5708 1688 5766 58.

1984 4510 2227 4566 omnium
2303 4509 2497 4565 similis
2547 4524 2664 4565 ero.
2724 4508 3069 4580 Quapropter
3123 4508 3217 4563 ubi
3272 4500 3563 4563 hominem

1988 4602 2161 4657 Dalila
2211 4602 2636 4672 consopivisset,
2681 4601 2958 4666 totondit;
3004 4615 3114 4671 quo
3165 4600 3333 4667 facto,
3384 4600 3575 4655 excla-

1983 4702 2097 4749 mat
2128 4711 2142 4747 :
2181 4712 2199 4746 ι
2250 4692 2520 4752 Invadunt
2567 4693 2883 4765 alienigenae
2921 4700 2995 4760 te,
3026 4691 3220 4748 Samso
3245 4694 3311 4748 ".
3351 4711 3370 4745 ι
3425 4692 3575 4745 Tum

1985 4787 2076 4843 ille
2104 4802 2447 4859 consurgens
2475 4800 2587 4841 non
2613 4787 2848 4857 amplius
2878 4800 2945 4841 eo
2969 4784 3216 4855 corporis
3244 4784 3319 4839 uti
3367 4784 3576 4840 robore

1982 4888 2196 4952 poterat
2228 4893 2338 4950 quo
2370 4878 2602 4934 dudum.
2627 4878 2976 4948 Quapropter
3010 4875 3064 4929 in
3092 4890 3217 4930 eum
3247 4873 3569 4944 alienigenae

1983 4973 2223 5038 irruunt,
2251 4972 2643 5041 hominemque
2666 4985 2823 5025 suam
2850 4970 2904 5024 in
2926 4976 3255 5040 potestatem
3284 4966 3575 5022 redacturum

1985 5070 2157 5126 oculis
2183 5067 2439 5138 spoliant.
2475 5064 2616 5132 Quid
2663 5080 2795 5120 vero
2835 5062 3138 5119 secundum
3181 5060 3299 5115 haec
3327 5056 3581 5114 factum?

1989 5161 2218 5217 Plorans
2278 5160 2474 5216 Samso
2538 5156 2831 5215 Dominum
2886 5156 2973 5212 his
3036 5156 3224 5211 verbis
3288 5154 3575 5209 invocat:

1998 5274 2016 5307 ι
2047 5256 2296 5321 Domine,
2323 5256 2466 5308 Deus
2486 5252 2849 5317 exercituum,
2869 5257 3146 5305 memento
3166 5260 3333 5310 nunc,
3358 5256 3581 5314 quasso,

1991 5346 2120 5410 mei,
2171 5360 2369 5414 meque
2433 5344 2539 5399 hoc
2594 5344 2787 5398 saltem
2858 5348 3198 5411 postremum
3252 5335 3571 5392 corrobere,

1992 5437 2135 5493 Deus
2161 5475 2176 5501 9
2218 5436 2345 5490 dum
2387 5436 2804 5507 proambobus
2843 5433 3019 5490 oculis
3064 5431 3203 5486 meis
3237 5428 3574 5495 alienigenas

1996 5530 2165 5588 semel
2196 5529 2425 5586 ulciscor
2450 5529 2516 5583 ⁷⁸.
2551 5547 2571 5581 ι
2601 5527 2950 5600 Quapropter
2976 5525 3196 5580 illusum
3220 5519 3290 5576 ab
3318 5512 3573 5573 hostibus
