4110 6194
559 314 666 378 319
1827 301 2143 363 MICHAEI

2287 297 2544 358 GLYCE
3718 288 3824 350 320

558 446 669 486 non
707 426 946 498 neglexit
979 439 1078 478 nec
1108 431 1391 477 aversatus
1418 428 1503 474 est
1550 419 1729 474 Deus:
1767 433 1891 473 nam
1922 432 1988 472 ex
2029 429 2139 484 quo

2250 413 2594 483 παραὸλέπει
2637 411 2765 473 τοὺς
2808 407 3206 469 ἀδικουμένους
3263 404 3550 474 δεομένους
3610 399 3780 454 αὑτοῦ
3808 390 3822 404 ’

559 492 815 576 amiserth
851 516 1061 576 oculos,
1096 512 1260 567 etiam
1314 511 1552 567 ludibrio
1604 510 1790 581 pueris
1817 518 1957 564 erat.
1985 506 2137 561 Neve

2250 502 2522 570 τοσαύτην
2558 504 2667 571 γὰρ
2706 501 2859 570 ἰσχὺν
2895 498 3198 571 ἐχαρίσατο
3222 496 3300 567 τῷ
3331 495 3569 566 Σαμψὼν
3593 493 3669 556 ὡς
3699 492 3829 545 κλο-

560 610 727 683 igitur
789 620 843 663 et
886 608 1147 660 inusitato
1176 605 1414 675 quodam
1475 602 1634 657 modo
1691 602 1839 657 Deus
1887 600 1938 655 ei
1989 599 2135 655 vires

2250 596 2411 664 νῆσαι
2452 593 2553 665 μὲν
2587 594 2713 655 τοὺς
2749 593 3018 663 φέροντας
3069 591 3257 652 κίονας
3308 589 3402 641 τὸν
3440 587 3547 641 τῶν
3593 584 3831 640 εἰδώλων

558 677 809 761 adauget.
867 696 987 762 Quo
1047 696 1191 749 laeto
1260 694 1579 749 sedentibus
1636 694 1746 748 illis
1799 708 1863 747 ac
1893 690 2024 744 vino
2076 703 2135 743 se

2250 687 2438 757 σηκὸν,
2474 688 2937 754 συγκατενεγκεῖν
2992 683 3048 736 δὲ
3102 682 3314 746 τούτοις
3347 682 3440 733 τὸν
3474 681 3690 750 ὄροφον,
3731 677 3831 731 καὶ

558 791 1039 862 ingurgitantibus,
1072 798 1133 842 ut
1176 788 1271 859 qui
1298 787 1672 841 celebritatem
1714 783 2005 853 quan-dam
2063 780 2138 835 si-

2250 799 2296 850 ,γ
2328 781 2525 849 ἄνδρας
2558 776 2841 846 συγχῶσαι
2864 818 2879 844 ,
2910 775 3007 830 καὶ
3040 775 3320 844 γυναικῶν
3348 773 3611 835 ὡσαύτως
3644 787 3829 841 παρα-

560 884 814 938 mulacris
860 882 1225 938 instituissem
1255 881 1520 945 victoriae,
1550 894 1711 949 quam
1744 878 1811 933 de
1840 878 1998 932 hoste
2037 891 2139 929 suo

2250 869 2480 940 πλήσιον
2528 866 2785 938 ἀριθμόν.

557 1135 733 1234 Atque
785 1165 887 1216 hoc
942 1160 1191 1231 exemplo
1245 1135 1543 1214 declaravit
1592 1155 1738 1210 Deus
1800 1168 1860 1209 se
1922 1151 2144 1206 allectos
2183 1145 2403 1216 injuriis
2444 1158 2554 1198 non
2615 1139 2910 1211 negligere.
2974 1136 3214 1191 Tantum
3266 1136 3411 1189 enim
3481 1136 3692 1190 ruburis
3718 1135 3836 1221 hoc

560 1230 809 1325 tempore
879 1253 1140 1309 Samsoni
1213 1253 1443 1324 largitus
1491 1258 1602 1314 est,
1637 1258 1698 1303 ut
1745 1262 1856 1302 non
1925 1244 2102 1299 solum
2158 1240 2446 1295 columnas
2527 1235 2843 1291 conl’ractas
2894 1230 3160 1295 dirueret,
3212 1231 3413 1301 quibus
3464 1230 3650 1284 fanum
3700 1230 3838 1286 illud

560 1321 976 1406 simulacrorum
1014 1346 1209 1400 fultum
1277 1321 1636 1408 innitebatur,
1661 1340 1757 1396 sed
1782 1338 1946 1393 etiam
1975 1335 2167 1391 eadem
2205 1332 2255 1384 vi
2294 1338 2499 1385 tectum
2535 1329 2820 1397 dejiceret,
2858 1340 2921 1381 ac
2950 1324 3193 1379 virorum
3242 1321 3463 1393 quidem
3506 1322 3607 1377 tria
3639 1322 3839 1391 millia,

561 1445 853 1498 mulierum
900 1456 1031 1495 vero
1078 1456 1265 1510 parem
1309 1454 1602 1494 numerum
1659 1452 1723 1493 ea
1775 1436 1937 1491 ruina
1971 1431 2325 1502 opprimeret.

633 1539 792 1610 166
827 1538 941 1592 lloc
990 1536 1111 1591 loco
1157 1536 1379 1591 divinus
1432 1536 1522 1590 ille
1556 1534 1640 1588 vir
1676 1532 1998 1587 Anastasius
2047 1529 2136 1586 Si-

2313 1522 2388 1575 Οὐ
2420 1519 2635 1591 μικρῶς
2658 1518 2715 1571 δὲ
2742 1516 2840 1587 τὴν
2862 1516 3101 1588 ἄρρητον
3130 1514 3225 1569 τοῦ
3249 1513 3382 1569 Θεοῦ
3401 1513 3713 1583 οἰκονομίαν
3737 1514 3833 1567 καὶ

558 1632 736 1685 naites
763 1644 873 1683 non
906 1643 1099 1699 parum
1134 1625 1226 1681 Dei
1275 1635 1389 1681 turn
1441 1622 1976 1679 administrationem
2024 1630 2135 1673 tum

2250 1612 2659 1684 φιλανθρωπίαν
2705 1611 2800 1664 ἐπὶ
2828 1610 3041 1672 τούτοις
3083 1609 3448 1678 ἑκπλήττεται
3485 1609 3513 1659 ό
3556 1606 3839 1669 θειότατος

559 1721 956 1791 benignitatem
1002 1719 1400 1789 obstupescens
1448 1718 1775 1780 demiratur,
1824 1714 2140 1783 expendcns

559 1813 677 1882 ipse
705 1828 892 1867 secum
933 1810 1079 1880 quod
1118 1808 1443 1882 Samsonem
1477 1806 1734 1878 dignatus
1764 1805 1835 1860 sit
1866 1820 2053 1859 eorum
2088 1805 2142 1855 in

559 1918 846 1957 numerum
879 1901 1125 1971 recipere
1160 1901 1253 1969 qui
1275 1878 1508 1953 salutem
1537 1904 1973 1965 consequuntur,
2017 1908 2141 1947 cum

562 2005 741 2050 tamen
786 1994 892 2049 hoc
934 1994 1094 2047 etiam
1151 1990 1241 2045 ille
1272 2000 1473 2060 praeter
1520 1989 1623 2042 alia
1678 1984 2041 2049 commiserit,
2087 1992 2147 2038 ut

562 2101 658 2141 eos
686 2084 985 2140 ulciscendi
1026 2098 1191 2137 causa
1224 2096 1459 2151 quorum
1499 2077 1716 2148 injuriis
1748 2078 1912 2131 lmsus
1945 2077 2144 2139 fuerat,

476 2211 497 2231 .
562 2177 920 2245 semetipsum
974 2173 1137 2227 morti
1206 2172 1451 2226 dederet.
1522 2168 1637 2225 Nec
1704 2168 2007 2224 omittenda
2059 2167 2149 2221 hic

563 2267 726 2322 nobis
751 2274 836 2321 est
866 2263 1126 2319 iudicatio
1147 2276 1342 2325 causae,
1366 2276 1528 2333 quam
1554 2262 1624 2315 ob
1647 2276 1867 2315 causam
1895 2277 1923 2314 a
1956 2268 2148 2315 ventre

565 2360 758 2415 matris
788 2356 984 2411 Samso
1013 2364 1226 2409 tantum
1259 2353 1475 2408 roboris
1508 2352 1783 2408 habuerit.
1817 2351 1956 2418 Quia
1998 2353 2147 2406 enim

564 2451 853 2517 lsraelitae,
884 2449 1110 2519 quijam
1164 2456 1308 2502 totos
1340 2460 1513 2501 annos
1571 2444 1928 2515 quadraginta
1975 2442 2150 2499 servi-

562 2552 739 2597 tutem
795 2538 1119 2607 alienigenis
1174 2536 1504 2598 servierant,
1553 2535 1647 2591 Dei
1698 2548 1926 2605 prorsus
1993 2540 2151 2589 erant

561 2633 722 2688 obliti
752 2647 855 2687 nec
891 2630 1066 2686 ullum
1103 2628 1249 2700 apud
1306 2642 1367 2682 se
1400 2627 1611 2696 justum
1649 2623 1930 2679 hominem
1976 2623 2147 2678 habe-

566 2726 723 2788 bant,
758 2722 966 2778 idcirco
996 2719 1316 2775 Samsonem
1357 2717 1503 2772 Deus
1546 2714 1681 2786 ipsis
1713 2713 1923 2780 tribuit,
1973 2713 2149 2767 virum

565 2831 593 2869 a
649 2815 843 2886 primis
897 2810 1258 2868 incunabulis
1303 2810 1513 2879 justum
1561 2822 1625 2862 ac
1694 2820 1897 2876 magno
1950 2804 2150 2860 robore

563 2907 877 2978 praeditum,
917 2913 976 2959 ut
1010 2918 1106 2972 per
1137 2901 1310 2972 ipsius
1342 2900 1607 2955 virtutem
1656 2913 1720 2953 ac
1767 2897 2147 2961 fortitudinem

2257 1704 2607 1765 ’Δναστάσιος
2632 1701 2947 1772 ὁΣιναῖτης,
2975 1700 3171 1753 ἐννοῶν
3212 1701 3360 1763 ὅπως
3390 1699 3489 1768 τῆς
3528 1698 3636 1751 τῶν
3670 1714 3843 1750 σεσω-

2254 1797 2475 1868 σμέιων
2510 1796 2702 1867 μοίρας
2728 1792 2928 1862 ἠξίωσε
2967 1792 3059 1845 τὸν
3094 1785 3355 1861 Σαμψὼν,
3384 1791 3479 1843 καὶ
3510 1789 3684 1843 ταῦτα
3703 1790 3845 1859 πρὸς

2254 1891 2417 1958 φόνον
2463 1887 2663 1943 ἑαυτὸν
2696 1882 3038 1938 ἐκδεδωκότα
3071 1884 3179 1937 τῶν
3237 1882 3618 1952 ἀδικησάντων
3674 1880 3844 1933 αὐτὸν

2252 1982 2469 2034 ἕνεκεν.
2504 1978 2674 2032 Ἀλλὰ
2727 1979 2824 2032 καὶ
2871 1979 3018 2041 τίνος
3073 1976 3239 2046 χάριν
3274 1973 3547 2043 τοσαύτην
3591 1974 3745 2042 ἰσχὺν
3776 1973 3846 2024 ὲκ

2247 2073 2457 2136 κοιλίας
2486 2071 2712 2141 μητρὸς
2745 2071 3014 2141 ἐκτήσατο
3062 2072 3090 2123 ὁ
3149 2067 3418 2138 Σαμψὼν,
3450 2069 3509 2119 ού
3543 2066 3847 2136 παρελθεῖν

2247 2164 2418 2229 ἄξιον.
2459 2164 2678 2233 Ἐπειδὴ
2702 2163 2810 2234 γὰρ
2846 2165 2897 2216 οί
2945 2163 3275 2235 Ἰσραηλῖται
3330 2160 3843 2230 τεσσαρακονταετῆ

2250 2257 2609 2327 χρόνονντοῖς
2655 2256 2979 2330 ἀλλοφύλοις
3025 2254 3417 2317 δουλεύσαντες
3447 2253 3541 2305 τοῦ
3578 2250 3718 2305 Θεοῦ
3748 2255 3843 2304 τέ-

2248 2347 2372 2401 λεον
2401 2347 2753 2412 ἐπελάθοντο,
2777 2346 2994 2402 δικαίου
3017 2346 3244 2417 μηδενὸς
3277 2345 3428 2409 ὄντος
3458 2343 3590 2417 παρ’
3621 2344 3838 2405 αὐτοῖς,

2250 2440 2447 2493 τούτου
2487 2439 2651 2511 χάριν
2701 2439 2766 2492 ὲκ
2820 2438 3154 2509 σπαργάνων
3188 2436 3350 2491 αὑτὸν
3381 2438 3409 2489 ὁ
3448 2435 3581 2499 Θεὸς
3622 2435 3879 2488 δίκαιοιν

2252 2532 2423 2604 ἄνδρα
2477 2533 2570 2585 καὶ
2605 2530 2832 2601 ἰσχυρὸν
2881 2530 3161 2600 παρέσχεν
3190 2529 3403 2591 αὐτοῖς,
3436 2527 3587 2590 ὅπως
3612 2527 3701 2579 διὰ
3737 2525 3847 2594 τῆς

2246 2625 2510 2696 ἐναρέτου
2530 2623 2807 2686 πολιτείας
2834 2624 2931 2676 καὶ
2960 2620 3271 2695 παραδόξου
3304 2620 3558 2690 ἀνδρείας
3588 2634 3841 2690 παρεχο-

2256 2716 2429 2788 μένην
2461 2718 2645 2779 αύτοῖς
2695 2715 2934 2789 ὁρῶντες
2995 2717 3096 2787 τὴν
3154 2714 3435 2785 σωτηρίαν
3486 2712 3722 2776 ἑαυτούς
3770 2727 3841 2764 τε

2252 2808 2658 2880 διορθὼσωνται
2680 2811 2777 2862 καὶ
2808 2809 2898 2861 τὸν
2933 2808 3042 2862 τῶν
3071 2807 3209 2862 ὅλων
3244 2807 3379 2862 Θεὸν
3415 2806 3832 2879 ἐκζητήσωσιν.

2266 2900 2407 2953 Ἀλλ’
2437 2902 2637 2954 ἐκεῖνοι
2676 2898 2883 2970 μᾶλλον
2916 2904 3010 2954 καὶ
3040 2897 3318 2952 τοῦοΘεοῦ
3376 2896 3551 2967 λήθην
3598 2893 3849 2965 nunc»

562 2998 726 3069 plane
751 2993 1129 3052 admirandam
1181 2991 1386 3047 servari
1424 3006 1482 3046 se
1530 2989 1861 3058 liberarique
1901 2989 2143 3043 animad-

2256 3009 2367 3054 vov,
2410 2993 2503 3044 καὶ
2535 2993 2625 3044 τὸν
2653 2992 2955 3062 εὐεργέτην
2988 2991 3171 3045 αὐτῶν
3221 2992 3301 3053 είς
3353 2992 3542 3060 χεῖρας
3571 2987 3680 3040 τῶν
3737 3002 3849 3038 πο·-

562 3098 839 3146 vertentes
867 3089 1033 3145 vitam
1082 3101 1238 3141 suam
1270 3084 1633 3139 emendarem
1676 3091 1731 3136 et
1774 3082 1945 3135 Deum
1987 3082 2142 3135 illum

561 3179 731 3250 hujus
766 3178 1010 3233 universi
1051 3183 1387 3245 quaterent.
1430 3172 1631 3228 Verum
1660 3172 1943 3226 enimvero
1976 3171 2145 3241 magis

563 3269 644 3325 illi
679 3270 847 3323 Deum
879 3267 1141 3323 oblivioni
1188 3265 1499 3329 tradebant,
1548 3279 1613 3318 ac
1656 3266 1832 3317 virum
1885 3262 2146 3332 praeclare

2254 3084 2458 3153 λεμίων
2496 3085 2752 3156 φέροντες
2820 3084 3101 3157 ἔρριπτον.
3152 3083 3321 3141 Ὀθεην
3369 3083 3603 3149 εὐλόγως
3656 3081 3690 3150 ἡ
3741 3077 3847 3130 τοῦ

2252 3173 2392 3226 Θεοῦ
2460 3174 2710 3239 ἐξέλιπεν
2750 3177 2950 3238 αὐτοὺς
3018 3176 3336 3245 ὲττιοκοπή⁸
3398 3174 3539 3242 μετὰ
3592 3172 3705 3242 γὰρ
3744 3166 3847 3224 τὸν

2255 3266 2497 3336 Σαμψὼν
2534 3270 2721 3321 οὐκέτι
2752 3267 2885 3338 παρ’
2935 3268 3209 3337 Ἑϐραίοις
3260 3268 3477 3338 κριτής.

562 3368 633 3418 de
668 3374 730 3416 se
759 3360 1016 3414 meritum
1063 3359 1117 3412 in
1152 3372 1345 3413 manus
1396 3355 1621 3410 hostiles
1652 3356 1914 3410 traditum
1963 3355 2230 3412 scelerate
2299 3360 2639 3429 rejiciebant.
2698 3361 3063 3427 Quamobrem
3113 3358 3256 3415 Deus
3316 3360 3481 3416 etiam
3521 3356 3845 3430 equissimo

560 3456 687 3526 jure
751 3469 940 3511 curam
988 3453 1242 3543 ipsorum
1304 3453 1507 3508 habere
1573 3452 1772 3518 desiit;
1831 3468 1958 3507 nam
2022 3463 2147 3524 post
2221 3456 2545 3515 Samsonetn
2612 3458 2798 3515 nullus
2858 3460 3001 3529 apud
3052 3456 3313 3513 Hebraeos
3381 3458 3547 3527 judex
3602 3456 3846 3527 amplius

563 3546 797 3605 exstitit.

635 3638 837 3707 Quodsi
874 3638 1041 3707 etiam
1093 3638 1396 3709 intelligere
1444 3638 1512 3701 de
1571 3638 1734 3694 nobis
1766 3655 1919 3703 aves,
1951 3640 2150 3696 dilecte

566 3730 664 3797 lili,
698 3729 1052 3799 quamobrem
1106 3730 1246 3784 Deus
1278 3729 1547 3811 .lephthae
1608 3731 1771 3785 tiliam
1826 3732 2052 3786 mactari
2095 3743 2143 3787 el

2250 3731 2383 3795 Θεὸς
2430 3731 2529 3802 τὴν
2567 3732 2661 3784 τοῦ
2704 3731 2916 3802 Ἰεφθάε
2966 3732 3245 3803 θυγατέρα
3292 3732 3569 3803 σφαγῆναι
3594 3734 3841 3805 ουνεχὼ-

562 3823 801 3893 iugulari
860 3822 1169 3892 permiserit
1210 3823 1336 3891 (fuit
1377 3833 1561 3879 autem
1618 3826 1666 3879 is
1717 3839 1937 3895 quoque
1983 3826 2143 3895 judex

2250 3840 2383 3896 ρησε
2441 3824 2660 3894 (κριτὴς
2712 3824 2770 3875 δὲ
2831 3826 2927 3878 καὶ
2986 3819 3145 3887 οὗτος
3204 3828 3335 3896 παρ’
3378 3826 3660 3897 Ἑϐραίοις
3713 3823 3835 3898 ἦν),

565 3914 709 3984 apud
767 3913 1066 3984 Hebraeos),
1117 3914 1247 3983 quid
1295 3913 1709 3992 dicturisimus
1760 3918 1969 3972 auditu.
2013 3914 2143 3971 Pro-

2250 3919 2435 3975 ἄκουε.
2500 3918 2751 3987 Ἀνόητος
2799 3919 2940 3987 ἄγαν
2997 3921 3030 3988 ἠ
3092 3919 3188 3973 τοῦ
3230 3920 3444 3989 Ἰεφθάε
3499 3922 3832 3992 ὑπόσχεσις·

2327 3641 2389 3694 Εί
2431 3641 2489 3695 δὲ
2536 3642 2630 3694 καὶ
2674 3641 2832 3695 τοῦτο
2865 3641 3068 3712 ζητεῖς,
3108 3642 3386 3713 ἀγαπητὲ,
3419 3642 3563 3705 τίνος
3593 3641 3773 3697 ἕνεκεν
3804 3644 3841 3697 6

567 4010 791 4064 missum
840 4008 943 4063 hoc
973 4018 1271 4076 votumque
1309 3990 1583 4077 Jcplttliae
1616 4023 1878 4079 perquam
1915 4010 2136 4063 stultum

530 4108 701 4156 'erat.
742 4102 872 4155 Nam
905 4100 1217 4169 expendere
1268 4112 1454 4154 secum
1504 4099 1622 4170 ipse
1662 4102 1815 4170 prius
1850 4103 2137 4166 debuerat,

567 4194 684 4249 ﬁeri
713 4194 962 4248 fortassis
990 4207 1151 4262 posse
1179 4200 1241 4246 ut
1276 4191 1360 4246 vel
1394 4192 1546 4247 canis
1585 4192 1670 4247 vel
1714 4193 1904 4248 asinus
1931 4194 2015 4248 vel
2040 4194 2145 4249 ali-

561 4286 714 4355 quod
747 4285 897 4339 aliud
928 4284 1266 4338 immundum
1300 4298 1365 4337 ex
1397 4283 1733 4339 indicatione
1780 4284 1911 4356 legis
1942 4284 2145 4339 animal

2250 4013 2363 4068 εδει
2411 4013 2519 4083 γὰρ
2554 4013 2717 4066 αὑτὸν
2753 4014 3009 4078 συνιδεῖν,
3051 4014 3125 4077 ὡς
3155 4014 3325 4077 εἰκὸς,
3375 4014 3516 4068 κύνα
3548 4016 3765 4086 πρῶτον
3795 4017 3833 4087 ἢ

2251 4108 2373 4163 ὄνον
2404 4108 2760 4178 συναντῆσαι,
2817 4108 2887 4160 τὰ
2943 4108 3088 4161 κατὰ
3124 4108 3292 4177 νόμον
3340 4108 3657 4179 ἀκάθαρτα.
3692 4110 3834 4162 Παι-

2252 4198 2423 4253 δεύων
2451 4198 2545 4253 οὖν
2580 4200 2608 4253 ὁ
2637 4198 2769 4261 Θεὸς
2796 4199 2864 4251 δι’
2894 4198 3108 4251 ἐκείνου
3142 4200 3269 4263 τοὺς
3296 4198 3491 4263 ἄλλους
3516 4200 3657 4253 ὥστε
3691 4203 3836 4271 μετὰ

2255 4289 2464 4342 σκοποῦ
2515 4287 2792 4343 ποιεῖσῦαι
2845 4289 2941 4351 τὰς
3001 4289 3328 4357 ὑποσχέσεις
3379 4289 3681 4360 (ὕπεσχέθη
3720 4290 3834 4361 γὰρ

559 4375 673 4447 ipsi
707 4375 943 4445 primum
979 4380 1316 4453 occurreret.
1353 4372 1696 4443 Quapropter
1734 4374 1852 4445 ejus
1878 4375 2143 4445 exemplo,

2256 4380 2465 4445 ἐκεῖνος
2500 4380 2561 4434 τὸ
2614 4380 2955 4448 συναντῆσαν
3000 4380 3149 4449 αὐτῷ
3193 4382 3254 4432 ὲκ
3302 4379 3403 4448 τῆς
3446 4381 3626 4443 οίκίας
3667 4380 3835 4434 θῦσαι

564 4470 660 4540 qui
714 4479 840 4525 voto
904 4478 1174 4539 concepto
1235 4468 1567 4537 promiserat
1617 4482 1678 4523 Se
1732 4468 2139 4524 immolaturum

562 4561 677 4618 Deo
700 4561 965 4632 quidquid
1018 4577 1083 4616 ex
1138 4560 1303 4614 domo
1340 4575 1437 4616 sua
1497 4561 1733 4629 primum
1777 4560 2000 4616 obvium
2039 4560 2140 4617 ha-

562 4650 794 4712 buisset.
826 4651 962 4706 alios
993 4662 1220 4702 monere
1262 4649 1452 4703 volens
1509 4648 1650 4703 Deus
1686 4659 1743 4702 ut
1771 4666 1881 4704 non
1934 4652 2143 4720 absque

560 4741 1002 4796 consideratione
1027 4748 1147 4794 vota
1177 4738 1550 4807 conciperent,
1572 4739 1963 4809 jugulatioxiem
2000 4742 2142 4797 banc

561 4847 671 4886 non
708 4831 1016 4901 impedivit.
1054 4829 1193 4883 Filia
1227 4828 1446 4899 quidem
1483 4829 1599 4900 ipsa
1641 4811 1798 4902 longe
1848 4832 2139 4904 Jephtham

559 4932 771 4993 patrem
808 4922 1010 4977 virtute
1048 4910 1353 4992 superavit.
1391 4919 1527 4976 Nam
1555 4938 1680 4979 cum
1715 4939 1841 4979 eum
1884 4936 2143 4983 cerneret

560 5015 886 5069 vestimenta
924 5030 1020 5070 sua
1060 5015 1393 5070 lacerantem
1444 5023 1607 5085 atque
1637 5016 1941 5086 plorantem
1974 5037 1988 5074 :
2023 5040 2040 5070 ι
2081 5018 2138 5075 Si

2245 4472 2324 4543 τῷ
2387 4470 2527 4541 Θεῷ)
2581 4473 2682 4524 οὐκ
2741 4471 2984 4524 ἐκώλυσε
3033 4472 3131 4540 τὴν
3202 4470 3440 4539 σφαγήν.
3488 4472 3553 4524 'H
3612 4471 3669 4526 δὲ
3734 4470 3834 4524 θυ.

2244 4564 2424 4634 γάτηρ
2470 4562 2651 4633 πολλῷ
2707 4563 2975 4633 κρείττων
3033 4561 3126 4614 τοῦ
3172 4563 3421 4632 ἸΕφθάΞ⁶
3481 4561 3667 4615 ἰδοῦσα
3718 4563 3835 4632 γὰρ

2243 4654 2406 4709 αύτὸν
2474 4653 2575 4722 τὴν
2644 4652 2845 4722 ἐσθῆτα
2915 4634 3204 4724 ⁸ῥηγνύντιιι
3274 4654 3368 4706 καὶ
3431 4654 3833 4724 ὀλοφυρόμενον

2242 4744 2439 4802 εἶπενο
2481 4766 2499 4799 ι
2538 4748 2602 4802 El
2657 4750 2713 4802 ὲν
2761 4748 2887 4817 ἐμοὶ
2936 4746 3153 4819 ἧνοιξας
3189 4749 3251 4800 τὸ
3299 4747 3476 4817 στόμα
3521 4764 3641 4813 σου,
3682 4747 3833 4800 ποίει

2245 4857 2339 4911 μοι
2375 4839 2434 4895 ὃν
2462 4840 2667 4910 τρόπον
2699 4839 2923 4907 ἐξῆλθεν
2978 4842 3041 4893 ὲκ
3084 4839 3179 4892 τοῦ
3214 4839 3481 4909 στόματός
3511 4857 3605 4892 σου
3628 4880 3645 4905 ,
3680 4839 3831 4909 ὑπὲρ

2241 4929 2320 4987 ὧν
2375 4932 2601 5001 ἐποίησέ
2657 4948 2742 4987 σοι
2775 4934 2804 4985 ὁ
2841 4932 3044 5002 Κύριος
3082 4930 3358 5002 ἐκδίκησιν
3384 4934 3447 4986 ὲκ
3477 4931 3584 4985 τῶν
3615 4931 3830 5002 ἐχθρῶν

2246 5039 2343 5076 σου
2378 5022 2445 5076 ὲκ
2477 5022 2586 5077 τῶν
2616 5023 2747 5076 υἱῶν
2790 5022 3039 5094 Ἀμμὼν.
3084 5041 3103 5075 ι

560 5110 804 5179 quidem,
853 5110 949 5177 ait,
1004 5110 1071 5164 de
1121 5125 1207 5165 me
1247 5109 1457 5180 aliquid
1513 5111 1791 5179 pollicitus
1842 5128 1923 5179 es,
1980 5115 2142 5177 facito
2188 5117 2322 5174 mihi
2387 5127 2447 5174 ut
2474 5130 2564 5175 tua
2599 5119 2709 5176 fert
2747 5121 3061 5190 promissio,
3101 5132 3386 5194 postquam
3433 5122 3530 5177 tibi
3558 5119 3830 5176 Dominus

564 5209 689 5259 tuos
723 5206 909 5260 hostes
937 5209 1284 5266 Ammonitas
1321 5214 1469 5268 ultus
1503 5223 1585 5270 est
1608 5216 1675 5268 ⁷⁸.
1716 5233 1735 5266 ι

635 5301 837 5355 Ρτωιει·
877 5302 1140 5359 hactenus
1165 5315 1350 5360 autem
1384 5306 1622 5362 indicata
1652 5308 1795 5363 scire
1824 5308 1993 5363 debes
2017 5318 2142 5378 post

558 5390 841 5448 Samsonis
870 5394 1033 5448 evita
1071 5394 1449 5466 migrationem
1493 5396 1905 5464 Benjamineam
1938 5400 2137 5454 tribum

560 5484 822 5552 voluptati
858 5500 917 5540 se
947 5484 1355 5541 Sodomitarum
1388 5488 1713 5544 abhorrenti
1744 5508 1772 5543 a
1805 5503 2001 5544 natura
2032 5500 2143 5544 tra-

560 5576 782 5644 didisse,
814 5591 877 5633 ac
907 5577 1112 5633 furiose
1146 5579 1202 5633 in
1235 5578 1488 5637 homines
1518 5581 1837 5653 peregrinos
1885 5580 2142 5637 irruisse.

628 5746 676 5779 "
710 5744 888 5802 Judic.
924 5761 996 5817 ιι,
1032 5748 1122 5804 56.

2321 5294 2567 5359 Γίνωσκε
2627 5305 2685 5358 δὲ
2732 5307 2829 5358 καὶ
2856 5304 3017 5358 τοῦτο
3048 5306 3184 5375 πρὸς
3212 5308 3328 5368 τοῖς
3373 5309 3710 5375 εἰρημένοις,
3740 5311 3829 5361 ὅτι

2261 5398 2401 5467 μετὰ
2432 5398 2529 5468 τὴν
2572 5398 2830 5469 τελευτὴν
2859 5398 2955 5451 τοῦ
3002 5396 3242 5468 Σαμψὼν
3275 5399 3308 5468 ἡ
3342 5400 3481 5469 φυλὴ
3510 5398 3603 5451 τοῦ
3636 5400 3831 5453 Βενια-

2251 5493 2347 5561 μὶν
2380 5491 2479 5562 τὴν
2509 5492 2663 5563 παρὰ
2704 5492 2867 5562 φύσιν
2892 5492 3000 5544 τῶν
3032 5491 3336 5560 Σοδομιτῶν
3378 5492 3660 5561 ἐνενόησεν
3700 5490 3831 5562 ﬁcio-

2248 5584 2346 5655 νὴν
2376 5584 2474 5638 καὶ
2525 5587 2638 5650 τοῖς
2668 5585 3111 5657 ὲπιξενουμένοις
3164 5585 3544 5654 ὲπεμαίνοντο.
3581 5586 3826 5655 Δευῖτης
