4110 6194
511 246 618 309 323

1804 246 2188 308 {ICIIAELIS
2228 247 2483 308 GLYC/E

3635 240 3742 303 324

513 358 673 427 168
702 356 843 410 illaut
873 372 990 408 ritu:
1014 355 1225 408 czetcris
1268 352 1701 407 benedictionem
1729 355 2074 424 acceperint?

2180 358 2306 409 κίαν
2332 356 2633 427 ὀξύρροπον
2665 352 3050 425 διορθούμενος
3088 354 3117 406 6
3148 338 3279 415 Θελς
3307 348 3585 413 τοιούτους
3620 351 3739 403 ἐθε-

506 450 598 505 Sic
622 451 766 503 cn’tn
809 448 980 501 sacris
1018 447 1071 499 in
1122 444 1339 499 Litteris
1369 446 1730 515 perscriptum
1792 446 2020 516 legimus
2054 463 2069 500 :

515 562 533 595 ι
576 542 719 597 Vidit
771 541 909 593 Deus
939 538 1119 590 omnia
1155 553 1272 605 qum
1307 539 1528 600 fecerat,
1578 552 1749 606 eaque
1778 536 1918 590 bona
1950 550 2099 591 esse.

509 628 884 702 pronuntiavit
907 628 974 679 ⁷⁸.
1013 646 1029 677 ι
1076 625 1131 679 Si
1188 642 1318 696 ergo
1364 643 1558 696 porcus
1610 636 1865 695 tanquam
1923 642 2010 681 res
2041 641 2070 680 a

510 725 622 778 Deo
668 730 849 775 creata
904 720 1078 774 bonus
1132 729 1268 782 erat,
1315 719 1407 788 qui
1461 720 1718 787 deinceps
1772 717 1949 771 factus
1990 726 2072 771 est

510 811 867 869 immundus?
908 812 982 866 De
1015 811 1211 880 quibus
1262 810 1514 865 omnibus
1560 812 1847 881 perspicue
1895 816 2073 878 potest

505 905 729 974 intelligi
765 901 933 957 Deum
965 904 1245 970 corrigere
1292 903 1560 955 volentem
1613 902 1971 955 ISi-wlicormn
2005 899 2071 952 ad

501 994 632 1048 vitia
675 990 1092 1062 propensionem
1128 991 1439 1057 hujusmodi
1497 991 1639 1061 leges
1690 992 1877 1044 tulisse
1906 1000 2072 1057 atque

502 1086 820 1158 bujusntodi
876 1084 1132 1138 remediis
1174 1098 1327 1137 usum
1379 1082 1568 1136 fuisse.
1615 1081 1810 1135 Eadem
1863 1082 2071 1135 ratione

499 1177 626 1233 Noae
662 1192 878 1246 quoque
914 1175 1251 1245 temporibus
1292 1174 1608 1227 animalium
1657 1174 1953 1227 discrimen
1987 1173 2068 1227 in-

502 1268 699 1321 stituit.
732 1266 865 1319 Num
900 1266 1027 1335 quia
1061 1265 1301 1319 futurum
1330 1265 1693 1335 prospiciebat
1729 1275 1785 1318 ut
1821 1265 2070 1318 homines

500 1359 565 1411 ad
595 1362 644 1410 in
680 1373 841 1409 auum
872 1358 1217 1410 deastrorum
1242 1357 1445 1408 cultum
1470 1355 1841 1415 deﬂecterent,
1864 1354 2069 1422 Optimo

504 1466 635 1503 sane
663 1450 892 1502 Consilio
926 1449 1005 1502 sic
1028 1448 1314 1514 distinguit
1350 1447 1626 1508 animalia,
1665 1460 1771 1515 quo
1807 1445 1909 1498 alia
1973 1459 2069 1512 pro

503 1542 743 1607 tnundis,
788 1541 890 1593 alia
958 1554 1055 1608 pro
1104 1539 1399 1591 immundis
1428 1539 1775 1591 haberentur.
1824 1535 2067 1601 Quanam

500 1632 651 1695 illud,
697 1633 943 1692 obsecro,
984 1629 1050 1683 de
1087 1629 1288 1683 causa?
1328 1629 1597 1683 Nimirum
1647 1610 1704 1682 ut
1759 1629 1951 1697 partim
2005 1628 2069 1684 iis

500 1726 812 1778 vittitautes
870 1732 1128 1791 tanquam
1183 1722 1439 1787 mundis,
1498 1721 1694 1791 partim
1749 1731 2066 1775 aversantes

500 1816 646 1870 velut
681 1815 981 1877 immunda,
1011 1824 1199 1867 neutra
1235 1828 1332 1883 pro
1364 1813 1466 1867 diis
1493 1821 1902 1866 venerarentur.
1934 1812 2066 1865 Nam

500 1907 834 1974 cmteroquin
887 1919 950 1957 ea
993 1920 1099 1958 non
1135 1904 1361 1958 dixisset
1398 1904 1720 1968 immunda,
1774 1919 1894 1971 qua:
1942 1919 2065 1957 cum

497 1998 619 2053 aliis
655 2011 1002 2050 communem
1033 2011 1062 2048 a
1095 1996 1201 2050 Deo
1228 1994 1666 2049 benedictionem
1693 1995 1849 2047 initio
1886 2009 2068 2048 rerum

498 2096 841 2155 act-cperant.
880 2088 945 2138 Et
981 2100 1108 2138 vero
1132 2085 1329 2139 factam
1367 2085 1417 2139 id
1452 2084 1713 2153 temporis
1749 2084 2066 2137 animalium

498 2181 908 2234 distinctionem
962 2177 1260 2247 profectam
1311 2192 1430 2231 esse
1458 2170 1461 2171 ν
1490 2177 1555 2230 de
1595 2177 1829 2230 consilio
1876 2175 1969 2230 Dei
2011 2192 2069 2228 se

499 2284 684 2326 nostra
712 2286 872 2324 causa
905 2269 1262 2330 demittentis,
1295 2269 1458 2320 etiam
1479 2267 1677 2321 Paulus
1712 2267 1863 2321 hisce
1891 2268 2069 2321 verbis

498 2364 782 2419 ostendit:
827 2380 842 2412 ι
880 2359 1039 2414 Nulla
1089 2360 1178 2413 Dei
1207 2368 1453 2413 creatura
1500 2360 1649 2427 rejici
1698 2359 1877 2425 debet,
1907 2360 2068 2413 modo

498 2464 620 2507 cum
654 2453 949 2523 gratiarum
1004 2449 1221 2504 actione
1267 2449 1603 2503 sumatur".
1639 2467 1656 2498 ›
1701 2447 1847 2502 idem
1872 2446 2067 2519 ‘magis

497 2561 717 2615 quoque
752 2545 1042 2598 conlirmat
1067 2541 1153 2594 illa
1189 2541 1278 2594 Dei
1312 2556 1436 2605 vox,
1467 2556 1571 2609 qua
1605 2556 1877 2593 summum
1914 2538 2066 2592 illum

496 2636 804 2706 apostolum
841 2633 1063 2688 Pettuut
1116 2631 1482 2700 compellavit,
1527 2645 1635 2700 quo
1684 2639 1929 2699 tempore
1974 2630 2069 2684 de-

497 2730 722 2784 missum
753 2743 784 2781 e
809 2726 948 2781 coelo
985 2725 1211 2779 linteunt
1248 2724 1535 2791 conspexit
1564 2741 1575 2776 :
1613 2741 1630 2772 ι
1659 2721 1854 2791 Surge.
1890 2721 2065 2786 Petre,

496 2834 671 2876 macta
706 2827 760 2874 et
789 2833 1029 2873 vescere.
1070 2836 1088 2868 ι
1145 2816 1276 2870 [tem
1314 2831 1328 2868 :
1378 2832 1394 2865 ‹
1428 2814 1557 2879 Qua:
1606 2814 1748 2868 Deus
1799 2814 2066 2884 purgavit.

430 2920 435 2931 ’
497 2922 554 2966 tu
594 2927 663 2965 ne
698 2911 903 2981 polluta
946 2908 1109 2963 dicito
1128 2908 1198 2962 ⁸⁸.
1239 2926 1258 2959 ι
1320 2907 1508 2974 Neque
1545 2922 1672 2961 vero
1722 2907 1921 2959 mirum
1973 2907 2069 2961 tibi

495 3004 749 3060 videatur
774 3002 937 3056 etiam
963 3001 1125 3055 modo
1148 2999 1390 3069 quaedam
1417 3012 1515 3068 pro
1541 2996 1837 3051 immundis
1860 2996 2068 3063 haberi,
2099 3042 2141 3098 ο

495 3094 651 3150 verbi
717 3092 885 3164 gratia
946 3090 1156 3161 lupum,
1214 3090 1451 3153 leonem,
1509 3088 1791 3154 pardalim.
1857 3088 2068 3157 Quippe

494 3176 724 3255 magnus
757 3183 848 3237 ille
880 3181 1113 3235 Basilius
1144 3180 1259 3233 ιιωο
1290 3177 1346 3230 in
1371 3177 1619 3229 Ascelicis
1658 3178 1794 3237 suis,
1822 3176 1912 3245 qui
1954 3177 2076 3231 libri

497 3278 739 3329 rationes
790 3274 1182 3327 cxercitiorum
1229 3268 1447 3339 pietatis
1477 3268 1780 3337 continent,
1830 3270 1882 3320 in
1936 3269 2081 3323 hunc

498 3366 718 3417 modum
754 3362 1043 3431 explicavit
1072 3370 1126 3414 ct
1165 3360 1479 3414 illusu'avit.
1519 3357 1987 3422 Quemadmolutn
2025 3358 2076 3411 iu

497 3454 737 3507 oleribus
776 3450 921 3521 quod
974 3450 1199 3503 noxium
1234 3456 1338 3511 est,
1371 3448 1438 3501 ab
1468 3461 1533 3500 eo
1566 3447 1906 3529 secernintus
1932 3450 2077 3516 quod

502 3558 709 3601 natura:
746 3554 945 3599 nostra:
991 3542 1269 3607 convenit,
1311 3542 1389 3597 sic
1420 3542 1583 3596 etiam
1619 3541 1672 3594 in
1708 3541 1963 3595 carnibus
2010 3543 2077 3596 ab

2174 465 2235 501 το
2273 448 2469 517 νόμους
2495 449 2586 500 καὶ
2616 447 2851 501 τοιαῖσδε
2900 445 3221 516 θεραπείαις
3259 444 3552 515 ἐχρήσατο.
3579 441 3739 497 Οὕτω

2179 538 2278 608 μὲν
2311 534 2404 592 οὖν
2432 541 2526 591 καὶ
2560 540 2651 591 ἐπὶ
2689 536 2784 591 τοῦ
2828 538 2950 590 Νῶε
3004 538 3275 606 διαίρεσιν
3324 535 3585 605 τεχνᾶται
3630 535 3740 588 τῶν

2175 627 2350 690 ζώων.
2389 628 2609 695 Ἐπειδὴ
2650 628 2760 697 γάρ
2792 627 2938 697 ἑώρα
2967 627 3096 689 τοὺς
3122 624 3445 695 ἀνθρώπους
3476 625 3558 686 είς
3586 623 3738 677 εἰδω-

2173 715 2436 783 λομανίαν
2484 716 2854 781 ἐκκλίνοντας,
2895 714 3225 783 εὐμεθόδως,
3279 714 3357 776 ὡς
3402 713 3629 781 ἔφημεν,
3660 714 3740 775 είς

2176 805 2398 876 καθαρά
2434 807 2606 860 ταῦτα
2636 808 2815 879 διιστᾷ
2859 809 2949 861 καὶ
2980 808 3286 878 ἀκάθαρτα.
3320 806 3477 870 Τίνος
3510 807 3735 870 ἒνεκενς

2179 896 2295 949 Ἵνα
2317 897 2381 949 τὰ
2402 897 2502 966 μὲν
2531 898 2704 950 αὐτῶν
2740 898 3006 959 ἐσθίοντες
3036 898 3110 959 ὡς
3133 898 3369 968 καθαρὰ,
3402 898 3469 950 τὰ
3488 900 3544 950 δὲ
3576 897 3740 951 πάλιν
3820 882 3823 883 ν

2172 987 2248 1051 ὡς
2313 989 2600 1059 ἀκάθαρτα
2653 990 2952 1058 φεύγοντες
3000 990 3167 1059 μηδὲν
3205 990 3262 1054 ἐξ
3292 990 3471 1042 αὐτῶν
3504 989 3578 1051 ὼς
3611 989 3743 1043 Θεὸν

2174 1082 2650 1152 προσκυνήσωσιν.
2686 1082 2747 1135 El
2776 1083 2850 1151 μὴ
2880 1083 2985 1153 γὰρ
3021 1083 3180 1135 τοῦτο
3209 1078 3298 1152 ἦν,
3332 1082 3430 1134 οὐκ
3464 1082 3530 1136 ἂν
3556 1082 3743 1137 ἐκάλει

2170 1171 2459 1241 ἀκάθαρτα
2495 1172 2563 1225 τὰ
2614 1174 2810 1236 κοινῶς
2860 1173 3105 1243 ἀρχῆθεν
3149 1171 3284 1244 παρ’
3313 1171 3479 1226 αὐτοῦ
3511 1174 3607 1243 τὴν
3648 1175 3738 1227 εὐ-

2173 1261 2385 1329 φημίαν
2434 1261 2726 1330 δεξάμενα.
2774 1266 2897 1317 Ὅτι
2950 1266 3007 1317 δὲ
3063 1264 3532 1327 συγκαταϐάσεως
3592 1260 3663 1336 ἦν
3700 1267 3734 1335 ἠ

2171 1356 2424 1421 γεγονυῖα
2449 1357 2568 1409 τότε
2614 1357 2723 1409 τῶν
2772 1356 2926 1421 ζώων
2954 1358 3238 1426 διαίρεσις,
3283 1360 3425 1411 καὶὸ
3466 1358 3740 1429 μακάριος

2171 1442 2338 1506 ἔδειξε
2373 1445 2583 1508 Παῦλος
2619 1448 2795 1508 οὓτως
2845 1447 3052 1501 είπὼνο
3091 1468 3108 1500 ι
3155 1449 3324 1501 υύδὲν
3360 1449 3567 1518 κτίσμα
3600 1449 3737 1502 Θεοῦ

2173 1535 2478 1605 άπόὀλητον
2510 1540 2627 1607 μετ’
2660 1540 3014 1610 εὐχαριστίας
3054 1540 3489 1609 λαμϐανόμενον.
3526 1558 3549 1592 ι
3588 1541 3711 1594 Ἐπι

2173 1623 2389 1679 ϐεϐαιοῖ
2432 1627 2604 1681 ταῦτα
2650 1631 2741 1681 καὶ
2791 1629 2991 1698 μᾶλλον
3037 1633 3069 1700 ἡ
3124 1635 3382 1699 γεγονυῖα
3432 1631 3553 1685 θεία
3586 1634 3740 1703 φωνὴ

2173 1716 2305 1787 πρὸς
2341 1718 2431 1770 τὸν
2465 1723 2763 1789 κορυφαῖον
2801 1723 3030 1792 Πέτρον,
3066 1724 3229 1792 ἡνίκα
3268 1726 3368 1795 τὴν
3401 1724 3459 1788 ἐξ
3500 1725 3736 1795 ούρανοῦ

2175 1812 2596 1881 κατενεχθεῖσαν
2634 1812 2827 1883 ὀθόνην
2868 1814 3113 1881 ἑώρακεν
3136 1830 3152 1845 ⁸
3184 1835 3202 1867 ι
3260 1818 3543 1879 ’Λναστὰ;,
3578 1836 3595 1869 ι
3629 1817 3739 1885 γάρ

2174 1917 2328 1970 φησι,
2369 1920 2387 1952 ι
2423 1902 2619 1973 Πέτρε,
2660 1903 2824 1957 θῦσον
2856 1905 2949 1957 καὶ
2976 1908 3136 1973 φάγε,
3171 1909 3264 1961 καὶ
3300 1907 3336 1962 ὃ.
3367 1910 3393 1961 6
3438 1910 3572 1971 Θεὸς
3610 1911 3742 1964 ὲκάο

2174 1990 2331 2059 θηρε,
2385 1992 2449 2044 σὺ
2495 1991 2570 2063 μὴ
2617 1993 2820 2047 κοίνου.
2868 2013 2887 2047 ι
2937 1996 2999 2049 Εἰ
3046 1997 3102 2049 δὲ
3161 1999 3253 2050 καὶ
3303 1997 3396 2051 νῦν
3439 1999 3734 2069 ἀκάθαρτά

2173 2098 2295 2133 τινα
2318 2083 2447 2151 παρ’
2475 2086 2629 2150 ἡμῖν,
2664 2085 2737 2145 ὡς
2767 2088 2794 2138 6
2828 2086 3011 2153 λύκος,
3044 2088 3072 2140 6
3096 2088 3231 2141 λέων
3258 2092 3351 2142 καὶ
3383 2089 3414 2159 ἡ
3452 2090 3741 2160 πάρδαλις,

2179 2172 2253 2241 μὴ
2296 2174 2545 2242 θαύμαζε
2585 2176 2776 2227 τούτου
2829 2176 3038 2230 ἕνεκεν.
3068 2180 3255 2249 Ἔχεις
3298 2180 3404 2250 γὰρ
3439 2181 3530 2233 τὸν
3562 2181 3742 2249 μέγαν

2176 2266 2456 2317 Βασίλειον
2500 2268 2558 2318 ὲν
2596 2270 2707 2331 τοῖς
2738 2269 3120 2338 Ἀσκητικοῖς
3149 2272 3315 2326 αὐτοῦ
3348 2274 3415 2327 τὰ
3455 2276 3583 2345 περὶ
3619 2274 3746 2328 τού-

2175 2372 2281 2407 των
2316 2357 2457 2408 οὓτω
2503 2358 2912 2428 διευκρινοῦντά
2952 2377 3055 2414 σοι·
3094 2381 3112 2415 ι
3148 2361 3239 2427 Ὠς
3285 2365 3340 2417 ὲν
3397 2364 3650 2435 λαχάνοις
3675 2365 3741 2418 τὸ

2179 2445 2443 2517 βλαϐερὸν
2490 2449 2583 2500 τοῦ
2634 2451 2974 2520 καταλλήλου
3005 2455 3332 2526 χωρίζομεν,
3379 2455 3520 2509 οὕτω
3559 2459 3654 2509 καὶ
3682 2461 3742 2511 ὲν

2174 2541 2288 2602 τοῖς
2318 2542 2509 2607 κρέασι
2532 2540 2626 2594 τοῦ
2659 2543 2935 2614 χρησίμου
2966 2548 3026 2599 τὸ
3060 2547 3323 2617 βλαόερδν
3353 2550 3728 2621 διακρίνομεν,

2175 2632 2293 2683 ἐπ).
2336 2632 2566 2701 λάχανόν
2614 2636 2729 2687 ἔστι
2782 2637 2875 2689 καὶ
2920 2638 2993 2690 ’τὸ
3050 2640 3314 2703 κώνειον,
3351 2644 3539 2714 ὥσπερ
3572 2656 3745 2714 κρεας

2178 2724 2296 2776 ἐστὶ
2330 2725 2420 2776 καὶ
2470 2726 2529 2777 τὸ
2574 2726 2843 2793 γύπειονο
2893 2730 3011 2784 ἀλλ’
3043 2733 3191 2799 ὅμως
3248 2732 3371 2786 οὔτε
3419 2736 3738 2806 ὑοσκύαμον

2180 2812 2341 2882 φάγοι
2367 2813 2431 2867 ἄν
2461 2832 2543 2877 τις
2577 2817 2701 2869 νοῦν
2734 2818 2892 2886 ἔχων,
2927 2818 3051 2873 οὔτε
3098 2824 3260 2885 κυνὸς
3311 2825 3508 2894 ἅψαιτο
3541 2828 3615 2896 μὴ
3646 2845 3747 2896 με-

2176 2906 2347 2975 γάλης
2374 2908 2620 2979 ἀνάγκης
2653 2912 3109 2981 κατεπειγούσης,
3141 2914 3217 2978 ὡς
3251 2916 3279 2968 ὃ
3311 2934 3373 2984 γε
3423 2917 3614 2985 φαγὼν
3641 2920 3741 2970 οὐκ

2176 2997 2437 3067 ἡνὸμησε.
2508 3018 2523 3048 ι
2568 3000 2823 3053 Mdemis
2887 2999 2980 3056 οὖν
3011 3006 3094 3058 ὅτι
3140 3007 3200 3059 τὸ
3248 3008 3510 3079 βλαϐερὸν
3553 3014 3748 3078 ἐκφεύο

2176 3103 2366 3154 γοντες
2393 3090 2459 3141 τὰ
2499 3091 2598 3156 μὲν
2627 3092 2735 3144 τῶν
2765 3092 2918 3157 ζώων
2951 3096 3226 3165 ἐσθίομεν,
3265 3101 3366 3152 ὅσα
3409 3104 3503 3154 καὶ
3541 3103 3745 3167 μᾶλλον

2178 3178 2392 3248 εὖχυμά
2422 3197 2482 3233 τε
2528 3186 2620 3234 καὶ
2668 3187 2934 3256 τρόφιμα,
2972 3189 3037 3240 τὰ.
3082 3189 3138 3241 δὲ
3198 3194 3611 3263 μυσαττόμεθα,
3641 3213 3748 3250 κα·-

2176 3268 2360 3338 χεξίας
2403 3272 2495 3321 καὶ
2525 3271 2655 3334 ἴσως
2684 3275 2777 3325 καὶ
2802 3276 2999 3345 ἀηδίας
3025 3277 3152 3330 ὄντα
3181 3284 3512 3351 παρεκτικά,
3554 3284 3746 3357 Ταύτῃ

2174 3377 2257 3413 τοι
2295 3363 2386 3413 καὶ
2424 3362 2579 3431 ὄρους
2617 3365 2667 3417 οἱ
2717 3368 2962 3439 Πατέρες
3003 3372 3095 3423 ἐπὶ
3123 3373 3334 3437 τούτοις
3364 3377 3661 3442 τεθείκασι,
3686 3382 3751 3432 τὸ

2175 3451 2357 3521 λίχνον
2413 3455 2714 3509 κάντεῦθεν
2762 3460 2919 3527 ἡμῶν
2953 3461 3392 3527 ἀναστέλλοντες.
3430 3469 3542 3524 Καὶ
3570 3471 3745 3524 ταῦτα

2181 3544 2281 3613 μὲν
2324 3547 2403 3608 εἰς
2433 3546 2714 3602 τοσοῦτονι

498 3639 718 3692 utilibus
770 3652 1111 3705 quacunque
1148 3637 1319 3690 noxiae
1358 3646 1490 3690 sunt
1537 3637 1893 3690 seceruimus.
1942 3636 2075 3689 Nam
2116 3646 2171 3691 et
2237 3638 2414 3693 cicuta
2474 3642 2702 3710 perinde
2737 3643 2944 3700 olerum
2991 3651 3356 3720 appellatione
3388 3656 3553 3719 venit,
3599 3663 3657 3710 ut
3692 3665 3751 3711 et

496 3734 779 3787 vulturum
834 3745 1027 3785 carnes
1091 3744 1189 3798 pro
1234 3729 1492 3782 carnibus
1552 3728 1851 3782 ducuntur.
1938 3728 2110 3783 Nemo
2144 3738 2326 3784 tamen
2383 3732 2580 3786 mentis
2637 3749 2859 3805 compos
2894 3738 3281 3811 hyoscyamum
3314 3747 3609 3802 comederit
3644 3763 3747 3801 nec

497 3841 719 3881 carnem
749 3825 998 3878 caninam
1027 3822 1343 3892 gustaverit,
1369 3820 1474 3874 nisi
1554 3820 1694 3874 forte
1761 3834 1953 3888 magna
2022 3819 2268 3889 qumdam
2344 3824 2641 3879 necessitas
2674 3838 2895 3898 urgeat;
2925 3832 3071 3900 quod
3099 3834 3316 3903 quidem
3352 3836 3397 3891 si
3440 3839 3750 3906 usuveniat,

496 3919 633 3973 niml
701 3923 799 3972 ιιορ
852 3916 1016 3972 modo
1078 3928 1305 3969 vesceus
1363 3912 1653 3981 delinquit.
1720 3912 2063 3979 Quapropter
2102 3910 2247 3966 scire
2278 3911 2446 3965 debes
2515 3928 2613 3967 nos
2678 3930 2843 3986 opera
2876 3918 3000 3973 data
3031 3937 3120 3976 res
3163 3926 3355 3980 noxias
3398 3931 3660 3995 aversari,
3690 3941 3748 3987 et

497 4013 561 4067 iis
591 4011 806 4081 quidem
837 4008 1160 4063 animalibus
1198 4006 1338 4060 vesci
1375 4021 1714 4074 quiecunque
1788 4006 1935 4058 succi
2005 4003 2134 4058 boui
2174 4012 2303 4058 sunt
2330 4003 2569 4072 Utileque
2595 4007 2986 4065 nutrimentum
3018 4013 3285 4080 prabent,
3314 4019 3383 4073 ab
3410 4020 3531 4075 aliis
3564 4032 3745 4076 autem

497 4110 816 4167 abbot-rere,
866 4121 985 4174 quae
1038 4104 1182 4157 {orte
1232 4101 1599 4157 valetudinem
1661 4100 2065 4155 incommodam
2113 4099 2194 4155 vel
2264 4098 2470 4169 aliquid
2535 4099 2683 4154 aliud
2731 4103 2957 4174 ingrata:
3013 4110 3094 4162 rei
3151 4111 3310 4166 nobis
3334 4113 3741 4171 siutcoucilia-

497 4217 640 4263 gzira,
673 4200 717 4252 si
752 4198 1132 4252 coiuedantur.
1176 4196 1343 4250 Prisci
1388 4195 1606 4264 quidem
1695 4195 1772 4248 illi
1842 4192 2031 4248 Patres
2091 4203 2270 4249 certas
2332 4191 2491 4247 nobis
2538 4196 2639 4247 bac
2693 4193 2747 4247 in
2782 4208 2932 4263 parte
2978 4199 3122 4270 leges
3171 4205 3639 4276 pnescripserunt,
3691 4212 3750 4263 ut

500 4290 737 4346 lasciviae
792 4291 1164 4360 voluptatique
1218 4302 1421 4344 nostrae
1472 4289 1690 4343 modum
1746 4296 2075 4344 statuerent.
2122 4287 2201 4343 Ac
2247 4286 2315 4341 de
2362 4286 2450 4340 bis
2484 4300 2617 4339 sane
2680 4287 2881 4341 dictum
2938 4292 3202 4352 hactenus
3244 4306 3385 4353 esto,

567 4386 705 4452 Quia
728 4400 856 4437 vero
874 4383 1110 4437 studium
1141 4382 1195 4435 in
1225 4382 1487 4437 discendo
1510 4393 1660 4437 tuum
1688 4381 1819 4435 mibi
1860 4396 2082 4451 perspe-

498 4490 648 4537 ttum
682 4486 783 4537 est.
811 4475 968 4548 169
984 4492 1161 4547 operte
1194 4476 1422 4544 pretium
1446 4486 1663 4529 acturus
1693 4489 1837 4537 sum,
1869 4474 1912 4529 si
1941 4489 2077 4544 qua~

502 4572 749 4626 rumdam
778 4585 841 4624 ex
868 4569 1099 4623 Juditlite
1132 4552 1269 4622 libro
1318 4567 1691 4620 narrationum
1755 4567 2073 4619 meminero.

501 4663 1003 4717 Nabuchodonosor
1042 4670 1325 4728 propterea
1373 4659 1517 4726 quod
1575 4656 1827 4711 nationes
1869 4669 2080 4712 craterae

504 4754 603 4806 sibi
635 4754 896 4806 adversus
921 4748 1230 4818 Arpbaxatn
1265 4748 1463 4801 bellum
1501 4747 1705 4816 gerenti
1755 4763 1912 4817 opem
1971 4762 2079 4799 non

503 4845 777 4906 tulissent,
814 4841 1092 4908 copiarum
1126 4852 1347 4891 suarum
1386 4836 1771 4905 imperatorem
1812 4836 2079 4905 Olopher-

504 4950 628 4987 netn
665 4934 926 4985 adversus
958 4930 1185 4998 quosvis
1218 4928 1511 4998 ablegavit,
1566 4944 1732 4997 seque
1778 4928 1945 4981 totius
1970 4938 2079 4980 ter-

508 5037 691 5076 turum
722 5022 872 5075 orbis
903 5036 1161 5090 magnum
1194 5035 1373 5090 regem
1425 5034 1489 5074 ac
1521 5019 1802 5074 dominum
1826 5019 2073 5089 appella-

507 5117 598 5166 vit.
639 5113 748 5167 lloc
801 5113 1055 5167 mandato
1103 5122 1327 5183 accepto
1364 5113 1626 5167 adversus
1679 5111 1896 5167 Iudaeos
1946 5109 2076 5167 Olo-

506 5207 750 5273 pberncs
779 5206 964 5273 cotiias
995 5215 1197 5259 movet.
1240 5204 1376 5259 Eum
1413 5190 1613 5258 Acbior
1657 5206 1994 5259 Ammanites
2025 5204 2079 5258 in

508 5296 651 5349 banc
681 5296 1008 5350 sententiam
1061 5310 1284 5349 monere
1318 5314 1329 5347 :
1370 5295 1413 5347 si
1449 5294 1590 5361 quini
1647 5305 1791 5347 eSset
1822 5293 2079 5347 delictum

508 5387 628 5452 ejus
680 5386 916 5439 nationis
962 5402 1068 5454 quo
1140 5384 1306 5438 Deum
1365 5385 1763 5442 offendissent.
1824 5393 1971 5437 recte
2024 5398 2084 5436 se

510 5480 793 5543 tacturos,
852 5478 894 5533 si
952 5479 1226 5550 regionem
1278 5478 1422 5533 illam
1485 5477 1826 5538 invaderent,
1879 5481 2081 5545 quippe

575 5637 620 5668 "
650 5637 786 5691 Gen.
817 5654 856 5701 t,
894 5637 980 5690 51.
1057 5641 1099 5669 ⁷⁹
1130 5637 1145 5690 l
1176 5637 1317 5691 Titii.
1356 5653 1424 5699 ιν,
1461 5637 1548 5689 δι.

2267 4378 2453 4444 ’Ἄξιον
2481 4378 2536 4431 δὲ
2575 4378 2667 4431 καί
2693 4397 2854 4431 τινων
2889 4381 3141 4452 ἱστοριῶν
3166 4390 3569 4461 ἐπιμνησθῆναι
3600 4394 3750 4459 φιλο.

2192 4468 2419 4539 μαθείας
2448 4470 2609 4538 χάριν
2652 4469 2748 4537 τῆς
2791 4470 2891 4541 σῆς
2923 4473 2986 4527 ὲκ
3024 4475 3123 4546 τῆς
3161 4478 3387 4548 Ἰουδήθ.
3433 4481 3491 4533 Ὀ
3525 4484 3748 4538 Ναϐου-

2110 4591 2156 4651 D
2186 4560 2470 4630 χοδονόσορ
2502 4560 2589 4613 διά
2633 4562 2693 4613 τὸ
2732 4562 2807 4631 μὴ
2839 4562 3202 4638 ἐπικουρῆσαι
3237 4562 3387 4640 αὐτῷ
3415 4571 3626 4635 πάντας
3658 4575 3747 4627 ὅτε

2182 4652 2441 4722 ἐπολέμει
2490 4657 2628 4723 μετὰ
2683 4655 2776 4709 τοῦ
2820 4657 3089 4728 Ἀρφαξᾶ,
3123 4660 3405 4713 ἐπέστειλε
3452 4662 3544 4716 τὸν
3579 4678 3749 4734 στρα-

2178 4745 2347 4812 τηγὸν
2395 4744 2561 4798 αὑτοῦ
2605 4746 2938 4818 Ὀλοφέρνην
2987 4750 3125 4804 κατὰ
3172 4753 3350 4821 πάσης
3383 4753 3484 4822 τῆς
3516 4754 3641 4821 γῆς,
3673 4755 3752 4806 εί-

2182 4832 2298 4885 πὼν
2333 4837 2468 4903 πρὸς
2492 4837 2654 4891 αὐτόν
2681 4852 2694 4866 ³
2731 4858 2749 4889 ι
2799 4836 2940 4892 Τάδε
2973 4839 3117 4907 λέγει
3144 4838 3400 4909 βασιλεὺς
3436 4843 3460 4892 6
3491 4842 3688 4910 μέγας,
3722 4843 3751 4893 6

2182 4924 2375 4996 κύριος
2426 4927 2610 4998 πάσης
2659 4930 2758 5000 τῆς
2795 4931 2919 4999 γῆς.
2960 4952 2978 4983 ι
3026 4932 3143 5000 Ἐφ’
3172 4927 3215 5000 ᾧ
3253 4933 3347 4985 καὶ
3373 4934 3516 4988 κατά
3544 4934 3752 5004 ταύτην

2181 5016 2282 5083 τὴν
2335 5015 2584 5070 κέλευσιν
2626 5019 2916 5088 άπαίροντι
2961 5018 3039 5090 τῷ
3081 5020 3387 5092 Ὀλοφέρνῃ
3427 5024 3573 5075 κατὰ
3621 5022 3754 5076 Ἰου-

2183 5107 2371 5173 δαίων,
2404 5109 2503 5179 ἔφη
2536 5110 2630 5162 καὶ
2654 5110 2778 5164 τάδε
2806 5113 2833 5165 6
2876 5110 3217 5183 ’Δμμανίτης
3260 5114 3482 5185 Ἀχιὼρ,
3505 5132 3523 5165 ι
3560 5114 3622 5167 Εί
3652 5115 3754 5184 μὲν

2186 5199 2333 5253 ἐστιν
2362 5201 2616 5270 ἀγνόημα
2650 5190 2814 5272 ἐν’τῷ
2846 5202 2962 5273 λαῷ
3000 5204 3174 5274 τούτῳ
3216 5205 3305 5257 καί
3340 5206 3758 5276 ἁμαρτάνουσιν

2186 5295 2260 5355 εἰς
2286 5292 2374 5346 τὸν
2407 5293 2538 5345 Θεὸν
2573 5293 2774 5360 αὐτῶν,
2809 5295 3213 5366 ἀναϐησὼμεθα
3244 5299 3341 5351 καὶ
3368 5297 3762 5367 ἐκπολεμήσον-

2187 5403 2286 5454 μεν
2326 5385 2521 5447 αὐτούς
2546 5402 2557 5414 ³
2590 5387 2637 5439 εί
2666 5385 2720 5438 δὲ
2756 5387 2830 5458 μή
2865 5404 2949 5455 γε,
2986 5388 3300 5458 παρελθέτω
3325 5389 3353 5441 6
3375 5388 3565 5460 κύριός
3592 5408 3750 5458 μου.»

2187 5475 2295 5527 Καὶ
2336 5477 2364 5526 6
2406 5476 2735 5546 Ὀλοφέρνης
2772 5480 2906 5547 πρὸς
2949 5479 3171 5551 Ἀχιὼρ,
3212 5500 3229 5532 ι
3262 5482 3372 5534 Καὶ
3398 5484 3481 5539 τίς
3531 5483 3557 5533 ὁ
3599 5481 3757 5543 6L5;-

1661 5633 1707 5664 ”
1744 5634 1862 5685 Act.
1900 5649 1953 5696 ι,
1991 5632 2172 5687 15-15.
