4110 6194
357 313 455 377 3Ξ9

1612 315 2011 378 ANNALIUM
2059 321 2254 382 PARS
2293 324 2375 383 ΙΙ.

3486 320 3592 381 33.0

356 428 588 482 θανάτου
624 423 835 498 ῥύεται,
870 426 964 478 καὶ
986 424 1124 494 αὐτὴ
1158 426 1524 497 ἀποκαθαριεϊ
1548 431 1726 481 πᾶσαν
1745 431 1917 498 ἅμαρ-

2038 431 2200 488 Sarrze
2231 444 2528 489 amatorem
2567 435 2911 490 Asmodmum
2951 433 3137 504 abigit.
3187 433 3325 488 llinc
3381 442 3600 500 sumpto

354 522 492 572 τίαν.
531 520 643 572 Καὶ
672 518 769 571 νῦν
818 520 907 573 ὅτε
943 518 1239 588 προσηύξω
1275 520 1338 572 σὺ
1389 523 1544 590 καὶὴ
1598 521 1782 590 νύμφη
1827 539 1920 574 σου

355 613 564 684 Σάρῤα,
596 610 710 678 ἐγὼ
740 611 1092 680 προσήγαγον
1121 612 1183 664 τὸ
1227 613 1572 682 μνημόσυνον
1607 614 1704 683 τῆς
1755 631 1926 684 προσ-

354 705 521 774 ευχῆς
571 703 726 772 ὑμῶν
801 703 1032 757 ἐνώπιον
1087 703 1182 756 τοῦ
1235 705 1391 772 ἁγίου
1452 705 1608 759 Θεοῦ.
1673 707 1780 760 Καὶ
1835 705 1924 758 ὅτε

355 797 590 858 ἓθαπτες
627 798 756 858 τοὺς
780 796 1035 864 νεκροὺς,
1079 798 1460 866 συμπαρήμην
1511 814 1616 852 σοι.
1679 799 1788 851 Καὶ
1835 799 1923 850 ὅτε

354 889 450 941 οὐκ
485 887 740 956 ὤκνησας
765 889 1065 956 ἀναστῆναι
1109 890 1208 943 καὶ
1241 890 1562 942 καταλιπεῖν
1611 889 1672 941 τὸ
1705 889 1925 958 ἄριστόν

358 997 472 1041 σου,
530 980 680 1042 ὅπως
707 979 959 1032 ἀπελθὼν
1018 981 1368 1050 περιστείλῃς
1419 981 1512 1032 τὸν
1566 981 1782 1048 νεκρὸν,
1828 980 1926 1031 οὐκ

357 1068 541 1130 ἔλαθές
575 1085 642 1138 με
675 1069 1042 1136 ἀγαθοποιῶν,
1079 1070 1215 1123 ἀλλὰ
1249 1071 1344 1124 σὺν
1383 1071 1465 1122 σοὶ
1497 1069 1669 1140 ἤμην.
1705 1071 1813 1122 Καὶ
1831 1070 1927 1122 νῦν

357 1161 647 1213 ἀπέστειλέ
680 1178 748 1229 με
787 1161 816 1212 ό
840 1161 974 1223 Θεὸς
1041 1160 1296 1214 ἰάσασθαί
1349 1177 1409 1214 σε
1451 1161 1544 1213 καὶ
1576 1161 1674 1230 τὴν
1707 1161 1926 1230 νύμφην

359 1269 446 1305 σου
490 1253 733 1323 Σάρραν.
771 1251 916 1319 Ἐγώ
947 1253 1062 1320 είμι
1102 1251 1348 1321 Ῥαφαὴλ
1396 1246 1476 1307 εἷς
1519 1251 1626 1303 τῶν
1662 1252 1799 1303 ἐπτᾶ
1827 1253 1926 1318 ἀγ-

353 1343 551 1411 γέλων,
599 1341 650 1395 οἳ
685 1343 1162 1412 προσαναφέρουσι
1199 1343 1298 1404 τὰς
1329 1341 1494 1410 εὐχὰς
1523 1342 1632 1395 τῶν
1661 1343 1853 1409 ἁγίων.
1905 1363 1922 1394 ι

358 1433 465 1486 Καὶ
505 1432 681 1485 ταῦτα
714 1433 1055 1500 παραινέσας
1116 1433 1282 1501 ἀνέϐη
1335 1433 1473 1503 πρὸς
1531 1432 1623 1484 τὸν
1670 1433 1930 1484 ἀποστεί-

357 1525 546 1578 λαντα.
606 1525 722 1576 Καὶ
757 1523 916 1576 τοῦτο
969 1525 1070 1593 μὲν
1108 1527 1168 1576 τὸ
1219 1523 1464 1594 Ῥαφαὴλ
1514 1525 1684 1593 ὄνομα
1729 1523 1930 1593 ἔμαθες

259 1633 266 1638 ·
354 1614 454 1683 ἤδη
487 1615 552 1666 ὲκ
567 1613 661 1666 τοῦ
685 1613 885 1682 Τωϐήτ
905 1631 918 1645 ·
950 1615 1009 1666 τὸ
1029 1614 1086 1666 δὲ
1117 1613 1342 1682 Οὐριὴλ,
1378 1613 1521 1667 καθά
1551 1631 1684 1681 φησι
1711 1615 1738 1665 ὁ
1766 1613 1929 1679 σοφὸς

355 1707 434 1774 τῷ
465 1705 581 1759 ὃντι
609 1706 842 1770 Ψελλὸς,
873 1704 998 1758 οὔτε
1030 1707 1098 1758 τὰ
1123 1706 1222 1773 τῆς
1273 1706 1520 1767 Παλαιᾶς
1560 1703 1687 1758 οὔτε
1734 1704 1801 1756 τὰ
1831 1704 1926 1772 τῆς

358 1797 504 1858 Νέας
534 1798 668 1868 ἡμῖν
705 1795 1020 1864 ἐγνώρισεν.
1044 1797 1202 1851 Ἐστι
1235 1797 1290 1849 δέ
1345 1815 1397 1850 τι
1455 1797 1659 1866 βιϐλίον
1700 1798 1935 1868 Ἐϐραῖο-

359 1889 455 1939 κδν
483 1887 763 1954 ἄγνωστον
826 1891 942 1951 τοῖς
981 1888 1220 1951 πολλοῖς.
1273 1888 1555 1959 προσευχὴ
1603 1889 1660 1942 δὲ
1726 1890 1928 1958 Ἰωσὴφ

359 1982 865 2050 ἐπιγεγραμμένον,
905 1981 1031 2034 ἔνθα
1057 1982 1122 2052 δὴ
1148 1984 1174 2034 ὁ
1215 1981 1431 2036 ἐκείνου
1477 1982 1663 2052 πατὴρ
1731 1982 1930 2037 Ἰακὼϐ

359 2071 612 2138 εἰσῆκται
647 2070 822 2141 τούτῳ
853 2072 915 2142 δὴ
956 2071 1034 2141 τῷ
1075 2073 1294 2144 ἀγγέλῳ
1336 2073 1581 2144 Ῥαφαὴλ
1607 2073 1930 2143 διαλεγόμε-

359 2178 468 2222 νος,
503 2163 552 2214 εί
583 2163 677 2214 καὶ
695 2163 821 2230 ἄρτι
847 2163 961 2225 τοῖς
1008 2163 1313 2232 Ἑϐραίοις,
1351 2165 1425 2224 ὡς
1452 2164 1547 2218 καὶ
1575 2164 1642 2216 τὰ
1667 2165 1800 2219 ἄλλα
1821 2163 1931 2217 τῶν

359 2254 714 2322 ἑποκρὺφων,
753 2253 1006 2308 ἀπῶσταί
1034 2271 1094 2307 τε
1160 2256 1252 2307 καὶ
1307 2255 1587 2326 ὴθέτηται.
1636 2253 1696 2309 '0
1746 2256 1930 2325 μέντοι

361 2345 404 2396 Τ
407 2346 555 2414 ωϐὴτ
586 2343 660 2414 ρν¹
697 2346 792 2414 ἐτη
824 2346 1040 2415 ἔζησεν,
1087 2347 1116 2398 ὁ
1149 2346 1205 2398 δὲ
1251 2346 1468 2410 Τωϐίας
1511 2345 1648 2418 ρκζ’.
1679 2347 1835 2400 Μετὰ
1873 2347 1930 2400 δὲ

365 2434 422 2485 τὸ
483 2432 655 2503 θάψαι
692 2436 820 2496 τοὺς
870 2437 1051 2502 γονεῖς
1097 2435 1263 2488 αὑτοῦ
1314 2437 1570 2504 ἀπῆλθεν,
1608 2438 1746 2508 πρὸς
1811 2437 1936 2489 Ῥα-

365 2527 533 2594 γουὴλ
581 2527 672 2578 τδν
701 2527 962 2594 πενθερὸν
1019 2527 1210 2588 αὑτοῦ,
1268 2529 1364 2580 καὶ
1425 2517 1786 2596 ἥκουσε’πρ’›
1838 2524 1934 2578 τοῦ

365 2619 654 2672 ἀποθανεῖν
730 2621 830 2689 τὴν
902 2619 1180 2673 ἀπώλειαν
1249 2619 1465 2685 Νινευῖ,
1539 2621 1606 2689 ἢν
1675 2617 1935 2688 ᾐχμαλώ-

365 2723 522 2759 τευσε
593 2708 1066 2779 Ναϐουχοδονόσορ
1138 2711 1278 2762 κατὰ
1339 2711 1437 2780 τὴν
1505 2710 1700 2782 Τωϐὴτ
1763 2710 1936 2779 πρόρ-

373 2799 550 2866 ρησιν.
1013 2813 1018 2822 ’

371 2889 750 2944 introducitur.
807 2890 969 2947 Liber
1013 2893 1132 2963 ipse
1185 2893 1328 2963 apud

2027 538 2211 580 secum
2243 537 2466 594 argento
2494 535 2548 580 et
2579 528 2806 597 conjuge
2839 527 3000 580 Sarra
3035 525 3257 578 domum
3285 523 3597 577 revertitur.

2025 618 2268 686 Cumque
2298 620 2547 688 peruncti
2588 620 2770 673 forent
2819 619 2885 670 ab
2918 633 2983 672 eo
3020 616 3202 670 Tobmi
3233 616 3400 683 patris
3432 614 3596 676 oculi,

2027 725 2123 779 pro
2147 710 2328 780 ligium
2375 710 2433 764 ﬁt
2477 711 2669 779 ingens
2713 711 2826 762 visu
2890 707 2939 761 ei
2996 709 3266 762 restituto.
3298 704 3508 769 Quibus
3543 703 3598 756 in
3662 703 3670 717 ’

2027 802 2172 854 hunc
2207 801 2426 854 modum
2487 802 2652 870 gestis
2684 799 2911 867 angelus
2971 799 3118 867 ipsos
3167 797 3346 852 verbis
3397 795 3600 847 talibus

2025 893 2364 962 alloquitur:
2404 912 2420 942 ι
2462 889 2828 945 Bettcﬁcentia
2876 889 3114 958 profecta
3149 888 3214 939 de
3244 884 3602 940 commisera-

2026 985 2174 1039 tione
2203 984 2382 1036 cordis
2419 983 2696 1035 hominem
2756 996 2782 1033 a
2832 990 3008 1033 morte
3057 979 3298 1032 vindicat
3349 986 3404 1030 et
3437 989 3599 1028 omne

2026 1091 2141 1146 pect
2162 1084 2308 1128 atum
2341 1077 2544 1143 expiat.
2574 1072 2692 1135 Quo
2715 1073 2934 1141 quidem
2961 1080 3206 1138 tempore
3237 1079 3292 1122 tu
3317 1080 3597 1133 nurusque

2027 1177 2118 1221 tua
2185 1165 2346 1220 Sarra
2404 1165 2574 1220 Deum
2646 1163 3036 1232 prccalamini,
3102 1177 3200 1230 ego
3272 1157 3600 1225 precationis

2028 1267 2222 1312 vestrae
2263 1266 2676 1311 monumentum
2729 1271 2912 1311 coram
2957 1262 3146 1306 sancto
3191 1251 3283 1304 illo
3326 1251 3436 1301 Deo
3474 1249 3600 1301 sub-

2030 1349 2314 1400 vcbcbam.
2344 1346 2478 1400 Cum
2515 1356 2568 1399 tu
2601 1354 2844 1398 mortuos
2868 1342 3188 1412 scpcliebns,
3222 1339 3442 1392 aderam
3481 1335 3597 1388 tibi.

2028 1439 2162 1492 Cum
2196 1437 2420 1490 minime
2451 1436 2795 1489 cunctabaris
2825 1435 2954 1501 quin
3002 1447 3257 1502 surgeres
3301 1430 3602 1496 relictoque

2030 1529 2258 1598 prandio
2302 1538 2393 1579 tuo
2427 1527 2736 1580 discederes
2769 1525 3078 1578 obvelatum
3125 1521 3320 1577 mortui
3368 1519 3605 1574 hominis

2013 1602 2282 1679 'cadaver,
2315 1618 2428 1670 lucc
2463 1629 2548 1669 tua
2585 1616 2841 1686 praeclara
2879 1615 3016 1670 facta
3069 1631 3155 1676 me
3207 1630 3314 1666 non
3359 1611 3604 1666 latebant

2033 1725 2253 1778 semper
2281 1708 2378 1760 tibi
2425 1708 2631 1761 scilicet
2675 1718 3017 1776 przcscntem.
3067 1706 3258 1774 Meque
3291 1719 3439 1757 nunc
3467 1710 3604 1754 adeo

2023 1797 2177 1857 misit
2228 1801 2372 1854 Deus
2426 1801 2490 1854 ad
2550 1809 2600 1853 to
2652 1816 2962 1868 nurumque
3018 1809 3161 1853 tuam
3227 1798 3446 1852 Sarram
3517 1812 3602 1848 sa-

2029 1895 2254 1948 nandos.
2287 1893 2413 1946 Sum
2448 1893 2593 1946 enim
2619 1893 2812 1962 genius
2852 1891 2944 1946 ille
2974 1890 3306 1961 Raphaeltts,
3351 1903 3489 1942 unus
3537 1887 3604 1940 de

2028 1986 2235 2056 septem
2285 1984 2516 2055 angelis,
2568 1981 2660 2054 qui
2708 1985 2773 2038 ad
2827 1985 2995 2038 Deum
3049 1990 3362 2040 sanctorum
3417 1991 3607 2047 pr-ecs

2029 2077 2370 2144 deferunt",
2427 2074 2524 2130 His
2581 2075 2957 2145 pronunciatis
3008 2075 3074 2128 ad
3119 2090 3242 2127 eum
3297 2071 3604 2126 ascendita

2035 2180 2144 2234 quo
2180 2163 2354 2218 fuerat
2395 2164 2695 2233 ablegatus.
2749 2163 2861 2218 [loc
2892 2164 3066 2234 ipsum
3114 2173 3293 2216 autem
3344 2160 3605 2228 Rapltacli

2037 2272 2238 2312 nomen
2269 2273 2333 2309 ex
2367 2255 2467 2310 hac
2497 2257 2564 2310 dc
2591 2255 2791 2310 Tobmo
2825 2256 3140 2309 narratione
3191 2256 3467 2324 cegnitum
3498 2252 3608 2304 sci-

2036 2349 2163 2404 licet
2187 2347 2585 2404 habes.Verum
2611 2349 2899 2418 appellatio
2919 2349 3112 2414 Urieli,
3145 2344 3606 2417 quemadmodum

2035 2443 2116 2495 vir
2153 2457 2343 2510 reapse
2376 2441 2593 2509 sapiens
2640 2441 2850 2496 Psellus
2879 2441 3118 2510 scripsit,
3166 2456 3264 2493 nec
3305 2439 3467 2508 prisci
3507 2437 3610 2491 fu:-

2034 2531 2182 2587 o’eris
2207 2531 2368 2585 libris
2398 2547 2495 2584 nec
2530 2532 2656 2585 novi
2685 2531 3021 2594 continetur,
3055 2529 3362 2603 sed‘exstat
3390 2528 3442 2580 in
3471 2527 3611 2579 libro

2036 2622 2266 2688 qt-olam
2301 2620 2588 2680 llebrnieo.
2617 2620 2710 2689 qui
2745 2620 2904 2688 vulgo
2938 2615 3046 2672 non
3073 2628 3156 2672 est
3192 2629 3371 2678 notus,
3400 2615 3612 2668 habens

2037 2709 2452 2776 inscriptionem
2511 2710 2842 2777 precationis
2900 2708 3160 2778 Josephi;
3205 2722 3313 2775 quo
3367 2705 3420 2756 in
3471 2703 3610 2756 libro

2037 2797 2256 2866 Josephi
2297 2810 2449 2868 pater
2475 2797 2715 2854 Jacobus
2764 2799 2866 2854 hoc
2899 2816 3019 2853 cum
3072 2798 3264 2868 angelo
3294 2796 3611 2862 colloquens

1425 2891 1702 2956 Hebraeos,
1765 2901 1824 2947 ut
1879 2891 1968 2945 alii
2011 2905 2228 2959 quoque
2260 2892 2576 2960 apocrypbi,
2637 2907 2737 2961 pro
2800 2891 3070 2960 rejectitio
3113 2891 3332 2946 ducitur
3378 2898 3432 2942 et
3476 2887 3611 2940 nihil

371 2985 707 3040 auctoritatis
763 2984 948 3040 habet.
1003 2986 1266 3040 Caeterum
1316 2986 1548 3041 Tobzeus
1597 2997 1769 3039 annos
1825 2983 1926 3038 150
1967 2980 2199 3036 vivendo

2297 2981 2557 3051 explevit,
2624 2979 2826 3036 Tobias
2872 2980 3014 3035 ﬁlius
3065 2981 3185 3044 127,
3233 2994 3464 3046 cumque
3513 2994 3607 3046 pa-

371 3091 550 3135 rentes
605 3095 734 3135 suos
779 3080 948 3134 humo
987 3081 1320 3142 tradidisset,
1369 3081 1436 3135 ad
1489 3079 1786 3150 Raguelum
1844 3091 2093 3132 socerum
2160 3091 2318 3130 suum
2386 3073 2661 3143 profectus
2729 3083 2835 3136 est,
2898 3084 2951 3128 et
2997 3084 3122 3129 ante
3171 3083 3402 3126 mOrtcm
3457 3088 3609 3127 suam

371 3176 434 3228 de
470 3175 708 3229 Nineves
749 3173 978 3228 interitu
1029 3175 1318 3245 cognovit,
1357 3190 1517 3244 Quam
1589 3171 2094 3228 b‘abuchodonosor
2126 3171 2292 3240 cepit,
2331 3169 2406 3224 uti
2436 3171 2678 3223 futurum
2708 3167 2939 3223 Toba‘us
2977 3169 3318 3238 pt'azdixerat.

439 3268 592 3319 Μετὰ
624 3267 805 3334 μέντοι
832 3266 923 3319 τὸν
976 3266 1214 3337 Σαμψὼν
1273 3267 1379 3330 ἕως
1415 3268 1565 3319 Ἠλεὶ
1599 3267 1690 3320 τοῦ
1751 3267 1941 3336 ἱερέως
1967 3265 2011 3327 C

376 3361 604 3428 ἀναρχία
628 3355 695 3428 ἦν
731 3359 859 3426 παρ’
899 3358 1085 3421 αὐτοῖς
1117 3358 1208 3426 ἔτη
1240 3357 1313 3428 μ’,
1349 3360 1440 3412 καὶ
1470 3359 1718 3426 ἀλλήλοις
1749 3359 1936 3410 ἐπανι-

380 3452 634 3519 στάμενοι
665 3451 1152 3522 συνωλοθρεύοντο.
1183 3452 1347 3504 Ὅσον
1379 3453 1478 3522 μὲν
1499 3449 1592 3506 οὖν
1626 3452 1795 3505 κακόν
1819 3453 1938 3504 ἐστι

377 3542 434 3593 τδ
463 3541 734 3610 περιορᾷν
763 3543 889 3600 τοὺς
920 3541 1024 3592 ὑπὸ
1053 3542 1212 3610 χεῖρα
1265 3541 1680 3610 ἁμαρτάνοντας
1708 3541 1802 3594 καὶ
1863 3541 1939 3609 μὴ

380 3633 620 3699 σφοδρῶς
685 3632 1004 3701 ὲπιστὺφειν
1056 3633 1274 3698 αὐτοὺς,
1316 3634 1483 3700 ἔδειξε
1541 3634 1608 3685 τὰ
1664 3633 1807 3684 κατὰ
1848 3631 1941 3683 τὸν

391 3725 556 3789 Ἠλεὶ,
580 3724 682 3792 τὴν
713 3724 942 3776 κιϐωτὸν
976 3723 1068 3776 καὶ
1123 3724 1216 3777 τὸν
1255 3725 1385 3778 λαδν
1422 3723 1726 3792 συμϐάντα.
1779 3722 1943 3792 Τηνι-

383 3816 550 3869 καῦτα
589 3817 698 3884 γὰρ
724 3817 752 3868 δ
786 3815 886 3886 μὲν
935 3818 1083 3869 Ἠλεὶ
1113 3817 1329 3888 θανάτῳ
1362 3819 1566 3887 οίκτρῷ
1598 3817 1939 3886 περιπίπτει,

383 3910 413 3976 ἡ
449 3909 686 3971 κιϐωτὸς
718 3908 1204 3977 αἰχμαλωτίζεται,
1252 3911 1344 3962 καὶ
1395 3911 1422 3962 ὁ
1453 3911 1580 3972 λαὸς
1638 3911 1942 3980 ἀναιρεῖται

385 4001 647 4072 μαχαίρᾳ.
679 4000 1029 4052 Παλαιστινοὶ
1075 4001 1166 4052 καὶ
1195 4001 1300 4070 γὰρ
1329 4001 1470 4054 κατὰ
1535 4001 1805 4054 Ἰουδαίων
1850 4002 1946 4068 ὁρ-

382 4087 541 4157 yrina,
615 4091 1026 4160 συμπλέκονται
1106 4091 1384 4160 ἀλλήλοις,
1464 4093 1560 4143 καὶ
1646 4092 1942 4144 πίπτουσιν

387 4180 626 4250 ’Ἑϐραῖοι
691 4182 824 4234 ὡσεὶ
875 4181 1326 4252 τετρακισχίλιοι.
1401 4178 1530 4235 Εἶτα
1581 4185 1679 4254 τὴν
1709 4181 1944 4236 κιϐωτὸν

381 4274 640 4342 ἀράμενοι
691 4275 788 4326 σὺν
841 4274 977 4342 αὑτῇ
1037 4275 1176 4327 κατὰ
1215 4272 1324 4326 τῶν
1377 4273 1654 4342 πολεμίων
1707 4272 1942 4343 ὁρμῶσι,

381 4365 648 4430 navigan
684 4364 927 4432 συνήθως
950 4364 1350 4434 θαρρήσαντες.
1392 4365 1812 4426 Συμϐἀλλουσιν
1848 4363 1941 4416 ἀλ-

381 4455 580 4523 ).ἡ)οις,
609 4455 704 4506 καὶ
735 4453 995 4506 πίπτουσι
1029 4455 1126 4522 μὲν
1158 4457 1220 4506 ἐκ
1250 4454 1358 4506 τῶν
1408 4455 1682 4524 Ἑϐραίων
1709 4457 1807 4507 οὐκ
1827 4453 1940 4505 ὀλί.

381 4562 484 4610 γοι,
525 4545 990 4614 αἰχμαλωτίζεται
1019 4544 1076 4597 δὲ
1108 4545 1202 4596 καὶ
1246 4544 1385 4609 αὐτὴ
1419 4548 1451 4614 ἡ
1513 4546 1769 4608 κιϐωτός.
1825 4548 1940 4601 Οὐκ

384 4636 557 4704 ἀγαθὴ
585 4637 770 4688 λοιπὸν
809 4635 1036 4702 ἀγγελία
1067 4635 1481 4705 καταλαμϐάνει
1506 4637 1595 4688 τ’»ν
1635 4637 1784 4688 Ἠλεί
1811 4651 1826 4667 ο
1849 4637 1942 4687 καὶ

384 4728 476 4796 τὴν
507 4728 604 4796 μὲν
664 4727 774 4778 τῶν
823 4725 988 4778 αὐτοῦ
1045 4726 1254 4779 παίδων
1299 4728 1572 4779 ἀπώλειαν
1621 4728 1774 4794 φέρει
1820 4744 1943 4792 γεν-

383 4821 561 4880 ναίως,
593 4818 711 4870 -καὶ
768 4819 850 4870 ὅτι
897 4821 990 4870 καὶ
1039 4817 1339 4887 σφάλματα
1396 4819 1676 4888 προσῆσαν
1735 4821 1940 4881 αὐτοῖς,

386 4912 605 4981 πορνεία
636 4914 732 4963 καὶ
765 4913 1181 4980 γαστριμαργία
1215 4913 1450 4981 (γάμους
1485 4913 1594 4982 γὰρ
1627 4911 1944 4981 ἀλλοτρίους

384 5003 702 5070 ἐξώρυττον,
724 5004 814 5055 καὶ
849 5003 913 5053 τὰ
936 5003 1072 5070 κρέα
1106 5003 1209 5072 πρὸ
1238 5004 1331 5055 τοῦ
1361 5005 1684 5072 ἀγασθῆναι
1717 5005 1948 5074 ἤσθιον),

384 5093 479 5161 τὴν
495 5093 552 5145 δὲ
578 5093 678 5156 τῆς
708 5091 946 5144 κιϐωτοῦ
973 5092 1382 5160 .αίχμαλωσίαν
1413 5093 1514 5144 οὐκ
1562 5093 1802 5158 ἐνεγκὼν
1851 5109 1951 5144 κα-

388 5183 649 5238 ταπίπτει
691 5181 784 5234 τοῦ
815 5183 1005 5244 θρόνου
1037 5185 1132 5234 aut
1177 5185 1426 5253 τελευτᾷ·
1462 5185 1613 5252 ἔτυχε
1672 5183 1780 5251 γὰρ
1827 5184 1948 5234 τότε

387 5273 526 5326 κατά
555 5289 619 5340 γε
649 5273 747 5336 τὰς
776 5272 953 5334 πύλας
990 5273 1082 5325 τοῦ
1107 5274 1254 5343 ίεροῦ
1284 5275 1589 5341 καθήμενος
1625 5275 1716 5326 ἐπὶ
1734 5274 1946 5342 δίφρου,

387 5365 527 5417 ὀκτὼ
560 5365 650 5417 καὶ
681 5367 729 5430 l,’
771 5362 969 5432 βιώσας
1000 5362 1116 5432 ἔτη.

2153 3266 2224 3318 Ad
2294 3263 2614 3318 Samsoncm
2697 3274 2753 3317 ut
2831 3262 3150 3326 redeamus,
3217 3270 3338 3328 post
3402 3260 3610 3314 obitum

2039 3357 2159 3426 ejus
2216 3356 2281 3410 ad
2343 3355 2519 3409 Elium
2575 3369 2750 3422 usque
2802 3354 3116 3423 pontiﬁcem
3171 3351 3298 3404 totis
3347 3350 3504 3404 annis
3545 3351 3614 3404 40

2041 3447 2282 3503 lsraelici
2329 3447 2536 3502 nullius
2565 3445 2796 3516 imperio
2840 3445 3128 3516 parebant.
3163 3444 3502 3512 Quapropter
3554 3458 3613 3495 se

2043 3541 2278 3596 invicem
2329 3541 2418 3593 alii
2479 3540 2615 3592 alios
2658 3537 2878 3604 adorti,
2911 3536 3218 3592 communis
3273 3535 3524 3589 interitus
3560 3543 3616 3588 et

2041 3632 2237 3685 excidii
2292 3630 2515 3684 sibimet
2569 3638 2823 3682 auctores
2872 3636 3048 3681 erant.
3082 3625 3359 3692 Quantum
3395 3625 3610 3695 quidem

2045 3724 2097 3776 in
2133 3739 2198 3775 eo
2231 3721 2351 3775 mali
2396 3725 2487 3787 sit,
2527 3737 2648 3776 cum
2685 3720 2842 3775 nobis
2867 3718 3101 3790 subjecti
3140 3718 3612 3772 animadvertentc

2047 3813 2265 3865 nemine
2307 3811 2654 3879 delinquunt,
2689 3811 2844 3880 172
2892 3825 2996 3864 nec
3035 3809 3234 3863 acriter
3257 3817 3610 3870 coercentur,

2045 3903 2148 3956 Elii
2175 3903 2510 3957 demonstrat
2552 3902 2779 3955 historia
2815 3916 2938 3953 cum
2972 3899 3036 3952 iis
3057 3915 3175 3968 qua:
3201 3914 3339 3950 arca:
3385 3897 3612 3966 populo-

2045 4009 2151 4062 que
2185 3993 2422 4046 lsrmlico
2484 3993 2823 4046 acciderunt.
2857 3991 2988 4044 Nam
3040 4000 3095 4044 et
3134 3990 3283 4042 Elius
3319 3987 3614 4041 miserabili

2049 4083 2154 4138 ﬁne
2203 4082 2366 4136 vitam
2402 4082 2627 4143 claudit,
2660 4090 2713 4134 et
2751 4080 2986 4133 hostium
3033 4078 3088 4132 in
3123 4086 3440 4148 potestatem
3491 4090 3613 4128 arca

2048 4178 2218 4239 venit,
2253 4181 2306 4228 et
2341 4174 2518 4245 gladio
2573 4171 2803 4242 populus
2831 4170 3116 4223 occiditur.
3164 4169 3373 4239 Quippe
3398 4165 3617 4222 Judaicos

2048 4264 2320 4319 Paltt‘Sllnl
2357 4262 2498 4316 bello
2557 4260 2850 4323 invadunt,
2888 4258 3070 4326 praciio
3123 4260 3261 4311 inter
3309 4275 3365 4309 se
3399 4257 3617 4324 utrique

2050 4357 2502 4426 congrediuntur,
2541 4351 2893 4407 llcbrzeurum
2941 4352 3007 4403 ad
3059 4361 3294 4418 quatuor
3328 4349 3492 4402 millia
3523 4365 3614 4400 ca-

2049 4449 2202 4502 dttnt.
2237 4446 2373 4500 Hinc
2403 4461 2528 4499 arca
2556 4444 2769 4498 lsracliri
2797 4442 3054 4506 advecta,
3089 4459 3209 4496 cum
3251 4457 3312 4494 ea
3351 4442 3402 4493 in
3431 4442 3617 4493 hostes

2053 4541 2292 4600 irruunt,
2336 4537 2480 4605 quod
2530 4536 2756 4590 omnino
2806 4535 3045 4588 futurum
3088 4532 3428 4587 conﬁderent
3462 4541 3518 4584 ut
3555 4546 3617 4583 ca

2054 4641 2321 4702 praesente
2377 4631 2693 4700 superiores
2749 4627 2848 4696 ipsi
2901 4641 3000 4695 pro
3060 4641 3208 4680 more
3250 4623 3616 4676 discederent.

2049 4723 2426 4779 Conseruntur
2463 4737 2592 4792 ergo
2630 4734 2844 4779 manus,
2897 4715 3246 4771 llcbrzcorum
3283 4714 3496 4784 plurimi
3530 4730 3618 4765 ca-

2052 4817 2188 4871 dunt
2223 4858 2236 4878 ,
2289 4830 2413 4868 arca
2475 4815 2588 4883 ipsa
2639 4815 2705 4866 ab
2742 4811 2990 4866 hostibus
3025 4809 3386 4878 intercipitur.
3418 4808 3620 4874 Quam-

2052 4909 2235 4961 obrem
2275 4907 2562 4961 infeliciter
2597 4915 2758 4975 gestae
2800 4903 2877 4957 rei
2920 4904 3128 4957 tristem
3173 4901 3424 4954 nuntium
3473 4900 3620 4953 Elius

2051 5000 2282 5067 accipit,
2320 5014 2379 5050 ac
2411 5013 2632 5050 suorum
2671 4995 2891 5063 quidem
2930 4993 3162 5046 ﬁliorum
3199 4994 3474 5046 interitu=n
3525 5011 3619 5061 ge-

2051 5108 2250 5144 netoso
2300 5091 2403 5142 fert
2435 5089 2616 5142 animo
2638 5126 2652 5150 ,
2684 5087 2828 5155 quod
2861 5086 2893 5138 ii
2934 5085 3078 5139 vitiis
3110 5087 3225 5138 suis
3275 5101 3380 5136 non
3413 5084 3620 5135 carnis-

2047 5192 2169 5237 sent
2200 5222 2212 5242 .
2269 5180 2585 5236 scmlatiutti
2633 5193 2695 5232 ac
2737 5178 2964 5232 lttvttriae
3001 5177 3164 5231 dediti
3203 5175 3622 5243 (consueverant

2048 5275 2193 5328 enim
2230 5283 2379 5325 toros
2405 5270 2614 5324 alienos
2648 5253 2910 5339 polluere.
2949 5270 3251 5334 oblatisque
3294 5266 3401 5318 Deo
3445 5265 3621 5318 Curul-

2057 5367 2158 5420 bus
2197 5373 2322 5418 ante
2372 5361 2516 5416 vesci
2577 5377 2740 5431 quam
2791 5372 3120 5415 consecrata:
3155 5357 3350 5420 forent)
3385 5372 3396 5406 :
3432 5366 3616 5406 verum

387 5455 454 5506 ob
486 5469 627 5509 arce
675 5452 1050 5522 captivitatem
1105 5451 1422 5519 gravissime
1479 5453 1760 5520 perculsus
1817 5455 1954 5509 solio
2000 5471 2100 5509 suo
2155 5453 2445 5515 delabitur,
2497 5467 2732 5521 moxque
2781 5451 2990 5504 vivendi
3068 5449 3226 5500 ﬁnem
3278 5445 3419 5497 facit.
3485 5441 3616 5494 Nam

392 5548 523 5600 forte
557 5555 673 5600 tum
718 5560 815 5614 pro
847 5544 1030 5614 templi
1061 5543 1274 5598 furibus
1311 5544 1362 5598 in
1396 5544 1524 5597 sella
1551 5545 1791 5598 versatili
1828 5548 2147 5600 consederat
2174 5546 2477 5616 annosjam
2504 5545 2792 5612 nonaginta
2819 5550 2866 5593 ct
2897 5553 3016 5591 octo
3047 5548 3220 5590 natus.

457 5727 500 5753 ’”
531 5725 664 5778 lib.
699 5736 794 5784 stt,
831 5728 882 5777 9.
