4110 6194
10 5260 39 6159 ξ

447 292 549 363 331
1730 297 1963 364 MICIIA
1976 295 2065 365 ΕΙ,
2077 306 2145 366 IS
2184 307 2231 367 G
2246 303 2444 369 LYC/E
3577 296 3685 367 332

512 407 707 467 Arcam
749 408 1024 469 Palmstini
1062 412 1130 467 ab
1153 428 1212 468 se
1246 420 1461 482 captam
1493 411 1545 466 in
1572 412 1829 483 oppidum
1875 416 2011 469 Azo-

2186 418 2298 487 Τὴν
2330 420 2511 489 μέντοι
2536 420 2767 474 κιϐωτὸν
2797 421 2848 475 οι
2887 418 3240 475 Παλαιστινώ
3285 417 3547 481 λαϐόντες
3602 421 3683 479 είς

445 509 558 560 tum
592 501 851 560 avebnnt.
914 496 1102 574 Neque
1146 505 1315 558 multo
1356 520 1478 573 post
1531 506 1709 575 Dagon
1765 507 1885 562 loco
1911 522 2011 562 suo

400 618 401 621 η
444 606 625 651 motus
655 597 1072 665 est,allisusque
1093 608 1250 651 terrae
1282 589 1649 654 venerabundi
1668 601 1904 669 speciem
1921 616 2014 656 co-

446 696 560 739 ram
600 701 724 739 arca
772 694 1079 755 prostratus
1111 684 1376 742 exhibuit.
1412 688 1592 742 Voluit
1642 700 1819 744 autem
1876 692 2014 745 Deus

449 778 743 829 ostendere
780 786 887 829 non
936 792 997 830 ex
1038 778 1413 833 imbecillitate
1449 781 1678 849 quadam
1720 796 1816 835 sua
1848 780 2014 837 fuisse

448 878 661 934 captam
699 879 880 922 arcam
913 886 923 919 :
953 878 1072 921 nam
1096 873 1389 935 c'aeieroqui
1413 870 1557 939 Deus
1574 873 2012 929 adversariorum

452 958 632 1027 i‘agon
681 970 804 1014 area
840 970 1110 1029 privsvnte
1153 979 1259 1015 non
1294 963 1747 1021 inissetaitritus.
1793 966 1868 1020 De
1905 982 2015 1036 quo

448 1046 705 1119 colligere
745 1051 869 1105 licet
900 1064 1225 1121 praesentem
1242 1055 1309 1113 .in
1341 1068 1401 1109 ea
1434 1057 1655 1126 quidem
1687 1058 1857 1113 fuisse
1877 1061 2016 1114 divi-

445 1152 572 1193 nam
624 1143 875 1209 gratiam,
913 1145 1005 1196 sed
1053 1145 1122 1197 ob
1152 1142 1460 1200 Judteorutn
1493 1150 1815 1204 sceleratam
1848 1151 2014 1205 vitam

390 1250 393 1253 ν
449 1226 619 1283 Deum
663 1234 979 1300 permisisse
1013 1240 1071 1287 ut
1116 1234 1351 1290 hostium
1396 1238 1449 1291 in
1498 1245 1822 1306 potestatem
1859 1242 2015 1297 veni-

450 1328 551 1373 ret.
591 1312 793 1374 Eodem
841 1332 1084 1393 tempore
1130 1322 1320 1381 morbo
1383 1327 1764 1384 intestinorum
1816 1327 2014 1386 adfecti

452 1406 830 1464 moriebantur
862 1421 1132 1483 quotquot
1177 1424 1356 1470 arcam
1388 1425 1665 1485 Ceperant,
1705 1412 2019 1490 visceraque

450 1508 707 1570 corrupta
754 1499 1145 1560 excernebant.
1198 1507 1466 1562 Praeterea
1527 1511 1765 1564 murium
1826 1512 2020 1583 ingens

450 1601 607 1645 enata
663 1595 817 1662 copia
878 1596 1014 1650 iines
1064 1606 1255 1652 eorum
1309 1600 1622 1656 infestabat.
1676 1602 2025 1675 Quapropter

450 1683 625 1737 Azotii
653 1689 739 1739 vix
773 1687 989 1742 tandem
1034 1690 1311 1745 intellecto
1337 1708 1395 1747 se
1428 1693 1585 1747 malis
1613 1694 1920 1761 huiusmodi
1948 1696 2018 1751 ob

453 1873 679 1933 βίη-νηί)
698 1868 810 1923 Hoc
846 1870 920 1923 illi
958 1885 1079 1925 cum
1107 1872 1382 1938 fecissent,
1408 1876 1721 1932 consimiles
1751 1878 2028 1933 calamita-

454 1967 535 2010 tes
597 1961 978 2027 experiuntttr.
1035 1962 1112 2015 Ad
1150 1965 1287 2018 alios
1329 1960 1494 2028 igitur
1542 1982 1659 2019 eam
1705 1969 2028 2023 Ascalonita:

450 2050 725 2120 ablegant,
778 2054 928 2122 iique
980 2052 1222 2121 vicissim
1262 2055 1325 2109 ad
1362 2057 1517 2123 alios,
1552 2059 1808 2114 omnibus
1838 2061 2025 2115 cadent

452 2147 592 2193 mala
625 2146 923 2211 perpessis.
962 2143 1112 2200 lianc
1137 2146 1207 2199 ob
1242 2162 1460 2199 causam
1492 2150 1770 2218 congressi
1799 2151 2029 2219 Optima-

452 2240 536 2286 tes
562 2234 777 2287 illarum
826 2232 1069 2305 quinque
1106 2234 1318 2292 urbium
1343 2280 1356 2304 ,
1398 2255 1515 2307 qua:
1559 2242 1715 2295 hisce
1743 2223 2028 2311 suppliciis

455 2326 695 2378 multata:
721 2325 959 2391 fuerant,
979 2325 1234 2385 nimirum
1261 2329 1577 2397 Accaronis,
1596 2332 1773 2397 Gazae,
1794 2335 1947 2389 Διοιὶ
1975 2342 2030 2389 et

454 2416 932 2485 reliquarum,de
986 2426 1098 2485 tota
1150 2430 1208 2475 r‘e
1260 2422 1610 2488 deliberant,
1674 2434 2030 2495 statuuntque

454 2506 591 2561 duas
622 2522 818 2562 vaccas
847 2508 1006 2564 foetas
1036 2510 1220 2563 currui
1254 2509 1549 2581 alhgandas
1600 2525 1740 2574 esse,
1781 2512 1866 2566 cui
1901 2528 2029 2567 arca

454 2595 792 2668 imponatur.
823 2599 935 2655 Hoc
970 2600 1116 2654 facto
1162 2616 1357 2656 vaccas
1390 2604 1444 2655 in
1482 2601 1640 2656 trivio
1689 2598 2025 2673 relinquunt,

453 2685 644 2754 eisque
674 2696 1001 2753 potestatem
1039 2687 1250 2743 faciunt
1287 2686 1453 2744 eundi
1485 2705 1594 2758 quo
1614 2674 1800 2744 veh'nt.
1826 2692 2028 2754 Quodsi

454 2785 746 2847 pergerent
774 2777 828 2832 in
860 2778 1213 2833 liebrworum
1260 2780 1416 2845 ﬁnes,
1452 2781 1678 2835 omnino
1708 2782 2029 2837 existiman-

452 2866 584 2921 dum
614 2870 765 2923 aiunt
795 2886 973 2925 arcam
1024 2871 1156 2940 ipsis
1203 2872 1476 2941 ejusmotii
1511 2873 1775 2928 malorum
1809 2890 2028 2929 causam

453 2955 644 3027 fuisse,
677 2962 763 3015 sin
801 2962 957 3032 173
987 2964 1093 3016 alio
1125 2959 1479 3019 deﬂecterent
1506 3006 1521 3029 ,
1571 2965 2029 3035 persequendam,

454 3057 530 3109 uti
565 3070 683 3126 qua:
710 3063 1035 3127 potestatem
1071 3054 1340 3127 ejusmodi
1375 3058 1578 3111 nullam
1613 3056 1856 3112 haberet.
1889 3057 2027 3113 lluic

452 3159 593 3204 Arcu:
622 3150 731 3205 vim
763 3165 826 3204 ac
856 3160 1181 3218 potestatem
1207 3150 1709 3220 deprehenderunt.

2122 509 2278 562 πόλιν
2312 510 2557 574 ’Ἄζωτον
2610 512 2958 581 αἰχμάλωτον
3015 513 3242 581 ήγαγον.
3291 509 3426 562 Τότε
3460 508 3554 560 καὶ
3585 508 3688 560 Δα-

2121 600 2235 668 γὼν
2264 603 2555 672 συνετρίϐη
2591 602 2689 671 τῆς
2717 604 2926 665 οίκείας
2959 601 3158 664 ἐκστὰς
3193 588 3357 668 ἕδρας
3384 598 3479 651 καὶ
3531 598 3606 661 ὡς
3630 598 3688 649 ὲν

2123 692 2365 760 σχήματι
2396 693 2832 762 προσκυνοῦντος
2857 693 3062 746 πεσών.
3109 693 3323 755 Ἐδειξε
3352 691 3463 758 γὰρ
3494 691 3521 741 6
3556 689 3688 751 Θεὸς

2122 771 2354 829 ἐνταῦθα
2388 777 2471 829 ὅτι
2523 777 2620 845 οὐχ
2645 776 2719 839 ὡς
2757 778 2991 845 ἀσθενὴς
3030 776 3423 847 ᾐχμαλωτίσθη
3455 777 3487 843 ή
3517 772 3688 825 7460)-

2120 868 2210 930 τὸς
2239 869 2310 936 (εί
2342 869 2448 935 γὰρ
2486 868 2642 922 τοῦτο
2701 865 2791 939 ἦν,
2837 870 2936 922 οὐκ
2985 868 3051 921 ἂν
3082 871 3147 936 τῇ
3204 866 3477 936 παρουσίᾳ
3520 864 3691 929 αὐτῆς

2121 960 2149 1010 6
2179 959 2310 1022 Θεὸς
2335 961 2516 1015 αὐτῶν
2547 960 2740 1026 Δαγὼν
2781 961 3099 1031 συνετρίϐη,
3143 956 3334 1031 [ὥστε]
3364 958 3416 1010 εἰ
3452 955 3528 1026 μή
3571 955 3693 1008 θεία

2122 1048 2282 1119 χάρις
2308 1051 2516 1120 προσῆν
2557 1051 2745 1119 αὐτῇ),
2802 1049 3313 1120 αίχμαλωτισθῆναι
3343 1045 3401 1099 δι
3457 1057 3696 1115 συνεχως

2126 1140 2266 1211 ρήθη
2300 1139 2388 1193 διὰ
2423 1141 2520 1211 τὴν
2555 1141 2665 1194 τῶν
2707 1142 2979 1195 Ἰουδαίων
3012 1139 3230 1194 κακίαν.
3285 1136 3421 1189 Τότε
3471 1134 3537 1204 δὴ
3568 1137 3695 1211 τότε

2124 1232 2220 1286 καὶ
2252 1232 2358 1285 ὑπὸ
2383 1230 2735 1303 δυσεντερίας
2785 1232 3130 1303 ἀπέθνησκον
3161 1232 3210 1283 oi
3247 1227 3695 1297 αἰχμαλωτίσαν-

2123 1336 2215 1387 τες
2249 1324 2441 1393 αὐτὴν,
2463 1320 2530 1378 τὰ
2559 1326 2707 1389 ἐντὸς
2734 1320 3059 1391 ἑξεμοῦντες
3089 1322 3486 1392 διεφθαρμένα.
3530 1318 3697 1371 ama

2126 1415 2220 1468 καὶ
2257 1414 2409 1483 μυῶν
2472 1415 2677 1485 πλῆθος
2732 1412 2957 1468 ἀνελθὸν
3020 1415 3091 1466 τὰ
3135 1413 3233 1481 τῆς
3293 1410 3475 1481 χώρας
3535 1408 3698 1462 κατέ-

2126 1505 2357 1562 ϐλοπτε.
2389 1506 2561 1569 Μόλις
2585 1504 2677 1562 οὖν
2733 1507 2783 1560 oi
2825 1502 3078 1568 ’Δζὼτιοι
3112 1504 3356 1572 συνῆκαν
3382 1501 3457 1564 ὡς
3488 1503 3553 1553 ἐκ
3594 1496 3698 1568 τῆς

2129 1598 2363 1652 κιϐωτοῦ
2392 1599 2461 1651 τὰ
2503 1598 2732 1652 τοιαῦτα
2765 1598 3153 1669 προσγίνονται
3200 1595 3382 1657 αὐτοῖς
3405 1608 3420 1624 ·
3481 1591 3696 1657 ἀξιοῦσι

2129 1690 2315 1743 λοιπὸν
2360 1691 2488 1753 τοὺς
2531 1692 2951 1753 ’Δσκαλωνίτας.
2996 1690 3107 1743 Καὶ
3156 1686 3360 1753 ταύτην
3398 1684 3699 1755 προσδέξα-

440 1788 631 1847 ,ιινοειειι
655 1779 867 1839 vexari,
907 1780 1250 1835 Ascalonitas
1277 1792 1436 1836 orant
1470 1795 1527 1837 ut
1551 1800 1669 1839 eam
1709 1784 1773 1838 ad
1808 1801 1865 1839 se
1890 1788 2023 1840 reci-

2131 1800 2281 1851 μενοι
2314 1784 2371 1835 ἐν
2394 1786 2507 1846 τοῖς
2537 1784 2744 1851 ὁμοίοις
2787 1783 3033 1851 γίνονται
3065 1783 3274 1843 κακοῖς.
3308 1780 3370 1831 Οί
3400 1778 3459 1832 δὲ
3505 1779 3699 1829 ’Δσκαο

2126 1873 2347 1927 λωνῖται
2390 1876 2528 1944 πρὸς
2567 1877 2787 1946 ἑτέρους
2817 1879 3118 1943 πέμπουσι,
3151 1874 3398 1925 κάκεῖνοι
3434 1870 3568 1939 πρὸς
3600 1867 3695 1921 ἄλο

2126 1963 2271 2027 λους.
2308 1967 2415 2019 Καὶ
2445 1968 2644 2030 πάντες
2687 1969 2757 2020 τὰ
2788 1969 2926 2021 αύτὰ
2975 1969 3269 2035 πάσχουσι.
3332 1962 3698 2030 Συνέρχονται

2126 2050 2220 2111 οῦν
2237 2058 2284 2110 oi
2318 2058 2426 2111 τῶν
2460 2060 2749 2113 παθουσῶν
2778 2060 2939 2113 πέντε
2970 2058 3178 2111 πόλεων
3207 2055 3489 2124 ἄρχοντες,
3531 2054 3701 2105 Ἀκα-

2129 2148 2258 2219 Pd”.
2296 2149 2497 2217 Γάζης,
2528 2147 2765 2213 Ἀζώτου
2839 2150 2934 2203 καὶ
2973 2150 3079 2201 τῶν
3124 2146 3350 2204 λοιπῶν,
3413 2144 3509 2197 καὶ
3566 2145 3699 2212 περὶ

2129 2241 2321 2293 τούτου
2384 2243 2701 2294 σκοποῦσιν.
2758 2243 2921 2295 Ὅθεν
2967 2241 3062 2295 καὶ
3111 2239 3236 2307 βόας
3299 2234 3705 2301 ὑποζεύξαντες

2128 2334 2474 2404 ἀρτιτόκους,
2508 2334 2599 2386 καὶ
2625 2337 2725 2404 τὴν
2764 2334 2998 2387 κιϐωτὸν
3034 2331 3223 2394 αὐτοῖς
3251 2330 3583 2389 ἐπιτιθέασι,
3604 2325 3703 2378 καὶ

2131 2426 2222 2477 ἐπὶ
2249 2424 2463 2494 τριόδου
2497 2425 2898 2488 καταλιπόντες
2964 2424 3360 2492 ἐπιτρέπουσιν
3416 2422 3599 2481 αὐτοῖς
3633 2419 3703 2487 ήν

2132 2515 2413 2587 βούλονται
2454 2516 2574 2570 όδὺν
2622 2517 2920 2569 ἀπελθεῖν·
2975 2516 3079 2569 κᾶν
3123 2518 3227 2584 μεν
3276 2513 3376 2584 τὴν
3433 2512 3703 2579 Ἐϐραίων

2128 2603 2386 2667 ἀπίωσιν,
2412 2603 2823 2674 ὑπολαμϐάνειν
2835 2602 2933 2673 τὴν
2955 2600 3190 2657 κιϐωτὸν
3218 2601 3400 2656 αίτίαν
3431 2597 3569 2652 εἶναι
3592 2594 3705 2649 τῶν

2125 2691 2382 2746 τοιούτων
2405 2694 2615 2760 κακῶν,
2645 2694 2711 2748 ἂν
2741 2694 2798 2748 δὲ
2840 2695 3007 2763 ἄλλην
3035 2693 3377 2762 τράπωνται,
3410 2685 3704 2744 Καταδιὼ-

2132 2783 2315 2854 ξωμεν
2348 2785 2542 2857 αὐτὴν,
2577 2787 2807 2857 ἔφασαν,
2830 2787 2925 2841 ατε
2970 2787 3043 2865 pi]
3074 2784 3331 2854 τοιαύτην
3358 2783 3586 2853 εχουσαν
3611 2778 3707 2832 δύο

2130 2895 2316 2948 ναμιν.
2348 2879 2564 2933 Γίνεται
2583 2879 2777 2946 ταῦτα,
2795 2880 2887 2931 καί
2917 2870 3068 2932 θείαν
3084 2880 3151 2949 τῇ
3167 2874 3388 2945 κιϐωτῷ
3413 2874 3703 2944 προσεῖναι

2130 2969 2427 3037 διέγνωσαν
2467 2971 2715 3042 δύναμιν.

2084 3064 2313 3119 consilio
2361 3079 2485 3119 cum
2548 3065 2873 3135 paruissent,
2924 3064 3115 3119 adesse
3149 3061 3384 3117 divinant
3412 3057 3704 3129 quamdam

525 3242 582 3295 in
615 3242 720 3297 hoc
768 3251 911 3295 statu
934 3258 1056 3296 cum
1086 3257 1176 3295 res
1213 3238 1562 3295 Hebraeorum
1591 3251 1776 3296 essent
1797 3281 1811 3304 ,
1848 3257 2027 3307 regem

2208 3242 2272 3295 Οί
2311 3242 2411 3312 μὲν
2440 3239 2534 3297 οῦν
2585 3242 2826 3312 Ἑϐραῖοι
2880 3242 3106 3297 τοιαῦτα
3141 3242 3444 3312 πάσχοντες
3480 3240 3707 3308 ζητοῦσι

454 3329 572 3389 dari
603 3333 705 3386 sibi
731 3335 1010 3402 postulant
1040 3343 1093 3388 et
1141 3333 1364 3387 Saulum
1396 3330 1688 3403 accipiunt,
1721 3349 2029 3403 quanquam

458 3419 602 3479 Deus
655 3421 971 3493 huiusmodi
1009 3425 1329 3493 petitionem
1372 3438 1562 3479 eorum
1627 3440 1886 3494 perquam
1917 3442 2033 3497 gra-

458 3519 598 3571 viter
642 3518 804 3581 tulit,
863 3531 926 3571 ac
979 3526 1270 3586 propterea
1303 3514 1489 3571 verbis
1534 3516 1685 3572 hisce
1719 3516 2033 3573 Samneinm

456 3609 727 3663 ailocutus
758 3615 841 3662 est
891 3626 905 3662 :
962 3626 980 3660 ι
1036 3603 1155 3663 Non
1191 3618 1246 3664 te
1282 3605 1650 3674 ﬂocciferunt,
1704 3609 1797 3663 sed
1834 3625 1919 3663 me
1955 3609 2035 3678 ip-

458 3718 603 3766 sum,
638 3718 707 3757 ne
742 3713 974 3772 regnum
1007 3699 1219 3757 scilicet
1270 3702 1324 3756 in
1360 3715 1455 3756 eos
1504 3698 1803 3756 obtineant.
1841 3720 1860 3754 ›
1898 3698 2035 3756 Sau-

459 3788 544 3846 lus
593 3788 682 3846 hic
726 3792 996 3847 oriundus
1053 3782 1416 3861 Benjamitide
1459 3789 1640 3858 tribu,
1683 3790 1794 3846 Cisi
1842 3791 1984 3845 [ilius
2015 3832 2031 3859 ,

458 3884 632 3939 forma
667 3883 930 3954 prteditus
978 3882 1138 3956 longe
1194 3883 1649 3955 praestantissima
1696 3898 2035 3954 corporeque

458 3990 687 4046 procero
720 3987 775 4031 et
818 3968 1025 4046 amplo,
1070 3974 1211 4031 forte
1248 3976 1422 4046 patris
1460 3975 1645 4031 asinas
1671 3975 1949 4040 amiserat,
1979 3984 2035 4030 et

456 4085 648 4124 earum
691 4066 1124 4138 indagandarum
1152 4081 1320 4123 causa
1352 4077 1534 4124 vatem
1568 4066 1883 4122 Samuelnm
1910 4083 2037 4123 con-

459 4171 707 4215 venerat.
733 4160 810 4215 lbi
853 4162 1006 4215 vates
1032 4168 1312 4230 sumptum
1349 4160 1530 4215 oleum
1555 4173 1768 4214 sacrum
1796 4159 1853 4213 in
1875 4168 2036 4229 caput

450 4253 674 4322 juvenis
718 4251 974 4317 en‘undit,
1010 4268 1249 4322 eumque
1289 4259 1636 4323 peramanter
1678 4252 2032 4320 complexus,

402 4350 413 4371 ‘
465 4364 481 4395 ι
524 4342 678 4407 Esto,
720 4342 917 4412 inquit,
952 4358 1048 4398 rex
1089 4342 1269 4414 gentis
1291 4352 1495 4399 nostrae
1537 4342 1801 4397 divinitus
1839 4355 2035 4410 appro-

459 4437 641 4492 batus.
676 4453 693 4486 ι
733 4432 910 4488 Simul
945 4450 996 4490 et
1043 4434 1315 4506 signiﬁcat
1342 4435 1526 4490 omnia
1564 4450 1685 4504 qua:
1711 4434 1811 4504 ipsi
1853 4440 2035 4487 essent

456 4528 512 4581 in
549 4526 749 4581 itinere
782 4524 876 4580 illo
899 4533 1187 4591 eventura,
1221 4522 1460 4581 futurum
1485 4525 1695 4580 scilicet
1717 4534 1774 4579 ut
1805 4524 1860 4577 in
1883 4531 2035 4578 vates

456 4618 743 4683 incideret,
777 4627 831 4672 et
859 4614 1047 4673 divino
1074 4628 1387 4687 correptum
1413 4616 1621 4686 Spiritu
1651 4632 1774 4670 cum
1812 4617 1892 4671 eis
1938 4631 2033 4668 va-

455 4709 834 4764 ticinatnrum.
861 4704 1069 4763 Deinde
1092 4720 1282 4763 rursus
1318 4722 1441 4761 eum
1475 4702 1811 4774 inspectante
1835 4706 2036 4776 populo

458 4803 698 4873 inungit.
732 4802 910 4870 Atque
961 4796 1065 4854 boc
1097 4798 1261 4852 modo
1300 4791 1653 4851 Hebrzorum
1703 4811 1791 4851 res
1820 4796 2035 4868 publica

456 4894 511 4946 in
545 4892 696 4962 regni
731 4892 963 4945 formam
996 4899 1083 4945 est
1109 4894 1463 4944 commutata.
1497 4886 1785 4943 Samuelus
1812 4887 2033 4957 quidem

457 4982 745 5036 lsraelicos
776 4981 960 5036 aiebat
986 4982 1226 5051 petendo
1260 4995 1443 5052 regem
1475 4994 1692 5050 gravem
1732 4980 1786 5034 in
1817 4994 1875 5034 se
1896 4993 2033 5034 con-

454 5076 654 5129 citasse
704 5071 1136 5145 indignationem
1191 5068 1552 5137 Dei.l.icebat
1589 5073 1710 5143 ejus
1758 5074 1837 5128 rei
1895 5087 2030 5127 con-

451 5164 724 5236 liecturam
751 5164 835 5223 vel
863 5184 921 5221 ex
961 5181 1026 5225 eo
1056 5183 1296 5233 sumere,
1336 5168 1480 5237 quod
1508 5183 1629 5223 cum
1660 5183 1822 5222 nemo
1848 5176 2033 5222 aestate

458 5257 635 5313 media
690 5269 1075 5328 tempestatem
1125 5254 1391 5328 ejusmodi
1444 5260 1690 5321 vidisset,
1728 5259 1817 5311 illa
1851 5267 2033 5311 tamen

460 5352 514 5418 ιιι
543 5356 809 5425 temporis
838 5364 1131 5425 conspecta
1174 5355 1265 5408 sit.
1305 5354 1516 5424 Quippe
1546 5368 1670 5408 cum
1702 5362 1855 5408 vates
1894 5353 2035 5408 hanc

2068 4572 2110 4627 D

2139 3334 2384 3405 βασιλέα,
2418 3337 2509 3387 καὶ
2539 3336 2876 3403 λαμϐάνουσι
2896 3336 2986 3388 τὸν
3007 3336 3200 3396 Σαοὺλ,
3226 3338 3272 3387 εἰ
3293 3334 3386 3386 καὶ
3411 3334 3483 3403 μὴ
3512 3335 3707 3402 πράως

2135 3426 2380 3495 ἔφερενὸ
2414 3427 2545 3491 Θεὸς
2579 3428 2675 3480 τοῦ
2725 3427 2968 3480 τοιούτου
3006 3427 3166 3498 χάριν
3212 3426 3549 3495 ζητήματος,
3614 3421 3705 3492 ἐφ’

2133 3511 2178 3587 ᾧ
2216 3520 2309 3571 καὶ
2345 3519 2482 3588 πρὸς
2526 3520 2616 3571 τὸν
2664 3520 2922 3589 Σαμουὴλ
2957 3519 3171 3587 ἔλεγεν·
3217 3538 3234 3569 ι
3276 3520 3351 3570 Οὺ
3392 3518 3451 3569 σὲ
3482 3516 3707 3584 ἐξουθε-

2137 3613 2387 3681 νήκασιν,
2429 3612 2542 3664 ἀλλ’
2576 3613 2697 3680 ἐμὲ,
2742 3612 2834 3664 τοῦ
2893 3611 2968 3681 μὴ
3000 3610 3309 3680 βασιλεύειν
3342 3611 3400 3662 ὲν
3453 3612 3651 3670 αὐτοῖς.
3676 3625 3698 3660 ι

2137 3700 2305 3765 Οὗτος
2339 3705 2436 3773 μὲν
2466 3699 2558 3757 οὖν
2585 3706 2611 3755 ὁ
2642 3703 2816 3755 Σαοὺλ
2850 3704 2915 3756 ὲκ
2939 3703 3037 3772 τῆς
3082 3702 3455 3770 Βενιαμίτιδος
3486 3700 3704 3769 ὑπῆρχε

2135 3795 2331 3864 φυλῆς,
2373 3797 2486 3856 υἱὸς
2525 3792 2622 3846 τοῦ
2672 3796 2796 3855 KR,
2856 3793 2883 3845 6
2914 3793 3008 3844 καὶ
3062 3794 3162 3862 τὴν
3213 3790 3428 3862 μορφὴν
3479 3791 3703 3860 ἄριστος

2135 3887 2228 3939 καὶ
2262 3886 2322 3938 τὸ
2355 3885 2513 3954 σῶμα
2543 3883 2871 3953 μέγαςῌΓὰς
2890 3885 3047 3947 ὅνους
3079 3882 3171 3937 τοῦ
3197 3883 3401 3953 πατρὸς
3424 3880 3702 3944 ἀπώλεσε,

2135 3978 2229 4030 καὶ
2258 3977 2395 4047 πρὸς
2424 3977 2515 4030 τὸν
2549 3978 2836 4047 προφήτην
2874 3974 3131 4046 Σαμουὴλ
3153 3975 3376 4044 ἔρχεται
3401 3974 3530 4043 περὶ
3557 3976 3708 4025 ὲκεί-

2135 4086 2244 4122 νων
2286 4069 2604 4138 ἐρωτήσων.
2645 4068 2704 4121 ’0
2733 4068 2788 4120 δὲ
2846 4071 3135 4139 προφήτης
3199 4067 3381 4120 λαϐὼν
3433 4066 3493 4120 τὺ
3550 4067 3708 4133 ἅγιον

2135 4163 2314 4217 ἔλαιον
2344 4162 2444 4231 τῆς
2470 4162 2565 4216 τοῦ
2589 4162 2872 4215 νεανίσκου
2896 4160 3127 4230 καταχεῖ
3161 4161 3425 4228 κεφαλῆς,
3461 4160 3553 4212 καὶ
3575 4176 3707 4212 κατα

2134 4255 2525 4322 ασπασάμενος
2584 4254 2746 4306 αὐτὸν
2769 4294 2783 4315 ,
2830 4273 2847 4304 ι
2884 4253 3020 4306 Ἴσοι
3054 4272 3071 4303 ι
3108 4293 3122 4316 ,
3158 4255 3311 4322 φησὶ,
3356 4271 3373 4303 ι
3413 4250 3663 4320 βασιλεύς
3687 4265 3705 4283 ·

2137 4344 2244 4397 ὑπὸ
2272 4342 2409 4396 Θεοῦ
2441 4343 2889 4412 κεχειροτόνησαι
2914 4327 3174 4411 σήμερον.
3216 4361 3234 4393 ι
3303 4343 3464 4394 Ἀλλὰ
3497 4342 3589 4394 καὶ
3639 4339 3711 4392 τὰ

2138 4436 2541 4506 συμϐησόμενα
2576 4435 2699 4488 καθ’
2744 4436 2861 4487 ὁδὸν
2896 4433 3043 4501 αύτῷ
3099 4434 3305 4499 ἔλεγεν,
3365 4433 3611 4501 ἐντυχεῖν
3648 4447 3710 4483 τε

2139 4528 2474 4598 προφήταις,
2523 4528 2617 4581 καὶ
2662 4528 2759 4580 σὺν
2786 4527 2969 4589 αὐτοῖς
2999 4527 3379 4595 προφητεῦσαι
3417 4525 3711 4592 γενόμενον

2106 4618 2344 4673 νένθεον.
2396 4618 2558 4689 Χρίει
2601 4617 2656 4671 δὲ
2690 4619 2855 4671 αὑτὸν
2893 4616 3110 4671 καὶτοῦ
3175 4616 3414 4687 πλήθους
3452 4618 3709 4686 δρῶντος.

2139 4710 2252 4763 Καὶ
2274 4707 2447 4779 οὕτως
2480 4710 2514 4777 ή
2551 4709 2659 4761 τῶν
2705 4709 2977 4782 Ἐϐραίων
3020 4709 3270 4763 πολιτεία
3307 4712 3388 4773 εἰς
3425 4708 3713 4780 βασιλείαν

2139 4800 2469 4872 μετέπεσεν.
2507 4802 2706 4866 Ἔλεγε
2748 4800 2809 4854 δὲ
2838 4800 2975 4872 πρὸς
3000 4801 3198 4857 αὐτοὺς
3228 4801 3311 4854 ὃτι
3358 4801 3537 4854 ηολλὰ
3567 4816 3714 4869 παρ-

2143 4893 2421 4965 ωργίσατε
2452 4894 2542 4946 τὸν
2570 4892 2726 4957 Θεὸν,
2766 4892 2996 4964 βασιλέα
3041 4892 3425 4960 αἰτησάμενοι.
3466 4892 3575 4945 Καὶ
3609 4891 3712 4960 δῆ-

2136 4990 2231 5041 λον
2261 4984 2547 5040 ἐντεῦθεν·
2583 4983 2613 5037 δ
2638 4985 2748 5055 γὰρ
2789 4982 3048 5037 οὐδέποτέ
3093 5000 3174 5047 τις
3222 4979 3383 5047 εἶδεν,
3419 4984 3479 5036 ὲν
3516 4982 3712 5053 θέρους

2139 5079 2292 5149 ἀκμῇ
2328 5076 2597 5149 χειμῶνα,
2632 5077 2790 5129 τοῦτο
2837 5076 3210 5146 γεγενημένον
3258 5073 3551 5129 θεάσασθε.
3602 5075 3713 5126 Καὶ

2140 5169 2315 5223 ταῦτα
2346 5169 2594 5231 είπόντος
2615 5167 2711 5220 τοῦ
2746 5169 3030 5237 προφήτου
3063 5165 3348 5237 ἀστραπαὶ
3376 5167 3472 5219 καὶ
3490 5165 3714 5236 βρονταὶ

2145 5262 2242 5315 καὶ
2288 5260 2519 5331 χάλαζαι
2555 5262 2981 5330 καταφέρονται,
3021 5257 3096 5321 ὡς
3146 5258 3402 5313 ἐντεῦθεν
3444 5257 3535 5311 τὸν
3582 5257 3714 5308 λαδν

2144 5352 2415 5423 ἁμαρτεῖν
2445 5354 2521 5416 είς
2555 5352 2688 5406 Θεδν
2721 5353 2931 5420 ἔλεγεν.

456 5451 764 5505 orationem
796 5451 863 5505 ad
898 5451 1159 5520 p0pulum
1202 5447 1508 5513 habuisset,
1574 5446 1789 5516 fulgura
1853 5461 1975 5500 cum
2019 5445 2279 5502 tonitruis
2344 5454 2401 5501 et
2457 5446 2719 5516 grandine
2751 5446 3113 5510 exstiterunt;
3144 5460 3252 5513 quo
3278 5444 3422 5498 facto
3467 5438 3713 5511 proﬁteri

458 5544 691 5612 pepulus
714 5559 771 5598 se
798 5544 850 5597 in
881 5544 1047 5597 Deum
1084 5542 1403 5608 deliquisse.

530 5634 839 5688 Semnnlum
890 5638 1003 5687 lucc
1060 5633 1259 5687 Saulus
1306 5647 1429 5686 cum
1482 5631 1656 5700 cepiis
1710 5624 2030 5685 Palmstinos

458 5718 746 5780 invasurus
794 5726 1038 5796 pontiﬁci
1094 5725 1312 5780 mandat
1371 5732 1427 5777 ut
1477 5737 1689 5796 sumpta
1750 5723 2026 5795 pontiﬁcia

2218 5629 2279 5682 Ὀ
2312 5628 2501 5696 μέντοι
2543 5627 2714 5681 Σαοὺλ
2775 5627 2986 5697 μέλλων
3020 5626 3161 5679 κατὰ
3208 5625 3585 5679 Παλαιστινῶν
3615 5628 3712 5696 ὁρ.

2141 5724 2337 5793 μῆται,
2365 5722 2577 5773 κελεύει
2609 5722 2697 5774 τὸν
2736 5720 2997 5792 ἀρχιερέα
3023 5720 3256 5773 λαϐόντα
3303 5721 3404 5789 τήν
3445 5722 3710 5791 ἀρχιερα.
