4110 6194
343 323 443 390 333

1611 331 2012 392 ANNALlUM
2054 335 2243 392 PARS
2291 335 2364 394 ll.

3478 342 3573 401 31η

341 440 502 508 τικὴν
531 437 724 510 στολὴν
757 439 1128 510 προφητεύειν
1159 440 1309 512 αὐτῷ
1362 441 1493 507 περὶ
1543 443 1652 496 τῶν
1694 443 1915 514 μελλόν-

2018 452 2170 497 vcste
2196 443 2297 498 sibi
2333 445 2737 511 vaticinaretur,
2778 446 2996 516 quinam
3039 448 3156 514 ejus
3202 446 3326 500 belli
3372 447 3580 501 futurus

342 547 472 584 των.
503 530 614 584 Τοῦ
643 531 699 583 δὲ
724 532 1134 602 προτρέψαντος
1165 533 1450 604 ἐξέρχεται
1507 535 1648 588 κατὰ
1707 537 1910 589 Παλαι-

341 621 562 674 στινῶν.
581 621 639 676 '0
667 623 865 691 μέντοι
907 623 1080 678 Σαοὺλ
1113 626 1180 694 τῇ
1197 627 1323 694 νίκῃ
1350 625 1610 694 ἐπαρθεὶς
1635 627 1910 696 ἐπαρᾶται

337 713 452 773 τοῖς
505 711 784 782 Ἑϐραίοις
810 729 826 744 ο
864 715 930 784 ἦν
952 731 1039 776 τις
1077 716 1460 785 ἀποσχόμενος
1510 716 1603 768 τοῦ
1662 719 1912 782 φονεύειν

339 803 466 864 τοὺς
500 803 734 870 ἐχθροὺς
760 804 932 874 φάγῃ,
966 805 1064 858 καὶ
1121 804 1195 875 μὴ
1256 807 1453 876 μέχρις
1504 801 1566 859 οὗ
1599 805 1695 870 νὺξ
1755 807 1912 858 ἐπελ-

341 892 514 947 θοῦσα
541 892 646 960 τῆς
676 895 1016 964 ἀναιρέσεως
1050 897 1251 960 αὐτοὺς
1279 897 1580 968 ἁποπαύσῃ
1610 898 1720 950 τῶν
1754 898 1913 951 πολε-

343 984 506 1053 μίων,
541 987 950 1056 ἔπικατάρατος
981 988 1090 1058 εἴη.
1151 988 1308 1041 Ούτω
1363 989 1541 1042 τοίνυν
1583 989 1679 1042 τοῦ
1739 990 1911 1044 Σαοὺλ

343 1080 640 1146 φήσαντος,
667 1079 791 1133 ἐπεὶ
815 1081 956 1134 κατά
978 1100 1098 1134 τινα
1126 1083 1335 1152 δρυμὸν
1358 1083 1609 1150 ἐγένοντο
1635 1085 1911 1153 μελισσῶν

340 1171 612 1240 γέμοντα,
654 1174 682 1225 6
712 1172 807 1224 τοῦ
851 1173 1026 1228 Σαοὺλ
1057 1177 1184 1237 παῖς
1215 1175 1316 1228 ούκ
1375 1175 1627 1245 ἀκηκοὼς
1676 1178 1775 1244 τῆς
1814 1179 1906 1232 τοῦ

339 1261 550 1331 πατρὸς
599 1264 738 1332 ἀρᾶς
786 1265 1096 1331 ἀποθλίψας
1153 1283 1209 1319 τι
1267 1268 1462 1339 κηρίον
1519 1269 1614 1321 τοῦ
1689 1270 1906 1338 μέλιτος

340 1355 556 1424 ἤσθιεν.
591 1351 724 1409 Εἶτα
745 1357 909 1424 γνοὺς
938 1359 1000 1410 τὸ
1029 1361 1256 1426 γεγονὸς
1300 1361 1402 1413 οὐκ
1432 1360 1610 1430 ὀρθῶς
1663 1361 1766 1430 ἔφη
1819 1364 1911 1416 τὸν

338 1448 556 1514 πατέρα
588 1446 846 1516 τοιαύτην
874 1449 1016 1518 ἀρὰν
1039 1449 1244 1503 θεῖναι·
1283 1449 1628 1520 εὐψυχότατα
1660 1453 1766 1522 γὰρ
1805 1469 1881 1506 κα

339 1537 605 1606 τατρέχει
633 1537 733 1607 τῆς
761 1538 870 1593 τῶν
920 1539 1206 1601 ἐναντίων.
1246 1541 1301 1594 εί
1359 1559 1421 1610 γε
1453 1545 1660 1614 τροφῆς
1713 1547 1772 1597 ὲν
1831 1546 1910 1616 τῷ

341 1630 497 1700 μέσῳ
533 1630 733 1700 φθάσει
766 1633 1116 1702 μεταλαϐεῖν.
1165 1635 1224 1687 'O
1252 1634 1308 1687 δὲ
1343 1636 1514 1690 Σαοὺλ
1570 1639 1707 1707 μετὰ
1739 1639 1800 1692 τὸ
1831 1657 1910 1693 νι-

339 1721 510 1789 κῆσαι
538 1723 634 1775 καὶ
668 1721 831 1776 θῦσαι
870 1715 948 1793 et}.
993 1723 1114 1795 Θεῷ
1144 1727 1360 1780 κελεύει
1389 1727 1481 1780 τὸν
1516 1729 1780 1799 ἀρχιερέα
1814 1730 1909 1782 καὶ

338 1811 500 1875 αὖθις
539 1814 744 1880 γνῶναι
775 1816 823 1867 εί
855 1792 1294 1880 δίδωσιν-αὐτοις
1321 1820 1349 1870 6
1379 1818 1512 1882 Θεὸς
1658 1792 1720 1872 τὸ
1745 1836 1908 1890 στρα-
1943 1792 1982 1846 Β

337 1903 571 1957 τόπεδον
608 1905 716 1957 τῶν
739 1905 953 1975 ἐχθρῶν
983 1907 1156 1960 ὲλθεϊν
1203 1911 1297 1962 καὶ
1333 1910 1643 1980 διαφθεῖραι
1685 1910 1906 1974 αὐτούς.

341 1993 612 2072 Είπόντος
651 1993 708 2046 δὲ
750 1993 842 2046 τοῦ
894 1995 1201 2065 ἀρχιερέως
1255 1999 1331 2066 μὴ
1379 1999 1780 2068 ἀποκρίνεσθαι
1819 1999 1910 2054 τὸν

339 2083 500 2146 Θεὸν,
538 2086 567 2136 6
598 2084 775 2136 Σαοὺλ
813 2083 915 2154 ἔφη
957 2086 1032 2155 μὴ
1053 2087 1181 2140 ἄνευ
1222 2089 1400 2150 αίτίας
1430 2089 1590 2142 τοῦτο
1616 2090 1862 2158 γίνεσθαι
1893 2107 1922 2156 ο,

339 2175 460 2227 ἀλλ’
511 2175 627 2228 ἔστι
649 2191 705 2227 τι
729 2175 988 2228 λανθάνον
1019 2176 1076 2244 ἐξ
1110 2178 1269 2247 ἡμῶν
1312 2179 1618 2250 ἁμάρτημα
1666 2184 1765 2252 τῆς
1813 2183 1910 2236 τοῦ

339 2261 484 2320 Θεοῖ
541 2270 754 2339 σιωπῆς
824 2269 1020 2336 αίτιον,
1080 2272 1176 2326 καὶ
1224 2275 1451 2343 δμνυμι,
1490 2277 1596 2330 κᾶν
1641 2279 1668 2329 ὁ
1722 2281 1851 2342 παῖς
1883 2281 1912 2333 6

340 2361 476 2428 ὲμδς
516 2359 774 2414 Ἰωνάθαν
804 2361 891 2431 εἴη
919 2364 947 2415 6
985 2362 1047 2415 τὸ
1093 2363 1398 2435 ἁμάρτημα
1445 2366 1607 2420 τοῦτο
1656 2370 1909 2439 ποιήσας,

343 2453 697 2505 ἀποκτείνειν
715 2453 878 2506 αὐτὸν
909 2454 1000 2507 καὶ
1031 2455 1121 2508 τὸν
1149 2457 1284 2521 Θεὸν
1332 2456 1506 2521 οὕτως
1559 2459 1908 2514 ίλεὼσασθαι.

345 2544 550 2596 Πίπτει
575 2540 670 2597 οὖν
694 2545 721 2596 6
751 2545 956 2612 κλῆρος
977 2548 1070 2598 ἐπὶ
1102 2547 1192 2600 τὸν
1234 2549 1512 2611 Ἰωνάθαν,
1546 2553 1640 2601 καὶ
1670 2550 1764 2602 τοῦ
1802 2568 1908 2602 πα-

341 2633 475 2704 τρὸς
500 2636 816 2704 ἐρωτῶντος
843 2638 1006 2689 αὑτὸν
1033 2638 1086 2689 τί
1120 2655 1176 2690 τε
1223 2640 1493 2708 πεποίηκε
1526 2640 1622 2692 καὶ
1649 2643 1796 2702 ὅπως
1833 2642 1913 2703 είς

340 2726 480 2780 Θεὸν
505 2727 804 2797 ἐξήμαρτε,
837 2729 1002 2797 μηδὲν
1026 2729 1214 2798 ἓτερον
1261 2731 1447 2797 ἔλεγεν
1497 2733 1726 2786 συνιδεῖν
1760 2735 1790 2804 ἢ
1821 2737 1914 2804 μέ-

343 2814 492 2879 λιτος
545 2816 671 2886 χθὲς
701 2816 1133 2883 ἀπογεύσασθαι,
1166 2818 1266 2889 τὴν
1323 2820 1460 2887 ἀρὰν
1519 2822 1752 2890 ἀγνοῶν.
1791 2826 1908 2874 Διο-

357 2907 580 2975 μνύεται
620 2907 714 2962 οὖν
739 2909 766 2960 6
794 2908 967 2960 Σαοὺλ
996 2910 1308 2963 ἀποκτείναι
1349 2912 1538 2965 αὐτόν.
1595 2915 1707 2966 Οὐκ
1759 2915 1911 2967 ἀνθί-

354 3014 545 3073 σταται
605 3000 634 3052 6
678 3003 830 3061 παῖς.
884 3001 954 3056 τὰ
995 3001 1092 3053 τοῦ
1148 3001 1315 3070 ὅρκου
1377 3002 1554 3072 βιάζει
1619 2997 1908 3074 προὸἥναι.

2015 542 2163 589 esset
2193 535 2394 589 exitus.
2422 536 2520 591 lllo
2542 553 2722 608 regem
2748 538 2812 591 ad
2848 539 3045 592 bellum
3074 539 3367 600 excitante.
3401 540 3582 607 copias

2013 626 2212 681 Saulus
2238 628 2521 682 adversum
2550 629 2860 683 Palaestinos
2893 631 3115 693 educit;
3151 645 3382 698 cumque
3413 631 3582 682 victo-

2013 717 2091 771 ria
2151 719 2356 786 potitus
2417 726 2602 779 esset,
2671 719 2993 772 insolentior
3046 721 3223 772 factus
3267 719 3581 787 hujusmodi

2013 811 2248 877 quadam
2311 810 2692 864 exsecratione
2745 810 2847 863 sibi
2891 811 3146 864 Hebraeos
3173 810 3500 873 devincit“,
3536 811 3580 864 si

2012 901 2134 968 quis
2178 902 2426 955 hostibus
2479 915 2708 970 parcens
2742 901 2923 954 cibum
2982 913 3243 964 sumeret,
3283 918 3380 955 nec
3411 902 3464 954 in
3499 901 3580 953 eis

2013 992 2331 1046 occidendis
2385 993 2571 1045 taudiu
2605 1001 2976 1060 perseveraret
3005 992 3131 1044 dum
3173 1008 3276 1046 nos
3315 1007 3579 1060 superve-

2012 1083 2169 1137 niens
2201 1084 2442 1137 cmdendi
2495 1084 2655 1138 linem
2686 1084 2912 1145 faceret,
2957 1084 3005 1136 is
3037 1067 3100 1138 ut.
3123 1084 3471 1138 exsecrabilis
3501 1083 3580 1136 fo-

2011 1183 2096 1230 ret
2145 1191 2208 1230 ac
2259 1177 2394 1230 diris
2428 1177 2809 1231 devoveretur.
2845 1178 2968 1232 lla-c
3018 1178 3216 1232 Sinnius
3256 1195 3375 1231 cum
3407 1181 3580 1246 prolo-

2011 1275 2173 1320 cutus
2231 1265 2458 1329 fuisset.
2525 1267 2664 1323 forte
2709 1268 2908 1323 acridit
2969 1279 3025 1322 ut
3074 1270 3336 1324 militibus
3388 1271 3576 1324 silvam

2011 1357 2298 1426 quamdam
2359 1358 2656 1428 ingressis,
2715 1377 2834 1428 quae
2896 1361 3092 1415 rcl‘crta
3148 1371 3294 1416 esset
3348 1363 3578 1428 alibus,

2011 1447 2158 1502 Sauli
2194 1447 2336 1502 ﬁlius
2366 1451 2752 1506 exsecratione
2790 1463 3015 1521 paterna
3045 1469 3154 1506 non
3187 1455 3366 1507 audita
3399 1456 3578 1508 famuli

2013 1537 2190 1591 mellis
2213 1537 2462 1591 avulsum
2513 1539 2844 1594 conroderet.
2887 1541 3133 1610 Cumque
3165 1543 3423 1610 deinceps
3465 1559 3578 1594 rem

2013 1629 2090 1683 uti
2126 1638 2276 1700 gesta
2307 1629 2504 1685 fuisset
2529 1631 2929 1695 intellexisset,
2972 1635 3112 1687 male
3143 1634 3341 1687 factttm
3369 1649 3398 1686 a
3429 1631 3586 1701 patre

2011 1720 2250 1782 dicebat,
2286 1722 2378 1791 qui
2421 1723 2522 1778 hac
2569 1723 2862 1779 devotione
2903 1724 3110 1780 milites
3143 1725 3523 1779 obsttiuxissot
3565 1745 3578 1778 :

2012 1813 2091 1866 sic
2122 1813 2266 1866 enim
2312 1822 2688 1882 comparatum
2725 1831 2846 1870 esse
2895 1827 2956 1870 ut
3001 1817 3185 1869 animo
3238 1817 3362 1884 quis
3397 1815 3581 1868 furtis—

2011 1906 2152 1959 simo
2183 1905 2401 1959 invadat
2421 1905 2822 1968 adversarium,
2859 1905 2949 1960 ubi
2977 1907 3157 1960 cibum
3191 1915 3384 1958 nactus
3406 1915 3580 1958 seu-.et

2011 1998 2413 2067 aliquantulum
2447 1999 2731 2052 recrearit.
2765 1997 2962 2051 Saulus
2994 1997 3215 2052 victoria
3251 1997 3409 2068 174
3439 1997 3580 2064 poti-

2013 2098 2100 2142 tus
2127 2128 2141 2151 ,
2179 2103 2302 2142 cum
2324 2104 2436 2142 rem
2465 2104 2674 2143 sacram
2705 2089 2814 2141 Deo
2839 2087 3078 2152 fecisset,
3116 2085 3310 2142 iterum
3339 2087 3578 2156 pontiﬁci

2011 2181 2234 2234 mandat
2263 2190 2320 2234 ut
2347 2180 2514 2234 Deum
2547 2181 2890 2244 consuleret,
2916 2196 3046 2233 num
3079 2179 3310 2232 feliciter
3342 2179 3608 2233 hostium-

2013 2283 2190 2338 castra
2225 2273 2470 2326 invasuri
2509 2281 2697 2326 essent
2735 2281 2788 2326 et
2825 2273 3032 2328 cladem
3074 2275 3154 2325 eis
3199 2271 3420 2325 illaturi.
3470 2269 3579 2321 lio-

2011 2364 2314 2434 spondente
2346 2363 2602 2434 pontifice
2623 2363 2866 2418 divinum
2895 2365 3176 2418 oraculum
3203 2365 3380 2426 silere,
3411 2382 3429 2413 ι
3462 2362 3577 2414 Non

2015 2459 2138 2522 hoc,
2165 2458 2240 2511 ait
2275 2457 2490 2519 Saulus,
2518 2458 2724 2524 absque
2753 2467 2901 2510 certa
2929 2471 3089 2510 causa
3128 2457 3205 2515 lit.
3239 2459 3330 2509 sed
3358 2470 3580 2508 necesse

2012 2552 2094 2596 est
2150 2541 2367 2610 aliquod
2428 2541 2700 2596 occultum
2775 2557 2895 2596 esse
2962 2542 3216 2595 delictum
3281 2551 3576 2604 nostrum,

2012 2633 2169 2701 cujus
2197 2635 2368 2701 gratia
2395 2633 2553 2686 nobis
2589 2633 2729 2686 Deus
2773 2633 2915 2687 haud
2947 2635 3291 2702 respondeat.
3319 2633 3578 2701 Equidem

2014 2735 2358 2778 sacramento
2387 2725 2650 2778 conﬁrmo
2683 2741 2768 2778 me
2803 2763 2819 2788 ,
2866 2725 2910 2778 si
2971 2725 3048 2778 vel
3106 2723 3378 2779 Jonathau
3439 2724 3580 2778 ﬁlius

2015 2831 2171 2870 meus
2206 2815 2366 2886 huius
2411 2818 2616 2884 peccati
2659 2817 2730 2870 sit
2758 2826 2970 2881 auctor,
3006 2817 3230 2870 omnino
3260 2832 3380 2869 cuin
3415 2816 3583 2870 intrr-

2015 2907 2308 2972 l'ecturum,
2361 2917 2524 2976 atque
2580 2910 2677 2962 hac
2707 2909 2920 2962 ratione
2957 2907 3123 2962 Deum
3152 2909 3514 2977 placatorum.
3553 2928 3569 2958 ο

2017 2998 2126 3054 lloe
2176 2997 2336 3060 modo
2370 2997 2570 3052 factum
2605 3007 2661 3051 ut
2728 3011 2846 3052 sors
2888 2984 3054 3050 ducta
3112 2997 3165 3049 in
3206 2995 3573 3050 Jonathancm

365 3069 521 3139 Ἀλλὰ
575 3087 636 3138 τὸ
690 3087 894 3157 πλῆθος
947 3090 1127 3157 ἀλγεῖ,
1182 3069 1282 3144 καὶ
1341 3069 1434 3146 τθν
1478 3069 1733 3148 ’ῐωνὰθαν
1767 3069 1911 3161 65a:-

2017 3089 2284 3151 caderet;
2345 3103 2579 3156 cumque
2627 3087 2793 3140 lilium
2835 3098 2990 3158 pater
3049 3087 3413 3156 ititcrrOgarct
3455 3086 3584 3154 quid

359 3182 440 3243 ρετ
494 3178 595 3246 τῆς
656 3180 836 3251 χειρὸς
902 3182 1098 3246 Σαοὺλ,
1151 3183 1246 3236 καὶ
1324 3185 1559 3237 ἱκετεύει
1603 3185 1692 3237 τὸν
1753 3187 1904 3252 Θεδν,

355 3267 492 3321 ίλεον
563 3270 654 3323 ἐπὶ
711 3271 887 3343 τούτῳ
953 3275 1121 3328 ποιεῖ.
1181 3274 1290 3327 Καὶ
1346 3277 1473 3343 περὶ
1543 3275 1642 3344 μὲν
1706 3276 1911 3330 τούτων

354 3377 545 3426 ουτως.

2017 3180 2283 3234 facinoris
2311 3180 2652 3248 designasset
2675 3196 2850 3248 quave
2885 3196 2940 3233 re
2975 3181 3026 3234 in
3051 3181 3216 3234 Deum
3248 3179 3583 3248 dcliquiSset,

2017 3273 2225 3328 nullius
2261 3273 2353 3324 ille.
2394 3287 2453 3325 se
2510 3271 2787 3326 conscium
2829 3273 2930 3326 sibi
2967 3287 3085 3326 csse
3119 3273 3243 3326 facti
3289 3269 3585 3340 respondet

2019 3382 2181 3434 quam
2225 3366 2367 3434 quod
2407 3366 2666 3418 hesterno
2692 3364 2778 3419 die
2815 3365 2918 3418 mel
2952 3364 3315 3434 degustasset,
3365 3363 3585 3430 ignarus

355 3457 469 3526 eius
493 3459 892 3514 exsecrationis
957 3476 1062 3531 qua
1118 3460 1383 3531 populum
1444 3472 1599 3532 pater
1666 3463 2066 3518 obstrinxisset.
2141 3463 2255 3516 lloc
2299 3461 2487 3516 audito
2516 3461 2713 3515 Saulus
2745 3477 2867 3516 cum
2911 3477 2967 3515 se
3025 3473 3339 3514 necaturum
3395 3461 3582 3526 iurat.

359 3568 587 3622 cumque
642 3553 779 3606 nihil
847 3554 1171 3609 adversante
1222 3554 1333 3610 ﬁlio
1382 3571 1602 3624 prorsus
1673 3556 1988 3625 juramento
2027 3556 2406 3610 satis-facturus
2460 3563 2640 3616 esset,
2677 3555 2934 3608 misertus
2984 3553 3306 3608 Jouathanis
3356 3554 3584 3622 populus

355 3659 476 3698 eum
515 3644 582 3697 de
609 3642 757 3698 Sauli
823 3659 985 3698 manu
1058 3645 1252 3699 liberat
1310 3647 1590 3715 Deumque
1630 3647 1988 3715 supplicando
2028 3646 2221 3714 placat.
2285 3643 2349 3698 Et
2397 3645 2508 3700 haec
2547 3644 2764 3714 quidem
2824 3645 2876 3696 iu
2934 3643 3078 3697 hth
3117 3646 3325 3717 modum
3370 3655 3582 3698 mutata

360 3747 538 3792 sunto.

426 3829 614 3881 Εἰπεῖν
665 3828 723 3880 δὲ
760 3829 851 3881 τον
899 3825 1032 3880 θεὸν
1064 3828 1251 3897 ἔλεγεν
1281 3831 1308 3881 6
1361 3830 1610 3900 Σαμουὴλ
1665 3829 1738 3892 ὼς
1795 3829 1918 3881 ἐπεὶ

357 3918 526 3971 πολλὰ
574 3920 718 3978 κακᾶ
749 3921 875 3981 τοὺς
929 3918 1218 3989 Ἐϐραίους
1251 3921 1302 3973 οί
1351 3921 1712 3989 Ἀμαληκῖται
1775 3919 1919 3971 κατὰ

353 4030 418 4080 γε
441 4013 538 4084 τὴν
566 4013 772 4082 ἔρημον
808 4009 1094 4082 διέθηκαν,
1137 4011 1301 4084 ἡνίκα
1341 4011 1440 4080 τῆς
1469 4011 1744 4077 Αἰγύπτου
1801 4007 1918 4070 ἑξε-

358 4103 671 4174 πορεύοντο,
706 4103 953 4157 κελεύειν
992 4104 1218 4174 πολέμῳ
1256 4101 1681 4174 τιμωρήσασθαι
1719 4099 1918 4160 αὐτοὺς

352 4195 443 4246 τὸν
471 4195 642 4248 Σαοὺλ
684 4196 778 4249 καὶ
806 4195 1033 4264 μηδενὸς
1059 4195 1240 4248 αὐτῶν
1270 4195 1591 4263 φείσασθαι.
1637 4195 1783 4262 Νικᾷ
1806 4189 1917 4245 τοί-

359 4304 451 4337 νυν
489 4287 689 4347 αὐτοὺς
721 4289 860 4339 κατὰ
895 4287 1117 4356 κράτος,
1172 4287 1442 4356 λαμϐάνει
1497 4287 1553 4339 δὲ
1611 4285 1702 4338 τὸν
1733 4283 1913 4339 αὐτῶν

357 4376 581 4438 βασιλέα
624 4376 794 4443 Ἀγὰγ
824 4376 1193 4445 αἰχμάλωτον,
1243 4373 1305 4430 οὗ
1360 4377 1649 4446 θαυμάσας
1688 4377 1745 4429 τὸ
1784 4377 1919 4429 κάλ-

354 4467 442 4529 ὶος
508 4468 605 4520 καὶ
651 4468 710 4519 τὸ
775 4468 1005 4537 μέγεθος
1055 4468 1151 4521 τοῦ
1206 4467 1482 4537 σώματος,
1526 4469 1600 4531 ὡς

356 4574 507 4625 φησι,
543 4556 813 4625 σωτηρίας
845 4557 995 4620 ἄξιον
1030 4557 1235 4627 ἔκρινε.
1272 4559 1379 4610 Καὶ
1408 4557 1600 4619 θυσίας
1654 4557 1761 4608 ἀπὸ
1813 4557 1918 4607 τῶν

356 4649 616 4718 λαφύρων
648 4649 874 4700 ἐκείνων
931 4649 1198 4716 ἀνήνεγκε
1253 4648 1330 4718 τῷ
1377 4646 1516 4716 Θεῷ.
1556 4647 1673 4715 'E'g'
1733 4640 1776 4714 ᾧ
1825 4650 1918 4700 καὶ

357 4739 492 4806 πρὸς
547 4739 641 4791 τὸν
685 4737 941 4808 Σαμουὴλ
979 4737 1080 4809 ἔφη
1114 4740 1144 4790 6
1173 4740 1340 4800 Θεός·
1383 4757 1400 4788 ι
1439 4737 1920 4806 Μεταμεμέλημαι

357 4832 436 4883 ὅτι
464 4830 660 4900 ἔχρισσι
691 4830 780 4883 τὸν
807 4830 978 4882 Σαοὺλ
1007 4833 1086 4894 είς
1116 4829 1368 4898 βασιλέα,
1402 4828 1554 4896 κάγὼ
1585 4829 1922 4894 ίξουδένωκα

357 4922 526 4974 αὐτὴν
555 4919 649 4972 τοῦ
689 4919 762 4989 μὴ
795 4920 1104 4988 βασιλεύειν
1151 4923 1209 4973 ὲν
1271 4919 1510 4989 Ἰσραήλ.
1552 4937 1569 4970 ι
1633 4918 1797 4971 Ὅθεν
1832 4920 1928 4972 καὶ

359 5013 496 5080 πρὸς
516 5013 611 5063 τὸν
645 5013 818 5064 Σαοὺλ
846 5012 1020 5075 οὕτως
1050 5004 1236 5080 ἔλεγεν
1267 5013 1295 5064 ὁ
1322 5011 1598 5080 Σαμουὴλ,
1630 5011 1793 5081 ἡνίκα
1837 5011 1928 5062 τὸν

369 5103 546 5170 ’Δγὰγ
589 5089 939 5172 ’ἐζωογόνησε
999 5103 1108 5155 τῶν
1203 5101 1589 5170 Ἀμαληκιτῶν
1676 5100 1926 5168 βασιλέα,

364 5211 381 5244 ι
418 5193 828 5262 Μεματαίωσαι
864 5197 951 5253 σὺ,
1005 5193 1086 5245 ὅτι
1141 5194 1239 5245 οὐκ
1262 5189 1536 5260 ὲφύλαξας
1579 5191 1680 5260 τὴν
1707 5191 1927 5260 ἐντολὴν

358 5287 424 5353 ἦν
465 5285 774 5338 ἐνετείλατὸ
803 5300 886 5336 σοι
919 5284 948 5336 6
973 5284 1200 5354 Κύριος.
1235 5284 1400 5338 Ὅθεν
1429 5285 1522 5336 καὶ
1550 5284 1611 5336 οὐ
1667 5285 1928 5355 στήσεταί

359 5390 442 5427 σοι
467 5374 501 5444 ὴ
543 5374 808 5444 βασιλεία,
837 5376 930 5428 καὶ
959 5374 1183 5442 ζητήσει
1217 5374 1419 5444 Κύριος
1476 5375 1763 5447 ἄνθρωπον
1786 5377 1928 5430 κατὰ

364 5466 594 5534 καρδίαν
623 5467 787 5519 αὑτοῦ
831 5467 912 5529 είς
937 5467 1170 5536 ἄρχοντα
1203 5466 1298 5517 ἐπὶ
1342 5467 1436 5520 τὸν
1484 5467 1612 5520 λαὸν
1668 5467 1857 5520 αὑτοῦ.
1903 5484 1922 5519 ι

369 5557 510 5627 Πρὸς
537 5559 746 5623 τούτοις
773 5559 831 5612 δὲ
862 5563 954 5613 καὶ
976 5560 1102 5614 τάδε
1138 5559 1274 5629 πρὸς
1305 5559 1466 5613 αύτδν
1501 5559 1708 5628 ἔλεγεν,
1763 5559 1928 5629 ἡνίκα

1655 4467 1810 4537 ’ῐώση
1823 4469 1919 4530 πός

436 5714 482 5746 εκ
527 5715 712 5786 tucg.
742 5719 964 5783 mm.
1043 5719 1087 5752 ευ
1117 5718 1136 5772 ι
1171 5718 1302 5786 Reg.
1339 5679 1424 5782 xv,
1464 5717 1548 5773 tt.

2679 3753 2715 3787 Ο

2087 3832 2223 3879 hum
2259 3835 2439 3877 autem
2475 3825 2675 3878 Satrius
2699 3825 3020 3893 prmcepiss’e
3055 3825 3156 3878 sibi
3194 3829 3356 3879 l‘eum
3381 3826 3586 3881 diceret

2017 3925 2070 3968 ut
2108 3913 2326 3986 quando
2356 3915 2668 3969 Amalecitae
2706 3916 2758 3968 in
2786 3916 3007 3970 deserto
3063 3916 3341 3969 lsraclicos
3385 3919 3582 3970 misere

2018 4015 2344 4060 tractassem
2377 4045 2392 4070 ,
2448 4023 2513 4060 ex
2581 4006 2810 4078 {Egyplo
2843 4008 2893 4058 id
2934 4017 3093 4074 temp!
3122 4007 3194 4058 ris
3246 4007 3540 4076 migrantes
3566 4048 3582 4068 .

2016 4097 2131 4167 ipse
2182 4097 2324 4152 bello
2376 4097 2673 4151 sceleratos
2710 4097 2960 4151 homines
3001 4099 3306 4167 puniretur.
3360 4101 3584 4152 omnino

2026 4205 2214 4244 eorum
2251 4189 2456 4243 nemini
2494 4201 2757 4260 parceret,
2787 4192 3166 4261 obtemperans
3211 4194 3465 4248 uumdato
3500 4192 3586 4249 di-

2029 4286 2156 4341 vino
2186 4283 2356 4340 vincit
2387 4298 2481 4341 eos
2526 4285 2661 4349 acie,
2706 4299 2998 4355 regemque
3035 4285 3270 4357 Agagum
3315 4288 3585 4355 captivum

2026 4377 2264 4432 abducit.
2302 4376 2499 4430 Verum
2525 4376 2982 4446 pulchritudinem
3011 4379 3129 4446 eius
3173 4380 3585 4446 proceritatem-

2027 4483 2133 4537 que
2159 4469 2404 4535 corporis
2441 4469 2777 4532 admiratus,
2821 4470 3277 4538 quemadmodum
3337 4480 3387 4523 et
3431 4468 3587 4523 Jose-

2028 4561 2165 4627 phus
2195 4558 2472 4612 memoria:
2504 4559 2763 4627 prodidit,
2799 4552 3076 4613 hominem
3127 4558 3348 4628 dignum
3380 4559 3590 4628 judicat

2021 4650 2179 4719 cujus
2237 4650 2401 4705 Saluti
2449 4651 2680 4719 vitaeque
2730 4659 3000 4719 parcatur.
3047 4650 3218 4703 Simul
3273 4650 3339 4702 de
3400 4650 3588 4718 spoliis

2023 4739 2450 4794 Amalccitarum
2487 4740 2597 4793 Deo
2625 4739 2872 4795 victimas
2903 4740 3081 4793 oﬂ'crt.
3113 4739 3245 4791 Tmn
3289 4754 3414 4793 vero
3448 4741 3590 4796 Dcul

2024 4831 2109 4886 his
2149 4832 2334 4886 verbis
2372 4831 2688 4885 Samuelum
2742 4829 3069 4900 compellare
3102 4845 3116 4882 :
3166 4849 3182 4880 ι
3221 4828 3456 4884 Ρωηῑιρι
3507 4847 3592 4884 me

2025 4925 2175 4979 Sauli
2211 4926 2354 4995 regis
2392 4922 2757 4978 lsraelitarum
2793 4925 2958 4978 creati
2998 4942 3011 4978 :
3049 4935 3382 4992 quapropter
3415 4925 3590 4978 homi-

2026 5029 2150 5069 nem
2189 5015 2472 5085 indignum
2504 5029 2625 5067 esse
2672 5017 2834 5067 statui
2871 5014 2959 5080 qui
2997 5029 3119 5067 cum
3154 5015 3386 5082 imperio
3415 5014 3592 5068 lsrae-

2025 5105 2135 5160 litis
2180 5108 2364 5176 praesit
2401 5105 2470 5159 ⁸⁸.
2515 5124 2532 5156 ι
2581 5105 2656 5158 Ea
2709 5105 2775 5158 de
2814 5119 2978 5156 causa
3034 5103 3274 5158 vicissim
3308 5105 3594 5169 Satnuclus

2032 5198 2104 5251 ita
2141 5197 2362 5251 Saulum
2393 5195 2592 5265 alloqui
2619 5212 2633 5249 :
2671 5213 2688 5244 ι
2723 5192 3170 5263 Quandoquidem
3201 5193 3438 5264 Agagum
3466 5207 3567 5245 con

2033 5289 2286 5353 servasti,
2321 5287 2534 5358 gessisti
2575 5295 2626 5338 te
2665 5285 2972 5350 dementer,
3007 5300 3109 5338 non
3145 5269 3447 5353 pra-stando
3477 5279 3594 5334 edi-

2033 5389 2121 5432 cto
2173 5395 2282 5448 quo
2341 5389 2393 5433 te
2453 5377 2713 5432 Dominus
2751 5375 3066 5429 obstrinxit.
3118 5374 3322 5428 IdcirCo
3369 5386 3590 5439 regnum

1987 5468 1992 5472 ’
2033 5482 2202 5538 penes
2235 5477 2285 5522 te
2317 5483 2423 5521 non
2467 5467 2729 5530 manebit,
2778 5466 2870 5520 sed
2912 5465 3180 5520 hominem
3221 5463 3418 5528 deliget
3456 5461 3595 5510 Deus

2032 5560 2215 5614 animo
2259 5574 2358 5612 suo
2401 5568 2635 5629 gratum,
2675 5558 2764 5627 qui
2805 5557 3004 5626 populo
3037 5569 3134 5608 suo
3161 5567 3292 5605 .cum
3329 5557 3593 5618 potestate
