4110 6194
471 301 577 364 335

1751 305 2169 369 MICHAELIS
2207 307 2464 370 GLYC/E

3597 308 3701 372 336

471 422 678 512 pra-sit.
720 441 738 474 ι
771 421 934 477 Addit
964 431 1019 476 et
1049 421 1149 475 alia
1203 423 1384 486 verba,
1419 438 1541 477 cum
1589 421 1787 479 Saulus
1828 427 2024 481 sacril‘t-

2138 427 2236 500 τὴν
2263 427 2452 482 θυσίαν
2480 428 2698 499 ἔφερεν,
2738 448 2757 480 ι
2799 430 2872 484 Οὐ
2897 429 3038 484 θέλει
3076 429 3275 500 Κύριος
3309 429 3701 492 ὁλοκαυτώσεις

475 518 617 567 ciunt
656 533 812 568 suum
840 515 1061 568 offerre:
1089 532 1100 566 :
1129 533 1146 563 ι
1185 515 1294 567 lleo
1325 530 1434 567 non
1481 523 1584 568 tam
1611 517 1824 586 placent
1849 519 2035 574 hostiae

472 621 536 658 ac
564 607 836 660 cauiﬁcia-
877 621 1035 671 qnam
1075 605 1116 656 si
1145 607 1264 670 quis
1301 607 1419 673 ejus
1450 609 1702 664 mandato
1732 610 1800 665 sit
1827 612 2036 665 obtent-

473 710 690 760 pt-rans.
729 697 892 748 t‘erte
941 696 1202 750 Dominus
1246 698 1462 766 abrupit
1488 715 1514 750 a
1548 710 1597 752 te
1629 701 1784 753 hodie
1809 717 2032 770 regnum

475 789 836 841 lsraelitarum
866 825 881 847 ,
941 787 1108 858 idque
1161 790 1314 844 alteri
1354 800 1403 844 te
1440 791 1652 845 meliori
1683 792 1858 845 tradet
1889 792 1956 848 ⁸⁸.
2010 811 2028 844 ι

473 879 609 932 llinc
641 879 806 930 etiam
842 879 1043 932 factum
1077 889 1134 933 ttt
1169 896 1292 934 cum
1325 897 1654 951 magnopere
1689 882 1838 937 Sauli
1872 899 2034 938 causa

471 979 621 1020 νειμ-ε
653 970 742 1022 hic
777 970 1040 1023 sollicitus
1073 983 1236 1034 esset,
1279 972 1540 1025 Dominus
1566 973 1768 1043 diceret
1813 989 1826 1026 :
1869 993 1887 1024 ι
1937 973 2036 1027 De-

468 1060 587 1114 sine
631 1063 814 1132 lugere
846 1061 1097 1127 Sardum,
1129 1075 1462 1133 acceptoque
1495 1065 1616 1118 oleo
1665 1080 1822 1119 sacro
1875 1065 2035 1120 Beth-

467 1150 735 1204 leheutatn
775 1153 1126 1207 adJeSsmum
1163 1156 1529 1224 proﬁciscere,
1563 1157 1736 1224 deque
1766 1156 1888 1209 filiis
1917 1157 2035 1224 ejus

468 1257 634 1295 unum
685 1243 841 1312 175
898 1245 950 1298 in
987 1231 1228 1315 'regnunt
1281 1248 1468 1316 ungito
1513 1246 1580 1301 ⁸⁷.
1640 1267 1656 1298 ι
1693 1248 2035 1318 Quapropter

466 1346 532 1385 eo
563 1331 848 1386 Satnuelns
881 1349 938 1388 se
986 1335 1238 1396 confert;
1274 1336 1636 1404 omnibusque
1663 1339 1874 1390 ca-tcr's
1919 1337 2038 1390 Jes-

467 1423 558 1474 sati
598 1423 720 1474 lilii»
752 1423 969 1491 rejectis
993 1465 1008 1485 ,
1048 1434 1101 1477 ttt
1132 1425 1181 1476 in
1209 1425 1405 1491 quibus
1435 1427 1612 1478 oletttu
1665 1442 1876 1492 sacrum
1927 1441 2034 1480 non

467 1523 768 1577 emanaret,
806 1517 1025 1568 tandem
1060 1527 1189 1569 nattt
1226 1505 1482 1569 ηιίηἰιιιιιὲ
1517 1517 1756 1570 omnium
1803 1517 2036 1571 Davides

469 1607 705 1675 ungitur.
739 1606 814 1660 Ea
847 1608 913 1660 de
963 1623 1126 1661 causa
1177 1609 1433 1677 deinceps
1483 1609 1573 1662 ille
1601 1609 1864 1678 Spiritum
1893 1610 2035 1679 apud

465 1713 524 1750 se
553 1709 800 1751 sanctum
836 1699 1090 1762 habebat,
1128 1715 1250 1753 cum
1299 1716 1329 1754 e
1369 1700 1586 1753 diverso
1618 1700 1788 1754 malus
1811 1701 2036 1770 spiritus

463 1788 688 1842 Saulqu
727 1790 1032 1844 invaderet.
1059 1789 1283 1856 Quoties
1325 1802 1502 1844 autem
1540 1791 1628 1845 ille
1658 1793 1880 1845 Saulum
1914 1807 2038 1846 cor-

463 1883 687 1950 riperet,
728 1882 942 1938 aiebant
985 1884 1182 1938 medici
1208 1924 1222 1944 ,
1275 1886 1732 1953 quetnmlmodutu
1765 1885 2038 1953 Josephus

467 1981 673 2036 narrat,
711 1957 828 2029 ﬁeri
863 1976 1023 2029 aliter
1063 1992 1167 2030 non
1204 1991 1362 2046 posse
1391 1987 1450 2030 ut
1481 1977 1680 2030 malum
1713 1977 1855 2031 istud
1900 1993 2035 2031 eou-

461 2069 757 2135 sopirctur,
790 2085 951 2138 quam
986 2069 1218 2138 alicujus
1243 2085 1408 2138 Opem
1440 2069 1531 2138 qui
1564 2070 1760 2124 lidibus
1790 2077 2032 2123 caneret.

463 2159 652 2228 itaque
681 2160 819 2214 facta
853 2163 1313 2231 pervestigatione
1359 2164 1545 2230 ecquis
1575 2162 1774 2216 alicubi
1821 2161 2032 2232 peritus

462 2250 584 2313 ejus
629 2250 766 2304 artis
789 2261 968 2316 esset,
997 2252 1229 2307 Davides
1273 2254 1582 2316 adducitur,
1633 2269 1794 2322 quem
1834 2253 2032 2306 Saulus

462 2340 790 2406 "turrigerum
839 2357 996 2394 suum
1031 2351 1180 2396 creat
1210 2352 1265 2396 et
1317 2343 1587 2397 honorato
1625 2343 1744 2396 loco
1779 2358 1946 2413 penes
1973 2358 2031 2397 se

461 2433 681 2484 retinet.
719 2432 808 2485 Sic
837 2433 1113 2498 .losephuo
1147 2450 1258 2488 rem
1285 2445 1487 2504 gestam
1514 2443 1925 2488 comncmorat.
1957 2436 2032 2488 Ac

2141 523 2235 572 καὶ
2267 521 2460 584 Θυσίας
2493 521 2569 583 ὡς
2602 523 2663 573 τὸ
2693 521 2924 574 ἀκοῦσαι
2957 521 3056 588 τῆς
3085 520 3272 590 φωνῆς
3325 519 3517 583 αὐτοῦ,
3552 538 3570 570 ι
3606 521 3701 574 καὶ

2136 607 2291 673 αὖθις
2319 629 2364 663 ἰ
2401 612 2662 683 Διέρῤηξε
2697 612 2898 682 Κύριος
2933 611 3032 681 τὴν
3066 609 3343 678 βασιλείαν
3395 610 3609 678 Ἰσραὴλ
3637 611 3704 663 ἐκ

2136 703 2320 770 χειρός
2353 719 2447 754 σου
2487 703 2754 772 σήμερον,
2786 703 2882 756 καὶ
2910 703 3070 756 δώσει
3121 703 3293 772 αὐτὴν
3341 699 3417 769 τῷ
3471 701 3701 768 πλησίον

2139 809 2232 845 σου
2285 792 2363 862 τῷ
2413 793 2606 862 ἀγαθῷ
2659 794 2795 864 ὑπὲρ
2825 794 2937 860 ,σέ.
2991 812 3009 844 ι
3051 793 3220 847 Ὅθεν
3268 791 3362 846 τοῦ
3414 794 3698 861 προφήτου
3743 796 3746 798 ’

2137 880 2310 933 πολλὰ
2371 880 2751 950 φροντίζοντος
2803 881 2931 952 περὶ
2978 880 3072 934 τοῦ
3105 878 3298 945 Σαοὺλ,
3345 897 3364 931 ι
3418 879 3647 942 Παῦσαι,
3675 893 3696 930 ι

2137 972 2273 1042 πρὸς
2305 973 2467 1026 αὑτὸν
2496 973 2600 1042 ἔφη
2631 973 2658 1026 6
2689 973 2842 1036 Θεὸς,
2868 991 2886 1024 ι
2917 973 3013 1026 καὶ
3043 971 3223 1024 λαϐὼν
3251 971 3312 1023 τὸ
3341 971 3500 1037 ἅγιον
3519 969 3701 1024 ἔλαιον

2137 1067 2217 1127 είς
2251 1065 2497 1133 Βηθλεὲμ
2531 1064 2734 1120 ἄπελθε
2785 1065 2918 1136 πρὸς
2958 1065 3179 1124 Ἰεσσαὶ,
3241 1063 3336 1116 καὶ
3380 1063 3579 1132 χρῖσαι,
3615 1061 3699 1124 είς

2138 1155 2368 1228 βασιλέα
2425 1157 2521 1211 ἕνα
2544 1157 2653 1211 τῶν
2696 1157 2828 1210 υίῶν
2871 1156 3062 1218 αὐτοῦ.
3094 1175 3113 1210 ι
3149 1157 3413 1225 Ἔρχεται
3447 1149 3558 1215 οὖν,
3603 1153 3704 1208 καὶ

2135 1251 2356 1304 πάντων
2381 1251 2557 1304 ἄλλων
2591 1251 3144 1320 ἀποδοκιμαοθὲντων
3177 1250 3285 1303 τῶν
3318 1249 3450 1302 υἱῶν
3497 1248 3700 1302 Ἰεσσιή¹

2139 1338 2284 1412 (οὐδὲ
2322 1341 2431 1411 γὰρ
2458 1342 2538 1404 είς
2559 1341 2844 1405 αὑτοὺςτδ
2867 1338 3022 1407 ἅγιον
3068 1339 3292 1392 ἔϐλυσεν
3315 1338 3514 1406 ἔλαιον)
3549 1340 3701 1406 χρίει
3743 1396 3747 1400 _

2136 1450 2227 1484 ται
2258 1433 2285 1484 6
2319 1435 2538 1484 πάντων
2577 1432 2806 1494 ὕστατος
2860 1431 3040 1486 Δαϐίδ.
3097 1430 3213 1496 Ἐφ’
3243 1424 3287 1496 ᾧ
3331 1429 3426 1482 καὶ
3477 1427 3701 1497 Πνεῦμα

2138 1525 2293 1589 ἅγιον
2318 1524 2503 1576 ἔκτοτε
2533 1519 2600 1595 ἦν
2630 1525 2685 1576 ὲν
2719 1522 2890 1593 αὐτῷ,
2925 1523 3016 1574 τον
3062 1522 3118 1575 δὲ
3151 1521 3324 1574 Σαοὺλ
3360 1519 3574 1587 πνεῦμα
3605 1537 3703 1572 πο-

2138 1614 2302 1685 νηρὸν
2347 1617 2668 1686 ἐπέρχεται.
2730 1614 3067 1683 Πνιγομένου
3108 1613 3286 1666 τοίνυν
3325 1613 3491 1665 αὐτοῦ
3520 1612 3703 1678 ἔλεγον

2137 1709 2185 1760 οί
2232 1708 2427 1775 ἰατροὶ,
2471 1707 2616 1760 καθά
2647 1723 2813 1776 φησιν
2854 1705 3151 1775 Ἰώσηπος,·
3176 1705 3258 1757 ὅτι
3292 1704 3367 1774 μὴ
3402 1703 3577 1766 ἄλλως
3638 1703 3703 1783 τὸ

2138 1799 2376 1850 τοιοῦτον
2415 1799 2833 1851 καταπαύσεται
2859 1796 3051 1861 πάθος,
3083 1797 3132 1849 εί
3191 1797 3269 1866 μή
3322 1813 3406 1858 τις
3447 1790 3556 1848 οἵδε
3611 1794 3703 1848 διὰ

2140 1888 2402 1956 κιννύρας
2439 1887 2604 1958 ᾄδειν.
2642 1889 2804 1941 Ὅθεν
2847 1887 2939 1940 καὶ
2968 1887 3224 1956 ζητηθεὶς
3285 1887 3338 1940 εί
3385 1904 3488 1938 που
3525 1886 3702 1939 τοιοῦ-

2137 1977 2229 2033 τός
2255 1979 2338 2041 τίς
2373 1981 2544 2040 ἐστιν,
2576 1979 2768 2048 ἄγεται
2789 1981 2816 2031 6
2836 1978 3020 2032 Aa6i5.
3058 1981 3208 2032 Ποιεῖ
3233 1971 3322 2030 οὖν
3355 1979 3513 2030 αὐτὸν
3537 1977 3701 2030 όπλο-

2141 2073 2327 2140 φόρον,
2365 2072 2459 2123 καὶ
2519 2070 2607 2124 διὰ
2649 2072 2815 2138 τιμῆς
2856 2070 3000 2137 ἄγει.
3057 2071 3164 2122 Καὶ
3197 2071 3224 2122 ὁ
3288 2070 3389 2138 μὲν
3441 2069 3702 2137 Ἰώσηπος

2137 2163 2332 2224 οὕτως.
2373 2161 2448 2215 Τὸ
2476 2162 2530 2214 δὲ
2561 2162 2837 2230 δαιμόνιον
2861 2159 2924 2213 τὸ
2977 2160 3280 2230 συμπνίγον
3325 2160 3414 2213 τὸν
3447 2161 3621 2214 Σαοὺλ
3644 2162 3699 2229 ,ἠ

2133 2251 2350 2324 ptumo":
2375 2234 2541 2304 Δαϐὶδ
2579 2251 2804 2322 κιννύρα
2843 2250 3142 2315 κατέπαυε,
3177 2250 3314 2320 πλὴν
3342 2250 3419 2313 ὡς
3448 2250 3526 2318 τῷ
3561 2266 3701 2302 παν-

2141 2343 2279 2412 αγίῳ
2318 2341 2598 2410 Πνεῦματι
2651 2342 2949 2411 κινουμένη
2976 2357 2991 2372 ·
3021 2340 3213 2395 τούτου
3250 2341 3359 2412 γὰρ
3409 2340 3702 2412 ἐπᾴδοντος

2134 2435 2314 2486 ἐκεῖνο
2347 2435 2437 2486 καὶ
2457 2430 2602 2487 ἆκον
2635 2433 2901 2504 ἡσύχαζε.

460 2539 650 2576 verum
690 2524 906 2594 quidem
937 2535 1018 2580 est
1049 2527 1251 2580 malum
1285 2526 1449 2580 istum
1487 2528 1743 2597 genium,
1773 2528 1862 2596 qui
1930 2527 2154 2581 Saulum
2201 2527 2453 2591 vexabat,
2489 2527 2708 2582 Davidis
2770 2525 2978 2581 cithara
3042 2525 3290 2581 sedatum
3341 2523 3552 2580 'uisse:
3599 2522 3695 2578 sed

460 2615 532 2671 ita
563 2617 758 2670 factum
793 2620 896 2673 hoc
926 2627 1216 2684 statuatur,
1285 2621 1426 2688 quod
1493 2636 1553 2673 ea
1583 2620 1842 2672 nitnirutu
1892 2635 1920 2672 a
1963 2619 2171 2690 Spiritu
2239 2631 2430 2675 sancto
2498 2621 2707 2690 pulsata
2737 2619 2924 2673 fuerit.
2956 2618 3052 2673 Illo
3085 2633 3318 2688 namque
3356 2632 3575 2672 carmen
3600 2625 3694 2672 ac'

455 2715 674 2764 cincnte
705 2711 876 2764 malus
899 2710 1089 2779 genius
1115 2712 1194 2763 vel
1226 2709 1395 2765 invite
1430 2711 1872 2779 conquiescebat.

529 2805 837 2860 Secundum
872 2806 985 2864 haec
1016 2805 1288 2859 Palmstiui
1323 2807 1724 2874 expeditionem
1756 2807 2023 2862 adversus

454 2893 670 2949 .lud:cos
695 2895 1022 2965 suscipiunt,
1044 2896 1220 2966 deque
1243 2893 1437 2951 castris
1463 2897 1678 2952 illorum
1698 2896 1780 2950 vir
1804 2896 2020 2964 quidam

2205 2806 2360 2861 Μετὰ
2409 2805 2466 2858 δὲ
2526 2804 2700 2858 ταῦτα
2746 2806 2888 2860 κατὰ
2949 2804 3221 2859 Ἰουδαίων
3270 2803 3697 2874 ὲκστρατεύουσι

2132 2893 2501 2972 Παλαιστινοί.
2561 2891 2685 2960 Ἀφ’
2727 2889 2800 2948 ὧν
2858 2895 3101 2957 καταϐὰς
3159 2893 3300 2964 ἁνήρ
3339 2911 3419 2956 τις
3477 2893 3687 2947 Γωλιὰθ

461 2989 642 3057 prodit
684 2990 905 3044 nomine
954 2987 1274 3051 Goliathus,
1327 2989 1566 3059 ingentis
1633 2989 2023 3058 magnitudinis

2130 2981 2367 3050 τοῦνομα
2415 2982 2779 3052 παμμεγέθης
2832 2977 2920 3054 (ἦν
2958 2981 3068 3052 γὰρ
3135 2983 3353 3051 πήχεων
3413 2983 3697 3052 τεσσάρων

455 3083 594 3150 (erat
635 3082 776 3134 cnim
831 3096 925 3135 sex
969 3082 1274 3134 cubitorum
1309 3089 1364 3134 et
1390 3082 1550 3134 unius
1583 3081 1906 3150 Spithatnm),
1934 3083 2017 3134 in-

452 3175 615 3227 datus
649 3190 842 3226 .rream
871 3174 1091 3227 loricam
1123 3173 1365 3241 quinque
1399 3172 1565 3225 millia
1597 3172 1854 3225 siclorum
1891 3186 2022 3240 pen-

453 3267 695 3330 dentem,
716 3266 872 3334 cujus
898 3265 1252 3332 magnitudini
1283 3274 1336 3317 et
1366 3262 1591 3330 ponderi
1616 3278 1768 3316 arma
1805 3279 2022 3332 quoque

453 3365 650 3408 ca-tera
703 3353 1134 3422 respondebant.
1191 3352 1287 3404 llic
1332 3366 1462 3420 ergo
1507 3365 1695 3403 vocem
1730 3351 2020 3403 immanem

455 3446 614 3504 tollit.
658 3449 835 3514 deque
885 3444 1080 3498 castris
1128 3443 1507 3497 lsraelicorum
1541 3442 1777 3510 aliquem
1806 3441 1871 3494 ad
1904 3440 2019 3494 sin-

456 3536 643 3605 gulare
677 3543 956 3588 certamen
991 3543 1272 3602 provocat.
1310 3532 1577 3587 Omnibus
1605 3541 1784 3586 autem
1815 3543 2023 3601 perter-

453 3627 574 3680 ritis
615 3625 840 3680 Davides
887 3627 954 3680 ad
997 3625 1222 3679 Saulum
1269 3624 1654 3687 introducitur,
1693 3623 1784 3692 qui
1838 3639 2019 3691 regem

454 3719 789 3780 consolatus,
829 3733 1002 3786 eoque
1054 3717 1141 3768 vix
1197 3731 1479 3788 persuaso,
1537 3716 1680 3784 quod
1720 3731 1910 3785 parum
1961 3718 2017 3768 in

455 3810 680 3872 Davide,
706 3811 748 3863 si
784 3809 1154 3876 respicerctur
1184 3808 1354 3877 ipsius
1381 3817 1532 3872 tetas,
1566 3808 1774 3862 fiducia:
1815 3824 2023 3877 ponen-

451 3902 580 3956 dutn
612 3903 970 3964 existimaret,
1012 3900 1324 3955 Goliathum
1363 3894 1672 3970 aggreditur
1705 3901 2021 3954 ho;ninem-

451 4007 557 4062 que
586 3993 765 4044 funda:
787 3995 936 4058 jactu
970 3990 1248 4044 interﬁcit.
1281 3989 1417 4044 Cum
1459 3999 1640 4044 autem
1673 4005 1740 4044 ex
1779 4005 1844 4045 eo
1887 4001 2022 4045 tem-

451 4100 584 4153 pore
615 4083 874 4138 mulieres
904 4085 958 4138 in
984 4086 1222 4138 carmine
1249 4083 1484 4152 quodam
1507 4091 1770 4138 canerent
1797 4083 2018 4137 Saulutn

463 4175 683 4243 quidem
747 4174 895 4228 mille
947 4172 1264 4228 Palaestinos
1302 4172 1546 4238 fudisse,
1589 4172 1846 4226 Davidem
1892 4188 2022 4228 vero

453 4269 643 4320 decem
681 4265 876 4324 millia.
913 4281 1079 4336 regno
1126 4280 1230 4320 suo
1263 4275 1510 4320 metuere
1561 4263 1757 4319 Saulus
1803 4263 2016 4334 incipit,

2125 3075 2218 3124 ml.
2253 3073 2582 3143 σπιθαμῆς),
2607 3073 2956 3141 ἐνδεδυμένος
2977 3073 3200 3143 θώρακα
3230 3073 3470 3142 σταθμὸν
3490 3075 3694 3141 ἄγοντα

2123 3164 2287 3216 πέντε
2327 3164 2575 3233 χιλιάδας
2631 3165 2830 3218 σίκλων
2865 3167 2960 3218 καὶ
3007 3169 3073 3218 τὰ
3112 3165 3278 3219 λοιπὰ
3331 3165 3471 3218 ὅπλα
3501 3165 3696 3219 ἀναλό-

2122 3272 2254 3321 γως.
2293 3259 2480 3324 φωνὴν
2536 3259 2780 3327 μεγάλην
2821 3258 3017 3326 ἀφίησι
3057 3259 3151 3310 καὶ
3191 3261 3516 3328 μονομαχεῖν
3562 3259 3694 3328 ἒζήέ

2120 3361 2224 3397 τει.
2256 3347 2362 3398 Καὶ
2389 3325 2605 3400 πάντιυν
2627 3325 2900 3415 éEanopoo
2912 3325 3090 3412 μένων
3128 3325 3468 3415 είσάγεταιήὸ
3502 3325 3700 3408 Δαὸὶδξ

2121 3435 2218 3486 καὶ
2279 3435 2369 3488 τὸν
2419 3436 2592 3487 Σαοὺλ
2635 3436 3204 3506 παραμυθησάμενος.
3281 3435 3436 3504 μόλις
3489 3435 3545 3486 δὲ
3595 3435 3694 3488 καὶ

2121 3527 2318 3586 πείσας
2354 3525 2514 3577 αὑτὸν
2545 3524 2686 3595 (οὐδὲ
2713 3524 2822 3596 γὰρ
2849 3525 2874 3578 ό
2925 3525 3098 3579 Σαοὺλ
3127 3525 3372 3596 ἐθάρρει,
3415 3526 3548 3594 πρὸς
3591 3527 3694 3593 τὴν

2121 3617 2216 3668 τοῦ
2249 3618 2411 3670 Δαϐἰδ
2453 3617 2666 3688 ἡλικίαν
2701 3616 2942 3688 ἀφορῶν)
2975 3618 3122 3687 ὁρμᾷ
3162 3619 3302 3671 κατὰ
3336 3617 3543 3670 ι’ωλιάθ
3590 3619 3687 3668 καὶ

2121 3707 2207 3760 διὰ
2240 3709 2533 3776 σφενδόνης
2566 3708 2728 3761 αὐτὸν
2756 3709 2990 3778 ἀναιρεῖ.
3038 3708 3266 3761 Ἐκτοτε
3320 3705 3414 3760 οὖν
3442 3709 3550 3760 τῶν
3590 3724 3691 3774 γυ-

2122 3799 2328 3852 ναικῶν
2359 3800 2632 3866 λεγουσῶν
2663 3800 2742 3854 ὅτι
2771 3801 2944 3853 Σαοὺλ
2977 3800 3076 3870 μὲν
3129 3799 3369 3869 χιλιάδας
3399 3800 3690 3854 Παλαιστι-

2121 3891 2229 3944 νῶν
2265 3890 2654 3958 κατηκόντισε,
2689 3891 2854 3943 Δαὸὶδ
2885 3891 2940 3944 δὲ
2978 3891 3267 3960 μυριάξας,
3304 3895 3551 3945 πτοεῖται
3590 3894 3687 3944 καὶ

2121 3986 2201 4045 είς
2262 3983 2362 4052 τὴν
2411 3983 2574 4035 αὑτοῦ
2627 3983 2905 4052 βασιλείαν
2933 3985 2961 4036 6
2989 3983 3160 4036 Σαούλ
3191 3999 3204 4013 ·
3235 3982 3321 4051 ἐφ’
3341 3976 3384 4050 ᾧ
3417 3985 3511 4036 καὶ
3557 3982 3689 4036 ὓπο-

2129 4091 2264 4127 πτον
2293 4072 2438 4144 εἶχεν
2469 4075 2652 4127 ἔκτοτε
2681 4075 2768 4125 τὸν
2801 4064 2984 4139 Δᾶ6“ιδ,
3010 4075 3105 4127 καὶ
3143 4074 3337 4144 φθόνον
3375 4074 3600 4146 ἔτρεφεν
3626 4075 3687 4127 οὐ

2126 4165 2343 4234 μικρόν.
2384 4165 2548 4218 Ὅθεν
2578 4166 2674 4218 καὶ
2711 4165 2794 4228 είς
2818 4165 3184 4235 ἐκστρατείας
3214 4166 3378 4219 αὐτὸν
3419 4165 3687 4219 ἀπέστελτ

2122 4258 2213 4309 λεν
2244 4258 2319 4319 ὡς
2375 4257 2626 4310 ἐντεῦθεν
2678 4257 2756 4327 τῷ
2813 4259 3034 4327 πολέμῳ
3078 4259 3458 4327 ἀναιρεθῆναι.
3519 4259 3578 4311 '0
3630 4258 3690 4310 δὲ

451 4367 506 4409 et
535 4355 602 4408 ab
622 4370 687 4408 eo
713 4353 802 4408 die
834 4363 1150 4424 suspectum
1176 4353 1435 4409 Davidem
1461 4354 1669 4408 habens
1695 4369 1802 4408 non
1829 4369 2018 4424 parum

2129 4348 2293 4402 Δαεὶδ
2322 4347 2413 4429 τὸν
2439 4349 2573 4402 Θεὸν
2603 4348 2745 4418 ἔχων
2776 4348 2896 4417 μεθ’
2938 4349 3134 4402 ἑαυτοῦ
3174 4349 3430 4420 ἡρίστευε
3481 4368 3690 4404 παντας-

455 4446 670 4500 iuvidiaa
709 4446 971 4502 adversus
997 4461 1122 4500 eum
1159 4447 1275 4501 alit.
1311 4445 1660 4516 Quapropter
1683 4447 1748 4500 ad
1787 4447 2015 4516 expedi-

457 4539 630 4591 tiones
664 4537 942 4592 hominem
971 4538 1206 4608 ablegat,
1238 4547 1296 4591 ut
1325 4538 1508 4606 aliquo
1541 4547 1701 4606 pacto
1735 4538 1785 4590 in
1814 4539 2016 4607 prailiis

456 4641 768 4684 necaretur.
808 4630 902 4683 llle
937 4645 1084 4691 vero,
1119 4629 1210 4697 qui
1241 4627 1408 4681 Deum
1445 4629 1658 4681 scilicet
1693 4638 2012 4696 praesentem

457 4721 703 4781 haberet,
741 4719 942 4786 ubique
987 4733 1101 4770 rem
1148 4717 1405 4784 pt-zeclare
1440 4716 1618 4784 gerit;
1662 4731 1773 4784 quo
1811 4715 2015 4770 lactant

453 4822 534 4865 est
580 4822 637 4862 ut
675 4811 791 4879 ipsa
824 4822 1042 4877 quoque
1076 4805 1225 4860 Sauli
1263 4805 1368 4861 tilia
1401 4807 1554 4874 virgo
1588 4807 1847 4876 singulari
1892 4824 2017 4861 eum

453 4915 637 4954 amere
700 4900 1176 4966 complecteretur.
1220 4896 1335 4961 Qua
1393 4911 1450 4949 re
1518 4895 1683 4949 Saulo
1747 4897 2018 4965 patefacta

452 4993 684 5044 oblatam
716 4995 779 5042 ad
813 4988 1137 5042 struendum
1166 4988 1396 5042 insidias
1421 4989 1764 5044 occasionem
1797 4991 2017 5044 minime

456 5081 703 5149 negligit,
730 5079 805 5134 uti
841 5079 1113 5147 Iosephus
1145 5089 1564 5144 commemorat,
1603 5081 1895 5149 signiﬁcari
1927 5081 2016 5148 ju-

455 5176 586 5226 bens
623 5173 723 5242 ipsi
758 5187 814 5226 sc
843 5172 1004 5226 ﬁliam
1039 5187 1192 5226 suam
1221 5173 1267 5227 ei
1300 5174 1689 5228 collocatur-um
1723 5175 1775 5227 iu
1817 5176 2007 5228 matri-

454 5259 718 5323 monium,
779 5261 820 5312 si
879 5261 1021 5314 mille
1084 5260 1320 5314 hostium
1377 5260 1555 5326 capita
1601 5262 1710 5330 regi
1763 5263 2013 5315 referret.

456 5360 632 5424 Atque
663 5352 776 5406 haec
809 5353 881 5406 ita
917 5352 1058 5406 facta
1092 5361 1220 5406 sunt
1249 5369 1261 5404 :
1289 5351 1576 5406 Micholetu
1613 5366 1831 5404 uxorem
1872 5351 2015 5404 acci-

453 5448 552 5514 pit.
590 5442 789 5499 Verunt
823 5443 1044 5514 indigne
1088 5441 1274 5497 ferens
1307 5443 1504 5496 Saulus
1532 5440 1676 5510 quod
1703 5441 2014 5508 accidisset,

452 5541 643 5606 majori
681 5546 879 5590 resutat
933 5536 1159 5602 invidia,
1192 5534 1348 5604 quasi
1381 5533 1505 5603 .jatn
1557 5548 1722 5604 regno
1758 5547 1858 5588 suo
1905 5549 2017 5589 tne-

519 5703 562 5738 ιε
601 5705 618 5760 ι
650 5706 776 5775 “08‘
819 5721 906 5768 xv,
943 5705 1032 5758 22.
1107 5702 1150 5734 ⁸⁷
1179 5701 1195 5754 l
1225 5701 1352 5773 Reg.
1379 5717 1485 5764 xvt,
1524 5700 1572 5756 ι.

2123 4436 2242 4506 χοῦ,
2276 4437 2352 4500 ὡς
2377 4437 2626 4490 ἐντεῦθεν
2650 4440 2742 4491 καὶ
2763 4439 2863 4506 τὴν
2894 4437 3168 4507 θυγατέρα
3199 4439 3370 4494 Σαοὺλ
3417 4440 3690 4508 παρθένον

2119 4525 2289 4581 οὖσαν
2319 4528 2500 4598 ἔρωτα
2533 4532 2682 4598 σχεῖν
2732 4529 2924 4584 αὑτοῦ.
2968 4530 3114 4598 Δῆλα
3141 4530 3349 4597 γίνεται
3373 4529 3546 4583 ταῦτα
3589 4532 3689 4584 καὶ

2120 4617 2198 4687 τῷ
2231 4618 2430 4671 Σαούλ.
2471 4621 2581 4672 Καὶ
2616 4621 2672 4682 ὃς
2702 4619 3035 4690 δραξάμενος
3093 4622 3352 4692 ἀφορμῆς
3400 4623 3536 4691 πρὸς
3586 4623 3688 4689 τὴν

2122 4707 2244 4760 κατ’
2277 4709 2486 4761 ἐκείνου
2521 4711 2837 4781 ἐπιϐουλὴν,
2863 4712 2938 4775 ὡς
2996 4714 3256 4783 Ἰώσηπος
3291 4716 3514 4782 ἱστορεῖ,
3549 4717 3688 4765 ἀπο-

2123 4800 2308 4853 δοῦναι
2345 4800 2444 4870 τὴν
2474 4801 2746 4873 θυγατέρα
2773 4805 3082 4872 ἔλεγεν,Ἂν
3111 4805 3288 4876 χιλίας
3322 4824 3410 4875 μοι
3440 4807 3686 4876 κεφαλὰς

2121 4891 2326 4962 κομίσῃ
2357 4892 2466 4944 τῶν
2500 4895 2796 4964 πολεμίων.
2846 4897 3060 4949 Γίνεται
3096 4897 3290 4960 ταῦτα,
3338 4899 3432 4950 καὶ
3473 4901 3551 4957 είς
3585 4913 3688 4962 γυ-

2123 4987 2284 5037 ναῖκα
2312 4987 2584 5057 λαμϐάνει
2619 4991 2722 5058 τὴν
2747 4991 2965 5059 Μελχώ.
3007 4991 3082 5042 Οὐ
3117 4991 3277 5061 φέρει
3294 4989 3468 5043 ταῦτα
3487 4991 3685 5055 Σαοὺλ,

2120 5076 2237 5129 ἀλλ’
2265 5079 2358 5132 ἐπὶ
2392 5079 2552 5132 πλέον
2584 5079 2788 5145 φθονεῖ,
2826 5081 2920 5134 an
2954 5081 3049 5132 καὶ
3084 5082 3212 5150 περὶ
3260 5083 3354 5149 τῆς
3405 5079 3688 5147 βασιλείας

2120 5170 2285 5222 αὐτοῦ
2341 5169 2930 5230 δεδιώςΠΑποκτεῖναι
2987 5173 3170 5224 λοιπὸν
3235 5172 3396 5223 αὑτὸν
3457 5171 3679 5240 μελετᾷ.

2126 5260 2440 5330 Ἀνατίθησι
2465 5263 2640 5314 ταῦτα
2691 5265 2771 5332 τῷ
2799 5265 2900 5332 υίῷ
2931 5281 2990 5316 τε
3037 5265 3294 5318 Ἰωνάθαν
3329 5267 3424 5317 καὶ
3451 5267 3562 5325 τοῖς
3595 5280 3686 5316 m-

2126 5354 2406 5416 στοτάτοις
2437 5355 2546 5406 τῶν
2571 5357 2818 5410 οἰκετῶν.
2876 5357 2934 5409 '0
2963 5358 3017 5409 δὲ
3062 5359 3259 5427 μηνύει
3292 5356 3369 5426 τῷ
3399 5356 3563 5408 Δαῆὶδ
3613 5356 3684 5407 τὰ

2123 5445 2220 5510 τῆς
2250 5445 2474 5514 βουλῆς,
2499 5449 2590 5498 καὶ
2630 5447 2768 5512 ὑπὲρ
2814 5448 2978 5500 αὑτοῦ
3006 5449 3082 5518 τῷ
3135 5449 3301 5516 πατρὶ
3344 5447 3680 5513 διαλέγεται.

2126 5537 2274 5590 Μετὰ
2309 5537 2366 5588 δὲ
2401 5539 2572 5593 ταῦτα
2592 5539 2772 5617 διώκει
2804 5541 2891 5594 τ“.ν
2939 5542 3101 5594 Δαϐὶδ
3143 5543 3233 5595 καὶ
3272 5539 3416 5607 ἅπαξ
3461 5539 3557 5592 καὶ
3594 5537 3681 5605 δὶς
