4110 6194
321 311 433 379 337

1509 331 1512 335 ·
1599 311 2000 384 ANNALlUM
2043 317 2230 377 PARS
2275 319 2355 379 ll.

3445 301 3571 396 338i

321 431 420 482 καὶ
467 425 748 490 πολλάκις.
803 425 1121 494 Τηνικαῦτα
1187 425 1266 496 τῷ
1327 392 1576 495 ἀρχιερεῖ
1623 426 1886 494 Ἀϐιάθαρ

1993 439 2174 484 tuens.
2210 431 2574 494 Quamobrem
2607 432 3048 490 interficiendum
3081 435 3341 508 deinceps
3374 439 3552 494 humi-

320 519 690 588 προσέρχεται
719 537 732 551 ·
780 519 904 571 τότε
927 519 1022 570 καὶ
1054 521 1180 580 τοὺς
1214 519 1410 588 ἄρτους
1435 520 1533 588 τῆς
1584 521 1890 588 προθέσεως

321 607 546 676 ἔφαγεν.
583 607 829 661 Ἐκεῖθεν
883 605 1044 670 αὖθις
1105 608 1299 675 φεύγει
1358 609 1496 677 πρὸς
1560 607 1890 678 Ἀϐιμέλεχ·

319 700 440 752 τότε
497 700 556 753 δὲ
609 701 702 753 καὶ
773 702 840 754 τὰ
902 699 1010 753 τῶν
1077 700 1456 770 ἐπιληπτικῶν
1511 701 1887 770 ὑποκρίνεται.

319 787 435 840 Ἐπ-
498 788 712 850 τούτοις
782 789 838 842 δὲ
891 791 922 843 δ
973 791 1138 844 Δαϐὶδ
1191 789 1370 860 εὑρὼν
1428 789 1520 842 τὸν
1571 790 1743 842 Σαοὺλ
1795 791 1890 844 καὶ

325 877 474 942 ᾶπαξ
537 879 634 931 καὶ
692 880 796 944 δὶς,
872 883 966 934 καὶ
1030 882 1353 934 ἀποκτεῖναι
1412 879 1578 934 αὐτὸν
1643 881 1887 950 εὐχερῶς

323 969 483 1037 ἔχων,
545 973 771 1040 ποιῆσαι
818 974 977 1026 τοῦτο
1035 975 1136 1026 οὐκ
1184 973 1366 1043 ἧθελε,
1424 971 1502 1042 τῷ
1537 971 1656 1041 Θεῷ
1713 972 1892 1025 πάντα

327 1061 391 1113 τὰ
431 1063 557 1116 κατ’
618 1064 782 1118 αὐτὸν
829 1065 1128 1128 ἀνατιθείς.
1182 1067 1294 1120 Καὶ
1349 1066 1481 1136 περὶ
1533 1065 1634 1135 μὲν
1683 1063 1892 1116 τούτων

325 1153 518 1207 οὕτως.

1993 536 2118 574 nem
2160 523 2376 588 statuit,
2433 522 2594 577 simul
2643 525 2802 595 176
2849 526 3137 582 consilium
3180 545 3337 582 suum
3388 528 3556 583 Joua-
3615 553 3620 562 -

1991 612 2141 664 thaui
2182 611 2289 666 ﬁlio
2331 613 2702 682 ministrisque
2736 617 3013 671 fidissimis
3069 618 3265 688 aperit.
3311 623 3373 674 At
3415 620 3555 674 [ilius

1987 703 2053 756 ad
2094 703 2348 756 Davidern
2385 715 2671 774 paternum
2700 710 2987 762 consilium
3023 711 3556 781 enuntiatnejusquo

1988 808 2149 846 causa
2179 803 2384 862 patrem
2420 796 2733 865 alloquitur.
2766 799 2862 852 Ille
2897 801 3089 864 semel,
3133 801 3234 866 bis,
3279 804 3556 856 multoties

1999 885 2251 939 Davidcm
2291 890 2662 957 persequitur;
2689 890 2778 958 qui
2818 891 2908 944 tali
2946 908 3122 944 rerum
3157 909 3376 946 suarum
3411 903 3553 948 statu

1995 977 2350 1031 Abiatharum
2385 979 2693 1046 pontiﬁcem
2727 979 2940 1035 accedit
2963 991 3016 1035 et
3054 983 3282 1049 panibus
3311 986 3555 1052 proposi-

1999 1065 2162 1118 tionis
2220 1067 2482 1120 vescitur.
2525 1065 2664 1122 llinc
2736 1069 2803 1122 ad
2857 1070 3262 1125 Abimelechum
3325 1071 3448 1139 fuga
3497 1090 3554 1127 se

1996 1153 2233 1213 confert,
2274 1155 2366 1207 ubi
2412 1157 2601 1209 morbo
2633 1158 2808 1210 teneri
2849 1158 3142 1227 epileptico
3185 1160 3551 1227 judicabatur.

330 1247 548 1304 Interim
599 1249 835 1306 Davides
879 1250 1102 1305 Saulum
1144 1252 1312 1306 semel
1345 1261 1510 1321 atque
1561 1251 1758 1314 lterum
1803 1255 2079 1316 repertum
2114 1261 2312 1300 necare
2339 1263 2461 1302 Cum
2531 1251 2676 1304 facili
2739 1262 3018 1306 momento
3082 1261 3284 1322 posset,
3346 1269 3555 1324 nequa-

326 1357 484 1410 quam
523 1353 709 1400 tamen
753 1346 808 1399 id
858 1346 1042 1401 facere
1071 1347 1263 1408 voluit,
1300 1346 1412 1403 Deo
1463 1347 1726 1402 nimirum
1769 1343 2093 1414 permittens
2124 1341 2388 1411 quidquid
2420 1344 2485 1399 de
2513 1346 2631 1414 ipso
2659 1345 2900 1401 futurum
2940 1357 3106 1402 esset.

399 1437 754 1491 Παλαιστινοὶ
789 1439 836 1492 δ’
867 1435 1024 1502 αὖθις
1074 1440 1215 1494 κατὰ
1247 1441 1522 1494 Ἰουδαίων
1567 1438 1896 1510 στρατεύον-

327 1547 436 1593 ται,
477 1529 564 1598 ἐφ’
594 1523 637 1597 ᾧ
665 1533 762 1583 καὶ
800 1531 925 1594 τοὺς
949 1533 1148 1592 αὐτοὺς
1181 1531 1513 1602 συμμάχους
1577 1532 1604 1582 δ
1660 1531 1895 1600 Ἀγχοῦς

329 1620 508 1675 καλεῖ.
553 1622 710 1690 Ὄρει
779 1621 836 1674 δὲ
892 1621 971 1691 τῷ
1035 1622 1266 1676 Γελϐουὲ
1335 1623 1664 1692 προσϐάλλει
1711 1623 1804 1674 καὶ
1868 1623 1896 1674 ὁ

328 1715 524 1777 Σαοὺλ,
557 1714 654 1766 καὶ
685 1713 1008 1784 πολυπληθῆ
1039 1714 1142 1783 τὴν
1189 1713 1544 1785 παρεμϐολὴν
1573 1713 1682 1768 τῶν
1737 1713 1892 1766 ἀλλο-

324 1807 510 1874 φύλων
545 1805 670 1861 ἰδὼν
705 1805 1000 1875 ἐταράχθη.
1046 1809 1139 1858 καὶ
1173 1806 1426 1875 ὲξέστηὴ
1473 1806 1666 1876 καρδία
1694 1805 1885 1859 αὑτοῦ.

325 1898 432 1950 Καὶ
487 1896 812 1967 ἐπηρώτησε
865 1896 958 1948 τὸν
993 1895 1197 1967 Κύριον
1227 1897 1314 1951 διὰ
1368 1895 1462 1950 τοῦ
1519 1897 1742 1966 Ἑφοὺθ,
1792 1897 1888 1949 καὶ

323 1989 423 2038 οἰκ
457 1987 734 2057 ἀπεκρίθη
789 1987 1097 2057 αὐτῷοκαὶ
1154 1990 1264 2058 γάρ
1326 1991 1374 2042 εί
1439 1989 1515 2058 μὴ
1567 1989 1889 2056 εὐδοκίμουν

323 2077 455 2146 παρ’
479 2076 652 2146 αὐτῷ,
690 2077 788 2130 οὐκ
832 2079 1160 2149 είσήκουσεν
1194 2079 1396 2135 αὐτῶν.
1431 2079 1548 2147 Ἐφ’
1582 2073 1625 2146 ᾧ
1661 2081 1750 2130 καὶ
1794 2077 1891 2148 ζη-

322 2169 406 2218 τεῖ
433 2168 898 2237 ἐγγαστρίμυθον,
926 2172 973 2222 εί
1005 2171 1098 2222 καὶ
1135 2171 1190 2223 τὸ
1241 2171 1401 2238 γένος
1444 2171 1626 2224 αὐτῶν
1655 2170 1890 2239 ἔφθασεν

324 2261 386 2309 ἐκ
425 2259 528 2326 τῆς
560 2261 771 2320 πόλεως
800 2260 965 2312 αὑτοῦ
1000 2261 1255 2315 ἐκϐαλεῖν
1286 2261 1380 2315 ατε
1415 2264 1551 2332 πρὸς
1587 2263 1722 2316 Θεὸν
1755 2264 1890 2333 πρό-

325 2361 483 2418 τερον
531 2351 794 2405 εὐσεϐῶν.
859 2352 1328 2424 Ἐγγαστρίμυθοι
1386 2355 1442 2406 δὲ
1508 2354 1762 2422 ἐλέγοντο
1803 2354 1891 2408 διὰ

323 2441 384 2491 τι
411 2440 644 2510 δαίμονα
688 2443 830 2512 ἔχειν
855 2446 911 2495 ἐν
939 2447 1003 2515 τῇ
1045 2449 1242 2517 γαστρὶ
1285 2447 1468 2500 αὐτῶν
1509 2448 1890 2518 ἐγκαθήμενον

324 2532 418 2582 καὶ
459 2532 527 2582 τὰ
564 2532 824 2599 μέλλοντα
865 2533 1234 2604 μυθευόμενον
1265 2538 1363 2590 εἰτ’
1404 2533 1497 2590 οὖν
1555 2539 1882 2609 μαντευόμε-

327 2637 437 2675 νον.
469 2622 544 2675 Τὸ
571 2621 758 2690 μέντοι
783 2623 1005 2690 γύναιον
1054 2627 1231 2679 ἐκεῖνο
1283 2629 1532 2682 πείθεται
1582 2631 1754 2700 μόλις,
1795 2634 1889 2685 καὶ

329 2714 426 2782 τὴν¹
444 2714 536 2767 τοῦ
566 2715 819 2786 Σαμουὴλ
845 2715 1022 2786 ψυχὴν
1045 2718 1102 2782 ἐξ
1137 2717 1262 2788 ᾅδου
1322 2705 1539 2789 ἀνάγει,
1588 2722 1664 2786 ὡς
1698 2723 1891 2794 Ἰώση·

330 2820 425 2866 πος
469 2806 690 2873 ἱστορεῖ.
741 2804 801 2858 '0
847 2809 958 2878 γὰρ
1023 2808 1094 2860 τὰ
1145 2809 1266 2864 θεῖα
1325 2811 1489 2879 σοφὸς
1543 2813 1890 2884 Θεοδώρητος

333 2892 566 2962 δυσσεϐῆ
597 2894 748 2962 λέγει
781 2896 872 2948 τὸν
909 2896 1068 2966 λόγον
1095 2903 1308 2955 τουτονὶ⁸
1330 2904 1427 2955 καὶ
1477 2904 1719 2958 ἀνόσιον·
1767 2905 1890 2958 οὐδὲ

327 2987 432 3054 γὰρ
464 2988 712 3040 πείθεται
749 2990 938 3052 νέκυος
982 2990 1162 3062 ψυχὴν
1221 2993 1279 3058 ἐξ
1316 2995 1445 3066 ᾅδου
1516 2997 1611 3049 καὶ
1647 2997 1749 3067 τὴν
1795 3015 1891 3050 τυ·-

2061 1433 2300 1491 Rursum
2334 1437 2608 1492 Palaestini
2639 1441 2824 1508 copias
2862 1457 2988 1495 suas
3022 1441 3308 1496 adversum
3339 1441 3558 1497 Judmos
3621 1433 3623 1435 ’

1991 1526 2251 1592 educunt,
2299 1529 2534 1599 ideoque
2567 1545 2698 1584 suos
2727 1533 2890 1584 etiam
2941 1531 3230 1586 atxxiliares
3265 1535 3431 1588 Achis
3468 1551 3558 1589 rex

1995 1629 2280 1675 convocat.
2315 1620 2452 1674 Tum
2488 1621 2687 1676 Saulus
2716 1637 2932 1692 quoque
2960 1639 3082 1676 cum
3133 1625 3247 1677 suis
3292 1625 3357 1676 ad
3404 1640 3562 1678 mon-
3607 1631 3613 1638 '

1994 1721 2102 1765 tem
2131 1709 2388 1767 Gelboem
2429 1714 2705 1766 contendit
2729 1729 2996 1782 ;cumque
3026 1715 3292 1768 maximas
3331 1714 3382 1768 in
3423 1716 3559 1769 alie-

1996 1799 2314 1867 n'geuarum
2367 1802 2560 1855 castris
2615 1817 2735 1856 esse
2787 1803 2973 1870 cupias
3008 1803 3400 1871 conspexisset,
3436 1820 3558 1872 per-

1992 1891 2240 1943 turbatus
2266 1900 2348 1943 est
2375 1891 2646 1960 animique
2671 1893 2819 1962 gravi
2851 1901 3058 1947 terrore
3089 1903 3389 1964 correptus.
3427 1893 3557 1947 Eam

1987 1981 2057 2034 ob
2089 1995 2200 2032 rem
2234 1981 2520 2035 Dominum
2556 1999 2651 2050 per
2684 1983 2968 2051 Ephodum
2998 1985 3256 2048 consulit,
3298 1984 3387 2054 qui
3422 1985 3558 2038 nihil

1988 2073 2034 2126 ei
2080 2073 2419 2140 respondet:
2462 2075 2666 2144 quippe
2714 2076 2768 2128 ni
2817 2077 2954 2129 bona
2997 2087 3180 2131 essent
3208 2079 3348 2147 apud
3387 2077 3554 2130 Deum

1990 2164 2250 2218 lsraelitre
2283 2165 2335 2218 in
2383 2165 2577 2235 gratia,
2613 2181 2719 2220 non
2753 2168 3082 2221 exaruiieiat
3129 2184 3242 2220 eos.
3277 2167 3445 2237 Igitur
3477 2169 3558 2222 fe—

1992 2253 2194 2305 minam
2226 2252 2452 2317 inquirit
2475 2269 2595 2323 qure
2626 2254 2844 2310 oracula
2883 2264 2980 2325 per
3016 2267 3254 2309 ventrem
3285 2255 3556 2320 rrdleret,

1990 2357 2305 2413 quanquam
2343 2355 2523 2408 antea,
2561 2363 2685 2400 cum
2724 2348 2900 2402 adhuc
2933 2349 2985 2400 in
3019 2349 3189 2402 Deum
3223 2365 3279 2401 se
3311 2349 3560 2416 religiose

1992 2448 2228 2508 gereret,
2269 2446 2436 2492 totam
2478 2439 2794 2505 huiusmodi
2852 2441 3144 2493 mulierum
3201 2441 3475 2493 nationem
3529 2456 3560 2494 e

1989 2543 2048 2585 re
2081 2531 2296 2599 publica
2337 2545 2435 2584 sua
2476 2533 2779 2599 expulerat.
2813 2529 3085 2584 Vocantur
3141 2541 3318 2584 autem
3372 2529 3560 2594 hujus-

1992 2621 2134 2675 modi
2185 2619 2402 2675 feminm
2447 2623 2805 2691 ventriloquze
2837 2632 3122 2690 propterea
3153 2621 3298 2690 quod
3332 2623 3553 2689 geniu-u

1991 2712 2045 2766 in
2090 2721 2276 2766 ventre
2325 2713 2734 2767 delitescentem
2787 2714 3063 2775 habeant,
3115 2714 3205 2780 qui
3246 2713 3312 2764 de
3361 2711 3558 2765 futuris

1991 2804 2320 2871 respondeat
2346 2811 2400 2856 et
2432 2805 2776 2858 Vaticinetur.
2809 2806 2906 2859 Vix
2940 2805 3157 2866 Saulus.
3190 2805 3335 2876 quod
3374 2820 3559 2874 posce-

1993 2895 2103 2958 bat,
2137 2909 2166 2946 a
2210 2895 2526 2947 muliercula
2563 2895 2781 2947 tandem
2831 2897 3108 2963 impetrat,
3158 2913 3278 2966 quae
3319 2898 3556 2950 animam

1995 2985 2236 3040 Samueli
2269 2999 2332 3038 ex
2387 3001 2516 3039 orco
2563 2985 2836 3053 producit,
2872 2995 2928 3038 ut
2961 2985 3236 3056 Josephus
3285 2987 3561 3040 memoria:

327 3074 522 3144 κοῦσαν
554 3077 803 3143 ἀνάγειν,
855 3079 1015 3150 μήτοι
1043 3098 1107 3150 γε
1136 3083 1392 3136 τοσούτου
1417 3088 1723 3156 προφήτου.
1754 3089 1886 3140 Ἀλ-

1993 3076 2248 3147 prodidit,
2303 3091 2614 3145 quanquam
2669 3075 3034 3145 peritissimus
3065 3078 3153 3129 ille
3201 3091 3383 3128 rerum
3424 3075 3560 3127 divi-

325 3162 402 3215 λοι
439 3163 498 3216 δὲ
529 3165 624 3216 τὸν
647 3165 806 3233 λόγον
841 3166 1032 3220 τοῦτον
1070 3168 1146 3240 μὴ
1177 3170 1423 3235 θέλοντες
1479 3173 1694 3226 ἀνόσιον
1728 3174 1887 3240 δέξα-

328 3251 468 3312 σθαι,
498 3252 803 3306 λαοπλάνον
832 3259 954 3310 τινὰ
981 3258 1203 3326 λέγουσι
1253 3261 1482 3332 δαίμονα
1511 3264 1580 3316 τὰ
1623 3266 1766 3317 κατὰ
1798 3268 1889 3320 τὸν

328 3339 496 3393 Σαοὺλ
521 3343 844 3411 ἀναγγεῖλαι
883 3347 949 3414 τῇ
1007 3348 1456 3418 ὲγγαστριμύθῳ.
1505 3351 1562 3405 ⁸0
1603 3354 1703 3420 μὲν
1756 3355 1891 3408 Θεο-

325 3431 560 3502 δώρητος
588 3432 711 3486 οὔτε
738 3435 800 3486 τὸ
838 3436 1057 3506 πρῶτον
1109 3437 1184 3501 ὠς
1225 3437 1487 3504 δυσσεϐὲς
1520 3443 1887 3513 καταδέχεται

325 3523 444 3578 οὒτε
477 3525 641 3578 πάλιν
665 3525 727 3578 τὸ
757 3525 1013 3598 δεύτερον
1041 3546 1058 3560 °
1107 3531 1156 3582 sl
1192 3531 1298 3600 γάρ
1356 3531 1565 3600 δαίμων
1618 3530 1686 3604 ἢν
1729 3538 1756 3588 ὁ
1786 3553 1890 3604 φα-

331 3617 466 3681 νεὶς,
516 3618 616 3670 ούκ
673 3617 740 3670 ἂν
797 3619 974 3688 άληθῆ
1042 3621 1345 3690 ἐφθέγγετο
1393 3625 1636 3692 ῥήματα.
1680 3625 1891 3680 Οὐκοῦν

329 3705 489 3766 αὐτὸς
528 3706 556 3757 δ
585 3703 720 3766 Θεὸς
768 3707 830 3757 τὸ
891 3704 1054 3772 εἶδος,
1107 3711 1264 3780 φησὶ,
1312 3710 1408 3764 τοῦ
1451 3711 1705 3782 Σαμουὴλ
1759 3731 1891 3783 σχη-

330 3798 559 3863 ματίσας
584 3796 884 3868 ἠϐουλήθη,
920 3799 1204 3871 ἐξενήνοχε
1261 3800 1363 3871 τὴν
1422 3803 1701 3871 ἀπόφασιν
1726 3823 1740 3836 .
1783 3807 1888 3878 εφη

328 3887 554 3955 καὶγὰρ
600 3887 688 3940 διά
718 3904 810 3940 του
853 3887 963 3940 τῶν
1007 3891 1338 3960 προφητῶν·
1368 3909 1386 3942 ι
1427 3891 1554 3944 Ἐὰν
1615 3895 1890 3965 ἀπέλθητε

327 3982 457 4049 πρδς
501 3980 590 4032 τὸν
621 3980 1100 4049 ψευδοπροφήτην,
1131 3980 1240 4048 εγὼ
1292 3980 1495 4052 Κύριος
1522 3987 1548 4035 ὀ
1579 3985 1711 4047 Θεὸς
1759 3989 1894 4040 ἀπο.

324 4072 652 4141 κριθήσομαι
689 4071 760 4122 δι’
793 4071 979 4124 αὑτοῦ.
1017 4091 1035 4122 ι
1091 4071 1256 4124 Οὕτω·
1284 4073 1371 4126 διὰ
1401 4073 1494 4126 τοῦ
1531 4077 1764 4146 Βαλαάμ
1797 4078 1891 4146 ηὐ-

322 4161 515 4230 λόγησε
566 4162 654 4214 τὸν
684 4161 832 4221 λαὸν,
867 4163 960 4214 καὶ
993 4162 1082 4214 διὰ
1115 4162 1413 4228 δυσσεϐοῦς
1443 4167 1692 4234 μάντεως
1747 4185 1889 4237 προ-

325 4253 670 4321 ηγγέλθησαν
701 4253 769 4304 τά
797 4253 1052 4320 ἐσόμενα.
1087 4253 1299 4308 Γίνεται
1325 4258 1519 4318 ταῦτα,
1545 4261 1641 4311 καὶ
1681 4261 1732 4312 οἱ
1777 4264 1888 4315 Πα-

322 4345 582 4397 λαιστινοὶ
627 4347 758 4405 ’τοῖς

843 4345 1116 4415 Ἑϐραίοις
1186 4347 1604 4416 προσϐάλλουσι.
1694 4353 1888 4406 Πίπτει

323 4438 505 4488 λοιπὸν
565 4438 592 4489 ὸ
638 4436 809 4489 Σαοὺλ
864 4441 959 4490 καὶ
1003 4439 1050 4489 ol
1099 4440 1290 4502 παῖδες
1351 4441 1542 4495 αὑτοῦ.
1589 4443 1648 4495 ’0
1701 4447 1888 4513 μέντοι
1924 4426 1966 4482 D

325 4527 495 4580 Σαοὺλ
527 4527 731 4589 πολλὰς
763 4527 1065 4597 δεξάμενος
1126 4529 1366 4600 πληγὰς,
1403 4534 1522 4585 καὶ
1581 4534 1656 4604 μὴ
1689 4537 1886 4605 ,φέρειν

319 4619 638 4687 δυναμενος,
671 4619 882 4673 κελεύει
912 4621 1022 4672 τινὶ
1051 4621 1162 4675 τῶν
1225 4625 1388 4676 αὐτοῦ
1446 4627 1507 4678 τὸ
1537 4628 1689 4696 ξίφος
1720 4629 1884 4682 αὑτοῦ

321 4713 658 4778 ἐπενεγκεῖν,
684 4711 770 4762 ἴνα
802 4711 877 4781 μὴ
913 4713 1052 4773 ’ταῖς
1089 4713 1302 4782 ἐχθρῶν
1358 4719 1518 4785 χερσὶ
1577 4720 1882 4791 παραδοθῇ.

330 4800 386 4854 ’0
414 4802 586 4854 δὀὐκ
645 4802 919 4854 ἐπείθετο.
976 4801 1298 4857 Ἐπιπίπτει
1351 4806 1541 4858 λοιπὸν
1594 4809 1755 4871 αὐτὸς
1816 4812 1882 4880 τῇ

321 4891 584 4960 μαχαίρᾳ,
618 4893 715 4943 καὶ
753 4893 886 4960 μηδὲ
942 4891 1114 4957 οὕτως
1157 4895 1358 4964 ἰσχύων
1408 4896 1590 4966 ἐαυτῷ
1621 4899 1681 4950 τὸ
1730 4899 1882 4961 τέλος

315 4983 630 5048 ἐπενεγκεῖν
660 4985 839 5036 πείθει
869 4985 990 5040 τινὰ
1029 4987 1138 5040 τῶν
1190 4989 1599 5058 Ἀμαληκιτῶν,
1660 4992 1753 5042 καὶ
1790 5007 1881 5042 τε-

314 5072 450 5120 λειοῖ
477 5070 661 5124 αὐτόν.
714 5072 860 5144 om
925 5075 1280 5130 Παλαιστινοὶ
1335 5076 1697 5139 σκυλεύοντες
1753 5081 1881 5140 τοὺς

313 5160 607 5229 πολεμίους
643 5165 1034 5231 ἐντυγχάνουσι
1061 5164 1140 5233 τῷ
1173 5165 1348 5218 Σαούλ
1385 5183 1443 5217 τε
1479 5168 1574 5218 καὶ
1614 5169 1730 5225 τοῖς
1758 5185 1882 5219 παι-

315 5249 402 5300 σὶν
441 5248 630 5315 αὐτοῦ,
659 5250 748 5301 καὶ
778 5249 1046 5318 κόψαντες
1077 5252 1176 5312 τὰς
1217 5253 1458 5320 κεφαλὰς
1483 5254 1661 5305 αὐτῶν
1694 5255 1886 5322 περιῆ-

313 5353 408 5404 γον
459 5339 549 5390 ὂιὰ
595 5339 774 5406 πάσης
805 5340 902 5406 τῆς
932 5338 1138 5409 χώρας,
1189 5342 1257 5394 τά
1309 5343 1365 5395 δὲ
1415 5342 1642 5412 σώματα
1698 5343 1881 5398 αὐτῶν

312 5427 749 5494 άνασταυροῦσιν
777 5427 882 5492 ἔξω
937 5429 1030 5480 τοῦ
1057 5431 1292 5499 τείχους,
1329 5432 1401 5495 ὡς
1431 5434 1695 5503 Ἰώσηπος
1730 5437 1878 5485 ἱστο-

317 5521 419 5586 ρεῖ.

1991 3183 2183 3224 narum
2231 3166 2608 3220 Theodoretus
2672 3167 2977 3220 orationem
3047 3165 3355 3236 hujusmodi
3406 3173 3562 3217 vocat

1992 3259 2214 3328 impiam
2249 3266 2303 3310 et
2335 3257 2716 3325 irreligiosam.
2751 3254 2867 3308 Non
2907 3256 3056 3310 enim
3096 3255 3413 3325 persuaderi
3457 3254 3563 3308 sibi

1991 3351 2196 3421 patitur
2238 3349 2320 3402 vel
2369 3347 2493 3401 vilis
2525 3347 2756 3416 alicujus
2801 3345 3038 3400 ltotuiuis
3090 3343 3287 3400 mortui
3329 3345 3562 3398 animam

1990 3457 2052 3497 ex
2092 3455 2222 3496 orco
2271 3441 2458 3495 reduci
2493 3454 2676 3510 posse,
2713 3438 2913 3492 nedum
2954 3439 3076 3492 talis
3116 3454 3179 3496 ac
3234 3437 3368 3491 tanti
3403 3436 3562 3491 vatis.

1990 3534 2094 3588 Alii
2128 3542 2391 3603 negantes
2427 3533 2566 3585 hanc
2599 3531 2905 3584 orationem
2956 3529 3178 3598 impiam
3228 3541 3373 3589 esse,
3419 3527 3567 3580 velut

1991 3625 2343 3693 impostorem
2390 3622 2535 3692 vulgi
2570 3623 2870 3676 daemonem
2903 3619 3192 3688 quemdam
3227 3617 3566 3672 mulierculae

1991 3713 2359 3768 vaticinatrici
2408 3713 2755 3767 renuntiasse
2809 3709 2939 3782 quid
3003 3709 3168 3763 Saulo
3235 3718 3562 3763 eventurum

1991 3814 2154 3858 esset.
2183 3807 2248 3858 At
2275 3801 2656 3856 Theodoretus
2682 3815 2861 3870 neque
2885 3799 3117 3870 primum
3151 3798 3278 3852 illud
3303 3797 3561 3858 admittit,

1993 3894 2219 3960 impium
2262 3907 2387 3946 esse
2437 3891 2828 3961 pronuntians,
2882 3905 3058 3958 neque
3109 3888 3236 3942 item
3283 3889 3561 3950 alterum;

1993 4001 2117 4039 nam
2153 3984 2198 4036 si
2236 3984 2430 4054 genius
2463 3983 2640 4035 malus
2685 3981 2878 4035 fuisset
2909 3982 2999 4047 qui
3049 3979 3324 4048 apparuit,
3373 3994 3561 4032 verum

1991 4091 2122 4131 sane
2177 4090 2287 4128 non
2335 4071 2670 4142 protulisset.
2732 4071 3097 4135 Quamobrem
3153 4068 3345 4124 statuit
3395 4068 3560 4122 lleum

1993 4170 2172 4237 ipsum
2219 4172 2608 4235 repraesentata
2647 4161 2887 4215 Samueli
2925 4163 3130 4230 specie,
3169 4177 3266 4229 pro
3295 4160 3560 4214 arbitratu

1993 4275 2114 4322 suo,
2149 4259 2312 4311 verba
2369 4257 2520 4309 istmc
2570 4253 2790 4307 clintum
2842 4248 2984 4306 eése.
3033 4253 3169 4307 Nam
3223 4253 3416 4306 alicubi
3469 4266 3560 4320 per

1993 4362 2168 4404 vatem
2220 4346 2510 4417 quemdam
2561 4345 2736 4397 dixit:
2797 4362 2815 4393 ι
2870 4343 3073 4412 Quodsi
3135 4345 3327 4408 falsum
3383 4350 3560 4395 vatem

1995 4440 2366 4500 secesseritis,
2391 4452 2489 4507 ego
2517 4435 2781 4488 Dominus
2817 4451 2909 4504 per
2934 4434 2986 4502 ip
3021 4450 3109 4486 um
3154 4431 3510 4499 respondebo.
3536 4447 3556 4480 ι

1995 4533 2087 4588 Sic
2118 4547 2279 4600 opera
2329 4529 2568 4582 Balaami
2610 4526 2809 4596 popqu
2865 4525 3039 4578 fausta
3089 4526 3417 4591 imprecatus
3457 4529 3560 4583 est.

1993 4638 2198 4694 perque
2224 4631 2402 4674 vatem
2431 4621 2740 4686 improbum
2773 4633 2888 4686 qum
2925 4617 3107 4670 futura
3137 4627 3322 4670 essent
3351 4615 3563 4670 indica-

1995 4715 2090 4768 vit.
2147 4709 2450 4780 llespondit
2506 4710 2593 4762 hic
2631 4723 2850 4776 quoque
2907 4706 3240 4776 praedictioui
3292 4715 3561 4758 eventus:

1995 4803 2268 4858 Palaestini
2303 4803 2559 4856 Ileb-ra-os
2590 4800 2881 4862 invadunt,
2917 4798 3113 4852 Saulus
3141 4813 3264 4852 cum
3315 4797 3438 4850 Iiliis
3469 4813 3564 4850 oc-

1991 4895 2197 4948 cumbit
2226 4911 2239 4958 ;
2271 4907 2506 4960 cumque
2557 4890 2745 4944 multis
2776 4889 3096 4943 vulneribus
3126 4889 3357 4942 allectus
3396 4896 3563 4948 esset,

1990 5001 2092 5040 nec
2125 4985 2358 5050 amplius
2405 4983 2678 5050 imperare
2727 4983 2910 5035 animo
2947 4995 3047 5034 suo
3077 4990 3280 5048 posset,
3336 4995 3561 5032 suorum

1989 5077 2201 5131 cuidam
2236 5073 2454 5128 mandat
2491 5082 2550 5127 ut
2575 5088 2634 5126 se
2663 5073 2855 5129 stricto
2885 5073 3040 5141 177
3065 5071 3248 5140 gladio
3289 5069 3528 5124 transadi
3548 5099 3562 5108 -

1991 5178 2102 5239 gat,
2131 5184 2199 5222 ne
2231 5167 2470 5222 hostium
2510 5167 2562 5218 in
2594 5174 2920 5235 potestatem
2949 5166 3175 5218 veniret.
3217 5164 3320 5218 Sed
3372 5178 3438 5216 eo
3483 5179 3564 5214 rr-

1991 5270 2219 5312 cusante
2246 5257 2486 5328 gladium
2519 5257 2685 5326 cepit,
2724 5257 2884 5326 eique
2919 5255 3186 5310 incubuit.
3223 5255 3468 5324 Cumque
3496 5267 3596 5316 ne,

1987 5353 2066 5404 sic
2090 5348 2312 5415 quidem
2361 5347 2608 5402 adimere
2639 5348 2742 5400 sibi
2777 5348 2944 5401 vitam
2991 5356 3192 5415 posset,
3215 5344 3558 5402 .Amalecita-

1995 5455 2112 5492 rum
2145 5439 2434 5506 quemdam
2467 5446 2680 5497 exorat,
2706 5437 2799 5504 qui
2829 5436 2988 5490 linem
3025 5437 3074 5489 ei
3107 5433 3324 5487 vivendi
3355 5430 3558 5484 attulit.

1993 5529 2130 5582 Tum
2173 5528 2447 5582 Palmsliui
2481 5527 2727 5596 Spoliatis
2766 5526 3011 5578 hostibus
3041 5525 3095 5576 in
3138 5522 3358 5574 Sanlum
3401 5520 3557 5585 ejus.

317 5623 422 5673 que
487 5608 629 5663 tilias
695 5611 984 5679 incidunt;
1047 5631 1281 5693 cumque
1338 5620 1510 5688 capita
1566 5618 1808 5688 ipsorum
1883 5621 2268 5685 resecuisseut,
2310 5634 2370 5675 ca
2422 5636 2517 5689 per
2541 5616 3044 5674 omnemditionctn
3080 5627 3233 5668 suam
3270 5609 3560 5667 circumfe-

320 5704 533 5759 rebant.
568 5708 890 5776 corporibus
922 5721 1073 5764 extra
1109 5729 1294 5768 muros
1322 5716 1619 5784 suspensis,
1653 5726 1708 5768 ut
1736 5717 2005 5786 lusi-phus
2046 5726 2250 5770 narrat.
