4110 6194
473 274 581 340 339

1755 285 2172 346 MICHAELIS
2212 290 2467 351 GLYC/E

3593 289 3697 351 34)

545 383 661 440 lioc
709 387 874 443 modo
895 387 1056 443 vitam
1087 387 1281 445 Saulus
1319 388 1458 443 finiit
1493 400 1776 460 propterea
1810 396 1954 462 quod
1982 393 2035 446 in

2213 397 2370 452 Ούτω
2405 400 2741 470 κατέστρεψε
2794 401 2887 455 τὸν
2939 402 3054 472 βίον
3082 402 3110 456 6
3142 398 3311 454 Σαοὺλ
3357 398 3449 453 διά
3498 398 3557 452 τὸ
3612 404 3707 453 ἐπὶ

473 474 859 533 exscindendis
890 479 1205 533 Amalecitis
1243 478 1352 533 Deo
1392 496 1499 534 non
1553 484 1826 551 paruisset
1861 494 1913 539 et
1945 501 2033 539 sa-

474 567 760 622 cerdotum
815 568 1092 623 nationem
1145 568 1457 625 delevisset.
1516 573 1650 627 Nam
1705 574 1866 629 Doeei
1915 575 2035 648 Syri

471 671 639 725 opera
694 658 1009 711 sacerdotes
1058 659 1124 714 ad
1173 670 1447 718 trecentos
1495 665 1911 735 quinquaginta,
1943 667 2034 735 qui

470 745 746 815 ephodum
796 757 1113 817 gestarent,
1164 750 1539 807 interfecerat.
1598 756 1845 824 Regnum
1892 754 2035 823 apud

469 837 756 893 lsraelicos
803 839 1045 894 obtinuit
1086 855 1261 896 annos
1316 842 1406 907 40,
1463 844 1710 900 humeris
1761 844 2038 900 Israelitas

466 944 658 983 omnes
696 930 1129 998 supereminens.
1167 932 1376 1003 Quippe
1404 934 1547 989 Deus
1580 935 1820 991 Hebrwis
1870 938 2038 1006 grati-

469 1017 620 1073 ficari
666 1020 857 1073 volens
880 1019 1150 1088 ejusmodi
1182 1024 1355 1077 virum
1385 1024 1644 1094 elegerat,
1675 1026 1764 1094 qui
1804 1026 1886 1081 eis
1913 1041 2036 1080 cum

468 1111 706 1179 imperio
761 1116 1256 1181 praesisetﬁquod
1308 1114 1388 1169 illi
1447 1116 1655 1171 bellicae
1703 1117 2039 1172 fortitudinis

468 1202 736 1258 adversus
780 1204 967 1260 hostes
1012 1220 1198 1269 causa.
1248 1221 1356 1261 non
1408 1206 1662 1276 pietatis,
1697 1223 1878 1280 regem
1918 1210 2037 1265 dari

468 1293 573 1347 sibi
613 1296 925 1363 petiissent.
958 1296 1075 1362 Quo
1122 1297 1322 1352 factum
1371 1307 1430 1354 ut
1476 1300 1559 1355 eis
1588 1302 1887 1356 maximum
1917 1317 2037 1357 om-

467 1380 621 1433 nium
665 1384 988 1450 praeficeret,
1039 1387 1260 1456 quando
1314 1386 1394 1442 sic
1434 1404 1462 1442 a
1513 1397 1708 1443 natura
1741 1391 2039 1461 comparati

469 1484 661 1524 sumus
714 1479 773 1525 ut
813 1485 923 1526 non
973 1473 1233 1529 virtutem
1289 1475 1478 1544 animi,
1514 1484 1607 1533 sed
1654 1481 2041 1548 proceritatem

472 1562 720 1629 corporis
744 1563 1100 1620 admiremur.

538 1652 674 1708 Post
730 1654 881 1709 Sauli
929 1668 1163 1713 mortem
1216 1660 1361 1716 ﬁlius
1408 1661 1526 1731 ejus
1576 1662 2043 1734 Memphibosetus

2139 494 2252 553 τοῖς
2289 491 2688 561 Ἀμαληκίταις
2718 493 3070 563 παρακοῦσαι
3094 493 3187 546 τοῦ
3218 491 3356 545 Θεοῦ
3408 493 3503 544 καὶ
3536 492 3624 545 διὰ
3650 493 3713 545 τὸ

2139 582 2249 634 τῶν
2279 581 2470 650 ίερέων
2498 584 2655 652 γένος
2684 585 2932 657 ἀπωλείᾳ
2963 583 3302 654 παραδοῦναι
3320 598 3339 616 ο
3368 582 3454 637 διά
3476 583 3587 652 γὰρ
3612 584 3709 636 τοῦ

2140 672 2315 741 Σύρου
2368 673 2527 743 Δωὴκ
2570 674 2698 727 ὡσεὶ
2736 673 2811 728 tv’
2848 676 3015 744 ἱερεῖς
3065 674 3392 727 ἀπέκτεινεν
3453 674 3710 741 αίροντας

2143 763 2206 816 τὸ
2237 765 2425 832 ἐφούο.
2467 766 2771 835 Ἐκράτησε
2796 765 2852 819 δὲ
2866 769 2959 819 τὸν
2992 764 3212 835 Ἰσραὴλ
3238 766 3266 817 6
3296 762 3469 817 Σαοὺλ
3502 763 3598 833 ἔτη
3633 770 3710 832 μ’,

2142 858 2467 929 ὑπερωμίας
2501 858 2577 911 ὢν
2607 859 2808 921 παντὸς
2852 856 2947 933 τοῦ
2985 856 3219 925 Ἰσραήλ.
3267 857 3392 918 Τοῖς
3435 854 3710 922 Ἑϐραίοις

2140 949 2169 1001 6
2207 949 2343 1009 Θεὸς
2386 948 2750 1019 χαριζόμενος
2803 948 3047 1001 τοιοῦτον
3093 948 3262 1017 ἀνδρα
3296 945 3605 1016 βασιλεύειν
3650 946 3711 997 ὲν

2144 1041 2333 1103 αὐτοῖς
2384 1039 2707 1106 ὲξελέξατοο
2752 1039 3121 1109 ἀνδραγαθίας
3156 1038 3265 1108 γὰρ
3319 1038 3417 1108 τῆς
3455 1038 3514 1089 ὲν
3555 1034 3715 1088 πολιν

2144 1149 2268 1200 μοις
2296 1132 2505 1198 ἕνεκεν,
2535 1133 2597 1186 ού
2630 1133 2740 1202 μὴν
2769 1132 3054 1193 εύσεὸείας
3074 1170 3091 1195 ,
3123 1131 3394 1201 ᾐτήσαντο
3460 1126 3709 1197 βασιλέα.

2142 1223 2327 1294 Ταύτῃ
2353 1241 2436 1277 τοι
2473 1225 2673 1277 καὶτὸν
2695 1224 2952 1293 μέγιστον
2980 1216 3207 1280 πάντων
3226 1220 3533 1287 ἐκλέγεται,
3556 1219 3712 1276 ἐπει-

2141 1313 2322 1385 δήπερ
2350 1314 2411 1369 ού
2436 1316 2617 1388 ψυχῆς
2645 1315 2849 1386 ἀρετὴν
2878 1314 3018 1369 ἀλλά
3076 1312 3330 1384 σώματος
3356 1311 3714 1381 θαυμάζομεν

2146 1404 2401 1473 μέγεθος.

2218 1678 2374 1732 Μετά
2408 1676 2464 1730 δὲ
2499 1676 2733 1731 θάνατον
2770 1673 2865 1727 τοῦ
2898 1672 3074 1727 Σαοὺλ
3122 1672 3479 1726 ἐϐασίλευσεν
3510 1672 3569 1724 ἐν
3611 1672 3715 1725 ’ῐσο

474 1759 700 1815 regnum
733 1747 880 1815 apud
920 1748 1202 1803 lsraelieos
1224 1760 1480 1820 occupat,
1501 1752 1702 1807 Davide
1730 1753 2039 1808 Judzeorum

2164 1766 2290 1835 mh).
2314 1769 2342 1820 6
2369 1767 2481 1830 υίὸς
2539 1764 2706 1821 αὐτοῦ
2760 1763 3059 1834 Μεμφοστὲ
3093 1763 3230 1834 (55),
3293 1764 3351 1815 ἑν
3384 1764 3558 1831 Ἰούδᾳ
3601 1763 3655 1815 δὲ
3690 1765 3720 1815 6

476 1834 719 1888 nationis
760 1835 989 1903 imperio
1035 1846 1320 1892 contento.
1364 1839 1500 1893 Nam
1541 1858 1567 1893 a
1603 1841 1860 1897 Samuelo
1893 1844 2045 1912 prius

473 1926 615 1992 apud
658 1926 758 1979 hos
787 1942 951 1997 regno
982 1928 1239 1983 inuuctus
1269 1930 1468 1985 fuerat.
1513 1931 1719 1988 Deinde
1770 1934 2047 1991 [tichabns

472 2027 530 2071 et
570 2017 783 2073 Baneas
828 2019 1262 2089 Memphiboseto
1304 2024 1442 2078 clam
1476 2024 1763 2082 interfecto
1789 2028 1855 2082 ad
1888 2030 2049 2084 Davi-

472 2109 597 2163 dem
629 2126 688 2165 se
723 2112 1038 2179 conferunt,
1071 2117 1225 2184 quasi
1255 2117 1572 2186 praeclaram
1611 2120 1731 2189 ejus
1762 2122 1926 2178 caedis
1956 2137 2050 2192 pa-

475 2208 629 2253 iratae
660 2217 821 2256 causa
857 2203 1071 2258 laudem
1112 2208 1257 2275 apud
1288 2208 1440 2261 illum
1471 2210 1774 2266 inventuri.
1817 2212 2051 2269 Davidcs

477 2305 608 2345 vero
639 2301 931 2364 utrumque
959 2298 1227 2365 supplicio
1256 2301 1451 2354 mortis
1480 2300 1664 2364 allicit,
1696 2306 2052 2373 quemadmo-

475 2380 604 2434 dum
628 2393 685 2437 et
711 2397 836 2440 ante
868 2388 1159 2456 puniverat
1184 2390 1541 2445 Amalecitam
1569 2392 1744 2459 illum,
1770 2409 1864 2464 per
1890 2412 2050 2465 quem

476 2470 678 2529 Saulus
724 2476 943 2533 occisus
990 2478 1193 2534 fuerat.
1244 2479 1372 2535 Post
1416 2483 1469 2537 id
1512 2486 1776 2554 temporis
1821 2487 2053 2546 Davidcs

478 2563 751 2619 universae
799 2568 1038 2625 nationis
1090 2586 1184 2625 rex
1232 2571 1560 2630 declaratur.
1613 2576 1765 2632 Sauli
1829 2579 2052 2649 quidem

478 2652 642 2707 ﬁliam
674 2670 897 2711 uxorem
933 2660 1167 2731 accepit,
1189 2662 1349 2717 aliter
1378 2673 1557 2719 tamen
1591 2681 1754 2737 quam
1782 2667 2053 2741 Josephus

474 2756 739 2813 exponat,
789 2748 1046 2805 videlicet
1104 2754 1317 2821 prtemii
1360 2754 1503 2823 loco,
1558 2772 1681 2812 cum
1738 2757 2050 2816 Goliathum

478 2834 662 2890 fuud-e
702 2838 853 2906 jaetu
909 2830 1186 2908 necasset,
1220 2843 1683 2911 quemadmodum
1730 2847 1875 2903 inter
1908 2850 2055 2919 ipsos

470 2940 836 2985 convenerat.
862 2932 1225 3004 Posteaquam
1254 2952 1386 2992 vero
1415 2937 1648 2993 Davides
1678 2954 1774 2993 rex
1801 2940 2055 3011 designa-

477 3029 566 3075 tus
594 3031 697 3087 est,
733 3020 1106 3096 Hierosolyma
1134 3042 1259 3081 eum
1299 3029 1475 3098 copiis
1513 3029 1740 3097 invadit,
1774 3041 1833 3087 et
1861 3033 2052 3101 ejectis

477 3112 676 3170 incolis
700 3117 886 3187 oppidi
915 3116 1181 3172 Jebusaeis
1220 3120 1421 3190 regiam
1468 3136 1626 3175 suam
1664 3121 2054 3194 Hierosolymis

475 3209 792 3268 constituit.
844 3208 1062 3264 Primus
1124 3210 1347 3279 quidem
1415 3221 1566 3266 certe
1624 3210 1889 3270 Jebusueis
1932 3215 2057 3269 inde

480 3299 674 3366 pulsis,
712 3308 770 3353 ut
799 3300 1068 3369 Iosephus
1110 3312 1315 3367 narrat,
1350 3303 1418 3357 de
1463 3318 1565 3356 suo
1612 3305 1836 3359 nomine
1867 3307 2053 3361 urbem

484 3388 795 3442 Davidicam
826 3391 1154 3459 appellavit;
1177 3407 1300 3446 nam
1335 3394 1627 3448 Abrahami
1653 3403 1811 3450 etate
1841 3396 2056 3469 Solyma

484 3483 930 3549 nuncupabatur.

556 3572 869 3629 Secundum
906 3576 1019 3631 haec
1045 3576 1186 3633 forte
1212 3589 1504 3649 conspecta
1538 3578 1828 3644 Bersabea,
1852 3599 1973 3653 qua:
2005 3600 2063 3639 se

483 3664 631 3719 domi
668 3681 781 3721 sua:
812 3667 1092 3733 abluebat,
1121 3671 1241 3739 ejus
1275 3686 1463 3725 amore
1512 3681 1704 3743 captus
1748 3685 1872 3743 est;
1907 3692 2063 3730 cum-

486 3775 594 3827 que
643 3760 696 3813 in
754 3763 1037 3830 amplexus
1084 3765 1333 3820 mulieris
1375 3767 1656 3831 venisset,
1705 3781 1961 3837 procurat
2007 3779 2066 3824 ut

490 3852 723 3905 maritus
756 3850 874 3917 ejus
908 3851 1067 3907 Urius
1113 3856 1165 3908 in
1200 3856 1388 3925 prmlio
1418 3858 1656 3926 quodam
1693 3863 2063 3921 occumberet.

488 3941 607 3997 Non
639 3943 802 4013 longo
833 3952 1080 4014 tempore
1108 3947 1399 4019 interjecto
1433 3965 1463 4003 ιι
1497 3948 1745 4006 Nathane
1780 3962 1902 4008 vate
1939 3955 2067 4010 faci-

489 4034 643 4087 noris
677 4034 821 4089 illius
851 4039 1121 4107 arguitur.
1151 4038 1349 4093 Secuta
1377 4049 1460 4095 est
1490 4040 1664 4111 ipsius
1697 4042 1819 4112 fuga
1846 4054 2069 4114 proptrr

491 4124 800 4181 Abesalomi
857 4127 950 4181 filii
1010 4129 1408 4197 rebellionem;
1438 4147 1541 4210 qua
1592 4133 1813 4202 quidem
1849 4135 1901 4187 in
1946 4135 2070 4205 fuga

491 4218 833 4273 concubinas
852 4236 982 4275 suas
1016 4220 1082 4273 l0
1114 4221 1396 4291 relinquit,
1425 4238 1546 4291 qua:
1578 4224 1795 4279 domum
1826 4228 2069 4279 custodi-

409 4337 419 4353 .
494 4317 638 4360 rent.
666 4308 840 4362 Causa
873 4324 1003 4363 vero
1035 4311 1392 4378 quamobrem
1421 4311 1782 4367 Abesalomus
1811 4315 1911 4368 hoc
1949 4331 2073 4384 par-

2147 1859 2334 1912 Δαῦίδο
2365 1857 2518 1929 παρά
2559 1857 2812 1928 Σαμουὴλ
2837 1857 2931 1909 καὶ
2966 1856 3076 1926 γάρ
3109 1855 3397 1925 χρισοῆναι
3442 1854 3721 1923 προέφθα-

2150 1970 2262 2005 σεν.
2296 1948 2428 2004 Εἶτα
2469 1950 2653 2019 Ῥιχαῦ
2690 1951 2783 2001 καὶ
2827 1948 3033 2009 Βανέας
3065 1947 3242 2015 λάθρα
3284 1946 3376 1998 τὸν
3415 1944 3718 2015 Μεμφοστὲ

2149 2043 2434 2105 ἀνελόντες
2460 2039 2625 2112 ἦλθον
2674 2042 2812 2111 πρὸς
2847 2039 2943 2092 τὸν
2969 2037 3134 2091 Δαόὶδ
3166 2038 3240 2101 ὼς
3300 2037 3461 2107 δῆθεν
3509 2037 3723 2089 εὐδοκι-

2155 2138 2432 2207 μήσαντες
2459 2135 2547 2188 διὰ
2574 2135 2665 2187 τδν
2695 2134 2877 2203 φόνον.
2923 2132 2981 2183 '0
3006 2132 3061 2184 δὲ
3090 2132 3301 2184 ἀνεῖλεν
3330 2130 3547 2191 αὐτοὺς,
3574 2127 3725 2181 καθά

2150 2228 2214 2297 δὴ
2246 2230 2342 2282 καὶ
2374 2225 2467 2279 τὸν
2490 2225 2868 2294 Ἀμαληκίτην
2909 2224 3142 2289 ἐκεῖνον,
3183 2222 3251 2274 δι’
3281 2213 3341 2273 οὗ
3376 2224 3402 2272 6
3435 2218 3607 2272 Σαοὺλ
3656 2218 3722 2270 τὸ

2152 2319 2305 2379 τέλος
2342 2316 2580 2381 ἐδέξατο.
2621 2314 2939 2386 Τηνικαῦτα
2981 2315 3185 2376 παντὸς
3218 2312 3315 2365 τοῦ
3376 2311 3509 2363 λαοῦ
3560 2308 3723 2362 καθί-

2156 2427 2347 2463 σταται
2405 2407 2661 2478 βασιλεὺς
2694 2408 2723 2459 6
2778 2405 2966 2460 Δασίδ.
3013 2405 3124 2475 Τὴν
3172 2404 3230 2458 δὲ
3282 2402 3560 2470 θυγατέρα
3613 2401 3711 2453 τοῦ

2155 2500 2350 2566 Σαοὺλ,
2387 2502 2437 2554 εἰ
2475 2499 2552 2570 μὴ
2578 2499 2654 2561 ὡς
2694 2498 2962 2569 Ἰώσηπος
3024 2497 3249 2565 ἱστορεῖ,
3305 2494 3420 2548 ἀλλ’
3461 2492 3551 2546 οὖν
3582 2492 3722 2545 επα-

2157 2590 2279 2644 θλον
2310 2590 2525 2653 ἔλαϐεν,
2550 2590 2714 2660 ἡνίκα
2751 2587 2842 2640 τὸν
2879 2588 3069 2640 Γολιάθ
3099 2585 3539 2655 ἐσφενδόνησενο
3578 2582 3723 2635 οὕτω

2154 2684 2265 2754 γάρ
2301 2682 2579 2753 ἀναμέσον
2610 2681 2794 2734 αὐτῶν
2853 2677 3280 2748 συμπεφιῦνητο.
3325 2675 3386 2730 Ὀ
3441 2673 3571 2743 γοῦν
3617 2678 3724 2725 Δα-

2156 2778 2241 2833 δὶδ
2278 2776 2421 2847 μετά
2442 2774 2503 2828 τὸ
2533 2772 2969 2842 ἀναγορευθῆναι
2999 2769 3253 2839 βασιλεὺς
3301 2767 3588 2833 ἐφίσταται
3650 2765 3722 2834 τῇ

2168 2866 2541 2938 Ἱεροσόλυμα,
2574 2863 2817 2926 καὶτοὺς
2863 2863 3044 2915 ἐκεῖσε
3095 2856 3483 2920 κατοικοῦντας
3516 2856 3724 2910 Ἰεϐου-

2160 2960 2345 3019 σαίους
2382 2956 2811 3030 τροπωσάμενος
2861 2951 3140 3024 βασιλείαν
3170 2948 3365 3003 ἑαυτοῦ
3397 2949 3630 3000 ποιεῖται
3654 2942 3729 2996 τὰ

2169 3050 2546 3123 Ἱεροσόλυμα.
2576 3047 2797 3118 Πρῶτος
2833 3048 2931 3115 μὲν
2971 3042 3063 3097 οὖν
3116 3039 3302 3103 Δαόὶδ,
3336 3039 3411 3102 ὡς
3462 3037 3731 3104 Ἰώσηπος

2162 3142 2530 3213 ίστορεῖ,τοὺς
2555 3138 2917 3198 Ἰεϐουσαίους
2950 3136 3158 3189 ἐκεῖθεν
3188 3131 3459 3195 ἐκϐαλὼν,
3488 3128 3729 3196 άφῚαυ-

2159 3238 2257 3291 τοῦ
2294 3234 2390 3305 τὴν
2423 3232 2580 3286 πόλιν
2625 3227 3065 3299 προσαγορεύει·
3101 3226 3320 3293 Σόλυμα
3346 3221 3441 3276 καὶ
3470 3220 3577 3288 γὰρ
3630 3216 3730 3271 ἐπὶ

2162 3329 2416 3399 ’Λϐραὰμ
2444 3324 2714 3379 ἐκαλεῖτο.

2236 3594 2391 3648 Μετὰ
2416 3591 2475 3644 ’δὲ
2506 3589 2681 3642 ταῦτα
2702 3588 2803 3657 ὁρᾷ
2830 3585 2927 3657 τὴν
2980 3581 3265 3653 Βηρσαδεὲ
3319 3579 3620 3649 λουομένην
3672 3580 3735 3633 ὲν
3784 3600 3793 3605 ί

2165 3682 2242 3753 τῷ
2271 3682 2408 3750 οἴκῳ
2457 3679 2649 3746 αὐτῆς,
2697 3674 2818 3728 ὅθεν
2870 3674 2963 3726 καλ⁸
3009 3672 3215 3740 ταύτης
3272 3672 3396 3741 ἐρᾷ.
3459 3670 3737 3737 Μίγνυται

2167 3774 2351 3825 λοιπὸν
2391 3770 2555 3838 αὐτῇ,
2590 3769 2683 3819 καὶ
2713 3766 2801 3819 τὸν
2836 3765 3040 3835 Οὐρίαν
3079 3764 3359 3832 οἰκονομεῖ
3394 3761 3610 3830 θανάτῳ
3638 3778 3740 3813 πε-

2172 3865 2439 3935 ριπεσεῖν,
2472 3861 2530 3923 ὂς
2570 3858 2707 3927 ἀνὴρ
2732 3857 2903 3924 αὐτῆς
2935 3852 3026 3926 ἦν.
3082 3856 3156 3908 Οὐ
3198 3856 3333 3908 πολὺ
3364 3854 3423 3907 τὸ
3472 3856 3529 3905 ὲν
3560 3855 3738 3922 μέσῳ,

2169 3955 2264 4008 καὶ
2286 3954 2377 4005 διά
2401 3951 2590 4005 Νάθαν
2613 3949 2921 4018 ἐλέγχεται.
2950 3943 3082 4000 Εἶτα
3112 3946 3307 4015 φεύγει
3357 3945 3444 3997 διὰ
3492 3944 3589 4014 τὴν
3637 3944 3735 3995 τοῦ

2168 4042 2534 4111 Ἀϐεσσαλὼμ
2582 4041 2983 4101 ἐπανάστασιν,
3036 4035 3371 4105 καταλείψας
3414 4036 3512 4096 τὰς
3568 4033 3736 4087 αὐτοῦ

2169 4137 2303 4190 δέκα
2333 4132 2618 4194 παλλακὰς
2655 4130 2953 4197 φυλάσσειν
2996 4128 3088 4181 τὸν
3125 4125 3277 4180 οἷκον
3329 4125 3515 4179 αὑτοῦ.
3563 4114 3643 4177 ’11⁸
3681 4124 3741 4176 δὲ

2175 4228 2324 4281 αἰτία
2353 4224 2446 4278 τοῦ
2480 4221 2846 4288 Ἀϐεσσαλὼμ
2896 4219 3236 4291 πατραλοίαν
3283 4216 3538 4286 γενέσθαι
3575 4215 3742 4282 αῦτη.

2172 4321 2263 4391 Τῷ
2317 4318 2484 4372 Δα6’.δ
2553 4316 2802 4385 θυγάτηρ
2862 4308 2930 4384 ἦν
2990 4312 3195 4382 σφόδρα
3263 4310 3621 4379 περικαλλὴς,
3666 4308 3747 4378 τῷ

496 4399 747 4455 ricidium
777 4412 1086 4469 metiretur,
1123 4403 1249 4459 haec
1272 4402 1396 4459 fuit.
1432 4403 1679 4461 Habebat
1714 4405 1878 4461 filiam
1916 4410 2056 4462 Davi-

2176 4410 2534 4479 Ἀδεσσαλὼμ
2562 4409 2926 4478 ὁμομήτριος.
2960 4404 3224 4473 Ταύτηςὸ
3244 4401 3463 4473 Ἀμνὼν
3497 4401 3596 4469 ἐρᾷ
3635 4406 3748 4451 τῶν

493 4492 590 4547 des
617 4493 1023 4564 elegantissima
1066 4496 1239 4554 forma
1291 4497 1452 4567 178
1495 4498 1799 4567 przcditam,
1828 4516 1947 4570 quae
1979 4518 2071 4556 ea-

495 4588 617 4641 dem
643 4602 768 4641 cum
801 4588 1129 4645 Abesalomo
1156 4601 1281 4663 nata
1328 4600 1504 4644 matre
1532 4589 1732 4645 fuerat.
1762 4591 1913 4647 lianc
1944 4609 2070 4648 cum

495 4679 733 4739 Amnon.
769 4682 1042 4752 regiorum
1081 4682 1317 4735 filiorum
1352 4691 1479 4733 natu
1525 4682 1819 4749 maximus,
1868 4685 2069 4740 misere

495 4774 793 4841 deperiret,
842 4789 943 4828 nec
993 4773 1240 4829 libidinis
1266 4772 1551 4841 explendae
1588 4774 1854 4828 rationem
1908 4775 2071 4829 ullam

498 4867 797 4934 reperiret,
837 4875 983 4920 totus
1031 4864 1476 4920 contabescebat.
1529 4862 1772 4920 Tandem
1821 4868 2070 4921 morbum

497 4956 757 5022 simulat,
790 4973 853 5011 ac
903 4967 1112 5026 patrem
1164 4964 1286 5010 orat
1335 4964 1394 5009 ut
1438 4970 1681 5011 sororem
1724 4956 1918 5013 adesse
1968 4958 2072 5013 sibi

498 5048 630 5101 velit
675 5048 727 5103 iu
771 5063 839 5102 co
877 5048 1069 5103 morbo
1118 5047 1468 5103 Iniuistrandi
1518 5063 1704 5104 causa.
1741 5048 1999 5119 lmpetrat
2044 5066 2075 5104 a

500 5148 662 5209 patre
691 5140 836 5210 quod
879 5140 1115 5196 volebat.
1157 5141 1417 5195 Amorem
1454 5154 1615 5195 suum
1661 5140 1853 5210 puella:
1880 5144 2075 5212 αισι-ἐι,

576 5351 691 5423 (55)
726 5350 1222 5419 Mempbibnsetum
1292 5354 1461 5408 filium
1496 5353 1697 5411 Saulis.
1747 5353 1975 5421 ejusque
2027 5352 2080 5404 in

507 5425 655 5495 regni
698 5432 849 5492 parte
875 5438 1247 5499 successorem
1265 5425 1588 5499 gravissimo
1612 5439 1803 5499 errore
1836 5432 2086 5499 statuunt

508 5491 921 5574 (il'ycashatque
949 5493 1119 5574 ipsius
1166 5491 1463 5574 interpres
1504 5493 1893 5574 _Leun_clavins.
1945 5491 2085 5545 LXX

509 5564 676 5619 editio
710 5564 950 5617 Romana
968 5572 1123 5618 vocat
1166 5565 1418 5623 Ἰεεοσοὲ,
1452 5565 1718 5623 lsbosetb,
1759 5578 1920 5631 quem
1982 5577 2079 5615 co-

515 5642 612 5687 dex
649 5646 837 5688 noster
862 5650 927 5687 ev
951 5648 1060 5701 quo
1080 5635 1323 5690 Graecum
1354 5647 1499 5687 textu
1528 5654 1555 5682 ιι
1598 5632 1885 5697 edidimus,
1926 5640 2082 5683 vorat

520 5704 839 5772 Μεμφοσῖὲ,
867 5704 923 5758 F.
956 5705 1332 5776 Μεμφιεοπῑὲ,
1378 5720 1438 5757 ex
1498 5720 1602 5771 quo
1672 5702 2079 5773 Mtttttpltcltosc-

2178 4503 2428 4579 ἅδελφῷν
2455 4502 2483 4552 6
2509 4499 2909 4569 πρεσϐύτατος.
2943 4496 3053 4559 Καὶ
3089 4494 3163 4564 μὴ
3209 4493 3348 4564 ἔχων
3381 4492 3452 4544 τὰ
3484 4490 3585 4579 τῆς
3620 4490 3741 4540 ἐπι·

2180 4574 2381 4665 θυμίας
2434 4590 2721 4661 πληρῶσαι
2769 4588 2975 4658 σφόδρα
3023 4586 3378 4659 κατετήκετο.
3410 4581 3528 4649 Ἐφ’
3557 4574 3599 4646 ᾧ
3653 4580 3750 4630 καὶ

2177 4689 2353 4740 νοσεῖν
2382 4683 2763 4753 ὑποκρίνεται.
2823 4678 3080 4733 ’ίκετεύει
3141 4676 3231 4728 τὸν
3270 4675 3482 4742 πατέρα
3528 4688 3753 4739 συμπα-

2180 4776 2440 4846 ραμένειν
2471 4772 2619 4843 αύτῷ
2647 4774 2744 4842 τὴν
2779 4770 3014 4839 ἀδελερὴν
3043 4767 3292 4830 δουλείας
3339 4766 3556 4818 ἕνεκεν.
3600 4764 3756 4815 Γίνε-

2177 4886 2267 4921 ται
2297 4864 2492 4920 ταῦτα.
2537 4862 2940 4917 Ἀποκαλύπτει
2971 4862 3034 4914 τὸ
3072 4859 3243 4921 πάθος
3284 4858 3446 4927 αὐτῇ.
3486 4858 3519 4925 ἡ
3569 4852 3611 4905 δ’
3650 4852 3753 4903 οὐκ

2179 4956 2453 5012 ἐπείθετο.
2479 4954 2735 5017 Βιάζεται
2766 4951 2960 5022 αὐτὴν,
2989 4953 3059 5017 ἐφ
3097 4943 3141 5017 ᾧ
3168 4945 3503 5013 καταπειθὴς
3531 4943 3748 5011 δρᾶται.

2183 5052 2536 5120 Παραχρῆμα
2573 5050 2727 5116 μῖσος
2755 5046 3001 5122 τίκτεται
3036 5041 3158 5094 κατ’
3190 5040 3361 5108 αὐτῆς
3400 5036 3477 5105 τῷ
3515 5032 3755 5127 έΑμνὼν,
3854 5114 3869 5127 κ

2183 5135 2444 5210 ἐφ’ᾧκαὶ
2475 5137 2728 5192 ἐκϐάλλει
2749 5136 2944 5205 αὐτην.
2976 5132 3231 5215 Θλίσεται
3262 5130 3321 5183 ού
3358 5126 3567 5199 μικρῶς
3591 5124 3756 5190 αὕτη,

2195 5367 2307 5407 tum
2337 5366 2517 5411 suum,
2548 5348 2637 5411 qui
2668 5344 2993 5419 Jonathanis
3034 5340 3190 5419 filius
3225 5337 3333 5419 fuit
3360 5347 3592 5419 utroque
3620 5332 3758 5419 pede

2192 5424 2438 5478 claudus.
2468 5407 2811 5472 concinnavit
2832 5412 3225 5487 Leunclavius.
3244 5407 3571 5487 _l_i.if.hahum
3619 5418 3761 5487 quo-

2194 5508 2299 5556 que
2323 5501 2376 5544 et
2413 5486 2981 5563 [laneum__exbibuit,_
3019 5480 3108 5563 qui
3140 5481 3192 5563 in
3244 5477 3408 5563 pix"
3432 5477 3760 5563 interpret:

2187 5543 2607 5615 tionedit-untur
2654 5556 2861 5626 Ῥηχὰϐ
2898 5543 2993 5606 καὶ
3028 5543 3229 5617 Βαανὰ,
3258 5550 3310 5603 in
3368 5547 3428 5603 F.
3474 5543 3679 5615 Ῥιχὰς,
3704 5543 3761 5594 ih

2187 5641 2370 5687 nostro
2406 5627 2594 5698 Ῥιχαῦ
2617 5628 2709 5681 καὶ
2752 5627 2978 5688 "avia;
3038 5654 3039 5657 η
