4110 6194
302 326 412 401 341

1518 340 1535 357 ’
1554 334 1959 405 ANNALIUM
2001 344 2195 404 PARS
2235 339 2316 405 II.

3450 351 3558 415 342

305 451 696 511 ἀποκαλύπτει
724 455 903 511 ταῦτα
945 455 1023 528 τῷ
1050 456 1430 545 Ἀδεεσαλώμ
1474 459 1886 529 Παρατηρεῖται

2002 473 2112 521 pne
2149 472 2273 512 cum
2308 456 2429 527 ejus
2462 455 2735 513 desiderio
2780 472 2894 512 non
2946 458 3329 521 assentiretur.
3370 460 3563 515 vilium

306 545 534 615 καιρὸν,
557 544 844 616 ἐξέρχεται
866 548 946 610 είς
967 544 1177 617 κουράν
1201 548 1307 602 τῶν
1331 548 1665 619 θρεμμάτων
1697 547 1886 612 αὐτοῦ,

307 632 682 706 συλλαμϐάνει
720 639 840 706 μεθ’
873 638 1068 693 ἑαυτοῦ
1100 642 1192 693 καὶ
1226 641 1353 705 τοὺς
1384 638 1671 711 ἀδελφούς.
1698 643 1886 700 Τελεῖ-

304 746 400 780 ται
441 728 765 797 συμπόσιον,
799 732 892 782 καὶ
927 732 1248 801 καρωθέντα
1279 732 1370 786 τὸν
1399 734 1615 803 ’Λμνὼν
1638 735 1885 787 κτείνουσ-

309 835 398 871 σιν
439 818 490 870 oi
546 818 758 871 οίκέται
793 818 985 872 αὑτοῦ.
1036 820 1317 873 Ἐντεῦθεν
1351 821 1443 875 οὖν
1474 824 1502 874 6
1528 822 1888 891 Ἀὅεσσαλὼμ

311 907 578 977 πτοηθεὶς
607 911 827 978 φρονεῖν
854 909 1057 980 ἤρξατο
1082 911 1224 964 κατά
1253 913 1484 981 πατρός.
1527 913 1637 966 Καὶ
1671 914 1886 984 πρῶτον

314 1000 415 1066 μιν
447 998 624 1051 πείθει
666 1000 826 1053 αὐτὸν
859 1004 887 1055 6
919 1001 1198 1070 ’Λχιτὸφελ
1220 1004 1299 1065 είς
1328 1003 1426 1067 τάς
1459 1004 1744 1067 παλλακάς
1770 1006 1887 1058 εἱσ-

311 1091 494 1143 ελθεῖν
547 1090 641 1144 τοῦ
691 1091 927 1161 Πατρδς,
958 1091 1147 1145 ἔπειτα
1184 1093 1543 1163 συμϐουλεύει
1579 1094 1726 1164 αὑτῷ
1749 1095 1889 1164 μετά

314 1185 577 1254 στρατιᾶ,
600 1183 843 1255 ὁρμῆσαι
874 1183 1015 1236 κατά
1045 1184 1142 1238 τοῦ
1172 1185 1356 1240 Δαδίδ.
1389 1186 1482 1256 Μὴ
1508 1187 1888 1250 εἰσακουσθεὶς

310 1273 372 1325 δὲ
418 1274 508 1328 διὰ
555 1274 614 1328 τὸ
645 1273 858 1343 ἀγαθὴν
891 1272 1038 1337 δόξαι
1087 1275 1188 1346 τὴν
1220 1275 1315 1329 τοῦ
1357 1279 1526 1331 Χουσὶ
1574 1279 1889 1350 συμϐουλὴν

314 1365 498 1435 (ἔτυχε
534 1365 644 1435 γὰρ
703 1365 855 1435 φίλος
888 1360 1031 1418 εῖναι
1072 1366 1151 1437 τῷ
1197 1368 1362 1421 Δαδίδ
1394 1372 1423 1423 6
1453 1369 1646 1441 Χουσὶ)
1682 1372 1890 1444 ἀγχόνῃ

312 1458 614 1525 ἐχρήσατο.
647 1457 775 1509 Ἐπὶ
816 1457 874 1509 δὲ
905 1457 1083 1527 τούτῳ
1116 1458 1373 1511 διῶκεται
1404 1460 1603 1527 μᾶλλον
1639 1462 1666 1514 6
1692 1459 1887 1514 Ἀϐεσ-

313 1544 549 1612 quidm;
582 1545 675 1598 καὶ
704 1545 769 1615 δὴ
800 1546 1309 1614 καταλαμϐάνεται.
1346 1549 1490 1601 Ἀλλ’
1525 1543 1570 1602 ὦ
1594 1549 1888 1617 Δαδιδικῆς

310 1633 532 1704 ψυχῆςι
577 1637 668 1687 καὶ
697 1635 934 1688 τοσαῦτα
968 1636 1078 1703 γάρ
1114 1637 1304 1689 παθὼν
1349 1638 1502 1709 παρά
1528 1640 1624 1691 τοῦ
1674 1655 1889 1708 πάτρα-

312 1726 438 1778 λοία
463 1728 643 1793 ἔλεγε·
668 1745 684 1776 ι
714 1727 977 1779 Φείσασθε
1003 1728 1098 1780 τοῦ
1132 1728 1420 1798 παιδαρίου
1452 1730 1827 1799 Ἀδεσσαλώμ.
1861 1749 1880 1781 ι

1992 551 2041 604 ei
2077 565 2173 619 per
2203 550 2311 604 vim
2343 547 2525 603 oﬂ'ert.
2556 548 2676 603 Mox
2708 559 2974 618 concepto
3001 550 3055 604 in
3097 565 3216 604 eam
3261 551 3387 606 odio
3414 551 3562 607 foras

1989 639 2244 693 violatam
2292 639 2464 707 ejicit.
2513 640 2604 694 Illa
2654 656 2765 695 non
2811 657 2999 709 parum
3057 651 3231 696 seruet
3274 642 3557 705 aﬂlictare,

1992 728 2143 783 fratri
2201 730 2528 784 Abesalomo
2575 745 2688 784 rem
2743 731 3095 799 patefacere;
3152 732 3244 801 qui
3297 734 3562 802 temporis

1988 823 2395 892 opportunitate
2423 823 2734 885 observata,
2767 838 2992 876 suorum
3035 824 3100 877 ad
3134 839 3398 892 pecorum
3434 835 3564 878 ton-

1987 927 2170 966 suram
2216 913 2567 979 proficiscens
2620 913 2818 967 fratres
2880 928 3011 967 suos
3056 915 3318 968 invitatos
3372 930 3560 970 secum

1987 1003 2229 1058 abducit.
2289 1001 2426 1056 Hinc
2489 1004 2709 1073 epulum
2784 1004 3095 1066 instruitur,
3150 1008 3563 1075 Aninonemque

1990 1094 2193 1149 factum
2259 1095 2575 1149 hilariorem
2630 1096 2941 1149 Aliesalomi
3005 1094 3191 1150 fratris
3250 1096 3438 1150 famuli
3491 1113 3558 1152 ex

1989 1188 2293 1256 composito
2342 1198 2565 1242 necant.
2607 1186 2681 1240 Ex
2740 1202 2808 1241 eo
2860 1198 3106 1255 tempore
3158 1197 3410 1242 metuens
3460 1187 3565 1242 sibi

1988 1278 2349 1334 Abesalomus
2377 1280 2604 1335 consilia
2638 1280 2886 1347 quzedam
2924 1288 3116 1333 contra
3151 1287 3358 1346 patrem
3404 1279 3567 1332 moli.

1992 1379 2104 1425 tur.
2143 1372 2221 1425 Ac
2253 1372 2430 1442 primo
2459 1372 2677 1440 quidem
2708 1383 2898 1426 auctor
2925 1371 2978 1425 ei
3022 1370 3124 1424 fuit
3170 1370 3570 1439 Aeliitophelus

1990 1469 2052 1514 ut
2079 1460 2248 1528 patris
2275 1458 2609 1515 concubinas
2636 1461 2800 1514 iniret
2820 1477 2836 1524 ',
2855 1460 3054 1515 deinde
3082 1468 3141 1512 ut
3165 1474 3289 1513 eum
3324 1459 3568 1513 exercitu

1991 1549 2251 1604 Davidem
2297 1552 2601 1605 invaderet.
2639 1550 2838 1604 Verum
2884 1566 3006 1604 cuni
3052 1550 3102 1603 ei
3137 1558 3425 1619 propterea
3459 1566 3569 1603 non

1990 1643 2480 1711 obtemperaretur,
2536 1643 2682 1711 quod
2748 1642 2964 1696 Chusrei
3027 1641 3316 1696 consilium
3373 1640 3569 1695 melius

1992 1748 2116 1787 esse
2145 1736 2319 1788 visum
2353 1735 2566 1800 fuisset,
2592 1735 2829 1789 hominis
2861 1733 3048 1788 Davidi
3076 1732 3230 1786 valde
3253 1731 3567 1792 familiaris.

328 1819 495 1872 Ἀλλά
552 1821 644 1871 καὶ
692 1820 787 1872 τοῦ
843 1821 1000 1873 ἰωάϐ
1038 1823 1179 1875 κατὰ
1239 1824 1467 1892 καρδίας
1502 1824 1756 1892 βαλόντος
1794 1825 1887 1877 τὸν

2002 1824 2286 1890 suspendio
2336 1825 2497 1877 vitam
2532 1824 2670 1878 fiuit.
2708 1826 3022 1879 Secundum
3057 1826 3172 1878 lure
3209 1824 3567 1877 Aliesalomus

311 1912 699 1980 ’Δὸεσσαλὼμ,
737 1914 904 1983 ἡνίκα
933 1915 1009 1983 τῷ
1063 1916 1265 1986 δένδρῳ
1295 1916 1602 1989 ἀπῃωρήθη
1632 1917 1740 1970 τῶν
1773 1934 1891 1986 τρι-

313 2001 453 2067 χῶν,
488 2000 788 2071 ἐθρήνησεν
820 2002 1059 2072 ἄμετρα.

1997 1914 2203 1983 impetu
2245 1917 2435 1983 majori
2472 1926 2679 1986 patrem
2717 1918 3095 1986 persequitur:
3122 1919 3216 1971 sed
3247 1918 3418 1971 haeret
3451 1927 3573 1971 tan-

1995 2006 2139 2057 dem.
2192 2008 2368 2074 Atque
2410 2006 2497 2061 hic
2543 2008 2674 2060 mihi
2721 2009 3041 2062 Davidicum
3075 2009 3317 2062 animum
3362 2009 3567 2076 aspice.

314 2090 641 2158 Quanquam
690 2095 815 2148 talia
879 2105 1141 2165 tantaque
1189 2112 1485 2166 perpessus
1524 2110 1553 2149 a
1612 2094 1885 2165 parricida
1929 2093 2143 2158 fuisset,
2204 2097 2558 2152 nihilominus
2627 2100 2678 2151 in
2710 2099 2825 2153 haec
2860 2100 3025 2153 verba
3067 2098 3569 2168 suosalloquitur:

322 2201 345 2233 ε
385 2181 595 2237 Parcite
658 2184 843 2252 juveni
875 2186 1201 2240 Abesalomo
1226 2186 1291 2240 ⁸⁸,
1330 2206 1347 2237 ι
1392 2185 1561 2252 Idem,
1594 2200 1716 2240 cum
1784 2184 2147 2241 Abesalomus
2194 2187 2380 2242 arbori
2427 2188 2693 2247 crinibus
2727 2189 2948 2244 innexis
3004 2189 3352 2253 adhaesisset,
3406 2204 3571 2259 supra

314 2277 541 2330 modum
572 2275 936 2333 calamitatem
974 2281 1094 2349 ejus
1122 2280 1451 2349 deploravit.

392 2367 486 2439 Τῷ
511 2373 700 2438 μέντοι
741 2374 904 2426 Δαϐὶδ
942 2374 1242 2442 μελετῶντι
1270 2373 1395 2426 ναὸν
1429 2372 1782 2442 οίκοδομῆσαι
1811 2372 1889 2443 τῷ

319 2466 518 2535 Κυρίῳ
550 2464 705 2520 εἶπεν
757 2468 785 2519 6
834 2464 1055 2518 Νάθανο
1100 2483 1120 2514 ι
1153 2463 1337 2519 Πάντα
1368 2466 1466 2518 ὅσα
1492 2466 1551 2518 ιν
1595 2467 1659 2535 τῇ
1694 2465 1892 2536 καρδίᾳ

318 2575 418 2611 σου
451 2558 634 2626 βάδιζε
662 2557 756 2612 καὶ
786 2557 950 2619 ποίει,
978 2557 1060 2609 δτι
1084 2557 1217 2620 Θεὸς
1253 2556 1393 2624 μετά
1427 2556 1545 2609 σοῦ.
1584 2575 1604 2608 ε
1625 2556 1891 2626 Ἠγνόησε

317 2652 434 2721 γὰρ
462 2652 556 2703 καὶ
581 2644 733 2710 οὗτος
766 2648 827 2703 τὸ
857 2649 1069 2718 μέλλον,
1096 2649 1171 2712 ὡς
1201 2650 1231 2700 6
1261 2648 1518 2719 Σαμουὴλ
1544 2649 1637 2702 τὸν
1666 2648 1891 2718 χρισθη-

318 2744 555 2811 σύμενον
584 2743 699 2794 υίδν
728 2740 822 2794 τοῦ
852 2742 1077 2804 Ἰεσσαὶ,
1111 2745 1207 2795 καὶ
1228 2739 1302 2803 ὡς
1321 2743 1349 2793 6
1390 2740 1694 2803 Ἐλισσαῖος
1713 2741 1773 2793 τὸ
1792 2739 1893 2808 τῆς

2075 2368 2398 2428 Secundum
2440 2370 2554 2426 haec
2580 2372 2844 2442 cogitanti
2881 2391 3004 2430 cum
3041 2376 3225 2430 animo
3253 2391 3352 2431 suo
3385 2371 3577 2429 David!

1999 2460 2067 2517 de
2109 2463 2309 2531 templo
2356 2462 2407 2516 in
2450 2465 2717 2518 honorum
2757 2464 2963 2521 domini
2991 2469 3324 2521 exstruendo
3364 2465 3575 2518 Natlian

2000 2555 2313 2621 respondet,
2355 2554 2617 2624 quidquid
2660 2572 2849 2611 secum
2878 2558 3059 2611 facere
3090 2557 3490 2616 constituisset,
3523 2556 3576 2608 id

2000 2643 2178 2697 moliri
2216 2642 2326 2698 Deo
2361 2648 2602 2700 secundo
2630 2656 2904 2717 pergeret.
2948 2648 3237 2719 ignorabat
3261 2647 3408 2700 enim
3431 2656 3579 2699 vates

1991 2734 2123 2803 quid
2170 2734 2408 2789 futurum
2466 2746 2647 2802 esset,
2696 2739 3162 2807 quemadmodum
3222 2736 3575 2807 inungendus

318 2832 676 2901 Σομανῐτιδος
720 2832 918 2893 πάθος.
966 2830 1200 2902 Νύκτωρ
1243 2831 1298 2883 δὲ
1348 2831 1636 2899 ἐπιφανεὶς
1691 2829 1838 2901 αὐτῷ
1867 2832 1896 2884 6

2002 2825 2183 2882 lessazi
2214 2826 2355 2881 filius
2380 2842 2408 2880 a
2445 2826 2703 2882 Samuelo
2742 2844 2848 2882 non
2882 2830 3307 2899 agnoscebatur,
3339 2841 3395 2882 et
3437 2826 3577 2881 Elis-

320 2922 528 2990 Κύριος
553 2923 687 2989 εφη·
728 2941 745 2974 ι
770 2923 1045 2992 Πορεύου,
1079 2924 1173 2976 καὶ
1204 2922 1327 2975 sint
1377 2921 1455 2989 τῷ
1482 2920 1653 2987 δούλῳ
1690 2938 1791 2991 μου
1820 2920 1896 2992 τῷ

2002 2934 2136 2974 scus
2164 2918 2528 2972 calamitatem
2553 2917 2909 2975 Sumanitidis
2930 2923 3238 2990 ignorabat.
3268 2919 3375 2973 Sed
3405 2927 3576 2973 noctu

321 3010 522 3064 Δαδίδ’
571 3011 694 3063 Ὀτι
743 3012 805 3062 ού
867 3010 932 3062 σῖ)
996 3011 1374 3079 οίκοδομήσεις
1432 3026 1536 3080 μου
1582 3004 1753 3076 οἶκον,
1814 3010 1896 3063 δτι

2002 3009 2142 3063 Deus
2166 3006 2400 3062 Natliani
2431 3018 2760 3078 conspectus
2788 3010 3004 3076 inquit:
3035 3028 3054 3061 ι
3079 3011 3182 3064 Abi
3213 3009 3580 3079 significatum

326 3106 543 3173 αἵματα
582 3103 751 3156 πολλὰ
789 3103 1008 3174 ἐξέχεας
1045 3105 1137 3156 ἐπὶ
1160 3105 1260 3172 τῆς
1292 3104 1395 3173 γῆς
1428 3104 1670 3157 ἐναντίον
1704 3121 1829 3173 μου.
1871 3121 1890 3155 ι

2003 3101 2205 3155 famulo
2235 3116 2354 3154 nico
2390 3098 2600 3163 Davidi,
2629 3114 2740 3152 non
2780 3099 2958 3167 ipsum
2987 3116 3108 3156 esse
3141 3102 3235 3172 qui
3263 3100 3434 3153 aedem
3471 3099 3584 3153 Do-

323 3196 500 3250 Τοῦτο
527 3196 587 3249 δὲ
623 3198 876 3267 είρῆσθαι
910 3199 1059 3249 δοκεῖ
1079 3198 1157 3253 εἰς
1187 3197 1455 3264 ὠφέλειαν
1484 3196 1592 3249 τῶν
1624 3196 1721 3259 τὰς
1749 3214 1896 3266 μιαι-

2008 3192 2158 3247 mino
2185 3192 2256 3245 sit
2286 3197 2685 3257 exstructurus,
2716 3191 2946 3245 multum
2976 3192 3124 3245 enim
3157 3192 3227 3246 ab
3260 3206 3328 3244 eo
3357 3191 3585 3259 sangui-

323 3290 517 3355 φονιάς
563 3288 986 3356 ἐργαζομένων
1042 3288 1164 3340 οὐδὲ
1234 3290 1342 3356 γὰρ
1396 3288 1462 3341 ἂν
1492 3288 1701 3341 δίκαιον
1740 3288 1896 3353 φόνον

2009 3285 2094 3338 nis
2128 3298 2250 3337 esse
2303 3282 2481 3335 fusum
2503 3281 2571 3334 ".
2607 3299 2626 3332 ι
2677 3281 2833 3348 Quod
2878 3282 3098 3352 quidem
3133 3294 3472 3351 postremum
3512 3282 3583 3335 ad

322 3374 616 3442 ἐμέμψατο
644 3373 720 3442 τῷ
756 3374 966 3443 βασιλεῖ
991 3376 1017 3426 6
1044 3374 1138 3427 τοῦ
1164 3376 1347 3438 Φινεὲς
1378 3376 1472 3428 τὸν
1492 3377 1703 3430 δίκαιον
1740 3377 1896 3443 φόνον

2003 3376 2293 3429 utilitatem
2324 3391 2513 3429 eorum
2554 3374 2763 3429 dictum
2792 3390 2918 3430 esse
2952 3375 3174 3429 videtur
3207 3375 3301 3442 qui
3337 3374 3585 3429 caedibus

325 3466 523 3528 θυσίας
561 3467 1036 3534 προσαγορεύσας.
1075 3467 1192 3531 Ἐφ’
1214 3460 1258 3533 ᾧ
1287 3469 1381 3518 καὶ
1412 3468 1597 3520 δίδωσι
1622 3467 1784 3519 Δαϐὶδ
1808 3469 1896 3519 Σε-

2004 3482 2123 3521 sese
2161 3467 2541 3534 coinquinant.
2576 3468 2709 3521 Nam
2760 3467 3056 3537 carteroqui
3113 3466 3341 3520 minime
3381 3476 3584 3535 putan-

321 3559 568 3628 λομῶντι
605 3560 681 3627 τῷ
713 3558 816 3627 υίῴ
843 3558 1010 3611 αὐτοῦ
1034 3559 1093 3610 τὸ
1123 3559 1477 3627 παράδειγμα
1505 3559 1599 3610 τοῦ
1636 3559 1766 3612 ναοῦ
1808 3562 1896 3613 καὶ

2004 3558 2133 3612 dum
2170 3570 2253 3613 est
2294 3560 2463 3613 Deum
2499 3560 2624 3613 huic
2657 3562 2765 3631 regi
2802 3562 2980 3615 caedes
3021 3560 3201 3629 justas
3251 3560 3587 3629 exprobrare

323 3649 436 3702 τῶν
467 3650 631 3703 οἴκων
660 3648 847 3702 αὑτοῦ.
892 3649 1073 3701 Πάντα
1103 3651 1159 3701 ἐν
1186 3652 1370 3718 γραφῇ
1403 3652 1466 3701 ὲκ
1486 3652 1663 3719 χεερδς
1693 3651 1896 3718 Κυρίου

2009 3650 2265 3713 voluiSse,
2283 3666 2404 3705 cum
2431 3660 2795 3719 perpetralam
2819 3666 2847 3703 a
2869 3651 3139 3705 Pliineaso
3160 3651 3363 3707 eadem
3390 3652 3589 3719 aequis-

240 3737 251 3746 ’
322 3742 564 3793 δέδωκεν
593 3739 758 3809 αὐτῷ.
796 3740 960 3793 Ἀλλά
987 3742 1078 3793 aui
1103 3742 1265 3803 αὑτὶς
1295 3744 1321 3793 6
1352 3739 1559 3804 Νάθαν,
1583 3741 1745 3811 ἡνίκα
1764 3741 1896 3809 πρὸς

2010 3742 2203 3796 simam
2245 3741 2498 3795 sacrificii
2541 3743 2761 3795 nomine
2796 3742 3075 3809 dignetur.
3122 3741 3272 3797 Hanc
3311 3743 3477 3812 igitur
3515 3742 3587 3796 ob

322 3833 493 3884 αὑτ’ν
528 3832 808 3901 ἀπεστάλη
850 3833 1003 3901 παρὰ
1052 3831 1208 3894 Θεοῦ,
1265 3833 1421 3885 εἶπεο
1462 3852 1479 3883 ι
1511 3834 1690 3886 Καλὸν
1746 3833 1904 3886 τοῦτο

323 3926 620 3993 ἐποίησας,
665 3926 749 3978 ὅτι
784 3922 1024 3995 ἐγενήθη
1061 3928 1119 3978 ὲν
1152 3927 1217 3994 τῇ
1263 3924 1463 3995 καρδίᾳ
1514 3941 1607 3977 σου
1644 3926 1774 3995 περὶ
1806 3925 1901 3977 τοῦ

323 4015 689 4085 οἰκοδομῆσαι
716 4010 868 4068 οἷκον
890 4031 904 4045 ’
932 4013 1047 4067 ἀλλ’
1076 4014 1135 4067 ού
1175 4015 1262 4079 σὺ,
1288 4014 1641 4084 οἰκοδομήσει
1662 4017 1690 4067 6
1719 4018 1782 4068 εκ
1804 4014 1900 4068 σοῦ

321 4109 409 4161 δέ.
451 4125 471 4159 ι

2011 3848 2233 3887 causam
2265 3833 2498 3887 Davides
2532 3833 2813 3886 Salomoni
2844 3834 2954 3885 tilio
2984 3849 3086 3888 suo
3114 3834 3281 3887 tradit
3304 3834 3587 3897 exemplar

2010 3927 2331 3981 exstruendi
2360 3928 2545 3996 templi
2575 3937 2629 3980 et
2659 3927 3020 3981 ardificiorum
3053 3927 3196 3994 eius,
3230 3929 3393 3993 idque
3422 3941 3586 3979 manu

2008 4020 2225 4074 Domini
2259 4035 2599 4089 expressum.
2631 4018 2840 4072 Nathau
2875 4030 3045 4081 certe,
3081 4033 3203 4072 cum
3229 4018 3294 4071 ad
3328 4017 3586 4072 Davidem

2006 4124 2036 4163 a
2088 4110 2200 4164 Deo
2248 4107 2444 4163 fuisset
2485 4108 2792 4178 ablegatus,
2828 4108 3064 4163 ostendit
3110 4121 3236 4161 eum
3282 4107 3367 4161 his
3420 4105 3587 4158 rebus

326 4202 444 4257 filio
470 4202 845 4272 relinquendis
872 4210 1204 4273 occupatum
1273 4202 1461 4258 fuisse.
1502 4203 1664 4274 179
1732 4200 1982 4269 Factum,
2028 4202 2226 4272 inquit,
2273 4202 2369 4256 abs
2416 4211 2469 4255 te
2519 4200 2801 4273 praeclare,
2848 4200 2991 4269 quod
3037 4199 3351 4271 hujusmodi
3401 4212 3589 4252 curam

326 4296 638 4365 susceperis
666 4296 734 4350 de
766 4296 950 4365 templi
981 4304 1256 4350 structura
1288 4312 1301 4348 :
1336 4314 1446 4351 non
1483 4309 1663 4351 tamen
1705 4312 1767 4353 ea
1803 4311 1901 4367 per
1938 4304 2012 4361 te,
2040 4297 2134 4352 sed
2162 4305 2348 4349 natum
2382 4309 2447 4347 es
2483 4304 2534 4348 te
2563 4294 2729 4347 lilium
2763 4294 3094 4363 perllcietnr.

402 4388 465 4442 Ei
499 4390 595 4442 καὶ
635 4387 983 4457 μακροθυμεῖ
1010 4393 1037 4442 6
1077 4389 1210 4452 Θεὸς
1244 4391 1345 4460 τῆς
1377 4389 1655 4460 ἁμαρτίας
1696 4388 1896 4457 τολμω-

2083 4386 2499 4440 Observandum
2531 4384 2710 4439 obiter
2740 4386 2885 4454 quod
2919 4382 3133 4437 tametsi
3175 4383 3321 4437 Deus
3348 4380 3593 4436 fat-inore

329 4482 526 4550 μένης,
560 4482 676 4534 ἀλλ’
708 4480 804 4550 6ψέ
837 4498 968 4535 ποτε
992 4481 1229 4546 κολάζει.
1260 4483 1364 4535 Ἰδε
1403 4485 1510 4553 γὰρ
1535 4484 1616 4535 ὃτι
1645 4483 1782 4551 μετά
1804 4480 1911 4534 τῶν

329 4574 370 4625 Γ
376 4573 694 4625 αὸαωνιτῶν
725 4574 776 4625 οῖ
822 4573 1159 4644 Ἰσραηλῖται
1201 4575 1494 4628 συνέθεντο
1543 4574 1618 4644 μὴ
1654 4573 1909 4640 φονεῦσαι

326 4667 547 4729 αὐτοὺς,
607 4667 635 4717 6
686 4665 743 4718 δὲ
808 4666 979 4719 Σαοὺλ
1036 4666 1133 4718 σὺν
1206 4670 1318 4731 τοῖς
1369 4668 1549 4729 ἄλλοις
1596 4665 1910 4731 ἀλλοφύλοις

325 4760 428 4811 καὶ
483 4757 685 4819 αὐτοὺς
739 4758 1050 4810 ἀπέκτεινε.
1112 4758 1222 4820 Τὰς
1278 4760 1459 4827 μέντοι
1516 4757 1611 4810 τοῦ
1665 4758 1905 4809 τοιούτου

323 4849 686 4920 τολμήματος
718 4849 877 4913 δίκας
907 4852 1000 4903 ἐπὶ
1031 4849 1127 4902 τοῦ
1157 4850 1324 4903 Δαόὶδ
1368 4850 1685 4918 εἰσέπραξε,
1719 4850 1907 4917 λοιμὸν

327 4940 671 5007 ἐπενεγκών.
704 4941 817 4995 Καὶ
843 4941 892 4995 εί
930 4939 1007 5010 μὴ
1041 4940 1168 5004 τοὺς
1204 4943 1298 4993 τοῦ
1327 4942 1498 4995 Σαοὺλ
1530 4941 1671 4994 ἑπτα
1713 4941 1907 5001 παῖδας

324 5031 658 5100 ιφάνευσαν,
687 5034 789 5084 οὐκ
819 5030 886 5084 ἂν
917 5035 949 5101 ἡ
983 5032 1105 5085 θεία
1142 5032 1281 5101 ὀργὴ
1316 5033 1511 5086 ἔπαυε.
1549 5032 1908 5101 Μανθάνομεν

325 5121 428 5177 οὖν
457 5124 523 5176 ἐκ
550 5122 744 5177 τούτου
779 5123 854 5187 ὡς
883 5125 1073 5191 γένους
1102 5126 1130 5178 6
1152 5124 1432 5194 Δεσπότης
1458 5123 1558 5177 οὐκ
1577 5119 1687 5176 οἶδε
1717 5123 1906 5190 διαφο-

332 5212 459 5283 ράν,
506 5212 643 5266 ἀλλά
684 5215 796 5277 τοῖς
847 5213 1222 5284 ἠδικημένοις,
1256 5212 1360 5265 κᾶν
1402 5212 1714 5278 άλλογενεῖς
1747 5207 1902 5277 ὦσιν,

330 5303 603 5373 ἑπαμύνει
636 5304 858 5367 δικαίως
892 5305 1046 5367 Θεός.
1092 5304 1197 5357 Καὶ
1240 5304 1404 5365 αὐτὸς
1428 5306 1457 5356 6
1488 5303 1651 5356 Δαὸὶδ
1673 5304 1764 5356 τὸν
1804 5304 1909 5357 Οὐ-

333 5394 462 5462 ρίαν
501 5392 769 5460 ἀδικήσας
809 5392 1110 5460 ἀλλόφυλον
1152 5392 1283 5445 δντα
1320 5392 1603 5460 (Χετταῖος
1647 5382 1777 5459 Ῡάρ)
1808 5391 1909 5444 οὐκ

334 5484 691 5554 ἀτιμώρητος
722 5485 930 5552 ἔμεινε.
958 5486 1030 5537 Τδ
1057 5485 1114 5538 δὲ
1148 5484 1409 5555 μοιχίδιον
1442 5484 1662 5553 βρέφος,
1693 5485 1721 5536 ὃ
1756 5485 1914 5553 τιρῶ-

330 5591 429 5629 τον
450 5579 514 5643 τῇ
545 5575 827 5644 Βηρσαϐεὲ
853 5577 1043 5644 γέγονε
1073 5576 1426 5647 μοιχευοείσῃ
1457 5576 1534 5644 τῷ
1557 5577 1744 5643 Δαὸῖὸ,
1773 5577 1911 5630 ἐπάε-

405 5734 450 5765 ⁸¹¹
488 5734 527 5788 ll
560 5734 671 5801 Ret;
728 5752 881 5801 κνιιι,
1043 5737 1085 5768 ⁸³
1120 5735 1137 5788 l
1176 5737 1353 5790 Paral.
1387 5751 1519 5805 xm,
1546 5736 1597 5788 4.

2017 4478 2249 4548 quodam
2285 4478 2574 4545 designato
2624 4476 2782 4547 longa
2825 4484 3012 4530 utatur
3052 4475 3333 4544 patientia,
3372 4473 3590 4529 tandem

2021 4580 2200 4623 tamen
2234 4568 2535 4638 aliquando
2568 4568 2775 4637 puniat.
2817 4568 2949 4636 Ejus
2982 4568 3062 4621 rei
3098 4567 3218 4621 licet
3253 4581 3282 4619 ε
3313 4566 3593 4622 Gabaoni-

2019 4660 2088 4713 tis
2111 4660 2418 4729 exemplum
2447 4670 2655 4728 petere.
2690 4659 2836 4713 Pacti
2864 4675 2987 4712 cum
3019 4658 3341 4713 Gabaonitis
3376 4660 3593 4712 fuerant

2017 4753 2256 4807 Israeliei
2296 4768 2404 4806 nun
2437 4767 2495 4806 se
2530 4751 2654 4805 illos
2685 4752 3135 4821 interempturos.
3167 4750 3237 4804 At
3267 4750 3467 4805 Saulus
3494 4764 3591 4805 eos

2014 4843 2373 4899 nihilominus
2414 4858 2522 4897 una
2575 4858 2698 4896 cum
2737 4842 2945 4898 exteris
2987 4842 3306 4897 nationibus
3364 4842 3592 4913 reliquis

2017 4937 2240 4992 excidit.
2279 4936 2415 5005 Ejus
2448 4936 2713 4990 facinoris
2736 4952 2931 5007 pinnas
2956 4936 3101 4991 Deus
3130 4951 3226 5005 per
3265 4936 3468 4992 illatam
3502 4948 3593 4991 rc—

2017 5036 2218 5094 gnante
2270 5024 2474 5080 Davide
2524 5024 2723 5079 famem
2771 5024 2974 5095 exegit.
3015 5025 3171 5091 Quod
3222 5025 3328 5080 nisi
3384 5034 3593 5095 septem

2014 5116 2164 5172 Sauli
2206 5118 2302 5171 lilii
2344 5118 2579 5173 Iuisseut
2621 5118 2964 5187 interempti,
3006 5118 3088 5173 ira
3125 5118 3221 5174 Dei
3250 5135 3359 5174 non
3387 5134 3594 5174 cessas-

2013 5220 2114 5265 set.
2143 5207 2277 5263 lline
2301 5208 2738 5264 animadvertere
2768 5210 2894 5264 licet
2924 5210 3214 5264 Dominum
3243 5213 3456 5281 generis
3484 5209 3594 5263 dis-

2012 5301 2220 5355 crimen
2244 5301 2452 5355 nullum
2484 5301 2805 5364 admittere,
2833 5303 2927 5356 sed
2959 5303 3184 5358 affectos
3212 5303 3429 5372 injuria,
3451 5311 3591 5355 tam-

2014 5393 2116 5446 etsi
2172 5393 2389 5462 generis
2416 5392 2619 5447 diversi
2675 5403 2730 5446 et
2770 5394 3035 5463 peregrini
3076 5395 3205 5457 sint,
3237 5394 3385 5463 justo
3438 5392 3589 5460 judi-

2015 5486 2103 5539 cio
2133 5501 2234 5539 suo
2261 5485 2561 5541 vindicare.
2603 5485 2746 5551 Quin
2780 5486 2943 5540 etiam
2988 5487 3103 5555 ipse
3150 5485 3407 5547 Davides,
3445 5481 3590 5551 quod

2022 5580 2206 5635 L'riain
2240 5595 2339 5649 per
2376 5579 2556 5635 scelus
2588 5578 2880 5645 violasset,
2915 5576 3219 5637 hominem
3258 5573 3592 5643 catteroquin
