4110 6194
412 247 419 254 '
473 228 579 292 363

1734 226 1975 291 MICHA
1987 228 2155 291 ELIS
2194 229 2453 292 GLYCE

3595 217 3701 285 344

473 336 861 404 alienigenam,
918 345 978 390 ut
1007 337 1100 405 qui
1137 334 1416 390 Cbettaeus
1449 341 1630 409 esset,
1664 334 1888 404 impune
1933 350 2041 390 non
2071 373 2082 396 λ

2184 339 2306 404 αξεν
2337 341 2365 392 6
2405 338 2556 401 Θεός.
2593 337 2708 392 Ζῶν
2740 337 2847 408 γὰρ
2887 333 3115 405 ἔμελλεν
3139 329 3280 388 εἶναι
3316 331 3410 386 τοῦ
3447 327 3704 394 εὐσεϐοῦς

478 431 621 485 tulit.
639 430 715 484 Ex
744 429 1010 486 adulterio
1036 426 1252 496 quidem
1281 437 1584 494 conceptus
1603 425 1808 490 infans,
1833 427 2040 495 primus

479 524 528 575 ei
557 531 719 576 natus
748 537 816 575 ex
853 521 1138 584 Bersabea,
1169 517 1432 573 divinitus
1465 520 1656 574 morbo
1689 519 1916 574 affectus
1955 521 2042 573 in-

482 615 666 677 teriit;
707 614 910 680 quippe
942 609 986 664 si
1017 618 1298 678 superstes
1329 611 1615 672 manisset,
1657 611 1746 680 pio
1771 611 1885 678 regi
1917 610 2047 665 fuis-

2146 430 2414 499 βασιλέως
2460 430 2665 494 ὄνειδος
2693 431 2786 483 καὶ
2825 429 2924 498 τῆς
2953 423 3119 480 αὑτοῦ
3161 425 3512 496 παρανομίας
3553 423 3708 490 ελεγ-ν

2147 538 2260 592 χος.
2288 521 2600 594 Κηδόμενος
2627 518 2722 575 οὖν
2759 519 2924 576 αὐτοῦ
2963 519 3064 592 ζῇν
3089 519 3151 572 τὸ
3176 518 3418 571 τοιοῦτον
3450 517 3478 568 6
3504 513 3709 567 Δεσπό-

2149 629 2249 683 της
2277 615 2377 666 οὐκ
2407 616 2610 667 εἴασεν.

481 711 562 757 set
585 703 783 770 probro
803 713 858 755 et
879 702 1228 757 manifestum
1257 704 1478 758 admissi
1509 703 1768 758 facinoris
1824 705 2085 758 indicium
2126 715 2290 772 atque
2331 717 2730 777 argumentum.
2793 705 3158 772 Quamobrem
3199 704 3380 758 divina
3410 703 3478 758 de
3515 701 3715 756 Davide

481 811 613 852 cura
647 795 1106 862 providentiaque
1149 794 1352 850 factum
1381 805 1465 850 est
1497 805 1554 850 ut
1581 797 1844 864 ejusmodi
1879 785 2194 866 puero'vita
2227 798 2444 866 longior
2473 815 2578 852 non
2608 801 3028 854 concederetur.

551 890 823 942 Caeterum
849 890 902 941 in
941 888 1280 942 Omissorum
1313 889 1491 958 primo
1523 889 1668 944 libro
1701 891 2047 960 signiﬁcatur

482 995 672 1035 omnes
703 981 942 1048 psalmos
973 981 1192 1034 Davidis
1211 995 1358 1036 esse.
1395 979 1656 1036 Testatur
1683 982 1826 1035 idem
1861 981 2046 1035 Theo-

485 1071 970 1140 doretusquoque,
1037 1073 1267 1141 primum
1333 1073 1586 1126 Davidem
1644 1060 1924 1127 ordinasse
1966 1073 2054 1127 di-

485 1176 636 1224 cens,
670 1162 934 1225 Asaphati
974 1170 1028 1215 et
1057 1161 1285 1215 fratrum
1330 1163 1449 1232 ejus
1477 1176 1663 1230 opera.
1719 1172 1784 1215 ut
1835 1162 2054 1231 hymnis

493 1252 636 1306 Deus
667 1252 1166 1306 concelebraretur.
1197 1251 1336 1306 Cum
1367 1262 1547 1305 autem
1580 1251 1827 1314 Davides,
1865 1255 2056 1305 eodem

490 1343 836 1399 'l‘heodoreto
862 1355 1107 1408 auctore,
1140 1361 1316 1398 annos
1340 1345 1558 1414 triginta
1591 1355 1897 1415 regnasset,
1930 1361 2054 1411 sep-

2235 894 2297 945 'H
2327 895 2383 946 δὲ
2428 895 2618 964 πρώτη
2652 894 2833 962 βίϐλος
2866 895 2973 946 τῶν
3013 889 3516 962 Παραλειπομένων
3545 889 3716 942 αίνίτ-

2155 985 2410 1050 τεταίὼς
2459 987 2551 1040 τοῦ
2583 987 2747 1062 Δαϐίδ
2783 989 2922 1039 εἰσιν
2955 985 3198 1040 ἅπαντες
3231 984 3280 1036 οἱ
3313 983 3538 1052 ψαλμοὶ,
3573 981 3719 1036 καθά

2160 1093 2296 1145 φησι
2344 1077 2712 1149 Θεοδώρητος.
2757 1079 2922 1143 Λέγει
2970 1077 3080 1144 γὰρ
3123 1077 3206 1128 ὅτι
3255 1075 3408 1137 ἔταξε
3457 1073 3620 1128 Δαϐὶδ
3663 1075 3721 1125 ὲν

2163 1168 2303 1236 ἀρχῇ
2338 1168 2432 1218 τοῦ
2486 1170 2657 1218 αἰνεῖν
2707 1167 2796 1219 τῦν
2829 1168 3032 1235 Κύριον
3075 1166 3130 1217 ἐν
3167 1166 3311 1234 χειρὶ
3352 1163 3593 1230 Ἀστφὰτ
3629 1163 3724 1214 καὶ

2162 1257 2270 1309 τῶν
2313 1257 2556 1324 ἀδελφῶν
2603 1257 2788 1316 αὑτοῦ,
2843 1259 2902 1311 ’0
2953 1258 3135 1326 μέντοι
3174 1257 3336 1310 Δαείδ
3385 1255 3520 1306 ὲτῶν
3566 1255 3723 1321 τριά-

2159 1363 2327 1400 κοντα
2379 1347 2724 1416 βασιλεύσας,
2755 1349 2829 1410 ὥς
2878 1363 3010 1414 φησι
3065 1344 3431 1412 Θεοδὼρητος,
3487 1342 3612 1411 περὶ
3658 1341 3726 1392 τὰ.
3771 1351 3788 1356 “

495 1435 735 1504 tuaginta
767 1436 1016 1500 vixisset,
1052 1434 1166 1491 fato
1199 1435 1420 1489 functus
1451 1444 1555 1489 est.
1620 1435 1776 1489 Libet
1803 1436 1906 1488 hoc
1942 1435 2061 1488 loco

2184 1437 2531 1506 ,ὄδομήκοντα
2559 1439 2616 1491 τδ
2644 1439 2739 1491 τοῦ
2783 1437 2897 1508 βίου
2929 1437 3082 1499 τέλος
3113 1434 3352 1498 ἐδέξατο.
3387 1433 3728 1502 Προσθετέον

495 1527 874 1593 superioribus
912 1527 1027 1582 haec
1063 1541 1280 1596 quoque
1311 1527 1379 1580 de
1410 1525 1634 1595 Joscphi
1657 1526 2063 1580 narrationibus

2184 1528 2221 1582 it
2245 1531 2359 1591 τοῖς
2387 1529 2499 1583 ἄνω
2527 1531 2622 1581 καὶ
2658 1530 2784 1582 τάδε
2817 1529 2938 1582 καθ’
2974 1528 3218 1598 ἱστορίαν
3252 1527 3380 1580 ὄντα
3409 1524 3504 1579 τοῦ
3540 1525 3728 1594 Ἰωσή-

496 1614 753 1684 adjicere.
779 1613 990 1673 Accidit
1019 1615 1312 1684 aliquando
1361 1623 1420 1668 ut
1461 1615 1648 1684 copias
1683 1613 1913 1667 Davides
1966 1615 2063 1667 ad-

2167 1638 2292 1676 που.
2339 1623 2499 1676 Κατὰ
2549 1621 2925 1676 Παλαιστινῶν
2973 1618 3329 1691 ὲκστρατεύει
3358 1619 3385 1670 6
3415 1616 3599 1683 Δαὸὶδ,
3636 1615 3732 1668 καὶ

495 1721 690 1760 versus
725 1706 1046 1763 Palaestinos
1109 1707 1388 1768 educeret.
1450 1722 1681 1774 ctnnque
1735 1713 2058 1776 persecutus

2184 1713 2366 1778 Ξιώξας
2418 1715 2510 1766 ἐπὶ
2561 1715 2696 1768 πολὺ
2751 1714 2934 1783 διέστη
2975 1715 3081 1765 τῶν
3119 1711 3284 1766 αὐτοῦ
3336 1711 3576 1763 πάντων.
3622 1708 3734 1760 Καὶ

497 1809 593 1850 eos
625 1797 716 1851 diu
753 1797 969 1859 fuisset,
995 1797 1159 1867 longo
1194 1797 1487 1852 intervallo
1512 1813 1540 1850 a
1565 1799 1678 1851 suis
1705 1789 1960 1867 omnibus
1981 1804 2064 1850 est

498 1887 763 1941 divulsus.
820 1885 956 1941 Tum
993 1866 1213 1957 quidam
1253 1903 1318 1942 ex
1376 1887 1642 1952 hostibus,
1705 1866 1738 1940 ξι
1787 1889 2063 1956 gigantum

502 1979 820 2048 posteritate
849 1991 1030 2045 natus,
1064 1995 1188 2034 eum
1244 1980 1420 2034 solum
1459 1979 1850 2046 desertumque
1879 1979 2067 2032 videns

505 2086 569 2123 ac
596 2087 706 2139 prae
741 2071 927 2125 labore
955 2072 1165 2126 viribus
1191 2072 1540 2135 destitutum,
1576 2071 1884 2125 interficere
1916 2069 2069 2124 festi-

505 2162 672 2215 nabat
700 2179 714 2226 ;
743 2162 1035 2216 ac-facrum
1070 2163 1124 2216 id
1161 2177 1293 2216 sane
1321 2161 1538 2226 fuisset,
1565 2161 1615 2214 ni
1648 2163 1891 2214 Abisaeus
1916 2159 2069 2214 Joahi

509 2253 676 2306 frater
707 2268 833 2306 mox
862 2253 1134 2308 adfuisset
1161 2254 1486 2320 hostemque
1519 2253 1840 2322 peremisset
1869 2268 1932 2306 ac
1967 2251 2070 2304 Da-

507 2345 682 2398 videm
711 2346 918 2399 salvum
954 2347 1071 2400 suis
1105 2345 1459 2400 restituisset.
1521 2342 1640 2409 Qua
1675 2343 1745 2397 de
1773 2359 1940 2398 causa
1975 2359 2071 2412 po-

513 2436 671 2506 pulus
711 2438 1006 2493 universus
1050 2453 1174 2492 eum
1210 2438 1566 2507 jurejurando
1592 2435 1910 2498 adstrinxit,
1966 2436 2074 2505 quo

509 2545 570 2584 se
605 2530 869 2600 deinceps
899 2547 1022 2585 cum
1047 2530 1259 2585 caeteris
1303 2531 1358 2583 in
1397 2529 1580 2598 prxlia
1631 2543 1740 2583 non
1803 2527 2079 2598 profectu-

513 2637 631 2675 rum
667 2624 1035 2690 polliceretur.
1072 2622 1305 2676 Rursum
1334 2621 1610 2676 Palaestini
1657 2629 1838 2674 castra
1880 2619 2078 2674 castris

516 2713 866 2767 Hebraeorum
904 2721 1300 2782 opposuerant.
1339 2712 1734 2780 llabebantque
1765 2725 1950 2766 secum
1981 2712 2081 2764 ho-

515 2806 714 2858 minem
741 2807 1068 2873 proceritate
1097 2821 1188 2861 sex
1243 2806 1556 2860 cubitorum
1587 2845 1602 2870 ,
1637 2805 1722 2858 cui
1774 2813 1960 2859 essent
2024 2803 2078 2857 in

516 2903 746 2964 utraqtte
773 2899 957 2965 planta
983 2897 1142 2966 pedis
1173 2907 1230 2952 et
1259 2908 1489 2965 utraque
1517 2911 1680 2950 manu
1705 2895 1859 2966 digiti
1898 2896 2081 2965 plures
2115 2883 2124 2888 ’

514 3003 679 3057 quam
709 2997 914 3044 natura:
941 2989 1292 3054 conveniret;
1323 2997 1443 3043 erat
1470 2989 1613 3042 cnim
1652 2997 1709 3041 et
1743 2988 1858 3055 ipse
1907 2987 1973 3040 de
1999 2986 2081 3055 gi-

515 3093 742 3154 gantum
778 3084 1017 3150 posteris
1051 3083 1338 3136 oriundus.
1379 3080 1558 3146 lluuc,
1613 3079 1794 3134 duello
1827 3093 2084 3147 congres-

517 3187 632 3230 sus.
667 3172 942 3226 Jonathan
976 3171 1204 3225 Sabaeus
1235 3170 1395 3240 180
1423 3172 1644 3240 quidam
1674 3169 1956 3230 interficit,
1994 3182 2086 3221 co-

517 3276 622 3327 que
644 3269 808 3328 pacto
833 3263 1075 3315 victoria:
1104 3264 1218 3317 suis
1247 3275 1437 3316 aucror
1467 3260 1701 3315 exstitit.
1733 3261 1814 3314 Ab
1845 3275 1912 3313 eo
1943 3270 2085 3313 tem-

521 3366 652 3418 pore
689 3352 962 3407 Palestini
1025 3354 1165 3407 bello
1234 3353 1490 3407 Helmeos
1551 3351 1752 3405 adoriri
1809 3352 2112 3417 desierunt,

2169 1805 2293 1859 ίδὼν
2329 1805 2491 1859 αὑτὸν
2526 1804 2910 1874 μεμονωμένον
2938 1805 3032 1856 καὶ
3061 1803 3164 1856 ὑπ’»
3192 1804 3361 1854 κόπου
3391 1801 3614 1852 έκλυτόν
3643 1816 3730 1861 τις

2166 1897 2276 1949 τῶν
2328 1895 2612 1958 ἐναντίων,
2639 1895 2696 1957 ὃς
2750 1896 2842 1949 καὶ
2887 1894 3154 1961 ἀπόγονος
3199 1893 3305 1942 τῶν
3335 1892 3612 1956 Γιγάντων
3643 1883 3732 1958 ἦν,

2169 1987 2426 2056 ἠπείγετο
2457 1986 2768 2039 θανατῶσαι
2807 1986 2989 2037 αὐτόν.
3023 1984 3130 2035 Καὶ
3161 1981 3319 2035 τοῦτο
3352 1981 3417 2034 ἂν
3462 1981 3735 2048 ἐγεγόνει,

2170 2079 2217 2131 5i
2255 2081 2330 2146 μὴ
2367 2076 2648 2138 Ἀσεσαῖος
2677 2077 2704 2128 6
2739 2075 2965 2143 ἀδελφὸς
3003 2071 3158 2125 Ἰωᾶὁ
3190 2069 3466 2141 παρετιθὺς
3493 2067 3740 2138 εὐρεθεῖς

2173 2170 2352 2222 ἐκεῖσε
2408 2167 2701 2221 ἀπέκτεινε
2760 2167 2852 2220 τὸν
2905 2165 3187 2232 πολέμιον,
3239 2162 3445 2215 ἐκεῖνον
3494 2160 3550 2212 δὲ
3597 2158 3738 2211 σῶον

2174 2261 2576 2315 ἑπανεσὼσατο.
2631 2258 2798 2311 Ὅθεν
2850 2260 2946 2312 καὶ
2995 2256 3258 2327 ὥρκωσεν
3309 2254 3475 2306 αὐτὸν
3532 2253 3558 2304 6
3609 2249 3742 2312 λαὸς

2175 2348 2323 2412 ἅπας
2373 2349 2446 2412 ὡς
2503 2349 2578 2418 μὴ
2623 2347 2717 2400 τοῦ
2765 2345 2954 2399 λοιποῦ
3002 2348 3098 2399 σὺν
3143 2344 3330 2404 αὐτοῖς
3374 2343 3623 2410 ἀπαντᾷν
3660 2342 3742 2404 είς

2178 2444 2433 2511 πόλεμον.
2487 2439 2982 2510 Στρατοπεδεύουσι
3053 2437 3147 2490 καὶ
3214 2430 3368 2498 αὖθις
3439 2435 3580 2486 κατὰ
3632 2434 3742 2485 τῶν

2190 2531 2459 2602 Ἑϐραίων
2504 2533 2552 2585 οἱ
2601 2531 2978 2595 Ιῐαλαιστινοὶ,
3010 2530 3066 2581 έν
3115 2523 3196 2588 οἷς
3249 2524 3316 2597 ἦν
3365 2527 3506 2597 ἀνὴρ
3549 2527 3610 2578 τὸ
3643 2526 3744 2593 μὲν

2181 2625 2314 2694 ὕψος
2360 2624 2420 2689 ἓξ
2468 2623 2710 2693 πήχεων,
2738 2622 3038 2682 δακτύλους
3069 2619 3126 2671 δὲ
3157 2623 3213 2672 ὲν
3238 2619 3476 2689 ἑκατέρᾳ
3509 2619 3618 2669 τῶν
3650 2615 3747 2685 βά-

2183 2731 2320 2768 σεων
2356 2715 2448 2768 καὶ
2477 2713 2586 2766 τῶν
2614 2712 2814 2784 χειρῶν
2844 2709 3270 2779 περισσοτέρους
3304 2702 3420 2775 εἶχε
3455 2705 3563 2756 τῶν
3603 2701 3746 2755 κατά

2182 2807 2378 2874 φύσιν·
2435 2806 2702 2871 ᾰπῦγονος
2749 2802 2858 2873 γὰρ
2910 2800 3019 2853 τῶν
3067 2800 3349 2866 Γιγάντων
3394 2793 3484 2867 ἦν.
3545 2793 3748 2846 Τοῦτον

2183 2898 2497 2954 ἀποκτείνει
2563 2896 2949 2966 μονομαχήσας
3005 2891 3260 2944 Ἶωνάθαν
3327 2906 3413 2952 τις
3463 2889 3746 2950 Σουῧαῖος,

2184 2987 2306 3041 ξθεν
2340 2988 2434 3040 καὶ
2469 2987 2624 3055 νίκης
2649 2985 2822 3047 αἴτιος
2843 2985 3076 3052 γίνεται.
3107 2981 3333 3034 Ἐκτοτε
3365 2975 3458 3032 οὖν
3483 2977 3749 3030 παύονται

2189 3080 2238 3133 οἱ
2261 3079 2610 3132 Παλαιστινοὶ
2637 3076 2728 3130 τοῦ
2759 3077 2894 3146 πρὸς
2931 3075 3217 3145 Ἐϐραίους
3249 3071 3537 3142 μάχεσθαι.
3569 3066 3685 3136 Ἐφ’
3708 3062 3752 3134 ᾧ

2193 3169 2371 3222 λαϐὼν
2405 3167 2592 3222 ἄδειαν
2639 3168 2668 3226 6
2720 3166 2880 3218 Δαόὶδ
2908 3166 3098 3237 ὑμνεῖν
3129 3161 3332 3234 ἠρξατο
3372 3160 3465 3214 τὸν
3496 3159 3628 3212 Θεὸν
3656 3158 3754 3211 καὶ

2195 3259 2293 3322 τὰς
2315 3257 2458 3329 ᾠδὰς
2489 3257 2737 3312 έπλεκεν.

2188 3366 2296 3418 qua
2351 3351 2642 3406 occasione
2702 3349 2932 3404 Davides
2979 3351 3148 3406 otium
3210 3350 3500 3420 anegotiis
3561 3355 3757 3402 nactus

523 3447 740 3517 hymnis
765 3448 936 3500 Deum
965 3448 1188 3502 laudare
1223 3448 1391 3516 ccepit
1422 3446 1664 3513 odasque
1722 3461 1908 3500 sacras
1952 3457 2265 3502 contexere.

595 3542 895 3598 Sciendum
953 3553 1035 3599 est
1081 3555 1264 3601 autem
1317 3545 1574 3598 habuisse
1602 3543 1822 3613 quidem
1885 3543 2091 3598 milites

526 3630 787 3686 Davidem
817 3633 1129 3701 complures
1163 3632 1348 3687 invicti
1385 3632 1619 3696 roboris,
1677 3647 1865 3686 verum
1929 3634 2092 3700 quin-

527 3741 634 3792 que
669 3723 898 3778 nn'mino
927 3725 1180 3778 eximios.
1216 3723 1422 3778 Horum
1458 3723 1513 3777 in
1556 3738 1784 3776 numero
1825 3721 1930 3777 fuit
1953 3740 2094 3779 unus

527 3814 618 3883 qui
650 3823 942 3868 sexcentos
974 3815 1160 3867 hostes
1190 3829 1298 3867 uno
1326 3813 1413 3866 die
1446 3811 1748 3875 interemit,
1787 3811 1912 3866 item
1949 3813 2091 3866 alius

528 3910 619 3974 qui
685 3907 952 3959 adversus
1023 3905 1204 3959 hostes
1265 3904 1557 3973 prosiliens
1620 3903 1866 3957 caedendi
1931 3905 2092 3956 liuent

533 3999 682 4066 prius
710 4012 817 4051 non
849 3998 980 4050 fecit
1011 4012 1172 4064 quam
1213 4007 1518 4066 mmgcntos
1549 3994 1867 4050 occidisset.
1922 3994 2096 4048 Tanta

531 4092 719 4145 iidem
753 4089 965 4159 prmditi
993 4102 1151 4144 erant
1179 4090 1428 4166 audacia,
1467 4099 1524 4142 ut
1564 4097 1676 4142 tres
1716 4077 1906 4141 eorum
1933 4087 2099 4141 Beth~

531 4184 802 4237 lrhemam
840 4194 1134 4252 pergerent
1180 4197 1244 4236 ac
1284 4180 1470 4234 Davidi
1536 4191 1648 4251 tum
1704 4178 2098 4248 Hierosolymis

2279 3543 2478 3596 Ίστέον
2502 3543 2560 3598 δὲ
2593 3543 2674 3597 ὃτι
2703 3544 3043 3613 στρατιώτας
3071 3543 3316 3611 ἀμάχους
3349 3543 3447 3612 μὲν
3469 3544 3569 3611 τὴν
3601 3543 3757 3611 lex-DV

2194 3637 2422 3698 πολλοὺς
2451 3639 2478 3690 6
2505 3635 2669 3690 Δασὶδ
2702 3638 2990 3706 ἐκτήσατο,
3025 3635 3318 3707 ἐξαιρέτως
3363 3637 3420 3690 δὲ
3463 3637 3644 3688 πέντε.
3690 3638 3751 3689 '0

2197 3728 2295 3796 μὲν
2327 3728 2434 3796 γὰρ
2465 3727 2646 3780 αὐτῶν
2675 3725 2719 3798 χ’
2764 3727 2970 3782 ἀνεῖλεν
2999 3730 3056 3780 ἐν
3098 3728 3195 3796 μιᾷ
3240 3728 3446 3797 ἡμέρᾳ,
3476 3729 3505 3779 6
3548 3727 3604 3779 δὲ
3635 3730 3761 3779 κατ’

2195 3816 2403 3890 ἐχθρῶν
2447 3819 2767 3888 ἐκπηδήσας
2819 3819 2918 3871 οὐκ
2962 3819 3028 3871 ἂν
3069 3817 3306 3886 ἐπαύετο
3335 3820 3384 3870 εί
3423 3819 3496 3886 μὴ
3533 3820 3759 3872 ἐννακο-

2199 3911 2342 3972 σίους
2376 3911 2572 3965 ἀνεῖλε.
2604 3910 2868 3964 Τοσοῦτον
2899 3910 3007 3981 γὰρ
3061 3910 3330 3980 τολμηροὶ⁸
3373 3905 3514 3979 ἦσαν
3555 3910 3629 3971 ὡς
3665 3912 3762 3962 καὶ

2197 3998 2343 4064 τρεῖς
2373 3995 2432 4060 ἐξ
2460 3996 2638 4050 αὐτῶν
2667 3997 2802 4065 πρὸς
2843 3996 3089 4066 Βηθλεὲμ
3125 3997 3381 4050 ἀπελθεῖν
3409 3997 3503 4049 καὶ
3531 3997 3762 4063 ἀγαγεῖν

2197 4089 2342 4158 ὕδωρ
2383 4089 2462 4158 τῷ
2510 4089 2674 4160 Δαβὶδ
2703 4089 2852 4152 ὲντδς
2881 4089 2996 4140 ὄντι
3040 4089 3457 4161 Ἰεροσολύμων,
3485 4087 3755 4140 εἰσελθόν-

2198 4191 2296 4241 τας
2333 4179 2531 4242 αὐτοὺς
2576 4180 2671 4232 καὶ
2708 4178 3024 4242 ἐξελθόντας
3067 4178 3155 4231 διὰ
3203 4179 3383 4247 μέσων
3419 4163 3524 4228 τῶν
3555 4175 3762 4227 Παλαιο

452 4282 453 4285 ‘
535 4273 752 4342 degenti
780 4288 974 4341 aquam
1025 4271 1328 4335 adferrent,
1380 4271 1610 4340 profecti
1647 4287 1713 4325 eo
1751 4270 2082 4338 vicissimqm

2203 4269 2397 4323 στινῶν
2443 4269 2548 4334 ἔξω
2583 4269 3065 4340 παρακαθημένων
3115 4268 3206 4320 καὶ
3265 4267 3338 4337 μὴ
3375 4267 3769 4335 τολμησάντων

535 4367 742 4420 reversi
783 4381 882 4434 per
915 4365 1122 4419 medios
1159 4363 1500 4440 Palaestinos,
1547 4373 1704 4418 extra
1737 4362 1996 4432 oppidum
2041 4365 2082 4415 ir

2208 4363 2390 4425 αὐτοῖς
2437 4363 2746 4416 ἁντιπεσεϊν
2784 4361 2871 4414 διὰ
2913 4363 3165 4412 τοσοῦτον
3213 4360 3412 4430 θράσος
3456 4358 3658 4412 αὐτῶν.
3701 4359 3768 4408 Ὀ

531 4458 733 4513 castris
771 4457 1149 4520 eonsidentes,
1215 4473 1316 4512 nec
1370 4467 1595 4527 propter
1653 4455 1924 4524 insignem
1961 4453 2102 4508 hanc

2204 4453 2346 4536 ὕδωρ
2386 4453 2487 4506 οὐκ
2531 4453 2766 4528 ἠθέλησε
2821 4454 2966 4504 πιεῖν
2998 4453 3024 4503 6
3048 4449 3234 4514 Δαϐὶδ,
3276 4449 3407 4531 ἀλλ’.
3436 4449 3659 4500 ἔσπεισε
3690 4448 3771 4518 τῷ

532 4552 814 4607 audaciam
847 4567 904 4606 se
925 4551 1058 4621 ipsis
1083 4551 1323 4620 objieere
1347 4565 1532 4603 ausos.
1554 4549 1730 4616 Atque
1755 4549 1893 4602 hanc
1909 4563 2082 4616 aquan

2205 4545 2344 4614 Θεῷ,
2373 4543 2467 4596 καὶ
2501 4547 2626 4606 τοὺς
2655 4540 2996 4613 στρατιώτας
3033 4538 3334 4607 ἐθαύμασε.
3393 4545 3400 4566 ί

531 4647 724 4700 bibere
758 4643 990 4697 Davides
1025 4642 1224 4706 uoluit,
1249 4641 1343 4695 sed
1372 4640 1606 4693 militum
1639 4641 1900 4693 virtutem
1931 4640 2106 4693 admi-

533 4751 690 4792 ratus
726 4751 843 4790 eam
880 4731 990 4786 Deo
1015 4732 1227 4786 libavit.

615 4829 930 4882 Secundum
993 4824 1108 4878 haec
1165 4821 1482 4892 designatus
1535 4837 1566 4876 a
1609 4821 1811 4876 Davide
1861 4820 2104 4881 Solomo,

538 4919 792 4973 consedit
815 4919 870 4972 in
891 4917 1092 4971 throno
1127 4915 1430 4970 Dominiad
1465 4914 1827 4968 obtinendum
1855 4925 2108 4976 regnum,

539 5015 647 5071 hoc
676 5023 760 5068 est
799 5014 855 5067 in
913 5011 1110 5066 solium
1153 5009 1345 5064 Davidi
1399 5024 1428 5063 a
1465 5009 1693 5064 Domino
1721 5007 2005 5062 tributum.
2050 5006 2106 5061 In

539 5106 884 5160 Omissorum
921 5106 1100 5173 primo
1138 5103 1280 5157 libro
1317 5101 1687 5172 perscriptum
1735 5101 1964 5169 legimus
2015 5099 2112 5152 Sa-

543 5197 805 5261 tnuclum,
835 5195 1158 5253 Nuthancm,
1185 5195 1498 5263 Gademqm
1528 5203 1676 5246 vates
1699 5190 2108 5245 commentariis

543 5307 635 5344 res
692 5305 720 5341 a
771 5289 974 5342 Davide
1014 5296 1196 5358 gestas
1235 5285 1550 5354 complutos
1604 5297 1746 5336 esse.
1813 5279 2112 5335 Sciendum

2279 4816 2430 4869 Μετὰ
2467 4815 2522 4867 δὲ
2569 4812 2741 4866 ταῦτα
2787 4811 3182 4882 χειροτονηθεὶς
3232 4807 3386 4880 πάρά
3418 4807 3510 4862 τοῦ
3549 4809 3716 4862 Δαδὶδ
3746 4811 3773 4861 6

2210 4907 2458 4977 Σολομῶν
2484 4905 2735 4958 ἐκάθισεν
2759 4907 2850 4959 ἐπὶ
2884 4904 3077 4974 θρόνου
3111 4901 3314 4971 Κυρίου
3345 4901 3424 4960 είς
3466 4899 3771 4967 βασιλείαν,

2210 5002 2486 5054 τουτέστιν
2539 5001 2618 5058 εἰς
2667 4997 2759 5049 τὸν
2809 4995 3029 5047 δοθέντα
3071 4993 3261 5062 θρόνον
3304 4990 3450 5052 αύτῷ
3483 4991 3630 5059 παρὰ
3657 4991 3775 5042 Ku-

2215 5094 2353 5163 ρίου.
2389 5091 2501 5160 Τῆς
2539 5089 2595 5141 δὲ
2636 5086 2862 5155 πρώτης
2913 5084 3096 5152 βίϐλου
3129 5081 3235 5133 τῶν
3273 5079 3778 5147 Παραλειττομένων

2213 5184 2270 5235 τι
2292 5183 2446 5242 τέλος
2475 5179 2626 5247 δηλοῖ
2657 5180 2738 5230 ὅτι
2785 5178 2877 5228 xxi.
2913 5174 3163 5244 Σαμουὴλ
3190 5177 3217 5226 6
3239 5172 3382 5243 ὀρῶν
3407 5173 3502 5225 καὶ
3536 5173 3724 5224 Νάθαν
3749 5171 3779 5223 6

2216 5275 2500 5346 προφήτης
2525 5273 2620 5327 καὶ
2653 5271 2758 5323 Γὰδ
2785 5271 2812 5321 6
2841 5268 2984 5337 ὁρῶν
3005 5266 3221 5336 βίϐλους
3245 5264 3391 5334 εἶχον
3423 5280 3779 5333 συγγεγραμ-

555 5382 809 5435 mundem
841 5353 1265 5434 fuissevol'niam
1289 5387 1343 5431 et
1366 5353 1657 5440 Adoni-am,
1704 5384 1763 5428 ut
1796 5375 1887 5443 qui
1915 5372 2078 5442 duplc

2216 5369 2404 5436 μένας.
2446 5364 2641 5417 ’ἰστέον
2686 5364 2767 5415 ὅτι
2815 5361 3034 5431 ὐρνίας
3079 5359 3171 5412 καὶ
3228 5355 3488 5418 Ἀδωνίας
3541 5357 3567 5407 6
3611 5353 3778 5415 αὐτὸς

547 5491 749 5529 nomen
786 5471 1058 5527 habuerit.
1100 5470 1198 5524 llic
1227 5484 1352 5524 cum
1393 5469 1457 5521 ad
1485 5466 1794 5520 convivium
1833 5463 2082 5518 invitassr

2216 5456 2305 5530 ἦν,
2337 5458 2448 5520 υίὸς
2489 5456 2545 5509 δὲ
2585 5455 2785 5507 Δαϐίόο
2828 5452 3096 5520 διώνυμος
3155 5451 3287 5518 γάρ.
3337 5442 3507 5508 Οὗτος
3563 5449 3781 5499 δειπνο-

551 5565 780 5620 Joabunt
803 5573 857 5619 et
881 5561 1254 5624 Abiatharcm,
1273 5559 1339 5614 de
1358 5556 1674 5627 occupando
1698 5571 1864 5626 regno
1888 5553 2118 5608 scilicite

553 5659 844 5728 cogitabat.
877 5657 1012 5710 Tum
1040 5654 1248 5709 Nathau
1285 5663 1431 5706 vales
1451 5651 1642 5704 horuzn
1671 5647 1896 5703 consili).
1924 5646 2115 5700 Der-:2-

2220 5551 2485 5618 κλήτορας
2536 5547 2674 5616 έχων
2727 5545 2818 5598 τὴν
2850 5543 3018 5611 ,ἸωΞιὸ
3063 5545 3156 5595 καὶ
3204 5541 3297 5594 τὸν
3349 5539 3616 5608 ’Λϐεάθαρ
3651 5537 3784 5606 περὶ

2221 5643 2316 5710 τῆς
2351 5640 2624 5710 βῖπιλεῖας
2661 5638 2910 5708 ἐμελέτα.
2952 5637 3010 5688 '0
3035 5635 3085 5687 δὲ
3123 5632 3308 5686 Νάθαν
3332 5631 3524 5702 μηνύει
3558 5631 3625 5684 τὰ.
3655 5633 3784 5702 περὶ
