4110 6194
58 3839 62 3974 ι

58 4229 60 4360 l

292 275 394 339 3&5

1537 257 1940 320 ANNALIUM
1983 259 2180 320 PARS
2217 261 2298 320 Il.

3431 265 3540 328 M6

289 393 490 446 τούτων
541 389 608 458 τῇ
666 383 938 454 Βερσαὸεὲ
999 374 1130 451 (οἵδε
1195 378 1304 448 γᾲρ
1361 375 1452 429 τὸν
1517 374 1718 426 σκοπδν
1765 371 1858 424 τοῦ

1988 378 2468 446 temaperitoiorat
2504 377 2650 429 enim
2693 375 2785 430 [ιι-ἱ
2827 386 3062 432 nantem
3113 384 3278 445 atque
3323 378 3541 432 institu-

289 482 467 552 Θεοῦ),
502 479 644 548 αὐτη
699 479 755 531 δὲ
797 475 992 546 μηνύει
1035 473 1114 540 τῷ
1145 469 1328 524 Δαϐίδ.
1374 467 1434 520 ὐ
1489 467 1670 536 μέντοι
1697 463 1862 516 Δαΰδ

287 577 349 630 δι’
378 572 582 630 ἑαυτοῦ
621 571 721 640 μὲν
767 570 860 622 τὸν
906 565 1062 622 ’ἰωὰὸ
1095 561 1412 632 τιμωρῆσαι
1467 557 1542 628 μὴ
1591 555 1858 625 θελήσας,

289 665 382 720 ᾰτε
431 664 579 734 ὑπὲρ
613 661 784 717 αὐτοῦ
821 659 991 713 πολλὰ
1041 656 1407 718 κοπιάσαντα,
1447 649 1526 720 τῷ
1554 645 1864 718 Σολομῶντι

291 759 551 826 παραινεῖ
593 755 912 808 ἀποκτεῖναι
961 751 1146 813 αὐτὸν,
1191 749 1276 802 ἵνα
1338 746 1414 818 μὴ
1464 744 1564 814 τῆς
1609 741 1866 808 νεότητος

293 848 455 902 αὐτοῦ
484 847 898 917 καταφρονήσῃ.
941 842 1024 896 Τὰ
1057 842 1197 896 αὐτὰ
1231 840 1289 893 δὲ
1320 835 1682 909 συμϐουλεύει
1714 832 1866 892 αὐτῶ

295 945 386 996 καὶ
432 942 566 1011 περὶ
604 940 699 992 τοῦ
736 937 933 1007 Σεμεεὶ
963 936 1038 998 ὡς
1065 937 1312 1005 ἀρχηγοῦ
1342 932 1518 994 δντος,
1563 929 1612 981 ei
1643 927 1737 980 καὶ
1769 925 1867 976 αὐ-

293 1038 375 1099 τὸς
403 1035 696 1104 ἐκαρτέρει
731 1032 902 1086 πολλὰ
927 1031 1021 1082 καὶ
1049 1028 1312 1089 πολλάκις
1346 1021 1704 1096 ὑϐριζόμενος
1733 1016 1865 1086 παρ’

295 1130 481 1182 αὐτοῦ.
515 1129 724 1196 Κρατεῖ
754 1127 780 1178 ὁ
813 1119 1088 1192 Σολομῶν,
1122 1121 1218 1174 καὶ
1259 1117 1567 1186 τηνικαῦτα
1592 1114 1683 1167 τὸν
1716 1113 1869 1166 ἀδελ·-

297 1222 390 1289 φὺν
412 1219 579 1272 αὐτοῦ
629 1217 846 1292 Ὀρνιαν
883 1213 1123 1285 φονεύει.
1154 1211 1316 1266 Ἀλλὰ
1347 1209 1445 1264 καὶ
1478 1209 1570 1261 ἐπὶ
1599 1205 1675 1277 τῷ
1705 1203 1865 1260 ἰωὰσ

295 1313 555 1374 ὡσαύτως
606 1312 773 1374 ποιεῖ,
805 1307 908 1362 κᾶν
962 1305 1040 1376 τῷ
1095 1303 1214 1373 Θεῷ
1256 1303 1608 1373 προσέφυγεν
1636 1314 1652 1330 ο
1688 1300 1716 1350 ὁ
1758 1296 1865 1369 γὰρ

295 1405 432 1466 θεῖος
463 1403 627 1472 νόμος
661 1401 752 1454 τὸν
777 1395 1239 1468 προσπεφευγοτα
1273 1393 1350 1464 τῷ
1385 1392 1500 1462 ναῷ
1535 1389 1864 1462 ἀνδροφόνον

296 1487 636 1558 ἀναιρεῖσθαι
669 1482 1018 1556 προσέταξεν.

376 1581 436 1633 Ὅ
483 1577 734 1646 Σολομῶν
796 1575 852 1626 ὲν
907 1572 1213 1644 χιλιόμῦοιν
1269 1567 1597 1640 ἱερατεύσας
1655 1563 1864 1617 ἱκέτευε

295 1668 382 1722 τον
433 1667 587 1730 Θεὸν,
613 1665 710 1716 καὶ
762 1661 954 1728 σοφίας
998 1662 1185 1730 τυχεῖν
1231 1659 1403 1731 ᾔτησε
1445 1658 1540 1709 καὶ
1569 1655 1861 1717 συνέσεως.

1973 466 2132 536 tum),
2161 467 2418 523 Bersabm
2453 483 2564 521 rem
2595 469 2662 522 ad
2683 467 2937 522 Dmidem
2969 468 3161 522 deleri.
3189 468 3544 538 llavides,qui

1971 573 2070 628 per
2105 573 2163 612 se
2188 557 2419 614 Joabum
2449 560 2589 614 allici
2615 560 2884 629 supplicio
2925 559 3113 624 nollet,
3145 563 3290 627 quod
3325 561 3369 616 is
3403 560 3546 616 mul-

1973 657 2056 704 tos
2085 650 2294 704 labores
2343 650 2516 720 ipsius
2541 666 2702 724 causa
2744 650 3065 729 .pertulisset
3091 693 3108 717 ,
3130 651 3411 708 Solomoni
3435 651 3545 706 [ilio

1973 742 2248 797 consuluit
2291 751 2350 797 ut
2397 759 2521 798 eum
2556 743 2958 808 interﬁciat,ne
2994 742 3335 810 juventutem
3370 745 3544 814 ipsius

1972 833 2351 889 ﬂoccifaceret.
2385 835 2527 890 Idem
2557 835 2606 889 ei
2630 835 2721 888 dat
2761 834 2977 888 consilii
3009 835 3077 890 de
3107 834 3324 904 Semejo
3379 838 3544 903 plana

1973 927 2231 982 seditioso
2265 926 2522 990 homine;
2550 941 2712 996 quem
2745 934 2928 979 tamen
2985 927 3102 995 ipse
3133 928 3358 992 tulerat,
3407 929 3542 984 licet

1974 1018 2156 1074 multis
2185 1020 2254 1074 ab
2279 1034 2343 1074 eo
2374 1018 2568 1072 luisset
2595 1018 2884 1092 aliquoties
2924 1017 3141 1084 injuriis
3167 1019 3421 1075 allectus.
3448 1020 3547 1076 Se-

1973 1111 2210 1166 cundum
2266 1111 2380 1164 haec
2406 1124 2574 1180 regno
2643 1110 2848 1178 potitur
2885 1106 3138 1172 Soloiuo,
3201 1119 3256 1164 et
3315 1111 3542 1168 fratrem

1973 1215 2132 1256 suum
2164 1201 2398 1274 Orniam'
2431 1201 2710 1255 interﬁcit.
2737 1199 2885 1254 Idem
2912 1199 3083 1254 Joabo
3120 1201 3340 1265 accidit,
3364 1216 3540 1270 quan-

1973 1309 2134 1364 quam
2175 1293 2221 1347 is
2253 1293 2320 1346 ad
2352 1308 2499 1346 aram
2554 1289 2651 1345 Dei
2695 1289 3047 1362 profugisset.
3110 1289 3219 1345 Lex
3274 1291 3418 1346 enim
3466 1291 3548 1346 di-

1973 1388 2098 1441 vina
2133 1386 2482 1454 homicidam,
2509 1383 2602 1456 qui
2633 1385 2699 1440 ad
2732 1385 2996 1456 templum
3021 1384 3270 1455 fugisset,
3311 1382 3544 1440 interﬁci

1966 1477 2142 1547 jubeL

2043 1569 2186 1625 Hinc
2221 1569 2444 1625 Solomo
2465 1583 2586 1624 cum
2639 1567 2787 1622 mille
2818 1565 3114 1636 aliquando
3146 1564 3398 1622 victimas
3445 1565 3548 1620 im-

1975 1663 2252 1727 molasset,
2281 1662 2390 1717 Deo
2429 1661 2720 1731 supplicat,
2749 1669 2804 1716 ct
2825 1659 3144 1728 sapientiam
3169 1658 3545 1728 prudentiam-

299 1758 476 1828 Ὠφθη
505 1722 740 1824 δὲσαύτῷ
760 1722 960 1825 Κύριος
994 1755 1050 1804 ὲν
1070 1722 1362 1822 ’ῦπνῳηκαὶ
1392 1745 1566 1801 εἶπεν·
1597 1765 1613 1796 ι
1634 1747 1867 1814 Αἴτησαι

1988 1771 2078 1826 lue
2112 1754 2214 1810 sibi
2248 1763 2304 1808 ut
2329 1722 2590 1823 largiatur
2616 1722 2754 1807 orat.
2788 1722 2924 1806 Nam
2957 1722 3246 1820 Deus-ipse
3272 1765 3372 1820 per
3394 1763 3544 1804 som-

295 1851 355 1902 τι
395 1849 605 1917 αἴτημα
663 1845 899 1915 σεαυτῷ.
935 1863 954 1896 ι
1000 1843 1060 1895 Ὀ
1093 1841 1146 1894 δὲ
1182 1836 1304 1894 εἷπε
1335 1855 1350 1869 '
1382 1857 1400 1890 ι
1442 1839 1512 1890 Σὺ
1537 1837 1744 1898 ἔδωκας
1777 1835 1868 1890 τὸν

1974 1864 2104 1904 num
2139 1850 2188 1902 ei
2215 1862 2275 1902 se
2310 1848 2584 1902 obtulerat
2611 1855 2667 1900 et
2705 1845 2908 1914 aliquid
2946 1846 3014 1899 ab
3045 1859 3105 1900 se
3137 1845 3216 1898 uti
3245 1843 3554 1914 postularet

300 1923 484 1992 δοῦλον
525 1955 620 1990 σου
660 1937 784 1990 ἀντὶ
834 1934 999 1987 Δαϐὶδ
1054 1931 1148 1984 τοῦ
1201 1929 1410 1999 πατρός
1456 1946 1582 1998 μου,
1613 1928 1709 1980 καὶ
1758 1924 1870 1993 ὲγώ

1988 1947 2228 2002 usserat.
2259 1937 2351 1994 Ille
2384 1952 2513 1991 vero
2546 1937 2920 2016 respondens:
2952 1938 3066 1990 t'l'u
3102 1949 3190 1990 me
3216 1975 3234 2002 ,
3279 1935 3458 2004 inquit
3479 1934 3552 2000 ",

300 2031 414 2100 εἰμι
451 2029 739 2098 παιδάριον
773 2025 991 2096 μικρὸν,
1025 2023 1121 2076 καὶ
1153 2021 1260 2091 ἐγὼ
1295 2022 1396 2074 οὐκ
1441 2017 1560 2074 οἶδα
1592 2020 1691 2088 τὴν
1727 2019 1870 2072 εἵσο-

301 2125 386 2177 δὸν
423 2139 524 2192 μου
573 2121 670 2174 καὶ
704 2122 801 2190 τὴν
845 2117 1026 2182 ἐξοδόν
1069 2132 1196 2186 μου,
1225 2115 1320 2167 καὶ
1360 2114 1556 2169 δώσεις
1590 2110 1666 2182 τῷ
1699 2111 1873 2180 δούλῳ

307 2231 394 2265 σου
432 2211 662 2281 καρδίαν
695 2209 916 2262 ἀκούειν
956 2208 1050 2261 καὶ
1081 2193 1380 2274 διακρίνειν
1417 2201 1506 2254 τὸν
1537 2200 1667 2252 λαόν
1697 2215 1790 2250 σου
1819 2199 1873 2249 ὲν

303 2305 641 2376 δικαιοσύνῃ.
676 2321 693 2355 ι
719 2305 827 2356 Καὶ
869 2297 992 2354 εἷπε
1019 2299 1222 2368 Κύριος
1253 2297 1390 2364 πρὸς
1448 2293 1632 2356 αὐτὸν,
1675 2310 1692 2342 ι
1727 2288 1874 2342 ’Δνθ’

305 2394 375 2451 ὧν
407 2398 598 2469 ᾐτήσω
629 2396 760 2464 παρ’
801 2394 932 2464 ἐμοῦ
969 2393 1028 2445 τὸ
1072 2391 1222 2461 ῥῆμα
1261 2387 1443 2449 τοῦτο,
1487 2386 1581 2438 καὶ
1611 2383 1708 2452 οὐχ
1737 2382 1876 2452 ἡμέ-

311 2510 404 2562 ρας
436 2491 638 2553 πολλὰς
688 2488 822 2543 οὐδὲ
858 2485 1090 2538 πλοῦτον
1141 2481 1265 2536 οὐδὲ
1301 2479 1478 2550 ψυχὰς
1518 2475 1730 2548 ἐχθρῶν
1757 2489 1874 2538 σου,

309 2581 420 2632 ἀλλ’
450 2582 640 2649 ᾐτήσω
693 2574 904 2642 σεαυτῷ
955 2573 1170 2626 σύνεσιν
1210 2569 1302 2622 τοῦ
1359 2565 1666 2621 εἰσακούειν
1700 2563 1876 2634 ῥῆμα,

312 2673 418 2725 ἰδοὺ
450 2669 731 2735 πεποίηκα
763 2669 904 2719 κατὰ
954 2666 1013 2717 τὸ
1047 2662 1199 2734 ῥῆμά
1230 2679 1347 2714 σου.
1393 2659 1526 2712 Ἰδοὺ
1554 2657 1764 2710 δέδωκά
1795 2671 1878 2708 σοι

311 2765 539 2840 καρδίαν
597 2761 867 2831 φρονίμην
894 2758 1001 2840 καὶ
1029 2757 1220 2825 σοφὴν,
1257 2757 1355 2823 ὅση
1412 2752 1472 2804 οὐ
1525 2748 1748 2818 γέγονεν
1778 2747 1878 2815 ἐμ-

312 2837 547 2927 προσθέν
581 2873 696 2915 σου,
724 2854 816 2905 καὶ
845 2837 985 2920 μὲτὰ
1020 2849 1078 2902 σὲ
1101 2850 1160 2901 οὐ
1185 2848 1317 2916 γενὴ
1330 2861 1478 2899 σεται
1503 2841 1687 2912 ὅμοιός
1717 2856 1800 2893 σοι
1826 2841 1882 2894 ὲν

325 2949 625 3021 βασιλεῦσι.
669 2947 780 3000 Καὶ
840 2946 931 2996 ἐὰν
983 2940 1256 3012 πορευθῇς
1302 2941 1358 2990 ὲν
1387 2939 1452 3007 τῇ
1509 2933 1612 3004 ὀδῷ
1651 2949 1778 3004 μου,
1807 2930 1884 2994 ὡς

314 3044 474 3096 Δαῦὶδ
522 3041 549 3092 ὁ
605 3039 789 3108 πατήρ
837 3053 954 3100 σου,
996 3031 1249 3100 πληθυνῶ
1304 3030 1403 3091 τὰς
1457 3026 1672 3096 ἡμέρας
1707 3039 1826 3076 σου.
1856 3040 1875 3073 ι

315 3137 461 3190 Μετὰ
499 3133 672 3186 ταῦτα
695 3129 970 3198 οἰκοδομεῖ
1003 3125 1127 3179 ναὸν
1153 3121 1230 3192 τῷ
1261 3119 1405 3190 Θεῷ,
1437 3119 1532 3174 καὶ
1563 3117 1707 3169 αἰτεῖ
1743 3108 1884 3168 εἶναι

313 3228 433 3287 τοὺς
493 3222 807 3292 ὀφθαλμοῦς
858 3215 1025 3271 αὐτοῦ
1073 3213 1458 3284 ἀνεῳγμένους
1494 3209 1585 3262 ἐπὶ
1617 3207 1710 3262 τὸν
1741 3206 1886 3259 θεῖον

314 3315 460 3371 οἶκον
493 3316 590 3368 καὶ
618 3311 922 3366 εἰσακούειν
953 3307 1154 3362 αὐτῶν.
1206 3305 1314 3360 Kal.
1364 3299 1518 3371 ὤφθη
1557 3298 1761 3368 Κύριος
1809 3294 1887 3366 τῷ

320 3409 627 3478 Σολομῶντι
677 3405 953 3474 δεύτερον,
987 3397 1172 3460 καθὼς
1217 3395 1371 3464 ὤφθη
1431 3395 1487 3446 ὲν
1537 3387 1751 3453 Γαϐαὼ,
1795 3390 1888 3442 καὶ

320 3499 470 3554 εἶπεν
492 3518 506 3532 ·
540 3500 820 3551 «Ἤκουσα
849 3494 950 3564 τῆς
981 3491 1161 3558 φωνῆς
1182 3491 1278 3558 τῆς
1311 3485 1622 3558 προσευχῆς
1654 3499 1769 3546 σου,
1794 3480 1890 3548 καὶ

319 3594 518 3662 inim:
555 3589 648 3642 τὸν
679 3587 806 3641 ναὸν
849 3585 1038 3639 τοῦτον
1066 3599 1080 3612 ο
1121 3581 1216 3634 καὶ
1257 3579 1473 3630 ἔσονται
1521 3577 1570 3628 ol
1619 3571 1890 3644 ὀφθαλμοί

325 3661 422 3754 μου
458 3686 576 3736 ἐκεῖ
601 3681 698 3734 καὶ
727 3682 760 3748 ἡ
787 3676 988 3748 καρδία
1025 3691 1124 3745 μου
1157 3671 1333 3731 πάσας
1370 3671 1465 3732 τὰς
1495 3669 1731 3739 ἡμέρας.
1759 3661 1888 3716 Ἐὰν

321 3753 374 3830 δὲ
405 3772 796 3844 ἁποστρσιρῆτε
843 3770 936 3822 ἀπ’
989 3766 1144 3834 ἐμοῦ,
1188 3762 1364 3832 ἐξαρῶ
1397 3762 1484 3812 τὸν
1529 3758 1744 3828 Ἰσραὴλ
1783 3753 1890 3808 ἀπὸ

322 3868 420 3936 τῆς
452 3866 553 3935 γῆς
579 3862 809 3930 ταύτης,
833 3860 926 3911 καὶ
954 3856 1044 3909 τὸν
1080 3851 1232 3906 οἷκον
1264 3851 1452 3904 τοῦτον
1487 3849 1545 3900 ὃν
1578 3850 1784 3917 ἡ-ίίασα
1813 3843 1889 3915 τῷ

324 3959 570 4026 ὀνόματι,
605 3952 898 4024 ἀπορρίψω
924 3949 1084 4002 αὐτὸν
1120 3947 1184 3998 ἐκ
1225 3942 1516 4010 προσώπου
1553 3956 1679 4008 μου.
1724 3957 1741 3988 ι
1781 3936 1889 3990 Τοῦ

331 4057 510 4120 μέντοι
549 4047 894 4114 Σολομῶντος
940 4040 1388 4113 προσευξαμένου
1438 4034 1548 4106 πῦρ
1595 4030 1890 4103 οὐρανόθεν

327 4139 638 4213 κατηνέχθη
679 4137 896 4200 καὶτὰς
947 4131 1404 4204 προσενεχθείσας
1449 4127 1638 4188 θυσίας
1685 4123 1893 4192 ψάλιο-

330 4251 437 4289 σεν.
471 4235 616 4301 Ὀρα
663 4228 852 4281 λοιπὸν
897 4227 994 4295 ὅση
1050 4220 1370 4293 πρότερονὴ
1419 4215 1513 4271 τοῦ
1545 4214 1893 4284 Σολομῶντος

328 4324 596 4382 εὐσέϐεια,
647 4319 762 4383 εἴγε
817 4315 913 4368 καὶ
972 4313 1082 4384 πῦρ
1136 4311 1225 4362 ἐπὶ
1274 4310 1395 4370 ταῖς
1453 4305 1666 4364 θυσίαις
1723 4301 1890 4354 αὐτοῦ

1975 2031 2028 2084 in
2071 2030 2239 2099 patris
2276 2029 2380 2084 mei
2429 2027 2654 2084 Davidis
2709 2028 2890 2082 locum
2933 2026 3224 2092 sullecisti,
3283 2026 3549 2082 famulum

1978 2132 2154 2176 tuum.
2189 2121 2301 2190 Ego
2325 2135 2453 2176 vero
2483 2135 2620 2189 puer
2668 2119 2848 2174 adhuc
2876 2133 2998 2172 sum
3025 2117 3343 2180 admodum,
3369 2126 3428 2172 et
3457 2132 3553 2187 per

1975 2224 2189 2269 attatem
2239 2227 2327 2266 res
2361 2211 2594 2266 necdum
2627 2209 3014 2264 administrare
3075 2223 3316 2278 possum.
3351 2207 3558 2274 Quam-

1976 2300 2162 2354 obrem
2196 2298 2399 2353 famulo
2425 2307 2516 2352 tuo
2547 2298 2610 2352 du
2649 2307 2887 2352 mentem
2911 2297 3146 2352 docilem
3170 2297 3237 2352 ad
3257 2297 3556 2368 regendum

1979 2393 2244 2462 populum
2284 2399 2459 2453 tuum,
2501 2398 2672 2460 utque
2701 2388 2791 2460 jus
2825 2388 2876 2445 ei
2910 2388 3099 2444 dicere
3133 2403 3201 2444 ex
3231 2388 3349 2458 ipsa
3377 2389 3552 2458 a'qui-

1979 2492 2086 2538 tate
2127 2483 2382 2553 possim.»
2422 2481 2578 2552 181
2611 2480 2752 2536 Tum
2788 2480 2930 2536 Deus
2963 2498 2978 2535 :
3017 2479 3300 2548 «Quando,
3334 2481 3432 2544 ait,
3499 2490 3558 2536 tt:

1982 2575 2126 2630 istud
2156 2573 2382 2644 petiisti,
2418 2589 2528 2628 non
2587 2573 2802 2643 longam
2861 2581 3100 2636 aetatem,
3157 2588 3264 2627 non
3317 2571 3558 2635 divitras,

1982 2678 2093 2718 non
2131 2663 2368 2718 hostium
2421 2670 2640 2718 tuorum
2687 2677 2901 2726 necem,
2963 2661 3059 2715 sed
3109 2659 3457 2729 prudentiam
3491 2660 3557 2714 ad

1982 2754 2343 2810 d'scernenda
2366 2754 2492 2823 jura
2524 2753 2837 2822 postulasti,
2879 2753 3018 2808 scito
3043 2767 3130 2820 me
3165 2751 3263 2806 tibi
3297 2751 3440 2822 quod
3491 2750 3546 2804 in

1985 2847 2123 2902 votis
2145 2857 2264 2900 erat
2293 2845 2658 2900 concessisse.
2713 2845 2791 2896 En
2832 2853 3042 2897 tantam
3076 2842 3278 2899 mentis
3321 2842 3564 2912 pruden-

1990 2938 2115 2992 tiam
2157 2949 2319 3006 atque
2354 2936 2690 3008 sapientiam
2725 2936 2823 2990 tibi
2859 2937 3086 3008 largior,
3121 2945 3180 2991 ut
3221 2935 3319 2992 tibi
3351 2951 3446 3006 par
3479 2935 3563 2988 in-

1991 3038 2073 3084 ter
2104 3044 2257 3099 rcges
2288 3044 2449 3083 netuo
2479 3042 2658 3098 neque
2689 3038 2816 3082 ante
2845 3038 2898 3084 te
2927 3029 3118 3092 fuerit.
3146 3042 3325 3096 neque
3353 3035 3478 3095 post
3508 3033 3567 3081 te

1991 3121 2063 3176 sit
2092 3119 2332 3174 iuturus.
2380 3118 2590 3185 Quodsi
2638 3118 2894 3174 traditam
2927 3135 2956 3172 a
2987 3133 3076 3172 me
3123 3117 3248 3172 vita:
3295 3115 3559 3170 rationem

1991 3212 2164 3284 patris
2221 3213 2296 3266 tui
2330 3211 2551 3280 Davjdis
2601 3210 2852 3279 exemplo
2899 3218 3123 3264 secutus
3173 3207 3366 3272 fueris,
3396 3207 3560 3262 etiam

1989 3305 2090 3361 tibi
2122 3312 2338 3382 aetatem
2367 3303 2716 3374 producam.»
2749 3299 3063 3359 Secundum
3103 3297 3222 3352 haec
3249 3294 3433 3349 fanum
3464 3308 3562 3347 ex-

1991 3401 2180 3463 struit,
2213 3410 2384 3467 atque
2424 3395 2592 3450 Deum
2623 3403 2882 3466 precatur
2907 3401 2965 3446 ut
2997 3389 3206 3460 apertis
3235 3402 3298 3442 ac
3328 3387 3566 3458 vigilax;-

1995 3489 2142 3543 tibus
2171 3487 2348 3542 oculis
2381 3486 2622 3540 divinam
2654 3485 2796 3539 hanc
2831 3482 3004 3538 aede'm
3039 3481 3333 3551 respiciat,
3383 3486 3438 3534 et
3465 3479 3566 3534 lio-

1993 3581 2168 3636 mincs
2195 3582 2251 3634 in
2279 3595 2339 3634 ea
2361 3580 2738 3650 supplicantes
2771 3575 3048 3632 exaudiat.
3079 3573 3215 3627 Tum
3251 3572 3420 3626 altera
3444 3570 3564 3623 vice

1994 3672 2135 3727 Deus
2157 3673 2206 3728 ei
2242 3673 2471 3742 perinde
2503 3686 2561 3726 se
2591 3669 2789 3724 obtulit
2837 3676 3002 3737 atque
3040 3663 3186 3736 apud
3249 3661 3564 3718 Gabaonem

1993 3763 2196 3818 factum
2257 3761 2456 3826 fuerat,
2500 3768 2552 3814 et
2606 3759 2722 3813 lucc
2753 3757 2950 3812 allatus
2981 3762 3064 3810 est
3094 3751 3263 3810 verba
3287 3753 3328 3784 ⁹¹
3371 3769 3384 3806 :
3419 3750 3592 3821 «Ego-

1997 3864 2118 3910 tuas
2148 3853 2212 3910 ad
2245 3869 2331 3908 me
2367 3867 2559 3920 preces
2585 3860 2634 3905 et
2683 3848 3144 3920 supplicationem
3195 3843 3470 3906 exaudivi,
3506 3849 3567 3897 et

1994 3946 2154 4000 istam
2213 3961 2242 3998 a
2295 3955 2346 3998 te
2393 3954 2762 3998 constructam
2808 3943 2980 3994 aedem
3033 3935 3370 3990 consecravi.
3427 3931 3563 3984 Tam

1996 4038 2182 4091 oculos
2213 4035 2281 4088 ibi
2313 4048 2474 4103 quam
2506 4041 2738 4086 mentem
2766 4044 3010 4100 ,sempcr
3064 4009 3304 4081 habebo.
3353 4021 3564 4089 Quodsi

1995 4146 2026 4186 e
2069 4147 2154 4184 me
2182 4125 2552 4190 desciveritis,
2582 4124 2862 4180 Israelicos
2887 4137 2989 4190 ego
3023 4121 3092 4174 de
3127 4122 3226 4173 hac
3270 4127 3411 4172 terra
3460 4130 3564 4170 ex-

1997 4220 2272 4293 stirpabo;
2302 4219 2484 4274 ethoc
2523 4217 2809 4285 templum,
2840 4216 2983 4284 quod
3021 4210 3230 4266 nomini
3283 4223 3405 4262 meo
3429 4221 3562 4259 cott-

1997 4311 2232 4380 setravi,
2271 4327 2300 4366 a
2337 4318 2634 4380 conspectu
2672 4320 2795 4360 meo
2826 4304 3178 4374 rcpudiabo.»
3216 4299 3415 4353 Eodem
3457 4297 3560 4350 Su-

3565 2908 3596 2922 κ

330 4414 678 4483 κατεφέρετο.
717 4411 824 4462 Καὶ
860 4407 954 4460 τὸν
997 4405 1096 4475 μὲν
1129 4403 1256 4455 ναὸν
1303 4399 1472 4462 λίθοις
1529 4395 1882 4470 ἀττελεκήτοις

1999 4406 2215 4460 lomoue
2237 4419 2426 4474 preces
2457 4399 2800 4470 concipiente
2831 4397 2970 4468 ignis
3007 4394 3075 4450 dc
3106 4393 3245 4449 ccelo
3276 4392 3457 4460 lapsus
3482 4397 3566 4443 est

329 4506 598 4573 οἰκοδομεῖ
629 4501 940 4571 (αὐτοφυεῖς
980 4498 1088 4566 γὰρ
1134 4483 1440 4564 εὑρέθησαν
1480 4487 1600 4558 θείᾳ
1639 4485 1888 4556 προνοίᾳ,

334 4599 472 4651 ὥστε
517 4594 745 4666 μηδενὸς
794 4591 1060 4660 ἁρμονίαν
1088 4587 1347 4656 δεηθῆναι
1384 4582 1628 4650 σιδήρου,
1657 4577 1731 4640 ὥς
1761 4593 1894 4647 φησι

334 4689 720 4761 Θεοδώρητος),
749 4687 836 4739 τὸν
881 4684 939 4737 δὲ
978 4682 1072 4735 τοῦ
1136 4677 1282 4748 ῑεροῦ
1333 4675 1618 4746 περὶὅολον
1668 4673 1897 4743 τμητοῖς

337 4760 518 4848 λίθοις
551 4760 870 4851 ὲνδομήσατο,
924 4775 1085 4828 κάκεῖ
1133 4773 1228 4826 καὶ
1283 4768 1531 4842 λατόμων
1586 4764 1787 4820 δέεται.
1823 4760 1900 4818 Τὸ

340 4876 516 4945 μέντοι
552 4873 724 4942 μῆκος
779 4867 874 4921 τοῦ
927 4865 1056 4920 ναοῦ
1099 4864 1362 4933 ἑξήκοντα
1415 4861 1634 4928 πήχεων
1679 4851 1768 4928 ἦν,
1804 4856 1902 4909 καὶ

342 4971 512 5021 εἴκοσι
546 4969 604 5018 1:".
651 4963 829 5033 εῦρος.
859 4959 1060 5028 Κύκλιρ
1099 4957 1191 5010 τοῦ
1235 4953 1362 5009 ναοῦ
1425 4953 1657 5005 οἰκίσκοι
1701 4949 1901 5018 ᾠκοδο-

340 5063 590 5134 μήθςσαν
629 5059 788 5129 χάριν
835 5055 944 5107 τῶν
982 5049 1223 5106 Λευῖτῶν
1260 5049 1352 5100 καὶ
1391 5047 1489 5113 τῆς
1535 5045 1644 5095 τῶν
1694 5042 1902 5095 σκευῶν

337 5155 644 5214 ἁτε,θέσεως
669 5167 682 5180 '
717 5152 783 5203 τὰ
817 5150 928 5219 γὰρ
963 5151 1089 5212 ἅγια
1121 5146 1299 5213 μονοις
1338 5144 1450 5201 τοῖς
1493 5137 1729 5208 ἱερεῦσιν
1759 5132 1904 5206 ἦσαν

341 5248 496 5317 βατά.
539 5247 612 5297 Τὸ
663 5243 716 5296 δὲ
761 5242 856 5295 τοῦ
906 5237 1036 5291 ναοῦ
1072 5236 1204 5305 ’ὐψος
1234 5230 1311 5304 ρκ’
1354 5232 1574 5300 πήχεων
1607 5227 1904 5297 ἦν.11άντα

337 5341 391 5392 δὲ
413 5343 504 5392 τὸν
552 5341 679 5391 νιιδν
717 5335 914 5407 χρυσὶς
963 5331 1354 5384 συνεκάλυπτε.
1397 5324 1586 5377 Ταῦτα
1626 5321 1684 5374 δὲ
1733 5321 1906 5373 πάντα

338 5439 402 5490 τὶ
441 5436 533 5486 τοῦ
573 5431 704 5485 ναοῦ
739 5433 772 5499 ἡ
809 5428 908 5496 μὲν
941 5427 1097 5498 χάρις
1125 5423 1216 5476 τοῦ
1248 5419 1400 5488 ἁγίου
1444 5416 1751 5485 Πνεύματος
1781 5413 1910 5466 ὐπέ-

342 5529 496 5594 δειξε.
533 5527 613 5596 τῷ
646 5523 834 5587 Δαὸὶδ,
865 5521 1026 5582 αὐτὸς
1067 5519 1122 5572 δὲ
1151 5517 1227 5587 τῷ
1259 5515 1586 5583 Σολομῶντι.
1621 5511 1911 5581 Οἰκοδομεῖ

415 5715 460 5746 ’°
484 5715 551 5770 lll
586 5713 718 5782 llcg.
751 5726 869 5776 xm,
904 5708 954 5762 7.
1033 5708 1073 5739 "
1107 5706 1151 5760 ll
1190 5703 1364 5757 Paro].
1403 5717 1496 5768 \‘ll,
1540 5701 1624 5754 l0.

1998 4511 2051 4556 et
2074 4499 2280 4552 hostias
2311 4497 2522 4550 oblatas
2550 4491 2880 4560 absumpsit.
2915 4488 2986 4542 De
3009 4501 3116 4557 quo
3165 4485 3293 4539 licet
3319 4479 3568 4536 animad-

2002 4602 2186 4645 vertas
2223 4581 2432 4657 quan'ta
2497 4583 2809 4639 Solomonis
2859 4580 3018 4634 iu'tio
3058 4578 3230 4648 pietas
3263 4583 3317 4628 et
3375 4571 3569 4641 religio

2001 4681 2188 4746 fuerit,
2235 4681 2452 4750 quando
2508 4676 2800 4752 impetrare
2853 4670 3026 4741 potuit
3083 4676 3139 4722 ut
3197 4667 3248 4720 in
3316 4663 3571 4717 victimas

2003 4771 2179 4844 ipsius
2210 4769 2352 4841 ignis
2383 4783 2414 4824 ο
2471 4767 2608 4822 coelo
2643 4765 3006 4820 delaberetur.
3066 4756 3352 4826 Templum
3384 4762 3566 4806 autem

2003 4867 2068 4924 de
2085 4865 2358 4936 lapidibus
2393 4859 2623 4916 exstruit
2655 4857 2798 4912 ascia
2849 4855 2996 4909 nulla
3030 4853 3255 4924 politis;
3308 4865 3431 4903 nam
3481 4846 3566 4902 di-

2007 4960 2126 5013 vina
2156 4954 2496 5029 providentia
2539 4951 2744 5004 lactant
2777 4957 2859 5003 est
2883 4955 2942 5002 ut
2970 4947 3050 5000 sic
3093 4959 3189 5014 per
3226 4957 3286 4998 se
3332 4942 3441 4994 nati
3475 4955 3567 4993 re—

2005 5054 2336 5122 perirentur,
2359 5045 2505 5100 nullo
2555 5052 2613 5097 ut
2641 5041 2809 5104 ferro,
2836 5035 3294 5108 quemadmodum
3316 5033 3570 5088 Theodo-

2009 5139 2162 5200 tctus
2192 5140 2464 5198 memoriae
2487 5135 2748 5207 prodidit,
2768 5135 2832 5188 ad
2856 5149 2948 5187 eos
2977 5133 3116 5186 inter
3131 5145 3192 5184 se
3213 5129 3568 5198 compiugcn-

2007 5238 2106 5292 dos
2133 5247 2189 5289 et
2237 5231 2644 5288 concinnaados
2695 5241 2832 5296 Opus
2860 5231 3026 5280 esset.
3087 5225 3155 5278 At
3201 5235 3328 5276 vero
3380 5218 3566 5285 templi

2010 5311 2408 5382 munimentum
2437 5321 2684 5375 exterius
2715 5335 2743 5374 e
2774 5318 2929 5374 cat-sis
2959 5317 3229 5383 lapidibus
3259 5309 3569 5370 aediﬁcavit.

2013 5418 2191 5485 ibique
2228 5413 2581 5483 lapicidarum
2615 5409 2920 5472 neessaria
2951 5416 3071 5460 erat
3113 5419 3298 5473 opera.
3359 5397 3570 5467 Templi

2012 5507 2293 5579 longitudo
2315 5505 2415 5560 fuit
2443 5503 2721 5575 sexaginta
2746 5501 3075 5562 cubitorum,
3099 5494 3325 5549 latitudo
3355 5489 3566 5560 viginti.
