4110 6194
440 219 547 288 34⁷1
1725 210 2037 272 ΜΙΟΠΑΕ]

2143 244 2146 261 ι
2185 210 2451 271 omen
2540 166 2546 175 ’
2791 263 2794 266 .
3126 264 3139 276 ,
3575 202 3682 265 34$

439 336 503 392 lu
535 331 783 406 ejusdem
834 324 1065 383 circuitu
1096 320 1301 394 passim
1349 319 1593 375 aediculae
1640 320 1890 390 quaedam
1947 321 2013 375 ad

2143 320 2173 373 ῐὲ
2212 319 2303 371 τὸν
2337 318 2479 371 θεῖον
2524 310 2674 368 οἷκον
2725 315 2932 380 ἐκεῖνον
2985 312 3123 382 μετὰ
3168 309 3243 363 τλ¹
3285 310 3381 379 ἐτη
3430 308 3532 377 τῆς
3584 308 3699 374 ἐξό-

443 401 755 483 Levi'tarum
785 433 918 474 usus
944 416 1238 470 adstruclae
1266 419 1417 476 sunt,
1449 420 1505 465 et
1538 418 1598 464 ut
1625 426 1753 465 vasa
1782 426 1938 465 sacra
1964 411 2019 465 in

2143 413 2213 462 ἱου
2252 409 2387 477 (56).
2430 407 2715 479 Παρῆλθον
2754 407 2811 459 δὲ
2862 405 3096 458 τοσαῦτα
3143 404 3261 473 ἐτη,
3294 403 3444 464 ὅπως
3486 401 3700 453 ἀποκα-

443 519 526 573 eis
558 518 992 585 rcponerentur;
1052 521 1180 560 nam
1234 504 1338 558 hoc
1369 504 1671 559 sacrarium
1722 504 1855 560 solis
1883 520 1911 557 a
1937 518 2025 557 sa-

2143 501 2318 563 ιόντες
2358 502 2424 570 τῇ
2475 501 2555 562 είς
2588 498 2659 552 τὰ
2695 498 2797 569 ὅρη
2829 496 3225 569 περιπλανήσει
3260 495 3355 549 τὸν
3394 493 3491 548 ινα
3536 490 3701 546 τόπον

443 603 764 660 cerdotibus
791 596 932 653 adiri
965 595 1045 648 fas
1075 602 1214 649 erat.
1246 592 1495 646 Altitudo
1537 590 1651 645 fani
1706 592 2021 646 cubitorum

2143 589 2219 662 τὴν
2254 589 2617 661 Ἰερουσαλὴμ
2657 591 3010 659 ἀγαπήσωσι.

444 704 561 752 erat
584 703 804 750 centum
835 688 1052 759 viginti.
1094 686 1162 741 Et
1191 685 1411 754 quidem
1438 685 1622 739 fanum
1654 684 1759 739 hoc
1796 684 2113 739 universum
2151 697 2285 738 auro
2352 684 2718 752 integebatur.
2786 680 2978 736 Omnia
3015 694 3147 735 vero
3211 677 3366 734 istinc
3402 678 3460 733 in
3497 675 3706 747 templo

445 786 817 845 construenda
870 781 1109 852 Spiritus
1165 785 1387 831 sanctus
1434 793 1542 846 per
1606 776 1833 845 gratiam
1893 790 2045 830 suam
2123 774 2310 830 Davidi
2364 773 2801 838 demonstravit,
2853 772 3085 828 Davides
3139 786 3355 826 rursum
3425 769 3703 825 Solomont

448 883 589 947 ﬁlio;
618 881 707 951 qui
745 879 985 935 divinam
1017 878 1157 932 hanc
1179 875 1348 928 aedem
1375 886 1519 924 anno
1541 870 1607 924 ab
1633 868 2013 923 lsraelicorum
2053 884 2118 925 ex
2148 869 2383 940 Egypto
2445 868 2770 937 migratione
2814 867 2921 922 3'20
2979 868 3288 922 aediﬁcavit.
3358 867 3463 921 Tot
3520 876 3707 921 autem

446 980 879 1033 intercesserunt
905 972 1058 1035 anui,
1112 969 1413 1023 uttandem
1448 964 1666 1034 peruesi
1698 962 2128 1031 obvagationum
2162 963 2381 1017 illarum
2416 963 2642 1033 quosvis
2708 962 2764 1015 in
2825 973 3040 1018 montes
3106 962 3286 1017 locum
3347 961 3595 1023 uuicmu,
3624 961 3706 1015 vi-

448 1071 645 1125 delicet
678 1066 1043 1134 lliersolyma,
1074 1061 1401 1127 deligerent.

520 1163 793 1216 Caeterum
826 1173 947 1228 qua:
970 1156 1025 1210 in
1053 1157 1156 1209 hoc
1191 1152 1364 1207 veteri
1396 1156 1521 1206 fano
1554 1152 1797 1219 fuerunt,
1848 1151 2027 1207 diviso

2201 1144 2387 1204 Ταῦτα
2427 1150 2484 1203 δὲ
2531 1150 2600 1203 τὰ
2650 1150 2791 1205 κατά
2836 1167 2899 1219 γε
2943 1149 3035 1203 τὸν
3081 1149 3309 1203 παλαιὸν
3345 1149 3489 1208 ναὸν.
3529 1148 3587 1210 ὃς
3626 1149 3709 1210 εἰς

450 1265 564 1311 tres
592 1254 646 1307 in
680 1257 887 1322 partes,
919 1248 1179 1302 nimirum
1213 1246 1265 1299 in
1296 1245 1475 1299 locum
1537 1244 1627 1297 ubi
1682 1243 1800 1297 laici
1840 1243 2029 1298 censi-

2143 1245 2253 1316 τρία
2299 1244 2572 1315 διῄρηται,
2605 1244 2685 1307 εἴς
2723 1261 2782 1296 τε
2821 1242 2919 1314 τὴν
2950 1243 3061 1296 τῶν
3111 1242 3317 1295 λαῖκῶν
3344 1242 3545 1312 δηλαδὴ
3582 1243 3708 1297 στά-

450 1352 681 1408 sterent,
737 1350 793 1395 ct
828 1340 917 1394 ubi
958 1344 1315 1392 versarentur
1348 1334 1668 1389 sacerdotes
1704 1349 1767 1388 ac
1803 1332 2029 1397 Levitae,

2129 1353 2232 1397 σιν,
2266 1336 2365 1405 τὴν
2404 1334 2511 1388 τῶν
2557 1334 2747 1403 ίερέων
2804 1335 2899 1387 xal.
2937 1334 3046 1386 τῶν
3097 1333 3363 1399 Λευῖτῶν,
3407 1333 3466 1396 δς
3502 1333 3566 1404 δὴ
3614 1336 3709 1387 καὶ

449 1439 539 1509 qui
583 1438 740 1491 locus
785 1432 1060 1503 peculiare
1110 1427 1334 1484 sacrarii
1391 1442 1592 1480 nomen
1641 1426 1900 1487 habebat,
1973 1425 2027 1479 in

2143 1428 2292 1490 ιὸπος
2339 1427 2494 1495 ἅγιος
2539 1425 2775 1491 ἐλέγετο,
2810 1430 2904 1481 καὶ
2951 1427 3033 1490 είς
3069 1426 3213 1480 αὐτὰ
3258 1426 3326 1479 τὰ
3357 1426 3545 1489 ἄδυτα,
3579 1425 3615 1481 ἃ
3641 1426 3708 1496 δὴ

450 1534 607 1600 adyta
636 1526 873 1595 denique
904 1522 1205 1579 sacrarium
1237 1518 1643 1575 sanctissimum
1688 1526 2025 1588 nuncupata,

2143 1521 2224 1574 καὶ
2266 1520 2433 1587 ’Ἅγια
2464 1518 2572 1572 τῶν
2611 1518 2781 1585 ἁγίων
2813 1517 3080 1581 ἐκαλεῖτο,
3108 1520 3163 1571 ὲν
3194 1513 3273 1580 οἷς
3317 1517 3489 1580 οὐδεὶς
3522 1516 3709 1589 εἰσήρ-

450 1635 575 1691 quae
609 1619 762 1673 adire
790 1614 1003 1670 nemini
1031 1620 1231 1681 prater
1262 1623 1540 1665 summum
1603 1610 1915 1677 pontiﬁcem
1949 1607 2030 1662 fas

449 1722 586 1772 erat.
631 1726 695 1764 ac
724 1724 794 1762 ne
831 1706 991 1777 182
1019 1705 1093 1759 illi
1132 1703 1352 1774 quidem
1389 1702 1550 1756 aliter
1590 1715 1751 1770 quam
1779 1700 1948 1755 semel
1976 1700 2027 1752 in

450 1818 625 1857 annos
684 1801 951 1864 singulos,
1012 1811 1113 1851 nec
1175 1808 1294 1850 sme
1349 1792 1652 1863 sanguine:
1693 1792 1808 1845 hazc
1868 1790 2033 1860 igitur

448 1896 617 1951 etiam
651 1893 780 1949 licet
813 1893 867 1946 in
919 1889 1075 1945 cmlis
1106 1886 1549 1955 deprehendere.
1608 1884 1743 1940 Nam
1779 1884 1836 1938 in
1887 1884 2031 1937 cmlo

450 1989 610 2043 nobis
633 1986 910 2057 proximo,
951 1981 1207 2036 nimirum
1273 1980 1326 2032 in
1357 1978 1524 2043 aere,
1592 1990 1722 2049 sunt
1772 1977 2031 2031 animalia

449 2079 654 2148 quaevis
680 2074 1023 2144 promiscue;
1055 2071 1107 2123 in
1143 2069 1336 2136 altero,
1363 2068 1504 2139 quod
1537 2068 1683 2121 intra
1717 2068 2032 2120 lirmamen-

453 2179 566 2223 tum
599 2166 934 2237 aspectabile
969 2150 1314 2226 continetur,
1354 2169 1414 2214 ut
1461 2160 1785 2213 Anastasius
1822 2159 1907 2212 ille
1942 2159 2031 2212 Si-

452 2258 630 2313 naites
657 2257 753 2321 ait,
787 2254 1043 2309 ccelestes
1095 2251 1202 2304 illae
1231 2256 1532 2319 potestates
1567 2248 1774 2319 degunt
1824 2264 1889 2303 ac
1917 2249 2032 2303 for-

454 2348 615 2402 tassis
638 2347 802 2399 etiam
827 2354 1142 2398 sanctorum
1169 2340 1452 2393 hominum
1479 2339 1705 2403 animae;
1741 2338 1881 2393 ultra
1904 2354 2032 2393 vero

457 2436 591 2491 illud
625 2435 858 2487 alterum
888 2441 943 2486 et
977 2429 1407 2500 inatlspectabile
1454 2428 1653 2482 coelum
1690 2444 1853 2483 nemo
1908 2446 2031 2500 per-

456 2528 612 2583 Veuit
641 2540 883 2594 unquam
928 2532 1126 2593 prmter
1183 2537 1374 2576 verum
1434 2519 1585 2573 illum
1614 2520 1916 2574 Christum.
1969 2520 2035 2575 Et

456 2622 677 2689 quidem
712 2618 900 2671 fanum
950 2614 1083 2668 illud
1135 2621 1397 2669 terrestre
1436 2612 1719 2667 conditum
1758 2598 1938 2665 fuisse
1965 2612 2033 2667 ad

456 2711 748 2778 imaginem
804 2720 985 2760 rerum
1032 2704 1355 2761 caelestium.
1394 2704 1559 2758 etiam
1617 2705 1890 2757 maximus
1945 2701 2034 2757 ille

451 2802 656 2856 Paulus
680 2809 873 2854 noster
904 2797 1054 2852 hisce
1086 2795 1270 2850 verbis
1332 2793 1662 2864 signiﬁcavit
1692 2810 1705 2846 :
1744 2812 1761 2844 ι
1796 2790 1917 2846 Non
1974 2792 2032 2845 in

2132 1628 2258 1680 χετο
2308 1610 2357 1663 εί
2394 1610 2468 1681 μὴ
2519 1609 2680 1679 μόνος
2721 1610 2750 1662 ὁ
2795 1609 3107 1679 ἀρχιερεὺς,
3138 1611 3388 1675 κάκεῖνος
3429 1609 3576 1674 ἅπαξ
3611 1609 3708 1663 τοῦ

2133 1699 2402 1767 ἐνιαυτοῦ,
2440 1705 2534 1753 καὶ⁸
2579 1699 2749 1753 ταῦτα
2789 1701 2848 1752 οὐ
2893 1702 3062 1772 χωρὶς
3105 1702 3356 1771 αἵματος,
3387 1704 3480 1755 καὶ
3516 1704 3574 1755 ὲν
3604 1703 3706 1755 αὖ·

2133 1796 2244 1857 τοῖς
2271 1795 2383 1857 τοῖς
2418 1793 2665 1863 οὐρανοῖς
2694 1792 2971 1863 εὑρήσεις.
3026 1793 3116 1845 Ἐν
3143 1795 3252 1862 γὰρ
3276 1793 3355 1865 τῷ
3383 1793 3519 1863 πρὸς
3558 1795 3710 1864 ἡμᾶς

2135 1883 2370 1955 οὐρανῷ,
2412 1885 2492 1953 τῷ
2535 1883 2658 1955 ἀέρι
2710 1884 2975 1953 δηλονότι,
3022 1884 3204 1937 πάντα
3258 1885 3325 1955 δὴ
3369 1887 3438 1938 τὰ
3479 1885 3711 1953 ἀγελαῖα

2134 1975 2273 2040 ζῶα,
2299 1975 2566 2044 ἐσώτερον
2601 1975 2657 2026 δὲ
2705 1975 2797 2029 τοῦ
2835 1976 3162 2046 φαινομένου
3198 1977 3599 2047 στερεώματος,
3633 1976 3713 2040 ῶς

2134 2084 2300 2136 φησιν
2342 2068 2370 2119 ὁ
2405 2067 2662 2135 Σιναῖτης
2705 2067 2847 2131 Οεῐος
2886 2069 3263 2132 ’Δναστάσιος,
3306 2070 3406 2132 τὰς
3447 2069 3714 2141 οὐρανίας

2132 2158 2425 2225 διαγούσας
2479 2158 2761 2225 δυνάμεις,
2808 2160 2938 2222 ἴσως
2979 2160 3035 2212 δὲ
3086 2162 3178 2212 καὶ
3232 2160 3401 2225 αὐτὰς
3452 2161 3553 2225 τὰς
3600 2161 3713 2213 τῶν

2135 2251 2304 2318 ἁγίων
2330 2249 2530 2321 ψυχάς.
2572 2250 2870 2319 Ἀνώτερον
2903 2252 2957 2303 δὲ
2990 2251 3080 2304 τοῦ
3121 2252 3379 2323 δευτέρου
3410 2255 3509 2305 καὶ
3541 2253 3715 2323 ἀορά-

2133 2356 2226 2392 του
2265 2339 2495 2408 οὐρανοῦ
2534 2338 2705 2403 οὐδεὶς
2736 2341 3082 2411 εἰσελήλυθεν
3116 2341 3166 2393 εἰ
3208 2342 3283 2411 μὴ
3326 2342 3487 2412 μόνος
3515 2345 3542 2396 ὀ
3566 2344 3709 2412 ἁληο

2135 2431 2232 2503 θὴς
2290 2433 2575 2502 ἀρχιερεὺς
2632 2433 2890 2502 Χριστὸς,
2919 2433 3189 2489 ἀντίτυπα
3245 2435 3354 2488 τῶν
3415 2435 3708 2506 ἀληθινῶν.

2138 2524 2261 2576 Ὀτι
2286 2524 2340 2576 δὲ
2363 2526 2431 2577 τὰ
2458 2524 2553 2578 τοῦ
2597 2525 2844 2592 ἐπιγείου
2875 2525 3031 2579 τοῦδε
3071 2528 3200 2579 ναοῦ
3231 2527 3355 2581 κατ’
3393 2529 3577 2582 εἰκόνα
3603 2529 3712 2583 τῶν

2136 2614 2474 2686 ἐπουρανίων
2507 2615 2777 2677 ἔκτισται.
2804 2618 2897 2670 καὶ
2920 2618 3081 2681 αὐτὸς
3105 2620 3131 2670 ὁ
3161 2619 3464 2690 πάμμεγας
3496 2620 3712 2685 Παῦλος

2137 2703 2427 2775 ἐδήλωσεν,
2450 2704 2625 2768 οὕτως
2655 2705 2845 2770 είπὼν,
2878 2725 2897 2757 r
2943 2707 3079 2760 Οὐδὲ
3106 2708 3216 2778 γὰρ
3255 2710 3334 2772 εἰς
3362 2710 3713 2781 χειροποίητα
3770 2777 3775 2781 θ

2138 2796 2270 2863 ἅγια
2302 2796 2551 2867 εἰσῆλθεν
2587 2798 2616 2849 ὁ
2660 2798 2918 2868 Χριστὸς,
2951 2798 3069 2852 ἀλλ’
3111 2801 3194 2862 είς
3236 2800 3400 2854 αὐτὸν
3432 2801 3525 2853 τὸν
3552 2802 3715 2873 οὑραρ

454 2892 829 2948 manufactum
889 2887 1196 2944 sacrarium
1262 2885 1529 2940 Christus
1596 2884 1877 2955 ingressus
1924 2892 2029 2949 est,

2143 2889 2247 2955 νὺν,
2283 2889 2380 2941 νῦν
2404 2889 2811 2959 ἐμφανισθῆναι
2848 2890 2926 2962 τῷ
2955 2891 3234 2962 προσώπῳ
3273 2892 3369 2948 τοῦ
3408 2893 3542 2947 Θεοῦ
3574 2893 3716 2965 ὑπὲρ

454 2983 601 3050 quod
644 2984 758 3038 veri
813 2979 1040 3035 sacrarii
1074 2978 1220 3033 foret
1267 2978 1575 3047 exemplar,
1613 2977 1705 3030 sed
1741 2977 1796 3029 in
1854 2975 2028 3043 ipsum

456 3078 679 3140 celum,
708 3084 766 3127 ut
798 3088 946 3127 nunc
976 3071 1089 3126 Deo
1110 3085 1294 3125 coram
1319 3085 1418 3139 pro
1449 3068 1607 3122 nobis
1636 3074 1895 3136 appareat
1913 3065 2022 3119 ".i

455 3170 635 3237 Atque
663 3168 751 3220 hic
778 3164 823 3219 si
856 3164 1145 3231 diligenter
1185 3161 1430 3215 animum
1488 3158 1761 3221 advertas,
1819 3155 2035 3212 videbis

459 3264 784 3313 ornamenta
807 3254 919 3307 fani
957 3254 1058 3307 sub
1086 3250 1279 3306 oculos
1303 3248 1554 3303 cadentia
1586 3247 1741 3317 quasi
1772 3247 2035 3316 quasdam

459 3362 751 3418 expressas
782 3347 1049 3415 imagines
1096 3356 1223 3398 esse
1258 3338 1691 3411 pulchritudinis
1744 3337 1894 3392 illius
1949 3337 2035 3389 in-

459 3437 868 3509 adspectabilis.
889 3435 1132 3489 Seusiles
1172 3433 1393 3502 quidem
1421 3430 1697 3486 suﬂituum
1727 3428 2034 3500 fragrantia:

462 3535 859 3601 repraesentant
883 3527 1043 3580 nobis
1073 3525 1303 3579 halitum
1339 3531 1395 3578 et
1419 3521 1657 3576 sumtum
1684 3521 1834 3575 illum
1873 3520 2035 3575 intel-

462 3622 723 3677 lectilem.
753 3618 914 3673 Facta
945 3617 1014 3671 de
1072 3615 1319 3669 terrestri
1366 3613 1594 3668 materie
1653 3612 1855 3666 lumina
1910 3621 2039 3668 sunt

2136 2978 2316 3049 ἡμῶν.
2360 2997 2379 3030 ι
2419 2978 2562 3049 Ὅρα
2594 2979 2703 3048 γὰρ
2734 2981 3001 3052 νουνεχῶς
3028 2982 3111 3035 ὅτι
3161 2986 3252 3035 καὶ
3294 2983 3363 3036 τὰ
3411 2982 3718 3052 φαινόμενα

2136 3070 2233 3126 τοῦ
2259 3069 2388 3125 ναοῦ
2425 3071 2583 3124 τοῦδε
2626 3072 2800 3142 κάλλη
2847 3074 2945 3143 τῆς
2976 3072 3215 3143 ἀφανοῦς
3264 3074 3475 3144 ἐκείνης
3512 3074 3718 3145 εὐπρε-

2143 3162 2303 3224 πείας
2358 3163 2496 3216 εἰσιν
2554 3163 3018 3232 ἀπεικονίσματα.
3088 3165 3143 3216 al
3204 3162 3252 3217 δ’
3314 3159 3407 3217 οὖν
3461 3163 3721 3235 αἰσθηταὶ

2144 3252 2362 3306 εὐωδίαι
2404 3254 2502 3322 τῆς
2548 3254 2747 3323 νοητῆς
2786 3254 3081 3318 διαδόσεως
3116 3254 3506 3324 ἐκωπὼματα.
3539 3255 3622 3307 Τὰ
3662 3256 3721 3310 δὲ

2145 3343 2307 3397 ὑλικὰ
2354 3343 2510 3411 φῶτα
2542 3342 2642 3413 τῆς
2676 3345 2841 3398 ἀῠλου
2893 3346 3224 3414 φωτοδοσίας
3270 3338 3477 3409 είκόνες
3517 3348 3723 3416 τυγχάο

2142 3448 2332 3486 νουσι⁶
2386 3437 2479 3487 καὶ
2536 3435 2645 3504 γὰρ
2683 3436 2771 3489 διὰ
2820 3437 2991 3490 τῶνδε
3042 3436 3152 3489 τῶν
3206 3436 3404 3490 ὑλαίων
3446 3437 3582 3509 πρὸς
3620 3437 3722 3505 τὴν

2143 3524 2381 3596 ἄρρητον
2406 3525 2619 3597 ἐκείνην
2643 3526 2894 3598 Θεωρίαν,
2914 3528 3053 3581 καθὰ
3077 3529 3251 3602 δήπου
3278 3529 3373 3583 καὶ
3391 3528 3469 3599 τῷ
3495 3530 3721 3598 μεγαὶῳ

2144 3616 2292 3668 δοκεῖ
2323 3618 2607 3689 Διονυσίῳ,
2637 3621 3151 3690 χειραγωγούμεθα.

464 3714 734 3784 imagines
784 3710 922 3764 lucis
966 3709 1110 3763 illius
1138 3705 1378 3763 caelestis
1406 3715 1463 3760 et
1513 3705 1765 3762 materiei
1817 3720 2046 3775 prorsus
2084 3709 2347 3778 expertis.
2381 3706 2649 3764 Nimirum
2680 3727 2779 3782 per
2817 3714 2979 3767 hasce
3045 3729 3133 3768 res
3199 3714 3427 3769 materie
3465 3719 3725 3766 Constan-

462 3818 547 3863 tes
574 3822 637 3862 ac
665 3814 912 3859 terrenas
945 3801 1010 3856 ad
1037 3801 1559 3869 contemplationem
1627 3800 1778 3855 illam
1811 3799 2163 3868 ineﬂ'abilem,
2200 3803 2667 3875 quemadmodum
2740 3817 2796 3861 et
2867 3821 3063 3879 magno
3115 3808 3192 3863 illi
3262 3807 3520 3878 Dionysio
3567 3802 3723 3859 vide-

466 3914 577 3964 tur,
606 3899 761 3970 quasi
796 3912 958 3951 manu
986 3895 1262 3951 ducimur.

533 3999 608 4055 Ut
638 4007 821 4052 autem
850 3995 919 4050 ad
952 3994 1303 4049 Solomonem
1332 3999 1702 4061 revertamur,
1751 4006 2043 4063 superasse

465 4090 616 4147 illum
668 4101 863 4143 omnes
915 4085 1174 4140 omnibus
1224 4083 1391 4139 rebus
1452 4082 1623 4137 sacris
1698 4097 1764 4137 ex
1817 4082 2041 4138 Litteris

468 4196 772 4254 cognoscas
830 4180 978 4234 licet.
1041 4197 1059 4230 ι
1098 4178 1358 4240 Tantum,
1385 4176 1721 4246 inquiunt”,
1752 4174 1958 4231 divitiis
1988 4181 2042 4229 et

468 4274 736 4345 sapientia
779 4278 1007 4326 cunctos
1050 4267 1270 4339 Egypti
1321 4282 1479 4338 reges
1507 4267 1765 4322 cxcelluit
1796 4266 2040 4330 Solomo,

470 4374 531 4421 ut
557 4376 751 4419 omnes
778 4361 928 4417 orbis
959 4371 1234 4415 terrarum
1289 4362 1449 4428 reges
1508 4367 1866 4429 conspectum
1924 4359 2045 4430 ejus

469 4454 816 4525 requirerent
858 4452 1147 4507 audiendas
1198 4451 1483 4520 sapientiai
1512 4465 1699 4517 causa,
1751 4465 1855 4521 qua
1888 4450 2047 4520 longe

472 4548 806 4617 amplissima
837 4544 1096 4613 praeditus
1159 4544 1382 4612 quosvis
1433 4542 1713 4614 sapientes
1766 4542 2051 4613 Egyptios

473 4647 600 4707 post
629 4652 689 4691 se
718 4636 1112 4703 relinquebat.)
1151 4631 1297 4685 Idem
1326 4631 1544 4685 Solomo
1605 4647 1730 4685 cum
1781 4631 2047 4694 divinitus

473 4728 804 4798 sapientiam
862 4735 1066 4779 tantam
1107 4731 1303 4776 nactus
1334 4722 1594 4793 luisset,
1654 4723 2046 4776 sententiarum

476 4822 579 4875 tria
612 4819 780 4872 millia
815 4816 1058 4886 protulit,
1092 4823 1148 4868 et
1205 4815 1435 4866 odarum
1471 4815 1714 4883 quinque
1746 4813 1915 4870 millia
1982 4818 2050 4867 de

474 4911 732 4964 omnibus
764 4922 794 4962 e
827 4916 967 4960 terra
1006 4905 1365 4959 nascentibus
1395 4915 1450 4959 et
1478 4907 1694 4962 cunctis
1724 4906 2049 4961 animalibus

544 5067 590 5099 ⁹¹
621 5065 787 5119 Hebr.
819 5077 894 5120 ix.
922 5058 1010 5113 2i.
1086 5061 1132 5093 ³³
1158 5061 1227 5115 lli
1258 5061 1391 5132 Reg.
1420 5077 1493 5127 tv,
1525 5062 1614 5115 ³54.

550 5208 661 5276 (‘56)
692 5207 751 5262 ln
785 5213 991 5261 textum
1042 5206 1291 5261 Graecum
1330 5206 1689 5276 Latinamquc
1734 5206 2043 5259 versionem

481 5280 661 5355 gravis
699 5292 853 5355 error
901 5278 1171 5355 incubuit,
1220 5276 1440 5355 cumab
1500 5277 1921 5355 lsraeliticorum
1979 5290 2045 5328 ex

482 5345 715 5421 Egypto
746 5348 1070 5416 migratione
1107 5346 1355 5421 _trecenti
1405 5356 1613 5421 tantum
1671 5362 1732 5400 ac
1801 5345 2043 5421 triginta,

482 5415 969 5484 siC-numerentur
994 5417 1121 5473 anui
1149 5431 1321 5485 usque
1367 5415 1435 5469 ad
1485 5426 1819 5473 exstructam
1881 5415 1991 5485 Deo
2011 5419 2047 5472 ’θ

486 5493 776 5545 Solomone
801 5487 1187 5559 Hierosolymis
1211 5483 1423 5559 sacram
1452 5485 1649 5559 aedem.
1686 5485 1874 5559 Exstat
1898 5483 2045 5537 enim

485 5563 605 5614 luce
639 5560 934 5615 meridiana
960 5555 1162 5614 clarius
1193 5557 1564 5609 testimonium
1598 5556 1719 5609 libri
1747 5570 1804 5608 Ill
1838 5555 2045 5623 lieguui

483 5630 662 5689 capite
696 5639 846 5686 sexto
879 5647 894 5685 :
928 5628 1155 5686 Factum
1175 5636 1249 5682 est
1281 5634 1402 5691 ergo
1430 5625 1943 5691 quadrinqemesimo
1994 5634 2042 5676 et

2071 4318 2124 4378 D

2222 3991 2346 4045 Ὀτι
2377 3982 2447 4044 δὲ
2468 3992 2678 4055 πάντας
2708 3992 3056 4064 ὑπερϐαίνων
3075 3987 3144 4063 ἦν
3175 3995 3267 4051 ἐπὶ
3308 3996 3473 4050 πᾶσιν
3500 3996 3528 4050 ὁ
3562 3996 3723 4053 Σολο-

2151 4084 2346 4154 μῶν,ὴ
2373 4083 2565 4154 Γραφὴ
2610 4083 2909 4139 διδασκέτω
2937 4101 2997 4137 σε
3028 4085 3287 4154 λέγουσα’
3316 4104 3335 4137 ι
3385 4088 3495 4141 Καὶ
3522 4090 3728 4158 ἐμεγα-

2150 4175 2318 4246 λύνθη
2345 4176 2598 4247 Σολομῶν
2619 4177 2760 4248 ὑπὲρ
2792 4178 3001 4239 πάντας
3025 4182 3152 4240 τοὺς
3179 4177 3423 4249 βασιλεῖς
3444 4179 3727 4249 Αἰγύπτου

2152 4265 2367 4337 πλούτῳ
2415 4269 2510 4320 καὶ
2544 4268 2830 4339 φρονήσει,
2865 4269 2959 4322 καὶ
3004 4270 3208 4332 πάντες
3257 4271 3309 4323 ol
3351 4269 3593 4339 βασιλεῖς
3624 4272 3728 4342 τῆς

2148 4358 2252 4425 γῆς
2289 4355 2517 4426 ἐζήτουν
2548 4359 2610 4409 τὸ
2644 4357 2938 4429 πρόσωπον
2979 4358 3325 4429 Σολομῶντος
3364 4360 3457 4414 τοῦ
3491 4361 3727 4415 ἀκοῦσαι

2152 4447 2251 4518 τῆς
2292 4450 2611 4519 φρονήσεως
2664 4449 2851 4503 αὑτοῦ.
2912 4450 3255 4523 Ἐπληθύνθη
3309 4454 3419 4525 γὰρ
3473 4454 3507 4522 ἡ
3564 4454 3729 4522 σοφία

2158 4538 2322 4591 αὑτοῦ
2358 4539 2495 4609 ὑπὲρ
2533 4539 2711 4593 πάντα
2766 4540 3032 4612 φρόνιμον
3076 4542 3376 4610 Αἰγύπτου.
3414 4562 3432 4595 ι
3472 4543 3579 4606 Τὰς
3628 4543 3725 4599 τοῦ

2158 4629 2499 4698 Σολομῶντος
2533 4628 2770 4703 βίϐλους,
2796 4632 2888 4701 ἀφ’
2922 4627 2995 4685 ὧν
3030 4632 3125 4686 καὶ
3152 4637 3198 4686 οἱ
3228 4633 3337 4686 τῶν
3367 4635 3567 4704 ίατρῶν
3600 4635 3728 4686 παῖ-

2155 4720 2242 4784 δες
2294 4721 2389 4782 τὰς
2435 4721 2690 4796 ἀφορμὰς
2728 4723 2939 4781 ἔλαϐον.
2978 4725 3131 4778 Μετὰ
3182 4729 3289 4796 γὰρ
3336 4728 3395 4779 τὸ
3448 4727 3628 4779 λαϐεῖν
3663 4729 3729 4777 ἐκ

2156 4812 2291 4865 Θεοῦ
2325 4812 2424 4883 τὴν
2484 4814 2677 4881 σοφίαν
2724 4815 3032 4887 τρισχιλίας
3091 4807 3189 4884 μὲν
3250 4819 3565 4887 παραὸολὰς
3632 4818 3729 4874 καὶ

2159 4904 2601 4977 πεντακισχιλίας
2639 4904 2780 4977 ᾠδὰς
2820 4907 3051 4979 ὲλάλησε
3092 4910 3223 4982 περὶ
3258 4911 3479 4967 πάντων
3517 4909 3622 4966 τῶν
3668 4926 3726 4960 τε

2154 5209 2467 5279 octogesimo
2492 5225 2632 5279 αηηο
2665 5208 2980 5278 egressionis
3011 5207 3248 5274 ﬁliorum
3285 5208 3477 5275 Israel,
3531 5224 3581 5263 et
3607 5227 3731 5279 qua:

2154 5277 2479 5350 seqtiuntur.
2508 5277 2618 5350 lnio
2646 5277 2748 5332 nec
2773 5279 2973 5332 desunt
2998 5280 3142 5350 inter
3196 5287 3579 5350 ctu'onumgos,
3629 5277 3726 5348 qui

2154 5347 2317 5416 longe
2366 5347 2529 5400 etiam
2570 5348 2754 5417 plures
2784 5349 3151 5401 numerandos
3196 5362 3321 5401 esse
3371 5347 3729 5414 cernendum,

2156 5426 2210 5491 et
2260 5416 2487 5491 ηερ-480
2528 5416 3004 5491 velintlegeudum
3030 5433 3153 5491 esse
3205 5420 3260 5471 in
3291 5424 3462 5491 sacris
3519 5419 3732 5473 cadit-io

2155 5487 2255 5540 b‘us
2284 5487 2407 5541 580.
2440 5491 2552 5551 Qua
2575 5487 2643 5541 de
2666 5502 2728 5560 re
2758 5491 3002 5560 uberius,
3038 5489 3129 5556 qui
3176 5490 3480 5543 doctrinam
3521 5499 3737 5560 tempo-

2155 5572 2273 5610 rum
2311 5568 2426 5611 arte
2467 5572 2530 5611 ac
2551 5557 2807 5612 metbudo
2842 5569 3198 5626 pertractant.
