4110 6194
347 256 457 319 349

1620 255 2023 317 ANNALIUM
2064 255 2262 318 PARS
2303 259 2385 321 ll.

3478 263 3583 326 350

340 364 410 416 ἐκ
434 362 535 432 γῆς
568 366 859 433 φυομένων
896 366 992 421 καὶ
1038 365 1257 420 πάντων
1287 363 1394 420 τῶν
1424 364 1599 428 ζώων.
1641 366 1767 419 Ἐπὶ
1807 366 1912 435 γάρ

2022 368 2351 435 composuit.
2395 367 2507 423 lloc
2534 370 2691 423 enim
2712 368 2956 424 indicare
2987 368 3179 425 volens
3199 378 3388 424 auctor
3413 370 3582 425 histo—

339 452 516 525 τούτῳ
562 456 725 510 καὶού
770 458 1122 529 συγγραφεύς
1176 475 1344 528 φησιν
1376 457 1763 525 ὅτι-ἐλάλησεν
1786 459 1918 529 περὶ

336 545 452 599 τῶν
485 546 661 613 ξύλων
694 550 805 602 ἀπδ
834 550 935 619 τῆς
987 550 1180 619 κέδρου
1226 552 1325 620 τῆς
1370 553 1427 604 ὲν
1456 551 1534 620 τῷ
1565 550 1783 620 Λιϐάνῳ
1822 550 1919 604 καὶ

337 636 446 699 ἓως
472 639 572 708 τῆς
595 639 851 693 ὑσσώπου
879 639 978 709 τῆς
1012 640 1454 712 ἑκπορευομὲνης
1486 641 1550 693 ὲκ
1578 639 1671 693 τοῦ
1707 639 1914 709 τοίχου.

341 727 502 795 Παρά
550 727 608 780 δὴ
671 727 919 793 Ἐζεκίου
981 728 1253 784 κεκαῦθαί
1319 748 1483 801 φησιν
1523 732 1550 784 6
1596 730 1918 801 πολυμαθὴς

339 818 436 869 καὶ
474 818 785 891 πολυῖστωρ
816 820 1096 884 Εὐσέϐιος.
1136 821 1278 874 Ὅσα
1326 822 1422 875 καὶ
1468 821 1579 894 γάρ
1611 825 1668 877 ὲν
1707 824 1777 893 γῇ
1823 825 1919 875 καὶ

343 909 610 981 θαλάσσῃ,
647 912 703 964 ὲν
734 911 877 983 ἀέρι,
925 913 1173 983 ἀφορμαὶ
1211 916 1308 983 τῆς
1351 914 1559 968 ἐκείνου
1598 914 1917 983 φιλοσοφίας

340 999 611 1066 ἐγένοντο.
643 1002 800 1055 Οὕτω
851 1003 950 1073 μὲν
980 996 1073 1057 οὖν
1128 1006 1155 1057 6
1220 1005 1469 1069 Ἐζεκίας
1526 1007 1620 1059 καὶ
1676 1008 1771 1059 ἐπὶ
1815 1006 1914 1059 τοῦ

341 1091 505 1144 Δαὸὶδ
558 1094 779 1164 ἐποίησε
839 1094 1096 1166 ψαλμοῖς.
1121 1096 1340 1150 Τούτων
1389 1098 1483 1150 καὶ
1534 1097 1639 1167 γὰρ
1690 1099 1746 1151 ὲν
1798 1100 1917 1161 ταῖς

340 1185 745 1252 αἰχμαλωσίαις
791 1187 1171 1252 ἀπολωλότων,
1236 1188 1473 1258 Ἔσδρας
1519 1206 1605 1252 τις
1651 1190 1791 1260 ἀνὴρ
1836 1191 1920 1253 είς

341 1277 510 1344 ἄκρον
549 1280 648 1346 τῆς
693 1279 973 1348 Ἐδραῖδος
1023 1280 1306 1335 διαλέκτου
1353 1282 1633 1352 ἐληλακὼς
1672 1290 1717 1336 τ’
1761 1283 1917 1347 ὅλους

340 1369 765 1439 ἀπηριθμήσατο
786 1372 820 1442 ἢ
853 1372 948 1425 καὶ
979 1372 1195 1438 πλείους
1228 1375 1505 1439 συλλέξας.
1526 1375 1665 1430 Ἀλλ’
1695 1377 1722 1429 6
1767 1377 1916 1440 Ἐζε-

339 1458 468 1521 κίας
506 1461 633 1521 τοὺς
663 1460 880 1523 πλείους
910 1463 1019 1516 τῶν
1045 1464 1276 1535 ψαλμῶν
1306 1466 1580 1537 ἀθετήσας
1606 1467 1681 1531 ὡς
1719 1468 1794 1538 μὴ
1820 1467 1912 1520 τοῦ

339 1549 508 1603 Δαὸὶδ
557 1546 701 1605 εἶναι
752 1554 1237 1626 ὡμολογημένους,
1265 1558 1391 1620 τοὺς
1452 1565 1530 1628 ρν¹
1570 1560 1664 1613 καὶ
1722 1560 1914 1630 μόνους

336 1642 768 1713 ἁπέκρινεν,ὠς
819 1646 847 1699 6
902 1646 1215 1717 σοφώτατος
1268 1649 1477 1713 Ψελλὸς
1532 1650 1733 1719 ἱστορεῖ
1774 1649 1908 1721 (57).

350 1732 782 1805 Ἐφυσιολόγησε
837 1737 895 1790 δὲ
961 1738 1215 1805 Σολομῶν
1256 1740 1365 1793 ’καὶ
1423 1739 1551 1809 περὶ
1599 1738 1783 1806 λίθων,
1814 1741 1911 1810 οὐχ

338 1823 492 1888 ὅπως
524 1826 885 1898 ὲχρὼσθησαν
917 1828 1078 1897 μόνον
1130 1830 1162 1897 ἤ
1212 1830 1621 1901 συνεπάγησαν,
1650 1830 1786 1884 ἀλλά
1817 1834 1913 1884 καὶ

335 1916 473 1969 ὅπου
512 1917 719 1987 ἑκάστη
774 1920 1039 1972 συντελεῖ.
1070 1920 1183 1989 Τὴν
1220 1920 1319 1987 μὲν
1351 1920 1711 1991 σωφροσύνης
1740 1921 1910 1992 ἔφησε

338 2006 731 2079 φυλακτήριον,
752 2009 852 2079 τὴν
878 2009 935 2063 δὲ
959 2011 1094 2081 πρὸς
1115 2011 1182 2063 τὰ
1208 2008 1404 2080 θειώδη
1431 2012 1678 2081 ἀντέχειν
1705 2011 1909 2082 tropea,

338 2098 537 2168 ἑτέραν
584 2101 640 2152 δὲ
673 2101 998 2169 φυγαδεύειν
1032 2101 1319 2170 πνεύματα
1365 2101 1596 2171 πονηρά.
1632 2102 1793 2155 Ἀλλά
1820 2103 1913 2157 καὶ

339 2191 467 2258 περὶ
500 2190 773 2260 δαιμόνων
804 2190 960 2262 ἐτέθη
1007 2191 1211 2261 βιϐλίον
1237 2191 1427 2257 αὐτοῦ,
1459 2194 1609 2258 ὅπως
1639 2211 1700 2247 τε
1733 2194 1909 2248 κατά-

337 2299 529 2349 γονται
559 2284 652 2336 καὶ
682 2285 736 2336 ὲν
764 2284 898 2352 οἵοις
925 2285 1094 2338 εἴδεσι
1141 2286 1441 2355 φαίνονται.
1478 2286 1673 2351 Φύσεις
1703 2287 1760 2342 δὲ
1790 2288 1913 2342 τού-

336 2387 447 2423 των
496 2374 586 2424 καὶ
628 2372 894 2443 ἰδιότητας
930 2375 1164 2445 ἔγραψε,
1201 2375 1319 2439 πῶς
1352 2391 1410 2428 τε
1446 2376 1773 2447 δεσμοῦνται
1818 2381 1912 2432 καὶ

338 2460 456 2522 πῶς
487 2462 992 2533 ὲμφιλοχωροῦντες
1034 2465 1385 2520 ἀπολύονται.
1414 2466 1578 2518 Ὅοεν
1611 2466 1747 2539 ἔργα
1789 2470 1912 2519 τού-

338 2565 452 2613 τοις
488 2552 767 2624 ἀχθοφόρα
812 2554 1127 2619 ἐπέταττεν,
1160 2554 1444 2624 ὑλοτομεῖν
1499 2572 1580 2618 τε,
1610 2557 1684 2618 ὡς
1732 2555 1907 2624 λόγος,

337 2646 642 2715 ἠνάγκαζε,
674 2648 767 2700 καὶ
795 2644 1114 2716 κατωμαδὸν
1152 2647 1218 2700 τὰ
1245 2646 1382 2717 ἄχθη
1424 2647 1610 2716 φέρειν
1647 2646 1912 2715 παρεϐιά-

337 2739 481 2802 ζετο.
529 2738 787 2811 ᾮδηκότα
815 2757 872 2793 τε
918 2739 1211 2848 δπλάγχνα
1242 2739 1274 2810 ἦ
1310 2741 1547 2809 ἐπῳδαῖς
1588 2740 1618 2811 ἢ
1653 2742 1911 2812 βοτάναις

337 2832 640 2902 περιτιθεὶς
695 2831 1047 2903 ὲθεράπεῧεν.
1090 2833 1234 2885 Ἀλλ’
1276 2831 1304 2884 6
1359 2848 1424 2899 γε
1476 2833 1619 2894 Θείος
1661 2833 1910 2897 Ἐζεκίας

338 2924 457 2995 Θεῷ
496 2925 689 2978 ἑαυτὸν
723 2925 1014 2991 ἀνατιθεὶς,
1052 2926 1145 2977 καὶ
1176 2926 1356 2978 πάντα
1395 2925 1496 2993 τῆς
1530 2925 1742 2978 ἐκεῖθεν
1773 2942 1909 2994 προ⁴

2020 458 2114 511 riae
2139 458 2322 512 verbis
2352 459 2659 531 hujusmadi
2689 474 2818 514 usus
2844 471 2962 518 est:
2998 459 3298 516 «Disseruit
3331 462 3398 517 de
3429 464 3563 517 arbo

1998 548 2195 613 -ribus,
2225 565 2255 604 a
2292 552 2457 607 cedro
2487 551 2678 607 Libani
2711 567 2882 621 usque
2905 553 2972 609 ad
3000 554 3287 624 bySOpnm,
3321 553 3376 607 in
3408 556 3583 623 parie-

2021 638 2153 693 tinis
2178 640 2269 710 qui
2305 641 2605 697 nascitur»
2640 641 2710 694 Ex
2752 642 2836 695 his
2871 642 3023 696 libr's
3069 639 3438 697 Solomonicis
3471 656 3577 696 me-

2019 729 2264 785 dieormn
2290 732 2438 786 natio
2463 733 2637 787 multa
2662 733 3066 787 commentandi
3099 733 3418 788 occasiones
3439 748 3579 788 sum-

2019 822 2127 891 psit
2161 840 2174 876 :
2204 839 2329 878 nam
2366 840 2708 894 quacunque
2762 826 2814 879 in
2843 834 3007 890 terra,
3057 827 3112 881 in
3146 828 3306 891 mari,
3360 828 3414 883 in
3461 843 3584 883 aere

2019 914 2305 979 exsistunt,
2338 916 2617 970 Solomoni
2655 917 2722 971 ad
2762 918 3263 987 philosophandum
3300 923 3584 978 materiem

2019 1006 2461 1075 suppeditarunt.
2494 1006 2769 1062 Nonnulla
2806 1019 2986 1063 tamen
3022 1010 3335 1066 Solomonis
3383 1028 3581 1068 nomen

2017 1097 2430 1165 prmseferentia
2483 1096 2648 1152 fuisse
2710 1098 2779 1152 ab
2818 1097 3011 1153 Ezecia
3074 1111 3414 1155 concremata
3442 1145 3456 1168 ,
3491 1104 3580 1156 do-

2018 1188 2292 1242 ctissimus
2312 1188 2397 1243 ille
2418 1188 2885 1259 plurimarumque
2911 1206 3087 1244 rermn
3114 1193 3421 1261 cognitTone
3449 1210 3581 1262 pra.

2017 1279 2162 1333 ditns
2185 1280 2457 1335 Eusebius
2483 1281 2762 1335 memoriae
2787 1282 3041 1350 prodidit.
3070 1281 3212 1336 idem
3241 1281 3328 1336 hic
3359 1283 3584 1337 Ezecias

2018 1369 2074 1423 in
2118 1368 2387 1427 Davidicis
2416 1374 2578 1427 etiam
2625 1372 2847 1442 psalmis
2887 1374 3323 1441 praestitit:nam
3358 1389 3481 1429 cum
3533 1376 3584 1429 in

2015 1463 2419 1531 captivitatibus
2486 1463 2561 1517 illi
2614 1465 2799 1518 amissi
2857 1464 3055 1529 forent,
3108 1466 3583 1535 Esdrasquidam,

2016 1553 2102 1607 vir
2136 1552 2201 1607 ad
2231 1568 2505 1607 summum
2546 1554 2830 1609 Hebraica:
2863 1555 3063 1624 linguae
3095 1555 3328 1623 peritus,
3366 1567 3581 1611 trecen-

2019 1653 2120 1707 tos,
2149 1643 2260 1697 imo
2285 1644 2467 1712 plures
2494 1644 2756 1698 collectos
2786 1645 3065 1697 recensuit
3098 1660 3112 1697 :
3146 1659 3335 1699 verum
3363 1643 3584 1702 Ezecias

2014 1734 2385 1804 compluribus
2422 1750 2486 1789 ex
2531 1734 2688 1805 183
2724 1736 2872 1789 hisce
2892 1734 3118 1804 psalmis
3143 1735 3304 1805 plane
3342 1738 3583 1808 rejectis,

2013 1834 2073 1879 ut
2101 1825 2193 1895 qui
2218 1827 2355 1879 citra
2379 1825 2809 1879 controversiam
2840 1824 3061 1878 Davidis
3094 1825 3357 1894 appellari
3388 1827 3584 1896 nequi-

2013 1927 2155 1979 rent,
2199 1918 2347 1973 solos
2380 1918 2482 1972 l50
2515 1918 2755 1985 reliquos
2789 1916 3050 1987 suﬂ'ragio
3084 1932 3185 1971 suo
3231 1918 3580 1988 approbavit,

2014 2009 2476 2077 quemadmodum
2527 2008 2735 2063 Psellus
2794 2007 2884 2063 ille
2931 2009 3280 2064 doctissimus
3338 2009 3583 2080 scripsit.

2014 2103 2283 2155 Praeterea
2315 2100 2538 2155 Solomo
2564 2100 2630 2153 de
2666 2100 2898 2169 gemmis
2959 2115 3179 2169 quoque
3210 2102 3471 2156 disseruit
3497 2118 3583 2156 ea-

2013 2207 2242 2259 rumque
2272 2200 2491 2256 natura,
2519 2205 2622 2242 non
2662 2196 2874 2242 tantum
2908 2203 3015 2256 quo
3051 2189 3154 2244 illae
3181 2200 3344 2259 pacto
3370 2191 3582 2247 calores

2014 2284 2113 2337 hos
2143 2282 2229 2335 vel
2255 2283 2377 2335 illos
2405 2279 2677 2349 accipiant
2707 2279 2794 2333 vel
2825 2279 3119 2348 gignantur
3166 2288 3221 2334 ct
3244 2282 3579 2347 coalescant,

2012 2390 2201 2429 verum
2237 2375 2399 2427 etiam
2447 2372 2569 2439 quis
2623 2372 3052 2441 uniuscujusque
3085 2370 3157 2425 sit
3210 2387 3342 2426 usus
3372 2390 3386 2427 :
3418 2373 3579 2427 aliam

2012 2465 2159 2518 enim
2185 2463 2462 2532 pudicitia:
2492 2461 2775 2515 custodem
2807 2476 2927 2516 esse
2967 2463 3365 2531 pronuntiavit,
3420 2465 3581 2518 aliam

2014 2558 2271 2613 sulfureis
2300 2556 2816 2613 inﬂammationibus
2850 2557 3137 2618 resistere,
3195 2557 3357 2610 alLam
3414 2558 3587 2611 malos

2011 2649 2199 2720 genios
2226 2648 2466 2719 abigere.
2500 2647 2645 2713 Quin
2680 2645 2844 2700 etiam
2875 2646 3075 2700 librum
3108 2645 3176 2701 de
3208 2647 3386 2717 geniis
3424 2662 3578 2702 com.

2010 2739 2216 2812 posuit,
2257 2755 2366 2809 quo
2402 2740 2665 2793 nimirum
2698 2747 2859 2809 pacto
2892 2753 2924 2794 e
2974 2738 3197 2793 sublimi
3243 2739 3587 2794 deducantur

2011 2843 2064 2887 et
2096 2832 2349 2903 qualibus
2379 2832 2567 2885 formis
2611 2841 2929 2900 appareant.
2973 2830 3304 2886 Eorumdem
3363 2843 3587 2887 naturas

2012 2934 2175 2993 atque
2212 2922 2585 2993 proprietates
2617 2920 2936 2991 complexus
2982 2932 3088 2987 est,
3121 2931 3235 2976 tum
3265 2938 3376 2992 quo
3419 2935 3583 2994 pacto

344 3016 488 3079 ωίας
545 3016 873 3085 ἐξαρτήσας,
898 3017 1006 3069 τῶν
1075 3017 1214 3088 ὑπὲρ
1264 3015 1429 3085 φύσιν
1473 3017 1551 3088 τῷ
1601 3017 1909 3087 Σολομῶντι

2016 3014 2246 3071 vinculis
2268 3015 2637 3084 astringantur
2666 3020 2721 3065 et
2748 3012 2914 3066 certis
2946 3011 3082 3065 locis
3106 3011 3321 3065 adsueti
3352 3012 3580 3080 abigan-

340 3107 818 3177 φιλοσοφηθέντων
862 3105 1237 3177 ὠλιγώρησεν.
1287 3100 1387 3160 Ὧν
1437 3108 1494 3161 δὲ
1557 3108 1842 3178 ἱστόρησεν
1883 3109 1911 3160 6

341 3195 568 3256 Ψελλὸς,
596 3194 690 3247 καὶ
740 3196 768 3247 6
802 3194 1065 3261 Ἰώσηπος
1120 3195 1327 3266 μάρτυς
1360 3197 1472 3248 ἐστὶ
1511 3196 1712 3263 λέγων·
1751 3215 1769 3247 ‹
1805 3198 1913 3251 Καὶ

341 3289 554 3357 ἐπῳδάς
580 3287 722 3340 κατὰ
763 3287 1036 3354 δαιμόνων
1068 3288 1163 3340 καὶ
1194 3288 1556 3357 ὲξορκισμοὺς
1592 3288 1911 3357 ἐπενόησεν,

343 3375 454 3444 αἶς,
493 3398 511 3429 ι
552 3378 739 3447 φησὶν,
780 3395 799 3430 t
842 3373 958 3432 οῖδα
1005 3377 1286 3448 χρώμενον
1334 3378 1595 3450 Ἐλεάζαρ
1650 3378 1742 3432 τὸν
1778 3379 1911 3432 ’1ου-

341 3472 508 3535 δαῖον,
538 3471 823 3526 δακτύλιον
872 3473 1154 3525 ὲντιθέντα
1195 3475 1259 3541 τῇ
1305 3474 1411 3542 ῥινὶ
1438 3472 1532 3524 τοῦ
1587 3472 1910 3542 πάσχοντος,

343 3564 483 3617 καθὰ
539 3564 792 3633 Σολομῶν
862 3564 1150 3628 ὑπέδειξε·
1215 3566 1307 3617 καὶ
1364 3564 1792 3633 όσφραινόμενον
1854 3564 1913 3617 τὸ

340 3656 619 3726 δαιμόνιον
649 3656 850 3718 εὐθέως
885 3656 1095 3709 ἐκεῖθεν
1138 3655 1420 3725 ἠλαύνετο.
1456 3655 1625 3725 Δῆλον
1667 3656 1722 3708 δὲ
1753 3656 1913 3709 τοῦτο

341 3747 587 3815 γίνεσθαι
644 3747 733 3800 διά
791 3763 936 3808 τινος
1003 3731 1357 3809 ὑποτεῦἐντος
1411 3748 1637 3815 ἀγγείου
1709 3747 1909 3816 μεστοῦ

342 3840 534 3903 ὓδατος
556 3856 569 3868 ·
602 3839 1035 3909 συνεταράσσετο
1079 3838 1188 3906 γὰρ
1216 3840 1276 3890 τὸ
1322 3838 1559 3891 τοιοῦτον
1591 3837 1734 3909 ’ὕδωρ
1767 3839 1911 3889 ὲκεί-

340 3948 431 3983 νου
464 3928 845 3998 ὲξερχομὲνου.
885 3946 904 3980 ι
938 3927 1127 3982 Ταῦτα
1162 3927 1218 3981 δὲ
1254 3928 1430 3981 πάντα
1478 3929 1546 3981 τὸ.
1588 3929 1714 3998 περὶ
1757 3929 1916 3981 Σολο-

343 4023 557 4088 μῶντος
593 4019 954 4089 ἱστορούμενα
1008 4019 1104 4072 καὶ
1147 4017 1308 4081 αὐτὸς
1352 4020 1557 4083 ἐκεῖνος
1602 4018 1918 4072 ἐπιδεδαιοῖ

341 4116 400 4165 ἐν
434 4115 500 4181 τῇ
545 4111 712 4181 βίϐλῳ
738 4109 907 4163 αὑτοῦ
933 4113 1000 4181 τῇ
1032 4110 1304 4181 λεγομένῃ
1340 4096 1512 4180 Σοφίᾳ
1539 4109 1912 4180 Σολομῶντος.

342 4203 438 4255 καὶ
466 4202 592 4255 τάδε
619 4202 759 4255 κατὰ
786 4203 938 4271 ῥῆμα
970 4200 1204 4267 διεξιὼν,
1227 4219 1244 4253 t
1268 4199 1468 4262 ὈΘεὸς
1492 4200 1653 4253 ἔδωκέ
1687 4217 1778 4268 μοι
1805 4200 1913 4253 τῶν

339 4296 512 4347 εντων
552 4294 752 4360 γνῶσιν
779 4293 1009 4362 ἀψευδῆ,
1052 4292 1250 4345 εἰδέναι
1294 4307 1351 4344 τε
1399 4291 1655 4343 σύστασιν
1680 4291 1911 4361 κόσμου,

342 4385 522 4445 Θέσεις
553 4383 799 4453 ἀστέρων
835 4384 930 4436 καὶ
970 4385 1161 4453 φύσεις
1208 4382 1386 4447 ζώων,
1411 4381 1675 4453 διαφορὰς
1730 4366 1914 4449 φυτῶν

342 4478 435 4529 καὶ
489 4474 751 4545 δυνάμεις
787 4475 977 4546 ῥιζῶν,
1012 4476 1102 4528 καὶ
1132 4474 1334 4542 γνῶσιν
1379 4473 1476 4542 τὴν
1508 4476 1565 4526 ἐν
1598 4474 1845 4545 κρυπτῷ.
1889 4494 1908 4526 ι

343 4569 555 4622 Οὐκοῦν
586 4567 877 4631 ἀξιόπιστα
902 4569 1075 4622 πάντα
1108 4567 1176 4619 τὰ
1221 4568 1346 4636 περὶ
1377 4564 1724 4635 Σολομῶντος
1764 4567 1917 4635 λεγό-

347 4676 505 4729 μενα.

2018 3118 2123 3161 tur.
2153 3105 2290 3161 Hinc
2319 3104 2521 3159 factum
2553 3112 2613 3157 ut
2644 3116 2844 3173 operas
2876 3101 3143 3172 quasdam
3193 3104 3579 3173 gestandorum

2014 3211 2241 3251 onerum
2273 3195 2353 3249 eis
2380 3195 2721 3263 imponeret:
2754 3206 2879 3244 nam
2912 3199 2968 3245 et
2995 3192 3307 3258 materiem,
3340 3206 3440 3247 ceu
3464 3208 3584 3261 per-

2018 3288 2226 3352 hibent,
2258 3300 2352 3340 eos
2379 3284 2586 3338 caedere
2613 3282 2865 3353 cogebat,
2904 3291 2959 3336 et
2991 3282 3239 3337 humeris
3270 3298 3438 3338 onera
3460 3299 3585 3354 por-

2018 3392 2151 3435 tare.
2181 3379 2330 3434 Idem
2375 3375 2664 3431 hominum
2703 3375 2915 3429 viscera
2966 3375 3281 3430 exulcerata
3324 3376 3408 3430 vel
3461 3391 3582 3430 car-

2016 3470 2257 3525 minibus
2306 3469 2392 3523 vel
2425 3467 2608 3521 herbis
2662 3465 2921 3520 adhibitis
2973 3467 3221 3521 sanabat.
3268 3465 3468 3521 Verum
3502 3468 3586 3522 dio

2018 3562 2173 3615 \inus
2203 3564 2365 3614 homo
2398 3558 2642 3621 Ezecias,
2687 3556 2778 3625 qui
2829 3571 2889 3611 se
2917 3566 3089 3610 totum
3131 3555 3186 3608 D-
3209 3572 3241 3610 o
3270 3573 3589 3611 consecras-

2016 3662 2099 3705 set
2125 3658 2180 3703 et
2207 3648 2569 3716 mancipasset
2595 3647 2821 3715 ejusque
2851 3644 2918 3699 ad
2958 3645 3357 3714 providentiam
3388 3657 3589 3699 cuncta

2016 3745 2262 3806 relerrct,
2294 3740 2442 3811 parvi
2468 3755 2530 3795 ea
2568 3739 2694 3793 fecit
2725 3754 2844 3808 quae
2884 3753 3050 3808 snpra
3087 3747 3335 3797 naturam
3369 3737 3590 3791 Solonio

2016 3834 2427 3906 philosophatus
2477 3839 2641 3887 esset.
2710 3829 2834 3883 ιιευο
2885 3839 3065 3883 autem
3100 3845 3128 3881 a
3164 3827 3340 3880 Psvllo
3395 3829 3591 3884 tradita

2018 3924 2229 3981 veritati
2264 3932 2637 3978 consentanea
2672 3935 2795 3974 esse
2836 3918 3109 3987 Joseplnis
3148 3932 3364 3986 quoque
3408 3920 3591 3971 verbis

2018 4018 2051 4071 h
2077 4029 2169 4070 see
2199 4022 2461 4068 testatur:
2496 4028 2513 4063 ι
2556 4011 2731 4064 Etiam
2758 4011 3000 4064 carmina
3031 4009 3277 4077 quzedam
3326 4007 3592 4063 adversus

2016 4111 2207 4180 genios
2238 4116 2293 4161 et
2322 4104 2640 4160 eorutndem
2681 4101 3056 4171 adjurationes
3087 4100 3442 4170 echgitavit;
3471 4100 3592 4167 qui-

2016 4202 2142 4269 bus,
2180 4198 2375 4269 inquit,
2399 4194 2622 4250 memini
2656 4193 2908 4248 Judaeum
2947 4190 3237 4259 quemdam
3271 4189 3589 4244 Eleazarum

2018 4262 2288 4354 utentem,
2320 4289 2587 4344 annulum
2620 4285 2850 4339 naribus
2878 4283 3118 4338 hominis
3148 4281 3335 4353 agitati
3368 4282 3512 4336 malo
3561 4295 3591 4334 a

2023 4386 2183 4457 genio
2215 4383 2296 4439 sic
2325 4379 2657 4443 admovisse,
2690 4375 3154 4446 quemadmodum
3197 4375 3461 4428 indicavit
3492 4373 3593 4426 So-

2021 4479 2202 4542 lonio;
2237 4489 2398 4545 quem
2428 4486 2552 4527 cum
2582 4469 2777 4541 genius
2810 4466 3107 4529 oll'eeisset,
3137 4467 3402 4521 continuo
3434 4481 3499 4519 ex
3524 4480 3592 4519 eo

2024 4566 2296 4639 migravit.
2325 4563 2390 4618 Et
2413 4562 2791 4633 migrationem
2826 4558 2968 4613 hanc
3022 4557 3139 4611 lleri
3189 4556 3257 4611 de
3294 4571 3425 4610 vase
3460 4572 3593 4627 quo-

2022 4661 2170 4723 dam,
2194 4671 2332 4726 aqua
2362 4655 2595 4723 repleto,
2629 4648 2916 4722 perspicue
2941 4646 3302 4701 animadverti
3334 4655 3588 4715 poterat;

346 4767 469 4805 nam
503 4764 643 4819 aqua
692 4747 849 4819 genio
887 4754 1120 4802 exeunte
1162 4745 1502 4802 turbabatur.
1542 4767 1560 4800 ι
1596 4749 1773 4819 Atque
1804 4750 1917 4806 ha'c
1960 4751 2141 4806 omnia
2164 4748 2231 4803 de
2286 4746 2579 4801 Solomone
2640 4750 3062 4797 commemorata
3087 4737 3375 4793 conﬁrmat
3397 4735 3512 4807 ipse
3535 4736 3590 4790 in

345 4858 412 4897 eo
444 4842 583 4895 libro
659 4839 751 4909 qui
816 4837 1091 4908 Sapientia
1141 4836 1451 4893 Solomonis
1502 4841 1832 4910 appellatur,
1895 4843 1981 4898 his
2020 4844 2152 4912 ipsis
2182 4840 2410 4895 verbis:
2458 4853 2476 4888 ι
2513 4837 2655 4890 Deus
2699 4832 2833 4887 mihi
2894 4832 3041 4886 dedit
3095 4845 3276 4885 rerum
3328 4829 3586 4899 cognitio-

346 4951 470 4990 nem
508 4933 847 4987 verissimam
881 4942 940 4985 ut
977 4932 1165 4985 mundi
1196 4947 1509 5004 compagem
1560 4943 1902 5003 perspectam
1945 4938 2195 4999 habeam,
2256 4934 2607 4997 siderumque
2641 4928 2779 4980 situs
2840 4933 2894 4980 et
2948 4934 3171 4999 naturas
3223 4921 3586 4976 animantium

345 5037 396 5080 et
427 5026 681 5095 stirpium
714 5023 1051 5077 differentias
1101 5034 1155 5077 ct
1188 5024 1428 5077 radicum
1488 5025 1627 5080 vires
1660 5035 1714 5080 et
1751 5027 2060 5081 abditoruzn
2138 5024 2503 5094 cognitionem
2524 5021 2624 5073 "J
2678 5016 2890 5083 Ουιιιιιε
2958 5030 3089 5069 sane
3165 5013 3345 5067 "ubis
3400 5021 3589 5068 osum“

344 5125 493 5179 ditur
518 5120 698 5174 omnia
730 5119 795 5174 de
822 5116 1111 5173 Solomone
1145 5120 1356 5189 prodita
1391 5120 1549 5175 linem
1582 5122 1803 5175 mereri.

413 5260 461 5291 ’τι
490 5258 617 5327 ευρ.
654 5273 744 5318 m.
775 5256 866 5309 eo.
890 5227 911 5233 ’

416 5377 530 5447 (5'7)
559 5381 691 5439 Qua:
718 5375 784 5426 de
816 5370 1047 5447 Psalmis
1062 5371 1331 5447 Davidicis
1354 5388 1577 5447 iunipero
1620 5372 1909 5441 plusquam

349 5441 625 5505 trecentis,
653 5458 777 5495 cum
810 5442 991 5493 amissi
1029 5441 1277 5501 fuissent,
1326 5444 1394 5493 ab
1420 5441 1590 5495 Esdra
1655 5452 1774 5510 post
1823 5457 1916 5495 eti-

349 5517 652 5583 ptivitatem
682 5512 944 5583 collectis,
980 5520 1043 5583 Act
1090 5511 1156 5561 ab
1181 5510 1409 5583 Electria
1481 5513 1546 5564 ad
1614 5528 1911 5565 ninnerum

351 5579 568 5636 centum
595 5598 657 5635 ac
699 5579 1088 5645 quinquaginta
1121 5580 1410 5649 revocatis
1460 5584 1670 5641 asserit,
1714 5582 1909 5649 partim

353 5664 613 5722 snpecttc
642 5651 762 5704 lidei
810 5659 957 5713 sunt,
993 5648 1187 5717 partim
1238 5653 1459 5704 omnino
1494 5652 1644 5717 ialsa,
1690 5648 1745 5706 uit
1793 5666 1912 5719 qute

2022 5379 2145 5438 post
2168 5366 2497 5436 captivitatis
2537 5374 2780 5432 tempora
2811 5362 3009 5438 vixisse
3067 5360 3375 5438 Eaecliiam,
3421 5368 3589 5438 atque

2024 5428 2195 5493 Esdra
2226 5428 2504 5492 ilebraiezc
2535 5428 2736 5508 lingnze
2759 5433 3094 5508 peritissimo
3122 5430 3394 5508 iuniorem
3418 5428 3585 5508 fllls‘c

2022 5519 2352 5577 suppoztant,
2384 5524 2559 5573 neque
2590 5502 2693 5577 nlla
2727 5505 2779 5557 in
2807 5505 2871 5556 iis
2899 5502 3272 5577 ltalieri_il_ehet
3297 5502 3434 5577 ratio
3484 5502 3591 5574 κᾶν

2021 5565 2614 5647 σοῲὶυτάτου’Ψελλοῦ,
2645 5576 2688 5628 si
2721 5588 2898 5628 tamen
2949 5570 3038 5623 illa
3090 5568 3189 5621 fuit
3250 5565 3593 5621 celeberrimi

2019 5649 2074 5703 ill
2105 5663 2166 5702 us
2202 5650 2441 5719 doctoris
2466 5647 2672 5716 Opinio.
