4110 6194
375 279 466 343 361
1615 286 2019 349 ANNALIU'M
2060 290 2250 350 PARS
2289 289 2368 349 Il.

3493 295 3598 355 ,Ξὗέ

372 397 500 450 θεοῦ
526 395 726 449 καὶτὸν
758 397 1006 451 διάϐολον
1047 400 1101 450 ὲν
1127 399 1278 469 μέσῳ
1310 401 1507 466 αὐτῶν,
1536 389 1630 455 καὶ
1657 404 1800 457 οὕτω
1827 405 1939 458 δια-

2046 407 2118 460 ibi
2177 406 2404 476 perc-at?
2489 405 2625 459 Tum
2679 421 2736 459 sc
2780 406 3003 475 spithus
3052 406 3271 477 quidam
3323 409 3614 478 proripuit,

369 487 617 556 λεχθῆναι
671 488 806 557 πρὸς
856 490 949 542 τὸν
991 490 1215 560 Κύριον,
1279 494 1732 560 προσωποποιίαν
1795 491 1936 548 εἶναι

365 595 527 648 φησιν
553 581 579 631 ό
610 579 751 642 Octo;
790 581 1194 649 Χρυσόστομος.
1249 584 1352 635 Τὸν
1388 583 1570 650 μέντοι
1619 585 1764 638 Βάαλ
1816 585 1938 638 θεὸν

365 667 501 725 εἶναι
531 673 678 740 λέγει
736 675 950 744 Τυρίων
1004 677 1032 728 ὁ
1061 675 1349 746 Ἰώσηπος,
1383 677 1480 748 τὴν
1527 679 1583 731 δὲ
1629 679 1938 750 ’Λστόιρτην

367 765 648 831 Σιδωνίων,
682 767 910 836 Βααλὴμ
943 768 997 820 δὲ
1025 767 1115 819 τὸν
1140 769 1234 820 τοῦ
1265 771 1410 824 Βάαλ
1446 771 1634 840 σηκόν.
1674 773 1784 824 Καὶ
1809 774 1938 840 περὶ

368 857 464 925 μὲν
484 856 688 909 τούτων
719 857 914 920 οὕτως.
960 858 1023 912 '0
1055 859 1111 911 δὲ
1129 859 1402 928 Ἰωσαφὰτ
1429 863 1519 915 καὶ
1539 864 1825 933 προφήτην
1842 863 1938 933 ξη-

331 988 334 992 .
367 948 534 1016 τήσας
564 951 656 1002 καὶ
677 951 902 1004 τοιαῦτα
927 953 1114 1021 μαθὼν
1145 956 1295 1024 ὅμως
1327 957 1638 1027 συναπῆρεν
1666 959 1746 1019 εἰς·
1783 959 1939 1010 πόλε-

369 1052 463 1104 μον
504 1041 645 1107 μετὰ
676 1040 772 1094 τοῦ
800 1043 1045 1111 Ἀχαά6·
1104 1044 1242 1116 πλὴν
1297 1048 1385 1099 διὰ
1432 1047 1534 1117 τὴν
1564 1048 1733 1116 ἄλλην
1771 1047 1936 1102 αὐτοῦ

364 1129 581 1196 ἀρετήν,
627 1129 701 1191 ὡς
740 1131 945 1183 ἄνωἽεν
974 1133 1212 1203 εἴρηται,
1261 1137 1618 1208 διεφυλάχοη.
1659 1139 1720 1190 'U
1749 1139 1936 1207 μέντοι

365 1220 601 1288 Μιχαίας
631 1221 845 1293 φυλακῇ
885 1224 1186 1292 ἐμϐληθεὶς
1230 1227 1380 1297 παρὰ
1411 1227 1506 1280 τοῦ
1541 1229 1749 1298 ’Δχαέιϐ
1784 1230 1938 1298 ἔλεγε

371 1311 530 1378 μετὰ,
568 1313 886 1382 παρρησίας
913 1331 932 1364 ι
973 1315 1100 1367 Ἐὰν
1148 1318 1489 1387 ἐπιστρέφων
1519 1320 1854 1390 ἐπιστρέψῃς
1882 1323 1940 1373 ὲν

363 1404 579 1472 εἰρήνῃ,
608 1405 670 1456 οὐ
701 1405 999 1475 λελάληκεν
1029 1408 1085 1459 ὲν
1115 1409 1246 1477 ήμίν
1282 1410 1310 1460 ό
1333 1410 1555 1480 Κύριος.
1588 1429 1607 1462 ι
1643 1412 1812 1464 Ἀλλὰ
1844 1410 1940 1474 καὶ

362 1493 391 1561 ή
425 1494 516 1546 ἐπὶ
544 1495 642 1547 τοῦ
688 1496 898 1566 ’Λχαὰϐ
954 1497 1042 1550 διὰ
1101 1499 1196 1551 τοῦ
1225 1499 1409 1552 Ἠλίου
1471 1500 1590 1554 θεία
1629 1503 1938 1573 πρόρρησις

362 1587 532 1654 πέρας
584 1585 732 1654 ἔσχε.
780 1589 1023 1656 Τρωοεὶς
1072 1589 1166 1642 ἐπὶ
1199 1591 1334 1644 πολὺ
1377 1593 1453 1660 τῷ
1488 1591 1696 1662 ἅρματι
1727 1594 1939 1656 ἵστατο,

360 1676 441 1730 ἵνα
477 1678 555 1746 μὴ
588 1679 800 1750 τροπὴν
849 1678 1156 1750 ἐργάσηται
1188 1685 1254 1752 τῇ
1289 1687 1457 1752 φυγῇ.
1483 1684 1557 1736 Τὸ
1597 1684 1654 1736 δὲ
1684 1681 1820 1754 αἷμα
1850 1702 1943 1753 φε-

2046 507 2101 552 ct
2133 511 2314 550 coram
2351 497 2580 551 Domino
2617 512 2674 552 se
2705 496 2910 551 sistens
2943 497 2995 551 in
3031 499 3173 552 hunc
3211 500 3428 554 modum
3465 502 3616 556 locu-

2046 597 2133 642 tus
2163 597 2273 642 est:
2337 590 2476 658 «Ego
2523 604 2653 642 vero
2701 589 2975 644 hominem
3009 591 3331 660 decipiam.»
3382 594 3478 647 Cui
3514 595 3616 649 Do-

2046 681 2260 734 minus:
2315 681 2410 735 ιΕι
2448 697 2555 749 quo
2587 680 2802 735 tandem
2831 689 2990 750 pacto
3012 682 3061 734 ?»
3124 683 3349 746 «Abibo,
3419 684 3618 754 inquit,

2045 781 2100 826 et
2149 787 2242 826 ero
2293 773 2520 841 spiritus
2587 773 2813 827 mendax
2862 773 2914 826 in
2963 784 3404 830 orecunctorum
3434 787 3617 832 vatum

2045 863 2200 931 ejus;
2233 879 2404 932 coque
2434 864 2595 918 modo
2626 864 2799 932 ipsum
2846 864 3048 918 fallam.
3078 884 3094 916 ι
3132 865 3268 918 Tum
3324 867 3617 923 Dominus:

2052 955 2180 1010 «Abi
2211 972 2359 1024 ergo,
2383 957 2477 1021 ait,
2502 957 2754 1025 quodque
2778 956 2984 1021 dixisti,
3017 954 3232 1011 fa‘citoa
3272 958 3412 1013 Sunt
3434 969 3618 1014 autem

2048 1047 2163 1101 hate
2206 1046 2409 1111 omnia,
2463 1047 2922 1114 quemadmodum
2952 1048 3330 1104 Thcodoretus
3380 1052 3618 1120 scripsit,

2047 1152 2210 1190 mera:
2263 1152 2622 1206 personarum
2670 1137 2940 1203 ﬁctiones,
2971 1155 3091 1206 qua:
3145 1155 3244 1194 nos
3291 1142 3357 1194 de
3389 1144 3622 1208 permis-

2048 1231 2204 1286 sionc
2236 1231 2417 1285 divina
2442 1230 2724 1284 erudiunt.
2780 1228 2982 1283 Eodem
3010 1229 3168 1282 modo
3194 1246 3316 1283 cum
3346 1231 3402 1283 in
3436 1247 3622 1285 narra-

2049 1325 2196 1376 tione
2224 1323 2290 1374 de
2339 1321 2477 1376 Jobo
2517 1320 2735 1374 Littera:
2765 1335 2935 1375 sacra:
2981 1319 3226 1374 referunt
3271 1301 3498 1391 angelos
3527 1339 3622 1376 co-

2046 1428 2164 1466 ram
2199 1411 2442 1466 Domino-
2479 1411 2737 1475 astitissc,
2787 1427 2850 1465 ac
2893 1412 3034 1465 inter
3061 1426 3158 1466 eos
3190 1412 3367 1481 ipsum
3404 1429 3620 1481 quoque

2046 1503 2346 1570 diabolum,
2399 1504 2492 1572 qui
2553 1502 2720 1556 Deum
2773 1502 3211 1572 compellaverit,
3258 1503 3479 1557 divinus
3532 1505 3620 1556 ille.

2047 1594 2468 1662 Cbrysostomus
2548 1608 2907 1662 personarum
3000 1592 3272 1646 ﬁctionem
3351 1595 3621 1663 agnoscit.

2047 1683 2317 1738 Cmterum
2385 1684 2514 1738 Baal
2568 1684 2806 1752 Josepho
2873 1684 3020 1738 deus
3092 1690 3176 1738 est
3245 1683 3618 1753 Assyriorum,

359 1769 592 1838 ρόμενον
646 1772 890 1841 ὲνεπάγη
947 1773 1024 1842 τῷ
1058 1761 1287 1844 ἅρματι.
1321 1776 1494 1828 Τοῦτο
1526 1777 1678 1845 παρὰ
1709 1777 1886 1848 κρήνῃ
1915 1779 1941 1830 ὁ

2049 1777 2268 1831 Astarte
2317 1792 2450 1831 vero
2504 1777 2871 1838 S'doniorum,
2917 1776 3122 1830 Baalim
3177 1776 3415 1844 denique
3447 1777 3623 1830 sacel-

361 1860 578 1928 ήνίοχος
613 1862 861 1927 ἔπλυνεν,
888 1867 937 1918 oi
967 1865 1024 1918 δὲ
1060 1866 1218 1930 κύνες
1247 1865 1535 1937 ἐξέλειχον.
1567 1868 1630 1919 Ai
1662 1867 1718 1918 δὲ
1743 1867 1941 1936 πόρναι

359 1955 484 2023 περὶ
511 1955 614 2024 τὴν
638 1955 714 2010 ἔω
740 1959 880 2010 κατὰ
907 1959 968 2010 τὺ
997 1959 1115 2021 ἔθος
1143 1959 1435 2032 ἐλούσαντο
1455 1977 1468 1991 °
1501 1963 1806 2031 πηγιμαῖον
1837 1962 1941 2029 γὰρ

356 2040 421 2113 ἦν
445 2045 504 2097 τὸ
533 2046 706 2117 ὕδωρ,
747 2051 1131 2118 κεχρωσμένον
1153 2050 1211 2104 δὲ
1248 2050 1326 2119 τῷ
1351 2051 1569 2120 αἵματι.

2049 1867 2161 1921 lum
2197 1865 2322 1920 Baal
2354 1866 2766 1936 interpretatur.
2806 1866 2883 1922 Ac
2924 1866 2991 1921 de
3019 1866 3104 1920 his
3136 1867 3360 1934 quidem
3399 1867 3511 1920 haec
3542 1867 3624 1919 in-

2046 1960 2224 2014 dicata
2259 1971 2444 2014 sunto.
2500 1959 2832 2026 Josaphatus
2871 1969 3055 2013 autem
3095 1959 3363 2028 requisito
3395 1968 3520 2012 vate
3558 1975 3622 2010 ac

2048 2050 2362 2121 hujusmodi
2395 2050 2555 2104 rebus
2587 2065 2652 2104 ex
2675 2065 2741 2104 eo
2772 2050 3008 2120 cognitis
3051 2051 3227 2105 nihilo
3266 2051 3448 2104 minus
3495 2065 3620 2102 cum

355 2138 617 2192 Achaabo
639 2138 706 2192 ad
745 2141 948 2194 bellum
975 2143 1250 2210 profectus
1278 2152 1381 2197 est.
1413 2142 1549 2208 Quia
1601 2152 1782 2198 tamen
1849 2142 2052 2211 alioqui
2117 2141 2200 2196 vir
2241 2157 2450 2214 magna:
2507 2141 2728 2195 virtutis
2761 2150 2900 2204 erat,
2929 2150 2988 2196 ut
3018 2157 3182 2211 supra
3234 2158 3450 2211 quoque
3483 2141 3624 2194 divi-

359 2247 496 2297 mus,
539 2233 832 2287 incolumis
871 2233 1092 2288 domum
1125 2235 1322 2288 evasit.
1399 2235 1652 2291 Michzeas
1723 2237 1780 2289 in
1849 2249 2124 2289 carcerem
2181 2234 2248 2287 ab
2316 2231 2572 2286 Achaabo
2625 2234 2906 2302 conjectus
2955 2249 3150 2302 magna
3215 2249 3338 2288 eum
3389 2235 3500 2288 oris
3560 2233 3624 2286 li‘

356 2325 570 2379 hertate
595 2325 772 2379 dixit:
829 2325 1062 2392 «Quodsi
1109 2342 1369 2396 prospere
1403 2328 1627 2390 domum
1660 2344 1911 2384 reversus
1951 2328 2140 2393 fueris,
2174 2327 2342 2380 Deum
2380 2343 2476 2397 per
2513 2342 2598 2381 me
2626 2326 2852 2381 mimine
2886 2327 3282 2401 locutumesse
3319 2327 3552 2381 fatebor.
3599 2345 3618 2376 ι

358 2416 656 2471 Eninwero
699 2418 938 2472 divinum
1004 2419 1136 2472 illud
1199 2420 1480 2474 oraculum
1528 2421 1596 2474 de
1652 2421 1935 2485 Achaaho,
1971 2421 2117 2490 quod
2153 2419 2301 2473 Elias
2369 2418 2558 2484 edidit,
2623 2426 2854 2474 eventus
2885 2419 3002 2488 ipse
3035 2419 3433 2488 comprobavit.
3487 2417 3628 2472 Nam

356 2524 477 2563 cum
511 2511 713 2564 vulnus
735 2510 1064 2579 accepisset,
1103 2510 1196 2570 diu
1218 2513 1512 2566 admodum
1546 2513 1598 2567 in
1635 2528 1795 2567 curru
1823 2513 1993 2575 stetit,
2027 2527 2097 2566 ne
2157 2522 2452 2580 conspecta
2480 2510 2624 2580 regis
2665 2510 2787 2580 fuga
2855 2511 3054 2565 milites
3115 2511 3255 2564 hosti
3327 2519 3472 2581 terga
3527 2509 3625 2563 da-

357 2614 494 2660 rent.
565 2607 644 2660 lbi
673 2607 892 2675 sanguis
931 2622 962 2660 e
995 2608 1222 2662 vulnere
1289 2609 1564 2678 profluens
1621 2624 1786 2664 curru
1855 2608 2124 2673 adhaesit;
2179 2623 2342 2677 quem
2394 2607 2651 2676 deinceps
2703 2607 2887 2677 auriga
2937 2606 3002 2659 ad
3063 2605 3270 2659 fontem
3343 2605 3518 2658 abluit
3569 2615 3625 2656 et

354 2715 518 2756 canes
556 2702 850 2758 linxerunt.
903 2702 1058 2758 Mane
1122 2720 1252 2758 vero
1289 2705 1604 2759 meretrices
1637 2706 1704 2760 ad
1749 2705 1954 2762 fontem
1999 2705 2158 2775 19o
2191 2703 2428 2759 Achaahi
2477 2703 2740 2773 sanguine
2794 2706 3017 2757 tinctum
3078 2702 3401 2757 accedentes
3459 2701 3620 2755 etiam

356 2797 409 2850 in
441 2813 509 2852 eo
533 2813 770 2868 corpora
808 2813 904 2852 sua
943 2813 1042 2868 pro
1084 2815 1237 2853 more
1262 2799 1573 2854 abluerunt.

423 2892 635 2959 Ἰωρὰμ
665 2891 721 2943 δὲ
743 2890 837 2942 τοῦ
866 2890 1136 2958 κηδεστοῦ
1175 2893 1383 2960 Ἀχαὰὸ
1407 2892 1661 2962 ζηλώσας
1691 2893 1789 2963 τὴν
1813 2894 1938 2946 ἀσέ-

354 2985 506 3038 ϐειαν
563 2984 723 3048 ἀξίαν
754 2983 854 3053 τὴν
903 2983 1178 3052 τιμωρίαν
1215 2982 1435 3054 εὕρατο..
1479 2985 1540 3035 '0
1592 2985 1700 3055 γὰρ
1763 2986 1934 3054 μέγας

365 3079 558 3138 Ἥλίας
619 3076 708 3129 διὰ
753 3077 1097 3146 γραμμάτων
1155 3080 1436 3147 μεμήνυκε
1493 3078 1591 3147 τήν
1623 3078 1927 3145 ἀπόφασιψ

359 3185 377 3217 ι
408 3167 552 3220 Τάδε
579 3167 728 3232 λέγει
753 3166 988 3235 Κύριος·
1022 3166 1163 3220 ’Λνθ’
1193 3162 1269 3219 ὢν
1289 3169 1388 3221 οὐκ
1420 3169 1719 3238 ἐπορεύθης
1748 3171 1805 3220 ἐν
1831 3167 1934 3237 ὁδῷ
1967 3212 2010 3272 c

366 3257 641 3324 Ἰωσαφὰτ
668 3256 760 3309 τοῦ
795 3256 1002 3327 πατρός
1035 3275 1151 3322 σου,
1182 3258 1509 3322 ἀπέκτεινας
1537 3260 1593 3313 δὲ
1628 3262 1754 3321 τοὺς
1785 3260 1940 3313 ἀδελ-

353 3351 484 3418 φούς
517 3368 641 3414 σου,
677 3351 784 3404 ίδοὺ
818 3352 1025 3420 Κύριος
1049 3350 1318 3404 πατάσσει
1349 3352 1566 3421 πληγὴν
1602 3353 1850 3422 μεγάλην
1885 3353 1941 3405 ὲν

351 3444 424 3512 τῷ
447 3445 593 3510 οἴκῳ
621 3459 736 3508 σου,
767 3443 863 3495 καὶ
895 3444 958 3496 σὺ
990 3443 1087 3514 ἔσῃ
1121 3446 1178 3495 ἐν
1203 3445 1540 3514 ἀρρωστίαις
1569 3432 1858 3513 πονηραῖς,
1884 3446 1940 3497 ἐν

350 3535 644 3606 ἀρρωστίᾳ
672 3535 901 3598 κοιλίας,
937 3534 1043 3597 ἕως
1089 3533 1154 3587 ἂν
1203 3535 1390 3606 ὲξέλοῃ
1422 3537 1491 3588 τὰ
1518 3536 1713 3605 ἔντερά
1762 3553 1877 3588 σου.
1916 3555 1933 3587 ι

363 3618 834 3688 Ἐπεστράφησαν
881 3618 1062 3670 τοίνυν
1117 3617 1408 3684 ἀλλόφυλοι
1441 3618 1563 3670 κατ’
1597 3617 1788 3681 αὑτοῦ,
1845 3618 1940 3670 καὶ

352 3711 567 3772 πάντας
601 3709 1088 3780 ὲξηνδραπόδισαν,
1137 3711 1234 3765 καὶ
1277 3710 1343 3763 τὰ
1373 3710 1538 3763 τέκνα
1569 3711 1731 3763 αὐτοῦ
1762 3711 1940 3762 πάντα

352 3799 719 3854 κατέκτειναν
769 3801 898 3854 ἄνευ
948 3800 1044 3853 τοῦ
1080 3800 1350 3870 Ὀχοζίου.
1385 3801 1700 3872 Ἐπέσκηψε
1757 3804 1852 3854 καὶ
1904 3805 1936 3872 ἡ

353 3895 535 3958 νόσος,
571 3893 668 3945 καὶ
687 3892 810 3944 οὐδὲ
845 3893 980 3960 μετὰ
1005 3892 1238 3945 Θάνατον
1270 3890 1558 3961 βασιλικῆς
1591 3891 1799 3962 ἠξιώθη
1839 3910 1937 3944 τα-

355 3986 488 4056 φῆς.
516 3985 761 4052 ’Λληοῶς
809 3985 1042 4057 φοϐερὸν
1087 3985 1148 4038 τὸ
1190 3987 1454 4056 ἐμπεσεῖν
1479 3987 1558 4050 είς
1588 3989 1776 4058 χεῖρας
1801 3987 1938 4040 Θεοῦ
1982 4016 2002 4052 σί

355 4077 586 4142 ζῶντος.

425 4349 591 4403 Μετὰ
616 4349 806 4402 τοῦτον
839 4349 1086 4420 Ὀχοζίας
1115 4349 1365 4420 ζηλωτὴς
1396 4351 1488 4403 καὶ⁸
1519 4351 1680 4412 αὐτὸς
1707 4349 1806 4418 τῆς
1839 4367 1942 4402 πα-

353 4440 558 4510 τρικῆς
609 4439 886 4503 ἀσεϐείας.
931 4441 1378 4494 ’Λποστέλλονται
1433 4441 1614 4493 τοίνυν
1664 4442 1802 4510 πρὸς
1849 4442 1939 4494 τὸν

2123 2889 2439 2944 Secundum
2468 2890 2583 2943 luce
2609 2902 2698 2942 rex
2723 2887 2980 2941 Joramus
3008 2883 3340 2953 impietatem
3381 2885 3620 2941 Achaabi

2046 2986 2222 3038 soceri
2257 2982 2340 3038 sui
2377 2982 2661 3037 aemulatus
2704 2980 2928 3033 meritas
2971 2979 3197 3032 omnino
3247 2994 3435 3046 poenas
3498 2981 3619 3034 luit.

2042 3075 2178 3129 Nam
2215 3089 2445 3146 magnus
2490 3073 2577 3127 ille
2601 3079 2749 3125 v'ates
2778 3071 2923 3124 Elias
2948 3069 3259 3137 lmjusmodi
3289 3071 3468 3123 verbis
3493 3085 3619 3124 cum

2041 3181 2140 3234 per
2179 3165 2401 3226 litteras
2428 3161 2812 3232 compellavit:
2851 3161 3007 3214 ("me
3036 3161 3130 3214 tibi
3163 3162 3425 3214 Dominus
3452 3163 3622 3230 signi—

2048 3259 2173 3311 ficat
2201 3275 2215 3311 :
2260 3257 2529 3322 Quoniam
2561 3255 2873 3308 institutum
2902 3262 3142 3322 putemne
3183 3251 3623 3318 Josaphati'vitae

2046 3364 2237 3404 nones
2265 3329 2528 3412 sectatus,
2587 3347 2682 3400 sed
2712 3343 2916 3398 fratres
2959 3356 3079 3398 tuos
3127 3343 3446 3398 interfecisti
3479 3384 3492 3406 ,
3553 3361 3622 3397 en

2043 3456 2240 3512 magna
2265 3441 2574 3495 caiamitute
2617 3439 2876 3492 Dominus
2909 3437 3172 3490 familiam
3220 3448 3364 3488 tuam
3401 3437 3624 3498 alliciet,

2043 3547 2107 3586 ac
2162 3542 2218 3586 tu
2270 3531 2528 3600 gravibus
2579 3530 2869 3584 admodum
2913 3529 3119 3583 morbis
3147 3527 3442 3593 laborabis,
3486 3543 3626 3596 quos

2044 3623 2188 3678 inter
2242 3634 2403 3678 erunt
2451 3624 2724 3677 viscerum
2777 3623 3036 3686 tormina,
3077 3632 3181 3674 tam
3235 3622 3324 3672 diu
3369 3620 3621 3673 durantia

2043 3715 2222 3769 donec
2253 3715 2515 3768 intestina
2554 3730 2748 3784 egeras
2771 3715 2846 3766 ⁸.»
2911 3715 3025 3765 Non
3057 3712 3228 3766 nmlto
3257 3721 3377 3780 post
3419 3719 3626 3764 exterae

2043 3803 2294 3857 nationes
2336 3805 2388 3857 in
2423 3819 2548 3856 cum
2595 3803 2781 3872 copias
2825 3803 3104 3865 educunt,
3137 3817 3328 3854 omlnes
3371 3816 3400 3853 e
3445 3801 3625 3853 medio

2044 3893 2271 3956 tollunt,
2328 3893 2530 3946 liberos
2574 3895 2754 3961 regios
2802 3891 3171 3952 interficiunt,
3231 3889 3467 3960 ()chozia
3507 3889 3624 3942 solo

2041 3992 2294 4051 excepto.
2330 3982 2504 4035 Simul
2535 3994 2589 4035 et
2621 3985 2845 4036 morbus
2878 3981 3156 4033 hominem
3199 3980 3428 4042 invadit,
3456 3996 3520 4032 ac
3555 3996 3624 4032 ne

2042 4073 2246 4142 regiam
2275 4073 2493 4141 quidem
2525 4073 2858 4140 sepulturam
2887 4087 2915 4122 a
2950 4079 3124 4122 morte
3155 4079 3484 4122 consecutus
3515 4077 3621 4122 est.

2044 4163 2316 4218 Nimirum
2378 4179 2570 4232 reapse
2628 4161 2976 4215 formidabile
3036 4170 3118 4213 est
3162 4162 3214 4213 in
3261 4160 3352 4214 Dei
3389 4161 3624 4214 viventis
3677 4191 3680 4194 -

2043 4271 2238 4309 manus
2265 4256 2508 4309 incidere
2529 4255 2594 4308 ¹⁰.

2116 4349 2392 4403 Successit
2425 4347 2477 4400 in
2525 4362 2689 4418 regno
2739 4347 2884 4400 filius
2919 4346 3205 4407 Ochozias,
3267 4355 3322 4399 et
3357 4347 3470 4415 ipse
3527 4361 3625 4414 pa-

2045 4450 2215 4494 terna:
2268 4439 2568 4508 impietatis
2621 4438 2926 4491 minulator.
2991 4438 3105 4491 lloc
3168 4448 3414 4506 tempore
3473 4439 3620 4492 missi

356 4533 538 4601 μέγαν
578 4533 762 4584 Ἠλίαν
797 4533 889 4584 δύο
934 4533 1403 4602 πεντηκόνταρχοι
1450 4534 1583 4602 μετὰ
1632 4532 1932 4601 σοϐαρότη-

2045 4540 2175 4586 sunt
2235 4532 2298 4583 ad
2357 4545 2612 4599 magnum
2673 4529 2821 4582 illum
2879 4537 3056 4582 vatem
3092 4527 3260 4582 Elian:
3319 4529 3427 4580 duo
3463 4529 3624 4597 quin-

355 4641 444 4686 τος
487 4623 784 4687 καλοῦντες
826 4624 990 4676 αὐτὸν
1026 4623 1118 4676 ἐπὶ
1150 4624 1228 4694 τῷ
1269 4627 1614 4694 ἐρωτηθῆναι
1648 4625 1746 4690 τῆς
1785 4625 1940 4676 νόσου

353 4713 449 4765 τοῦ
506 4713 772 4782 βασιλέως
821 4715 1048 4768 ἕνεκεν·
1099 4709 1252 4783 ὲφίἶ)
1305 4717 1400 4768 καὶ
1452 4715 1562 4784 πῦρ
1611 4712 1940 4781 καταγαγὼν

354 4806 570 4866 ἄνωθεν
614 4806 957 4882 κατέκαυσεν
1000 4806 1222 4870 αὐτούς.
1260 4807 1405 4860 Ἀλλ’
1431 4805 1662 4859 ἐνταῦθα
1701 4808 1749 4857 οἱ
1788 4805 1937 4874 ὡμό-

353 4911 498 4964 τητα
543 4894 636 4947 τοῦ
678 4897 960 4964 προφήτου
1007 4899 1443 4968 κατηγοροῦντες
1483 4898 1650 4952 αὑτοῦ
1697 4916 1938 4967 κατηγο-

360 4987 516 5053 ροῦσι
545 4985 643 5037 τοῦ
675 4986 809 5038 Θεοῦ
835 5002 848 5014 ⁸
882 4986 951 5038 δι’
975 4989 1143 5040 αὑτοῦ
1174 4976 1284 5060 γὰρ
1311 4991 1381 5042 τὰ
1413 4990 1609 5042 πάντα.
1644 4990 1930 5043 Στέλλεται

355 5079 453 5133 οὖν
481 5079 669 5148 τρίτος
701 5080 1204 5150 πεντηκόνταρχος.
1240 5082 1334 5135 καὶ
1367 5082 1548 5150 ἠπίοις
1581 5081 1760 5148 λόγοις
1795 5099 1934 5151 χρη-

360 5174 598 5241 σάμενος
632 5175 730 5242 τὴν
765 5173 1040 5242 τιμωρίαν
1075 5173 1350 5241 διέφυγεν.
1389 5176 1809 5244 Κατερχόμενος
1842 5175 1934 5227 οὖν

359 5265 457 5316 καὶ
506 5265 848 5333 συναντήσας
891 5267 1003 5327 τοῖς
1049 5265 1440 5318 ἀποσταλεῖσιν
1485 5269 1581 5318 ἐπὶ
1627 5266 1698 5318 τὰ
1746 5267 1936 5318 εἴδωλα

361 5351 510 5417 εἷπε,
550 5374 568 5404 ι
613 5356 769 5425 Παρὰ
803 5356 864 5407 τὸ
906 5355 979 5424 μὴ
1017 5350 1156 5408 εἶναι
1195 5357 1328 5408 Θεὸν
1363 5359 1420 5408 ἐν
1458 5358 1695 5427 Ἰσραὴλ,
1733 5358 1939 5428 πορεύῃ

362 5446 597 5514 ζητῆσαι
646 5454 807 5516 μυῖαν
854 5447 976 5499 θεὸν
1013 5448 1295 5518 ’Λκαριῖ›ν;
1335 5451 1366 5519 ή
1404 5451 1556 5520 κλίνη
1595 5453 1678 5518 ἐφ’
1707 5445 1771 5519 ἧς
1811 5451 1936 5501 cit-1:5.-

363 5537 499 5605 6ης,
545 5540 605 5589 οὐ
658 5537 972 5608 καταϐήσῃ.
1032 5557 1048 5588 ι
1087 5539 1354 5590 Ἰστωσαν
1404 5537 1496 5592 οὖν
1546 5540 1794 5593 ἐντεῦθεν
1845 5539 1939 5607 οἵῳ

438 5702 456 5731 ‘
492 5701 528 5756 ll
561 5702 740 5756 I‘aral.
773 5719 834 5764 tt,
874 5704 962 5760 “ll.
1047 5707 1087 5734 ¹⁰
1122 5704 1285 5759 llebr.
1322 5722 1370 5773 κ,
1409 5705 1497 5758 EH.

2044 4637 2355 4693 quagenum
2389 4620 2618 4673 militum
2647 4619 2909 4688 praefecti,
2960 4620 3194 4687 quicum
3241 4619 3479 4688 superbe
3531 4635 3624 4672 ar-

2045 4721 2264 4767 cessunt
2287 4710 2354 4764 de
2383 4709 2528 4778 regis
2557 4709 2747 4762 morbo
2777 4708 3195 4762 consulendum.
3257 4708 3398 4761 't'um
3438 4710 3619 4778 ignem

2043 4805 2133 4858 ille
2162 4801 2377 4858 caelitus
2405 4801 2687 4855 deducens
2718 4801 3004 4854 universos
3054 4801 3446 4854 concremavit.
3512 4800 3623 4854 lloc

2039 4897 2162 4952 loco
2184 4896 2275 4965 qui
2307 4896 2686 4949 crudelitatem
2723 4893 2862 4947 vatis
2899 4902 3185 4955 accusant,
3243 4893 3412 4946 Deum
3445 4893 3621 4962 ipsum

2046 4990 2411 5044 criminantur
2446 5006 2459 5042 :
2491 5003 2616 5040 nam
2654 5002 2752 5056 per
2783 5001 2906 5040 eum
2941 4987 3054 5039 haec
3093 4986 3273 5039 Omnia
3304 4987 3442 5039 facta
3473 5000 3620 5042 sunt.

2046 5083 2288 5136 Tandem
2324 5091 2376 5134 et
2412 5081 2606 5134 tertius
2631 5079 2850 5147 quidam
2885 5079 3120 5132 militum
3173 5079 3618 5148 quinquagenum

2045 5176 2336 5245 praefectus
2358 5173 2673 5240 ablegatur,
2705 5171 2798 5240 qui
2831 5183 3011 5226 vatem
3049 5173 3274 5226 mitibus
3309 5173 3490 5226 verbis
3537 5172 3619 5223 al—

2047 5267 2266 5319 locutus
2294 5264 2620 5333 supplicium
2648 5279 2755 5332 quo
2792 5264 3007 5332 priores
3033 5263 3211 5318 affecti
3243 5265 3459 5318 fuerant
3493 5278 3620 5315 eva-

2048 5355 2540 5420 sit.'Quamohrem
2571 5363 2721 5408 vates
2748 5354 2814 5409 de
2851 5363 3037 5410 monte
3079 5355 3441 5416 descendens,
3487 5365 3612 5403 eum

2049 5449 2332 5502 incidisSet
2401 5448 2454 5500 in
2486 5447 2737 5501 hmuines
2764 5447 3041 5516 ablegatos
3073 5463 3100 5498 a
3133 5460 3256 5513 rege
3312 5447 3377 5496 ad
3413 5455 3614 5494 consu-

2049 5537 2235 5592 lendos
2269 5537 2532 5602 deustros,
2568 5535 2880 5604 huiusmodi
2907 5535 3066 5589 verba
3100 5533 3361 5603 protulit:
3402 5528 3626 5613 «Quen-ul
