4110 6194
489 252 589 317 391

1761 252 2185 316 ΜῙΕΠΑΕῙᾸΞ
2222 256 2481 317 ΟΕῩΟΕ

3622 248 3730 321 3a.?

490 370 752 439 deinceps
782 375 931 423 toros
970 366 1175 423 alienos
1208 366 1726 421 contaminaturum.
1762 368 1873 423 lloc
1915 368 2052 422 factu

2164 368 2403 438 φιλήσων
2438 367 2624 434 αὑτὸν,
2664 366 2758 421 καὶ
2792 368 2962 432 οὕτως
2990 368 3128 439 ἔφη·
3168 387 3185 418 ι
3221 368 3459 423 Σεϐαστὲ
3491 362 3731 444 Καῖσαρ,

490 461 766 516 rediturus
798 461 850 514 iu
886 459 1115 529 patriam
1148 458 1536 513 Athenodorus
1560 500 1574 525 ,
1606 458 1749 528 quod
1784 459 2054 515 Ctesarem

491 560 676 607 nosset
724 551 1002 606 hominem
1052 565 1176 607 esse
1204 550 1505 621 pra‘cipitis
1536 551 1758 620 quidem
1793 550 1885 604 irae
1909 590 1924 613 ,
1962 550 2055 603 sed

486 662 608 717 qua:
644 645 823 699 subito
855 642 1187 714 deﬂagrarct
1209 682 1227 709 ,
1256 644 1323 698 ad
1358 658 1545 697 aurem
1579 643 1700 712 ejus
1730 658 1787 699 se
1828 642 2059 697 inﬂectit

487 737 640 807 quasi
677 736 934 791 videlicet
965 735 1142 806 ipsum
1173 735 1588 791 deosculaturus
1615 775 1630 800 ,
1660 745 1713 791 et
1740 777 1754 799 ,
1794 754 1813 786 ι
1852 737 2054 800 Οωεειι,

490 830 694 897 inquit‘,
727 829 974 900 Auguste
998 870 1014 893 ,
1045 844 1212 882 unum
1243 830 1423 883 adhuc
1449 828 1707 899 quiddam
1743 828 1839 882 tibi
1881 827 2058 883 deest.

486 918 605 973 Noli
641 920 706 972 de
741 918 850 973 reis
882 920 1216 974 sententiam
1252 918 1407 987 prius
1444 918 1586 973 ferre
1619 932 1782 985 quam
1823 917 1966 987 apud
2006 926 2057 970 te

487 1012 706 1066 litteras
765 1011 954 1081 viginti
1016 1020 1255 1080 quatuor
1313 1010 1654 1064 recitaveris.
1695 1028 1712 1060 ι
1748 1007 2056 1077 (ἶωιθι-οιιυὶ

488 1114 638 1156 tanto
676 1110 795 1155 erat
833 1102 978 1168 apud
1022 1102 1271 1156 subditos
1303 1101 1357 1154 in
1394 1116 1583 1154 arnore
1615 1100 1818 1163 Caesar,
1856 1109 1915 1154 ιιι
1948 1100 2059 1153 Ro-

456 1212 457 1215 η
485 1207 681 1245 manus
714 1190 936 1259 quidam
972 1192 1112 1247 civis
1142 1198 1198 1247 et
1229 1191 1337 1245 vita
1366 1191 1696 1245 decessurus
1725 1189 1914 1243 liberis
1945 1188 2058 1245 suis

432 1280 437 1289 “’
484 1283 841 1352 praeceperit,
872 1283 1171 1353 gratiarum
1215 1283 1451 1338 actionis
1482 1297 1612 1352 ergo
1657 1282 1762 1337 diis
1809 1281 2055 1337 victimas

390 1445 395 1451 ,
485 1371 838 1431 immolarent
861 1417 875 1437 ,
904 1375 1049 1446 quod
1078 1375 1386 1447 Augustum
1414 1382 1539 1444 post
1564 1389 1623 1429 se
1653 1374 1863 1429 salvum
1892 1373 2057 1427 relin-

440 1460 445 1465 ’
483 1481 701 1541 queret.
728 1469 911 1525 Cassar
943 1468 1060 1538 ipse
1089 1482 1211 1520 cttm
1241 1480 1272 1521 e
1297 1466 1406 1519 vita
1434 1466 1727 1535 migraret:
1761 1484 1777 1515 ι
1803 1464 2052 1522 Luteam.

483 1560 698 1630 inquit,
730 1560 919 1614 urbem
959 1558 1178 1623 inveni,
1213 1573 1374 1626 quam
1412 1555 1529 1625 ipse
1557 1555 1766 1623 pulcris
1803 1564 2051 1609 ornatam

2166 459 2326 511 τοῦτό
2368 476 2447 512 σοι
2496 458 2673 523 λείπει
2716 460 2898 528 μόνον,
2930 459 3007 531 μὴ
3034 460 3133 523 τὰς
3160 460 3376 532 ψήφους
3420 460 3735 531 ἐξενεγκεῖν

2167 551 2297 620 πρὶν
2335 549 2401 602 ἃν
2446 552 2505 603 ὲν
2535 550 2714 621 ἐαυτῷ
2746 550 2987 623 λαλήσῃς
3008 551 3074 605 τὰ
3107 551 3184 604 κδ’
3211 556 3539 622 γράμματα.
3576 571 3596 605 ι
3630 556 3735 606 To-

2169 642 2360 695 σοῦτον
2383 641 2442 694 δὲ
2478 644 2629 712 παρὰ
2660 645 2771 704 τοῖς
2804 644 3067 713 ὑπηκόοις
3101 644 3464 713 ἀγαπώμενος
3494 640 3562 713 ἦν
3595 645 3735 698 ὥστε

2178 732 2449 801 Ῥωμαῖος
2483 734 2621 802 ἀνὴρ
2653 733 2742 787 τὸν
2784 733 2900 803 βίον
2932 734 3175 787 ἐκλιπεῖν
3206 735 3423 804 μέλλων
3459 736 3573 806 (48)
3603 738 3735 791 ἐπες

2163 840 2333 893 τρε-πε
2372 826 2483 887 τοῖς
2517 825 2710 878 ἑαυτοῦ
2754 825 2913 879 παισὶ
2945 827 3334 897 χαριστηρίους
3366 827 3556 890 Θυσίας
3586 830 3735 895 ἐνεγ-

2161 918 2277 970 κεῖν
2299 919 2409 979 τοῖς
2442 917 2607 984 θεοῖς,
2638 920 2720 973 ὅτι
2756 920 2936 985 ζῶντα.
2986 921 3392 991 καταλιμπάνει
3442 921 3534 974 τὸν
3569 920 3736 990 σεϐι-

2162 1008 2304 1063 στόν.
2350 1009 2503 1062 Ἐπεὶ
2538 1011 2595 1063 δὲ
2621 1011 2651 1064 ὸ
2699 1012 2917 1083 Καῖσαρ
2951 1012 3201 1078 ἐξίστατο
3244 1012 3339 1065 τοῦ
3375 1012 3516 1081 βίου,
3557 1030 3576 1063 ι
3617 1013 3733 1081 "rp;

2160 1100 2339 1169 λίνην,
2376 1101 2567 1170 ἔφησε,
2614 1103 2712 1172 τὴν
2756 1105 2911 1159 πόλιν
2968 1106 3145 1175 εὑρὼν
3198 1105 3310 1176 (49)
3364 1105 3735 1176 καλλίπυργον

2161 1192 2366 1261 ταύτην
2397 1192 2494 1246 καὶ
2544 1196 2873 1264 στερεμνίαν
2911 1196 3213 1267 πεποίηκα.
3260 1196 3402 1266 Πρὸς
3437 1196 3649 1256 τούτοις
3677 1196 3735 1247 δὲ

2159 1285 2253 1339 καὶ
2282 1285 2510 1351 πολλοὺς
2541 1288 2597 1341 ὲν
2642 1289 2707 1359 τῇ
2748 1288 2971 1359 τελευτῇ
3022 1304 3127 1357 μου
3162 1285 3418 1356 βούλομαι
3466 1286 3735 1356 κροτῆσαι

2158 1377 2373 1446 χεῖρας,
2432 1378 2505 1441 ὡς
2564 1378 2656 1430 ἐπὶ
2715 1378 2886 1449 μίμου
2934 1379 3158 1448 τελευτῇ
3215 1377 3311 1430 καὶ
3357 1375 3603 1439 ,παίκτου
3652 1392 3732 1429 τι-

2155 1467 2243 1529 νός
2274 1466 2409 1536 (50).
2444 1486 2461 1519 ι
2502 1468 2687 1521 Ταῦτα
2729 1468 2784 1521 δὲ
2816 1468 3171 1531 καταπαίζων
3216 1464 3312 1518 τοῦ
3363 1464 3478 1534 βίου
3513 1464 3733 1525 πάντως

2155 1554 2331 1623 ἔλεγε.
2364 1556 2476 1610 Καὶ
2514 1556 2645 1625 περὶ
2674 1556 2773 1627 μὲν
2803 1556 3009 1609 τούτων
3044 1554 3238 1617 οὕτως.

481 1654 702 1710 arcibus
734 1661 789 1707 et
836 1664 1197 1706 marmoream
1243 1648 1426 1705 eﬂ'eci.
1460 1668 1479 1702 ι
1542 1649 1811 1710 Praeterea
1862 1647 2084 1702 dicebat
2146 1648 2285 1709 velle
2325 1662 2383 1701 se
2414 1649 2680 1718 plurimos
2718 1649 2838 1718 ipso
2877 1648 3146 1704 moriente
3176 1646 3430 1702 manibus
3476 1644 3728 1715 plausum

480 1752 645 1816 dare,
680 1747 1142 1822 quemadmodum
1183 1748 1350 1802 mimo
1377 1747 1464 1802 vel
1502 1747 1726 1801 ludione
1795 1744 2078 1801 desinente
2118 1745 2235 1801 fieri
2283 1747 2652 1803 consueverit.
2717 1746 2849 1813 Quae
2881 1760 3015 1801 sane
3046 1746 3213 1802 verba
3261 1761 3369 1801 non
3397 1746 3729 1816 spectabant

480 1847 588 1901 alio
629 1859 791 1915 quam
829 1844 975 1915 quod
1027 1843 1196 1897 vitam
1246 1843 1387 1897 hanc
1434 1841 1659 1897 rideret.
1714 1841 1792 1894 Ac
1845 1840 1913 1894 de
1961 1840 2048 1895 his
2087 1840 2311 1911 quidem
2345 1842 2634 1897 hactenus.

552 1942 712 2012 207
756 1941 909 1996 Scito
947 1947 1129 1993 autem
1158 1977 1173 2001 ,
1207 1936 1411 1992 dilecte
1465 1936 1539 1990 ﬁli
1565 1976 1579 2001 ,
1635 1951 1781 1990 anno
1838 1935 2052 2005 imperii

2229 1935 2468 1989 Γίνωσκε
2494 1937 2573 2002 δὲ,
2600 1938 2871 2006 ἀγαπητὲ,
2903 1937 2984 1990 ὅτι
3015 1936 3070 1987 ὲν
3108 1936 3185 2005 τῷ
3218 1936 3304 2006 μβ¹
3332 1935 3443 1989 ἔτει
3480 1933 3591 2004 (51)
3626 1936 3728 2004 τῆς

481 2035 689 2103 hujus,
747 2032 814 2086 de
870 2045 981 2099 quo
1026 2027 1326 2098 loquimur,
1381 2026 1610 2094 Augusti
1665 2024 1898 2080 Caesaris
1948 2024 2051 2087 ιε,

481 2126 626 2196 quod
656 2138 876 2179 carnem
928 2122 1163 2184 attinet,
1219 2119 1513 2173 Dominum
1563 2128 1816 2173 nostrum
1866 2116 2052 2172 Jesum

482 2218 762 2273 Christum
800 2230 865 2268 ex
901 2222 1164 2282 perpetua
1209 2209 1431 2282 Virgine
1467 2209 1632 2263 Maria
1671 2220 1861 2265 natum
1897 2224 2051 2268 esse.

481 2309 697 2377 Quippe
728 2304 924 2358 mulier
956 2302 1071 2355 haec
1106 2300 1387 2368 inculpata
1439 2315 1507 2353 ex
1547 2299 1733 2353 divino
1783 2298 2054 2368 promisso

480 2408 606 2453 nata
644 2397 779 2461 fuit,
822 2407 1063 2462 cumque
1107 2384 1329 2446 tertium
1386 2390 1657 2459 attigisset
1696 2406 1938 2454 annum,
1984 2389 2053 2443 ad

482 2491 742 2560 templum
784 2486 1016 2542 deducta
1056 2485 1147 2539 diu
1190 2484 1246 2537 in
1290 2482 1665 2553 penetralibus
1706 2481 1825 2551 ejus
1876 2481 2049 2547 vixit,

477 2596 601 2634 cunt
635 2578 853 2649 quidem
887 2578 954 2631 ab
981 2575 1177 2646 angelo
1208 2576 1382 2628 victus
1410 2574 1458 2627 ei
1490 2574 1844 2642 praeberetur,
1878 2572 2052 2627 donec

479 2674 551 2728 ad
575 2687 780 2727 annum
817 2671 994 2725 aetatis
1027 2670 1094 2722 H
1129 2670 1490 2737 pervenisset.
1526 2665 1635 2719 Hac
1673 2666 1741 2719 de
1775 2680 1831 2719 re
1868 2666 2050 2734 ponti-

478 2766 638 2830 ﬁces,
671 2771 731 2817 ut
766 2744 899 2817 fieri"
920 2778 1016 2831 par
1048 2770 1200 2826 erat,
1236 2760 1380 2813 inter
1408 2774 1467 2813 se
1501 2758 1817 2833 consultant
1842 2766 1896 2812 et
1924 2772 2048 2826 pre-

478 2859 635 2913 cibus
667 2856 834 2910 Deum
870 2855 1185 2925 implorant.
1222 2853 1352 2907 lude
1380 2852 1623 2921 Josepho
1657 2851 2049 2920 despondetur,

478 2949 590 3004 Deo
621 2964 717 3019 per
752 2950 958 3018 virgam
993 2961 1113 3015 quae
1150 2949 1550 3019 germinavcrat
1576 2982 1591 3007 ,
1628 2954 1687 2997 ut
1724 2945 1952 2997 omnino
1994 2943 2046 2996 id

478 3042 666 3105 ﬁeret,
700 3047 979 3093 monente.
1015 3039 1363 3105 Quapropter
1392 3035 1443 3089 id
1476 3018 1737 3104 temporis
1773 3035 1898 3087 huic
1929 3049 2049 3102 ora;

476 3133 598 3187 culo
638 3133 775 3187 vatis
810 3142 1040 3185 eventus
1083 3127 1405 3197 respondit:
1445 3144 1462 3176 ι
1499 3127 1578 3178 lin
1615 3126 1753 3177 liber
1795 3124 2051 3193 obsigna-

478 3235 565 3277 tus
592 3225 709 3277 viro
742 3225 1049 3276 litterarum
1104 3236 1213 3273 non
1248 3219 1437 3287 ignaro
1466 3216 1626 3269 datur
1654 3215 1699 3245 ’⁷
1734 3233 1750 3263 ι
1802 3215 1940 3283 (hoc
1967 3224 2051 3267 est

2159 2027 2441 2097 βασιλείας
2459 2027 2553 2080 τοῦ
2582 2026 3043 2099 μνημονευθὲντος
3072 2026 3280 2080 ἄνωθεν
3304 2016 3584 2096 Καίσαρος
3609 2042 3735 2091 γει.-ι

2156 2122 2314 2174 νᾶται
2344 2120 2402 2173 τὸ
2432 2122 2572 2174 κατὰ
2607 2120 2784 2188 σάρκα
2833 2122 2860 2174 ὁ
2909 2118 3114 2190 Κύριος
3143 2119 3301 2190 ἡμῶν
3346 2116 3551 2187 Ἰησοῦς
3595 2118 3730 2187 Χριέ

2158 2214 2378 2284 «mea:
2410 2215 2507 2284 τῆς
2540 2212 2905 2287 ἀειπαρθρνου
2948 2214 3191 2282 Μαρίας.
3235 2211 3297 2266 ἸΙ
3349 2213 3457 2282 γὰρ
3497 2212 3728 2280 ἄμωμος

2157 2306 2296 2372 αῦτη
2334 2307 2592 2372 γεννᾶται
2630 2306 2730 2376 μὲν
2776 2305 2836 2370 ἐξ
2881 2305 3243 2374 ἐπαγγελίας,
3289 2303 3636 2371 τριετίζουσα
3669 2303 3729 2356 δὲ

2157 2397 2496 2464 προσάγεται
2518 2394 2595 2465 τῷ
2622 2396 2734 2463 ναῷ
2756 2394 2895 2464 (5‘2),
2921 2396 3112 2466 καιρὸν
3143 2394 3323 2447 ἱκανὸν
3347 2395 3404 2447 ὲν
3424 2396 3534 2455 τοῖς
3557 2394 3726 2447 αὐτοῦ

2108 2542 2116 2551 ,
2156 2487 2334 2555 διάγει
2365 2486 2599 2551 ἀδύτοις,
2634 2487 2725 2541 ὑπ’
2758 2488 2995 2556 ἀγγέλου
3029 2487 3314 2558 κομίζεται
3358 2488 3457 2557 τὴν
3498 2488 3726 2557 τροφὴν,

2154 2579 2290 2632 ὡσεὶ
2314 2581 2445 2633 δέκα
2476 2582 2687 2647 γίνεται
2738 2582 2833 2634 καὶ
2870 2582 3151 2651 τεσσάρων
3186 2581 3339 2653 ἑτῶν.
3393 2580 3728 2633 Σκέπτονται

2156 2673 2501 2743 περὶ.τούτου
2534 2676 2583 2726 ot
2615 2676 2770 2745 ἀρχιε
2783 2676 2915 2742 ρεῖς,
2958 2675 3035 2737 ὡς
3063 2675 3208 2737 εἰκός
3234 2690 3248 2703 ⁸
3285 2660 3493 2743 δεήσεις
3521 2675 3729 2743 προσά-

2156 2782 2313 2833 γουσι
2332 2766 2408 2835 τῷ
2430 2766 2570 2835 Θεῷ.
2592 2767 2970 2837 Μνηστεύεται
2984 2766 3284 2839 τηνικαῦτα
3303 2767 3613 2837 τῷΊωσὴφ,
3632 2767 3730 2817 τοῦ

2155 2857 2291 2910 Θεοῦ
2314 2860 2408 2910 καὶ
2433 2857 2594 2911 τοῦτο
2629 2858 2716 2912 διὰ
2746 2858 2843 2926 τῆς
2872 2859 3249 2930 βλαστησάσης
3273 2858 3728 2928 ράδδουοπροτρέο

2154 2952 2377 3015 ψαντος.
2402 2949 2533 3000 Τότε
2565 2948 2629 3015 δὴ
2658 2949 2777 3001 τότε
2809 2951 2902 3002 καὶ
2930 2951 3102 3019 πέρας
3124 2949 3390 3018 λαμϐάνει
3413 2948 3725 3017 προφητικὴ

2158 3040 2369 3110 ῥῆσιςή
2402 3040 2662 3107 λέγουσα·
2694 3058 2714 3091 ι
2736 3040 3092 3119 Ἰδοὺιόίδοται
3126 3040 3327 3111 βιϐλίον
3357 3040 3729 3109 ἐσφραγισμέι

2158 3146 2246 3195 νον
2276 3129 2429 3197 ἀνδρὶ
2457 3129 2619 3183 εἰδότι
2645 3129 2971 3201 γράμματα,
3000 3149 3019 3182 ι
3047 3133 3291 3185 τουτέστι
3324 3131 3527 3198 γάμοις
3558 3147 3728 3200 προσ-

2154 3222 2478 3290 ωμιληκὸτι,
2545 3240 2564 3273 ι
2633 3223 2727 3275 καὶ
2778 3224 2915 3292 ἐρεῖ,
2984 3223 3059 3275 Οῦ
3119 3223 3354 3292 δύναμαι
3415 3224 3725 3290 ἀναγνῶναι

474 3321 523 3370 ei
560 3317 652 3384 qui
688 3315 741 3367 in
784 3314 1039 3383 conjUgio
1070 3315 1318 3379 vixerat)
1352 3330 1365 3363 :
1426 3328 1443 3359 t
1477 3318 1641 3377 atque
1675 3309 1719 3361 is
1750 3308 2047 3376 responde-

2154 3314 2306 3377 αὐτὸ,
2343 3315 2425 3366 ὅτι
2453 3316 2896 3382 ὲσφραγισμένον
2917 3316 3089 3370 ἐστίν.
3118 3335 3139 3368 r
3165 3318 3238 3369 Οὐ
3271 3315 3439 3379 πολὺς
3473 3316 3725 3387 παρῆλθε

464 3409 590 3462 bit:
632 3406 898 3475 Equidem
928 3406 1127 3457 librum
1165 3406 1309 3455 hunc
1338 3402 1517 3470 legere
1553 3400 1762 3461 nescio,
1792 3398 2050 3466 quoniam
2073 3438 2087 3445 -

475 3501 795 3569 obsignatus
826 3504 935 3550 est.
966 3514 985 3546 ι
1021 3493 1137 3548 Non
1170 3495 1332 3561 longo
1362 3492 1653 3559 interiecto
1687 3499 1931 3559 tempore
1969 3488 2049 3542 di-

477 3591 638 3645 vinus
678 3588 903 3658 angelus
942 3586 1009 3640 ad
1055 3602 1173 3638 eam
1228 3585 1533 3653 ablegatur,
1583 3583 1674 3651 qui
1733 3581 2052 3651 hujusmodi

479 3682 667 3736 verbis
687 3696 804 3733 eam
831 3677 1219 3747 compellat":
1253 3693 1271 3725 ι
1301 3674 1480 3736 Salve,
1499 3681 1739 3741 accepta,
1766 3671 1851 3725 cui
1873 3670 2054 3724 Domi-

477 3788 583 3826 nus
617 3772 795 3826 adest.
831 3790 848 3823 ι
884 3770 979 3823 llis
1017 3779 1073 3823 et
1113 3768 1232 3822 aliis
1272 3767 1452 3837 angeli
1492 3767 1675 3820 verbis
1710 3766 1800 3818 illa
1832 3774 2052 3833 pertur-

478 3866 603 3922 bata
626 3905 641 3931 ,
684 3879 809 3919 cum
850 3871 1100 3928 rogasset
1130 3876 1367 3929 quonam
1401 3859 1454 3913 id
1487 3866 1645 3927 pacto
1676 3857 1792 3911 fieri
1827 3865 2048 3925 posset,

476 3957 696 4027 quando
745 3957 921 4010 virum
971 3955 1089 4025 ipsa
1137 3956 1383 4016 nesciat,
1440 3952 1679 4007 vicissim
1720 3966 1749 4006 a
1792 3950 2053 4006 Gabrielo

477 4051 629 4104 audit
657 4045 722 4103 εἰ
755 4048 833 4101 Te
876 4046 1115 4115 Spiritus
1150 4055 1373 4100 sanctus
1412 4045 1666 4109 invadet,
1707 4059 1770 4099 ac
1812 4044 2051 4112 supremi

476 4145 719 4213 potentia
776 4139 1135 4194 inumbrabit.
1170 4157 1187 4189 ι
1229 4138 1438 4203 Quibus
1494 4139 1547 4190 in
1608 4138 1792 4191 verbis
1855 4144 2048 4189 notato

476 4236 623 4303 quod
659 4232 903 4301 Spiritus
944 4231 1115 4285 sancti
1159 4230 1440 4284 mentione
1476 4229 1613 4283 facta
1638 4267 1653 4292 ,
1687 4230 1925 4297 itemque
1955 4242 2052 4296 po-

481 4328 666 4382 tentire
736 4324 1030 4394 Supremi,
1099 4339 1204 4392 qua
1272 4338 1409 4376 voce
1470 4322 1720 4374 Christus
1780 4320 2053 4373 indicatur

479 4418 775 4487 (Christus
806 4419 950 4470 enim
983 4416 1077 4469 Dei
1110 4416 1352 4486 potentia
1380 4423 1464 4468 est
1485 4413 1529 4484 ),
1565 4422 1674 4467 tota
1706 4420 2051 4467 sacrosancta

480 4509 723 4564 Trinitas
755 4525 1010 4579 erpressa
1040 4510 1130 4562 sit.
1173 4507 1493 4574 Quanquam
1522 4507 1666 4560 enim
1694 4502 1865 4558 Filius
1903 4504 2052 4559 solus

478 4620 697 4659 carnem
755 4602 1109 4673 adsumpsit,
1170 4600 1343 4687 n‘ihilo
1400 4610 1581 4652 tamen
1645 4592 1826 4650 minus
1890 4596 2051 4650 Pater

547 4775 590 4804 ”
618 4772 722 4826 lsa.
755 4785 901 4834 χχιχ,
934 4767 1019 4820 ιε.
1102 4766 1147 4798 ³⁸
1170 4765 1305 4817 Luc.
1338 4781 1378 4829 ι,
1410 4763 1502 4817 28.

2148 3405 2360 3474 καιρὸς,
2404 3408 2499 3457 καὶ
2526 3406 2675 3469 (λεῖος
2704 3408 2935 3476 ἄγγελος
2970 3410 3107 3491 προς
3140 3409 3313 3479 αὐτὴν
3358 3413 3726 3481 καταπέμπε-
3772 3472 3775 3475 λ

2142 3512 2234 3548 ται
2259 3537 2273 3561 ,
2302 3514 2320 3547 ι
2354 3497 2546 3567 Χαῖρε,
2579 3501 3021 3569 κεχαριτωμένη,
3058 3502 3233 3568 λέγων
3254 3518 3269 3534 ο
3299 3503 3328 3553 ὁ
3354 3502 3559 3573 Κύριος
3584 3506 3727 3574 μετὰ

2148 3586 2264 3641 σοῦ.
2293 3606 2311 3639 ι
2341 3589 2659 3657 ’Έκθαμὸος
2687 3590 2779 3642 οῦν
2809 3592 2900 3644 ἐπὶ
2935 3592 3015 3661 τῷ
3050 3594 3258 3663 ῥήματι
3287 3597 3568 3662 γεγονυῖα,
3602 3597 3724 3660 καὶ,

2152 3697 2171 3730 ι
2212 3679 2509 3742 Πῶς-ἐσται
2552 3698 2641 3751 μοι
2664 3682 2848 3736 τοῦτο.
2894 3702 2912 3735 ι
2957 3684 3224 3747 εἰποῦσα,
3266 3702 3284 3736 ι
3318 3687 3439 3738 ἐπεὶ
3463 3686 3626 3755 ἄνδρα
3659 3689 3725 3739 οὐ

2148 3769 2436 3838 γινώσκω;
2483 3790 2501 3823 ι
2540 3773 2688 3839 παρὰ
2717 3774 2810 3826 τοῦ
2865 3775 3109 3846 Γαϐριὴλ
3158 3778 3348 3829 ἀκούει
3414 3778 3509 3831 καὶ
3559 3777 3722 3830 τάδε·

2151 3880 2168 3911 ι
2218 3861 2441 3933 Πνεῦμα
2484 3862 2638 3929 ἅγιον
2693 3865 3048 3920 ἐπελεύσεται
3105 3868 3197 3920 ἐπὶ
3254 3868 3336 3932 σὲ,
3370 3869 3463 3921 καὶ⁶
3493 3869 3726 3939 δύναμις

2158 3951 2422 4024 Ὑψίστου
2457 3958 2770 4012 ἐπισκιάσει
2819 3976 2926 4012 σοι.
2961 3978 2980 4011 θ
3022 3960 3265 4030 Πρόσεχε
3293 3960 3353 4014 δὲ
3380 3962 3461 4015 ὅτι
3496 3962 3723 4033 Πνεῦμα

2145 4044 2299 4114 ἅγιον
2328 4046 2502 4101 εἰπὼν
2531 4051 2626 4102 καὶ
2654 4051 2887 4121 δύναμιν
2928 4051 3211 4120 Ὑψίστου,
3250 4054 3277 4105 ὅ
3319 4057 3576 4125 σημαίνει
3630 4059 3729 4109 τὶν

2144 4138 2379 4205 Χριστὸν
2401 4138 2663 4210 (Χριστὸς
2692 4142 2802 4212 γὰρ
2831 4143 2967 4195 Θεοῦ
3000 4145 3279 4215 δύναμις),
3310 4146 3438 4215 ὃλην
3472 4148 3527 4197 ὲν
3548 4148 3725 4216 τούτῳ

2143 4227 2241 4295 τὴν
2260 4231 2423 4297 ἁγίαν
2454 4232 2661 4299 Τριάδα
2689 4235 2969 4306 ἐνέφηνεν.
2993 4236 3058 4289 Et
3089 4237 3198 4309 γὰρ
3219 4240 3313 4293 κσιί
3346 4240 3507 4309 μόνος
3534 4243 3560 4294 ὁ
3595 4224 3724 4306 ἱδὶος

2144 4320 2457 4391 ἐσαρκὼθη,
2507 4325 2643 4378 ἀλλὰ
2692 4328 2797 4379 καὶς
2837 4329 2865 4379 ὀ
2903 4329 3092 4400 Πατὴρ
3131 4331 3226 4384 καὶ
3276 4332 3337 4383 τὸ
3380 4333 3609 4401 Πνεῦμα
3659 4341 3726 4386 τὸ

2144 4407 2299 4477 ἅγιον
2330 4415 2699 4484 συμπαρῆσαν
2731 4416 2877 4487 αὐτῷ
2901 4421 3263 4491 σαρκουμένῳ
3286 4423 3428 4475 κατὰ
3458 4424 3521 4476 τό
3549 4424 3727 4476 ἀδιαί-

2146 4518 2302 4571 ρετον
2354 4504 2451 4572 τῆς
2486 4506 2927 4578 ὁμοουσιότητος,
2968 4512 3096 4574 ὼςὸ
3133 4513 3309 4581 μέγας
3338 4515 3505 4583 φησιν
3556 4516 3720 4568 Ἀϐει-

2144 4596 2347 4659 νάσιος.
2379 4598 2536 4649 Κατὰ
2567 4599 2726 4651 τοῦτο
2756 4602 2893 4654 καὶὸ
2918 4604 3131 4668 Παῦλος
3150 4604 3340 4674 ἔλεγεν
3371 4610 3449 4660 ὅτι
3489 4610 3544 4661 ὲν
3575 4609 3725 4678 αὐτῴ

550 4925 662 4996 (48)
702 4923 806 4978 JM.
845 4921 1142 4976 Suetonius
1174 4935 1293 4998 cap.
1329 4918 1395 4998 b9
1432 4935 1446 4971 :
1484 4895 1799 4998 tmNonnulﬁ
1834 4925 2046 4998 patrum

2156 4898 2236 4998 Ut:
2252 4938 2381 4978 vero
2409 4924 2587 4979 infans
2620 4924 2830 4996 (Maria)
2863 4940 2894 4980 a
2927 4928 3065 4981 lacte
3092 4936 3342 4998 materno
3388 4930 3499 4998 jam
3523 4932 3734 4988 abhor-

480 4985 811 5052 testamettto
839 4999 1124 5055 caverunt,
1152 5001 1208 5044 ut
1230 4985 1299 5043 ab
1330 4988 1654 5049 itmredibus,
1680 4985 1795 5039 suis
1823 4987 2046 5055 praelato

473 5067 714 5121 «uictima:
754 5063 911 5116 titulo
962 5062 1019 5114 in
1076 5060 1406 5130 Capitolium
1447 5059 1808 5130 ducerentur,
1834 5065 2048 5110 votum-

480 5153 587 5205 quc
620 5150 716 5205 pro
741 5148 801 5187 se
836 5127 1173 5205 solveretur,
1195 5132 1339 5205 quod
1365 5128 1720 5205 superstitem
1743 5127 2048 5196 Augustum

489 5199 867 5273 reliquissent»
894 5201 994 5255 1M.
1020 5201 1314 5273 Suetonius
1337 5214 1462 5273 cap.
1492 5199 1586 5251 ‘28.

553 5268 667 5343 (ιθ)
697 5274 799 5327 .1Μ.
836 5272 1135 5343 Suetonius
1174 5286 1292 5338 cap.
1333 5268 1426 5325 27.

553 5341 667 5417 (50)
696 5343 850 5417 idem
869 5358 994 5417 cap.
1013 5341 1105 5417 9_9.

706 5412 808 5467 ιιι.
839 5408 970 5480 legit
1043 5411 1117 5483 in;
1137 5424 1236 5463 suo
1291 5408 1477 5463 codice
1534 5408 1863 5483 σαρακοστῷ
1892 5411 2054 5483 “Seu-

482 5479 657 5556 τέρῳ,
686 5496 742 5539 et
781 5479 1044 5556 robservat
1080 5479 1298 5535 (ἔκευθε
1346 5481 1666 5556 posterioris
1713 5480 1831 5556 aevi
1873 5480 2056 5556 dicere

485 5550 846 5625 σαρακοστὸς,
872 5567 975 5625 pro
992 5551 1465 5625 ξιςεσσαραιεοσιὸς,¹
1516 5550 1678 5625 idque
1730 5563 1788 5602 sc
1806 5551 2055 5604 docuisse

484 5620 693 5691 pridem
717 5626 768 5676 iu
806 5620 907 5677 suo
937 5620 1203 5676 Glossario
1236 5620 1707 5691 Grazco-bttrbaro.

559 5695 667 5763 (5‘2)
700 5693 799 5749 JM.
835 5694 1195 5761 Nicephorus,
1227 5690 1361 5743 Hist.
1391 5688 1594 5741 Ecclcs.
1621 5690 1715 5741 lih.
1745 5705 1805 5755 ll,
1845 5704 1964 5757 cap,
2000 5689 2045 5740 7.

2152 4994 2286 5059 ruit,
2317 5003 2373 5048 et
2398 4994 2685 5049 mammam
2721 4998 2993 5063 attingere
3056 4997 3247 5060 noluit,
3302 4994 3730 5062 promissionem

2156 5073 2332 5117 mater
2373 5066 2673 5140 adimplet:
2708 5076 2763 5120 et
2789 5068 2841 5120 in
2874 5069 3142 5140 templum
3187 5069 3511 5140 ascendens,
3567 5071 3733 5140 juxta

2156 5145 2369 5200 votum,
2400 5150 2518 5189 eam
2553 5136 2660 5190 Deo
2684 5147 2990 5196 consecrat.
3022 5138 3243 5206 tertium
3267 5139 3379 5206 jam
3414 5150 3526 5193 tum
3550 5136 3734 5197 aetatis

2159 5214 2408 5277 agentem
2444 5221 2673 5269 annum,
2703 5206 2767 5260 Et
2798 5207 3036 5261 Evodius
3099 5207 3152 5259 in
3186 5204 3426 5277 Epistula
3464 5212 3531 5265 ad
3563 5226 3728 5267 eum-

2159 5275 2283 5326 dem
2314 5274 2841 5344 Nieephorumlibro
2900 5288 2959 5342 tt,
3004 5291 3127 5343 cap.
3188 5274 3549 5339 51Trimula
3600 5297 3727 5336 cum

2153 5352 2355 5420 esset‘
2392 5345 2603 5420 (Maria
2635 5348 2650 5411 )
2725 5350 2777 5400 in
2814 5346 3161 5420 ___templum_
3225 5357 3307 5401 est
3366 5360 3724 5420 praesentata.

2153 5413 2309 5487 Quod
2338 5425 2518 5468 autem
2554 5416 2638 5468 hic
2668 5428 2723 5471 et
2752 5416 2904 5470 alibi
2948 5413 3093 5487 saepe
3149 5416 3204 5470 in
3260 5413 3443 5487 partes
3493 5421 3732 5476 advocat

2153 5485 2375 5552 Gttcaut
2397 5494 2662 5547 nostrum,
2702 5498 2955 5555 tanquam
3009 5485 3317 5541 Metochitle
3379 5504 3479 5544 suo
3517 5508 3722 5546 conso-

2152 5564 2402 5671 nlantem,
2441 5559 2541 5609 hoc
2593 5556 2897 5610 mirabilem
2927 5556 3165 5610 hominis
3200 5558 3465 5629 ἁόλεψίαν
3493 5562 3725 5616 demon-

2153 5638 2175 5671 δ
2212 5633 2311 5671 Ιύί.

2153 5633 2311 5674 stt'at.
