4110 6194
391 316 501 379 393

1630 298 2044 411 'ANNALttJM
2083 328 2277 389 PARS
2320 329 2434 389 ιιι.

3535 348 3637 409 3ῗί4

351 437 356 440 ’
389 432 641 487 κατοικεῖ
664 430 773 484 πᾶν
807 428 865 482 τὸ
895 430 1171 503 πλήρωμα
1201 431 1301 501 τῆς
1333 431 1587 504 θεότητος
1612 438 1925 505 σωματικῶς

2032 460 2045 506 ι
2077 448 2242 509 alque
2274 441 2512 510 Spiritus
2539 455 2762 500 sanctus
2789 461 3009 503 carnem
3039 456 3341 510 assumcnti
3372 458 3599 513 aderant
3622 501 3635 523 ,

389 521 673 576 τουτέστιν
711 520 1009 584 ούσιωδῶς.

2070 532 2291 601 quando
2322 533 2580 590 identitas
2609 536 2932 594 substantia:
2964 541 3132 597 dividi
3164 547 3387 615 nequit,
3428 557 3488 604 ut
3524 551 3640 605 exi-

389 616 531 669 mius
571 614 664 668 ille
691 625 882 671 noster
915 615 1249 670 Athanasius
1277 615 1539 686 loquitur.
1604 600 1812 674 Idcirco
1882 600 2099 679 Paulus
2145 625 2309 679 etiam
2380 626 2519 681 dixit
2550 629 2595 661 ”
2632 629 2687 683 in
2716 629 2937 687 Christo
2981 643 3148 689 totam
3186 600 3491 696 divinitatis
3531 640 3639 711 ple-

388 706 695 761 nitudinem
751 696 1114 775 corporaliter
1168 707 1457 773 habitare,
1510 706 1567 762 id
1624 717 1712 765 est
1758 711 2152 769 essentialiter.

470 800 800 869 Ἐγκυμονεῖ
825 800 1131 869 τηνικαῦτα
1159 799 1370 866 λοιπὸν,
1394 800 1657 868 ὀγκοῦται
1693 803 1725 871 ἡ
1761 804 1966 873 παρθε-

383 891 508 961 νικὴ
543 892 763 961 γαστὴρ
788 892 983 961 αὐτῆς.
1016 892 1091 944 Ού
1134 892 1350 963 μικρῶς
1396 895 1491 946 ἐπὶ
1518 894 1731 956 τούτοις
1772 896 1800 949 6
1848 896 1964 948 Ἰω-

388 984 494 1052 σὴφ
534 982 893 1051 ταράσσεται,
932 981 1209 1057 λαθραίως
1237 982 1510 1037 ἀπολῦσαι
1546 985 1646 1053 τὴν
1677 986 1960 1055 ἐγκύμονα

388 1076 610 1147 μελετᾷ.
643 1076 797 1138 Θεῖος
836 1076 985 1144 αύτῷ
1036 1077 1325 1143 ἐφίσταται
1376 1076 1606 1145 ἄγγελος
1630 1079 1752 1132 κατ’
1784 1079 1918 1151 ὄναρ
1941 1119 1956 1146 ,

385 1185 409 1220 ι
449 1167 540 1236 Μὴ
575 1165 842 1237 φοϐηθῇς,
873 1166 1070 1232 λέγων,
1099 1165 1440 1235 παραλαϐεῖν
1472 1168 1712 1241 Μαριὰμ
1734 1169 1835 1240 τὴν
1861 1188 1959 1237 γυ-

380 1258 545 1311 ναϊκόι
581 1274 708 1311 σου·
741 1258 803 1311 τὸ
825 1257 934 1325 γὰρ
964 1260 1021 1311 ἐν
1048 1258 1189 1327 αὐτῇ
1230 1259 1493 1327 γεννηθὲν
1528 1260 1593 1312 ἐκ
1636 1261 1955 1332 Πνεύματός

368 1350 527 1402 ἐστιν
554 1348 738 1416 ἁγίου.
770 1367 791 1401 ι
832 1348 1103 1412 "Hebrum;
1135 1348 1231 1402 οὖν
1262 1349 1506 1418 γεγονὼς
1539 1353 1823 1423 παρέλαϐε
1852 1356 1955 1425 τὴν

378 1442 617 1508 γυναῖκα
665 1440 856 1515 αὑτοῦ,
912 1442 1007 1494 καὶ
1056 1441 1156 1495 οὐκ
1206 1440 1510 1509 ἐγίνωσκεν
1540 1444 1735 1515 αὐτὴν,
1769 1445 1874 1510 ἓως
1895 1439 1958 1500 οὗ

373 1532 534 1585 ἔτεκε
587 1532 682 1585 τὸν
702 1532 835 1585 Υίδν
866 1533 1039 1602 αὐτῆς
1077 1535 1171 1588 τὸν
1203 1537 1572 1605 πρωτότοκον.
1623 1540 1681 1592 Ὀ
1727 1540 1826 1610 μὲν
1864 1537 1958 1596 οὗν

378 1624 560 1694 μέγας
587 1623 869 1689 Βασίλειός
899 1642 1066 1697 φησιν
1102 1628 1183 1681 δτι
1209 1627 1335 1681 οὒτε
1374 1630 1481 1700 πρὸ
1512 1630 1608 1684 τοῦ
1638 1632 1799 1686 τόκου
1829 1632 1957 1687 οὔτε

324 1760 325 1763 η
373 1716 513 1780 μετὰ
536 1716 627 1768 τὸν
651 1717 808 1769 τόκον
832 1716 970 1783 ἔγνω
1000 1720 1098 1787 τὴν
1125 1718 1404 1788 πάναγνον
1432 1722 1460 1774 6
1490 1721 1714 1792 Ἰωσήφ.
1748 1724 1822 1776 Τὸ
1843 1725 1955 1795 γὰρ

2136 806 2252 863 Hoc
2292 817 2450 876 pacto
2490 810 2585 864 illa
2619 820 2778 867 utero
2818 814 3086 885 concipit,
3121 820 3406 888 virgineus
3449 836 3637 881 venter

2067 898 2423 957 intumescit:
2456 916 2567 957 non
2607 920 2796 973 parum
2828 904 3103 976 Iosephus
3135 926 3200 965 eo
3245 916 3469 970 nomine
3500 933 3630 985 per—

2068 988 2338 1052 turbatur,
2372 1004 2745 1059 praegnantem
2777 1008 2807 1046 a
2846 1009 2905 1049 se
2931 997 3072 1050 clam
3105 999 3381 1057 dimittere
3411 1007 3636 1075 cogitat.

2064 1075 2266 1132 Verum
2311 1079 2530 1134 divinus
2574 1083 2802 1150 angelus
2833 1084 2880 1139 ci
2917 1100 3015 1154 per
3041 1101 3294 1168 somnum
3326 1095 3503 1150 adstat
3534 1109 3587 1151 rt
3617 1138 3632 1160 ι

2071 1187 2088 1217 ι
2124 1167 2200 1223 Ne
2244 1178 2494 1234 metuas,
2551 1171 2765 1242 inquit,
2813 1167 3090 1233 asciscere
3134 1180 3360 1236 Mariam
3406 1202 3633 1244 uxorem

2069 1266 2214 1313 tuam
2247 1277 2259 1314 :
2290 1258 2415 1314 nam
2447 1263 2597 1332 quod
2642 1263 2694 1317 iu
2737 1280 2800 1320 ea
2855 1268 3274 1340 genitum‘est,
3326 1290 3393 1329 ex
3443 1289 3634 1335 sancto

2066 1347 2271 1419 Spiritu
2305 1360 2387 1407 est
2413 1353 2481 1408 '°.
2510 1372 2529 1405 ι
2562 1352 2910 1425 Quapropter
2956 1371 3308 1430 experrectus
3360 1381 3389 1419 a
3438 1382 3635 1426 somno

2061 1442 2347 1512 coniugem
2412 1459 2565 1498 suam
2618 1447 2856 1515 ascivit;
2911 1466 3015 1505 nec
3056 1468 3176 1508 eam
3221 1460 3513 1529 cognovit,
3543 1467 3625 1515 do-

2059 1549 2164 1590 nec
2199 1551 2262 1590 ea
2292 1537 2502 1607 peperit
2534 1538 2736 1593 Filium
2772 1556 2931 1596 suum
2964 1545 3413 1617 primogenitum.
3457 1553 3634 1624 Atque

2057 1624 2162 1680 hoc
2208 1627 2329 1680 loco
2369 1642 2599 1698 magnus
2646 1630 2737 1685 ille
2783 1630 3016 1689 Basilius
3055 1636 3134 1691 ait
3172 1638 3472 1709 Josephum
3535 1661 3632 1700 nec
3702 1644 3707 1649 ’

2054 1726 2183 1768 ante
2214 1724 2452 1783 partum,
2488 1732 2593 1771 nec
2623 1732 2653 1771 a
2691 1728 2847 1788 partu
2886 1722 3252 1779 castissimum
3290 1727 3430 1783 hanc
3463 1730 3630 1800 virgi-

365 1807 482 1871 ἕως
504 1802 578 1863 οὗ
616 1806 887 1878 πολλαχοῦ
927 1809 1028 1877 τῆς
1052 1810 1277 1881 Γραφῆς
1310 1812 1564 1883 ἀόριστον
1598 1815 1853 1887 εῷηται,
1876 1819 1925 1871 ὡκ

2054 1820 2178 1858 nem
2212 1807 2559 1875 cognovisse.
2589 1808 2723 1863 Nam
2762 1812 3087 1869 vocabulum
3116 1823 3310 1880 donec,
3341 1818 3451 1883 ait,
3487 1822 3628 1876 mul-

365 1901 499 1952 ὅταν
540 1898 673 1972 λέγῃ
696 1914 710 1930 ο
768 1917 786 1950 ι
821 1900 928 1953 Καὶ
958 1900 1057 1970 οὐχ
1111 1902 1457 1973 ὑπέστρεψεν
1496 1907 1523 1958 6
1546 1907 1717 1977 κόραξ
1744 1909 1849 1973 ἕως
1886 1903 1947 1964 οὗ

368 1989 642 2059 ἐξηράνθη
679 1992 712 2061 η
755 1991 860 2061 γῆο
900 2009 918 2043 ι
980 1992 1073 2045 καὶ
1130 1994 1240 2063 γὰρ
1296 1996 1324 2047 6
1351 1999 1521 2067 κόραξ
1569 2000 1690 2052 οὐδὲ
1722 2003 1858 2071 μετὰ
1886 2002 1947 2056 τὸ

366 2082 708 2151 ξηρανθῆναι
766 2083 867 2153 τὴν
925 2084 1030 2153 γῆν
1092 2084 1434 2158 ὑπέστρεψε.
1482 2091 1606 2143 Καὶ
1665 2092 1940 2162 ἀλλαχοῦο

370 2191 389 2224 ι
422 2169 595 2227 Εἶπεν
651 2175 680 2226 6
708 2174 912 2243 Κύριος
949 2174 1028 2244 τῷ
1060 2178 1253 2248 Κυρίῳ
1285 2196 1411 2249 μου,
1456 2182 1628 2237 κάθου
1660 2184 1721 2237 ἐκ
1754 2185 1944 2251 δεξιῶν

364 2282 492 2333 μου,
517 2266 622 2328 ἕως
652 2267 718 2319 ἂν
754 2266 831 2319 θῶ
860 2269 985 2330 τοὺς
1012 2268 1244 2339 ἐχθρούς
1278 2288 1373 2325 σου
1397 2273 1689 2330 ὑποπόδιον
1716 2278 1822 2329 τῶν
1847 2295 1942 2332 πο-

358 2357 467 2409 δῶν
496 2376 616 2411 σου.
658 2377 676 2409 ι
715 2359 884 2428 Εἴπερ
908 2361 1009 2414 οὐκ
1042 2358 1108 2432 ἦν
1164 2364 1416 2432 ἀόριστον
1448 2367 1509 2423 τὸ
1530 2368 1666 2433 ἕως,
1707 2371 1938 2442 ἐγερθῆ-

357 2467 448 2502 ναι
476 2450 663 2504 λοιπὸν
690 2452 927 2520 εἴπαμεν
958 2453 1049 2506 τὸν
1080 2453 1282 2525 Κύριον
1313 2458 1453 2525 μετὰ
1476 2459 1534 2510 τὸ
1568 2459 1792 2527 τεθῆναι
1816 2464 1938 2527 τοὺς

356 2540 591 2609 ἐχθροὺς
614 2542 782 2596 αὑτοῦ
815 2544 919 2596 ὑπὸ
966 2549 1099 2607 τοὺς
1137 2548 1303 2609 πόδας
1353 2549 1543 2604 αὐτοῦ.
1613 2552 1772 2606 Ἀλλὰ
1799 2555 1940 2609 καὶὸ

353 2632 551 2703 Σωτὴρ
595 2634 831 2704 Χριστὸς
877 2639 992 2699 τοῖς
1049 2637 1322 2709 μαθηταῖς
1347 2641 1514 2694 αὑτοῦ
1548 2643 1704 2711 ἔλεγε
1729 2662 1743 2675 ·
1774 2665 1790 2696 ι
1828 2646 1939 2699 Καὶ

351 2723 552 2793 ἔσομαι
588 2727 708 2795 μεθ’
736 2727 891 2795 ὑμῶν
922 2728 1104 2793 πάσας
1133 2731 1230 2794 τὰς
1260 2731 1477 2802 ἡμέρας
1527 2734 1632 2797 ἕως
1662 2736 1761 2806 τῆς
1805 2754 1935 2791 συν-

350 2814 591 2881 τελείας.
626 2836 643 2869 »
680 2819 744 2871 El
769 2816 864 2873 οὖν
898 2821 998 2874 οὐκ
1027 2818 1097 2893 ἦν
1128 2822 1380 2893 ἀόριστον
1413 2826 1474 2878 τὸ
1501 2826 1634 2894 ἕως,
1669 2829 1807 2897 μετὰ
1840 2830 1936 2901 τὴν

352 2907 672 2961 συντέλειαν
691 2909 877 2965 λοιπὸν
900 2913 961 2966 ού
995 2915 1283 2968 συνέσεται
1312 2918 1425 2980 τοῖς
1449 2919 1716 2989 μαθηταῖς
1738 2922 1766 2974 6
1795 2922 1933 2992 Χρι-

351 2996 501 3058 στός.
529 2998 638 3050 Καὶ
668 2998 776 3071 μὴν
810 3004 836 3056 6
860 3004 1075 3067 Παῦλος
1108 3005 1250 3060 οὕτω
1274 3008 1438 3078 φησίν
1460 3026 1473 3042 ·
1523 3030 1540 3062 ι
1583 3010 1932 3085 Ἀρπαγησό-

348 3086 492 3156 μεθα
517 3088 574 3139 ἐν
595 3091 849 3158 νεφέλαις
867 3095 947 3157 είς
970 3096 1278 3166 ἀπάντησιν
1303 3098 1396 3151 τοῦ
1421 3100 1627 3171 Κυρίου
1652 3104 1731 3167 είς
1761 3107 1924 3175 ἀέρα,

350 3180 446 3231 καὶ
467 3178 611 3233 οὕτω
641 3181 872 3236 πάντοτε
907 3185 1003 3238 σὺν
1033 3187 1221 3257 Κυρίῳ
1246 3189 1507 3259 ἐσόμεθα.
1541 3211 1560 3244 ι
1600 3194 1712 3248 Καὶ
1749 3194 1922 3250 ταῦτα

350 3269 454 3338 μὲν
485 3270 676 3328 τοῦτον
702 3273 813 3344 ἔχει
840 3276 932 3353 τδν
965 3280 1190 3347 τρόπον,
1230 3280 1259 3333 6
1293 3280 1348 3335 δὲ
1383 3282 1557 3351 μέγας
1602 3284 1924 3353 Ἀθανάσιός

346 3377 515 3431 φησιν
542 3364 623 3416 ὅτι
654 3365 755 3417 οὐκ
784 3367 1085 3432 ἐγίνωσκεν
1113 3369 1287 3441 αὐτὴν
1309 3372 1523 3443 ἀληθῶς
1554 3374 1658 3439 ἕως
1688 3369 1746 3431 οὗ
1772 3379 1924 3434 ἔτεκε

341 3454 437 3505 τὸν
456 3454 682 3522 Κύριον.
711 3456 825 3509 Ούκ
852 3457 969 3528 ᾔδει
999 3458 1051 3512 τί
1074 3459 1136 3512 τὸ
1159 3461 1217 3513 ἐν
1239 3462 1400 3533 αὐτῇ.
1429 3463 1606 3517 Μόνον
1632 3466 1721 3519 ὅτε
1745 3467 1919 3534 ἔτεκε,

338 3545 466 3599 τότε
492 3546 554 3618 δὴ
586 3549 680 3601 καὶ
712 3549 997 3620 ἐγνώρισε.
1035 3553 1167 3605 Τότε
1194 3552 1333 3621 ἔγνω
1362 3556 1389 3606 6
1423 3554 1619 3627 Ἰωσὴφ
1660 3559 1741 3623 τίς
1773 3561 1806 3628 ἡ
1829 3560 1920 3613 δύο

339 3654 512 3706 ναμις
565 3640 665 3709 τῆς
727 3641 1022 3710 παρθένου.
1077 3644 1212 3697 Τότε
1244 3644 1407 3714 ἔγνω,
1456 3648 1543 3700 ὅτε
1604 3648 1915 3721 ἐξελόχευσε

336 3730 437 3781 καὶ
469 3728 536 3781 τὰ
587 3728 698 3782 τῶν
732 3729 905 3801 λεχῶν
939 3733 999 3785 οὐ
1055 3734 1408 3803 κατενόησεν,
1440 3738 1527 3790 ὅτε
1570 3739 1711 3811 γάλα
1781 3758 1919 3815 παρ-

333 3817 455 3884 εῖχε
530 3815 819 3888 ξενορῤυὲς
892 3821 987 3874 καὶ
1043 3821 1213 3893 θηλὴν
1265 3827 1363 3896 τῆς
1434 3832 1672 3900 φυσικῆς
1744 3833 1917 3905 νομῆς

326 3907 649 3978 ἀλλοτρίαν,
703 3910 791 3963 ὅτε
834 3910 1005 3982 μαζὸν
1038 3914 1205 3968 ἔδωκε
1262 3920 1352 3970 καὶ
1398 3920 1759 3986 φλεόοσυλίαν
1818 3926 1917 3995 οὐχ

331 4001 654 4071 ὑπέμεινεν.
737 4003 897 4058 Ἀλλὰ
958 4005 1034 4075 μὴ
1100 4006 1250 4072 ξένον
1313 4009 1374 4061 τὸ
1434 4013 1665 4082 πρᾶγμα
1753 4016 1909 4085 ἡγοῦ.

325 4092 557 4164 Ἐπειδὴ
584 4095 692 4163 γὰρ
740 4095 871 4159 Θεὸς
897 4091 965 4167 ἦν
1018 4097 1113 4149 καὶ
1154 4098 1443 4167 ἄνθρωπος
1477 4103 1536 4155 τὸ
1568 4106 1909 4176 τικτόμενον,

325 4186 394 4252 ἐξ
450 4186 695 4254 ἀνάγκης
756 4187 933 4257 ἑαυτῷ
992 4188 1276 4255 συνέζευξε
1324 4191 1395 4245 τά
1448 4210 1509 4247 τε
1568 4195 1684 4250 θεῖα
1744 4200 1813 4253 τά
1852 4219 1912 4256 τε

320 4276 674 4347 ἀνθρώπινα.
749 4280 859 4334 Καὶ
922 4280 1240 4351 ἀνθρώπινα
1308 4285 1410 4351 μὲν
1478 4288 1507 4339 6
1570 4287 1732 4355 ὄγκος
1811 4293 1913 4363 τῆς

322 4369 589 4438 γαστρὸς,
631 4370 661 4422 6
722 4370 825 4439 τῆς
890 4372 1189 4441 κυοφορίας
1249 4374 1636 4445 ὲνναμηνιαῖος
1693 4383 1904 4453 καιρὸς,

2056 1897 2123 1951 tis
2152 1898 2203 1950 in
2233 1898 2366 1952 locis
2395 1914 2675 1955 sacrarum
2706 1901 3039 1958 Litterarum
3072 1906 3355 1965 indeﬁnite
3383 1913 3623 1981 positum

2055 1991 2355 2059 reperitur.
2394 1992 2554 2048 Verbi
2601 1995 2773 2064 gratia
2817 2011 2941 2051 cum
2986 1998 3222 2055 dicitur:
3256 2021 3273 2053 ι
3308 2002 3497 2073 Neque
3540 2023 3626 2062 rc-

2051 2094 2243 2135 versus
2291 2090 2373 2136 est
2420 2097 2653 2149 corvus,
2692 2085 2869 2139 donec
2898 2087 3171 2144 exsiccata
3201 2075 3285 2145 est
3321 2103 3465 2148 terra
3497 2097 3561 2151 ³³.
3602 2117 3619 2148 ι

2047 2170 2316 2245 Nimirum
2370 2189 2441 2229 ne
2490 2186 2679 2245 postea
2716 2177 2934 2246 quidem
2968 2196 3131 2249 quam
3166 2185 3443 2240 exsiccata
3479 2198 3623 2245 terra

2046 2262 2216 2330 foret,
2252 2280 2449 2321 corvus
2486 2267 2575 2321 ille
2613 2285 2868 2326 reversus
2903 2281 3004 2327 est.
3045 2274 3181 2329 Item
3218 2277 3270 2363 i‘n
3311 2278 3419 2333 alio
3454 2280 3575 2337 loco
3609 2300 3621 2336 :

2051 2374 2069 2407 ι
2100 2356 2246 2411 Dixit
2276 2356 2540 2415 Dominus
2578 2359 2807 2417 Domino
2835 2380 2981 2431 meo,
3013 2365 3155 2423 Sede
3186 2356 3253 2423 ad
3285 2385 3460 2426 meam
3491 2374 3623 2430 dex-

2044 2457 2216 2503 teram
2238 2490 2251 2514 ,
2289 2451 2463 2506 donec
2496 2453 2681 2523 208.
2704 2463 2824 2513 tuos
2858 2457 3045 2512 hostes
3089 2461 3388 2517 scabellum
3425 2466 3621 2534 pedum

2045 2548 2259 2595 tuorum
2291 2542 2530 2598 ell‘cccro
2562 2545 2629 2599 ³³.
2662 2564 2679 2596 ι
2714 2546 2916 2612 Quodsi
2951 2538 3115 2603 denec
3165 2551 3451 2609 indefinite
3507 2572 3616 2610 non

2041 2641 2355 2700 usurpatur,
2385 2645 2552 2689 restat
2581 2646 2638 2691 ut
2667 2637 2913 2694 dicamus
2940 2640 3192 2697 desinere
3220 2644 3505 2699 Dominum
3536 2663 3620 2704 sc-

2040 2721 2191 2790 derc,
2230 2734 2580 2796 posteaquam
2606 2729 2793 2784 hostes
2823 2731 2993 2800 ipsius
3020 2732 3121 2787 sub
3152 2734 3317 2805 pedes
3338 2735 3454 2804 ejus
3484 2737 3619 2793 sub-

2036 2814 2163 2882 jecti
2194 2815 2418 2872 fuerint.
2477 2820 2649 2875 Etiam
2684 2813 2967 2893 discipulis
3000 2826 3115 2881 suis
3148 2827 3411 2883 Servator
3438 2830 3613 2886 dixit:

2042 2906 2389 2963 «Adfttturus
2433 2925 2555 2965 sum
2613 2913 2769 2968 vobis
2829 2925 3132 2985 perpetuo,
3196 2919 3372 2975 donec
3427 2921 3614 2978 sa'culi

2016 2994 2160 3075 .ﬁnis
2206 3007 2446 3067 appetat.
2479 3018 2496 3049 ι
2533 2999 2589 3055 Si
2622 3017 2725 3055 vox
2772 3003 2936 3059 donec
2993 3006 3275 3062 indeﬂnita
3324 3026 3434 3065 non
3488 3023 3611 3078 est,

2034 3088 2281 3158 sequitur
2307 3089 2587 3147 Christum
2643 3109 2672 3148 a
2714 3096 2903 3150 mundi
2937 3096 3411 3166 consummatione
3444 3102 3614 3159 disci-

2029 3181 2173 3250 pulis
2207 3182 2322 3237 suis
2353 3199 2462 3238 non
2498 3185 2840 3242 adfuturum.
2876 3190 3038 3259 Atqui
3077 3189 3280 3247 Paulus
3317 3195 3392 3249 ait
3425 3196 3471 3227 ³³
3523 3195 3611 3251 fu-

2028 3282 2209 3329 turum
2240 3285 2299 3330 ut
2326 3276 2379 3331 in
2412 3278 2586 3333 nubes
2617 3281 2829 3350 abrepti
2878 3291 2933 3337 et
2993 3282 3174 3353 ipsum
3232 3286 3288 3341 in
3342 3303 3470 3343 aera
3500 3288 3612 3345 Do-

2025 3366 2176 3423 mino
2208 3383 2597 3437 occurramus,
2629 3380 2794 3444 atque
2824 3374 2895 3431 ita
2922 3386 3189 3447 perpetuo
3221 3394 3346 3435 cum
3378 3381 3607 3439 Domino

2024 3460 2215 3515 simus.
2252 3460 2378 3518 Haec
2426 3479 2455 3517 a
2512 3463 2715 3531 Basilio
2770 3467 2849 3523 sic
2904 3470 3123 3539 prodita
3172 3480 3321 3526 sunt.
3376 3474 3444 3530 At
3493 3492 3607 3531 ma-

2022 3567 2161 3620 gnus
2206 3553 2295 3607 ille
2338 3554 2667 3613 Athanasius
2728 3559 2805 3615 ait
2873 3577 3065 3633 reapse
3133 3554 3449 3643 Josephum‘
3494 3585 3603 3624 non

2021 3643 2342 3712 cognovisse
2405 3645 2619 3714 ipsam,
2684 3649 2860 3705 donec
2926 3653 3217 3711 Dominum
3276 3659 3599 3727 peperisset.

2019 3730 2309 3803 lgnorabat
2337 3734 2547 3791 scilicet
2594 3737 2724 3807 quid
2777 3739 2911 3796 illud
2966 3754 3114 3799 esset
3173 3747 3319 3816 quod
3374 3761 3492 3803 erat
3540 3749 3595 3803 in

2018 3821 2156 3892 ipsa.
2190 3822 2397 3879 Saltem
2435 3826 2525 3881 ubi
2557 3833 2898 3898 peperisset,
2952 3836 3195 3905 agnovit.
3226 3837 3381 3896 Tunc
3436 3841 3600 3898 nimi-

2017 3929 2136 3968 rum
2191 3913 2459 3973 intellexit
2508 3916 2781 3990 Josephus
2833 3940 2953 3995 quae
2992 3927 3071 3980 vis
3100 3938 3246 3983 esset
3278 3931 3425 3987 illius
3483 3937 3595 3991 vir-

2015 4006 2181 4077 ginis.
2228 4006 2381 4063 Tunc
2428 4013 2685 4082 cognovit
2718 4030 2838 4070 eam
2877 4026 3095 4087 partum
3132 4021 3373 4077 edidisse
3403 4024 3585 4082 nullas

2016 4099 2117 4152 tori
2153 4099 2301 4170 leges
2332 4111 2655 4171 expertam,
2710 4121 2832 4161 cum
2887 4109 2971 4163 lac
3024 4126 3168 4167 novo
3216 4122 3271 4168 et
3320 4114 3583 4175 inusitato
3680 4114 3687 4117 “

2016 4192 2177 4246 modo
2212 4209 2439 4248 manans
2472 4196 2837 4266 suppeditavit
2866 4208 2921 4254 et
2960 4194 3362 4261 nutrimentum
3414 4224 3443 4262 a
3493 4225 3589 4264 na-

2015 4282 2174 4337 turali
2207 4283 2520 4352 diversum;
2555 4302 2677 4341 cum
2713 4304 3003 4345 mammam
3042 4295 3306 4364 prtcbuit,
3345 4315 3407 4355 ac
3436 4303 3591 4357 venis

2016 4380 2193 4426 tamen
2226 4388 2296 4427 ne
2320 4375 2619 4445 quidquam
2651 4379 2968 4436 decederet.
3004 4383 3113 4439 Nec
3144 4386 3450 4445 abhorrere
3486 4408 3587 4462 pu-

320 4458 359 4526 ή
416 4457 512 4511 τοῦ
564 4457 886 4528 τικτομένου
953 4459 1192 4530 συνήθης
1264 4459 1479 4534 ἔξοδος,
1544 4466 1577 4536 ἡ
1634 4468 1910 4535 νγαλακτο.

2032 4463 2155 4517 abis
2189 4464 2301 4519 haec
2329 4482 2357 4519 a
2390 4482 2537 4521 vero.
2579 4466 2711 4521 Nam
2745 4470 2871 4538 quia
2920 4474 3131 4542 pariter
3170 4478 3331 4531 homo
3372 4491 3491 4535 crat
3533 4486 3605 4539 id

318 4550 523 4619 τροφία
573 4550 666 4604 καὶ
739 4552 772 4621 ὴ
817 4550 923 4604 ἀπὸ
971 4551 1066 4603 τοῦ
1124 4554 1324 4623 μικροῦ
1381 4555 1473 4607 ἐπὶ
1534 4557 1594 4610 τὸ
1660 4561 1905 4631 καθῆκον

319 4640 493 4695 αὐτοῦ
541 4641 797 4710 σώματος
845 4639 1109 4710 αὔξησιςο
1155 4644 1302 4697 κατὰ
1349 4645 1455 4714 γὰρ
1485 4647 1578 4701 τὸν
1630 4653 1903 4723 μακάριον

318 4734 536 4786 Παῦλον
557 4734 779 4787 πάντων
814 4733 1146 4805 πεπείραται
1177 4736 1286 4788 τῶν
1313 4736 1607 4806 ἡμετέρων
1638 4742 1767 4797 ἄνευ
1804 4745 1900 4816 μό.

315 4843 418 4894 νης
447 4825 545 4894 τῆς
572 4825 867 4895 ἁμαρτίας.
904 4825 1035 4879 Θεῖα
1084 4826 1142 4881 δὲ
1166 4826 1330 4880 πάλιν
1361 4832 1394 4899 ἠ
1428 4830 1672 4903 ἄσπορος
1705 4835 1901 4909 σύλλη-

310 4920 430 4985 ψις,
468 4919 502 4986 ἡ
523 4917 829 4986 παράδοξος
873 4917 1073 4988 κύησις
1102 4921 1199 4975 καὶ
1230 4922 1583 4993 ἁρῤύπαντος
1612 4928 1889 4999 γέννησις.

314 5010 431 5064 Καὶ
482 5010 641 5063 τοῦτό
692 5012 844 5064 ἐστιν
889 5011 1028 5081 ὅπερ
1078 5014 1111 5082 ἡ
1155 5012 1406 5083 θεολόγος
1451 5015 1606 5087 ἔλεγε
1637 5020 1892 5087 γλῶτταο

316 5121 335 5152 ι
368 5101 548 5171 Νόμοι
586 5090 802 5170 φύσεως
831 5103 1215 5158 καταλύονται.
1243 5123 1261 5158 ι
1291 5106 1434 5177 Πρὸς
1457 5110 1569 5173 τοῖς
1588 5110 1766 5175 ἄλλοις
1789 5114 1897 5186 γὰρ

311 5192 417 5244 καὶ
442 5192 726 5261 μητρικῶν
773 5191 983 5247 ὠδίνων
1015 5194 1240 5249 ἄνευθεν
1272 5197 1511 5267 Χριστὸν
1542 5201 1576 5270 ἡ
1618 5203 1897 5271 πάναγνος

304 5286 504 5338 ἔτεκε·
551 5285 693 5338 κατὰ
725 5285 834 5354 γὰρ
892 5286 984 5338 τὸν
1028 5288 1412 5359 Δαμασκηνὸν,
1468 5290 1603 5361 ’ἔνθα
1635 5295 1799 5367 ἡδονὴ
1834 5298 1893 5349 ού

306 5377 689 5448 προηγήσατο,
746 5378 973 5441 εἰκότως
1032 5380 1155 5432 οὐδὲ
1206 5379 1366 5450 ὀδύνη
1424 5384 1891 5457 ἐπηκολούθησεν.

305 5471 440 5522 Ὀτι
489 5469 546 5522 δὲ
570 5470 647 5533 ,τά
697 5469 798 5539 τῆς
860 5471 1154 5541 κυοφορίας
1211 5473 1494 5543 παράδοξα
1543 5471 1705 5547 ἦσαν,
1739 5478 1892 5532 καὶὸ

320 5559 727 5633 Ἀρεοπαγίτης
775 5561 1057 5626 Διονύσιος
1102 5562 1321 5632 ἔδειξεν,
1358 5565 1530 5631 οὕτως
1563 5568 1733 5622 εἰπὼν
1766 5574 1896 5642 περὶ

312 5664 441 5806 ἔνη
465 5676 678 5733 Coloss.
722 5694 781 5741 ιι,
811 5679 862 5732 9.
943 5678 986 5710 ³ο
1011 5677 1198 5735 Matth.
1234 5697 1273 5748 ι,
1300 5681 1389 5737 ‘20.
1470 5683 1521 5747 ³¹ν
1558 5683 1694 5741 Gen.
1729 5701 1844 5753 vin,
1876 5686 1928 5742 7.

349 5765 407 5799 οο

349 5765 407 5799 υ.

2010 4557 2154 4627 quod
2190 4558 2533 4629 gignebatur,
2566 4569 2621 4616 ct
2659 4560 2834 4627 Deus,
2870 4568 3182 4623 necessario
3236 4578 3347 4625 tam
3400 4573 3584 4631 divina

2010 4640 2263 4719 quaedam
2295 4668 2458 4722 quam
2495 4655 2733 4709 humana
2768 4658 3077 4727 conjunxit.
3123 4660 3373 4719 Humana
3424 4680 3587 4725 erant

2010 4752 2191 4797 tumor
2219 4742 2323 4798 alvi
2352 4784 2366 4808 ,
2401 4754 2616 4816 tempus
2647 4762 2849 4803 novem
2878 4750 3149 4806 mensium
3176 4795 3191 4820 ,
3225 4771 3335 4825 quo
3365 4770 3578 4816 uterum

2006 4843 2180 4890 mater
2234 4835 2498 4907 gerebat,
2548 4837 2690 4894 fetus
2750 4841 2804 4894 in
2856 4840 3034 4898 lucem
3094 4845 3264 4902 editio
3294 4864 3394 4919 pro
3430 4834 3583 4910 more

2009 4925 2183 4989 facta.
2220 4928 2457 4987 lacteum
2502 4932 2941 4999 nutrimentum,
2975 4951 3003 4989 a
3050 4951 3220 5006 parvo
3260 4941 3327 4997 ad
3378 4959 3581 5003 ροηνρ.

2007 5020 2249 5074 nicntem
2281 5021 2529 5090 corporis
2559 5029 2823 5075 staturam
2844 5023 3271 5083 incrementum.
3299 5027 3458 5098 Nam,
3503 5035 3577 5089 uti

2008 5110 2200 5165 beatus
2228 5109 2317 5164 ille
2346 5109 2545 5165 Paulus
2570 5116 2644 5165 ait
2662 5112 2728 5177 ³⁸,
2755 5124 3021 5184 expertus
3043 5126 3125 5172 est
3151 5119 3333 5175 omnia
3360 5133 3573 5189 nostra,

2003 5203 2121 5257 solo
2153 5212 2378 5271 peccato
2406 5212 2655 5274 excepto.
2687 5204 2925 5261 Rursum
2965 5208 3150 5265 divina
3182 5222 3341 5269 erant
3378 5229 3573 5287 expers

2002 5292 2232 5348 seminis
2264 5294 2580 5363 conceptio,
2614 5307 2804 5365 partus
2840 5297 3168 5367 inusitatus,
3226 5302 3359 5357 nulli
3410 5304 3572 5360 tuadi-

2004 5385 2100 5439 tati
2153 5384 2425 5455 nullisque
2469 5387 2725 5442 sordibus
2776 5388 3013 5445 obnoxia
3050 5392 3334 5449 nativitas.
3390 5394 3569 5465 Atque

2002 5478 2105 5535 hoc
2163 5478 2297 5533 illud
2350 5488 2432 5534 est
2488 5480 2631 5550 quod
2677 5480 2972 5554 Gregorius
3019 5483 3327 5553 Theologus
3381 5485 3568 5539 dixit:

2004 5587 2025 5624 ‹
2056 5571 2229 5644 Leges
2281 5580 2490 5627 naturae
2540 5573 2850 5629 solvuntur.
2888 5594 2904 5625 ι
2951 5573 3083 5628 Nam
3119 5576 3260 5630 inter
3290 5574 3393 5629 alia
3428 5576 3567 5631 citra

2053 5688 2096 5721 "
2123 5687 2262 5743 Psal.
2299 5702 2410 5753 CIX,
2448 5689 2490 5741 Ι.
2572 5688 2656 5742 ³³1
2692 5689 2884 5745 Thess.
2917 5706 2985 5752 iv,
3028 5690 3115 5743 16.
3189 5689 3230 5722 ³δ
3262 5689 3423 5746 Hebr.
3453 5708 3565 5759 xiv,
