4110 6194
493 309 600 371 395
623 324 629 329 “
1766 319 2009 382 MICHA
2020 320 2112 381 EL

2124 322 2191 385 lS
2228 282 2497 386 suos.
3644 312 3747 392 διὰ

490 438 773 480 maternos
803 425 967 480 etiam
1008 426 1369 498 parturiginis
1417 427 1633 486 dolores
1673 431 1840 504 Virgo
1872 435 2058 504 puris-
2088 445 2113 498 Α

2128 484 2130 493 .
2161 438 2351 501 αὐτοῦ,
2376 440 2460 493 ὅτι
2490 441 2551 494 τὸ
2573 439 2674 511 μέν
2702 439 2971 511 ἀνδρικῶς
2993 439 3332 510 οὖσιωθῆναι
3368 438 3530 494 αὐτὸν
3554 442 3620 495 ἐκ
3644 442 3751 495 τῶν

490 519 629 573 sima
667 519 947 603 Christum
980 520 1216 589 peperit.
1263 520 1479 592 Quippe
1507 523 1574 579 de
1600 521 1830 580 doannis
1862 526 2057 580 Dama-

2164 526 2329 598 ἱερῶν
2358 529 2572 598 Δογίων
2604 529 2904 601 ἐμάθομεν,
2930 528 3233 597 ἀγνοοῦμεν
3256 529 3313 583 δὲ
3339 529 3490 593 ὅπως
3516 531 3580 584 ὲκ
3606 548 3750 601 πιρ-

489 609 642 664 sceni
677 610 984 681 sententia,
1022 611 1113 665 ubi
1148 612 1399 682 voluptas
1446 623 1500 668 et
1560 614 1860 671 delectatio
1912 618 2062 672 nulla

2165 619 2395 673 θενικῶν
2446 622 2700 690 αἱμάτων
2759 621 2934 691 ἑτέρῳ
2996 622 3149 690 παρὰ
3197 620 3298 692 τὴν
3355 621 3521 690 φύσιν
3564 623 3751 693 θεσμῷ

493 702 767 769 praecessit
788 741 803 763 ,
840 701 914 756 ibi
946 718 1054 757 non
1083 704 1179 759 abs
1212 721 1267 760 re
1296 706 1588 761 dicendum
1615 711 1781 763 etiam
1816 710 2063 765 dolorem

2154 711 2533 765 διεπλάττετο.
2560 713 2757 784 Καλρς
2789 713 2883 767 οὖν
2909 713 2939 765 δ
2968 716 3141 784 μέγας
3172 712 3501 777 Ἀθανάσιος
3525 713 3749 784 ἔφησεν·

489 793 699 845 nullum
727 798 1016 863 consequi.
1048 795 1112 848 Et
1145 811 1275 851 vero
1308 796 1481 852 fuisse
1513 798 1712 854 factam
1746 801 2066 871 conceptio-

2170 800 2335 853 ιὍτε
2355 778 2694 872 ὲξελόχευσετ
2716 803 2813 856 καὶ
2842 803 2910 856 τά
2938 778 3059 856 των*
3074 803 3246 873 λεχῶν
3265 804 3329 858 οὗ
3354 778 3708 874 κατενόησεν.
3724 824 3742 858 ι

492 899 616 938 nem
648 886 903 954 uterique
930 887 1290 955 gestationem
1324 904 1550 958 prorsus
1574 890 1842 946 inusitato
1875 892 2060 956 modo,

2204 891 2233 943 Ξί
2265 891 2340 963 μὴ
2373 893 2479 963 γάρ
2507 893 2668 947 τοῦτο
2696 890 2787 966 ἦν,
2815 894 2915 948 οὐκ
2945 896 3011 949 ἂν
3066 896 3099 965 ἡ
3139 896 3277 965 αὐτὴ
3331 896 3428 949 καί
3484 896 3753 950 τίκτουσα
3810 921 3827 936 -

491 983 727 1031 testatur
762 979 878 1046 ipse
918 994 1139 1047 quoque
1181 979 1477 1063 pionysius
1511 982 1837 1054 AreOpagita
1878 984 2063 1039 verbis

2170 985 2265 1035 καὶ
2302 985 2703 1055 σπαργανοῦσα
2741 988 2837 1040 καί
2869 989 2935 1057 τῇ
2973 987 3152 1057 φάτνῃ
3196 985 3258 1040 τὸ
3291 986 3508 1040 παιδίον
3542 988 3751 1041 ἐπανα-

491 1069 807 1138 hujusmodi
830 1089 843 1125 :
868 1088 886 1122 t
912 1069 1068 1135 Quod
1103 1072 1340 1127 humano
1366 1073 1589 1142 quidem
1620 1091 1771 1129 more
1798 1076 2060 1131 substan-

2166 1078 2444 1137 κλίνονσα.
2490 1081 2602 1134 Καὶ
2625 1079 2769 1134 οὕτω
2801 1083 2901 1150 μὲν
2922 1081 2971 1134 οι
2991 1081 3376 1152 διαληφθέντες
3412 1080 3549 1134 θεῖοι
3576 1080 3753 1135 Πατέ-

493 1162 621 1215 tiam
663 1163 1054 1230 aSsumpserit,
1092 1164 1161 1217 de
1190 1165 1364 1219 sacris
1395 1166 1637 1221 oraculis
1671 1168 2057 1235 percepimus:

2169 1178 2261 1242 ρες
2290 1172 2531 1242 περὶτοῦ
2551 1172 2911 1241 εὐαγγελικοῦ
2944 1170 3112 1242 ῥητοῦ
3138 1171 3233 1225 τοῦ
3258 1172 3514 1240 λέγοντος
3538 1186 3553 1201 ·
3591 1188 3611 1221 ι
3641 1170 3750 1226 Καὶ

490 1253 587 1307 sed
633 1253 950 1323 ignoramus
989 1264 1169 1309 tamen
1207 1272 1319 1325 quo
1356 1266 1515 1326 pacto
1550 1260 1616 1311 de
1650 1257 1901 1328 virgineo
1934 1273 2061 1312 san-

2166 1261 2268 1315 οὐκ
2291 1260 2592 1329 ἐγίνωσκεν
2623 1263 2816 1331 αὐτὴν,
2844 1262 2951 1325 ἕως
2979 1254 3041 1315 οὗ
3066 1262 3253 1315 ἔτεκεν
3293 1261 3384 1315 τὸν
3415 1261 3543 1314 Υἱὸν
3575 1262 3750 1330 αὐτῆς

491 1340 692 1411 guine,
730 1358 962 1411 prorsus
1003 1345 1323 1401 abhorrenti
1358 1361 1388 1400 a
1425 1360 1635 1401 naturae
1666 1346 1818 1417 lege,
1857 1347 2063 1402 forma-

2167 1354 2259 1406 τὸν
2282 1354 2649 1423 πρωτότοκον.
2691 1371 2711 1406 ι
2754 1355 2817 1407 Οί
2868 1353 2925 1407 δὲ
2965 1353 3062 1406 τοῦ
3098 1354 3379 1416 Μάνεντος
3410 1352 3743 1423 κληρονόμοι

491 1442 578 1487 tus
607 1434 699 1511 sit.
734 1452 753 1485 ι
787 1434 1025 1505 Ideoque
1063 1435 1271 1491 dictum
1313 1438 1381 1493 ab
1410 1438 2058 1508 Athanasiovpmclare:

2169 1443 2527 1499 Παυλικιανοὶ
2549 1445 2612 1499 τὸ
2644 1445 2889 1499 τοιοῦτον
2932 1445 3097 1515 ῥητὸν
3127 1445 3265 1514 πρὸς
3304 1445 3438 1499 ῐδιον
3463 1443 3746 1513 ἐκλαμϐά-

393 1588 401 1601 .
495 1542 515 1574 ι
548 1524 770 1579 Partum
795 1526 968 1580 edidit
1003 1528 1180 1582 nullas
1206 1528 1314 1583 tori
1342 1531 1486 1598 leges
1512 1540 1764 1600 experta.
1796 1548 1814 1581 ι
1843 1530 2016 1584 Etenil

2170 1553 2356 1599 νοντες
2378 1537 2615 1607 θέλημα,
2648 1537 2749 1607 τὴν
2774 1537 3007 1592 ἄσπιλον
3036 1536 3131 1603 τοῦ
3174 1537 3385 1608 Κυρίου
3415 1536 3750 1607 μητέρατε-

489 1615 695 1685 absque
728 1616 821 1671 illo
852 1617 1023 1680 foret,
1063 1636 1169 1673 non
1215 1623 1404 1676 eadem
1442 1623 1750 1693 peperisset
1787 1640 1851 1680 ac
1885 1625 2062 1679 infan-

2172 1626 2529 1698 ρατολογοῦσι
2564 1628 2703 1696 μετὰ
2736 1627 2829 1681 τδν
2860 1627 3132 1697 σωτήριον
3159 1628 3320 1681 τόκον
3350 1626 3576 1697 ἑτέρους
3598 1626 3746 1690 υίοῦς

491 1716 599 1761 tem
629 1708 813 1764 fasciis
843 1709 1147 1764 involutum
1190 1713 1242 1766 in
1269 1729 1513 1784 praesepe
1537 1716 1877 1771 reclinasset.
1912 1717 2063 1772 Hanc

1457 1730 1513 1783 pe
1537 1716 1877 1771 reclinasset.
1912 1717 2063 1772 Hanc
2169 1717 2236 1769 bc
2260 1715 2356 1768 τοῦ
2385 1715 2589 1785 Ἰωσὴφ
2624 1714 3041 1786 παιδοποιῆσαι.
3076 1746 3080 1755 ι

490 1801 543 1853 in
574 1802 898 1856 sententiam
930 1802 1100 1857 divini
1139 1804 1380 1872 Patres,.
1410 1822 1549 1876 quos
1594 1808 2001 1874 ~indicavimus,
2036 1810 2105 1864 de
2143 1810 2249 1864 isto
2291 1807 2567 1879 Evangelii
2604 1808 2792 1863 dicto:
2831 1826 2851 1860 ι
2883 1807 3002 1862 Non
3073 1810 3330 1879 cognovit
3361 1822 3482 1864 eam
3510 1846 3525 1871 ,
3564 1806 3747 1862 donec

489 1895 682 1951 Filium
718 1913 877 1954 suum
909 1901 1331 1970 primogenitum
1367 1904 1580 1975 peperit
1614 1904 1682 1971 ³⁵,
1715 1924 1734 1956 ι
1763 1904 2166 1961 disseruerunt.
2205 1904 2273 1958 At
2334 1903 2508 1958 Manis
2571 1903 2735 1975 209
2779 1903 3023 1959 hteredes
3064 1903 3139 1957 illi
3181 1902 3481 1957 Paulieiani
3536 1901 3745 1957 dictum

496 1994 599 2049 hoc
632 1995 899 2051 arbitratu
970 2013 1072 2053 suo
1144 2007 1496 2069 torquentes,
1533 2000 1669 2055 labis
1740 2010 2019 2071 expertem
2093 1999 2305 2054 Domini
2365 2008 2592 2055 matrem
2643 2006 2959 2068 portentose
2998 1994 3211 2067 lingunt
3266 2002 3391 2063 post
3441 1993 3742 2049 salutarem

493 2105 707 2158 partum
749 2092 953 2150 liberos
991 2094 1127 2150 alios
1167 2112 1231 2149 ex
1271 2096 1513 2167 Josepbo
1548 2097 1881 2167 suscepisse.

526 2183 852 2252 'Postquam
884 2186 987 2245 hoc
1018 2188 1180 2243 modo
1208 2190 1469 2243 Dominus
1501 2198 1686 2243 noster
1718 2190 1878 2245 Jesus
1904 2189 2061 2244 Chri-
2092 2195 2134 2251 Β

2117 2196 2134 2249 ι
2233 2189 2498 2242 Γεννᾶται
2549 2182 2645 2240 οὖν
2694 2187 2723 2239 ὁ
2786 2184 2988 2254 Κύριος
3023 2180 3182 2251 ἡμῶν
3229 2177 3444 2249 Ἰησοῦς
3479 2178 3740 2247 Χριστὸς.

489 2283 606 2329 stus
643 2287 803 2332 natus
826 2288 992 2343 esset,
1034 2278 1166 2349 Magi
1201 2295 1231 2335 e
1261 2280 1486 2335 Perside
1520 2284 1585 2337 ad
1618 2284 1741 2347 iter,
1767 2293 2063 2353 conspecto

2174 2286 2272 2336 καὶ
2305 2281 2487 2348 Μάγοι
2518 2280 2584 2332 ὲκ
2618 2277 2885 2348 Περσίδος
2932 2275 3268 2353 ἐγείρονται,
3304 2271 3395 2326 τὸν
3427 2271 3747 2325 καινότατον

491 2369 671 2423 sidere
703 2385 930 2439 prorsus
969 2371 1259 2438 inusitato,
1304 2387 1364 2427 se
1394 2384 1739 2443 comparant,
1775 2374 2065 2429 adorandi-

2166 2375 2380 2428 ὲκεῖνον
2430 2370 2640 2442 ἀστέρι
2698 2352 3054 2439 θεασάμενοι,
3092 2366 3189 2420 καὶ⁸
3240 2365 3321 2427 είς
3369 2363 3745 2435 προσκύνησιν

489 2476 596 2531 que
628 2459 778 2517 illius
805 2478 967 2518 causa
1001 2462 1443 2532 proficiscuntur,
1484 2466 1693 2520 stellam
1728 2466 1925 2521 ducem
1974 2480 2062 2521 se-

2172 2464 2339 2519 αὐτοῦ
2405 2463 2842 2533 παραγίνονται,
2899 2458 3320 2529 προηγούμενον
3371 2457 3590 2526 ἔχοντες
3650 2455 3745 2506 τὸν

490 2562 743 2620 «trientes,
771 2569 891 2622 quae
924 2555 1065 2610 viam
1117 2556 1223 2610 iter
1269 2558 1531 2629 ingressis
1572 2559 2058 2615 commonstrabat.
2088 2564 2109 2605 I

2169 2555 2418 2609 τοιοῦτον
2467 2554 2676 2624 ἀστέρα
2727 2554 2820 2605 καὶ
2865 2551 2966 2619 τὴν
2995 2550 3114 2603 ὁδὸν
3140 2544 3255 2601 οἷον
3288 2541 3743 2599 ὑποδεικνύοντα.

494 2643 607 2698 lloc
628 2644 769 2708 loco,
812 2645 1013 2705 dilecte
1046 2646 1145 2708 ﬁli.
1182 2647 1472 2719 diligenter
1504 2650 1569 2703 iis
1599 2650 1845 2704 animum
1870 2649 2065 2706 adver-

2171 2647 2415 2716 Πρόσεχε
2439 2645 2518 2711 δὲ,
2541 2643 2798 2713 ἀγαπητέ
2820 2657 2834 2674 ’
2865 2639 3134 2709 διαφωνία
3159 2638 3269 2709 γάρ
3296 2638 3356 2690 οὐ
3391 2636 3566 2707 μικρά
3590 2634 3742 2701 παρὰ

490 2738 589 2791 tito
637 2753 755 2806 quae
803 2738 1000 2794 dicturi
1033 2755 1241 2795 sumus.
1282 2740 1417 2795 Nam
1450 2740 1519 2795 de
1550 2739 1827 2813 Magorum
1848 2742 2063 2797 adora—

2168 2740 2281 2800 τοῖς
2343 2738 2521 2805 ἁγίοις
2552 2736 2765 2805 γίνεται
2813 2733 2917 2803 τῆς
2974 2731 3128 2800 παρά
3176 2730 3288 2784 τῶν
3339 2729 3548 2795 Μάγων
3578 2726 3742 2781 ἕνεκα

492 2829 639 2885 tione
693 2832 977 2886 contentio
1028 2848 1137 2886 non
1189 2832 1380 2902 exigua
1435 2832 1580 2887 inter
1633 2835 1779 2889 viros
1844 2843 2062 2889 sanctos

2170 2826 2889 2901 προσκυνήσεως.,Πρῶτον
2922 2826 3029 2893 γὰρ
3063 2826 3092 2877 ὁ
3119 2825 3296 2892 μέγας
3327 2819 3648 2888 Ἐπιφάνιος
3681 2819 3741 2870 ὲν

488 2918 724 2975 exsistit.
759 2919 890 2973 Nam
924 2920 1159 2992 primum
1190 2923 1422 2977 eximius
1462 2923 1549 2977 ille
1596 2932 1782 2978 noster
1821 2923 2057 2993 Epipha-

2167 2927 2236 2994 τῇ
2271 2922 2439 2992 βίϐλῳ
2477 2920 2755 2989 Παναρίφ
2803 2919 2951 2988 διετῆ
2993 2918 3145 2985 λέγει
3190 2914 3287 2968 καὶ
3323 2916 3381 2967 ιν
3410 2912 3563 2980 οἰκίᾳ
3588 2911 3743 2980 παρὰ

490 3008 616 3065 nius
647 3008 699 3061 in
733 3009 873 3064 libro
908 3026 1067 3079 quem
1102 3010 1341 3066 Pamm'a
1369 3014 1604 3079 vocavit,
1634 2996 1914 3071 Christum
1954 3018 2060 3084 iam

2168 3018 2278 3069 τῶν
2327 3016 2534 3081 Μάγων
2588 3011 3035 3083 προσκυνηθῆναι
3084 3009 3180 3062 τὸν
3224 3005 3482 3077 Χριστόν.
3514 3002 3742 3070 Ἐπειδὴ

489 3101 697 3162 bimum
727 3113 780 3157 et
814 3104 1047 3172 quadam
1093 3104 1147 3156 in
1189 3106 1357 3158 domo
1391 3105 1567 3173 tradit
1597 3122 1626 3158 a
1659 3105 1827 3173 Magis
1861 3104 2062 3161 adora-

2169 3109 2278 3179 γάρ
2336 3109 2364 3160 ὁ
2411 3106 2554 3160 κατά
2610 3105 2713 3169 τὴν
2750 3103 2939 3175 χώραν
2994 3102 3179 3155 αὐτῶν
3204 3101 3396 3168 φανεὶς
3419 3097 3597 3165 ἀστὴρ
3627 3096 3733 3167 τὴν

472 3188 606 3249 tum
641 3209 789 3250 esse.
824 3194 964 3260 Quia
1007 3196 1153 3251 enim
1193 3205 1549 3269 conspectum
1584 3197 1637 3248 in
1673 3196 1846 3266 patri)
1876 3196 2062 3266 Mago-

2169 3198 2312 3253 κατά
2340 3199 2518 3269 σάρκα
2548 3198 2788 3267 ἐμήνυσε
2820 3195 2916 3248 τοῦ
2965 3191 3208 3266 Χριστοῦ
3255 3191 3535 3261 γέννησιν,
3578 3182 3762 3256 προέ-”

490 3301 610 3336 rum
631 3286 783 3339 sidus
804 3286 1079 3339 carnalem
1104 3285 1311 3341 Christi
1340 3287 1674 3341 nativitatem
1697 3288 2059 3357 signiﬁcabat,

2170 3292 2346 3361 φθασε
2382 3290 2438 3344 δὲ
2477 3289 2545 3341 δι’
2567 3290 2753 3356 ὀλίγου
2779 3275 2907 3350 τοῦς
2937 3286 3425 3353 Μάγουςργαγεῖν
3454 3285 3535 3345 είς
3571 3281 3747 3346 Ἱερο-

491 3390 670 3442 neque
695 3373 873 3447 Magos
895 3376 1091 3450 exiguo
1122 3386 1367 3445 tempore
1393 3376 1821 3449 Hierosolymam
1862 3382 2062 3450 perdu-

2171 3383 2383 3452 σόλυμα
2433 3379 2602 3453 (κατά
2630 3381 2739 3450 γὰρ
2766 3378 2926 3432 τοῦτο
2954 3379 3050 3432 καὶ
3096 3379 3124 3431 ὁ
3175 3376 3421 3446 Ἡρώδης
3466 3375 3575 3429 ἀπὸ
3633 3374 3748 3426 διε-

493 3482 625 3520 cere
647 3475 877 3543 poterat,
902 3482 1004 3536 qua
1029 3466 1249 3536 quidem
1282 3468 1399 3538 ipsa
1431 3469 1641 3525 ratione
1674 3483 1855 3526 motus
1891 3472 2062 3527 llero—

2168 3472 2296 3536 τοῠς
2356 3471 2700 3537 ἀναιρεῖσθαι
2758 3471 2825 3524 τὰ
2881 3470 3057 3540 βρέφη
3119 3469 3447 3539 προσέταξε,
3473 3467 3615 3521 κατά
3645 3465 3742 3518 τὸν

492 3559 587 3613 des
610 3559 777 3631 jussit
807 3558 1045 3613 infantes
1078 3559 1302 3613 bimulis
1335 3560 1571 3630 majores
1603 3562 1858 3626 interﬁci,
1881 3563 2062 3618 habita
2091 3544 2115 3605 (

2117 3544 2136 3605 ἶ
2166 3565 2359 3635 χρόνον
2398 3564 2457 3616 δν
2486 3563 2771 3634 ὴκρίΰωσε
2806 3562 2957 3632 παρὰ
2984 3550 3096 3613 τῶν
3142 3559 3395 3629 Μάγων),
3421 3557 3611 3611 τούτου
3640 3557 3740 3625 χά-

493 3649 754 3707 nimirum
831 3650 1097 3724 temporis
1151 3652 1269 3721 ejus
1333 3655 1547 3709 ratione
1597 3656 1742 3725 quod
1801 3672 1831 3710 a
1892 3655 2063 3729 Magis

2167 3676 2255 3729 ριν
2287 3656 2664 3729 ἀναμνησθεὶς
2695 3657 2723 3709 ὁ
2754 3657 2902 3718 θεῖος
2926 3653 3066 3724 ἀνὴρ
3092 3652 3247 3723 διετῆ
3271 3651 3425 3724 παρά
3456 3650 3568 3704 τῶν
3616 3650 3743 3702 Μά-

488 3753 680 3804 exacte
725 3753 1077 3814 cognoverat,
1128 3744 1334 3801 idcirco
1382 3746 1600 3804 divinus
1641 3748 1730 3802 ille
1762 3749 1864 3810 vir,
1904 3750 2063 3820 cujus

2165 3766 2277 3817 γιων
2310 3749 2416 3818 ἔφη
2448 3745 2903 3817 προσκυνηθῆναι
2926 3744 3020 3798 τὸν
3060 3743 3317 3815 Χριστόν.
3368 3741 3507 3795 Ἀλλ’
3545 3742 3575 3792 ὁ
3607 3757 3743 3810 χρυ-

493 3835 820 3889 mentionem
856 3835 1019 3890 modo
1048 3834 1403 3903 faciebamus,
1438 3836 1712 3893 Christum
1740 3838 2000 3895 bimulnm
2030 3856 2059 3895 a

2166 3840 2464 3911 σορῤήμων
2487 3839 2752 3907 Ἰωάννης
2782 3839 2883 3908 οὐχ
2911 3836 3118 3900 οὕτως·
3149 3835 3273 3889 οὐδὲ
3321 3834 3432 3904 γὰρ
3479 3832 3594 3904 ἃμα
3657 3830 3741 3900 τῷ

490 3926 657 3998 Magis
686 3928 971 4001 adoratum
1008 3944 1131 3984 csse
1175 3930 1438 4000 prodidit.
1464 3929 1663 3986 Verum
1692 3932 1851 3988 aliter
1893 3932 2061 3990 Joan-

2163 3932 2493 4002 γεννηθῆναι
2532 3929 2623 3983 τδν
2655 3930 2894 4000 Χριστὸν
2927 3927 3232 3997 τηνικαῦτα
3271 3925 3366 3979 καὶ
3399 3924 3491 3979 τὸν
3529 3922 3741 3995 ἀστέρα

490 4038 590 4079 nes
643 4022 733 4076 ille
784 4030 975 4081 noster
1034 4036 1235 4076 aureus
1281 4031 1465 4076 orator
1505 4022 1693 4079 sentit.
1742 4021 1860 4077 Non
1913 4023 2059 4077 enim

2164 4026 2299 4096 φησὶ
2324 4026 2435 4086 τοῖς
2464 4024 2672 4091 Μάγοις
2699 4022 2953 4091 ὀφθῆναι.
2986 4020 3096 4073 Καὶ
3122 4019 3288 4072 ἄκουε
3336 4018 3388 4070 τί
3414 4016 3558 4070 κατά
3579 4015 3739 4086 ῥῆμα

470 4116 678 4171 eodem
718 4125 963 4184 tempore
991 4130 1100 4185 quo
1144 4113 1404 4170 Christus
1439 4124 1526 4169 est
1557 4124 1719 4169 natus
1742 4157 1757 4179 ,
1791 4116 1954 4169 etiam
1988 4114 2061 4169 si-

2162 4117 2414 4182 διέξεισιν
2443 4116 2501 4167 ὲν
2549 4117 2617 4185 τῇ
2664 4113 2759 4166 τοῦ
2808 4113 2951 4165 κατά
2989 4110 3267 4166 Ματθαίον
3297 4108 3593 4179 ἑρμηνείᾳ·
3619 4125 3638 4158 ι
3677 4107 3738 4159 Ὁ

487 4208 591 4262 dus
625 4205 758 4259 illud
792 4221 819 4256 a
855 4203 1024 4275 Magis
1067 4213 1424 4272 conspectum
1454 4191 1857 4261 ésse'dicitJn
1886 4203 2059 4274 expli-

2161 4210 2336 4278 ἀστὴρ
2372 4209 2426 4261 δὲ
2456 4206 2564 4276 πρὸ
2624 4205 2827 4259 πολλοῦ
2885 4204 2989 4273 τῆς
3041 4203 3357 4274 γεννήσεως
3416 4201 3592 4269 ἐφάνη
3619 4199 3737 4260 τοίς

487 4298 700 4352 ratione
779 4295 1013 4355 Mattlnei
1072 4296 1139 4350 ad
1200 4295 1425 4349 verbum
1473 4311 1591 4364 quae
1643 4296 1823 4349 tradat
1870 4297 1995 4349 audi
2038 4312 2053 4350 :

2159 4300 2394 4367 Μάγοις,
2438 4299 2506 4351 ἵν’
2540 4299 2596 4351 ὲν
2645 4295 2989 4365 σπαργάνοις
3017 4294 3113 4347 τὸν
3142 4292 3387 4363 Χριστὸν
3414 4289 3739 4362 προσκυνη-

492 4409 510 4442 ι
542 4389 708 4443 Multo
754 4396 879 4447 ante
917 4385 1118 4443 Christi
1146 4388 1488 4444 nativitatem
1532 4388 1684 4443 sidus
1725 4388 1857 4443 illud
1893 4387 2059 4459 Magis

2162 4409 2315 4447 σωσι.
2348 4392 2525 4445 Πολὺν
2552 4391 2661 4461 γὰρ
2691 4389 2918 4459 ἔμελλον
2949 4390 3008 4441 ὲν
3042 4391 3107 4459 τῇ
3158 4385 3262 4457 ὁδῷ
3293 4384 3611 4440 ἀναλίσκειν
3641 4382 3738 4434 τὸν

487 4483 758 4555 apparuit,
817 4493 874 4537 ut
921 4482 1200 4537 Christmn
1253 4482 1307 4536 in
1362 4482 1494 4549 ipsis
1545 4497 1808 4536 cunarum
1870 4481 2055 4535 fasciis

2160 4484 2372 4554 χρόνον.
2436 4481 2815 4551 Συνεμέτρησε
2867 4480 2979 4549 γὰρ
3009 4494 3049 4544 ,“
3095 4478 3269 4546 φησὶ,
3311 4477 3404 4529 τὸν
3460 4474 3652 4546 χρόνον
3703 4474 3736 4524 ὁ

485 4575 818 4633 adorarent:
847 4575 1048 4645 quippe
1091 4588 1199 4627 non
1234 4589 1424 4643 parum
1463 4572 1516 4625 in
1566 4572 1762 4628 itinere
1799 4574 2055 4641 temporis

2157 4575 2311 4638 Θεὸς,
2343 4574 2401 4625 δν
2427 4572 2653 4641 ἔμελλον
2682 4573 2739 4623 ὲν
2762 4569 2827 4640 τῇ
2852 4568 2958 4639 ὁδῷ
2991 4568 3268 4625 ἀναλῶσαι
3296 4569 3346 4620 οί
3393 4567 3605 4635 Μάγοι·
3632 4563 3726 4617 καὶ

484 4666 1014 4735 absumpturierant.
1047 4684 1065 4717 ι
1102 4663 1367 4717 Nimirum
1390 4664 1494 4718 hoc
1513 4662 1696 4717 dicere
1724 4664 1855 4728 vult,
1884 4663 2053 4720 Deum

2156 4666 2298 4720 οὕτω
2351 4665 2474 4719 κατ’
2529 4666 2736 4716 ἐκεῖνον
2777 4661 3125 4733 προέφθασεν
3154 4660 3337 4724 αὐτοῖς
3368 4660 3461 4714 τὸν
3492 4660 3720 4729 ἀστέρα,

488 4768 704 4831 tempus
730 4767 941 4812 certum
973 4757 1144 4833 Magis
1194 4755 1517 4808 admensutn
1562 4770 1708 4818 esse,
1760 4756 1905 4825 quod
1956 4758 2055 4811 ab'

2155 4757 2229 4818 ὡς
2246 4755 2494 4809 ἐντεῦθεν
2511 4755 2569 4807 ἒν
2590 4753 2926 4824 σπαργάνοις
2943 4753 3322 4822 προσκυνῆσαι
3341 4751 3433 4804 τδν
3456 4751 3685 4820 Κύριον.
3701 4768 3722 4801 ι

487 4848 759 4917 sumpturi
801 4855 989 4902 essent
1040 4847 1094 4899 in
1133 4844 1331 4899 itinere
1359 4860 1372 4910 ;
1405 4845 1596 4914 itaque
1631 4845 1697 4899 de
1730 4846 1901 4917 ipsius
1930 4861 2055 4901 sen-
2088 4874 2110 4928 ι

2112 4846 2324 4928 )’Δλλά
2377 4846 2472 4899 καὶ
2498 4846 2525 4898 6
2559 4846 2734 4916 μέγας
2759 4844 3109 4908 Ἀθανάσιος,
3160 4844 3322 4906 αὐτός
3356 4860 3414 4896 τε
3459 4846 3488 4897 δ
3540 4845 3735 4911 Δαμα-

490 4940 657 4996 tentia
698 4939 908 4993 stellam
942 4941 1062 5009 ejus
1104 4946 1231 4992 ante
1277 4938 1624 5002 monstravit,
1663 4946 1722 4993 ut
1757 4939 1861 4993 hoc
1891 4939 2053 4993 modo

2163 4938 2673 5006 σκηνδ;,’1ωάννης,
2728 4940 2789 4990 ἐν
2852 4937 3105 5007 σπηλαίῳ
3131 4936 3390 5005 λέγοντες
3445 4935 3601 5006 παρά
3622 4934 3738 4987 τῶν

487 5032 768 5090 Christum
817 5032 873 5085 in
913 5030 1073 5105 cunis
1113 5039 1388 5101 repertum
1443 5040 1861 5089 venerarentur.
1905 5031 2054 5085 lianc

2163 5033 2375 5098 Μάγων
2430 5029 2880 5100 προσκυνηθῆναι
2930 5030 3020 5083 τὸν
3043 5030 3304 5105 Χριστὸν,
3340 5028 3440 5100 τὴν
3464 5027 3559 5081 τοῦ
3593 5044 3734 5098 χρυ-

487 5125 857 5197 Clrrysostomi
920 5102 1318 5194 expositionem
1371 5132 1517 5199 tumg
1554 5123 1885 5179 Athanasius
1938 5134 2051 5179 tum

1847 5140 1885 5179 Is
1938 5134 2051 5179 tum
2163 5096 2500 5193 σορρημονος
2530 5096 2908 5176 ὲπιϐεδαίοῦσι
2935 5096 3156 5184 πάντως
3186 5096 3470 5192 ἐξήγησιν.

485 5215 727 5271 Joannes
755 5215 1121 5272 Damascenus
1150 5215 1497 5280 confirmant,
1529 5231 1650 5270 cum
1691 5216 1951 5273 in-antro
1991 5223 2046 5268 et
2084 5216 2342 5287 spelunca
2367 5214 2643 5268 Christum
2684 5229 2711 5266 a
2746 5213 2914 5284 Magis
2946 5212 3231 5267 adoratum
3266 5212 3579 5281 perhibent.

440 5350 445 5355 .
556 5304 675 5359 Non
706 5316 887 5359 autem
920 5304 1132 5375 ignoro,
1173 5305 1370 5359 dilecte
1413 5305 1510 5369 ﬁli,
1545 5315 1595 5359 te
1626 5305 1692 5360 de
1725 5305 2050 5375 quihusdam

2233 5300 2365 5358 Οἶδα
2395 5304 2785 5374 δὲ,ιάγαπητὲ.
2819 5306 2900 5367 ὅτι
2952 5306 3046 5357 καὶ
3093 5305 3187 5356 ἐπὶ
3225 5306 3340 5366 τοῖς
3398 5298 3606 5365 λοιποῖς
3636 5302 3736 5357 τοῦ

485 5399 609 5454 aliis
637 5412 851 5470 quoque
872 5412 980 5455 non
1004 5412 1194 5466 parum
1218 5398 1517 5468 ambigere,
1540 5413 1659 5467 qua:
1681 5397 1735 5450 in
1767 5398 1868 5451 hac
1896 5397 2049 5451 stella

2159 5396 2403 5449 τοιούτου
2436 5396 2667 5468 ἀστέρος
2705 5397 2765 5450 οὐ
2800 5397 3015 5467 μικρῶς
3058 5396 3439 5466 ἀμφιϐάλλεις,
3502 5397 3568 5465 τῇ
3623 5412 3740 5449 πα-

484 5490 880 5549 consideranda
914 5490 1135 5543 veniunt
1163 5508 1174 5551 ;
1208 5498 1261 5542 et
1310 5488 1575 5559 imprimis
1608 5488 1867 5542 admirari
1930 5504 2051 5543 mo-

2161 5487 2370 5560 ραδόξῳ
2399 5504 2457 5539 τε
2489 5490 2730 5558 κινήσει,
2753 5491 2820 5559 τῇ
2851 5488 3059 5553 στάσει,
3090 5490 3153 5559 τῇ
3192 5478 3509 5560 ἀποκρυόῇ,
3535 5490 3601 5556 τῇ
3635 5488 3742 5555 ἀφ’

485 5592 599 5657 tum
628 5596 829 5635 novum
879 5597 942 5634 ac
975 5579 1319 5646 inusitatum,
1354 5578 1774 5643 institutionem,
1809 5560 2082 5633 occulta:

2159 5580 2329 5651 ὕψους
2376 5584 2812 5650 συγκαταὸάσει,
2850 5582 2945 5635 καὶ
2975 5585 3142 5636 πᾶσιν
3175 5583 3361 5647 ἀπλῶς
3392 5583 3505 5645 τοῖς
3544 5579 3738 5635 τοιού-

2010 5705 2045 5731 ἢ

555 5751 596 5783 ³⁵
628 5751 812 5808 Matth.
854 5773 889 5817 ι,
915 5754 1003 5806 25.
1116 5812 1123 5823 κ

2982 5841 3055 5854 Δ...
