4110 6194
342 292 444 354 πατ
1597 295 2236 380 ANNALIUMPARS
2278 298 2408 385 tu.
3497 339 3599 397 308

340 431 478 476 τοις.
531 412 698 466 ’Δλλὰ
754 414 830 486 μὴ
889 417 981 471 ἐπὶ
1018 419 1182 475 πλέον
1218 420 1563 491 ἀμφίϐαλλε·
1594 425 1717 479 οὐδὲ
1755 428 1863 497 γάρ
1895 429 1914 480 ἑ

2029 431 2254 496 tionem,
2295 433 2364 488 de
2399 433 2620 516 sublimi
2678 437 3031 507 descensum,
3064 443 3277 516 aliaque
3315 446 3460 502 talia.
3497 439 3600 503 νυ-

337 506 581 564 τοιοῦτος
633 509 810 580 ἀστὴρ
862 507 943 575 εἷς
998 513 1265 584 ἐτύγχανε
1320 517 1433 570 τῶν
1485 519 1721 584 πολλῶν,
1771 519 1921 583 οὒςδ

339 597 476 660 θεὸς
516 599 572 649 ὲν
599 598 678 667 τῷ
705 600 1052 670 στερεώματι
1096 605 1219 658 κατ’
1259 606 1434 676 ἀρχὰς
1465 608 1639 673 ἔθετο,
1672 609 1808 663 ἀλλὰ
1835 609 1925 662 δύ-

341 693 507 758 ναμίς
564 709 650 754 τις
699 696 934 766 ἀόρατος
985 692 1076 768 ἦν,
1108 699 1189 762 είς
1252 700 1458 770 ταύτην
1511 719 1923 772 μετασχηματι-

344 783 534 837 σθετσα
606 785 705 857 τὴν
749 788 916 858 δψιν,
979 790 1054 852 ὡς
1114 793 1141 844 ὁ
1197 795 1607 865 χρυσορῤήμων
1669 795 1923 866 Ἰωάννης

342 878 530 946 φησίν.
561 879 710 932 Ἔδει
741 881 850 950 γὰρ
877 885 970 936 καὶ
999 883 1095 935 ἐπὶ
1138 886 1432 956 παραδόξῳ
1466 888 1693 959 τοιαύτῃ
1726 891 1926 957 γεννή-

343 987 426 1022 σει
473 969 573 1023 καὶ
623 972 927 1042 παράδοξον
973 976 1184 1046 ἀστέρα
1225 979 1479 1045 γενέσθαι
1534 981 1783 1050 μηνυτὴν
1828 983 1924 1034 καὶ

340 1063 706 1131 προάγγελον,
761 1065 838 1129 ὡς
892 1066 922 1118 ὁ
981 1067 1258 1134 θειότατός
1324 1088 1460 1142 φησι
1510 1073 1811 1142 Κύριλλος·
1875 1076 1928 1128 εί·

345 1155 419 1226 μὴ
482 1157 590 1225 γὰρ
645 1157 806 1212 τοῦτο
873 1155 962 1230 ἦν,
1026 1161 1126 1218 οὐκ
1169 1163 1235 1216 ἂν
1287 1164 1382 1217 ἰπὶ
1451 1166 1708 1221 τοσοῦτον
1765 1167 1927 1235 εφαι-

342 1260 452 1308 νεν,
484 1245 584 1297 οὐκ
639 1245 706 1298 ἂν
759 1247 818 1300 ὲν
865 1249 1052 1320 ἡμέρᾳ
1104 1254 1245 1322 μέσῃ
1291 1255 1390 1316 τὰς
1427 1256 1659 1326 ἡλιακὰς
1691 1258 1922 1320 ἀκτῖνας

344 1335 799 1405 ύπερηκόντιζεν.
828 1337 890 1390 Εἰ
931 1340 1006 1409 μὴ
1049 1341 1210 1394 τοῦτο
1231 1343 1320 1412 ἦν,
1353 1345 1454 1398 οὐκ
1485 1347 1550 1398 ἂν
1579 1347 1764 1399 ἔπεισε
1795 1349 1922 1411 τοὺς

340 1426 564 1494 Μάγους
595 1429 811 1483 ἐκεῖθεν
841 1432 1140 1502 ἐγερθῆναι
1174 1439 1269 1491 καὶ
1312 1439 1587 1508 τοσαύτην
1620 1440 1739 1492 ὁδὸν
1773 1442 1921 1494 στεί-

340 1518 566 1584 λασθαι,
616 1522 718 1574 οὐκ
764 1522 832 1576 ἂν
875 1523 1022 1577 οὕτω
1070 1526 1396 1596 θαυμασίως
1441 1532 1524 1595 εἰς
1565 1532 1922 1602 Ἰεροσόλυμα

338 1612 570 1680 ἦγαγεν,
609 1613 710 1666 οὐκ
753 1615 821 1668 ἂν
870 1615 932 1680 ἐξ
980 1616 1148 1686 ὕψους
1201 1623 1558 1688 συγκαταϐὰς
1605 1625 1791 1676 ἐπάνω
1825 1623 1919 1677 τοῦ

337 1702 626 1771 τεχθέντος
659 1704 790 1776 ἔστη
822 1708 1067 1774 παιδίου,
1093 1711 1193 1764 ούκ
1227 1711 1292 1764 ἂν
1315 1715 1553 1782 ἄφαντος
1580 1717 1720 1784 μετὰ
1748 1717 1921 1770 ταῦτα

2025 537 2146 576 rum
2185 523 2302 578 haec
2338 525 2504 580 nolim
2537 528 2635 582 tibi
2663 529 2894 585 nimium
2927 535 3134 603 negotii
3161 535 3449 594 facessere.
3480 541 3602 594 Non.

2023 615 2166 669 enim
2220 616 2336 671 haec
2367 619 2522 675 stella
2561 621 2628 676 de
2674 621 2890 678 illorum
2936 625 3177 682 siderum
3211 645 3448 697 numero
3479 633 3599 697 fuit,

2025 721 2147 776 qua:
2196 707 2358 763 initio
2395 727 2575 766 rerum
2615 713 2758 770 Deus
2804 716 2856 770 in
2896 717 3242 777 firmamento
3285 724 3596 791 collocavit,

2025 798 2118 852 sed
2161 809 2403 868 potestas
2440 805 2686 872 qumdam
2722 807 3147 877 inaspeclabilis,
3190 813 3243 866 in
3277 811 3592 883 hnjnsmodi

2023 891 2262 959 speciem
2327 894 2750 964 transformata,
2827 902 3286 968 quemadmodum
3351 905 3595 961 JOaans

2023 980 2446 1049 Chrysostomus
2507 984 2602 1039 ait.
2652 985 2955 1054 Oportebat
3001 991 3146 1043 enim
3201 992 3254 1044 in
3313 995 3600 1049 nativitatc

2024 1073 2333 1128 admirabili
2386 1084 2442 1129 et
2488 1077 2748 1134 inusitata
2793 1080 2958 1135 etiam
3013 1084 3225 1137 stellam
3277 1102 3475 1142 novam
3535 1106 3600 1144 ac

2025 1163 2348 1219 inusitatam
2398 1167 2556 1232 oriri,
2596 1185 2718 1238 quae
2770 1172 2931 1226 index
2987 1183 3135 1229 esset
3178 1191 3240 1230 ac
3271 1177 3433 1247 210
3463 1196 3599 1247 pra:-

2024 1255 2240 1318 nuntia,
2295 1256 2456 1312 sicuti
2504 1259 2726 1316 divinus
2778 1262 2868 1316 ille
2903 1263 3137 1334 Cyrillus
3170 1266 3430 1336 loquitur.
3467 1268 3597 1321 Nam

2023 1346 2230 1416 absque
2272 1347 2363 1402 illo
2394 1350 2554 1413 foret,
2590 1366 2698 1405 non
2749 1360 2959 1407 tantum
3001 1354 3137 1409 lucis
3190 1365 3246 1410 et
3289 1356 3599 1426 splendoris

2024 1436 2332 1500 habuisset,
2367 1456 2477 1494 non
2518 1442 2701 1497 medio
2732 1445 2820 1498 die
2855 1447 3043 1501 radios
3093 1447 3302 1503 solares
3346 1461 3602 1520 superas-

2023 1536 2125 1592 set,
2165 1545 2273 1584 non
2316 1530 2486 1600 Magis
2534 1535 2897 1603 persuasisset
2949 1548 3008 1592 ut
3053 1553 3084 1593 e
3135 1541 3306 1608 patria
3364 1541 3598 1610 profecti

2025 1629 2236 1674 tantum
2293 1623 2504 1678 itineris
2553 1627 2918 1697 susciperent,
2970 1645 3081 1684 non
3131 1645 3228 1686 eos
3279 1635 3439 1687 modo
3488 1642 3599 1687 tam

2021 1715 2326 1770 admirabili
2360 1719 2714 1786 perduxisset
2746 1721 3205 1792 Hierosolymam,
3237 1741 3349 1786 non
3393 1742 3458 1781 ex
3491 1727 3600 1782 alto

339 1795 578 1860 ἐγένετο.
596 1795 816 1868 Ἐπειδὴ
861 1799 969 1869 γὰρ
997 1779 1522 1874 ὁδηγούμενοι-παρ’
1550 1779 1718 1858 α-ύτοῦ
1751 1824 1914 1877 προσ-

2026 1818 2084 1858 se
2127 1803 2425 1861 demittcns
2463 1823 2626 1879 supra
2681 1821 2867 1865 natum
2916 1813 3176 1868 infantem
3227 1816 3599 1879 constitisset,

340 1888 637 1958 εληλύθασι
685 1890 762 1960 τῷ
808 1893 1032 1963 Χριστῷ
1084 1896 1182 1948 καὶ
1221 1897 1289 1966 τῇ
1320 1897 1445 1949 κατ’
1471 1898 1634 1951 αὐτὸν
1685 1899 1922 1952 άπλανεϊ

342 1983 524 2035 πίστει
546 1983 805 2049 γεγόνασι
838 1986 1084 2054 κάτοχοι,
1106 1989 1488 2055 χειραγωγίας
1504 1989 1691 2042 οὐκέτι
1726 1989 1919 2042 τοιαύ-

336 2077 702 2145 τηςέδέοντο.
745 2077 939 2130 Ἔνθεν
984 2097 1070 2132 τοι
1129 2081 1225 2134 καὶ
1287 2081 1408 2134 κατ’
1462 2082 1598 2152 δναρ
1634 2100 1918 2153 χρηματι-

340 2169 558 2234 σθέντες
607 2170 675 2223 δι’
714 2170 883 2241 ἄλλης
916 2171 1038 2227 ὁδοῦ
1077 2174 1442 2246 ἀνεχώρησαν
1479 2177 1560 2240 είς
1596 2178 1697 2248 τὴν
1726 2177 1916 2248 χώραν

337 2262 542 2318 αὐτῶν.

413 2453 558 2525 Πρὸς
587 2452 798 2516 τούτοις
829 2453 907 2519 δὲ,
943 2455 1218 2525 ἀγαπητὲ,
1247 2455 1348 2528 τὴν
1391 2456 1487 2510 τοῦ
1515 2458 1573 2511 ὲν
1598 2457 1915 2530 Βουλγαρία

338 2547 780 2614 ἁρχιεπισκόπου
833 2547 1096 2618 ιξήγησιν
1135 2549 1228 2602 ἐπὶ
1255 2549 1422 2618 μέσου
1450 2553 1746 2620 παράγεις,
1781 2553 1916 2607 κάν-

336 2630 530 2687 τεῦθεν
561 2633 870 2706 διισχυρίζῃ
905 2637 981 2706 μὴ
1024 2637 1083 2690 ὲν
1112 2637 1264 2708 αὐτῷ
1292 2640 1370 2710 τῷ
1399 2641 1672 2712 σπηλαίῳ,
1709 2643 1825 2696 ἀλλ’
1857 2645 1916 2697 ὲν

334 2724 485 2795 οἰκίᾳ
534 2725 792 2792 γενέσθαι
822 2729 929 2780 τινὶ
967 2728 1066 2797 τὴν
1093 2731 1246 2798 παρὰ
1279 2731 1389 2783 τῶν
1423 2732 1630 2799 Μάγων
1667 2733 1916 2802 προσκύ-

334 2835 516 2889 νησιν.
552 2819 612 2872 Ὀ
641 2821 748 2890 γὰρ
795 2819 940 2884 θεῖος
993 2813 1150 2885 οὗτος
1203 2823 1345 2892 ἀνὴρ
1379 2824 1443 2876 ὲκ
1496 2825 1606 2877 τῶν
1640 2824 1736 2878 τοῦ
1772 2827 1914 2879 κατὰ

333 2909 618 2966 Ματθαῖον
647 2912 1010 2988 Εὐαγγελίου,
1044 2915 1118 2974 ὡς
1167 2916 1366 2978 ἔοικεν,
1411 2916 1758 2985 ὁρμώμενος,
1802 2917 1913 2972 τῶν

335 3002 481 3056 οὕτω
514 3003 642 3069 περὶ
672 3003 780 3055 τῶν
803 3004 1008 3072 Μάγων
1034 3005 1331 3074 λεγόντων·
1371 3026 1389 3058 ‹
1417 2991 1522 3058 Keil
1555 3006 1801 3070 ἐλθόντες
1832 3012 1913 3073 είς

2024 1912 2132 1951 non
2166 1898 2426 1967 deinceps
2458 1901 2703 1970 conspici
2733 1903 3004 1961 desiisset.
3040 1905 3403 1975 Posteaquam
3449 1908 3596 1964 enim

2022 1987 2102 2042 ab’
2119 2003 2181 2043 ea
2210 1989 2357 2044 ducti
2395 1991 2460 2044 ad
2499 1991 2778 2047 Christum
2826 2008 3170 2052 accesserant
3201 2008 3256 2052 et
3284 2014 3412 2053 vera
3444 1999 3596 2053 illum

2023 2080 2127 2135 fide
2159 2082 2393 2151 amplexi
2448 2082 2690 2150 fuerant,
2741 2101 2852 2142 non
2897 2088 3008 2156 jam
3051 2090 3286 2159 amplius
3332 2091 3597 2160 ejusmodi

2023 2173 2470 2230 manuductionis
2552 2177 2808 2248 egebant.
2884 2179 3122 2249 Ideoque
3209 2181 3434 2236 oraculo
3500 2196 3602 2252 per

2019 2265 2258 2335 quietem
2303 2266 2567 2323 admoniti
2617 2269 2721 2324 alia
2769 2270 2856 2326 via
2894 2271 3060 2337 fsuam
3099 2271 3154 2326 in
3189 2273 3420 2344 patriam
3468 2282 3611 2328 sunt-

2021 2374 2252 2414 I'CVCI'SIo

2089 2447 2363 2506 Fortassis
2389 2460 2598 2520 autem,
2639 2453 2839 2511 dilecte
2890 2455 2989 2517 fili,
3024 2456 3292 2528 Bulgaria:
3322 2457 3601 2529 pontificis

2017 2544 2422 2599 enarrationem
2454 2545 2509 2598 in
2541 2545 2780 2601 medium
2818 2548 3088 2618 prolatam
3133 2551 3294 2605 nobis
3324 2566 3595 2620 oppones,

2017 2643 2072 2688 et
2106 2649 2172 2688 ex
2213 2650 2275 2689 ea
2308 2635 2566 2704 probabis
2595 2653 2707 2692 non
2739 2637 2793 2692 in
2828 2639 3114 2708 spelunca,
3148 2639 3243 2694 sed
3262 2640 3424 2696 domo
3458 2657 3593 2711 qua-

2017 2724 2141 2779 dam
2175 2724 2449 2780 Christum
2485 2742 2514 2780 a
2572 2726 2740 2798 Magis
2776 2729 3082 2784 adoratum
3111 2744 3256 2785 esse.
3316 2729 3587 2786 Nimirum

2017 2815 2236 2872 divinus
2271 2817 2362 2872 ille
2401 2819 2503 2882 vir,
2536 2821 2829 2876 occasione
2864 2822 2932 2877 de
2965 2822 3146 2878 verbis
3180 2821 3460 2894 Evangelii
3497 2836 3594 2892 per

2016 2907 2330 2964 Matthaeum
2381 2910 2676 2980 conscripti
2735 2922 2973 2982 sumpta,
3029 2929 3150 2982 quae
3193 2915 3261 2968 de
3307 2914 3478 2984 Magis
3523 2914 3596 2968 ita

2015 3001 2357 3068 loquuntur;
2398 3020 2416 3052 ι
2474 3001 2708 3073 lngressi
2747 3004 2967 3057 domum
3003 3004 3205 3061 ibidem
3245 3021 3368 3058 cum
3427 3016 3600 3059 matre

333 3094 434 3163 τὴν
465 3095 644 3147 οἰκίαν
670 3090 810 3148 εἶδον
837 3095 897 3147 τὸ
930 3097 1142 3150 παιδίον
1177 3097 1317 3165 μετὰ
1336 3098 1553 3166 Μαρίας
1579 3100 1674 3168 τῆς
1701 3102 1910 3172 μητρὸς

2017 3091 2182 3145 Maria
2221 3107 2453 3162 puerum
2491 3091 2840 3159 viderunt”,
2883 3113 2901 3145 ι
2942 3095 3133 3149 scribit
3161 3106 3598 3150 consentaneum

334 3181 524 3246 αὑτοῦ,
561 3200 580 3232 ›
621 3183 712 3235 καὶ
761 3183 887 3236 τάδε
941 3187 1128 3254 φησὶν,
1161 3188 1241 3240 ὅτι
1285 3185 1424 3255 μετὰ
1466 3187 1527 3239 τὸ
1580 3188 1908 3257 γεννηθῆναι

332 3273 426 3323 τὸν
463 3273 669 3341 Κύριον
727 3275 822 3326 καὶ
869 3277 927 3328 ὲν
957 3279 1024 3346 τῇ
1065 3281 1242 3346 φάτνῃ
1276 3277 1634 3346 ἀνακλιθῆναι
1661 3281 1810 3343 εἰκὸς
1843 3277 1910 3352 ἦν

335 3364 626 3434 εὑρεθῆναι
685 3367 777 3418 καὶ
828 3369 1006 3421 οἰκίαν
1048 3371 1191 3435 τινὰ,
1226 3373 1285 3422 ὲν
1391 3372 1535 3443 παρὰ
1562 3372 1668 3424 τῶν
1701 3374 1910 3442 Μάγων

337 3455 438 3522 τὴν
478 3453 861 3524 προσκύνησιν
917 3455 1199 3520 δέξασθαι.
1236 3459 1345 3510 Καὶ
1373 3459 1400 3510 ὁ
1436 3459 1534 3527 μὲν
1585 3459 1907 3528 διαληφθεὶς

331 3550 476 3620 ἀνὴρ
509 3549 656 3602 ἔοικε
711 3551 1012 3622 προφανῶς
1068 3551 1250 3617 λέγειν
1309 3551 1385 3619 μὴ
1422 3553 1480 3602 ὲν
1513 3551 1591 3621 τῷ
1632 3551 1908 3620 σπηλαίῳ,

332 3643 395 3694 ὲν
418 3635 462 3709 ᾧ
494 3642 589 3694 καὶ
621 3643 653 3712 ἡ
685 3642 887 3710 φάτνη,
925 3640 1050 3703 τοὺς
1093 3641 1321 3707 Μάγους
1356 3641 1486 3692 ἰδεῖν
1516 3640 1607 3693 τὸν
1639 3641 1906 3708 Χριστόν

330 3737 362 3787 ὁ
385 3734 441 3786 δὲ
465 3735 567 3803 τὴν
597 3733 848 3800 γλῶτταν
888 3731 1126 3802 χρυσοῦς
1177 3731 1249 3784 τά
1280 3729 1468 3801 τεῖἦς
1501 3731 1683 3793 οἰκίας
1713 3731 1909 3799 συμϐι-

330 3826 520 3889 ϐάξων
556 3825 655 3878 καὶ
713 3827 781 3878 τὰ
827 3825 929 3893 τῆς
985 3824 1196 3893 φάτνης
1235 3824 1408 3894 αὐτῆς
1436 3823 1582 3876 οὕτω
1607 3826 1793 3892 φησιν,
1825 3825 1909 3876 ὅτι

327 3917 574 3971 τεκοῦσα
617 3918 720 3987 μὲν
751 3916 955 3980 εὐθέως
995 3916 1350 3971 κατέκλινενο
1404 3918 1522 3970 ἐκεῖ
1572 3917 1783 3969 πολλῶν
1815 3918 1910 3968 καὶ

329 4011 440 4080 γὰρ
475 4010 773 4063 συνιόντων
823 4009 914 4063 διὰ
948 4009 1048 4080 τὴν
1083 4010 1416 4078 ἀπογραφὴν
1455 4009 1556 4062 ούκ
1609 4005 1680 4080 ἦν
1730 4010 1914 4063 οἰκίαν

328 4105 542 4173 εὑρεῖν.
574 4103 825 4172 Παράγει
879 4101 936 4154 δὲ
993 4101 1086 4154 καὶ
1115 4101 1206 4155 τὸν
1232 4100 1510 4154 θειότατον
1540 4102 1758 4154 Λουκᾶν
1793 4105 1912 4154 ἐπι-

330 4194 677 4260 σημαίνοντα
727 4189 890 4243 τοῦτο
922 4190 1018 4243 καὶ
1046 4189 1276 4258 λέγοντα
1305 4191 1389 4244 ὅτι
1443 4190 1534 4244 διὰ
1571 4189 1634 4243 τὸ
1671 4188 1746 4261 μὴ
1770 4187 1910 4243 εἶναι

326 4286 502 4338 τόπον
555 4284 614 4335 ὲν
661 4281 739 4351 τῷ
801 4282 1170 4353 καταλύματι,
1202 4283 1484 4335 ἀνέκλινεν
1523 4282 1688 4336 αὐτὸν
1742 4285 1799 4335 ὲν
1841 4284 1909 4353 τῇ

327 4376 533 4444 φάτνῃ,
569 4373 707 4442 μετὰ
729 4371 785 4426 δὲ
804 4372 962 4424 τοῦτο
994 4373 1238 4425 ἀνείλετο
1269 4370 1364 4423 καὶ
1401 4370 1497 4423 ἐπὶ
1520 4370 1630 4423 τῶν
1661 4368 1911 4436 γονάτων

2014 3198 2157 3248 esse,
2195 3193 2319 3254 post
2351 3184 2402 3240 id
2445 3186 2706 3254 temporis
2731 3201 2838 3255 quo
2866 3187 3051 3241 editus
3095 3187 3148 3241 in
3190 3189 3367 3243 lucem
3403 3189 3588 3245 Dan-i-

2014 3291 2117 3332 nus
2149 3278 2202 3331 in
2242 3278 2475 3348 praesepi
2512 3278 2812 3333 reclinatus
2868 3278 3054 3344 fuerit,
3103 3281 3380 3336 inventam
3417 3282 3587 3337 fuisse
3697 3283 3710 3294 ‘

2012 3369 2233 3424 domum
2266 3369 2559 3439 quamdam
2591 3370 2644 3422 in
2677 3385 2780 3439 qua
2830 3371 2967 3443 Magi
3017 3388 3139 3428 eum
3171 3384 3588 3431 venerarentur.

2012 3458 2272 3529 Adeoque
2343 3463 2520 3531 palam
2578 3459 3033 3534 Theophylactus
3090 3464 3337 3520 indicare
3387 3466 3602 3522 videtur

2014 3547 2508 3620 Magos.Christum
2539 3551 2591 3606 in
2621 3561 2784 3607 antro
2816 3553 2908 3608 illo
2931 3568 3040 3608 non
3069 3557 3445 3626 conspexisse,
3487 3572 3600 3628 quo

2013 3655 2259 3710 praesepe
2289 3641 2697 3696 continebatur.
2732 3641 2938 3698 Verum
2982 3645 3412 3717 Cbrysostomus
3453 3649 3603 3706 inter

2013 3744 2074 3784 se
2134 3736 2240 3781 tam
2285 3743 2348 3782 ea
2380 3744 2501 3798 qua:
2544 3728 2613 3782 de
2657 3731 2816 3785 domo
2856 3731 3120 3788 dicuntur
3171 3750 3336 3806 quam
3372 3751 3495 3806 qua:
3529 3737 3598 3794 de

2013 3820 2244 3889 przesepi
2281 3821 2604 3885 concilians,
2638 3820 2740 3876 Ubi
2777 3823 3036 3891 primum,
3058 3827 3442 3894 inquit,maler
3466 3844 3592 3886 eum

2015 3911 2342 3978 peperisset,
2380 3911 2691 3980 in-przesepi
2725 3915 3030 3970 reclinavit.
3057 3915 3271 3988 Quippe
3301 3920 3443 3986 quod
3475 3935 3594 3975 ma-

2011 4019 2132 4072 gnae
2165 4003 2448 4057 hominum
2497 4003 2668 4072 copim
2716 4019 2920 4060 census
2961 4021 3126 4060 causa
3176 4007 3594 4072 confluxissent,

2012 4096 2235 4150 domum
2281 4095 2531 4150 invenire
2563 4112 2672 4150 non
2723 4106 3041 4167 potuerant.
3091 4098 3224 4168 Ejus
3261 4101 3342 4154 rei
3398 4111 3592 4156 testem

2013 4188 2145 4242 citat
2169 4187 2396 4251 Lucam,
2423 4187 2513 4254 qui
2546 4186 2726 4242 verbis
2753 4187 2902 4242 hisce
2930 4187 3072 4243 idem
3102 4188 3379 4246 innuerit:
3413 4208 3430 4242 ι
3457 4190 3594 4256 Quia

2013 4277 2068 4329 in
2101 4276 2407 4331 diversorio
2437 4276 2590 4331 locus
2632 4291 2744 4330 non
2773 4284 2940 4341 esset,
2986 4277 3040 4331 in
3080 4279 3311 4348 praisepi
3351 4295 3474 4334 eum
3504 4295 3592 4334 rc-

2013 4366 2241 4422 clinavit
2276 4367 2342 4420 ³⁷.
2379 4386 2397 4418 ι
2455 4367 2632 4435 Atque
2679 4365 2805 4421 inde
2853 4376 2978 4436 post
3029 4384 3154 4422 eum
3212 4369 3488 4425 sublatum
3537 4371 3591 4426 in

326 4443 498 4538 εἶχεν.
544 4465 708 4518 Ἀλλὰ
739 4464 927 4518 καὶέν
975 4467 1040 4534 τῇ
1100 4464 1195 4517 τοῦ
1249 4464 1392 4517 κατὰ
1441 4463 1726 4518 Ματθαίον
1774 4463 1907 4532 ἕκτῃ

2017 4474 2193 4529 genua
2242 4457 2549 4512 collocavit.
2584 4457 2731 4511 Idem
2785 4457 2841 4512 in
2880 4473 3072 4514 earum
3101 4460 3411 4515 orationum
3441 4473 3593 4518 sexta

324 4559 520 4631 ὁμιλίᾳ
555 4559 686 4627 περὶ
737 4557 849 4611 τῶν
877 4556 1091 4625 Μάγων
1123 4554 1266 4609 οὕτω
1299 4557 1471 4625 φησί·
1505 4573 1523 4607 ι
1558 4554 1623 4610 Τί
1669 4554 1726 4608 δὲ
1769 4555 1908 4617 ὅλως

325 4655 428 4706 καί⁵
458 4650 738 4722 βασιλείας
771 4649 1042 4718 σύμϐολον
1077 4643 1240 4715 εἶδον,
1292 4648 1538 4719 καλύϐην
1565 4647 1660 4702 καὶ
1696 4647 1908 4718 φάτνην

327 4746 427 4798 καὶ
454 4742 667 4796 παιδίον
687 4743 745 4794 ἐν
776 4741 1112 4814 σπαργάνοις
1142 4740 1235 4794 κοιλ⁸
1266 4741 1479 4812 μητέρα
1518 4739 1756 4810 πτωχὴν,
1773 4739 1910 4793 ἰδόν-

323 4846 457 4894 τες;
485 4849 503 4881 ι
536 4830 648 4883 Καὶ
673 4828 795 4899 μετ’
829 4827 1016 4897 ὀλίγα’
1055 4847 1074 4880 ι
1109 4828 1232 4891 Πῶς
1267 4827 1324 4880 δὲ
1381 4829 1474 4881 καὶ
1503 4828 1760 4898 camp,
1786 4826 1912 4880 είπέ

328 4941 450 4994 μοι,
474 4923 641 4976 τόπον
668 4921 814 4976 οὕτω
845 4922 1034 4975 στενὸν
1055 4920 1277 4991 ’φάτνης
1326 4921 1424 4975 καὶ
1474 4919 1722 4992 καλύϐην
1768 4921 1913 4974 ἐδεί-

327 5033 516 5080 κνυεν,
553 5018 602 5070 τί
641 5019 716 5086 μὴ
755 5016 817 5068 τὸ
867 5014 1071 5085 ὑψηλὸν
1103 5014 1284 5067 ὲκεῖνο
1317 5015 1477 5082 ἀφεὶς
1524 5014 1673 5068 κάτω
1702 5013 1910 5083 κατέϐη

327 5110 432 5160 καὶ
464 5109 605 5178 ὑπὲρ
635 5108 807 5179 αὐτῆς
847 5109 978 5177 ἔστη
1019 5107 1121 5176 τῆς
1151 5105 1405 5176 κεφαλῆς
1464 5104 1561 5158 τοῦ
1608 5105 1858 5170 παιδίους
1886 5125 1908 5159 ι

327 5201 445 5255 Καὶ
479 5202 617 5272 μετὰ
652 5200 829 5254 ταῦτα
851 5214 866 5229 ⁶
901 5218 920 5250 ι
960 5199 1117 5253 Ἐπεὶ
1143 5198 1236 5253 οὖν
1268 5200 1446 5269 ἦγαγε
1477 5198 1573 5251 καὶ
1612 5196 1914 5267 ἐχειραγώ-

322 5310 494 5362 γησε,
525 5294 620 5346 καὶ
644 5293 781 5360 πρὸς
808 5293 910 5364 τὴν
933 5293 1144 5361 φάτνην
1161 5291 1412 5360 ἔστησεν,
1445 5291 1632 5344 οὐκέτι
1656 5291 1727 5343 δι’
1748 5291 1910 5344 ἀστέ-

328 5401 448 5453 ρος,
489 5383 628 5435 ἀλλὰ
661 5382 730 5435 δι’
759 5383 997 5451 ἀγγέλου
1028 5383 1216 5436 λοιπὸν
1275 5383 1461 5443 αὐτοῖς
1517 5382 1855 5448 διαλέγεται.
1887 5400 1905 5433 ι

328 5477 441 5531 Καὶ
494 5476 552 5529 ὲν
603 5477 671 5548 τῇ
730 5475 894 5547 ὀγδόῃ
933 5476 988 5529 δὲ
1031 5475 1220 5546 ὁμιλίᾳ
1251 5476 1394 5529 κατὰ
1423 5474 1569 5541 λέξιν
1601 5473 1746 5529 οὕτω
1778 5475 1913 5544 φησὶ

328 5567 460 5638 περὶ
483 5566 594 5636 τῶν
617 5568 826 5636 Μάγων
845 5585 866 5602 ·
904 5567 1100 5621 ιἈλλὰ
1126 5568 1178 5619 τί
1208 5567 1268 5620 τὸ
1286 5569 1484 5622 πεῖσαν
1519 5567 1710 5633 αὐτοῦς
1743 5585 1912 5640 προσο

404 5757 444 5786 ³⁸
467 5755 657 5811 Matth.
696 5773 757 5824 ll,
821 5758 902 5813 Η.
984 5761 1023 5791 ³⁷
1053 5758 1186 5814 Luc.
1236 5776 1294 5822 ιι,
1337 5762 1388 5814 7.

2015 4550 2214 4611 quibus
2263 4548 2629 4616 Evangelium,
2661 4548 2900 4605 Matthaei
2946 4551 3283 4620 explanavit,
3334 4553 3398 4608 in
3449 4555 3595 4610 hunc

2018 4642 2240 4698 modum
2291 4643 2368 4696 de
2412 4639 2582 4712 Magis
2635 4642 2922 4712 loquitur:
2969 4661 2994 4694 ι
3029 4643 3166 4698 Cum
3215 4645 3491 4716 tugurium
3541 4656 3596 4700 ct

2018 4748 2260 4806 pra-sepe
2307 4742 2363 4788 et
2415 4734 2600 4788 fasciis
2646 4734 2953 4790 involutum
2991 4749 3228 4805 puerum
3261 4745 3317 4791 et
3360 4745 3592 4792 matrem

2019 4841 2316 4900 pauperem
2373 4834 2690 4890 cernerent,
2754 4826 3076 4896 quodnam,
3119 4828 3379 4893 obsecro,
3439 4830 3592 4900 regni

2011 4921 2226 4993 signum
2255 4919 2511 4974 videbant
2541 4918 2564 4971 i
2601 4937 2619 4970 ι
2656 4919 2720 4972 Ει
2754 4919 2917 4988 paulo
2951 4928 3096 4989 post.
3147 4939 3166 4972 ι
3201 4919 3479 4987 Quonam,
3511 4923 3595 4975 in-

2012 5014 2150 5085 quit,
2184 5019 2342 5080 pacto
2375 5011 2483 5083 (dic
2510 5009 2668 5079 mihi)
2702 5009 2856 5066 stella
2895 5019 3006 5065 tam
3039 5021 3219 5066 artum
3245 5012 3510 5083 prmsepis
3538 5022 3596 5067 et

2013 5104 2213 5176 tngurii
2247 5103 2428 5158 locum
2479 5101 2776 5166 indicabat,
2813 5103 2856 5157 si
2895 5118 3002 5158 non
3055 5103 3251 5160 relicto
3283 5105 3500 5161 sublimi
3533 5122 3593 5160 se

2010 5196 2232 5252 demisit
2281 5204 2336 5250 et
2383 5210 2548 5264 supra
2596 5204 2762 5265 caput
2816 5195 2990 5266 ipsius
3041 5198 3198 5268 pueri
3236 5197 3528 5254 constitit?
3567 5217 3586 5252 ι

2011 5290 2250 5344 Rursum
2286 5296 2410 5357 post
2455 5287 2608 5342 haec:
2650 5305 2668 5340 ι
2712 5285 2812 5342 Ubi
2845 5288 2958 5355 jam
3012 5289 3333 5346 adduxisset
3386 5307 3480 5346 eos
3533 5305 3596 5346 ac

2006 5385 2161 5456 juxta
2196 5395 2440 5451 prmsepe
2488 5379 2740 5446 stitisset,
2791 5395 2902 5435 non
2950 5382 3187 5452 amplius
3235 5398 3331 5452 per
3356 5383 3590 5446 stellam,

2012 5473 2108 5530 sed
2143 5487 2241 5543 per
2277 5471 2529 5541 angi-lum
2564 5485 2659 5525 eos
2683 5471 2948 5542 deinceps
2983 5473 3298 5542 alloquitur.
3342 5491 3360 5521 ι
3400 5469 3591 5524 Itidem

2016 5568 2068 5621 in
2113 5565 2356 5621 oratione
2394 5573 2583 5620 octava
2626 5563 2693 5618 de
2729 5564 2893 5636 Magis
2930 5565 2993 5618 ad
3047 5566 3270 5618 verbum
3307 5562 3420 5616 hac
3477 5569 3592 5616 tra-
