4110 6194
351 285 459 346 ᾼΟἲ
684 308 709 330 ο
896 348 897 351 η
1586 295 1925 358 ANNALIU

2036 275 2231 360 m3
2272 301 2387 361 Ιῐῐ.
3498 307 3604 369 tos

343 391 416 463 ἦν
445 398 472 446 ὁ
508 394 659 486 δεῖνα
711 396 921 460 ἐκεῖνος
957 399 1093 469 πρὸς
1134 396 1193 456 δν
1245 400 1635 476 ἀπεστάλησαν
1667 408 1717 460 οἱ
1755 406 1925 478 μαθη-

2031 412 2264 483 legisse;
2318 413 2461 481 quod
2498 428 2632 468 sane
2665 414 2711 469 si
2745 414 2897 485 prius
2948 414 3194 486 legisset,
3226 415 3499 479 Joannem
3535 420 3606 471 ad

345 487 438 539 ταὶ
468 483 622 556 παρὰ
649 486 746 541 τοῦ
780 489 1016 561 Κυρίου.
1362 508 1375 513 "

2028 505 2261 559 alterum
2316 504 2464 559 illum
2517 514 2730 561 certum
2783 507 3059 563 hominem
3117 508 3425 578 ablegatum
3481 511 3604 563 ani-

2028 596 2433 664 madvertisset,
2469 613 2571 654 nec
2612 598 2764 653 illum
2794 598 2962 656 fuisse
2996 600 3065 654 ad
3092 614 3254 670 quem
3288 615 3316 655 a
3363 601 3595 655 Domino

2028 676 2408 744 mittebantur.

417 756 552 850 Περὶ
578 756 634 850 ξι
658 755 755 815 τοῦ
789 757 1002 812 Παύλου
1032 761 1085 815 τί
1114 762 1222 833 χρὴ
1253 764 1351 817 καὶ
1404 764 1609 833 λεγειν,
1642 766 1700 819 εἴ
1728 785 1792 836 γε
1826 768 1925 823 καὶ

2095 779 2363 836 ϐωιθτιιιῃ
2395 782 2464 836 de
2504 781 2673 837 Paulo
2716 782 2859 837 nihil
2906 760 3200 838 dicendum
3250 781 3400 838 aliud
3440 799 3601 850 quam

338 846 530 900 τοῦτον
556 843 698 901 εἷναι
722 849 962 919 νομίζεις
983 852 1078 905 ἕνα
1103 853 1212 906 τῶν
1230 855 1439 910 δώδεκα
1462 858 1602 912 κατὰ
1621 859 1720 927 τὴν
1738 859 1923 913 πλειό-

2028 873 2171 942 quod
2209 874 2265 928 in
2316 890 2547 929 numero
2600 873 2994 943 discipulorum
3034 874 3254 929 illorum
3312 873 3603 928 duodecim

342 955 454 989 νων
485 938 793 1009 ὑπόληψινς
831 941 1004 1011 Ἄφες
1036 945 1166 1007 τοὺς
1189 947 1298 1001 τῶν
1331 949 1544 1002 πολλῶν
1574 950 1789 1018 λόγους,
1826 951 1921 1004 καὶ

2028 981 2138 1020 non
2171 965 2358 1027 fuerit,
2407 966 2554 1035 quod
2609 976 2790 1020 tamen
2840 966 3038 1035 vulgus
3071 966 3358 1020 hominum
3406 966 3603 1020 existi-

343 1030 669 1137 ‘foiff'spoi;
730 1034 965 1103 πρόσεχε
1020 1036 1339 1105 γράμμασι.
1396 1039 1615 1095 Δώδεκα
1683 1044 1783 1113 μὲν
1829 1045 1924 1099 οῦν

2028 1065 2160 1109 mat.
2195 1056 2277 1109 Tu
2329 1056 2439 1110 illis
2478 1057 2831 1125 opinionibus
2882 1056 3127 1121 omissis,
3160 1073 3282 1125 qua:
3328 1058 3499 1111 sacris
3549 1056 3603 1110 in

346 1119 630 1185 ἔξιλὲξατο
668 1125 919 1195 μαθητὰς
949 1128 977 1179 ὁ
1021 1129 1277 1197 Χριστὸς,
1308 1127 1388 1194 οἷς
1441 1135 1541 1187 οὐκ
1596 1133 1713 1188 ἔστι
1754 1154 1922 1205 συνη-

2028 1146 2255 1200 Litteris
2296 1146 2494 1201 tradita
2546 1156 2677 1201 sunt
2720 1147 2981 1201 retineto.
3018 1146 3312 1201 Duodecim
3350 1147 3609 1201 videlicet

349 1217 686 1287 ριθμημένος
713 1221 741 1272 ὀ
780 1222 1017 1285 Παῦλος.
1052 1223 1174 1287 Πῶς
1207 1228 1300 1279 καὶ
1330 1228 1460 1297 γὰρ,
1495 1229 1611 1297 είγε
1657 1231 1794 1298 μετὰ
1824 1232 1924 1298 τὴν

2028 1237 2327 1303 discipulos
2388 1237 2643 1301 Christus
2700 1237 2915 1307 selegit,
2978 1252 3214 1306 quorum
3274 1236 3608 1290 innumero

348 1308 443 1359 τοῦ
476 1311 747 1377 παναγίου
799 1311 1117 1381 Πνεῦματος
1160 1315 1387 1368 κάθοδον
1444 1320 1813 1388 προσελήλυθε
1847 1321 1925 1389 τῷ

2028 1326 2232 1380 Paulus
2260 1343 2609 1396 nequaquam
2648 1329 2879 1382 exstitit.
2914 1328 3047 1382 Nam
3076 1328 3171 1396 qui
3207 1327 3401 1382 referri
3437 1328 3609 1395 possit

348 1399 614 1469 Χριστῷς
666 1401 887 1455 Δώδεκα
947 1404 1045 1473 μὲν
1111 1401 1206 1460 οῦν
1258 1408 1308 1460 cl
1369 1409 1629 1479 μαθηταὶ,
1661 1413 1747 1482 ἐφ’
1782 1408 1855 1467 ὧν
1897 1414 1925 1466 δ

2028 1420 2175 1473 inter
2233 1432 2347 1483 eos,
2401 1433 2527 1472 cum
2590 1434 2619 1471 a
2674 1419 2851 1473 sancti
2903 1419 3149 1487 Spiritus
3209 1421 3263 1473 in
3329 1418 3610 1488 apostolos

360 1491 565 1554 Ἰούδας
595 1495 661 1563 τῇ
699 1495 797 1564 τῆς
824 1494 1195 1566 φιλαργυρίας
1239 1499 1381 1567 νόσῳ
1410 1495 1641 1571 κάτοχος
1679 1505 1925 1571 γεγονὼς

2028 1507 2292 1562 descensu
2330 1508 2567 1577 primum
2597 1507 2821 1562 Christo
2850 1507 3182 1563 accesserit?
3210 1506 3286 1560 Ex
3317 1507 3606 1561 duodecim

347 1580 443 1632 τοῦ
497 1582 609 1634 τῶν
660 1583 919 1652 μαθητῶν
971 1586 1228 1639 ἐκπίπτει
1278 1589 1467 1656 χοροῦ.
1524 1591 1823 1659 Είσάγεται
1867 1593 1924 1646 δὲ

2028 1615 2159 1653 vero
2202 1598 2489 1669 discipulis
2541 1614 2663 1653 cum
2720 1599 2890 1654 ludas
2934 1616 3077 1655 unus
3116 1600 3363 1653 avaritia:
3418 1600 3609 1652 morbo

347 1672 465 1725 ἀντ’
517 1673 686 1727 αὐτοῦ
725 1677 863 1743 μετὰ
897 1677 997 1747 τὴν
1026 1677 1127 1757 τοῦ
1159 1679 1368 1747 Κυρίου
1405 1681 1681 1751 ἀνάληψιν
1705 1685 1733 1736 ὁ
1769 1685 1924 1737 Ματ-

2028 1701 2319 1758 correptus
2369 1692 2474 1746 hoc
2530 1693 2728 1747 ordine
2782 1709 2844 1748 ac
2897 1703 3045 1749 ctetu
3107 1691 3426 1754 excidisset,
3485 1678 3627 1760 post'

347 1766 492 1831 θίας,
518 1765 594 1829 ὡς
626 1768 658 1835 ὴ
697 1735 876 1836 βίϐλος
901 1735 1214 1839 διαγορεύει
1241 1735 1353 1824 τῶν
1392 1735 1675 1843 Πράξέῶν.

2028 1735 2319 1758 “uer.”
2370 1735 2474 1746 ..νυ
2532 1735 2728 1747 ..........
2782 1735 2844 1748 ..υ
2898 1735 3045 1749 ιω...
3109 1735 3426 1754 “unum”,
3488 1735 3607 1760 νυ-.

2028 1781 2245 1837 Domini
2282 1783 2661 1837 ascensionem
2711 1784 2763 1838 in
2810 1786 3007 1861 omium
3054 1783 3215 1855 214
3245 1782 3499 1837 Mattlil‘as
3554 1783 3607 1835 in

349 1857 399 1910 οἳ
430 1859 524 1911 τὸν
554 1858 766 1913 Παῦλον
805 1857 899 1912 ἕνα
929 1860 1182 1927 λέγουσιν
1206 1857 1347 1914 εἶναι
1374 1863 1484 1916 τῶν
1524 1863 1802 1936 δώδεκα,ῆ
1833 1867 1924 1918 τὶν

2028 1872 2148 1942 ejus
2175 1872 2356 1925 locum
2386 1872 2654 1928 suffectus
2677 1882 2780 1936 est,
2814 1857 2956 1927 sicut
2990 1873 3254 1928 Actorum
3288 1873 3427 1927 liber
3456 1887 3609 1925 com-

346 1949 656 2003 ἐκπεσόντα
688 1949 781 2003 τοῦ
810 1951 971 2021 χοροῦ
1022 1951 1356 2032 δειξάτωσαν
1413 1955 1546 2023 ἡμῖν
1573 1955 1645 2023 (ει
1697 1955 1771 2025 μὴ
1815 1956 1925 2028 γάρ

2030 1972 2298 2016 memorat
2322 1964 2386 2016 δ’.
2448 1963 2635 2032 Itaque
2686 1964 2731 2018 si
2782 1964 2876 2032 qui
2923 1963 3152 2017 Paulum
3206 1964 3260 2017 in
3319 1975 3608 2016 numerum

350 2042 578 2105 ἐξέπεσέ
612 2060 718 2106 τις,
754 2045 853 2097 οὐκ
886 2044 950 2098 ἂν
984 2047 1012 2099 ὁ
1042 2045 1255 2117 Παῦλος
1290 2046 1583 2115 εἰσῆλθεν),
1611 2048 1752 2117 ῆτὸν
1782 2048 1925 2101 Παῦ-

2030 2050 2247 2105 illorum
2281 2051 2573 2106 duodecim
2608 2052 2812 2107 referre
2840 2053 3053 2119 volunt,
3091 2053 3172 2106 vel
3198 2052 3323 2122 quis
3350 2067 3417 2105 eo
3462 2060 3611 2105 coetu

347 2136 441 2189 λον
490 2137 587 2189 ἕνα
632 2132 776 2192 εἶναι
822 2138 931 2191 τῶν
970 2138 1181 2192 δώδεκα
1215 2139 1289 2208 μὴ
1320 2140 1655 2208 λεγέτωσαν.
1698 2142 1846 2211 Πλὴν
1877 2143 1925 2195 εί

2032 2141 2301 2199 εχυὶιίοτίι
2348 2142 2756 2208 demonstrent,
2790 2143 2845 2197 in
2901 2144 3061 2212 cujus
3098 2144 3214 2211 ipse
3259 2143 3441 2197 locum
3490 2156 3612 2194 suc-

348 2229 443 2281 καὶ
470 2228 641 2298 μὴτῷ
670 2229 814 2300 χορῷ
836 2230 944 2282 τῶν
969 2229 1035 2299 ιβ’
1070 2231 1557 2301 συνηριθμημένος
1594 2232 1765 2297 ἐστὶν,
1800 2232 1916 2286 ἀλλ’

2030 2230 2267 2288 cesserit
2309 2230 2534 2301 (quippe
2592 2246 2661 2285 ne
2710 2231 2834 2300 quis
2886 2232 3177 2297 exciderit,
3216 2230 3419 2287 Paulus
3470 2230 3614 2282 inter

346 2322 523 2384 οὐδεὶς
573 2318 761 2375 eniam
799 2324 1055 2391 στήσεται
1083 2324 1321 2390 Παύλου,
1363 2323 1509 2377 καθά
1545 2339 1711 2392 φησιν
1739 2323 1767 2374 ὁ
1809 2322 1910 2392 τὴν

2028 2336 2122 2375 eos
2172 2320 2376 2376 relatus
2424 2322 2595 2376 fuisse
2635 2322 2742 2377 diei
2794 2337 2905 2377 non
2963 2320 3189 2392 potest),
3242 2322 3326 2375 vel
3381 2321 3612 2375 Paulum

346 2415 594 2482 γλῶτταν
640 2415 894 2485 χρυσοῦς.
933 2417 993 2469 Εἰ
1052 2416 1162 2485 γὰρ
1191 2416 1423 2478 ἕκαστος
1454 2416 1596 2469 κατὰ
1629 2415 1722 2468 τδν
1779 2413 1917 2468 ῐδιον

2028 2411 2205 2465 facere
2236 2412 2305 2465 de
2355 2412 2650 2466 duodecim
2706 2429 2878 2467 unum
2922 2412 3200 2468 desinant.
3246 2412 3379 2467 Utut
3430 2422 3612 2465 autem

349 2509 521 2561 κόπον
562 2509 660 2561 καὶ
692 2508 783 2561 τὸν
821 2507 1012 2577 μισθὸν
1068 2507 1567 2578 λήψεταιμΠαύλου
1626 2506 1683 2559 δὲ
1728 2506 1916 2559 πλεῖον

2028 2508 2171 2553 εωιυ
2215 2500 2436 2555 illorum
2468 2502 2758 2556 duodecim
2792 2502 3228 2571 comprehensus
3279 2516 3388 2555 non
3419 2501 3611 2564 fuerit,

348 2600 524 2663 οὐδεὶς
568 2600 849 2663 ἐκοπίασε,
878 2600 932 2653 τί
962 2602 1067 2671 χρὴ
1126 2600 1223 2653 καὶ
1276 2599 1498 2669 λέγειν;
1550 2598 1785 2669 Εὔδηλον
1818 2599 1925 2668 γὰρ

2028 2605 2193 2645 nemo
2250 2601 2431 2646 tamen
2477 2593 2647 2657 alium
2699 2607 3031 2662 quemquam
3083 2592 3394 2661 apostolum
3443 2605 3611 2659 supra

349 2691 602 2745 ιντεῦθεν
626 2693 699 2755 ὡς
722 2693 823 2746 οὐκ
857 2691 1004 2747 ἐστιν
1028 2692 1192 2747 αὐτοῦ
1216 2691 1415 2763 μείζων
1437 2691 1633 2755 οὐδείς.
1666 2693 1776 2747 Καὶ
1804 2691 1925 2762 περὶ

2033 2683 2263 2738 Paulum
2300 2683 2614 2750 collocabit,
2658 2694 2719 2737 ut
2765 2682 3007 2739 Joannes
3052 2685 3145 2738 ille
3187 2682 3613 2755 Chrysostomus

352 2785 457 2854 μὲν
484 2784 692 2841 τούτων
729 2784 923 2848 οὕτως.

2042 2782 2136 2837 ait.
2173 2783 2389 2851 Quippe
2416 2784 2460 2838 si
2487 2800 2587 2853 pro
2615 2783 2821 2839 laboris
2850 2786 2935 2839 sui
2967 2785 3180 2839 ratione
3207 2798 3420 2839 merces
3444 2783 3609 2837 etiam

352 2876 652 2946 unicuique
700 2877 1001 2943 tribuetur,
1056 2887 1113 2934 et
1162 2876 1206 2933 si
1262 2878 1449 2932 nullus
1505 2876 1725 2932 illorum
1792 2876 1920 2946 plus
1992 2876 2167 2931 Paulo
2240 2875 2535 2939 laboravit,
2578 2877 2735 2946 quid,
2778 2876 3034 2943 obsecro,
3074 2874 3609 2933 disceudum?Per-

348 2976 603 3045 spiceum
639 2976 771 3051 hinc
837 2976 1083 3047 profecto
1127 2985 1213 3034 est
1262 2978 1540 3031 neminem
1588 2991 1657 3031 eo
1721 2975 1986 3043 majorem
2025 2988 2169 3030 esse.
2197 2975 2273 3029 De
2310 2974 2397 3028 his
2428 2973 2719 3029 hactenus.
3354 3034 3379 3041 κ

430 3069 490 3123 Ὀ
521 3069 578 3121 δὲ
635 3068 836 3139 Κύριος
886 3069 1043 3139 ἡμῶν
1109 3068 1319 3141 Ἰησοῦς
1375 3069 1613 3140 Χριστὸς
1672 3068 1813 3139 μετὰ
1861 3069 1920 3122 τὸ

2096 3068 2362 3123 Dominus
2383 3076 2566 3122 autem
2592 3078 2781 3124 noster
2800 3068 2962 3124 Iesus
2979 3066 3234 3124 Christus
3252 3075 3609 3137 posteaquam

353 3156 721 3229 βαπτισθῆναι
764 3164 859 3216 καὶ
910 3160 1006 3214 τοῦ
1041 3160 1504 3232 θαυματουργεῖν,
1547 3161 1623 3225 ὡς
1666 3162 1925 3233 προείρηε

2029 3162 2337 3233 baptizatus
2392 3171 2577 3227 esset,
2623 3172 2739 3217 tum
2780 3150 3060 3219 'miracula
3120 3164 3370 3233 quatdam
3419 3160 3608 3224 edere,

350 3273 462 3318 ται,
495 3253 590 3307 καὶ
629 3253 722 3306 τοῦ
764 3253 1039 3307 διδάσκειν
1099 3253 1437 3326 ἀπάρχεται,
1480 3254 1565 3322 ἐφ’
1596 3246 1640 3322 ᾧ
1674 3254 1770 3307 καὶ
1799 3252 1925 3306 λαὸν

2028 3270 2126 3310 ceu
2157 3254 2310 3324 prius
2342 3254 2745 3319 iudicabamus,
2782 3257 2969 3325 coepit,
3032 3264 3145 3311 tum
3198 3251 3433 3308 docendi
3482 3251 3614 3306 [εοί

351 3349 454 3401 οὐκ
475 3347 654 3414 ὀλίγον
682 3346 996 3414 ἐφέλκεται.
1030 3345 1220 3419 Ταύτῃ
1252 3363 1337 3398 τοι
1376 3346 1471 3399 καὶ
1511 3345 1804 3415 φθονοῦσιν
1835 3345 1925 3397 αὐ-

2029 3343 2272 3397 initium.
2312 3344 2433 3411 Quo
2467 3344 2671 3399 factum
2704 3352 2765 3399 ut
2808 3346 3072 3416 populum
3123 3345 3189 3399 ad
3222 3359 3280 3399 se
3328 3358 3435 3396 non
3481 3342 3603 3395 exi-

350 3436 432 3506 τῷ
477 3438 524 3490 οἱ
571 3438 847 3508 ἀρχιερεῖς
894 3437 987 3489 καὶ
1036 3437 1086 3489 οἱ
1134 3438 1527 3506 γραμματεῖς·
1582 3437 1705 3490 ὅθεν
1738 3435 1925 3507 ὕϐρεσι

2028 3451 2195 3506 guum
2230 3435 2599 3505 pertraheret,
2633 3452 2799 3507 quam
2834 3451 2948 3490 rem
2996 3436 3319 3506 pontiﬁcum
3368 3443 3424 3488 et
3473 3432 3613 3486 serio

359 3529 623 3583 πλύνουσι
660 3530 756 3582 καὶ
780 3528 1005 3599 μώμους
1034 3528 1182 3599 αὐτῷ
1213 3529 1721 3599 προσεπιτρίσουσι,
1745 3529 1925 3599 Σαμα-

2031 3528 2226 3583 barum
2269 3527 2477 3581 invidia
2507 3540 2695 3583 secuta
2734 3535 2835 3583 est.
2870 3527 3009 3583 Hinc
3055 3527 3382 3598 injuriarum
3426 3539 3613 3593 asper-

358 3620 547 3690 ρείτην
576 3617 989 3682 ἀποκαλοῦντες
1021 3620 1117 3672 καὶ
1140 3617 1485 3688 δαιμονῶντα
1528 3617 1703 3693 φάγον
1738 3634 1796 3671 τε
1834 3618 1925 3671 καὶ

2031 3618 2216 3672 siones
2256 3626 2312 3673 et
2367 3618 2861 3688 reprehensionum
2917 3618 3329 3696 usurpationes,
3403 3615 3609 3684 quibus

354 3711 643 3780 οἰνοπότην
687 3712 872 3767 αὐτόν.
921 3712 1085 3765 Ἀλλὰ
1141 3713 1236 3765 καὶ
1287 3711 1463 3774 λίθοις
1498 3710 1794 3781 βάλλουσι,
1836 3710 1925 3764 καλ

2032 3724 2157 3765 eum
2182 3709 2554 3779 exagitabant,
2574 3697 2984 3765 Samaritanum
3009 3710 3352 3780 appellantes
3372 3716 3428 3761 et
3453 3706 3615 3775 genio

358 3805 563 3874 μᾶλλον
591 3804 756 3874 ἡνίκα
790 3805 1167 3875 τετραήμερον
1207 3806 1397 3875 ἤγειρε
1444 3806 1537 3858 τὸν
1585 3804 1838 3874 Λάζαρον
1870 3805 1925 3858 ἐκ

2034 3802 2178 3855 malo
2210 3801 2514 3855 obnoxium
2570 3810 2626 3856 et
2680 3802 3040 3857 comedonem
3100 3810 3157 3857 et
3222 3799 3613 3855 temulentum.

357 3894 593 3965 νεκρῶν.
647 3894 844 3947 Οδκέτι
896 3895 1085 3948 λοιπὸν
1139 3895 1428 3964 παρρησίᾳ
1488 3894 1816 3963 περιεπάτει
1876 3894 1925 3946 ὲν

2033 3892 2176 3959 Quin
2226 3892 2391 3947 etiam
2446 3892 2720 3961 lapidibus
2769 3894 2947 3961 ipsum
3004 3893 3313 3961 petebant,
3378 3905 3443 3944 ac
3497 3900 3614 3943 tum

354 3989 474 4047 τοῖς
524 3985 827 4051 Ἰουδαίοις,
865 3983 985 4038 ἀλλ’
1011 3985 1256 4054 ἀπῆλθεν
1300 3986 1382 4048 είς
1423 3983 1523 4056 τὴν
1550 3985 1736 4056 χώραν
1768 3986 1925 4053 ἐγγὺς

2034 3984 2339 4054 praesertim
2382 3999 2507 4038 cum
2557 3983 2822 4038 Lazarum
2870 3992 2983 4038 toto
3030 3983 3215 4038 triduo
3245 3991 3521 4045 mortuum
3558 3980 3613 4033 in

356 4077 456 4143 τῆς
490 4075 698 4144 ἐρήμου
746 4076 825 4138 είς
885 4074 1129 4146 Ἐφραῒμ
1185 4074 1505 4145 λεγομένην
1550 4077 1731 4139 πόλιν,
1774 4075 1925 4128 κάκεῖ

2034 4076 2202 4131 vitam
2232 4083 2571 4131 revocasset.
2622 4075 2806 4141 Quare
2853 4090 2963 4129 non
3010 4074 3120 4143 jam
3174 4071 3413 4141 amplius
3448 4071 3618 4125 auda-

357 4163 609 4234 διέτρισε
676 4164 817 4232 μετὰ
878 4165 987 4218 ⁸τῶν
1054 4165 1313 4237 μαθητῶν
1344 4165 1531 4233 αὐτοῦ,
1566 4165 1641 4231 ὡς
1681 4167 1925 4235 Ἰωάννης

2036 4178 2156 4223 cter
2193 4168 2337 4223 inter
2361 4166 2584 4223 Iudaeos
2618 4166 2969 4229 versabatur,
3000 4164 3187 4221 sed‘iu
3214 4163 3455 4219 vicinam
3486 4162 3618 4217 soli-

361 4253 518 4323 φησί.
561 4252 698 4307 Μεθ’
749 4254 970 4324 ἡμέρας
1012 4253 1069 4307 δὲ
1126 4271 1282 4319 τινας
1318 4255 1532 4308 ἐκεῖθεν
1560 4255 1805 4326 ἔρχεται,
1842 4255 1925 4308 καί

2038 4260 2215 4316 tudini
2264 4240 2564 4330 regionem,
2596 4259 2689 4314 ubi
2716 4260 2979 4329 oppidum
3012 4269 3133 4313 erat
3177 4273 3340 4328 quam
3372 4256 3619 4327 prrae-

361 4346 503 4414 μετὰ
562 4343 730 4413 βατων
788 4347 1248 4414 προσυπαντῶσιν
1298 4347 1449 4417 αὐτῷ
1504 4348 1598 4400 τοῦ
1647 4349 1789 4402 κατὰ
1845 4346 1925 4400 τοι

2039 4358 2182 4406 mam
2224 4352 2504 4416 dicebant,
2534 4350 2850 4413 sccedebat,
2914 4351 3103 4420 ibique
3151 4365 3278 4405 eum
3330 4349 3620 4418 discipulis

356 4413 611 4505 Λάζαρον
669 4413 838 4489 ἕνεκα
886 4438 1188 4507 θαύματος.
1244 4440 1334 4493 Ἑν
1388 4413 1445 4492 δέ
1498 4456 1562 4507 γε
1608 4443 1673 4511 τῇ
1723 4439 1925 4512 μεγάλε

2040 4444 2157 4498 suis
2179 4442 2523 4512 aliquandiu,
2555 4457 2654 4496 ceu
2687 4440 2929 4496 Joannes
2977 4442 3253 4496 memoria:
3283 4440 3528 4511 prodidit
3549 4441 3616 4503 δ’,

355 4528 583 4600 τετράδι
616 4529 771 4599 παρὰ
802 4528 1005 4600 Σίμωνι
1042 4533 1293 4586 ὲστιᾶται
1323 4533 1401 4602 τῷ
1430 4533 1601 4603 πατρὶ
1631 4534 1724 4586 τοῦ
1751 4533 1925 4598 Λαζά-

2040 4534 2296 4604 degebat.
2351 4532 2480 4587 Post
2533 4532 2745 4602 aliquot
2793 4532 2913 4588 dies
2963 4532 3263 4587 revertenti
3314 4531 3618 4602 palmarum

359 4638 459 4691 ρου
495 4620 630 4690 (56).
665 4619 725 4673 δν
750 4622 913 4684 αὐτὸς
944 4622 1045 4691 τῆς
1078 4623 1287 4694 λέπρας
1320 4625 1531 4681 ἰάσατο.
1564 4626 1697 4678 Τότε
1725 4626 1789 4695 δὴ
1815 4627 1925 4678 τότε

2040 4643 2164 4683 eum
2197 4626 2363 4680 ramis
2393 4633 2712 4691 occurrunt,
2739 4626 2858 4696 ejus
2896 4625 3145 4680 miraculi
3170 4639 3333 4680 causa
3361 4622 3508 4693 quod
3563 4623 3619 4677 in

359 4715 393 4781 ἡ
426 4713 566 4784 γυνὴ
612 4714 786 4785 πόρνη
837 4718 904 4788 τῇ
948 4718 1159 4787 κεφαλῇ
1191 4717 1360 4770 αὐτοῦ
1400 4718 1572 4789 μύρον
1599 4720 1806 4790 ἔπιχέει
1842 4736 1925 4772 πο·

2040 4716 2419 4773 resuscitando
2467 4717 2681 4772 Lazaro
2746 4717 3021 4773 ediderat.
3074 4715 3205 4771 Inde
3271 4731 3462 4786 magna
3528 4714 3624 4769 illa

357 4805 605 4873 λύτιμον.
644 4805 788 4876 Ὅρα
823 4806 878 4859 δὲ
913 4808 1182 4879 νουνεχῶς
1210 4809 1308 4880 εὸτι
1357 4810 1415 4863 αἱ
1469 4813 1729 4878 γυναῖκες
1768 4813 1823 4864 αἱ
1875 4811 1925 4865 τὲ

2039 4820 2234 4881 quarta
2272 4810 2405 4864 feria
2440 4810 2582 4880 apud
2626 4808 2909 4865 Simonem
2948 4808 3144 4864 Lazari
3197 4817 3431 4879 patrem,
3463 4806 3623 4876 cujus

364 4896 540 4963 μύρον
575 4897 868 4968 άλείψασαι
921 4900 1012 4954 τὸν
1056 4900 1265 4973 Κύριον
1303 4905 1450 4973 τρεῖς
1479 4905 1533 4957 αί
1573 4903 1748 4957 πᾶσαί
1778 4906 1925 4956 εἰσιν

2042 4904 2252 4973 lepram
2302 4909 2611 4967 sanaverat,
2693 4901 2952 4957 convivio
3009 4901 3320 4972 excipitur;
3383 4916 3493 4971 quo
3565 4899 3624 4956 in

364 4987 539 5055 -Αλλη
578 4988 677 5056 μὲν
722 4991 833 5061 γάρ
865 4991 1012 5043 ἐστιν
1043 4993 1075 5061 ὴ
1109 4996 1261 5063 παρὰ
1292 4993 1369 5064 τῷ
1415 4995 1660 5067 Ἰωάννῃ·
1693 4996 1853 5064 τιμία
1883 4995 1925 5048 δὲ

2043 4994 2296 5049 convivio
2344 4994 2545 5048 mulier
2591 4992 2866 5062 quaedam,
2917 5008 3042 5063 qua:
3095 5008 3328 5064 corpore
3374 5008 3479 5049 suo
3508 5007 3623 5047 me-

360 5076 529 5148 αῦτη,
555 5081 649 5132 καὶ
679 5083 712 5152 ἡ
753 5081 959 5153 ἀδελφὴ
994 5084 1091 5138 τοῦ
1122 5085 1398 5155 Λαζάρου.
1435 5086 1608 5155 ’Ἄλλη
1632 5086 1687 5138 δὲ
1727 5087 1760 5155 ἡ
1792 5087 1925 5156 παρέ

2047 5086 2272 5150 rui~set,
2316 5094 2601 5155 unguento
2632 5085 2853 5139 maximi
2891 5086 3056 5156 pretii
3116 5094 3282 5156 caput
3330 5087 3450 5159 ejus
3495 5101 3623 5157 per-

362 5168 466 5236 τῆς
516 5171 696 5235 οἰκίας
751 5173 997 5242 Σίμωνος
1052 5174 1147 5228 τοῦ
1198 5176 1438 5247 λεπροῦ·
1477 5177 1653 5248 πόρνη
1695 5178 1751 5231 δὲ
1798 5177 1925 5231 αῦττ

2047 5176 2245 5229 fundit.
2295 5176 2473 5245 Atque
2521 5176 2610 5231 hic
2643 5176 2949 5245 prudenter
2989 5177 3265 5234 advertite
3300 5178 3449 5248 quod
3498 5192 3623 5231 mu-

365 5261 744 5330 προσελθοῦσα
795 5263 875 5335 τῷ
918 5267 1139 5337 Χριστῷ
1165 5307 1179 5333 ,
1215 5268 1400 5333 καθὼς
1429 5271 1456 5323 ὁ
1488 5268 1768 5333 Ματθαῖος
1798 5271 1925 5322 ίστο

2046 5269 2214 5325 lieres
2247 5284 2367 5340 quae
2394 5269 2678 5326 Christum
2708 5279 2989 5343 unguento
3021 5272 3370 5343 perfuderint
3392 5270 3624 5328 omnino

434 5400 479 5429 "
510 5400 635 5455 Act.
670 5417 711 5467 ι,
738 5402 833 5458 26.
906 5405 953 5436 ⁵⁸
984 5404 1146 5460 Joan.
1177 5422 1254 5475 ιι,
1291 5409 1381 5465 54.

436 5519 549 5598 (δίξ)
586 5518 864 5598 Simonem
887 5522 1186 5598 Leprosum
1238 5537 1448 5596 patrem
1482 5528 1648 5583 fuisse
1719 5528 1928 5592 Lazari,
2054 5536 2217 5582 luunt
2261 5526 2539 5591 mulieres,
2589 5544 2711 5598 quae
2767 5529 3055 5598 Dominum
3098 5519 3464 5598 intime-rint:
3509 5519 3605 5571 scil

364 5597 422 5669 et
456 5605 489 5667 ει
507 5590 655 5657 lepra
683 5592 851 5647 fuisse
875 5608 904 5645 a
929 5590 1147 5669 Christo
1170 5590 1420 5669 sanatum
1479 5598 1678 5669 Glycas
1710 5590 1929 5662 asserit,
2042 5602 2155 5654 haec
2175 5616 2239 5653 ae
2265 5598 2465 5653 similia
2494 5590 2715 5654 lirm'are
2739 5607 2832 5654 aut
2856 5596 3106 5653 refellere
3130 5591 3385 5666 pluribus
3410 5600 3619 5646 nonest

366 5667 426 5740 et
479 5664 533 5715 in
562 5674 751 5740 eorum
813 5664 1116 5721 concedere
1181 5667 1395 5721 videtur
1432 5664 1770 5740 opinionem,
1834 5673 1925 5737 qui
2038 5670 2274 5727 animus.

370 5735 485 5785 tres
513 5735 757 5799 omnino,
789 5747 990 5803 easque
1034 5752 1061 5788 a
1115 5754 1170 5791 se
1207 5740 1433 5793 invicem
1459 5735 1759 5812 .‘diversas,
1814 5735 1925 5795 sta-

1056 5843 1113 5853 -
1956 5846 1959 5849 ί
2110 5832 2119 5841 .
2900 5846 2991 5855 ~04-

2432 5866 2523 5873 ..ι-.-
