4110 6194
482 252 581 309 407

483 451 720 505 Joannes
775 446 941 517 recita
985 457 1185 511 mulier
1228 468 1380 514 certe
1433 464 1692 531 prwclara
1756 466 2060 538 Lazarique

484 554 660 591 soror.
696 540 879 594 Altera
904 557 1055 604 vero,
1083 561 1204 613 qua!
1228 561 1354 601 cum
1386 558 1545 603 antea
1569 567 1627 606 se
1661 557 2057 623 prostituissct,

486 629 537 678 in
572 629 733 683 domo
767 632 1004 687 Simonis
1033 636 1234 704 leprosi
1264 639 1331 693 ad
1380 640 1661 697 Christum
1698 647 1953 711 accessit,
1995 659 2057 702 ut

484 716 764 774 Matthzeus
823 735 1029 777 narrat.
1084 726 1269 783 Tertia
1329 746 1462 785 vero
1509 742 1565 788 et
1619 734 1735 804 ipsa
1798 739 2056 793 meretrix

1748 263 2174 327 MICIIAELIS
2206 268 2467 331 GLYC/E

486 369 596 412 ires
628 361 853 414 fuerint.
887 364 1090 419 Ilarnm
1127 382 1232 420 una
1269 377 1384 421 erat
1418 367 1506 423 illa
1536 370 1692 441 cujus
1725 377 2059 430 mentionem

2167 384 2270 449 ρεῖ.
2311 384 2418 435 Καὶ
2472 384 2640 454 ἑτέρα
2686 387 2862 458 πόρνη
2907 389 3091 454 πάλιν,
3128 392 3202 454 ὥς
3243 411 3407 463 φησιν
3442 395 3468 446 6
3506 397 3747 463 Λουκᾶς.

3636 284 3744 348 408

2170 475 2201 538 ὴ
2248 475 2631 543 προσελθοῦσα
2685 481 2835 549 παρὰ
2874 485 2940 551 τῇ
2975 483 3134 554 ὀἰκία
3179 484 3417 551 Σίμωνος
3448 487 3542 539 τοῦ
3578 490 3745 558 Φαρι-

2170 565 2349 630 σαίου,
2389 568 2492 621 τοῦ
2539 572 2633 624 καὶ
2682 574 3167 637 σκανδαλισθέντος
3194 576 3282 629 ἐπ’
3306 578 3456 647 αὑτῷ
3493 580 3571 649 τῷ
3608 582 3745 650 Χρι-

2168 654 2281 723 στῷ
2312 657 2418 709 καὶ
2447 658 2623 723 οὕτως
2656 663 2905 727 είπόντος
2928 682 2942 697 ο
2993 684 3012 718 ι
3060 668 3122 719 Et
3160 669 3443 737 προφήτης
3475 667 3564 741 ἦν,
3584 672 3745 739 εέγνω

2164 744 2232 796 ἂν
2269 745 2441 801 ὁποία
2481 751 2567 814 τίς
2596 754 2749 806 ἐστιν
2783 756 2816 823 ἡ
2849 756 3104 827 ἁψαμένη
3133 760 3322 813 αὑτοῦ.
3369 778 3390 814 ι

481 821 618 871 erat,
658 820 718 863 ut
755 811 931 868 Lucas
962 816 1254 885 indicat“,
1284 837 1405 890 quze
1442 824 1723 881 Christum
1786 827 1841 882 in
1905 832 2113 887 aedibus
2154 835 2404 915 Simonis
2449 843 2708 899 Pharisaei
2760 850 3040 913 convenit,
3094 851 3289 907 offensi
3335 868 3399 908 ea
3440 853 3502 907 dr
3554 869 3743 916 causa,

481 918 776 973 secumque
809 909 981 965 verba
1033 911 1346 984 huiusmodi
1394 919 1661 988 prolocuti
1696 940 1708 976 :
1754 941 1771 975 ι
1804 923 1863 978 Si
1898 934 2049 982 vates

480 1002 813 1056 altrectavit.
865 1023 882 1053 ι

553 1091 677 1145 Scio
713 1110 957 1166 quoque,
995 1101 1195 1159 dilecte
1247 1105 1346 1172 ﬁli,
1395 1111 1660 1178 quosdam
1711 1117 2057 1173 contentiose

482 1186 795 1254 disceptare
844 1207 909 1246 ac
958 1210 1204 1252 asserere
1252 1204 1787 1262 transformationem
1844 1209 2059 1265 Domini

490 1278 661 1331 nostri
695 1278 821 1333 Jesu
858 1284 1062 1340 Christi
1104 1304 1298 1359 magna
1340 1294 1430 1348 illa
1459 1309 1653 1364 quarta
1696 1298 1829 1353 feria
1857 1300 2058 1359 factam

487 1382 607 1420 esse
642 1386 656 1422 :
688 1386 877 1426 verum
909 1391 972 1430 ea
1016 1381 1291 1449 ratiogua
1350 1396 1627 1453 nituntur,
1661 1389 1793 1443 mihi
1834 1393 2063 1461 quidem

488 1458 705 1514 videtur
734 1478 930 1530 parum
958 1468 1118 1538 215
1142 1486 1261 1527 esse
1291 1475 1611 1540 probabilis.
1644 1479 1777 1533 Nam
1832 1458 1884 1535 si
1929 1498 2065 1552 pro-

486 1552 688 1618 digium
719 1557 939 1622 quidem
978 1560 1122 1614 istud
1152 1562 1205 1616 in
1234 1575 1419 1620 monte
1451 1567 1704 1625 Tliahore
1745 1572 1971 1635 accidit,
2008 1586 2083 1631 at.

486 1656 615 1707 vero
676 1644 940 1703 Dominus
1013 1651 1406 1727 Hierosolymis
1473 1659 1562 1714 die
1634 1677 1841 1733 magna:
1906 1665 2061 1724 illius

483 1745 693 1801 quartae
740 1736 890 1794 feria:
933 1743 989 1798 in
1042 1743 1282 1801 Simonis
1344 1750 1546 1819 leprosi
1606 1754 1770 1810 domo
1822 1761 2057 1814 conviva

2088 929 2179 984 hic
2220 933 2384 1002 foret,
2422 938 2775 1008 cognovisset
2833 957 3086 1012 quaenam
3153 946 3269 1002 haec
3294 948 3384 1014 sit,
3409 963 3533 1018 qua:
3566 949 3743 1019 ipsum

2247 1118 2377 1177 Οἶδα
2414 1125 2504 1190 δὲ,
2561 1129 2835 1199 ἀγαπητὲ,
2898 1133 2981 1186 ὄτι
3031 1134 3123 1186 καὶ
3169 1134 3268 1205 τὴν
3318 1135 3744 1208 μεταμόρφωσιν

2173 1215 2269 1268 τοῦ
2332 1218 2540 1287 Κυρίου
2590 1221 2749 1289 ήμῶν
2795 1222 2968 1292 Ἰησοῦ
3027 1225 3263 1295 Χριστοῦ
3292 1229 3617 1301 τῇομεγάλῃ
3655 1249 3744 1285 τε·

2173 1306 2331 1375 τράδι
2360 1309 2619 1374 γενέσθαι
2667 1312 2811 1374 τινὲς
2857 1314 3261 1383 άπομάχονται.
3311 1317 3456 1388 Πλὴν
3504 1323 3532 1372 6
3584 1321 3743 1390 λόγος

2175 1398 2374 1462 αὐτῶν,
2406 1400 2480 1462 ὡς
2511 1400 2701 1471 ἔμοιγε
2737 1403 2904 1470 δοκεῖ,
2954 1406 3048 1457 καὶ
3097 1405 3219 1460 λίαν
3262 1409 3412 1461 ἐστὶν
3441 1410 3734 1465 ἀναπόδει-

2171 1493 2408 1552 κτος.Εἰ
2439 1493 2548 1561 γάρ
2599 1494 2659 1546 τὸ
2700 1494 2886 1565 θαῦμα
2936 1496 3096 1550 τοῦτο
3146 1499 3289 1552 κατὰ
3338 1501 3400 1553 τὸ
3454 1501 3740 1570 Θαὸὠριον

2170 1580 2294 1649 ὅρος
2337 1582 2575 1649 ἐγένετο,
2614 1586 2672 1638 ἐν
2722 1586 3123 1657 Ἰεροσολύμοις
3180 1590 3236 1642 δὲ
3274 1593 3300 1644 6
3353 1591 3559 1662 Κύριος
3592 1597 3735 1648 κατά

2169 1686 2233 1737 γε
2280 1672 2379 1742 τὴν
2416 1674 2661 1745 μεγάλην
2703 1678 2936 1747 τετράδα
2974 1679 3124 1749 παρὰ
3176 1683 3242 1749 τῇ
3286 1680 3437 1751 οἰκίᾳ
3488 1684 3735 1752 Σίμωνος

2165 1761 2261 1814 τοῦ
2296 1764 2498 1833 λεπροῦ
2548 1767 2879 1837 ἑστιώμενος
2934 1766 3021 1840 ἦν,
3055 1771 3301 1839 φαίνεται
3334 1775 3628 1844 προφανῶς
3656 1776 3734 1839 ὡς

484 1835 624 1890 erat,
662 1832 954 1887 manifesto
1002 1847 1150 1904 patet
1186 1841 1509 1897 miraculum
1554 1845 1658 1901 hoc
1695 1850 2053 1905 transforma-

2164 1854 2378 1927 évﬁlln
2404 1832 2631 1924 γέγονεν
2656 1832 2841 1929 ἡμέρᾳ
2861 1861 2922 1914 τὸ
2954 1832 3565 1933 τῆς-μεταμορφωσεως
3594 1832 3730 1921 θαῦξ

488 1918 652 1973 tionis
681 1938 789 1977 non
840 1925 943 1979 ista
987 1939 1177 1997 quarta
1206 1932 1361 1999 feria,
1412 1936 1508 1990 sed
1543 1938 1650 1992 alio
1680 1939 1767 1994 die
1816 1945 2057 2011 quodam

485 2012 802 2081 contigisse.
833 2018 1049 2089 Quippe
1080 2039 1203 2078 cum
1240 2043 1393 2083 mons
1426 2029 1646 2087 Thabor
1684 2034 1753 2087 ab
1798 2034 2064 2109 Hieroso-

487 2101 650 2171 lymis
695 2108 985 2166 intervallo
1013 2114 1182 2169 duum
1228 2118 1442 2174 dierum
1496 2124 1659 2188 absit,
1694 2141 1803 2193 quo
1840 2103 2060 2185 tandem

493 2204 650 2261 pacto
697 2198 884 2255 dicent
943 2221 1053 2259 uno
1091 2210 1400 2280 eodemque
1451 2214 1540 2269 die
1593 2215 1876 2273 Christum
1922 2224 2059 2277 etin

493 2296 678 2342 monte
738 2289 988 2349 Thahore
1044 2301 1247 2365 pariter
1300 2312 1356 2357 et
1415 2304 1805 2378 Hierosolymis
1859 2312 2063 2370 fuisse?

491 2374 711 2432 Poterat
761 2382 853 2436 ille
903 2386 1127 2454 quidem
1159 2406 1260 2447 ceu
1315 2392 1459 2449 Deus
1508 2374 1834 2458 eﬂicere'ut
1863 2406 2060 2462 eodem

489 2477 732 2537 tempore
768 2484 873 2527 tam
906 2478 1184 2549 hicdquam
1218 2486 1333 2541 illic
1362 2491 1733 2559 reperiretur;
1771 2510 1961 2553 verum
1993 2517 2060 2556 ne

488 2558 538 2611 id
572 2576 671 2628 pro
706 2579 762 2618 re
798 2569 1034 2636 quadam
1070 2574 1390 2644 imaginaria
1426 2558 1744 2651 duceretur,
1775 2600 1904 2645 ante
1933 2609 2058 2661 pas-

486 2651 697 2708 sionem
731 2661 837 2717 tale
874 2663 1007 2730 quid
1052 2665 1231 2723 facere
1263 2672 1462 2728 noluit.
1495 2676 1841 2750 Quapropter
1864 2651 2059 2754 etiam,

488 2757 588 2814 pro
638 2753 915 2806 communi
967 2770 1262 2826 corporum
1330 2773 1563 2833 natura,
1624 2770 1873 2831 localiter
1931 2753 2062 2835 hinc

489 2831 619 2888 inde
663 2839 1135 2904 proﬁciscebatur.

560 2924 875 2987 Secundum
934 2936 1054 2993 hmc
1088 2940 1227 2998 duos
1273 2961 1339 3000 ex
1388 2948 1677 3022 discipulis
1725 2956 1795 3011 ad
1845 2969 2059 3016 certum

472 3022 778 3084 quemdam
838 3025 1119 3088 hominem
1174 3037 1414 3108 ablegat,
1480 3045 1573 3112 qui
1630 3049 1831 3116 pascha
1886 3052 2059 3123 legale

487 3123 841 3180 appararent,
869 3122 1014 3189 quod
1044 3125 1264 3193 quidem
1299 3142 1427 3186 ante
1452 3136 1761 3207 passionem
1796 3145 2053 3210 comedit,

489 3200 605 3299 ipsa
642 3220 850 3277 magnae
876 3213 1082 3281 quinta:
1120 3218 1271 3275 feriae
1303 3239 1550 3293 vespera,
1594 3232 2057 3299 quemadmodum

486 3289 724 3349 Joannes
772 3298 1200 3371 Chrysostomus
1256 3311 1457 3381 inquit.
1515 3317 1723 3375 Deinde
1785 3329 2062 3384 accubans

495 3669 649 3710 meus
702 3670 785 3716 est
834 3669 1059 3736 sanguis
1082 3671 1147 3725 "°.
1181 3692 1200 3725 ι
1233 3674 1299 3728 Ει
1322 3676 1544 3745 quidem
1595 3690 1723 3737 ante
1759 3686 2062 3758 discipulos

493 3748 610 3819 ipse
663 3758 952 3823 proprium
999 3776 1199 3833 corpus
1246 3776 1411 3838 atque
1465 3775 1792 3842 sanguinem
1838 3782 2064 3848 partici-

494 3843 662 3908 pavit.
692 3845 1059 3911 Quamobrem
1095 3857 1279 3913 istuc?
1320 3860 1396 3915 Ne
1448 3866 1663 3921 scilicet
1710 3885 1930 3926 rursum
1982 3875 2064 3930 di-

488 3951 515 3987 s
554 3937 685 4005 ipuli
730 3946 1213 4018 perturbarentur,
1245 3957 1709 4022 quemadmodum
1759 3973 1886 4019 ante
1919 3968 2067 4022 acci-

490 4032 691 4102 derat,
746 4052 870 4093 cum
944 4040 1225 4101 Christum
1296 4048 1569 4105 dicentem
1637 4055 1979 4114 audivissent
2047 4079 2060 4114 :

493 4143 513 4175 ι
548 4126 661 4181 Nisi
713 4132 1064 4191 comederitis
1114 4153 1333 4196 carnem
1385 4142 1506 4197 Filii
1538 4145 1804 4215 hominis,
1833 4159 1890 4204 et
1934 4167 2066 4207 san-

489 4217 711 4283 guinem
768 4223 887 4291 ejus
940 4225 1238 4297 hiberitis,
1308 4233 1478 4288 vitam
1531 4236 1586 4289 in
1643 4238 1801 4294 vobis
1857 4241 2061 4296 nullam

494 4309 704 4364 habetis
730 4313 802 4367 “.
839 4333 858 4366 ι
901 4315 1021 4381 Quo
1051 4321 1275 4389 quidem
1310 4332 1555 4395 tempore
1603 4328 1671 4382 ah
1704 4344 1769 4384 eo
1798 4332 2063 4387 receden-

494 4408 575 4453 ti-s
632 4419 741 4457 non
801 4409 1037 4477 amplius
1099 4428 1222 4468 cum
1284 4415 1402 4485 ipso
1463 4420 1861 4487 ambulabant,
1915 4425 2061 4493 quod

2167 1962 2266 2013 μα,
2303 1949 2397 1999 καὶ
2449 1950 2509 2001 οὐ
2552 1951 2693 2003 κατὰ
2746 1952 2847 2017 τὴν
2902 1954 3137 2023 τετράδα
3181 1957 3398 2018 πάντως
3431 1958 3626 2028 αὐτήν.
3672 1960 3734 2011 Et

2162 2042 2271 2109 γὰρ
2307 2042 2695 2111 άνὰμέσον.τοῧ
2729 2060 2788 2095 τε
2828 2044 3026 2114 Θαϐὼρ
3064 2046 3155 2098 καὶ
3190 2034 3297 2101 τῶν
3340 2048 3732 2119 Ἰεροσολύμων

2163 2130 2295 2182 ὡσεὶ
2321 2131 2415 2184 δύο
2449 2132 2673 2202 ἡμερῶν
2707 2133 2941 2204 ὑπάρχει
2970 2136 3029 2188 τὸ
3054 2136 3355 2204 διάστημα,
3391 2140 3509 2201 πῶς
3542 2141 3730 2194 λοιπὸν

2163 2222 2222 2279 ὲν
2250 2222 2345 2291 μιᾷ
2371 2212 2555 2292 ἡμέρᾳ
2583 2225 2649 2292 τῇ
2670 2224 2810 2293 αὑτῇ
2849 2225 3103 2291 λέγουσιν
3138 2228 3194 2279 ἕν
3226 2245 3281 2281 τε
3326 2228 3527 2300 Θαῦὼρ
3559 2233 3722 2301 εὑρε-

2164 2314 2323 2382 θῆναι
2354 2314 2448 2367 καὶ
2480 2317 2536 2367 ἐν
2574 2316 2970 2387 Ἰεροσολύμοις
3012 2319 3102 2371 τὸν
3151 2320 3387 2388 Χριστόν
3423 2340 3437 2387 ;
3467 2322 3731 2377 Ἥδὺνατο

2166 2406 2266 2475 μὲν
2309 2401 2402 2459 οὖν
2439 2406 2515 2468 ὡς
2544 2406 2678 2469 Θεὸς
2739 2401 2840 2461 ὧδε
2895 2410 3118 2462 κάκεῖσε
3155 2411 3276 2463 κατ’
3315 2411 3475 2465 αὑτὸν
3501 2414 3730 2484 εὑρεθῆ-

2161 2514 2270 2562 ναι,
2298 2497 2411 2550 ἀλλ’
2443 2499 2528 2552 ἵνα
2562 2499 2637 2569 μὴ
2689 2500 2959 2568 φαντασία
3016 2502 3300 2573 νομισθείη
3364 2504 3425 2556 τ’)
3475 2506 3731 2574 πρᾶγμα,

2162 2590 2269 2660 πρὸ
2302 2590 2398 2644 τοῦ
2433 2591 2639 2654 πάθους
2676 2592 2833 2645 τοῦτο
2874 2592 3103 2661 ποιῆσαι
3148 2594 3248 2647 οὑκ
3282 2594 3495 2664 ἢθελεν.
3537 2596 3732 2649 Ἔνθεν

2159 2699 2242 2735 τοι
2278 2682 2541 2736 καὶκατὰ
2590 2683 2689 2754 τὴν
2743 2685 2928 2750 κοινὴν
2983 2685 3092 2737 τῶν
3142 2685 3411 2751 σωμάτων
3446 2686 3607 2756 φύσιν
3636 2690 3733 2753 τὰς

2160 2775 2389 2838 τοπικὰς
2419 2762 2580 2828 αὑτοῦ
2620 2776 2948 2845 μεταϐάσεις
2977 2776 3295 2846 ποιούμενος
3324 2774 3413 2850 ἦν.

2229 2952 2386 3007 Μετὰ
2440 2953 2496 3006 δὲ
2552 2952 2725 3006 ταῦτα
2780 2934 3035 3007 δύοητῶν
3094 2954 3355 3025 μαθητῶν
3411 2954 3735 3008 ἀποστέλλει

2163 3047 2300 3117 πρὸς
2329 3048 2421 3101 τὸν
2446 3048 2593 3101 δεῖνα
2624 3048 2722 3117 τῆς
2753 3048 2847 3101 τοῦ
2877 3047 3104 3117 νομικοῦ
3156 3048 3343 3117 πάσχα
3393 3046 3553 3116 χάριν
3596 3048 3735 3100 ἐτοι-

2164 3138 2407 3208 μασίαςο
2464 3138 2492 3190 ὃ
2533 3139 2598 3210 δὴ
2659 3140 2754 3192 καὶ
2802 3140 3090 3211 προλαϐὼν
3121 3141 3290 3212 ἔφαγε
3335 3144 3477 3197 κατᾶ
3505 3143 3602 3215 τὴν
3634 3145 3737 3214 τῆς

2168 3233 2413 3302 μεγάλης
2469 3233 2727 3302 πέμπτης
2792 3234 3053 3304 ἑσπέραν,
3111 3235 3186 3295 ὡς
3244 3235 3273 3287 6
3332 3237 3735 3307 χρυσορῤἠμνων

2177 3324 2429 3393 Ἰωάννης
2460 3325 2646 3394 φησίν.
2680 3321 2791 3377 Εἶθ’
2820 3323 2993 3389 οὕτως
3019 3324 3308 3379 ἀναπεσὼν
3339 3327 3406 3381 δι’
3434 3328 3599 3396 ἄρτου
3643 3331 3739 3380 καὶ

2109 3404 2111 3407 ’
2164 3417 2308 3470 οἴνου
2357 3415 2419 3468 τδ
2464 3418 2665 3469 οίκεῖον
2713 3417 2900 3486 πάσχα
2952 3419 3064 3481 τοῖς
3120 3418 3387 3490 μαθηταῖς
3428 3418 3735 3489 παρέδωκε’

2170 3525 2188 3558 ι
2225 3508 2457 3570 Λάϐετε,
2503 3509 2729 3577 φάγετε,
2781 3509 2942 3563 τοῦτό
2988 3510 3105 3561 ἐστι
3146 3510 3207 3562 τὺ
3269 3510 3431 3580 σῶμά
3480 3528 3605 3580 μου,
3635 3512 3731 3563 καὶ

2166 3599 2318 3653 πίετε
2342 3601 2565 3665 πάντες,
2597 3601 2754 3655 τοῦτό
2777 3602 2892 3654 ἐστι
2920 3602 2981 3654 τὸ
3014 3597 3165 3685 αἷμά
3186 3619 3312 3670 μου.
3339 3620 3356 3654 ι
3394 3602 3506 3672 Πρὸ
3539 3602 3736 3670 μέντοι

2163 3690 2272 3743 τῶν
2304 3691 2565 3762 μαθητῶν
2594 3691 2758 3754 αὐτὸς
2805 3690 2900 3744 τοῦ
2954 3691 3156 3765 οἰκείου
3192 3691 3457 3760 μετέλαὸε
3482 3692 3738 3759 σώματός

2162 3800 2224 3836 τε
2259 3784 2353 3836 καὶ
2382 3784 2634 3852 αἵματος.
2671 3780 2829 3846 Τίνος
2854 3782 3080 3849 ἕνεκενς
3114 3781 3233 3835 Ἵνα
3262 3780 3336 3853 μὴ
3368 3782 3460 3835 καὶ
3488 3782 3651 3836 πάλιν
3685 3784 3738 3836 οἱ

2169 3874 2414 3944 μαθηταὶ
2442 3874 2812 3944 θορυϐηθῶσι,
2846 3873 3096 3944 καθάπερ
3121 3872 3215 3926 καὶ
3249 3875 3538 3944 πρότερον.
3588 3873 3739 3927 Ἥνί-

2164 3984 2239 4020 κα
2288 3968 2383 4021 καὶ
2418 3968 2528 4035 γὰρ
2559 3967 2724 4021 αὐτοῦ
2757 3966 2851 4019 τοῦ
2904 3965 3141 4036 Χριστοῦ
3187 3966 3437 4033 λέγοντος
3468 3966 3732 4035 ἥκουσαν,

2171 4078 2191 4116 ι
2214 4060 2339 4112 Ἐὰν
2369 4061 2442 4131 μὴ
2473 4059 2683 4130 φάγητε
2712 4058 2811 4129 τὴν
2837 4060 3014 4128 σάρκα
3044 4057 3138 4111 τοῦ
3167 4056 3297 4111 Υἱοῦ
3325 4057 3419 4110 τοῦ
3450 4052 3740 4126 ἀνθρώπου

2164 4152 2261 4205 καὶ
2296 4151 2455 4218 πίητε
2488 4147 2651 4209 αὑτοῦ
2691 4149 2750 4201 τὸ
2799 4142 2958 4218 αἷμα,
3010 4148 3110 4201 οὐκ
3157 4146 3309 4216 ἔχετε
3344 4146 3491 4216 ζωὴν
3524 4147 3583 4198 ἔν
3610 4146 3740 4198 ἑαυ-

2163 4241 2297 4302 τοῖς,
2339 4257 2358 4289 »
2388 4237 2632 4305 ἀπῆλθον
2664 4238 2745 4301 είς
2783 4238 2850 4289 τά
2884 4236 3060 4290 ὀπίσω
3110 4236 3205 4291 καὶ
3241 4236 3430 4289 οὐκέτι
3458 4235 3730 4305 περιεπά-
3778 4312 3779 4315 η

2163 4348 2290 4385 τουν
2323 4333 2443 4401 μετ’
2478 4330 2667 4396 αὑτοῦ,
2706 4330 2956 4399 λέγοντες
2984 4345 3011 4379 ’ν
3040 4346 3059 4381 ι
3108 4326 3170 4383 '0
3204 4328 3361 4396 λόγος
3392 4322 3546 4388 οὗτος
3576 4326 3741 4393 σκληο

2167 4419 2258 4488 ρός
2287 4419 2403 4471 ὲστι
2426 4434 2440 4448 ·
2470 4418 2549 4480 τίς
2576 4419 2800 4471 δύναται
2829 4415 3047 4469 ἀκούειν
3076 4415 3239 4468 αὐτοῦ
3268 4432 3283 4480 ;
3324 4416 3473 4468 »Ἵνα
3502 4413 3634 4483 γοῦν
3662 4415 3743 4485 μὴ

490 4493 739 4549 dicerent
771 4501 998 4555 verbum
1031 4503 1172 4559 istuc
1213 4506 1416 4561 durum
1473 4526 1613 4576 esse,
1658 4512 1805 4581 quod
1865 4516 2058 4570 audire

2165 4508 2262 4564 καὶ
2302 4509 2463 4563 πάλιν
2501 4508 2742 4561 τοιοῦτόν
2777 4525 2828 4560 τι
2874 4507 3145 4573 πάθωσιν,
3183 4507 3278 4560 ἆτε
3310 4508 3489 4576 σάρκα
3532 4506 3745 4560 ἐσθίειν

490 4603 649 4641 nemo
676 4588 837 4646 facile
869 4596 1064 4663 possit.
1096 4598 1461 4662 Quamobrem
1521 4619 1591 4658 ne
1629 4620 1849 4661 rursum
1914 4609 2063 4679 ejus-

396 4726 399 4727 ν
493 4682 637 4734 modi
691 4686 952 4752 quiddam
1011 4688 1145 4756 ipsis
1197 4690 1496 4755 accideret,
1552 4703 1611 4748 ut
1675 4697 1769 4764 qui
1838 4714 2059 4756 carnem

488 4776 789 4828 eomesturi
821 4785 875 4829 et
932 4776 1160 4831 bihituri
1217 4781 1538 4849 sanguinem
1590 4796 1798 4851 essent,
1853 4791 2061 4857 primus

494 4868 608 4937 ipse
636 4884 859 4923 carnem
887 4885 1043 4925 suam
1072 4873 1402 4942 degostavit,
1438 4883 1498 4929 ut
1530 4877 1625 4946 qui
1675 4878 1813 4933 citra
1842 4894 2059 4935 omnem

462 4938 474 4950 ’
495 4959 899 5016 vacillationem
931 4973 987 5019 et
1017 4964 1163 5034 ipsos
1200 4966 1351 5021 hisce
1392 4970 1559 5023 rebus
1605 4970 1842 5025 saturari
1871 4974 2056 5029 vellet.

499 5054 677 5121 Atque
719 5054 862 5109 hanc
897 5072 1107 5112 ccenam
1162 5059 1427 5115 Dominus
1461 5060 1526 5115 ad
1572 5064 1933 5119 consolandos
1976 5066 2061 5121 dio

499 5144 747 5212 scipulos
799 5146 1058 5203 instituit.
1096 5149 1327 5205 Videbat
1365 5152 1510 5206 enim
1549 5153 1671 5208 illos
1727 5170 1834 5209 non
1873 5171 2064 5224 parum

426 5272 445 5301 ,
501 5233 710 5302 pavidis
749 5244 805 5289 et
835 5236 1019 5294 irai-tis
1075 5239 1274 5294 animis
1332 5255 1454 5295 esse
1503 5254 1730 5311 propter
1782 5259 1940 5298 suam
2000 5245 2068 5300 ab

501 5325 633 5393 ipsis
675 5328 1094 5385 discessionem.
1122 5330 1329 5401 Itaque,
1366 5335 1713 5408 ccu'dictum
1739 5346 1843 5399 est,
1872 5354 2072 5406 corpus

497 5428 555 5472 et
602 5422 924 5491 sanguinem
985 5422 1269 5492 proprium
1305 5441 1430 5479 cum
1490 5425 1623 5495 ipsis
1676 5428 2068 5492 communicat,

501 5515 616 5568 hinc
639 5515 801 5569 verba
824 5515 1162 5586 subjiciens:
1201 5534 1219 5568 ι
1259 5515 1372 5571 Hoc
1400 5518 1453 5571 in
1489 5518 1597 5573 mei
1625 5520 2067 5575 recordationem

487 5739 491 5742 .
550 5697 592 5727 *υ
637 5698 767 5755 Luc.
808 5717 903 5765 vii,
935 5702 1021 5755 59.

2168 4603 2261 4655 καὶ
2292 4597 2431 4671 αἷμα
2462 4602 2640 4654 πίνειν
2676 4601 2986 4671 μέλλοντες,
3023 4600 3240 4671 πρῶτος
3268 4599 3432 4663 αὐτὸς
3463 4598 3563 4668 τῆς
3613 4598 3745 4651 ὲαυ·

2168 4695 2259 4750 τοῦ
2318 4696 2519 4765 σαρκὸς
2564 4696 2910 4761 ἀπεγεύσατο
2934 4732 2951 4759 ,
2983 4694 3151 4747 θέλων
3198 4693 3597 4752 ἀνενδοιάστως
3628 4692 3744 4744 τῶν

2168 4787 2425 4841 τοιούτων
2459 4791 2839 4861 ἐμφορηθῆναι
2894 4789 2989 4841 καὶ
3033 4785 3256 4850 αὐτούς.
3294 4785 3367 4837 T6
3410 4785 3466 4837 δὲ
3497 4782 3745 4837 τοιοῦτον

2168 4878 2446 4947 ἑτοιμάζει
2502 4879 2717 4934 δεῖπνον
2775 4881 2801 4932 6
2840 4878 3035 4949 Σωτὴρ,
3093 4878 3175 4943 είς
3232 4874 3582 4947 παράκλησιν
3627 4874 3745 4926 τῶν

2173 4968 2453 5038 μαθητῶν·
2498 4969 2643 5040 ἐώρα
2673 4972 2782 5041 γάρ
2810 4970 3007 5032 αὐτοὺς
3039 4970 3099 5022 οὐ
3151 4967 3366 5039 μικρῶς
3408 4962 3743 5035 ἀδημονοῦνη

2167 5075 2267 5121 τας
2296 5061 2392 5112 ἐπὶ
2418 5058 2496 5128 τῷ
2532 5058 2799 5130 χωρισμῷ
2830 5057 3019 5112 αὐτοῦ.
3044 5059 3126 5111 Με
3140 5056 3384 5110 ταδίδωσι
3428 5053 3615 5107 λοιπὸν
3642 5055 3741 5107 αὐ-

2166 5153 2302 5218 τοῖς,
2352 5150 2429 5213 ὡς
2460 5151 2808 5221 προείρηται,
2841 5149 2935 5202 τοῦ
2976 5146 3177 5202 οἰκείου
3229 5149 3483 5217 σώματος
3524 5144 3621 5201 καὶ
3652 5145 3741 5196 αἴ-

2172 5262 2367 5316 ματος,
2404 5264 2422 5296 ι
2449 5243 2879 5305 Τοῦτοποιεῖτε,
2908 5261 2925 5293 ι
2951 5240 3145 5305 εἰπὼν,
3171 5257 3188 5291 ι
3214 5240 3293 5302 είς
3318 5236 3415 5308 τὴν
3442 5238 3583 5307 ἐμὴν
3611 5236 3740 5288 ἀνά-

2173 5353 2392 5405 μνησιν.
2425 5355 2443 5388 ι
2466 5336 2894 5404 Μεταλαμὸάνει
2921 5333 3057 5402 πρὸς
3083 5334 3197 5394 τοῖς
3219 5329 3399 5391 ἄλλοις
3431 5329 3521 5381 καὶ
3544 5329 3571 5379 6
3606 5326 3729 5379 Ἰούο

2169 5429 2289 5491 δας,
2323 5428 2416 5480 καὶ
2443 5427 2744 5497 τηνικαῦτα
2794 5428 2932 5495 πρὸς
2974 5423 3266 5482 Ἰουδαίους
3315 5419 3640 5490 ἀπέρχεται,
3672 5420 3745 5469 τὰ

2172 5521 2544 5591 πεπραγμένα
2572 5520 2721 5592 παρὰ
2753 5520 2848 5575 τοῦ
2888 5520 3093 5590 Κυρίου
3126 5514 3497 5586 καταμηνύων
3530 5511 3719 5573 αὐτοῖς

1103 5702 1147 5733 ⁸⁰
1175 5699 1365 5755 Matth.
1395 5716 1542 5767 X.\\'l,
1569 5700 1661 5766 9.6,
1708 5699 1869 5758 Marc.
1912 5717 2022 5768 xxv,
2060 5701 2157 5769 “2:2;
2222 5698 2491 5765 Luc.xxn,
2530 5698 2625 5763 l9;
2682 5698 2849 5755 iCor.
2897 5714 2974 5765 τι,
3012 5698 3103 5753 2i.
3161 5698 3202 5731 ³¹
3236 5696 3389 5752 Joan.
3418 5690 3497 5758 vi,
3540 5688 3625 5748 5,5.
