4110 6194
315 296 424 360 4[.9
1546 297 1938 357 ANNALIUM

1996 294 2193 354 PARS
2238 293 2354 355 III.
3478 298 3589 365 4ἳο

336 408 450 461 Καὶ
493 403 649 458 τοῦτο
692 402 869 474 δηλῶν
909 406 936 458 6
986 403 1380 474 εὖαγγελιστῆς
1432 407 1615 474 ἔλεγεν
1679 407 1760 458 ὅτι
1806 407 1900 458 καὶ
1931 415 1959 465 Α

2011 405 2190 458 lat-ite.
2236 426 2251 457 ι
2294 407 2439 459 Inter
2503 408 2640 462 alios
2696 416 2746 461 et
2798 396 2966 462 Iudas
3026 408 3342 478 participat,
3405 425 3583 481 eoque
3629 401 3634 407 ’

314 496 501 550 λαϐὼν
550 498 612 550 16
661 496 878 565 ψωμίον
909 497 1132 566 ἐξῆλθεν
1160 512 1175 527 °
1209 492 1277 565 ἦν
1318 498 1372 549 δὲ
1407 498 1523 561 νύξ.
1568 498 1896 566 ’Ᾱπὲρχεται

2008 495 2153 549 facto
2202 512 2261 549 se
2314 498 2379 549 ad
2436 496 2658 551 Judwos
2716 499 2949 563 conl'ert,
2986 508 3045 551 ut
3091 516 3215 568 quze
3262 517 3290 554 a
3361 500 3590 555 Domino

314 587 410 644 οὖν
449 590 590 660 πρὸς
662 588 756 652 οὓς
826 588 1173 657 συνεφώνησε
1236 589 1576 660 παραδοῦναι
1628 588 1722 641 τὸν
1782 589 1898 641 Κύ-

1992 596 2129 642 λοειο
2163 590 2399 642 lnissent
2431 591 2562 658 ipsis
2615 591 2909 647 indicaret.
2963 592 3021 645 Id
3086 593 3236 646 enim
3277 594 3591 663 signiﬁcare

315 698 454 752 ριον.
2004 684 2197 737 volens
2222 696 2415 739 auctor
2450 684 2694 738 historias
2727 686 3058 755 evangelica:
3081 687 3220 741 dixit
3245 705 3259 742 :
3288 708 3305 738 ι
3332 689 3505 743 Simul
3530 692 3592 742 ac

314 777 555 844 sumpsit
584 777 851 832 bucceam
876 776 1067 841 exivit,
1099 789 1224 830 eum
1257 775 1481 846 quidem
1537 784 1645 831 nox
1672 785 1821 831 esset
1843 776 1944 831 δ’.»
1989 779 2115 832 Abit
2170 780 2339 848 igitur
2390 779 2483 833 ad‘
2516 794 2613 833 eos
2685 779 3013 847 quibuscum
3044 792 3239 850 pactus
3295 782 3475 837 fuerat
3528 801 3588 839 se

318 870 610 924 Dominum
642 868 776 939 ipsis
813 869 1165 923 traditurum.
2416 929 2419 932 ν

390 963 501 1016 Καὶ
527 964 553 1014 6
582 959 681 1029 μὲν
706 960 913 1030 Κύριος
936 960 1004 1013 τὰ
1027 960 1316 1013 τελευταῖα
1344 962 1457 1023 τοῖς
1489 960 1761 1030 μαθηταῖς
1787 960 1905 1012 δια·
1982 1010 1987 1013 ς

1982 1010 1987 1013 ,
2080 958 2301 1015 Interim
2362 959 2626 1014 Dominus
2672 958 2841 1013 rebus
2895 962 3009 1015 suis
3060 973 3400 1029 postremum
3448 969 3588 1023 inter

317 1054 550 1107 τίθεται⁸
581 1048 684 1104 εἷθ’
720 1051 897 1109 οὕτως
933 1053 1014 1113 είς
1048 1054 1220 1104 τόπον
1248 1053 1472 1120 ἔρχεται
1506 1052 1566 1104 ὃν
1596 1036 1722 1123 ᾔδεῖ
1746 1054 1843 1104 καὶ
1877 1049 1905 1100 6

2007 1051 2308 1120 discipulos
2358 1051 2629 1104 ordinatis
2681 1060 2844 1120 atque
2902 1051 3223 1120 dispositis,
3298 1057 3349 1109 in
3411 1059 3590 1125 locum

194 1162 216 1183 ο
319 1145 615 1215 προδότης,
669 1143 728 1205 6;
776 1142 977 1195 αὐτίκα
1035 1144 1131 1195 καὶ
1189 1143 1371 1197 λαϐὼν
1412 1144 1788 1214 τὴν-σπεῖραν

2007 1142 2298 1211 quemdam
2330 1157 2386 1195 se
2423 1141 2616 1210 recipit
2651 1142 2916 1210 proditori
2948 1156 3057 1195 non
3091 1143 3359 1213 ignotum.
3385 1147 3436 1202 Is
3462 1166 3592 1205 vero

321 1236 433 1289 τῶν
486 1237 795 1304 ἀρχιερέων
848 1236 944 1286 καὶ
979 1234 1293 1303 Φαρισαίων
1346 1235 1630 1304 ὑπηρέτας
1677 1234 1900 1303 ἔρχεται

2005 1234 2234 1289 cohorte
2264 1234 2500 1287 militum
2529 1234 2794 1288 continuo
2824 1234 2987 1303 216
3008 1248 3194 1288 secum
3227 1247 3440 1304 sumpta
3467 1254 3590 1294 cum

319 1330 436 1381 ἐκεῖ
486 1327 627 1397 μετὰ
664 1327 850 1395 φανῶν
899 1326 993 1379 καὶ
1024 1327 1348 1397 λαμπάδων.
1391 1328 1678 1398 Ἐπερωτᾷ
1714 1326 1903 1379 λοιπὸν

2007 1326 2361 1394 pontilicibus
2383 1333 2437 1379 et
2464 1325 2756 1380 Pharisaeis
2783 1325 3071 1389 ministris,
3105 1341 3172 1380 eo
3203 1338 3325 1380 cum
3355 1328 3595 1385 lucernis

322 1414 522 1477 αὐτούς
548 1430 564 1446 °
611 1415 874 1479 πίπτουσι
914 1416 1123 1485 χαμαί.
1169 1416 1498 1469 ’Δποκόπτει
1527 1416 1587 1468 τὸ
1613 1415 1776 1469 ὠτίον
1805 1415 1900 1468 τοῦ

2009 1424 2065 1469 ct
2111 1414 2325 1468 facibus
2381 1415 2625 1469 advolat.
2676 1415 2751 1469 lbi
2802 1414 3022 1470 Christo
3074 1431 3170 1470 eos
3220 1417 3594 1488 interrogante

323 1506 548 1575 Μᾶλχου
580 1506 610 1558 6
650 1506 879 1575 Πέτρος,
920 1509 969 1559 εί
998 1506 1093 1560 καὶ
1131 1506 1231 1576 τὴν
1272 1506 1442 1561 αὐτοῦ
1490 1508 1738 1579 κεφαλὴν
1767 1508 1901 1561 ἀπο-

2010 1506 2162 1558 humi
2206 1516 2493 1561 corruunt.
2520 1507 2716 1560 Petrus
2745 1506 2955 1561 Malcho
2979 1510 3281 1564 auriculam
3300 1511 3591 1573 abscindit.

322 1598 512 1664 τεμεῖν
550 1594 649 1649 οὐκ
678 1596 889 1665 ἴσχυσε·
925 1597 1085 1650 τοῦτο
1104 1598 1200 1651 καὶ
1226 1599 1333 1669 γὰρ
1362 1593 1430 1670 ἦν
1464 1600 1614 1669 αὐτῴ
1642 1601 1704 1653 16
1734 1616 1903 1652 σπου-

2009 1612 2135 1651 cum
2168 1606 2336 1667 caput
2365 1598 2573 1653 homini
2621 1599 2947 1654 abscindere
2977 1616 3086 1654 non
3118 1613 3323 1670 posset,
3358 1605 3412 1657 id
3443 1607 3591 1674 quod

320 1686 643 1755 δαζόμενον.
680 1687 814 1740 Τότε
845 1687 912 1758 δὴ
942 1688 1063 1741 τότε
1093 1690 1187 1742 καὶ
1214 1691 1353 1758 πρὸς
1382 1690 1544 1745 αὐτὸν
1581 1690 1685 1761 ἔφη
1721 1693 1750 1743 6
1784 1692 1900 1745 Κύ-

2010 1687 2259 1751 studiose
2307 1689 2493 1744 facere
2548 1689 2876 1744 conabatur.
2914 1690 3054 1744 Tum
3109 1692 3194 1746 his
3235 1709 3361 1747 eum
3408 1697 3592 1751 verbis

326 1794 444 1846 ριος
466 1794 483 1812 ο
524 1796 544 1829 ι
572 1773 652 1832 Ἦ
679 1780 830 1832 δοκεῖ
880 1797 963 1833 σοι
1015 1782 1098 1835 ὅτι
1128 1781 1190 1835 οὐ
1219 1778 1457 1851 δύναμαι
1485 1782 1612 1855 ἄρτι
1646 1766 1949 1855 παρακαςῖ

1969 1770 2273 1835 lDominus
2324 1780 2669 1850 compellat:
2710 1798 2729 1831 ι
2767 1787 2850 1834 An
2911 1796 3020 1835 non
3080 1782 3366 1838 existimas
3430 1801 3592 1855 posse

320 1870 479 1924 λὲσαι
507 1872 600 1925 τὸν
641 1872 861 1942 Πατέρα
900 1889 1024 1941 μου,
1047 1875 1143 1926 καὶ
1179 1876 1527 1943 παραστήσει
1563 1893 1653 1945 μοι
1679 1877 1901 1942 πλείους

2011 1885 2097 1925 me
2122 1870 2339 1924 Patrem
2370 1887 2599 1925 exorare
2622 1870 2784 1925 modo
2808 1881 2866 1925 ut
2896 1874 3077 1940 plures
3112 1874 3241 1926 mihi
3269 1890 3431 1943 quam
3458 1877 3594 1928 duo-

319 1963 353 2030 ἦ
397 1963 610 2016 δώδεκα
655 1963 929 2032 λεγεῶνας
980 1964 1269 2034 (inﬂant;
1304 1966 1422 2028 πῶς
1457 1962 1551 2020 οὖν
1601 1967 1906 2037 πληρωθῶ-

2009 1963 2186 2017 decim
2230 1963 2478 2033 legiones
2509 1963 2831 2033 angelorum
2878 1965 3229 2032 suppeditet?
3262 1976 3319 2019 at
3351 1981 3588 2035 quonam

327 2070 419 2125 σιν
439 2056 497 2107 αί
526 2055 765 2124 Γραφαὶ.
797 2057 879 2109 ὅτι
921 2055 1096 2119 οὕτως
1123 2057 1207 2111 δεῖ
1232 2058 1488 2126 γενέσθαι
1514 2076 1529 2124 ;
1564 2078 1586 2113 ο
1626 2060 1814 2114 Ταῦτα
1846 2059 1905 2112 δὲ

2006 2065 2167 2125 pacto
2203 2056 2512 2111 conﬁerent
2550 2070 2672 2124 quae
2705 2044 2823 2110 ﬁeri
2874 2068 3132 2125 Oportcre
3191 2058 3362 2113 sacris
3396 2061 3589 2129 prodi-

318 2149 433 2210 τοῖς
472 2148 741 2218 μαθηταῖς
776 2147 965 2216 ἔλεγεν
992 2150 1022 2201 6
1055 2150 1268 2221 Σωτὴρ,
1305 2152 1555 2226 ἐκφοϐῶν
1584 2154 1782 2216 αὐτοὺς
1810 2154 1906 2206 καὶ

2009 2156 2123 2201 tum
2155 2157 2240 2203 est
2272 2148 2499 2202 Litteris
2518 2148 2612 2199 "?
2644 2166 2663 2198 ι
2698 2146 2830 2214 Quae
2852 2162 2983 2202 sane
3012 2148 3277 2203 Dominus
3310 2151 3375 2204 ad
3421 2151 3591 2205 disci-

325 2239 539 2293 πείθων
566 2239 820 2292 ἐντεῦθεν
849 2240 1019 2309 μηδέν
1039 2257 1093 2294 τι
1114 2241 1223 2294 τῶν
1244 2244 1549 2311 γινομένων
1579 2243 1901 2314 πολυπραγ-

2007 2240 2167 2309 pulos
2220 2242 2293 2294 ita
2350 2241 2601 2311 protulit,
2656 2249 2715 2295 ut
2771 2249 2977 2295 metum
3032 2242 3114 2295 eis
3170 2241 3466 2306 incuteret,
3527 2259 3590 2298 ac

323 2334 528 2397 μονεῖν.
567 2332 631 2384 El
659 2334 772 2401 γὰρ
794 2336 915 2396 ταῖς
948 2333 1215 2404 Γραφαῖς,
1255 2335 1412 2404 φησὶ,
1452 2334 1611 2388 τοῦτο
1649 2337 1820 2401 δοκεῖ,
1843 2337 1905 2389 16

2021 2332 2363 2401 persuaderet
2413 2347 2480 2386 ne
2521 2332 2653 2401 quid
2711 2346 2908 2386 eorum
2942 2347 3067 2401 quae
3119 2333 3435 2387 acciderent
3487 2349 3644 2424 (δυο.

323 2422 522 2475 παθεῖν
559 2423 661 2492 ἐμὲ
696 2422 964 2494 δηλονότι,
993 2425 1112 2487 πῶς
1134 2422 1291 2495 ὑμεῖς
1322 2426 1670 2481 ἐνανττοῦσθε
1706 2427 1907 2497 μαχαί-

2008 2424 2213 2476 riosius
2241 2432 2645 2477 scrutarentur.
2676 2423 2814 2477 Nam
2861 2423 2909 2477 si
2957 2423 3132 2477 sacris
3178 2424 3254 2478 ita
3294 2426 3471 2479 visum
3506 2435 3591 2480 est

325 2530 449 2583 ραις
486 2513 763 2585 χρώμενοι
789 2532 804 2581 ;
836 2517 898 2569 16
935 2520 1200 2588 ποτήριον
1230 2518 1258 2571 ὂ
1285 2519 1489 2573 δέδωκέ
1514 2536 1604 2589 μοι
1631 2520 1660 2573 6
1691 2518 1902 2590 Πατὴρ,

2010 2514 2235 2568 [Litteris
2288 2523 2349 2567 ut
2377 2514 2702 2583 patiendum
2738 2514 2871 2567 mihi
2902 2514 2994 2580 sit,
3024 2513 3120 2583 qui
3152 2514 3210 2569 ﬁt
3252 2528 3311 2568 ut
3344 2532 3444 2571 vos
3472 2518 3591 2587 gla—

321 2606 385 2660 οὑ
430 2596 505 2677 μή
530 2608 641 2661 πίω
670 2609 839 2676 αὐτό;
2007 2608 2114 2660 diis
2145 2616 2361 2660 utentes
2392 2605 2923 2683 adversari-velitis?
2953 2608 3213 2674 poculum
3252 2607 3411 2674 illud,
3440 2610 3588 2678 quod

2007 2699 2168 2753 Pater
2194 2699 2325 2752 mihi
2359 2699 2529 2760 dedit,
2560 2713 2668 2751 non
2702 2698 2928 2753 bibant?

392 2778 671 2851 Δήσαντες
705 2780 801 2834 οὖν
830 2782 922 2835 τὸν
968 2782 1179 2853 Ἰησοῦν
1205 2784 1498 2855 ἀπήγαγον
1544 2786 1679 2856 πρὸς
1704 2788 1902 2843 ’Ἄνναν
1942 2856 1945 2859 δ

2080 2790 2249 2859 Igitur
2283 2790 2594 2858 colligatum
2624 2790 2860 2844 vinculis
2898 2788 3086 2845 Iesum
3124 2789 3190 2843 ad
3232 2791 3445 2845 Annam
3476 2792 3589 2860 pri.

326 2871 571 2942 πρῶτον,
601 2875 826 2939 κάκεῖσε
873 2875 1141 2945 κρίνεται.
1175 2877 1312 2945 Περὶ
1345 2878 1445 2946 τῆς
1473 2877 1641 2931 αὑτοῦ
1679 2878 1904 2952 διδαχῆς

2007 2897 2154 2934 mutu
2185 2881 2489 2943 abducunt,
2515 2880 2703 2948 ibique
2730 2881 2942 2950 judicio
2970 2878 3212 2943 sistitur,
3243 2882 3312 2937 de
3341 2883 3592 2939 doctrina

332 2964 435 3017 καὶ
458 2965 569 3018 τῶν
604 2965 864 3036 μαθητῶν
889 2968 1183 3034 ἐρωτᾶται.
1225 2967 1609 3038 Ἀποκρίνεται
1636 2972 1709 3033 ὡς
1732 2974 1900 3035 είκός.

2009 2984 2064 3028 et
2097 2972 2389 3041 discipulis
2430 2972 2847 3040 interrogatur:
2880 2972 3179 3040 respondet
3228 2984 3287 3027 ut
3322 2990 3420 3042 par
3449 2991 3589 3028 erat.

335 3058 622 3128 Ῥάπισμα
652 3058 893 3129 δέχεται,
931 3060 1024 3112 καί
1057 3076 1247 3129 φησιν’
1283 3079 1301 3111 ι
1343 3062 1403 3114 Εί
1443 3063 1541 3130 μὲν
1572 3064 1758 3127 κακῶς
1778 3065 1899 3125 ἐλάα
1930 3096 1958 3158 ί

1969 3099 1975 3156 ι
2007 3061 2142 3116 Cum
2176 3062 2386 3130 alapam
2426 3060 2731 3128 accepisset
2765 3076 2782 3113 :
2820 3077 2838 3109 ι
2877 3059 2933 3114 Si
2988 3062 3131 3115 male
3176 3062 3395 3117 locutus
3446 3079 3592 3129 sum,

322 3148 504 3217 λησα,
540 3166 558 3199 ι
604 3150 697 3200 καὶ
748 3150 816 3201 τὰ
872 3148 1021 3218 ἑξῆς.
1088 3151 1332 3205 Ἐκεῖθεν
1385 3152 1478 3205 οὖν
1521 3154 1717 3221 ἄγεται
1769 3148 1945 3227 πρὸ(

1971 3148 1975 3155 ’
2015 3154 2213 3222 inquit,
2270 3153 2566 3207 testiﬁcare
2612 3152 2680 3206 de
2736 3157 2883 3205 malo
2928 3168 2943 3205 :
3002 3151 3087 3205 sin
3150 3152 3312 3219 bene,
3360 3168 3462 3207 cur
3506 3169 3594 3207 me

322 3241 611 3307 Καϊάφαν,
638 3240 831 3294 ἔπειτα
868 3243 1007 3310 πρὸς
1050 3242 1283 3298 Πιλᾶτον
1316 3246 1527 3315 πρωῐας
1558 3244 1747 3318 οὔσηςο
1779 3251 1908 3318 πρὶν

2011 3244 2258 3298 caedis?»
2303 3243 2437 3297 Inde
2494 3242 2562 3297 ad
2616 3241 2914 3312 Caiapham
2969 3241 3234 3308 ducitur;
3267 3258 3296 3297 a
3353 3242 3593 3313 Caiapha

324 3332 361 3401 ἢ
422 3333 522 3401 μὲν
578 3333 850 3402 ἀλέκτορα
898 3336 1151 3404 φωνῆσαι
1196 3337 1334 3409 πρὸς
1380 3338 1634 3407 Καϊάφαν
1691 3340 1904 3407 ἄγεται,

2011 3350 2200 3389 rursus
2228 3336 2294 3389 ad
2330 3335 2586 3389 Pilatum.
2633 3333 2814 3405 Atque
2860 3334 2952 3389 hic
2981 3334 3227 3389 ostendit
3264 3337 3596 3406 evangelica

327 3425 479 3495 πρωί
527 3425 584 3478 δὲ
635 3426 776 3495 πρὸς
839 3427 1093 3480 Πιλᾶτον.
1132 3429 1420 3481 Δείκνυσιν
1455 3431 1482 3481 6
1514 3431 1909 3503 εὐαγγελιστὴς

2014 3425 2257 3479 historia
2292 3425 2532 3493 scriptor
2559 3432 2669 3478 tota
2718 3425 2948 3479 dimidia
2981 3433 3148 3480 nocte
3190 3426 3593 3495 interrogatum

324 3518 411 3571 ὅτι
440 3517 498 3570 τὸ
524 3518 697 3588 ἥμισυ
729 3518 835 3586 τῆς
869 3518 1061 3582 νυκτὸς
1098 3517 1244 3571 ἅπαν
1282 3520 1389 3572 ὑπὸ
1428 3521 1659 3589 Καῖἅφα
1689 3521 1909 3594 ἐρωτώ-

2011 3532 2039 3570 a
2066 3518 2306 3586 Caiapha
2348 3517 2557 3570 nullius
2610 3517 2875 3586 improbae
2908 3517 2990 3570 rei
3027 3516 3281 3571 convinci
3328 3519 3592 3587 potuisse,

331 3627 494 3679 μενος
527 3611 684 3663 οὐδὲν
718 3610 1066 3679 ἐξηλέγχετο,
1107 3610 1189 3663 διὸ
1228 3611 1324 3663 καὶ
1354 3613 1719 3681 παρέπεμψεν
1746 3614 1907 3667 αὑτὸν

2013 3610 2248 3678 ideoque
2279 3610 2346 3663 ad
2384 3610 2620 3663 Pilatum
2654 3624 2684 3663 a
2730 3608 2973 3677 Caiapha
3021 3609 3253 3664 missum
3302 3625 3446 3665 esse.
3481 3609 3617 3673 Gre-7

324 3702 408 3770 τῷ
441 3701 678 3771 Πιλὰτῳ.
709 3702 822 3755 Καὶ
870 3703 899 3753 6
949 3703 1048 3769 μὲν
1074 3704 1303 3772 Μάρκος
1324 3704 1452 3774 περὶ
1486 3702 1588 3772 τῆς
1617 3704 1908 3775 ἀλεκτορο-

2013 3712 2190 3755 terum
2253 3702 2322 3755 de
2359 3703 2484 3771 galli
2542 3710 2706 3755 cantu
2773 3701 2993 3755 Marcus
3042 3702 3115 3755 ita
3169 3687 3416 3757 locutum
3474 3706 3599 3757 esse

326 3794 537 3860 φωνίας
572 3792 785 3857 διεξιὼν
823 3792 966 3847 οὕτω
1003 3792 1170 3862 φησίν
1199 3808 1213 3823 ·
1262 3811 1280 3843 ι
1321 3793 1455 3863 Πρὶν
1498 3793 1767 3864 ἀλέκτορα
1798 3810 1909 3861 φω-

2011 3794 2303 3847 Dominum
2336 3793 2507 3847 refert
2556 3808 2571 3845 :
2611 3811 2630 3843 ι
2671 3792 2997 3861 Priusquam
3047 3792 3134 3847 bis
3178 3793 3355 3860 gallus
3386 3801 3597 3857 cantet,

324 3886 492 3953 νῆσαι
518 3885 621 3949 δὶς,
650 3884 775 3953 τρὶς
808 3885 1105 3956 ἀπαρνήσῃ
1130 3902 1196 3954 με
1236 3903 1254 3935 ι
1274 3886 1401 3955 (ὅτε
1429 3886 1537 3954 γὰρ
1569 3886 1717 3949 ἅπαξ
1743 3886 1909 3957 ἠρνή-

2014 3894 2097 3939 ter
2148 3900 2235 3938 me
2279 3886 2509 3953 negabis
2529 3885 2594 3935 ⁸⁸.
2640 3902 2658 3933 ι
2701 3884 2915 3953 Quippe
2952 3897 3080 3937 cum
3110 3884 3231 3937 vice
3283 3884 3459 3954 prima
3496 3899 3595 3938 ne-

329 3992 489 4037 σατο,
535 3975 818 4044 ἐφώνησεν
873 3976 901 4027 6
956 3968 1275 4045 ἁλεκτρυὼν
1328 3974 1390 4027 16
1430 3977 1669 4045 πρῶτον,
1711 3978 1800 4030 ὅτε
1852 3977 1910 4031 δὲ

2013 3987 2183 4047 garet,
2217 3976 2455 4045 primutn
2498 3975 2675 4043 gallus
2724 3976 2965 4028 cantavit
2999 3991 3012 4026 :
3048 3988 3172 4027 cum
3202 3987 3334 4025 vero
3367 3984 3598 4041 negaret

327 4067 522 4135 τρίτον
549 4068 852 4137 ἠρνήσατο,
902 4068 965 4119 16
1011 4067 1267 4137 δεύτερον
1317 4065 1656 4136 ἐφώνησεν),
1686 4070 1910 4138 ἀκρι6έ‹

2016 4070 2262 4132 tertium,
2298 4068 2472 4138 gallus
2521 4066 2769 4119 secundo
2794 4065 3016 4119 cecinit.
3052 4064 3169 4117 Hoc.
3221 4065 3387 4116 modo
3436 4077 3599 4116 accu-

326 4177 526 4231 στερον
555 4159 924 4229 ἐξηγούμενος
940 4158 1039 4229 τὴν
1069 4158 1165 4211 τοῦ
1195 4158 1404 4227 Πέτρου
1438 4158 1749 4225 ἀσθένειαν,
1779 4162 1910 4229 παρ’

2012 4164 2188 4216 ratius
2210 4161 2301 4214 ille
2327 4158 2762 4213 imbecillitatem
2796 4157 2943 4210 Petri
2980 4153 3256 4224 exposuit,
3292 4168 3352 4206 re
3380 4162 3492 4207 tota
3529 4161 3598 4207 de

326 4253 501 4307 αὑτοῦ
562 4253 657 4306 τοῦ
713 4251 1037 4307 διδασκάλου
1090 4251 1318 4318 μαθὼν,
1366 4253 1449 4305 ὅτι
1502 4251 1597 4305 καὶ
1649 4254 1913 4322 φοιτητὴς

2014 4254 2189 4323 ipsius
2231 4250 2474 4320 magistri
2523 4250 2608 4304 sui
2657 4247 2974 4301 narratione
3004 4246 3265 4316 cognita;
3296 4244 3400 4298 fuit
3451 4246 3598 4298 enim

325 4348 547 4399 ἐκείνου
578 4341 667 4416 ἣν.
711 4346 770 4397 '0
788 4345 844 4396 δὲ
864 4345 1136 4410 Ματθαϊος
1168 4346 1338 4398 εἰπὼν
1366 4347 1446 4397 ὅτι
1473 4362 1491 4395 ι
1518 4343 1657 4413 Πρὶν
1688 4345 1910 4409 ἀλέκτοο

2014 4345 2228 4400 Marcus
2251 4343 2400 4398 Petri
2428 4351 2669 4398 sectator
2698 4350 2755 4395 et
2803 4339 3131 4407 discipulus.
3180 4337 3471 4391 Matthaaus
3503 4352 3599 4389 au-

326 4457 401 4506 ρα
433 4437 685 4507 φωνῆσαι
712 4437 833 4505 τρὶς
859 4439 1154 4509 ἀπαρνήσῃ
1182 4454 1271 4507 με,
1299 4457 1318 4488 ι
1343 4437 1440 4506 τὴν
1461 4436 1588 4506 ὃλην
1613 4435 1908 4508 ἁλεκτορο-
1941 4439 1949 4494 1

1981 4459 1985 4482 ι
2018 4448 2126 4494 tetu
2154 4453 2278 4492 cum
2302 4437 2398 4491 'ait
2439 4453 2451 4488 :
2486 4454 2504 4487 ι
2535 4433 2859 4501 Priusquam
2917 4430 3090 4500 gallus
3142 4438 3346 4492 cantet,
3383 4439 3466 4481 ter
3515 4445 3604 4481 me

326 4534 541 4597 φωνίαν
596 4530 857 4598 ἐνέφηνε,
903 4529 1052 4582 τοῦτ’
1084 4532 1200 4584 ἐστι
1241 4533 1340 4597 τὴν
1393 4530 1646 4600 πρώτην,
1675 4530 1794 4600 ἥτις
1823 4529 1912 4581 διὰ

2059 4529 2243 4599 egabis
2272 4529 2342 4592 ⁸³,
2383 4545 2402 4577 ι
2439 4533 2609 4579 totum
2651 4521 2779 4591 galli
2834 4528 3055 4573 cantum
3106 4518 3353 4571 indicare
3406 4518 3600 4580 voluit,
3678 4526 3682 4527 '

327 4624 613 4692 διαφόρων
664 4624 1031 4693 ὲκφωνήσεων
1072 4622 1304 4689 γίνεται,
1361 4620 1549 4691 ὥσπερ
1595 4615 1689 4674 οὖν
1738 4621 1833 4674 καὶ
1876 4622 1911 4691 ἡ

2020 4620 2279 4674 videlicet
2306 4619 2567 4688 primum,
2625 4616 2717 4683 qui
2769 4610 3002 4669 diversis
3034 4607 3221 4662 editur
3252 4608 3500 4669 vocibus,
3546 4617 3602 4659 et

326 4717 568 4784 δευτέρα
594 4713 1042 4783 ἀλεκτοροφωνία
1068 4713 1163 4765 καὶ
1191 4714 1224 4782 ἡ
1252 4712 1434 4783 τρίτη.
1474 4712 1611 4783 Πρὶν
1654 4708 1746 4765 οὖν
1785 4711 1913 4765 ἀλέ-

2019 4712 2345 4773 secundum,
2374 4715 2431 4761 et
2470 4704 2713 4760 tertium.
2744 4702 3091 4769 Quapropter
3142 4712 3268 4751 cum
3318 4696 3606 4749 Matthmus

326 4822 505 4872 κτορα
537 4804 809 4872 φωνῆσαι,
843 4804 871 4854 6
918 4804 1196 4865 Ματθαῖος
1225 4804 1418 4866 είπὼν,
1450 4804 1574 4873 τρὶς
1625 4804 1917 4874 ἀπαρνήσῃ

2025 4801 2208 4871 inquit
2240 4817 2253 4853 :
2310 4814 2327 4848 ι
2359 4798 2687 4864 Priusquam
2726 4793 2901 4862 gallus
2934 4799 3137 4854 cantet,
3175 4804 3263 4844 me
3306 4797 3390 4843 ter
3438 4803 3605 4854 nega-

332 4913 429 4967 με,
463 4896 631 4948 τοῦτο
681 4896 886 4949 ὡσανεὶ
940 4896 1148 4961 ἔλεγεν,
1195 4897 1275 4947 ὅτι
1306 4897 1415 4951 Καὶ
1442 4898 1547 4965 πρὸ
1587 4895 1680 4948 τοῦ
1713 4896 1916 4963 φθάσαι

2025 4894 2124 4957 bis,
2162 4912 2181 4967 ι
2233 4889 2552 4961 hujusmodi
2588 4885 2848 4956 quiddam
2874 4884 3058 4938 dicere
3084 4881 3324 4945 videtur,
3359 4882 3603 4935 luturutn
3642 4960 3648 4963 _

328 4994 437 5059 τὴν
472 4989 702 5058 πρώτην
741 4986 1033 5055 παρελθεῖν
1069 4988 1543 5058 ἀλεκτοροφωνίαν
1585 4988 1705 5057 τρὶς
1735 4990 1916 5058 ἀπαρ-

2018 4986 2231 5043 scilicet
2288 4992 2347 5037 ut
2402 4981 2600 5035 Petrus
2631 4994 2756 5033 eunt
2792 4987 2874 5031 ter
2925 4978 3079 5045 prius
3126 4982 3372 5042 negaret,
3438 4990 3605 5043 quam

328 5085 479 5154 νήσῃ
518 5099 608 5153 με.

2019 5081 2144 5152 galli
2176 5086 2370 5135 cantus
2404 5075 2565 5128 ﬁnem
2601 5071 2850 5126 haberet.

415 5181 567 5236 Μετὰ
606 5180 792 5249 μέντοι
850 5178 912 5232 16
964 5178 1229 5250 κριθῆναι
1281 5176 1375 5231 τὸν
1414 5178 1620 5249 Κύριον
1672 5177 1778 5230 ὑπὸ
1826 5175 1918 5229 τοῦ

2094 5172 2457 5239 Posteaquam
2516 5167 2575 5221 in
2602 5165 2899 5218 Dominum
2940 5160 3149 5214 Pilatus
3202 5155 3602 5227 inquisivisset,

333 5272 581 5325 Πιλάτου
608 5246 617 5249 ν
641 5270 965 5340 μαστίζεται
1007 5246 1133 5322 ’τὸν
1173 5270 1342 5323 νῶτον
1393 5246 1591 5340 λώροις
1639 5271 1915 5333 πλεκτοῖς·

2025 5272 2236 5333 tergum
2270 5262 2318 5315 ei
2346 5259 2476 5315 loris
2512 5258 2765 5327 implexis
2797 5254 3028 5310 cmditur
3058 5268 3073 5307 :
3108 5254 3212 5307 hoc
3255 5250 3403 5304 enim
3452 5246 3608 5301 vocis

337 5364 590 5416 τοιοῦτον
623 5337 717 5415 διαὶ
750 5362 859 5431 γὰρ
890 5362 950 5413 16
978 5363 1361 5431 φραγγέλλιον.
1392 5337 1509 5414 Εἶθ’
1543 5362 1717 5425 οὕτως
1748 5364 1825 5424 εἰς
1854 5364 1914 5415 16

2025 5354 2221 5423 ﬂagelli
2250 5362 2333 5406 est
2356 5352 2749 5422 signiﬁcatum.
2798 5346 3006 5401 Deinde
3058 5344 3125 5398 ad
3172 5337 3604 5407 cruciﬁgendutn

336 5455 730 5525 σταυρωθῆναι
761 5453 1136 5521 παραδίδοται.
1170 5453 1354 5505 Ταῦτα
1382 5453 1438 5506 δὲ
1472 5454 1649 5506 πάντα
1677 5453 1912 5523 πεποὶη-

2027 5446 2283 5501 traditur.
2310 5445 2488 5514 Atque
2518 5443 2634 5499 haec
2664 5440 2849 5497 omnia
2898 5456 2996 5509 per
3027 5438 3394 5505 importunam
3436 5427 3604 5480 animi

337 5565 437 5599 κεν
465 5520 752 5616 ηᾶκαιρος
774 5544 1034 5613 ἀνανδρία
1058 5543 1150 5595 τοῦ
1187 5545 1439 5597 Πιλάτου·
1471 5546 1597 5607 τοὺς
1630 5545 1737 5613 γὰρ
1779 5520 1914 5607 Ἰου-

2023 5538 2386 5609 dcjectionetn
2441 5538 2496 5590 in
2536 5536 2709 5590 Pilato
2744 5532 3088 5592 acciderunt,
3134 5526 3226 5593 qui
3274 5520 3491 5577 Iudazos
3522 5532 3605 5570 re.

418 5728 462 5758 δ’
498 5726 653 5784 Joan.
692 5746 809 5795 xm,
858 5732 948 5785 30.
1023 5730 1069 5761 ⁸³
1098 5731 1286 5785 Matth.
1356 5746 1501 5799 xxvi,
1554 5732 1642 5785 53.
1723 5733 1763 5762 5"
1804 5731 1962 5785 hiare.
2020 5745 2041 5782 ς

1356 5746 1501 5799 xm,
1554 5732 1642 5785 ὃὸ.
1723 5733 1763 5762 ⁵’δ
1804 5731 1962 5785 hiare.
2020 5745 2139 5793 xiv,
2202 5726 2293 5781 50.
2373 5724 2417 5754 ⁸⁵
2450 5719 2643 5775 Matth.
2681 5715 2952 5784 xxvx,54.
