4110 6194
555 276 651 344 (ll

1816 268 2243 331 MlCI-IAELIS
2282 266 2550 326 GLYC/E

3715 252 3819 311 412

556 392 851 446 verebatur
874 394 1203 443 accusantes
1231 384 1526 438 Dominum
1557 391 1820 454 tanquam
1857 382 2133 436 hominem

2242 379 2429 439 δαίους
2469 373 2793 444 δυσωπῆσαι
2844 370 3014 426 θέλων
3062 366 3148 437 ἐφ’
3178 365 3265 430 οἷς
3288 363 3599 428 ἐνεκάλουν,
3626 360 3825 433 ἀντάρ-

555 480 906 536 seditiosum.
965 477 1211 546 Ideoque
1256 489 1382 530 suas
1415 474 1577 530 etiam
1628 489 1819 545 panas
1865 473 1955 527 ille
1986 486 2137 526 com-

556 572 780 627 meruit.
838 569 1052 637 Quippe
1102 582 1228 621 cum
1270 575 1599 637 potestatem
1645 566 1766 633 ejus
1813 562 2136 619 absolvendi

556 664 806 723 haberet,
837 669 897 714 ut
939 658 1033 729 qui
1067 657 1254 713 dicere
1320 674 1429 713 non
1490 658 1770 712 dubitaret
1824 672 1884 711 se
1934 655 2137 709 habere

555 760 880 823 potestatem
916 749 1093 818 ipsius
1118 748 1203 803 vel
1236 748 1397 819 217
1441 747 1757 802 dimittendi
1791 748 1876 802 vel
1911 744 2135 801 cruciﬁ-

554 843 746 913 gendi,
773 841 920 911 quod
969 840 1147 895 facere
1197 848 1417 909 poterat
1465 855 1573 894 non
1611 837 1885 907 prastitit.
1923 835 2129 890 Formi-

555 934 727 987 dabat
754 932 901 987 enim
934 930 1154 985 Judaos
1174 932 1477 984 clamantes
1505 948 1519 983 :
1551 948 1570 982 ι
1599 928 1655 983 Si
1683 929 1851 984 istum
1872 926 2134 990 absolvis.

553 1038 664 1076 non
724 1036 785 1076 cs
841 1019 1072 1075 Casaris
1124 1019 1333 1073 amicus
1352 1018 1419 1072 ".
1459 1036 1478 1069 ›
1516 1016 1697 1085 Quare
1746 1033 1857 1072 non
1904 1017 2134 1072 dubium

553 1123 639 1168 est
676 1128 804 1167 eum
853 1110 1282 1165 condemnatum
1332 1123 1477 1174 esse,
1513 1109 1581 1164 de
1634 1109 1770 1178 ipsis
1820 1108 1986 1163 etiam
2029 1108 2134 1163 Do-

552 1205 689 1259 mini
750 1203 936 1257 verbis
999 1200 1103 1255 hoc
1164 1202 1284 1269 ipso
1343 1216 1450 1255 non
1507 1200 1741 1256 obscure
1811 1210 2132 1270 apparente,

552 1311 678 1352 cum
710 1294 787 1348 ait
819 1309 835 1349 :
869 1310 887 1344 ι
926 1292 1029 1359 Qui
1066 1308 1152 1349 me
1191 1294 1289 1348 tibi
1324 1292 1574 1359 tradidit,
1633 1293 1689 1347 in
1739 1291 1944 1361 majore
1973 1290 2134 1360 culpa

552 1398 658 1444 cst.
696 1406 715 1439 ι
1336 1434 1343 1443 .

621 1480 894 1535 Caterum
929 1478 1175 1533 Joannes
1222 1473 1471 1531 historia
1525 1475 1760 1546 scriptor
1805 1474 2134 1551 evangelica

555 1584 772 1637 tempus
822 1570 1072 1625 indicare
1125 1569 1341 1635 volens,
1377 1584 1488 1645 quo
1522 1579 1768 1639 tempore
1816 1566 2028 1622 Pilatus
2076 1567 2132 1621 in

555 1662 676 1717 loco
712 1663 956 1730 quodam
1015 1660 1330 1715 consederit
1383 1661 1480 1726 qui
1534 1659 1950 1730 Lapidipavium
1984 1659 2134 1713 dice-

552 1762 727 1814 retur,
795 1752 1014 1808 utJesu
1070 1766 1295 1806 causam
1351 1760 1735 1821 cognosceret,
1794 1749 1871 1803 ait
1926 1749 2132 1804 factum

551 1852 659 1899 hoc
716 1842 888 1897 fuisse
954 1844 1008 1897 in
1067 1842 1468 1912 praeparatione
1530 1841 1782 1908 Pascha,
1837 1840 1971 1895 hora
2024 1839 2138 1894 fere

550 1945 725 1989 sexta.
760 1933 875 1989 Cur
899 1943 1088 1989 sextus
1121 1934 1211 1988 hic
1256 1932 1378 1988 dies
1426 1932 1749 2002 septimana
1789 1932 1859 1986 ab
1898 1945 2137 1999 evange-

549 2028 674 2081 lista
708 2025 930 2082 Pascha
971 2025 1301 2096 praparatio
1332 2025 1583 2080 dicitur?
1619 2024 1752 2096 Ejus
1786 2023 1869 2080 rei
1896 2038 2137 2089 causam

552 2119 652 2173 tibi
680 2120 973 2188 perspicue
1001 2118 1316 2187 subjiciam.
1341 2116 1814 2183 Quemadmodum
1836 2115 2137 2171 Sabbatum

550 2210 670 2263 dies
707 2209 1029 2279 septimana:
1056 2208 1328 2278 septimus
1354 2220 1458 2275 est,
1492 2218 1548 2264 et
1587 2208 1951 2265 nihilominus
1995 2207 2138 2263 Sab-

553 2302 740 2355 hatum
773 2311 1025 2364 vocatur,
1053 2302 1160 2355 hoc
1185 2310 1272 2355 est
1302 2300 1549 2369 requies,
1577 2310 1804 2370 propter
1835 2300 2137 2369 reQuietem

478 2390 501 2409 "
551 2408 660 2460 qua
687 2402 819 2447 tunc
867 2392 1159 2461 quibusvis
1214 2392 1480 2461 uperibus
1535 2391 1912 2467 abstinebant,
1961 2394 2136 2445 otium

549 2485 843 2555 agentibus
872 2499 941 2539 eo
971 2482 1062 2539 die
1116 2484 1430 2553 mancipiis,
1483 2482 1750 2553 jumentis
1796 2490 1853 2536 et
1926 2481 2140 2537 cateris

549 2576 831 2638 omnibus.
858 2574 943 2631 sic
972 2574 1300 2644 praparatio
1327 2574 1447 2629 dies
1467 2582 1551 2628 est
1578 2573 1900 2642 septimana
1925 2583 2136 2635 sextus,

550 2675 608 2721 et
631 2666 962 2737 praeparatio
998 2674 1295 2735 propterea
1345 2674 1723 2733 nuncupatur,
1771 2663 1919 2733 quod
1964 2665 2019 2718 in
2068 2679 2137 2720 eo

551 2757 729 2812 Judai
763 2764 1076 2827 praparent
1108 2756 1294 2810 omnia
1323 2755 1527 2825 quibus
1568 2753 1722 2810 usuri
1776 2770 1877 2823 per
1933 2754 2140 2810 Sabba-

549 2859 666 2905 tum
696 2859 896 2916 erant;
928 2864 1042 2920 quo
1078 2848 1169 2903 die
1198 2863 1306 2904 nec
1336 2848 1518 2918 ignem
1570 2846 1915 2903 accendendi
1960 2846 2136 2901 facul-

549 2952 715 2998 tatem
740 2942 1043 3007 habebant,
1077 2954 1179 2996 nec
1201 2938 1678 3011 congerendorum
1708 2938 2006 3006 lignorum,
2034 2952 2136 2992 nec

2241 486 2343 540 την
2389 467 2553 522 αὐτὸν
2586 465 3066 528 ἀποδεικνύοντες,
3098 465 3180 525 εἰς
3212 461 3271 514 τδ
3302 459 3683 529 σταυρωθῆναι
3719 473 3824 510 πα-

2241 561 2520 634 ραδίδωσι,
2573 556 2963 630 φραγγελλίοι;
3019 555 3289 625 πρότερον
3338 550 3607 631 μαστίξας
3635 550 3821 603 αὑτόν.

2239 653 2340 706 Διά
2388 651 2548 705 τοῦτο
2597 650 2695 705 καὶ
2726 649 3025 710 ’κολάσεως
3075 649 3103 701 ὁ
3141 646 3376 707 Πιλᾶτος
3406 643 3581 707 ἄξιος,
3609 641 3694 695 δτι
3724 640 3824 695 καὶ

2234 744 2538 815 δυνάμενος
2576 742 2850 797 ἀπολῦσαι
2905 740 3075 795 αὐτὸν
3124 740 3170 811 (ι
3200 737 3511 804 Ἐξουσίαν,
3537 734 3670 804 γὰρ,
3716 750 3823 803 φη-

2242 837 2350 902 σὶν,
2382 836 2494 906 ἔχω
2521 834 2791 889 ἀπολῦσαί
2821 850 2902 897 σε,
2936 831 3034 885 καὶ
3064 829 3317 895 ἐξουσίαν
3358 826 3469 898 ἑχω
3504 824 3822 896 σταυρῶσαί

2243 944 2302 981 σε
2348 928 2395 997 ι)
2432 925 2592 981 τοῦτο
2635 927 2738 980 οὐκ
2790 924 3041 995 εποίησε,
3081 924 3211 986 τοὺς
3251 918 3544 982 Ἰουδαίους
3582 919 3678 972 καὶ
3716 918 3823 986 μά-

2237 1022 2398 1073 λιστα
2449 1016 2787 1087 πτοούμινος
2819 1015 3085 1083 λέγοντας
3105 1028 3121 1045 ·
3162 1030 3181 1064 ι
3219 1010 3350 1065 Ἑάν
3380 1008 3573 1064 τοῦτον
3606 1007 3819 1062 ἀπολύ-

2243 1129 2366 1183 anc,
2404 1112 2505 1164 οὐκ
2545 1104 2596 1163 εἶ
2649 1109 2805 1178 φίλος
2853 1106 2948 1160 τοῦ
2986 1102 3296 1173 Καίσαρος.
3326 1120 3346 1154 ι
3382 1100 3502 1171 Ἐφ’
3525 1096 3687 1169 ᾧκαὶ
3717 1118 3820 1153 καί

2240 1203 2586 1274 τακρίνεταυ
2620 1200 2717 1253 καὶ
2752 1200 2912 1268 δῆλον
2959 1197 3019 1263 ὲξ
3067 1190 3145 1251 ὢν
3191 1197 3220 1249 ὁ
3268 1195 3473 1265 Κύριος
3501 1193 3653 1262 ἔλεγε
3680 1192 3820 1264 πρὸς

2237 1294 2404 1351 αὐτόν
2431 1310 2443 1326 ·
2486 1311 2505 1344 ι
2544 1291 2615 1346 -'0
2669 1278 3001 1364 παραδιδούς
3052 1288 3120 1359 μέ
3168 1304 3251 1341 σοι
3285 1286 3512 1357 μείζονα
3539 1285 3819 1356 ἁμαρτίαν

2236 1387 2373 1458 ἔχει.
2408 1404 2428 1438 ι
2720 1448 2725 1452 ἢ

2311 1478 2416 1534 Τὸν
2447 1477 2631 1549 μέντοι
2658 1474 2852 1544 καιρὸν
2892 1475 2921 1528 δ
2953 1470 3347 1542 εὐαγγελιοτὴς
3373 1470 3629 1538 Ἰωάννης
3659 1486 3776 1539 παρ
3796 1499 3820 1510 ο

2267 1570 2457 1634 ιστῶν,
2489 1570 2654 1638 ἡνίκα
2682 1569 2711 1622 ὁ
2744 1567 2977 1629 Πιλᾶτος
3023 1564 3293 1618 ἐκάθισεν
3340 1565 3421 1625 είς
3467 1563 3632 1616 τόπον
3659 1560 3818 1629 λεγό-

2241 1679 2402 1733 μενον
2434 1660 2837 1731 Λιθόστρωτον,
2873 1659 2963 1714 ἵνα
2990 1657 3153 1729 κρίνῃ
3184 1656 3252 1709 τά
3290 1656 3431 1709 κατὰ
3464 1655 3556 1708 τὸν
3585 1653 3823 1723 Ἰησοῦν,

2238 1754 2454 1821 ἔλεγεν·
2497 1770 2516 1805 ι
2552 1746 2663 1805 Ἦν
2714 1750 2773 1804 δὲ
2836 1750 3169 1819 παρασκευὴ
3218 1745 3314 1802 τοῦ
3369 1744 3734 1816 πάσχαμῦρα
3762 1746 3824 1799 δὲ

2237 1847 2374 1900 ὡσεὶ
2404 1847 2562 1915 ἑκτη.
2599 1862 2617 1895 ι
2652 1844 2753 1897 Διὰ
2775 1841 2827 1896 τί
2865 1842 2924 1896 δὲ
2955 1842 2989 1911 ἡ
3015 1841 3151 1911 ἓκτη
3178 1841 3278 1911 τῆς
3308 1839 3603 1907 ἑϐδομάδος
3633 1839 3823 1909 ἡμέρα

2239 1940 2568 2009 παρασκευὴ
2611 1936 2707 1988 τοῦ
2758 1934 2946 2002 πάσχα
2992 1933 3213 2000 λέγεται
3244 1931 3395 2001 παρά
3422 1931 3499 1999 τῷ
3531 1930 3826 1999 εὐαγγελι-

2241 2033 2342 2103 στῇ
2372 2029 2632 2102 Ἰωάννης
2675 2028 2865 2096 Σαφὴς
2899 2026 2933 2095 ἡ
2969 2025 3121 2079 αἰτία
3163 2042 3247 2077 σοι
3280 2025 3592 2093 πρόκειται.
3638 2022 3826 2078 Καθά-

2239 2140 2353 2191 περ
2385 2122 2495 2193 γάρ
2527 2121 2589 2174 τὸ
2628 2118 2908 2174 Σάϐϐατον
2941 2116 3149 2187 ἑϐδόμη
3176 2116 3275 2185 μὲν
3312 2116 3498 2187 ἡμέρα
3528 2116 3627 2186 τῆς
3662 2116 3827 2169 £660-

2242 2215 2412 2285 μάδος
2467 2212 2608 2277 ἐστὶ,
2644 2212 2866 2279 λέγεται
2896 2209 2953 2263 δὲ
2982 2210 3134 2278 ὅμως
3172 2207 3450 2262 Σάδδατον
3492 2210 3609 2279 ἦτοι
3651 2208 3828 2264 κατά.

2241 2319 2448 2364 παυσις
2484 2301 2573 2355 διὰ
2604 2300 2703 2370 τὴν
2756 2301 2815 2352 ἑν
2868 2298 3021 2369 αὐτῷ
3068 2300 3375 2370 γενομένην
3430 2298 3538 2352 ἀπὸ
3600 2301 3826 2355 πάντων

2239 2393 2349 2446 τῶν
2393 2392 2572 2461 ἔργων
2598 2390 2944 2445 κατάπαυσιν
2967 2390 3111 2457 (τότε
3143 2390 3253 2461 γὰρ
3281 2391 3446 2461 ἀργεῖ
3470 2393 3498 2443 ὁ
3519 2390 3726 2457 δοῦλος,
3757 2394 3827 2445 τὸ

2238 2483 2443 2552 κτῆνος
2467 2482 2565 2535 καὶ
2588 2480 2660 2534 τὰ
2682 2481 2849 2534 λοιπά
2874 2481 3099 2547 πάντα),
3127 2480 3272 2535 οὕτω
3298 2483 3395 2535 κα)⁸
3423 2483 3458 2552 ἡ
3492 2484 3826 2552 παρασκευὴ

2240 2576 2376 2645 ἕκτη
2412 2573 2511 2643 μὲν
2539 2572 2725 2643 ἡμέρα
2746 2571 2847 2643 τῆς
2883 2572 3180 2643 ἑϐδομάδος
3212 2573 3353 2635 ἑστὶ.
3378 2572 3599 2642 λέγεται
3632 2573 3689 2628 δὲ
3716 2592 3827 2628 πα-

2241 2666 2487 2738 ρασκευὴ
2552 2667 2643 2721 διὰ
2696 2665 2759 2720 τὸ
2816 2664 3269 2737 παρασκευάζειν
3322 2668 3418 2720 καὶ
3470 2662 3585 2721 οἷον
3643 2669 3829 2721 εἰπεῖν

2238 2758 2562 2828 ἑτοιμάζειν
2592 2760 2721 2822 τοὺς
2763 2756 3053 2820 Ἰουδαίους
3086 2758 3144 2809 ἑν
3179 2759 3316 2829 αύτῇ
3357 2742 3549 2812 τάτοῦ
3598 2760 3824 2814 2:166!!-

2237 2870 2348 2907 του.
2386 2851 2475 2905 Ἐν
2516 2852 2667 2922 αύτῷ
2718 2851 2828 2922 γάρ
2875 2849 3002 2903 οὗτε
3072 2849 3186 2921 πῦρ
3231 2850 3368 2920 ἀψαι
3404 2853 3824 2923 συγχωροῦνται

2237 2944 2363 2998 οὔτε
2416 2943 2549 3015 ξύλα
2586 2942 2815 3007 συνάξαι
2870 2940 2998 2995 οὗτε
3057 2941 3130 2995 τὰ
3180 2941 3319 3012 πρὸς
3366 2945 3574 3013 τροφὴν
3628 2945 3826 3005 ἁπλῶς

548 3033 707 3088 cibos
740 3031 881 3087 adeo
911 3046 1156 3102 coquere
1184 3030 1408 3086 licebat.
1446 3024 1581 3095 Qua
1623 3028 1810 3084 omnia
1840 3027 1989 3098 quod
2044 3028 2130 3082 die

2241 3035 2548 3104 ἑτοιμάσαι.
2600 3032 2792 3087 Ταῦτα
2835 3030 3024 3085 λοιπὸν
3073 3032 3279 3102 ήέκτη
3312 3033 3825 3111 παρασκευάζουσα

547 3134 705 3180 sexto
739 3132 1163 3194 appararentur,
1219 3136 1424 3177 nomen
1457 3122 1552 3176 ille
1583 3120 1999 3190 praparatiouis
2030 3134 2124 3173 ac-

464 3238 477 3249 ~
547 3217 719 3287 cepit.
752 3216 925 3286 Igitur
949 3229 1076 3270 cum
1129 3214 1372 3287 Joannes
1398 3212 1736 3284 evangelista
1788 3212 1935 3266 diem
1985 3212 2129 3266 hunc

547 3306 1004 3373 praeparationem
1073 3300 1297 3357 Pascha
1371 3310 1573 3365 vocat,
1645 3309 1834 3371 aperte
1889 3301 2132 3355 ostendit

548 3394 773 3449 Judaos
811 3408 880 3448 eo
917 3405 1162 3463 tempore
1191 3407 1249 3447 se
1273 3392 1343 3447 ad
1390 3393 1618 3448 Pascha
1656 3392 1854 3447 festum
1886 3407 1953 3447 ex
1985 3407 2129 3461 pra-

549 3487 759 3553 scripto
840 3484 977 3553 legis
1035 3497 1395 3555 praparasse.
1452 3483 1666 3552 Quippe
1731 3495 1858 3553 post
1937 3483 2130 3537 horam

430 3604 437 3613 ι
553 3584 805 3639 sextam,
858 3575 949 3629 die
1017 3574 1222 3629 mensis
1256 3584 1457 3644 quarto
1511 3574 1765 3639 decimo,
1819 3576 2131 3631 fermentati

551 3681 720 3737 panes
748 3668 944 3722 om‘hcs
972 3666 1098 3736 igne
1133 3665 1474 3721 concremati
1508 3680 1540 3720 e
1586 3665 1769 3721 medio
1801 3667 2134 3722 tollebantur

549 3768 607 3812 et
637 3757 1014 3812 intermentati
1056 3757 1124 3810 de
1158 3770 1311 3809 more
1343 3755 1813 3825 praeparabantur.
1844 3754 1976 3823 Qua
2005 3773 2132 3812 cum

558 3850 634 3902 ita
669 3848 813 3914 sint,
838 3848 1131 3903 manifesto
1153 3848 1288 3902 licet
1319 3846 1642 3915 intelligere,
1693 3847 1747 3901 id
1779 3848 1926 3917 quod
1974 3847 2138 3903 Chri~

553 3947 673 3993 stus
703 3938 994 4007 discipulis
1027 3948 1283 4008 porrecto
1317 3954 1462 4008 pane
1495 3955 1560 3994 ac
1589 3940 1718 3995 vino
1751 3941 1967 3996 dederit
2015 3942 2130 4011 ipsa

462 4058 467 4063 ~
554 4044 767 4100 magna
797 4031 1005 4101 quinta
1035 4031 1188 4085 leria
1222 4046 1477 4102 vespera,
1508 4036 1892 4086 termentatum
1923 4033 2090 4088 fuisse
2116 4050 2131 4087 :

551 4122 759 4192 quippe
818 4122 1058 4176 necdum
1127 4122 1181 4176 id
1235 4131 1454 4192 tempus
1507 4125 1833 4193 appetierat,
1880 4141 1991 4193 quo
2022 4140 2132 4179 non

2239 3123 2569 3195 παρασκευὴ
2616 3123 3063 3193 κατωνόμασται.
3104 3120 3166 3177 '0
3203 3122 3385 3177 τοίνυν
3417 3123 3827 3196 εὐαγγελιστὴς

2240 3218 2501 3288 Ἰωάννης
2528 3217 2889 3289 παρασκευὴν
2920 3215 3016 3269 τοῦ
3042 3216 3235 3286 Πάσχα
3262 3216 3362 3287 τὴν
3394 3215 3649 3287 τοιαύτην
3680 3217 3828 3297 ἠμί..

2242 3328 2345 3380 ραν
2372 3310 2615 3373 καλέσας
2664 3308 2834 3373 ἔδειξε
2870 3311 3168 3378 προφανῶς
3197 3310 3282 3362 ὅτι
3314 3308 3543 3379 πρώτην
3572 3308 3668 3361 τοῦ
3709 3310 3826 3364 Πάο

2241 3420 2345 3473 σχα
2394 3400 2702 3473 τηνικαῦτα
2738 3400 3223 3471 παρεσκευάζοντο
3263 3400 3461 3471 ἑορτὴν
3497 3402 3548 3453 οἱ
3571 3400 3826 3455 Ἰουδαῖοι
3890 3450 3893 3451 ,

2240 3500 2383 3548 κατὰ
2412 3493 2511 3562 τὴν
2541 3493 2637 3546 τοῦ
2666 3494 2834 3563 νόμου
2870 3493 3137 3558 διάταξινο
3179 3488 3290 3546 ἀπὸ
3315 3493 3424 3562 γὰρ
3462 3493 3628 3561 ἑκτης
3667 3493 3827 3566 ὥρας

2238 3588 2337 3657 τῆς
2377 3585 2987 3657 τεσσαρεσκαιδεκάτης
3040 3585 3139 3654 τῆς
3204 3586 3435 3655 σελήνης
3461 3585 3678 3655 ἡμέρας
3710 3588 3827 3648 πᾶς

2245 3681 2346 3751 μὲν
2374 3680 2631 3751 ζυμωτὸς
2672 3678 2834 3746 ἄρτος
2889 3680 3024 3746 πυρὶ
3075 3678 3366 3746 καιόμενος
3396 3677 3716 3746 ἠφανίζετο,
3751 3680 3827 3731 τὰ

2240 3774 2299 3826 δέ
2328 3790 2392 3840 γε
2427 3775 2614 3842 ἄζυμα
2646 3772 2791 3824 κατά
2818 3772 2881 3823 τὸ
2909 3770 3101 3833 εἰωθὸς
3121 3769 3438 3839 ἡτοίμαζον.
3475 3770 3536 3822 Et
3566 3771 3826 3823 δὲταῦτα
3892 3782 3901 3785 ‘

2241 3866 2417 3929 οὕτως
2458 3865 2596 3935 ἔχει,
2650 3864 2906 3933 φαίνεται
2953 3863 3251 3933 προφανῶς
3306 3862 3391 3915 ὃτι
3453 3861 3516 3914 τὸ
3556 3861 3711 3914 δοθὲν
3751 3862 3824 3915 δι’

2241 3958 2409 4028 ἄρτου
2456 3958 2551 4009 καὶ
2606 3956 2753 4010 οἴνου
2801 3957 2954 4026 παρὰ
3005 3954 3244 4025 Χριστοῦ
3282 3953 3424 4007 κατὰ
3458 3956 3559 4025 τὴν
3585 3954 3687 4023 τῆς
3727 3973 3827 4026 με-

2242 4049 2417 4119 γάλης
2448 4049 2709 4117 πέμπτης
2744 4049 2988 4116 ἑσπέραν
3030 4047 3265 4116 ἐνζυμον
3293 4042 3382 4116 ἦν,
3416 4047 3497 4100 ὅτι
3539 4047 3674 4116 μηδὲ
3701 4063 3827 4100 και-

2246 4141 2341 4209 ρὸς
2398 4138 2628 4208 ἀζύμων
2658 4139 2925 4207 ἐτύγχανε
2954 4139 3077 4191 τότε
3107 4138 3249 4191 κατὰ
3295 4138 3393 4208 τὴν
3420 4139 3528 4190 τῶν
3553 4139 3825 4193 πλειόνων

554 4214 908 4268 t'ermentatis
948 4215 1186 4283 panibus
1213 4216 1478 4270 utendum
1538 4225 1704 4282 esset,
1741 4226 1801 4270 ut
1852 4216 2133 4271 hominum

2247 4232 2545 4301 ὑπόληψιν.
2591 4233 2763 4297 ’Ἄφες
2806 4231 2994 4283 ὶοιπδν
3052 4231 3181 4293 τοὺς
3211 4231 3321 4283 τῶν
3358 4229 3573 4284 πολλῶν
3602 4233 3821 4295 λόγους,

556 4305 755 4375 vulgus
818 4305 1119 4360 existimat.
1178 4306 1380 4361 Eorum
1430 4318 1488 4361 tu
1556 4310 1904 4362 sermonibus
1956 4310 2133 4363 valere

2245 4322 2341 4375 καὶ
2371 4323 2436 4390 τῇ
2487 4318 2787 4390 ἀκολουθίᾳ
2820 4319 2932 4370 τῶν
2984 4319 3146 4387 ίερῶν
3176 4318 3376 4385 λογίων
3406 4318 3664 4387 πρόσεχε.
3693 4318 3826 4371 Ὅτι

546 4396 727 4466 jussis
772 4398 940 4454 seriei
986 4414 1269 4456 sacrorum
1295 4401 1641 4455 oraculorum
1688 4400 1974 4455 inhareto.
2002 4400 2133 4456 Nam

2248 4414 2348 4483 μὲν
2390 4412 2498 4483 γὰρ
2544 4411 2688 4465 κατὰ
2741 4410 2841 4480 τὴν
2889 4412 3131 4479 ἑσπέραν
3179 4411 3279 4479 τῆς
3330 4411 3579 4479 μεγάλης
3631 4426 3824 4480 παρα-

552 4491 699 4559 quod
733 4506 944 4561 magna
981 4493 1203 4561 quidem
1256 4494 1676 4562 praparationis
1718 4508 1968 4563 vespera,
2025 4508 2133 4547 non

2243 4504 2449 4571 σκευῆς
2475 4541 2492 4567 ,
2543 4503 2607 4556 οὐ
2645 4502 2752 4572 μὴν
2787 4503 2845 4554 ἑν
2884 4505 2950 4571 τῇ
3009 4502 3223 4571 μεγάλῃ
3259 4502 3484 4571 πέμπτῃ
3531 4502 3769 4568 τυθῆναι
3796 4502 3828 4551 δ

550 4595 736 4639 autem
808 4600 1025 4655 magna
1090 4585 1297 4654 quinta
1373 4584 1521 4639 feria:
1597 4588 1919 4640 mactandos
1972 4586 2133 4640 fuerit

2241 4595 2413 4665 ἀμνὸς
2471 4594 2696 4664 ἔμελλε,
2750 4593 2911 4662 δῆλον
2956 4593 3055 4662 μὲν
3101 4594 3194 4646 καὶ
3238 4593 3297 4659 ἐξ
3348 4593 3524 4645 ἄλλων
3575 4592 3823 4655 πολλῶν,

551 4688 730 4742 agnus
755 4714 770 4739 ,
801 4690 929 4728 cum
963 4676 1088 4729 aliis
1117 4674 1307 4728 multis
1335 4688 1401 4728 ex
1427 4677 1765 4744 argumentis
1795 4677 1976 4746 colligi
2012 4692 2137 4747 per-

554 4766 749 4835 Spicue
814 4778 1017 4833 potest,
1059 4778 1170 4819 tum
1228 4781 1356 4820 vero
1411 4766 1464 4818 in
1498 4768 1690 4834 primis
1745 4783 1812 4821 ex
1864 4768 1971 4824 illis
2014 4785 2137 4838 qua.

556 4869 706 4906 nunc
761 4854 1056 4907 iudicaturi
1119 4869 1331 4908 sumus.
1393 4852 1542 4908 Diem
1600 4856 1778 4923 illum,
1813 4858 1916 4925 sub
1974 4860 2131 4929 cujus

554 4958 839 5012 vesperam
867 4943 1072 4999 Pascha
1105 4945 1467 5011 mactabatur,
1502 4957 1559 5002 et
1609 4947 2126 5006 int‘crmentatorum

553 5049 756 5103 panum
785 5035 953 5102 diem,
993 5043 1051 5091 et
1087 5038 1454 5096 consimiliter
1486 5041 1649 5095 etiam
1702 5041 1924 5098 Pascha
1974 5060 2134 5100 voca-

555 5125 686 5180 bulo
707 5126 989 5195 appellare
1019 5130 1293 5198 solebant,
1332 5133 1599 5188 nimirum
1633 5134 1703 5188 ab
1727 5136 1847 5204 ejus
1879 5151 2126 5206 vespera.

552 5214 686 5270 Nam
724 5217 855 5286 quia
888 5219 1230 5275 mactabatur
1261 5238 1434 5293 agnus
1466 5233 1522 5278 et
1567 5225 1938 5283 infermentati
1967 5244 2135 5299 panes

553 5308 995 5364 comedebantur
1049 5311 1168 5381 ipsa
1224 5313 1332 5369 diei
1390 5315 1590 5370 decimi
1639 5319 1822 5387 quarti
1879 5334 2135 5390 vespera.

551 5402 765 5458 idcirco
799 5404 966 5458 etiam
1024 5405 1147 5461 dies
1195 5406 1286 5462 hic
1314 5420 1550 5477 quartus
1581 5410 1831 5467 decimus
1862 5423 1975 5467 tum
2030 5415 2139 5471 Pa-

553 5496 719 5562 scha,
753 5504 868 5550 tum
912 5500 1240 5569 Azymorum
1286 5517 1487 5558 nomen
1520 5494 1781 5562 habebat.
1816 5504 1922 5562 llas
1952 5515 2134 5561 autem

532 5765 540 5770 _
626 5677 672 5707 ⁸⁸
699 5677 854 5735 Joan.
891 5694 1006 5743 XIX,
1048 5680 1111 5736 l0
1142 5697 1296 5755 seqq.

2241 4689 2341 4754 οὐχ
2391 4680 2558 4753 ἦττον
2613 4684 2669 4736 δὲ
2727 4686 2824 4736 καὶ
2858 4686 2923 4736 ὲκ
2965 4683 3076 4737 τῶν
3110 4684 3212 4754 ἥδη
3272 4684 3666 4754 ῥηθησομένων
3711 4701 3825 4738 σοι.

2242 4772 2354 4844 Τὴν
2383 4777 2596 4843 ἡμέραν
2635 4774 2854 4844 ἑκείνην
2893 4770 2959 4845 ἧς
2992 4777 3059 4843 τῇ
3089 4774 3300 4843 ἑσπέρα
3339 4776 3398 4826 τὸ
3431 4776 3626 4843 Πάσχα
3658 4775 3828 4826 ἐθύε-

2243 4885 2329 4930 το,
2363 4868 2461 4920 καὶ
2507 4866 2737 4937 ἀζύμων
2781 4866 2997 4936 ἡμέραν
3032 4868 3127 4918 καὶ
3174 4866 3367 4935 Πάσχα
3394 4867 3597 4936 ὁμοίως
3627 4868 3828 4918 καλεῖν

2241 4960 2499 5013 εἰώθασιν
2532 4960 2640 5013 ἀπὸ
2678 4960 2777 5026 τῆς
2810 4959 3051 5029 ἑσπέρας
3082 4959 3298 5021 πάντως
3341 4960 3531 5028 αὑτῆς·
3578 4960 3667 5010 καὶ
3710 4959 3829 5026 γάρ

2234 5051 2323 5103 διὰ
2351 5052 2411 5104 τὸ
2451 5051 2543 5104 τὸν
2574 5049 2748 5119 ἀμνὸν
2775 5048 3001 5103 θύεσθαι
3036 5051 3130 5103 καὶ
3181 5048 3283 5101 τά’
3307 5048 3496 5118 ἄζυμα
3534 5048 3827 5105 ἐσθίεσθαι

2238 5143 2306 5211 τῇ
2336 5142 2550 5212 ἑσπέρᾳ
2578 5141 2679 5209 τῆς
2710 5143 3338 5211 τεσσαρεσκαιδεκάτης.
3365 5142 3509 5195 κατά
3535 5140 3694 5194 τοῦτο
3723 5144 3831 5194 καὶ

2243 5233 2277 5302 ή
2322 5233 2379 5285 ιδ’
2414 5232 2556 5302 αὕτη
2594 5236 2688 5285 καὶ
2722 5233 2913 5302 Πάσχα
2949 5234 3045 5286 καὶ
3094 5231 3322 5300 ἀζύμων
3357 5232 3540 5303 ἡμέρα
3569 5232 3825 5299 ἑλέγετο.

2245 5323 2433 5378 Ταῦτα
2458 5324 2513 5377 δὲ
2552 5326 2622 5377 τά
2647 5325 2893 5394 ὀνόματα
2924 5327 3019 5378 καὶ
3051 5325 3152 5397 τὴν
3182 5323 3427 5394 μεγάλην
3457 5324 3831 5395 παρασκευὴν

2247 5416 2597 5485 κεκτημένην
2642 5417 2997 5486 εὐρξσκομεν.
3031 5417 3142 5469 Καὶ
3172 5417 3468 5487 πρόσσχες,
3515 5419 3563 5469 εἰ
3607 5414 3830 5482 βούλει,

2249 5510 2362 5570 τοῖς
2398 5506 2738 5580 λεγομένοις.
2801 5507 3000 5578 Πρώτη
3047 5509 3155 5563 τῶν
3222 5509 3451 5580 ἀζύμων
3506 5508 3729 5577 λέγεται
3794 5512 3834 5579 ἡ
