4110 6194
354 302 469 368 {13

1605 306 2006 367 ANNALIUM
2050 309 2242 369 PARS
2282 310 2395 369 III.

3497 321 3610 385 414

369 413 587 485 μεγάλη
622 411 851 483 πέμπτη
899 418 974 476 ὡς
1017 419 1122 484 πρὸ
1151 414 1259 467 τῶν
1299 413 1530 483 ἀζύμων
1560 411 1714 471 οὖσα.
1761 417 1947 471 Καθά-

2053 420 2449 488 appellationes
2480 427 2535 475 et
2597 436 2804 494 magna:
2848 428 3264 496 praeparationis
3285 428 3394 487 diei
3449 430 3614 489 tribui

360 518 468 577 περ
506 506 617 578 γάρ
670 508 699 560 ὁ
751 506 979 575 Μάρκος
1006 506 1109 576 τὴν
1141 505 1496 575 παρασκευὴν
1556 508 1937 576 προσάϐϐατον

361 600 551 666 ἔλεγεν
590 598 667 660 ὡς
706 597 877 651 οὖσαν
911 597 1020 669 πρὸ
1066 598 1161 651 τοῦ
1192 598 1498 663 Σαϐϐάτου,
1530 597 1673 669 οὕτω
1713 601 1810 654 καὶ
1838 600 1937 671 τὴν

364 687 616 758 μεγάλην
654 688 917 757 πέμπτην
969 689 1197 759 πρώτην
1247 689 1357 743 τῶν
1416 691 1645 761 ἀζύμων
1700 691 1853 761 λέγει
1910 694 1939 746 ὁ

359 775 654 842 Ματθαῖος
703 778 780 842 ὡς
819 777 927 847 πρὸ
956 780 1066 833 τῶν
1119 780 1349 850 ἀζύμων
1378 778 1569 848 οὖσαν,
1601 785 1746 840 καθά
1776 802 1941 855 φησιν

362 873 392 923 ὀ
450 869 551 941 τὴν
604 868 863 938 γλῶτταν
895 868 1135 938 χρυσοῦς
1160 886 1175 901 ο
1215 890 1234 922 ι
1270 864 1383 943 Τὴν
1417 874 1663 946 μεγάλην
1698 877 1939 945 ¹ἐνέφηνε

363 963 587 1026 πάντως
617 963 1000 1032 παρασκευήν.
1043 980 1060 1014 ι
1110 961 1346 1032 Ὁμοίως
1398 965 1454 1017 δὲ
1508 966 1602 1027 καὶ
1651 968 1936 1032 ὀΔουκᾶς,

365 1054 544 1109 ἐλθεῖν
603 1052 803 1121 λέγων,
841 1053 1123 1107 τουτέστιν
1159 1037 1470 1123 ἠγγιιῖίναι,
1522 1055 1619 1126 τὴν
1668 1055 1778 1109 τῶν
1811 1056 1943 1120 ἀζύ-

368 1163 489 1215 μων
514 1145 755 1216 ημέραν,
787 1145 855 1199 τά
902 1145 1044 1200 αὐτὰ
1079 1146 1155 1216 τῷ
1192 1146 1459 1216 Ματθαιῳ
1492 1148 1734 1218 ᾐνίξατο.
1782 1148 1942 1202 ’Δλλά

364 1240 459 1289 καὶ
497 1237 525 1289 ὸ
562 1236 838 1307 Ἰωάννης,
884 1236 992 1307 πρὸ
1045 1236 1144 1306 τῆς
1197 1239 1391 1308 ἑορτῆς
1428 1239 1522 1291 τοῦ
1565 1239 1758 1309 Πάσχα
1788 1240 1944 1307 γενέ-

366 1327 498 1381 σθαι
520 1328 696 1396 λέγων
723 1328 786 1381 τὸ
817 1320 1055 1396 δεῖπνον,
1091 1328 1258 1399 αὐτὴν
1286 1325 1408 1383 εἷπε
1430 1331 1529 1400 τὴν
1558 1331 1937 1403 παρασκευὴν,

374 1419 469 1472 καὶ
507 1418 731 1487 δηλοῦσι
766 1420 834 1473 τὰ
872 1420 1013 1489 μετά
1064 1418 1258 1472 ταῦτα·
1295 1419 1446 1487 λέγει
1478 1421 1585 1490 γάρ
1609 1437 1623 1451 ·
1666 1439 1684 1471 ι
1721 1420 1832 1473 Καὶ
1856 1422 1945 1474 αὑ-

370 1510 460 1562 τοὶ
515 1510 620 1563 οὐκ
670 1509 925 1579 εἰσῆλθον
954 1511 1042 1563 ἵνα
1084 1510 1159 1580 μὴ
1217 1510 1542 1580 μιανθῶσιν,
1575 1509 1691 1565 ἀλλ’
1722 1512 1810 1564 ἵνα
1839 1509 1944 1578 φά-

365 1616 509 1667 γωσι
537 1600 617 1652 τὸ⁶
653 1600 880 1670 Πάσχα·
922 1618 941 1651 ι
974 1600 1070 1652 καὶ
1121 1596 1300 1666 αὖθις,
1335 1618 1354 1652 ι
1397 1601 1556 1655 Ἐστι
1592 1600 1650 1655 δὲ
1680 1602 1945 1670 συνήθεια

368 1687 505 1756 ὑμῖν
549 1688 637 1740 [va
671 1687 771 1742 ἕνα
823 1688 953 1759 ὑμῖν
1002 1688 1263 1743 ἀπολύσω
1295 1691 1355 1743 ἑν
1384 1689 1462 1761 τῷ
1497 1692 1766 1761 πάσχατι,
1808 1709 1827 1744 ι
1862 1689 1942 1758 τῷ

369 1777 717 1849 ἑνισταμένῳ
747 1778 971 1850 δηλαδή.
1002 1777 1162 1833 Ἀλλά
1192 1781 1287 1833 καὶ⁵
1318 1780 1409 1832 τὸν
1439 1782 1633 1851 καιρὸν
1651 1780 1940 1850 ,παριστῶν

364 1871 533 1940 ἡνίκα
562 1871 590 1922 ὁ
620 1870 856 1939 Πιλᾶτος
894 1871 1154 1925 ἐκάθισεν
1183 1873 1264 1935 εις
1296 1872 1461 1925 τόπον
1490 1874 1613 1926 τινά
1635 1872 1944 1945 Λιθόστρω-

364 1980 463 2015 τον
528 1962 849 2033 λεγόμενον,
885 1962 1031 2018 οὕτω
1088 1963 1254 2033 φησιν
1279 1980 1294 1995 ·
1330 1983 1349 2016 ι
1382 1960 1489 2019 Ἦν
1521 1966 1579 2019 δὲ
1613 1966 1943 2037 παρασκευὴ

364 2055 465 2107 τοῦ
500 2055 715 2125 Πάσχα,
748 2054 866 2125 ῶρα
920 2054 978 2109 δὲ
1009 2055 1141 2108 ὡσεὶ
1169 2050 1325 2127 ἕκτη.
1360 2075 1380 2109 ι
1414 2057 1527 2113 Kai.
1565 2056 1941 2127 παρακατιὼν,

375 2166 397 2197 ε
427 2143 538 2200 Ἦν
566 2147 672 2218 γὰρ
714 2147 925 2231 μεγάλη
956 2149 989 2218 ἡ
1020 2147 1203 2219 ἡμέρα
1245 2150 1428 2219 ἐκείνη
1457 2148 1552 2201 τοῦ
1583 2149 1884 2203 Σαϐϐάτου.
1921 2168 1939 2201 ι

371 2236 640 2307 Μεγάλην
672 2238 728 2291 δι
778 2238 949 2308 αὐτὴν
1006 2238 1107 2291 οὐκ
1165 2238 1233 2292 ἂν
1281 2237 1453 2301 ἄλλως
1508 2239 1768 2293 ἐκάλεσεν
1792 2239 1841 2292 εἰ
1871 2240 1943 2309 μή

362 2346 484 2382 στου
545 2329 850 2382 συνέπιπτε
908 2327 987 2395 τῷ
1021 2327 1292 2400 Σαϐϐάτῳ
1323 2330 1518 2401 ἐκείνῳ
1548 2332 1581 2401 ἠ
1617 2329 1805 2401 πρώτη
1837 2332 1947 2384 τῶν

373 2420 604 2488 ἀζύμων
626 2419 834 2489 ἡμέρα,
862 2420 898 2489 ἠ
924 2419 1019 2472 καὶ
1045 2420 1178 2488 ἀγια
1212 2421 1363 2491 παρὰ
1395 2420 1472 2490 τῷ
1504 2421 1656 2490 νόμῳ
1684 2421 1949 2491 καλουμέ-

372 2528 466 2582 νη.
523 2509 711 2563 Ταῦτα
763 2509 820 2562 δὲ
880 2510 1061 2563 πάντα
1104 2498 1303 2579 σαφῶς
1365 2512 1804 2580 ὑπεμφαίνουσιν
1865 2511 1949 2564 ὅτι

368 2601 520 2654 κατὰ
548 2602 648 2667 τὴν
681 2601 1047 2672 παρασκευὴν
1079 2603 1297 2669 ἐκείνην
1355 2586 1593 2672 ἑσπέρας
1648 2601 1947 2671 ὁμολογου-

372 2690 558 2759 μένως
590 2688 651 2741 τδ
704 2689 898 2759 Πάσχα
931 2689 1139 2743 ἐθύετο.
1173 2690 1273 2742 Διά
1304 2689 1409 2760 γὰρ
1437 2689 1594 2743 τοῦτο
1634 2690 1728 2743 καὶ
1766 2708 1950 2761 παρα-

378 2780 585 2851 σκευὴν
618 2779 712 2832 τοῦ
749 2766 937 2851 Πάσχα
987 2778 1139 2835 εἶπεν
1170 2781 1339 2851 αὐτὴν
1388 2780 1461 2843 ὡς
1500 2779 1941 2853 παρασκευάζουσι

375 2889 480 2926 σαν
511 2873 581 2925 τά
608 2871 700 2924 τοῦ
734 2873 1088 2942 ἐνισταμένου
1140 2873 1357 2935 πάντως
1390 2872 1600 2941 Πάσχα.
1641 2872 1824 2941 Χωρὶς
1857 2870 1951 2923 οῦν

373 2963 687 3030 ἀντιλογίας
738 2966 795 3016 ἑν
822 2967 887 3034 τῇ
930 2966 1144 3035 ἑσπέρᾳ
1179 2946 1430 3032 φαίνεται
1459 2967 1558 3033 τῆς
1597 2962 1951 3033 παρασκευῆς

2040 510 2221 564 solere
2249 511 2415 580 218
2439 511 2921 581 deprehendimus.
2972 518 3041 571 Et
3071 520 3333 585 animum,
3369 524 3416 577 si
3448 524 3610 591 libet,

2039 601 2108 654 iis
2127 601 2399 656 advertito
2424 617 2546 672 quae
2574 605 2772 660 dicturi
2807 610 3256 677 sumus..Primus
3282 616 3612 682 Azyntorum
3720 636 3721 639 η

2039 691 2158 746 dies
2210 702 2443 747 vocatur
2495 709 2687 764 magna
2752 698 2943 765 quinta
3004 698 3164 764 l‘eria,
3222 710 3283 755 ut
3320 705 3414 772 qui
3466 705 3611 759 diem

2040 782 2372 853 Azymorum
2426 786 2676 854 proxime
2715 789 3083 843 antecederet.
3140 790 3613 857 Quemadmodum

2038 873 2187 954 enim
2228 874 2443 931 Marcus
2486 891 2696 945 magna:
2747 881 3166 948 praeparationis
3200 881 3343 938 diem
3393 868 3613 941 vocavit

2042 972 2169 1017 ante
2199 962 2520 1030 Sabbatum,
2544 969 2624 1022 uti
2665 984 2785 1037 qua:
2819 968 3117 1023 Sabbatum
3151 973 3503 1039 praecederet.
3533 978 3612 1032 sic

2040 1062 2097 1110 et
2134 1071 2382 1127 magnam
2415 1058 2560 1111 illam
2583 1059 2830 1128 quintam
2854 1060 3042 1114 feriam
3068 1062 3353 1120 Matthaeus
3382 1068 3607 1135 primam

2042 1148 2376 1219 Azymorum
2405 1148 2566 1213 dixit,
2601 1150 2678 1205 uti
2711 1166 2832 1220 qua:
2858 1152 3189 1223 Azymorum
3217 1155 3334 1210 dies
3365 1160 3611 1225 proxime

2044 1237 2405 1292 antecederet
2477 1257 2490 1292 :
2547 1240 2627 1294 sic
2675 1242 2843 1295 enim
2886 1257 3057 1295 aurea
3110 1242 3295 1314 lingua
3353 1246 3616 1315 praeditus

2042 1336 2231 1382 orator
2257 1328 2483 1399 colligit.
2516 1329 2723 1385 Eodem
2781 1331 2947 1386 modo
2993 1331 3171 1386 Lucas
3215 1334 3379 1388 etiam
3424 1330 3618 1389 dicens

2043 1417 2393 1485 adventasse,
2428 1420 2534 1474 hoc
2583 1430 2668 1475 est
2722 1421 3015 1490 appetiisse
3072 1422 3215 1477 diem
3264 1424 3614 1495 Azymorum.

2022 1508 2359 1583 ~significare
2418 1526 2652 1580 prorsus
2712 1511 2856 1566 idem
2891 1512 3037 1580 quod
3092 1511 3379 1567 Matlha'us
3427 1516 3617 1569 voluit.

2045 1599 2293 1669 Denique
2315 1599 2557 1655 Joannes
2589 1617 2714 1656 cum
2751 1610 2881 1656 ante
2912 1601 3137 1656 Paschaa
3168 1602 3366 1657 festum
3405 1618 3617 1659 caenam

2046 1700 2324 1761 peractam
2379 1692 2595 1756 scribit,
2632 1693 2778 1747 diem
2812 1694 3230 1763 praeparationis
3257 1694 3366 1748 hoc
3398 1694 3621 1749 Pascha:

2042 1781 2313 1837 vocabulo
2351 1782 2595 1839 denotat.
2631 1785 2783 1840 Licet
2810 1786 2916 1840 hoc
2951 1787 3018 1841 de
3047 1787 3233 1841 verbis
3266 1786 3411 1852 apud
3439 1787 3620 1855 ipsum

2044 1873 2306 1942 deinceps
2340 1875 2604 1943 subjectis
2632 1876 2964 1947 intelligere.
2995 1877 3088 1932 Sic
3113 1878 3261 1933 enim
3291 1878 3370 1931 ait
3402 1893 3417 1932 :
3452 1896 3471 1930 ι
3507 1878 3618 1946 Ipsi

2045 1961 2101 2016 in
2132 1963 2447 2031 praetorium
2481 1978 2587 2017 non
2616 1964 2909 2028 intrarunt.
2943 1981 3017 2022 ne
3064 1967 3461 2037 polluerentur,
3522 1966 3618 2021 sed

2045 2053 2253 2109 Pascha
2307 2062 2687 2110 vescerentur.
2720 2073 2741 2108 ι
2784 2056 2848 2109 Et
2878 2071 3100 2112 rursum
3137 2073 3154 2111 :
3186 2075 3205 2110 ι
3238 2057 3337 2113 Est
3358 2058 3518 2113 vobis
3570 2057 3622 2111 is

2047 2159 2169 2199 mos
2197 2153 2258 2198 ut
2288 2161 2456 2200 unum
2486 2146 2646 2200 vobis
2690 2147 2747 2201 in
2785 2147 2995 2202 Pascha
3042 2148 3375 2213 contionem,
3415 2167 3434 2200 ι
3463 2148 3621 2202 vide-

2048 2236 2178 2292 licet
2205 2252 2353 2291 nunc
2387 2237 2732 2293 imminente.
2778 2239 3049 2293 Prazterca
3107 2248 3319 2309 tempus
3368 2238 3620 2293 indicans

2049 2343 2159 2398 quo
2191 2338 2439 2399 tempore
2488 2328 2695 2384 Pilatus
2742 2329 2800 2384 in
2852 2329 2976 2384 loco
3017 2330 3255 2399 quodam
3307 2329 3623 2385 consederit

2049 2420 2143 2489 qui
2165 2420 2580 2489 Lapidipavium
2604 2420 2884 2475 diceretur
2907 2438 2922 2475 :
2948 2440 2967 2473 ι
2997 2421 3148 2483 Erat.
3174 2420 3375 2489 inquit,
3399 2420 3623 2476 Pascha:

2049 2512 2398 2579 praeparatio,
2438 2510 2574 2565 hora
2625 2510 2742 2567 fere
2772 2521 2948 2567 sexta.
2986 2530 3006 2563 ι
3046 2512 3187 2568 Hinc
3222 2513 3455 2567 ulterius
3499 2525 3623 2579 pro-

2050 2602 2303 2670 grediens
2331 2619 2346 2657 :
2383 2620 2402 2653 ι
2444 2602 2572 2656 Erat
2600 2603 2768 2667 enim,
2802 2603 2899 2670 ait,
2934 2618 3163 2672 magnus
3197 2612 3361 2672 atque
3406 2595 3625 2665 celeber

2054 2691 2145 2743 ille
2177 2690 2295 2745 dies
2331 2689 2579 2744 Sabbati.
2615 2708 2633 2741 ι
2668 2692 2740 2743 At
2765 2705 2896 2746 vero
2942 2706 3197 2760 magnum
3244 2700 3300 2746 et
3348 2691 3621 2746 celebrem

2053 2781 2203 2834 hunc
2235 2781 2381 2835 diem
2413 2796 2521 2835 non
2562 2780 2810 2847 dixisset,
2841 2785 2885 2837 si
2921 2782 3135 2850 primus
3159 2781 3622 2852 diesAzymorum

2058 2872 2113 2925 in
2146 2870 2445 2926 Sabbatum
2498 2871 2633 2926 illud
2679 2887 2789 2926 non
2850 2872 3155 2935 incidisset,
3195 2873 3290 2943 qui
3342 2888 3475 2928 sane
3503 2873 3623 2928 dies

2058 2974 2283 3019 sanctus
2315 2963 2481 3017 etiam
2514 2965 2569 3017 in
2601 2964 2721 3032 lege
2770 2974 3021 3021 vocatur.
3066 2964 3193 3018 Haec
3228 2972 3417 3025 autem
3438 2964 3623 3019 omnia
3653 2992 3676 3053 ζ

375 3057 442 3108 τὸ
475 3058 667 3126 Πάσχα
722 3056 988 3124 γίνεσθαι.
1020 3055 1084 3109 Ei
1120 3056 1195 3126 μὴ
1228 3056 1336 3126 γὰρ
1380 3056 1538 3108 τοῦτο
1567 3052 1657 3126 ἦν,
1703 3055 1803 3107 οὐκ
1830 3052 1894 3106 ἂν
1924 3054 1950 3105 ὁ

2055 3056 2198 3109 clare
2224 3054 2522 3109 ostendunt
2549 3054 2608 3108 in
2635 3068 2788 3109 more
2818 3054 2987 3108 fuisse
3013 3063 3073 3107 ut
3098 3055 3163 3107 ad
3198 3054 3625 3123 praeparationis

376 3146 779 3216 εῦαγγελιστὴς
843 3147 1123 3217 Ἰωάννης,
1162 3147 1321 3201 τοῦτο
1360 3148 1537 3215 ἔλεγε,
1576 3166 1592 3197 ι
1635 3146 1742 3198 Καὶ
1792 3145 1951 3197 αὐτοὶ¹

376 3242 481 3293 οὐκ
530 3240 780 3307 εἰσῆλθον
816 3240 895 3303 εἰς
926 3240 987 3293 τὸ
1019 3240 1356 3309 πραιτώριον
1384 3238 1474 3290 ἵνα
1505 3238 1580 3308 μὴ
1618 3236 1944 3307 μιανθῶσιν,

378 3334 493 3387 ἀλλ’
525 3337 617 3387 ἵνα
649 3334 867 3402 φάγωσι
898 3333 957 3386 τὸ
996 3333 1208 3401 Πάσχα.
1236 3350 1256 3383 ι
1285 3331 1395 3382 Καὶ
1428 3330 1720 3399 πρόσσχες,
1755 3327 1804 3379 εἰ
1831 3327 1953 3396 βού-

376 3428 485 3492 λει,
516 3425 595 3494 τῷ
646 3425 870 3493 μεγάλῳ
906 3425 1161 3495 Κορίλλῳ
1192 3423 1299 3493 πρὸ
1332 3422 1441 3475 τῶν
1476 3420 1650 3474 ἄλλων
1685 3421 1955 3489 ἐπισφρα-

378 3518 587 3585 γῐζοντι
621 3519 690 3569 τά
738 3517 966 3569 τοιαῦτα
1008 3522 1101 3569 καὶ
1137 3516 1352 3583 λέγοντι
1404 3514 1487 3567 ὅτι
1539 3512 1630 3565 τὸν
1676 3512 1848 3564 τύπον
1876 3527 1956 3561 τι-

384 3609 595 3678 μῶντες
645 3610 764 3678 ἦτοι
804 3610 864 3659 τὸ
904 3607 1197 3676 πρίϐατον,
1237 3605 1535 3657 κάντεῦθεν
1576 3602 1841 3655 εἰσελθεῖν
1874 3601 1956 3663 εἰς

379 3702 443 3754 τὸ
494 3700 835 3769 πραιτώριον
885 3699 945 3750 ού
1000 3695 1456 3767 προα-ρούμενοι,
1514 3694 1617 3761 τὴν
1686 3692 1953 3761 ἀλήθειαν

384 3793 550 3847 αὐτὸν
581 3793 674 3845 τὸν
710 3791 945 3861 Χριστὸν
1008 3789 1263 3857 ὕϐριζον·
1300 3786 1528 3857 ἔμελλον
1555 3786 1663 3855 γάρ
1696 3782 1848 3836 θύειν
1897 3782 1959 3835 τὸ

384 3884 582 3951 Πάσχα
636 3882 777 3935 κατὰ
832 3881 924 3932 τὸν
982 3881 1146 3950 νόμον
1210 3878 1302 3929 τὸν
1363 3877 1527 3945 μηδὲν
1589 3875 1720 3943 παρ’
1773 3874 1957 3935 αὐτοῖς

389 3962 668 4045 ἰσχύοντα.
697 3973 832 4026 Εῑὸὲ
868 3971 1041 4024 ταῦτα
1069 3960 1243 4031 οὔτως
1271 3970 1407 4037 ἔχει,
1441 3967 1805 4037 ματαιάζουσι
1829 3981 1960 4034 προ-

386 4063 573 4131 φανῶς
602 4064 651 4114 οἱ
679 4061 929 4129 λέγοντες
959 4060 1041 4112 ὅτι
1079 4059 1217 4111 κατὰ
1244 4058 1345 4127 τὴν
1383 4056 1623 4123 ἑσπέραν
1648 4054 1749 4123 τῆς
1783 4053 1958 4122 μεγά·

2052 3162 2335 3216 vesperam
2370 3146 2581 3201 Pascha
2617 3147 2757 3199 citra
2786 3145 3223 3201 controversiam
3272 3154 3624 3199 mactarctur.

2050 3242 2184 3296 Nam
2216 3239 2421 3294 idcirco
2445 3240 2590 3294 diem
2625 3238 2772 3293 hunc
2802 3238 3136 3308 evangelista
3167 3238 3619 3308 praeparationem

2052 3326 2275 3387 Pascha:
2338 3331 2699 3399 nuncupavit,
2744 3330 2988 3399 uti,quo
3042 3344 3132 3383 res
3181 3329 3247 3383 ad
3294 3328 3627 3382 eminentem

2053 3424 2274 3479 Pascha:
2299 3423 2445 3477 diem
2478 3422 2801 3477 necessariae
2830 3430 3237 3491 praeparentur.
3269 3418 3455 3487 Itaque
3488 3418 3625 3471 citra

2055 3527 2274 3567 omnem
2332 3510 2773 3564 adversationem
2833 3519 3061 3578 apparet
3111 3506 3338 3562 mactari
3398 3507 3621 3561 solitum

2056 3603 2223 3657 fuisse
2254 3617 2453 3677 agnum
2489 3603 2606 3671 ipsa
2647 3600 3064 3679 prteparationis
3110 3614 3357 3668 vespera.
3397 3582 3529 3651 Nam
3569 3600 3625 3651 ni

2058 3709 2145 3748 res
2178 3693 2251 3747 ita
2275 3708 2333 3747 se
2368 3693 2621 3757 haberet,
2662 3689 2902 3746 Joannes
2950 3691 3284 3763 evangelista
3328 3690 3487 3759 prius
3516 3704 3627 3743 non

2059 3783 2296 3838 dixisset
2334 3801 2349 3837 :
2396 3802 2415 3834 ι
2444 3782 2550 3852 ipsi
2604 3782 2660 3835 in
2693 3783 3009 3851 praetorium
3066 3797 3177 3834 non
3212 3782 3511 3845 intrarunt,
3566 3796 3635 3834 ne

2060 3871 2463 3941 polluerentur,
2494 3871 2586 3926 scd
2615 3870 2822 3926 Pascha
2869 3879 3245 3925 vescerentur.
3289 3889 3306 3921 ι
3341 3870 3475 3923 Vide
3500 3868 3633 3938 quid

2060 3976 2291 4032 magnus
2310 3962 2399 4015 ille
2418 3961 2971 4031 Cyrillusdicat,cum
2990 3957 3498 4030 hujusmodiverbis
3522 3958 3638 4011 hac

2060 4054 2212 4107 velut
2240 4050 2579 4121 obsignando
2610 4050 2901 4106 conﬁrmat
2928 4068 2942 4104 :
2974 4069 2993 4102 ι
3028 4049 3164 4105 Cum
3189 4050 3419 4118 figuram
3458 4048 3633 4101 hono-

390 4156 490 4221 λης
522 4155 783 4221 πέμπτης
814 4153 875 4203 τὸ
899 4151 1133 4203 τυπικὶν
1158 4149 1398 4201 ἐσθίεται
1431 4145 1722 4217 πρόϐατον·
1755 4147 1823 4198 τά
1850 4144 1950 4213 γὰρ

2064 4144 2220 4198 riiice
2251 4146 2521 4208 colerent,
2572 4143 2678 4197 hoc
2724 4151 2809 4196 est
2865 4156 3087 4211 agnum,
3138 4140 3372 4215 ideoque
3421 4138 3632 4207 ingredi

392 4247 584 4314 ἀζυμα
656 4245 924 4312 συστῆσαι
1004 4239 1434 4310 φιλονεικοῦντες
1488 4239 1950 4306 ⁹’παροιχοιρςέιττειι

2066 4235 2279 4289 nollent
2310 4234 2363 4287 in
2404 4232 2746 4304 praetorium,
2801 4231 3089 4285 veritatem
3137 4229 3333 4298 ipsam,
3375 4228 3639 4282 videlicet
3679 4230 3685 4238 '

388 4334 733 4405 ἐπιχειροῦσι
788 4333 1103 4394 κακοθελῶς
1147 4331 1244 4401 τὴν
1293 4330 1573 4396 ἀλήθειαν.
1606 4328 1714 4378 Ka‘t
1747 4326 1823 4395 μή
1872 4341 1950 4393 μοι

2064 4326 2367 4391 Christum,
2424 4323 2774 4379 contumeliis
2827 4321 3159 4377 adiciebant.
3219 4319 3355 4374 Nam
3403 4333 3470 4373 ex
3515 4317 3636 4386 lege

387 4432 483 4483 τὶν
516 4427 945 4497 χρυσορρήμονα
973 4423 1275 4491 παρείσαγε
1318 4421 1570 4487 Ἰωάννην
1601 4420 1657 4469 ἑν
1684 4419 1750 4485 τῇ
1784 4418 1865 4478 εις
1898 4414 1950 4468 τὲ

2065 4417 2272 4471 Pascha
2324 4416 2549 4469 mactari
2581 4415 2839 4475 debebat,
2886 4429 3005 4482 qua:
3064 4421 3245 4465 tamen
3304 4412 3397 4465 lex
3440 4425 3633 4479 parum

387 4519 535 4573 κατὰ
559 4518 838 4571 Ματθαῖον
887 4514 973 4569 πδ⁸
1000 4513 1186 4583 ὁμιλία
1214 4513 1443 4580 λέγοντα
1481 4512 1564 4563 ὅτι
1598 4509 1689 4561 τδν
1720 4506 1950 4574 Χριστὸν

2066 4507 2211 4577 apud
2249 4507 2395 4575 ipsos
2425 4505 2664 4559 habebat
2705 4504 2923 4558 roboris
2952 4515 3006 4557 et
3036 4500 3402 4557 auctoritatis.
3441 4519 3459 4552 ι
3506 4501 3639 4564 Quae

385 4612 437 4661 oi.
506 4608 750 4661 Ἰουδαῖοι
803 4606 1223 4676 ἀπροσδοκήτως
1276 4606 1652 4673 κρατήσαντες
1711 4599 1807 4652 καὶ
1856 4598 1950 4668 τὴν

2054 4617 2182 4658 cum
2224 4603 2297 4655 ita
2322 4601 2453 4664 sint,
2492 4597 2843 4669 perspicuum
2870 4609 2953 4652 est
2980 4612 3076 4651 eos
3118 4611 3255 4649 vana
3288 4594 3495 4654 dicere,
3539 4588 3637 4661 qui

390 4702 486 4755 τοῦ
526 4703 717 4771 Πάσχα
748 4686 996 4769 παρἰδεῐν
1024 4698 1228 4750 εἵλοντο
1269 4696 1461 4767 ἑορτὴν
1488 4692 1792 4763 τηνικαῦτα
1822 4708 1959 4761 συμ-

390 4792 718 4844 πίπτουσαν.
747 4790 934 4858 Ἔχεις
966 4788 1073 4855 γάρ
1095 4786 1259 4840 αὑτὸν
1294 4788 1349 4837 ἐν
1380 4787 1446 4855 τῇ
1474 4782 1569 4835 τοῦ
1596 4780 1740 4835 κατά
1774 4780 1956 4833 Ἰωάν-

384 4899 487 4948 νην
541 4876 850 4948 ιρμηνεεᾳ,
890 4875 1055 4943 ἡνίκα
1115 4873 1374 4938 λέγεται·
1429 4889 1449 4921 ι
1496 4872 1605 4922 Καὶ
1657 4868 1813 4922 αὐτοὶ
1857 4867 1957 4920 οὐκ

384 4971 639 5038 εἰσῆλθον
680 4970 767 5021 ἴνα
795 4969 870 5039 μὴ
909 4967 1234 5036 μιανθῶσιν,
1260 4961 1375 5014 ἀλλ’
1401 4960 1488 5013 ἵνα
1519 4960 1737 5028 φάγωσι
1767 4950 1827 5011 τὸ
1850 4959 1956 5011 Πά-

389 5080 520 5131 σχα,
553 5080 572 5112 ι
599 5061 781 5115 τέλεον
825 5056 1155 5128 ἀναιροῦντα
1206 5056 1306 5124 τὴν
1360 5051 1625 5120 τοιαύτην
1676 5051 1955 5103 ὑπόνοιαν.

389 5155 590 5210 Ἔνθεν
621 5169 708 5206 τοι
749 5152 844 5204 καὶ
876 5152 945 5203 τὰ
982 5148 1076 5202 τοῦ
1130 5148 1279 5200 θείου
1320 5142 1707 5209 κατεξετάζειν
1744 5142 1956 5211 ἀνδρὸς,
1998 5218 2003 5223 ξ

382 5247 553 5318 ἡνίκα
601 5247 698 5299 καὶ
749 5242 949 5311 μᾶλλον
996 5240 1335 5292 ιναντιοῦται
1390 5236 1526 5306 πρὸς
1569 5223 1774 5302 ἀλληλα
1809 5273 1823 5297 ,
1884 5233 1958 5303 μὴ

384 5340 531 5409 πρὸς
585 5336 771 5407 ἰσχύος
800 5336 1038 5405 ἔχοντες,
1076 5333 1255 5399 σιωπῇ
1287 5333 1385 5381 καὶ
1421 5328 1654 5396 μάλιστα
1696 5325 1959 5395 τιμᾶσθαι

385 5434 458 5485 τὰ.
501 5429 729 5484 τοιαῦτα
756 5428 873 5481 δέον
910 5427 1193 5498 κρίνομεν,
1230 5423 1347 5489 εἴγε
1378 5426 1476 5472 καὶ
1508 5419 1709 5488 μᾶλλον
1738 5417 1961 5482 εὔλογον

386 5528 458 5579 τὰ.
493 5525 704 5577 ὕστατα
749 5522 1025 5589 κατέχειν,
1060 5519 1143 5570 ὃτι
1192 5516 1287 5569 καὶ⁵
1330 5512 1601 5582 σύμφωνα
1642 5509 1815 5563 ταῦτα
1842 5511 1962 5571 ταῖς

386 5619 500 5671 τῶν
526 5616 732 5670 λοιπῶν
764 5613 1022 5681 Πατέρων
1057 5607 1425 5677 ὲπεξηγήσεσι
1464 5603 1765 5671 φαίνονται.
1798 5601 1962 5668 Λέγει

388 5713 486 5767 καὶ
512 5713 616 5782 γὰρ
651 5711 730 5761 ὅτι
769 5709 795 5759 ὁ
833 5704 1064 5774 λρεστὸς
1090 5701 1207 5770 πρὸ
1261 5698 1391 5768 μιᾶς
1434 5695 1604 5765 ἔξαγε
1646 5696 1703 5747 τὸ
1741 5695 1956 5763 Πάσχα,

2059 4695 2126 4747 ad
2162 4707 2444 4759 vesperam
2477 4706 2683 4758 magna:
2713 4691 2915 4760 quinta:
2960 4689 3105 4743 feria:
3140 4686 3367 4740 mactari
3410 4685 3634 4738 solitum

2058 4782 2228 4835 fuisse
2261 4781 2500 4851 typicum
2552 4781 2704 4833 illum
2768 4795 2968 4849 agnum
3022 4777 3267 4831 tradunt.
3318 4774 3454 4827 Dutn
3492 4772 3638 4827 enim

2040 4884 2265 4939 panum
2335 4869 2847 4923 iniermentalorum
2910 4882 3067 4918 usum
3134 4863 3367 4931 probare
3439 4860 3638 4928 insigni

2062 4962 2415 5015 contentione
2485 4961 2762 5022 nituntur,
2837 4956 3103 5010 malevolo
3160 4954 3493 5007 weritatcmr
3544 4950 3641 5005 dc-

2060 5070 2292 5125 pravare
2322 5062 2610 5107 conantur.
2643 5051 2829 5118 Neque
2866 5048 3000 5101 mihi
3052 5048 3159 5100 hoc
3204 5047 3326 5101 ioco
3371 5043 3641 5097 .IOannctn

2064 5144 2513 5215 Cbrysostomum
2541 5139 2891 5213 opposueris,
2929 5138 3024 5205 qui
3073 5136 3128 5189 in
3163 5136 3476 5190 orationum
3513 5132 3604 5184 illa
3627 5162 3640 5172 -

2063 5252 2184 5290 rum
2216 5233 2548 5302 octogesima
2575 5238 2791 5301 quarta,
2836 5228 3038 5297 quibus
3072 5224 3422 5281 orationibus
3462 5222 3646 5276 Evan-

2064 5327 2268 5397 gelium
2325 5323 2566 5379 Matthxi
2640 5321 2993 5390 explanavit,
3043 5318 3208 5386 219
3284 5314 3505 5370 Iudaeos
3559 5312 3639 5365 ait

2063 5419 2284 5473 Christo
2312 5424 2512 5486 praeter
2553 5413 3019 5483 exspectationem
3074 5413 3278 5479 potitos
3326 5400 3492 5461 etiam
3545 5403 3648 5455 Pa-

2066 5510 2208 5564 schm
2270 5508 2470 5562 festum
2527 5504 2811 5575 negligere
2874 5518 2984 5557 non
3037 5500 3339 5559 dubitasse,
3376 5486 3522 5563 quod
3586 5491 3643 5542 in

2066 5601 2218 5653 illum
2242 5601 2386 5653 diem
2422 5596 2731 5652 incidisset.
2767 5595 3034 5650 Nimirum
3070 5593 3236 5645 habes
3258 5588 3360 5640 alia
3392 5584 3641 5654 ejusdem

2065 5694 2231 5748 verba
2270 5695 2323 5746 in
2348 5689 2713 5761 explicatione
2755 5685 3032 5753 Evangelii
3088 5700 3115 5735 a
3163 5680 3369 5736 Joanne
3419 5675 3635 5746 scripti,
