4110 6194
1960 147 1986 154 ..ν

512 282 618 362 iis

1787 264 2212 343 nica,th
2252 261 2517 341 circa

3680 279 3784 342 4Ῑὸ

509 426 638 468 eum
667 407 876 465 dictum
926 404 1032 458 hoc
1084 374 1376 456 declarat:
1418 415 1434 447 ι
1475 395 1581 466 ipsi
1629 374 1738 448 non
1794 391 2096 453 intrabant,

2207 389 2390 460 τηρῶν
2436 391 2536 458 τὴν
2580 390 2778 443 ἑαυτοῦ
2830 391 3051 460 σιςατὴν
3085 389 3536 463 τῇπαρασκευῇ,
3571 393 3660 446 ὅτε
3690 399 3786 448 καὶ

517 519 587 559 ne
632 502 1036 572 polluerentur,
1089 490 1186 548 sed
1249 487 1474 572 Paseha_
1496 492 1876 542 vescerentur.
1916 501 1934 534 ι
1999 481 2136 534 llie'

511 563 658 649 enim
691 589 1012 661 opinionem
1044 586 1208 640 istam
1237 563 1474 650 prorsus
1493 576 1711 634 evertit.
1745 575 2098 644 Quapropter

509 699 634 740 cum
697 694 796 736 nos
846 677 1013 732 verha
1067 676 1244 731 divini
1303 674 1473 744 hujus
1518 669 1621 724 viri
1677 683 1798 722 asc
1858 665 2097 720 invicem

511 785 622 826 non
706 783 902 840 parum
961 761 1335 834 discrepantia
1396 761 1531 816 Satis
1612 757 1929 814 examinare
2002 764 2099 810 ne—

510 871 822 932 queamus,
897 858 1062 912 taeite
1124 854 1374 910 venerari
1454 851 1638 934 potius
1705 865 1770 904 ea
1845 847 2101 924 decrevi-

510 969 659 1008 mus.
737 953 816 1007 Ac
903 950 1141 1005 fortasse
1221 946 1399 1016 magis
1484 943 1686 998 rationi
1798 947 2097 997 consenta-

511 1062 678 1101 neum
745 1044 914 1099 fnerit
995 1041 1192 1096 ultimo
1266 1039 1393 1093 loco
1459 1037 1528 1092 ab
1609 1028 1728 1102 ipso
1792 1031 2101 1102 perscripta

512 1140 767 1202 retineri,
798 1137 942 1206 quod
975 1149 1042 1189 ea
1069 1149 1196 1189 eum
1236 1131 1579 1200 reliquorum
1612 1128 1836 1181 Patrum
1874 1138 2104 1180 enarra-

513 1233 763 1287 tionibus
796 1224 1117 1290 consentire
1159 1231 1480 1284 vrdeantur.
1516 1223 1607 1278 Ait
1643 1221 1790 1276 enim
1822 1217 2105 1274 Christum

2209 481 2273 533 τὸ
2309 483 2538 550 νομικὶν
2568 483 2759 552 Πάσχα
2795 483 3003 537 ἐθύετο.
3052 483 3174 536 ’Ὁτι
3213 484 3269 536 δὲ
3305 485 3365 536 τὸ
3396 485 3547 554 παρὰ
3577 486 3787 556 Κυρίου

2204 575 2316 636 τοῖς
2347 575 2670 640 ἀποστόλοις
2714 577 2773 629 ἐν
2817 575 2905 645 τῷ
2940 577 3143 646 δείπνῳ
3180 576 3334 628 δοθὲν
3363 576 3594 646 ἔνζυμος
3621 579 3790 648 ἄρτος

2203 659 2292 734 ἦν,
2339 667 2400 718 οὐ
2443 667 2550 736 μὴν
2579 665 2810 738 ἄζυμος,
2867 669 2943 731 ὡς
2991 668 3194 722 ἐκείνοι
3245 669 3712 739 διισχυρίζονται,
3763 673 3792 722 6

2203 755 2486 820 Θειότατος
2553 754 2712 820 οὗτος
2759 758 2901 828 ἀνὴρ
2951 757 3272 827 σαφέστατά
3325 774 3408 811 σοι
3466 759 3789 828 παρίστησι.

2207 848 2343 919 Περὶ
2378 849 2487 918 γὰρ
2515 849 2616 919 τῆς
2647 850 2884 913 παλαιᾶς
2915 851 3012 902 καὶ
3045 850 3151 917 τῆς
3185 847 3311 910 νέας
3340 848 3434 902 τὸν
3465 847 3624 916 λόγον
3671 863 3792 900 ποι-

2197 940 2427 1011 ούμενος
2457 939 2709 999 καὶ.τάδε
2757 944 2897 997 κατὰ
2950 942 3104 1013 ῥῆμα
3155 940 3444 1008 διέξεισιν·
3481 958 3502 994 ι
3548 940 3698 993 Ἐκεῖ
3731 939 3793 992 τὸ

2201 1034 2463 1105 γράμμα.
2515 1031 2619 1094 ὧδε
2679 1036 2741 1088 τὸ
2803 1035 3043 1104 πνεῦμα·
3079 1035 3198 1087 ἐκεῖ
3236 1035 3275 1104 ἢ
3323 1033 3577 1096 κιξωτδς,
3619 1028 3720 1086 ὦδε
3757 1034 3788 1102 ἡ

2206 1127 2501 1197 παρθένος·
2543 1127 2662 1184 ἐκεῖ
2721 1128 2770 1196 ἡ·
2800 1126 2998 1197 ῥάϐδος
3034 1126 3267 1199 Ἀαρὼν,
3314 1118 3415 1178 ὦδε
3455 1126 3483 1177 ό
3538 1122 3788 1194 σταυρός·

2203 1220 2323 1272 ἐκεῖ
2359 1219 2392 1270 6
2433 1218 2630 1288 ἀμνὸς,
2679 1198 2788 1272 ὧδε
2821 1217 2852 1272 6
2899 1198 3176 1286 Χριστόςέ
3205 1219 3324 1269 ἐκεῖ
3351 1215 3420 1268 τὰ
3452 1215 3658 1284 ἄζυμα,
3688 1209 3792 1268 ὧδε

512 1323 718 1377 Pascha
749 1319 1271 1376 comed‘endoldiem
1301 1332 1474 1371 unum
1505 1313 1864 1382 anticipasse,
1899 1310 2106 1365 macta-

2207 1310 2232 1362 6
2262 1309 2454 1380 ἄρτος.
2499 1327 2518 1362 ι
2548 1309 2738 1366 Ταῦτα
2793 1311 2893 1378 μὲν
2947 1307 3293 1379 ὲνεχαρὰχθη
3326 1317 3412 1360 σοι
3453 1305 3579 1360 κατ’
3607 1307 3796 1357 ἐπιτο-

513 1413 718 1480 u’onem
759 1427 918 1466 suam
959 1409 1024 1464 ad
1072 1409 1217 1463 diem
1271 1404 1694 1476 prmparationis
1727 1401 2104 1462 diﬁ‘ercntem,

512 1519 624 1574 quo
649 1503 737 1556 die
767 1503 978 1556 Pascha
1011 1501 1186 1570 legale
1223 1497 1453 1553 mactari
1505 1493 1881 1550 consueverit.
1914 1491 2106 1546 Fuisse

2207 1400 2337 1472 μὴν,
2397 1401 2474 1465 ὡς
2527 1403 2679 1472 ὁρᾷς
2729 1400 2852 1454 οὐδὲ
2908 1402 3020 1472 γὰρ
3067 1402 3303 1470 ἐγχωρεῖ
3350 1399 3420 1453 τὲι
3453 1399 3546 1452 τοῦ
3595 1396 3788 1467 καιροῦ

2207 1493 2390 1546 πλεῖον
2421 1491 2762 1562 ὲνδιατρίψαι
2784 1494 2899 1556 τοῖς
2939 1493 3070 1560 περὶ
3104 1492 3312 1544 τούτων
3341 1491 3538 1554 λόγοις

512 1607 696 1652 autem
750 1596 880 1661 illud
905 1593 1049 1664 quod
1075 1596 1128 1648 in
1151 1607 1308 1646 coena
1338 1590 1605 1645 Dominus
1643 1587 1910 1658 apostolis
1943 1585 2182 1656 praebuit
2222 1599 2416 1655 ιοιιοηι
2454 1586 2869 1645 fermentatum.
2915 1601 3026 1639 non
3077 1586 3334 1641 fet‘nicnti
3383 1596 3684 1656 expertem,
3735 1592 3796 1636 nt

513 1687 589 1740 illi
626 1682 905 1748 aséerunt,
951 1682 1096 1736 idem
1133 1679 1223 1732 hic
1289 1677 1674 1732 divinissimus
1701 1675 1800 1744 ,vir
1867 1673 2176 1730 clarissime
2216 1673 2516 1744 signiﬁcat.
2571 1675 2707 1730 Nam
2741 1675 2812 1730 de
2859 1675 3032 1730 veteri
3073 1692 3328 1745 novoque
3381 1675 3504 1730 find:
3528 1693 3586 1732 re
3628 1677 3789 1731 verba

511 1784 723 1838 faciens
749 1821 762 1845 ,

839 1798 856 1827 α
898 1777 1052 1843 Istic,
1107 1778 1204 1841 ait,
1259 1775 1440 1829 littera
1496 1781 1639 1838 erat,
1700 1771 1789 1824 hic
1849 1770 2106 1839 spiritus.
2146 1771 2274 1827 lstic
2312 1787 2460 1836 arca,
2501 1771 2590 1825 hic
2653 1770 2829 1841 virgo.
2863 1771 2989 1826 istic
3017 1769 3248 1826 Aaronis
3291 1773 3460 1841 virga.
3517 1771 3606 1826 hic
3633 1787 3790 1826 crux.

513 1872 642 1926 Istic
683 1865 879 1942 agnus,
936 1871 1026 1924 hic
1093 1867 1364 1922 Christus.
1415 1865 1544 1920 Istic
1604 1857 2014 1927 infcrmentala,
2085 1861 2176 1917 hic
2217 1864 2397 1932 panis.
2431 1882 2449 1914 ι
2489 1863 2612 1918 Ιίιεο
2658 1862 2900 1932 quodam
2951 1864 3005 1917 in
3062 1862 3409 1932 compendio,
3465 1877 3564 1917 ceu
3614 1863 3792 1929 vides,

513 1965 817 2036 perscripta
852 1961 952 2016 tibi
979 1970 1188 2016 sunto:
1233 1970 1452 2029 tempus
1477 1959 1625 2013 enim
1665 1971 1773 2010 non
1810 1956 2018 2025 patitur
2043 1963 2102 2009 ut
2140 1955 2349 2010 diutius
2389 1955 2456 2010 de
2491 1957 2656 2012 rebus
2681 1956 2838 2011 hisee
2870 1964 3330 2010 commentemur.
3439 1957 3443 1960 ’

587 2061 863 2127 Deinceps
895 2057 1160 2110 Dominus
1198 2061 1393 2110 noster
1414 2053 1574 2108 .iesus
1599 2049 1855 2106 Christus
1886 2050 1950 2104 ad
1976 2065 2102 2104 cru-
2137 2053 2180 2108 Β

513 2149 850 2220 ciligendnm
885 2147 1124 2202 traditur
1153 2163 1168 2200 :
1217 2155 1274 2200 tu
1303 2160 1425 2214 qua:
1458 2150 1756 2198 consecuta
1795 2141 1928 2204 sint,
1955 2140 2102 2194 vide.

519 2243 656 2296 Nam
689 2238 759 2293 ab
799 2239 935 2292 hora
953 2235 1077 2290 'diei
1108 2244 1262 2290 sexta
1289 2235 1530 2289 tenebrae
1558 2241 1759 2302 terram
1786 2231 2103 2286 universam

514 2336 867 2400 occuparunt
889 2327 954 2381 ad
987 2328 1183 2381 horam
1207 2339 1382 2394 usque
1407 2338 1632 2387 nonam,
1658 2324 1795 2387 Deo,
1822 2337 1924 2378 ceu
1952 2322 2106 2377 credi

518 2431 618 2485 par
648 2425 752 2481 est,
786 2403 1017 2485 propter
1045 2429 1110 2468 ea
1149 2429 1272 2483 quae
1296 2413 1732 2483 designabantur
1763 2411 2103 2482 indignante.

515 2507 634 2562 Non
658 2507 809 2560 enim
838 2505 975 2560 solis
997 2503 1277 2559 defectum
1317 2502 1610 2566 accidisse,
1637 2502 2108 2572 quemadmodum

513 2597 948 2667 Chrysostomus
983 2595 1103 2662 ait,
1156 2595 1252 2650 sed
1286 2609 1405 2649 rem
1438 2603 1606 2648 totam
1657 2593 1727 2648 ab
1756 2594 1835 2648 ira
1869 2601 1926 2648 et
1959 2594 2106 2648 indi-

515 2691 778 2760 gnatione
843 2689 1032 2744 divina
1082 2687 1388 2758 profectam
1445 2687 1658 2752 fuisse,
1711 2689 1842 2744 licet
1875 2704 1942 2743 ex
1987 2689 2108 2759 ipso

516 2782 685 2835 etiam
731 2789 980 2849 tempore
1014 2778 1317 2849 colligere;
1351 2779 1570 2834 duravit
1599 2779 1744 2834 enim
1781 2779 1903 2834 haec
1930 2779 2108 2850 caligo

521 2882 634 2926 tres
665 2871 854 2937 horas,
887 2885 1012 2940 qua:
1042 2870 1343 2934 caeteroqui
1389 2870 1506 2925 ﬁeri
1537 2870 1681 2926 solet
1725 2870 1781 2925 in
1819 2885 1930 2925 uno
1961 2881 2106 2927 tem-

518 2961 672 3031 poris
706 2966 1012 3016 momento.
1053 2962 1178 3016 llaec
1209 2961 1594 3032 Chrysostomi
1640 2971 1727 3017 est
1765 2962 1929 3017 ratio.
1958 2963 2108 3018 Divi-

518 3069 625 3108 nus
661 3063 844 3109 autem
869 3054 956 3108 vir
988 3053 1102 3118 ille,
1146 3053 1439 3123 Dionysius
1477 3055 1806 3124 Areopagita
1829 3095 1844 3120 ,
1885 3071 1996 3110 non
2032 3056 2107 3111 ita

519 3146 868 3215 simpliciter,
895 3145 993 3200 sed
1035 3161 1134 3214 per
1161 3145 1533 3216 objectionem
1573 3135 1824 3214 corporis
1853 3145 2064 3201 lunaris
2089 3187 2104 3212 ,

521 3241 696 3293 solem
723 3241 879 3294 velut
933 3241 1274 3295 obstruentis
1298 3279 1313 3303 ,
1370 3239 1714 3295 universales
1748 3241 1912 3296 hasce
1947 3251 2105 3296 tene-

519 3328 650 3384 bras
701 3330 982 3384 exstitisse
1034 3345 1180 3382 novo
1227 3329 1466 3398 quodam
1512 3337 1569 3383 et
1620 3329 1885 3384 inusitato
1941 3331 2106 3386 modo

521 3421 712 3474 tradit.
740 3421 876 3474 Nam
903 3419 970 3472 ad
1000 3419 1364 3489 Polycarpum
1410 3421 1756 3474 hierarcham
1790 3421 1857 3476 de
1885 3437 1952 3477 co
1980 3430 2104 3494 per-

520 3512 774 3567 scrihens
805 3511 953 3581 quod
1005 3510 1419 3580 Apollophanes
1459 3510 1709 3581 sophista
1735 3509 2104 3568 Christianam

521 3603 848 3674 religionem
909 3617 1018 3658 non
1076 3604 1528 3672 amplecteretur,
1587 3604 1652 3658 ad
1702 3607 1932 3660 verbum
1989 3606 2108 3662 haec

521 3692 782 3762 profert:
819 3710 837 3743 ι
879 3691 1058 3747 Dicito
1117 3702 1302 3747 autem
1349 3693 1400 3747 ei
1428 3735 1443 3760 ,
1485 3712 1504 3745 ι
1571 3693 1832 3749 nimirum
1879 3695 2108 3766 Apollo-

521 3784 713 3854 ph‘sni,
760 3803 779 3834 ι
819 3783 964 3849 Quid
1025 3783 1094 3838 de
1153 3783 1243 3838 illa
1280 3799 1473 3840 censes
1509 3785 1725 3855 eclipsi,
1761 3802 1882 3856 qua)
1913 3789 2108 3842 saluti-

522 3881 652 3931 ferae
682 3875 958 3946 passionis
991 3887 1242 3944 tempore
1266 3877 1517 3931 accidit?
1557 3894 1657 3933 nos
1682 3879 1828 3932 enim
1855 3880 2016 3934 ambo
2049 3879 2105 3935 id

521 3967 787 4037 temporis
813 3965 1087 4036 Heliopoii
1132 3981 1240 4022 una
1274 3973 1534 4033 eramus‘,
1561 3978 1617 4036 et
1663 3970 1858 4024 eodem
1897 3969 1953 4024 in
1983 3971 2106 4026 loco

523 4061 900 4115 consistentes
932 4061 1119 4114 lunam
1167 4060 1433 4115 inusitato
1465 4057 1629 4116 modo
1661 4064 1716 4116 in
1757 4063 1928 4117 solem
1965 4063 2106 4118 inci-

525 4151 657 4206 dere
699 4153 1109 4209 cernebamus:
1141 4155 1347 4225 quippe
1385 4172 1494 4210 non
1539 4157 1672 4211 illud
1697 4157 1970 4213 coitionis
2014 4173 2109 4212 eo-

527 4258 650 4296 rum
708 4244 952 4312 sidernm
1012 4255 1230 4320 tempus
1277 4256 1414 4304 erat.
1477 4249 1686 4303 Deinde
1745 4265 1937 4305 rursus
1986 4266 2107 4308 eam

525 4331 1004 4402 conspiciebanius
1032 4336 1100 4389 ab
1135 4337 1268 4390 hora
1313 4352 1455 4391 nona
1503 4355 1676 4409 usque
1709 4339 1778 4393 ad
1823 4356 2108 4410 vesperam

527 4423 742 4477 ratione
772 4426 1011 4494 quadam
1043 4428 1428 4506 ultranaturali
1477 4446 1544 4485 eo
1597 4447 1894 4500 reversam,
1947 4433 2110 4503 220

525 4523 587 4566 ut
636 4517 954 4584 Oppositum
1021 4519 1124 4573 sibi
1195 4535 1260 4573 ex
1315 4521 1587 4576 diametro
1635 4524 1806 4577 solem
1855 4525 2105 4580 haberet.

522 4605 837 4671 Quinetiam
877 4610 996 4680 ipse
1027 4611 1162 4666 adeo
1193 4619 1310 4665 tum
1353 4615 1616 4682 temporis
1649 4616 1935 4683 perculsus
1959 4629 2107 4672 metu

525 4698 766 4766 quodam
795 4701 1100 4769 obstupuit,
1144 4709 1204 4754 ut
1249 4703 1322 4756 ad
1364 4719 1449 4757 me
1485 4719 1788 4761 conversus
1845 4707 2056 4763 diceret
2091 4731 2105 4765 :

531 4787 678 4851 Haec,
707 4790 930 4860 Dionysi
959 4831 974 4855 ,
1024 4807 1207 4844 rerum
1243 4793 1555 4847 divinarum
1594 4808 1718 4852 sunt
1763 4797 2102 4854 vicissitudi-

525 4894 642 4932 nes.
677 4897 694 4929 ι
745 4879 901 4935 Hunc
963 4882 1016 4936 in
1077 4883 1300 4937 modum
1365 4887 1466 4940 hac
1495 4885 1562 4941 de
1595 4905 1652 4942 re
1680 4891 1990 4962 Dionysius.
2025 4892 2101 4948 De

525 4969 722 5024 iisdem
751 4973 995 5028 tenebris
1023 4975 1320 5032 salutiferae
1349 4981 1622 5048 passionis
1659 4991 1902 5052 tempore
1938 4986 2103 5040 olior-

527 5059 596 5112 tis
635 5061 804 5113 etiam
852 5062 1149 5120 Zacharias
1190 5079 1344 5123 vates
1388 5070 1708 5125 admiramla
1735 5075 1970 5143 quadam
2021 5093 2104 5132 ra-

527 5151 678 5206 tione
720 5154 968 5224 loquitur
1003 5175 1015 5211 :
1050 5178 1068 5210 ι
1107 5159 1226 5238 Illo,
1263 5163 1480 5230 inquit,
1529 5163 1618 5220 die
1649 5167 1738 5220 lux
1775 5169 1921 5223 nulla
1955 5171 2101 5226 exsi-

525 5253 632 5299 stct
663 5245 730 5312 ⁸⁷,
772 5265 789 5297 ι
822 5264 935 5318 quo
969 5249 1226 5306 videlicet
1257 5254 1509 5310 Christus
1531 5257 1583 5310 in
1614 5273 1832 5315 crucem
1866 5273 2056 5333 agetur
2085 5283 2099 5330 ;

533 5353 552 5385 ι
595 5335 690 5389 sed
724 5347 838 5390 toto
889 5338 978 5391 die
1007 5339 1179 5410 frigus
1209 5357 1275 5396 ac
1325 5347 1446 5414 gelu
1480 5347 1738 5416 durabit;
1791 5368 1953 5420 quem
1981 5355 2105 5422 qui.

526 5428 651 5481 dom
709 5428 855 5483 diem
924 5431 1192 5489 Dominus
1241 5439 1415 5491 novit.
1460 5459 1476 5490 ι
1515 5442 1659 5497 Deus
1717 5445 1860 5498 enim
1917 5449 2100 5501 omnia

525 5525 678 5591 prius
712 5525 934 5591 cognita
993 5527 1180 5582 habet.
1224 5530 1344 5585 Non
1383 5531 1428 5585 is
1464 5534 1582 5590 dies
1631 5537 1758 5604 crit,
1827 5556 1925 5595 nec
1971 5541 2101 5596 item

527 5632 653 5670 nox.
701 5618 971 5672 Nimirum
1010 5622 1272 5689 appellari
1315 5627 1433 5680 (llCS
1469 5633 1690 5698 proprie
1727 5647 1838 5684 non
1889 5644 2104 5702 poterat

575 5737 619 5768 ⁸⁷
661 5736 889 5794 Zachar.
935 5757 1045 5804 XIV,
1081 5744 1135 5800 6.

2293 2049 2354 2100 '0
2383 2049 2440 2102 δὲ
2471 2049 2675 2120 Κύριος
2709 2049 2868 2120 ἡμῶν
2914 2047 3120 2120 Ἰησοῦς
3149 2048 3387 2119 Χριστὸς
3412 2048 3494 2110 είς
3537 2046 3597 2100 τῦ
3633 2063 3798 2101 σταυο

2215 2138 2456 2208 ρωθῆναι
2486 2143 2879 2212 παραδίδοται·
2911 2143 3006 2194 καὶ
3033 2141 3136 2211 ὅρα
3162 2141 3228 2194 τὰ
3258 2140 3400 2210 μετὰ
3428 2139 3620 2194 ταῦτα.
3656 2140 3792 2193 Ἀπ’.

2209 2232 2318 2300 γὰρ
2347 2231 2515 2296 ἕκτης
2544 2232 2710 2300 ὥρας
2729 2217 2922 2297 σκότος
2965 2232 3187 2300 ἐγένετο
3211 2233 3309 2285 ἐπὶ·
3337 2233 3519 2285 πᾶσαν
3545 2230 3644 2302 τῂν
3683 2231 3791 2300 γῆν

2210 2323 2315 2386 ἕως
2358 2323 2507 2393 ὧρας
2538 2324 2790 2394 ὲννὰτης,
2817 2318 3264 2392 ἀγανακτοῦντος
3299 2325 3387 2378 ἐπὶ
3437 2327 3550 2386 τοῖς
3577 2324 3795 2393 τολμωι

2213 2415 2419 2482 μένεις,
2448 2413 2534 2469 οἷα
2560 2416 2729 2482 είκδς,
2760 2419 2851 2471 τοῦ
2877 2418 3034 2472 Θεοῦ.
3070 2419 3192 2471 Ὅτι
3230 2419 3340 2487 γὰρ
3375 2417 3474 2469 οὐκ
3511 2411 3581 2486 ἧν
3611 2415 3791 2469 ἐκλειέ

2208 2505 2323 2574 ψις,
2353 2510 2494 2563 καθὰ
2527 2527 2690 2578 φησιν
2722 2509 2749 2562 ό
2790 2509 2890 2578 τὴν
2927 2509 3176 2579 γλῶτταν
3211 2508 3469 2580 χρυσοῦς,
3502 2509 3618 2561 ἀλλ’
3645 2508 3790 2579 ὀργή

2211 2608 2303 2662 καὶ
2340 2606 2744 2674 ἀγανάκτησις,
2775 2603 2870 2656 καὶ
2919 2604 3028 2656 ἀπὸ
3061 2603 3154 2655 τοῦ
3187 2602 3386 2672 καιροῦ
3413 2601 3573 2674 δῆλον
3598 2616 3612 2632 ⁸
3643 2603 3794 2670 τρεῖς

2210 2698 2319 2768 γὰρ
2344 2696 2494 2766 ὥρας
2534 2694 2868 2764 παρέμεινεν
2909 2695 2942 2764 ἡ
2975 2693 3243 2762 ἔκλειψις,
3270 2694 3396 2764 ἥτις
3423 2694 3480 2746 ὲν
3514 2693 3614 2763 μιᾷ
3641 2693 3791 2758 γενε-

2211 2807 2300 2842 ται
2333 2787 2530 2858 καιροῦ
2587 2789 2749 2860 ῥοπῇ.
2803 2786 2914 2840 Καὶ
2968 2789 3036 2840 τᾶ
3097 2787 3198 2855 μὲν
3247 2785 3341 2839 τοῦ
3396 2785 3790 2854 Χρυσσστόμου

2211 2881 2438 2936 τοιαῦτα
2461 2897 2476 2912 ·
2510 2883 2538 2933 6
2568 2882 2626 2934 δὲ
2678 2881 2956 2944 Θειὸτατος
3004 2881 3282 2944 Διονύσιος
3315 2883 3343 2936 ό
3387 2881 3788 2950 Ἀρεοπαγίτης

2211 2977 2310 3045 οὐχ
2345 2974 2533 3038 ἁπλῶς
2584 2972 2748 3038 οὕτω,
2779 2975 2922 3027 κατὰ
2968 2975 3025 3027 δὲ
3074 2973 3397 3044 ἀντίφραξιν
3422 2974 3518 3043 τῆς
3552 2971 3788 3042 σελήνης

2209 3067 2269 3118 τὸ
2315 3068 2507 3130 σκότος
2549 3071 2727 3122 ἐκεῖνο
2781 3068 2930 3137 λέγει
2976 3066 3232 3136 γενέσθαι
3283 3065 3668 3137 καινοπρεπῶς
3723 3067 3784 3117 τὸ

2209 3159 2575 3226 παγκὸσμιον.
2635 3159 3004 3211 Ἐπιστέλλων
3057 3158 3166 3230 γὰρ
3222 3157 3451 3226 ίεράρχῃ
3496 3155 3571 3224 τῷ
3609 3155 3786 3206 Πολυο

2209 3247 2408 3316 κὰρπῳ
2443 3248 2530 3301 διὰ
2558 3248 2950 3319 τὺν.σοφιστὴν
2990 3249 3406 3317 Ἀπολλοφάνην
3443 3248 3520 3318 μὴ
3552 3246 3782 3298 καταδεο

2209 3339 2437 3407 χόμενον
2479 3340 2547 3392 τὰ
2589 3340 2936 3410 Χριστιανῶν
2988 3342 3084 3394 καὶ
3113 3339 3240 3394 τάδε
3290 3340 3426 3412 φησὶ
3458 3339 3598 3392 κατὰ
3629 3340 3784 3409 ῥῆμα

2131 3429 2174 3488 C
2209 3429 2347 3496 πρὸς
2395 3430 2595 3483 αὐτόν’
2633 3450 2650 3483 ι
2693 3431 2826 3485 Εἰπὲ
2877 3433 2934 3486 δὲ
2968 3431 3120 3503 αὐτῷ
3153 3432 3229 3501 τῷ
3269 3430 3683 3500 Ἀπολλοφάνει,
3717 3425 3785 3481 Τί

2208 3519 2388 3588 λέγεις
2416 3526 2546 3590 περὶ
2595 3524 2696 3593 τῆς
2746 3523 2804 3576 ὲν
2847 3523 2922 3594 τῷ
2955 3523 3210 3595 σωτηρίῳ
3247 3524 3465 3593 σταυρῷ
3498 3521 3793 3590 γεγονυίας

2209 3610 2542 3681 ἐκλείψεως
2577 3612 2907 3684 Ἀμφότεροι
2951 3615 3062 3684 γὰρ
3109 3617 3230 3668 τότε
3280 3617 3422 3667 κατὰ
3453 3614 3551 3684 τὴν
3600 3610 3792 3665 Ἠλίου

2212 3707 2368 3760 πόλιν
2403 3706 2522 3777 ἃμα
2556 3696 2824 3781 παρόντες
2857 3715 2950 3763 καὶ
2992 3710 3331 3775 συνεστῶτες
3360 3710 3684 3782 παραδόξως
3710 3710 3794 3777 τῷ

2208 3801 2347 3871 ἡλίῳ
2378 3801 2477 3870 τὴν
2510 3802 2742 3873 σελήνην
2767 3802 3153 3872 ἐμπίπτουσαν
3182 3803 3442 3874 ἑωρῶμεν
3471 3804 3555 3874 (οὐ
3581 3803 3691 3871 γὰρ
3719 3797 3793 3872 ἦν

2211 3893 2432 3945 συνόδου
2471 3895 2688 3964 καιρὸς)
2724 3893 2882 3957 αὖθίς
2921 3911 2981 3946 τε
3025 3895 3204 3965 αὐτὴν
3255 3895 3365 3948 ἀπὸ
3408 3895 3507 3963 τῆς
3557 3895 3792 3964 ὲννάτης

2209 3982 2360 4054 ὥρας
2399 3985 2534 4057 ἄχρι
2572 3986 2670 4057 τῆς
2703 3987 2944 4056 ἑσπέρας
2986 3989 3065 4050 είς
3097 3987 3158 4039 τὸ
3187 3985 3280 4039 τοῦ
3314 3987 3464 4056 ἡλίου
3495 3987 3794 4056 διάμετρον

2211 4065 2504 4148 ὑπερφυῶς
2540 4078 3046 4132 ἀντικαταστᾶσαν.
3083 4079 3354 4132 Τοσοῦτον
3382 4079 3440 4132 δὲ
3491 4081 3586 4132 καὶ
3621 4080 3793 4142 αὐτὸς

2210 4168 2488 4240 ἐξεπλάγη
2525 4170 2646 4222 τότε
2675 4171 2748 4234 ὡς
2784 4170 2926 4223 οὕτω
2952 4173 3088 4242 πρός
3122 4187 3189 4240 με
3217 4173 3412 4224 είπεῖι.
3455 4189 3472 4220 ι
3504 4171 3710 4236 Ταῦτα,
3741 4165 3793 4224 ὣ

2210 4265 2476 4331 Διονύσιε,
2514 4268 2674 4320 θείων
2739 4267 2971 4338 ἀμοιϐαὶ
3024 4267 3370 4338 πραγμάτων
3419 4268 3550 4322 είσί.
3609 4288 3626 4321 r
3679 4269 3794 4320 Καὶ

2209 4355 2383 4409 ταῦτα
2435 4357 2536 4426 μὲν
2588 4357 2777 4411 τοῦτον
2826 4357 2940 4428 ἔχει
2982 4359 3072 4410 τὸν
3125 4361 3348 4428 τρόπον.
3404 4360 3538 4429 Περὶ
3581 4359 3636 4410 δὲ
3689 4360 3791 4412 τοῦ

2213 4447 2533 4518 σκοτασμοῦ
2581 4450 2796 4502 ἐκείνου
2852 4449 2947 4502 τοῦ
3001 4451 3144 4504 κατὰ
3185 4451 3246 4503 τὺ
3297 4435 3566 4522 σωτήριον
3617 4451 3794 4514 πάθος

2211 4542 2500 4608 γεγονότος
2529 4542 2854 4611 Θαυμασίως
2877 4559 2994 4606 πως
3020 4544 3116 4596 καὶ
3147 4543 3222 4614 τῷ
3253 4546 3511 4615 προφῆτῃ
3536 4545 3792 4615 Ζαχαρία

2210 4631 2549 4699 διείληπταιο
2589 4631 2737 4700 λέγει
2763 4633 2894 4703 γὰρ,
2946 4653 2964 4685 ι
3015 4633 3106 4688 Ἐν
3143 4635 3327 4704 ἐκείνῃ
3351 4637 3416 4704 τῇ
3451 4635 3634 4704 ἡμέρᾳ
3686 4635 3794 4687 οὐκ

2211 4721 2363 4774 ἔσται
2398 4721 2513 4790 φῶς
2569 4724 2754 4792 (ἡνίκα
2795 4724 2996 4796 δηλαδὴ
3045 4726 3496 4796 σταυρωοήσεται
3552 4728 3579 4777 6
3643 4724 3786 4796 Χριο

2212 4814 2378 4883 στὸς),
2435 4815 2572 4868 ἀλλὰ
2617 4815 2791 4886 ψῦχος
2826 4817 2919 4870 καὶ
2960 4818 3135 4884 πάγος
3176 4819 3329 4871 ἔσται
3369 4819 3496 4888 μίαν
3529 4817 3746 4889 ἡμέραν
3775 4837 3790 4848 ·

2209 4905 2304 4958 καὶ
2336 4907 2368 4974 ἡ
2400 4905 2581 4976 ἡμέρα
2617 4909 2798 4978 ἐκείνη
2833 4911 3049 4980 γνωστὴ
3089 4911 3165 4980 τῷ
3197 4911 3410 4980 Κυρίῳ.
3449 4929 3466 4962 ι
3495 4913 3640 4963 "Avo:
3677 4912 3792 4980 γᾶρ

2209 4996 2425 5051 ἅπαντα
2465 5003 2877 5069 προεγίνωσκεν
2909 5003 2937 5054 6
2970 5002 3124 5066 Θεός.
3170 5004 3280 5056 Καὶ
3317 5007 3426 5072 γὰρ
3469 5004 3566 5072 οὐχ
3603 5005 3796 5072 ἡμέρα

2209 5093 2306 5144 καὶ
2350 5092 2411 5143 οὐ
2467 5091 2583 5158 νύξ.
2643 5093 2782 5146 Οὔτε
2833 5095 2942 5165 γὰρ
2999 5095 3184 5166 ἡμέρα
3228 5097 3438 5165 κυρίως
3491 5093 3559 5166 ἦν
3591 5096 3682 5149 διὰ
3723 5098 3794 5148 τὸ

2212 5183 2447 5254 τρίωρον
2478 5185 2655 5237 ἐκεῖνο
2697 5185 2908 5251 σκότος,
2946 5186 3068 5238 οὔτε
3116 5186 3215 5251 νὺξ
3264 5188 3482 5256 ἀληθῶς
3521 5189 3608 5241 διά
3629 5206 3689 5240 τε
3724 5195 3796 5241 τὸ

2215 5276 2408 5345 μέχρις
2437 5275 2601 5347 ἕκτης
2625 5277 2774 5346 ὧρας
2807 5280 2902 5330 καὶ
2933 5279 3071 5348 μετὰ
3099 5280 3198 5348 τὴν
3231 5282 3462 5350 ὲννὰτην
3494 5281 3800 5348 γενόμενον

2213 5366 2425 5432 φῶς.“0
2447 5367 2507 5437 δὴ
2540 5371 2633 5421 καὶ
2662 5367 2840 5438 δηλῶν
2874 5371 2902 5422 ό
2930 5372 3215 5440 προφήτης
3248 5370 3428 5440 ἔλεγε,
3468 5390 3486 5423 ι
3513 5371 3624 5424 Καὶ
3651 5372 3798 5441 πρὸς

2213 5457 2452 5526 ἑσπέραν
2494 5460 2648 5512 ἔσται
2684 5459 2818 5529 φῶς.
2863 5479 2879 5511 ι
2918 5461 3106 5514 Ταῦτα
3135 5461 3212 5524 δὲ,
3239 5462 3588 5532 ἁγαπητὲ,οὐ
3625 5463 3801 5530 μόνον

2214 5551 2493 5620 προφῆται
2537 5557 2820 5621 προεῖπον,
2850 5548 2987 5608 ἀλλά
3038 5556 3131 5607 καὶ
3169 5557 3228 5608 ἐν
3284 5555 3501 5618 πολλοῖς
3546 5555 3804 5624 Έλληνι,

2215 5644 2328 5704 κοῖς
2373 5643 2766 5713 ὑπομνήμασιν
2805 5645 3065 5716 εὓρηνται
3097 5664 3109 5677 ·
3156 5647 3251 5701 καὶ
3287 5648 3514 5717 σεισμὸν
3543 5650 3652 5717 γὰρ
3690 5649 3804 5717 μέο
