4110 6194
389 234 487 305 417

1618 238 2023 303 ANNALIUM
2065 231 2261 300 PARS
2303 231 2416 303 ΙῘῘ.

3508 230 3609 303 liii

386 374 489 424 γαν
522 354 818 426 τηνικαῦτα
849 354 1067 424 λέγουσι
1103 354 1375 424 γενέσθαι,
1420 355 1514 406 καὶ
1545 354 1735 415 σκότος
1762 351 1950 404 τοσοῦ-

2072 358 2277 418 ιτοριριο
2321 350 2437 402 illas
2471 348 2634 400 trium
2674 345 2933 401 horarum
2968 344 3222 403 tenebras
3249 363 3263 413 ;
3295 360 3395 402 nec
3429 358 3616 416 reapse

385 467 477 503 τον
510 448 649 501 ὥστε
689 450 922 518 ἀστέρας
954 449 1209 518 φανῆναι.

2060 456 2166 494 nox
2198 449 2318 493 erat
2351 447 2573 509 propter
2601 453 2719 493 eam
2770 439 2947 493 lucem
2973 478 2989 504 ,
3017 455 3138 508 quat
3161 451 3364 495 sextam
3422 440 3614 494 horam

386 542 683 596 antecessit
731 548 787 595 et
836 555 1036 593 nonam
1107 548 1193 594 est
1240 539 1554 595 subsecuta.
1597 536 1751 601 Quod
1800 536 1975 604 ipsum
2017 546 2237 603 quoque
2292 538 2444 584 vates
2496 532 2732 584 innuens
2800 530 3021 599 subjieit
3062 548 3076 584 :
3114 549 3132 581 ι
3170 531 3284 585 Sub
3334 549 3614 601 Vi‘Speram

386 623 479 683 lux
512 631 637 684 erit.
678 647 695 679 ι
761 627 949 696 Neque
988 636 1197 681 tantum
1266 627 1425 688 hanc,
1461 626 1661 680 dilecte
1693 625 1765 678 ﬁli
1796 667 1809 687 ,
1865 626 1944 680 sic
1992 642 2019 680 a
2062 626 2279 679 vatibus
2328 622 2574 693 exposita
2636 634 2798 687 sunt,
2856 638 3043 676 verum
3101 623 3265 678 etiam
3320 625 3372 678 in
3433 628 3621 681 multa
3703 680 3721 699 ρ

384 720 695 776 Graecorum
741 719 1122 774 monumentis
1159 726 1211 771 et
1244 720 1651 773 commentariis
1673 719 2050 787 reperiuntur,
2086 718 2178 787 qui
2252 732 2317 770 eo
2354 725 2600 786 tempore
2657 716 2882 770 tradunt
2943 726 3100 771 terra:
3174 729 3382 772 motum
3426 721 3608 791 iugem

386 827 493 872 tem
528 813 819 877 accidisse,
859 819 1147 878 tantasque
1173 810 1451 871 tenebras,
1489 819 1547 862 ut
1593 810 1709 878 ipsa
1742 824 1961 878 quoque
1986 809 2185 864 sidera
2224 809 2700 876 conSpicerentur.

455 910 592 961 Τότε
614 905 853 975 annos;
882 903 978 955 καὶ
1012 900 1357 971 προφητικὴν
1383 902 1634 971 ἐπιφέρει
1674 902 1830 971 ῥῆσιν
1860 902 1952 952 ἐπὶ

386 998 619 1068 σταυροῦ
646 996 743 1064 τὴν
774 993 917 1046 οὕτω
946 992 1208 1055 λέγουσαν
1237 1009 1255 1041 ι
1281 991 1384 1043 Θεέ
1415 1007 1539 1058 μου,
1575 989 1678 1041 Θεέ
1712 1007 1837 1057 μου,
1865 989 1953 1042 ἴια

383 1091 437 1142 τί
483 1105 550 1157 με
596 1086 986 1154 ὲγκατέλιπες;
1028 1101 1047 1134 ι
1094 1082 1375 1152 Ἐϐραϊστὶ
1412 1082 1468 1134 δὲ
1521 1080 1695 1134 ταῦτα
1740 1080 1950 1146 ἔλεγεν,

399 1182 539 1241 um,
564 1180 673 1248 ηλὶ,
706 1157 1250 1245 λαμμᾶθσαόαχθανί.
1283 1173 1438 1234 Τίνος
1460 1172 1681 1237 ἓνεκενς
1711 1172 1828 1225 Ἵνα
1859 1173 1954 1223 καὶ

382 1277 494 1333 τοῖς
540 1269 812 1330 Ἰουδαίοις
841 1266 1014 1320 ταῦτα
1051 1264 1333 1334 κατάδηλα
1364 1264 1615 1333 γένηται.
1660 1261 1803 1315 Ἀλλ’
1859 1262 1951 1313 ἐπὶ

383 1361 637 1416 τοσοῦτον
661 1359 948 1413 ἀκόλαστοι
975 1355 1072 1408 καὶ
1092 1354 1344 1421 ἀσελγεῖς
1375 1352 1527 1415 ὄντες
1557 1354 1783 1412 ἐκεῖνοι,
1807 1351 1951 1403 καθά

386 1470 549 1523 φησιν
587 1453 632 1503 ’ὁ
692 1449 791 1517 τὴν
838 1447 1082 1513 γλῶτταν
1136 1444 1391 1515 χρυσοῦς,
1446 1445 1708 1511 ἐνόμισαν
1768 1441 1955 1493 Ἠλίαν

384 1545 591 1598 καλεῖν.
626 1541 735 1594 Kal.
774 1535 921 1593 οῦτοι
963 1540 1061 1609 μὲν
1092 1536 1283 1600 οὕτως.
1333 1536 1473 1589 Ἀλλ’
1508 1538 1540 1605 ἡ
1581 1535 1731 1603 φωνὴ
1767 1532 1952 1602 ἐκείνη

386 1640 478 1690 καὶ
506 1636 566 1688 τὸ
596 1636 998 1701 καταπέτασμα
1025 1631 1238 1700 ἔσχισε,
1285 1632 1376 1682 καὶ
1405 1628 1473 1681 τὰ
1514 1628 1756 1697 μνημεῖα
1783 1626 1954 1694 ἀνέῳι

2126 899 2358 954 Protulit
2389 908 2500 951 tum
2535 899 2789 953 Christus
2818 899 2869 950 in
2901 912 3063 952 cruce
3098 901 3322 954 verbum
3359 903 3500 956 istuc
3524 914 3618 956 va—

2056 989 2126 1042 tis
2160 1007 2174 1041 :
2207 1008 2225 1039 ι
2264 987 2331 1040 Μί
2368 989 2529 1047 Deus,
2564 988 2633 1039 Ini
2670 988 2832 1049 Deus,
2864 1004 2960 1039 (-ur
2984 1003 3068 1041 me
3096 989 3453 1046 deseruisti?»
3487 995 3620 1048 Pro;

2058 1083 2181 1136 tulit
2212 1090 2394 1135 autem
2441 1081 2671 1135 vocibus
2726 1080 3007 1134 Hebraicis
3042 1081 3354 1151 hujusmodi
3386 1102 3399 1136 :
3443 1105 3460 1136 ι
3499 1088 3619 1149 Eli,

2056 1175 2177 1234 Eli,
2216 1173 2717 1226 lamasabachthani
2750 1172 2819 1224 ⁸⁸.
2866 1191 2882 1221 ι
2922 1172 3033 1227 Cur
3087 1174 3280 1227 istuc?
3339 1185 3399 1229 ut
3449 1178 3622 1231 Judwi

2056 1279 2119 1316 ea
2148 1263 2538 1331 intelligerent.
2572 1262 2649 1315 Illi
2683 1276 2815 1316 vero
2849 1271 2994 1316 tanta
3029 1262 3287 1317 furebant
3323 1266 3621 1333 petulantia

2058 1364 2112 1407 et
2141 1354 2493 1421 procacitate,
2531 1353 2991 1422 quemadmodum
3039 1354 3464 1425 Chrysosmmus
3503 1361 3577 1413 ait
3606 1390 3621 1415 ο

2060 1455 2118 1497 ιιι
2146 1444 2322 1512 ipsum
2353 1446 2729 1498 existimarent
2753 1444 2923 1499 Eliam
2955 1460 3172 1500 vocare.
3202 1448 3397 1502 Verum
3424 1450 3487 1502 e'a
3521 1464 3621 1503 vox

2056 1546 2112 1589 et
2145 1535 2337 1604 templi
2381 1537 2558 1589 velum
2589 1536 2784 1590 dillidit
2831 1545 2884 1590 et
2933 1539 3147 1607 aperuit
3178 1540 3463 1607 sepulcra;
3505 1556 3625 1609 qua:

2059 1620 2274 1680 tametsi
2302 1635 2596 1680 cernerent
2628 1627 2879 1681 homines
2926 1628 3000 1681 illi
3047 1629 3255 1694 stolidi,
3284 1645 3510 1699 prorsus
3543 1640 3624 1685 ta—

386 1730 495 1793 ξεν.
537 1726 675 1780 Ἀλλ’
703 1727 752 1779 οἱ
792 1726 1012 1794 μάταιοι
1062 1725 1155 1777 καὶ
1197 1722 1420 1775 τοιαῦτα
1453 1720 1743 1789 βλέποντες
1778 1717 1956 1770 συνιέά

2072 1732 2187 1771 men
2229 1717 2533 1785 intelligere
2596 1718 2879 1772 nolebant.
2942 1719 3055 1773 lino
3119 1720 3282 1774 etiam
3316 1722 3500 1775 verbis
3526 1722 3629 1775 hua

385 1839 473 1872 ναι
507 1819 643 1879 ὅλως
685 1819 786 1870 οὐκ
816 1817 1028 1886 ἤθελον.
1062 1814 1276 1889 Μᾷλλον
1309 1814 1406 1882 μὲν
1439 1808 1558 1877 οῦν,
1600 1830 1619 1860 ι
1648 1810 1959 1864 Καταΰὰτω

385 1912 447 1961 ἐκ
473 1908 569 1960 τοῦ
609 1905 903 1976 σταυροῦ,»
946 1904 1154 1971 ἔλεγον,
1186 1921 1204 1953 ι
1241 1903 1326 1955 ἵνα
1376 1903 1576 1971 ἴδωμεν
1606 1902 1697 1953 καὶ
1742 1898 1959 1951 πιστεύε-

387 2016 592 2068 σωμεν.
635 2015 655 2050 ι
706 1995 846 2048 Ἀλλ’
881 1996 1086 2056 ἐκεῖνος
1114 1995 1175 2046 ὲν
1216 1991 1293 2062 τῷ
1328 1990 1548 2061 σταυρῷ
1583 1991 1779 2060 μένων,
1817 1987 1890 2048 ὡς
1933 1986 1961 2037 ὁ

384 2086 803 2157 Χρυσορρήμων
846 2084 1034 2151 φησιν,
1064 2083 1122 2135 ἒν
1156 2086 1267 2145 τοῖς
1311 2081 1423 2135 τῶν
1462 2079 1663 2133 δούλων
1715 2080 1961 2146 σώμασιν

384 2180 450 2232 ὲκ
502 2177 827 2246 περιουσίας
878 2175 1119 2227 ἐδείκνυε
1174 2172 1336 2225 τοῦτο
1388 2173 1625 2236 πολλῆς·
1657 2174 1705 2223 εί
1746 2171 1856 2239 γὰρ
1901 2170 1961 2221 τὸ

382 2270 710 2339 τεταρταῖον
739 2266 977 2330 ἐξελθεῖν
1004 2265 1381 2335 τδνΛάξαραν
1411 2265 1573 2334 μέγα,
1615 2262 1792 2331 πολλῷ
1821 2261 1956 2330 μᾶλ-

385 2363 476 2414 λον
523 2338 586 2412 τὸ
628 2338 868 2420 ⁸πολλοὺς
910 2357 1020 2409 τῶν
1068 2357 1237 2409 πάλαι
1292 2356 1668 2425 κοιμηθέντων
1722 2354 1961 2423 φανῆναι

389 2453 599 2517 ζῶντας
637 2451 856 2521 ἀθρόον.
876 2450 988 2502 Καὶ
1013 2448 1285 2519 πρόσσχες
1313 2448 1391 2519 τῷ
1419 2448 1680 2518 θειοτάτῳ
1698 2446 1963 2516 Ματθαίῳ

389 2544 520 2610 περὶ
546 2539 751 2593 τούτων
780 2539 923 2591 οὓτω
952 2538 1201 2603 λέγοντιι
1240 2555 1258 2589 ι
1285 2536 1466 2589 Πολλὰ
1509 2537 1565 2589 δὲ
1596 2535 1826 2605 σώματα
1854 2535 1961 2587 τῶν

387 2632 810 2701 κεκοιμημένων
862 2630 1032 2698 ἁγίων
1079 2628 1417 2699 ⁴ἠγέρθησαν,
1463 2628 1560 2682 καὶ
1598 2627 1849 2697 εἰσῆλθον
1884 2626 1963 2689 είς

389 2727 488 2796 τὴν
525 2727 690 2799 ἁγίαν
737 2724 913 2789 πόλιν,
943 2724 1039 2777 καὶ
1074 2722 1516 2793 ἐνεφανίσθησαν
1566 2721 1780 2785 πολλοῖς
1824 2719 1962 2789 μετὰ

314 2836 315 2839 ‘
388 2819 488 2887 τὴν
525 2819 743 2885 ἔγερσιν
779 2815 968 2870 αὑτοῦ.
1005 2833 1025 2866 ι
1087 2813 1230 2868 Ἀλλ’
1283 2813 1517 2873 ἐνταῦθα
1552 2813 1843 2883 προσέχειν
1904 2826 1964 2861 σε

389 2908 563 2973 ἄξιον.
595 2908 657 2959 Εἰ
696 2908 803 2977 γὰρ
831 2908 973 2960 κατὰ
1005 2905 1096 2958 τὸν
1124 2906 1546 2975 χρυσορρήμονα
1588 2904 1838 2972 Ἰωάννην
1868 2903 1964 2955 ἐπὶ

392 3000 627 3067 σταυροῦ
662 2999 743 3051 ἔτι
772 2997 928 3061 ὄντος
953 2995 1048 3049 τοῦ
1076 2997 1315 3067 Χριστοῦ
1345 2998 1413 3049 τὰ
1450 2995 1677 3048 τοιαῦτα
1718 2992 1960 3063 ἠγέρθη-

392 3107 489 3143 σαν
520 3088 771 3158 σώματα,
805 3088 922 3151 πῶς
951 3086 1355 3157 ἐμφανισθῆναι
1378 3086 1551 3139 ταῦτα
1582 3084 1721 3152 μετὰ
1743 3086 1842 3154 τὴν
1869 3082 1962 3135 τοῦ

395 3179 633 3252 Χριστοῦ
699 3180 918 3249 ἔγερσιν
969 3182 996 3231 ὁ
1054 3178 1450 3247 εὐαγγελιστὴς
1512 3178 1753 3245 ἱστορεῖς
1825 3173 1965 3241 Ἐγὼ

392 3273 608 3325 δέδοικα
654 3273 863 3341 μήποτε
915 3272 976 3323 τὸ
1009 3269 1198 3324 αὐτοῦ
1228 3271 1348 3322 ἀντὶ
1398 3269 1489 3321 τοῦ
1523 3268 1721 3323 αὐτῶν
1766 3268 1970 3335 ὀίξείλει

392 3362 868 3430 ἀναγινώσκεσθαι
894 3380 909 3395 ο
956 3366 1025 3417 τὰ
1065 3366 1176 3434 γὰρ
1207 3366 1441 3433 σώματα
1477 3366 1664 3416 ἐκεῖνα
1700 3364 1838 3431 μετὰ
1873 3364 1969 3430 τὴν

396 3460 459 3508 ἐκ
487 3456 700 3525 νεκρῶν
735 3454 952 3525 ἔγερσιν
1006 3456 1185 3509 αὐτῶν
1243 3456 1339 3508 καὶ
1395 3454 1713 3524 είσήλθοσαν
1754 3454 1833 3515 εἰς
1869 3453 1968 3523 τὴν

398 3546 558 3614 ἁγίαν
594 3546 748 3598 πόλιν
801 3546 896 3599 καὶ
943 3546 1375 3615 ἐνεφανίσθησαν
1432 3545 1667 3606 πολλοῖς.
1698 3544 1831 3595 Τότε
1884 3543 1971 3611 δὴ,

399 3639 517 3689 τότε
545 3641 640 3689 καὶ
663 3638 697 3706 ὴ
732 3640 1044 3707 προφητικὴ
1074 3638 1233 3707 ῥῆσις
1265 3637 1424 3688 ἔλαϐε
1452 3638 1625 3705 πέρας
1661 3637 1695 3703 η
1728 3636 1968 3701 λέγουσα

402 3732 510 3790 τοῖς
556 3731 615 3780 ὲν
665 3729 908 3796 δεσμοῖς,
954 3729 1250 3794 Ἐξέλθετε,
1281 3745 1373 3779 κα.
1412 3732 1525 3789 τοῖς
1562 3728 1620 3779 ὲν
1653 3727 1731 3796 τῷ
1770 3727 1972 3791 σκότει,

418 3818 912 3873 Ἀνακαλύπτεσθε.
943 3820 1049 3871 Καὶ
1072 3820 1215 3871 κατὰ
1248 3820 1347 3887 μὲν
1369 3820 1468 3886 τὴν
1499 3819 1675 3886 ἕκτην.
1698 3817 1867 3886 ὥραν,
1897 3816 1973 3880 ὥς

408 3929 567 3979 φασιν
625 3913 680 3963 αἱ
732 3912 968 3982 Γραφαὶ,
1014 3913 1340 3981 σταυροῦται
1400 3915 1428 3963 ὁ
1484 3912 1707 3979 Κύριος,
1741 3911 1880 3962 κατὰ
1918 3909 1975 3961 δὲ

406 3999 500 4066 τὴν
529 3999 755 4066 ὲννάτην
785 3998 845 4051 τὸ
870 3997 1091 4066 πνεῦμα
1124 4000 1241 4059 ταῖς
1282 3998 1572 4068 πατρικαῖς
1607 3999 1765 4067 χερσὶ
1794 4010 1975 4063 παρα·-

402 4091 637 4161 τίθησιν.

2056 1807 2297 1877 jusmodi
2340 1808 2749 1875 obganniebant
2780 1825 2794 1861 :
2844 1828 2863 1859 ι
2922 1811 3225 1864 Descendat
3256 1811 3323 1865 de
3349 1828 3534 1878 cruce,
3572 1826 3629 1866 ut

2061 1914 2125 1954 ea
2162 1912 2219 1951 re
2259 1899 2374 1952 visa
2422 1898 2583 1953 fidem
2636 1900 2735 1968 ipsi
2792 1900 3094 1955 habeamus
3119 1903 3186 1956 ”.
3230 1921 3247 1954 ι
3282 1903 3479 1958 Verum
3513 1905 3628 1973 ipSe

2066 1990 2120 2043 in
2160 2005 2324 2044 cruce
2368 2005 2619 2055 manens,
2652 1999 2712 2044 ιιι
2769 1992 3197 2063 Chrysostomus
3250 1993 3448 2063 inquit.
3482 1994 3626 2063 quod

2063 2081 2130 2134 ab
2161 2096 2226 2134 eo
2257 2083 2661 2150 postulabatur,
2703 2084 2756 2137 in
2796 2098 3024 2137 suorum
3073 2098 3355 2139 servorum
3384 2088 3631 2154 corporis

2064 2170 2167 2225 bus
2191 2173 2445 2226 excitatis
2483 2190 2510 2225 ιι
2541 2184 2716 2227 morte
2743 2173 2977 2241 quadam
3012 2174 3157 2229 velut
3187 2190 3251 2227 et
3295 2175 3631 2229 abundantia

2065 2262 2399 2316 declarabat.
2430 2262 2755 2332 Quanquam
2799 2264 2947 2317 enim
2991 2277 3245 2333 magnum
3295 2266 3499 2333 aliquid
3534 2267 3634 2319 fuit

2066 2353 2328 2405 Lazarum
2366 2362 2483 2407 toto
2527 2355 2636 2424 jam
2666 2356 2956 2423 quatriduo
2986 2365 3262 2409 mortuum
3306 2371 3337 2410 e
3380 2357 3633 2425 sepulcro

2064 2444 2237 2509 exire,
2278 2446 2437 2515 longe
2474 2454 2656 2499 tamen
2696 2448 2871 2517 majus
2915 2447 2968 2500 id
3004 2458 3121 2500 erat
3154 2448 3298 2513 quod
3336 2449 3489 2501 multi
3521 2450 3631 2512 jam

2066 2535 2195 2589 olim
2222 2535 2332 2589 vita
2362 2536 2532 2589 iuncti
2556 2536 2742 2590 subito
2776 2536 2881 2589 vivi
2912 2538 3382 2605 conspicerentur.
3408 2538 3632 2591 Factum

2066 2638 2248 2682 autem
2304 2628 2410 2681 hoc
2441 2629 2667 2683 omnino
2706 2644 2826 2683 esse
2850 2636 2887 2694 ,'
2916 2628 3048 2683 licet
3096 2643 3160 2681 ex
3213 2629 3363 2684 hisce
3396 2627 3633 2682 Matthaei

2066 2721 2251 2774 verbis
2281 2734 2619 2789 cognoscas:
2659 2738 2677 2769 ι
2716 2720 2879 2774 Multa
2917 2734 3148 2789 corpora
3180 2728 3516 2784 sanctorum,
3540 2720 3633 2789 qui

2074 2810 2548 2874 obdormiverant,
2582 2812 2841 2865 suscitata
2881 2823 3031 2877 sunt,
3062 2821 3117 2865 et
3148 2813 3247 2881 ipsi
3290 2813 3480 2866 urbem
3511 2828 3638 2867 sana

2069 2914 2211 2958 ctam
2265 2901 2521 2968 ingressi,
2565 2911 2686 2970 post
2728 2902 3189 2957 resurrectionem
3245 2902 3364 2971 ejus
3391 2918 3420 2955 a
3451 2903 3637 2954 multis

2069 3005 2200 3050 sunt
2247 2996 2527 3063 conspecti
2554 2995 2619 3047 ⁶⁰.
2663 3012 2681 3044 ›
2728 2993 2940 3058 Quibus
2975 2994 3158 3047 verbis
3186 3009 3365 3062 operae
3400 2996 3635 3062 pretium

2073 3088 2238 3142 fuerit
2270 3097 2322 3142 te
2356 3086 2676 3156 diligentius
2699 3086 2940 3139 animum
2971 3087 3303 3141 advertere.
3329 3084 3460 3139 Nam
3491 3086 3535 3140 si
3570 3086 3640 3140 de

2072 3179 2301 3234 Joannis
2328 3178 2704 3249 Chrysostomi
2737 3181 3005 3233 sententia
3031 3177 3250 3232 Christo
3282 3177 3461 3231 adhuc
3490 3179 3641 3231 cruci

2072 3270 2261 3324 ει]Πίκο
2283 3284 2508 3339 corpora
2542 3270 2641 3322 ista
2669 3280 2796 3325 sunt
2821 3272 3168 3335 resuscitata,
3195 3270 3287 3337 qui
3311 3270 3369 3321 lit
3396 3276 3454 3321 ut
3478 3283 3645 3322 evana

2072 3362 2259 3431 gelieae
2281 3371 2474 3415 auctor
2497 3362 2742 3415 historia:
2770 3361 2914 3415 dicat
2948 3377 3010 3416 ca
3044 3372 3165 3430 post
3196 3360 3401 3417 Christi
3443 3378 3472 3415 e
3502 3370 3653 3415 mori

2075 3453 2184 3506 tuis
2216 3455 2679 3507 resurrectionem
2730 3454 3099 3521 apparuisse?
3161 3455 3365 3508 V'ereor
3390 3455 3642 3523 equidem

2075 3559 2143 3598 ne
2193 3560 2293 3613 pro
2333 3545 2605 3598 vocabulo
2661 3544 2778 3614 ejus
2812 3542 3103 3613 legendum
3150 3546 3221 3597 sit
3262 3561 3461 3598 eorum.
3510 3546 3643 3599 Nam

2078 3635 2169 3689 illa
2202 3652 2432 3705 corpora
2463 3647 2754 3705 postquam
2787 3652 2813 3688 ει
2841 3637 3074 3690 mortuis
3112 3640 3433 3692 resuscitata
3467 3650 3645 3702 erant,

2077 3726 2264 3779 urbem
2300 3735 2542 3780 sanctam
2579 3728 2736 3796 221
2787 3730 3031 3796 ingressa
3080 3736 3209 3781 sunt
3242 3740 3296 3782 et
3337 3730 3522 3783 multis
3551 3747 3645 3796 ap-

2078 3827 2404 3887 paruerunt.
2453 3818 2608 3873 Tunc
2640 3830 2694 3872 et
2746 3819 2879 3873 illud
2915 3819 3058 3873 vatis
3092 3821 3135 3851 ⁴⁶¹
3166 3822 3446 3874 oraculum
3480 3821 3641 3876 linem

2082 3909 2294 3973 habuit,
2346 3910 2491 3976 quod
2536 3909 2769 3962 vinculis
2805 3910 3058 3978 alligatos
3104 3913 3251 3965 exire
3286 3910 3460 3979 jubet,
3503 3913 3641 3965 etin

2084 4000 2323 4054 tenebris
2380 4011 2665 4055 versantes
2728 4000 2907 4057 lmem
2961 4003 3228 4070 accipere.
3290 4002 3416 4056 Fuit
3461 4012 3641 4056 autem

2081 4091 2212 4143 hora
2250 4102 2423 4150 sexta.
2478 4089 2939 4160 quemadmodum
2980 4090 3196 4145 Littera:
3235 4105 3403 4145 sacra:
3440 4091 3646 4160 signiti-

2081 4190 2230 4246 cant,
2286 4181 2553 4237 Dominus
2617 4181 2916 4237 crucifixus
2952 4200 2967 4236 :
3008 4199 3153 4236 nona
3207 4198 3338 4238 vero
3391 4185 3644 4254 spiritum

2082 4289 2238 4329 suum
2274 4274 2329 4326 in
2365 4287 2558 4327 manus
2587 4281 2843 4342 paternas
2874 4274 3147 4344 deposuit.

477 4368 541 4421 Ei
575 4366 763 4420 δὲκαὶ
804 4365 939 4437 πρὸς
972 4365 1105 4436 ᾅδην
1150 4364 1373 4426 ἀκούεις
1402 4362 1501 4432 τὴν
1529 4360 1695 4414 αὐτοῦ
1728 4358 1966 4413 κατιέναι

2151 4375 2230 4428 Ad
2265 4389 2455 4428 orcum
2491 4374 2845 4427 descendisse
2897 4388 3018 4429 eum
3057 4384 3300 4428 sanctam
3356 4375 3525 4444 ipsius
3553 4392 3651 4429 au-

405 4464 565 4531 ἁγίαν
594 4463 798 4533 ψυχὴν,
824 4462 898 4531 μὴ
935 4462 1182 4529 θαύμαζε
1229 4460 1422 4513 τούτου
1468 4462 1673 4519 ἕνεκεν,
1710 4456 1976 4510 ἀδύνατον

407 4555 544 4606 εἶναι
567 4554 744 4621 λέγων
778 4556 875 4605 καὶ
909 4554 1045 4621 πρὸς
1066 4552 1201 4623 ᾅδην
1227 4553 1397 4620 αὐτὴν
1422 4550 1709 4603 κατελθεῖν
1737 4549 1830 4600 καὶ
1854 4550 1979 4609 ταῖς

406 4645 497 4697 τοῦ
536 4646 749 4714 Πατρὺς
794 4644 1174 4714 παρατεθῆναι
1224 4644 1430 4714 χερσίν.
1476 4642 1536 4696 'H
1573 4643 1684 4710 γὰρ
1720 4640 1811 4694 τοῦ
1845 4637 1980 4691 Θεοῦ

408 4754 547 4807 χειρ,
579 4740 611 4805 ἡ
638 4738 705 4789 τὸ.
731 4739 907 4791 πάντα
952 4738 1155 4807 δηλαδὴ
1191 4738 1499 4807 συγκρατοῦ
1513 4755 1576 4790 σα
1600 4737 1857 4804 δύναμις,
1888 4738 1983 4787 καὶ

408 4836 518 4881 am
561 4831 708 4881 ἐστὶν
733 4831 790 4881 ἐν
826 4830 1043 4900 οὐρανῷ
1094 4830 1190 4882 καὶ
1224 4831 1377 4882 κάτω
1424 4829 1519 4880 ἐπὶ
1570 4828 1668 4897 τῆς
1717 4829 1841 4897 γῆς,
1884 4827 1976 4880 καὶ

406 4922 512 4972 τῶν
533 4920 627 4973 τοῦ
659 4920 787 4991 ᾅδου
817 4922 1003 4991 μυχῶν
1034 4921 1095 4973 οὗ
1126 4921 1393 4973 διαλείπει
1424 4919 1576 4973 mss.
1609 4920 1774 4971 Ὥστε
1802 4922 1848 4971 εί
1884 4921 1977 4971 καὶ

407 5012 541 5078 πρὸς
577 5010 710 5080 ᾅδην
735 5013 767 5080 ἡ
797 5012 929 5077 ἁγία
961 5010 1054 5062 τοῦ
1078 5010 1315 5080 Χριστοῦ
1355 5010 1502 5079 ψυχὴ
1541 5008 1847 5078 τηνικαῦτα
1879 5022 1977 5058 καί

406 5108 657 5172 τήρχετο,
705 5103 843 5153 ἀλλὰ
886 5101 989 5170 τῆς
1039 5102 1109 5153 τὰ
1143 5104 1319 5154 πάντα
1369 5100 1784 5170 συγκρατούσης
1813 5098 1972 5150 δυνα-

409 5213 577 5263 μεως,
621 5193 875 5264 καθάπερ
919 5193 1175 5261 εἴπομεν,
1231 5195 1290 5244 οὑ
1340 5193 1801 5260 κατελιμπάνετο,
1862 5191 1978 5256 εἴγε

364 5328 375 5333 _
406 5291 505 5339 καὶ
540 5286 738 5354 μᾶλλον
761 5287 992 5354 δύνατιις
1027 5286 1122 5337 τοῦ
1161 5284 1369 5352 Πατρδς
1412 5284 1575 5343 αὑτός
1600 5286 1743 5335 ἐστιν
1782 5286 1808 5335 ὁ
1848 5283 1979 5351 Χρι-

409 5384 553 5441 στῖς,
586 5380 660 5440 ὡς
706 5380 734 5430 ὁ
772 5378 982 5439 Παῦλος
1018 5394 1173 5445 φησι.
1217 5377 1560 5446 Παρατίθησι
1598 5376 1694 5443 μὲν
1729 5373 1823 5427 οῦν
1860 5379 1979 5436 ταῖς

410 5473 704 5539 πατρικαῖς
738 5472 892 5541 χερσὶ
925 5472 1021 5538 τὴν
1045 5470 1244 5539 ψυχὴν,
1266 5470 1338 5532 ὡς
1369 5468 1618 5521 ἐντεῦθεν
1655 5471 1747 5520 καὶ
1779 5470 1981 5529 πάσαις

482 5625 526 5655 ⁸⁸
558 5625 697 5679 Psal.
732 5640 839 5689 ut,
867 5625 922 5677 ‘2.
997 5624 1041 5657 ⁵⁵
1082 5624 1268 5678 Matth.
1309 5640 1476 5687 xxv",
1508 5624 1593 5677 ιιι.
1657 5624 1699 5655 ⁸ο
1720 5622 1963 5693 lbid.52.

655 5724 921 5778 l’s't‘ttoc.
963 5720 1075 5777 Gtt.
1134 5720 1398 5780 CLVllI.

2082 4468 2167 4521 dlS
2198 4466 2461 4530 animam,
2495 4465 2606 4519 noli
2640 4465 3057 4535 obstupescere,
3093 4458 3270 4535 neque.
3302 4466 3482 4521 dicere
3533 4469 3647 4545 θερί

2083 4558 2505 4626 haudquaquam
2566 4558 2807 4626 potuisse
2839 4567 2899 4612 ut
2944 4559 3134 4612 eadem
3180 4560 3361 4611 anima
3394 4559 3653 4629 migraret

2085 4654 2151 4701 ad
2208 4662 2396 4700 ereum
2434 4657 2489 4700 et
2539 4648 2785 4715 paternis
2850 4648 2902 4700 in
2961 4648 3215 4701 manibus
3265 4649 3651 4716 deponeretur.

2086 4740 2296 4808 Quippe
2330 4742 2425 4792 Dei
2464 4756 2688 4802 manus,
2726 4740 2984 4793 videlicet
3017 4740 3105 4792 illa
3152 4741 3443 4793 continens
3473 4745 3652 4793 omnia

2088 4830 2251 4883 viset
2302 4838 2561 4896 potestas,
2594 4836 2708 4881 tum
2758 4830 2813 4881 in
2859 4830 3001 4883 coelo
3034 4839 3117 4884 est
3165 4844 3401 4899 superne
3435 4842 3546 4885 tum
3599 4833 3651 4884 ii

2094 4920 2259 4972 terris
2290 4919 2572 4979 deorsum,
2611 4934 2790 4987 neque
2833 4919 2972 4973 adeo
3021 4921 3155 4988 ipsis
3188 4922 3256 4974 ah
3295 4924 3407 4975 orci
3441 4926 3653 4993 angulis
3709 4978 3712 4984 ,

2089 5020 2329 5080 unquam
2358 5011 2534 5064 abest.
2563 5009 2683 5075 Quo
2714 5012 2770 5063 lit
2808 5020 2865 5063 ut
2896 5011 2939 5064 si
2973 5013 3207 5066 maxime
3240 5025 3426 5069 saneta
3449 5014 3649 5068 Christi
3710 5010 3713 5011 ⁷

2082 5107 2261 5156 anima
2287 5102 2339 5155 id
2370 5102 2631 5171 temporis
2675 5101 2741 5154 ad
2779 5116 2969 5157 orcum
3007 5107 3079 5157 sit
3114 5104 3378 5173 profecta,
3427 5107 3650 5157 minime

2086 5202 2267 5247 tamen
2300 5209 2330 5246 ιι
2369 5193 2419 5245 vi
2454 5202 2833 5262 potestateque
2864 5194 2953 5247 illa
2981 5230 2995 5258 ,
3040 5209 3137 5248 ceu
3172 5195 3431 5259 diximus,
3470 5196 3655 5248 omnia

2088 5284 2408 5337 continente
2458 5284 2722 5337 abfuerit.
2758 5285 2871 5339 lmo
2915 5285 3207 5340 dicendum
3252 5288 3434 5355 potius
3465 5297 3689 5359 potend'

2090 5375 2220 5427 tiam
2273 5376 2449 5429 Patris
2481 5376 2659 5443 ipsum
2684 5392 2804 5429 esse
2851 5375 3156 5439 Christum,
3189 5376 3653 5446 quemadmodum

2088 5466 2291 5519 Paulus
2331 5465 2595 5534 loquitur.
2628 5467 2860 5535 Deponit
2908 5469 3071 5536 igitur
3102 5468 3337 5520 animam
3378 5479 3532 5518 suam
3564 5478 3660 5532 pa-

2043 5624 2081 5653 “
2114 5623 2214 5676 lsa.
2254 5638 2395 5688 HJK,
2428 5622 2478 5675 9.

3192 5713 3261 5770 H-
