  <div class='ocr_page' id='page_1' title='image "/cluster/home/n/w/nwhite01/storage/ocr_20150623/158/hvd.32044073502676/263.png"; bbox 0 0 4110 6194; ppageno 0'>
   <div class='ocr_carea' id='block_1_1' title="bbox 436 237 550 298">
    <p class='ocr_par' dir='ltr' id='par_1_1' title="bbox 436 237 550 298">
     <span class='ocr_line' id='line_1_1' title="bbox 436 237 550 298; baseline -0.035 0"><span class='ocrx_word' id='word_1_1' title='bbox 436 237 508 298; x_wconf 60' lang='grc'><strong>41</strong></span> <span class='ocrx_word' id='word_1_2' title='bbox 521 238 550 295; x_wconf 77' lang='lat' dir='ltr'><strong>‘l</strong></span> 
     </span>
    </p>
   </div>
   <div class='ocr_carea' id='block_1_2' title="bbox 1715 227 2426 290">
    <p class='ocr_par' dir='ltr' id='par_1_2' title="bbox 1715 227 2426 290">
     <span class='ocr_line' id='line_1_2' title="bbox 1715 227 2426 290; baseline -0.001 -2"><span class='ocrx_word' id='word_1_3' title='bbox 1715 227 2127 289; x_wconf 78' lang='lat' dir='ltr'><strong>MICIIAELIS</strong></span> <span class='ocrx_word' id='word_1_4' title='bbox 2165 227 2426 290; x_wconf 68' lang='lat' dir='ltr'><strong>GLYCAZ</strong></span> 
     </span>
    </p>
   </div>
   <div class='ocr_carea' id='block_1_3' title="bbox 3565 231 3669 293">
    <p class='ocr_par' dir='ltr' id='par_1_3' title="bbox 3565 231 3669 293">
     <span class='ocr_line' id='line_1_3' title="bbox 3565 231 3669 293; baseline 0 -1"><span class='ocrx_word' id='word_1_5' title='bbox 3565 231 3669 293; x_wconf 70' lang='lat'><strong>620</strong></span> 
     </span>
    </p>
   </div>
   <div class='ocr_carea' id='block_1_4' title="bbox 424 338 2015 412">
    <p class='ocr_par' dir='ltr' id='par_1_4' title="bbox 424 338 1993 409">
     <span class='ocr_line' id='line_1_4' title="bbox 424 338 1993 409; baseline -0.007 -7"><span class='ocrx_word' id='word_1_6' title='bbox 424 362 630 403; x_wconf 82' lang='lat' dir='ltr'><strong>&#39;tcrnas</strong></span> <span class='ocrx_word' id='word_1_7' title='bbox 674 346 727 401; x_wconf 90' lang='lat' dir='ltr'><strong>in</strong></span> <span class='ocrx_word' id='word_1_8' title='bbox 781 360 974 400; x_wconf 90' lang='lat' dir='ltr'><strong>manus</strong></span> <span class='ocrx_word' id='word_1_9' title='bbox 998 384 1011 409; x_wconf 90' lang='lat'><strong>,</strong></span> <span class='ocrx_word' id='word_1_10' title='bbox 1042 355 1100 399; x_wconf 90' lang='lat' dir='ltr'><strong>nt</strong></span> <span class='ocrx_word' id='word_1_11' title='bbox 1134 344 1237 397; x_wconf 86' lang='lat' dir='ltr'><strong>hoc</strong></span> <span class='ocrx_word' id='word_1_12' title='bbox 1292 340 1451 394; x_wconf 78' lang='lat' dir='ltr'><strong>modo</strong></span> <span class='ocrx_word' id='word_1_13' title='bbox 1483 338 1695 393; x_wconf 82' lang='lat' dir='ltr'><strong>eunetis</strong></span> <span class='ocrx_word' id='word_1_14' title='bbox 1722 340 1993 408; x_wconf 73' lang='lat' dir='ltr'><strong>iustorum</strong></span> 
     </span>
    </p>
   </div>
   <div class='ocr_carea' id='block_1_5' title="bbox 2116 338 3673 412">
    <p class='ocr_par' dir='ltr' id='par_1_5' title="bbox 2116 338 3673 412">
     <span class='ocr_line' id='line_1_5' title="bbox 2116 338 3673 412; baseline -0.001 -19"><span class='ocrx_word' id='word_1_15' title='bbox 2116 340 2225 403; x_wconf 83' lang='grc' dir='ltr'><strong>ταῖς</strong></span> <span class='ocrx_word' id='word_1_16' title='bbox 2262 341 2372 393; x_wconf 82' lang='grc' dir='ltr'><strong>τῶν</strong></span> <span class='ocrx_word' id='word_1_17' title='bbox 2403 339 2627 393; x_wconf 79' lang='grc' dir='ltr'><strong>δικαίων</strong></span> <span class='ocrx_word' id='word_1_18' title='bbox 2657 340 2854 410; x_wconf 76' lang='grc' dir='ltr'><strong>ψυχαῖς</strong></span> <span class='ocrx_word' id='word_1_19' title='bbox 2900 339 2996 412; x_wconf 82' lang='grc' dir='ltr'><strong>τὴν</strong></span> <span class='ocrx_word' id='word_1_20' title='bbox 3046 340 3139 393; x_wconf 71' lang='grc' dir='ltr'><strong>ἐπὶ</strong></span> <span class='ocrx_word' id='word_1_21' title='bbox 3181 338 3246 392; x_wconf 80' lang='grc' dir='ltr'><strong>τὰ</strong></span> <span class='ocrx_word' id='word_1_22' title='bbox 3296 339 3407 392; x_wconf 83' lang='grc' dir='ltr'><strong>ἀνω</strong></span> <span class='ocrx_word' id='word_1_23' title='bbox 3448 340 3673 408; x_wconf 78' lang='grc' dir='ltr'><strong>πορείαν</strong></span> 
     </span>
    </p>
   </div>
   <div class='ocr_carea' id='block_1_6' title="bbox 442 427 1999 501">
    <p class='ocr_par' dir='ltr' id='par_1_6' title="bbox 442 427 1999 501">
     <span class='ocr_line' id='line_1_6' title="bbox 442 427 1999 501; baseline -0.006 -13"><span class='ocrx_word' id='word_1_24' title='bbox 442 438 734 493; x_wconf 62' lang='lat' dir='ltr'><strong>animabus</strong></span> <span class='ocrx_word' id='word_1_25' title='bbox 759 437 861 490; x_wconf 89' lang='lat' dir='ltr'><strong>iter</strong></span> <span class='ocrx_word' id='word_1_26' title='bbox 896 434 965 487; x_wconf 87' lang='lat' dir='ltr'><strong>ad</strong></span> <span class='ocrx_word' id='word_1_27' title='bbox 993 446 1225 501; x_wconf 89' lang='lat' dir='ltr'><strong>superna</strong></span> <span class='ocrx_word' id='word_1_28' title='bbox 1256 428 1612 497; x_wconf 73' lang='lat' dir='ltr'><strong>cmlestiaque</strong></span> <span class='ocrx_word' id='word_1_29' title='bbox 1657 427 1951 495; x_wconf 76' lang='lat' dir='ltr'><strong>largiretur</strong></span> <span class='ocrx_word' id='word_1_30' title='bbox 1986 444 1999 479; x_wconf 90' lang='lat'><strong>:</strong></span> 
     </span>
    </p>
   </div>
   <div class='ocr_carea' id='block_1_7' title="bbox 442 519 2000 596">
    <p class='ocr_par' dir='ltr' id='par_1_7' title="bbox 442 519 2000 596">
     <span class='ocr_line' id='line_1_7' title="bbox 442 519 2000 596; baseline -0.008 -12"><span class='ocrx_word' id='word_1_31' title='bbox 442 548 553 585; x_wconf 86' lang='lat' dir='ltr'><strong>non</strong></span> <span class='ocrx_word' id='word_1_32' title='bbox 576 530 723 583; x_wconf 90' lang='lat' dir='ltr'><strong>enim</strong></span> <span class='ocrx_word' id='word_1_33' title='bbox 752 524 919 596; x_wconf 95' lang='lat' dir='ltr'><strong>gratis</strong></span> <span class='ocrx_word' id='word_1_34' title='bbox 947 532 1004 578; x_wconf 91' lang='lat' dir='ltr'><strong>et</strong></span> <span class='ocrx_word' id='word_1_35' title='bbox 1034 523 1232 576; x_wconf 77' lang='lat' dir='ltr'><strong>frustra</strong></span> <span class='ocrx_word' id='word_1_36' title='bbox 1262 535 1360 590; x_wconf 90' lang='lat' dir='ltr'><strong>pro</strong></span> <span class='ocrx_word' id='word_1_37' title='bbox 1398 519 1556 574; x_wconf 88' lang='lat' dir='ltr'><strong>nobis</strong></span> <span class='ocrx_word' id='word_1_38' title='bbox 1601 527 1686 574; x_wconf 88' lang='lat' dir='ltr'><strong>est</strong></span> <span class='ocrx_word' id='word_1_39' title='bbox 1730 528 2000 574; x_wconf 90' lang='lat' dir='ltr'><strong>mortuus.</strong></span> 
     </span>
    </p>
   </div>
   <div class='ocr_carea' id='block_1_8' title="bbox 438 606 2004 677">
    <p class='ocr_par' dir='ltr' id='par_1_8' title="bbox 438 606 2004 677">
     <span class='ocr_line' id='line_1_8' title="bbox 438 606 2004 677; baseline -0.01 -1"><span class='ocrx_word' id='word_1_40' title='bbox 438 621 521 677; x_wconf 81' lang='lat' dir='ltr'><strong>Ad</strong></span> <span class='ocrx_word' id='word_1_41' title='bbox 553 633 741 674; x_wconf 88' lang='lat' dir='ltr'><strong>orcum</strong></span> <span class='ocrx_word' id='word_1_42' title='bbox 795 628 931 669; x_wconf 79' lang='lat' dir='ltr'><strong>vero</strong></span> <span class='ocrx_word' id='word_1_43' title='bbox 967 610 1272 674; x_wconf 82' lang='lat' dir='ltr'><strong>descendit,</strong></span> <span class='ocrx_word' id='word_1_44' title='bbox 1320 618 1381 663; x_wconf 94' lang='lat' dir='ltr'><strong>ut</strong></span> <span class='ocrx_word' id='word_1_45' title='bbox 1417 610 1581 663; x_wconf 87' lang='lat' dir='ltr'><strong>etiam</strong></span> <span class='ocrx_word' id='word_1_46' title='bbox 1616 607 1682 662; x_wconf 90' lang='lat' dir='ltr'><strong>iis</strong></span> <span class='ocrx_word' id='word_1_47' title='bbox 1727 608 1821 677; x_wconf 89' lang='lat' dir='ltr'><strong>qui</strong></span> <span class='ocrx_word' id='word_1_48' title='bbox 1878 606 2004 662; x_wconf 85' lang='lat' dir='ltr'><strong>istic</strong></span> 
     </span>
    </p>
   </div>
   <div class='ocr_carea' id='block_1_9' title="bbox 352 694 2005 776">
    <p class='ocr_par' dir='ltr' id='par_1_9' title="bbox 352 694 2005 776">
     <span class='ocr_line' id='line_1_9' title="bbox 352 694 2005 776; baseline -0.008 -9"><span class='ocrx_word' id='word_1_49' title='bbox 352 694 369 715; x_wconf 40' lang='grc' dir='ltr'>δ</span> <span class='ocrx_word' id='word_1_50' title='bbox 440 714 824 766; x_wconf 78' lang='lat' dir='ltr'><strong>detinerentur</strong></span> <span class='ocrx_word' id='word_1_51' title='bbox 864 703 1214 776; x_wconf 68' lang='lat' dir='ltr'><strong>praedicaret,</strong></span> <span class='ocrx_word' id='word_1_52' title='bbox 1261 715 1325 755; x_wconf 92' lang='lat' dir='ltr'><strong>ac</strong></span> <span class='ocrx_word' id='word_1_53' title='bbox 1364 700 1673 771; x_wconf 88' lang='lat' dir='ltr'><strong>religiosam</strong></span> <span class='ocrx_word' id='word_1_54' title='bbox 1704 698 1849 753; x_wconf 93' lang='lat' dir='ltr'><strong>illam</strong></span> <span class='ocrx_word' id='word_1_55' title='bbox 1893 700 2005 770; x_wconf 87' lang='lat' dir='ltr'><strong>pie-</strong></span> 
     </span>
    </p>
   </div>
   <div class='ocr_carea' id='block_1_10' title="bbox 437 790 2002 861">
    <p class='ocr_par' dir='ltr' id='par_1_10' title="bbox 437 790 2002 861">
     <span class='ocr_line' id='line_1_10' title="bbox 437 790 2002 861; baseline -0.01 -2"><span class='ocrx_word' id='word_1_56' title='bbox 437 813 609 859; x_wconf 79' lang='lat' dir='ltr'><strong>tatem</strong></span> <span class='ocrx_word' id='word_1_57' title='bbox 653 798 905 855; x_wconf 90' lang='lat' dir='ltr'><strong>docendo</strong></span> <span class='ocrx_word' id='word_1_58' title='bbox 932 800 1409 856; x_wconf 85' lang='lat' dir='ltr'><strong>commonstraret,</strong></span> <span class='ocrx_word' id='word_1_59' title='bbox 1446 806 1610 861; x_wconf 90' lang='lat' dir='ltr'><strong>quam</strong></span> <span class='ocrx_word' id='word_1_60' title='bbox 1645 791 1798 861; x_wconf 89' lang='lat' dir='ltr'><strong>prius</strong></span> <span class='ocrx_word' id='word_1_61' title='bbox 1847 790 2002 861; x_wconf 84' lang='lat' dir='ltr'><strong>igno-</strong></span> 
     </span>
    </p>
   </div>
   <div class='ocr_carea' id='block_1_11' title="bbox 444 882 2004 956">
    <p class='ocr_par' dir='ltr' id='par_1_11' title="bbox 444 882 2004 956">
     <span class='ocr_line' id='line_1_11' title="bbox 444 882 2004 956; baseline -0.01 -4"><span class='ocrx_word' id='word_1_62' title='bbox 444 903 678 952; x_wconf 83' lang='lat' dir='ltr'><strong>rassent.</strong></span> <span class='ocrx_word' id='word_1_63' title='bbox 713 893 903 948; x_wconf 83' lang='lat' dir='ltr'><strong>Fidem</strong></span> <span class='ocrx_word' id='word_1_64' title='bbox 933 890 1037 944; x_wconf 84' lang='lat' dir='ltr'><strong>bac</strong></span> <span class='ocrx_word' id='word_1_65' title='bbox 1080 888 1134 942; x_wconf 91' lang='lat' dir='ltr'><strong>in</strong></span> <span class='ocrx_word' id='word_1_66' title='bbox 1167 896 1322 956; x_wconf 90' lang='lat' dir='ltr'><strong>parte</strong></span> <span class='ocrx_word' id='word_1_67' title='bbox 1351 899 1566 940; x_wconf 89' lang='lat' dir='ltr'><strong>summo</strong></span> <span class='ocrx_word' id='word_1_68' title='bbox 1593 883 1669 938; x_wconf 90' lang='lat' dir='ltr'><strong>illi</strong></span> <span class='ocrx_word' id='word_1_69' title='bbox 1712 884 1877 938; x_wconf 84' lang='lat' dir='ltr'><strong>Petro</strong></span> <span class='ocrx_word' id='word_1_70' title='bbox 1905 882 2004 937; x_wconf 89' lang='lat' dir='ltr'><strong>ba-</strong></span> 
     </span>
    </p>
   </div>
   <div class='ocr_carea' id='block_1_12' title="bbox 444 974 2003 1057">
    <p class='ocr_par' dir='ltr' id='par_1_12' title="bbox 444 974 2003 1057">
     <span class='ocr_line' id='line_1_12' title="bbox 444 974 2003 1057; baseline -0.007 -15"><span class='ocrx_word' id='word_1_71' title='bbox 444 991 594 1052; x_wconf 88' lang='lat' dir='ltr'><strong>beto,</strong></span> <span class='ocrx_word' id='word_1_72' title='bbox 626 986 723 1057; x_wconf 90' lang='lat' dir='ltr'><strong>qui</strong></span> <span class='ocrx_word' id='word_1_73' title='bbox 757 984 824 1039; x_wconf 90' lang='lat' dir='ltr'><strong>de</strong></span> <span class='ocrx_word' id='word_1_74' title='bbox 852 981 1020 1037; x_wconf 81' lang='lat' dir='ltr'><strong>rebus</strong></span> <span class='ocrx_word' id='word_1_75' title='bbox 1053 978 1206 1034; x_wconf 89' lang='lat' dir='ltr'><strong>biscc</strong></span> <span class='ocrx_word' id='word_1_76' title='bbox 1236 978 1291 1031; x_wconf 87' lang='lat' dir='ltr'><strong>in</strong></span> <span class='ocrx_word' id='word_1_77' title='bbox 1315 976 1461 1031; x_wconf 85' lang='lat' dir='ltr'><strong>hunc</strong></span> <span class='ocrx_word' id='word_1_78' title='bbox 1491 975 1713 1031; x_wconf 92' lang='lat' dir='ltr'><strong>modum</strong></span> <span class='ocrx_word' id='word_1_79' title='bbox 1742 974 1962 1030; x_wconf 86' lang='lat' dir='ltr'><strong>disserit</strong></span> <span class='ocrx_word' id='word_1_80' title='bbox 1988 993 2003 1031; x_wconf 91' lang='lat'><strong>:</strong></span> 
     </span>
    </p>
   </div>
   <div class='ocr_carea' id='block_1_13' title="bbox 452 1076 2005 1157">
    <p class='ocr_par' dir='ltr' id='par_1_13' title="bbox 452 1076 2005 1157">
     <span class='ocr_line' id='line_1_13' title="bbox 452 1076 2005 1157; baseline -0.009 -13"><span class='ocrx_word' id='word_1_81' title='bbox 452 1093 657 1148; x_wconf 75' lang='lat' dir='ltr'><strong>.Etiam</strong></span> <span class='ocrx_word' id='word_1_82' title='bbox 685 1084 975 1157; x_wconf 83' lang='lat' dir='ltr'><strong>spiritibus</strong></span> <span class='ocrx_word' id='word_1_83' title='bbox 1011 1080 1105 1151; x_wconf 89' lang='lat' dir='ltr'><strong>qui</strong></span> <span class='ocrx_word' id='word_1_84' title='bbox 1138 1086 1294 1135; x_wconf 87' lang='lat' dir='ltr'><strong>erant</strong></span> <span class='ocrx_word' id='word_1_85' title='bbox 1326 1078 1380 1132; x_wconf 92' lang='lat' dir='ltr'><strong>in</strong></span> <span class='ocrx_word' id='word_1_86' title='bbox 1406 1091 1623 1133; x_wconf 86' lang='lat' dir='ltr'><strong>carcere</strong></span> <span class='ocrx_word' id='word_1_87' title='bbox 1651 1076 2005 1146; x_wconf 66' lang='lat' dir='ltr'><strong>praedicatum</strong></span> 
     </span>
    </p>
   </div>
   <div class='ocr_carea' id='block_1_14' title="bbox 445 1162 2007 1250">
    <p class='ocr_par' dir='ltr' id='par_1_14' title="bbox 445 1162 2007 1250">
     <span class='ocr_line' id='line_1_14' title="bbox 445 1162 2007 1250; baseline -0.013 -11"><span class='ocrx_word' id='word_1_88' title='bbox 445 1185 563 1245; x_wconf 85' lang='lat' dir='ltr'><strong>ivit,</strong></span> <span class='ocrx_word' id='word_1_89' title='bbox 595 1179 690 1250; x_wconf 89' lang='lat' dir='ltr'><strong>qui</strong></span> <span class='ocrx_word' id='word_1_90' title='bbox 719 1184 878 1231; x_wconf 86' lang='lat' dir='ltr'><strong>antea</strong></span> <span class='ocrx_word' id='word_1_91' title='bbox 906 1170 1069 1225; x_wconf 78' lang='lat' dir='ltr'><strong>[idem</strong></span> <span class='ocrx_word' id='word_1_92' title='bbox 1106 1182 1215 1222; x_wconf 93' lang='lat' dir='ltr'><strong>non</strong></span> <span class='ocrx_word' id='word_1_93' title='bbox 1248 1164 1674 1221; x_wconf 58' lang='lat' dir='ltr'><strong>habuerant‘m</strong></span> <span class='ocrx_word' id='word_1_94' title='bbox 1713 1162 1844 1229; x_wconf 84' lang='lat' dir='ltr'><strong>Quae</strong></span> <span class='ocrx_word' id='word_1_95' title='bbox 1875 1177 2007 1218; x_wconf 87' lang='lat' dir='ltr'><strong>sane</strong></span> 
     </span>
    </p>
   </div>
   <div class='ocr_carea' id='block_1_15' title="bbox 444 1255 2009 1331">
    <p class='ocr_par' dir='ltr' id='par_1_15' title="bbox 444 1255 2009 1331">
     <span class='ocr_line' id='line_1_15' title="bbox 444 1255 2009 1331; baseline -0.012 -6"><span class='ocrx_word' id='word_1_96' title='bbox 444 1273 612 1328; x_wconf 78' lang='lat' dir='ltr'><strong>verba</strong></span> <span class='ocrx_word' id='word_1_97' title='bbox 648 1275 875 1324; x_wconf 82' lang='lat' dir='ltr'><strong>secutus</strong></span> <span class='ocrx_word' id='word_1_98' title='bbox 918 1260 1216 1331; x_wconf 80' lang='lat' dir='ltr'><strong>Gregorius</strong></span> <span class='ocrx_word' id='word_1_99' title='bbox 1249 1258 1342 1312; x_wconf 89' lang='lat' dir='ltr'><strong>ille</strong></span> <span class='ocrx_word' id='word_1_100' title='bbox 1391 1255 1701 1326; x_wconf 81' lang='lat' dir='ltr'><strong>Theologus</strong></span> <span class='ocrx_word' id='word_1_101' title='bbox 1726 1293 1741 1319; x_wconf 97' lang='lat'><strong>,</strong></span> <span class='ocrx_word' id='word_1_102' title='bbox 1771 1255 1826 1308; x_wconf 91' lang='lat' dir='ltr'><strong>in</strong></span> <span class='ocrx_word' id='word_1_103' title='bbox 1859 1255 2009 1309; x_wconf 91' lang='lat' dir='ltr'><strong>hunc</strong></span> 
     </span>
    </p>
   </div>
   <div class='ocr_carea' id='block_1_16' title="bbox 445 1348 2011 1426">
    <p class='ocr_par' dir='ltr' id='par_1_16' title="bbox 445 1348 2011 1426">
     <span class='ocr_line' id='line_1_16' title="bbox 445 1348 2011 1426; baseline -0.012 -7"><span class='ocrx_word' id='word_1_104' title='bbox 445 1363 669 1419; x_wconf 88' lang='lat' dir='ltr'><strong>modum</strong></span> <span class='ocrx_word' id='word_1_105' title='bbox 701 1357 901 1426; x_wconf 69' lang='lat' dir='ltr'><strong>liaczde</strong></span> <span class='ocrx_word' id='word_1_106' title='bbox 927 1369 987 1411; x_wconf 88' lang='lat' dir='ltr'><strong>re</strong></span> <span class='ocrx_word' id='word_1_107' title='bbox 1018 1353 1259 1422; x_wconf 86' lang='lat' dir='ltr'><strong>disputat</strong></span> <span class='ocrx_word' id='word_1_108' title='bbox 1290 1367 1302 1403; x_wconf 90' lang='lat'><strong>:</strong></span> <span class='ocrx_word' id='word_1_109' title='bbox 1342 1348 1509 1412; x_wconf 89' lang='lat' dir='ltr'><strong>Num,</strong></span> <span class='ocrx_word' id='word_1_110' title='bbox 1538 1361 1746 1417; x_wconf 63' lang='lat' dir='ltr'><strong>quaeso,</strong></span> <span class='ocrx_word' id='word_1_111' title='bbox 1775 1361 2011 1416; x_wconf 86' lang='lat' dir='ltr'><strong>conspe-</strong></span> 
     </span>
    </p>
   </div>
   <div class='ocr_carea' id='block_1_17' title="bbox 446 1438 2009 1519">
    <p class='ocr_par' dir='ltr' id='par_1_17' title="bbox 446 1438 2009 1519">
     <span class='ocr_line' id='line_1_17' title="bbox 446 1438 2009 1519; baseline -0.012 -11"><span class='ocrx_word' id='word_1_112' title='bbox 446 1466 567 1519; x_wconf 78' lang='lat' dir='ltr'><strong>ttus</strong></span> <span class='ocrx_word' id='word_1_113' title='bbox 594 1451 649 1505; x_wconf 91' lang='lat' dir='ltr'><strong>in</strong></span> <span class='ocrx_word' id='word_1_114' title='bbox 683 1462 815 1502; x_wconf 89' lang='lat' dir='ltr'><strong>orco</strong></span> <span class='ocrx_word' id='word_1_115' title='bbox 841 1442 1074 1500; x_wconf 85' lang='lat' dir='ltr'><strong>salvavit</strong></span> <span class='ocrx_word' id='word_1_116' title='bbox 1101 1454 1294 1497; x_wconf 90' lang='lat' dir='ltr'><strong>omnes</strong></span> <span class='ocrx_word' id='word_1_117' title='bbox 1324 1438 1588 1492; x_wconf 89' lang='lat' dir='ltr'><strong>Dominus</strong></span> <span class='ocrx_word' id='word_1_118' title='bbox 1611 1478 1626 1503; x_wconf 95' lang='lat'><strong>,</strong></span> <span class='ocrx_word' id='word_1_119' title='bbox 1660 1452 1729 1490; x_wconf 92' lang='lat' dir='ltr'><strong>an</strong></span> <span class='ocrx_word' id='word_1_120' title='bbox 1762 1451 1859 1491; x_wconf 88' lang='lat' dir='ltr'><strong>eos</strong></span> <span class='ocrx_word' id='word_1_121' title='bbox 1887 1444 2009 1492; x_wconf 90' lang='lat' dir='ltr'><strong>tan-</strong></span> 
     </span>
    </p>
   </div>
   <div class='ocr_carea' id='block_1_18' title="bbox 449 1528 2011 1612">
    <p class='ocr_par' dir='ltr' id='par_1_18' title="bbox 449 1528 2011 1612">
     <span class='ocr_line' id='line_1_18' title="bbox 449 1528 2011 1612; baseline -0.012 -12"><span class='ocrx_word' id='word_1_122' title='bbox 449 1558 563 1600; x_wconf 90' lang='lat' dir='ltr'><strong>tum</strong></span> <span class='ocrx_word' id='word_1_123' title='bbox 594 1542 688 1612; x_wconf 88' lang='lat' dir='ltr'><strong>qui</strong></span> <span class='ocrx_word' id='word_1_124' title='bbox 724 1534 1119 1594; x_wconf 82' lang='lat' dir='ltr'><strong>crediderant?</strong></span> <span class='ocrx_word' id='word_1_125' title='bbox 1151 1530 1274 1590; x_wconf 86' lang='lat' dir='ltr'><strong>Noli</strong></span> <span class='ocrx_word' id='word_1_126' title='bbox 1305 1530 1512 1585; x_wconf 85' lang='lat' dir='ltr'><strong>scilicet</strong></span> <span class='ocrx_word' id='word_1_127' title='bbox 1539 1531 1639 1585; x_wconf 89' lang='lat' dir='ltr'><strong>bac</strong></span> <span class='ocrx_word' id='word_1_128' title='bbox 1656 1528 1723 1585; x_wconf 88' lang='lat' dir='ltr'><strong>de</strong></span> <span class='ocrx_word' id='word_1_129' title='bbox 1750 1544 1810 1585; x_wconf 89' lang='lat' dir='ltr'><strong>re</strong></span> <span class='ocrx_word' id='word_1_130' title='bbox 1834 1528 2011 1584; x_wconf 88' lang='lat' dir='ltr'><strong>ambi-</strong></span> 
     </span>
    </p>
   </div>
   <div class='ocr_carea' id='block_1_19' title="bbox 447 1618 2011 1703">
    <p class='ocr_par' dir='ltr' id='par_1_19' title="bbox 447 1618 2011 1703">
     <span class='ocr_line' id='line_1_19' title="bbox 447 1618 2011 1703; baseline -0.01 -15"><span class='ocrx_word' id='word_1_131' title='bbox 447 1645 595 1703; x_wconf 81' lang='lat' dir='ltr'><strong>gere.</strong></span> <span class='ocrx_word' id='word_1_132' title='bbox 629 1623 1104 1695; x_wconf 85' lang='lat' dir='ltr'><strong>Quemadmodum</strong></span> <span class='ocrx_word' id='word_1_133' title='bbox 1135 1620 1284 1676; x_wconf 89' lang='lat' dir='ltr'><strong>enim</strong></span> <span class='ocrx_word' id='word_1_134' title='bbox 1318 1618 1630 1673; x_wconf 86' lang='lat' dir='ltr'><strong>hominibus</strong></span> <span class='ocrx_word' id='word_1_135' title='bbox 1667 1618 1721 1672; x_wconf 92' lang='lat' dir='ltr'><strong>in</strong></span> <span class='ocrx_word' id='word_1_136' title='bbox 1748 1627 1892 1673; x_wconf 86' lang='lat' dir='ltr'><strong>terra</strong></span> <span class='ocrx_word' id='word_1_137' title='bbox 1921 1618 2011 1673; x_wconf 89' lang='lat' dir='ltr'><strong>de-</strong></span> 
     </span>
    </p>
   </div>
   <div class='ocr_carea' id='block_1_20' title="bbox 446 1685 2082 1791">
    <p class='ocr_par' dir='ltr' id='par_1_20' title="bbox 446 1685 2082 1791">
     <span class='ocr_line' id='line_1_20' title="bbox 446 1685 2082 1791; baseline -0.01 -15"><span class='ocrx_word' id='word_1_138' title='bbox 446 1685 705 1791; x_wconf 57' lang='lat' dir='ltr'><strong>gentibus</strong></span> <span class='ocrx_word' id='word_1_139' title='bbox 732 1717 914 1771; x_wconf 65' lang='lat' dir='ltr'><strong>laetum</strong></span> <span class='ocrx_word' id='word_1_140' title='bbox 946 1710 1097 1780; x_wconf 88' lang='lat' dir='ltr'><strong>pacis</strong></span> <span class='ocrx_word' id='word_1_141' title='bbox 1112 1708 1364 1763; x_wconf 88' lang='lat' dir='ltr'><strong>nuntium</strong></span> <span class='ocrx_word' id='word_1_142' title='bbox 1394 1706 1665 1776; x_wconf 83' lang='lat' dir='ltr'><strong>exposuit,</strong></span> <span class='ocrx_word' id='word_1_143' title='bbox 1691 1715 1747 1762; x_wconf 90' lang='lat' dir='ltr'><strong>et</strong></span> <span class='ocrx_word' id='word_1_144' title='bbox 1778 1707 2011 1763; x_wconf 88' lang='lat' dir='ltr'><strong>creden-</strong></span> <span class='ocrx_word' id='word_1_145' title='bbox 2040 1685 2082 1741; x_wconf 76' lang='grc' dir='ltr'><strong><em>Β</em></strong></span> 
     </span>
    </p>
   </div>
   <div class='ocr_carea' id='block_1_21' title="bbox 448 1796 2011 1878">
    <p class='ocr_par' dir='ltr' id='par_1_21' title="bbox 448 1796 2011 1878">
     <span class='ocr_line' id='line_1_21' title="bbox 448 1796 2011 1878; baseline -0.01 -11"><span class='ocrx_word' id='word_1_146' title='bbox 448 1812 594 1867; x_wconf 91' lang='lat' dir='ltr'><strong>tibus</strong></span> <span class='ocrx_word' id='word_1_147' title='bbox 642 1806 868 1878; x_wconf 88' lang='lat' dir='ltr'><strong>quidem</strong></span> <span class='ocrx_word' id='word_1_148' title='bbox 925 1800 1123 1858; x_wconf 86' lang='lat' dir='ltr'><strong>salutis</strong></span> <span class='ocrx_word' id='word_1_149' title='bbox 1172 1798 1385 1854; x_wconf 77' lang='lat' dir='ltr'><strong>exstitit</strong></span> <span class='ocrx_word' id='word_1_150' title='bbox 1439 1805 1651 1861; x_wconf 87' lang='lat' dir='ltr'><strong>auctor,</strong></span> <span class='ocrx_word' id='word_1_151' title='bbox 1711 1796 2011 1853; x_wconf 84' lang='lat' dir='ltr'><strong>incredulis</strong></span> 
     </span>
    </p>
   </div>
   <div class='ocr_carea' id='block_1_22' title="bbox 446 1888 2008 1971">
    <p class='ocr_par' dir='ltr' id='par_1_22' title="bbox 446 1888 2008 1971">
     <span class='ocr_line' id='line_1_22' title="bbox 446 1888 2008 1971; baseline -0.009 -15"><span class='ocrx_word' id='word_1_152' title='bbox 446 1918 575 1958; x_wconf 71' lang='lat' dir='ltr'><strong>vero</strong></span> <span class='ocrx_word' id='word_1_153' title='bbox 604 1897 840 1971; x_wconf 81' lang='lat' dir='ltr'><strong>propriae</strong></span> <span class='ocrx_word' id='word_1_154' title='bbox 868 1891 1271 1950; x_wconf 86' lang='lat' dir='ltr'><strong>incredulitatis</strong></span> <span class='ocrx_word' id='word_1_155' title='bbox 1300 1889 1487 1952; x_wconf 80' lang='lat' dir='ltr'><strong>index,</strong></span> <span class='ocrx_word' id='word_1_156' title='bbox 1521 1898 1580 1942; x_wconf 91' lang='lat' dir='ltr'><strong>ut</strong></span> <span class='ocrx_word' id='word_1_157' title='bbox 1626 1888 1867 1944; x_wconf 79' lang='lat' dir='ltr'><strong>Joannes</strong></span> <span class='ocrx_word' id='word_1_158' title='bbox 1900 1888 2008 1943; x_wconf 90' lang='lat' dir='ltr'><strong>Da-</strong></span> 
     </span>
    </p>
   </div>
   <div class='ocr_carea' id='block_1_23' title="bbox 448 1977 2010 2055">
    <p class='ocr_par' dir='ltr' id='par_1_23' title="bbox 448 1977 2010 2055">
     <span class='ocr_line' id='line_1_23' title="bbox 448 1977 2010 2055; baseline -0.007 -10"><span class='ocrx_word' id='word_1_159' title='bbox 448 2004 735 2046; x_wconf 87' lang='lat' dir='ltr'><strong>masceuus</strong></span> <span class='ocrx_word' id='word_1_160' title='bbox 767 1983 1037 2055; x_wconf 86' lang='lat' dir='ltr'><strong>loquitur,</strong></span> <span class='ocrx_word' id='word_1_161' title='bbox 1071 1985 1146 2035; x_wconf 87' lang='lat' dir='ltr'><strong>Ita</strong></span> <span class='ocrx_word' id='word_1_162' title='bbox 1173 1995 1296 2035; x_wconf 91' lang='lat' dir='ltr'><strong>cum</strong></span> <span class='ocrx_word' id='word_1_163' title='bbox 1327 1978 1396 2034; x_wconf 87' lang='lat' dir='ltr'><strong>iis</strong></span> <span class='ocrx_word' id='word_1_164' title='bbox 1416 1978 1582 2033; x_wconf 91' lang='lat' dir='ltr'><strong>ctiam</strong></span> <span class='ocrx_word' id='word_1_165' title='bbox 1599 1977 1709 2048; x_wconf 89' lang='lat' dir='ltr'><strong>egit</strong></span> <span class='ocrx_word' id='word_1_166' title='bbox 1737 1977 1828 2047; x_wconf 92' lang='lat' dir='ltr'><strong>qui</strong></span> <span class='ocrx_word' id='word_1_167' title='bbox 1854 1988 2010 2035; x_wconf 90' lang='lat' dir='ltr'><strong>erant</strong></span> 
     </span>
    </p>
   </div>
   <div class='ocr_carea' id='block_1_24' title="bbox 448 2069 2019 2143">
    <p class='ocr_par' dir='ltr' id='par_1_24' title="bbox 448 2069 2019 2143">
     <span class='ocr_line' id='line_1_24' title="bbox 448 2069 2019 2143; baseline -0.007 -7"><span class='ocrx_word' id='word_1_168' title='bbox 448 2086 500 2137; x_wconf 87' lang='lat' dir='ltr'><strong>in</strong></span> <span class='ocrx_word' id='word_1_169' title='bbox 524 2095 678 2138; x_wconf 88' lang='lat' dir='ltr'><strong>orco.</strong></span> <span class='ocrx_word' id='word_1_170' title='bbox 701 2079 814 2135; x_wconf 86' lang='lat' dir='ltr'><strong>Nec</strong></span> <span class='ocrx_word' id='word_1_171' title='bbox 838 2076 1061 2143; x_wconf 88' lang='lat' dir='ltr'><strong>mirum,</strong></span> <span class='ocrx_word' id='word_1_172' title='bbox 1084 2073 1281 2129; x_wconf 88' lang='lat' dir='ltr'><strong>dilecte</strong></span> <span class='ocrx_word' id='word_1_173' title='bbox 1312 2070 1409 2138; x_wconf 74' lang='lat' dir='ltr'><strong>illi,</strong></span> <span class='ocrx_word' id='word_1_174' title='bbox 1455 2070 1553 2125; x_wconf 88' lang='lat' dir='ltr'><strong>tibi</strong></span> <span class='ocrx_word' id='word_1_175' title='bbox 1577 2069 1827 2133; x_wconf 88' lang='lat' dir='ltr'><strong>videatur</strong></span> <span class='ocrx_word' id='word_1_176' title='bbox 1854 2084 2019 2139; x_wconf 87' lang='lat' dir='ltr'><strong>quas-</strong></span> 
     </span>
    </p>
   </div>
   <div class='ocr_carea' id='block_1_25' title="bbox 445 2159 2013 2232">
    <p class='ocr_par' dir='ltr' id='par_1_25' title="bbox 445 2159 2013 2232">
     <span class='ocr_line' id='line_1_25' title="bbox 445 2159 2013 2232; baseline -0.008 -6"><span class='ocrx_word' id='word_1_177' title='bbox 445 2174 569 2226; x_wconf 85' lang='lat' dir='ltr'><strong>dam</strong></span> <span class='ocrx_word' id='word_1_178' title='bbox 605 2172 662 2225; x_wconf 92' lang='lat' dir='ltr'><strong>in</strong></span> <span class='ocrx_word' id='word_1_179' title='bbox 697 2183 829 2225; x_wconf 90' lang='lat' dir='ltr'><strong>orco</strong></span> <span class='ocrx_word' id='word_1_180' title='bbox 861 2170 1113 2224; x_wconf 88' lang='lat' dir='ltr'><strong>detentas</strong></span> <span class='ocrx_word' id='word_1_181' title='bbox 1140 2163 1349 2218; x_wconf 90' lang='lat' dir='ltr'><strong>animas</strong></span> <span class='ocrx_word' id='word_1_182' title='bbox 1386 2160 1826 2232; x_wconf 76' lang='lat' dir='ltr'><strong>praedicationem</strong></span> <span class='ocrx_word' id='word_1_183' title='bbox 1854 2159 2013 2215; x_wconf 88' lang='lat' dir='ltr'><strong>Chri-</strong></span> 
     </span>
    </p>
   </div>
   <div class='ocr_carea' id='block_1_26' title="bbox 446 2251 2011 2330">
    <p class='ocr_par' dir='ltr' id='par_1_26' title="bbox 446 2251 2011 2330">
     <span class='ocr_line' id='line_1_26' title="bbox 446 2251 2011 2330; baseline -0.006 -13"><span class='ocrx_word' id='word_1_184' title='bbox 446 2264 515 2317; x_wconf 90' lang='lat' dir='ltr'><strong>sti</strong></span> <span class='ocrx_word' id='word_1_185' title='bbox 572 2271 919 2330; x_wconf 85' lang='lat' dir='ltr'><strong>nequaquam</strong></span> <span class='ocrx_word' id='word_1_186' title='bbox 980 2253 1293 2309; x_wconf 85' lang='lat' dir='ltr'><strong>admisisse.</strong></span> <span class='ocrx_word' id='word_1_187' title='bbox 1352 2251 1508 2307; x_wconf 89' lang='lat' dir='ltr'><strong>Sicut</strong></span> <span class='ocrx_word' id='word_1_188' title='bbox 1551 2252 1698 2306; x_wconf 90' lang='lat' dir='ltr'><strong>enim</strong></span> <span class='ocrx_word' id='word_1_189' title='bbox 1745 2251 2011 2308; x_wconf 86' lang='lat' dir='ltr'><strong>accidisse</strong></span> 
     </span>
    </p>
   </div>
   <div class='ocr_carea' id='block_1_27' title="bbox 444 2342 2001 2412">
    <p class='ocr_par' dir='ltr' id='par_1_27' title="bbox 444 2342 2001 2412">
     <span class='ocr_line' id='line_1_27' title="bbox 444 2342 2001 2412; baseline -0.006 -6"><span class='ocrx_word' id='word_1_190' title='bbox 444 2354 694 2409; x_wconf 81' lang='lat' dir='ltr'><strong>videmus</strong></span> <span class='ocrx_word' id='word_1_191' title='bbox 744 2361 805 2405; x_wconf 90' lang='lat' dir='ltr'><strong>ut</strong></span> <span class='ocrx_word' id='word_1_192' title='bbox 829 2350 942 2404; x_wconf 89' lang='lat' dir='ltr'><strong>Deo</strong></span> <span class='ocrx_word' id='word_1_193' title='bbox 973 2346 1129 2402; x_wconf 86' lang='lat' dir='ltr'><strong>Pauli</strong></span> <span class='ocrx_word' id='word_1_194' title='bbox 1157 2359 1320 2400; x_wconf 88' lang='lat' dir='ltr'><strong>causa</strong></span> <span class='ocrx_word' id='word_1_195' title='bbox 1351 2342 1697 2400; x_wconf 88' lang='lat' dir='ltr'><strong>succutiente</strong></span> <span class='ocrx_word' id='word_1_196' title='bbox 1743 2343 1859 2412; x_wconf 89' lang='lat' dir='ltr'><strong>ipsa</strong></span> <span class='ocrx_word' id='word_1_197' title='bbox 1890 2359 2001 2399; x_wconf 84' lang='lat' dir='ltr'><strong>car-</strong></span> 
     </span>
    </p>
   </div>
   <div class='ocr_carea' id='block_1_28' title="bbox 2105 429 3672 501">
    <p class='ocr_par' dir='ltr' id='par_1_28' title="bbox 2105 429 3672 501">
     <span class='ocr_line' id='line_1_28' title="bbox 2105 429 3672 501; baseline 0.001 -20"><span class='ocrx_word' id='word_1_198' title='bbox 2105 429 2435 499; x_wconf 86' lang='grc' dir='ltr'><strong>χαρίσασθαι</strong></span> <span class='ocrx_word' id='word_1_199' title='bbox 2465 430 2607 499; x_wconf 79' lang='grc' dir='ltr'><strong>(οὐδὲ</strong></span> <span class='ocrx_word' id='word_1_200' title='bbox 2633 432 2741 500; x_wconf 82' lang='grc' dir='ltr'><strong>γὰρ</strong></span> <span class='ocrx_word' id='word_1_201' title='bbox 2770 432 3010 486; x_wconf 84' lang='grc' dir='ltr'><strong>ἀπέθανε</strong></span> <span class='ocrx_word' id='word_1_202' title='bbox 3035 431 3243 501; x_wconf 84' lang='grc' dir='ltr'><strong>δωρεὰν</strong></span> <span class='ocrx_word' id='word_1_203' title='bbox 3273 431 3413 501; x_wconf 79' lang='grc' dir='ltr'><strong>ὑπὲρ</strong></span> <span class='ocrx_word' id='word_1_204' title='bbox 3445 430 3672 499; x_wconf 80' lang='grc' dir='ltr'><strong>αὐτῶν),</strong></span> 
     </span>
    </p>
   </div>
   <div class='ocr_carea' id='block_1_29' title="bbox 2106 520 3676 593">
    <p class='ocr_par' dir='ltr' id='par_1_29' title="bbox 2106 520 3676 593">
     <span class='ocr_line' id='line_1_29' title="bbox 2106 520 3676 593; baseline 0 -22"><span class='ocrx_word' id='word_1_205' title='bbox 2106 520 2319 573; x_wconf 83' lang='grc' dir='ltr'><strong>κάτεισι</strong></span> <span class='ocrx_word' id='word_1_206' title='bbox 2352 520 2409 573; x_wconf 74' lang='grc' dir='ltr'><strong>δὲ</strong></span> <span class='ocrx_word' id='word_1_207' title='bbox 2444 522 2580 588; x_wconf 74' lang='grc' dir='ltr'><strong>πρὸς</strong></span> <span class='ocrx_word' id='word_1_208' title='bbox 2608 523 2699 574; x_wconf 79' lang='grc' dir='ltr'><strong>τὸν</strong></span> <span class='ocrx_word' id='word_1_209' title='bbox 2725 522 2880 593; x_wconf 69' lang='grc' dir='ltr'><strong>ᾅδην,</strong></span> <span class='ocrx_word' id='word_1_210' title='bbox 2914 522 3001 575; x_wconf 79' lang='grc' dir='ltr'><strong>ἵνα</strong></span> <span class='ocrx_word' id='word_1_211' title='bbox 3032 522 3126 573; x_wconf 68' lang='grc' dir='ltr'><strong>καὶ</strong></span> <span class='ocrx_word' id='word_1_212' title='bbox 3155 522 3265 583; x_wconf 86' lang='grc' dir='ltr'><strong>τοῖς</strong></span> <span class='ocrx_word' id='word_1_213' title='bbox 3296 522 3476 573; x_wconf 79' lang='grc' dir='ltr'><strong>ἐκεῖσε</strong></span> <span class='ocrx_word' id='word_1_214' title='bbox 3511 536 3676 572; x_wconf 84' lang='grc' dir='ltr'><strong>κατε-</strong></span> 
     </span>
    </p>
   </div>
   <div class='ocr_carea' id='block_1_30' title="bbox 2106 609 3675 682">
    <p class='ocr_par' dir='ltr' id='par_1_30' title="bbox 2106 609 3675 682">
     <span class='ocr_line' id='line_1_30' title="bbox 2106 609 3675 682; baseline 0 -20"><span class='ocrx_word' id='word_1_215' title='bbox 2106 610 2358 679; x_wconf 83' lang='grc' dir='ltr'><strong>χομένοις</strong></span> <span class='ocrx_word' id='word_1_216' title='bbox 2403 609 2617 682; x_wconf 80' lang='grc' dir='ltr'><strong>κηρύξῃ</strong></span> <span class='ocrx_word' id='word_1_217' title='bbox 2669 613 2763 665; x_wconf 77' lang='grc' dir='ltr'><strong>καὶ</strong></span> <span class='ocrx_word' id='word_1_218' title='bbox 2800 610 2989 682; x_wconf 76' lang='grc' dir='ltr'><strong>διδάξῃ</strong></span> <span class='ocrx_word' id='word_1_219' title='bbox 3024 610 3232 672; x_wconf 84' lang='grc' dir='ltr'><strong>πάντας</strong></span> <span class='ocrx_word' id='word_1_220' title='bbox 3264 612 3330 679; x_wconf 79' lang='grc' dir='ltr'><strong>ἦν</strong></span> <span class='ocrx_word' id='word_1_221' title='bbox 3366 609 3675 680; x_wconf 73' lang='grc' dir='ltr'><strong>ἠγνοήκασι</strong></span> 
     </span>
    </p>
   </div>
   <div class='ocr_carea' id='block_1_31' title="bbox 2109 699 3679 772">
    <p class='ocr_par' dir='ltr' id='par_1_31' title="bbox 2109 699 3679 772">
     <span class='ocr_line' id='line_1_31' title="bbox 2109 699 3679 772; baseline -0.001 -19"><span class='ocrx_word' id='word_1_222' title='bbox 2109 699 2441 756; x_wconf 78' lang='grc' dir='ltr'><strong>θεοσέϐειαν.</strong></span> <span class='ocrx_word' id='word_1_223' title='bbox 2477 702 2586 754; x_wconf 75' lang='grc' dir='ltr'><strong>Καὶ</strong></span> <span class='ocrx_word' id='word_1_224' title='bbox 2626 702 2814 756; x_wconf 82' lang='grc' dir='ltr'><strong>πείθου</strong></span> <span class='ocrx_word' id='word_1_225' title='bbox 2860 701 2936 771; x_wconf 85' lang='grc' dir='ltr'><strong>τῷ</strong></span> <span class='ocrx_word' id='word_1_226' title='bbox 2973 702 3256 772; x_wconf 67' lang='grc' dir='ltr'><strong>κορυφαίῳ</strong></span> <span class='ocrx_word' id='word_1_227' title='bbox 3307 701 3499 771; x_wconf 83' lang='grc' dir='ltr'><strong>Πέτρῳ</strong></span> <span class='ocrx_word' id='word_1_228' title='bbox 3547 700 3679 769; x_wconf 74' lang='grc' dir='ltr'><strong>περὶ</strong></span> 
     </span>
    </p>
   </div>
   <div class='ocr_carea' id='block_1_32' title="bbox 2112 789 3678 860">
    <p class='ocr_par' dir='ltr' id='par_1_32' title="bbox 2112 789 3678 860">
     <span class='ocr_line' id='line_1_32' title="bbox 2112 789 3678 860; baseline -0.001 -17"><span class='ocrx_word' id='word_1_229' title='bbox 2112 790 2320 844; x_wconf 89' lang='grc' dir='ltr'><strong>τούτων</strong></span> <span class='ocrx_word' id='word_1_230' title='bbox 2356 789 2793 857; x_wconf 75' lang='grc' dir='ltr'><strong>οὓτωδιεξιόντι.</strong></span> <span class='ocrx_word' id='word_1_231' title='bbox 2835 810 2853 844; x_wconf 90' lang='grc' dir='ltr'><strong>ι</strong></span> <span class='ocrx_word' id='word_1_232' title='bbox 2887 794 2996 846; x_wconf 68' lang='grc' dir='ltr'><strong>Καὶ</strong></span> <span class='ocrx_word' id='word_1_233' title='bbox 3021 793 3134 855; x_wconf 87' lang='grc' dir='ltr'><strong>τοῖς</strong></span> <span class='ocrx_word' id='word_1_234' title='bbox 3166 795 3223 845; x_wconf 81' lang='grc' dir='ltr'><strong>ὲν</strong></span> <span class='ocrx_word' id='word_1_235' title='bbox 3256 792 3469 860; x_wconf 80' lang='grc' dir='ltr'><strong>φυλακῇ</strong></span> <span class='ocrx_word' id='word_1_236' title='bbox 3511 790 3678 843; x_wconf 83' lang='grc' dir='ltr'><strong>πνεύ-</strong></span> 
     </span>
    </p>
   </div>
   <div class='ocr_carea' id='block_1_33' title="bbox 2112 882 3677 955">
    <p class='ocr_par' dir='ltr' id='par_1_33' title="bbox 2112 882 3677 955">
     <span class='ocr_line' id='line_1_33' title="bbox 2112 882 3677 955; baseline -0.003 -18"><span class='ocrx_word' id='word_1_237' title='bbox 2112 900 2247 953; x_wconf 82' lang='grc' dir='ltr'>μασι</span> <span class='ocrx_word' id='word_1_238' title='bbox 2275 883 2565 954; x_wconf 73' lang='grc' dir='ltr'><strong>πορευθεὶς</strong></span> <span class='ocrx_word' id='word_1_239' title='bbox 2597 885 2864 955; x_wconf 76' lang='grc' dir='ltr'><strong>ἐκήρυξεν</strong></span> <span class='ocrx_word' id='word_1_240' title='bbox 2894 883 3227 953; x_wconf 77' lang='grc' dir='ltr'><strong>ἀπειθήσασι</strong></span> <span class='ocrx_word' id='word_1_241' title='bbox 3259 900 3411 935; x_wconf 87' lang='grc' dir='ltr'><strong>ποτε.</strong></span> <span class='ocrx_word' id='word_1_242' title='bbox 3448 897 3467 933; x_wconf 73' lang='grc' dir='ltr'><strong>ι</strong></span> <span class='ocrx_word' id='word_1_243' title='bbox 3518 882 3677 937; x_wconf 82' lang='grc' dir='ltr'><strong>Ἀλλὰ</strong></span> 
     </span>
    </p>
   </div>
   <div class='ocr_carea' id='block_1_34' title="bbox 2109 974 3679 1049">
    <p class='ocr_par' dir='ltr' id='par_1_34' title="bbox 2109 974 3679 1049">
     <span class='ocr_line' id='line_1_34' title="bbox 2109 974 3679 1049; baseline -0.003 -19"><span class='ocrx_word' id='word_1_244' title='bbox 2109 978 2202 1030; x_wconf 72' lang='grc' dir='ltr'><strong>καὶ</strong></span> <span class='ocrx_word' id='word_1_245' title='bbox 2226 979 2255 1029; x_wconf 93' lang='lat'><strong>6</strong></span> <span class='ocrx_word' id='word_1_246' title='bbox 2290 976 2537 1046; x_wconf 85' lang='grc' dir='ltr'><strong>θεολόγος</strong></span> <span class='ocrx_word' id='word_1_247' title='bbox 2565 978 2864 1049; x_wconf 81' lang='grc' dir='ltr'><strong>Γρηγὸριος</strong></span> <span class='ocrx_word' id='word_1_248' title='bbox 2895 977 3148 1031; x_wconf 72' lang='grc' dir='ltr'><strong>ἐντεῦθεν</strong></span> <span class='ocrx_word' id='word_1_249' title='bbox 3185 976 3509 1047; x_wconf 72' lang='grc' dir='ltr'><strong>ὁρμώμενος</strong></span> <span class='ocrx_word' id='word_1_250' title='bbox 3547 974 3679 1045; x_wconf 70' lang='grc' dir='ltr'><strong>περὶ</strong></span> 
     </span>
    </p>
   </div>
   <div class='ocr_carea' id='block_1_35' title="bbox 2110 1063 3679 1141">
    <p class='ocr_par' dir='ltr' id='par_1_35' title="bbox 2110 1063 3679 1141">
     <span class='ocr_line' id='line_1_35' title="bbox 2110 1063 3679 1141; baseline -0.001 -21"><span class='ocrx_word' id='word_1_251' title='bbox 2110 1066 2316 1121; x_wconf 87' lang='grc' dir='ltr'><strong>τούτων</strong></span> <span class='ocrx_word' id='word_1_252' title='bbox 2344 1068 2487 1123; x_wconf 71' lang='grc' dir='ltr'><strong>οὕτω</strong></span> <span class='ocrx_word' id='word_1_253' title='bbox 2518 1070 2707 1139; x_wconf 83' lang='grc' dir='ltr'><strong>φησίν.</strong></span> <span class='ocrx_word' id='word_1_254' title='bbox 2733 1063 2910 1141; x_wconf 76' lang='grc' dir='ltr'><strong>ι”Αρα</strong></span> <span class='ocrx_word' id='word_1_255' title='bbox 2931 1069 3137 1132; x_wconf 78' lang='grc' dir='ltr'><strong>πάντας</strong></span> <span class='ocrx_word' id='word_1_256' title='bbox 3164 1067 3368 1120; x_wconf 72' lang='grc' dir='ltr'><strong>ἔσωσεν</strong></span> <span class='ocrx_word' id='word_1_257' title='bbox 3395 1066 3679 1135; x_wconf 73' lang='grc' dir='ltr'><strong>ἐπιφανεὶς</strong></span> 
     </span>
    </p>
   </div>
   <div class='ocr_carea' id='block_1_36' title="bbox 2110 1155 3679 1231">
    <p class='ocr_par' dir='ltr' id='par_1_36' title="bbox 2110 1155 3679 1231">
     <span class='ocr_line' id='line_1_36' title="bbox 2110 1155 3679 1231; baseline -0.002 -18"><span class='ocrx_word' id='word_1_258' title='bbox 2110 1161 2168 1213; x_wconf 82' lang='grc' dir='ltr'><strong>ὲν</strong></span> <span class='ocrx_word' id='word_1_259' title='bbox 2198 1155 2301 1231; x_wconf 71' lang='grc' dir='ltr'><strong>ᾅδῃ</strong></span> <span class='ocrx_word' id='word_1_260' title='bbox 2330 1161 2357 1212; x_wconf 93' lang='lat'><strong>6</strong></span> <span class='ocrx_word' id='word_1_261' title='bbox 2392 1159 2615 1229; x_wconf 80' lang='grc' dir='ltr'><strong>Κύριος,</strong></span> <span class='ocrx_word' id='word_1_262' title='bbox 2645 1161 2677 1231; x_wconf 83' lang='grc' dir='ltr'>ἢ</span> <span class='ocrx_word' id='word_1_263' title='bbox 2703 1163 2867 1215; x_wconf 87' lang='grc' dir='ltr'><strong>κάκεῖ</strong></span> <span class='ocrx_word' id='word_1_264' title='bbox 2905 1160 3032 1224; x_wconf 76' lang='grc' dir='ltr'><strong>τοὺς</strong></span> <span class='ocrx_word' id='word_1_265' title='bbox 3062 1159 3496 1225; x_wconf 75' lang='grc' dir='ltr'><strong>πιστεύσανταςς</strong></span> <span class='ocrx_word' id='word_1_266' title='bbox 3538 1176 3556 1210; x_wconf 81' lang='grc' dir='ltr'><strong>ι</strong></span> <span class='ocrx_word' id='word_1_267' title='bbox 3589 1157 3679 1227; x_wconf 79' lang='grc' dir='ltr'><strong>Μὴ</strong></span> 
     </span>
    </p>
   </div>
   <div class='ocr_carea' id='block_1_37' title="bbox 2110 1247 3680 1322">
    <p class='ocr_par' dir='ltr' id='par_1_37' title="bbox 2110 1247 3680 1322">
     <span class='ocr_line' id='line_1_37' title="bbox 2110 1247 3680 1322; baseline 0.001 -20"><span class='ocrx_word' id='word_1_268' title='bbox 2110 1247 2206 1305; x_wconf 83' lang='grc' dir='ltr'><strong>οὖν</strong></span> <span class='ocrx_word' id='word_1_269' title='bbox 2251 1251 2600 1321; x_wconf 76' lang='grc' dir='ltr'><strong>ἀμφίϐαλλεο</strong></span> <span class='ocrx_word' id='word_1_270' title='bbox 2640 1251 2893 1320; x_wconf 85' lang='grc' dir='ltr'><strong>καθάπερ</strong></span> <span class='ocrx_word' id='word_1_271' title='bbox 2924 1251 3035 1322; x_wconf 79' lang='grc' dir='ltr'><strong>γὰρ</strong></span> <span class='ocrx_word' id='word_1_272' title='bbox 3093 1253 3206 1312; x_wconf 85' lang='grc' dir='ltr'><strong>τοῖς</strong></span> <span class='ocrx_word' id='word_1_273' title='bbox 3256 1250 3314 1304; x_wconf 83' lang='grc' dir='ltr'><strong>έν</strong></span> <span class='ocrx_word' id='word_1_274' title='bbox 3342 1252 3412 1318; x_wconf 78' lang='grc' dir='ltr'><strong>γῇ</strong></span> <span class='ocrx_word' id='word_1_275' title='bbox 3451 1249 3680 1318; x_wconf 78' lang='grc' dir='ltr'><strong>εὐαγγε-</strong></span> 
     </span>
    </p>
   </div>
   <div class='ocr_carea' id='block_1_38' title="bbox 2110 1341 3678 1411">
    <p class='ocr_par' dir='ltr' id='par_1_38' title="bbox 2110 1341 3678 1411">
     <span class='ocr_line' id='line_1_38' title="bbox 2110 1341 3678 1411; baseline 0.001 -18"><span class='ocrx_word' id='word_1_276' title='bbox 2110 1341 2303 1395; x_wconf 86' lang='grc' dir='ltr'><strong>λίσατο</strong></span> <span class='ocrx_word' id='word_1_277' title='bbox 2330 1342 2577 1411; x_wconf 78' lang='grc' dir='ltr'><strong>εἰρήνην,</strong></span> <span class='ocrx_word' id='word_1_278' title='bbox 2609 1343 2705 1395; x_wconf 77' lang='grc' dir='ltr'><strong>καὶ</strong></span> <span class='ocrx_word' id='word_1_279' title='bbox 2754 1344 2869 1405; x_wconf 88' lang='grc' dir='ltr'><strong>τοῖς</strong></span> <span class='ocrx_word' id='word_1_280' title='bbox 2903 1343 3003 1411; x_wconf 75' lang='grc' dir='ltr'><strong>μὲν</strong></span> <span class='ocrx_word' id='word_1_281' title='bbox 3039 1341 3365 1394; x_wconf 77' lang='grc' dir='ltr'><strong>πιστεύσασι</strong></span> <span class='ocrx_word' id='word_1_282' title='bbox 3399 1342 3678 1411; x_wconf 76' lang='grc' dir='ltr'><strong>σωτηρίας</strong></span> 
     </span>
    </p>
   </div>
   <div class='ocr_carea' id='block_1_39' title="bbox 2111 1432 3678 1503">
    <p class='ocr_par' dir='ltr' id='par_1_39' title="bbox 2111 1432 3678 1503">
     <span class='ocr_line' id='line_1_39' title="bbox 2111 1432 3678 1503; baseline -0.001 -19"><span class='ocrx_word' id='word_1_283' title='bbox 2111 1432 2303 1500; x_wconf 90' lang='grc' dir='ltr'><strong>γέγονε</strong></span> <span class='ocrx_word' id='word_1_284' title='bbox 2373 1432 2657 1503; x_wconf 80' lang='grc' dir='ltr'><strong>πρόξενος,</strong></span> <span class='ocrx_word' id='word_1_285' title='bbox 2707 1435 2820 1495; x_wconf 87' lang='grc' dir='ltr'><strong>τοῖς</strong></span> <span class='ocrx_word' id='word_1_286' title='bbox 2870 1434 2927 1486; x_wconf 77' lang='grc' dir='ltr'><strong>δὲ</strong></span> <span class='ocrx_word' id='word_1_287' title='bbox 2985 1433 3351 1502; x_wconf 87' lang='grc' dir='ltr'><strong>ἀπειθήσασιν</strong></span> <span class='ocrx_word' id='word_1_288' title='bbox 3421 1432 3678 1494; x_wconf 76' lang='grc' dir='ltr'><strong>ἀπιστίας</strong></span> 
     </span>
    </p>
   </div>
   <div class='ocr_carea' id='block_1_40' title="bbox 2111 1520 3679 1592">
    <p class='ocr_par' dir='ltr' id='par_1_40' title="bbox 2111 1520 3679 1592">
     <span class='ocr_line' id='line_1_40' title="bbox 2111 1520 3679 1592; baseline 0.001 -20"><span class='ocrx_word' id='word_1_289' title='bbox 2111 1520 2353 1590; x_wconf 75' lang='grc' dir='ltr'><strong>ἐλεγχος,</strong></span> <span class='ocrx_word' id='word_1_290' title='bbox 2399 1520 2474 1585; x_wconf 84' lang='grc' dir='ltr'><strong>ὡς</strong></span> <span class='ocrx_word' id='word_1_291' title='bbox 2522 1523 2551 1575; x_wconf 91' lang='lat'><strong>6</strong></span> <span class='ocrx_word' id='word_1_292' title='bbox 2599 1523 2960 1592; x_wconf 81' lang='grc' dir='ltr'><strong>Δαμασκηνὸς</strong></span> <span class='ocrx_word' id='word_1_293' title='bbox 3001 1522 3257 1591; x_wconf 79' lang='grc' dir='ltr'><strong>Ἰωάννης</strong></span> <span class='ocrx_word' id='word_1_294' title='bbox 3309 1521 3496 1592; x_wconf 70' lang='grc' dir='ltr'><strong>φησιν,</strong></span> <span class='ocrx_word' id='word_1_295' title='bbox 3536 1520 3679 1574; x_wconf 80' lang='grc' dir='ltr'><strong>οὔτω</strong></span> 
     </span>
    </p>
   </div>
   <div class='ocr_carea' id='block_1_41' title="bbox 2114 1611 3680 1684">
    <p class='ocr_par' dir='ltr' id='par_1_41' title="bbox 2114 1611 3680 1684">
     <span class='ocr_line' id='line_1_41' title="bbox 2114 1611 3680 1684; baseline 0 -19"><span class='ocrx_word' id='word_1_296' title='bbox 2114 1611 2209 1665; x_wconf 61' lang='grc' dir='ltr'><strong>καὶ⁵</strong></span> <span class='ocrx_word' id='word_1_297' title='bbox 2239 1614 2351 1675; x_wconf 88' lang='grc' dir='ltr'><strong>τοῖς</strong></span> <span class='ocrx_word' id='word_1_298' title='bbox 2370 1612 2428 1665; x_wconf 81' lang='grc' dir='ltr'><strong>ἐν</strong></span> <span class='ocrx_word' id='word_1_299' title='bbox 2457 1611 2607 1684; x_wconf 69' lang='grc' dir='ltr'><strong>ᾅδου.</strong></span> <span class='ocrx_word' id='word_1_300' title='bbox 2638 1613 2729 1681; x_wconf 81' lang='grc' dir='ltr'><strong>Μὴ</strong></span> <span class='ocrx_word' id='word_1_301' title='bbox 2753 1612 3004 1682; x_wconf 81' lang='grc' dir='ltr'><strong>θαύμαζε</strong></span> <span class='ocrx_word' id='word_1_302' title='bbox 3030 1614 3109 1679; x_wconf 77' lang='grc' dir='ltr'><strong>δὲ,</strong></span> <span class='ocrx_word' id='word_1_303' title='bbox 3138 1613 3413 1680; x_wconf 77' lang='grc' dir='ltr'><strong>ἀγαπητὲ,</strong></span> <span class='ocrx_word' id='word_1_304' title='bbox 3441 1612 3557 1680; x_wconf 77' lang='grc' dir='ltr'><strong>εἴγε</strong></span> <span class='ocrx_word' id='word_1_305' title='bbox 3586 1612 3680 1665; x_wconf 81' lang='grc' dir='ltr'><strong>καὶ</strong></span> 
     </span>
    </p>
   </div>
   <div class='ocr_carea' id='block_1_42' title="bbox 2115 1700 3680 1774">
    <p class='ocr_par' dir='ltr' id='par_1_42' title="bbox 2115 1700 3680 1774">
     <span class='ocr_line' id='line_1_42' title="bbox 2115 1700 3680 1774; baseline -0.002 -17"><span class='ocrx_word' id='word_1_306' title='bbox 2115 1703 2282 1773; x_wconf 78' lang='grc' dir='ltr'><strong>ψυχαί</strong></span> <span class='ocrx_word' id='word_1_307' title='bbox 2320 1719 2466 1767; x_wconf 90' lang='grc' dir='ltr'><strong>τινες</strong></span> <span class='ocrx_word' id='word_1_308' title='bbox 2506 1704 2565 1756; x_wconf 76' lang='grc' dir='ltr'><strong>έν</strong></span> <span class='ocrx_word' id='word_1_309' title='bbox 2592 1701 2721 1774; x_wconf 71' lang='grc' dir='ltr'><strong>ᾅδου</strong></span> <span class='ocrx_word' id='word_1_310' title='bbox 2761 1702 3126 1773; x_wconf 82' lang='grc' dir='ltr'><strong>κατεχόμεναι</strong></span> <span class='ocrx_word' id='word_1_311' title='bbox 3152 1701 3213 1756; x_wconf 77' lang='grc' dir='ltr'><strong>τὸ</strong></span> <span class='ocrx_word' id='word_1_312' title='bbox 3260 1700 3401 1756; x_wconf 87' lang='grc' dir='ltr'><strong>κατὰ</strong></span> <span class='ocrx_word' id='word_1_313' title='bbox 3443 1701 3680 1772; x_wconf 77' lang='grc' dir='ltr'><strong>Χριστὸν</strong></span> 
     </span>
    </p>
   </div>
   <div class='ocr_carea' id='block_1_43' title="bbox 2116 1789 3678 1863">
    <p class='ocr_par' dir='ltr' id='par_1_43' title="bbox 2116 1789 3678 1863">
     <span class='ocr_line' id='line_1_43' title="bbox 2116 1789 3678 1863; baseline -0.002 -17"><span class='ocrx_word' id='word_1_314' title='bbox 2116 1793 2218 1846; x_wconf 79' lang='grc' dir='ltr'><strong>οὐκ</strong></span> <span class='ocrx_word' id='word_1_315' title='bbox 2245 1793 2517 1863; x_wconf 76' lang='grc' dir='ltr'><strong>ἠθέλησαν</strong></span> <span class='ocrx_word' id='word_1_316' title='bbox 2548 1792 2807 1857; x_wconf 84' lang='grc' dir='ltr'><strong>δέξασθαι</strong></span> <span class='ocrx_word' id='word_1_317' title='bbox 2831 1794 3099 1863; x_wconf 85' lang='grc' dir='ltr'><strong>κήρυγμα</strong></span> <span class='ocrx_word' id='word_1_318' title='bbox 3118 1810 3131 1824; x_wconf 93' lang='grc'><strong>·</strong></span> <span class='ocrx_word' id='word_1_319' title='bbox 3166 1791 3420 1863; x_wconf 81' lang='grc' dir='ltr'><strong>καθάπερ</strong></span> <span class='ocrx_word' id='word_1_320' title='bbox 3461 1792 3557 1845; x_wconf 69' lang='grc' dir='ltr'><strong>ἐπὶ</strong></span> <span class='ocrx_word' id='word_1_321' title='bbox 3584 1789 3678 1844; x_wconf 81' lang='grc' dir='ltr'><strong>τοῦ</strong></span> 
     </span>
    </p>
   </div>
   <div class='ocr_carea' id='block_1_44' title="bbox 2120 1881 3681 1954">
    <p class='ocr_par' dir='ltr' id='par_1_44' title="bbox 2120 1881 3681 1954">
     <span class='ocr_line' id='line_1_44' title="bbox 2120 1881 3681 1954; baseline -0.003 -16"><span class='ocrx_word' id='word_1_322' title='bbox 2120 1883 2393 1954; x_wconf 80' lang='grc' dir='ltr'><strong>μακαρίου</strong></span> <span class='ocrx_word' id='word_1_323' title='bbox 2452 1882 2688 1951; x_wconf 83' lang='grc' dir='ltr'><strong>Παύλου,</strong></span> <span class='ocrx_word' id='word_1_324' title='bbox 2723 1884 2891 1953; x_wconf 81' lang='grc' dir='ltr'><strong>ἡνίκα</strong></span> <span class='ocrx_word' id='word_1_325' title='bbox 2941 1884 3013 1937; x_wconf 84' lang='grc' dir='ltr'><strong>τὰ</strong></span> <span class='ocrx_word' id='word_1_326' title='bbox 3057 1883 3157 1952; x_wconf 86' lang='grc' dir='ltr'><strong>τῆς</strong></span> <span class='ocrx_word' id='word_1_327' title='bbox 3205 1882 3451 1951; x_wconf 81' lang='grc' dir='ltr'><strong>φυλακῆς</strong></span> <span class='ocrx_word' id='word_1_328' title='bbox 3503 1881 3681 1935; x_wconf 75' lang='grc' dir='ltr'><strong>ἔσεισε</strong></span> 
     </span>
    </p>
   </div>
   <div class='ocr_carea' id='block_1_45' title="bbox 2118 1971 3681 2045">
    <p class='ocr_par' dir='ltr' id='par_1_45' title="bbox 2118 1971 3681 2045">
     <span class='ocr_line' id='line_1_45' title="bbox 2118 1971 3681 2045; baseline -0.003 -17"><span class='ocrx_word' id='word_1_329' title='bbox 2118 1974 2366 2044; x_wconf 80' lang='grc' dir='ltr'><strong>θεμέλια,</strong></span> <span class='ocrx_word' id='word_1_330' title='bbox 2395 1975 2425 2028; x_wconf 97' lang='lat'><strong>6</strong></span> <span class='ocrx_word' id='word_1_331' title='bbox 2457 1975 2554 2044; x_wconf 78' lang='grc' dir='ltr'><strong>μὲν</strong></span> <span class='ocrx_word' id='word_1_332' title='bbox 2582 1974 2927 2045; x_wconf 77' lang='grc' dir='ltr'><strong>δεσμοφύλαξ</strong></span> <span class='ocrx_word' id='word_1_333' title='bbox 2952 1973 3154 2038; x_wconf 78' lang='grc' dir='ltr'><strong>εὐθέως</strong></span> <span class='ocrx_word' id='word_1_334' title='bbox 3179 1975 3522 2035; x_wconf 75' lang='grc' dir='ltr'><strong>ἐπίστευσεν,</strong></span> <span class='ocrx_word' id='word_1_335' title='bbox 3548 1973 3598 2026; x_wconf 81' lang='lat' dir='ltr'><strong>oi</strong></span> <span class='ocrx_word' id='word_1_336' title='bbox 3625 1971 3681 2024; x_wconf 81' lang='grc' dir='ltr'><strong>δὲ</strong></span> 
     </span>
    </p>
   </div>
   <div class='ocr_carea' id='block_1_46' title="bbox 2120 2062 3682 2139">
    <p class='ocr_par' dir='ltr' id='par_1_46' title="bbox 2120 2062 3682 2139">
     <span class='ocr_line' id='line_1_46' title="bbox 2120 2062 3682 2139; baseline -0.003 -18"><span class='ocrx_word' id='word_1_337' title='bbox 2120 2068 2395 2139; x_wconf 81' lang='grc' dir='ltr'><strong>δεσμῶται</strong></span> <span class='ocrx_word' id='word_1_338' title='bbox 2426 2070 2490 2137; x_wconf 80' lang='grc' dir='ltr'><strong>τῇ</strong></span> <span class='ocrx_word' id='word_1_339' title='bbox 2519 2068 2751 2138; x_wconf 76' lang='grc' dir='ltr'><strong>ἀπιστίᾳ</strong></span> <span class='ocrx_word' id='word_1_340' title='bbox 2795 2064 3183 2136; x_wconf 71' lang='grc' dir='ltr'><strong>ἑναπέμειναν,</strong></span> <span class='ocrx_word' id='word_1_341' title='bbox 3224 2065 3325 2119; x_wconf 74' lang='grc' dir='ltr'><strong>καὶ</strong></span> <span class='ocrx_word' id='word_1_342' title='bbox 3367 2063 3541 2118; x_wconf 83' lang='grc' dir='ltr'><strong>ταῦτα</strong></span> <span class='ocrx_word' id='word_1_343' title='bbox 3581 2062 3682 2124; x_wconf 82' lang='grc' dir='ltr'><strong>τὰς</strong></span> 
     </span>
    </p>
   </div>
   <div class='ocr_carea' id='block_1_47' title="bbox 2120 2156 3683 2231">
    <p class='ocr_par' dir='ltr' id='par_1_47' title="bbox 2120 2156 3683 2231">
     <span class='ocr_line' id='line_1_47' title="bbox 2120 2156 3683 2231; baseline -0.004 -16"><span class='ocrx_word' id='word_1_344' title='bbox 2120 2160 2342 2231; x_wconf 75' lang='grc' dir='ltr'><strong>σιδηρᾶς</strong></span> <span class='ocrx_word' id='word_1_345' title='bbox 2392 2160 2541 2230; x_wconf 84' lang='grc' dir='ltr'><strong>αὐτῷ</strong></span> <span class='ocrx_word' id='word_1_346' title='bbox 2599 2158 2925 2231; x_wconf 81' lang='grc' dir='ltr'><strong>χειροπέδας</strong></span> <span class='ocrx_word' id='word_1_347' title='bbox 2968 2158 3281 2229; x_wconf 79' lang='grc' dir='ltr'><strong>ἑωρακότες</strong></span> <span class='ocrx_word' id='word_1_348' title='bbox 3334 2158 3488 2226; x_wconf 75' lang='grc' dir='ltr'><strong>ἄφνω</strong></span> <span class='ocrx_word' id='word_1_349' title='bbox 3531 2156 3683 2226; x_wconf 81' lang='grc' dir='ltr'><strong>διαρο</strong></span> 
     </span>
    </p>
   </div>
   <div class='ocr_carea' id='block_1_48' title="bbox 2121 2248 3682 2323">
    <p class='ocr_par' dir='ltr' id='par_1_48' title="bbox 2121 2248 3682 2323">
     <span class='ocr_line' id='line_1_48' title="bbox 2121 2248 3682 2323; baseline -0.004 -18"><span class='ocrx_word' id='word_1_350' title='bbox 2121 2254 2401 2322; x_wconf 78' lang='grc' dir='ltr'><strong>ραγείσας,</strong></span> <span class='ocrx_word' id='word_1_351' title='bbox 2434 2252 2575 2308; x_wconf 77' lang='grc' dir='ltr'><strong>οὕτω</strong></span> <span class='ocrx_word' id='word_1_352' title='bbox 2630 2253 2735 2306; x_wconf 87' lang='grc' dir='ltr'><strong>κάν</strong></span> <span class='ocrx_word' id='word_1_353' title='bbox 2777 2254 2891 2317; x_wconf 91' lang='grc' dir='ltr'><strong>τοῖς</strong></span> <span class='ocrx_word' id='word_1_354' title='bbox 2939 2252 3001 2305; x_wconf 79' lang='grc' dir='ltr'><strong>ὲν</strong></span> <span class='ocrx_word' id='word_1_355' title='bbox 3048 2250 3176 2323; x_wconf 67' lang='grc' dir='ltr'><strong>ᾅδου</strong></span> <span class='ocrx_word' id='word_1_356' title='bbox 3211 2248 3542 2322; x_wconf 77' lang='grc' dir='ltr'><strong>γενήσεσθαι</strong></span> <span class='ocrx_word' id='word_1_357' title='bbox 3586 2248 3682 2300; x_wconf 86' lang='grc' dir='ltr'><strong>πί-</strong></span> 
     </span>
    </p>
   </div>
   <div class='ocr_carea' id='block_1_49' title="bbox 2117 2357 2295 2396">
    <p class='ocr_par' dir='ltr' id='par_1_49' title="bbox 2117 2357 2295 2396">
     <span class='ocr_line' id='line_1_49' title="bbox 2117 2357 2295 2396; baseline 0.017 -3"><span class='ocrx_word' id='word_1_358' title='bbox 2117 2357 2295 2396; x_wconf 87' lang='grc' dir='ltr'><strong>στευε.</strong></span> 
     </span>
    </p>
   </div>
   <div class='ocr_carea' id='block_1_50' title="bbox 445 2434 3684 2527">
    <p class='ocr_par' dir='ltr' id='par_1_50' title="bbox 445 2434 3684 2527">
     <span class='ocr_line' id='line_1_50' title="bbox 445 2434 3684 2527; baseline -0.004 -25"><span class='ocrx_word' id='word_1_359' title='bbox 445 2447 592 2503; x_wconf 90' lang='lat' dir='ltr'><strong>ceris</strong></span> <span class='ocrx_word' id='word_1_360' title='bbox 649 2444 1007 2501; x_wconf 81' lang='lat' dir='ltr'><strong>fundamenta</strong></span> <span class='ocrx_word' id='word_1_361' title='bbox 1035 2450 1222 2527; x_wconf 78' lang='lat' dir='ltr'><strong>custos</strong></span> <span class='ocrx_word' id='word_1_362' title='bbox 1280 2439 1501 2509; x_wconf 86' lang='lat' dir='ltr'><strong>quidem</strong></span> <span class='ocrx_word' id='word_1_363' title='bbox 1537 2438 1656 2507; x_wconf 87' lang='lat' dir='ltr'><strong>ipse</strong></span> <span class='ocrx_word' id='word_1_364' title='bbox 1723 2440 1961 2495; x_wconf 86' lang='lat' dir='ltr'><strong>carceris</strong></span> <span class='ocrx_word' id='word_1_365' title='bbox 2023 2440 2288 2496; x_wconf 89' lang='lat' dir='ltr'><strong>continuo</strong></span> <span class='ocrx_word' id='word_1_366' title='bbox 2338 2439 2500 2496; x_wconf 80' lang='lat' dir='ltr'><strong>ﬁdem</strong></span> <span class='ocrx_word' id='word_1_367' title='bbox 2564 2439 3013 2509; x_wconf 85' lang='lat' dir='ltr'><strong>amplecteretur,</strong></span> <span class='ocrx_word' id='word_1_368' title='bbox 3068 2452 3133 2494; x_wconf 89' lang='lat' dir='ltr'><strong>ac</strong></span> <span class='ocrx_word' id='word_1_369' title='bbox 3201 2436 3403 2506; x_wconf 83' lang='lat' dir='ltr'><strong>reliqui</strong></span> <span class='ocrx_word' id='word_1_370' title='bbox 3449 2434 3684 2493; x_wconf 81' lang='lat' dir='ltr'><strong>vinculis</strong></span> 
     </span>
    </p>
   </div>
   <div class='ocr_carea' id='block_1_51' title="bbox 444 2530 3684 2607">
    <p class='ocr_par' dir='ltr' id='par_1_51' title="bbox 444 2530 3684 2607">
     <span class='ocr_line' id='line_1_51' title="bbox 444 2530 3684 2607; baseline -0.003 -12"><span class='ocrx_word' id='word_1_371' title='bbox 444 2539 654 2596; x_wconf 85' lang='lat' dir='ltr'><strong>astricti</strong></span> <span class='ocrx_word' id='word_1_372' title='bbox 682 2552 782 2593; x_wconf 92' lang='lat' dir='ltr'><strong>sua</strong></span> <span class='ocrx_word' id='word_1_373' title='bbox 812 2535 1170 2607; x_wconf 82' lang='lat' dir='ltr'><strong>persisterent</strong></span> <span class='ocrx_word' id='word_1_374' title='bbox 1230 2533 1286 2587; x_wconf 94' lang='lat' dir='ltr'><strong>in</strong></span> <span class='ocrx_word' id='word_1_375' title='bbox 1319 2530 1728 2596; x_wconf 89' lang='lat' dir='ltr'><strong>incredulitate,</strong></span> <span class='ocrx_word' id='word_1_376' title='bbox 1779 2546 2092 2602; x_wconf 89' lang='lat' dir='ltr'><strong>quanquam</strong></span> <span class='ocrx_word' id='word_1_377' title='bbox 2131 2534 2353 2604; x_wconf 86' lang='lat' dir='ltr'><strong>pedicas</strong></span> <span class='ocrx_word' id='word_1_378' title='bbox 2394 2550 2521 2591; x_wconf 84' lang='lat' dir='ltr'><strong>suas</strong></span> <span class='ocrx_word' id='word_1_379' title='bbox 2560 2536 2767 2591; x_wconf 81' lang='lat' dir='ltr'><strong>ferreas</strong></span> <span class='ocrx_word' id='word_1_380' title='bbox 2810 2535 2996 2591; x_wconf 86' lang='lat' dir='ltr'><strong>subito</strong></span> <span class='ocrx_word' id='word_1_381' title='bbox 3038 2534 3284 2604; x_wconf 84' lang='lat' dir='ltr'><strong>diruptas</strong></span> <span class='ocrx_word' id='word_1_382' title='bbox 3315 2532 3684 2601; x_wconf 76' lang='lat' dir='ltr'><strong>laceratasque</strong></span> 
     </span>
    </p>
   </div>
   <div class='ocr_carea' id='block_1_52' title="bbox 445 2625 2743 2701">
    <p class='ocr_par' dir='ltr' id='par_1_52' title="bbox 445 2625 2743 2701">
     <span class='ocr_line' id='line_1_52' title="bbox 445 2625 2743 2701; baseline -0.004 -9"><span class='ocrx_word' id='word_1_383' title='bbox 445 2642 758 2696; x_wconf 89' lang='lat' dir='ltr'><strong>cernerent,</strong></span> <span class='ocrx_word' id='word_1_384' title='bbox 789 2632 861 2686; x_wconf 89' lang='lat' dir='ltr'><strong>ita</strong></span> <span class='ocrx_word' id='word_1_385' title='bbox 894 2636 1087 2701; x_wconf 87' lang='lat' dir='ltr'><strong>putato</strong></span> <span class='ocrx_word' id='word_1_386' title='bbox 1132 2641 1259 2683; x_wconf 86' lang='lat' dir='ltr'><strong>cum</strong></span> <span class='ocrx_word' id='word_1_387' title='bbox 1308 2626 1377 2681; x_wconf 88' lang='lat' dir='ltr'><strong>iis</strong></span> <span class='ocrx_word' id='word_1_388' title='bbox 1420 2625 1585 2681; x_wconf 88' lang='lat' dir='ltr'><strong>etiam</strong></span> <span class='ocrx_word' id='word_1_389' title='bbox 1631 2632 1813 2681; x_wconf 89' lang='lat' dir='ltr'><strong>actum</strong></span> <span class='ocrx_word' id='word_1_390' title='bbox 1839 2625 2010 2681; x_wconf 76' lang='lat' dir='ltr'><strong>fuisse</strong></span> <span class='ocrx_word' id='word_1_391' title='bbox 2046 2628 2142 2697; x_wconf 92' lang='lat' dir='ltr'><strong>qui</strong></span> <span class='ocrx_word' id='word_1_392' title='bbox 2171 2642 2303 2683; x_wconf 93' lang='lat' dir='ltr'><strong>orco</strong></span> <span class='ocrx_word' id='word_1_393' title='bbox 2331 2629 2743 2685; x_wconf 88' lang='lat' dir='ltr'><strong>detinebantur.</strong></span> 
     </span>
    </p>
   </div>
   <div class='ocr_carea' id='block_1_53' title="bbox 516 2716 2018 2794">
    <p class='ocr_par' dir='ltr' id='par_1_53' title="bbox 516 2716 2018 2794">
     <span class='ocr_line' id='line_1_53' title="bbox 516 2716 2018 2794; baseline -0.007 -12"><span class='ocrx_word' id='word_1_394' title='bbox 516 2725 728 2794; x_wconf 84' lang='lat' dir='ltr'><strong>Quodsi</strong></span> <span class='ocrx_word' id='word_1_395' title='bbox 757 2735 979 2779; x_wconf 86' lang='lat' dir='ltr'><strong>causam</strong></span> <span class='ocrx_word' id='word_1_396' title='bbox 1003 2733 1223 2790; x_wconf 88' lang='lat' dir='ltr'><strong>quoque</strong></span> <span class='ocrx_word' id='word_1_397' title='bbox 1254 2716 1412 2787; x_wconf 91' lang='lat' dir='ltr'><strong>cupis</strong></span> <span class='ocrx_word' id='word_1_398' title='bbox 1436 2730 1790 2788; x_wconf 87' lang='lat' dir='ltr'><strong>cognoscere,</strong></span> <span class='ocrx_word' id='word_1_399' title='bbox 1815 2732 1924 2787; x_wconf 88' lang='lat' dir='ltr'><strong>qua</strong></span> <span class='ocrx_word' id='word_1_400' title='bbox 1948 2717 2018 2772; x_wconf 89' lang='lat' dir='ltr'><strong>de</strong></span> 
     </span>
    </p>
   </div>
   <div class='ocr_carea' id='block_1_54' title="bbox 446 2808 2024 2878">
    <p class='ocr_par' dir='ltr' id='par_1_54' title="bbox 446 2808 2024 2878">
     <span class='ocr_line' id='line_1_54' title="bbox 446 2808 2024 2878; baseline -0.006 -5"><span class='ocrx_word' id='word_1_401' title='bbox 446 2834 610 2873; x_wconf 88' lang='lat' dir='ltr'><strong>causa</strong></span> <span class='ocrx_word' id='word_1_402' title='bbox 669 2816 929 2873; x_wconf 86' lang='lat' dir='ltr'><strong>Servator</strong></span> <span class='ocrx_word' id='word_1_403' title='bbox 983 2811 1149 2867; x_wconf 90' lang='lat' dir='ltr'><strong>etiam</strong></span> <span class='ocrx_word' id='word_1_404' title='bbox 1202 2810 1271 2865; x_wconf 90' lang='lat' dir='ltr'><strong>iis</strong></span> <span class='ocrx_word' id='word_1_405' title='bbox 1313 2808 1600 2864; x_wconf 87' lang='lat' dir='ltr'><strong>animabus</strong></span> <span class='ocrx_word' id='word_1_406' title='bbox 1646 2808 2024 2878; x_wconf 69' lang='lat' dir='ltr'><strong>praedicaverit</strong></span> 
     </span>
    </p>
   </div>
   <div class='ocr_carea' id='block_1_55' title="bbox 445 2896 2018 2980">
    <p class='ocr_par' dir='ltr' id='par_1_55' title="bbox 445 2896 2018 2980">
     <span class='ocr_line' id='line_1_55' title="bbox 445 2896 2018 2980; baseline -0.006 -15"><span class='ocrx_word' id='word_1_407' title='bbox 445 2896 744 2980; x_wconf 56' lang='lat' dir='ltr'><strong>quaerant</strong></span> <span class='ocrx_word' id='word_1_408' title='bbox 774 2907 830 2961; x_wconf 89' lang='lat' dir='ltr'><strong>in</strong></span> <span class='ocrx_word' id='word_1_409' title='bbox 854 2918 1005 2969; x_wconf 91' lang='lat' dir='ltr'><strong>orco,</strong></span> <span class='ocrx_word' id='word_1_410' title='bbox 1053 2902 1195 2958; x_wconf 89' lang='lat' dir='ltr'><strong>scito</strong></span> <span class='ocrx_word' id='word_1_411' title='bbox 1229 2900 1382 2955; x_wconf 89' lang='lat' dir='ltr'><strong>illam</strong></span> <span class='ocrx_word' id='word_1_412' title='bbox 1417 2900 1562 2954; x_wconf 86' lang='lat' dir='ltr'><strong>banc</strong></span> <span class='ocrx_word' id='word_1_413' title='bbox 1588 2914 1729 2956; x_wconf 89' lang='lat' dir='ltr'><strong>esse.</strong></span> <span class='ocrx_word' id='word_1_414' title='bbox 1757 2900 2018 2955; x_wconf 85' lang='lat' dir='ltr'><strong>Naturam</strong></span> 
     </span>
    </p>
   </div>
   <div class='ocr_carea' id='block_1_56' title="bbox 446 2991 2022 3062">
    <p class='ocr_par' dir='ltr' id='par_1_56' title="bbox 446 2991 2022 3062">
     <span class='ocr_line' id='line_1_56' title="bbox 446 2991 2022 3062; baseline -0.007 -7"><span class='ocrx_word' id='word_1_415' title='bbox 446 3012 688 3056; x_wconf 86' lang='lat' dir='ltr'><strong>nostram</strong></span> <span class='ocrx_word' id='word_1_416' title='bbox 745 2996 1005 3052; x_wconf 84' lang='lat' dir='ltr'><strong>Servator</strong></span> <span class='ocrx_word' id='word_1_417' title='bbox 1040 2993 1343 3062; x_wconf 85' lang='lat' dir='ltr'><strong>assumpsit</strong></span> <span class='ocrx_word' id='word_1_418' title='bbox 1401 3004 1547 3045; x_wconf 89' lang='lat' dir='ltr'><strong>anno</strong></span> <span class='ocrx_word' id='word_1_419' title='bbox 1603 2992 1672 3043; x_wconf 89' lang='lat' dir='ltr'><strong>ab</strong></span> <span class='ocrx_word' id='word_1_420' title='bbox 1705 2991 1839 3045; x_wconf 87' lang='lat' dir='ltr'><strong>orbe</strong></span> <span class='ocrx_word' id='word_1_421' title='bbox 1892 3006 2022 3045; x_wconf 90' lang='lat' dir='ltr'><strong>con-</strong></span> 
     </span>
    </p>
   </div>
   <div class='ocr_carea' id='block_1_57' title="bbox 447 3079 2087 3174">
    <p class='ocr_par' dir='ltr' id='par_1_57' title="bbox 447 3079 2087 3174">
     <span class='ocr_line' id='line_1_57' title="bbox 447 3079 2087 3174; baseline -0.008 -28"><span class='ocrx_word' id='word_1_422' title='bbox 447 3092 566 3148; x_wconf 85' lang='lat' dir='ltr'><strong>dito</strong></span> <span class='ocrx_word' id='word_1_423' title='bbox 595 3088 755 3147; x_wconf 82' lang='lat'><strong>5500.</strong></span> <span class='ocrx_word' id='word_1_424' title='bbox 784 3086 947 3157; x_wconf 88' lang='grc'><strong>222</strong></span> <span class='ocrx_word' id='word_1_425' title='bbox 977 3083 1347 3151; x_wconf 83' lang='lat' dir='ltr'><strong>Quamobrem</strong></span> <span class='ocrx_word' id='word_1_426' title='bbox 1392 3080 1570 3136; x_wconf 78' lang='lat' dir='ltr'><strong>istuc?</strong></span> <span class='ocrx_word' id='word_1_427' title='bbox 1598 3079 1751 3146; x_wconf 92' lang='lat' dir='ltr'><strong>Quod</strong></span> <span class='ocrx_word' id='word_1_428' title='bbox 1787 3096 1853 3135; x_wconf 93' lang='lat' dir='ltr'><strong>eo</strong></span> <span class='ocrx_word' id='word_1_429' title='bbox 1891 3092 2019 3135; x_wconf 89' lang='lat' dir='ltr'><strong>tcm—</strong></span> <span class='ocrx_word' id='word_1_430' title='bbox 2044 3117 2087 3174; x_wconf 66' lang='grc' dir='ltr'><strong>ϐ</strong></span> 
     </span>
    </p>
   </div>
   <div class='ocr_carea' id='block_1_58' title="bbox 446 3171 2014 3253">
    <p class='ocr_par' dir='ltr' id='par_1_58' title="bbox 446 3171 2014 3253">
     <span class='ocr_line' id='line_1_58' title="bbox 446 3171 2014 3253; baseline -0.007 -18"><span class='ocrx_word' id='word_1_431' title='bbox 446 3198 580 3253; x_wconf 88' lang='lat' dir='ltr'><strong>pore</strong></span> <span class='ocrx_word' id='word_1_432' title='bbox 606 3181 673 3236; x_wconf 90' lang='lat' dir='ltr'><strong>ad</strong></span> <span class='ocrx_word' id='word_1_433' title='bbox 708 3181 887 3235; x_wconf 89' lang='lat' dir='ltr'><strong>lucem</strong></span> <span class='ocrx_word' id='word_1_434' title='bbox 916 3192 980 3232; x_wconf 82' lang='lat' dir='ltr'><strong>ea</strong></span> <span class='ocrx_word' id='word_1_435' title='bbox 1006 3175 1402 3246; x_wconf 79' lang='lat' dir='ltr'><strong>perduceretur</strong></span> <span class='ocrx_word' id='word_1_436' title='bbox 1418 3187 1541 3241; x_wconf 87' lang='lat' dir='ltr'><strong>quae</strong></span> <span class='ocrx_word' id='word_1_437' title='bbox 1567 3171 1826 3242; x_wconf 82' lang='lat' dir='ltr'><strong>mysterio</strong></span> <span class='ocrx_word' id='word_1_438' title='bbox 1855 3171 2014 3226; x_wconf 82' lang='lat' dir='ltr'><strong>Chri-</strong></span> 
     </span>
    </p>
   </div>
   <div class='ocr_carea' id='block_1_59' title="bbox 448 3262 2013 3334">
    <p class='ocr_par' dir='ltr' id='par_1_59' title="bbox 448 3262 2013 3334">
     <span class='ocr_line' id='line_1_59' title="bbox 448 3262 2013 3334; baseline -0.008 -9"><span class='ocrx_word' id='word_1_439' title='bbox 448 3274 517 3327; x_wconf 84' lang='lat' dir='ltr'><strong>sti</strong></span> <span class='ocrx_word' id='word_1_440' title='bbox 558 3271 829 3328; x_wconf 81' lang='lat' dir='ltr'><strong>servitura</strong></span> <span class='ocrx_word' id='word_1_441' title='bbox 860 3276 979 3322; x_wconf 89' lang='lat' dir='ltr'><strong>erat</strong></span> <span class='ocrx_word' id='word_1_442' title='bbox 1000 3306 1015 3331; x_wconf 98' lang='lat'><strong>,</strong></span> <span class='ocrx_word' id='word_1_443' title='bbox 1047 3277 1108 3319; x_wconf 89' lang='lat' dir='ltr'><strong>ut</strong></span> <span class='ocrx_word' id='word_1_444' title='bbox 1158 3279 1390 3334; x_wconf 89' lang='lat' dir='ltr'><strong>magnus</strong></span> <span class='ocrx_word' id='word_1_445' title='bbox 1433 3263 1524 3317; x_wconf 91' lang='lat' dir='ltr'><strong>illc</strong></span> <span class='ocrx_word' id='word_1_446' title='bbox 1556 3262 1789 3315; x_wconf 88' lang='lat' dir='ltr'><strong>Basilius</strong></span> <span class='ocrx_word' id='word_1_447' title='bbox 1817 3263 2013 3329; x_wconf 84' lang='lat' dir='ltr'><strong>inquit.</strong></span> 
     </span>
    </p>
   </div>
   <div class='ocr_carea' id='block_1_60' title="bbox 448 3348 2019 3420">
    <p class='ocr_par' dir='ltr' id='par_1_60' title="bbox 448 3348 2019 3420">
     <span class='ocr_line' id='line_1_60' title="bbox 448 3348 2019 3420; baseline -0.008 -5"><span class='ocrx_word' id='word_1_448' title='bbox 448 3361 664 3417; x_wconf 79' lang='lat' dir='ltr'><strong>Etenim</strong></span> <span class='ocrx_word' id='word_1_449' title='bbox 689 3356 1011 3413; x_wconf 73' lang='lat' dir='ltr'><strong>vitiositatis</strong></span> <span class='ocrx_word' id='word_1_450' title='bbox 1040 3355 1283 3416; x_wconf 88' lang='lat' dir='ltr'><strong>morbus,</strong></span> <span class='ocrx_word' id='word_1_451' title='bbox 1310 3366 1412 3407; x_wconf 90' lang='lat' dir='ltr'><strong>ceu</strong></span> <span class='ocrx_word' id='word_1_452' title='bbox 1441 3350 1729 3420; x_wconf 83' lang='lat' dir='ltr'><strong>Nyssensis</strong></span> <span class='ocrx_word' id='word_1_453' title='bbox 1762 3348 1852 3404; x_wconf 92' lang='lat' dir='ltr'><strong>ille</strong></span> <span class='ocrx_word' id='word_1_454' title='bbox 1878 3351 2019 3404; x_wconf 79' lang='lat' dir='ltr'><strong>Gre-</strong></span> 
     </span>
    </p>
   </div>
   <div class='ocr_carea' id='block_1_61' title="bbox 447 3442 2016 3523">
    <p class='ocr_par' dir='ltr' id='par_1_61' title="bbox 447 3442 2016 3523">
     <span class='ocr_line' id='line_1_61' title="bbox 447 3442 2016 3523; baseline -0.009 -15"><span class='ocrx_word' id='word_1_455' title='bbox 447 3453 638 3523; x_wconf 78' lang='lat' dir='ltr'><strong>gorius</strong></span> <span class='ocrx_word' id='word_1_456' title='bbox 666 3448 930 3519; x_wconf 89' lang='lat' dir='ltr'><strong>loquitur,</strong></span> <span class='ocrx_word' id='word_1_457' title='bbox 977 3450 1072 3515; x_wconf 86' lang='lat' dir='ltr'><strong>qui</strong></span> <span class='ocrx_word' id='word_1_458' title='bbox 1104 3446 1172 3498; x_wconf 90' lang='lat' dir='ltr'><strong>ab</strong></span> <span class='ocrx_word' id='word_1_459' title='bbox 1233 3442 1391 3498; x_wconf 88' lang='lat' dir='ltr'><strong>initio</strong></span> <span class='ocrx_word' id='word_1_460' title='bbox 1433 3450 1685 3496; x_wconf 89' lang='lat' dir='ltr'><strong>naturam</strong></span> <span class='ocrx_word' id='word_1_461' title='bbox 1722 3442 2016 3494; x_wconf 83' lang='lat' dir='ltr'><strong>humanam</strong></span> 
     </span>
    </p>
   </div>
   <div class='ocr_carea' id='block_1_62' title="bbox 450 3522 2016 3609">
    <p class='ocr_par' dir='ltr' id='par_1_62' title="bbox 450 3522 2016 3609">
     <span class='ocr_line' id='line_1_62' title="bbox 450 3522 2016 3609; baseline -0.009 -9"><span class='ocrx_word' id='word_1_462' title='bbox 450 3522 746 3607; x_wconf 82' lang='lat' dir='ltr'><strong>invaserat,</strong></span> <span class='ocrx_word' id='word_1_463' title='bbox 801 3540 1045 3609; x_wconf 78' lang='lat' dir='ltr'><strong>vigorem</strong></span> <span class='ocrx_word' id='word_1_464' title='bbox 1093 3537 1205 3606; x_wconf 86' lang='lat' dir='ltr'><strong>jam</strong></span> <span class='ocrx_word' id='word_1_465' title='bbox 1272 3550 1432 3590; x_wconf 89' lang='lat' dir='ltr'><strong>suum</strong></span> <span class='ocrx_word' id='word_1_466' title='bbox 1479 3522 2016 3602; x_wconf 54' lang='lat' dir='ltr'><strong>amiseranQuippe</strong></span> 
     </span>
    </p>
   </div>
   <div class='ocr_carea' id='block_1_63' title="bbox 448 3624 2015 3707">
    <p class='ocr_par' dir='ltr' id='par_1_63' title="bbox 448 3624 2015 3707">
     <span class='ocr_line' id='line_1_63' title="bbox 448 3624 2015 3707; baseline -0.008 -17"><span class='ocrx_word' id='word_1_467' title='bbox 448 3644 641 3707; x_wconf 81' lang='lat' dir='ltr'><strong>gentes</strong></span> <span class='ocrx_word' id='word_1_468' title='bbox 674 3646 825 3687; x_wconf 89' lang='lat' dir='ltr'><strong>nunc</strong></span> <span class='ocrx_word' id='word_1_469' title='bbox 865 3645 963 3700; x_wconf 89' lang='lat' dir='ltr'><strong>per</strong></span> <span class='ocrx_word' id='word_1_470' title='bbox 993 3626 1339 3682; x_wconf 89' lang='lat' dir='ltr'><strong>vocationem</strong></span> <span class='ocrx_word' id='word_1_471' title='bbox 1370 3625 1664 3681; x_wconf 68' lang='lat' dir='ltr'><strong>crediturae</strong></span> <span class='ocrx_word' id='word_1_472' title='bbox 1697 3638 1884 3685; x_wconf 86' lang='lat' dir='ltr'><strong>erant,</strong></span> <span class='ocrx_word' id='word_1_473' title='bbox 1936 3624 2015 3677; x_wconf 90' lang='lat' dir='ltr'><strong>uti</strong></span> 
     </span>
    </p>
   </div>
   <div class='ocr_carea' id='block_1_64' title="bbox 451 3711 2013 3794">
    <p class='ocr_par' dir='ltr' id='par_1_64' title="bbox 451 3711 2013 3794">
     <span class='ocr_line' id='line_1_64' title="bbox 451 3711 2013 3794; baseline -0.01 -14"><span class='ocrx_word' id='word_1_474' title='bbox 451 3738 679 3794; x_wconf 88' lang='lat' dir='ltr'><strong>magnus</strong></span> <span class='ocrx_word' id='word_1_475' title='bbox 701 3722 867 3778; x_wconf 89' lang='lat' dir='ltr'><strong>etiam</strong></span> <span class='ocrx_word' id='word_1_476' title='bbox 908 3719 1112 3775; x_wconf 87' lang='lat' dir='ltr'><strong>Paulus</strong></span> <span class='ocrx_word' id='word_1_477' title='bbox 1150 3715 1240 3769; x_wconf 90' lang='lat' dir='ltr'><strong>ille</strong></span> <span class='ocrx_word' id='word_1_478' title='bbox 1282 3714 1466 3769; x_wconf 84' lang='lat' dir='ltr'><strong>verbis</strong></span> <span class='ocrx_word' id='word_1_479' title='bbox 1517 3713 1667 3766; x_wconf 83' lang='lat' dir='ltr'><strong>hisce</strong></span> <span class='ocrx_word' id='word_1_480' title='bbox 1698 3711 1963 3778; x_wconf 82' lang='lat' dir='ltr'><strong>signiﬁcat</strong></span> <span class='ocrx_word' id='word_1_481' title='bbox 1999 3727 2013 3764; x_wconf 89' lang='lat'><strong>:</strong></span> 
     </span>
    </p>
   </div>
   <div class='ocr_carea' id='block_1_65' title="bbox 456 3801 2015 3883">
    <p class='ocr_par' dir='ltr' id='par_1_65' title="bbox 456 3801 2015 3883">
     <span class='ocr_line' id='line_1_65' title="bbox 456 3801 2015 3883; baseline -0.008 -16"><span class='ocrx_word' id='word_1_482' title='bbox 456 3836 474 3867; x_wconf 78' lang='grc' dir='ltr'><strong>ι</strong></span> <span class='ocrx_word' id='word_1_483' title='bbox 516 3816 878 3883; x_wconf 84' lang='lat' dir='ltr'><strong>Posteaquam</strong></span> <span class='ocrx_word' id='word_1_484' title='bbox 918 3806 1206 3880; x_wconf 88' lang='lat' dir='ltr'><strong>plenitudo</strong></span> <span class='ocrx_word' id='word_1_485' title='bbox 1238 3804 1505 3875; x_wconf 90' lang='lat' dir='ltr'><strong>temporis</strong></span> <span class='ocrx_word' id='word_1_486' title='bbox 1535 3802 1780 3866; x_wconf 85' lang='lat' dir='ltr'><strong>advenit,</strong></span> <span class='ocrx_word' id='word_1_487' title='bbox 1819 3801 2015 3856; x_wconf 87' lang='lat' dir='ltr'><strong>Filium</strong></span> 
     </span>
    </p>
   </div>
   <div class='ocr_carea' id='block_1_66' title="bbox 448 3895 2016 3970">
    <p class='ocr_par' dir='ltr' id='par_1_66' title="bbox 448 3895 2016 3970">
     <span class='ocr_line' id='line_1_66' title="bbox 448 3895 2016 3970; baseline -0.011 -8"><span class='ocrx_word' id='word_1_488' title='bbox 448 3921 611 3962; x_wconf 90' lang='lat' dir='ltr'><strong>suum</strong></span> <span class='ocrx_word' id='word_1_489' title='bbox 662 3906 810 3960; x_wconf 80' lang='lat' dir='ltr'><strong>Deus</strong></span> <span class='ocrx_word' id='word_1_490' title='bbox 864 3900 1134 3970; x_wconf 80' lang='lat' dir='ltr'><strong>ablegavit</strong></span> <span class='ocrx_word' id='word_1_491' title='bbox 1160 3899 1227 3953; x_wconf 76' lang='grc'><strong>⁸³.</strong></span> <span class='ocrx_word' id='word_1_492' title='bbox 1269 3917 1287 3951; x_wconf 83' lang='grc' dir='ltr'><strong>ι</strong></span> <span class='ocrx_word' id='word_1_493' title='bbox 1318 3897 1486 3951; x_wconf 83' lang='lat' dir='ltr'><strong>Recte</strong></span> <span class='ocrx_word' id='word_1_494' title='bbox 1523 3895 1689 3966; x_wconf 84' lang='lat' dir='ltr'><strong>igitur</strong></span> <span class='ocrx_word' id='word_1_495' title='bbox 1718 3910 1862 3948; x_wconf 90' lang='lat' dir='ltr'><strong>anno</strong></span> <span class='ocrx_word' id='word_1_496' title='bbox 1904 3895 2016 3965; x_wconf 83' lang='lat' dir='ltr'><strong>jam</strong></span> 
     </span>
    </p>
   </div>
   <div class='ocr_carea' id='block_1_67' title="bbox 448 3984 2018 4056">
    <p class='ocr_par' dir='ltr' id='par_1_67' title="bbox 448 3984 2018 4056">
     <span class='ocr_line' id='line_1_67' title="bbox 448 3984 2018 4056; baseline -0.008 -4"><span class='ocrx_word' id='word_1_497' title='bbox 448 3998 690 4053; x_wconf 87' lang='lat' dir='ltr'><strong>indicato</strong></span> <span class='ocrx_word' id='word_1_498' title='bbox 720 4008 942 4049; x_wconf 86' lang='lat' dir='ltr'><strong>carnem</strong></span> <span class='ocrx_word' id='word_1_499' title='bbox 984 3990 1252 4045; x_wconf 90' lang='lat' dir='ltr'><strong>Dominus</strong></span> <span class='ocrx_word' id='word_1_500' title='bbox 1305 3987 1560 4053; x_wconf 86' lang='lat' dir='ltr'><strong>assumit,</strong></span> <span class='ocrx_word' id='word_1_501' title='bbox 1602 3986 1746 4056; x_wconf 86' lang='lat' dir='ltr'><strong>quod</strong></span> <span class='ocrx_word' id='word_1_502' title='bbox 1772 3995 1919 4039; x_wconf 86' lang='lat' dir='ltr'><strong>esset</strong></span> <span class='ocrx_word' id='word_1_503' title='bbox 1970 3984 2018 4040; x_wconf 88' lang='lat' dir='ltr'><strong>is</strong></span> 
     </span>
    </p>
   </div>
   <div class='ocr_carea' id='block_1_68' title="bbox 448 4076 2012 4150">
    <p class='ocr_par' dir='ltr' id='par_1_68' title="bbox 448 4076 2012 4150">
     <span class='ocr_line' id='line_1_68' title="bbox 448 4076 2012 4150; baseline -0.008 -8"><span class='ocrx_word' id='word_1_504' title='bbox 448 4091 514 4144; x_wconf 81' lang='lat' dir='ltr'><strong>ad</strong></span> <span class='ocrx_word' id='word_1_505' title='bbox 552 4089 693 4143; x_wconf 89' lang='lat' dir='ltr'><strong>banc</strong></span> <span class='ocrx_word' id='word_1_506' title='bbox 742 4101 857 4142; x_wconf 90' lang='lat' dir='ltr'><strong>rem</strong></span> <span class='ocrx_word' id='word_1_507' title='bbox 887 4082 1113 4140; x_wconf 86' lang='lat' dir='ltr'><strong>omnino</strong></span> <span class='ocrx_word' id='word_1_508' title='bbox 1145 4080 1431 4150; x_wconf 88' lang='lat' dir='ltr'><strong>appositus</strong></span> <span class='ocrx_word' id='word_1_509' title='bbox 1469 4087 1635 4147; x_wconf 89' lang='lat' dir='ltr'><strong>atque</strong></span> <span class='ocrx_word' id='word_1_510' title='bbox 1672 4076 2012 4131; x_wconf 81' lang='lat' dir='ltr'><strong>commodus.</strong></span> 
     </span>
    </p>
   </div>
   <div class='ocr_carea' id='block_1_69' title="bbox 447 4167 2031 4248">
    <p class='ocr_par' dir='ltr' id='par_1_69' title="bbox 447 4167 2031 4248">
     <span class='ocr_line' id='line_1_69' title="bbox 447 4167 2031 4248; baseline -0.008 -15"><span class='ocrx_word' id='word_1_511' title='bbox 447 4182 583 4248; x_wconf 90' lang='lat' dir='ltr'><strong>Quia</strong></span> <span class='ocrx_word' id='word_1_512' title='bbox 632 4192 763 4233; x_wconf 87' lang='lat' dir='ltr'><strong>vero</strong></span> <span class='ocrx_word' id='word_1_513' title='bbox 797 4173 1047 4231; x_wconf 91' lang='lat' dir='ltr'><strong>nonnulli</strong></span> <span class='ocrx_word' id='word_1_514' title='bbox 1098 4185 1290 4226; x_wconf 90' lang='lat' dir='ltr'><strong>eorum</strong></span> <span class='ocrx_word' id='word_1_515' title='bbox 1337 4168 1433 4239; x_wconf 90' lang='lat' dir='ltr'><strong>qni</strong></span> <span class='ocrx_word' id='word_1_516' title='bbox 1484 4169 1651 4223; x_wconf 87' lang='lat' dir='ltr'><strong>vitam</strong></span> <span class='ocrx_word' id='word_1_517' title='bbox 1706 4168 1758 4221; x_wconf 91' lang='lat' dir='ltr'><strong>in</strong></span> <span class='ocrx_word' id='word_1_518' title='bbox 1796 4167 2031 4236; x_wconf 86' lang='lat' dir='ltr'><strong>pictatis</strong></span> 
     </span>
    </p>
   </div>
   <div class='ocr_carea' id='block_1_70' title="bbox 449 4256 2018 4337">
    <p class='ocr_par' dir='ltr' id='par_1_70' title="bbox 449 4256 2018 4337">
     <span class='ocr_line' id='line_1_70' title="bbox 449 4256 2018 4337; baseline -0.01 -14"><span class='ocrx_word' id='word_1_519' title='bbox 449 4268 789 4337; x_wconf 85' lang='lat' dir='ltr'><strong>ignoratione</strong></span> <span class='ocrx_word' id='word_1_520' title='bbox 834 4278 987 4319; x_wconf 89' lang='lat' dir='ltr'><strong>suam</strong></span> <span class='ocrx_word' id='word_1_521' title='bbox 1024 4261 1376 4324; x_wconf 87' lang='lat' dir='ltr'><strong>clauserant,</strong></span> <span class='ocrx_word' id='word_1_522' title='bbox 1429 4266 1538 4311; x_wconf 90' lang='lat' dir='ltr'><strong>tam</strong></span> <span class='ocrx_word' id='word_1_523' title='bbox 1590 4256 1827 4326; x_wconf 82' lang='lat' dir='ltr'><strong>egregiis</strong></span> <span class='ocrx_word' id='word_1_524' title='bbox 1861 4264 2018 4309; x_wconf 90' lang='lat' dir='ltr'><strong>crant</strong></span> 
     </span>
    </p>
   </div>
   <div class='ocr_carea' id='block_1_71' title="bbox 448 4346 2015 4429">
    <p class='ocr_par' dir='ltr' id='par_1_71' title="bbox 448 4346 2015 4429">
     <span class='ocr_line' id='line_1_71' title="bbox 448 4346 2015 4429; baseline -0.01 -14"><span class='ocrx_word' id='word_1_525' title='bbox 448 4360 647 4415; x_wconf 88' lang='lat' dir='ltr'><strong>animis</strong></span> <span class='ocrx_word' id='word_1_526' title='bbox 678 4356 927 4429; x_wconf 73' lang='lat' dir='ltr'><strong>przediti,</strong></span> <span class='ocrx_word' id='word_1_527' title='bbox 962 4364 1021 4410; x_wconf 90' lang='lat' dir='ltr'><strong>ut</strong></span> <span class='ocrx_word' id='word_1_528' title='bbox 1053 4352 1234 4408; x_wconf 88' lang='lat' dir='ltr'><strong>vocati</strong></span> <span class='ocrx_word' id='word_1_529' title='bbox 1291 4350 1518 4405; x_wconf 88' lang='lat' dir='ltr'><strong>omnino</strong></span> <span class='ocrx_word' id='word_1_530' title='bbox 1558 4348 1834 4403; x_wconf 89' lang='lat' dir='ltr'><strong>accessuri</strong></span> <span class='ocrx_word' id='word_1_531' title='bbox 1877 4346 2015 4401; x_wconf 80' lang='lat' dir='ltr'><strong>fuis—</strong></span> 
     </span>
    </p>
   </div>
   <div class='ocr_carea' id='block_1_72' title="bbox 2197 2712 3715 2793">
    <p class='ocr_par' dir='ltr' id='par_1_72' title="bbox 2197 2712 3715 2793">
     <span class='ocr_line' id='line_1_72' title="bbox 2197 2712 3715 2793; baseline -0.002 -19"><span class='ocrx_word' id='word_1_532' title='bbox 2197 2721 2263 2774; x_wconf 82' lang='grc' dir='ltr'><strong>Εί</strong></span> <span class='ocrx_word' id='word_1_533' title='bbox 2291 2721 2347 2774; x_wconf 82' lang='grc' dir='ltr'><strong>δὲ</strong></span> <span class='ocrx_word' id='word_1_534' title='bbox 2381 2724 2479 2774; x_wconf 76' lang='grc' dir='ltr'><strong>καὶ</strong></span> <span class='ocrx_word' id='word_1_535' title='bbox 2505 2723 2605 2793; x_wconf 84' lang='grc' dir='ltr'><strong>τὴν</strong></span> <span class='ocrx_word' id='word_1_536' title='bbox 2637 2725 2817 2776; x_wconf 71' lang='grc' dir='ltr'><strong>αἰτίαν</strong></span> <span class='ocrx_word' id='word_1_537' title='bbox 2844 2721 3025 2793; x_wconf 80' lang='grc' dir='ltr'><strong>βούλει</strong></span> <span class='ocrx_word' id='word_1_538' title='bbox 3054 2720 3247 2791; x_wconf 84' lang='grc' dir='ltr'><strong>μαθεῖν</strong></span> <span class='ocrx_word' id='word_1_539' title='bbox 3269 2720 3339 2775; x_wconf 77' lang='grc' dir='ltr'><strong>δι’</strong></span> <span class='ocrx_word' id='word_1_540' title='bbox 3360 2721 3427 2793; x_wconf 76' lang='grc' dir='ltr'><strong>ῆν</strong></span> <span class='ocrx_word' id='word_1_541' title='bbox 3447 2718 3683 2791; x_wconf 69' lang='grc' dir='ltr'><strong>ίκήρυξε</strong></span> <span class='ocrx_word' id='word_1_542' title='bbox 3710 2712 3715 2715; x_wconf 67' lang='grc'><strong>’</strong></span> 
     </span>
    </p>
   </div>
   <div class='ocr_carea' id='block_1_73' title="bbox 2121 2811 3685 2885">
    <p class='ocr_par' dir='ltr' id='par_1_73' title="bbox 2121 2811 3685 2885">
     <span class='ocr_line' id='line_1_73' title="bbox 2121 2811 3685 2885; baseline -0.001 -19"><span class='ocrx_word' id='word_1_543' title='bbox 2121 2812 2217 2867; x_wconf 75' lang='grc' dir='ltr'><strong>καὶ</strong></span> <span class='ocrx_word' id='word_1_544' title='bbox 2254 2815 2372 2875; x_wconf 86' lang='grc' dir='ltr'><strong>ταῖς</strong></span> <span class='ocrx_word' id='word_1_545' title='bbox 2408 2814 2465 2865; x_wconf 80' lang='grc' dir='ltr'><strong>ἐν</strong></span> <span class='ocrx_word' id='word_1_546' title='bbox 2495 2814 2622 2885; x_wconf 69' lang='grc' dir='ltr'><strong>ᾅδου</strong></span> <span class='ocrx_word' id='word_1_547' title='bbox 2657 2815 2857 2885; x_wconf 82' lang='grc' dir='ltr'><strong>ψυχαῖς</strong></span> <span class='ocrx_word' id='word_1_548' title='bbox 2896 2816 2926 2868; x_wconf 92' lang='lat'><strong>6</strong></span> <span class='ocrx_word' id='word_1_549' title='bbox 2957 2814 3168 2885; x_wconf 82' lang='grc' dir='ltr'><strong>Σωτὴρ,</strong></span> <span class='ocrx_word' id='word_1_550' title='bbox 3203 2812 3343 2883; x_wconf 79' lang='grc' dir='ltr'><strong>αὕτη</strong></span> <span class='ocrx_word' id='word_1_551' title='bbox 3390 2814 3555 2867; x_wconf 73' lang='grc' dir='ltr'><strong>ἐστίν.</strong></span> <span class='ocrx_word' id='word_1_552' title='bbox 3591 2811 3685 2865; x_wconf 80' lang='grc' dir='ltr'><strong>Ἐν</strong></span> 
     </span>
    </p>
   </div>
   <div class='ocr_carea' id='block_1_74' title="bbox 2119 2901 3682 2975">
    <p class='ocr_par' dir='ltr' id='par_1_74' title="bbox 2119 2901 3682 2975">
     <span class='ocr_line' id='line_1_74' title="bbox 2119 2901 3682 2975; baseline 0 -20"><span class='ocrx_word' id='word_1_553' title='bbox 2119 2903 2199 2973; x_wconf 83' lang='grc' dir='ltr'><strong>τῷ</strong></span> <span class='ocrx_word' id='word_1_554' title='bbox 2231 2901 2312 2971; x_wconf 83' lang='grc' dir='ltr'><strong>εφ⁹</strong></span> <span class='ocrx_word' id='word_1_555' title='bbox 2348 2904 2457 2956; x_wconf 78' lang='grc' dir='ltr'><strong>ἔτει</strong></span> <span class='ocrx_word' id='word_1_556' title='bbox 2492 2905 2716 2973; x_wconf 83' lang='grc' dir='ltr'><strong>γέγονεν</strong></span> <span class='ocrx_word' id='word_1_557' title='bbox 2747 2907 2782 2974; x_wconf 76' lang='grc' dir='ltr'>ἡ</span> <span class='ocrx_word' id='word_1_558' title='bbox 2812 2905 2906 2959; x_wconf 80' lang='grc' dir='ltr'><strong>τοῦ</strong></span> <span class='ocrx_word' id='word_1_559' title='bbox 2935 2906 3189 2975; x_wconf 81' lang='grc' dir='ltr'><strong>Σωτῆρος</strong></span> <span class='ocrx_word' id='word_1_560' title='bbox 3216 2907 3248 2975; x_wconf 87' lang='grc' dir='ltr'><strong>ή</strong></span> <span class='ocrx_word' id='word_1_561' title='bbox 3259 2906 3374 2975; x_wconf 83' lang='grc' dir='ltr'><strong>μῶν</strong></span> <span class='ocrx_word' id='word_1_562' title='bbox 3408 2904 3682 2974; x_wconf 73' lang='grc' dir='ltr'><strong>ένανθρώο</strong></span> 
     </span>
    </p>
   </div>
   <div class='ocr_carea' id='block_1_75' title="bbox 2120 2989 3683 3063">
    <p class='ocr_par' dir='ltr' id='par_1_75' title="bbox 2120 2989 3683 3063">
     <span class='ocr_line' id='line_1_75' title="bbox 2120 2989 3683 3063; baseline 0.002 -22"><span class='ocrx_word' id='word_1_563' title='bbox 2120 3006 2288 3056; x_wconf 86' lang='grc' dir='ltr'><strong>πησις</strong></span> <span class='ocrx_word' id='word_1_564' title='bbox 2313 2989 2449 3059; x_wconf 83' lang='grc'><strong>(57).</strong></span> <span class='ocrx_word' id='word_1_565' title='bbox 2486 2992 2643 3053; x_wconf 82' lang='grc' dir='ltr'><strong>Τίνος</strong></span> <span class='ocrx_word' id='word_1_566' title='bbox 2673 2994 2893 3059; x_wconf 75' lang='grc' dir='ltr'><strong>ἓνεκεν;</strong></span> <span class='ocrx_word' id='word_1_567' title='bbox 2932 2995 3056 3047; x_wconf 80' lang='grc' dir='ltr'><strong>Ὀτι</strong></span> <span class='ocrx_word' id='word_1_568' title='bbox 3087 2995 3210 3047; x_wconf 84' lang='grc' dir='ltr'><strong>κατ’</strong></span> <span class='ocrx_word' id='word_1_569' title='bbox 3252 2995 3460 3047; x_wconf 76' lang='grc' dir='ltr'><strong>ἐκεῖνον</strong></span> <span class='ocrx_word' id='word_1_570' title='bbox 3489 2994 3683 3063; x_wconf 75' lang='grc' dir='ltr'><strong>καιρὸν</strong></span> 
     </span>
    </p>
   </div>
   <div class='ocr_carea' id='block_1_76' title="bbox 2121 3080 3683 3156">
    <p class='ocr_par' dir='ltr' id='par_1_76' title="bbox 2121 3080 3683 3156">
     <span class='ocr_line' id='line_1_76' title="bbox 2121 3080 3683 3156; baseline -0.01 -7"><span class='ocrx_word' id='word_1_571' title='bbox 2121 3080 2369 3152; x_wconf 80' lang='grc' dir='ltr'><strong>προήχθη</strong></span> <span class='ocrx_word' id='word_1_572' title='bbox 2423 3082 2504 3145; x_wconf 67' lang='grc' dir='ltr'><strong>εἷς</strong></span> <span class='ocrx_word' id='word_1_573' title='bbox 2553 3083 2670 3150; x_wconf 80' lang='grc' dir='ltr'><strong>φῶς</strong></span> <span class='ocrx_word' id='word_1_574' title='bbox 2726 3086 2759 3154; x_wconf 84' lang='grc' dir='ltr'>ἠ</span> <span class='ocrx_word' id='word_1_575' title='bbox 2797 3083 2875 3154; x_wconf 84' lang='grc' dir='ltr'><strong>τῷ</strong></span> <span class='ocrx_word' id='word_1_576' title='bbox 2924 3085 3067 3138; x_wconf 84' lang='grc' dir='ltr'><strong>κατὰ</strong></span> <span class='ocrx_word' id='word_1_577' title='bbox 3113 3084 3348 3155; x_wconf 81' lang='grc' dir='ltr'><strong>Χριστὸν</strong></span> <span class='ocrx_word' id='word_1_578' title='bbox 3396 3086 3683 3156; x_wconf 77' lang='grc' dir='ltr'><strong>μυστηρίῳ</strong></span> 
     </span>
    </p>
   </div>
   <div class='ocr_carea' id='block_1_77' title="bbox 2121 3172 3682 3246">
    <p class='ocr_par' dir='ltr' id='par_1_77' title="bbox 2121 3172 3682 3246">
     <span class='ocr_line' id='line_1_77' title="bbox 2121 3172 3682 3246; baseline 0.01 -23"><span class='ocrx_word' id='word_1_579' title='bbox 2121 3172 2493 3241; x_wconf 79' lang='grc' dir='ltr'><strong>ὑπηρετοῦτα,</strong></span> <span class='ocrx_word' id='word_1_580' title='bbox 2526 3174 2600 3236; x_wconf 74' lang='grc' dir='ltr'><strong>ὡς</strong></span> <span class='ocrx_word' id='word_1_581' title='bbox 2635 3176 2663 3227; x_wconf 92' lang='lat'><strong>6</strong></span> <span class='ocrx_word' id='word_1_582' title='bbox 2717 3175 2892 3242; x_wconf 82' lang='grc' dir='ltr'><strong>μέγας</strong></span> <span class='ocrx_word' id='word_1_583' title='bbox 2943 3174 3047 3246; x_wconf 73' lang='grc' dir='ltr'><strong>ἔφη</strong></span> <span class='ocrx_word' id='word_1_584' title='bbox 3093 3174 3397 3238; x_wconf 75' lang='grc' dir='ltr'><strong>Βασίλειος.</strong></span> <span class='ocrx_word' id='word_1_585' title='bbox 3456 3175 3536 3227; x_wconf 76' lang='grc' dir='ltr'><strong>ὅτι</strong></span> <span class='ocrx_word' id='word_1_586' title='bbox 3581 3174 3682 3243; x_wconf 75' lang='grc' dir='ltr'><strong>τῆς</strong></span> 
     </span>
    </p>
   </div>
   <div class='ocr_carea' id='block_1_78' title="bbox 2118 3266 3685 3337">
    <p class='ocr_par' dir='ltr' id='par_1_78' title="bbox 2118 3266 3685 3337">
     <span class='ocr_line' id='line_1_78' title="bbox 2118 3266 3685 3337; baseline 0.008 -21"><span class='ocrx_word' id='word_1_587' title='bbox 2118 3266 2317 3325; x_wconf 73' lang='grc' dir='ltr'><strong>κακίας</strong></span> <span class='ocrx_word' id='word_1_588' title='bbox 2348 3266 2381 3335; x_wconf 80' lang='grc' dir='ltr'><strong>ἡ</strong></span> <span class='ocrx_word' id='word_1_589' title='bbox 2420 3266 2597 3329; x_wconf 85' lang='grc' dir='ltr'><strong>νόσος,</strong></span> <span class='ocrx_word' id='word_1_590' title='bbox 2631 3267 2708 3330; x_wconf 86' lang='grc' dir='ltr'><strong>ὠς</strong></span> <span class='ocrx_word' id='word_1_591' title='bbox 2751 3267 2781 3318; x_wconf 88' lang='lat'><strong>6</strong></span> <span class='ocrx_word' id='word_1_592' title='bbox 2822 3267 3110 3329; x_wconf 83' lang='grc' dir='ltr'><strong>Νυσσαεὺς</strong></span> <span class='ocrx_word' id='word_1_593' title='bbox 3145 3266 3250 3337; x_wconf 76' lang='grc' dir='ltr'><strong>ἔφη</strong></span> <span class='ocrx_word' id='word_1_594' title='bbox 3299 3267 3441 3328; x_wconf 76' lang='grc' dir='ltr'><strong>θεῖος</strong></span> <span class='ocrx_word' id='word_1_595' title='bbox 3475 3266 3685 3337; x_wconf 80' lang='grc' dir='ltr'><strong>Γρηγό-</strong></span> 
     </span>
    </p>
   </div>
   <div class='ocr_carea' id='block_1_79' title="bbox 2119 3357 3686 3429">
    <p class='ocr_par' dir='ltr' id='par_1_79' title="bbox 2119 3357 3686 3429">
     <span class='ocr_line' id='line_1_79' title="bbox 2119 3357 3686 3429; baseline -0.001 -20"><span class='ocrx_word' id='word_1_596' title='bbox 2119 3373 2255 3425; x_wconf 87' lang='grc' dir='ltr'><strong>ριος,</strong></span> <span class='ocrx_word' id='word_1_597' title='bbox 2280 3357 2584 3425; x_wconf 82' lang='grc' dir='ltr'><strong>τηνικαῦτα</strong></span> <span class='ocrx_word' id='word_1_598' title='bbox 2615 3358 3005 3427; x_wconf 80' lang='grc' dir='ltr'><strong>παρήκμαζεν,</strong></span> <span class='ocrx_word' id='word_1_599' title='bbox 3039 3358 3335 3429; x_wconf 79' lang='grc' dir='ltr'><strong>ἡάρχῆθεν</strong></span> <span class='ocrx_word' id='word_1_600' title='bbox 3366 3359 3686 3428; x_wconf 61' lang='grc' dir='ltr'><strong>ἐνσκήψασα</strong></span> 
     </span>
    </p>
   </div>
   <div class='ocr_carea' id='block_1_80' title="bbox 2118 3448 3685 3520">
    <p class='ocr_par' dir='ltr' id='par_1_80' title="bbox 2118 3448 3685 3520">
     <span class='ocr_line' id='line_1_80' title="bbox 2118 3448 3685 3520; baseline 0.001 -19"><span class='ocrx_word' id='word_1_601' title='bbox 2118 3452 2183 3517; x_wconf 82' lang='grc' dir='ltr'><strong>τῇ</strong></span> <span class='ocrx_word' id='word_1_602' title='bbox 2211 3448 2368 3516; x_wconf 81' lang='grc' dir='ltr'><strong>φύσει</strong></span> <span class='ocrx_word' id='word_1_603' title='bbox 2405 3449 2505 3517; x_wconf 83' lang='grc' dir='ltr'><strong>τῆς</strong></span> <span class='ocrx_word' id='word_1_604' title='bbox 2541 3450 2984 3520; x_wconf 86' lang='grc' dir='ltr'><strong>ἀνθρωπότητος,</strong></span> <span class='ocrx_word' id='word_1_605' title='bbox 3015 3453 3098 3505; x_wconf 85' lang='grc' dir='ltr'><strong>ὃτι</strong></span> <span class='ocrx_word' id='word_1_606' title='bbox 3130 3451 3199 3503; x_wconf 83' lang='grc' dir='ltr'><strong>τὰ</strong></span> <span class='ocrx_word' id='word_1_607' title='bbox 3221 3452 3348 3520; x_wconf 75' lang='grc' dir='ltr'><strong>ἔθνη</strong></span> <span class='ocrx_word' id='word_1_608' title='bbox 3371 3451 3685 3518; x_wconf 80' lang='grc' dir='ltr'><strong>καλούμενα</strong></span> 
     </span>
    </p>
   </div>
   <div class='ocr_carea' id='block_1_81' title="bbox 2116 3540 3685 3612">
    <p class='ocr_par' dir='ltr' id='par_1_81' title="bbox 2116 3540 3685 3612">
     <span class='ocr_line' id='line_1_81' title="bbox 2116 3540 3685 3612; baseline -0.001 -18"><span class='ocrx_word' id='word_1_609' title='bbox 2116 3541 2238 3594; x_wconf 87' lang='grc' dir='ltr'><strong>τότε</strong></span> <span class='ocrx_word' id='word_1_610' title='bbox 2272 3540 2557 3594; x_wconf 87' lang='grc' dir='ltr'><strong>πείθεσθαι</strong></span> <span class='ocrx_word' id='word_1_611' title='bbox 2611 3540 2878 3607; x_wconf 77' lang='grc' dir='ltr'><strong>ἔμελλονο</strong></span> <span class='ocrx_word' id='word_1_612' title='bbox 2932 3544 3027 3596; x_wconf 74' lang='grc' dir='ltr'><strong>καὶ</strong></span> <span class='ocrx_word' id='word_1_613' title='bbox 3081 3541 3243 3596; x_wconf 79' lang='grc' dir='ltr'><strong>τοῦτό</strong></span> <span class='ocrx_word' id='word_1_614' title='bbox 3303 3543 3453 3596; x_wconf 75' lang='grc' dir='ltr'><strong>ἐστιν</strong></span> <span class='ocrx_word' id='word_1_615' title='bbox 3489 3541 3624 3612; x_wconf 72' lang='grc' dir='ltr'><strong>ὅπερ</strong></span> <span class='ocrx_word' id='word_1_616' title='bbox 3655 3543 3685 3594; x_wconf 88' lang='grc' dir='ltr'>ὁ</span> 
     </span>
    </p>
   </div>
   <div class='ocr_carea' id='block_1_82' title="bbox 2119 3630 3686 3705">
    <p class='ocr_par' dir='ltr' id='par_1_82' title="bbox 2119 3630 3686 3705">
     <span class='ocr_line' id='line_1_82' title="bbox 2119 3630 3686 3705; baseline -0.001 -19"><span class='ocrx_word' id='word_1_617' title='bbox 2119 3635 2421 3702; x_wconf 85' lang='grc' dir='ltr'><strong>πάμμεγας</strong></span> <span class='ocrx_word' id='word_1_618' title='bbox 2450 3633 2602 3701; x_wconf 73' lang='grc' dir='ltr'><strong>ἔλεγε</strong></span> <span class='ocrx_word' id='word_1_619' title='bbox 2630 3631 2859 3700; x_wconf 82' lang='grc' dir='ltr'><strong>Παῦλος,</strong></span> <span class='ocrx_word' id='word_1_620' title='bbox 2882 3635 2967 3687; x_wconf 83' lang='grc' dir='ltr'><strong>ὃτι</strong></span> <span class='ocrx_word' id='word_1_621' title='bbox 3003 3652 3022 3687; x_wconf 82' lang='grc' dir='ltr'><strong>ι</strong></span> <span class='ocrx_word' id='word_1_622' title='bbox 3048 3635 3138 3688; x_wconf 82' lang='grc' dir='ltr'><strong>ὅτε</strong></span> <span class='ocrx_word' id='word_1_623' title='bbox 3161 3630 3294 3705; x_wconf 80' lang='grc' dir='ltr'><strong>ἦλθε</strong></span> <span class='ocrx_word' id='word_1_624' title='bbox 3319 3634 3380 3687; x_wconf 82' lang='grc' dir='ltr'><strong>τὸ</strong></span> <span class='ocrx_word' id='word_1_625' title='bbox 3410 3634 3686 3703; x_wconf 79' lang='grc' dir='ltr'><strong>πλήρωμα</strong></span> 
     </span>
    </p>
   </div>
   <div class='ocr_carea' id='block_1_83' title="bbox 2118 3720 3680 3792">
    <p class='ocr_par' dir='ltr' id='par_1_83' title="bbox 2118 3720 3680 3792">
     <span class='ocr_line' id='line_1_83' title="bbox 2118 3720 3680 3792; baseline -0.001 -17"><span class='ocrx_word' id='word_1_626' title='bbox 2118 3722 2211 3775; x_wconf 82' lang='grc' dir='ltr'><strong>τοῦ</strong></span> <span class='ocrx_word' id='word_1_627' title='bbox 2250 3724 2465 3792; x_wconf 83' lang='grc' dir='ltr'><strong>χρόνου,</strong></span> <span class='ocrx_word' id='word_1_628' title='bbox 2508 3722 2890 3786; x_wconf 74' lang='grc' dir='ltr'><strong>ἐξαπέστειλεν</strong></span> <span class='ocrx_word' id='word_1_629' title='bbox 2924 3725 2954 3775; x_wconf 88' lang='lat'><strong>6</strong></span> <span class='ocrx_word' id='word_1_630' title='bbox 2981 3722 3114 3787; x_wconf 84' lang='grc' dir='ltr'><strong>Θεὸς</strong></span> <span class='ocrx_word' id='word_1_631' title='bbox 3165 3724 3258 3777; x_wconf 83' lang='grc' dir='ltr'><strong>τδν</strong></span> <span class='ocrx_word' id='word_1_632' title='bbox 3285 3722 3416 3776; x_wconf 80' lang='grc' dir='ltr'><strong>Υἱδν</strong></span> <span class='ocrx_word' id='word_1_633' title='bbox 3443 3720 3630 3776; x_wconf 83' lang='grc' dir='ltr'><strong>αὑτοῦ.</strong></span> <span class='ocrx_word' id='word_1_634' title='bbox 3659 3740 3680 3774; x_wconf 77' lang='grc' dir='ltr'><strong>ι</strong></span> 
     </span>
    </p>
   </div>
   <div class='ocr_carea' id='block_1_84' title="bbox 2119 3807 3686 3883">
    <p class='ocr_par' dir='ltr' id='par_1_84' title="bbox 2119 3807 3686 3883">
     <span class='ocr_line' id='line_1_84' title="bbox 2119 3807 3686 3883; baseline -0.001 -18"><span class='ocrx_word' id='word_1_635' title='bbox 2119 3812 2316 3873; x_wconf 84' lang='grc' dir='ltr'><strong>Καλῶς</strong></span> <span class='ocrx_word' id='word_1_636' title='bbox 2342 3807 2443 3865; x_wconf 81' lang='grc' dir='ltr'><strong>οὖν.</strong></span> <span class='ocrx_word' id='word_1_637' title='bbox 2466 3814 2524 3865; x_wconf 75' lang='grc' dir='ltr'><strong>ὲν</strong></span> <span class='ocrx_word' id='word_1_638' title='bbox 2548 3811 2627 3882; x_wconf 81' lang='grc' dir='ltr'><strong>τῷ</strong></span> <span class='ocrx_word' id='word_1_639' title='bbox 2661 3811 3009 3882; x_wconf 82' lang='grc' dir='ltr'><strong>διαληφθέντι</strong></span> <span class='ocrx_word' id='word_1_640' title='bbox 3033 3812 3143 3865; x_wconf 77' lang='grc' dir='ltr'><strong>ἔτει</strong></span> <span class='ocrx_word' id='word_1_641' title='bbox 3176 3812 3476 3883; x_wconf 84' lang='grc' dir='ltr'><strong>σαρκοῦται</strong></span> <span class='ocrx_word' id='word_1_642' title='bbox 3518 3814 3546 3865; x_wconf 82' lang='lat'><strong>6</strong></span> <span class='ocrx_word' id='word_1_643' title='bbox 3571 3812 3686 3865; x_wconf 83' lang='grc' dir='ltr'><strong>Κύ-</strong></span> 
     </span>
    </p>
   </div>
   <div class='ocr_carea' id='block_1_85' title="bbox 2120 3899 3682 3974">
    <p class='ocr_par' dir='ltr' id='par_1_85' title="bbox 2120 3899 3682 3974">
     <span class='ocr_line' id='line_1_85' title="bbox 2120 3899 3682 3974; baseline -0.001 -18"><span class='ocrx_word' id='word_1_644' title='bbox 2120 3919 2256 3974; x_wconf 80' lang='grc' dir='ltr'><strong>ριος,</strong></span> <span class='ocrx_word' id='word_1_645' title='bbox 2294 3905 2375 3956; x_wconf 78' lang='grc' dir='ltr'><strong>ὅτι</strong></span> <span class='ocrx_word' id='word_1_646' title='bbox 2423 3904 2518 3956; x_wconf 57' lang='grc' dir='ltr'><strong>καὶ⁸</strong></span> <span class='ocrx_word' id='word_1_647' title='bbox 2557 3904 2701 3957; x_wconf 81' lang='grc' dir='ltr'><strong>κατὰ</strong></span> <span class='ocrx_word' id='word_1_648' title='bbox 2745 3904 2926 3957; x_wconf 84' lang='grc' dir='ltr'><strong>πάντα</strong></span> <span class='ocrx_word' id='word_1_649' title='bbox 2953 3906 3016 3958; x_wconf 80' lang='grc' dir='ltr'><strong>τὸ</strong></span> <span class='ocrx_word' id='word_1_650' title='bbox 3042 3903 3288 3959; x_wconf 81' lang='grc' dir='ltr'><strong>τοιοῦτον</strong></span> <span class='ocrx_word' id='word_1_651' title='bbox 3332 3903 3550 3956; x_wconf 79' lang='grc' dir='ltr'><strong>εῠθετον</strong></span> <span class='ocrx_word' id='word_1_652' title='bbox 3589 3899 3682 3972; x_wconf 80' lang='grc' dir='ltr'><strong>ἦν.</strong></span> 
     </span>
    </p>
   </div>
   <div class='ocr_carea' id='block_1_86' title="bbox 2132 3990 3686 4064">
    <p class='ocr_par' dir='ltr' id='par_1_86' title="bbox 2132 3990 3686 4064">
     <span class='ocr_line' id='line_1_86' title="bbox 2132 3990 3686 4064; baseline -0.003 -18"><span class='ocrx_word' id='word_1_653' title='bbox 2132 3994 2272 4046; x_wconf 78' lang='grc' dir='ltr'><strong>Ἀλλ’</strong></span> <span class='ocrx_word' id='word_1_654' title='bbox 2321 3993 2509 4064; x_wconf 77' lang='grc' dir='ltr'><strong>ἐπειδὴ</strong></span> <span class='ocrx_word' id='word_1_655' title='bbox 2544 3994 2634 4046; x_wconf 86' lang='grc' dir='ltr'><strong>καί</strong></span> <span class='ocrx_word' id='word_1_656' title='bbox 2674 4009 2822 4057; x_wconf 86' lang='grc' dir='ltr'><strong>τινες</strong></span> <span class='ocrx_word' id='word_1_657' title='bbox 2867 3993 2978 4047; x_wconf 83' lang='grc' dir='ltr'><strong>τῶν</strong></span> <span class='ocrx_word' id='word_1_658' title='bbox 3027 3994 3087 4047; x_wconf 77' lang='grc' dir='ltr'><strong>ὲν</strong></span> <span class='ocrx_word' id='word_1_659' title='bbox 3136 3992 3364 4063; x_wconf 77' lang='grc' dir='ltr'><strong>ἀσεϐείᾳ</strong></span> <span class='ocrx_word' id='word_1_660' title='bbox 3414 3991 3512 4062; x_wconf 74' lang='grc' dir='ltr'><strong>τὴν</strong></span> <span class='ocrx_word' id='word_1_661' title='bbox 3539 3990 3686 4059; x_wconf 79' lang='grc' dir='ltr'><strong>ζωὴν</strong></span> 
     </span>
    </p>
   </div>
   <div class='ocr_carea' id='block_1_87' title="bbox 2118 4081 3685 4155">
    <p class='ocr_par' dir='ltr' id='par_1_87' title="bbox 2118 4081 3685 4155">
     <span class='ocr_line' id='line_1_87' title="bbox 2118 4081 3685 4155; baseline -0.003 -16"><span class='ocrx_word' id='word_1_662' title='bbox 2118 4086 2540 4140; x_wconf 79' lang='grc' dir='ltr'><strong>καταλυσάντων</strong></span> <span class='ocrx_word' id='word_1_663' title='bbox 2596 4084 2812 4155; x_wconf 83' lang='grc' dir='ltr'><strong>ἀγαθῆς</strong></span> <span class='ocrx_word' id='word_1_664' title='bbox 2875 4082 3132 4137; x_wconf 81' lang='grc' dir='ltr'><strong>τοσοῦτον</strong></span> <span class='ocrx_word' id='word_1_665' title='bbox 3202 4083 3450 4153; x_wconf 78' lang='grc' dir='ltr'><strong>ὑπῆρχον</strong></span> <span class='ocrx_word' id='word_1_666' title='bbox 3502 4081 3685 4151; x_wconf 80' lang='grc' dir='ltr'><strong>ψυχῆς</strong></span> 
     </span>
    </p>
   </div>
   <div class='ocr_carea' id='block_1_88' title="bbox 2117 4174 3686 4245">
    <p class='ocr_par' dir='ltr' id='par_1_88' title="bbox 2117 4174 3686 4245">
     <span class='ocr_line' id='line_1_88' title="bbox 2117 4174 3686 4245; baseline -0.003 -16"><span class='ocrx_word' id='word_1_667' title='bbox 2117 4177 2253 4230; x_wconf 84' lang='grc' dir='ltr'><strong>ὥστε</strong></span> <span class='ocrx_word' id='word_1_668' title='bbox 2314 4178 2408 4229; x_wconf 79' lang='grc' dir='ltr'><strong>καὶ</strong></span> <span class='ocrx_word' id='word_1_669' title='bbox 2455 4174 2777 4245; x_wconf 87' lang='grc' dir='ltr'><strong>προσελθεῖν</strong></span> <span class='ocrx_word' id='word_1_670' title='bbox 2831 4175 3199 4244; x_wconf 83' lang='grc' dir='ltr'><strong>καλουμένους</strong></span> <span class='ocrx_word' id='word_1_671' title='bbox 3250 4175 3451 4236; x_wconf 79' lang='grc' dir='ltr'><strong>αὐτοὺς</strong></span> <span class='ocrx_word' id='word_1_672' title='bbox 3497 4174 3593 4226; x_wconf 82' lang='grc' dir='ltr'><strong>καὶ</strong></span> <span class='ocrx_word' id='word_1_673' title='bbox 3620 4174 3686 4225; x_wconf 72' lang='grc' dir='ltr'><strong>τὸ</strong></span> 
     </span>
    </p>
   </div>
   <div class='ocr_carea' id='block_1_89' title="bbox 2118 4264 3689 4337">
    <p class='ocr_par' dir='ltr' id='par_1_89' title="bbox 2118 4264 3689 4337">
     <span class='ocr_line' id='line_1_89' title="bbox 2118 4264 3689 4337; baseline -0.003 -17"><span class='ocrx_word' id='word_1_674' title='bbox 2118 4268 2258 4321; x_wconf 89' lang='grc' dir='ltr'><strong>κατά</strong></span> <span class='ocrx_word' id='word_1_675' title='bbox 2286 4268 2519 4337; x_wconf 84' lang='grc' dir='ltr'><strong>Χριστὸν</strong></span> <span class='ocrx_word' id='word_1_676' title='bbox 2560 4266 2792 4331; x_wconf 78' lang='grc' dir='ltr'><strong>ἑτοίμως</strong></span> <span class='ocrx_word' id='word_1_677' title='bbox 2831 4265 3169 4333; x_wconf 80' lang='grc' dir='ltr'><strong>Εὖαγγέλιον</strong></span> <span class='ocrx_word' id='word_1_678' title='bbox 3203 4265 3483 4329; x_wconf 80' lang='grc' dir='ltr'><strong>δέξασθαι,</strong></span> <span class='ocrx_word' id='word_1_679' title='bbox 3525 4264 3689 4333; x_wconf 76' lang='grc' dir='ltr'><strong>εἰπερ</strong></span> 
     </span>
    </p>
   </div>
   <div class='ocr_carea' id='block_1_90' title="bbox 2119 4354 3687 4435">
    <p class='ocr_par' dir='ltr' id='par_1_90' title="bbox 2119 4354 3687 4435">
     <span class='ocr_line' id='line_1_90' title="bbox 2119 4354 3687 4435; baseline -0.004 -24"><span class='ocrx_word' id='word_1_680' title='bbox 2119 4359 2256 4413; x_wconf 76' lang='grc' dir='ltr'><strong>εἶδον</strong></span> <span class='ocrx_word' id='word_1_681' title='bbox 2289 4359 2454 4411; x_wconf 67' lang='grc' dir='ltr'><strong>αὑτὸν</strong></span> <span class='ocrx_word' id='word_1_682' title='bbox 2494 4359 2551 4410; x_wconf 81' lang='grc' dir='ltr'><strong>ὲν</strong></span> <span class='ocrx_word' id='word_1_683' title='bbox 2590 4359 2702 4421; x_wconf 89' lang='grc' dir='ltr'><strong>τοῖς</strong></span> <span class='ocrx_word' id='word_1_684' title='bbox 2726 4357 3037 4427; x_wconf 72' lang='grc' dir='ltr'><strong>ἔμπροσθεν</strong></span> <span class='ocrx_word' id='word_1_685' title='bbox 3064 4356 3280 4435; x_wconf 71' lang='grc' dir='ltr'><strong>χρονοις</strong></span> <span class='ocrx_word' id='word_1_686' title='bbox 3314 4356 3455 4426; x_wconf 86' lang='grc' dir='ltr'><strong>μετά</strong></span> <span class='ocrx_word' id='word_1_687' title='bbox 3483 4354 3687 4423; x_wconf 71' lang='grc' dir='ltr'><strong>σαρκὸς</strong></span> 
     </span>
    </p>
   </div>
   <div class='ocr_carea' id='block_1_91' title="bbox 448 4438 2015 4519">
    <p class='ocr_par' dir='ltr' id='par_1_91' title="bbox 448 4438 2014 4518">
     <span class='ocr_line' id='line_1_91' title="bbox 448 4438 2014 4518; baseline -0.01 -12"><span class='ocrx_word' id='word_1_688' title='bbox 448 4460 569 4507; x_wconf 90' lang='lat' dir='ltr'><strong>sent</strong></span> <span class='ocrx_word' id='word_1_689' title='bbox 597 4460 652 4506; x_wconf 91' lang='lat' dir='ltr'><strong>et</strong></span> <span class='ocrx_word' id='word_1_690' title='bbox 682 4448 1041 4518; x_wconf 79' lang='lat' dir='ltr'><strong>Evangelium</strong></span> <span class='ocrx_word' id='word_1_691' title='bbox 1073 4446 1141 4500; x_wconf 90' lang='lat' dir='ltr'><strong>dc</strong></span> <span class='ocrx_word' id='word_1_692' title='bbox 1171 4443 1391 4499; x_wconf 87' lang='lat' dir='ltr'><strong>Christo</strong></span> <span class='ocrx_word' id='word_1_693' title='bbox 1424 4440 1727 4511; x_wconf 84' lang='lat' dir='ltr'><strong>amplexuri</strong></span> <span class='ocrx_word' id='word_1_694' title='bbox 1752 4478 1766 4504; x_wconf 94' lang='lat'><strong>,</strong></span> <span class='ocrx_word' id='word_1_695' title='bbox 1816 4438 1860 4493; x_wconf 88' lang='lat' dir='ltr'><strong>si</strong></span> <span class='ocrx_word' id='word_1_696' title='bbox 1894 4439 2014 4508; x_wconf 84' lang='lat' dir='ltr'><strong>qui-</strong></span> 
     </span>
    </p>
   </div>
   <div class='ocr_carea' id='block_1_92' title="bbox 2116 4438 3688 4519">
    <p class='ocr_par' dir='ltr' id='par_1_92' title="bbox 2122 4442 3688 4519">
     <span class='ocr_line' id='line_1_92' title="bbox 2122 4442 3688 4519; baseline -0.003 -18"><span class='ocrx_word' id='word_1_697' title='bbox 2122 4451 2213 4503; x_wconf 76' lang='grc' dir='ltr'><strong>ἐπὶ</strong></span> <span class='ocrx_word' id='word_1_698' title='bbox 2256 4442 2360 4519; x_wconf 81' lang='grc' dir='ltr'><strong>γῆς</strong></span> <span class='ocrx_word' id='word_1_699' title='bbox 2387 4449 2760 4517; x_wconf 75' lang='grc' dir='ltr'><strong>διατρίϐοντα,</strong></span> <span class='ocrx_word' id='word_1_700' title='bbox 2789 4448 2980 4501; x_wconf 87' lang='grc' dir='ltr'><strong>τούτου</strong></span> <span class='ocrx_word' id='word_1_701' title='bbox 3025 4449 3185 4518; x_wconf 81' lang='grc' dir='ltr'><strong>χάριν</strong></span> <span class='ocrx_word' id='word_1_702' title='bbox 3232 4448 3294 4501; x_wconf 87' lang='grc' dir='ltr'><strong>ού</strong></span> <span class='ocrx_word' id='word_1_703' title='bbox 3331 4448 3688 4513; x_wconf 77' lang='grc' dir='ltr'><strong>παραιτεῖται</strong></span> 
     </span>
    </p>
   </div>
   <div class='ocr_carea' id='block_1_93' title="bbox 446 4530 2017 4610">
    <p class='ocr_par' dir='ltr' id='par_1_93' title="bbox 446 4530 2017 4610">
     <span class='ocr_line' id='line_1_93' title="bbox 446 4530 2017 4610; baseline -0.008 -16"><span class='ocrx_word' id='word_1_704' title='bbox 446 4547 570 4597; x_wconf 88' lang='lat' dir='ltr'><strong>dem</strong></span> <span class='ocrx_word' id='word_1_705' title='bbox 599 4556 721 4596; x_wconf 90' lang='lat' dir='ltr'><strong>eum</strong></span> <span class='ocrx_word' id='word_1_706' title='bbox 749 4537 1127 4610; x_wconf 88' lang='lat' dir='ltr'><strong>superioribus</strong></span> <span class='ocrx_word' id='word_1_707' title='bbox 1157 4533 1372 4590; x_wconf 59' lang='lat' dir='ltr'><strong>sacculis</strong></span> <span class='ocrx_word' id='word_1_708' title='bbox 1398 4547 1526 4586; x_wconf 91' lang='lat' dir='ltr'><strong>cum</strong></span> <span class='ocrx_word' id='word_1_709' title='bbox 1573 4544 1739 4585; x_wconf 87' lang='lat' dir='ltr'><strong>carne</strong></span> <span class='ocrx_word' id='word_1_710' title='bbox 1773 4530 1826 4582; x_wconf 91' lang='lat' dir='ltr'><strong>in</strong></span> <span class='ocrx_word' id='word_1_711' title='bbox 1858 4530 2017 4583; x_wconf 88' lang='lat' dir='ltr'><strong>terris</strong></span> 
     </span>
    </p>
   </div>
   <div class='ocr_carea' id='block_1_94' title="bbox 447 4628 2017 4705">
    <p class='ocr_par' dir='ltr' id='par_1_94' title="bbox 447 4628 2017 4705">
     <span class='ocr_line' id='line_1_94' title="bbox 447 4628 2017 4705; baseline -0.012 -15"><span class='ocrx_word' id='word_1_712' title='bbox 447 4637 735 4705; x_wconf 85' lang='lat' dir='ltr'><strong>degentem</strong></span> <span class='ocrx_word' id='word_1_713' title='bbox 790 4629 1245 4700; x_wconf 85' lang='lat' dir='ltr'><strong>conspexissent,</strong></span> <span class='ocrx_word' id='word_1_714' title='bbox 1303 4632 1590 4693; x_wconf 85' lang='lat' dir='ltr'><strong>propterea</strong></span> <span class='ocrx_word' id='word_1_715' title='bbox 1657 4636 1765 4675; x_wconf 91' lang='lat' dir='ltr'><strong>non</strong></span> <span class='ocrx_word' id='word_1_716' title='bbox 1803 4628 2017 4674; x_wconf 88' lang='lat' dir='ltr'><strong>recusat</strong></span> 
     </span>
    </p>
   </div>
   <div class='ocr_carea' id='block_1_95' title="bbox 446 4709 2017 4781">
    <p class='ocr_par' dir='ltr' id='par_1_95' title="bbox 446 4709 2017 4781">
     <span class='ocr_line' id='line_1_95' title="bbox 446 4709 2017 4781; baseline -0.013 0"><span class='ocrx_word' id='word_1_717' title='bbox 446 4728 611 4781; x_wconf 89' lang='lat' dir='ltr'><strong>etiam</strong></span> <span class='ocrx_word' id='word_1_718' title='bbox 658 4724 727 4778; x_wconf 90' lang='lat' dir='ltr'><strong>ad</strong></span> <span class='ocrx_word' id='word_1_719' title='bbox 765 4736 956 4779; x_wconf 91' lang='lat' dir='ltr'><strong>orcum</strong></span> <span class='ocrx_word' id='word_1_720' title='bbox 1001 4715 1337 4773; x_wconf 90' lang='lat' dir='ltr'><strong>descendere</strong></span> <span class='ocrx_word' id='word_1_721' title='bbox 1368 4728 1430 4767; x_wconf 92' lang='lat' dir='ltr'><strong>ac</strong></span> <span class='ocrx_word' id='word_1_722' title='bbox 1461 4713 1701 4767; x_wconf 88' lang='lat' dir='ltr'><strong>detentis</strong></span> <span class='ocrx_word' id='word_1_723' title='bbox 1733 4711 1857 4766; x_wconf 91' lang='lat' dir='ltr'><strong>istic</strong></span> <span class='ocrx_word' id='word_1_724' title='bbox 1892 4709 2017 4762; x_wconf 86' lang='lat' dir='ltr'><strong>ani-</strong></span> 
     </span>
    </p>
   </div>
   <div class='ocr_carea' id='block_1_96' title="bbox 448 4801 2016 4883">
    <p class='ocr_par' dir='ltr' id='par_1_96' title="bbox 448 4801 2016 4883">
     <span class='ocr_line' id='line_1_96' title="bbox 448 4801 2016 4883; baseline -0.011 -13"><span class='ocrx_word' id='word_1_725' title='bbox 448 4817 642 4869; x_wconf 89' lang='lat' dir='ltr'><strong>mabus</strong></span> <span class='ocrx_word' id='word_1_726' title='bbox 672 4813 975 4883; x_wconf 66' lang='lat' dir='ltr'><strong>praedicare</strong></span> <span class='ocrx_word' id='word_1_727' title='bbox 1002 4849 1018 4873; x_wconf 94' lang='lat'><strong>,</strong></span> <span class='ocrx_word' id='word_1_728' title='bbox 1072 4816 1131 4861; x_wconf 90' lang='lat' dir='ltr'><strong>ut</strong></span> <span class='ocrx_word' id='word_1_729' title='bbox 1182 4805 1287 4860; x_wconf 87' lang='lat' dir='ltr'><strong>hoc</strong></span> <span class='ocrx_word' id='word_1_730' title='bbox 1323 4803 1485 4858; x_wconf 91' lang='lat' dir='ltr'><strong>modo</strong></span> <span class='ocrx_word' id='word_1_731' title='bbox 1531 4802 1737 4856; x_wconf 89' lang='lat' dir='ltr'><strong>nemini</strong></span> <span class='ocrx_word' id='word_1_732' title='bbox 1767 4801 1910 4855; x_wconf 90' lang='lat' dir='ltr'><strong>ullus</strong></span> <span class='ocrx_word' id='word_1_733' title='bbox 1957 4814 2016 4854; x_wconf 91' lang='lat' dir='ltr'><strong>se</strong></span> 
     </span>
    </p>
   </div>
   <div class='ocr_carea' id='block_1_97' title="bbox 448 4893 2016 4977">
    <p class='ocr_par' dir='ltr' id='par_1_97' title="bbox 448 4893 2016 4977">
     <span class='ocr_line' id='line_1_97' title="bbox 448 4893 2016 4977; baseline -0.011 -17"><span class='ocrx_word' id='word_1_734' title='bbox 448 4906 713 4977; x_wconf 80' lang='lat' dir='ltr'><strong>purgandi</strong></span> <span class='ocrx_word' id='word_1_735' title='bbox 745 4904 901 4958; x_wconf 89' lang='lat' dir='ltr'><strong>locus</strong></span> <span class='ocrx_word' id='word_1_736' title='bbox 929 4901 1357 4967; x_wconf 90' lang='lat' dir='ltr'><strong>relinqueretur,</strong></span> <span class='ocrx_word' id='word_1_737' title='bbox 1405 4910 1507 4950; x_wconf 89' lang='lat' dir='ltr'><strong>nec</strong></span> <span class='ocrx_word' id='word_1_738' title='bbox 1537 4895 1622 4949; x_wconf 77' lang='lat' dir='ltr'><strong>vel</strong></span> <span class='ocrx_word' id='word_1_739' title='bbox 1673 4893 1800 4948; x_wconf 92' lang='lat' dir='ltr'><strong>boni</strong></span> <span class='ocrx_word' id='word_1_740' title='bbox 1862 4907 2016 4946; x_wconf 84' lang='lat' dir='ltr'><strong>suam</strong></span> 
     </span>
    </p>
   </div>
   <div class='ocr_carea' id='block_1_98' title="bbox 450 4983 2020 5063">
    <p class='ocr_par' dir='ltr' id='par_1_98' title="bbox 450 4983 2020 5063">
     <span class='ocr_line' id='line_1_98' title="bbox 450 4983 2020 5063; baseline -0.01 -12"><span class='ocrx_word' id='word_1_741' title='bbox 450 4998 747 5051; x_wconf 83' lang='lat' dir='ltr'><strong>bonitatem</strong></span> <span class='ocrx_word' id='word_1_742' title='bbox 792 4992 1126 5063; x_wconf 87' lang='lat' dir='ltr'><strong>perderent,</strong></span> <span class='ocrx_word' id='word_1_743' title='bbox 1168 4988 1253 5043; x_wconf 90' lang='lat' dir='ltr'><strong>vel</strong></span> <span class='ocrx_word' id='word_1_744' title='bbox 1285 4986 1409 5042; x_wconf 85' lang='lat' dir='ltr'><strong>mali</strong></span> <span class='ocrx_word' id='word_1_745' title='bbox 1452 4985 1786 5055; x_wconf 78' lang='lat' dir='ltr'><strong>respondere</strong></span> <span class='ocrx_word' id='word_1_746' title='bbox 1839 4983 2020 5035; x_wconf 75' lang='lat' dir='ltr'><strong>verbis</strong></span> 
     </span>
    </p>
   </div>
   <div class='ocr_carea' id='block_1_99' title="bbox 450 5073 2016 5157">
    <p class='ocr_par' dir='ltr' id='par_1_99' title="bbox 450 5073 2016 5157">
     <span class='ocr_line' id='line_1_99' title="bbox 450 5073 2016 5157; baseline -0.008 -19"><span class='ocrx_word' id='word_1_747' title='bbox 450 5086 760 5157; x_wconf 70' lang='lat' dir='ltr'><strong>huiusmodi</strong></span> <span class='ocrx_word' id='word_1_748' title='bbox 793 5090 1055 5153; x_wconf 87' lang='lat' dir='ltr'><strong>possent:</strong></span> <span class='ocrx_word' id='word_1_749' title='bbox 1086 5099 1103 5132; x_wconf 83' lang='grc' dir='ltr'><strong>ι</strong></span> <span class='ocrx_word' id='word_1_750' title='bbox 1136 5080 1190 5135; x_wconf 92' lang='lat' dir='ltr'><strong>Si</strong></span> <span class='ocrx_word' id='word_1_751' title='bbox 1217 5079 1567 5139; x_wconf 87' lang='lat' dir='ltr'><strong>vidissemus,</strong></span> <span class='ocrx_word' id='word_1_752' title='bbox 1588 5077 1814 5132; x_wconf 89' lang='lat' dir='ltr'><strong>omnino</strong></span> <span class='ocrx_word' id='word_1_753' title='bbox 1856 5073 2016 5127; x_wconf 84' lang='lat' dir='ltr'><strong>adui-</strong></span> 
     </span>
    </p>
   </div>
   <div class='ocr_carea' id='block_1_100' title="bbox 450 5170 1783 5231">
    <p class='ocr_par' dir='ltr' id='par_1_100' title="bbox 450 5170 1783 5231">
     <span class='ocr_line' id='line_1_100' title="bbox 450 5170 1783 5231; baseline -0.008 0"><span class='ocrx_word' id='word_1_754' title='bbox 450 5179 756 5231; x_wconf 79' lang='lat' dir='ltr'><strong>buissemus</strong></span> <span class='ocrx_word' id='word_1_755' title='bbox 786 5175 967 5228; x_wconf 81' lang='lat' dir='ltr'><strong>iidem.</strong></span> <span class='ocrx_word' id='word_1_756' title='bbox 1008 5192 1025 5225; x_wconf 76' lang='grc' dir='ltr'><strong>ι</strong></span> <span class='ocrx_word' id='word_1_757' title='bbox 1067 5172 1192 5227; x_wconf 54' lang='lat' dir='ltr'><strong>Haec</strong></span> <span class='ocrx_word' id='word_1_758' title='bbox 1213 5171 1281 5224; x_wconf 87' lang='lat' dir='ltr'><strong>de</strong></span> <span class='ocrx_word' id='word_1_759' title='bbox 1310 5171 1394 5223; x_wconf 88' lang='lat' dir='ltr'><strong>bis</strong></span> <span class='ocrx_word' id='word_1_760' title='bbox 1423 5170 1567 5223; x_wconf 84' lang='lat' dir='ltr'><strong>dicta</strong></span> <span class='ocrx_word' id='word_1_761' title='bbox 1598 5180 1783 5223; x_wconf 82' lang='lat' dir='ltr'><strong>sunto.</strong></span> 
     </span>
    </p>
   </div>
   <div class='ocr_carea' id='block_1_101' title="bbox 517 5337 1545 5406">
    <p class='ocr_par' dir='ltr' id='par_1_101' title="bbox 517 5337 1545 5406">
     <span class='ocr_line' id='line_1_101' title="bbox 517 5337 1545 5406; baseline -0.006 -8"><span class='ocrx_word' id='word_1_762' title='bbox 517 5348 559 5375; x_wconf 65' lang='grc' dir='ltr'><strong>θ’</strong></span> <span class='ocrx_word' id='word_1_763' title='bbox 598 5343 614 5397; x_wconf 93' lang='lat' dir='ltr'><strong>l</strong></span> <span class='ocrx_word' id='word_1_764' title='bbox 657 5343 800 5397; x_wconf 85' lang='lat' dir='ltr'><strong>Pctr.</strong></span> <span class='ocrx_word' id='word_1_765' title='bbox 842 5357 920 5406; x_wconf 86' lang='grc' dir='ltr'><strong>ιιι,</strong></span> <span class='ocrx_word' id='word_1_766' title='bbox 955 5340 1040 5396; x_wconf 79' lang='grc'><strong>19.</strong></span> <span class='ocrx_word' id='word_1_767' title='bbox 1101 5338 1145 5370; x_wconf 77' lang='grc'>⁸⁸</span> <span class='ocrx_word' id='word_1_768' title='bbox 1182 5337 1355 5393; x_wconf 84' lang='lat' dir='ltr'><strong>Galat.</strong></span> <span class='ocrx_word' id='word_1_769' title='bbox 1386 5354 1461 5401; x_wconf 84' lang='lat' dir='ltr'><strong>tv,</strong></span> <span class='ocrx_word' id='word_1_770' title='bbox 1491 5340 1545 5392; x_wconf 75' lang='grc'><strong>4.</strong></span> 
     </span>
    </p>
   </div>
   <div class='ocr_carea' id='block_1_102' title="bbox 518 5479 2004 5559">
    <p class='ocr_par' dir='ltr' id='par_1_102' title="bbox 518 5479 2004 5559">
     <span class='ocr_line' id='line_1_102' title="bbox 518 5479 2004 5559; baseline -0.005 -20"><span class='ocrx_word' id='word_1_771' title='bbox 518 5488 630 5559; x_wconf 63' lang='grc' dir='ltr'><strong>(Ἡ)</strong></span> <span class='ocrx_word' id='word_1_772' title='bbox 665 5484 857 5554; x_wconf 65' lang='lat' dir='ltr'><strong>Clyt-as</strong></span> <span class='ocrx_word' id='word_1_773' title='bbox 896 5493 1078 5559; x_wconf 74' lang='lat' dir='ltr'><strong>noster</strong></span> <span class='ocrx_word' id='word_1_774' title='bbox 1117 5496 1290 5534; x_wconf 84' lang='lat' dir='ltr'><strong>annos</strong></span> <span class='ocrx_word' id='word_1_775' title='bbox 1352 5483 1420 5534; x_wconf 90' lang='lat' dir='ltr'><strong>ab</strong></span> <span class='ocrx_word' id='word_1_776' title='bbox 1467 5480 1619 5559; x_wconf 70' lang='lat' dir='ltr'><strong>orbis</strong></span> <span class='ocrx_word' id='word_1_777' title='bbox 1672 5479 1896 5559; x_wconf 76' lang='lat' dir='ltr'><strong>contl&#39;tu</strong></span> <span class='ocrx_word' id='word_1_778' title='bbox 1939 5480 2004 5533; x_wconf 87' lang='lat' dir='ltr'><strong>ad</strong></span> 
     </span>
    </p>
   </div>
   <div class='ocr_carea' id='block_1_103' title="bbox 453 5550 2007 5618">
    <p class='ocr_par' dir='ltr' id='par_1_103' title="bbox 453 5550 2007 5618">
     <span class='ocr_line' id='line_1_103' title="bbox 453 5550 2007 5618; baseline -0.006 -6"><span class='ocrx_word' id='word_1_779' title='bbox 453 5550 885 5613; x_wconf 56' lang='lat' dir='ltr'><strong>incarnationem</strong></span> <span class='ocrx_word' id='word_1_780' title='bbox 919 5553 1076 5607; x_wconf 80' lang='lat' dir='ltr'><strong>Verbi</strong></span> <span class='ocrx_word' id='word_1_781' title='bbox 1108 5561 1361 5603; x_wconf 82' lang='lat' dir='ltr'><strong>numerat</strong></span> <span class='ocrx_word' id='word_1_782' title='bbox 1393 5552 1687 5618; x_wconf 65' lang='lat' dir='ltr'><strong>quinquies</strong></span> <span class='ocrx_word' id='word_1_783' title='bbox 1748 5550 1896 5603; x_wconf 87' lang='lat' dir='ltr'><strong>mille</strong></span> <span class='ocrx_word' id='word_1_784' title='bbox 1944 5565 2007 5603; x_wconf 91' lang='lat' dir='ltr'><strong>ac</strong></span> 
     </span>
    </p>
   </div>
   <div class='ocr_carea' id='block_1_104' title="bbox 456 5620 2009 5694">
    <p class='ocr_par' dir='ltr' id='par_1_104' title="bbox 456 5620 2009 5694">
     <span class='ocr_line' id='line_1_104' title="bbox 456 5620 2009 5694; baseline -0.005 -13"><span class='ocrx_word' id='word_1_785' title='bbox 456 5634 805 5694; x_wconf 71' lang='lat' dir='ltr'><strong>quingentos,</strong></span> <span class='ocrx_word' id='word_1_786' title='bbox 857 5639 979 5676; x_wconf 91' lang='lat' dir='ltr'><strong>cum</strong></span> <span class='ocrx_word' id='word_1_787' title='bbox 1030 5622 1120 5674; x_wconf 92' lang='lat' dir='ltr'><strong>alii</strong></span> <span class='ocrx_word' id='word_1_788' title='bbox 1172 5637 1233 5675; x_wconf 77' lang='lat' dir='ltr'><strong>ex</strong></span> <span class='ocrx_word' id='word_1_789' title='bbox 1291 5620 1489 5673; x_wconf 70' lang='lat' dir='ltr'><strong>ercis</strong></span> <span class='ocrx_word' id='word_1_790' title='bbox 1551 5630 1641 5672; x_wconf 81' lang='lat' dir='ltr'><strong>aut</strong></span> <span class='ocrx_word' id='word_1_791' title='bbox 1689 5620 1868 5687; x_wconf 83' lang='lat' dir='ltr'><strong>plures</strong></span> <span class='ocrx_word' id='word_1_792' title='bbox 1916 5630 2009 5673; x_wconf 86' lang='lat' dir='ltr'><strong>aut</strong></span> 
     </span>
    </p>
   </div>
   <div class='ocr_carea' id='block_1_105' title="bbox 2123 4539 3690 4611">
    <p class='ocr_par' dir='ltr' id='par_1_105' title="bbox 2123 4539 3690 4611">
     <span class='ocr_line' id='line_1_105' title="bbox 2123 4539 3690 4611; baseline -0.004 -16"><span class='ocrx_word' id='word_1_793' title='bbox 2123 4542 2220 4595; x_wconf 77' lang='grc' dir='ltr'><strong>καὶ</strong></span> <span class='ocrx_word' id='word_1_794' title='bbox 2273 4542 2408 4611; x_wconf 83' lang='grc' dir='ltr'><strong>πρὸς</strong></span> <span class='ocrx_word' id='word_1_795' title='bbox 2459 4542 2592 4610; x_wconf 77' lang='grc' dir='ltr'><strong>ᾇδην</strong></span> <span class='ocrx_word' id='word_1_796' title='bbox 2638 4541 2799 4594; x_wconf 82' lang='grc' dir='ltr'><strong>αὑτὸν</strong></span> <span class='ocrx_word' id='word_1_797' title='bbox 2849 4539 3134 4595; x_wconf 84' lang='grc' dir='ltr'><strong>κατελθεῖν</strong></span> <span class='ocrx_word' id='word_1_798' title='bbox 3185 4540 3282 4593; x_wconf 75' lang='grc' dir='ltr'><strong>καὶ</strong></span> <span class='ocrx_word' id='word_1_799' title='bbox 3330 4541 3454 4601; x_wconf 82' lang='grc' dir='ltr'><strong>ταῖς</strong></span> <span class='ocrx_word' id='word_1_800' title='bbox 3506 4540 3690 4590; x_wconf 62' lang='grc' dir='ltr'><strong>ἐκεῖσε</strong></span> 
     </span>
    </p>
   </div>
   <div class='ocr_carea' id='block_1_106' title="bbox 2123 4622 3689 4702">
    <p class='ocr_par' dir='ltr' id='par_1_106' title="bbox 2123 4622 3689 4702">
     <span class='ocr_line' id='line_1_106' title="bbox 2123 4622 3689 4702; baseline -0.004 -19"><span class='ocrx_word' id='word_1_801' title='bbox 2123 4631 2358 4701; x_wconf 76' lang='grc' dir='ltr'><strong>κηρῦξαι</strong></span> <span class='ocrx_word' id='word_1_802' title='bbox 2399 4632 2622 4702; x_wconf 79' lang='grc' dir='ltr'><strong>ψυχαῖς,</strong></span> <span class='ocrx_word' id='word_1_803' title='bbox 2652 4630 2728 4693; x_wconf 83' lang='grc' dir='ltr'><strong>ὡς</strong></span> <span class='ocrx_word' id='word_1_804' title='bbox 2773 4626 3024 4685; x_wconf 67' lang='grc' dir='ltr'><strong>ἐντεῦθεν</strong></span> <span class='ocrx_word' id='word_1_805' title='bbox 3056 4628 3498 4698; x_wconf 82' lang='grc' dir='ltr'><strong>ἀναπολογήτους</strong></span> <span class='ocrx_word' id='word_1_806' title='bbox 3546 4622 3689 4679; x_wconf 78' lang='grc' dir='ltr'><strong>εἶναι</strong></span> 
     </span>
    </p>
   </div>
   <div class='ocr_carea' id='block_1_107' title="bbox 2123 4716 3690 4793">
    <p class='ocr_par' dir='ltr' id='par_1_107' title="bbox 2123 4716 3690 4793">
     <span class='ocr_line' id='line_1_107' title="bbox 2123 4716 3690 4793; baseline -0.004 -19"><span class='ocrx_word' id='word_1_807' title='bbox 2123 4722 2391 4786; x_wconf 70' lang='grc' dir='ltr'><strong>ἅπαντας,</strong></span> <span class='ocrx_word' id='word_1_808' title='bbox 2429 4723 2524 4775; x_wconf 83' lang='grc' dir='ltr'><strong>καὶ</strong></span> <span class='ocrx_word' id='word_1_809' title='bbox 2574 4716 2724 4793; x_wconf 64' lang='grc' dir='ltr'><strong>’μήτε</strong></span> <span class='ocrx_word' id='word_1_810' title='bbox 2785 4722 2913 4785; x_wconf 85' lang='grc' dir='ltr'><strong>τοὺς</strong></span> <span class='ocrx_word' id='word_1_811' title='bbox 2965 4722 3206 4789; x_wconf 77' lang='grc' dir='ltr'><strong>ἀγαθοὺς</strong></span> <span class='ocrx_word' id='word_1_812' title='bbox 3269 4719 3539 4773; x_wconf 77' lang='grc' dir='ltr'><strong>ἀπολέσαι</strong></span> <span class='ocrx_word' id='word_1_813' title='bbox 3588 4720 3690 4785; x_wconf 70' lang='grc' dir='ltr'><strong>τὴν</strong></span> 
     </span>
    </p>
   </div>
   <div class='ocr_carea' id='block_1_108' title="bbox 2120 4810 3691 4885">
    <p class='ocr_par' dir='ltr' id='par_1_108' title="bbox 2120 4810 3691 4885">
     <span class='ocr_line' id='line_1_108' title="bbox 2120 4810 3691 4885; baseline -0.003 -20"><span class='ocrx_word' id='word_1_814' title='bbox 2120 4813 2328 4866; x_wconf 79' lang='grc' dir='ltr'><strong>ἑαυτῶν</strong></span> <span class='ocrx_word' id='word_1_815' title='bbox 2374 4813 2705 4884; x_wconf 68' lang='grc' dir='ltr'><strong>ἁγαθότητα,</strong></span> <span class='ocrx_word' id='word_1_816' title='bbox 2738 4818 2878 4885; x_wconf 87' lang='grc' dir='ltr'><strong>μήτε</strong></span> <span class='ocrx_word' id='word_1_817' title='bbox 2927 4815 3056 4877; x_wconf 76' lang='grc' dir='ltr'><strong>τοὺς</strong></span> <span class='ocrx_word' id='word_1_818' title='bbox 3095 4814 3196 4866; x_wconf 77' lang='grc' dir='ltr'><strong>οὐκ</strong></span> <span class='ocrx_word' id='word_1_819' title='bbox 3246 4810 3486 4879; x_wconf 82' lang='grc' dir='ltr'><strong>ἀγαθοὺς</strong></span> <span class='ocrx_word' id='word_1_820' title='bbox 3538 4812 3691 4863; x_wconf 84' lang='grc' dir='ltr'><strong>ἀντι-</strong></span> 
     </span>
    </p>
   </div>
   <div class='ocr_carea' id='block_1_109' title="bbox 2120 4902 3694 4975">
    <p class='ocr_par' dir='ltr' id='par_1_109' title="bbox 2120 4902 3694 4975">
     <span class='ocr_line' id='line_1_109' title="bbox 2120 4902 3694 4975; baseline -0.002 -21"><span class='ocrx_word' id='word_1_821' title='bbox 2120 4902 2297 4970; x_wconf 84' lang='grc' dir='ltr'><strong>λέγειν</strong></span> <span class='ocrx_word' id='word_1_822' title='bbox 2346 4904 2602 4958; x_wconf 83' lang='grc' dir='ltr'><strong>δύνασθαι</strong></span> <span class='ocrx_word' id='word_1_823' title='bbox 2641 4904 2714 4965; x_wconf 81' lang='grc' dir='ltr'><strong>ὡς</strong></span> <span class='ocrx_word' id='word_1_824' title='bbox 2764 4924 2783 4956; x_wconf 78' lang='grc' dir='ltr'><strong>ι</strong></span> <span class='ocrx_word' id='word_1_825' title='bbox 2813 4904 2985 4975; x_wconf 74' lang='grc' dir='ltr'><strong>Εἴπερ</strong></span> <span class='ocrx_word' id='word_1_826' title='bbox 3014 4904 3246 4974; x_wconf 78' lang='grc' dir='ltr'><strong>εἴδομεν,</strong></span> <span class='ocrx_word' id='word_1_827' title='bbox 3291 4902 3694 4971; x_wconf 77' lang='grc' dir='ltr'><strong>ἐπιστεύσαμεν</strong></span> 
     </span>
    </p>
   </div>
   <div class='ocr_carea' id='block_1_110' title="bbox 2120 4996 3136 5068">
    <p class='ocr_par' dir='ltr' id='par_1_110' title="bbox 2120 4996 3136 5068">
     <span class='ocr_line' id='line_1_110' title="bbox 2120 4996 3136 5068; baseline -0.001 -18"><span class='ocrx_word' id='word_1_828' title='bbox 2120 4996 2203 5050; x_wconf 83' lang='grc' dir='ltr'><strong>ἄν.</strong></span> <span class='ocrx_word' id='word_1_829' title='bbox 2239 5015 2258 5047; x_wconf 77' lang='grc' dir='ltr'><strong>ι</strong></span> <span class='ocrx_word' id='word_1_830' title='bbox 2296 4998 2401 5049; x_wconf 79' lang='grc' dir='ltr'><strong>Καὶ</strong></span> <span class='ocrx_word' id='word_1_831' title='bbox 2432 4999 2559 5068; x_wconf 76' lang='grc' dir='ltr'><strong>περὶ</strong></span> <span class='ocrx_word' id='word_1_832' title='bbox 2585 4997 2683 5067; x_wconf 83' lang='grc' dir='ltr'><strong>μὲν</strong></span> <span class='ocrx_word' id='word_1_833' title='bbox 2722 4997 2923 5050; x_wconf 88' lang='grc' dir='ltr'><strong>τούτων</strong></span> <span class='ocrx_word' id='word_1_834' title='bbox 2944 4996 3136 5059; x_wconf 75' lang='grc' dir='ltr'><strong>οὕτως.</strong></span> 
     </span>
    </p>
   </div>
   <div class='ocr_carea' id='block_1_111' title="bbox 2116 5478 3695 5551">
    <p class='ocr_par' dir='ltr' id='par_1_111' title="bbox 2116 5478 3695 5551">
     <span class='ocr_line' id='line_1_111' title="bbox 2116 5478 3695 5551; baseline 0 -17"><span class='ocrx_word' id='word_1_835' title='bbox 2116 5480 2276 5534; x_wconf 89' lang='lat' dir='ltr'><strong>etiam</strong></span> <span class='ocrx_word' id='word_1_836' title='bbox 2317 5479 2602 5547; x_wconf 88' lang='lat' dir='ltr'><strong>pauciores</strong></span> <span class='ocrx_word' id='word_1_837' title='bbox 2636 5478 2935 5551; x_wconf 88' lang='lat' dir='ltr'><strong>assignent.</strong></span> <span class='ocrx_word' id='word_1_838' title='bbox 2987 5479 3123 5537; x_wconf 76' lang='lat' dir='ltr'><strong>Vide</strong></span> <span class='ocrx_word' id='word_1_839' title='bbox 3154 5496 3272 5551; x_wconf 74' lang='lat' dir='ltr'><strong>qua:</strong></span> <span class='ocrx_word' id='word_1_840' title='bbox 3330 5496 3441 5551; x_wconf 70' lang='lat' dir='ltr'><strong>pra:</strong></span> <span class='ocrx_word' id='word_1_841' title='bbox 3481 5479 3695 5551; x_wconf 66' lang='lat' dir='ltr'><strong>ueteris</strong></span> 
     </span>
    </p>
   </div>
   <div class='ocr_carea' id='block_1_112' title="bbox 2118 5550 3696 5619">
    <p class='ocr_par' dir='ltr' id='par_1_112' title="bbox 2118 5550 3696 5619">
     <span class='ocr_line' id='line_1_112' title="bbox 2118 5550 3696 5619; baseline 0.003 -17"><span class='ocrx_word' id='word_1_842' title='bbox 2118 5554 2182 5602; x_wconf 82' lang='lat' dir='ltr'><strong>de</strong></span> <span class='ocrx_word' id='word_1_843' title='bbox 2218 5552 2317 5602; x_wconf 83' lang='lat' dir='ltr'><strong>huc</strong></span> <span class='ocrx_word' id='word_1_844' title='bbox 2341 5558 2662 5617; x_wconf 70' lang='lat' dir='ltr'><strong>argumento</strong></span> <span class='ocrx_word' id='word_1_845' title='bbox 2713 5550 3009 5619; x_wconf 84' lang='lat' dir='ltr'><strong>disputavit</strong></span> <span class='ocrx_word' id='word_1_846' title='bbox 3034 5550 3290 5609; x_wconf 72' lang='lat' dir='ltr'><strong>Petavius</strong></span> <span class='ocrx_word' id='word_1_847' title='bbox 3317 5550 3504 5610; x_wconf 59' lang='lat' dir='ltr'><strong>noucr</strong></span> <span class='ocrx_word' id='word_1_848' title='bbox 3534 5550 3696 5606; x_wconf 87' lang='lat' dir='ltr'><strong>libris</strong></span> 
     </span>
    </p>
   </div>
   <div class='ocr_carea' id='block_1_113' title="bbox 2119 5620 2827 5689">
    <p class='ocr_par' dir='ltr' id='par_1_113' title="bbox 2119 5620 2827 5689">
     <span class='ocr_line' id='line_1_113' title="bbox 2119 5620 2827 5689; baseline -0.004 -17"><span class='ocrx_word' id='word_1_849' title='bbox 2119 5621 2193 5674; x_wconf 82' lang='lat' dir='ltr'><strong>Dc</strong></span> <span class='ocrx_word' id='word_1_850' title='bbox 2227 5620 2475 5689; x_wconf 70' lang='lat' dir='ltr'><strong>dQCll‘Jla</strong></span> <span class='ocrx_word' id='word_1_851' title='bbox 2509 5628 2827 5688; x_wconf 85' lang='lat' dir='ltr'><strong>temporum.</strong></span> 
     </span>
    </p>
   </div>
  </div>
