4110 6194
411 291 508 352 421

1649 287 2052 350 ΑΝΝΑΙΛΗΜ
2097 279 2290 348 PARS
2329 278 2442 349 Ill.

3569 286 3670 348 ιιι

423 453 430 458 .
482 411 550 464 Οἱ
584 410 640 464 δὲ
702 411 966 476 Ίοιδαῖνλ,
1000 414 1086 466 ἴνα
1136 413 1212 484 μὴ
1267 411 1427 482 μείνῃ
1472 411 1565 464 ἐπὶ
1617 412 1710 462 τοῦ
1762 407 1993 479 σταυροῦ

2171 409 2439 463 Cancrum
2464 407 2635 462 Judaei
2664 423 2730 462 ne
2762 408 2816 462 in
2849 422 3012 463 cruce
3045 413 3274 474 Corpora
3315 417 3414 475 per
3461 403 3671 458 Saliha-

410 506 478 557 τά
506 503 733 572 σώματα
765 506 821 557 ὲν
857 505 1143 578 Σαϐϐάτῳ,
1162 505 1284 558 ἐπεὶ
1314 505 1645 574 παρασκευὴ
1674 497 1743 572 ἦν
1772 497 1860 574 (ἦν
1879 503 1987 570 γὰρ

412 598 626 668 μεγάλη
665 598 846 669 ἡμέρα
869 599 1054 669 ἐκείνη
1097 597 1196 651 τοῦ
1225 597 1550 668 Σαϐϐάτου),
1579 593 1874 667 ἠρώτησαν
1895 593 1988 646 τὸν

413 691 666 755 Πιλᾶτον,
707 691 824 744 ’καὶ
868 693 936 745 τὰ
986 681 1136 759 ἑξῆς.
1192 688 1544 758 Κατάγουσιν
1583 687 1678 742 οὖν
1731 689 1840 741 ἀπὸ
1893 685 1986 740 τοῦ

413 782 570 850 ξύλου
616 782 707 835 τὸν
745 783 981 854 Ἰησοῦν,
1024 783 1122 837 καὶ
1156 784 1400 852 μνήματι
1450 780 1626 852 καινῷ
1671 779 1990 834 κατατίθεν-

410 893 523 926 ται.
587 875 728 927 Ἀλλ’
788 876 892 947 ὅρα
938 874 1199 928 κάνταῦθ’
1246 876 1345 944 τὴν
1393 874 1486 926 τοῦ
1523 871 1691 926 .Θεοῦ
1753 871 1987 940 σοφίαν,

412 967 691 1038 ὀγαπητὲ,
724 968 811 1020 ἵνα
859 967 933 1037 μὴ
981 967 1076 1020 τὸν
1126 966 1359 1037 σταυρὸν
1399 965 1562 1020 αὐτον
1594 963 1986 1034 ζημιωθῶμεν,

411 1060 500 1112 ἵνα
549 1059 626 1129 μὴ
652 1059 712 1112 τὸ
753 1059 1021 1127 πανάγιον
1050 1056 1144 1111 τοῦ
1183 1057 1392 1129 Κυρίου
1431 1055 1591 1126 σῶμα
1623 1059 1795 1126 πυρὸς
1823 1055 1855 1126 ἢ
1886 1053 1984 1108 θα-

411 1151 617 1222 λάσσης
654 1151 814 1220 ἔργον
844 1153 1139 1221 ποιήσωσι,
1166 1153 1230 1222 τῇ
1281 1149 1502 1219 συνήθει
1536 1150 1639 1202 κάν
1669 1148 1844 1218 “ro-314p
1880 1165 1987 1217 μα-

411 1245 500 1312 vit;
526 1245 884 1315 χρησάμενοι,
921 1244 1012 1300 τὸν
1043 1242 1350 1312 Αὔγουστον
1385 1243 1575 1314 ἧγειρε
1607 1243 1862 1312 Καίσαρα
1888 1240 1987 1312 τὴν

413 1336 739 1406 οἰκουμένην
781 1333 1004 1390 ἃπασαν
1056 1325 1508 1405 ἀπογράψασθαι.
1536 1336 1749 1388 Γίνεται
1789 1331 1984 1397 ταῦτα,

413 1428 510 1482 καὶ
540 1429 601 1481 τὸ
634 1429 740 1481 τῶν
775 1426 1045 1498 Ἐϐραίων
1093 1427 1250 1496 γένος
1280 1430 1344 1498 τῇ
1378 1427 1486 1480 τῶν
1522 1426 1812 1497 Ῥωμαίων
1857 1427 1988 1479 ὕπο-

416 1520 604 1572 πίπτει
633 1521 800 1591 ἀρχῇ.
836 1519 1023 1591 Ταύτῃ
1051 1538 1130 1573 τοι
1159 1521 1252 1573 καὶ
1274 1519 1352 1589 τῷ
1376 1521 1596 1590 λαχόντι
1637 1519 1853 1588 Πιλάτῳ
1890 1516 1987 1588 τὴν

411 1607 709 1679 ἡγεμονίαν
740 1609 920 1662 αὐτῶν
951 1609 1259 1679 παριστῶσι
1287 1609 1376 1662 τὸν
1407 1610 1631 1682 Κύριον,
1671 1608 1745 1678 μὴ
1775 1625 1988 1679 συγχω-

419 1699 669 1770 ρούμενοι
726 1701 788 1753 τδ
837 1699 1096 1770 βουλητὸν
1145 1701 1328 1764 αὐτοῖς
1382 1700 1470 1754 ἐπ’
1504 1701 1654 1770 αὐτῷ
1683 1699 1988 1773 διαπράξα-

2106 512 2219 555 tum
2263 488 2586 566 manerent,
2644 500 2865 570 quando
2907 509 3019 553 tum
3081 498 3500 567 prmparationis
3553 497 3672 548 dies

2098 603 2241 656 erat,
2291 593 2512 648 Sahbati
2557 604 2742 648 autem
2789 592 2909 648 dies
2944 591 3180 646 celebris
3228 599 3394 660 atque
3437 601 3628 659 magna
3658 629 3674 648 ,

2099 699 2325 743 exorato
2350 687 2608 757 precibus
2633 686 2808 740 Pilato
2834 683 3023 740 Jesum
3056 684 3123 738 tle
3173 683 3323 753 ligno
3353 681 3603 736 demittuv
3631 690 3672 742 ι,

2099 782 2259 854 isque
2289 796 2492 836 novum
2527 778 2581 834 in
2613 785 3030 835 monumentum
3061 775 3379 845 deponitur.
3412 771 3513 826 llic
3539 788 3676 840 quo-

2101 890 2232 945 que,
2264 874 2464 929 dilecte
2498 871 2610 935 liii,
2645 868 2969 939 sapientiam
2999 867 3134 920 mihi
3166 865 3405 920 divinam
3434 863 3672 917 intuere.

2076 965 2315 1044 .Quippe
2342 981 2410 1019 ne
2445 961 2625 1018 crucis
2667 957 2938 1014 beneﬁcio
2961 955 3346 1026 spoliaremur,
3396 967 3534 1008 neve
3583 967 3676 1006 sa-

2103 1065 2453 1115 crosanctqu
2493 1053 2626 1109 illud
2654 1050 2875 1107 Domini
2897 1062 3101 1120 corpus
3119 1047 3293 1104 Judaei
3323 1047 3409 1102 vel
3437 1047 3562 1117 igne
3589 1044 3674 1108 yrl

2102 1153 2240 1207 mari
2274 1149 2588 1221 perderent,
2623 1148 2810 1202 furore
2843 1142 3098 1198 videliCet
3125 1147 3390 1195 consueto
3424 1140 3530 1200 usi,
3561 1138 3678 1193 Αιιά

2099 1255 2320 1315 gustum
2348 1242 2619 1298 Ctesarem
2665 1239 2868 1293 excitat
2914 1244 2974 1291 ut
3028 1235 3294 1289 mundum
3355 1232 3673 1284 universum

2101 1345 2372 1394 censeret.
2403 1334 2524 1402 Quo
2557 1333 2704 1389 facto
2733 1329 3091 1385 Hebraeorum
3116 1325 3268 1382 natio
3302 1322 3675 1378 Romanorum

2105 1430 2158 1484 in
2184 1436 2510 1498 potestatem
2539 1423 2787 1480 devenit.
2818 1421 3120 1496 Propterea,
3143 1427 3361 1488 captum
3389 1415 3456 1470 ab
3479 1428 3536 1470 se
3567 1414 3677 1470 Do-

2102 1523 2311 1578 minum
2338 1521 2512 1576 Pilato
2536 1519 2762 1584 sistunt,
2798 1514 2892 1585 qui
2923 1512 3174 1584 prtetoris
3195 1509 3338 1582 apud
3371 1509 3520 1580 ipsos
3551 1523 3644 1561 mu
3664 1537 3678 1548 -

2103 1631 2238 1671 nere
2271 1611 2624 1683 fungebatur.
2643 1609 2722 1664 Ita
2739 1615 2981 1678 potestas
3011 1605 3090 1660 eis
3125 1603 3377 1672 adempta
3401 1609 3516 1666 est,
3543 1616 3680 1670 quo-

2103 1707 2287 1762 minus
2345 1719 2411 1760 ex
2466 1703 2634 1758 animi
2687 1700 2774 1757 sui
2823 1698 3054 1756 libidine
3093 1713 3218 1752 cum
3260 1695 3380 1766 ipso
3427 1701 3678 1763 agerent.

417 1767 561 1844 σθαι.
603 1791 709 1844 Καὶ
751 1767 860 1862 γὰρ
898 1794 948 1846 εί
988 1767 1494 1865 -συνεχωρήθησαν,
1556 1767 1730 1854 λίθοις
1776 1767 1844 1846 ἂν
1897 1791 1993 1845 τδν

2106 1797 2324 1854 Etenim
2353 1796 2399 1852 si
2428 1796 2762 1866 permissum
2801 1793 2908 1848 hoc
2932 1791 3014 1847 eis
3041 1789 3254 1854 fuisset,
3287 1787 3373 1840 vel
3403 1785 3682 1855 lapidibus

415 1884 649 1952 Χριστὶν
685 1884 1039 1938 ἐθανάτωσαν
1081 1883 1116 1954 ἢ
1167 1883 1368 1954 ξυλίνῳ
1399 1885 1745 1954 κατέπρισαν
1788 1881 1992 1953 πρίονι,

415 1973 710 2029 κάντεῦθεν
761 1977 921 2046 ἡμεῖς
977 1975 1068 2030 τδν
1114 1975 1336 2046 φύλακα
1388 1976 1548 2047 ἡμῶν
1609 1974 1995 2046 ὲζημιούμεθα

417 2066 670 2136 σταυρόν.
707 2063 770 2118 Ei
808 2065 918 2137 γὰρ
961 2064 1057 2120 τὸν
1101 2054 1351 2135 φιλόθεον
1407 2064 1678 2136 Ἱερεμίαν
1731 2064 1997 2136 βορϐόρου

417 2157 604 2226 λάκκῳ
633 2156 910 2222 ἐνέϐαλον,
943 2156 996 2210 τί
1027 2157 1128 2211 οὐκ
1155 2157 1222 2210 ἂν
1249 2159 1329 2220 είς
1374 2157 1433 2210 τὸ
1465 2157 1560 2209 τοῦ
1593 2156 1800 2225 Κυρίου
1834 2157 1998 2225 σῶμα

417 2249 704 2318 ἐποίησαν,
735 2251 784 2302 εἰ
819 2249 894 2320 μή
929 2265 992 2318 γε
1039 2249 1132 2301 τὸν
1169 2247 1479 2319 Ῥωμαϊκὸν
1510 2243 1655 2318 εἶχον
1702 2241 1874 2318 νόμον
1903 2247 2000 2301 αὐε-

415 2341 542 2404 τοίις
608 2341 1042 2407 άναστὲλλοντας
1073 2341 1290 2394 Γίνεται
1337 2339 1530 2396 λοιπὸν
1580 2341 1613 2410 ἡ
1669 2339 1995 2411 ἀπογραφὴ,

416 2433 484 2485 τά
509 2432 610 2502 τῆς
640 2431 894 2496 εὐταξίας
923 2427 1226 2501 εἰσάγεται,
1247 2431 1551 2486 κάντεῦθεν
1577 2431 1637 2484 τὸ
1663 2431 1756 2484 τοῦ
1787 2431 1996 2502 Κυρίου

419 2524 579 2594 σῶμα
609 2523 792 2594 τελείᾳ
819 2525 968 2594 ταφῇ
997 2523 1373 2594 παραδίδοται.
1647 2523 1649 2525 ’

486 2613 620 2667 Οἶδα
667 2612 744 2679 δὲ,
785 2615 1058 2684 ἀγαπητὲ,
1100 2615 1182 2667 ὃτι
1233 2601 1330 2666 καί
1382 2614 1512 2685 περὶ
1551 2615 1652 2686 τῆς
1688 2619 1997 2688 τριημέρου

413 2706 595 2775 ταφῆς
653 2705 748 2759 τοῦ
808 2706 1017 2777 Κυρίου
1078 2706 1280 2778 πολλὴν
1352 2709 1596 2778 ἐποιήσω
1658 2709 1993 2784 συζήτησιν,

414 2798 630 2866 ἡμέρας
660 2799 998 2868 ἐκμετρῆσαι
1032 2799 1194 2870 δῆθεν
1234 2801 1329 2853 ἐπὶ
1352 2800 1560 2872 ταύτης
1598 2805 1748 2871 τρεῖς
1797 2804 1872 2874 μὴ
1909 2805 1999 2857 δυ-

420 2891 673 2960 νάμενος.
716 2889 850 2943 Ἀλλ’
879 2889 1036 2960 ἄφες,
1073 2893 1122 2944 εἰ
1160 2889 1367 2960 βούλει,
1393 2891 1504 2944 τῶν
1539 2893 1772 2959 πολλῶν,
1791 2895 1874 2948 ὅτι
1905 2897 2008 2960 καὶ,

2104 1891 2172 1945 ad
2205 1903 2454 1962 monem-
2485 1901 2660 1957 usque
2691 1885 2973 1942 Christum
3014 1881 3354 1946 obruissent,
3402 1877 3488 1932 \n-l
3527 1892 3678 1932 serra

2101 1981 2283 2054 lignea
2317 1980 2736 2043 dissecuissent,
2768 1991 2946 2050 eoque
2989 1982 3149 2048 pacto
3181 1973 3340 2029 nobis
3369 1982 3556 2028 custos
3587 1969 3678 2024 illa

2103 2085 2292 2147 nostra
2321 2091 2458 2129 crux
2488 2075 2768 2144 periisset.
2789 2071 3006 2143 Quippe
3045 2069 3092 2126 si
3129 2068 3222 2125 Dei
3263 2069 3501 2122 amicqu
3524 2065 3673 2120 Jerc-

2102 2167 2266 2223 miam
2299 2166 2354 2220 in
2397 2166 2710 2236 voraginem
2735 2164 2971 2219 lutosam
3020 2161 3360 2232 abiecerunt,
3389 2158 3522 2228 quid
3567 2173 3678 2210 non

2103 2263 2158 2318 in
2195 2261 2376 2332 ipsum
2425 2259 2640 2314 Domini
2680 2247 2880 2328 corpus
2905 2255 3305 2326 designasscnt,
3339 2254 3391 2306 ni
3425 2255 3541 2322 lege
3577 2253 3682 2305 lio-

2105 2369 2265 2408 mana
2287 2351 2523 2422 repressi
2559 2348 2840 2406 fuissent?
2871 2347 2981 2404 llac
3001 2348 3171 2420 igitur
3197 2346 3263 2400 de
3295 2361 3460 2400 causa
3481 2360 3680 2399 census

2105 2446 2390 2502 institutus
2425 2444 2529 2498 fuit
2582 2452 2641 2500 et
2687 2441 2905 2512 egregie
2935 2440 3188 2496 ordinata
3219 2453 3306 2492 res
3349 2436 3585 2507 publica,
3620 2443 3681 2489 ut

2104 2539 2321 2592 Domini
2358 2549 2579 2606 quoque
2603 2548 2803 2604 corpus
2834 2545 3032 2601 expers
3053 2528 3352 2598 sepultura:
3382 2542 3489 2579 non
3517 2524 3677 2578 foret.

2172 2629 2398 2684 Memini
2451 2629 2616 2682 etiam
2644 2669 2659 2694 ,
2712 2626 2912 2680 dilecte
2945 2622 3043 2688 illi,
3082 2631 3134 2677 te
3163 2634 3377 2675 mecum
3409 2617 3580 2672 multa
3611 2617 3679 2690 de

2106 2721 2359 2775 triduana
2389 2719 2672 2789 sepultura
2699 2715 3020 2780 contulisse,
3070 2728 3196 2768 cum
3243 2711 3406 2766 trium
3459 2708 3676 2764 dierum

2101 2814 2192 2866 hic
2221 2813 2457 2881 Spatium
2490 2806 2671 2864 metiri
2699 2825 2806 2864 non
2835 2821 3041 2880 posses.
3072 2803 3247 2860 Velim
3285 2813 3337 2858 te
3361 2811 3543 2858 autem
3576 2802 3679 2855 hac

2102 2904 2157 2956 in
2190 2912 2346 2972 parte
2384 2902 2676 2970 opiniones
2709 2901 3098 2970 ple‘rorumque
3122 2900 3315 2951 missas
3347 2895 3529 2950 facere
3562 2903 3680 2947 tan-

414 2980 695 3048 λογισμῶν
731 2981 1090 3052 ἀνθρωπίνων
1121 2983 1262 3036 εἰσιν
1289 2984 1663 3054 ὲφευρέματα.
1713 2986 1908 3040 Πείθου
1938 2988 1993 3041 δὲ

2101 3010 2264 3064 quam
2302 2994 2662 3048 humanarum
2684 3061 2686 3064 τ
2709 2991 3188 3045 ratiocinationum
3217 2987 3457 3042 inventa.
3487 2986 3678 3040 Potius

419 3073 620 3143 μᾶλλον
660 3072 921 3144 Ἰσιδώρῳ
944 3073 1023 3143 τῷ
1057 3073 1416 3148 Πηλουσιὼτῃ
1460 3075 1672 3144 λέγοντι
1705 3078 1786 3130 ὅτι
1817 3079 1993 3132 καθά-

417 3181 528 3234 περ
566 3166 660 3217 ἐπὶ
712 3165 820 3217 τῶν
857 3165 1236 3220 τελευτώντων
1283 3171 1458 3221 ποιεῖν
1507 3169 1802 3239 εἰώθαμεν,
1835 3170 1996 3241 ὁποίᾳ

413 3257 463 3311 δ’
490 3257 557 3310 ἂν
595 3258 715 3330 ὥρα
751 3258 1056 3330 τελευτήσῃ
1099 3277 1204 3325 τις,
1241 3260 1341 3332 τὴν
1376 3261 1505 3335 ἑξῆς
1555 3263 1725 3332 μόνην
1767 3265 1994 3334 ὑπερτι-

418 3352 646 3421 θέμεθα,
692 3355 762 3423 τῇ
813 3352 870 3406 δὲ
918 3353 1083 3424 ἑτέρᾳ
1113 3353 1286 3407 ἕωθεν
1316 3355 1568 3426 τριταίαν
1603 3355 1810 3426 ἄγομεν
1861 3359 1998 3428 ήμέ-

419 3464 522 3516 ραν
549 3446 714 3498 αὐτοῦ
735 3463 749 3477 “
777 3447 872 3498 καὶ
897 3445 1040 3498 οὕτω
1062 3446 1155 3498 καὶ
1177 3447 1270 3498 ἐπὶ
1293 3447 1460 3500 αὐτοῦ
1493 3446 1587 3500 τοῦ
1611 3449 1849 3519 Χριστοῦ
1875 3450 1993 3502 δια-

415 3537 656 3590 νοεῖσθαί
701 3555 760 3590 σε
811 3539 938 3608 χρή.
974 3538 1085 3591 Καὶ
1131 3537 1240 3609 γὰρ
1288 3541 1428 3592 κατὰ
1481 3539 1584 3610 τὴν
1632 3541 1996 3614 Παρασκευὴν

417 3631 704 3699 παρέδωκε
731 3631 793 3684 τὸ
826 3629 1043 3698 πνεῦμα
1061 3647 1076 3662 ο
1103 3629 1262 3685 τοῦτο
1288 3631 1386 3702 μία
1417 3632 1625 3704 ἡμέρα.
1660 3633 1733 3686 Τὸ
1781 3625 1996 3690 Σάϐϐαο

415 3743 510 3776 τον
558 3725 680 3776 ὅλον
729 3725 788 3776 ὲν
837 3723 916 3794 τῷ
964 3724 1122 3796 τάφῳ
1150 3725 1446 3796 ἐποίησεν·
1479 3725 1588 3778 ἰδοὺ
1635 3725 1730 3779 δύο
1761 3727 1992 3799 ἡμέραι.

415 3815 572 3868 Μετὰ
601 3815 655 3868 δὲ
685 3814 842 3868 τοῦτο
880 3814 984 3885 τῆς
1032 3815 1321 3885 Κυριακῆς
1355 3817 1775 3887 ἐπιφωσκούσης
1808 3819 1872 3872 ἐκ
1902 3819 1997 3873 τά·

417 3923 520 3975 φου
552 3908 880 3977 ὲγήγερται’
921 3907 1031 3960 ἰδοὺ
1064 3910 1158 3962 καὶ
1195 3909 1389 3979 τρίτην
1422 3908 1568 3979 ἔχεις
1609 3911 1846 3980 ἡμέραν.
1880 3887 1995 3966 Καὶ

416 3999 608 4052 πείθου
645 4002 758 4062 τοῖς
792 4000 919 4069 περὶ
941 4001 1174 4054 Λουκᾶν
1198 4001 1292 4053 καὶ
1322 4000 1574 4054 Κλεόπαν
1603 4002 1746 4056 οὕτω
1775 4003 1996 4072 λέγουσι

416 4091 553 4159 πρὸς
581 4090 742 4143 αὑτὸν
771 4090 859 4142 τὸν
886 4090 1144 4161 Χριστὸν,
1182 4090 1372 4146 ι’Λλλά
1392 4109 1456 4161 γε
1487 4093 1586 4145 σὺν
1621 4094 1755 4146 πᾶσι
1785 4092 1994 4155 τούτοις

413 4181 607 4250 τρίτην
631 4179 834 4248 ταύτην
865 4181 1077 4252 ἡμέραν
1109 4183 1232 4250 άγει
1275 4183 1540 4252 σήμερον,
1576 4184 1671 4251 ἀφ’
1715 4178 1777 4239 οὗ
1820 4184 1994 4238 ταῦτα

416 4270 658 4334 ἐγένετο.
694 4287 712 4320 ι
752 4269 813 4322 Εἰ
843 4270 900 4324 δὲ
923 4272 1016 4324 καὶ
1040 4271 1230 4341 τάχιον
1273 4273 1337 4325 ἐκ
1368 4273 1542 4341 τάφου
1573 4274 1896 4343 ἐγήγερται,
1929 4275 1990 4325 οὐ

2101 3085 2264 3154 223
2298 3083 2504 3138 Isidoro
2543 3082 2832 3136 Pelusium
2880 3079 3039 3134 ﬁdem
3093 3076 3356 3131 adhilzeto
3385 3115 3401 3140 ,
3445 3073 3540 3144 qui
3576 3074 3678 3126 hu-

2097 3173 2342 3245 jusmodi
2371 3168 2618 3242 quaedam
2649 3169 2833 3224 tradit.
2866 3166 3022 3235 Quod
3051 3167 3105 3221 in
3132 3166 3200 3221 iis
3227 3165 3407 3241 facere
3434 3179 3676 3219 consue-

2107 3266 2291 3320 vimus
2313 3263 2551 3334 quivita
2575 3263 2958 3325 decesserunt,
2998 3269 3058 3314 ut
3080 3272 3410 3330 quacunque
3455 3256 3674 3311 tandem

2102 3361 2235 3414 hora
2268 3356 2391 3427 quis
2431 3356 2718 3419 moriatur,
2779 3353 2940 3408 modo
2993 3351 3113 3412 dies
3157 3351 3296 3406 alter
3326 3347 3674 3413 intercedat,

2099 3467 2228 3508 eum
2258 3465 2474 3506 summo
2504 3449 2649 3504 tertii
2684 3447 2793 3502 diei
2831 3460 2992 3501 mane
3021 3443 3206 3499 triduo
3248 3442 3360 3510 jam
3392 3449 3675 3495 mortuum

2100 3544 2512 3613 perhibeamus,
2539 3539 2683 3596 idem
2719 3539 2789 3595 de
2827 3537 3052 3594 Christo
3097 3545 3343 3606 cogitare
3381 3549 3482 3588 nos
3512 3549 3677 3601 oper-

2103 3644 2202 3690 tet.
2253 3633 2386 3690 Nam
2441 3633 2486 3686 is
2527 3633 2647 3702 ipso
2679 3629 3099 3701 pratparationis
3131 3629 3222 3683 die
3273 3627 3527 3698 spiritum
3565 3627 3676 3681 Deo

2101 3726 2363 3789 tradidit;
2393 3725 2512 3778 dies
2545 3723 2712 3794 igitur
2740 3722 2829 3776 hic
2855 3737 2997 3777 unus
3029 3729 3132 3775 est.
3167 3719 3466 3775 Sahbatum
3501 3728 3674 3775 totum

2101 3819 2157 3874 in
2187 3819 2443 3888 sepulcro
2466 3817 2702 3881 mansit;
2732 3795 2807 3867 eu
2831 3814 2975 3868 diem
2999 3813 3232 3868 alterum
3259 3813 3445 3868 habes.
3473 3811 3675 3865 Deinde

2099 3927 2225 3966 eum
2271 3909 2388 3980 jam
2441 3907 2764 3963 Dominicus
2797 3906 2920 3961 dies
2965 3897 3288 3966 diluxisset.
3341 3919 3372 3958 e
3419 3905 3674 3971 Sepulcro

2103 4001 2340 4066 resurgit
2369 4018 2381 4053 :
2417 4014 2484 4053 en
2520 3998 2667 4051 diem
2695 3995 2793 4050 tibi
2829 3997 3076 4050 tertium.
3104 3991 3226 4048 llaec
3257 4009 3383 4048 Vera
3411 3993 3592 4056 dabis,
3628 3994 3673 4046 si

2100 4093 2266 4149 Luca:
2297 4091 2448 4146 voles
2479 4099 2535 4145 et
2567 4089 2782 4158 Cleopaa
2805 4086 3055 4150 credere,
3086 4085 3180 4156 qui
3207 4085 3276 4138 ad
3303 4085 3481 4154 ipsum
3514 4084 3676 4139 Chri~

2098 4195 2242 4241 stum
2261 4184 2464 4239 aiunt‘:
2500 4201 2518 4234 ι
2554 4179 2865 4236 Acceditad
2902 4179 3017 4233 haec
3041 4191 3228 4232 omnia
3252 4215 3268 4242 ,
3306 4177 3456 4247 quod
3481 4178 3678 4232 tertius

2100 4279 2192 4334 hic
2221 4277 2342 4332 dies
2367 4276 2568 4348 agitur,
2599 4289 2665 4330 ex
2701 4288 2814 4343 quo
2856 4271 2972 4328 haec
3010 4266 3152 4326 nacta
3183 4281 3314 4327 sunt
3352 4271 3420 4325 “.
3447 4290 3464 4322 ι
3501 4270 3678 4326 Citius

417 4362 561 4414 κατὰ
594 4360 754 4414 τοῦτο
784 4361 1000 4425 πάντως
1071 4363 1467 4433 αἰτιαθήσεται,
1521 4366 1720 4432 μᾶλλον
1761 4367 1860 4434 μὲν
1900 4361 1993 4422 οὖν

2103 4379 2287 4424 autem
2313 4368 2596 4438 aliquanto
2633 4365 2915 4422 Christum
2949 4380 2980 4419 e
3005 4365 3260 4434 sepulcro
3285 4367 3674 4431 resurrexisse,

417 4455 516 4505 καὶ
571 4455 1085 4524 προσκυνηθήσεται
1133 4457 1283 4526 παρὰ
1331 4459 1571 4523 πάντων,
1613 4459 1694 4510 ὅτι
1753 4460 1854 4528 μὲν
1895 4461 1996 4529 τὴν

415 4546 808 4616 ὲμπρόθεσμον
839 4545 1188 4615 καρτερήσας
1219 4547 1514 4617 ὑπόσχεσιν
1547 4551 1644 4614 τὴν
1679 4553 1746 4603 ἐκ
1779 4552 1996 4617 νεκρῶν

416 4637 586 4691 αὐτοῦ
649 4637 840 4706 τάχιον
884 4637 1184 4706 ἐποιήσατο
1239 4638 1478 4708 ἔγερσιν.
1548 4643 1658 4696 Καὶ
1715 4644 1844 4712 περὶ
1897 4645 1998 4712 μὲν

416 4725 624 4778 τούτων
680 4725 853 4788 οὕτως
899 4726 928 4778 ὀ
971 4726 1286 4797 διαληφθεὶς
1332 4728 1468 4792 θεῖος
1512 4729 1671 4801 ἀνὴρ,
1705 4733 1731 4784 ὁ
1779 4731 1836 4784 δὲ
1864 4750 1999 4801 χρυ-

419 4820 716 4889 σορρήμων
779 4818 1034 4889 Ἰωάννης
1092 4821 1258 4889 φησὶν
1303 4822 1384 4873 ὅτι
1441 4823 1534 4883 και
1595 4823 1718 4876 λίαν
1765 4827 1995 4895 ἐποίησε

417 4911 603 4974 καλῶς
632 4913 662 4963 ὁ
693 4913 926 4982 Χριστὸς
957 4912 1063 4982 πρὸ
1096 4913 1194 4981 τῆς
1242 4915 1352 4965 τῶν
1399 4915 1569 4984 τριῶν
1601 4917 1828 4986 ἡμερῶν
1856 4937 1996 4988 συμ-

421 5005 760 5077 πληρώσεως
809 5007 1061 5079 ἐγερθεὶς
1108 5009 1174 5061 ὲκ
1223 5010 1454 5079 νεκρῶν.
1495 5011 1554 5062 Εἰ
1605 5012 1680 5083 μὴ
1728 5013 1837 5084 γὰρ
1877 5013 1998 5066 τότε

419 5105 620 5172 ἀνέστη
646 5102 977 5171 καθημένων
1018 5101 1211 5156 αὐτόθι
1235 5102 1348 5155 τῶν
1383 5106 1738 5172 στρατιωτῶν
1773 5107 1868 5160 καὶ
1899 5124 2000 5176 φυ-

418 5190 756 5252 λασσόντων,
787 5193 902 5246 ἀλλ’
941 5193 1419 5264 ἀναχωρησάντων
1469 5197 1610 5264 μετὰ
1661 5197 1763 5266 τὴν
1803 5199 1998 5268 τρίτην

418 5280 656 5351 ἡμέραν,
691 5281 835 5354 εἶχον
887 5285 954 5339 ἄν
1001 5303 1056 5338 τι
1106 5287 1204 5340 καὶ
1257 5285 1438 5353 λέγειν
1464 5288 1510 5338 oi
1547 5286 1820 5343 κάκιστοι.
1854 5290 1997 5358 Προ-

419 5373 839 5441 ἑφθασέλοιπδν
875 5378 1136 5440 ἀναστάς.
1178 5378 1326 5431 Ἔδει
1366 5379 1475 5450 γάρ
1514 5380 1999 5451 παρακαθημένων

419 5469 602 5522 αὐτῶν
628 5469 884 5536 γενέσθαι
913 5471 1012 5540 τὴν
1051 5470 1372 5524 ἀνάστασιν.
1409 5473 1620 5525 Οὐκοῦν
1655 5473 2002 5542 ἠναγκάζετο

421 5562 652 5615 καὶτῶν
684 5562 853 5630 τριῶν
881 5563 1106 5632 ἡμερῶν
1141 5563 1292 5626 ἐντὸς
1333 5563 1397 5614 ἐκ
1435 5563 1648 5634 νεκρῶν
1679 5561 1997 5634 ἐγερθῆναι,

497 5721 543 5754 ει
583 5722 720 5778 Luc.
762 5737 908 5782 sxw.
938 5723 1032 5780 2i.

2098 4461 2316 4529 culpam
2351 4457 2578 4513 omnino
2625 4455 2831 4510 nullam
2883 4464 3129 4508 meretur
3163 4472 3177 4508 :
3211 4457 3303 4512 sed
3337 4457 3520 4526 potius
3568 4457 3675 4510 hoc

2100 4553 2323 4608 nomine
2361 4551 2533 4620 magis
2575 4548 2741 4604 etiam
2791 4548 2860 4602 ab
2911 4547 3167 4602 omnibus
3211 4558 3299 4602 est
3338 4549 3675 4614 adorandus,

2097 4642 2243 4713 quod
2272 4641 2517 4712 praestita
2550 4639 2853 4696 toleranter
2873 4639 3258 4709 promissione,
3293 4641 3428 4696 certi
3465 4652 3677 4712 tempo-

2100 4737 2177 4789 ris
2200 4735 2379 4804 spatio
2404 4731 2654 4794 deﬁnita,
2686 4730 2922 4785 celerius
2957 4728 3417 4788 resurrectionem
3437 4749 3500 4788 ex
3533 4751 3678 4789 mor-

2104 4827 2216 4881 tuis
2261 4841 2417 4880 suam
2465 4823 2848 4877 maturaverit.
2897 4823 2953 4877 lu
2988 4824 3135 4878 hunc
3181 4825 3406 4880 modum
3454 4827 3679 4884 divinus

2107 4921 2198 4976 ille
2231 4921 2336 4986 vir,
2363 4934 2529 4990 quem
2562 4918 2823 4984 diximus,
2857 4917 2958 4972 hac
2986 4919 3054 4974 de
3089 4933 3149 4973 re
3196 4919 3477 4976 disseruit.
3510 4921 3678 4978 Joan-

2107 5029 2205 5068 nes
2225 5021 2410 5066 autem
2437 5008 2867 5079 Chrysostomus
2889 5010 2967 5063 ait
2991 5010 3274 5066 Christum
3315 5013 3478 5068 etiam
3523 5007 3682 5068 valde

2106 5105 2159 5158 in
2189 5119 2256 5158 eo
2291 5103 2552 5173 praeclare
2581 5101 2798 5166 fecisse,
2835 5101 2981 5172 quod
3013 5113 3140 5158 ante
3166 5103 3286 5159 dics
3311 5115 3422 5160 tres
3444 5107 3684 5174 comple-

2107 5207 2192 5251 tos
2226 5195 2610 5250 resurrexerit.
2657 5195 2876 5251 Etenim
2932 5196 2978 5251 si
3017 5211 3085 5252 eo
3120 5199 3241 5268 ipso
3297 5209 3540 5268 tempore
3569 5215 3679 5252 non

2103 5289 2521 5354 resurrexisset,
2553 5289 3026 5344 commorantibus
3047 5290 3227 5346 adhuc
3266 5290 3388 5346 istic
3405 5291 3684 5344 ‘Iuilitihus

2107 5380 2538 5450 sepulcrumque
2567 5381 3016 5437 custodientibus
3043 5424 3056 5446 .
3113 5385 3363 5454 adeoque
3396 5384 3441 5438 si
3481 5382 3684 5435 milites

2109 5473 2265 5530 illiue
2297 5476 2460 5530 tertio
2489 5475 2578 5530 die
2620 5476 3039 5540 discessissent,
3087 5480 3340 5534 homines
3383 5478 3685 5548 improbis-

2107 5567 2236 5622 simi
2272 5567 2504 5624 fortasse
2556 5569 2808 5624 nonnihil
2864 5570 3189 5626 habuissent
3227 5585 3338 5640 quo
3380 5585 3439 5624 se
3485 5583 3688 5639 purga-
