4110 6194
424 257 533 318 εει

1678 260 2094 319 MICHAELIS
2135 260 2395 320 GLYCIE

2452 246 2477 269 θ

3560 267 3663 324 424

430 388 573 430 mit.
610 374 951 447 Qitaproiiter
980 368 1313 438 resurgendo
1334 351 1493 437 ipsos
1513 369 1824 433 antevertit,
1849 385 1973 438 qum

2101 370 2174 433 ὡς
2205 370 2318 435 εῖγε
2352 368 2737 439 παρελθουσῶν
2767 371 2944 424 αὐτῶν
2976 372 3241 425 κάκείνων
3275 374 3664 444 ἀναχωρησάν-

429 475 710 536 oporteret
739 463 964 518 omnino
1017 462 1124 515 illis
1158 460 1339 513 adhuc
1369 459 1683 528 sepulcrum
1731 460 1991 515 obsiden-

428 561 576 614 tibus
603 556 1058 612 resurrectionem
1094 552 1231 606 tieri.
1269 550 1423 616 Quod
1473 550 1516 605 si
1547 550 1795 605 accidere
1821 552 1991 605 debe-

426 651 538 712 bat,
583 644 889 700 necessario
920 643 1061 695 intra
1113 640 1260 695 diem
1300 641 1518 694 tertium
1553 641 1653 709 ipsi
1692 656 1720 694 a
1760 641 1991 695 mortuis

427 736 821 807 resurgendum
879 743 1018 788 erat.
1081 732 1292 801 Quippe
1350 732 1393 785 si
1456 734 1594 786 facta
1659 733 1989 786 resurrectio

425 829 619 883 fuisset
650 827 835 881 triduo
863 824 973 895 jam
1013 824 1287 893 prmterito
1319 833 1375 876 et
1420 823 1526 876 illis
1551 838 1581 876 a
1620 823 1873 893 sepulcro
1904 823 1988 876 di-

420 922 659 990 gressis’,
691 917 917 973 omnino
948 930 1038 970 res
1068 922 1323 983 suspecta
1371 913 1585 979 fuisset.
1631 913 1739 967 llac
1776 915 1888 984 ipsa
1920 914 1988 969 de

418 1028 582 1068 causa
618 1012 855 1065 Pilatum
915 1007 1223 1061 cancedere
1285 1007 1467 1061 voluit.
1517 1006 1659 1061 Deus
1699 1016 1757 1059 ut
1808 1006 2027 1076 sigillo“

417 1105 730 1174 sepulcrum
764 1098 1175 1169 obsignaretur.
1226 1098 1356 1164 Quae
1389 1113 1512 1152 eum
1572 1098 1642 1150 ita
1693 1098 1822 1156 sint,
1856 1112 1985 1173 cave

420 1197 475 1249 in
510 1195 821 1248 divinarum
855 1191 1187 1245 Litterarum
1215 1188 1380 1243 verba
1414 1188 1687 1242 curiosius
1718 1172 1981 1256 inquiras,

416 1301 557 1341 neve
591 1295 700 1339 tres
732 1285 974 1353 integros
1005 1282 1123 1336 dies
1152 1296 1276 1335 eum
1312 1280 1487 1334 tribus
1527 1280 1781 1333 noctibus
1816 1281 1870 1333 in
1898 1293 1986 1332 se--

417 1378 635 1448 pultura
656 1375 857 1431 Christi
889 1390 951 1428 ac
975 1372 1279 1429 Servatoris
1315 1370 1487 1425 nostri
1517 1369 1818 1434 desideres,
1849 1384 1984 1439 prae-

417 1462 603 1533 sertim
645 1480 769 1519 cum
806 1464 1071 1518 lsidorum
1102 1463 1262 1531 plane
1297 1462 1541 1515 divinant
1574 1462 1849 1516 hominem
1883 1462 1979 1515 hac

416 1560 563 1621 beas,
601 1556 695 1625 qui
732 1555 965 1625 spatium
1006 1554 1109 1618 hoc
1138 1554 1232 1607 tibi
1278 1554 1523 1610 metitur.
1572 1552 1733 1607 Sexta
1776 1568 1981 1623 praepa-

416 1649 605 1703 ratorii
645 1648 754 1702 diei
811 1647 942 1699 hora
994 1646 1256 1699 Dominus
1285 1657 1368 1699 est
1400 1646 1716 1700 cruciﬁxus.
1759 1644 1838 1698 Ab
1877 1644 1979 1697 bac

414 1742 478 1795 ad
541 1755 742 1794 nonam
802 1754 975 1808 usque
1038 1738 1229 1791 horam
1275 1737 1449 1807 caligo
1481 1736 1729 1790 exstitit:
1766 1752 1886 1791 eam
1923 1745 1977 1789 tu

415 1833 549 1888 mihi
582 1849 682 1902 pro
715 1840 875 1885 nocte
907 1829 1115 1891 ducito.
1148 1830 1355 1884 Rursus
1382 1829 1449 1882 ab
1487 1829 1617 1881 hora
1637 1842 1778 1881 nona
1806 1844 1978 1897 usque

413 1925 483 1978 ad
520 1938 803 1993 vesperam
856 1922 948 1974 lux
988 1920 1129 1985 fuit;
1165 1920 1254 1974 hic
1305 1920 1502 1973 iterum
1554 1918 1649 1971 tibi
1692 1917 1812 1972 dies
1839 1927 1972 1973 esto.

410 2014 782 2082 Quamobrem
826 2011 937 2082 jam
977 2010 1251 2080 integrum
1287 2009 1395 2063 dici
1429 2008 1712 2077 noctisque
1744 2008 1977 2077 spatium

413 2107 603 2160 babes.
637 2104 834 2159 Secuta
884 2113 967 2157 est
999 2101 1141 2155 diem
1176 2100 1590 2169 praaparationis
1646 2113 1752 2152 nox
1775 2140 1789 2164 ,
1822 2099 1977 2153 inde-

2098 478 2208 513 των
2263 461 2295 528 ἡ
2359 461 2655 523 ἀνάστασις
2714 463 2958 531 γέγονεν,
3000 462 3241 517 ὕποπτον
3295 466 3361 518 ἂν
3413 462 3553 520 εῖναι
3602 471 3663 521 τὸ

2097 555 2330 622 πρᾶγμα
2380 552 2573 622 ἔμελλε
2600 568 2613 583 ο
2646 553 2725 606 διὸ
2771 554 2864 607 καὶ
2920 554 3220 623 σφραγίσαι
3250 556 3343 608 τὸν
3372 557 3561 624 τάφον,
3586 560 3662 622 ὡς

2093 643 2397 706 ἐϐούλοντο,
2461 644 2842 713 συνεχώρησεν
2900 647 2927 698 6
2974 645 3220 708 Πιλᾶτος.
3274 646 3335 699 Ei
3382 646 3437 699 δὲ
3492 648 3663 701 ταῦτα

2092 735 2263 798 οὕτως
2319 735 2450 804 ἔχει,
2492 735 2566 804 μὴ
2622 734 2713 786 ἐπὶ
2782 733 2944 788 πλέον
3001 736 3069 788 τὰ
3116 734 3236 788 θεῖα
3290 737 3659 807 περιεργάζου

2093 827 2255 896 ῥητὰ,
2285 826 2419 897 μηδὲ
2462 827 2615 895 ("qui
2670 827 2817 895 τρεῖς
2858 826 3071 895 ἡμέρας
3125 827 3221 878 καὶ
3274 830 3426 897 τρεῖς
3459 829 3659 890 νύκτας

2090 918 2176 969 ἐπ”
2213 919 2279 987 τῇ
2315 917 2587 985 ταφῇστοῦ
2616 915 2852 985 Χριστοῦ
2892 917 2985 968 καὶ
3033 916 3285 986 Σωτῆρος
3315 916 3493 985 ἡμῶν,
3521 918 3655 970 ὅπου

2090 1028 2151 1077 γε
2184 1011 2278 1064 καὶ
2314 1008 2535 1073 ταύτας,
2572 1009 2620 1060 εί
2658 1007 2859 1076 βούλει,
2898 1007 2990 1059 τόν
3023 1004 3300 1059 θειότατον
3344 1007 3488 1077 ἔχεις
3535 1008 3658 1059 Ἶσίς

2087 1102 2258 1167 δωρον
2288 1098 2659 1170 ἐκμετροῦντά
2692 1115 2795 1154 σοι.
2822 1099 2998 1169 "Exin
3027 1095 3146 1167 ὥρᾳ
3169 1098 3267 1162 τῆς
3290 1098 3655 1167 Παρασκευῆς

2087 1192 2407 1261 ἐσταυρώθη
2441 1194 2467 1243 6
2504 1191 2724 1263 Κύριος.
2765 1190 2898 1242 ’Λπὺ
2940 1189 3143 1258 ταύτης
3177 1190 3279 1252 ἕως
3321 1190 3468 1260 ὧρας
3508 1191 3657 1243 ἐννά-

2086 1302 2182 1351 τπξς
2214 1284 2402 1347 σκότος
2433 1284 2651 1350 ἐγένετο
2675 1298 2688 1312 ο
2718 1282 2889 1342 τοῦτό,
2904 1298 2995 1350 μοι
3025 1278 3197 1333 νύκτα
3233 1281 3447 1350 νόησον.
3481 1281 3655 1334 Πάλιν

2084 1373 2193 1425 ἀπὸ
2222 1375 2446 1442 ὲννάτης
2468 1372 2571 1436 ἕως
2598 1372 2833 1441 ἑσπέρας
2863 1371 3037 1440 αὐτῆς
3067 1370 3181 1438 φῶς
3207 1386 3222 1401 ο
3263 1368 3422 1423 τοῦτο
3463 1372 3656 1439 νόησον

2083 1456 2241 1522 αὖθις
2264 1460 2496 1530 ἡμέραν.
2538 1460 2725 1528 Ἔχεις
2773 1459 2880 1511 ἰδοὺ
2916 1458 3260 1528 νυχθήμερον
3296 1456 3379 1511 ἓν.
3413 1457 3584 1510 Πάλιν
3621 1458 3653 1527 ἡ

2092 1550 2190 1617 νὺξ
2237 1553 2335 1619 τῆς
2367 1550 2732 1620 Παρασκευῆς
2783 1532 2879 1601 καὶ
2929 1550 2961 1617 ἡ
3005 1549 3098 1601 τοῦ
3144 1547 3427 1600 Σαόῧᾶτου
3469 1549 3655 1614 ἡμέρα

2084 1641 2455 1712 νυχθήμερον·
2508 1639 2652 1709 ἔχεις
2711 1639 2821 1691 ἱδοᾶ
2876 1638 3196 1708 νυχθήμερα
3254 1637 3365 1690 δύο.
3415 1638 3650 1705 Πάλινὴ

2080 1735 2174 1788 τοῦ
2227 1735 2507 1789 Σα66ἀτου
2568 1734 2663 1799 νὺξ
2720 1733 2815 1786 καὶ
2867 1735 2895 1786 6
2957 1734 3056 1803 τῆς
3122 1734 3406 1803 Κυριακῆς
3456 1732 3653 1802 ὄρθρος

2077 1825 2458 1895 νυχθήμερον⁸
2516 1824 2657 1895 ἔχεις
2709 1825 2817 1877 ἰδοὺ
2869 1824 3212 1893 νυχθήμερον
3259 1826 3464 1891 τρίτον,
3497 1824 3555 1874 ἐν
3605 1818 3651 1889 ᾧ

2077 1920 2171 1971 καὶ
2196 1918 2394 1987 ἀνέστη
2425 1919 2451 1969 6
2482 1916 2708 1985 Κύριος,
2736 1917 2849 1983 εἴγε
2878 1919 2970 1969 καί
2999 1915 3193 1986 ἄδηλος
3228 1910 3295 1985 ἦν
3333 1916 3366 1985 ἡ
3400 1914 3518 1983 ὥρα
3552 1914 3650 1983 τῆς

2075 2010 2447 2076 ἀναστάσεως,
2475 2008 2617 2061 καθὰ
2641 2008 2704 2077 δὴ
2735 2009 2828 2060 καὶ
2860 2008 2892 2076 η
2930 2007 3027 2075 τῆς
3056 2005 3316 2076 δευτέρας
3346 2004 3650 2075 παρουσίας

2075 2117 2261 2153 αυτου.

411 2210 518 2265 que
545 2195 663 2248 dies
692 2193 957 2257 Sabbati;
994 2207 1114 2261 qua:
1149 2193 1254 2245 duo
1290 2206 1509 2244 rursum
1579 2190 1687 2243 diei
1727 2191 2011 2259 noctisque
2049 2192 2287 2260 spatium
2337 2192 2608 2261 integrum
2681 2190 3057 2254 constituunt,
3100 2199 3159 2244 ut
3195 2191 3305 2261 jam
3358 2188 3475 2243 dies
3509 2187 3649 2242 duos

414 2288 751 2355 totidemque
807 2285 1247 2365 nocteshabeas.
1288 2285 1419 2338 Post
1469 2284 1582 2337 lucc
1615 2283 1835 2338 Sabbati
1902 2300 2007 2339 nox
2081 2295 2137 2341 et
2191 2286 2459 2360 Dominici
2496 2287 2796 2342 diluculum
2844 2295 3059 2340 noctem
3113 2286 3367 2354 diemque
3397 2285 3649 2339 similiter

411 2378 694 2442 (alliciunt;
735 2374 879 2447 quod
926 2376 1037 2444 jam
1070 2375 1325 2428 diurnum
1398 2384 1841 2443 nocturnumque
1915 2375 2148 2444 Spatium
2188 2378 2411 2432 tertium
2451 2377 2577 2444 erit,
2645 2395 2752 2447 quo
2816 2379 3079 2432 Dominus
3108 2378 3439 2443 resurrexit,
3470 2392 3649 2447 quan-

410 2489 572 2544 quam
608 2473 815 2527 incerta
855 2470 1018 2525 fuerit
1072 2469 1206 2523 liora
1257 2468 1675 2524 resurrectionis
1725 2469 1864 2539 ejus,
1904 2469 2047 2524 sicut
2112 2480 2168 2526 et
2230 2470 2298 2525 de
2369 2470 2594 2525 alterius
2629 2470 2893 2525 adventus
2951 2471 3081 2523 hora
3123 2484 3283 2523 nemo
3320 2480 3501 2523 certus
3526 2483 3646 2524 esse

411 2566 637 2637 poterit.

479 2661 645 2734 224,
672 2660 889 2716 Memini
923 2674 1075 2725 vero,
1112 2658 1308 2714 dilecte
1358 2658 1458 2725 ﬁli,
1506 2665 1557 2713 te
1588 2659 1731 2713 inter
1763 2658 1867 2712 alia
1911 2657 1977 2711 de

409 2755 517 2810 hoc
548 2757 711 2810 etiam
768 2751 1107 2823 quaesivisse,
1138 2751 1498 2821 quamobrem
1532 2749 1741 2804 scilicet
1762 2750 1975 2803 Domini

412 2849 699 2918 st-pultura
731 2845 982 2899 triduana
1032 2843 1218 2910 fuerit,
1249 2858 1359 2897 non
1391 2842 1612 2911 majoris
1639 2842 1719 2895 vel
1749 2840 1977 2895 minoris

409 2935 711 2992 intervalli.
757 2933 1027 2988 Nimirum
1056 2948 1156 3002 pro
1186 2933 1437 2986 universa
1467 2930 1749 2984 hominum
1777 2940 1973 2985 natura

2110 2654 2280 2711 ὐῑδα
2326 2658 2403 2723 δὲ,
2436 2656 2712 2724 ἀγαπητὶ,
2762 2656 2857 2708 καὶ
2902 2654 3056 2709 τοῦτο
3112 2655 3249 2726 πρὸς
3300 2659 3413 2719 τοῖς
3464 2658 3645 2721 ἄλλοις

2076 2750 2340 2820 ζητοῦντά
2374 2766 2453 2814 σε,
2492 2750 2633 2811 τίνος
2663 2748 2849 2800 ’ἐνεκεν
2886 2744 3045 2817 η’τοῦ
3077 2750 3284 2818 Κυρίου
3311 2750 3452 2819 ταφὴ
3489 2754 3643 2820 τριή-

2076 2859 2239 2913 μερος
2268 2842 2362 2894 καὶ
2392 2841 2451 2893 ού
2486 2840 2688 2894 πλείων
2710 2840 2741 2910 ἢ
2767 2840 3008 2893 ἐλάσσων
3032 2839 3097 2893 αὖ
3110 2857 3170 2911 τη
3194 2842 3429 2908 ἐγένετο.
3464 2841 3638 2911 ’Υπὲρ

2072 2935 2251 3003 πάσης
2296 2933 2504 3001 ἔπρεπε
2552 2930 2654 3001 τῆς
2686 2930 2795 2983 τῶν
2838 2931 3137 3000 ἀνθρώπων
3182 2931 3395 3000 φύσεως
3429 2933 3636 2985 ἀποθα-

407 3029 688 3084 tlhristum
725 3025 860 3079 mori
892 3024 1202 3095 oportebat,
1245 3037 1345 3091 pro
1396 3022 1464 3076 iis
1502 3022 1707 3075 scilicet
1737 3021 1830 3089 qui
1860 3021 1968 3090 jam

2075 3024 2185 3075 νεῖν
2222 3022 2312 3075 τὸν
2346 3022 2603 3093 Χριστὸν,
2639 3021 2780 3091 ὺπέρ
2828 3037 2886 3073 τε
2931 3021 3130 3091 δηλαδὴ
3165 3021 3271 3073 τῶν
3320 3025 3639 3091 προαποθα-

408 3133 535 3176 ante
584 3120 638 3172 in
673 3118 779 3173 l‘ata
809 3122 1218 3175 concesserant,
1254 3127 1351 3181 pro
1385 3112 1519 3165 vivis
1555 3112 1757 3177 adhuc,
1788 3120 1841 3164 et
1873 3126 1970 3179 pro

408 3208 693 3263 cxstituris
725 3203 1043 3274 aliquando.
1074 3202 1285 3271 Quippe
1324 3202 1425 3254 tria
1477 3215 1695 3269 quoque
1727 3209 1969 3268 tempora

408 3309 558 3364 sunt,
589 3297 952 3367 praateritum,
988 3296 1258 3359 futurum,
1296 3309 1556 3363 praesens.
1598 3295 1705 3348 Eos
1740 3295 1832 3363 qui
1859 3297 1968 3365 jam

406 3398 793 3462 peccsserant,
846 3385 1084 3440 servavit
1128 3384 1193 3438 ad
1228 3399 1419 3437 orcum
1459 3384 1829 3451 tleseetidens;
1882 3401 1972 3439 su-

407 3479 666 3551 perstites
719 3485 900 3529 autent
937 3474 988 3526 id
1029 3473 1289 3541 temporis
1314 3513 1327 3537 ,
1362 3481 1422 3525 ut
1458 3475 1549 3541 qui
1605 3472 1970 3527 credidissent

410 3574 464 3629 in
506 3572 722 3640 ipsum;
759 3568 1058 3622 exstituros
1093 3566 1329 3633 denique
1361 3563 1672 3633 aliquando,
1710 3573 1967 3634 tanquam

408 3662 463 3717 in
496 3661 867 3730 apostolorum
904 3656 1345 3727 praedicationem
1403 3654 1710 3708 credituros
1736 3656 1807 3709 ’et
1838 3656 1970 3723 bap-

406 3753 630 3808 tismum
684 3759 1099 3806 consecuturos.
1146 3747 1200 3800 Si
1233 3764 1361 3817 ergo
1397 3757 1561 3800 totam
1595 3755 1843 3800 naturam
1874 3762 1969 3800 no-

404 3857 573 3898 stram
606 3844 933 3910 assumpsit,
974 3840 1322 3909 perspicuum
1366 3847 1450 3891 est
1480 3827 1842 3891 etiatn'totam
1873 3853 1968 3891 na-

407 3948 583 3988 turam
629 3942 873 3987 nostram
918 3932 1095 4000 ipsum
1127 3929 1427 3983 reduxisse.
1466 3929 1831 3995 Quamobrem
1862 3929 1967 3983 Do-

407 4026 537 4081 mini
568 4025 848 4095 scpttltura
883 4040 990 4077 non
1020 4024 1118 4075 abs
1148 4037 1207 4075 re
1244 4022 1495 4074 triduana
1526 4022 1649 4077 fuit.

475 4117 589 4172 iloc
624 4116 786 4169 modo
819 4132 885 4171 ex
946 4116 1179 4169 mortuis
1231 4113 1501 4185 Dominus
1554 4113 1829 4182 resurgit,
1869 4112 1964 4168 sed

404 4224 512 4262 non
545 4208 727 4261 statim
779 4206 844 4259 ad
880 4207 1048 4261 eteius
1100 4204 1445 4261 subvehitur.
1497 4203 1630 4257 Nam
1681 4206 1747 4257 de
1787 4203 1965 4271 magni

404 4298 687 4352 Athanasii
747 4298 1020 4351 sententia
1076 4305 1368 4365 propterea
1409 4297 1526 4349 dies
1587 4296 1638 4348 in
1693 4295 1855 4348 terris
1898 4295 1967 4349 40

2076 3115 2276 3166 νόντων
2310 3113 2425 3165 τῶν
2443 3130 2502 3165 τε
2543 3112 2844 3182 περιόντων
2878 3112 3106 3163 καὶτῶν
3148 3112 3451 3183 μελλόντων
3488 3116 3641 3179 γενέ-

2075 3205 2221 3269 σθαι,
2261 3204 2450 3275 ἐπειδὴ
2480 3207 2577 3256 καὶ
2604 3205 2753 3273 τρεῖς
2807 3204 2913 3256 εἱσι
2968 3205 3171 3272 καιροὶ,
3223 3204 3633 3274 παρεληλυθὼς,

2070 3295 2320 3362 ἐνεστὼς,
2367 3295 2595 3364 μέλλων.
2654 3297 2762 3347 Καὶ
2819 3295 2948 3357 τοὺς
3003 3277 3103 3364 μὲν
3156 3296 3638 3366 προαποθανόντας

2072 3386 2241 3439 ἔσωσε
2279 3384 2558 3439 κατελθὼν
2588 3386 2646 3436 ἑν
2675 3385 2753 3455 τῷ
2785 3384 2910 3457 ᾄδῃ,
2940 3386 3069 3455 τοὺς
3108 3386 3163 3438 δὲ
3199 3388 3318 3440 τότε
3352 3389 3638 3454 περιόντας

2071 3477 2275 3531 ἔσωσεν
2332 3476 2406 3540 ὼς
2468 3476 2864 3538 πιστεύσαντας
2907 3478 2986 3538 είς
3034 3478 3221 3543 αὐτὸν,
3252 3479 3376 3541 τοὺς
3409 3480 3465 3530 δὲ
3499 3482 3637 3547 μετά

2070 3570 2241 3625 ταῦτα
2294 3571 2694 3639 γενησομένους
2745 3568 2819 3631 ὡς
2871 3569 3269 3633 πιστεύσαντας
3310 3572 3390 3632 είς
3434 3573 3494 3622 τὸ
3525 3572 3636 3622 τῶν

2069 3661 2384 3714 ἀπιστόλων
2426 3663 2684 3730 κήρυγμα
2715 3661 2806 3713 καὶ
2854 3660 3273 3730 βαπτισθέντας.
3308 3662 3367 3713 Ei
3404 3663 3496 3716 οὖν
3535 3664 3634 3733 τὴν

2070 3751 2198 3822 ὃλην
2250 3753 2405 3823 ἡμῶν
2455 3753 2616 3821 φύσιν
2658 3752 2839 3815 ἔλαϐε,
2888 3753 3045 3822 δῆλον
3091 3755 3173 3806 ὅτι
3225 3756 3316 3807 καὶ
3363 3754 3461 3824 τὴν
3502 3756 3631 3825 ὅλην

2071 3848 2229 3917 ήμῶν
2278 3848 2438 3916 φύσιν
2488 3847 2779 3902 ἀνέπλασε.
2817 3849 3009 3912 Καλῶς
3061 3847 3221 3919 οὖνὴ
3277 3849 3370 3902 τοῦ
3425 3851 3630 3920 Κυρίου

2070 3939 2215 4009 ταφὴ
2253 3940 2546 4009 τριήμερος
2575 3940 2821 4006 γέγονεν.

2154 4113 2461 4166 ’Δνίσταται
2493 4110 2585 4166 οὖν
2618 4116 2644 4166 6
2675 4113 2877 4183 Κύριος
2910 4118 2973 4169 ὲκ
3004 4117 3229 4183 νεκρῶν,
3255 4117 3369 4170 ἀλλ’
3399 4118 3497 4171 οὐκ
3532 4118 3630 4171 αύ-

2070 4203 2195 4255 τίκα
2229 4204 2362 4291 πρδς
2401 4206 2664 4274 οὐρανοὺς
2691 4207 2973 4274 ἀνάγεται.
3008 4208 3164 4261 Κατὰ
3194 4210 3300 4279 γὰρ
3334 4211 3425 4263 τὸν
3459 4213 3632 4279 μέγαν

2083 4295 2423 4359 Ἀθανάοιον,
2458 4298 2582 4362 τοὺς
2618 4298 2871 4368 μαθητὰς
2921 4300 3272 4371 ἐπιστηρίξαι
3305 4301 3631 4371 βουλόμενος

402 4398 772 4443 commoratus
802 4397 887 4442 est
916 4387 1201 4453 Dominus,
1238 4387 1383 4455 quod
1418 4385 1715 4455 discipulos
1763 4372 1965 4438 contir-

2075 4389 2279 4460 ἡμέρας
2308 4388 2541 4443 ἐνταῦθα
2573 4392 2717 4442 ποιεῖ
2750 4396 2827 4460 μ’,
2870 4386 3240 4462 ὀπτανόμενος
3270 4395 3451 4458 αὐτοῖς
3486 4397 3632 4448 ἔστιν

405 4492 556 4536 mare
606 4481 788 4536 vellet.
849 4479 1059 4534 Idcirco
1088 4494 1147 4533 se
1198 4478 1649 4547 conspiciendum
1682 4477 1763 4532 eis
1794 4479 1963 4531 inter-

402 4573 531 4627 dum
562 4566 795 4641 prtebet,
838 4575 1010 4625 amice
1040 4569 1372 4640 pacificeque
1411 4585 1535 4624 cum
1571 4570 1652 4623 eis
1697 4569 1962 4639 loquitur,

403 4664 689 4717 cicatrices
714 4662 765 4715 in
798 4677 1027 4728 corpore
1058 4659 1246 4714 divini;
1285 4670 1695 4726 commonstrat,
1731 4661 1965 4715 comedit

316 4818 321 4821 _
403 4765 565 4822 atque
605 4753 745 4807 bibit
779 4767 918 4817 una,
953 4759 1149 4804 caetera
1181 4750 1418 4817 denique
1464 4749 1594 4802 facit
1634 4752 1815 4803 omnia
1843 4766 1963 4819 qua:

401 4847 469 4899 ad
501 4841 906 4899 conﬁrmandos
926 4840 1226 4894 imbecillos
1255 4839 1457 4908 aliquid
1477 4838 1670 4892 aﬂerrc
1701 4839 1959 4893 momenti

404 4943 647 5003 possent.
696 4931 942 4987 Primum
992 4932 1237 4984 omnium
1287 4946 1317 4984 a
1352 4930 1565 4985 duabus
1625 4930 1960 4985 mulierculis

396 5034 732 5093 conspectus
775 5033 878 5088 est,
913 5038 1021 5092 quo
1054 5033 1296 5093 tempore
1322 5023 1550 5091 pedibus
1584 5022 1688 5076 illae
1713 5036 1961 5090 compre-

403 5115 588 5168 hensis
614 5130 738 5169 cum
764 5114 1259 5184 amplectebantur.
1307 5114 1510 5168 Deinde
1581 5114 1680 5168 soli
1740 5112 1957 5183 Magda—

398 5209 539 5261 lcna:
593 5216 846 5275 apparet;
908 5207 1037 5260 binc
1084 5207 1246 5261 Petro
1296 5206 1663 5274 apostolorum
1700 5206 1955 5276 principi,

402 5299 485 5351 \el
536 5297 656 5365 ipso
691 5293 859 5350 Paulo
891 5305 1063 5361 teste,
1093 5296 1181 5365 qui
1218 5296 1291 5348 ait
1330 5313 1341 5349 :
1391 5315 1408 5346 ι
1473 5297 1849 5351 Rcsuseitatus
1893 5312 1959 5351 ex

401 5397 633 5440 mortuis
663 5387 923 5439 Dominus
950 5387 1124 5454 primo
1146 5400 1173 5438 a
1199 5384 1379 5455 Ccplta
1403 5399 1725 5455 conspectus
1752 5398 1833 5440 est
1852 5389 1916 5439 δ’.
1935 5406 1951 5437 ι

394 5481 710 5534 ὃεευιιιιιιιιι
749 5480 862 5533 base
913 5489 1240 5547 conspectus
1292 5491 1373 5533 cs1
1407 5494 1435 5532 a
1473 5479 1618 5534 Luca
1653 5491 1707 5534 et
1736 5480 1954 5550 Cleopa,

466 5661 555 5715 "1
589 5661 711 5715 Cor.
752 5678 836 5724 xv,
868 5663 921 5716 5.

2062 4481 2151 4534 ὅτε
2187 4480 2280 4534 καὶ
2306 4482 2373 4534 τὰ
2406 4482 2543 4550 πρὸς
2584 4482 2807 4554 εἰρήνην
2868 4483 3270 4552 διαλεγόμενος,
3306 4485 3536 4550 ὠτειλὰς
3575 4490 3632 4539 ἐν

2061 4572 2142 4639 τῷ
2199 4573 2425 4625 θεοειδεῖ
2489 4573 2747 4627 δεικνύων
2796 4574 2992 4646 ἐκείνῳ
3057 4579 3293 4646 σώματι,
3329 4577 3629 4629 συνεσθίων

2062 4663 2246 4728 αὐτοῖς
2295 4664 2413 4733 ἅμα
2464 4666 2560 4718 καὶ
2599 4666 2788 4734 πίνων,
2828 4667 2928 4737 οὐχ
2978 4668 3053 4731 ὡς
3112 4672 3319 4739 τροφῆς
3377 4671 3632 4738 δεόμενος
3676 4672 3681 4689 ⁸

2061 4756 2197 4810 ἀλλὰ
2229 4757 2606 4827 πιστούμενος,
2652 4760 2745 4812 καὶ
2780 4759 2959 4813 τᾶλλα
2986 4760 3162 4813 πάντα
3208 4763 3377 4815 ποιῶν
3421 4763 3631 4831 ὅσαπερ

2071 4847 2227 4900 εἴωθε
2264 4848 2390 4910 τοὺς
2424 4847 2670 4912 ἀσθενεῖς
2702 4850 3120 4918 ἀσφαλίζεσθαι.
3166 4853 3273 4905 Καὶ
3308 4854 3499 4926 πρῶτα
3534 4856 3633 4923 μὲν

2070 4935 2221 5005 ὤφθη
2270 4936 2394 4988 δυσὶ
2427 4937 2693 5005 γυναιξὶν,
2718 4937 2888 5009 ’ἡνίκα
2938 4942 3031 4994 καὶ
3084 4941 3209 5004 τοὺς
3243 4942 3411 5005 πόδας
3461 4944 3631 4997 αὐτοῦ

2069 5024 2413 5099 κρατήσασαί
2452 5030 2887 5100 κατησπάζοντο.
2926 5032 3160 5113 Ἔπειτα
3192 5037 3257 5105 τῇ
3294 5035 3628 5107 Μαγδαληνῇ

2015 5184 2019 5187 _
2070 5122 2207 5192 μόνῃ
2253 5120 2567 5185 ὀπτάνεται,
2605 5123 2742 5191 μετά
2784 5123 2840 5175 δὲ
2876 5122 3048 5183 ταῦτα
3095 5125 3172 5194 τῷ
3212 5128 3493 5197 κορυταίῳ
3530 5130 3633 5180 Πὲο

2063 5230 2195 5282 τριρ,
2234 5213 2376 5265 καθὰ
2420 5214 2513 5264 καὶ
2549 5213 2760 5277 Παῦλος
2790 5214 2974 5283 φησίν.
3001 5235 3019 5267 ι
3040 5217 3105 5269 '0
3132 5216 3335 5282 Κύριος
3385 5219 3631 5287 ἐγερθεὶς

2066 5305 2129 5354 ὲκ
2160 5302 2369 5373 νεκρῶν
2404 5302 2561 5371 ὤφθη
2605 5305 2821 5373 πρῶτον
2853 5305 3045 5377 Κηφᾷ.
3074 5329 3093 5359 ι
3132 5307 3311 5378 Ὠφθη
3346 5312 3457 5371 τοῖς
3501 5314 3632 5379 περὶ

2064 5396 2280 5446 Λουκᾶν
2333 5397 2424 5446 καί
2483 5396 2753 5461 Κλεόπαν,
2796 5397 2951 5467 ὤφθη
2999 5401 3110 5461 τοῖς
3166 5399 3317 5463 δέκα,
3361 5396 3481 5455 εἶτα
3518 5407 3632 5463 τοῖς

2066 5487 2256 5539 ἕνδεκα
2284 5501 2298 5517 ο
2339 5485 2496 5557 ὤφθη
2545 5489 2684 5540 κατὰ
2737 5489 2834 5559 τὴν
2864 5490 3152 5543 Γαλιλαίαν
3193 5494 3391 5554 αὐτοὶ.
3427 5495 3617 5562 ὁμοίως
