4110 6194
454 327 560 386 495

1694 334 2096 396 ANNALIUM
2142 338 2338 398 PARS
2380 340 2493 402 ΙΙΙ.

3580 346 3697 409 ‘26

454 443 510 493 έν
565 444 628 511 τῇ
674 441 993 513 Τιϐεριάδι·
1045 444 1201 513 ὤφθη
1246 444 1488 513 Ἰακώϐῳ
1545 445 1621 515 τῷ
1669 447 1979 517 ἀδελφοθέῳ

2129 466 2457 525 conspectus
2492 472 2525 510 a
2551 457 2835 526 distipulis
2872 457 3059 513 decem
3090 497 3104 521 ,
3133 460 3554 527 conspectusab
3584 477 3701 511 llis-

452 532 607 603 ὤφθη
642 536 829 588 ἐπάνω
877 536 1256 589 πεντακοσίων
1288 536 1518 606 ἀνδρῶν.
1556 539 1665 590 Καὶ
1710 540 2021 592 τελευταῖον

449 623 619 691 ὲτράνη
652 624 835 687 αὐτοῖς
857 627 915 679 ὲν
948 625 1025 695 τῷ
1058 627 1176 695 ὄρει
1205 628 1312 681 τῶν
1337 628 1587 691 Ἐλαιῶν,
1621 632 1678 682 ὲν
1702 623 1745 697 ᾧ
1790 633 1885 683 καὶ
1915 634 2016 701 τὴν

448 713 688 781 χαμόθεν
722 715 1019 788 ἐποιήσατο
1048 717 1280 789 ἔπαρσιν
1322 718 1444 791 μεθ’
1474 719 1712 792 ἡμέρας.
1755 722 1832 786 ὡς
1872 725 2022 794 εἴρη-

448 825 561 877 ται,
599 818 671 881 μ’.

521 1076 579 1128 El
607 1076 663 1129 δὲ
694 1077 791 1129 καὶ
818 1077 976 1131 τοῦτο
1006 1079 1189 1149 βούλει
1220 1080 1438 1150 μαθεῖν,
1474 1084 1618 1148 τίνος
1645 1085 1834 1138 ἕνεκεν
1880 1086 2018 1154 μετά

447 1168 549 1235 τὴν
609 1168 673 1219 ἐκ
740 1169 954 1237 νεκρῶν
1013 1170 1179 1223 αὐτοῦ
1227 1171 1447 1241 ἔγερσιν
1500 1174 1710 1243 ἡμέρας
1767 1175 1859 1226 ἐπὶ
1914 1177 2017 1245 γῆς

445 1257 674 1327 ἐποίησε
711 1258 763 1327 μ’
795 1260 891 1313 καὶ
921 1261 981 1313 ού
1020 1262 1207 1315 πλεῖον
1252 1263 1283 1331 ἤ
1340 1264 1590 1329 ἔλασσον,
1626 1265 1655 1317 6
1688 1265 1861 1334 μέγας
1907 1267 2016 1321 ἰδοὺ

458 1347 774 1416 Ἐπιφάνιος
828 1350 896 1405 δι’
950 1352 1150 1421 ὀλίγων
1204 1354 1451 1408 ἔπιλύσει
1524 1373 1606 1409 σοι
1663 1356 1723 1411 τὸ
1777 1358 2017 1411 τοιοῦτον

445 1436 778 1508 ἀπόρρητον.
818 1459 837 1492 ι
896 1444 992 1495 Ὃν
1041 1443 1146 1514 γὰρ
1194 1445 1414 1513 τρόπον,
1448 1466 1466 1497 ι
1505 1447 1663 1516 φησι,
1724 1465 1741 1498 ι
1771 1448 1908 1516 μετὰ
1956 1449 2017 1503 τὺ

447 1531 776 1599 γεννηθῆναι
811 1533 837 1585 6
873 1535 1123 1603 ,Χριστὸς
1163 1536 1420 1607 ἀνεκλίθη
1468 1538 1527 1589 ἐν
1573 1540 1769 1608 φάτνῃ,
1810 1541 2017 1609 ἐσπαρο

442 1620 687 1690 γανὼθη,
720 1624 814 1675 καὶ
866 1624 988 1692 μεθ’
1032 1626 1250 1695 ἡμέρας
1314 1633 1369 1697 μ’
1419 1628 1705 1699 προσήχθη
1766 1630 1843 1697 τῷ
1888 1630 2015 1699 θείῳ

442 1711 559 1779 ναῷ
588 1714 680 1765 καὶ
710 1714 850 1768 κατά
885 1716 976 1768 τὸν
1027 1718 1122 1770 τοῦ
1165 1718 1410 1782 Μωσέως
1458 1720 1624 1789 νόμον
1657 1721 1905 1791 παρέστη
1937 1722 2013 1791 τῷ

441 1804 585 1873 Θεῷ.
642 1805 783 1859 οὕτω
832 1810 928 1862 καὶ
991 1812 1341 1881 πρωτότοκος
1396 1815 1459 1865 ἐκ
1518 1815 1727 1882 νεκρῶν
1774 1817 2013 1882 γεγονὼς

441 1894 653 1963 ἡμέρα;
691 1896 925 1952 ἐνταῦθα
952 1902 1099 1953 ποιεῖ
1150 1902 1223 1970 μ’,
1256 1900 1359 1956 εἷθ’
1388 1902 1564 1966 οὕτως
1597 1905 1736 1975 πρὸς
1762 1906 1864 1974 τὴν
1900 1908 2013 1961 ἄνω

448 1986 813 2057 Ἰερουσαλὴμ
873 1991 1228 2058 ἐπανάγεται,
1266 1994 1345 2063 τῷ
1396 1994 1671 2065 προσώπῳ
1720 1995 1816 2048 τοῦ
1876 1998 2010 2050 Θεοῦ

364 2094 385 2112 ο
439 2078 981 2149 ἐμφανισθησόμενος
1032 2084 1170 2154 ὑπὲρ
1216 2085 1397 2154 ἡμῶν.
1457 2106 1475 2138 ι
1534 2086 1644 2141 Καὶ
1694 2088 1883 2141 πείθου
1932 2089 2011 2160 τῷ

442 2169 667 2238 μεγάλῳ
704 2172 899 2240 Παύλῳ
938 2173 1145 2239 λέγοντι
1176 2192 1190 2207 ο
1229 2194 1248 2226 ι
1291 2176 1365 2229 Ού
1398 2177 1505 2247 γὰρ
1537 2180 1616 2241 είς
1662 2174 2011 2252 χειροποίητα

441 2262 577 2326 ἅγια
620 2262 867 2332 εἰσῆλθεν
905 2266 932 2317 6
972 2265 1227 2336 Χριστὸς,
1259 2266 1525 2333 ἀντίτυπα
1546 2268 1659 2323 τῶν
1706 2271 2002 2340 ἀληθινῶν,

436 2350 554 2402 ἀλλ’
591 2352 672 2414 είς
715 2354 880 2406 αὑτὸν
935 2355 1024 2408 τὸν
1084 2357 1316 2426 οὐρανὸν
1366 2358 1464 2410 νῦν
1496 2359 1898 2431 ἐμφανισθῆναι
1931 2362 2010 2431 τῷ

424 2442 716 2512 προσώπῳ
748 2446 841 2498 τοῦ
872 2445 1012 2499 ’Θεοῦ
1046 2448 1185 2519 ὑπὲρ
1221 2449 1399 2520 ἡμῶν.
1440 2469 1459 2502 ι
1546 2439 1558 2450 ’

508 2622 719 2677 Οὐκοῦν
756 2626 1035 2698 ἀνελήφθη
1068 2631 1095 2682 6
1130 2629 1353 2698 Κύριος.
1399 2630 1649 2703 Ἡμέραι,
1674 2636 1812 2704 μετὰ
1833 2634 2007 2690 ταῦτα

434 2713 741 2783 διέρχονται
804 2718 958 2782 δέκα,
984 2720 1077 2772 καὶ
1126 2723 1157 2791 ἡ
1209 2722 1304 2775 τοῦ
1358 2724 1624 2792 παναγίου
1686 2726 2006 2795 Πνεύματος

438 2807 650 2870 γίνεται
707 2810 954 2874 κάθοδος.
987 2814 1143 2867 Μετὰ
1175 2815 1305 2867 δέκα
1334 2815 1390 2868 δὲ
1424 2817 1822 2887 συμπλήρωσιν
1867 2821 2008 2890 ἡμε-

438 2895 550 2962 ρῶν
610 2897 641 2965 ἡ
700 2900 925 2969 τοιαύτη
985 2901 1195 2969 γίνεται
1249 2902 1501 2969 κάθοδος,
1547 2907 1686 2961 διότι
1735 2910 1945 2974 τέλειος
1977 2912 2005 2963 6

435 2986 659 3053 δέκατος
691 2992 942 3062 ἀριθμός.
975 2995 1194 3065 Ἐπειδὴ
1225 2996 1407 3050 τοίνυν
1430 2999 1489 3049 τὸ
1514 2998 1738 3070 Πνεῦμα
1764 3002 1824 3055 τὸ
1848 2986 2006 3072 ἅγιον

2125 546 2300 602 decim
2328 564 2343 612 ;
2369 548 2437 601 ab
2472 548 2665 603 iisdem
2707 559 3034 618 conspectus
3065 550 3120 604 in
3156 550 3392 612 Galilzea.
3430 551 3690 605 consimi-

2126 640 2251 694 liter
2284 640 2350 695 ad
2398 641 2782 708 Tiberiadem;
2819 654 3147 713 conspectus
3185 658 3212 697 a
3243 644 3449 699 Iacobo
3477 642 3685 697 Christi

2123 731 2217 786 Dei
2253 731 2444 799 fratre,
2476 745 2804 803 conspectus
2833 749 2862 788 a
2896 736 3145 805 pluribus
3172 751 3336 805 quam
3367 734 3689 803 quingentis

2124 822 2483 889 hominibus;
2531 833 2861 894 conspectus
2888 838 3226 896 postremum
3261 828 3330 882 ab
3357 827 3437 882 eis
3476 827 3530 881 in
3576 825 3689 881 Oli-

2122 931 2312 969 varum
2349 925 2556 983 monte,
2587 918 2680 971 ubi
2713 919 2941 990 etiama
2969 926 3112 973 terra
3152 920 3401 975 sublatus
3451 927 3537 977 est
3565 927 3687 988 post
3794 978 3811 990 '

2121 1006 2286 1083 diem,
2322 1022 2423 1061 ceu
2453 1008 2711 1073 diximus,
2747 987 3244 1079 quadragesimum.

2190 1101 2393 1167 Quodsi
2448 1105 2557 1174 jam
2622 1104 2756 1160 illud
2814 1120 3036 1174 quoque
3094 1120 3426 1173 cognoscere
3485 1105 3683 1173 cupis.

2121 1194 2480 1259 quamobrem
2546 1203 2668 1265 post
2717 1196 3103 1251 excitationem
3157 1195 3226 1249 de
3292 1196 3520 1249 mortuis
3568 1196 3685 1249 dies

2121 1281 2244 1335 illos
2269 1282 2336 1336 40
2371 1283 2423 1337 in
2451 1284 2615 1339 terris
2652 1286 2827 1355 egerit
2852 1324 2867 1349 ,
2903 1301 3012 1340 non
3046 1288 3228 1354 plures
3246 1285 3330 1339 vel
3358 1284 3643 1353 pauciores
3668 1324 3682 1348 ,

2118 1386 2185 1425 en
2211 1388 2439 1441 magnus
2473 1376 2805 1444 Epiphanius
2827 1378 2966 1433 hanc
2999 1378 3096 1433 tibi
3129 1376 3527 1432 dubitationem
3551 1392 3685 1444 pau-

2118 1462 2198 1516 cis
2221 1463 2509 1517 dissolvet.
2541 1464 2660 1531 Quo
2701 1474 2881 1534 pacto,
2930 1466 3130 1537 inquit,
3158 1467 3415 1522 Christus
3439 1466 3620 1521 statim
3653 1481 3682 1520 a

2119 1554 2408 1609 nativitale
2457 1569 2552 1609 sua
2590 1557 2886 1613 reclinatus
2937 1567 3022 1612 est
3078 1558 3132 1611 in
3179 1557 3443 1627 prtesepi,
3498 1556 3689 1611 fasciis

2118 1646 2417 1711 involutus,
2454 1657 2577 1717 post
2614 1644 3094 1717 quadragesimum
3140 1649 3284 1703 diem
3317 1649 3386 1703 ad
3420 1648 3683 1718 templum

2046 1775 2086 1829 Β
2118 1738 2439 1806 deportatus
2486 1743 2559 1793 “ac
2620 1742 2917 1796 secundum
2975 1742 3222 1797 Mosaicae
3260 1742 3397 1811 legis
3435 1741 3685 1811 praescri-

2120 1839 2270 1898 ptum
2297 1830 2514 1884 oblatus
2544 1832 2674 1897 Deo,
2700 1832 2779 1887 sic
2801 1834 2966 1887 etiam
2991 1843 3129 1898 tum,
3149 1848 3272 1888 cum
3291 1832 3687 1903 primogenitus

2121 1927 2464 1973 mortuorum
2494 1920 2669 1974 factus
2692 1932 2872 1987 esset,
2901 1922 3020 1978 dies
3053 1924 3107 1978 itt
3144 1923 3304 1977 terris
3329 1923 3398 1977 40
3436 1938 3682 1978 commo-

2119 2020 2295 2075 ratur,
2344 2020 2508 2081 atque
2541 2015 2611 2067 ita
2664 2014 2863 2069 deinde
2918 2029 3211 2084 supernam
3252 2016 3681 2088 Hierosolymam

2120 2104 2438 2167 revertitur,
2475 2121 2657 2159 coram
2706 2106 2859 2160 vultu
2905 2106 2998 2162 Dei
3040 2114 3227 2162 nostra
3263 2123 3426 2163 causa
3463 2122 3684 2176 compa-

2118 2196 2344 2250 riturus.
2375 2196 2711 2251 Persuadeat
2739 2196 2844 2251 hoc
2874 2197 2991 2267 ipse
3021 2198 3119 2251 tibi
3166 2198 3385 2261 Paulus.
3421 2213 3545 2251 cum
3570 2200 3680 2252 ait:

2125 2305 2143 2337 ι
2201 2286 2320 2341 Νοιι
2356 2288 2409 2341 in
2469 2287 2708 2342 sacraria
2760 2287 3073 2343 manufacta
3111 2288 3365 2361 Christus
3402 2289 3682 2360 ingressus

2115 2388 2200 2433 est
2229 2418 2241 2441 ,
2274 2395 2396 2449 quae
2446 2394 2704 2435 verorum
2766 2381 3136 2436 sacrariorum
3175 2380 3466 2436 simulacra
3505 2391 3678 2437 sunt:

2115 2471 2210 2525 sed
2242 2469 2295 2525 in
2326 2472 2523 2527 coelum
2567 2473 2767 2541 ipsum,
2803 2480 2863 2527 ut
2891 2472 3056 2527 modo
3071 2484 3259 2528 nostra
3285 2487 3451 2528 causa
3488 2488 3674 2528 coram

2114 2560 2208 2615 Dei
2245 2560 2382 2615 facie
2413 2572 2727 2632 compareat
2750 2563 2815 2615 “.
2855 2582 2875 2616 ι

2183 2652 2343 2722 225
2375 2653 2740 2723 Posteaquam
2764 2670 2899 2711 vero
2924 2666 3241 2726 assumptus
3271 2655 3466 2712 fuisset
3490 2656 3679 2710 Domi-

2113 2758 2238 2805 nus,
2289 2742 2479 2797 decem
2515 2744 2717 2814 elapsis
2752 2744 2950 2801 diebus
2995 2754 3217 2803 sanctus
3254 2746 3346 2803 ille
3375 2746 3614 2817 Spiritus
3646 2763 3679 2802 e

2113 2834 2252 2889 cmlo
2299 2834 2608 2891 descendit.
2640 2837 2864 2893 Factum
2910 2839 3015 2895 hoc
3046 2848 3130 2894 est
3164 2840 3379 2896 decimo
3429 2849 3553 2911 post
3590 2840 3679 2896 die

2112 2935 2424 2993 propterea,
2464 2926 2609 2995 quod
2663 2944 2925 2983 numerus
2975 2929 3235 2985 denarius
3265 2931 3337 2985 sit
3378 2930 3674 3000 perfectus.

2113 3017 2381 3083 Quoniam
2419 3020 2590 3089 igitur
2640 3019 2881 3089 Spiritus
2933 3012 3153 3075 sanctus
3189 3022 3396 3077 idcirco
3427 3022 3680 3078 demitte-

437 3077 533 3129 ἐπὶ
564 3080 725 3133 τοῦτο
759 3086 1185 3156 κατερχόμενον,
1222 3088 1309 3140 ἵνα
1360 3092 1454 3142 καὶ
1492 3094 1617 3154 τοὺς
1650 3092 1863 3159 ἀτελεῖς
1904 3113 2006 3164 μα-

2112 3077 2293 3172 ίίιιῖιιτ,
2354 3117 2412 3163 ιιι
2442 3077 2807 3176 imperfectos
2862 3107 3040 3164 adhuc
3078 3107 3377 3179 discipulos
3406 3110 3680 3180 perfectos

436 3169 607 3237 θητὰς
664 3175 907 3240 τελείους
976 3180 1402 3255 ἀπεργάσηται,
1464 3185 1656 3238 τούτου
1720 3188 1881 3257 χάριν
1946 3191 2003 3242 ὲν

433 3259 653 3331 ἀριθμῷ
686 3264 895 3335 τελείῳ,
933 3270 1214 3323 τουτέστιν
1261 3273 1319 3325 ἐν
1373 3275 1555 3345 ἡμέρᾳ
1616 3276 1838 3351 δεκάτῃ,
1866 3281 2004 3349 πρὸς

434 3351 633 3414 αὐτοὺς
679 3356 1056 3428 ἐπεφοίτησεν.
1088 3362 1212 3414 Ὀτι
1270 3364 1327 3418 δὲ
1384 3367 1626 3432 τελείους
1677 3369 1846 3436 ἔδειξε
1876 3375 2005 3435 τοὺς

432 3442 646 3509 ἀτελεῖς
696 3448 963 3519 μαθητὰς,
995 3455 1021 3505 ό
1057 3460 1353 3523 κορυφαῖος
1389 3461 1593 3529 Πέτρος
1641 3463 1799 3517 τοῦτο
1835 3468 2005 3535 παρέ-

437 3550 657 3603 στησεν.
698 3537 839 3607 Ὅρα
873 3542 980 3610 γὰρ
1010 3545 1278 3614 νουνεχῶς
1305 3548 1386 3600 ὅτι
1429 3550 1688 3623 παιδίσκῃ
1718 3555 1826 3607 τινὶ
1874 3556 2006 3625 πρό-

434 3642 592 3696 τερον
622 3629 815 3700 οἰκτρᾷ
849 3631 1107 3701 θροηθεὶς
1139 3637 1229 3689 τὸν
1259 3638 1579 3694 διδάσκαλον
1614 3645 1799 3713 τρίτον
1831 3648 2004 3719 ἠρνή-

436 3735 585 3781 σατο,
617 3721 694 3789 τῷ
723 3723 976 3792 παναγίῳ
1008 3725 1064 3781 δὲ
1109 3728 1395 3799 Πνεύματι
1442 3735 1750 3803 στομωθεὶς
1775 3737 2005 3811 ὕστερον

437 3814 578 3880 μετὰ
606 3818 915 3886 παρρησίας
951 3821 1031 3874 ὅτι
1063 3822 1264 3894 πολλῆς
1295 3828 1626 3903 ἐδημηγόρει
1647 3837 1813 3904 μέσον
1844 3838 1998 3905 λαοῦ,

433 3907 735 3961 κάντεῦθεν
767 3910 985 3965 ἔπειθεν
1033 3913 1282 3980 ἅπαντας
1328 3920 1727 3990 ἀνενδοιάστως
1767 3933 2005 4001 προσέρ-

432 3997 627 4063 χεσθαι
654 3998 732 4068 τῷ
760 4000 1003 4070 Χριστῷ.
1066 4052 1075 4061 ,
1416 4056 1419 4057 ν

503 4089 638 4182 Μεθ’
662 4091 874 4161 ἡμέρας
902 4093 1026 4158 οὖν,
1058 4096 1128 4159 ὡς
1161 4098 1408 4169 εἴρηται,
1443 4108 1782 4177 πεντήκοντα
1810 4110 1912 4182 τῆς
1943 4116 2007 4167 ἐκ

428 4181 644 4248 νεκρῶν
670 4185 945 4253 ὲγέρσεως
969 4185 1065 4240 τοῦ
1097 4190 1334 4259 Χριστοῦ
1362 4195 1392 4263 ἡ
1419 4196 1513 4249 τοῦ
1541 4202 1809 4269 παναγίου
1841 4181 2008 4259 Πνεύ-

435 4287 605 4337 ματος
657 4272 868 4339 γίνεται
919 4279 1162 4343 κάθοδος.
1219 4284 1379 4347 Τίνος
1428 4286 1648 4355 ἓνεκεν;
1684 4291 1805 4346 Ὅτι
1839 4298 1933 4349 καὶ
1980 4299 2007 4350 6

432 4363 661 4425 παλαιὸς
696 4366 858 4433 νόμος
892 4368 950 4420 ὲν
982 4371 1164 4442 ἡμέρα
1200 4381 1539 4449 πεντηκοστῇ
1574 4380 1711 4434 Θεοῦ
1746 4386 2002 4453 φανέντος

428 4454 650 4509 ἐδίδοτο.
707 4458 860 4511 Κατὰ
914 4460 1022 4528 γὰρ
1076 4465 1164 4516 τὸν

441 4544 728 4614 Ἰωάννην,
763 4547 961 4615 μᾶλλον
989 4550 1045 4603 δὲ
1074 4554 1214 4606 κατά
1243 4556 1343 4624 τὴν
1369 4559 1465 4610 τοῦ
1501 4559 1728 4617 θεόπτου
1758 4565 2001 4631 Μωσέως

431 4637 694 4705 ἱστορίαν,
739 4643 1083 4713 πεντήκοντα
1123 4645 1333 4713 διῆλθον
1373 4651 1578 4721 ἡμέραι
1626 4656 1765 4725 μετὰ
1802 4658 1903 4728 τὴν
1941 4660 2000 4724 ἐξ

426 4729 713 4795 Αἰγύπτου
750 4731 855 4784 τῶν
891 4734 1158 4788 Ἰουδαίων
1195 4737 1392 4803 ἔξοδον,
1434 4746 1529 4796 καὶ
1563 4748 1863 4815 τηνικαῦτα
1898 4753 1999 4815 τὰς

428 4819 833 4888 θιοχαράκτους
863 4827 891 4877 ὁ
919 4828 1121 4897 Μωσῆς
1152 4829 1363 4892 πλάκας
1392 4832 1605 4889 ἔλαϐεν.
1639 4839 1702 4891 Εἰ
1729 4840 1909 4896 τοίνυν
1939 4844 1996 4896 ὲν

423 4911 666 4999 ἡμέραις
709 4914 1040 4982 πεντήκοντα
1081 4920 1108 4971 6
1153 4919 1379 4985 παλαιὸς
1423 4924 1621 4978 ἐδίδοτο
1666 4930 1852 4999 νόμος,
1893 4934 1998 4987 ἔδει

424 4998 650 5091 πάντως
694 5003 815 5054 κατ’
840 5006 1056 5074 ἐκείνην
1101 5007 1197 5077 τὴν
1240 5010 1453 5081 ἡμέραν
1493 4998 1857 5083 δοθῆναιίκαὶ
1899 5022 1996 5091 τὴν

424 5089 523 5141 τοῦ
558 5093 824 5159 παναγίου
862 5096 1175 5163 Πνεύματος
1208 5102 1370 5170 χάριν
1391 5142 1405 5167 ,
1438 5104 1511 5168 ὡς
1543 5108 1827 5177 ἐντεῦθεν,
1860 5089 1999 5183 ἀγα-

425 5184 591 5248 πητὲ,
620 5186 761 5236 κατά
788 5202 850 5252 γε
878 5186 975 5257 τὴν
1001 5189 1239 5244 Παλαιὰν
1267 5195 1359 5247 καὶ
1386 5196 1483 5265 τὴν
1507 5198 1667 5267 Νέαν,
1698 5204 2000 5276 ἀδιαίρετον

421 5274 707 5369 δειχθῆναι
734 5279 828 5349 τὴν
855 5280 1018 5349 φύσιν
1042 5283 1139 5354 τῆς
1167 5283 1437 5355 θεότητος,
1465 5293 1556 5344 καὶ
1579 5294 1660 5347 ὅτι
1684 5296 1744 5347 τὸ
1772 5274 1999 5369 Πνεῦμα

425 5366 490 5417 τὸ
522 5368 675 5431 ἄτιον
708 5372 1016 5438 ἐνομοθέτει
1047 5377 1139 5427 καὶ
1167 5379 1289 5431 τότε
1326 5382 1419 5432 καὶ
1452 5383 1568 5437 νῦν.

501 5459 608 5510 Καὶ
632 5458 898 5530 ὤφθησαν
922 5464 1102 5529 αὐτοῖς
1128 5467 1579 5541 διαμεριζόμεναι
1604 5476 1841 5543 γλῶσσαι
1866 5480 1999 5537 ὡσεὶ

431 5552 622 5617 πυρός.
661 5552 758 5605 Διὰ
793 5554 845 5605 τί
878 5555 1153 5624 γλῶσσαι;
1191 5559 1381 5632 ἐπειδὴ
1418 5565 1770 5638 κηρύγματος
1806 5573 1959 5642 χρεία
1982 5617 1995 5641 ,

489 5733 718 5791 “Hebr.
759 5741 943 5807 mill.
1025 5742 1065 5775 ⁸⁷
1102 5744 1220 5799 Act.
1271 5760 1327 5810 ιι,
1354 5746 1405 5800 5.

2028 4430 2081 4491 D

1216 4471 1494 4539 χρυσορῤή
1505 4487 1642 4539 μονα
1703 4474 1798 4527 καὶ
1854 4477 1998 4533 θεῖον

2111 4486 2232 4525 nem
2265 4469 2390 4524 data
2426 4469 2628 4524 fuerat.
2662 4469 2799 4524 Nam
2827 4478 2888 4525 ut
2917 4471 3139 4527 divinus
3168 4473 3259 4528 ille
3312 4475 3398 4529 vir
3429 4476 3670 4533 Joannes

2106 3196 2370 3263 eﬁiceret,
2400 3213 2463 3253 ea
2493 3198 2560 3252 de
2590 3214 2753 3254 causa
2782 3198 3111 3270 in-perfecto
3142 3217 3361 3272 quoque
3403 3219 3634 3259 numero
3657 3244 3675 3266 .

2106 3290 2321 3344 decimo
2380 3290 2639 3343 nimirum
2682 3290 2792 3355 die,
2823 3305 2989 3360 super
3025 3306 3123 3347 eos
3171 3292 3473 3348 descendit.
3519 3295 3674 3359 Quod

2107 3388 2294 3434 autem
2324 3394 2388 3434 ex
2422 3379 2757 3447 imperfectis
2779 3380 3067 3450 discipulis
3096 3382 3366 3450 perfectos
3389 3383 3632 3441 effecerit
3657 3427 3672 3451 ,

2107 3486 2356 3524 summus
2405 3469 2498 3525 ille
2544 3470 2741 3525 Petrus
2792 3470 2927 3525 satis
2971 3471 3233 3527 ostendit.
3266 3472 3402 3527 Nam
3441 3473 3485 3530 si
3530 3474 3676 3532 hunc

2107 3561 2405 3632 diligenter
2447 3560 2721 3629 inspicere
2775 3561 2948 3625 voles,
2988 3562 3381 3618 videbisillum
3413 3581 3442 3620 a
3474 3565 3674 3630 misera

2109 3652 2358 3706 territum
2416 3651 2677 3707 ancillula
2732 3653 3050 3721 magistrum
3102 3670 3262 3709 suum
3302 3664 3384 3711 ter
3424 3673 3674 3728 negasse.

2109 3741 2381 3809 Deinceps
2418 3756 2551 3796 vero
2590 3742 2946 3797 conﬁrmatus
2997 3759 3027 3798 a
3072 3755 3261 3802 sancto
3313 3747 3517 3817 Spiritu
3561 3766 3676 3806 ma-

2111 3831 2256 3886 xima
2282 3846 2404 3885 cum
2438 3830 2639 3885 ﬁducia
2662 3842 2716 3885 et
2745 3832 2857 3886 oris
2894 3832 3148 3890 libertate
3178 3836 3356 3892 medio
3388 3838 3442 3893 in
3474 3844 3673 3909 popqu

2108 3924 2420 3993 perorabat,
2473 3922 2845 3993 omnibusque
2878 3927 3246 3993 persuadebat
3293 3940 3353 3983 ut
3401 3931 3469 3985 ad
3492 3932 3675 3999 {Chri-

2108 4022 2252 4070 stum
2285 4012 2422 4067 citra
2441 4013 2838 4068 dubitationem
2873 4029 3087 4071 omnem
3115 4018 3461 4075 accederent.

2176 4102 2305 4157 Post
2328 4102 2473 4157 diem
2495 4116 2646 4171 ergo,
2671 4116 2771 4157 ceu
2795 4101 3057 4169 diximus,
3092 4105 3608 4177 quinquagesimum
3638 4128 3666 4166 a

2108 4195 2313 4252 Christi
2350 4194 2418 4249 de
2443 4194 2674 4250 mortuis
2704 4195 3149 4263 [resurrectione,
3200 4184 3441 4268 Spiritus
3493 4204 3671 4258 sancti

2110 4287 2409 4342 descensus
2442 4285 2664 4341 accidit.
2695 4285 3060 4351 Quamobrem
3092 4289 3265 4346 illud?
3317 4292 3455 4359 Quia
3516 4303 3673 4351 vetus

2111 4380 2277 4434 ctiam
2306 4379 2391 4432 lex
2425 4375 2884 4446 quinquagesimo
2907 4378 2995 4434 die
3027 4389 3150 4449 post
3199 4382 3295 4437 Dei
3350 4384 3675 4453 patefactio-

2103 4561 2530 4632 Chrysostomus
2568 4562 2812 4632 scripsit,
2862 4562 2948 4617 vel
2976 4564 3160 4633 potius
3210 4573 3349 4621 teste
3378 4566 3542 4623 Mosis
3576 4568 3668 4624 Dei

2105 4654 2431 4719 spectatoris
2463 4656 2715 4713 historia.
2746 4655 2867 4710 dies
2920 4657 2988 4711 ab
3016 4656 3166 4711 exitu
3204 4655 3557 4713 llebrtcorum
3605 4676 3671 4714 ex

2105 4747 2340 4819 Aﬁgypto
2371 4749 2441 4803 50
2473 4750 2644 4818 elapsi
2678 4757 2861 4814 erant,
2893 4764 3018 4804 cum
3049 4748 3385 4818 perscriptas
3405 4750 3669 4807 divinitus
3744 4764 3749 4765 ’

2105 4838 2320 4892 tabulas
2344 4839 2525 4893 Moses
2552 4839 2786 4908 accepit.
2820 4837 3002 4904 Quare
3025 4837 3070 4893 si
3110 4838 3290 4907 prisca
3314 4838 3401 4894 lex
3435 4839 3525 4893 illa
3545 4839 3669 4896 data

2105 4928 2210 4986 fuit
2243 4928 2387 4983 intra
2423 4928 2569 4985 diem
2617 4930 3156 5000 quinquagesimum,
3214 4930 3508 5000 oportebat
3550 4946 3671 4985 om-

2105 5012 2235 5079 nino
2270 5022 2461 5078 eadem
2491 5024 2580 5077 die
2609 5024 2785 5078 sancti
2808 5024 2974 5079 etiam
3003 5023 3243 5091 Spiritus
3268 5023 3501 5093 gratiam
3525 5023 3669 5077 dari.

2102 5114 2178 5169 De
2211 5129 2342 5184 quo.
2372 5115 2449 5169 ﬁli
2480 5114 2701 5179 dilecte,
2761 5114 2941 5185 colligi
2975 5123 3152 5184 potest
3215 5124 3326 5170 tam
3385 5114 3441 5169 in
3491 5114 3672 5184 prisco

2101 5220 2266 5274 quam
2297 5221 2441 5261 novo
2476 5206 2685 5262 {uadere
2716 5206 2879 5269 nobis
2912 5206 3153 5271 ostendi,
3184 5205 3332 5276 quod
3367 5215 3567 5265 natura
3589 5205 3672 5258 di—

2099 5296 2345 5353 vinitatis
2376 5296 2612 5352 indivisa
2643 5296 2737 5364 sit,
2768 5304 3102 5366 sanctusque
3158 5294 3400 5366 Spiritus
3458 5303 3568 5348 tam
3615 5293 3668 5348 id

2102 5390 2368 5457 temporis
2392 5402 2555 5457 quam
2589 5387 2750 5442 modo
2777 5388 2952 5458 legem
2992 5387 3322 5457 promulget.

2170 5480 2493 5549 Conspecta:
2520 5488 2651 5533 sunt
2681 5485 2866 5533 autem
2896 5478 2951 5533 in
2979 5477 3241 5548 apostolis
3278 5476 3477 5545 lingua:
3516 5475 3670 5530 velut

2103 5574 2274 5641 igneae
2316 5569 2618 5639 dispertita:
2641 5569 2709 5623 ⁵⁷.
2739 5565 2871 5634 Cur,
2904 5567 3159 5631 obsecro,
3211 5563 3409 5633 linguae
3435 5577 3665 5632 conspe-
