4110 6194
445 332 548 387 Δ2ἶ

1712 335 1952 394 MICIIA
1962 335 2127 394 ELIS
2166 336 2421 395 GLYCAE

3584 331 3684 390 £23

447 449 548 495 cla:
581 442 745 496 sunt?
782 442 920 509 Quia
953 443 1341 512 prwdicatione
1375 459 1514 515 opus
1547 454 1687 509 erat,
1727 455 1863 501 etut
1890 445 2004 515 ipsa

2131 447 2207 501 ιαὶ
2252 448 2338 499 ἴνα
2374 448 2434 498 τὸ
2474 445 2662 516 σχῆμα
2698 444 2795 514 τὴν
2829 444 3116 513 ἐνέργειαν
3152 441 3462 513 ιρμηνεὺσῃ
3486 482 3500 501 ,
3544 443 3687 495 καθά

451 532 622 602 ligura
650 535 956 589 declararet
993 536 1364 599 cﬂ‘ectionem.
1399 537 1876 608 quemadmodum
1910 552 2013 591 au-

2115 555 2280 606 φησιν
2311 539 2339 590 ό
2370 537 2469 607 τὴν
2500 537 2748 605 γλῶτταν
2780 534 3054 606 Χρυσοῦς.
3098 535 3295 596 Ἀλιεϊς
3328 534 3436 617 γὰρ
3469 530 3607 603 ἦσαν
3640 536 3690 586 οι

448 638 578 678 reus
609 625 703 679 ille
730 636 915 681 noster
946 637 1140 682 orator
1197 630 1400 699 inquit.
1449 629 1666 700 Quippe
1709 629 2011 699 piscatores

2131 630 2427 695 ὶπόστολοι,
2456 628 2552 681 καὶ
2585 629 2720 695 πρὸς
2745 629 2806 681 τὸ
2831 628 3097 698 κήρυγμα
3125 626 3286 693 λόγου
3318 626 3552 678 ἐδέοντο.
3579 627 3692 679 Με-

445 724 604 770 erant
635 717 897 783 apostoli,
927 725 983 772 et
1006 718 1056 772 vi
1078 720 1344 799 orationis
1364 719 1431 774 ad
1465 714 1869 790 praedicandum
1890 734 2016 789 ege-

402 804 405 811 '
450 805 599 859 bant.
633 806 964 877 Dispertitas
992 819 1178 866 autem
1228 811 1399 866 fuisse
1457 810 1613 877 dicit,
1660 810 1809 879 quod
1874 809 2016 880 ignis

450 894 933 979 uniformis'dividi
957 900 1240 956 videretur
1261 916 1325 957 ac
1346 902 1400 957 in
1424 902 1706 972 apostolos
1731 900 2014 956 distribui.

447 985 515 1038 Et
548 987 691 1055 ignis
712 988 803 1045 ille
836 1004 947 1063 non
974 990 1092 1061 ipse
1119 990 1358 1061 Spiritus
1380 1002 1518 1061 erat,
1545 992 1642 1047 sed
1665 992 1748 1046 vis
1767 990 2016 1062 quaedam

448 1077 706 1147 Spiritus.
738 1081 914 1149 Atque
945 1082 1030 1137 ine
1058 1082 1256 1153 linguae
1290 1099 1400 1139 non
1432 1085 1489 1139 in
1530 1098 1724 1139 eorum
1755 1099 1851 1139 ora
1899 1084 2019 1138 iue-

450 1178 576 1223 runt
601 1170 883 1235 immissae,
917 1172 1010 1226 sed
1041 1173 1316 1242 capitibus
1366 1174 1695 1231 insidebant.
1734 1175 1869 1229 Nam
1919 1176 2021 1229 hoc

447 1262 610 1313 modo
646 1263 879 1330 apostoli
914 1264 1407 1331 conﬁrmabantur,
1454 1275 1510 1321 et
1539 1246 2021 1322 constituebantur

449 1354 604 1422 quasi
637 1355 860 1424 quidam
883 1358 1071 1412 mundi
1105 1359 1384 1429 principes
1413 1369 1472 1415 et
1528 1374 1830 1429 prazcones.
1882 1358 2019 1414 Nam

450 1445 605 1501 vides
632 1446 909 1517 hodieque
943 1464 1151 1504 morem
1182 1450 1335 1505 illum
1364 1450 1642 1514 obtinere,
1688 1458 1750 1505 ut
1805 1448 2024 1519 pontiﬁ-

452 1536 533 1592 cis
592 1537 958 1594 conlirmaudi
1020 1540 1190 1610 capiti
1254 1541 1608 1608 Evangeliqu
1671 1542 2021 1611 imponatur;

450 1628 599 1698 quod
637 1630 731 1685 ubi
756 1632 922 1686 fuerit
949 1632 1291 1701 impositum,
1327 1632 1467 1687 nihil
1511 1642 1597 1687 est
1631 1632 1818 1688 videre
1874 1632 2022 1686 aliud

454 1728 620 1788 quam
650 1720 814 1791 capiti
846 1721 1089 1791 linguam
1122 1721 1283 1777 talem
1315 1722 1745 1777 incumbentem.
1790 1721 1848 1775 lu
1882 1720 2025 1790 ignis

2118 719 2405 790 ριξόμεναι
2449 721 2506 773 δὲ
2551 715 2739 781 εἶπεν,
2784 720 2867 772 ὅτι
2917 719 3028 788 πῦρ
3073 718 3245 787 ἐφάνη
3292 717 3692 784 κατερχόμενον

2122 814 2410 880 μονοειδὲς,
2438 808 2558 866 εἶτα
2582 815 2694 873 τοῖς
2721 812 3039 873 ἀποστόλοις
3067 807 3370 880 ἐμερίζετο.
3400 809 3475 860 Τὸ
3501 809 3556 861 δέ
3583 808 3694 875 πῦρ

2120 905 2295 955 ἐκεῖνο
2325 904 2424 956 οὐκ
2455 903 2584 956 αὐτὸ
2616 898 2683 974 ἦν
2713 903 2774 956 τὸ
2807 902 3059 971 Πνεῦμα,
3093 901 3230 954 ἀλλὰ
3260 900 3487 968 δύναμις
3525 897 3695 951 Ilvati-

2125 1010 2313 1065 ματος.
2350 994 2465 1047 Οὐκ
2507 997 2563 1046 ἐν
2596 994 2673 1063 τῷ
2714 995 2946 1062 στόματι
2985 993 3041 1046 δὲ
3082 991 3264 1045 αὐτῶν
3295 990 3604 1060 ἐϐλήθησαν
3636 989 3695 1040 αι

2120 1084 2388 1152 γλῶσσαι,
2420 1084 2536 1137 ἀλλ’
2563 1085 2656 1137 ἐπὶ
2687 1085 2929 1152 κεφαλῆς
2963 1082 3225 1136 ἐκάθισαν
3251 1098 3265 1113 ⁸
3301 1081 3560 1151 ἄρχοντες
3590 1080 3698 1150 γὰρ

2123 1175 2226 1245 τῆς
2271 1177 2601 1245 οἰκουμένης
2648 1174 3082 1247 ἐχειροτονοῦντο
3125 1175 3220 1228 καὶ
3263 1173 3529 1244 κήρυκες.
3556 1174 3699 1242 Ὀρα

2114 1266 2228 1335 ,γὰρ
2260 1268 2343 1319 ὅτι
2375 1268 2469 1319 καὶ
2500 1267 2607 1330 ἕως
2637 1269 2760 1338 ἄρτι
2791 1267 2950 1321 τοῦτο
2983 1268 3177 1336 κρατεῖ
3197 1279 3213 1297 ³
3248 1266 3557 1320 ἐπιτίθεται
3590 1264 3698 1335 γὰρ

2122 1359 2188 1426 τῇ
2224 1358 2432 1427 κεφαλῇ
2465 1358 2561 1411 τοῦ
2597 1359 2884 1427 μέλλοντος
2916 1358 3364 1429 χειροτονηθῆναι
3399 1348 3701 1426 ἀρχιερέως

2124 1449 2185 1498 τὸ
2215 1449 2567 1518 Εὐαγγέλιον,
2618 1453 2714 1503 καὶ⁵
2755 1451 2885 1504 ὅταν
2929 1450 3178 1521 ἐπιτεθῇ,
3222 1451 3342 1503 οὐδὲ
3388 1450 3515 1502 ἄλλο
3553 1449 3702 1500 ἔστιν

2128 1541 2257 1593 ἰδεῖν
2302 1540 2336 1607 ἢ
2382 1540 2635 1608 γλῶσσαν
2679 1541 3179 1611 προσεπικιιμένην
3220 1544 3288 1610 τῇ
3340 1541 3575 1611 κεφαλῇ.
3614 1539 3702 1590 Ἐν

2127 1633 2255 1686 εἴδει
2287 1632 2345 1685 δὶ
2383 1633 2551 1704 πυρὸς
2583 1635 2672 1688 διὰ
2699 1634 2792 1688 τὸν
2822 1635 3069 1687 εἰπόνταο
3111 1652 3131 1686 ι
3161 1633 3279 1703 Πῦρ
3310 1628 3473 1703 ἦλθον
3504 1633 3584 1694 εἰς
3611 1632 3703 1682 τῖν

2130 1724 2338 1792 κόσμον
2368 1724 2550 1793 βαλεῖν
2588 1743 2605 1777 ι
2642 1727 2804 1796 χάριν
2833 1726 2941 1778 τῶν
2970 1725 3384 1795 ὑλομανούντων
3416 1722 3628 1777 παθῶν.

449 1822 635 1872 autem
664 1813 839 1869 forma
872 1823 1200 1886 conspectus
1254 1823 1341 1869 est
1367 1813 1606 1883 Spiritus
1642 1821 1867 1882 propter
1906 1811 2057 1866 illum
2096 1813 2190 1881 qui
2226 1812 2398 1870 dixit:
2446 1834 2466 1868 ι
2494 1816 2679 1886 Ignem
2731 1816 2786 1871 in
2818 1816 3085 1871 mundum
3117 1816 3466 1872 imuiissurus
3517 1812 3696 1877 veni,»

450 1918 676 1976 propter
700 1906 1076 1967 excrescentia
1106 1906 1315 1963 scilicet
1347 1906 1621 1975 quasique
1671 1903 2019 1962 silvescentia
2058 1902 2291 1959 nimium
2317 1905 2470 1961 vitia.
3077 1913 3090 1927 ’

523 1997 677 2063 Sedit
730 2009 912 2057 autem
947 1999 1003 2054 in
1033 2015 1227 2055 eorum
1260 1999 1531 2069 quolibet.
1565 1997 1825 2068 Quisquis
1864 1996 2026 2068 226

2203 1996 2312 2049 Kal
2347 1997 2602 2051 ἐκάθισεν
2638 2000 2724 2068 ἐφ’
2749 1999 2846 2052 ἕνα
2882 1999 3118 2054 ἕκαστον
3151 1999 3355 2053 αὐτῶν.
3392 1998 3508 2062 Πᾶς
3549 1993 3642 2051 οὖν
3674 1996 3703 2048 ό

450 2089 622 2161 igitur
651 2089 744 2145 Dei
777 2089 1145 2146 ministerium
1170 2089 1312 2151 obit,
1350 2088 1586 2143 thronus
1620 2095 1785 2154 atque
1824 2085 2022 2139 solium

450 2179 549 2235 Dei
579 2187 684 2236 est.
730 2180 866 2236 Nam
896 2194 962 2236 ea
1010 2179 1079 2235 de
1108 2193 1273 2236 causa
1299 2176 1507 2233 dicitur
1528 2174 1797 2245 Spiritum
1844 2175 1899 2230 in
1943 2173 2027 2229 eis

454 2272 791 2329 consedisse.
996 2339 1002 2345 .

524 2366 704 2435 Atque
726 2365 834 2426 hoc
874 2364 1038 2421 modo
1091 2364 1284 2434 repleti
1335 2361 1557 2418 fuerunt
1608 2376 1799 2417 omnes
1836 2369 2027 2414 saneto

458 2458 691 2528 Spiritu,
739 2466 1141 2529 coeperuntque
1196 2457 1347 2526 loqui
1401 2454 1607 2525 linguis
1668 2454 1813 2513 aliis,
1866 2460 2028 2521 prout

349 2537 365 2552 ’
455 2551 697 2617 Spiritus
735 2551 825 2607 ille
864 2549 1033 2606 dabat
1074 2550 1156 2605 eis
1202 2549 1371 2621 loqui.
1432 2548 1729 2616 Propterea
1773 2543 2029 2599 dicebant

454 2653 700 2698 astantes
729 2658 748 2699 :
782 2643 1013 2698 «Annon
1036 2657 1168 2698 ecce
1197 2655 1394 2697 omnes
1427 2640 1543 2703 isti,
1573 2640 1666 2709 qui
1701 2640 2024 2708 loquuntur,

449 2734 860 2791 Galila’aisuut?
915 2733 1195 2804 quomodo
1253 2732 1421 2803 igitur
1459 2744 1562 2785 nos
1616 2730 1874 2791 audimus
1932 2744 2027 2787 eos

452 2843 553 2888 sua
588 2827 825 2898 quisque
853 2827 1062 2895 lingua,
1113 2827 1168 2885 in
1216 2840 1323 2897 qua
1367 2823 1482 2878 uati
1514 2838 1723 2888 sumus,
1756 2822 1940 2877 Partbi
1966 2832 2023 2877 et

450 2919 596 2976 Medi
633 2930 692 2976 et
740 2919 995 2976 Elamita:
1023 2928 1080 2973 et
1135 2915 1427 2972 caueri"?
1461 2934 1480 2966 ι
1534 2915 1859 2981 Quindecim
1897 2929 2027 2970 vero

451 3010 761 3083 linguarum
798 3009 944 3066 dona
984 3019 1117 3067 tunc
1144 3017 1482 3077 acceperunt
1526 3007 1783 3075 apostoli,
1834 3020 2029 3075 quem-

451 3104 748 3165 admodum
781 3102 1210 3175 Cbrysostomus
1243 3102 1463 3171 inquit,
1515 3100 1584 3155 ad
1613 3115 1771 3154 usum
1805 3099 2025 3153 illorum

451 3197 549 3266 qui
577 3204 879 3266 pmsentes
913 3205 1094 3251 erant.
1118 3190 1427 3259 Q'uidenim
1455 3207 1596 3262 opus
1627 3190 1822 3245 fuisset
1840 3190 2024 3259 lingua

452 3288 671 3344 Persica
695 3286 778 3342 vel
804 3288 947 3351 aliis,
1004 3302 1114 3345 non
1146 3286 1517 3357 praesentibus
1574 3285 1642 3339 iis
1670 3284 1766 3353 qui
1798 3291 2022 3338 uteren-

455 3379 664 3443 turiEt
684 3377 906 3432 fuerunt
923 3379 1148 3433 omnino
1170 3378 1368 3447 linguae
1382 3377 1695 3447 quindecim
1716 3385 2026 3445 propterea,

456 3478 517 3527 ut
547 3468 679 3531 hinc
730 3468 1132 3538 intelligeretur
1168 3477 1532 3524 sacrosancta:
1589 3466 1879 3521 Trinitatis
1916 3464 2031 3520 eili-

456 3560 661 3617 cacitas
694 3573 820 3615 cum
853 3559 1128 3616 ministris
1153 3559 1447 3615 duodecim
1486 3560 1800 3631 conjuncta.
1832 3557 2029 3613 Videre

457 3666 572 3710 tum
598 3663 717 3708 erat
747 3653 989 3719 Petrum,
1018 3653 1111 3724 qui
1141 3652 1395 3708 Galilatus
1420 3660 1587 3718 esset,
1636 3653 1881 3710 Romana
1920 3650 2031 3705 lin-

457 3756 566 3814 gua
592 3752 862 3808 utentem,
888 3758 1053 3813 quam
1094 3758 1377 3811 nunquam
1418 3753 1579 3799 antea
1612 3741 1876 3797 discendo
1905 3756 2030 3812 per-

457 3826 717 3903 cepisset,
751 3830 1055 3902 itidemque
1086 3834 1330 3904 singulos
1374 3833 1714 3902 reliquorum
1765 3831 2027 3903 peculiari

455 3924 693 3995 quadam
723 3925 911 3995 lingua
941 3924 1251 3995 loquentes.
1283 3924 1397 3981 Hoc
1424 3925 1574 3980 enim
1606 3924 1850 3996 Spiritus
1898 3938 2031 3981 san-

456 4023 583 4075 ctus
607 4015 874 4086 singulari
905 4016 1146 4083 quodam
1186 4016 1423 4071 consilio
1460 4016 1543 4071 sic
1597 4013 2028 4080 administravit,

457 4121 526 4173 ne
554 4104 661 4176 qua
687 4108 834 4161 inter
858 4107 1140 4177 apostolus
1186 4116 1334 4163 esset
1384 4120 1449 4162 ea
1504 4108 1574 4162 de
1628 4123 1690 4163 re
1719 4106 2025 4173 discordia,

458 4213 570 4268 quo
601 4198 817 4253 scilicet
872 4198 1172 4268 unicuique
1205 4199 1525 4255 abeundum
1570 4199 1739 4255 foret.
1792 4198 2029 4267 Ideoque

459 4287 695 4356 singulis
719 4301 817 4350 sua
852 4289 907 4340 in
939 4288 1127 4358 lingua
1155 4288 1282 4345 data
1309 4298 1394 4345 est
1418 4292 1665 4360 quaedam
1710 4293 1866 4361 quasi
1902 4309 2031 4349 nor-
2057 4302 2073 4309 '

464 4393 551 4431 ma
586 4389 644 4435 et
678 4378 883 4450 regula.
914 4376 1079 4441 Yerbi
1102 4384 1297 4451 gratia,
1324 4370 1574 4439 Romana
1607 4385 1781 4438 uteris
1801 4383 1984 4454 lingua
2012 4403 2027 4440 :

465 4468 691 4524 Romam
724 4470 892 4541 igitur
924 4470 1096 4528 abito.
1157 4470 1375 4529 Persice
1412 4472 1658 4542 loqueris
1690 4489 1706 4526 :
1742 4473 1810 4527 ad
1840 4474 2031 4530 Persas

462 4562 853 4634 proﬁciscitur.
879 4562 1033 4621 lianc
1059 4563 1228 4633 igitur
1260 4564 1318 4619 iu
1359 4573 1510 4619 certa
1542 4564 1729 4634 lingua
1787 4566 2027 4634 regulam

2127 2087 2391 2142 διακονῶν
2435 2090 2514 2157 τῷ
2556 2091 2678 2161 θεῷ
2722 2091 2911 2161 θρόνος
2953 2094 3069 2146 ἐστὶ
3105 2092 3199 2146 τοῦ
3244 2092 3381 2146 Θεοῦ
3407 2107 3423 2125 ⁸
3465 2094 3552 2145 διὰ
3594 2091 3705 2160 γὰρ

2129 2181 2287 2237 τοῦτο
2316 2183 2413 2235 καὶ
2442 2183 2695 2239 ἐκάθισεν
2723 2182 2867 2241 εἶπε.

2198 2370 2313 2426 Καὶ
2354 2368 2705 2440 ἐπλήσθησαν
2746 2370 2987 2434 ἅπαντες
3032 2367 3350 2440 Πνεῦματος
3394 2367 3570 2437 άγῐου,
3610 2367 3703 2420 καὶ

2131 2463 2365 2534 ἤρξαντο
2392 2462 2573 2515 λαλεῖν
2601 2462 2815 2531 ἑτέραις
2845 2461 3141 2529 γλώσσαις,
3177 2460 3359 2524 καθὼς
3387 2460 3447 2513 τὸ
3480 2460 3702 2527 Πνεῦμα

2133 2553 2303 2606 ἐδίδου
2341 2552 2524 2614 αὐτοῖς
2563 2552 3034 2620 ἀποφθέγγεσθαι.
3076 2553 3193 2620 Ἐφ’
3222 2546 3266 2620 ᾧ
3308 2552 3403 2604 καὶ
3439 2552 3490 2603 οἱ
3530 2568 3701 2620 παρε-

2132 2645 2334 2706 στῶτες
2357 2642 2564 2709 ἔλεγον·
2600 2642 2740 2696 «Οὐκ
2766 2643 2873 2695 ἰδοῦ
2914 2642 3116 2704 πάντες
3153 2644 3203 2695 oi
3226 2640 3519 2704 λαλοῦντες
3542 2642 3705 2694 Γαλι-

2131 2738 2270 2789 λαῖοι
2307 2729 2457 2790 οὗτοί
2498 2738 2637 2801 sict;
2678 2736 2777 2787 καὶ
2816 2736 2934 2797 πῶς
2973 2737 3137 2805 ἡμεῖς
3173 2736 3445 2804 ἀκούομεν
3477 2736 3707 2798 ἕκαστος

2129 2832 2195 2900 τῇ
2227 2828 2332 2899 ἰδίᾳ
2355 2828 2515 2898 ἡμῶν
2541 2827 2829 2896 διαλέκτῳ,
2861 2826 3067 2895 Πάρθοι
3099 2827 3195 2879 καὶ
3221 2826 3394 2895 Μῆδοι
3423 2826 3519 2879 καὶ
3549 2825 3707 2877 Ἐλαο

2133 2924 2288 2992 μίται
2311 2922 2402 2973 καὶ
2422 2922 2472 2973 οἱ
2489 2920 2666 2972 λοιποί
2686 2936 2732 2984 ς»
2770 2917 2831 2972 ιε’
2854 2918 2913 2971 δὲ
2942 2917 3204 2987 γλωσσῶν
3231 2916 3365 2980 τέως
3395 2916 3583 2969 ἔλαϐον
3611 2933 3681 2984 xz

2137 3012 2412 3082 ρισματα,
2442 3010 2585 3064 καθά
2611 3026 2777 3079 φησιν
2806 3010 2835 3061 ό
2864 3008 2965 3079 τὴν
2994 3008 3239 3076 γλῶτταν
3268 3006 3548 3075 Χρυσοῦς,
3580 3009 3706 3059 ὅσον

2133 3102 2273 3172 πρὸς
2302 3102 2427 3164 τοὺς
2459 3101 2753 3171 παρόντας.
2788 3100 2884 3162 Τίς
2920 3099 3029 3169 γὰρ
3062 3095 3130 3169 ἦν
3162 3100 3195 3168 ἡ
3234 3099 3393 3168 χρεία
3425 3096 3705 3167 Περσικῆς

2132 3194 2377 3265 γλώττης
2411 3196 2485 3265 μὴ
2517 3195 2801 3264 παρόντων
2829 3191 3054 3263 Περσῶν
3075 3209 3088 3257 ;
3106 3190 3423 3245 Δεκαπὲντε
3450 3192 3506 3243 δὲ
3534 3189 3709 3257 γλῶσ-

2140 3305 2230 3341 σαι
2261 3287 2539 3355 ἐφάνησαν
2566 3285 2662 3339 καὶ
2690 3284 2777 3337 διὰ
2804 3283 2982 3346 τοῦτο,
3016 3284 3103 3336 ἵνα
3135 3284 3229 3341 καὶ
3259 3284 3293 3353 ἡ
3324 3283 3577 3350 ἐνέργεια
3605 3282 3705 3348 τῆς

2142 3376 2375 3448 Τριάδος
2407 3377 2547 3445 φανῇ
2582 3374 2677 3428 atat
2711 3374 2981 3443 ὑπηρέται
3012 3374 3061 3425 οἱ
3094 3371 3322 3427 δώδεκα.
3354 3366 3547 3441 Καὶνῆν
3578 3370 3706 3421 ἰδεῖν

2132 3470 2230 3523 τὸν
2256 3468 2537 3521 Γαλιλαῖον
2565 3466 2775 3535 Πέτρον
2811 3465 3113 3535 Ῥωμαϊστὶ
3140 3464 3428 3528 λαλοῦντα,
3452 3462 3706 3531 γλῶσσαν

2136 3560 2206 3630 ἣν
2233 3561 2334 3614 οὐκ
2364 3558 2567 3629 ῑμαθεν
2590 3595 2605 3621 ,
2636 3557 2827 3628 ῶσπερ
2854 3558 2917 3627 δὴ
2948 3560 3044 3610 καὶ
3071 3557 3170 3611 ἕνα
3197 3556 3428 3610 ἕκαστον
3455 3555 3567 3608 τῶν
3592 3552 3705 3606 λοι·-

2136 3652 2258 3705 πῶν
2295 3651 2429 3705 ἰδίαν
2461 3650 2719 3720 γλῶσσαν
2751 3648 3040 3706 λαλοῦντα.
3075 3650 3370 3718 οἰκονομεῖ
3407 3646 3515 3715 γὰρ
3546 3644 3707 3698 τοῦτο

2135 3744 2197 3798 τὸ
2224 3742 2448 3814 Πνεῦμα
2472 3743 2533 3796 τὸ
2559 3744 2734 3810 ἆγιον,
2762 3742 2850 3796 ἵνα
2883 3742 2956 3812 μὴ
2985 3742 3175 3804 στάσις
3259 3743 3317 3794 ἐν
3341 3743 3450 3804 τοῖς
3478 3739 3709 3791 ἀποστό-

2137 3834 2249 3895 λοις
2282 3833 2414 3903 περὶ
2443 3832 2540 3886 τοῦ
2573 3833 2676 3886 ποῦ
2706 3833 2787 3887 δεῖ
2816 3833 3047 3887 ἕκαστον
3076 3833 3357 3887 ἀπελθεῖν.
3397 3829 3515 3899 Ἐφ’
3534 3823 3579 3897 ᾧ
3611 3830 3706 3882 καὶ

2135 3928 2339 3982 δίδοται
2374 3926 2593 3996 ἑκάστῳ
2629 3926 2737 3981 ἰδία
2769 3927 2994 3995 γλῶσσα
3026 3926 3218 3993 ῶσπερ
3249 3923 3445 3977 κανών.
3473 3923 3703 3989 Ἤγουν,

2149 4017 2450 4087 Ῥωμαϊστὶ
2473 4016 2687 4080 λαλεῖς;
2715 4014 2917 4070 ἄπελθε
2946 4017 3025 4078 εἰς
3050 4015 3148 4084 τὴν
3177 4013 3416 4083 Ῥώμην.
3446 4011 3706 4082 Περσιστὶ

2136 4110 2351 4176 λαλιῖςς
2385 4107 2585 4162 ἄπελθε
2621 4110 2697 4170 εἰς
2729 4094 2829 4175 τὴν
2860 4107 3120 4176 Περσίαν.
3153 4107 3267 4160 Καὶ
3298 4108 3356 4158 ἐν
3384 4106 3449 4174 τῇ
3484 4103 3706 4173 γλώσσῃ

2141 4200 2271 4271 μὲν,
2313 4199 2388 4262 ὡς
2428 4197 2677 4269 εἴρηται,
2716 4195 2910 4249 ἐλαὸον
2952 4196 3045 4247 τὸν
3084 4196 3286 4247 κανόνα
3313 4210 3327 4223 ·
3372 4189 3704 4258 ἀλλ’ἐπειὸὴ

2136 4296 2300 4348 πάλιν
2326 4291 2496 4361 ἐχρῆν
2526 4290 2724 4352 αὐτοὺς
2753 4288 3166 4359 ἀπερχομένους
3192 4289 3273 4348 εἰς
3307 4286 3530 4355 Ῥώμην
3558 4283 3708 4352 διέρ-

2136 4384 2328 4456 χεσθαι
2361 4383 2449 4436 διὰ
2482 4381 2694 4434 πολλῶν
2726 4378 2896 4433 ἐθνῶν
2916 4418 2930 4442 ,
2964 4377 3271 4447 ἐλάμϐανον
3298 4376 3489 4445 ὥσπερ
3521 4389 3707 4441 παραυ

2138 4477 2367 4546 ὁσηθοὺς
2396 4475 2590 4543 ἐτέρας
2620 4472 2897 4541 γλώσσας,
2926 4471 3025 4542 τὴν
3055 4472 3281 4541 πρώτην
3312 4469 3706 4537 άντὶηχειροτο-

2136 4567 2257 4627 νίας
2281 4565 2513 4635 ἔχοντες.
2538 4562 2866 4631 Εὑρίσκεται
2890 4562 2997 4629 γὰρ
3018 4560 3249 4621 ἕκαστος
3265 4558 3376 4613 τῶν
3392 4556 3706 4612 ἀποστόλων

465 4664 820 4726 acceperunt.
858 4655 1103 4710 Rursum
1129 4669 1297 4729 vero,
1327 4656 1458 4724 quia
1493 4656 1721 4711 Romam
1750 4657 2026 4726 profectu-

2139 4656 2232 4708 καὶ
2263 4654 2539 4722 διαφόροις
2567 4652 2842 4719 γλώσσαις
2873 4648 3075 4715 λαλῶν,
3110 4648 3299 4717 ἐπειδὴ
3334 4646 3431 4701 καὶ
3460 4646 3548 4698 διὰ.
3580 4643 3710 4697 πολ-

461 4746 541 4801 ris
571 4762 672 4816 per
703 4745 954 4810 nationes
986 4745 1189 4799 multas
1239 4743 1346 4799 iter
1402 4744 1721 4800 faciundum
1750 4755 1891 4811 erat,
1947 4748 2034 4801 id—

461 4837 612 4895 circo
646 4838 861 4906 linguas
904 4835 1045 4899 alias
1075 4843 1338 4904 tanquam
1388 4835 1771 4904 opitulatrices
1822 4838 2029 4906 prioris

2140 4747 2248 4800 λῶν
2282 4745 2564 4816 παρῄεσαν
2597 4745 2785 4799 ἐθνῶν.
2819 4744 2989 4813 Δῆλον
3021 4744 3081 4810 ἐξ
3116 4736 3190 4798 ὧν
3221 4745 3249 4796 ό
3279 4741 3489 4804 Παῦλος
3518 4740 3703 4809 φησιν’

2146 4837 2499 4907 «Εὐχαριστῶ
2524 4835 2603 4907 τῷ
2623 4837 2766 4907 Θεῷ,
2788 4836 3008 4890 πάντων
3039 4835 3194 4905 ὑμῶν
3224 4832 3667 4902 γλώσσαιςλαλῶ.
3683 4849 3700 4880 ι

460 4930 830 5000 accipiebant,
865 4943 992 4983 cum
1033 4927 1181 4993 illam
1222 4927 1454 4998 primam
1513 4928 1882 4983 ordinationis
1941 4932 2099 4999 quasi
2138 4931 2261 4985 loco
2303 4931 2591 4985 baberent.
2634 4928 2895 4984 Videmus
2939 4924 3090 4981 enim
3139 4925 3387 4995 singulos
3429 4923 3708 4993 apostolos

462 5023 631 5080 ctiam
663 5020 899 5078 diversis
928 5035 1063 5076 usos
1086 5018 1257 5077 fuisse
1284 5020 1509 5091 linguis,
1573 5029 1636 5076 ut
1664 5020 1866 5091 quibus
1899 5022 2063 5078 varia:
2101 5024 2355 5078 nationes
2421 5021 2777 5093 peragranda:
2812 5020 3041 5075 fuerint.
3096 5018 3253 5073 Licet
3299 5017 3404 5071 hoc
3450 5015 3518 5069 de
3553 5014 3706 5070 Pauli

464 5116 650 5172 verbis
676 5116 829 5181 hisce
854 5115 1079 5186 colligas
1102 5133 1123 5175 :
1158 5116 1305 5187 (Ago
1342 5118 1456 5174 Deo
1490 5132 1613 5177 meo
1638 5117 1865 5189 gratias,
1887 5117 2041 5197 quod
2076 5119 2252 5189 magis
2284 5132 2448 5188 quam
2473 5125 2718 5178 vestrum
2786 5114 3082 5184 quisquam
3130 5112 3347 5181 linguas
3407 5118 3571 5164 teneo
3608 5122 3706 5177 pc-

460 5205 716 5277 regrinas
733 5204 798 5259 “.
812 5222 835 5258 ι

532 5304 803 5367 Ceterum
821 5302 875 5359 id
894 5303 1159 5374 temporis
1177 5304 1346 5365 etiam
1363 5303 1873 5361 divinissimitoelis
1895 5305 2034 5360 vati-

464 5399 615 5463 cinio
645 5396 939 5468 respondit
970 5403 1227 5464 eventus,
1278 5396 1437 5467 cujus
1467 5397 1689 5467 quidem
1744 5398 1861 5453 haec
1903 5404 2034 5453 sunt

463 5488 630 5550 verba
663 5503 679 5541 :
716 5506 743 5549 ι,
774 5484 1109 5541 Periundam
1167 5500 1292 5542 meo
1357 5486 1569 5556 Spiritu
1630 5501 1847 5545 omnem
1908 5501 2032 5541 car-

468 5582 717 5648 petn“,:
753 5579 1009 5635 videlicet
1041 5578 1382 5636 credentem.
1436 5566 1753 5635 Non'enim
1799 5576 2037 5646 apostoli.

537 5755 581 5798 ε’
604 5754 728 5821 Act.
761 5771 824 5824 tl,
853 5758 907 5813 8.
952 5758 1025 5841 I”
1056 5756 1076 5815 l
1121 5755 1249 5819 Cor.
1302 5768 1413 5821 xw,
1454 5753 1540 5810 l8.
1619 5752 1662 5786 "°
1687 5752 1802 5809 Joel
1838 5767 1903 5818 tt,
1935 5750 2024 5811 28.

2206 5302 2339 5354 Τότε
2365 5300 2454 5371 δὴ,
2480 5299 2601 5353 τότε
2628 5298 2722 5351 καὶ⁸
2747 5296 2783 5368 ἠ
2804 5295 2899 5349 τοῦ
2925 5295 3201 5349 θειοτάτου
3217 5292 3371 5363 Ἰωὴλ
3396 5293 3706 5362 προφητεξα

2134 5392 2309 5462 πέρας
2343 5389 2646 5459 ἐλάμϐανεν
2678 5389 2712 5458 ἡ
2738 5387 2880 5440 οὕτω
2911 5385 3165 5453 λέγουσαο
3197 5404 3215 5436 ι
3239 5382 3446 5452 Ἐκχεῶ
3472 5382 3581 5434 ἀπὸ
3610 5379 3705 5433 τοῦ

2132 5481 2445 5551 πνεύματός
2494 5497 2596 5551 μου
2640 5480 2734 5533 ἐπὶ⁵
2780 5479 2961 5531 πᾶσαν
3006 5477 3208 5547 σάρκα,
3265 5493 3283 5526 ι
3335 5473 3709 5526 πιστεύσασαν

2131 5576 2361 5649 δηλαδή.
2398 5572 2475 5630 0:3
2526 5573 2685 5645 μόνον
2718 5572 2830 5644 γάρ
2860 5572 2911 5626 οἱ
2946 5569 3239 5630 ἀπόστολοι
3274 5566 3544 5637 γλώσσαις
3581 5565 3710 5619 ἐλά-
