4110 6194
391 320 496 385 429

1618 338 2019 401 ANNALIUM
2060 342 2252 401 PARS
2292 344 2405 405 ΙΙΙ,

3513 350 3629 415 430

392 439 550 501 λουν,
581 436 719 492 ἀλλὰ
755 455 845 492 κα.
879 439 1081 504 πάντες
1111 444 1160 496 οἱ
1199 445 1328 517 παρ’
1355 447 1537 502 αὐτῶν
1568 450 1955 523 βαπτιζόμενοι

2062 463 2272 511 tantum
2308 456 2509 527 linguis
2539 457 2849 529 peregrinis
2877 460 3271 530 loquebantur,
3320 461 3414 517 sed
3452 460 3616 518 etiam

389 531 451 583 τὸ
478 528 718 583 τοιοῦτον
748 529 988 600 ἐδέχοντο
1019 533 1285 603 χάρισμα.
1320 538 1426 593 Καὶ
1457 539 1613 594 τοῦτό
1641 542 1789 597 ἐστιν
1818 545 1953 614 ὅπερ

390 618 418 666 ὀ
456 616 656 686 Κύριος
688 616 867 683 ἔλεγεν
912 636 930 670 ι
962 618 1165 689 Σημεῖα
1188 622 1244 676 δὲ
1277 626 1389 688 τοῖς
1420 628 1750 684 ,πιστεύσασι
1784 633 1955 686 ταῦτα

396 706 863 777 παρακολουθήσει
886 724 901 740 °
934 711 992 760 ὲν
1022 710 1099 779 τῷ
1129 710 1353 782 ὀνόματί
1381 732 1483 786 μου
1510 717 1762 789 δαιμόνια
1793 722 1955 775 ἐκδα-

391 794 539 846 λοῦσι
560 836 576 858 ,
608 795 883 863 γλώσσαις
915 796 1215 868 λαλήσουσι
1248 806 1482 867 καιναῖς.
1523 824 1542 857 ι
1579 808 1688 861 Καὶ
1721 809 1823 877 ὅρα
1855 810 1956 862 δώ-

389 885 520 937 δεκα
551 887 609 938 ἐν
646 887 853 955 Ἐφέσῳ
883 886 1113 957 ἄνδρας.
1147 890 1223 954 ὡς
1252 893 1280 945 ὁ
1309 894 1523 960 Λουκᾶς
1556 897 1790 968 ἱστορεῖ,
1822 919 1955 972 προ-

391 976 790 1043 ϐάπτισθέντας
845 978 944 1048 μὲν
991 982 1071 1042 είς
1117 982 1175 1033 τὸ
1221 983 1313 1036 τοῦ
1348 986 1596 1041 Ἰωάννου
1648 990 1954 1062 βάπτισμα,

395 1061 615 1128 Πνεῦμα
654 1064 709 1133 δὲ
750 1070 825 1134 μὴ
864 1066 1062 1120 εἰδέναι
1096 1070 1148 1122 τί
1190 1074 1320 1127 ποτέ
1357 1075 1474 1128 ἐστι
1511 1076 1800 1145 λέγοντας⁸
1839 1061 1955 1136 ἀλλ’

391 1152 552 1221 ἡνίκα
585 1154 679 1217 τὰς
721 1159 908 1224 χεῖρας
944 1161 972 1210 ὁ
1014 1158 1225 1225 Παῦλος
1265 1163 1525 1235 ἐπέθηκε,
1559 1171 1863 1238 τηνικαῦτα
1896 1175 1957 1227 τὸ

390 1241 497 1292 τῶν
546 1242 807 1309 γλωσσῶν
858 1246 1105 1316 ἐδέχοντο
1155 1251 1424 1321 χάρισμα.
1469 1254 1686 1329 Ἐπειδὴ
1737 1262 1846 1330 γὰρ
1896 1263 1956 1315 τὸ

393 1329 616 1399 Πνεῦμα
644 1332 703 1385 τὸ
734 1335 889 1400 ἆγιον
917 1336 1149 1404 ἀόρατον
1170 1333 1273 1408 ἦν,
1305 1340 1411 1394 ἔδει
1441 1344 1655 1408 πάντως
1685 1351 1781 1418 τῆς
1812 1329 1954 1403 ὲκεί-

393 1438 482 1471 νου
518 1425 822 1491 παρουσίας
856 1427 1112 1495 αἰσθητόν
1149 1446 1270 1482 τινα
1305 1431 1554 1498 γίνεσθαι
1587 1437 1842 1508 ἔλεγχον,
1880 1442 1953 1506 ὡς

391 1511 637 1573 ἐντεῦθεν
673 1514 1010 1593 ἁδιστάκτως
1046 1520 1137 1571 ἐπὶ
1169 1519 1231 1572 τδ
1270 1520 1412 1577 θεῖον
1450 1523 1672 1596 λουτρὸν
1709 1530 1956 1597 ἅπαντας

389 1600 667 1669 ἔρχεσθαι.
699 1605 870 1658 Τοῦτο
907 1608 1092 1676 μέντοι
1124 1610 1186 1663 τὸ
1216 1613 1462 1685 χάρισμα
1492 1618 1706 1688 ἠρέθισε
1742 1626 1836 1675 καὶ
1863 1624 1955 1689 τὸν

366 1690 610 1771 ,Σίμωνα
637 1696 750 1756 τοῖς
777 1698 1094 1762 ἀποστόλοις
1120 1717 1180 1753 τε
1208 1705 1527 1773 προσελθεῖν
1549 1710 1644 1764 καὶ
1668 1713 1727 1765 τὸ
1759 1714 1956 1783 βάπτι-

391 1785 865 1875 σμα-αίτήσασθαι
890 1803 904 1818 ⁸
936 1792 983 1842 εί
1020 1790 1094 1861 μὴ
1126 1793 1233 1864 γὰρ
1262 1794 1525 1868 αίσθητὴν
1557 1801 1704 1871 ἐώρα
1732 1806 1831 1875 τὴν
1860 1807 1955 1860 τοῦ

390 1871 706 1941 Πνεύματος
750 1876 1017 1947 δύναμιν,
1051 1881 1152 1935 οὐκ
1194 1883 1260 1937 ἂν
1306 1886 1517 1952 ἐκεῖνος
1561 1893 1672 1955 τοῖς
1717 1871 1955 1965 Χριστοῦ

389 1967 733 2034 προσήρχετο
784 1969 1076 2041 μαθηταῖς,
1116 1974 1217 2027 οὐκ
1260 1976 1327 2030 ἂν
1373 1980 1594 2052 ἐπιδεὴς
1636 1986 1817 2040 αὐτῶν
1862 1992 1957 2044 ἐπὶ

388 2052 640 2153 τοσοῦτον
669 2056 1078 2154 iuungam—Kal.
1111 2063 1232 2117 τότε
1263 2066 1366 2134 μὲν
1390 2069 1441 2121 oi
1471 2070 1858 2145 βαπτιζόμενοι
1886 2085 1955 2154 τῇ

389 2149 484 2195 τοῦ
520 2149 783 2215 παναγίου
818 2151 1134 2219 Πνεύματος
1169 2156 1514 2231 ἐπιφοιτήσει
1548 2165 1608 2217 τὸ
1638 2168 1747 2222 τῶν
1780 2149 1958 2237 γλωσζ

391 2235 502 2337 ait!
528 2238 769 2337 ἐδέχοντο
796 2241 1041 2337 χάρισμα
1062 2261 1077 2277 ο
1105 2250 1201 2301 ἐπὶ
1222 2249 1281 2303 δέ
1305 2266 1367 2319 γε
1391 2254 1521 2319 τοὺς
1547 2260 1676 2329 περὶ
1697 2235 1956 2337 τὸν-Κορ·

389 2326 573 2428 vni-tow;
601 2330 697 2384 καὶ
727 2333 953 2428 πρδτοῦ
986 2337 1350 2413 βαπτισθῆναι
1379 2326 1701 2405 ἐπέπεσε-τὸ
1730 2326 1955 2428 Πνεῦμα

388 2418 672 2520 τὸ-ἆγιον,
705 2426 803 2520 διαὶ
837 2427 1057 2520 ἐλάλουν
1083 2431 1377 2500 γλώσσαις.
1411 2440 1511 2494 Διὰ
1538 2442 1592 2495 τί
1627 2444 1685 2498 δὲ
1717 2450 1813 2502 καὶ
1846 2418 1955 2520 πρὸ

390 2508 485 2561 τοῦ
516 2508 882 2611 βαῗισθῆναι
909 2517 1009 2611 τὴν
1037 2521 1130 2575 τοῦ
1161 2527 1427 2595 παναγίου
1458 2532 1771 2605 Πνεύματος
1800 2508 1953 2611 ut}.

392 2617 546 2666 γειαν
583 2604 859 2703 sagum;
900 2610 990 2703 διὰ
1025 2612 1127 2682 τὴν
1162 2615 1363 2686 πολλὴν
1399 2622 1510 2676 τῶν
1547 2624 1613 2678 ἐκ
1656 2604 1963 2703 περιτομῆς

393 2696 797 2795 πιστευσάντων
835 2700 1130 2795 διάκρισιν.
1171 2707 1514 2779 Διεκρίνοντο
1554 2715 1662 2786 γὰρ
1700 2696 1961 2795 οὖτοι-μῆ

396 2784 642 2929 θέλοέτες
692 2791 789 2843 καὶ
839 2790 1264 2867 βαπτιζομένοις
1313 2803 1427 2866 τοῖς
1474 2784 1710 2871 ἐθνικοῑς
1762 2784 1962 2883 ἀναμίξ

396 2889 531 2929 γνυσ
568 2892 647 2929 αι.

394 2889 647 2941 γνυσυαι.

2056 548 2238 609 cieteri
2273 563 2486 611 omnes,
2534 559 2807 619 quotquot
2856 550 3278 621 baptizabantur
3340 553 3409 607 ab
3462 552 3616 622 ipsis.

2057 640 2261 693 donum
2294 640 2561 710 ejusmodi
2593 641 3099 711 consequebantur.
3145 642 3324 712 Atque
3350 643 3454 698 hoc
3484 645 3615 697 illud

2056 738 2140 783 est
2166 729 2312 797 quod
2347 730 2611 786 Dominus
2660 730 2801 787 dixit
2848 750 2863 785 :
2906 750 2923 783 ι
2964 733 3129 803 Signa
3182 732 3471 788 credentes
3504 734 3623 788 haec

2058 820 2473 875 comitabuntur
2503 837 2517 875 :
2555 822 2611 875 in
2666 821 2894 876 nomine
2926 836 3050 877 meo
3092 824 3286 893 genios
3317 824 3631 892 expellem,

2055 918 2112 963 ει
2142 909 2346 979 linguis
2376 911 2534 966 novis
2568 911 2956 978 inusitatisque
3009 910 3424 979 loquenturlla
3481 912 3628 965 Vide

2056 1000 2188 1069 quid
2221 1002 2354 1057 viris
2379 1003 2488 1057 illis
2520 1001 2810 1057 duodecim
2840 1000 3124 1064 acciderit,
3158 1003 3252 1071 qui
3285 1003 3484 1072 Ephesi
3518 1004 3618 1057 dc-

2058 1100 2266 1160 gentes,
2300 1100 2360 1147 ut
2390 1092 2570 1147 Lucas
2608 1099 3023 1155 commemorat,
3076 1092 3338 1161 baptizati
3392 1093 3615 1162 quidem

2056 1192 2216 1257 erant
2242 1183 2297 1236 in
2328 1184 2662 1252 baptismum
2689 1182 2944 1246 Joannis,
2973 1181 3218 1235 nondum
3254 1192 3439 1236 tamen
3470 1184 3616 1237 scire

2056 1288 2114 1328 se
2148 1273 2547 1343 proﬁtebantur
2575 1273 2707 1342 quid
2747 1280 2898 1328 esset
2949 1270 3208 1341 Spiritus.
3244 1271 3443 1325 Verum
3472 1282 3621 1339 post-

2053 1375 2283 1431 eaquam
2314 1362 2513 1417 Paulus
2540 1362 2622 1416 eis
2652 1376 2848 1417 manus
2893 1360 3266 1429 imposuisset,
3310 1359 3619 1430 linguarum

2056 1453 2262 1508 donum
2301 1453 2437 1508 illud
2464 1451 2836 1521 accipiebant.
2894 1451 3030 1506 Nam
3063 1451 3191 1521 quia
3226 1449 3469 1520 Spiritus
3495 1466 3618 1507 sano

2056 1552 2178 1599 ctus
2205 1553 2329 1600 erat
2377 1542 2807 1614 inaspectabilis,
2854 1545 3015 1614 227
3060 1545 3352 1614 oportebat
3393 1545 3622 1599 omnino

2056 1635 2259 1691 sensile
2309 1635 2589 1705 quoddam
2638 1645 3024 1707 argumentum
3080 1633 3389 1705 praesentiat
3443 1633 3621 1703 ipsius

2058 1726 2174 1789 edi,
2204 1734 2265 1781 ut
2293 1725 2434 1781 citra
2461 1726 2629 1782 ullam
2686 1725 3087 1781 haesitationem
3136 1737 3335 1778 omnes
3371 1721 3621 1777 divinum

2057 1814 2195 1870 illud
2228 1814 2297 1870 ad
2322 1815 2605 1870 lavacrum
2642 1815 2993 1870 accederent.
3044 1813 3159 1867 Hoc
3198 1820 3386 1868 autem
3412 1811 3619 1866 donum

2056 1903 2334 1961 Simonem
2353 1905 2521 1962 etiam
2547 1906 2820 1971 incitavit,
2855 1914 2915 1960 ut
2939 1904 3005 1959 ad
3035 1894 3316 1974 apostolos
3333 1901 3624 1959 accederet

2058 2008 2122 2049 ac
2156 1994 2491 2064 baptismum
2516 1984 2862 2065 postularet:
2894 1995 3102 2064 quippe
3158 1993 3265 2049 nisi
3320 1994 3432 2048 vim
3466 2002 3622 2063 pote-

2056 2085 2364 2154 statemque
2383 2084 2625 2156 Spiritus
2651 2084 3043 2152 aspectabilem
3064 2084 3315 2150 vidisset,
3329 2084 3397 2139 ad
3417 2083 3624 2140 Christi

2059 2173 2360 2245 discipulos
2388 2192 2500 2232 non
2539 2177 2885 2241 accessisset,
2932 2190 3037 2231 nec
3087 2190 3150 2230 se
3201 2176 3447 2244 ipsorum
3475 2176 3627 2229 indi-

2061 2283 2191 2338 gere
2220 2283 2387 2337 opera
2420 2277 2687 2338 putasset.
2714 2269 2791 2324 Ac
2827 2278 2958 2323 tunc
2988 2282 3121 2323 sane
3144 2267 3239 2336 qui
3265 2267 3627 2337 baptizaban-

2063 2366 2175 2422 tur,
2212 2357 2421 2412 donum
2450 2357 2762 2429 linguarum
2794 2357 3141 2428 accipiebant
3162 2372 3269 2413 una
3294 2371 3419 2412 cum
3447 2358 3626 2428 Spiri-

2062 2457 2153 2504 tus
2184 2449 2360 2505 sancti
2385 2449 2753 2506 immissione.
2780 2450 2850 2503 At
2884 2448 2941 2503 in
2971 2462 3068 2504 eos
3094 2447 3189 2519 qui
3213 2462 3338 2503 cum
3365 2446 3624 2504 Cornelio

2059 2547 2243 2604 erant,
2272 2540 2418 2595 idem
2445 2541 2687 2611 Spiritus
2718 2548 2946 2596 sanctus
2989 2540 3161 2595 etiam
3206 2538 3413 2594 decidit
3461 2548 3624 2594 ante-

2060 2647 2223 2701 quam
2257 2632 2693 2702 baptizarentur,
2726 2632 3021 2701 itidemque
3045 2629 3248 2701 linguis
3277 2636 3405 2684 ante
3441 2629 3625 2698 bapti-

2058 2735 2240 2776 smum
2275 2721 2512 2777 diversis
2540 2720 2935 2791 loquebantur.
2965 2719 3077 2776 Cur
3111 2718 3190 2785 hi,
3219 2732 3426 2788 quaeso,
3469 2717 3622 2786 prius

2059 2814 2227 2868 etiam
2254 2814 2429 2872 sancti
2471 2813 2712 2884 Spiritus
2771 2812 3158 2868 eﬁicacitatem
3188 2808 3625 2880 experiebantur

2058 2917 2224 2978 quam
2295 2904 2759 2976 baptizarentur?
2807 2904 3041 2974 Propter
3094 2901 3328 2957 nimium
3384 2900 3622 2970 superba

396 2966 608 3024 scilicet
636 2984 830 3074 eorum
881 2976 1216 3074 praeiudicia,
1271 2982 1365 3052 qui
1423 2993 1584 3043 antea
1644 2989 1960 3052 circumcisi
2000 2966 2387 3056 crediderant:
2438 2999 2655 3065 Etenim
2689 2996 2769 3052 illi
2797 3010 2857 3052 se
2912 2966 2983 3050 ab
3007 2994 3132 3051 aliis
3158 2966 3541 3064 segregabam,
3568 3002 3625 3046 ct

396 3076 622 3160 "99"“
659 3065 943 3136 baptizata
966 3065 1196 3141 ῖιυῖάθω
1247 3077 1486 3141 ethnicis
1526 3087 1826 3160 quidquam
1854 3091 2057 3150 habere
2084 3092 2401 3150 commercii
2438 3092 2719 3147 volebant.

465 3154 596 3259 ρῖδα
618 3160 712 3259 _,
739 3164 1022 3259 ἁγαπιατὶ,
1047 3168 1130 3223 ὅτι
1156 3172 1251 3230 καὶ
1274 3178 1366 3233 τὸν
1389 3154 1579 3252 καιρὸν
1602 3154 1833 3259 ὲκῦιάζῃ
1860 3205 1958 3259 »μα-

2137 3188 2407 3245 Praeterea
2428 3204 2537 3243 non
2566 3187 2781 3258 ignoro,
2802 3184 3008 3243 dilecte
3030 3182 3132 3247 ﬁli,
3166 3195 3369 3252 cupere
3392 3188 3444 3235 te
3484 3178 3622 3234 illud

398 3249 510 3350 θεῖν
539 3251 666 3350 καΘῖ
684 3253 743 3307 ὃν
772 3256 817 3350 ἠγ
835 3256 928 3309 τοῦ
967 3267 1236 3336 μακαρίου
1272 3249 1500 3325 Παύλου-
1523 3274 1712 3344 γέγονε
1746 3249 1960 3350 diem.

398 3343 507 3435 lict
539 3345 681 3399 κατὰ
712 3349 865 3417 τινὰς
900 3350 999 3426 μὲν
1034 3358 1366 3429 ἱστορικοὺς,
1403 3364 1498 3417 καὶ
1534 3343 1735 3435 μάλλον
1771 3343 1960 3426 Ἱππό-

399 3431 554 3531 λυτον
580 3437 672 3511 τὸν
692 3435 959 3513 Θηϐαῖον,
990 3447 1228 3502 ἐνιαυτοὶ
1255 3450 1470 3521 διῆλθον
1499 3431 1546 3519 Cl
1577 3460 1713 3527 μετὰ
1740 3460 1841 3531 τὴν
1867 3460 1962 3514 τοῦ

399 3525 607 3624 δυρίου
652 3536 716 3588 ὲκ
752 3538 961 3609 νεκρῶν
1000 3539 1321 3610 ἀνάστασιν,
1359 3548 1453 3599 καὶ
1494 3550 1523 3602 ὁ
1562 3525 1963 3624 πρωτομάρτυς

400 3621 667 3690 Στέφανος
691 3628 753 3679 τὸ
784 3629 1054 3699 μακάριον
1082 3633 1231 3697 τέλος
1258 3635 1476 3701 ἐδέξατο
1497 3650 1514 3670 ⁶
1546 3641 1683 3710 μετὰ
1708 3621 1766 3696 δέ
1790 3621 1965 3698 ταῦτα

396 3711 528 3766 ὡσεὶ
573 3718 744 3785 μῆνες
787 3718 999 3789 διῆλθον
1038 3722 1116 3789 ἐξ,
1160 3727 1256 3779 καὶ
1296 3728 1329 3798 ἠ
1373 3729 1469 3782 τοῦ
1514 3730 1727 3786 Παύλου
1774 3734 1963 3803 γέγονε

398 3804 609 3874 κλῆσις.
637 3807 830 3879 mm;
862 3811 1124 3867 Εὐσιδίου
1149 3816 1242 3870 τοῦ
1273 3819 1559 3887 Παμφίλου
1589 3823 1797 3895 ἱστορία
1824 3824 1965 3889 διέξ-

396 3912 533 3949 εισιν
579 3898 656 3962 ὡς
692 3900 845 3955 οῦπω
893 3898 975 3967 εἷς
1011 3906 1261 3971 ἐνιαυτὸς
1295 3910 1659 3982 ἐπεπλήρωτο
1693 3889 1834 3983 ιὶέτά
1865 3916 1963 3985 τὴν

395 3988 461 4039 ἐκ
490 3991 698 4058 νεκρῶν
727 3992 822 4045 τοῦ
857 3996 1062 4065 Κυρίου
1091 4000 1392 4054 ἀνάστασιν
1412 4043 1427 4067 ,
1461 4005 1555 4058 καὶ
1583 4006 1756 4060 ταῦτα
1782 4008 1962 4061 πάντα

396 4078 643 4144 ἐγένετο,
678 4081 730 4132 ot
765 4077 917 4136 ἆθλοί
949 4101 1009 4137 τε
1041 4086 1137 4140 τοῦ
1175 4093 1642 4163 πρωτομάρτυρος
1676 4097 1771 4148 καὶ
1802 4097 1836 4166 ἡ
1866 4097 1961 4150 τοῦ

400 4171 677 4240 μακαρίου
728 4174 944 4228 Παύλου
990 4178 1369 4246 προσέλευσις.
1412 4184 1551 4237 Ἀλλ’
1576 4181 1648 4256 ἦν
1697 4186 1827 4240 ίδείν
1874 4188 1963 4241 ἐπ’

394 4259 543 4327 αὐτῴ
594 4262 894 4331 τηνικαῦτα
941 4266 1316 4338 πληρούμενον
1360 4273 1423 4325 τὸ
1469 4273 1646 4337 λόγιον
1677 4276 1740 4328 τὸ
1770 4277 1961 4345 λέγον·

403 4368 420 4400 ι
462 4352 571 4404 Ποῦ
604 4353 855 4421 ὑπάγεις,
886 4352 1031 4422 οἶδας
1055 4377 1070 4392 ·
1105 4362 1157 4415 τί
1182 4363 1241 4415 δὲ
1275 4363 1487 4433 μέλλεις
1519 4366 1728 4433 παθεῖν,
1759 4371 1858 4423 οὐκ
1885 4367 1963 4425 οῖο-

395 4440 507 4503 δας.
559 4462 579 4494 ι
623 4445 938 4512 Ἐπιστολάς
983 4451 1091 4522 γὰρ
1137 4454 1247 4507 ἀπὸ
1287 4456 1397 4509 τῶν
1439 4460 1739 4530 ἀρχιερέων
1779 4461 1962 4517 λαϐὼν

396 4532 536 4587 ὥστε
572 4535 828 4590 ἀπελθεῖν
861 4541 955 4594 καὶ
984 4543 1111 4605 τοὺς
1140 4545 1477 4615 ὁπουδήποτε
1510 4556 1960 4624 παρευρισκομέ-

396 4639 517 4684 van;
559 4624 926 4693 Χριστιανοὺς
966 4631 1236 4702 ἀναιρεῖν,
1278 4634 1548 4705 πηροῦται
1589 4642 1713 4703 τοὺς
1753 4642 1958 4711 ὀφθαλ-

400 4713 532 4780 μοὺς
584 4714 750 4767 αὐτοῦ
802 4717 923 4771 καθ’
952 4718 1068 4773 ὁδόν
1095 4735 1111 4752 ο
1163 4724 1542 4794 περιήστραψε
1592 4728 1700 4797 γὰρ
1747 4730 1956 4784 ἄνωθεν

396 4805 558 4857 αὺτδν
588 4806 828 4875 ἄρρητον
855 4810 1003 4876 φῶς,
1035 4810 1130 4867 καὶ
1164 4811 1337 4876 οὕτως
1368 4817 1417 4867 οἱ
1448 4816 1541 4873 τοῦ
1576 4818 1829 4889 σώματος
1862 4824 1960 4875 αύ-

395 4893 490 4945 τοῦ
515 4894 699 4964 λύχνοι
722 4900 1064 4968 παραχρῆμα
1089 4901 1444 4973 ὲσόέσθησαν.
1477 4892 1636 4962 Ἀλλὰ
1659 4912 1755 4965 καὶ
1777 4915 1960 4983 φωνῆς

394 4984 603 5038 ἄνωθεν
632 4986 832 5056 ﬁmus:
868 4990 1006 5059 πρὸς
1027 4990 1190 5044 αὑτὸν
1217 4991 1360 5047 οὕτω
1390 4994 1676 5069 λεγούσης·
1721 5017 1739 5052 ι
1766 5002 1958 5069 Σαοὺλ,

396 5076 569 5129 Σαοὺλ
600 5095 620 5129 ι
648 5078 942 5145 (τουτέστιν
962 5081 1176 5150 ἀδελφὲ,
1197 5085 1439 5155 ἀδελφὲ),
1470 5089 1551 5141 «τί
1575 5107 1643 5159 με
1660 5091 1905 5161 διώκειςς
1936 5113 1954 5147 ι

397 5166 683 5219 Στέλλεται
704 5168 896 5223 λοιπὸν
921 5172 1052 5241 πρὸς
1085 5172 1357 5239 ’Δνανίαν,
1382 5182 1475 5230 καὶ
1505 5178 1790 5252 βάπτισμα
1815 5183 1962 5255 δέχε-

397 5273 518 5319 ται,
552 5258 847 5312 κάντεῦθεν
877 5262 1169 5328 φωτίζεται
1200 5264 1327 5329 τούς
1352 5283 1413 5319 τε
1441 5267 1707 5339 ψυχικοὺς
1734 5277 1829 5327 καὶ
1857 5291 1962 5329 σω-

399 5348 665 5415 ματικοῦς
696 5349 1031 5418 ὀφθαλμούς.
1068 5354 1345 5423 Κηρύσσει
1378 5358 1564 5412 λοιπὸν
1593 5363 1621 5414 ὁ
1654 5362 1959 5433 πάμμεγας

400 5442 612 5505 Παῦλος
639 5442 736 5511 ἔτη
766 5439 859 5497 λε’.
878 5443 967 5496 Ἐν
992 5446 1099 5514 γὰρ
1127 5446 1205 5516 τῷ
1234 5447 1443 5519 δεκάτῳ
1466 5450 1641 5523 ὀγδόῳ
1666 5452 1775 5507 ἔτει
1800 5455 1961 5528 Τιϐε-

405 5531 519 5600 ρίου
564 5532 838 5602 Καίσαρος
868 5532 926 5584 τὸ
966 5535 1230 5606 σωτήριον
1264 5537 1434 5606 πάθος
1469 5542 1661 5613 γέγονε
1690 5544 1782 5600 τοῦ
1823 5544 1962 5618 Χρι-

477 5717 516 5745 ἰ
555 5717 723 5775 Marc.
754 5735 860 5775 avt.
904 5719 951 5773 l.
1018 5722 1093 5752 ⁷¹⁶
1134 5720 1254 5776 Act.
1291 5737 1363 5782 Ix.
1397 5723 1450 5778 4.

2063 3281 2228 3335 etiam
2254 3290 2470 3350 tempus
2499 3293 2662 3333 nosse
2685 3292 2795 3348 quo
2830 3276 3028 3332 beatus
3058 3274 3151 3331 ille
3172 3272 3374 3329 Paulus
3400 3279 3627 3327 vocatus

2062 3372 2249 3428 fuerit.
2274 3372 2359 3428 ‘De
2384 3372 2774 3427 nonnullorum
2809 3366 3031 3437 quidem
3063 3364 3463 3429 historicorum.
3496 3376 3593 3416 seu
3622 3389 3629 3397 -

2065 3464 2254 3529 tentia,
2295 3463 2597 3533 praesertim
2634 3458 2910 3531 Hippolyti
2936 3455 3209 3520 Thebani,
3240 3463 3367 3524 post
3411 3449 3626 3506 Domini

2061 3570 2129 3610 ex
2153 3554 2385 3610 mortuis
2418 3552 2887 3608 resurrectionem
2919 3547 3050 3617 anni
3076 3555 3288 3616 septem
3328 3543 3621 3614 praeterie-

2062 3650 2204 3708 rant,
2232 3656 2355 3697 cum
2380 3641 2600 3696 testium
2630 3638 2881 3695 veritatis
2900 3636 3162 3707 princeps
3191 3633 3282 3688 ille
3310 3632 3626 3702 Stephanus

2062 3733 2285 3790 beatum
2318 3732 2444 3788 vitae
2472 3731 2635 3787 ﬁnem
2664 3738 2750 3786 est
2770 3737 3137 3795 consecutus;
3187 3726 3256 3782 ab
3296 3726 3415 3796 ejus
3443 3733 3626 3778 autem

2062 3833 2242 3880 morte
2286 3824 2571 3879 mensibus
2618 3836 2792 3891 prope
2839 3835 2934 3876 sex
2972 3819 3173 3890 elapsis
3219 3817 3377 3874 Pauli
3412 3816 3630 3871 vocatio

2063 3914 2207 3971 iacta
2262 3926 2369 3968 est.
2429 3911 2634 3968 Verum
2686 3910 2911 3965 Eusebii
2966 3908 3238 3977 Pamphili
3292 3906 3389 3961 lilii
3441 3913 3629 3960 narrat

2060 4005 2296 4059 historia
2325 4001 2571 4058 nondum
2623 4000 2899 4057 aDomini
2957 3998 3367 4056 resurrectione
3423 4010 3628 4049 annum

2065 4108 2235 4149 unum
2260 4100 2519 4147 exactum
2550 4091 2742 4155 fuisse,
2767 4104 2893 4145 cum
2930 4089 3046 4144 haec
3074 4086 3257 4143 omnia
3285 4084 3501 4146 ﬁerent,
3540 4082 3629 4137 ni-

2064 4184 2265 4238 mirum
2315 4181 2581 4252 principis
2631 4180 2782 4235 illins
2850 4178 3005 4235 testis
3043 4176 3345 4233 certamina
3374 4176 3630 4244 beatique

2065 4275 2217 4330 Pauli
2245 4274 2312 4329 ad
2342 4273 2505 4329 ﬁdem
2534 4271 2802 4329 accessio.
2826 4270 2960 4325 Erat
2996 4278 3180 4325 autem
3240 4268 3295 4323 in
3349 4283 3413 4324 eo
3441 4266 3628 4323 videre

2067 4364 2254 4435 perlici
2280 4374 2395 4418 tum
2428 4362 2694 4433 temporis
2720 4360 3009 4418 oraculum
3060 4360 3187 4422 hoc,
3237 4373 3348 4429 quo
3378 4357 3581 4411 dicitur
3610 4374 3623 4409 :

2070 4456 2253 4511 «Nosti
2281 4472 2393 4526 quo
2439 4468 2659 4526 pergas,
2716 4452 2783 4508 ad
2817 4450 2948 4521 quid
3002 4458 3326 4507 eventurum
3385 4448 3485 4503 tibi
3532 4448 3624 4511 sit,

2066 4548 2341 4619 ignoras.»
2383 4547 2601 4602 Etenim
2630 4560 2756 4602 cum
2791 4544 3005 4599 litteras
3035 4558 3068 4598 a
3098 4540 3451 4611 pontiﬁcibus
3470 4554 3627 4593 acce-

2066 4639 2259 4709 pisset,
2295 4646 2357 4693 ut
2377 4637 2657 4707 profectus
2693 4636 2751 4690 in
2781 4635 2886 4690 alia
2911 4634 3031 4689 loca
3064 4631 3245 4688 ubivis
3264 4630 3510 4701 gentium
3537 4630 3633 4682 de-

2066 4730 2370 4800 prehensos
2403 4727 2749 4783 Christianos
2799 4740 2830 4781 e
2882 4724 3067 4779 medio
3110 4722 3346 4783 tolleret,
3400 4720 3520 4790 ipso
3574 4720 3627 4773 in

2065 4821 2264 4877 itinere
2293 4833 2425 4875 suos
2449 4818 2642 4874 oculos
2669 4816 2893 4872 amittit.
2933 4815 3071 4871 Nam
3106 4814 3201 4868 lux
3248 4812 3497 4883 quaedam
3546 4812 3629 4865 in-

2064 4910 2405 4981 caplicabilis
2430 4924 2557 4965 eum
2594 4909 2816 4964 coalitus
2845 4906 3235 4970 circummisit,
3278 4920 3389 4975 quo
3422 4904 3624 4959 factum

2069 5012 2129 5055 ut
2160 5000 2413 5069 corporis
2440 4999 2613 5070 ipsius
2644 4997 2791 5053 faces
2815 4997 3085 5053 continuo
3117 4996 3628 5064 exstinguerentnr.

2066 5091 2334 5147 Praeterea
2362 5106 2551 5146 vocem
2627 5106 2659 5146 e
2691 5089 2916 5145 sublimi
2956 5104 3015 5144 se
3066 5088 3485 5158 compellantcm
3546 5087 3632 5139 bis

2065 5183 2248 5238 verbis
2272 5183 2518 5238 audivit:
2565 5182 2782 5247 «Saule,
2816 5181 3002 5244 Saule,
3036 5181 3168 5250 quid
3211 5196 3297 5235 me
3332 5194 3634 5250 perseque-

2068 5274 2205 5328 ris“
2229 5274 2317 5327 "tt
2346 5272 2487 5329 Hinc
2514 5272 2585 5328 ad
2624 5272 2888 5329 Ananiam
2932 5272 3255 5337 remittitur,
3295 5270 3631 5340 baptismum

2067 5364 2316 5434 recepit;
2351 5365 2495 5421 oculi
2528 5367 2651 5434 ejus
2673 5373 2782 5420 tam
2805 5365 3070 5420 animales
3098 5377 3265 5434 quam
3309 5357 3631 5430 corporales

2067 5456 2497 5524 collustrantur;
2538 5459 2777 5527 denique
2807 5458 2889 5510 vir
2911 5457 3148 5512 eximius
3175 5455 3253 5537 ab.
3279 5467 3343 5505 eo
3380 5460 3628 5518 tempore

2067 5548 2196 5604 totis
2228 5548 2295 5603 55
2327 5548 2488 5606 annis
2514 5549 2918 5622 prmdicationis
2940 5560 3170 5604 munere
3203 5543 3467 5612 fungitur.
3493 5539 3629 5595 Nam
