  <div class='ocr_page' id='page_1' title='image "/cluster/home/n/w/nwhite01/storage/ocr_20150623/158/hvd.32044073502676/269.png"; bbox 0 0 4110 6194; ppageno 0'>
   <div class='ocr_carea' id='block_1_1' title="bbox 422 333 609 403">
    <p class='ocr_par' dir='ltr' id='par_1_1' title="bbox 422 333 609 403">
     <span class='ocr_line' id='line_1_1' title="bbox 422 333 609 403; baseline 0.011 -2"><span class='ocrx_word' id='word_1_1' title='bbox 422 333 523 403; x_wconf 66' lang='lat'><strong>631</strong></span> <span class='ocrx_word' id='word_1_2' title='bbox 604 358 609 381; x_wconf 58' lang='lat'><em>*</em></span> 
     </span>
    </p>
   </div>
   <div class='ocr_carea' id='block_1_2' title="bbox 1684 348 2401 418">
    <p class='ocr_par' dir='ltr' id='par_1_2' title="bbox 1684 348 2401 418">
     <span class='ocr_line' id='line_1_2' title="bbox 1684 348 2401 418; baseline 0.015 -13"><span class='ocrx_word' id='word_1_3' title='bbox 1684 348 2113 410; x_wconf 75' lang='lat' dir='ltr'><strong>MICHAELIS</strong></span> <span class='ocrx_word' id='word_1_4' title='bbox 2141 354 2401 418; x_wconf 71' lang='lat' dir='ltr'><strong>GLYC/E</strong></span> 
     </span>
    </p>
   </div>
   <div class='ocr_carea' id='block_1_3' title="bbox 3538 356 3641 423">
    <p class='ocr_par' dir='ltr' id='par_1_3' title="bbox 3538 356 3641 423">
     <span class='ocr_line' id='line_1_3' title="bbox 3538 356 3641 423; baseline -0.039 0"><span class='ocrx_word' id='word_1_5' title='bbox 3538 356 3641 423; x_wconf 69' lang='lat'><strong>43?</strong></span> 
     </span>
    </p>
   </div>
   <div class='ocr_carea' id='block_1_4' title="bbox 425 447 1968 541">
    <p class='ocr_par' dir='ltr' id='par_1_4' title="bbox 425 447 1968 515">
     <span class='ocr_line' id='line_1_4' title="bbox 425 447 1968 515; baseline 0.01 -16"><span class='ocrx_word' id='word_1_6' title='bbox 425 447 639 505; x_wconf 82' lang='lat' dir='ltr'><strong>decimo</strong></span> <span class='ocrx_word' id='word_1_7' title='bbox 679 458 733 502; x_wconf 90' lang='lat' dir='ltr'><strong>et</strong></span> <span class='ocrx_word' id='word_1_8' title='bbox 761 461 953 504; x_wconf 63' lang='lat' dir='ltr'><strong>t‘ictnvo</strong></span> <span class='ocrx_word' id='word_1_9' title='bbox 986 452 1188 508; x_wconf 80' lang='lat' dir='ltr'><strong>Tiberii</strong></span> <span class='ocrx_word' id='word_1_10' title='bbox 1233 452 1461 511; x_wconf 64' lang='lat' dir='ltr'><strong>Caesaris</strong></span> <span class='ocrx_word' id='word_1_11' title='bbox 1502 448 1646 514; x_wconf 76' lang='lat' dir='ltr'><strong>anne</strong></span> <span class='ocrx_word' id='word_1_12' title='bbox 1694 461 1968 515; x_wconf 83' lang='lat' dir='ltr'><strong>salutifera</strong></span> 
     </span>
    </p>
   </div>
   <div class='ocr_carea' id='block_1_5' title="bbox 2071 447 3643 541">
    <p class='ocr_par' dir='ltr' id='par_1_5' title="bbox 2082 466 3643 541">
     <span class='ocr_line' id='line_1_5' title="bbox 2082 466 3643 541; baseline 0.004 -24"><span class='ocrx_word' id='word_1_13' title='bbox 2082 467 2225 520; x_wconf 90' lang='grc' dir='ltr'>στοῦ.</span> <span class='ocrx_word' id='word_1_14' title='bbox 2258 466 2425 523; x_wconf 84' lang='grc' dir='ltr'>υῦπω</span> <span class='ocrx_word' id='word_1_15' title='bbox 2452 472 2512 522; x_wconf 71' lang='grc' dir='ltr'>τὸ</span> <span class='ocrx_word' id='word_1_16' title='bbox 2539 472 2776 524; x_wconf 82' lang='grc' dir='ltr'>τοιοῦτον</span> <span class='ocrx_word' id='word_1_17' title='bbox 2809 478 2878 541; x_wconf 88' lang='grc' dir='ltr'>ιη’</span> <span class='ocrx_word' id='word_1_18' title='bbox 2903 471 3017 533; x_wconf 80' lang='grc' dir='ltr'>ἔτος</span> <span class='ocrx_word' id='word_1_19' title='bbox 3050 470 3421 541; x_wconf 75' lang='grc' dir='ltr'><strong>πεπλήρωται,</strong></span> <span class='ocrx_word' id='word_1_20' title='bbox 3456 472 3548 522; x_wconf 78' lang='grc' dir='ltr'>καὶ</span> <span class='ocrx_word' id='word_1_21' title='bbox 3574 474 3643 524; x_wconf 85' lang='grc' dir='ltr'>τὰ</span> 
     </span>
    </p>
   </div>
   <div class='ocr_carea' id='block_1_6' title="bbox 422 539 1976 611">
    <p class='ocr_par' dir='ltr' id='par_1_6' title="bbox 422 539 1976 611">
     <span class='ocr_line' id='line_1_6' title="bbox 422 539 1976 611; baseline 0.008 -18"><span class='ocrx_word' id='word_1_22' title='bbox 422 539 619 594; x_wconf 79' lang='lat' dir='ltr'><strong>Christi</strong></span> <span class='ocrx_word' id='word_1_23' title='bbox 654 542 835 608; x_wconf 84' lang='lat' dir='ltr'><strong>passio</strong></span> <span class='ocrx_word' id='word_1_24' title='bbox 865 544 1112 611; x_wconf 77' lang='lat' dir='ltr'><strong>contigit.</strong></span> <span class='ocrx_word' id='word_1_25' title='bbox 1174 545 1221 599; x_wconf 88' lang='lat' dir='ltr'>Is</span> <span class='ocrx_word' id='word_1_26' title='bbox 1248 562 1377 602; x_wconf 86' lang='lat' dir='ltr'><strong>vero</strong></span> <span class='ocrx_word' id='word_1_27' title='bbox 1410 550 1476 603; x_wconf 79' lang='grc'><strong>18</strong></span> <span class='ocrx_word' id='word_1_28' title='bbox 1506 566 1682 605; x_wconf 89' lang='lat' dir='ltr'><strong>annus</strong></span> <span class='ocrx_word' id='word_1_29' title='bbox 1734 544 1976 607; x_wconf 85' lang='lat' dir='ltr'><strong>nondum</strong></span> 
     </span>
    </p>
   </div>
   <div class='ocr_carea' id='block_1_7' title="bbox 420 639 1979 699">
    <p class='ocr_par' dir='ltr' id='par_1_7' title="bbox 420 639 1979 699">
     <span class='ocr_line' id='line_1_7' title="bbox 420 639 1979 699; baseline 0.013 -19"><span class='ocrx_word' id='word_1_30' title='bbox 420 639 643 682; x_wconf 79' lang='lat' dir='ltr'><strong>t-xnctus</strong></span> <span class='ocrx_word' id='word_1_31' title='bbox 669 642 809 694; x_wconf 84' lang='lat' dir='ltr'><strong>erat,</strong></span> <span class='ocrx_word' id='word_1_32' title='bbox 839 646 966 685; x_wconf 89' lang='lat' dir='ltr'><strong>cum</strong></span> <span class='ocrx_word' id='word_1_33' title='bbox 993 649 1425 693; x_wconf 84' lang='lat' dir='ltr'><strong>commemorata</strong></span> <span class='ocrx_word' id='word_1_34' title='bbox 1463 642 1730 698; x_wconf 86' lang='lat' dir='ltr'><strong>hactenus</strong></span> <span class='ocrx_word' id='word_1_35' title='bbox 1764 646 1979 699; x_wconf 87' lang='lat' dir='ltr'><strong>accide-</strong></span> 
     </span>
    </p>
   </div>
   <div class='ocr_carea' id='block_1_8' title="bbox 419 719 1979 790">
    <p class='ocr_par' dir='ltr' id='par_1_8' title="bbox 419 719 1979 790">
     <span class='ocr_line' id='line_1_8' title="bbox 419 719 1979 790; baseline 0.014 -21"><span class='ocrx_word' id='word_1_36' title='bbox 419 728 563 771; x_wconf 88' lang='lat' dir='ltr'><strong>runt.</strong></span> <span class='ocrx_word' id='word_1_37' title='bbox 605 719 708 773; x_wconf 92' lang='lat' dir='ltr'><strong>Ubi</strong></span> <span class='ocrx_word' id='word_1_38' title='bbox 740 721 805 774; x_wconf 74' lang='grc'><strong>19</strong></span> <span class='ocrx_word' id='word_1_39' title='bbox 829 738 1009 777; x_wconf 88' lang='lat' dir='ltr'><strong>annus</strong></span> <span class='ocrx_word' id='word_1_40' title='bbox 1042 725 1252 780; x_wconf 84' lang='lat' dir='ltr'><strong>Tiberii</strong></span> <span class='ocrx_word' id='word_1_41' title='bbox 1298 728 1527 784; x_wconf 79' lang='lat' dir='ltr'><strong>Ca~saris</strong></span> <span class='ocrx_word' id='word_1_42' title='bbox 1586 748 1810 788; x_wconf 87' lang='lat' dir='ltr'><strong>currere</strong></span> <span class='ocrx_word' id='word_1_43' title='bbox 1867 751 1979 790; x_wconf 73' lang='lat' dir='ltr'><strong>ete-</strong></span> 
     </span>
    </p>
   </div>
   <div class='ocr_carea' id='block_1_9' title="bbox 416 808 1975 890">
    <p class='ocr_par' dir='ltr' id='par_1_9' title="bbox 416 808 1975 890">
     <span class='ocr_line' id='line_1_9' title="bbox 416 808 1975 890; baseline 0.013 -33"><span class='ocrx_word' id='word_1_44' title='bbox 416 808 605 872; x_wconf 84' lang='lat' dir='ltr'><strong>pisset,</strong></span> <span class='ocrx_word' id='word_1_45' title='bbox 636 810 838 863; x_wconf 79' lang='lat' dir='ltr'><strong>Paulus</strong></span> <span class='ocrx_word' id='word_1_46' title='bbox 872 811 1086 868; x_wconf 84' lang='lat' dir='ltr'><strong>initium</strong></span> <span class='ocrx_word' id='word_1_47' title='bbox 1122 815 1461 882; x_wconf 65' lang='lat' dir='ltr'><strong>prmdicandi</strong></span> <span class='ocrx_word' id='word_1_48' title='bbox 1519 819 1666 885; x_wconf 85' lang='lat' dir='ltr'><strong>facit,</strong></span> <span class='ocrx_word' id='word_1_49' title='bbox 1708 824 1975 890; x_wconf 84' lang='lat' dir='ltr'><strong>quemad-</strong></span> 
     </span>
    </p>
   </div>
   <div class='ocr_carea' id='block_1_10' title="bbox 416 899 1977 969">
    <p class='ocr_par' dir='ltr' id='par_1_10' title="bbox 416 899 1977 969">
     <span class='ocr_line' id='line_1_10' title="bbox 416 899 1977 969; baseline 0.01 -17"><span class='ocrx_word' id='word_1_50' title='bbox 416 899 634 953; x_wconf 86' lang='lat' dir='ltr'><strong>modum</strong></span> <span class='ocrx_word' id='word_1_51' title='bbox 678 901 791 967; x_wconf 86' lang='lat' dir='ltr'><strong>ipsa</strong></span> <span class='ocrx_word' id='word_1_52' title='bbox 823 901 1051 956; x_wconf 79' lang='lat' dir='ltr'><strong>historia</strong></span> <span class='ocrx_word' id='word_1_53' title='bbox 1089 904 1448 962; x_wconf 81' lang='lat' dir='ltr'><strong>demonstrat.</strong></span> <span class='ocrx_word' id='word_1_54' title='bbox 1482 910 1822 966; x_wconf 65' lang='lat' dir='ltr'><strong>Praetereunt</strong></span> <span class='ocrx_word' id='word_1_55' title='bbox 1847 913 1977 969; x_wconf 90' lang='lat' dir='ltr'><strong>hinc</strong></span> 
     </span>
    </p>
   </div>
   <div class='ocr_carea' id='block_1_11' title="bbox 415 989 1974 1073">
    <p class='ocr_par' dir='ltr' id='par_1_11' title="bbox 415 989 1974 1073">
     <span class='ocr_line' id='line_1_11' title="bbox 415 989 1974 1073; baseline 0.013 -33"><span class='ocrx_word' id='word_1_56' title='bbox 415 989 629 1056; x_wconf 87' lang='lat' dir='ltr'><strong>imperii</strong></span> <span class='ocrx_word' id='word_1_57' title='bbox 663 991 866 1045; x_wconf 83' lang='lat' dir='ltr'><strong>Tiberii</strong></span> <span class='ocrx_word' id='word_1_58' title='bbox 893 994 1057 1062; x_wconf 77' lang='lat'><strong>223</strong></span> <span class='ocrx_word' id='word_1_59' title='bbox 1073 993 1305 1051; x_wconf 63' lang='lat' dir='ltr'><strong>Caesaris</strong></span> <span class='ocrx_word' id='word_1_60' title='bbox 1320 1008 1557 1066; x_wconf 91' lang='lat' dir='ltr'><strong>quatuor</strong></span> <span class='ocrx_word' id='word_1_61' title='bbox 1586 1003 1714 1056; x_wconf 86' lang='lat' dir='ltr'><strong>anni</strong></span> <span class='ocrx_word' id='word_1_62' title='bbox 1738 1004 1974 1073; x_wconf 81' lang='lat' dir='ltr'><strong>reliqui;</strong></span> 
     </span>
    </p>
   </div>
   <div class='ocr_carea' id='block_1_12' title="bbox 418 1082 1976 1163">
    <p class='ocr_par' dir='ltr' id='par_1_12' title="bbox 418 1082 1976 1163">
     <span class='ocr_line' id='line_1_12' title="bbox 418 1082 1976 1163; baseline 0.012 -32"><span class='ocrx_word' id='word_1_63' title='bbox 418 1095 540 1133; x_wconf 85' lang='lat' dir='ltr'><strong>naut</strong></span> <span class='ocrx_word' id='word_1_64' title='bbox 572 1082 643 1134; x_wconf 71' lang='lat'>22</span> <span class='ocrx_word' id='word_1_65' title='bbox 670 1097 845 1135; x_wconf 88' lang='lat' dir='ltr'><strong>annos</strong></span> <span class='ocrx_word' id='word_1_66' title='bbox 876 1083 928 1136; x_wconf 92' lang='lat' dir='ltr'><strong>in</strong></span> <span class='ocrx_word' id='word_1_67' title='bbox 976 1085 1292 1141; x_wconf 77' lang='lat' dir='ltr'><strong>universum</strong></span> <span class='ocrx_word' id='word_1_68' title='bbox 1326 1089 1581 1145; x_wconf 86' lang='lat' dir='ltr'><strong>Tiberius</strong></span> <span class='ocrx_word' id='word_1_69' title='bbox 1615 1107 1799 1148; x_wconf 89' lang='lat' dir='ltr'><strong>rerum</strong></span> <span class='ocrx_word' id='word_1_70' title='bbox 1830 1096 1976 1163; x_wconf 91' lang='lat' dir='ltr'><strong>poti-</strong></span> 
     </span>
    </p>
   </div>
   <div class='ocr_carea' id='block_1_13' title="bbox 418 1176 1976 1248">
    <p class='ocr_par' dir='ltr' id='par_1_13' title="bbox 418 1176 1976 1248">
     <span class='ocr_line' id='line_1_13' title="bbox 418 1176 1976 1248; baseline 0.011 -25"><span class='ocrx_word' id='word_1_71' title='bbox 418 1184 506 1224; x_wconf 87' lang='lat' dir='ltr'><strong>tus</strong></span> <span class='ocrx_word' id='word_1_72' title='bbox 534 1187 653 1225; x_wconf 84' lang='lat' dir='ltr'><strong>esse</strong></span> <span class='ocrx_word' id='word_1_73' title='bbox 680 1176 974 1241; x_wconf 86' lang='lat' dir='ltr'><strong>reperitur.</strong></span> <span class='ocrx_word' id='word_1_74' title='bbox 1004 1176 1378 1233; x_wconf 76' lang='lat' dir='ltr'><strong>Consimiliter</strong></span> <span class='ocrx_word' id='word_1_75' title='bbox 1410 1182 1621 1248; x_wconf 90' lang='lat' dir='ltr'><strong>imperii</strong></span> <span class='ocrx_word' id='word_1_76' title='bbox 1658 1186 1770 1238; x_wconf 69' lang='lat' dir='ltr'><strong>(jaii</strong></span> <span class='ocrx_word' id='word_1_77' title='bbox 1801 1186 1976 1239; x_wconf 67' lang='lat' dir='ltr'><strong>Caesa-</strong></span> 
     </span>
    </p>
   </div>
   <div class='ocr_carea' id='block_1_14' title="bbox 420 1262 1975 1346">
    <p class='ocr_par' dir='ltr' id='par_1_14' title="bbox 420 1262 1975 1346">
     <span class='ocr_line' id='line_1_14' title="bbox 420 1262 1975 1346; baseline 0.014 -36"><span class='ocrx_word' id='word_1_78' title='bbox 420 1262 494 1313; x_wconf 83' lang='lat' dir='ltr'><strong>ris</strong></span> <span class='ocrx_word' id='word_1_79' title='bbox 522 1274 761 1329; x_wconf 84' lang='lat' dir='ltr'><strong>quatuor</strong></span> <span class='ocrx_word' id='word_1_80' title='bbox 790 1266 919 1319; x_wconf 89' lang='lat' dir='ltr'><strong>anni</strong></span> <span class='ocrx_word' id='word_1_81' title='bbox 946 1267 1262 1333; x_wconf 81' lang='lat' dir='ltr'><strong>elabuntur,</strong></span> <span class='ocrx_word' id='word_1_82' title='bbox 1326 1272 1565 1342; x_wconf 91' lang='lat' dir='ltr'><strong>itemque</strong></span> <span class='ocrx_word' id='word_1_83' title='bbox 1599 1275 1809 1329; x_wconf 81' lang='lat' dir='ltr'><strong>Claudii</strong></span> <span class='ocrx_word' id='word_1_84' title='bbox 1848 1293 1975 1346; x_wconf 85' lang='lat' dir='ltr'><strong>pro-</strong></span> 
     </span>
    </p>
   </div>
   <div class='ocr_carea' id='block_1_15' title="bbox 417 1350 1971 1428">
    <p class='ocr_par' dir='ltr' id='par_1_15' title="bbox 417 1350 1971 1428">
     <span class='ocr_line' id='line_1_15' title="bbox 417 1350 1971 1428; baseline 0.013 -31"><span class='ocrx_word' id='word_1_85' title='bbox 417 1350 706 1414; x_wconf 85' lang='lat' dir='ltr'><strong>pentodum</strong></span> <span class='ocrx_word' id='word_1_86' title='bbox 744 1352 805 1404; x_wconf 67' lang='grc'><strong>14</strong></span> <span class='ocrx_word' id='word_1_87' title='bbox 838 1355 989 1408; x_wconf 88' lang='lat' dir='ltr'><strong>anni.</strong></span> <span class='ocrx_word' id='word_1_88' title='bbox 1024 1355 1163 1409; x_wconf 83' lang='lat' dir='ltr'><strong>Huic</strong></span> <span class='ocrx_word' id='word_1_89' title='bbox 1189 1359 1241 1410; x_wconf 90' lang='lat' dir='ltr'><strong>in</strong></span> <span class='ocrx_word' id='word_1_90' title='bbox 1264 1359 1493 1427; x_wconf 89' lang='lat' dir='ltr'><strong>imperio</strong></span> <span class='ocrx_word' id='word_1_91' title='bbox 1520 1363 1971 1428; x_wconf 85' lang='lat' dir='ltr'><strong>successitNero,</strong></span> 
     </span>
    </p>
   </div>
   <div class='ocr_carea' id='block_1_16' title="bbox 414 1444 1976 1525">
    <p class='ocr_par' dir='ltr' id='par_1_16' title="bbox 414 1444 1976 1525">
     <span class='ocr_line' id='line_1_16' title="bbox 414 1444 1976 1525; baseline 0.011 -32"><span class='ocrx_word' id='word_1_92' title='bbox 414 1446 505 1507; x_wconf 78' lang='lat' dir='ltr'><strong>qui</strong></span> <span class='ocrx_word' id='word_1_93' title='bbox 536 1454 680 1495; x_wconf 84' lang='lat' dir='ltr'><strong>anno</strong></span> <span class='ocrx_word' id='word_1_94' title='bbox 712 1444 864 1509; x_wconf 83' lang='lat' dir='ltr'><strong>regni</strong></span> <span class='ocrx_word' id='word_1_95' title='bbox 896 1445 979 1498; x_wconf 90' lang='lat' dir='ltr'><strong>sui</strong></span> <span class='ocrx_word' id='word_1_96' title='bbox 1025 1446 1090 1499; x_wconf 82' lang='grc'><strong>15</strong></span> <span class='ocrx_word' id='word_1_97' title='bbox 1129 1447 1356 1502; x_wconf 89' lang='lat' dir='ltr'><strong>Paulum</strong></span> <span class='ocrx_word' id='word_1_98' title='bbox 1385 1452 1676 1507; x_wconf 87' lang='lat' dir='ltr'><strong>interfecit.</strong></span> <span class='ocrx_word' id='word_1_99' title='bbox 1728 1455 1976 1525; x_wconf 83' lang='lat' dir='ltr'><strong>Quapro-</strong></span> 
     </span>
    </p>
   </div>
   <div class='ocr_carea' id='block_1_17' title="bbox 415 1533 1971 1612">
    <p class='ocr_par' dir='ltr' id='par_1_17' title="bbox 415 1533 1971 1612">
     <span class='ocr_line' id='line_1_17' title="bbox 415 1533 1971 1612; baseline 0.013 -32"><span class='ocrx_word' id='word_1_100' title='bbox 415 1542 532 1596; x_wconf 78' lang='lat' dir='ltr'><strong>pter</strong></span> <span class='ocrx_word' id='word_1_101' title='bbox 560 1533 686 1584; x_wconf 90' lang='lat' dir='ltr'><strong>anni</strong></span> <span class='ocrx_word' id='word_1_102' title='bbox 721 1547 839 1587; x_wconf 83' lang='lat' dir='ltr'><strong>esse</strong></span> <span class='ocrx_word' id='word_1_103' title='bbox 888 1535 1106 1603; x_wconf 81' lang='lat' dir='ltr'><strong>triginta</strong></span> <span class='ocrx_word' id='word_1_104' title='bbox 1159 1539 1402 1609; x_wconf 86' lang='lat' dir='ltr'><strong>quinque</strong></span> <span class='ocrx_word' id='word_1_105' title='bbox 1462 1542 1971 1612; x_wconf 90' lang='lat' dir='ltr'><strong>deprehenduntur,</strong></span> 
     </span>
    </p>
   </div>
   <div class='ocr_carea' id='block_1_18' title="bbox 412 1622 1976 1702">
    <p class='ocr_par' dir='ltr' id='par_1_18' title="bbox 412 1622 1976 1702">
     <span class='ocr_line' id='line_1_18' title="bbox 412 1622 1976 1702; baseline 0.013 -30"><span class='ocrx_word' id='word_1_106' title='bbox 412 1635 551 1687; x_wconf 81' lang='lat' dir='ltr'><strong>quos</strong></span> <span class='ocrx_word' id='word_1_107' title='bbox 584 1622 637 1675; x_wconf 91' lang='lat' dir='ltr'><strong>in</strong></span> <span class='ocrx_word' id='word_1_108' title='bbox 679 1624 1068 1690; x_wconf 67' lang='lat' dir='ltr'><strong>praedicatione</strong></span> <span class='ocrx_word' id='word_1_109' title='bbox 1098 1628 1300 1683; x_wconf 80' lang='lat' dir='ltr'><strong>Paulus</strong></span> <span class='ocrx_word' id='word_1_110' title='bbox 1358 1636 1620 1702; x_wconf 78' lang='lat' dir='ltr'><strong>exegerit.</strong></span> <span class='ocrx_word' id='word_1_111' title='bbox 1685 1637 1818 1690; x_wconf 76' lang='lat' dir='ltr'><strong>Tam</strong></span> <span class='ocrx_word' id='word_1_112' title='bbox 1851 1638 1976 1692; x_wconf 90' lang='lat' dir='ltr'><strong>ddi-</strong></span> 
     </span>
    </p>
   </div>
   <div class='ocr_carea' id='block_1_19' title="bbox 412 1710 1971 1791">
    <p class='ocr_par' dir='ltr' id='par_1_19' title="bbox 412 1710 1971 1791">
     <span class='ocr_line' id='line_1_19' title="bbox 412 1710 1971 1791; baseline 0.013 -28"><span class='ocrx_word' id='word_1_113' title='bbox 412 1710 806 1776; x_wconf 49' lang='lat' dir='ltr'><strong>;genter&#39;autem</strong></span> <span class='ocrx_word' id='word_1_114' title='bbox 838 1716 1205 1773; x_wconf 85' lang='lat' dir='ltr'><strong>ministerium</strong></span> <span class='ocrx_word' id='word_1_115' title='bbox 1239 1737 1399 1776; x_wconf 90' lang='lat' dir='ltr'><strong>suum</strong></span> <span class='ocrx_word' id='word_1_116' title='bbox 1456 1724 1666 1791; x_wconf 88' lang='lat' dir='ltr'><strong>obibat,</strong></span> <span class='ocrx_word' id='word_1_117' title='bbox 1724 1735 1782 1781; x_wconf 93' lang='lat' dir='ltr'><strong>ut</strong></span> <span class='ocrx_word' id='word_1_118' title='bbox 1813 1728 1971 1782; x_wconf 85' lang='lat' dir='ltr'><strong>Iaco-</strong></span> 
     </span>
    </p>
   </div>
   <div class='ocr_carea' id='block_1_20' title="bbox 415 1806 1971 1887">
    <p class='ocr_par' dir='ltr' id='par_1_20' title="bbox 415 1806 1971 1887">
     <span class='ocr_line' id='line_1_20' title="bbox 415 1806 1971 1887; baseline 0.013 -35"><span class='ocrx_word' id='word_1_119' title='bbox 415 1806 539 1855; x_wconf 76' lang='lat' dir='ltr'><strong>hum</strong></span> <span class='ocrx_word' id='word_1_120' title='bbox 573 1817 793 1873; x_wconf 91' lang='lat' dir='ltr'><strong>quoque</strong></span> <span class='ocrx_word' id='word_1_121' title='bbox 834 1807 1052 1863; x_wconf 87' lang='lat' dir='ltr'><strong>Domini</strong></span> <span class='ocrx_word' id='word_1_122' title='bbox 1081 1808 1306 1866; x_wconf 89' lang='lat' dir='ltr'><strong>fratrem</strong></span> <span class='ocrx_word' id='word_1_123' title='bbox 1349 1816 1691 1881; x_wconf 84' lang='lat' dir='ltr'><strong>conveniret,</strong></span> <span class='ocrx_word' id='word_1_124' title='bbox 1742 1818 1971 1887; x_wconf 86' lang='lat' dir='ltr'><strong>ejusque</strong></span> 
     </span>
    </p>
   </div>
   <div class='ocr_carea' id='block_1_21' title="bbox 411 1892 1972 1966">
    <p class='ocr_par' dir='ltr' id='par_1_21' title="bbox 411 1892 1972 1966">
     <span class='ocr_line' id='line_1_21' title="bbox 411 1892 1972 1966; baseline 0.013 -23"><span class='ocrx_word' id='word_1_125' title='bbox 411 1892 700 1948; x_wconf 78' lang='lat' dir='ltr'><strong>consilium</strong></span> <span class='ocrx_word' id='word_1_126' title='bbox 731 1897 1049 1966; x_wconf 76' lang='lat' dir='ltr'><strong>exploraret</strong></span> <span class='ocrx_word' id='word_1_127' title='bbox 1093 1917 1223 1955; x_wconf 91' lang='lat' dir='ltr'><strong>num</strong></span> <span class='ocrx_word' id='word_1_128' title='bbox 1271 1917 1331 1958; x_wconf 86' lang='lat' dir='ltr'><strong>se</strong></span> <span class='ocrx_word' id='word_1_129' title='bbox 1368 1903 1593 1960; x_wconf 63' lang='lat' dir='ltr'><strong>tondere</strong></span> <span class='ocrx_word' id='word_1_130' title='bbox 1629 1921 1691 1961; x_wconf 89' lang='lat' dir='ltr'><strong>ac</strong></span> <span class='ocrx_word' id='word_1_131' title='bbox 1734 1909 1972 1963; x_wconf 80' lang='lat' dir='ltr'><strong>lustrare</strong></span> 
     </span>
    </p>
   </div>
   <div class='ocr_carea' id='block_1_22' title="bbox 410 1982 1188 2048">
    <p class='ocr_par' dir='ltr' id='par_1_22' title="bbox 410 1982 1188 2048">
     <span class='ocr_line' id='line_1_22' title="bbox 410 1982 1188 2048; baseline 0.009 -8"><span class='ocrx_word' id='word_1_132' title='bbox 410 1982 722 2040; x_wconf 66' lang='lat' dir='ltr'><strong>Iudaeorum</strong></span> <span class='ocrx_word' id='word_1_133' title='bbox 755 2002 918 2043; x_wconf 89' lang='lat' dir='ltr'><strong>causa</strong></span> <span class='ocrx_word' id='word_1_134' title='bbox 942 1990 1188 2048; x_wconf 83' lang='lat' dir='ltr'><strong>deberet.</strong></span> 
     </span>
    </p>
   </div>
   <div class='ocr_carea' id='block_1_23' title="bbox 486 2074 1971 2162">
    <p class='ocr_par' dir='ltr' id='par_1_23' title="bbox 486 2074 1971 2162">
     <span class='ocr_line' id='line_1_23' title="bbox 486 2074 1971 2162; baseline 0.014 -34"><span class='ocrx_word' id='word_1_135' title='bbox 486 2074 581 2131; x_wconf 91' lang='lat' dir='ltr'><strong>llic</strong></span> <span class='ocrx_word' id='word_1_136' title='bbox 639 2077 882 2135; x_wconf 63' lang='lat' dir='ltr'><strong>Iacobus</strong></span> <span class='ocrx_word' id='word_1_137' title='bbox 938 2083 1149 2151; x_wconf 92' lang='lat' dir='ltr'><strong>primus</strong></span> <span class='ocrx_word' id='word_1_138' title='bbox 1198 2086 1701 2160; x_wconf 78' lang='lat' dir='ltr'><strong>Hierosolymorum</strong></span> <span class='ocrx_word' id='word_1_139' title='bbox 1731 2093 1971 2162; x_wconf 80' lang='lat' dir='ltr'><strong>pontifex</strong></span> 
     </span>
    </p>
   </div>
   <div class='ocr_carea' id='block_1_24' title="bbox 413 2170 1973 2246">
    <p class='ocr_par' dir='ltr' id='par_1_24' title="bbox 413 2170 1973 2246">
     <span class='ocr_line' id='line_1_24' title="bbox 413 2170 1973 2246; baseline 0.014 -25"><span class='ocrx_word' id='word_1_140' title='bbox 413 2170 536 2235; x_wconf 80' lang='lat' dir='ltr'><strong>fuit,</strong></span> <span class='ocrx_word' id='word_1_141' title='bbox 569 2170 816 2230; x_wconf 84' lang='lat' dir='ltr'><strong>delecms</strong></span> <span class='ocrx_word' id='word_1_142' title='bbox 841 2175 906 2228; x_wconf 89' lang='lat' dir='ltr'><strong>ad</strong></span> <span class='ocrx_word' id='word_1_143' title='bbox 936 2176 1041 2231; x_wconf 87' lang='lat' dir='ltr'><strong>hoc</strong></span> <span class='ocrx_word' id='word_1_144' title='bbox 1066 2181 1332 2246; x_wconf 89' lang='lat' dir='ltr'><strong>muneris,</strong></span> <span class='ocrx_word' id='word_1_145' title='bbox 1360 2198 1425 2237; x_wconf 92' lang='lat' dir='ltr'><strong>ne</strong></span> <span class='ocrx_word' id='word_1_146' title='bbox 1444 2185 1638 2239; x_wconf 83' lang='lat' dir='ltr'><strong>Petrus</strong></span> <span class='ocrx_word' id='word_1_147' title='bbox 1664 2196 1718 2241; x_wconf 90' lang='lat' dir='ltr'><strong>et</strong></span> <span class='ocrx_word' id='word_1_148' title='bbox 1736 2188 1973 2243; x_wconf 81' lang='lat' dir='ltr'><strong>Joannes</strong></span> 
     </span>
    </p>
   </div>
   <div class='ocr_carea' id='block_1_25' title="bbox 412 2263 1971 2345">
    <p class='ocr_par' dir='ltr' id='par_1_25' title="bbox 412 2263 1971 2345">
     <span class='ocr_line' id='line_1_25' title="bbox 412 2263 1971 2345; baseline 0.012 -31"><span class='ocrx_word' id='word_1_149' title='bbox 412 2273 468 2321; x_wconf 76' lang='lat' dir='ltr'><strong>et</strong></span> <span class='ocrx_word' id='word_1_150' title='bbox 505 2263 739 2319; x_wconf 89' lang='lat' dir='ltr'><strong>Iacobus</strong></span> <span class='ocrx_word' id='word_1_151' title='bbox 770 2266 956 2334; x_wconf 53' lang='lat' dir='ltr'><strong>gloriae.</strong></span> <span class='ocrx_word' id='word_1_152' title='bbox 1014 2283 1178 2322; x_wconf 84' lang='lat' dir='ltr'><strong>causa</strong></span> <span class='ocrx_word' id='word_1_153' title='bbox 1233 2272 1652 2340; x_wconf 83' lang='lat' dir='ltr'><strong>contenderent,</strong></span> <span class='ocrx_word' id='word_1_154' title='bbox 1712 2279 1971 2345; x_wconf 81' lang='lat' dir='ltr'><strong>quemad-</strong></span> 
     </span>
    </p>
   </div>
   <div class='ocr_carea' id='block_1_26' title="bbox 414 2353 1970 2433">
    <p class='ocr_par' dir='ltr' id='par_1_26' title="bbox 414 2353 1970 2433">
     <span class='ocr_line' id='line_1_26' title="bbox 414 2353 1970 2433; baseline 0.01 -29"><span class='ocrx_word' id='word_1_155' title='bbox 414 2353 636 2409; x_wconf 85' lang='lat' dir='ltr'><strong>modum</strong></span> <span class='ocrx_word' id='word_1_156' title='bbox 667 2354 920 2409; x_wconf 85' lang='lat' dir='ltr'><strong>Clemens</strong></span> <span class='ocrx_word' id='word_1_157' title='bbox 959 2355 1049 2410; x_wconf 89' lang='lat' dir='ltr'><strong>ille</strong></span> <span class='ocrx_word' id='word_1_158' title='bbox 1084 2357 1427 2414; x_wconf 82' lang='lat' dir='ltr'><strong>Stromateus</strong></span> <span class='ocrx_word' id='word_1_159' title='bbox 1470 2364 1750 2418; x_wconf 61' lang='lat' dir='ltr'><strong>memoria?</strong></span> <span class='ocrx_word' id='word_1_160' title='bbox 1779 2367 1970 2433; x_wconf 88' lang='lat' dir='ltr'><strong>prodi-</strong></span> 
     </span>
    </p>
   </div>
   <div class='ocr_carea' id='block_1_27' title="bbox 413 2444 1971 2525">
    <p class='ocr_par' dir='ltr' id='par_1_27' title="bbox 413 2444 1971 2525">
     <span class='ocr_line' id='line_1_27' title="bbox 413 2444 1971 2525; baseline 0.011 -29"><span class='ocrx_word' id='word_1_161' title='bbox 413 2444 513 2499; x_wconf 89' lang='lat' dir='ltr'><strong>dit.</strong></span> <span class='ocrx_word' id='word_1_162' title='bbox 549 2445 812 2500; x_wconf 76' lang='lat' dir='ltr'><strong>Eumdem</strong></span> <span class='ocrx_word' id='word_1_163' title='bbox 852 2447 1119 2502; x_wconf 89' lang='lat' dir='ltr'><strong>Iacobum</strong></span> <span class='ocrx_word' id='word_1_164' title='bbox 1177 2459 1232 2504; x_wconf 89' lang='lat' dir='ltr'><strong>et</strong></span> <span class='ocrx_word' id='word_1_165' title='bbox 1273 2452 1482 2525; x_wconf 79' lang='lat' dir='ltr'><strong>justum</strong></span> <span class='ocrx_word' id='word_1_166' title='bbox 1537 2454 1752 2510; x_wconf 79' lang='lat' dir='ltr'><strong>virtutis</strong></span> <span class='ocrx_word' id='word_1_167' title='bbox 1806 2473 1971 2513; x_wconf 90' lang='lat' dir='ltr'><strong>causa</strong></span> 
     </span>
    </p>
   </div>
   <div class='ocr_carea' id='block_1_28' title="bbox 420 2536 1973 2615">
    <p class='ocr_par' dir='ltr' id='par_1_28' title="bbox 420 2536 1973 2615">
     <span class='ocr_line' id='line_1_28' title="bbox 420 2536 1973 2615; baseline 0.009 -27"><span class='ocrx_word' id='word_1_168' title='bbox 420 2536 832 2605; x_wconf 84' lang='lat' dir='ltr'><strong>nuncupabant.</strong></span> <span class='ocrx_word' id='word_1_169' title='bbox 862 2538 1070 2607; x_wconf 87' lang='lat' dir='ltr'><strong>Estque</strong></span> <span class='ocrx_word' id='word_1_170' title='bbox 1096 2540 1187 2594; x_wconf 87' lang='lat' dir='ltr'><strong>ille</strong></span> <span class='ocrx_word' id='word_1_171' title='bbox 1220 2541 1333 2609; x_wconf 90' lang='lat' dir='ltr'><strong>ipse</strong></span> <span class='ocrx_word' id='word_1_172' title='bbox 1363 2542 1453 2610; x_wconf 88' lang='lat' dir='ltr'><strong>qui</strong></span> <span class='ocrx_word' id='word_1_173' title='bbox 1483 2543 1550 2598; x_wconf 90' lang='lat' dir='ltr'><strong>de</strong></span> <span class='ocrx_word' id='word_1_174' title='bbox 1588 2545 1769 2615; x_wconf 86' lang='lat' dir='ltr'><strong>templi</strong></span> <span class='ocrx_word' id='word_1_175' title='bbox 1791 2547 1973 2614; x_wconf 89' lang='lat' dir='ltr'><strong>pinnis</strong></span> 
     </span>
    </p>
   </div>
   <div class='ocr_carea' id='block_1_29' title="bbox 414 2628 1971 2704">
    <p class='ocr_par' dir='ltr' id='par_1_29' title="bbox 414 2628 1971 2704">
     <span class='ocr_line' id='line_1_29' title="bbox 414 2628 1971 2704; baseline 0.01 -28"><span class='ocrx_word' id='word_1_176' title='bbox 414 2628 784 2696; x_wconf 60' lang='lat' dir='ltr'><strong>praecipitatus</strong></span> <span class='ocrx_word' id='word_1_177' title='bbox 833 2637 941 2694; x_wconf 83' lang='lat' dir='ltr'><strong>est,</strong></span> <span class='ocrx_word' id='word_1_178' title='bbox 989 2638 1045 2684; x_wconf 85' lang='lat' dir='ltr'><strong>et</strong></span> <span class='ocrx_word' id='word_1_179' title='bbox 1091 2631 1352 2685; x_wconf 83' lang='lat' dir='ltr'><strong>afullone</strong></span> <span class='ocrx_word' id='word_1_180' title='bbox 1403 2634 1549 2704; x_wconf 82' lang='lat' dir='ltr'><strong>ligno</strong></span> <span class='ocrx_word' id='word_1_181' title='bbox 1602 2636 1837 2704; x_wconf 88' lang='lat' dir='ltr'><strong>quodam</strong></span> <span class='ocrx_word' id='word_1_182' title='bbox 1898 2640 1971 2694; x_wconf 88' lang='lat' dir='ltr'><strong>ita</strong></span> 
     </span>
    </p>
   </div>
   <div class='ocr_carea' id='block_1_30' title="bbox 413 2720 1969 2794">
    <p class='ocr_par' dir='ltr' id='par_1_30' title="bbox 413 2720 1969 2794">
     <span class='ocr_line' id='line_1_30' title="bbox 413 2720 1969 2794; baseline 0.007 -23"><span class='ocrx_word' id='word_1_183' title='bbox 413 2720 781 2786; x_wconf 88' lang='lat' dir='ltr'><strong>percussusin</strong></span> <span class='ocrx_word' id='word_1_184' title='bbox 814 2730 981 2788; x_wconf 87' lang='lat' dir='ltr'><strong>caput</strong></span> <span class='ocrx_word' id='word_1_185' title='bbox 1010 2730 1069 2774; x_wconf 90' lang='lat' dir='ltr'><strong>ut</strong></span> <span class='ocrx_word' id='word_1_186' title='bbox 1113 2731 1442 2777; x_wconf 87' lang='lat' dir='ltr'><strong>moreretur.</strong></span> <span class='ocrx_word' id='word_1_187' title='bbox 1506 2726 1719 2780; x_wconf 88' lang='lat' dir='ltr'><strong>Etenim</strong></span> <span class='ocrx_word' id='word_1_188' title='bbox 1771 2728 1969 2794; x_wconf 66' lang='lat' dir='ltr'><strong>Iudaei,</strong></span> 
     </span>
    </p>
   </div>
   <div class='ocr_carea' id='block_1_31' title="bbox 412 2808 1973 2880">
    <p class='ocr_par' dir='ltr' id='par_1_31' title="bbox 412 2808 1973 2880">
     <span class='ocr_line' id='line_1_31' title="bbox 412 2808 1973 2880; baseline 0.006 -16"><span class='ocrx_word' id='word_1_189' title='bbox 412 2824 537 2864; x_wconf 81' lang='lat' dir='ltr'><strong>cum</strong></span> <span class='ocrx_word' id='word_1_190' title='bbox 569 2808 635 2862; x_wconf 90' lang='lat' dir='ltr'><strong>ad</strong></span> <span class='ocrx_word' id='word_1_191' title='bbox 669 2809 936 2864; x_wconf 78' lang='lat' dir='ltr'><strong>Caesarem</strong></span> <span class='ocrx_word' id='word_1_192' title='bbox 974 2811 1176 2866; x_wconf 87' lang='lat' dir='ltr'><strong>Paulus</strong></span> <span class='ocrx_word' id='word_1_193' title='bbox 1200 2824 1550 2880; x_wconf 83' lang='lat' dir='ltr'><strong>provocasset</strong></span> <span class='ocrx_word' id='word_1_194' title='bbox 1595 2825 1648 2869; x_wconf 91' lang='lat' dir='ltr'><strong>et</strong></span> <span class='ocrx_word' id='word_1_195' title='bbox 1695 2817 1762 2870; x_wconf 88' lang='lat' dir='ltr'><strong>ad</strong></span> <span class='ocrx_word' id='word_1_196' title='bbox 1794 2818 1973 2872; x_wconf 67' lang='lat' dir='ltr'><strong>Ca&#39;sa-</strong></span> 
     </span>
    </p>
   </div>
   <div class='ocr_carea' id='block_1_32' title="bbox 416 2902 1969 2978">
    <p class='ocr_par' dir='ltr' id='par_1_32' title="bbox 416 2902 1969 2978">
     <span class='ocr_line' id='line_1_32' title="bbox 416 2902 1969 2978; baseline 0.005 -21"><span class='ocrx_word' id='word_1_197' title='bbox 416 2919 528 2958; x_wconf 89' lang='lat' dir='ltr'><strong>rem</strong></span> <span class='ocrx_word' id='word_1_198' title='bbox 563 2902 772 2959; x_wconf 88' lang='lat' dir='ltr'><strong>aFesto</strong></span> <span class='ocrx_word' id='word_1_199' title='bbox 804 2914 1036 2974; x_wconf 68' lang='lat' dir='ltr'><strong>prmtore</strong></span> <span class='ocrx_word' id='word_1_200' title='bbox 1068 2906 1269 2961; x_wconf 90' lang='lat' dir='ltr'><strong>missus</strong></span> <span class='ocrx_word' id='word_1_201' title='bbox 1305 2918 1468 2973; x_wconf 87' lang='lat' dir='ltr'><strong>esset,</strong></span> <span class='ocrx_word' id='word_1_202' title='bbox 1529 2924 1624 2978; x_wconf 89' lang='lat' dir='ltr'><strong>spe</strong></span> <span class='ocrx_word' id='word_1_203' title='bbox 1694 2925 1789 2965; x_wconf 81' lang='lat' dir='ltr'><strong>Sua</strong></span> <span class='ocrx_word' id='word_1_204' title='bbox 1850 2912 1969 2965; x_wconf 81' lang='lat' dir='ltr'><strong>fru-</strong></span> 
     </span>
    </p>
   </div>
   <div class='ocr_carea' id='block_1_33' title="bbox 411 2996 1969 3067">
    <p class='ocr_par' dir='ltr' id='par_1_33' title="bbox 411 2996 1969 3067">
     <span class='ocr_line' id='line_1_33' title="bbox 411 2996 1969 3067; baseline 0.007 -20"><span class='ocrx_word' id='word_1_205' title='bbox 411 2996 569 3058; x_wconf 71' lang='lat' dir='ltr'><strong>strati</strong></span> <span class='ocrx_word' id='word_1_206' title='bbox 602 3003 825 3065; x_wconf 89' lang='lat' dir='ltr'><strong>propter</strong></span> <span class='ocrx_word' id='word_1_207' title='bbox 846 3012 1008 3067; x_wconf 86' lang='lat' dir='ltr'><strong>quam</strong></span> <span class='ocrx_word' id='word_1_208' title='bbox 1039 2997 1266 3053; x_wconf 85' lang='lat' dir='ltr'><strong>insidias</strong></span> <span class='ocrx_word' id='word_1_209' title='bbox 1293 2998 1343 3052; x_wconf 90' lang='lat' dir='ltr'><strong>ei</strong></span> <span class='ocrx_word' id='word_1_210' title='bbox 1374 3008 1708 3066; x_wconf 80' lang='lat' dir='ltr'><strong>struxerant,</strong></span> <span class='ocrx_word' id='word_1_211' title='bbox 1734 3004 1798 3057; x_wconf 90' lang='lat' dir='ltr'><strong>ad</strong></span> <span class='ocrx_word' id='word_1_212' title='bbox 1816 3004 1969 3058; x_wconf 85' lang='lat' dir='ltr'><strong>hunc</strong></span> 
     </span>
    </p>
   </div>
   <div class='ocr_carea' id='block_1_34' title="bbox 2082 556 3643 633">
    <p class='ocr_par' dir='ltr' id='par_1_34' title="bbox 2082 556 3643 633">
     <span class='ocr_line' id='line_1_34' title="bbox 2082 556 3643 633; baseline 0.004 -25"><span class='ocrx_word' id='word_1_213' title='bbox 2082 556 2441 625; x_wconf 75' lang='grc' dir='ltr'>διαληφθέντα</span> <span class='ocrx_word' id='word_1_214' title='bbox 2468 560 2765 629; x_wconf 84' lang='grc' dir='ltr'>τηνικαῦτα</span> <span class='ocrx_word' id='word_1_215' title='bbox 2798 564 3074 630; x_wconf 80' lang='grc' dir='ltr'>γεγόνασι.</span> <span class='ocrx_word' id='word_1_216' title='bbox 3103 563 3329 633; x_wconf 84' lang='grc' dir='ltr'>Τρέχειν</span> <span class='ocrx_word' id='word_1_217' title='bbox 3357 563 3556 631; x_wconf 69' lang='grc' dir='ltr'>ἤρξατο</span> <span class='ocrx_word' id='word_1_218' title='bbox 3582 564 3643 615; x_wconf 74' lang='grc' dir='ltr'>τὸ</span> 
     </span>
    </p>
   </div>
   <div class='ocr_carea' id='block_1_35' title="bbox 2083 642 3640 725">
    <p class='ocr_par' dir='ltr' id='par_1_35' title="bbox 2083 642 3640 725">
     <span class='ocr_line' id='line_1_35' title="bbox 2083 642 3640 725; baseline 0.006 -27"><span class='ocrx_word' id='word_1_219' title='bbox 2083 646 2287 711; x_wconf 78' lang='grc' dir='ltr'>ιϐ”ἐτος</span> <span class='ocrx_word' id='word_1_220' title='bbox 2317 650 2420 719; x_wconf 80' lang='grc' dir='ltr'>τῆς</span> <span class='ocrx_word' id='word_1_221' title='bbox 2454 652 2731 720; x_wconf 78' lang='grc' dir='ltr'><strong>βασιλείας</strong></span> <span class='ocrx_word' id='word_1_222' title='bbox 2764 642 3021 724; x_wconf 87' lang='grc' dir='ltr'>Τιϐερίου</span> <span class='ocrx_word' id='word_1_223' title='bbox 3058 656 3337 725; x_wconf 80' lang='grc' dir='ltr'>Καίσαρος</span> <span class='ocrx_word' id='word_1_224' title='bbox 3359 696 3379 717; x_wconf 75' lang='lat'><strong>,</strong></span> <span class='ocrx_word' id='word_1_225' title='bbox 3411 655 3506 709; x_wconf 72' lang='grc' dir='ltr'><strong>καὶ</strong></span> <span class='ocrx_word' id='word_1_226' title='bbox 3540 673 3640 720; x_wconf 87' lang='grc' dir='ltr'>κη-</span> 
     </span>
    </p>
   </div>
   <div class='ocr_carea' id='block_1_36' title="bbox 2081 736 3641 815">
    <p class='ocr_par' dir='ltr' id='par_1_36' title="bbox 2081 736 3641 815">
     <span class='ocr_line' id='line_1_36' title="bbox 2081 736 3641 815; baseline 0.006 -27"><span class='ocrx_word' id='word_1_227' title='bbox 2081 736 2302 805; x_wconf 68' lang='grc' dir='ltr'>ρύσσειν</span> <span class='ocrx_word' id='word_1_228' title='bbox 2335 742 2363 791; x_wconf 99' lang='lat'><strong>6</strong></span> <span class='ocrx_word' id='word_1_229' title='bbox 2405 740 2614 805; x_wconf 79' lang='grc' dir='ltr'><strong>Παῦλος</strong></span> <span class='ocrx_word' id='word_1_230' title='bbox 2654 742 2902 812; x_wconf 71' lang='grc' dir='ltr'>ἄρχεται,</span> <span class='ocrx_word' id='word_1_231' title='bbox 2934 745 3007 807; x_wconf 84' lang='grc' dir='ltr'><strong>ὡς</strong></span> <span class='ocrx_word' id='word_1_232' title='bbox 3047 745 3257 814; x_wconf 77' lang='grc' dir='ltr'><strong>ἱστορία</strong></span> <span class='ocrx_word' id='word_1_233' title='bbox 3298 745 3449 813; x_wconf 81' lang='grc' dir='ltr'>φησί.</span> <span class='ocrx_word' id='word_1_234' title='bbox 3486 746 3641 815; x_wconf 84' lang='grc' dir='ltr'>Διέρ-</span> 
     </span>
    </p>
   </div>
   <div class='ocr_carea' id='block_1_37' title="bbox 2078 831 3641 903">
    <p class='ocr_par' dir='ltr' id='par_1_37' title="bbox 2078 831 3641 903">
     <span class='ocr_line' id='line_1_37' title="bbox 2078 831 3641 903; baseline 0.007 -24"><span class='ocrx_word' id='word_1_235' title='bbox 2078 844 2264 897; x_wconf 81' lang='grc' dir='ltr'>χονται</span> <span class='ocrx_word' id='word_1_236' title='bbox 2289 832 2468 884; x_wconf 90' lang='grc' dir='ltr'>τοίνυν</span> <span class='ocrx_word' id='word_1_237' title='bbox 2492 832 2584 901; x_wconf 82' lang='grc' dir='ltr'><strong>ἐτη</strong></span> <span class='ocrx_word' id='word_1_238' title='bbox 2612 831 2654 887; x_wconf 87' lang='grc' dir='ltr'>δ’</span> <span class='ocrx_word' id='word_1_239' title='bbox 2675 833 2743 887; x_wconf 72' lang='grc' dir='ltr'><strong>τὰ</strong></span> <span class='ocrx_word' id='word_1_240' title='bbox 2768 834 3025 889; x_wconf 74' lang='grc' dir='ltr'>ἐπίλοιπα</span> <span class='ocrx_word' id='word_1_241' title='bbox 3050 834 3148 903; x_wconf 83' lang='grc' dir='ltr'>τῆς</span> <span class='ocrx_word' id='word_1_242' title='bbox 3179 835 3452 902; x_wconf 80' lang='grc' dir='ltr'>βασιλείας</span> <span class='ocrx_word' id='word_1_243' title='bbox 3478 837 3641 890; x_wconf 86' lang='grc' dir='ltr'>Τιϐε-</span> 
     </span>
    </p>
   </div>
   <div class='ocr_carea' id='block_1_38' title="bbox 2082 920 3642 996">
    <p class='ocr_par' dir='ltr' id='par_1_38' title="bbox 2082 920 3642 996">
     <span class='ocr_line' id='line_1_38' title="bbox 2082 920 3642 996; baseline 0.005 -25"><span class='ocrx_word' id='word_1_244' title='bbox 2082 920 2200 989; x_wconf 84' lang='grc' dir='ltr'>ρίου</span> <span class='ocrx_word' id='word_1_245' title='bbox 2218 937 2234 952; x_wconf 78' lang='grc' dir='ltr'><strong><em>ο</em></strong></span> <span class='ocrx_word' id='word_1_246' title='bbox 2264 923 2355 975; x_wconf 75' lang='grc' dir='ltr'>καὶ</span> <span class='ocrx_word' id='word_1_247' title='bbox 2380 923 2488 991; x_wconf 81' lang='grc' dir='ltr'>γὰρ</span> <span class='ocrx_word' id='word_1_248' title='bbox 2514 924 2685 976; x_wconf 68' lang='grc' dir='ltr'>εἴκοσι</span> <span class='ocrx_word' id='word_1_249' title='bbox 2708 925 2800 977; x_wconf 77' lang='grc' dir='ltr'>καὶ</span> <span class='ocrx_word' id='word_1_250' title='bbox 2824 925 2917 977; x_wconf 80' lang='grc' dir='ltr'>δύο</span> <span class='ocrx_word' id='word_1_251' title='bbox 2942 925 3035 995; x_wconf 79' lang='grc' dir='ltr'><strong>ἐτη</strong></span> <span class='ocrx_word' id='word_1_252' title='bbox 3060 924 3130 978; x_wconf 84' lang='grc' dir='ltr'><strong>τὰ</strong></span> <span class='ocrx_word' id='word_1_253' title='bbox 3156 926 3332 979; x_wconf 82' lang='grc' dir='ltr'>πάντα</span> <span class='ocrx_word' id='word_1_254' title='bbox 3358 927 3642 996; x_wconf 76' lang='grc' dir='ltr'>κρατήσας</span> 
     </span>
    </p>
   </div>
   <div class='ocr_carea' id='block_1_39' title="bbox 2081 1006 3639 1085">
    <p class='ocr_par' dir='ltr' id='par_1_39' title="bbox 2081 1006 3639 1085">
     <span class='ocr_line' id='line_1_39' title="bbox 2081 1006 3639 1085; baseline 0.008 -28"><span class='ocrx_word' id='word_1_255' title='bbox 2081 1006 2416 1074; x_wconf 83' lang='grc' dir='ltr'>εὑρίσκεται.</span> <span class='ocrx_word' id='word_1_256' title='bbox 2451 1012 2768 1081; x_wconf 86' lang='grc' dir='ltr'>Διὲρχονται</span> <span class='ocrx_word' id='word_1_257' title='bbox 2800 1012 2857 1065; x_wconf 81' lang='grc' dir='ltr'>δὲ</span> <span class='ocrx_word' id='word_1_258' title='bbox 2890 1013 3090 1083; x_wconf 84' lang='grc' dir='ltr'>ὁμοίως</span> <span class='ocrx_word' id='word_1_259' title='bbox 3125 1016 3218 1067; x_wconf 74' lang='grc' dir='ltr'>καὶ</span> <span class='ocrx_word' id='word_1_260' title='bbox 3251 1016 3317 1068; x_wconf 83' lang='grc' dir='ltr'><strong>τὰ</strong></span> <span class='ocrx_word' id='word_1_261' title='bbox 3350 1016 3447 1085; x_wconf 78' lang='grc' dir='ltr'>τῆς</span> <span class='ocrx_word' id='word_1_262' title='bbox 3483 1015 3639 1084; x_wconf 83' lang='grc' dir='ltr'>βασι-</span> 
     </span>
    </p>
   </div>
   <div class='ocr_carea' id='block_1_40' title="bbox 2080 1096 3641 1177">
    <p class='ocr_par' dir='ltr' id='par_1_40' title="bbox 2080 1096 3641 1177">
     <span class='ocr_line' id='line_1_40' title="bbox 2080 1096 3641 1177; baseline 0.007 -29"><span class='ocrx_word' id='word_1_263' title='bbox 2080 1096 2228 1159; x_wconf 87' lang='grc' dir='ltr'>λείας</span> <span class='ocrx_word' id='word_1_264' title='bbox 2256 1099 2418 1150; x_wconf 74' lang='grc' dir='ltr'>Γαΐου</span> <span class='ocrx_word' id='word_1_265' title='bbox 2448 1101 2541 1169; x_wconf 79' lang='grc' dir='ltr'>ἔτη</span> <span class='ocrx_word' id='word_1_266' title='bbox 2570 1100 2635 1167; x_wconf 83' lang='grc' dir='ltr'>δ’,</span> <span class='ocrx_word' id='word_1_267' title='bbox 2663 1104 2757 1157; x_wconf 75' lang='grc' dir='ltr'>καὶ</span> <span class='ocrx_word' id='word_1_268' title='bbox 2786 1104 3057 1158; x_wconf 79' lang='grc' dir='ltr'>Κλαυδίου</span> <span class='ocrx_word' id='word_1_269' title='bbox 3086 1105 3142 1158; x_wconf 85' lang='grc' dir='ltr'><strong>δέ</strong></span> <span class='ocrx_word' id='word_1_270' title='bbox 3167 1105 3367 1174; x_wconf 82' lang='grc' dir='ltr'>ὁμοίως</span> <span class='ocrx_word' id='word_1_271' title='bbox 3396 1107 3609 1177; x_wconf 83' lang='grc' dir='ltr'>διέρχον</span> <span class='ocrx_word' id='word_1_272' title='bbox 3628 1136 3641 1147; x_wconf 87' lang='lat'><strong>-</strong></span> 
     </span>
    </p>
   </div>
   <div class='ocr_carea' id='block_1_41' title="bbox 2077 1192 3642 1269">
    <p class='ocr_par' dir='ltr' id='par_1_41' title="bbox 2077 1192 3642 1269">
     <span class='ocr_line' id='line_1_41' title="bbox 2077 1192 3642 1269; baseline 0.007 -26"><span class='ocrx_word' id='word_1_273' title='bbox 2077 1209 2169 1245; x_wconf 87' lang='grc' dir='ltr'><strong>ται</strong></span> <span class='ocrx_word' id='word_1_274' title='bbox 2196 1192 2291 1260; x_wconf 82' lang='grc' dir='ltr'><strong>ἐτη</strong></span> <span class='ocrx_word' id='word_1_275' title='bbox 2318 1194 2449 1247; x_wconf 73' lang='grc' dir='ltr'>ὡσεὶ</span> <span class='ocrx_word' id='word_1_276' title='bbox 2482 1194 2565 1251; x_wconf 86' lang='grc' dir='ltr'>ιδ’.</span> <span class='ocrx_word' id='word_1_277' title='bbox 2593 1197 2795 1250; x_wconf 87' lang='grc' dir='ltr'>Τοῦτον</span> <span class='ocrx_word' id='word_1_278' title='bbox 2818 1200 2845 1250; x_wconf 90' lang='lat'><strong>6</strong></span> <span class='ocrx_word' id='word_1_279' title='bbox 2874 1198 3063 1269; x_wconf 89' lang='grc' dir='ltr'>Νέρων</span> <span class='ocrx_word' id='word_1_280' title='bbox 3091 1198 3412 1269; x_wconf 81' lang='grc' dir='ltr'>διαδέχεται,</span> <span class='ocrx_word' id='word_1_281' title='bbox 3443 1202 3534 1253; x_wconf 81' lang='grc' dir='ltr'>καὶ</span> <span class='ocrx_word' id='word_1_282' title='bbox 3566 1200 3642 1269; x_wconf 77' lang='grc' dir='ltr'>τῷ</span> 
     </span>
    </p>
   </div>
   <div class='ocr_carea' id='block_1_42' title="bbox 2080 1282 3637 1356">
    <p class='ocr_par' dir='ltr' id='par_1_42' title="bbox 2080 1282 3637 1356">
     <span class='ocr_line' id='line_1_42' title="bbox 2080 1282 3637 1356; baseline 0.006 -23"><span class='ocrx_word' id='word_1_283' title='bbox 2080 1288 2147 1347; x_wconf 88' lang='grc' dir='ltr'><strong>ιγ’</strong></span> <span class='ocrx_word' id='word_1_284' title='bbox 2172 1282 2280 1335; x_wconf 79' lang='grc' dir='ltr'>ἐτει</span> <span class='ocrx_word' id='word_1_285' title='bbox 2312 1285 2411 1352; x_wconf 78' lang='grc' dir='ltr'>τῆς</span> <span class='ocrx_word' id='word_1_286' title='bbox 2444 1284 2609 1338; x_wconf 81' lang='grc' dir='ltr'>αὐτοῦ</span> <span class='ocrx_word' id='word_1_287' title='bbox 2649 1286 2924 1355; x_wconf 82' lang='grc' dir='ltr'>βασιλείας</span> <span class='ocrx_word' id='word_1_288' title='bbox 2944 1288 3156 1356; x_wconf 86' lang='grc' dir='ltr'>ἀναιρεῖ</span> <span class='ocrx_word' id='word_1_289' title='bbox 3184 1289 3275 1341; x_wconf 80' lang='grc' dir='ltr'>τὸν</span> <span class='ocrx_word' id='word_1_290' title='bbox 3294 1287 3637 1342; x_wconf 78' lang='grc' dir='ltr'>Ἀπόστολον.</span> 
     </span>
    </p>
   </div>
   <div class='ocr_carea' id='block_1_43' title="bbox 2079 1374 3643 1448">
    <p class='ocr_par' dir='ltr' id='par_1_43' title="bbox 2079 1374 3643 1448">
     <span class='ocr_line' id='line_1_43' title="bbox 2079 1374 3643 1448; baseline 0.004 -23"><span class='ocrx_word' id='word_1_291' title='bbox 2079 1374 2384 1441; x_wconf 83' lang='grc' dir='ltr'>Τριάκοντα</span> <span class='ocrx_word' id='word_1_292' title='bbox 2420 1375 2604 1428; x_wconf 78' lang='grc' dir='ltr'>λοιπὸν</span> <span class='ocrx_word' id='word_1_293' title='bbox 2645 1377 2739 1430; x_wconf 66' lang='grc' dir='ltr'>καὶ</span> <span class='ocrx_word' id='word_1_294' title='bbox 2776 1377 2939 1430; x_wconf 81' lang='grc' dir='ltr'>πέντε</span> <span class='ocrx_word' id='word_1_295' title='bbox 2979 1378 3319 1447; x_wconf 83' lang='grc' dir='ltr'>εὑρίσκονται</span> <span class='ocrx_word' id='word_1_296' title='bbox 3355 1380 3423 1432; x_wconf 81' lang='grc' dir='ltr'>τὰ</span> <span class='ocrx_word' id='word_1_297' title='bbox 3457 1379 3547 1448; x_wconf 81' lang='grc' dir='ltr'>ἔτη</span> <span class='ocrx_word' id='word_1_298' title='bbox 3585 1380 3643 1432; x_wconf 86' lang='grc' dir='ltr'><strong>ἐν</strong></span> 
     </span>
    </p>
   </div>
   <div class='ocr_carea' id='block_1_44' title="bbox 2077 1457 3642 1536">
    <p class='ocr_par' dir='ltr' id='par_1_44' title="bbox 2077 1457 3642 1536">
     <span class='ocr_line' id='line_1_44' title="bbox 2077 1457 3642 1536; baseline 0.004 -21"><span class='ocrx_word' id='word_1_299' title='bbox 2077 1457 2156 1525; x_wconf 75' lang='grc' dir='ltr'><strong>οἷς</strong></span> <span class='ocrx_word' id='word_1_300' title='bbox 2200 1465 2227 1516; x_wconf 93' lang='lat'><strong>6</strong></span> <span class='ocrx_word' id='word_1_301' title='bbox 2273 1464 2485 1528; x_wconf 82' lang='grc' dir='ltr'>Παῦλος</span> <span class='ocrx_word' id='word_1_302' title='bbox 2529 1465 2788 1536; x_wconf 82' lang='grc' dir='ltr'>ἐκήρυξε.</span> <span class='ocrx_word' id='word_1_303' title='bbox 2828 1467 3093 1521; x_wconf 81' lang='grc' dir='ltr'>Τοσοῦτον</span> <span class='ocrx_word' id='word_1_304' title='bbox 3129 1468 3184 1520; x_wconf 87' lang='grc' dir='ltr'>δὲ</span> <span class='ocrx_word' id='word_1_305' title='bbox 3224 1468 3290 1522; x_wconf 73' lang='grc' dir='ltr'><strong>τὰ</strong></span> <span class='ocrx_word' id='word_1_306' title='bbox 3334 1468 3431 1536; x_wconf 86' lang='grc' dir='ltr'>τῆς</span> <span class='ocrx_word' id='word_1_307' title='bbox 3475 1468 3642 1522; x_wconf 85' lang='grc' dir='ltr'>αὐτοῦ</span> 
     </span>
    </p>
   </div>
   <div class='ocr_carea' id='block_1_45' title="bbox 2081 1552 3642 1624">
    <p class='ocr_par' dir='ltr' id='par_1_45' title="bbox 2081 1552 3642 1624">
     <span class='ocr_line' id='line_1_45' title="bbox 2081 1552 3642 1624; baseline 0.003 -21"><span class='ocrx_word' id='word_1_308' title='bbox 2081 1552 2484 1622; x_wconf 79' lang='grc' dir='ltr'>μετεχειρίζετο</span> <span class='ocrx_word' id='word_1_309' title='bbox 2519 1553 2828 1619; x_wconf 83' lang='grc' dir='ltr'>διακονίας,</span> <span class='ocrx_word' id='word_1_310' title='bbox 2858 1555 2933 1617; x_wconf 81' lang='grc' dir='ltr'>ὥς</span> <span class='ocrx_word' id='word_1_311' title='bbox 2968 1555 3062 1608; x_wconf 82' lang='grc' dir='ltr'>καὶ</span> <span class='ocrx_word' id='word_1_312' title='bbox 3097 1556 3233 1624; x_wconf 79' lang='grc' dir='ltr'>πρὸς</span> <span class='ocrx_word' id='word_1_313' title='bbox 3269 1556 3521 1609; x_wconf 87' lang='grc' dir='ltr'>Ἰάκωϐον</span> <span class='ocrx_word' id='word_1_314' title='bbox 3552 1556 3642 1608; x_wconf 78' lang='grc' dir='ltr'><strong>τὸν</strong></span> 
     </span>
    </p>
   </div>
   <div class='ocr_carea' id='block_1_46' title="bbox 2077 1642 3644 1716">
    <p class='ocr_par' dir='ltr' id='par_1_46' title="bbox 2077 1642 3644 1716">
     <span class='ocr_line' id='line_1_46' title="bbox 2077 1642 3644 1716; baseline 0.002 -21"><span class='ocrx_word' id='word_1_315' title='bbox 2077 1642 2396 1711; x_wconf 75' lang='grc' dir='ltr'>ἀδελφὸθεον</span> <span class='ocrx_word' id='word_1_316' title='bbox 2435 1644 2696 1698; x_wconf 82' lang='grc' dir='ltr'>εἰσελθεῖν</span> <span class='ocrx_word' id='word_1_317' title='bbox 2735 1645 2830 1698; x_wconf 83' lang='grc' dir='ltr'><strong>καὶ</strong></span> <span class='ocrx_word' id='word_1_318' title='bbox 2873 1644 3180 1716; x_wconf 80' lang='grc' dir='ltr'>συμϐουλὴν</span> <span class='ocrx_word' id='word_1_319' title='bbox 3216 1647 3274 1712; x_wconf 80' lang='grc' dir='ltr'>ἐξ</span> <span class='ocrx_word' id='word_1_320' title='bbox 3314 1646 3521 1699; x_wconf 89' lang='grc' dir='ltr'>ἐκείνου</span> <span class='ocrx_word' id='word_1_321' title='bbox 3561 1647 3644 1699; x_wconf 84' lang='grc' dir='ltr'>δέ-</span> 
     </span>
    </p>
   </div>
   <div class='ocr_carea' id='block_1_47' title="bbox 2079 1734 3643 1813">
    <p class='ocr_par' dir='ltr' id='par_1_47' title="bbox 2079 1734 3643 1813">
     <span class='ocr_line' id='line_1_47' title="bbox 2079 1734 3643 1813; baseline 0.003 -26"><span class='ocrx_word' id='word_1_322' title='bbox 2079 1735 2271 1800; x_wconf 82' lang='grc' dir='ltr'>ξασθαι</span> <span class='ocrx_word' id='word_1_323' title='bbox 2329 1734 2630 1806; x_wconf 81' lang='grc' dir='ltr'>ξυρηθῆναι</span> <span class='ocrx_word' id='word_1_324' title='bbox 2686 1737 2780 1789; x_wconf 72' lang='grc' dir='ltr'>καὶ</span> <span class='ocrx_word' id='word_1_325' title='bbox 2835 1736 3156 1813; x_wconf 78' lang='grc' dir='ltr'>ἁγνισθῆναι</span> <span class='ocrx_word' id='word_1_326' title='bbox 3212 1737 3322 1791; x_wconf 85' lang='grc' dir='ltr'><strong>τῶν</strong></span> <span class='ocrx_word' id='word_1_327' title='bbox 3376 1736 3643 1794; x_wconf 84' lang='grc' dir='ltr'>Ἰουδαίων</span> 
     </span>
    </p>
   </div>
   <div class='ocr_carea' id='block_1_48' title="bbox 2076 1826 2280 1885">
    <p class='ocr_par' dir='ltr' id='par_1_48' title="bbox 2076 1826 2280 1885">
     <span class='ocr_line' id='line_1_48' title="bbox 2076 1826 2280 1885; baseline 0 -6"><span class='ocrx_word' id='word_1_328' title='bbox 2076 1826 2280 1885; x_wconf 74' lang='grc' dir='ltr'>ἕνεκεν.</span> 
     </span>
    </p>
   </div>
   <div class='ocr_carea' id='block_1_49' title="bbox 2146 2087 3638 2163">
    <p class='ocr_par' dir='ltr' id='par_1_49' title="bbox 2146 2087 3638 2163">
     <span class='ocr_line' id='line_1_49' title="bbox 2146 2087 3638 2163; baseline 0 -17"><span class='ocrx_word' id='word_1_329' title='bbox 2146 2087 2312 2155; x_wconf 79' lang='grc' dir='ltr'>Οὗτος</span> <span class='ocrx_word' id='word_1_330' title='bbox 2341 2094 2368 2145; x_wconf 92' lang='lat'><strong>6</strong></span> <span class='ocrx_word' id='word_1_331' title='bbox 2402 2091 2658 2153; x_wconf 74' lang='grc' dir='ltr'>Ἰάκωϐος</span> <span class='ocrx_word' id='word_1_332' title='bbox 2689 2092 2980 2163; x_wconf 79' lang='grc' dir='ltr'>ἀρχιερεὺς</span> <span class='ocrx_word' id='word_1_333' title='bbox 3009 2091 3396 2161; x_wconf 76' lang='grc' dir='ltr'>Ἰεροσολύμων</span> <span class='ocrx_word' id='word_1_334' title='bbox 3421 2090 3638 2163; x_wconf 82' lang='grc' dir='ltr'>πρῶτος</span> 
     </span>
    </p>
   </div>
   <div class='ocr_carea' id='block_1_50' title="bbox 2073 2180 3637 2254">
    <p class='ocr_par' dir='ltr' id='par_1_50' title="bbox 2073 2180 3637 2254">
     <span class='ocr_line' id='line_1_50' title="bbox 2073 2180 3637 2254; baseline 0 -18"><span class='ocrx_word' id='word_1_335' title='bbox 2073 2183 2411 2254; x_wconf 75' lang='grc' dir='ltr'>ἐχρημάτισε</span> <span class='ocrx_word' id='word_1_336' title='bbox 2437 2200 2452 2214; x_wconf 76' lang='grc' dir='ltr'><strong><em>ο</em></strong></span> <span class='ocrx_word' id='word_1_337' title='bbox 2485 2182 2800 2252; x_wconf 86' lang='grc' dir='ltr'>προείλοντο</span> <span class='ocrx_word' id='word_1_338' title='bbox 2829 2183 2938 2253; x_wconf 82' lang='grc' dir='ltr'><strong>γὰρ</strong></span> <span class='ocrx_word' id='word_1_339' title='bbox 2965 2180 3126 2237; x_wconf 81' lang='grc' dir='ltr'>αὐτὸν</span> <span class='ocrx_word' id='word_1_340' title='bbox 3155 2182 3294 2237; x_wconf 84' lang='grc' dir='ltr'>ὥστε</span> <span class='ocrx_word' id='word_1_341' title='bbox 3326 2183 3402 2253; x_wconf 80' lang='grc' dir='ltr'>μὴ</span> <span class='ocrx_word' id='word_1_342' title='bbox 3432 2184 3637 2253; x_wconf 82' lang='grc' dir='ltr'>Πέτρον</span> 
     </span>
    </p>
   </div>
   <div class='ocr_carea' id='block_1_51' title="bbox 2073 2272 3636 2345">
    <p class='ocr_par' dir='ltr' id='par_1_51' title="bbox 2073 2272 3636 2345">
     <span class='ocr_line' id='line_1_51' title="bbox 2073 2272 3636 2345; baseline -0.002 -17"><span class='ocrx_word' id='word_1_343' title='bbox 2073 2275 2169 2329; x_wconf 59' lang='grc' dir='ltr'><strong>καὶ⁴</strong></span> <span class='ocrx_word' id='word_1_344' title='bbox 2205 2275 2462 2343; x_wconf 82' lang='grc' dir='ltr'>Ἰωάννην</span> <span class='ocrx_word' id='word_1_345' title='bbox 2495 2275 2590 2327; x_wconf 73' lang='grc' dir='ltr'>καὶ</span> <span class='ocrx_word' id='word_1_346' title='bbox 2625 2274 2881 2328; x_wconf 86' lang='grc' dir='ltr'>Ἰάκωϐον</span> <span class='ocrx_word' id='word_1_347' title='bbox 2917 2272 3072 2345; x_wconf 78' lang='grc' dir='ltr'>δόξης</span> <span class='ocrx_word' id='word_1_348' title='bbox 3106 2274 3290 2327; x_wconf 72' lang='grc' dir='ltr'>ἕνεκεν</span> <span class='ocrx_word' id='word_1_349' title='bbox 3326 2275 3636 2338; x_wconf 76' lang='grc' dir='ltr'>ἐπιδικάζε-</span> 
     </span>
    </p>
   </div>
   <div class='ocr_carea' id='block_1_52' title="bbox 2078 2364 3636 2434">
    <p class='ocr_par' dir='ltr' id='par_1_52' title="bbox 2078 2364 3636 2434">
     <span class='ocr_line' id='line_1_52' title="bbox 2078 2364 3636 2434; baseline -0.003 -16"><span class='ocrx_word' id='word_1_350' title='bbox 2078 2365 2225 2429; x_wconf 85' lang='grc' dir='ltr'>σθαι,</span> <span class='ocrx_word' id='word_1_351' title='bbox 2261 2364 2405 2419; x_wconf 86' lang='grc' dir='ltr'>καθὰ</span> <span class='ocrx_word' id='word_1_352' title='bbox 2441 2364 2674 2434; x_wconf 85' lang='grc' dir='ltr'>Κλήμης</span> <span class='ocrx_word' id='word_1_353' title='bbox 2717 2364 2747 2416; x_wconf 88' lang='lat'><strong>6</strong></span> <span class='ocrx_word' id='word_1_354' title='bbox 2772 2364 3135 2433; x_wconf 76' lang='grc' dir='ltr'>Στρωματεὺς</span> <span class='ocrx_word' id='word_1_355' title='bbox 3173 2365 3395 2433; x_wconf 78' lang='grc' dir='ltr'>ίστορεῖ.</span> <span class='ocrx_word' id='word_1_356' title='bbox 3434 2365 3636 2417; x_wconf 91' lang='grc' dir='ltr'>Τοῦτον</span> 
     </span>
    </p>
   </div>
   <div class='ocr_carea' id='block_1_53' title="bbox 2078 2451 3635 2521">
    <p class='ocr_par' dir='ltr' id='par_1_53' title="bbox 2078 2451 3635 2521">
     <span class='ocr_line' id='line_1_53' title="bbox 2078 2451 3635 2521; baseline -0.001 -16"><span class='ocrx_word' id='word_1_357' title='bbox 2078 2453 2260 2521; x_wconf 84' lang='grc' dir='ltr'>μέντοι</span> <span class='ocrx_word' id='word_1_358' title='bbox 2290 2453 2382 2505; x_wconf 78' lang='grc' dir='ltr'><strong>τὸν</strong></span> <span class='ocrx_word' id='word_1_359' title='bbox 2411 2452 2666 2505; x_wconf 87' lang='grc' dir='ltr'>Ἰάκωϐον</span> <span class='ocrx_word' id='word_1_360' title='bbox 2691 2453 2784 2504; x_wconf 74' lang='grc' dir='ltr'>καὶ</span> <span class='ocrx_word' id='word_1_361' title='bbox 2810 2452 3020 2505; x_wconf 87' lang='grc' dir='ltr'>δίκαιον</span> <span class='ocrx_word' id='word_1_362' title='bbox 3049 2452 3276 2505; x_wconf 78' lang='grc' dir='ltr'>ἐκάλουν</span> <span class='ocrx_word' id='word_1_363' title='bbox 3302 2453 3388 2505; x_wconf 83' lang='grc' dir='ltr'>διὰ</span> <span class='ocrx_word' id='word_1_364' title='bbox 3415 2452 3512 2521; x_wconf 85' lang='grc' dir='ltr'>τὴν</span> <span class='ocrx_word' id='word_1_365' title='bbox 3540 2451 3635 2505; x_wconf 77' lang='lat' dir='ltr'><strong>a6—</strong></span> 
     </span>
    </p>
   </div>
   <div class='ocr_carea' id='block_1_54' title="bbox 2073 2535 3631 2612">
    <p class='ocr_par' dir='ltr' id='par_1_54' title="bbox 2073 2535 3631 2612">
     <span class='ocr_line' id='line_1_54' title="bbox 2073 2535 3631 2612; baseline -0.004 -17"><span class='ocrx_word' id='word_1_366' title='bbox 2073 2542 2167 2595; x_wconf 89' lang='grc' dir='ltr'><strong>τοῦ</strong></span> <span class='ocrx_word' id='word_1_367' title='bbox 2198 2542 2416 2612; x_wconf 78' lang='grc' dir='ltr'>ἀρετήν.</span> <span class='ocrx_word' id='word_1_368' title='bbox 2448 2535 2614 2602; x_wconf 77' lang='grc' dir='ltr'>Οὗτός</span> <span class='ocrx_word' id='word_1_369' title='bbox 2648 2541 2797 2592; x_wconf 84' lang='grc' dir='ltr'>ἐστιν</span> <span class='ocrx_word' id='word_1_370' title='bbox 2825 2542 2853 2593; x_wconf 94' lang='lat'><strong>6</strong></span> <span class='ocrx_word' id='word_1_371' title='bbox 2882 2540 3021 2593; x_wconf 87' lang='grc' dir='ltr'>κατὰ</span> <span class='ocrx_word' id='word_1_372' title='bbox 3050 2540 3143 2592; x_wconf 87' lang='grc' dir='ltr'><strong>τοῦ</strong></span> <span class='ocrx_word' id='word_1_373' title='bbox 3174 2539 3472 2606; x_wconf 85' lang='grc' dir='ltr'>πτερυγίου</span> <span class='ocrx_word' id='word_1_374' title='bbox 3503 2538 3631 2607; x_wconf 84' lang='grc' dir='ltr'>βλη-</span> 
     </span>
    </p>
   </div>
   <div class='ocr_carea' id='block_1_55' title="bbox 2075 2629 3632 2699">
    <p class='ocr_par' dir='ltr' id='par_1_55' title="bbox 2075 2629 3632 2699">
     <span class='ocr_line' id='line_1_55' title="bbox 2075 2629 3632 2699; baseline -0.002 -14"><span class='ocrx_word' id='word_1_375' title='bbox 2075 2632 2189 2693; x_wconf 77' lang='grc' dir='ltr'>θεὶς</span> <span class='ocrx_word' id='word_1_376' title='bbox 2213 2632 2307 2685; x_wconf 76' lang='grc' dir='ltr'><strong>καὶ</strong></span> <span class='ocrx_word' id='word_1_377' title='bbox 2333 2631 2484 2699; x_wconf 82' lang='grc' dir='ltr'>παρὰ</span> <span class='ocrx_word' id='word_1_378' title='bbox 2500 2630 2593 2683; x_wconf 90' lang='grc' dir='ltr'><strong>τοῦ</strong></span> <span class='ocrx_word' id='word_1_379' title='bbox 2617 2630 2864 2699; x_wconf 82' lang='grc' dir='ltr'>κναφέως</span> <span class='ocrx_word' id='word_1_380' title='bbox 2885 2629 3028 2699; x_wconf 82' lang='grc' dir='ltr'><strong>ξύλῳ</strong></span> <span class='ocrx_word' id='word_1_381' title='bbox 3051 2631 3277 2698; x_wconf 68' lang='grc' dir='ltr'>πληγεὶς</span> <span class='ocrx_word' id='word_1_382' title='bbox 3301 2631 3441 2683; x_wconf 81' lang='grc' dir='ltr'>κατὰ</span> <span class='ocrx_word' id='word_1_383' title='bbox 3464 2646 3632 2698; x_wconf 83' lang='grc' dir='ltr'>κεφα-</span> 
     </span>
    </p>
   </div>
   <div class='ocr_carea' id='block_1_56' title="bbox 2074 2720 3632 2790">
    <p class='ocr_par' dir='ltr' id='par_1_56' title="bbox 2074 2720 3632 2790">
     <span class='ocr_line' id='line_1_56' title="bbox 2074 2720 3632 2790; baseline -0.001 -17"><span class='ocrx_word' id='word_1_384' title='bbox 2074 2722 2171 2786; x_wconf 85' lang='grc' dir='ltr'>λῆς</span> <span class='ocrx_word' id='word_1_385' title='bbox 2199 2722 2279 2783; x_wconf 83' lang='grc' dir='ltr'><strong>είς</strong></span> <span class='ocrx_word' id='word_1_386' title='bbox 2310 2720 2559 2773; x_wconf 81' lang='grc' dir='ltr'>θάνατον.</span> <span class='ocrx_word' id='word_1_387' title='bbox 2599 2720 2845 2779; x_wconf 77' lang='grc' dir='ltr'>Ἰουδαῖοι</span> <span class='ocrx_word' id='word_1_388' title='bbox 2874 2721 2979 2790; x_wconf 84' lang='grc' dir='ltr'>γὰρ</span> <span class='ocrx_word' id='word_1_389' title='bbox 3007 2720 3101 2774; x_wconf 89' lang='grc' dir='ltr'><strong>τοῦ</strong></span> <span class='ocrx_word' id='word_1_390' title='bbox 3133 2721 3345 2773; x_wconf 84' lang='grc' dir='ltr'>Παύλου</span> <span class='ocrx_word' id='word_1_391' title='bbox 3378 2720 3632 2789; x_wconf 79' lang='grc' dir='ltr'>Καίσαρα</span> 
     </span>
    </p>
   </div>
   <div class='ocr_carea' id='block_1_57' title="bbox 2044 2796 3632 2884">
    <p class='ocr_par' dir='ltr' id='par_1_57' title="bbox 2044 2796 3632 2884">
     <span class='ocr_line' id='line_1_57' title="bbox 2044 2796 3632 2884; baseline -0.001 -17"><span class='ocrx_word' id='word_1_392' title='bbox 2044 2796 2045 2807; x_wconf 16' lang='grc' dir='ltr'><strong>ί</strong></span> <span class='ocrx_word' id='word_1_393' title='bbox 2074 2813 2499 2881; x_wconf 85' lang='grc' dir='ltr'>ἐπικαλουμένου</span> <span class='ocrx_word' id='word_1_394' title='bbox 2530 2812 2623 2865; x_wconf 78' lang='grc' dir='ltr'>καὶ</span> <span class='ocrx_word' id='word_1_395' title='bbox 2653 2812 2756 2865; x_wconf 75' lang='grc' dir='ltr'>ὑπὸ</span> <span class='ocrx_word' id='word_1_396' title='bbox 2783 2814 2993 2883; x_wconf 76' lang='grc' dir='ltr'>Φήστου</span> <span class='ocrx_word' id='word_1_397' title='bbox 3025 2831 3090 2866; x_wconf 88' lang='grc' dir='ltr'><strong>πε</strong></span> <span class='ocrx_word' id='word_1_398' title='bbox 3100 2815 3388 2884; x_wconf 83' lang='grc' dir='ltr'>μφθέντος,</span> <span class='ocrx_word' id='word_1_399' title='bbox 3416 2814 3514 2882; x_wconf 81' lang='grc' dir='ltr'>τῆς</span> <span class='ocrx_word' id='word_1_400' title='bbox 3543 2814 3632 2866; x_wconf 85' lang='grc' dir='ltr'>ἐλ-</span> 
     </span>
    </p>
   </div>
   <div class='ocr_carea' id='block_1_58' title="bbox 2073 2900 3635 2975">
    <p class='ocr_par' dir='ltr' id='par_1_58' title="bbox 2073 2900 3635 2975">
     <span class='ocr_line' id='line_1_58' title="bbox 2073 2900 3635 2975; baseline 0.001 -19"><span class='ocrx_word' id='word_1_401' title='bbox 2073 2905 2222 2967; x_wconf 89' lang='grc' dir='ltr'>πίδος</span> <span class='ocrx_word' id='word_1_402' title='bbox 2259 2903 2382 2957; x_wconf 88' lang='grc' dir='ltr'>καθ’</span> <span class='ocrx_word' id='word_1_403' title='bbox 2407 2904 2473 2974; x_wconf 81' lang='grc' dir='ltr'><strong>ήν</strong></span> <span class='ocrx_word' id='word_1_404' title='bbox 2514 2900 2774 2973; x_wconf 82' lang='grc' dir='ltr'>ἐξήρτυον</span> <span class='ocrx_word' id='word_1_405' title='bbox 2811 2903 2960 2974; x_wconf 79' lang='grc' dir='ltr'><strong>αὑτῷ</strong></span> <span class='ocrx_word' id='word_1_406' title='bbox 2995 2905 3094 2975; x_wconf 83' lang='grc' dir='ltr'>τὴν</span> <span class='ocrx_word' id='word_1_407' title='bbox 3137 2905 3426 2975; x_wconf 76' lang='grc' dir='ltr'>ἐπιϐουλὴν</span> <span class='ocrx_word' id='word_1_408' title='bbox 3465 2906 3635 2958; x_wconf 82' lang='grc' dir='ltr'>ἐκπε-</span> 
     </span>
    </p>
   </div>
   <div class='ocr_carea' id='block_1_59' title="bbox 2074 2990 3631 3066">
    <p class='ocr_par' dir='ltr' id='par_1_59' title="bbox 2074 2990 3631 3066">
     <span class='ocr_line' id='line_1_59' title="bbox 2074 2990 3631 3066; baseline 0.001 -19"><span class='ocrx_word' id='word_1_409' title='bbox 2074 2995 2255 3056; x_wconf 84' lang='grc' dir='ltr'>σόντες</span> <span class='ocrx_word' id='word_1_410' title='bbox 2273 3035 2288 3060; x_wconf 91' lang='grc'><strong>,</strong></span> <span class='ocrx_word' id='word_1_411' title='bbox 2318 2990 2406 3047; x_wconf 87' lang='grc' dir='ltr'><strong>ἐπ’</strong></span> <span class='ocrx_word' id='word_1_412' title='bbox 2430 2994 2589 3048; x_wconf 79' lang='grc' dir='ltr'>αὐτὸν</span> <span class='ocrx_word' id='word_1_413' title='bbox 2616 2995 2925 3062; x_wconf 83' lang='grc' dir='ltr'>τρέπονται,</span> <span class='ocrx_word' id='word_1_414' title='bbox 2956 2996 3048 3048; x_wconf 75' lang='grc' dir='ltr'>καὶ</span> <span class='ocrx_word' id='word_1_415' title='bbox 3073 2994 3316 3063; x_wconf 67' lang='grc' dir='ltr'>λέγουσιν</span> <span class='ocrx_word' id='word_1_416' title='bbox 3342 3015 3360 3047; x_wconf 80' lang='grc' dir='ltr'><strong>ι</strong></span> <span class='ocrx_word' id='word_1_417' title='bbox 3383 2995 3631 3066; x_wconf 80' lang='grc' dir='ltr'>Ἐπίσχες</span> 
     </span>
    </p>
   </div>
   <div class='ocr_carea' id='block_1_60' title="bbox 413 3084 1968 3188">
    <p class='ocr_par' dir='ltr' id='par_1_60' title="bbox 413 3084 1964 3159">
     <span class='ocr_line' id='line_1_60' title="bbox 413 3084 1964 3159; baseline 0.005 -23"><span class='ocrx_word' id='word_1_418' title='bbox 413 3099 472 3141; x_wconf 78' lang='lat' dir='ltr'><strong>se</strong></span> <span class='ocrx_word' id='word_1_419' title='bbox 495 3084 757 3139; x_wconf 88' lang='lat' dir='ltr'><strong>Iacobum</strong></span> <span class='ocrx_word' id='word_1_420' title='bbox 788 3086 1095 3147; x_wconf 82' lang='lat' dir='ltr'><strong>conferunt,</strong></span> <span class='ocrx_word' id='word_1_421' title='bbox 1156 3102 1394 3156; x_wconf 87' lang='lat' dir='ltr'><strong>eumque</strong></span> <span class='ocrx_word' id='word_1_422' title='bbox 1451 3089 1528 3143; x_wconf 87' lang='lat' dir='ltr'><strong>sic</strong></span> <span class='ocrx_word' id='word_1_423' title='bbox 1587 3091 1964 3159; x_wconf 86' lang='lat' dir='ltr'><strong>compellant:</strong></span> 
     </span>
    </p>
   </div>
   <div class='ocr_carea' id='block_1_61' title="bbox 2071 3084 3632 3188">
    <p class='ocr_par' dir='ltr' id='par_1_61' title="bbox 2072 3085 3632 3157">
     <span class='ocr_line' id='line_1_61' title="bbox 2072 3085 3632 3157; baseline 0 -18"><span class='ocrx_word' id='word_1_424' title='bbox 2072 3087 2163 3140; x_wconf 79' lang='grc' dir='ltr'><strong>τὸν</strong></span> <span class='ocrx_word' id='word_1_425' title='bbox 2207 3085 2359 3149; x_wconf 87' lang='grc' dir='ltr'>λαὸν,</span> <span class='ocrx_word' id='word_1_426' title='bbox 2407 3085 2531 3137; x_wconf 82' lang='grc' dir='ltr'>ἐπεὶ</span> <span class='ocrx_word' id='word_1_427' title='bbox 2577 3085 2854 3157; x_wconf 82' lang='grc' dir='ltr'>ἐπλανήθη</span> <span class='ocrx_word' id='word_1_428' title='bbox 2904 3088 2983 3149; x_wconf 80' lang='grc' dir='ltr'><strong>είς</strong></span> <span class='ocrx_word' id='word_1_429' title='bbox 3026 3086 3269 3155; x_wconf 82' lang='grc' dir='ltr'>Ἰησοῦν·</span> <span class='ocrx_word' id='word_1_430' title='bbox 3318 3090 3479 3157; x_wconf 81' lang='grc' dir='ltr'>ήμεῖς</span> <span class='ocrx_word' id='word_1_431' title='bbox 3524 3089 3632 3157; x_wconf 85' lang='grc' dir='ltr'><strong>γὰρ</strong></span> 
     </span>
    </p>
   </div>
   <div class='ocr_carea' id='block_1_62' title="bbox 419 3172 1968 3246">
    <p class='ocr_par' dir='ltr' id='par_1_62' title="bbox 419 3174 1968 3244">
     <span class='ocr_line' id='line_1_62' title="bbox 419 3174 1968 3244; baseline 0.005 -19"><span class='ocrx_word' id='word_1_432' title='bbox 419 3174 697 3229; x_wconf 71' lang='lat' dir='ltr'><strong>clnliibeto</strong></span> <span class='ocrx_word' id='word_1_433' title='bbox 742 3175 1001 3243; x_wconf 87' lang='lat' dir='ltr'><strong>populum</strong></span> <span class='ocrx_word' id='word_1_434' title='bbox 1058 3174 1225 3238; x_wconf 87' lang='lat' dir='ltr'><strong>hunc,</strong></span> <span class='ocrx_word' id='word_1_435' title='bbox 1284 3176 1728 3244; x_wconf 83' lang='lat' dir='ltr'><strong>quandoquidem</strong></span> <span class='ocrx_word' id='word_1_436' title='bbox 1783 3193 1968 3233; x_wconf 89' lang='lat' dir='ltr'><strong>errore</strong></span> 
     </span>
    </p>
   </div>
   <div class='ocr_carea' id='block_1_63' title="bbox 2071 3172 3709 3246">
    <p class='ocr_par' dir='ltr' id='par_1_63' title="bbox 2077 3172 3709 3246">
     <span class='ocr_line' id='line_1_63' title="bbox 2077 3172 3709 3246; baseline 0.002 -18"><span class='ocrx_word' id='word_1_437' title='bbox 2077 3175 2461 3246; x_wconf 85' lang='grc' dir='ltr'>μαρτυροῦμέν</span> <span class='ocrx_word' id='word_1_438' title='bbox 2492 3192 2573 3228; x_wconf 88' lang='grc' dir='ltr'><strong>σοι</strong></span> <span class='ocrx_word' id='word_1_439' title='bbox 2594 3217 2610 3241; x_wconf 93' lang='grc'><strong>,</strong></span> <span class='ocrx_word' id='word_1_440' title='bbox 2639 3177 2735 3229; x_wconf 72' lang='grc' dir='ltr'>καὶ</span> <span class='ocrx_word' id='word_1_441' title='bbox 2767 3178 2875 3240; x_wconf 84' lang='grc' dir='ltr'>πᾶς</span> <span class='ocrx_word' id='word_1_442' title='bbox 2906 3180 2934 3229; x_wconf 79' lang='lat'><strong>6</strong></span> <span class='ocrx_word' id='word_1_443' title='bbox 2961 3177 3118 3243; x_wconf 82' lang='grc' dir='ltr'>λαὸς,</span> <span class='ocrx_word' id='word_1_444' title='bbox 3149 3179 3230 3231; x_wconf 84' lang='grc' dir='ltr'>ὅτι</span> <span class='ocrx_word' id='word_1_445' title='bbox 3259 3177 3465 3242; x_wconf 83' lang='grc' dir='ltr'>δίκαιος</span> <span class='ocrx_word' id='word_1_446' title='bbox 3494 3172 3567 3232; x_wconf 73' lang='grc' dir='ltr'><strong>εἴ.</strong></span> <span class='ocrx_word' id='word_1_447' title='bbox 3606 3198 3625 3231; x_wconf 78' lang='grc' dir='ltr'><strong>ι</strong></span> <span class='ocrx_word' id='word_1_448' title='bbox 3704 3208 3709 3213; x_wconf 47' lang='grc'><strong>’</strong></span> 
     </span>
    </p>
   </div>
   <div class='ocr_carea' id='block_1_64' title="bbox 412 3262 1971 3341">
    <p class='ocr_par' dir='ltr' id='par_1_64' title="bbox 412 3262 1971 3341">
     <span class='ocr_line' id='line_1_64' title="bbox 412 3262 1971 3341; baseline 0.004 -26"><span class='ocrx_word' id='word_1_449' title='bbox 412 3263 649 3338; x_wconf 82' lang='lat' dir='ltr'><strong>quodam</strong></span> <span class='ocrx_word' id='word_1_450' title='bbox 678 3262 944 3323; x_wconf 72' lang='lat' dir='ltr'><strong>inlesum</strong></span> <span class='ocrx_word' id='word_1_451' title='bbox 969 3263 1293 3341; x_wconf 83' lang='lat' dir='ltr'><strong>propendet.</strong></span> <span class='ocrx_word' id='word_1_452' title='bbox 1355 3264 1489 3325; x_wconf 86' lang='lat' dir='ltr'><strong>Nam</strong></span> <span class='ocrx_word' id='word_1_453' title='bbox 1532 3264 1628 3318; x_wconf 91' lang='lat' dir='ltr'><strong>tibi</strong></span> <span class='ocrx_word' id='word_1_454' title='bbox 1675 3282 1776 3327; x_wconf 82' lang='lat' dir='ltr'><strong>nos</strong></span> <span class='ocrx_word' id='word_1_455' title='bbox 1816 3268 1971 3322; x_wconf 88' lang='lat' dir='ltr'><strong>testi-</strong></span> 
     </span>
    </p>
   </div>
   <div class='ocr_carea' id='block_1_65' title="bbox 414 3358 1970 3434">
    <p class='ocr_par' dir='ltr' id='par_1_65' title="bbox 414 3358 1970 3434">
     <span class='ocr_line' id='line_1_65' title="bbox 414 3358 1970 3434; baseline 0.006 -21"><span class='ocrx_word' id='word_1_456' title='bbox 414 3364 595 3415; x_wconf 86' lang='lat' dir='ltr'><strong>monio</strong></span> <span class='ocrx_word' id='word_1_457' title='bbox 622 3378 833 3426; x_wconf 87' lang='lat' dir='ltr'><strong>sumus,</strong></span> <span class='ocrx_word' id='word_1_458' title='bbox 865 3378 927 3415; x_wconf 87' lang='lat' dir='ltr'><strong>ac</strong></span> <span class='ocrx_word' id='word_1_459' title='bbox 956 3363 1189 3430; x_wconf 88' lang='lat' dir='ltr'><strong>populus</strong></span> <span class='ocrx_word' id='word_1_460' title='bbox 1219 3363 1356 3416; x_wconf 89' lang='lat' dir='ltr'><strong>adeo</strong></span> <span class='ocrx_word' id='word_1_461' title='bbox 1387 3364 1697 3427; x_wconf 84' lang='lat' dir='ltr'><strong>universus,</strong></span> <span class='ocrx_word' id='word_1_462' title='bbox 1725 3358 1868 3434; x_wconf 74' lang='lat' dir='ltr'><strong>quod</strong></span> <span class='ocrx_word' id='word_1_463' title='bbox 1895 3361 1970 3422; x_wconf 86' lang='lat' dir='ltr'><strong>sis</strong></span> 
     </span>
    </p>
   </div>
   <div class='ocr_carea' id='block_1_66' title="bbox 2071 3264 3634 3339">
    <p class='ocr_par' dir='ltr' id='par_1_66' title="bbox 2071 3264 3634 3339">
     <span class='ocr_line' id='line_1_66' title="bbox 2071 3264 3634 3339; baseline 0.001 -18"><span class='ocrx_word' id='word_1_464' title='bbox 2071 3264 2179 3320; x_wconf 86' lang='grc' dir='ltr'>Ἦν</span> <span class='ocrx_word' id='word_1_465' title='bbox 2209 3267 2265 3320; x_wconf 79' lang='grc' dir='ltr'>δὲ</span> <span class='ocrx_word' id='word_1_466' title='bbox 2300 3268 2511 3338; x_wconf 82' lang='grc' dir='ltr'>Πάσχα.</span> <span class='ocrx_word' id='word_1_467' title='bbox 2547 3267 2659 3320; x_wconf 79' lang='grc' dir='ltr'><strong>Καὶ</strong></span> <span class='ocrx_word' id='word_1_468' title='bbox 2694 3270 2990 3339; x_wconf 87' lang='grc' dir='ltr'>στήσαντες</span> <span class='ocrx_word' id='word_1_469' title='bbox 3023 3269 3184 3322; x_wconf 79' lang='grc' dir='ltr'>αὐτὸν</span> <span class='ocrx_word' id='word_1_470' title='bbox 3218 3269 3309 3322; x_wconf 78' lang='grc' dir='ltr'><strong>ἐπὶ</strong></span> <span class='ocrx_word' id='word_1_471' title='bbox 3342 3270 3403 3321; x_wconf 84' lang='grc' dir='ltr'>τὸ</span> <span class='ocrx_word' id='word_1_472' title='bbox 3434 3270 3634 3339; x_wconf 81' lang='grc' dir='ltr'>πτερύ-</span> 
     </span>
    </p>
   </div>
   <div class='ocr_carea' id='block_1_67' title="bbox 2066 3355 3630 3437">
    <p class='ocr_par' dir='ltr' id='par_1_67' title="bbox 2066 3355 3630 3437">
     <span class='ocr_line' id='line_1_67' title="bbox 2066 3355 3630 3437; baseline -0.004 -15"><span class='ocrx_word' id='word_1_473' title='bbox 2066 3378 2187 3437; x_wconf 73' lang='grc' dir='ltr'>γιον</span> <span class='ocrx_word' id='word_1_474' title='bbox 2216 3355 2386 3420; x_wconf 72' lang='grc' dir='ltr'>εἷπον.</span> <span class='ocrx_word' id='word_1_475' title='bbox 2425 3361 2666 3429; x_wconf 57' lang='lat' dir='ltr'><strong>(Abram,</strong></span> <span class='ocrx_word' id='word_1_476' title='bbox 2698 3363 2783 3416; x_wconf 83' lang='grc' dir='ltr'>σο).</span> <span class='ocrx_word' id='word_1_477' title='bbox 2809 3362 3011 3425; x_wconf 87' lang='grc' dir='ltr'>πάντες</span> <span class='ocrx_word' id='word_1_478' title='bbox 3041 3362 3361 3433; x_wconf 77' lang='grc' dir='ltr'>πειθόμεθα’</span> <span class='ocrx_word' id='word_1_479' title='bbox 3398 3363 3546 3416; x_wconf 73' lang='grc' dir='ltr'>Ἐπεὶ</span> <span class='ocrx_word' id='word_1_480' title='bbox 3573 3363 3630 3417; x_wconf 78' lang='grc' dir='ltr'>δὲ</span> 
     </span>
    </p>
   </div>
   <div class='ocr_carea' id='block_1_68' title="bbox 408 3453 1968 3525">
    <p class='ocr_par' dir='ltr' id='par_1_68' title="bbox 408 3453 1968 3524">
     <span class='ocr_line' id='line_1_68' title="bbox 408 3453 1968 3524; baseline 0.003 -17"><span class='ocrx_word' id='word_1_481' title='bbox 408 3455 495 3507; x_wconf 71' lang='lat' dir='ltr'><strong>vir</strong></span> <span class='ocrx_word' id='word_1_482' title='bbox 521 3455 726 3523; x_wconf 88' lang='lat' dir='ltr'><strong>justus.</strong></span> <span class='ocrx_word' id='word_1_483' title='bbox 762 3470 779 3505; x_wconf 85' lang='grc' dir='ltr'><strong>ι</strong></span> <span class='ocrx_word' id='word_1_484' title='bbox 826 3453 978 3517; x_wconf 87' lang='lat' dir='ltr'><strong>Erat,</strong></span> <span class='ocrx_word' id='word_1_485' title='bbox 1040 3468 1163 3505; x_wconf 90' lang='lat' dir='ltr'><strong>cum</strong></span> <span class='ocrx_word' id='word_1_486' title='bbox 1218 3454 1333 3507; x_wconf 67' lang='lat' dir='ltr'><strong>haec</strong></span> <span class='ocrx_word' id='word_1_487' title='bbox 1387 3464 1702 3524; x_wconf 77' lang='lat' dir='ltr'><strong>agerentur,</strong></span> <span class='ocrx_word' id='word_1_488' title='bbox 1749 3456 1968 3511; x_wconf 65' lang='lat' dir='ltr'><strong>Pascha:</strong></span> 
     </span>
    </p>
   </div>
   <div class='ocr_carea' id='block_1_69' title="bbox 2071 3453 3628 3525">
    <p class='ocr_par' dir='ltr' id='par_1_69' title="bbox 2071 3453 3628 3525">
     <span class='ocr_line' id='line_1_69' title="bbox 2071 3453 3628 3525; baseline -0.004 -11"><span class='ocrx_word' id='word_1_489' title='bbox 2071 3463 2098 3514; x_wconf 97' lang='lat'><strong>6</strong></span> <span class='ocrx_word' id='word_1_490' title='bbox 2141 3458 2268 3521; x_wconf 75' lang='grc' dir='ltr'>λαδς</span> <span class='ocrx_word' id='word_1_491' title='bbox 2313 3456 2581 3511; x_wconf 75' lang='grc' dir='ltr'>πλανᾶται</span> <span class='ocrx_word' id='word_1_492' title='bbox 2625 3456 2803 3509; x_wconf 83' lang='grc' dir='ltr'>ὀπίσω</span> <span class='ocrx_word' id='word_1_493' title='bbox 2840 3453 3015 3524; x_wconf 84' lang='grc' dir='ltr'>Ἰησοῦ</span> <span class='ocrx_word' id='word_1_494' title='bbox 3059 3455 3155 3507; x_wconf 89' lang='grc' dir='ltr'><strong>τοῦ</strong></span> <span class='ocrx_word' id='word_1_495' title='bbox 3203 3454 3628 3525; x_wconf 73' lang='grc' dir='ltr'>σταυρωθέντος,</span> 
     </span>
    </p>
   </div>
   <div class='ocr_carea' id='block_1_70' title="bbox 410 3543 1968 3616">
    <p class='ocr_par' dir='ltr' id='par_1_70' title="bbox 410 3543 1968 3616">
     <span class='ocr_line' id='line_1_70' title="bbox 410 3543 1968 3616; baseline 0.003 -17"><span class='ocrx_word' id='word_1_496' title='bbox 410 3544 608 3599; x_wconf 73' lang='lat' dir='ltr'><strong>festum</strong></span> <span class='ocrx_word' id='word_1_497' title='bbox 660 3543 839 3611; x_wconf 78' lang='lat' dir='ltr'><strong>Quare</strong></span> <span class='ocrx_word' id='word_1_498' title='bbox 873 3558 996 3598; x_wconf 86' lang='lat' dir='ltr'><strong>cum</strong></span> <span class='ocrx_word' id='word_1_499' title='bbox 1027 3543 1081 3596; x_wconf 92' lang='lat' dir='ltr'><strong>in</strong></span> <span class='ocrx_word' id='word_1_500' title='bbox 1115 3544 1311 3613; x_wconf 88' lang='lat' dir='ltr'><strong>pinnas</strong></span> <span class='ocrx_word' id='word_1_501' title='bbox 1347 3560 1472 3600; x_wconf 90' lang='lat' dir='ltr'><strong>eum</strong></span> <span class='ocrx_word' id='word_1_502' title='bbox 1504 3546 1694 3616; x_wconf 88' lang='lat' dir='ltr'><strong>templi</strong></span> <span class='ocrx_word' id='word_1_503' title='bbox 1743 3548 1968 3604; x_wconf 86' lang='lat' dir='ltr'><strong>statuis-</strong></span> 
     </span>
    </p>
   </div>
   <div class='ocr_carea' id='block_1_71' title="bbox 409 3634 1969 3706">
    <p class='ocr_par' dir='ltr' id='par_1_71' title="bbox 409 3634 1969 3706">
     <span class='ocr_line' id='line_1_71' title="bbox 409 3634 1969 3706; baseline 0.004 -19"><span class='ocrx_word' id='word_1_504' title='bbox 409 3644 553 3700; x_wconf 73' lang='lat' dir='ltr'><strong>sent,</strong></span> <span class='ocrx_word' id='word_1_505' title='bbox 587 3634 807 3689; x_wconf 85' lang='lat' dir='ltr'><strong>aiebant</strong></span> <span class='ocrx_word' id='word_1_506' title='bbox 836 3652 850 3688; x_wconf 89' lang='lat'><strong>:</strong></span> <span class='ocrx_word' id='word_1_507' title='bbox 886 3635 1061 3701; x_wconf 69' lang='lat' dir='ltr'><strong>«Tibi,</strong></span> <span class='ocrx_word' id='word_1_508' title='bbox 1093 3650 1126 3689; x_wconf 90' lang='grc' dir='ltr'><strong>ο</strong></span> <span class='ocrx_word' id='word_1_509' title='bbox 1150 3637 1318 3706; x_wconf 86' lang='lat' dir='ltr'><strong>juste,</strong></span> <span class='ocrx_word' id='word_1_510' title='bbox 1374 3638 1558 3692; x_wconf 89' lang='lat' dir='ltr'><strong>cuncti</strong></span> <span class='ocrx_word' id='word_1_511' title='bbox 1611 3637 1774 3695; x_wconf 82' lang='lat' dir='ltr'><strong>fidem</strong></span> <span class='ocrx_word' id='word_1_512' title='bbox 1808 3639 1969 3694; x_wconf 83' lang='lat' dir='ltr'><strong>adhi-</strong></span> 
     </span>
    </p>
   </div>
   <div class='ocr_carea' id='block_1_72' title="bbox 411 3727 1967 3801">
    <p class='ocr_par' dir='ltr' id='par_1_72' title="bbox 411 3727 1967 3801">
     <span class='ocr_line' id='line_1_72' title="bbox 411 3727 1967 3801; baseline 0.006 -22"><span class='ocrx_word' id='word_1_513' title='bbox 411 3729 622 3783; x_wconf 80' lang='lat' dir='ltr'><strong>bemus.</strong></span> <span class='ocrx_word' id='word_1_514' title='bbox 661 3727 799 3790; x_wconf 88' lang='lat' dir='ltr'><strong>Quia</strong></span> <span class='ocrx_word' id='word_1_515' title='bbox 852 3742 983 3781; x_wconf 86' lang='lat' dir='ltr'><strong>vero</strong></span> <span class='ocrx_word' id='word_1_516' title='bbox 1011 3728 1244 3797; x_wconf 87' lang='lat' dir='ltr'><strong>populus</strong></span> <span class='ocrx_word' id='word_1_517' title='bbox 1285 3744 1473 3785; x_wconf 89' lang='lat' dir='ltr'><strong>errore</strong></span> <span class='ocrx_word' id='word_1_518' title='bbox 1493 3731 1762 3801; x_wconf 86' lang='lat' dir='ltr'><strong>impulsus</strong></span> <span class='ocrx_word' id='word_1_519' title='bbox 1782 3733 1967 3789; x_wconf 89' lang='lat' dir='ltr'><strong>Iesum</strong></span> 
     </span>
    </p>
   </div>
   <div class='ocr_carea' id='block_1_73' title="bbox 406 3822 1962 3898">
    <p class='ocr_par' dir='ltr' id='par_1_73' title="bbox 406 3822 1962 3898">
     <span class='ocr_line' id='line_1_73' title="bbox 406 3822 1962 3898; baseline 0.005 -24"><span class='ocrx_word' id='word_1_520' title='bbox 406 3822 557 3876; x_wconf 84' lang='lat' dir='ltr'><strong>illum</strong></span> <span class='ocrx_word' id='word_1_521' title='bbox 592 3823 913 3879; x_wconf 76' lang='lat' dir='ltr'><strong>crucifixum</strong></span> <span class='ocrx_word' id='word_1_522' title='bbox 956 3833 1216 3887; x_wconf 89' lang='lat' dir='ltr'><strong>sectatur,</strong></span> <span class='ocrx_word' id='word_1_523' title='bbox 1276 3825 1519 3881; x_wconf 88' lang='lat' dir='ltr'><strong>indicato</strong></span> <span class='ocrx_word' id='word_1_524' title='bbox 1567 3828 1727 3883; x_wconf 90' lang='lat' dir='ltr'><strong>nobis</strong></span> <span class='ocrx_word' id='word_1_525' title='bbox 1784 3828 1962 3898; x_wconf 86' lang='lat' dir='ltr'><strong>quod-</strong></span> 
     </span>
    </p>
   </div>
   <div class='ocr_carea' id='block_1_74' title="bbox 410 3915 1968 3988">
    <p class='ocr_par' dir='ltr' id='par_1_74' title="bbox 410 3915 1968 3988">
     <span class='ocr_line' id='line_1_74' title="bbox 410 3915 1968 3988; baseline 0.004 -20"><span class='ocrx_word' id='word_1_526' title='bbox 410 3930 532 3970; x_wconf 86' lang='lat' dir='ltr'><strong>nam</strong></span> <span class='ocrx_word' id='word_1_527' title='bbox 571 3915 664 3978; x_wconf 84' lang='lat' dir='ltr'><strong>Dei</strong></span> <span class='ocrx_word' id='word_1_528' title='bbox 706 3917 776 3971; x_wconf 86' lang='lat' dir='ltr'><strong>sit</strong></span> <span class='ocrx_word' id='word_1_529' title='bbox 817 3917 1075 3970; x_wconf 65' lang='lat' dir='ltr'><strong>ostium.»</strong></span> <span class='ocrx_word' id='word_1_530' title='bbox 1134 3916 1209 3970; x_wconf 88' lang='lat' dir='ltr'><strong>lbi</strong></span> <span class='ocrx_word' id='word_1_531' title='bbox 1250 3932 1375 3972; x_wconf 89' lang='lat' dir='ltr'><strong>cum</strong></span> <span class='ocrx_word' id='word_1_532' title='bbox 1420 3919 1536 3988; x_wconf 90' lang='lat' dir='ltr'><strong>ipse</strong></span> <span class='ocrx_word' id='word_1_533' title='bbox 1585 3919 1968 3988; x_wconf 82' lang='lat' dir='ltr'><strong>respondisset</strong></span> 
     </span>
    </p>
   </div>
   <div class='ocr_carea' id='block_1_75' title="bbox 403 4008 1966 4081">
    <p class='ocr_par' dir='ltr' id='par_1_75' title="bbox 403 4008 1966 4081">
     <span class='ocr_line' id='line_1_75' title="bbox 403 4008 1966 4081; baseline 0.002 -18"><span class='ocrx_word' id='word_1_534' title='bbox 403 4008 587 4073; x_wconf 70' lang='lat' dir='ltr'><strong>Iesum</strong></span> <span class='ocrx_word' id='word_1_535' title='bbox 616 4010 669 4063; x_wconf 90' lang='lat' dir='ltr'><strong>in</strong></span> <span class='ocrx_word' id='word_1_536' title='bbox 701 4009 841 4063; x_wconf 72' lang='lat' dir='ltr'><strong>coelo</strong></span> <span class='ocrx_word' id='word_1_537' title='bbox 876 4009 943 4062; x_wconf 90' lang='lat' dir='ltr'><strong>ad</strong></span> <span class='ocrx_word' id='word_1_538' title='bbox 972 4009 1252 4064; x_wconf 79' lang='lat' dir='ltr'><strong>dexteram</strong></span> <span class='ocrx_word' id='word_1_539' title='bbox 1306 4026 1512 4081; x_wconf 68' lang='lat' dir='ltr'><strong>magum</strong></span> <span class='ocrx_word' id='word_1_540' title='bbox 1541 4012 1684 4066; x_wconf 87' lang='lat' dir='ltr'><strong>illius</strong></span> <span class='ocrx_word' id='word_1_541' title='bbox 1719 4019 1966 4081; x_wconf 34' lang='lat' dir='ltr'><strong>potestas</strong></span> 
     </span>
    </p>
   </div>
   <div class='ocr_carea' id='block_1_76' title="bbox 342 4096 1968 4169">
    <p class='ocr_par' dir='ltr' id='par_1_76' title="bbox 342 4096 1968 4169">
     <span class='ocr_line' id='line_1_76' title="bbox 342 4096 1968 4169; baseline 0 -16"><span class='ocrx_word' id='word_1_542' title='bbox 342 4096 363 4115; x_wconf 81' lang='lat'><strong><em>‘</em></strong></span> <span class='ocrx_word' id='word_1_543' title='bbox 409 4101 478 4154; x_wconf 88' lang='lat' dir='ltr'><strong>tis</strong></span> <span class='ocrx_word' id='word_1_544' title='bbox 507 4098 795 4155; x_wconf 89' lang='lat' dir='ltr'><strong>considere</strong></span> <span class='ocrx_word' id='word_1_545' title='bbox 828 4114 892 4154; x_wconf 89' lang='lat' dir='ltr'><strong>ac</strong></span> <span class='ocrx_word' id='word_1_546' title='bbox 919 4099 974 4152; x_wconf 92' lang='lat' dir='ltr'><strong>in</strong></span> <span class='ocrx_word' id='word_1_547' title='bbox 1008 4100 1152 4153; x_wconf 86' lang='lat' dir='ltr'><strong>aeris</strong></span> <span class='ocrx_word' id='word_1_548' title='bbox 1183 4100 1426 4155; x_wconf 87' lang='lat' dir='ltr'><strong>nubibus</strong></span> <span class='ocrx_word' id='word_1_549' title='bbox 1447 4099 1743 4169; x_wconf 88' lang='lat' dir='ltr'><strong>aliquando</strong></span> <span class='ocrx_word' id='word_1_550' title='bbox 1780 4113 1968 4153; x_wconf 84' lang='lat' dir='ltr'><strong>rever-</strong></span> 
     </span>
    </p>
   </div>
   <div class='ocr_carea' id='block_1_77' title="bbox 408 4189 1967 4262">
    <p class='ocr_par' dir='ltr' id='par_1_77' title="bbox 408 4189 1967 4262">
     <span class='ocr_line' id='line_1_77' title="bbox 408 4189 1967 4262; baseline 0.004 -22"><span class='ocrx_word' id='word_1_551' title='bbox 408 4204 599 4243; x_wconf 70' lang='lat' dir='ltr'><strong>surum</strong></span> <span class='ocrx_word' id='word_1_552' title='bbox 626 4230 641 4253; x_wconf 90' lang='lat'><strong>,</strong></span> <span class='ocrx_word' id='word_1_553' title='bbox 677 4189 1060 4244; x_wconf 61' lang='lat' dir='ltr'><strong>exclamarunt</strong></span> <span class='ocrx_word' id='word_1_554' title='bbox 1089 4206 1281 4245; x_wconf 89' lang='lat' dir='ltr'><strong>omnes</strong></span> <span class='ocrx_word' id='word_1_555' title='bbox 1318 4209 1330 4244; x_wconf 84' lang='lat'><strong>:</strong></span> <span class='ocrx_word' id='word_1_556' title='bbox 1361 4210 1377 4242; x_wconf 80' lang='grc' dir='ltr'><strong>ι</strong></span> <span class='ocrx_word' id='word_1_557' title='bbox 1409 4191 1561 4245; x_wconf 79' lang='lat' dir='ltr'><strong>Heu!</strong></span> <span class='ocrx_word' id='word_1_558' title='bbox 1606 4191 1719 4244; x_wconf 77' lang='lat' dir='ltr'><strong>Heu</strong></span> <span class='ocrx_word' id='word_1_559' title='bbox 1744 4194 1757 4245; x_wconf 76' lang='grc' dir='ltr'><strong>ί</strong></span> <span class='ocrx_word' id='word_1_560' title='bbox 1783 4193 1967 4262; x_wconf 88' lang='lat' dir='ltr'><strong>justus</strong></span> 
     </span>
    </p>
   </div>
   <div class='ocr_carea' id='block_1_78' title="bbox 406 4280 1966 4352">
    <p class='ocr_par' dir='ltr' id='par_1_78' title="bbox 406 4280 1966 4352">
     <span class='ocr_line' id='line_1_78' title="bbox 406 4280 1966 4352; baseline 0.001 -19"><span class='ocrx_word' id='word_1_561' title='bbox 406 4281 573 4333; x_wconf 87' lang='lat' dir='ltr'><strong>etiam</strong></span> <span class='ocrx_word' id='word_1_562' title='bbox 602 4280 654 4333; x_wconf 91' lang='lat' dir='ltr'><strong>in</strong></span> <span class='ocrx_word' id='word_1_563' title='bbox 686 4295 929 4335; x_wconf 84' lang='lat' dir='ltr'><strong>errorem</strong></span> <span class='ocrx_word' id='word_1_564' title='bbox 964 4280 1267 4349; x_wconf 90' lang='lat' dir='ltr'><strong>perductus</strong></span> <span class='ocrx_word' id='word_1_565' title='bbox 1296 4292 1460 4338; x_wconf 51' lang='lat' dir='ltr'><strong>est».</strong></span> <span class='ocrx_word' id='word_1_566' title='bbox 1494 4282 1686 4352; x_wconf 59' lang='lat' dir='ltr'><strong>Itaque</strong></span> <span class='ocrx_word' id='word_1_567' title='bbox 1723 4283 1789 4336; x_wconf 90' lang='lat' dir='ltr'><strong>ad</strong></span> <span class='ocrx_word' id='word_1_568' title='bbox 1827 4293 1966 4337; x_wconf 86' lang='lat' dir='ltr'><strong>tem-</strong></span> 
     </span>
    </p>
   </div>
   <div class='ocr_carea' id='block_1_79' title="bbox 408 4365 1965 4439">
    <p class='ocr_par' dir='ltr' id='par_1_79' title="bbox 408 4365 1965 4439">
     <span class='ocr_line' id='line_1_79' title="bbox 408 4365 1965 4439; baseline 0.003 -21"><span class='ocrx_word' id='word_1_569' title='bbox 408 4365 479 4434; x_wconf 89' lang='lat' dir='ltr'><strong>pli</strong></span> <span class='ocrx_word' id='word_1_570' title='bbox 512 4365 707 4435; x_wconf 88' lang='lat' dir='ltr'><strong>pinnas</strong></span> <span class='ocrx_word' id='word_1_571' title='bbox 739 4366 1100 4422; x_wconf 89' lang='lat' dir='ltr'><strong>ascendentes</strong></span> <span class='ocrx_word' id='word_1_572' title='bbox 1125 4383 1251 4422; x_wconf 89' lang='lat' dir='ltr'><strong>eum</strong></span> <span class='ocrx_word' id='word_1_573' title='bbox 1286 4369 1611 4439; x_wconf 72' lang='lat' dir='ltr'><strong>deiecerunt</strong></span> <span class='ocrx_word' id='word_1_574' title='bbox 1663 4377 1719 4423; x_wconf 91' lang='lat' dir='ltr'><strong>et</strong></span> <span class='ocrx_word' id='word_1_575' title='bbox 1771 4369 1965 4437; x_wconf 85' lang='lat' dir='ltr'><strong>lapidi-</strong></span> 
     </span>
    </p>
   </div>
   <div class='ocr_carea' id='block_1_80' title="bbox 2071 3544 3629 3619">
    <p class='ocr_par' dir='ltr' id='par_1_80' title="bbox 2071 3544 3629 3619">
     <span class='ocr_line' id='line_1_80' title="bbox 2071 3544 3629 3619; baseline -0.004 -14"><span class='ocrx_word' id='word_1_576' title='bbox 2071 3549 2403 3619; x_wconf 80' lang='grc' dir='ltr'>ἀπάγγειλον</span> <span class='ocrx_word' id='word_1_577' title='bbox 2429 3549 2561 3619; x_wconf 75' lang='grc' dir='ltr'>ἡμῖν</span> <span class='ocrx_word' id='word_1_578' title='bbox 2586 3546 2669 3610; x_wconf 87' lang='grc' dir='ltr'><strong>τίς</strong></span> <span class='ocrx_word' id='word_1_579' title='bbox 2698 3548 2732 3617; x_wconf 88' lang='grc' dir='ltr'><strong>ή</strong></span> <span class='ocrx_word' id='word_1_580' title='bbox 2763 3545 2902 3617; x_wconf 80' lang='grc' dir='ltr'>θύρα</span> <span class='ocrx_word' id='word_1_581' title='bbox 2929 3544 3023 3602; x_wconf 94' lang='grc' dir='ltr'><strong>τοῦ</strong></span> <span class='ocrx_word' id='word_1_582' title='bbox 3052 3546 3210 3602; x_wconf 84' lang='grc' dir='ltr'>Θεοῦ.</span> <span class='ocrx_word' id='word_1_583' title='bbox 3249 3566 3268 3599; x_wconf 71' lang='grc' dir='ltr'><strong>ι</strong></span> <span class='ocrx_word' id='word_1_584' title='bbox 3306 3549 3546 3602; x_wconf 83' lang='grc' dir='ltr'>Ἐκείνου</span> <span class='ocrx_word' id='word_1_585' title='bbox 3572 3547 3629 3600; x_wconf 87' lang='grc' dir='ltr'><strong>δέ</strong></span> 
     </span>
    </p>
   </div>
   <div class='ocr_carea' id='block_1_81' title="bbox 2070 3637 3631 3713">
    <p class='ocr_par' dir='ltr' id='par_1_81' title="bbox 2070 3637 3631 3713">
     <span class='ocr_line' id='line_1_81' title="bbox 2070 3637 3631 3713; baseline -0.004 -16"><span class='ocrx_word' id='word_1_586' title='bbox 2070 3640 2459 3713; x_wconf 83' lang='grc' dir='ltr'>ἀποκριθέντος</span> <span class='ocrx_word' id='word_1_587' title='bbox 2492 3639 2572 3692; x_wconf 86' lang='grc' dir='ltr'>ὅτι</span> <span class='ocrx_word' id='word_1_588' title='bbox 2607 3639 2815 3709; x_wconf 75' lang='grc' dir='ltr'>Ἰησοῦς</span> <span class='ocrx_word' id='word_1_589' title='bbox 2849 3637 3083 3709; x_wconf 83' lang='grc' dir='ltr'>κάθηται</span> <span class='ocrx_word' id='word_1_590' title='bbox 3118 3639 3174 3691; x_wconf 85' lang='grc' dir='ltr'>ὲν</span> <span class='ocrx_word' id='word_1_591' title='bbox 3209 3639 3287 3709; x_wconf 81' lang='grc' dir='ltr'><strong>τῷ</strong></span> <span class='ocrx_word' id='word_1_592' title='bbox 3320 3638 3533 3708; x_wconf 81' lang='grc' dir='ltr'>οὐρανῷ</span> <span class='ocrx_word' id='word_1_593' title='bbox 3568 3640 3631 3691; x_wconf 88' lang='grc' dir='ltr'><strong>ἐκ</strong></span> 
     </span>
    </p>
   </div>
   <div class='ocr_carea' id='block_1_82' title="bbox 2069 3730 3629 3802">
    <p class='ocr_par' dir='ltr' id='par_1_82' title="bbox 2069 3730 3629 3802">
     <span class='ocr_line' id='line_1_82' title="bbox 2069 3730 3629 3802; baseline -0.001 -16"><span class='ocrx_word' id='word_1_594' title='bbox 2069 3733 2256 3798; x_wconf 83' lang='grc' dir='ltr'>δεξιῶν</span> <span class='ocrx_word' id='word_1_595' title='bbox 2282 3732 2382 3802; x_wconf 83' lang='grc' dir='ltr'>τῆς</span> <span class='ocrx_word' id='word_1_596' title='bbox 2416 3731 2657 3801; x_wconf 80' lang='grc' dir='ltr'>μεγάλης</span> <span class='ocrx_word' id='word_1_597' title='bbox 2689 3730 2973 3798; x_wconf 84' lang='grc' dir='ltr'>δυνάμεως</span> <span class='ocrx_word' id='word_1_598' title='bbox 2992 3772 3006 3795; x_wconf 89' lang='grc'><strong>,</strong></span> <span class='ocrx_word' id='word_1_599' title='bbox 3039 3732 3133 3783; x_wconf 73' lang='grc' dir='ltr'><strong>καὶ</strong></span> <span class='ocrx_word' id='word_1_600' title='bbox 3165 3731 3346 3800; x_wconf 78' lang='grc' dir='ltr'>μέλλει</span> <span class='ocrx_word' id='word_1_601' title='bbox 3374 3730 3629 3801; x_wconf 75' lang='grc' dir='ltr'>ἔρχεσθαι</span> 
     </span>
    </p>
   </div>
   <div class='ocr_carea' id='block_1_83' title="bbox 2069 3820 3630 3891">
    <p class='ocr_par' dir='ltr' id='par_1_83' title="bbox 2069 3820 3630 3891">
     <span class='ocr_line' id='line_1_83' title="bbox 2069 3820 3630 3891; baseline -0.001 -13"><span class='ocrx_word' id='word_1_602' title='bbox 2069 3828 2158 3878; x_wconf 69' lang='grc' dir='ltr'><strong>ἐπὶ</strong></span> <span class='ocrx_word' id='word_1_603' title='bbox 2183 3824 2290 3877; x_wconf 85' lang='grc' dir='ltr'><strong>τῶν</strong></span> <span class='ocrx_word' id='word_1_604' title='bbox 2319 3823 2556 3890; x_wconf 81' lang='grc' dir='ltr'>νεφελῶν</span> <span class='ocrx_word' id='word_1_605' title='bbox 2583 3820 2678 3876; x_wconf 86' lang='grc' dir='ltr'><strong>τοῦ</strong></span> <span class='ocrx_word' id='word_1_606' title='bbox 2707 3822 2957 3891; x_wconf 85' lang='grc' dir='ltr'>οὐρανοῦ,</span> <span class='ocrx_word' id='word_1_607' title='bbox 2986 3822 3242 3888; x_wconf 67' lang='grc' dir='ltr'>ἔκραξαν·</span> <span class='ocrx_word' id='word_1_608' title='bbox 3269 3825 3361 3877; x_wconf 84' lang='grc' dir='ltr'><strong>ι”Ω</strong></span> <span class='ocrx_word' id='word_1_609' title='bbox 3385 3822 3451 3886; x_wconf 82' lang='grc' dir='ltr'>ὣ,</span> <span class='ocrx_word' id='word_1_610' title='bbox 3479 3824 3575 3878; x_wconf 75' lang='grc' dir='ltr'>καὶ</span> <span class='ocrx_word' id='word_1_611' title='bbox 3601 3825 3630 3877; x_wconf 89' lang='lat'><strong>6</strong></span> 
     </span>
    </p>
   </div>
   <div class='ocr_carea' id='block_1_84' title="bbox 2068 3910 3630 3984">
    <p class='ocr_par' dir='ltr' id='par_1_84' title="bbox 2068 3910 3630 3984">
     <span class='ocr_line' id='line_1_84' title="bbox 2068 3910 3630 3984; baseline -0.004 -13"><span class='ocrx_word' id='word_1_612' title='bbox 2068 3917 2273 3979; x_wconf 86' lang='grc' dir='ltr'>δίκαιος</span> <span class='ocrx_word' id='word_1_613' title='bbox 2302 3914 2606 3984; x_wconf 85' lang='grc' dir='ltr'>ἐπλανήθη.</span> <span class='ocrx_word' id='word_1_614' title='bbox 2648 3933 2667 3966; x_wconf 77' lang='grc' dir='ltr'><strong>ι</strong></span> <span class='ocrx_word' id='word_1_615' title='bbox 2704 3914 3050 3969; x_wconf 84' lang='grc' dir='ltr'>Κατέϐαλλον</span> <span class='ocrx_word' id='word_1_616' title='bbox 3080 3910 3171 3967; x_wconf 84' lang='grc' dir='ltr'><strong>οῦν</strong></span> <span class='ocrx_word' id='word_1_617' title='bbox 3200 3914 3362 3968; x_wconf 77' lang='grc' dir='ltr'>αὐτὸν</span> <span class='ocrx_word' id='word_1_618' title='bbox 3391 3913 3630 3967; x_wconf 80' lang='grc' dir='ltr'>ἀναϐάν-</span> 
     </span>
    </p>
   </div>
   <div class='ocr_carea' id='block_1_85' title="bbox 2066 4001 3628 4074">
    <p class='ocr_par' dir='ltr' id='par_1_85' title="bbox 2066 4001 3628 4074">
     <span class='ocr_line' id='line_1_85' title="bbox 2066 4001 3628 4074; baseline -0.003 -15"><span class='ocrx_word' id='word_1_619' title='bbox 2066 4023 2182 4071; x_wconf 77' lang='grc' dir='ltr'>τες,</span> <span class='ocrx_word' id='word_1_620' title='bbox 2224 4004 2319 4058; x_wconf 76' lang='grc' dir='ltr'>καὶ</span> <span class='ocrx_word' id='word_1_621' title='bbox 2366 4003 2586 4074; x_wconf 78' lang='grc' dir='ltr'>ἔβαλλον</span> <span class='ocrx_word' id='word_1_622' title='bbox 2627 4001 2815 4064; x_wconf 83' lang='grc' dir='ltr'>λίθοις.</span> <span class='ocrx_word' id='word_1_623' title='bbox 2861 4003 2972 4056; x_wconf 73' lang='grc' dir='ltr'><strong>Καὶ</strong></span> <span class='ocrx_word' id='word_1_624' title='bbox 3013 4003 3193 4065; x_wconf 70' lang='grc' dir='ltr'>εὐθὺς</span> <span class='ocrx_word' id='word_1_625' title='bbox 3222 4003 3628 4067; x_wconf 75' lang='grc' dir='ltr'>Οὐεσπασιανὸς</span> 
     </span>
    </p>
   </div>
   <div class='ocr_carea' id='block_1_86' title="bbox 2068 4088 3631 4167">
    <p class='ocr_par' dir='ltr' id='par_1_86' title="bbox 2068 4088 3631 4167">
     <span class='ocr_line' id='line_1_86' title="bbox 2068 4088 3631 4167; baseline -0.004 -17"><span class='ocrx_word' id='word_1_626' title='bbox 2068 4098 2345 4167; x_wconf 81' lang='grc' dir='ltr'>πολιορκεῖ</span> <span class='ocrx_word' id='word_1_627' title='bbox 2379 4094 2597 4157; x_wconf 79' lang='grc' dir='ltr'>αὐτούς.</span> <span class='ocrx_word' id='word_1_628' title='bbox 2639 4094 2905 4147; x_wconf 85' lang='grc' dir='ltr'>Τοσοῦτον</span> <span class='ocrx_word' id='word_1_629' title='bbox 2940 4093 2998 4146; x_wconf 76' lang='grc' dir='ltr'>δὲ</span> <span class='ocrx_word' id='word_1_630' title='bbox 3038 4088 3107 4164; x_wconf 81' lang='grc' dir='ltr'>ἦν</span> <span class='ocrx_word' id='word_1_631' title='bbox 3144 4093 3350 4156; x_wconf 88' lang='grc' dir='ltr'>δίκαιος</span> <span class='ocrx_word' id='word_1_632' title='bbox 3392 4093 3467 4157; x_wconf 83' lang='grc' dir='ltr'>ὡς</span> <span class='ocrx_word' id='word_1_633' title='bbox 3502 4093 3631 4156; x_wconf 78' lang='grc' dir='ltr'>τοὺς</span> 
     </span>
    </p>
   </div>
   <div class='ocr_carea' id='block_1_87' title="bbox 2066 4181 3627 4258">
    <p class='ocr_par' dir='ltr' id='par_1_87' title="bbox 2066 4181 3627 4258">
     <span class='ocr_line' id='line_1_87' title="bbox 2066 4181 3627 4258; baseline -0.005 -17"><span class='ocrx_word' id='word_1_634' title='bbox 2066 4189 2343 4258; x_wconf 74' lang='grc' dir='ltr'>ἔμφρονας</span> <span class='ocrx_word' id='word_1_635' title='bbox 2365 4184 2473 4238; x_wconf 82' lang='grc' dir='ltr'><strong>τῶν</strong></span> <span class='ocrx_word' id='word_1_636' title='bbox 2501 4183 2767 4238; x_wconf 75' lang='grc' dir='ltr'>Ἰουδαίων</span> <span class='ocrx_word' id='word_1_637' title='bbox 2792 4181 3033 4251; x_wconf 78' lang='grc' dir='ltr'>νομίζειν</span> <span class='ocrx_word' id='word_1_638' title='bbox 3058 4181 3125 4234; x_wconf 84' lang='grc' dir='ltr'><strong>δι’</strong></span> <span class='ocrx_word' id='word_1_639' title='bbox 3149 4183 3311 4234; x_wconf 69' lang='grc' dir='ltr'>αὑτὸν</span> <span class='ocrx_word' id='word_1_640' title='bbox 3338 4181 3508 4234; x_wconf 88' lang='grc' dir='ltr'>ταῦτα</span> <span class='ocrx_word' id='word_1_641' title='bbox 3535 4198 3627 4249; x_wconf 74' lang='grc' dir='ltr'>γε·</span> 
     </span>
    </p>
   </div>
   <div class='ocr_carea' id='block_1_88' title="bbox 2065 4270 3632 4343">
    <p class='ocr_par' dir='ltr' id='par_1_88' title="bbox 2065 4270 3632 4343">
     <span class='ocr_line' id='line_1_88' title="bbox 2065 4270 3632 4343; baseline -0.007 -9"><span class='ocrx_word' id='word_1_642' title='bbox 2065 4278 2271 4336; x_wconf 88' lang='grc' dir='ltr'>νέσθαι.</span> <span class='ocrx_word' id='word_1_643' title='bbox 2308 4276 2514 4343; x_wconf 81' lang='grc' dir='ltr'>Γράφει</span> <span class='ocrx_word' id='word_1_644' title='bbox 2552 4272 2609 4326; x_wconf 80' lang='grc' dir='ltr'><strong>δέ</strong></span> <span class='ocrx_word' id='word_1_645' title='bbox 2644 4273 2735 4326; x_wconf 70' lang='grc' dir='ltr'>καὶ</span> <span class='ocrx_word' id='word_1_646' title='bbox 2770 4272 3057 4341; x_wconf 65' lang='grc' dir='ltr'>Ἰώσηποςο</span> <span class='ocrx_word' id='word_1_647' title='bbox 3087 4270 3301 4325; x_wconf 83' lang='grc' dir='ltr'>«Ταῦτα</span> <span class='ocrx_word' id='word_1_648' title='bbox 3334 4271 3391 4323; x_wconf 75' lang='grc' dir='ltr'>δὲ</span> <span class='ocrx_word' id='word_1_649' title='bbox 3428 4270 3632 4341; x_wconf 75' lang='grc' dir='ltr'>συμϐέ-</span> 
     </span>
    </p>
   </div>
   <div class='ocr_carea' id='block_1_89' title="bbox 2068 4362 3628 4441">
    <p class='ocr_par' dir='ltr' id='par_1_89' title="bbox 2068 4362 3628 4441">
     <span class='ocr_line' id='line_1_89' title="bbox 2068 4362 3628 4441; baseline -0.006 -17"><span class='ocrx_word' id='word_1_650' title='bbox 2068 4372 2236 4441; x_wconf 84' lang='grc' dir='ltr'>ϐηκεν</span> <span class='ocrx_word' id='word_1_651' title='bbox 2258 4367 2534 4431; x_wconf 85' lang='grc' dir='ltr'>Ἰουδαίοις</span> <span class='ocrx_word' id='word_1_652' title='bbox 2560 4365 2676 4419; x_wconf 82' lang='grc' dir='ltr'>κατ’</span> <span class='ocrx_word' id='word_1_653' title='bbox 2697 4364 2973 4433; x_wconf 72' lang='grc' dir='ltr'>ἐκδίκησιν</span> <span class='ocrx_word' id='word_1_654' title='bbox 2998 4363 3253 4418; x_wconf 83' lang='grc' dir='ltr'>Ἰακώϐου</span> <span class='ocrx_word' id='word_1_655' title='bbox 3276 4362 3370 4416; x_wconf 92' lang='grc' dir='ltr'><strong>τοῦ</strong></span> <span class='ocrx_word' id='word_1_656' title='bbox 3394 4362 3628 4425; x_wconf 87' lang='grc' dir='ltr'>δικαίου,</span> 
     </span>
    </p>
   </div>
   <div class='ocr_carea' id='block_1_90' title="bbox 407 4451 1968 4528">
    <p class='ocr_par' dir='ltr' id='par_1_90' title="bbox 407 4455 1962 4528">
     <span class='ocr_line' id='line_1_90' title="bbox 407 4455 1962 4528; baseline 0.002 -19"><span class='ocrx_word' id='word_1_657' title='bbox 407 4458 506 4510; x_wconf 87' lang='lat' dir='ltr'><strong>bus</strong></span> <span class='ocrx_word' id='word_1_658' title='bbox 531 4455 857 4510; x_wconf 85' lang='lat' dir='ltr'><strong>obruerunt.</strong></span> <span class='ocrx_word' id='word_1_659' title='bbox 882 4457 1070 4527; x_wconf 90' lang='lat' dir='ltr'><strong>Neque</strong></span> <span class='ocrx_word' id='word_1_660' title='bbox 1092 4457 1275 4512; x_wconf 87' lang='lat' dir='ltr'><strong>‘multo</strong></span> <span class='ocrx_word' id='word_1_661' title='bbox 1310 4466 1433 4527; x_wconf 84' lang='lat' dir='ltr'><strong>post</strong></span> <span class='ocrx_word' id='word_1_662' title='bbox 1483 4456 1846 4528; x_wconf 82' lang='lat' dir='ltr'><strong>Vespasianus</strong></span> <span class='ocrx_word' id='word_1_663' title='bbox 1866 4473 1962 4512; x_wconf 89' lang='lat' dir='ltr'><strong>eos</strong></span> 
     </span>
    </p>
   </div>
   <div class='ocr_carea' id='block_1_91' title="bbox 2071 4451 3629 4528">
    <p class='ocr_par' dir='ltr' id='par_1_91' title="bbox 2071 4451 3629 4528">
     <span class='ocr_line' id='line_1_91' title="bbox 2071 4451 3629 4528; baseline -0.006 -17"><span class='ocrx_word' id='word_1_664' title='bbox 2071 4457 2122 4520; x_wconf 77' lang='grc' dir='ltr'>ὃς</span> <span class='ocrx_word' id='word_1_665' title='bbox 2154 4453 2224 4528; x_wconf 79' lang='grc' dir='ltr'>ἦν</span> <span class='ocrx_word' id='word_1_666' title='bbox 2252 4455 2477 4523; x_wconf 77' lang='grc' dir='ltr'>ἁδελφὸς</span> <span class='ocrx_word' id='word_1_667' title='bbox 2514 4453 2689 4523; x_wconf 89' lang='grc' dir='ltr'>Ἰησοῦ</span> <span class='ocrx_word' id='word_1_668' title='bbox 2715 4451 2810 4505; x_wconf 90' lang='grc' dir='ltr'><strong>τοῦ</strong></span> <span class='ocrx_word' id='word_1_669' title='bbox 2843 4452 3139 4521; x_wconf 79' lang='grc' dir='ltr'>λεγομένου</span> <span class='ocrx_word' id='word_1_670' title='bbox 3171 4452 3410 4521; x_wconf 82' lang='grc' dir='ltr'>Χριστοῦ</span> <span class='ocrx_word' id='word_1_671' title='bbox 3446 4472 3493 4505; x_wconf 82' lang='grc' dir='ltr'>ι.</span> <span class='ocrx_word' id='word_1_672' title='bbox 3524 4451 3629 4505; x_wconf 88' lang='grc' dir='ltr'>Τὸν</span> 
     </span>
    </p>
   </div>
   <div class='ocr_carea' id='block_1_92' title="bbox 294 4545 1959 4618">
    <p class='ocr_par' dir='ltr' id='par_1_92' title="bbox 294 4545 1959 4618">
     <span class='ocr_line' id='line_1_92' title="bbox 294 4545 1959 4618; baseline 0.003 -20"><span class='ocrx_word' id='word_1_673' title='bbox 294 4604 307 4607; x_wconf 17' lang='grc' dir='ltr'>ἡ</span> <span class='ocrx_word' id='word_1_674' title='bbox 404 4545 642 4601; x_wconf 88' lang='lat' dir='ltr'><strong>obsedit.</strong></span> <span class='ocrx_word' id='word_1_675' title='bbox 672 4546 910 4601; x_wconf 88' lang='lat' dir='ltr'><strong>Iacobus</strong></span> <span class='ocrx_word' id='word_1_676' title='bbox 936 4548 1054 4617; x_wconf 87' lang='lat' dir='ltr'><strong>ipse</strong></span> <span class='ocrx_word' id='word_1_677' title='bbox 1087 4556 1195 4602; x_wconf 89' lang='lat' dir='ltr'><strong>tam</strong></span> <span class='ocrx_word' id='word_1_678' title='bbox 1221 4549 1404 4618; x_wconf 69' lang='lat' dir='ltr'><strong>jusrus</strong></span> <span class='ocrx_word' id='word_1_679' title='bbox 1435 4559 1576 4609; x_wconf 87' lang='lat' dir='ltr'><strong>erat,</strong></span> <span class='ocrx_word' id='word_1_680' title='bbox 1620 4559 1680 4602; x_wconf 91' lang='lat' dir='ltr'><strong>ut</strong></span> <span class='ocrx_word' id='word_1_681' title='bbox 1709 4548 1959 4603; x_wconf 89' lang='lat' dir='ltr'><strong>homines</strong></span> 
     </span>
    </p>
   </div>
   <div class='ocr_carea' id='block_1_93' title="bbox 404 4635 1960 4705">
    <p class='ocr_par' dir='ltr' id='par_1_93' title="bbox 404 4635 1960 4705">
     <span class='ocr_line' id='line_1_93' title="bbox 404 4635 1960 4705; baseline 0 -14"><span class='ocrx_word' id='word_1_682' title='bbox 404 4635 548 4704; x_wconf 82' lang='lat' dir='ltr'><strong>apud</strong></span> <span class='ocrx_word' id='word_1_683' title='bbox 584 4635 805 4691; x_wconf 63' lang='lat' dir='ltr'><strong>Iudmos</strong></span> <span class='ocrx_word' id='word_1_684' title='bbox 837 4647 1020 4691; x_wconf 89' lang='lat' dir='ltr'><strong>mente</strong></span> <span class='ocrx_word' id='word_1_685' title='bbox 1050 4636 1265 4705; x_wconf 80' lang='lat' dir='ltr'><strong>praediti</strong></span> <span class='ocrx_word' id='word_1_686' title='bbox 1311 4637 1692 4691; x_wconf 82' lang='lat' dir='ltr'><strong>existimarent</strong></span> <span class='ocrx_word' id='word_1_687' title='bbox 1720 4638 1960 4693; x_wconf 85' lang='lat' dir='ltr'><strong>obsideri</strong></span> 
     </span>
    </p>
   </div>
   <div class='ocr_carea' id='block_1_94' title="bbox 406 4729 1962 4798">
    <p class='ocr_par' dir='ltr' id='par_1_94' title="bbox 406 4729 1962 4798">
     <span class='ocr_line' id='line_1_94' title="bbox 406 4729 1962 4798; baseline 0.001 -18"><span class='ocrx_word' id='word_1_688' title='bbox 406 4730 596 4785; x_wconf 89' lang='lat' dir='ltr'><strong>urbem</strong></span> <span class='ocrx_word' id='word_1_689' title='bbox 634 4731 807 4796; x_wconf 89' lang='lat' dir='ltr'><strong>ipsius</strong></span> <span class='ocrx_word' id='word_1_690' title='bbox 840 4730 1008 4783; x_wconf 56' lang='lat' dir='ltr'><strong>caedis</strong></span> <span class='ocrx_word' id='word_1_691' title='bbox 1035 4743 1224 4783; x_wconf 90' lang='lat' dir='ltr'><strong>causa.</strong></span> <span class='ocrx_word' id='word_1_692' title='bbox 1257 4729 1532 4798; x_wconf 87' lang='lat' dir='ltr'><strong>Iosephus</strong></span> <span class='ocrx_word' id='word_1_693' title='bbox 1566 4729 1788 4798; x_wconf 86' lang='lat' dir='ltr'><strong>quidem</strong></span> <span class='ocrx_word' id='word_1_694' title='bbox 1812 4736 1962 4783; x_wconf 86' lang='lat' dir='ltr'><strong>certe</strong></span> 
     </span>
    </p>
   </div>
   <div class='ocr_carea' id='block_1_95' title="bbox 405 4818 1964 4881">
    <p class='ocr_par' dir='ltr' id='par_1_95' title="bbox 405 4818 1964 4881">
     <span class='ocr_line' id='line_1_95' title="bbox 405 4818 1964 4881; baseline 0.003 -12"><span class='ocrx_word' id='word_1_695' title='bbox 405 4821 459 4877; x_wconf 82' lang='lat' dir='ltr'><strong>in</strong></span> <span class='ocrx_word' id='word_1_696' title='bbox 490 4819 605 4871; x_wconf 64' lang='lat' dir='ltr'><strong>haac</strong></span> <span class='ocrx_word' id='word_1_697' title='bbox 640 4819 805 4872; x_wconf 83' lang='lat' dir='ltr'><strong>verba</strong></span> <span class='ocrx_word' id='word_1_698' title='bbox 834 4818 1027 4872; x_wconf 81' lang='lat' dir='ltr'><strong>scribit</strong></span> <span class='ocrx_word' id='word_1_699' title='bbox 1064 4835 1077 4871; x_wconf 90' lang='lat'><strong>:</strong></span> <span class='ocrx_word' id='word_1_700' title='bbox 1112 4818 1458 4873; x_wconf 69' lang='lat' dir='ltr'><strong>«Evenerunt</strong></span> <span class='ocrx_word' id='word_1_701' title='bbox 1486 4819 1600 4873; x_wconf 65' lang='lat' dir='ltr'><strong>haec</strong></span> <span class='ocrx_word' id='word_1_702' title='bbox 1625 4819 1827 4874; x_wconf 65' lang='lat' dir='ltr'><strong>Indatis</strong></span> <span class='ocrx_word' id='word_1_703' title='bbox 1854 4857 1868 4881; x_wconf 87' lang='lat'><strong>,</strong></span> <span class='ocrx_word' id='word_1_704' title='bbox 1906 4829 1964 4874; x_wconf 89' lang='lat' dir='ltr'><strong>ut</strong></span> 
     </span>
    </p>
   </div>
   <div class='ocr_carea' id='block_1_96' title="bbox 286 4908 1960 4985">
    <p class='ocr_par' dir='ltr' id='par_1_96' title="bbox 286 4908 1960 4985">
     <span class='ocr_line' id='line_1_96' title="bbox 286 4908 1960 4985; baseline 0.001 -24"><span class='ocrx_word' id='word_1_705' title='bbox 286 4930 289 4933; x_wconf 58' lang='grc' dir='ltr'><strong>λ</strong></span> <span class='ocrx_word' id='word_1_706' title='bbox 402 4908 537 4985; x_wconf 84' lang='lat' dir='ltr'><strong>justi</strong></span> <span class='ocrx_word' id='word_1_707' title='bbox 565 4909 712 4962; x_wconf 83' lang='lat' dir='ltr'><strong>illius</strong></span> <span class='ocrx_word' id='word_1_708' title='bbox 756 4908 946 4963; x_wconf 84' lang='lat' dir='ltr'><strong>Jacobi</strong></span> <span class='ocrx_word' id='word_1_709' title='bbox 997 4908 1175 4965; x_wconf 61' lang='lat' dir='ltr'><strong>caedes</strong></span> <span class='ocrx_word' id='word_1_710' title='bbox 1206 4908 1599 4975; x_wconf 84' lang='lat' dir='ltr'><strong>vindicaretur,</strong></span> <span class='ocrx_word' id='word_1_711' title='bbox 1642 4910 1734 4978; x_wconf 90' lang='lat' dir='ltr'><strong>qui</strong></span> <span class='ocrx_word' id='word_1_712' title='bbox 1792 4908 1960 4963; x_wconf 78' lang='lat' dir='ltr'><strong>frater</strong></span> 
     </span>
    </p>
   </div>
   <div class='ocr_carea' id='block_1_97' title="bbox 401 4999 1959 5072">
    <p class='ocr_par' dir='ltr' id='par_1_97' title="bbox 401 4999 1959 5072">
     <span class='ocr_line' id='line_1_97' title="bbox 401 4999 1959 5072; baseline 0 -19"><span class='ocrx_word' id='word_1_713' title='bbox 401 5008 522 5059; x_wconf 84' lang='lat' dir='ltr'><strong>erat</strong></span> <span class='ocrx_word' id='word_1_714' title='bbox 575 5001 693 5071; x_wconf 81' lang='lat' dir='ltr'><strong>ejus</strong></span> <span class='ocrx_word' id='word_1_715' title='bbox 715 4999 847 5055; x_wconf 86' lang='lat' dir='ltr'><strong>Iesu</strong></span> <span class='ocrx_word' id='word_1_716' title='bbox 892 5017 1053 5071; x_wconf 87' lang='lat' dir='ltr'><strong>quem</strong></span> <span class='ocrx_word' id='word_1_717' title='bbox 1076 5001 1357 5058; x_wconf 88' lang='lat' dir='ltr'><strong>Christum</strong></span> <span class='ocrx_word' id='word_1_718' title='bbox 1407 5010 1742 5072; x_wconf 90' lang='lat' dir='ltr'><strong>nuncupant.</strong></span> <span class='ocrx_word' id='word_1_719' title='bbox 1773 5019 1794 5053; x_wconf 81' lang='grc' dir='ltr'><strong>ι</strong></span> <span class='ocrx_word' id='word_1_720' title='bbox 1839 5001 1959 5062; x_wconf 83' lang='lat' dir='ltr'><strong>Quo</strong></span> 
     </span>
    </p>
   </div>
   <div class='ocr_carea' id='block_1_98' title="bbox 403 5093 1959 5165">
    <p class='ocr_par' dir='ltr' id='par_1_98' title="bbox 403 5093 1959 5165">
     <span class='ocr_line' id='line_1_98' title="bbox 403 5093 1959 5165; baseline 0.001 -19"><span class='ocrx_word' id='word_1_721' title='bbox 403 5100 570 5162; x_wconf 90' lang='lat' dir='ltr'><strong>pacto</strong></span> <span class='ocrx_word' id='word_1_722' title='bbox 600 5093 903 5149; x_wconf 85' lang='lat' dir='ltr'><strong>exstinctus</strong></span> <span class='ocrx_word' id='word_1_723' title='bbox 933 5095 1026 5159; x_wconf 88' lang='lat' dir='ltr'><strong>sit,</strong></span> <span class='ocrx_word' id='word_1_724' title='bbox 1073 5096 1332 5150; x_wconf 92' lang='lat' dir='ltr'><strong>nimirum</strong></span> <span class='ocrx_word' id='word_1_725' title='bbox 1366 5095 1509 5165; x_wconf 90' lang='lat' dir='ltr'><strong>quod</strong></span> <span class='ocrx_word' id='word_1_726' title='bbox 1567 5093 1959 5163; x_wconf 65' lang='lat' dir='ltr'><strong>pramipitatus.</strong></span> 
     </span>
    </p>
   </div>
   <div class='ocr_carea' id='block_1_99' title="bbox 401 5184 1960 5255">
    <p class='ocr_par' dir='ltr' id='par_1_99' title="bbox 401 5184 1960 5255">
     <span class='ocr_line' id='line_1_99' title="bbox 401 5184 1960 5255; baseline -0.001 -18"><span class='ocrx_word' id='word_1_727' title='bbox 401 5184 546 5252; x_wconf 85' lang='lat' dir='ltr'><strong>quod</strong></span> <span class='ocrx_word' id='word_1_728' title='bbox 576 5185 852 5253; x_wconf 87' lang='lat' dir='ltr'><strong>lapidibus</strong></span> <span class='ocrx_word' id='word_1_729' title='bbox 879 5186 1137 5249; x_wconf 92' lang='lat' dir='ltr'><strong>obrutus,</strong></span> <span class='ocrx_word' id='word_1_730' title='bbox 1164 5186 1309 5255; x_wconf 90' lang='lat' dir='ltr'><strong>quod</strong></span> <span class='ocrx_word' id='word_1_731' title='bbox 1347 5185 1542 5253; x_wconf 89' lang='lat' dir='ltr'><strong>positis</strong></span> <span class='ocrx_word' id='word_1_732' title='bbox 1580 5185 1812 5254; x_wconf 82' lang='lat' dir='ltr'><strong>genibus</strong></span> <span class='ocrx_word' id='word_1_733' title='bbox 1860 5198 1960 5252; x_wconf 90' lang='lat' dir='ltr'><strong>pro</strong></span> 
     </span>
    </p>
   </div>
   <div class='ocr_carea' id='block_1_100' title="bbox 382 5274 1962 5349">
    <p class='ocr_par' dir='ltr' id='par_1_100' title="bbox 382 5274 1962 5349">
     <span class='ocr_line' id='line_1_100' title="bbox 382 5274 1962 5349; baseline -0.001 -18"><span class='ocrx_word' id='word_1_734' title='bbox 382 5274 731 5340; x_wconf 72' lang='lat' dir='ltr'><strong>adversariis</strong></span> <span class='ocrx_word' id='word_1_735' title='bbox 769 5279 937 5333; x_wconf 85' lang='lat' dir='ltr'><strong>Deum</strong></span> <span class='ocrx_word' id='word_1_736' title='bbox 967 5290 1249 5349; x_wconf 87' lang='lat' dir='ltr'><strong>precatus,</strong></span> <span class='ocrx_word' id='word_1_737' title='bbox 1285 5277 1432 5347; x_wconf 92' lang='lat' dir='ltr'><strong>quod</strong></span> <span class='ocrx_word' id='word_1_738' title='bbox 1481 5277 1627 5346; x_wconf 79' lang='lat' dir='ltr'><strong>ligno</strong></span> <span class='ocrx_word' id='word_1_739' title='bbox 1671 5290 1962 5346; x_wconf 87' lang='lat' dir='ltr'><strong>percussus</strong></span> 
     </span>
    </p>
   </div>
   <div class='ocr_carea' id='block_1_101' title="bbox 404 5364 1961 5428">
    <p class='ocr_par' dir='ltr' id='par_1_101' title="bbox 404 5364 1961 5428">
     <span class='ocr_line' id='line_1_101' title="bbox 404 5364 1961 5428; baseline -0.003 -7"><span class='ocrx_word' id='word_1_740' title='bbox 404 5366 621 5422; x_wconf 85' lang='lat' dir='ltr'><strong>tandem</strong></span> <span class='ocrx_word' id='word_1_741' title='bbox 661 5380 912 5425; x_wconf 89' lang='lat' dir='ltr'><strong>mortuus</strong></span> <span class='ocrx_word' id='word_1_742' title='bbox 938 5369 1126 5428; x_wconf 84' lang='lat' dir='ltr'><strong>fuerit.</strong></span> <span class='ocrx_word' id='word_1_743' title='bbox 1168 5366 1577 5423; x_wconf 78' lang='lat' dir='ltr'><strong>Alexandrinus</strong></span> <span class='ocrx_word' id='word_1_744' title='bbox 1603 5364 1961 5420; x_wconf 87' lang='lat' dir='ltr'><strong>illeClemens</strong></span> 
     </span>
    </p>
   </div>
   <div class='ocr_carea' id='block_1_102' title="bbox 406 5448 1960 5532">
    <p class='ocr_par' dir='ltr' id='par_1_102' title="bbox 406 5448 1960 5532">
     <span class='ocr_line' id='line_1_102' title="bbox 406 5448 1960 5532; baseline -0.004 -17"><span class='ocrx_word' id='word_1_745' title='bbox 406 5460 603 5516; x_wconf 76' lang='lat' dir='ltr'><strong>Iitteris</strong></span> <span class='ocrx_word' id='word_1_746' title='bbox 663 5461 1024 5532; x_wconf 80' lang='lat' dir='ltr'><strong>consignavit.</strong></span> <span class='ocrx_word' id='word_1_747' title='bbox 1051 5459 1217 5514; x_wconf 83' lang='lat' dir='ltr'><strong>Addit</strong></span> <span class='ocrx_word' id='word_1_748' title='bbox 1238 5448 1421 5513; x_wconf 89' lang='lat' dir='ltr'><strong>autem</strong></span> <span class='ocrx_word' id='word_1_749' title='bbox 1462 5458 1729 5527; x_wconf 86' lang='lat' dir='ltr'><strong>Iosephus</strong></span> <span class='ocrx_word' id='word_1_750' title='bbox 1767 5455 1960 5524; x_wconf 82' lang='lat' dir='ltr'><strong>hujus-</strong></span> 
     </span>
    </p>
   </div>
   <div class='ocr_carea' id='block_1_103' title="bbox 404 5538 1956 5614">
    <p class='ocr_par' dir='ltr' id='par_1_103' title="bbox 404 5538 1956 5614">
     <span class='ocr_line' id='line_1_103' title="bbox 404 5538 1956 5614; baseline -0.009 -3"><span class='ocrx_word' id='word_1_751' title='bbox 404 5555 555 5611; x_wconf 66' lang='lat' dir='ltr'><strong>tmtdi</strong></span> <span class='ocrx_word' id='word_1_752' title='bbox 576 5538 599 5607; x_wconf 68' lang='grc' dir='ltr'><strong>ἰ</strong></span> <span class='ocrx_word' id='word_1_753' title='bbox 632 5555 860 5610; x_wconf 70' lang='lat' dir='ltr'><strong>«Vinum</strong></span> <span class='ocrx_word' id='word_1_754' title='bbox 880 5560 936 5608; x_wconf 88' lang='lat' dir='ltr'><strong>et</strong></span> <span class='ocrx_word' id='word_1_755' title='bbox 965 5553 1193 5607; x_wconf 88' lang='lat' dir='ltr'><strong>siceram</strong></span> <span class='ocrx_word' id='word_1_756' title='bbox 1232 5567 1342 5605; x_wconf 90' lang='lat' dir='ltr'><strong>non</strong></span> <span class='ocrx_word' id='word_1_757' title='bbox 1373 5549 1631 5614; x_wconf 86' lang='lat' dir='ltr'><strong>bibebat;</strong></span> <span class='ocrx_word' id='word_1_758' title='bbox 1657 5547 1956 5600; x_wconf 89' lang='lat' dir='ltr'><strong>animatum</strong></span> 
     </span>
    </p>
   </div>
   <div class='ocr_carea' id='block_1_104' title="bbox 2064 4542 3632 4617">
    <p class='ocr_par' dir='ltr' id='par_1_104' title="bbox 2064 4542 3632 4617">
     <span class='ocr_line' id='line_1_104' title="bbox 2064 4542 3632 4617; baseline -0.004 -19"><span class='ocrx_word' id='word_1_759' title='bbox 2064 4547 2165 4617; x_wconf 87' lang='grc' dir='ltr'>μὲν</span> <span class='ocrx_word' id='word_1_760' title='bbox 2191 4545 2284 4599; x_wconf 79' lang='grc' dir='ltr'><strong>οῦν</strong></span> <span class='ocrx_word' id='word_1_761' title='bbox 2309 4546 2510 4615; x_wconf 83' lang='grc' dir='ltr'>τρόπον</span> <span class='ocrx_word' id='word_1_762' title='bbox 2558 4545 2656 4612; x_wconf 83' lang='grc' dir='ltr'>τῆς</span> <span class='ocrx_word' id='word_1_763' title='bbox 2684 4542 2948 4609; x_wconf 75' lang='grc' dir='ltr'>τελευτῆς</span> <span class='ocrx_word' id='word_1_764' title='bbox 2973 4542 3160 4607; x_wconf 83' lang='grc' dir='ltr'>αὐτοῦ,</span> <span class='ocrx_word' id='word_1_765' title='bbox 3201 4543 3371 4612; x_wconf 81' lang='grc' dir='ltr'>ήγουν</span> <span class='ocrx_word' id='word_1_766' title='bbox 3405 4543 3466 4594; x_wconf 76' lang='grc' dir='ltr'><strong>τὸ</strong></span> <span class='ocrx_word' id='word_1_767' title='bbox 3496 4558 3632 4612; x_wconf 67' lang='grc' dir='ltr'>κρησ-</span> 
     </span>
    </p>
   </div>
   <div class='ocr_carea' id='block_1_105' title="bbox 2064 4631 3630 4707">
    <p class='ocr_par' dir='ltr' id='par_1_105' title="bbox 2064 4631 3630 4707">
     <span class='ocr_line' id='line_1_105' title="bbox 2064 4631 3630 4707; baseline -0.001 -18"><span class='ocrx_word' id='word_1_768' title='bbox 2064 4636 2357 4707; x_wconf 84' lang='grc' dir='ltr'>μνισθῆναι</span> <span class='ocrx_word' id='word_1_769' title='bbox 2387 4639 2482 4690; x_wconf 74' lang='grc' dir='ltr'>καὶ</span> <span class='ocrx_word' id='word_1_770' title='bbox 2510 4633 2942 4701; x_wconf 76' lang='grc' dir='ltr'>λιθασθῆναικαὶ</span> <span class='ocrx_word' id='word_1_771' title='bbox 2960 4635 3321 4703; x_wconf 77' lang='grc' dir='ltr'>γονυπετήσαι</span> <span class='ocrx_word' id='word_1_772' title='bbox 3349 4633 3442 4688; x_wconf 75' lang='grc' dir='ltr'>καὶ</span> <span class='ocrx_word' id='word_1_773' title='bbox 3469 4631 3630 4697; x_wconf 70' lang='grc' dir='ltr'>εὖξα-</span> 
     </span>
    </p>
   </div>
   <div class='ocr_carea' id='block_1_106' title="bbox 2063 4714 3629 4794">
    <p class='ocr_par' dir='ltr' id='par_1_106' title="bbox 2063 4714 3629 4794">
     <span class='ocr_line' id='line_1_106' title="bbox 2063 4714 3629 4794; baseline -0.003 -14"><span class='ocrx_word' id='word_1_774' title='bbox 2063 4729 2186 4780; x_wconf 86' lang='grc' dir='ltr'>σθαι</span> <span class='ocrx_word' id='word_1_775' title='bbox 2216 4726 2357 4794; x_wconf 79' lang='grc' dir='ltr'>ὑπὲρ</span> <span class='ocrx_word' id='word_1_776' title='bbox 2384 4724 2563 4778; x_wconf 78' lang='grc' dir='ltr'>αὐτῶν</span> <span class='ocrx_word' id='word_1_777' title='bbox 2592 4724 2683 4776; x_wconf 72' lang='grc' dir='ltr'>καὶ</span> <span class='ocrx_word' id='word_1_778' title='bbox 2709 4722 2851 4792; x_wconf 77' lang='grc' dir='ltr'><strong>ξύλῳ</strong></span> <span class='ocrx_word' id='word_1_779' title='bbox 2881 4725 3156 4793; x_wconf 82' lang='grc' dir='ltr'>πληγέντα</span> <span class='ocrx_word' id='word_1_780' title='bbox 3180 4714 3563 4792; x_wconf 65' lang='grc' dir='ltr'>τελειωθῆναι,</span> <span class='ocrx_word' id='word_1_781' title='bbox 3599 4726 3629 4776; x_wconf 80' lang='lat'><strong>6</strong></span> 
     </span>
    </p>
   </div>
   <div class='ocr_carea' id='block_1_107' title="bbox 2062 4812 3632 4894">
    <p class='ocr_par' dir='ltr' id='par_1_107' title="bbox 2062 4812 3632 4894">
     <span class='ocr_line' id='line_1_107' title="bbox 2062 4812 3632 4894; baseline -0.003 -22"><span class='ocrx_word' id='word_1_782' title='bbox 2062 4821 2294 4889; x_wconf 79' lang='grc' dir='ltr'>Κλήμης</span> <span class='ocrx_word' id='word_1_783' title='bbox 2328 4818 2612 4888; x_wconf 79' lang='grc' dir='ltr'>ἱστόρησεν</span> <span class='ocrx_word' id='word_1_784' title='bbox 2632 4856 2646 4880; x_wconf 90' lang='grc'><strong>,</strong></span> <span class='ocrx_word' id='word_1_785' title='bbox 2677 4819 2704 4870; x_wconf 88' lang='lat'><strong>6</strong></span> <span class='ocrx_word' id='word_1_786' title='bbox 2731 4818 2787 4871; x_wconf 78' lang='grc' dir='ltr'>δὲ</span> <span class='ocrx_word' id='word_1_787' title='bbox 2805 4817 3069 4886; x_wconf 82' lang='grc' dir='ltr'>Ἰώσηπος</span> <span class='ocrx_word' id='word_1_788' title='bbox 3097 4816 3269 4868; x_wconf 80' lang='grc' dir='ltr'>ταῦτα</span> <span class='ocrx_word' id='word_1_789' title='bbox 3293 4833 3307 4847; x_wconf 74' lang='grc' dir='ltr'><strong><em>ο</em></strong></span> <span class='ocrx_word' id='word_1_790' title='bbox 3344 4812 3501 4894; x_wconf 75' lang='grc' dir='ltr'>Οἶνον</span> <span class='ocrx_word' id='word_1_791' title='bbox 3532 4817 3632 4868; x_wconf 79' lang='grc' dir='ltr'>καὶ</span> 
     </span>
    </p>
   </div>
   <div class='ocr_carea' id='block_1_108' title="bbox 2069 4905 3630 4976">
    <p class='ocr_par' dir='ltr' id='par_1_108' title="bbox 2069 4905 3630 4976">
     <span class='ocr_line' id='line_1_108' title="bbox 2069 4905 3630 4976; baseline -0.002 -14"><span class='ocrx_word' id='word_1_792' title='bbox 2069 4909 2263 4975; x_wconf 78' lang='grc' dir='ltr'>σίκερα</span> <span class='ocrx_word' id='word_1_793' title='bbox 2299 4909 2399 4961; x_wconf 80' lang='grc' dir='ltr'>οὐκ</span> <span class='ocrx_word' id='word_1_794' title='bbox 2437 4908 2617 4970; x_wconf 80' lang='grc' dir='ltr'>ἐπιεν,</span> <span class='ocrx_word' id='word_1_795' title='bbox 2655 4906 2892 4976; x_wconf 76' lang='grc' dir='ltr'>ἔμψυχον</span> <span class='ocrx_word' id='word_1_796' title='bbox 2926 4907 3025 4959; x_wconf 83' lang='grc' dir='ltr'>οὐκ</span> <span class='ocrx_word' id='word_1_797' title='bbox 3065 4905 3297 4973; x_wconf 73' lang='grc' dir='ltr'>ἔφαγεν,</span> <span class='ocrx_word' id='word_1_798' title='bbox 3339 4905 3497 4976; x_wconf 79' lang='grc' dir='ltr'>ξυρὸν</span> <span class='ocrx_word' id='word_1_799' title='bbox 3532 4906 3630 4959; x_wconf 75' lang='grc' dir='ltr'>ἐπὶ</span> 
     </span>
    </p>
   </div>
   <div class='ocr_carea' id='block_1_109' title="bbox 2066 4995 3624 5069">
    <p class='ocr_par' dir='ltr' id='par_1_109' title="bbox 2066 4995 3624 5069">
     <span class='ocr_line' id='line_1_109' title="bbox 2066 4995 3624 5069; baseline -0.002 -17"><span class='ocrx_word' id='word_1_800' title='bbox 2066 4998 2165 5068; x_wconf 83' lang='grc' dir='ltr'>τὴν</span> <span class='ocrx_word' id='word_1_801' title='bbox 2194 4998 2435 5069; x_wconf 80' lang='grc' dir='ltr'>κεφαλήν</span> <span class='ocrx_word' id='word_1_802' title='bbox 2464 4998 2628 5051; x_wconf 83' lang='grc' dir='ltr'>αὐτοῦ</span> <span class='ocrx_word' id='word_1_803' title='bbox 2655 4999 2755 5050; x_wconf 75' lang='grc' dir='ltr'>οὐκ</span> <span class='ocrx_word' id='word_1_804' title='bbox 2781 4996 2969 5064; x_wconf 81' lang='grc' dir='ltr'>ἀνέϐη,</span> <span class='ocrx_word' id='word_1_805' title='bbox 3004 4995 3311 5059; x_wconf 30' lang='grc' dir='ltr'>ἐλαιονηοὺκ</span> <span class='ocrx_word' id='word_1_806' title='bbox 3342 4995 3624 5065; x_wconf 75' lang='grc' dir='ltr'>ἠλείψατο,</span> 
     </span>
    </p>
   </div>
   <div class='ocr_carea' id='block_1_110' title="bbox 2067 5087 3631 5160">
    <p class='ocr_par' dir='ltr' id='par_1_110' title="bbox 2067 5087 3631 5160">
     <span class='ocr_line' id='line_1_110' title="bbox 2067 5087 3631 5160; baseline -0.002 -17"><span class='ocrx_word' id='word_1_807' title='bbox 2067 5091 2161 5143; x_wconf 76' lang='grc' dir='ltr'>καὶ</span> <span class='ocrx_word' id='word_1_808' title='bbox 2191 5089 2455 5160; x_wconf 81' lang='grc' dir='ltr'>βαλανείῳ</span> <span class='ocrx_word' id='word_1_809' title='bbox 2479 5089 2579 5145; x_wconf 84' lang='grc' dir='ltr'>οὐκ</span> <span class='ocrx_word' id='word_1_810' title='bbox 2606 5090 2889 5159; x_wconf 79' lang='grc' dir='ltr'>ἐχρήσατό.</span> <span class='ocrx_word' id='word_1_811' title='bbox 2916 5088 3103 5157; x_wconf 85' lang='grc' dir='ltr'>Τούτῳ</span> <span class='ocrx_word' id='word_1_812' title='bbox 3131 5088 3277 5158; x_wconf 87' lang='grc' dir='ltr'>μόνῳ</span> <span class='ocrx_word' id='word_1_813' title='bbox 3305 5087 3430 5158; x_wconf 81' lang='grc' dir='ltr'>ἐξῆν</span> <span class='ocrx_word' id='word_1_814' title='bbox 3455 5091 3534 5152; x_wconf 84' lang='grc' dir='ltr'><strong>είς</strong></span> <span class='ocrx_word' id='word_1_815' title='bbox 3557 5088 3631 5141; x_wconf 80' lang='grc' dir='ltr'>τὰ</span> 
     </span>
    </p>
   </div>
   <div class='ocr_carea' id='block_1_111' title="bbox 2064 5178 3629 5248">
    <p class='ocr_par' dir='ltr' id='par_1_111' title="bbox 2064 5178 3629 5248">
     <span class='ocr_line' id='line_1_111' title="bbox 2064 5178 3629 5248; baseline 0 -15"><span class='ocrx_word' id='word_1_816' title='bbox 2064 5181 2194 5248; x_wconf 70' lang='grc' dir='ltr'>ἅγια</span> <span class='ocrx_word' id='word_1_817' title='bbox 2227 5181 2453 5234; x_wconf 74' lang='grc' dir='ltr'>εἰσιέναι</span> <span class='ocrx_word' id='word_1_818' title='bbox 2484 5180 2579 5233; x_wconf 75' lang='grc' dir='ltr'>καὶ</span> <span class='ocrx_word' id='word_1_819' title='bbox 2607 5180 2823 5232; x_wconf 81' lang='grc' dir='ltr'>δέεσθαι</span> <span class='ocrx_word' id='word_1_820' title='bbox 2854 5180 2993 5244; x_wconf 78' lang='grc' dir='ltr'><strong>ὑπὲρ</strong></span> <span class='ocrx_word' id='word_1_821' title='bbox 3020 5179 3113 5232; x_wconf 79' lang='grc' dir='ltr'><strong>τοῦ</strong></span> <span class='ocrx_word' id='word_1_822' title='bbox 3142 5179 3271 5232; x_wconf 87' lang='grc' dir='ltr'>λαοῦ</span> <span class='ocrx_word' id='word_1_823' title='bbox 3290 5220 3305 5244; x_wconf 89' lang='grc'><strong>,</strong></span> <span class='ocrx_word' id='word_1_824' title='bbox 3334 5178 3409 5243; x_wconf 89' lang='grc' dir='ltr'>ὼς</span> <span class='ocrx_word' id='word_1_825' title='bbox 3441 5179 3629 5234; x_wconf 81' lang='grc' dir='ltr'>ἐντεῦ-</span> 
     </span>
    </p>
   </div>
   <div class='ocr_carea' id='block_1_112' title="bbox 2066 5270 3624 5341">
    <p class='ocr_par' dir='ltr' id='par_1_112' title="bbox 2066 5270 3624 5341">
     <span class='ocr_line' id='line_1_112' title="bbox 2066 5270 3624 5341; baseline 0 -17"><span class='ocrx_word' id='word_1_826' title='bbox 2066 5271 2157 5324; x_wconf 88' lang='grc' dir='ltr'><strong>θεν</strong></span> <span class='ocrx_word' id='word_1_827' title='bbox 2187 5270 2590 5341; x_wconf 84' lang='grc' dir='ltr'>ἀπεσκληκέναι</span> <span class='ocrx_word' id='word_1_828' title='bbox 2620 5272 2687 5322; x_wconf 85' lang='grc' dir='ltr'>τὰ</span> <span class='ocrx_word' id='word_1_829' title='bbox 2717 5270 2923 5337; x_wconf 82' lang='grc' dir='ltr'>γόνατα</span> <span class='ocrx_word' id='word_1_830' title='bbox 2955 5270 3116 5322; x_wconf 79' lang='grc' dir='ltr'>αὑτοῦ</span> <span class='ocrx_word' id='word_1_831' title='bbox 3150 5270 3308 5339; x_wconf 89' lang='grc' dir='ltr'>δίκην</span> <span class='ocrx_word' id='word_1_832' title='bbox 3336 5272 3585 5340; x_wconf 81' lang='grc' dir='ltr'>καμήλου</span> <span class='ocrx_word' id='word_1_833' title='bbox 3606 5311 3624 5337; x_wconf 87' lang='grc'><strong>,</strong></span> 
     </span>
    </p>
   </div>
   <div class='ocr_carea' id='block_1_113' title="bbox 2064 5360 3627 5432">
    <p class='ocr_par' dir='ltr' id='par_1_113' title="bbox 2064 5360 3627 5432">
     <span class='ocr_line' id='line_1_113' title="bbox 2064 5360 3627 5432; baseline 0 -19"><span class='ocrx_word' id='word_1_834' title='bbox 2064 5361 2487 5430; x_wconf 78' lang='grc' dir='ltr'>γονυπετσῦντος</span> <span class='ocrx_word' id='word_1_835' title='bbox 2525 5361 2619 5413; x_wconf 73' lang='grc' dir='ltr'>καὶ</span> <span class='ocrx_word' id='word_1_836' title='bbox 2657 5361 2910 5431; x_wconf 80' lang='grc' dir='ltr'>δεομένου</span> <span class='ocrx_word' id='word_1_837' title='bbox 2952 5360 3145 5429; x_wconf 73' lang='grc' dir='ltr'>ἄφεσιν</span> <span class='ocrx_word' id='word_1_838' title='bbox 3179 5361 3258 5430; x_wconf 84' lang='grc' dir='ltr'>τῷ</span> <span class='ocrx_word' id='word_1_839' title='bbox 3294 5360 3428 5432; x_wconf 83' lang='grc' dir='ltr'>λαῷ.</span> <span class='ocrx_word' id='word_1_840' title='bbox 3467 5362 3627 5414; x_wconf 77' lang='grc' dir='ltr'>Ἀπέ-</span> 
     </span>
    </p>
   </div>
   <div class='ocr_carea' id='block_1_114' title="bbox 2062 5450 3626 5522">
    <p class='ocr_par' dir='ltr' id='par_1_114' title="bbox 2062 5450 3626 5522">
     <span class='ocr_line' id='line_1_114' title="bbox 2062 5450 3626 5522; baseline -0.002 -16"><span class='ocrx_word' id='word_1_841' title='bbox 2062 5470 2283 5506; x_wconf 81' lang='grc' dir='ltr'>κτειναν</span> <span class='ocrx_word' id='word_1_842' title='bbox 2311 5453 2369 5505; x_wconf 89' lang='grc' dir='ltr'><strong>δέ</strong></span> <span class='ocrx_word' id='word_1_843' title='bbox 2397 5453 2559 5505; x_wconf 74' lang='grc' dir='ltr'>αὐτὸν</span> <span class='ocrx_word' id='word_1_844' title='bbox 2588 5453 2637 5504; x_wconf 78' lang='grc' dir='ltr'>οἱ</span> <span class='ocrx_word' id='word_1_845' title='bbox 2673 5453 2918 5506; x_wconf 78' lang='grc' dir='ltr'>Ἰουδαῖοι</span> <span class='ocrx_word' id='word_1_846' title='bbox 2950 5452 3089 5522; x_wconf 82' lang='grc' dir='ltr'>μετὰ</span> <span class='ocrx_word' id='word_1_847' title='bbox 3114 5450 3211 5521; x_wconf 87' lang='grc' dir='ltr'>τὴν</span> <span class='ocrx_word' id='word_1_848' title='bbox 3238 5451 3491 5522; x_wconf 77' lang='grc' dir='ltr'>τελευτὴν</span> <span class='ocrx_word' id='word_1_849' title='bbox 3517 5453 3626 5521; x_wconf 74' lang='grc' dir='ltr'><strong>Φήο</strong></span> 
     </span>
    </p>
   </div>
   <div class='ocr_carea' id='block_1_115' title="bbox 2066 5532 3547 5613">
    <p class='ocr_par' dir='ltr' id='par_1_115' title="bbox 2066 5532 3547 5613">
     <span class='ocr_line' id='line_1_115' title="bbox 2066 5532 3547 5613; baseline 0.001 -18"><span class='ocrx_word' id='word_1_850' title='bbox 2066 5560 2191 5596; x_wconf 87' lang='grc' dir='ltr'>στου</span> <span class='ocrx_word' id='word_1_851' title='bbox 2219 5542 2481 5611; x_wconf 80' lang='grc' dir='ltr'>ἀναρχίαν</span> <span class='ocrx_word' id='word_1_852' title='bbox 2507 5532 2791 5613; x_wconf 68' lang='grc' dir='ltr'>εῦρόντες..</span> <span class='ocrx_word' id='word_1_853' title='bbox 2910 5566 2913 5567; x_wconf 49' lang='grc' dir='ltr'><strong>ν</strong></span> <span class='ocrx_word' id='word_1_854' title='bbox 3544 5534 3547 5537; x_wconf 25' lang='grc' dir='ltr'><strong>λ</strong></span> 
     </span>
    </p>
   </div>
   <div class='ocr_carea' id='block_1_116' title="bbox 404 5638 3621 5712">
    <p class='ocr_par' dir='ltr' id='par_1_116' title="bbox 404 5638 3621 5712">
     <span class='ocr_line' id='line_1_116' title="bbox 404 5638 3621 5712; baseline -0.001 -16"><span class='ocrx_word' id='word_1_855' title='bbox 404 5645 541 5707; x_wconf 81' lang='lat' dir='ltr'><strong>nihil</strong></span> <span class='ocrx_word' id='word_1_856' title='bbox 575 5646 929 5710; x_wconf 87' lang='lat' dir='ltr'><strong>comedebat;</strong></span> <span class='ocrx_word' id='word_1_857' title='bbox 964 5647 1285 5701; x_wconf 86' lang='lat' dir='ltr'><strong>novaculam</strong></span> <span class='ocrx_word' id='word_1_858' title='bbox 1320 5645 1374 5697; x_wconf 90' lang='lat' dir='ltr'><strong>in</strong></span> <span class='ocrx_word' id='word_1_859' title='bbox 1421 5653 1585 5712; x_wconf 88' lang='lat' dir='ltr'><strong>caput</strong></span> <span class='ocrx_word' id='word_1_860' title='bbox 1627 5643 1830 5697; x_wconf 89' lang='lat' dir='ltr'><strong>nullam</strong></span> <span class='ocrx_word' id='word_1_861' title='bbox 1902 5639 2231 5705; x_wconf 86' lang='lat' dir='ltr'><strong>admiserat;</strong></span> <span class='ocrx_word' id='word_1_862' title='bbox 2296 5639 2417 5693; x_wconf 90' lang='lat' dir='ltr'><strong>oleo</strong></span> <span class='ocrx_word' id='word_1_863' title='bbox 2479 5653 2538 5693; x_wconf 86' lang='lat' dir='ltr'><strong>se</strong></span> <span class='ocrx_word' id='word_1_864' title='bbox 2612 5655 2721 5693; x_wconf 93' lang='lat' dir='ltr'><strong>non</strong></span> <span class='ocrx_word' id='word_1_865' title='bbox 2793 5640 3162 5710; x_wconf 82' lang='lat' dir='ltr'><strong>perungebat;</strong></span> <span class='ocrx_word' id='word_1_866' title='bbox 3226 5642 3419 5696; x_wconf 87' lang='lat' dir='ltr'><strong>balneo</strong></span> <span class='ocrx_word' id='word_1_867' title='bbox 3468 5638 3621 5693; x_wconf 88' lang='lat' dir='ltr'><strong>nullo</strong></span> 
     </span>
    </p>
   </div>
   <div class='ocr_carea' id='block_1_117' title="bbox 406 5730 3671 5815">
    <p class='ocr_par' dir='ltr' id='par_1_117' title="bbox 406 5730 3671 5815">
     <span class='ocr_line' id='line_1_117' title="bbox 406 5730 3671 5815; baseline -0.005 -14"><span class='ocrx_word' id='word_1_868' title='bbox 406 5734 682 5802; x_wconf 63' lang='grc' dir='ltr'>νιουιιιω.</span> <span class='ocrx_word' id='word_1_869' title='bbox 716 5737 781 5813; x_wconf 73' lang='lat' dir='ltr'><strong>Et</strong></span> <span class='ocrx_word' id='word_1_870' title='bbox 804 5737 1108 5812; x_wconf 80' lang='lat' dir='ltr'><strong>quidetuei</strong></span> <span class='ocrx_word' id='word_1_871' title='bbox 1134 5738 1233 5793; x_wconf 87' lang='lat' dir='ltr'><strong>soli</strong></span> <span class='ocrx_word' id='word_1_872' title='bbox 1280 5738 1361 5792; x_wconf 83' lang='lat' dir='ltr'><strong>fas</strong></span> <span class='ocrx_word' id='word_1_873' title='bbox 1425 5745 1542 5791; x_wconf 87' lang='lat' dir='ltr'><strong>erat</strong></span> <span class='ocrx_word' id='word_1_874' title='bbox 1614 5735 1669 5790; x_wconf 89' lang='lat' dir='ltr'><strong>in</strong></span> <span class='ocrx_word' id='word_1_875' title='bbox 1743 5734 1899 5799; x_wconf 70' lang='lat' dir='ltr'><strong>adyta</strong></span> <span class='ocrx_word' id='word_1_876' title='bbox 1935 5732 2113 5797; x_wconf 80' lang='lat' dir='ltr'><strong>templi</strong></span> <span class='ocrx_word' id='word_1_877' title='bbox 2156 5740 2209 5787; x_wconf 90' lang='lat' dir='ltr'><strong>et</strong></span> <span class='ocrx_word' id='word_1_878' title='bbox 2269 5730 2563 5797; x_wconf 85' lang='lat' dir='ltr'><strong>penetralia</strong></span> <span class='ocrx_word' id='word_1_879' title='bbox 2616 5731 2860 5799; x_wconf 74' lang='lat' dir='ltr'><strong>ingredi,</strong></span> <span class='ocrx_word' id='word_1_880' title='bbox 2930 5742 2987 5787; x_wconf 91' lang='lat' dir='ltr'><strong>ut</strong></span> <span class='ocrx_word' id='word_1_881' title='bbox 3041 5750 3229 5798; x_wconf 86' lang='lat' dir='ltr'><strong>preces</strong></span> <span class='ocrx_word' id='word_1_882' title='bbox 3269 5749 3365 5798; x_wconf 89' lang='lat' dir='ltr'><strong>pro</strong></span> <span class='ocrx_word' id='word_1_883' title='bbox 3414 5731 3620 5799; x_wconf 84' lang='lat' dir='ltr'><strong>populo</strong></span> <span class='ocrx_word' id='word_1_884' title='bbox 3654 5804 3671 5815; x_wconf 45' lang='lat'><strong>.</strong></span> 
     </span>
    </p>
   </div>
  </div>
