4110 6194
403 355 506 418 Μῖἰ
1193 357 1216 413 ’ς
1653 358 2058 418 ANNALIUM
2097 358 2290 416 PARS
2330 357 2444 418 IlI.
3535 361 3638 416 4754

313 479 318 482 ·
404 461 753 531 conciperet;
791 479 896 532 qua
931 479 1063 520 sane
1099 465 1166 520 de
1193 467 1359 519 causa
1402 465 1776 519 occalluerunt
1811 467 1980 519 instar
2019 464 2210 518 cameli
2245 463 2412 532 229
2475 463 2594 531 ejus
2643 479 2840 533 genua,
2875 479 3005 517 eum
3039 471 3305 532 perpetuo
3339 480 3392 524 tu
3426 463 3493 518 iis
3515 480 3643 534 pro-

403 555 690 610 cumberet
761 570 825 608 ac
888 554 1060 609 Deum
1126 566 1381 610 exora-ret
1443 567 1504 610 ut
1554 555 1785 611 Judaico
1848 555 2051 624 populo
2091 555 2250 608 venia
2304 557 2426 608 data
2503 555 2829 624 ignosceret.
2891 554 3218 608 Interfectus
3257 571 3283 606 a
3331 553 3533 608 Judmis
3557 562 3640 608 est

404 659 526 721 post
585 648 730 704 Festi
785 649 1052 730 praetoris
1087 660 1343 716 mortem,
1399 666 1508 720 quo
1551 662 1799 720 tempore
1835 650 2071 704 necdum
2141 635 2249 703 aiio
2323 659 2557 720 praetore
2622 658 2910 714 surrogato
2970 649 3208 703 neminis
3255 649 3485 718 impeth
3541 666 3640 719 pa-

404 741 618 795 rebant.

473 838 586 889 Καὶ
613 837 641 888 6
672 836 773 905 μὲν
809 836 1066 898 Ἱάκωόος
1095 828 1250 898 οὗτος
1272 879 1287 904 ,
1319 838 1347 890 6
1376 835 1698 903 ἀδελφόθεος
1728 835 1928 905 δηλαδὴ
1952 877 1964 900 ,

2149 835 2414 891 Caeterum
2441 835 2676 906 Jacobus
2719 834 2831 897 hic,
2877 832 3088 885 Domini
3137 832 3343 894 frater,
3376 848 3486 885 non
3525 842 3642 885 erat

401 930 469 997 τῇ
514 927 774 980 δωδεκάδι
815 929 922 979 τῶν
970 929 1230 998 μαθητῶν
1272 929 1372 981 οὐκ
1414 925 1483 996 ἧν
1525 928 1862 996 ἐναρίθμιος,
1904 929 1964 980 τὰ

2078 930 2167 983 ille
2196 929 2416 998 quidem
2453 943 2596 981 unus
2625 943 2692 980 ex
2722 926 3014 980 duodecim
3043 925 3151 978 illis
3185 925 3491 993 discipulis,
3544 927 3638 978 sed

402 1017 594 1088 πρῶτα
621 1017 676 1068 δὲ.
706 1018 852 1086 ὅμως
883 1019 1013 1088 παρ’
1036 1019 1216 1080 αὐτοῖς
1248 1018 1430 1086 ἔφερε.
1461 1019 1569 1072 Καὶ
1598 1020 1706 1086 γὰρ
1735 1019 1964 1080 ἀναστὰς

2074 1022 2322 1088 principe
2348 1029 2525 1071 tamen
2553 1017 2694 1084 apud
2736 1031 2833 1068 eos
2885 1016 3005 1068 loco
3043 1015 3369 1068 habebatur.
3431 1017 3641 1086 Quippe

401 1111 465 1162 ἐκ
492 1109 704 1179 νεκρῶν
729 1111 756 1162 6
787 1109 1016 1178 Κύριος,
1044 1110 1121 1173 ὡς
1150 1113 1177 1163 6
1209 1111 1438 1180 Κλήμης
1466 1111 1632 1178 φησὶ,
1663 1112 1850 1180 Πέτρῳ
1884 1111 1974 1162 καὶ

414 1196 633 1269 Ἰωάννῃ
661 1199 754 1251 καὶ
785 1197 1028 1266 Ἰακώϐῳ
1051 1197 1129 1267 τῷ
1157 1197 1462 1266 ἀδελφοθέῳ
1489 1199 1587 1264 τὴν
1617 1197 1816 1266 γνῶσιν
1845 1195 1973 1248 ἐδω-

396 1307 524 1355 κεν,
551 1285 698 1342 οὗτοι
728 1288 783 1342 δέ
814 1290 922 1350 τοῖς
953 1288 1180 1351 λοιποῖς.
1213 1289 1324 1357 Πρὸ
1354 1289 1460 1358 γάρ
1488 1288 1588 1356 τῆς
1622 1288 1972 1348 ἀναστάσεως

398 1381 491 1434 καὶ
519 1381 800 1433 ἐνεκότουν
823 1380 902 1450 τῷ
933 1379 1122 1452 Κυρίῳ
1151 1381 1243 1433 καὶ
1270 1380 1536 1449 ἠπίστουν
1563 1379 1712 1448 αύτῷ
1739 1381 1786 1432 οἱ
1818 1377 1972 1432 ἀδελ-

397 1472 486 1537 φοὶ
505 1468 690 1535 αὐτοῦ,
712 1471 786 1534 ὡς
807 1472 834 1523 ὁ
854 1469 1259 1539 Εὖαγγελιστὴς
1283 1469 1538 1539 Ἰωάννης
1558 1471 1710 1538 φησι.
1730 1469 1968 1538 Πρόσεχε

365 1571 368 1574 ·
393 1557 479 1621 δὲ,
503 1559 774 1626 ἀγαπητέ.
807 1557 868 1611 Εί
898 1559 1006 1626 γὰρ
1039 1558 1132 1610 καὶ
1155 1558 1414 1626 ’πρώτους
1439 1559 1680 1620 ἐκείνως
1709 1559 1736 1610 6
1767 1558 1970 1626 Κύριος

393 1649 518 1711 τοὺς
543 1649 752 1702 δώδεκα
775 1649 1074 1714 ἐξελέξατο,
1099 1650 1148 1702 εί
1175 1649 1266 1702 καὶ
1287 1649 1451 1718 τιμῆς
1477 1649 1674 1719 ἠξίωσε
1700 1648 1965 1714 πλείονος,

391 1741 442 1791 εί
481 1738 575 1792 καὶ
612 1737 706 1791 ἐπὶ
747 1735 812 1791 ιδ’
838 1738 1042 1808 θρόνων
1077 1738 1342 1809 ὑπέσχετο
1383 1738 1606 1791 καθίσαι
1645 1738 1839 1799 αὐτοὺς
1870 1739 1968 1800 τὰς

392 1831 603 1884 δώδεκα
639 1831 812 1899 φυλὰς
837 1831 930 1884 τοῦ
965 1829 1185 1900 Ἰσραὴλ
1215 1832 1522 1900 κρίνοντας,
1551 1831 1600 1883 εί
1630 1829 1725 1882 καὶ
1755 1829 1966 1882 σύνδειη

391 1940 517 1975 πνοι
550 1923 696 1993 αὐτῷ
731 1923 944 1976 ἔσονται
977 1923 1099 1976 κατ’
1127 1922 1341 1992 ἐκείνην
1372 1921 1470 1992 τὴν
1499 1921 1746 1992 ἡμέραν,
1780 1920 1966 1989 ἐπειδὴ

393 2014 736 2084 μεμενήκασι
766 2015 882 2083 μετ’
907 2013 1092 2079 αὑτοῦ,
1117 2014 1234 2067 ἀλλ’
1255 2013 1452 2083 ἔχομεν
1478 2012 1712 2082 ἀλλαχοῦ
1741 2014 1831 2066 τὸν
1857 2011 1969 2066 Κύ-

393 2123 508 2174 ριον
551 2105 714 2158 αὐτὸν
755 2106 892 2174 πρὸς
935 2107 1062 2169 τοὺς
1105 2107 1168 2159 ἐκ
1209 2105 1532 2170 Ζεϐεδαίου,
1575 2105 1740 2174 ἡνίκα
1785 2103 1965 2168 δεξιάν

391 2194 663 2264 ᾐτήσαντο
709 2194 803 2246 καὶ
850 2194 1145 2264 ἀριστερὰν
1191 2193 1477 2264 καθέδραν,
1523 2193 1666 2248 οὕτω
1713 2195 1960 2259 λέγοντα·

395 2299 415 2334 ι
454 2284 567 2334 Οὐκ
607 2282 736 2351 ἐμόν
779 2285 892 2335 ἐστι
928 2282 1087 2336 τοῦτο
1130 2283 1332 2345 δοῦναι,
1377 2283 1490 2336 ἀλλ’
1515 2279 1596 2346 οἷς
1638 2285 1992 2353 ἡτοίμασται

391 2373 541 2444 παρά
577 2373 673 2426 τοῦ
705 2375 924 2444 Πατρός
976 2391 1100 2443 μου.
1152 2393 1169 2425 ι
1218 2374 1428 2428 Οὐκοῦν
1471 2377 1518 2427 εί
1557 2375 1625 2428 τὰ
1663 2376 1761 2441 τῆς
1800 2378 1964 2444 τιμῆς

389 2463 604 2532 ἐκείνης
634 2463 696 2516 οὐ
726 2464 926 2517 δίδοται
960 2467 1100 2519 κατὰ
1131 2466 1290 2534 χάριν
1319 2466 1455 2519 ἀλλὰ
1487 2466 1630 2520 κατά
1657 2467 1783 2528 τοὺς
1814 2467 1964 2534 ἀγῶ-

389 2571 488 2616 νας
516 2554 611 2616 οὓς
643 2556 674 2614 6
706 2555 828 2608 καθ’
856 2555 950 2608 ἕνα
984 2556 1296 2622 ἐνδείξεται,
1331 2557 1407 2630 μὴ
1443 2557 1690 2627 θαύμαζε
1723 2558 1839 2624 εῐγε
1873 2559 1964 2611 καὶ

389 2647 437 2696 oi
466 2647 608 2698 κατὰ
637 2646 728 2699 τὸν
762 2647 996 2711 Παῦλον,
1029 2648 1116 2700 ναὶ
1149 2648 1253 2717 μὴν
1283 2649 1376 2700 καὶ
1409 2649 1662 2702 Ἰάκωόον
1694 2649 1783 2701 τόν
1813 2649 1964 2702 ἀδελ-

391 2737 584 2802 φόθεον
625 2737 1028 2808 ἀγωνισάμενοι
1072 2741 1320 2792 κοινωνοὶ
1361 2740 1455 2791 καὶ
1497 2741 1828 2810 συμμέτοχοι
1866 2743 1965 2809 τῆς

387 2825 497 2880 τῶν
525 2827 734 2884 δώδεκα
763 2832 928 2900 τιμῆς
959 2831 1371 2903 εὑρεθήσονται.
1403 2833 1512 2886 Καὶ
1543 2832 1650 2902 γάρ
1683 2835 1840 2886 τοῦτο
1871 2836 1967 2887 καὶ

388 2921 417 2972 6
445 2920 542 2989 τὴν
572 2920 815 2987 γλῶτταν
847 2923 1095 2993 Χρυσοῦς
1123 2924 1273 2993 ἔλεγε
1295 2964 1308 2988 ,
1341 2923 1554 2977 Παύλου
1589 2920 1807 2994 μείζονα
1839 2925 1968 2994 στῆ-

390 3027 478 3061 ναι
508 3011 628 3062 τότε
662 3012 979 3083 μηδέτερον.

2074 1126 2198 1164 cum
2239 1109 2476 1176 primum
2539 1122 2605 1159 ex
2641 1108 2874 1157 mortuis
2903 1105 3166 1157 Dominus
3227 1108 3642 1172 resurreaésset,

2073 1203 2150 1254 uti
2181 1201 2431 1253 Clemens
2461 1198 2862 1258 narrat,Petro
2887 1203 2942 1249 et
2967 1194 3162 1248 Joanui
3187 1204 3241 1248 et
3265 1196 3469 1249 Jacobo
3492 1198 3642 1256 huic.

2074 1288 2291 1358 Domini
2318 1287 2495 1348 fratri,
2531 1287 2721 1355 primis
2753 1285 2804 1339 id
2841 1284 3136 1353 patclerit;
3169 1284 3260 1352 qtti
3293 1284 3500 1338 deinde
3529 1301 3640 1338 rem

2072 1379 2139 1432 ad
2178 1378 2483 1445 discipulos
2521 1377 2768 1445 reliquos
2798 1376 3136 1430 retulerunt.
3170 1375 3385 1428 Etenim
3419 1385 3543 1428 ante
3566 1393 3645 1428 re-

2072 1465 2472 1526 surrectiohem
2498 1467 2696 1521 fratres
2743 1467 2956 1520 Domini
2999 1468 3163 1520 etiam
3218 1447 3646 1534 indignabantur

2072 1561 2144 1620 ei.
2177 1574 2280 1613 nec
2314 1557 2478 1611 fidem
2505 1557 2804 1621 habebant,
2831 1555 3294 1625 quemadmodum
3318 1556 3645 1624 evangelica:

2070 1651 2310 1720 scriptor
2361 1650 2606 1705 historiae
2665 1649 2906 1704 Joannes
2962 1649 3236 1702 meminit.
3298 1647 3411 1702 lloc
3460 1655 3641 1701 autem

2067 1745 2190 1798 loco
2205 1751 2306 1804 est,
2329 1741 2525 1796 dilecte
2554 1740 2648 1799 lili.
2677 1741 2820 1808 quol
2850 1739 3282 1792 animadvertas.
3317 1738 3640 1805 Quanquam

2068 1833 2216 1888 enim
2249 1831 2550 1900 discipulos
2605 1831 2730 1884 illos
2781 1830 3074 1884 duodecim
3128 1830 3388 1884 Dominus
3439 1829 3658 1898 primos

2067 1924 2253 1992 elegit,
2304 1937 2616 1991 quanquam
2671 1921 2880 1974 honore
2949 1921 3141 1989 majori
3212 1921 3466 1989 dignatus
3533 1929 3641 1979 est.
3701 1979 3726 1998 ι

2067 2018 2382 2085 quanquam
2437 2029 2495 2068 se
2552 2013 2680 2068 illos
2732 2014 3054 2082 promiserit
3100 2028 3264 2081 supra
3334 2011 3626 2065 duodecim

2068 2108 2204 2162 solia
2236 2107 2658 2170 collocaturum,
2705 2113 2764 2158 ut
2826 2104 3118 2158 duodecim
3152 2104 3326 2158 tribus
3353 2102 3640 2156 Israelicas

2063 2199 2332 2270 judicent,
2365 2212 2677 2267 quanquam
2704 2196 2796 2248 illo
2828 2197 2918 2248 die
2949 2194 3192 2249 conviva:
3252 2193 3426 2262 ipsius
3481 2201 3644 2245 erant

2068 2296 2355 2358 propterea
2383 2287 2530 2356 quod
2559 2286 2702 2354 apud
2736 2285 2914 2353 ipsum
2941 2283 3212 2336 manendo
3245 2297 3640 2351 perseverave-

2067 2381 2199 2442 rint,
2235 2377 2407 2431 niltilo
2437 2387 2614 2430 tamen
2653 2376 2835 2429 minus
2874 2375 3005 2428 alibi
3041 2373 3335 2427 Dominum
3375 2372 3442 2426 ad
3469 2362 3644 2425 Zebe-

2066 2471 2168 2525 dati
2223 2469 2382 2531 ﬁlios,
2417 2483 2542 2523 cum
2599 2468 2677 2521 illi
2727 2467 3017 2520 dexterum
3075 2466 3382 2532 laevumque
3439 2464 3638 2517 solium

2065 2578 2234 2633 penes
2267 2563 2445 2630 ipsum
2473 2561 2780 2629 petiisscnt,
2846 2558 2933 2612 his
2969 2548 3167 2611 .verbis
3225 2557 3302 2610 uti
3331 2557 3580 2609 videmus
3621 2574 3635 2607 :

2071 2654 2234 2724 «Ejus
2267 2653 2342 2707 rei
2379 2651 2748 2706 concedenda:
2785 2650 3019 2704 facultas
3051 2664 3158 2702 non
3208 2664 3294 2702 me
3331 2663 3499 2716 penes
3531 2657 3638 2710 est,

2066 2745 2160 2798 sed
2237 2744 2346 2814 illis
2406 2744 2512 2796 hoc
2567 2744 2812 2810 obtinget
2858 2741 3058 2808 quibus
3110 2756 3139 2792 a
3174 2739 3333 2792 Patre
3389 2747 3638 2806 paratum

2066 2833 2256 2888 erit".
2285 2852 2302 2884 ι
2344 2833 2690 2902 Quapropter
2723 2832 2766 2884 si
2805 2832 2979 2884 honos
3010 2831 3098 2884 ille
3131 2846 3238 2883 non
3273 2829 3549 2883 tribuetur
3571 2844 3636 2881 ex

2066 2925 2260 2994 gratia,
2303 2923 2397 2977 sed
2453 2939 2550 2991 pro
2579 2911 2793 2976 ratione
2847 2922 3214 2974 certaminum
3251 2935 3371 2988 qua:
3405 2919 3640 2988 quilibet

2071 3013 2408 3077 exantlabit,
2469 3013 2658 3084 desine
2721 3011 2910 3065 mirari
2981 3012 3224 3064 futurum
3290 3021 3351 3064 ut
3411 3010 3634 3078 quidam

389 3107 642 3175 exemplo
673 3106 825 3162 Pauli
852 3117 906 3162 et
935 3107 1125 3163 Jacobi
1183 3107 1372 3178 hujus,
1404 3108 1616 3162 Domini
1675 3108 1886 3174 fratris,
1950 3105 2347 3164 certaminibus
2398 3107 2512 3161 suis
2596 3106 2833 3175 peractis
2887 3107 3008 3174 ejus
3063 3105 3358 3174 participes
3408 3103 3635 3175 honoris

349 3197 543 3265 'liant,
595 3198 687 3269 qui
737 3199 1026 3266 discipulis
1107 3200 1218 3255 illis
1268 3200 1560 3256 duodecim
1641 3210 1726 3257 est
1809 3203 2134 3271 promissus.
2206 3199 2317 3254 lloc
2405 3199 2550 3269 enim
2607 3208 2663 3253 et
2725 3200 3156 3270 Chrysostomus
3219 3196 3626 3266 pronuntiarit,

389 3293 558 3349 Paulo
584 3295 790 3348 dicens
824 3295 916 3350 illo
961 3304 1208 3365 tempore
1255 3296 1531 3350 neminem
1574 3295 1953 3364 appariturum
1992 3295 2274 3366 majorem.

461 3389 580 3451 ’ξΟτι
607 3387 662 3440 δὲ
696 3389 742 3440 οί
775 3387 1020 3454 μαθηταὶ
1048 3385 1142 3440 τοῦ
1179 3385 1414 3455 Χριστοῦ
1443 3385 1649 3438 δώδεκα
1683 3385 1775 3436 τὸν
1803 3383 1959 3454 ἀριθ-

391 3481 493 3548 μὸν
517 3480 612 3532 καὶ
645 3479 705 3531 οὐ
743 3475 966 3539 πλείους
993 3476 1024 3546 ἢ
1056 3476 1316 3538 ἐλάσσους
1348 3469 1486 3529 εἶναι
1513 3473 1758 3543 ἔμελλον,
1785 3475 1958 3544 ἀρχῆο

389 3572 482 3625 θεν
520 3570 676 3624 τοῦτο
719 3569 1037 3636 δεδήλωται.
1085 3568 1194 3620 Καὶ
1227 3566 1516 3642 πρόσσχες,
1549 3564 1815 3646 είβούλει,
1845 3567 1955 3628 τοῖς

2135 3386 2442 3452 Caeteroqui
2477 3394 2685 3440 tantum
2737 3384 3023 3439 duodecim
3073 3383 3276 3439 Christi
3311 3383 3632 3452 discipulos.

2067 3495 2172 3534 non
2208 3480 2397 3546 plures
2429 3494 2533 3532 nec
2569 3480 2858 3548 pauciores
2891 3477 3081 3542 fuisse,
3113 3478 3218 3547 jam
3249 3489 3373 3532 aute
3405 3479 3634 3532 demon-

2065 3569 2370 3622 stravimus.
2405 3568 2661 3633 Attende,
2694 3568 2940 3626 obsecro,
2976 3583 3097 3636 qua:
3121 3566 3388 3621 dicemus.
3409 3566 3636 3632 Quem-

385 3665 728 3734 λεγομένοις.
763 3663 862 3714 Ὃν
891 3661 1000 3730 γάρ
1031 3659 1234 3730 τρόπον
1265 3662 1292 3710 6
1332 3658 1588 3726 αἰσθητὸς
1623 3650 1778 3715 οὗτος
1803 3657 1954 3726 ἣλιος

2066 3660 2358 3714 admodum
2415 3659 2496 3713 sul
2555 3658 2644 3711 hic
2679 3658 2898 3712 sensilis
2928 3672 2958 3710 a
2999 3657 3177 3726 primo
3214 3655 3370 3726 signo
3405 3673 3634 3714 exorsus

388 3753 498 3804 ἀπὸ
546 3745 905 3818 τοῦ-πρῶτον
951 3747 1178 3816 σημείου
1215 3747 1547 3816 ἀρξάμενος,
1585 3747 1679 3800 καὶ
1716 3746 1804 3798 διὰ
1851 3747 1957 3798 τῶν

311 3831 320 3834 ’
391 3847 460 3912 ιβ’
487 3843 692 3906 ζωδίων
725 3843 825 3912 τὴν
860 3839 1026 3894 αὐτοῦ
1055 3841 1288 3910 ποιήσας
1321 3839 1590 3911 περίοδον,
1620 3839 1721 3891 κάν
1751 3838 1957 3902 τούτοις

386 3937 459 3988 τά
487 3934 654 3988 αὐτοῦ
691 3935 868 3988 πάντα
901 3933 1220 4003 πληρώσας,
1257 3935 1440 3985 ἐκεῖσε
1463 3931 1642 3985 ’πάλιν
1691 3931 1958 4000 ὑποστρέ-

387 4045 480 4095 φει
513 4029 635 4080 ὅθεν
665 4025 760 4080 τοῦ
814 4027 1017 4096 δρόμου
1063 4026 1402 4094 κατήρξατο,
1428 4025 1571 4078 ιθτω
1597 4026 1692 4077 καὶ
1720 4025 1746 4076 6
1775 4024 1961 4092 νοητὸς

384 4121 539 4191 ¹ἣλιος
563 4121 662 4188 τῆς
690 4119 1059 4189 δικαιοσύνης,
1101 4119 1128 4170 6
1156 4117 1356 4186 Κύριος
1384 4118 1540 4186 ἡμῶν
1582 4117 1787 4186 Ἰησοῦς
1824 4117 1964 4187 Χρι-

388 4209 535 4272 στὸς,
558 4210 586 4261 6
619 4209 744 4270 Υἱὸς
773 4206 868 4260 τοῦ
897 4206 1033 4260 Θεοῦ
1067 4209 1162 4259 καὶ
1190 4207 1344 4270 Θεὸς,
1391 4206 1736 4271 ἐξανατείλας
1761 4205 1837 4275 τῷ
1873 4209 1963 4260 κόο

394 4311 523 4370 σμῳ
546 4299 728 4361 καθὼς
754 4299 916 4361 αὐτὸς
943 4298 1234 4369 ηὐδόκησε,
1256 4299 1350 4351 καὶ
1379 4298 1465 4350 διὰ
1488 4298 1596 4350 τῶν
1623 4298 1686 4366 ιβ’
1708 4298 1964 4366 μαθητῶν

391 4391 493 4461 τὴν
533 4389 628 4442 ὑπ’
659 4388 886 4459 οὐρανὸν
914 4388 1248 4459 διαδραμὼν,
1295 4389 1477 4441 πᾶσαν
1507 4387 1606 4458 τὴν
1641 4385 1803 4438 αὑτοῦ
1839 4386 1964 4453 βού-

393 4483 554 4552 λησιν
584 4482 652 4534 δι’
681 4483 865 4534 αὐτῶν
894 4481 1186 4542 ἐκτελέσας
1231 4481 1412 4532 ἐκεῖσε
1450 4479 1613 4532 πάλιν
1648 4478 1771 4530 ὅθεν
1801 4473 1964 4547 ἦλθεν

393 4572 754 4643 ὑπέστρεψεν.
786 4569 909 4625 Ὅτι
949 4573 1005 4624 δέ
1039 4571 1086 4622 oi
1132 4572 1282 4638 παρά
1320 4570 1523 4639 Κυρίου
1551 4569 1866 4636 ὲκλεγὲντες
1899 4569 1964 4638 ιβ’

393 4666 659 4737 μαθηταὶ,
697 4666 785 4717 ναὶ
830 4661 936 4733 μὴν
969 4663 1062 4715 καὶ
1096 4662 1146 4715 ei
1181 4663 1300 4716 κατ’
1337 4663 1534 4724 αὐτοὺς
1563 4663 1962 4729 ἀγωνισάμενοι

387 4758 680 4828 κρείττονα
703 4756 866 4808 τόπον
889 4756 1163 4825 ἐσχήκασι
1188 4755 1298 4806 τῶν
1327 4754 1692 4823 προπατόρων
1717 4753 1960 4818 ἐκείνων,

385 4849 414 4900 6
449 4848 855 4916 χρυσορρήμων
885 4845 1142 4914 Ἰωάννης
1172 4845 1557 4914 ἀριδηλότερον
1590 4844 1810 4907 ἔδειξεν.
1831 4844 1960 4894 Ἐπὶ

389 4936 460 5008 ιβ’
478 4939 588 5008 γὰρ
616 4937 722 5008 εφη
747 4939 954 5009 θρόνων
986 4937 1208 4990 καθίσαι
1227 4936 1443 5000 αὐτοὺς,
1465 4936 1559 4987 καὶ
1583 4939 1764 5004 κρῖναι
1780 4939 1876 4994 τὰς
1897 4933 1962 5002 ιβ’

2061 3765 2160 3819 per
2183 3751 2348 3818 "signa
2382 3748 2670 3802 duodecim
2712 3763 2876 3801 cursu
2911 3761 3012 3802 suo
3049 3746 3302 3800 circulari
3361 3747 3634 3811 absoluto,

2061 3851 2348 3912 p05tquam
2406 3841 2459 3894 in
2499 3840 2566 3897 iis
2597 3838 2735 3908 ipsis
2787 3839 3108 3892 eﬂectiones
3145 3853 3270 3890 snas
3321 3839 3632 3905 complevit,

2061 3948 2129 3986 co
2159 3932 2411 3993 revertit,
2452 3930 2597 3983 unde
2629 3945 2826 3984 cursus
2855 3930 3070 3983 initium
3109 3931 3332 3988 fecerat,
3365 3929 3444 3981 sic
3470 3930 3633 3982 etiam

2064 4024 2396 4078 intellectilis
2435 4023 2526 4076 ille
2555 4021 2635 4075 sol
2665 4020 2889 4090 justitiae
2943 4021 3206 4074 Dominus
3254 4027 3443 4072 noster
3474 4017 3636 4073 Jesus

2061 4115 2332 4180 Christus,
2368 4113 2458 4167 Dei
2492 4112 2665 4166 Filius
2697 4120 2754 4164 et
2801 4110 2962 4173 Deus,
3001 4108 3207 4162 mundo
3261 4123 3356 4176 pro
3387 4107 3636 4176 benigni-

2068 4218 2174 4262 tate
2215 4223 2308 4260 sua
2359 4213 2625 4267 exortus,
2682 4212 3037 4272 posteaquam
3087 4200 3273 4254 orbem
3323 4208 3586 4253 terrarum
3617 4236 3632 4260 ,

2066 4313 2390 4368 quacunque
2419 4296 2558 4350 c0310
2589 4295 2677 4348 ille
2713 4293 2997 4363 subjectus
3029 4301 3150 4356 est,
3213 4307 3310 4360 per
3341 4289 3633 4344 ddodceim

2067 4389 2364 4456 discipulos
2395 4402 2523 4441 suos
2555 4385 2847 4454 percurrit,
2874 4396 3145 4450 omneque
3180 4382 3486 4435 institutum
3517 4382 3636 4434 aui-

2066 4480 2138 4532 mi
2171 4479 2255 4532 sui
2282 4492 2473 4532 eorum
2503 4491 2670 4546 opera
2706 4476 2955 4544 perfecit,
2991 4489 3184 4528 rursus
3222 4475 3416 4528 eodem
3449 4486 3634 4526 rever-

2066 4588 2158 4627 sus
2187 4581 2272 4627 est
2323 4573 2463 4626 unde
2498 4571 2779 4640 profectus
2833 4571 3029 4624 fuerat.
3077 4568 3139 4621 Et
3177 4583 3308 4621 vero
3342 4564 3630 4620 duodecim

2066 4665 2189 4720 illos
2218 4659 2514 4734 discipulos
2542 4678 2574 4716 a
2606 4662 2836 4716 Domino
2888 4643 3140 4722 selectos,
3175 4660 3414 4726 itemque
3467 4657 3632 4720 alios,

2065 4757 2380 4825 quicunque
2435 4753 2693 4822 pra-clara
2741 4752 2983 4820 ipsorum
3032 4749 3286 4818 exemplo
3333 4749 3632 4802 certamina

2065 4845 2340 4908 obierunt,
2373 4842 2572 4912 potiori
2628 4842 2750 4895 loco
2781 4841 2996 4894 futuros
3042 4855 3162 4894 esse
3205 4853 3367 4907 quam
3421 4837 3633 4906 priscos

2067 4937 2189 4990 illos
2225 4945 2409 5004 patres
2433 4972 2448 4996 ,
2492 4934 2664 4987 multo
2700 4933 2906 4987 clarius
2955 4943 3140 4987 orator
3171 4931 3259 4984 ille
3297 4939 3483 4984 noster
3532 4945 3634 4982 au-

385 5030 560 5099 φυλὰς
587 5029 682 5083 τοῦ
724 5028 959 5100 Ἰσραὴλ,
991 5028 1059 5097 ἢν
1088 5027 1152 5094 δὴ
1185 5027 1355 5096 τιμὴν
1381 5027 1477 5077 οὐκ
1499 5025 1664 5078 ἔδωκε
1688 5027 1800 5088 τοῖς
1826 5041 1962 5094 προ-

2066 5043 2188 5080 rcus
2217 5025 2476 5080 ostendit.
2515 5023 2772 5078 Promisit
2805 5024 2949 5077 enim
2989 5023 3251 5076 Dominus
3281 5022 3401 5076 illos
3449 5035 3508 5074 se
3542 5037 3635 5074 su-

388 5121 648 5192 πάτορσι.
677 5121 788 5176 Καὶ
817 5122 902 5174 ὅτι
933 5119 1119 5172 πολλοὶ
1143 5105 1250 5171 ἀπὸ
1274 5117 1551 5172 ἀνατολῶν
1599 5119 1689 5170 καὶ
1737 5118 1957 5186 δυσμῶν

385 5213 727 5277 ἐλεύσονται,
751 5213 847 5266 καὶ
879 5213 1016 5282 μετὰ
1037 5211 1290 5282 Ἀὁραάμ
1325 5213 1417 5265 καὶ
1445 5211 1632 5262 Ἰσαὰκ
1659 5209 1956 5280 ἀνακλιθή-

386 5319 610 5359 σονται·
640 5306 750 5365 τοῖς
776 5303 832 5356 δέ
865 5320 928 5370 γε
963 5303 1282 5365 ἀποστόλοις
1312 5301 1483 5364 οὐδεὶς
1533 5300 1722 5370 ἕτερος
1755 5301 1958 5353 ἐσεῖται

386 5396 784 5465 συγκάθεδρος.
819 5395 927 5446 Καὶ
956 5395 1040 5447 ὃτι.
1070 5393 1176 5447 ὑπὸ
1209 5394 1363 5448 σκιὰν
1391 5395 1588 5446 ἐκεῖνοι
1617 5392 1736 5446 τότε
1761 5395 1959 5460 φανέν-

381 5505 480 5550 τες
505 5487 789 5549 ἐλάττονές
824 5489 931 5540 είσι
977 5485 1086 5538 τῶν
1120 5485 1549 5555 ἐνακμασάντων
1584 5487 1650 5554 τῇ
1705 5484 1956 5554 ἀληθείᾳ.

381 5579 499 5640 Καὶ
527 5578 700 5632 ταῦτα
731 5579 830 5648 μὲν
855 5581 883 5632 ὁ
905 5577 1004 5648 τὴν
1031 5577 1276 5646 γλῶτταν
1307 5575 1585 5648 Χρυσοῦς,
1609 5579 1636 5630 6
1665 5575 1722 5629 δὲ
1753 5575 1958 5630 Θεοδώ-

467 5763 509 5798 ”
550 5761 740 5826 Matth.
779 5777 869 5828 xx,
898 5759 987 5819 25.

2065 5134 2160 5187 pra
2192 5117 2479 5172 duodecim
2521 5116 2657 5169 solia
2703 5115 2866 5184 230
2912 5115 3306 5170 collocalurum
3332 5152 3348 5178 ,
3385 5122 3446 5167 ut
3495 5112 3632 5166 duo-

2063 5210 2242 5264 decim
2288 5208 2466 5262 tribus
2509 5207 2792 5262 Israelicas
2835 5205 3115 5275 judicent;
3156 5222 3317 5276 quem
3349 5220 3481 5260 sane
3532 5205 3630 5258 ho-

2064 5316 2252 5354 norem
2305 5298 2502 5368 priscis
2540 5298 2645 5352 illis
2674 5298 2924 5368 patribus
2959 5314 3068 5352 non
3130 5298 3422 5353 concessit.
3476 5295 3625 5350 Prm-

2064 5401 2214 5446 tcrea
2238 5390 2393 5444 multi
2426 5390 2494 5443 ab
2529 5399 2651 5443 ortu
2676 5399 2732 5444 et
2758 5405 2955 5443 occasu
2987 5389 3210 5445 venient
3231 5398 3287 5441 et
3316 5403 3437 5441 cum
3461 5386 3628 5439 Abra-

2064 5482 2225 5536 ltamo
2251 5496 2314 5534 ac
2361 5481 2544 5536 lsaaco
2583 5480 2937 5534 recumbent:
2975 5490 3032 5533 at
3076 5479 3338 5532 soliorum
3369 5473 3630 5543 apostoli-

2063 5589 2250 5630 corum
2297 5573 2438 5629 alius
2493 5586 2654 5628 nemo
2691 5572 2964 5644 particeps
3014 5567 3359 5624 erit.ltidem
3393 5565 3470 5620 illi
3498 5577 3628 5624 cum
