4110 6194
504 357 610 418 435

1797 348 2219 412 ΜΙΟΗΑΕωΒ
2259 346 2522 407 (ΞΙΑΥΟίΕ

3648 339 3751 401 436

505 469 559 521 in
603 467 792 521 umbra
820 464 1075 528 vixerint,
1122 461 1351 516 omnino
1386 471 1514 514 sunt
1549 460 1614 513 iis
1646 458 1939 513 inferiores
1982 459 2071 527 qui

2185 471 2354 526 ρητος
2385 452 2719 523 σφάλλεσθαι
2744 452 2895 521 λέγει
2923 452 3052 517 τοὺς
3081 450 3223 506 οὕτω
3255 450 3384 522 περὶ
3408 451 3516 504 τῶν
3544 469 3741 522 προπα·

506 562 559 613 ἱη
591 563 706 628 ipso
733 558 917 626 vigore
937 554 1186 609 veritatis
1211 553 1560 607 exstiterunt.
1593 552 1717 605 llaec
1740 550 2073 619 Chrysosto-

506 655 643 703 nius.
683 648 1061 702 'l’heodoretus
1097 655 1278 699 autem
1328 662 1519 699 errare
1549 644 1681 699 dicit
1719 659 1814 698 eos
1844 645 1936 714 qui
1972 645 2075 697 hoc

504 744 665 795 modo
706 739 772 792 de
810 739 1006 809 priscis
1039 740 1145 792 illis
1195 738 1445 807 patribus
1482 746 1539 790 et
1590 739 1831 791 sentiant
1879 747 1935 791 et
1987 738 2073 791 lo-

502 842 757 900 quantur.
793 830 1115 896 Quanquam
1159 829 1304 881 enim
1336 828 1412 880 illi
1470 827 1759 880 Dominum
1800 827 2074 880 sensiliter

501 938 609 976 non
667 920 927 984 viderint,
977 919 1178 972 mentis
1216 924 1393 970 tamen
1432 916 1790 985 intelligentia
1844 932 2075 995 conspe-

500 1021 648 1065 ctum
684 1013 752 1065 ab
781 1012 845 1065 iis
872 1025 1011 1065 esse.
1044 1010 1110 1062 Et
1142 1009 1233 1077 qui
1286 1009 1408 1062 aliis
1445 1008 1672 1061 inferior
1701 1017 1865 1075 atque
1894 1008 2072 1062 minor

500 1105 568 1155 sit
601 1104 645 1156 is
672 1103 763 1171 qui
795 1103 916 1155 sinu
962 1116 1062 1153 suo
1098 1109 1319 1153 sanctos
1347 1100 1591 1168 exeipit?
1626 1099 1725 1165 Qui
1754 1100 1950 1162 Moses,
1979 1102 2072 1169 qui

503 1195 885 1245 transformata
931 1190 1165 1244 Domino
1214 1199 1269 1243 ct
1322 1191 1438 1258 ipse
1478 1190 1898 1244 transformatus
1947 1198 2069 1256 est,

501 1281 614 1333 Elia
648 1296 862 1349 quoque
893 1290 1180 1350 prarseute,
1200 1286 1363 1333 ‘tanta
1393 1295 1515 1333 cum
1546 1278 1828 1348 majestate
1864 1295 1926 1333 ac
1951 1280 2069 1348 glo-

503 1371 601 1435 ria,
644 1381 702 1424 ut
735 1372 895 1425 etiam
952 1387 1077 1425 cum
1116 1372 1233 1441 ipso
1265 1382 1370 1426 tam
1408 1375 1475 1428 de
1505 1389 1669 1428 cruce
1703 1390 1865 1441 quam
1896 1384 2070 1429 morte

499 1471 750 1515 secutura
784 1463 1274 1532 colloquerentur?
1304 1465 1429 1518 Περο
1463 1464 1796 1519 Theodoreti
1829 1474 1913 1519 est
1946 1480 2072 1519 scu-

502 1554 691 1606 tcntia.
730 1553 810 1606 Tu
836 1569 990 1619 vero,
1035 1556 1232 1609 dilecte
1275 1555 1373 1619 ﬁli,
1432 1555 1617 1625 potius
1653 1557 1887 1611 oratoris
1924 1556 2071 1612 illius

498 1643 653 1695 aurei
693 1644 876 1698 verbis
908 1646 1172 1699 accedito.
1216 1646 1283 1700 Et
1312 1661 1549 1715 quanam
1581 1646 1647 1701 de
1684 1648 1888 1701 causa?
1920 1647 2070 1712 Quo-

499 1736 640 1787 niam
676 1750 738 1788 ea
773 1751 895 1789 cum
928 1737 1143 1791 Domini
1176 1738 1358 1792 verbis
1382 1739 1753 1801 consentiunt,
1781 1738 1875 1807 qui
1900 1737 2066 1791 etiam

502 1826 553 1877 in
614 1827 910 1897 Evangelio
964 1846 1062 1899 per
1113 1828 1314 1883 Lucam
1365 1830 1564 1886 litteris
1619 1830 1937 1901 consignato
1993 1830 2074 1884 sic

498 1918 771 1985 apostolos
807 1918 1139 1989 alloquitur:
1201 1941 1218 1973 ι
1259 1921 1468 1976 Felices
1519 1921 1663 1976 oeuli
1696 1962 1711 1987 ,
1769 1922 1971 1992 quibus
2009 1937 2075 1977 ea

498 2010 686 2064 datum
714 2021 799 2065 est
832 2013 1029 2067 intueri
1055 2030 1173 2083 quae
1202 2028 1298 2069 vos
1327 2016 1576 2070 cernitis.
1610 2015 1723 2071 Hoc
1752 2020 1898 2069 enim
1920 2016 2079 2071 vobis

498 2105 785 2170 Continuo,
821 2106 1133 2172 complures
1171 2114 1323 2159 vates
1357 2116 1520 2174 atque
1554 2120 1707 2173 rcges
1753 2105 1940 2161 videre
1976 2120 2075 2159 cu-

498 2190 699 2256 pivisse
726 2209 845 2260 qua:
875 2210 972 2247 vos
1004 2195 1224 2257 videtis,
1262 2210 1366 2249 nec
1396 2204 1575 2250 tamen
1610 2195 1845 2259 vidisse;
1884 2211 1948 2249 ac
1979 2210 2077 2248 au-

499 2280 618 2332 dire
653 2284 927 2350 cupivisse
979 2300 1100 2353 qua:
1142 2299 1240 2339 vos
1284 2285 1511 2345 auditis,
1570 2300 1673 2339 nec
1706 2295 1886 2339 tamen
1922 2284 2078 2338 audi-

2178 548 2356 615 τόρων
2388 546 2485 599 καὶ
2525 545 2862 615 φρονοῦντας
2889 546 2984 598 καὶ
3013 545 3293 612 λέγοντας.
3322 545 3383 597 El
3411 544 3518 614 γὰρ
3542 546 3638 598 καὶ
3674 547 3749 617 μὴ

2175 638 2449 709 αἰσθητῶς
2483 640 2682 691 ἐκεῖνοι
2709 638 2801 691 τὸν
2829 638 3035 707 Κύριον
3074 633 3240 703 εἶδον,
3273 635 3405 689 ἀλλὰ
3439 636 3645 706 νοητῶς
3675 636 3753 690 εἶ-

2173 729 2262 781 δον
2288 730 2474 784 αὐτόν.
2505 730 2630 792 Πῶς
2655 730 2710 781 δὲ
2745 730 2840 781 καὶ
2866 729 3111 782 ἐλάσσων
3135 730 3163 781 ὁ
3190 730 3312 789 τοὺς
3340 730 3534 796 ἁγίους
3558 731 3637 791 είς
3659 730 3753 781 τὸν

2175 820 2375 873 κόλπον
2407 820 2574 872 αὑτοῦ
2599 820 2910 889 δεχόμενος,
2941 819 3039 872 καὶ
3064 819 3094 871 ό
3125 822 3190 889 τῇ
3213 818 3309 872 τοῦ
3342 819 3551 890 Κυρίου
3584 837 3751 889 μετα-

2178 912 2461 981 μορφώσει
2499 911 3075 982 συμμεταμορφωθεὶς
3101 910 3336 981 Μωῦσῆς
3374 910 3493 979 ἅμα
3530 906 3617 982 ’τῷ
3656 914 3753 964 Ἦ-

2174 1003 2264 1072 λίᾳ
2298 1003 2435 1072 μετὰ
2463 1001 2732 1072 τοσαύτης
2759 1002 2919 1071 δόξης
2954 1000 3096 1054 ὥστε
3132 1001 3419 1056 συλλαϐεῖν
3449 1003 3601 1072 αὐτῷ
3623 1005 3750 1074 περί

2173 1110 2232 1146 τε
2292 1094 2529 1164 σταυροῦ
2588 1097 2684 1147 καὶ
2731 1095 3006 1159 θανάτου;
3049 1093 3160 1146 Καὶ
3193 1095 3221 1146 ό
3277 1095 3374 1162 μὲν
3406 1094 3749 1167 Θεοδώρητος

2173 1183 2316 1237 οὕτω
2341 1201 2354 1216 ·
2389 1187 2453 1239 σὺ
2492 1185 2572 1247 δὲ,
2605 1185 2881 1254 ἀγαπητὲ,
2905 1190 3017 1249 τοῖς
3049 1187 3143 1240 τοῦ
3169 1187 3633 1259 Χρυσορῤήμονος
3656 1189 3749 1240 ἐπὶ

2174 1278 2339 1330 πλέον
2367 1278 2683 1347 πρόσκεισο.
2726 1277 2884 1340 Τίνος
2914 1278 3138 1344 ἓνεκενς
3166 1279 3249 1331 ὃτι
3274 1281 3389 1341 τοῖς
3410 1277 3504 1331 τοῦ
3537 1279 3746 1349 Κυρίου

2173 1369 2356 1435 λόγοις
2401 1369 2468 1421 τά
2519 1368 2749 1422 τοιαῦτα
2783 1369 3126 1441 συνᾴδουσιν.
3167 1369 3293 1423 Ἐπὶ
3332 1372 3443 1440 γὰρ
3493 1371 3572 1440 τῷ
3605 1374 3749 1425 κατὰ

2170 1457 2387 1509 Λουκᾶν
2425 1456 2751 1528 Εὑαγγελίῳ
2782 1458 2879 1511 καὶ
2899 1458 3027 1511 τάδε
3058 1460 3171 1520 τοῖς
3198 1458 3522 1522 ἀποστόλοις
3553 1458 3708 1527 ἔλεγε
3728 1477 3743 1493 ο

2179 1548 2549 1616 (Μακάριοιοὶ
2575 1548 2846 1617 ὀφθαλμοὶ
2865 1551 2912 1602 oi
2940 1549 3229 1619 βλέποντες
3248 1548 3283 1603 ἀ
3306 1548 3556 1618 βλέπετε.
3585 1551 3746 1618 Λέγω

2171 1641 2279 1711 γὰρ
2301 1641 2431 1709 ὑμῖν
2460 1642 2542 1695 ὅτι
2562 1641 2744 1694 πολλοὶ
2771 1641 3051 1710 προφῆται
3082 1641 3179 1694 καὶ
3207 1641 3450 1711 βασιλεῖς
3474 1641 3745 1713 ἠθέλησαν

2177 1733 2372 1788 ίδεῖνιά
2404 1734 2561 1805 ὑμεῖς
2597 1733 2846 1803 βλέπετε,
2868 1732 3093 1803 καὶζοῦκ
3116 1730 3284 1799 εἶδον,
3323 1734 3421 1786 καὶ
3446 1733 3679 1787 ἀκοῦσαι
3712 1734 3750 1788 ἃ
3778 1723 3795 1730 ’

2182 1824 2434 1893 ἀκούετε,
2462 1825 2561 1879 καὶ
2584 1827 2680 1878 οὐκ
2711 1826 3008 1896 ἥκουσαν.»
3041 1823 3171 1878 Τίνα
3194 1824 3252 1877 δὲ
3276 1823 3448 1878 ταῦτα
3470 1843 3487 1891 ;
3514 1827 3582 1879 τὰ
3607 1826 3751 1880 κατὰ

2180 1920 2280 1988 τὴν
2314 1919 2579 1987 ενσαρκον
2622 1918 2842 1981 πάντως
2871 1918 3209 1987 οίκονομίαν,
3239 1910 3315 1971 ὧν
3363 1920 3410 1971 οῖ
3459 1919 3748 1973 ἀπόστολοι

2183 2011 2338 2080 μόνοι
2380 2009 2826 2079 κατηξιώθησαν.
2875 2011 3030 2063 Κατὰ
3061 2009 3156 2065 δύο
3198 2010 3384 2064 λοιπὸν
3414 2012 3749 2082 ὑπερέχουσι

2178 2100 2289 2153 τῶν
2323 2100 2619 2170 προφητῶν
2665 2101 2717 2153 οῖ
2762 2100 3076 2167 ἀπόστολοι,
3125 2104 3222 2155 καὶ
3266 2103 3409 2155 κατὰ
3454 2103 3516 2155 τδ
3562 2120 3752 2173 σωμα-

2180 2191 2350 2255 τικῶς
2375 2192 2506 2245 ίδεῖν
2532 2192 2628 2244 καὶ
2674 2192 2816 2246 κατά
2845 2192 2908 2246 τὸ
2956 2194 3346 2264 πνευματικῶς
3388 2195 3656 2266 μυηθῆναι
3686 2195 3752 2248 τὰ

2182 2282 2322 2339 θεῖα.

499 2374 641 2426 visse
668 2376 767 2424 ⁷³.»
806 2375 1062 2441 Quantam
1095 2392 1225 2431 vero
1279 2377 1368 2431 illa
1417 2378 1587 2431 sunt?
1625 2375 1864 2431 Omnino
1913 2376 2124 2430 scilicet
2162 2389 2225 2429 ea
2258 2389 2380 2444 quae
2408 2389 2438 2429 a
2485 2374 2705 2429 Christo
2740 2373 3212 2431 administratione
3259 2377 3429 2445 ipsius
3497 2377 3550 2432 in
3584 2392 3747 2434 carne

498 2467 731 2520 durante
763 2478 909 2537 gesta
937 2478 1086 2532 sunt,
1121 2485 1357 2538 quorum
1418 2468 1842 2538 spectandorum
1913 2475 2156 2538 potestas
2195 2465 2329 2521 solis
2361 2466 2623 2535 apostolis
2657 2466 2904 2538 contigit.
2957 2469 3300 2539 Quapropter
3330 2471 3557 2539 apostoli
3612 2471 3749 2525 dua-

500 2563 602 2617 bus
634 2563 799 2618 rebus
865 2574 1019 2618 vates
1070 2573 1351 2633 superant,
1394 2573 1508 2620 tum
1549 2566 1698 2636 quod
1750 2565 2108 2635 corporaliter
2145 2563 2430 2621 Christum
2459 2563 2715 2632 viderint,
2768 2572 2884 2623 tum
2935 2566 3081 2638 quod
3152 2567 3512 2638 Spiritualiter
3555 2567 3623 2623 ab
3654 2582 3748 2622 eo.

500 2656 621 2707 dom
661 2654 826 2708 rebus
858 2644 1056 2708 divinis
1089 2654 1294 2711 fuerint
1329 2657 1557 2714 initiati.

567 2795 772 2859 Quodsi
824 2796 988 2850 etiam
1020 2810 1357 2867 cognoscere
1391 2796 1487 2852 tibi
1538 2796 1671 2852 libet
1700 2786 1864 2867 quam
1918 2796 2076 2852 multi

499 2901 567 2939 rx
599 2901 719 2939 mor
745 2887 832 2941 uis
866 2887 976 2942 sint
1014 2888 1345 2951 resuscitati,
1388 2899 1443 2943 et
1472 2892 1695 2959 quinam
1739 2889 1815 2943 illi
1849 2888 2076 2953 fuerint,

502 2978 599 3032 has
634 2976 779 3047 ipsas
825 2979 1185 3033 excitationcs
1231 2980 1571 3034 recensendo
1615 2979 2101 3033 commemorabi-'

499 3086 642 3125 ntus.
676 3069 1009 3126 Acciderunt
1039 3071 1207 3141 igitur
1241 3070 1295 3125 in
1318 3073 1637 3125 universum
1673 3082 1798 3127 octo
1843 3086 2074 3125 numero

2259 2796 2425 2850 Ἀλλὰ
2459 2797 2555 2851 καὶ
2612 2797 2711 2860 τὰς
2744 2799 2809 2850 ἐκ
2858 2798 3067 2869 νεκρῶν
3106 2798 3359 2868 ὲγέρσεις
3404 2801 3518 2870 εῖγε
3553 2803 3747 2873 μαθεῖν

2176 2887 2479 2958 ἐπιζητεῖς,
2509 2889 2672 2942 πόσαι
2720 2889 2861 2942 εἰσὶν
2901 2884 3074 2944 αὗται
3107 2893 3200 2944 καὶ
3241 2891 3404 2945 τίνων
3438 2895 3597 2957 είσὶν,
3636 2894 3744 2947 ἰδού

2176 2996 2259 3031 σοι
2301 2979 2505 3042 ταύτας
2549 2979 3048 3050 ἀπαριθμήσασθαι
3087 2983 3189 3036 οὐκ
3223 2983 3528 3053 όκνήσομεν
3572 2986 3747 3039 Ὀκτὼ

2176 3067 2274 3135 μὲν
2307 3064 2400 3121 οὖν
2429 3070 2540 3122 είσι
2586 3069 2679 3122 τὸν
2714 3068 2967 3140 ἀριθμὸν,
2992 3072 3091 3125 τοῦ
3142 3072 3242 3140 τῆς
3274 3072 3590 3141 Σαραφθίας
3623 3075 3743 3128 υίοῦ

501 3171 846 3216 mortuorum
898 3162 1369 3217 resuscitatioues.
1410 3162 1617 3227 Prima,
1662 3162 1855 3216 revixit
1914 3162 2071 3216 Sara-

2176 3159 2231 3213 δν
2256 3160 2284 3212 ό
2325 3161 2509 3224 Ἠλίας
2541 3161 2757 3231 ἤγειρε,
2791 3160 2885 3213 τοῦ
2916 3161 3017 3229 τῆς
3062 3164 3432 3233 Σωμανίτιδος
3473 3165 3588 3219 υίοῦ
3625 3166 3684 3220 ὃν
3715 3168 3745 3219 ό

501 3254 757 3320 phthana:
797 3254 1045 3307 mulieris
1082 3253 1246 3315 filius,
1281 3270 1441 3322 quem
1472 3254 1620 3308 Elias
1657 3263 1810 3309 vates
1835 3254 1961 3308 vita:
1983 3270 2069 3308 re-

499 3345 701 3397 stituit.
739 3344 940 3408 Altcra,
997 3344 1354 3400 Somanitidis
1406 3345 1594 3408 ﬁlius,
1646 3361 1807 3415 quem
1843 3347 2069 3401 libamus

499 3436 781 3489 excitavit.
812 3436 1018 3500 'l'ertia,
1043 3436 1201 3489 miles
1230 3437 1342 3500 ille,
1376 3436 1470 3505 qui
1511 3452 1635 3490 cum
1672 3438 1930 3507 reliquias
1958 3438 2069 3492 Eli-

499 3525 591 3578 saei
622 3525 964 3595 contigisset,
998 3535 1253 3595 tanquam
1291 3542 1357 3581 ex
1386 3527 1507 3595 igne
1545 3527 1796 3595 prosiliit.
1838 3529 2063 3595 Quarta,

499 3617 1137 3687 rollegiipriucipisfilia.
1160 3618 1390 3686 Quinta,
1422 3620 1598 3674 vidua:
1623 3621 1869 3675 mulieris
1900 3622 2064 3677 ﬁlius.

499 3713 679 3774 Sexta,
716 3711 972 3765 Lazarus.
996 3712 1260 3780 Septima,
1288 3719 1458 3766 multa
1481 3722 1793 3767 sanctorum
1815 3729 2067 3782 corpora.

498 3803 699 3857 Octava
722 3803 961 3873 denique
988 3805 1377 3859 rcsuscitatum
1408 3806 1914 3860 estsanctissimum
1934 3806 2069 3869 illud

497 3913 700 3966 corpus
745 3897 1121 3963 dominicum;
1175 3913 1491 3968 quanquam
1555 3899 1799 3953 haeretici
1847 3899 2069 3968 quidam

499 3989 764 4058 Apelliani
804 3989 995 4055 fuere,
1053 3990 1145 4059 qui
1188 3991 1392 4046 furiose
1428 3991 1650 4047 aiebant
1680 3992 1892 4046 Domini
1942 4008 2066 4047 cor-

500 4097 602 4148 pus
653 4082 705 4134 iu
762 4082 1016 4150 sepulcro
1074 4082 1379 4138 resolutum
1435 4084 1488 4137 in
1525 4084 1793 4138 elementa
1833 4095 2070 4154 quatuor

497 4184 637 4234 csse,
668 4169 736 4225 de
769 4172 970 4240 quibus
996 4179 1053 4224 et
1084 4171 1443 4228 constitisset.
1476 4171 1743 4227 Caeterum
1773 4173 1941 4226 multa
1978 4175 2068 4227 illa

496 4270 814 4315 sanctorum
843 4298 860 4325 ,
912 4262 1004 4331 qui
1055 4262 1527 4328 obdormiverant,
1566 4279 1797 4333 corpora
1846 4264 2068 4333 potissi-

501 4365 648 4403 mum
699 4350 906 4411 idcirco
960 4365 1449 4419 ressurrexcrunt,
1502 4362 1562 4408 ut
1611 4370 1708 4424 per
1739 4355 1840 4409 hoc
1888 4355 2068 4423 ipsum

498 4441 807 4513 prodigium
851 4443 1068 4513 publice
1124 4443 1499 4501 declararetur
1528 4446 1698 4499 Deum
1737 4445 1891 4500 illum
1945 4461 2067 4500 esse

2194 3251 2495 3315 Ἐλισσαῖος
2526 3253 2738 3323 ἤγειρε,
2773 3253 2869 3307 καὶ
2914 3252 3009 3306 τοῦ
3058 3255 3398 3323 στρατιώτου
3436 3258 3643 3311 ἐκείνου
3686 3259 3748 3319 ὃς
3806 3330 3809 3331 ν
3908 3326 3917 3331 ,

2178 3343 2402 3410 ἐγγίσας
2450 3345 2561 3416 τοῖς
2592 3343 2687 3396 τοῦ
2728 3344 3041 3398 Ἐλισσαίου
3072 3344 3347 3414 λειψάνοις
3380 3347 3456 3411 ὡς
3499 3349 3607 3401 ἀπὸ
3646 3367 3749 3403 πυ-

2180 3434 2272 3505 ρδς
2321 3434 2641 3506 ἐξεπήδησε,
2680 3437 2779 3503 τῆς
2834 3436 2929 3490 τοῦ
2958 3438 3409 3507 ἀρχισυναγώγου
3456 3441 3745 3511 θυγατρὸς,

2176 3525 2271 3578 τοῦ
2300 3528 2399 3596 τῆς
2427 3530 2599 3597 χήρας
2627 3528 2768 3594 υἱοῦ,
2806 3529 2900 3582 τοῦ
2931 3528 3206 3598 Λαζάρου,
3245 3530 3354 3583 τῶν
3392 3532 3605 3586 πολλῶν
3637 3551 3747 3588 σω-

2180 3616 2387 3685 μάτων,
2420 3620 2513 3672 καὶ
2539 3621 2704 3673 αὐτοῦ
2736 3618 2828 3672 τοῦ
2850 3621 3118 3687 παναγίου
3147 3622 3241 3675 καὶ
3263 3623 3541 3693 Κυριακοῦ
3563 3625 3750 3695 σώμα-

2182 3724 2295 3772 τος,
2328 3709 2378 3762 εῖ
2403 3709 2495 3762 καὶ
2521 3711 2785 3778 μανέντες
2804 3712 2855 3764 oi
2884 3710 3220 3765 Ἀπελλιανοὶ
3238 3714 3419 3780 ελεγον
3434 3718 3489 3777 ὲν
3504 3716 3579 3786 τῷ
3594 3718 3749 3788 τάφῳ

2176 3797 2491 3868 διαλυθῆναι
2530 3802 2590 3853 τὸ
2621 3802 2783 3871 σῶμα
2818 3800 2913 3855 τοῦ
2956 3804 3163 3870 Κυρίου
3207 3806 3287 3868 είς
3327 3806 3572 3877 τέσσαρα
3600 3826 3750 3863 στοι-

2177 3889 2296 3956 χεῖα
2326 3888 2383 3954 ἐξ
2404 3882 2479 3944 ὧν
2502 3889 2599 3943 καὶ
2634 3894 2955 3962 συνέστηκε.
2993 3896 3074 3947 Τὰ
3098 3897 3282 3964 μέντοι
3313 3897 3486 3950 πολλᾶ
3517 3898 3746 3971 σώματα

2175 3977 2288 4030 τῶν
2337 3981 2757 4052 κεκοιμημένων
2808 3984 2982 4050 ἁγίων
3031 3986 3338 4057 ἀνέστησαν
3370 3988 3447 4051 ὡς
3494 3989 3747 4042 ἐντεῦθεν

2175 4071 2305 4123 Θεὸν
2351 4072 2793 4142 ἀνακηρυχθῆναι
2839 4074 2931 4128 τὸν
2965 4076 3266 4148 πάσχοντα,
3310 4082 3650 4152 πιστωθῆναί
3682 4099 3744 4135 τε

2175 4162 2274 4232 τῆς
2296 4163 2615 4227 τελευταίας
2639 4168 2732 4219 καὶ
2762 4168 2949 4236 κοινῆς
2979 4169 3332 4234 ἀναστάσεως
3355 4173 3415 4224 τὸ
3440 4175 3745 4244 μυστήριον

2176 4257 2267 4310 καὶ
2293 4256 2399 4309 τῶν
2430 4258 2809 4328 κατεχομένων
2832 4261 2892 4314 ὲν
2918 4260 3044 4332 ᾅδου
3074 4262 3265 4333 ψυχῶν
3297 4264 3399 4334 τὴν
3428 4244 3745 4337 ἐλευθερίαν

2175 4346 2310 4414 ὁμοῦ
2350 4344 2445 4398 xa‘t
2483 4346 2759 4400 ἐπάνοδον.
2794 4349 2903 4403 Καὶ
2933 4349 3043 4420 γάρ
3070 4352 3125 4403 αῖ
3168 4353 3541 4407 πιστεύσασαι
3576 4355 3751 4424 ψυχαὶ

2174 4435 2251 4505 τῷ
2280 4436 2501 4508 Χριστῷ
2520 4438 2830 4507 καταϐάντι
2860 4440 2993 4511 πρὸς
3019 4441 3150 4513 ᾅδην
3177 4443 3342 4505 εὐθὺς
3372 4446 3746 4516 ἀπελύθησαν.

497 4532 590 4600 qui
643 4542 754 4587 tum
789 4533 1132 4603 patiebatur;
1183 4549 1247 4588 ac
1280 4534 1471 4588 eadem
1501 4538 1681 4602 'opera
1716 4534 1975 4604 mysterio
2002 4534 2070 4589 de

2176 4528 2285 4580 Καὶ
2315 4528 2440 4581 ἐπεὶ
2468 4528 2729 4582 ἀδύνατον
2756 4525 2824 4601 ἦν
2847 4531 3026 4602 ψυχὰς
3058 4532 3201 4586 οὕτω
3224 4536 3437 4604 γυμνὰς
3467 4537 3752 4605 αἰσθητοῖς

498 4637 768 4695 postrema
785 4636 840 4682 ct
865 4626 1140 4682 communi
1158 4626 1315 4695 231
1338 4626 1741 4681 resurrectione
1759 4626 2069 4681 mortalium

500 4716 634 4773 lides
664 4716 1077 4780 conciliaretur,
1111 4724 1171 4768 ut
1204 4713 1492 4769 manifesta
1535 4716 1774 4785 denique
1804 4717 1957 4770 fieret
1978 4732 2070 4770 ea-

502 4823 622 4863 rum
663 4807 972 4861 auimarum
1001 4805 1256 4863 liberatio
1301 4803 1466 4858 simul
1497 4815 1559 4858 et
1591 4806 1821 4870 reditus,
1859 4806 1911 4858 in
1938 4822 2068 4877 orco

500 4897 738 4950 detentae
771 4910 892 4964 qua:
916 4895 1153 4952 fuerant.
1192 4894 1408 4951 Etenim
1440 4894 1636 4951 animae
1669 4911 1791 4964 quae
1816 4894 1884 4948 ad
1911 4894 2069 4949 Cbri-

2178 4617 2443 4688 όραθῆναι
2490 4619 2814 4691 ὀφθαλμοῖς,
2879 4624 3163 4695 οἰκονομίᾳ
3195 4626 3315 4696 θείᾳ
3368 4625 3506 4695 πρὸς
3565 4628 3751 4680 πίστιν

2181 4712 2319 4778 μετὰ
2342 4712 2610 4779 σωμάτων
2634 4713 2913 4781 ἐφάνησαν
2936 4717 3115 4769 αἰτῶν
3141 4719 3560 4788 κεκοιμημένων
3577 4721 3751 4786 ἁγίων

2174 4803 2363 4873 ψυχαὶ,
2394 4799 2493 4855 εἷθ’
2519 4802 2693 4867 οὕτως
2719 4805 2801 4868 είς
2830 4806 2955 4869 τοὺς
2984 4809 3293 4877 ἀνήκοντας
3323 4810 3521 4870 αὐταῖς
3547 4808 3750 4871 τόπους

2172 4896 2521 4964 ἀπέπτησαν.

500 4998 667 5047 ειυιηη
698 4990 762 5043 ad
797 5003 989 5043 orcum
1047 4989 1473 5045 descendentem
1519 4990 1895 5053 crediderunt,
1946 5003 2073 5042 mox
2110 4987 2348 5043 dimissa:
2396 4988 2751 5059 liberataque
2801 4998 2952 5045 sunt.
2993 4988 3059 5045 Et
3113 4992 3373 5062 quoniam
3449 4992 3563 5047 fieri
3637 5007 3747 5044 non

501 5093 718 5159 poterat
753 5093 813 5139 ut
845 5072 1038 5140 anima:
1094 5085 1254 5142 nudae
1304 5086 1599 5140 sensilibus
1635 5085 1811 5139 oculis
1847 5085 2324 5154 conspicerentur,
2393 5084 2583 5139 divino
2657 5086 2892 5153 quodam
2963 5086 3194 5141 consilio
3254 5096 3565 5142 sanctorum
3624 5086 3750 5139 illo-

506 5194 625 5237 rum
657 5179 962 5242 hominum,
988 5179 1085 5248 qui
1146 5179 1581 5240 obdormierant,
1607 5181 1802 5231 animae
1828 5193 1953 5231 cum
2017 5178 2148 5247 ipsis
2181 5177 2510 5248 corporibus
2558 5186 2954 5247 apparuerunt,
2995 5186 3052 5232 ut
3100 5178 3236 5233 fides
3296 5179 3527 5249 amplior
3568 5188 3750 5243 esset;

503 5274 815 5345 dciudeque
863 5290 1057 5329 rursus
1117 5275 1184 5329 ad
1223 5276 1342 5329 loca
1383 5274 1489 5330 sibi
1541 5273 1813 5328 destinata
1861 5274 2241 5327 convolaruut.

578 5403 721 5461 Cave
773 5421 997 5468 autem,
1049 5405 1249 5461 dilecte
1292 5405 1389 5471 lili,
1447 5421 1515 5460 ne
1565 5405 1704 5459 forte
1754 5420 1847 5474 per
1872 5420 1933 5458 ca
1964 5419 2071 5472 qua

2255 5403 2399 5472 Ὅρα
2431 5403 2507 5469 δὲ,
2544 5403 2819 5476 ἀγαπητὲ,
2860 5403 2999 5474 μήτε
3027 5404 3138 5464 τοῖς
3174 5394 3277 5454 ὧδε
3323 5402 3544 5455 κάκεῖσε
3582 5399 3749 5468 μυθο-

509 5501 639 5563 Iiiuc
685 5499 811 5555 inde
860 5499 1106 5555 fabulosa
1144 5510 1501 5569 Sparguntur,
1553 5507 1641 5551 tua
1677 5511 1895 5566 quoque
1932 5510 2071 5549 meus

2181 5492 2527 5560 λογουμένοις
2558 5494 2652 5545 καὶ
2686 5494 2712 5562 ἡ
2749 5495 2816 5563 σὴ
2856 5493 3064 5546 διάνοια
3097 5492 3591 5561 περιτραπήσεται.
3624 5488 3755 5546 Ὀτι

510 5601 876 5666 pervcrtatur.
912 5591 1131 5649 Famam
1158 5592 1302 5647 enim
1343 5590 1486 5661 apud
1526 5590 1725 5644 multos
1755 5587 2063 5643 obtinuisse

2188 5586 2287 5654 μὲν
2321 5585 2429 5654 γὰρ
2478 5583 2782 5654 φημίζεται
2812 5585 2962 5655 παρὰ
3016 5586 3125 5647 τοῖς
3164 5583 3376 5644 πολλοῖς
3417 5583 3483 5653 τῇ
3523 5577 3755 5648 Maro:-

571 5774 616 5803 '”
656 5773 787 5827 Luc.
834 5789 887 5838 χ,
922 5774 1013 5829 ‘23.
