4110 6194
362 278 505 425 tati

1591 338 1999 401 ANNALIUM
2043 344 2233 400 PARS
2281 344 2372 401 ili

3497 352 3604 413 438

355 438 491 513 ληνῇ
543 443 728 515 ἐκείνῃ
757 443 1004 515 ἐντυχεῖν
1036 445 1128 499 τὸν
1171 442 1411 518 Γαληνὶν
1443 448 1629 517 ἰατρὸν
1664 450 1805 519 (58),
1839 454 1933 506 καὶ

2039 454 2183 523 quod
2218 454 2464 508 medicus
2497 455 2587 509 ille
2619 455 2855 510 Calenus
2902 458 2954 512 in
2991 457 3359 527 Magdalcnaut
3397 458 3597 511 incide-

356 534 589 589 ἀκοῦσαι
613 537 743 608 παρ’
765 538 940 607 αὐτῆς
972 540 1055 593 ὅτι
1081 540 1282 608 τυφλὸν
1300 543 1365 594 ἐκ
1393 542 1623 610 γενετῆς
1643 544 1671 594 ό
1695 544 1931 611 Χριστὸς

361 626 575 689 licam,
608 627 903 681 κάντεῦθεν
930 630 1107 682 εἰπεῖν
1136 630 1271 699 πρὸς
1292 631 1464 700 αὐτὴν
1502 632 1684 696 καλῶς
1720 636 1929 688 ἐκεῖνον

355 717 555 769 εἰδέναι
592 718 660 771 τὰ
688 720 788 787 τῆς
830 720 934 787 γῆς
984 720 1224 789 μέταλλα
1258 722 1329 793 (εί
1379 723 1454 792 μὴ
1499 725 1606 793 γὰρ
1654 725 1815 778 τοῦτο
1839 722 1928 795 ἦν,

352 812 454 865 οὐκ
507 813 574 864 ἂν
634 814 726 865 τὸν
780 813 982 880 τυφλὸν
1035 815 1241 868 ἐκεῖνον
1304 813 1663 884 ὠμμάτωσε),
1708 812 1932 885 οἴδαμεν

354 902 515 956 τοῦτο
540 904 635 956 καὶ
665 905 848 973 ἡμεῖς,
874 904 1010 957 ἀλλὰ
1038 905 1138 974 τὴν
1158 905 1417 976 τοιαύτην
1448 907 1640 977 φήμην
1663 910 1799 975 μετὰ
1819 908 1930 962 τῶν

361 989 552 1056 μύθων
578 990 879 1059 ἐτάξαμεν.
926 992 1219 1046 ⁹Δδύνατον
1247 995 1353 1063 γὰρ
1382 997 1448 1065 τῇ
1480 995 1813 1067 Μαγδαληνῇ
1843 1000 1930 1051 ιν-

354 1082 592 1150 τυχόντα
621 1081 882 1155 Γαληνὸν,
924 1082 999 1147 ὡς
1029 1084 1228 1137 ἐκεῖνοί
1257 1101 1414 1153 φασι,
1436 1087 1667 1156 Μάρκου
1702 1087 1800 1156 μὲν
1832 1087 1928 1156 βα·-

359 1172 555 1235 σιλέως
590 1174 647 1226 ἐν
674 1174 788 1237 τοῖς
836 1174 975 1244 πρὸς
1012 1175 1232 1229 Πίσωνα
1274 1177 1603 1247 μεμνῆσθαι,
1636 1178 1930 1247 Κομμόδου

356 1267 413 1318 δὲ
470 1266 635 1318 πάλιν
667 1268 725 1320 ὲν
757 1256 835 1338 τῷ
871 1269 1001 1338 περὶ
1044 1269 1194 1339 ήθῶν
1239 1269 1441 1341 πρώτῳ
1487 1270 1676 1339 βιϐλίῳ
1723 1270 1925 1324 αὐτοῦ’

360 1356 468 1408 ἀπὸ
498 1358 606 1428 γὰρ
634 1357 730 1411 τοῦ
765 1360 975 1429 Κυρίου
1001 1361 1160 1431 ήμῶν
1189 1361 1369 1432 Ἰησοῦ
1397 1361 1635 1429 Χριστοῦ
1668 1362 1773 1424 ἕως
1827 1363 1929 1415 αύ-

355 1447 455 1516 τῆς
506 1450 604 1517 τῆς
660 1447 943 1517 βασιλείας
997 1449 1291 1521 Κομμόδου
1337 1450 1469 1504 ὡσεὶ
1509 1450 1702 1503 ἑκατὸν
1728 1452 1929 1524 πεντή-

358 1556 523 1591 κεντα
557 1540 653 1610 ἔτη
688 1539 800 1611 (59)
830 1540 1201 1613 εὑρίσκονται.
1234 1542 1345 1595 Καὶ
1374 1539 1547 1594 ταῦτα
1579 1539 1680 1610 μὲν
1729 1542 1808 1603 είς
1837 1556 1929 1593 το-

358 1648 572 1686 σουτον.

424 1820 559 1880 Οἶδα
586 1824 665 1889 δὲ,
690 1826 966 1897 ἀγαπητδ,
1006 1826 1089 1881 ὅτι
1131 1826 1406 1881 καὶτοῦτο
1440 1823 1577 1896 πρὸς
1605 1824 1716 1887 τοῖς
1746 1821 1927 1884 ἄλλοις
1959 1790 2003 1845 Β

358 1918 682 1986 ἢπόρηκαςο
722 1936 741 1970 ι
775 1915 891 1971 Ἵνα
942 1917 1017 1983 τί,
1067 1934 1087 1969 ι
1142 1917 1338 1985 λέγων,
1380 1935 1400 1969 ι
1440 1918 1490 1969 oi
1532 1914 1775 1983 μαθηταὶ
1831 1910 1928 1963 τοῦ

355 2006 593 2076 Χριστοῦ
618 2008 713 2060 καὶ
742 2007 1032 2062 ἀπόστολοι
1057 2009 1127 2062 τά
1160 2008 1324 2061 λοιπά
1362 2006 1835 2077 συγγραψάμενοι,
1861 2004 1930 2056 τὰ

354 2100 495 2153 κατὰ
523 2100 624 2170 τὴν
649 2101 910 2169 κοίμησιν
935 2102 1034 2169 τῆς
1068 2098 1458 2169 Ἀειπαρθένου
1489 2099 1802 2151 παντάπασι
1840 2113 1930 2149 σε-

304 2216 307 2219 ·
354 2193 656 2260 σιγήκασι;
698 2209 717 2243 ι
765 2190 874 2244 Καὶ
920 2189 1070 2243 ἐστιν
1096 2190 1279 2243 είπετν
1304 2189 1388 2242 ὅτι
1429 2189 1497 2242 τὰ
1525 2189 1623 2257 τῆς
1658 2186 1929 2256 ὲνσάρκου

358 2282 448 2339 τοῦ
473 2280 919 2353 Σωτῆρος,ήμῶν
948 2281 1265 2347 οἰκονομίας
1289 2281 1339 2334 οί
1388 2280 1774 2349 εὐαγγελισταὶ
1810 2279 1929 2347 διη-

360 2373 621 2443 γούμενοι
666 2374 831 2444 μέχρι
860 2375 956 2428 καὶ
981 2374 1152 2443 αὐτῆς
1173 2375 1553 2446 κατηντήκασι
1575 2374 1673 2441 τῆς
1703 2373 1809 2427 ἀπὸ
1828 2374 1929 2441 γῆς

356 2465 521 2519 αὑτοῦ
570 2465 916 2535 ἀναλήψεως.
964 2465 1028 2519 Ἦ
1069 2466 1128 2521 δὲ
1166 2467 1263 2521 τοῦ
1303 2468 1509 2536 Κυρίου
1542 2467 1699 2538 ήμῶν
1748 2465 1925 2537 Ἰησοῦ

360 2556 593 2628 Χριστοῦ
612 2557 954 2626 πανάμωμος
978 2557 1196 2628 Μήτηρ’
1222 2558 1301 2619 είς
1324 2558 1502 2626 γῆρας
1520 2557 1737 2623 λέγεται
1763 2556 1929 2625 ὲφθα⁴

358 2650 507 2703 κέναι
532 2648 689 2719 βαθὺ,
721 2647 867 2701 καθά
898 2663 1065 2717 φησιν
1086 2649 1116 2701 δ
1137 2647 1410 2709 θειότατος
1437 2646 1690 2716 ’Δνδρέας
1716 2651 1744 2701 ό
1775 2649 1928 2718 Κρή-

357 2758 478 2811 της.
517 2740 731 2795 οὐκοῦν
775 2740 1041 2795 ἀδύνατον
1087 2735 1156 2810 ἦν
1195 2742 1261 2809 τῇ
1310 2738 1644 2808 σύαγγελικῇ
1676 2755 1928 2809 παραμε-

359 2832 554 2902 μῖχθαι
587 2831 796 2903 ἱστορίᾳ
827 2832 920 2885 καὶ
951 2832 1049 2902 τῆς
1089 2830 1479 2901 Ἀειπαρθιίνου
1514 2831 1615 2900 τὴν
1647 2830 1924 2900 κοίμησιν,

358 2924 452 2979 ἅτε
486 2924 663 2993 πολλῷ
690 2924 768 2993 τῷ
799 2922 979 2993 χρόνῳ
1008 2927 1322 2991 γεγονυῖαν,
1363 2922 1440 2985 ὡς
1488 2921 1721 2992 ἔφημεν,
1774 2920 1930 2973 ὕστε-

356 3033 475 3087 ρον.
514 3014 642 3088 Ίδία
669 3016 725 3069 δὲ
763 3016 921 3070 πάλιν
961 3018 1008 3069 οί
1047 3015 1291 3085 μαθηταὶ
1323 3015 1417 3068 τοῦ
1461 3014 1698 3085 Χριστοῦ
1732 3012 1922 3067 διαλα-

2039 546 2132 605 rit.
2170 553 2226 599 ct
2257 545 2532 599 audiverit
2578 561 2644 600 ex
2684 562 2748 601 ea
2776 547 3055 601 Christum
3089 548 3378 616 quemdam
3407 562 3437 600 a
3468 547 3606 599 nati-

2036 635 2202 689 vitate
2233 651 2435 690 caecum
2467 652 2725 703 sanasse;
2762 639 2848 692 cui
2875 638 3113 693 Galenus
3149 638 3494 705 responderit
3520 654 3603 690 ne-

2035 740 2189 779 cesse
2224 726 2393 781 fuisse
2421 738 2479 781 ut
2507 728 2760 783 Christus
2798 740 2957 784 terra:
2981 729 3196 783 ntetalla
3231 730 3368 783 bene
3392 730 3603 799 cogniti

2035 817 2314 884 habuerit,
2355 820 2556 886 alioqui
2614 823 2792 875 visum
2826 837 2969 879 careo
3020 824 3308 875 restituere
3362 836 3470 874 non
3504 835 3606 887 po-

2035 909 2227 964 tuisse.
2269 910 2383 966 Hoc
2443 912 2609 981 igitur
2663 928 2763 966 nos
2814 927 3032 981 qucque
3088 914 3376 965 novimus:
3414 924 3605 963 verum

2031 1001 2309 1071 ejusmodi
2350 1019 2624 1057 rumorem
2662 1004 2970 1056 fabularum
3028 1004 3083 1056 in
3140 1003 3389 1056 ordinem
3442 1013 3606 1071 atque

2032 1107 2326 1146 numerum
2358 1094 2672 1147 referimus.
2722 1095 2854 1147 Nam
2890 1093 3005 1146 fieri
3064 1108 3291 1160 prorsus
3325 1095 3514 1159 nequit
3549 1100 3605 1144 ut

2033 1183 2277 1250 ipsorum
2333 1184 2401 1237 de
2432 1186 2707 1238 sententia
2743 1184 2980 1238 Galenus
3030 1200 3151 1237 cum
3194 1182 3607 1251 Magdalenasit

2030 1273 2360 1338 collocutus,
2390 1274 2485 1343 qui
2524 1274 2690 1329 Marci
2726 1275 3076 1343 imperatoris
3107 1275 3160 1326 in
3196 1274 3264 1326 iis
3295 1272 3606 1325 meminerit

2029 1378 2151 1431 qua”:
2203 1365 2269 1417 ad
2320 1365 2575 1419 Pisonem
2636 1367 2977 1434 perscripsit,
3032 1366 3269 1432 itemque
3321 1361 3606 1417 Commodi

2031 1453 2361 1509 mentionem
2400 1455 2739 1523 imperatoris
2782 1459 2834 1509 in
2871 1457 3047 1525 primo
3083 1456 3157 1508 De
3193 1453 3438 1508 moribus
3465 1451 3607 1505 libro

2028 1544 2241 1599 fecerit.
2273 1546 2406 1600 Nam
2438 1548 2580 1601 inter
2602 1558 2819 1601 a’tatcm
2850 1547 3062 1601 Domini
3087 1544 3260 1600 nostri
3290 1543 3419 1598 Jesu
3446 1541 3607 1596 Chri-

2030 1634 2102 1689 sti
2134 1643 2191 1689 et
2235 1635 2521 1704 imperium
2561 1637 2844 1691 Commodi
2886 1635 3281 1705 prepemodum
3315 1632 3445 1687 anni
3504 1629 3606 1686 £50

2034 1726 2403 1781 intercedunt.
2434 1728 2514 1783 Ac
2545 1730 2612 1783 de
2642 1728 2728 1783 his
2755 1728 2979 1798 quidem
3020 1728 3306 1781 hactenus.

2104 1830 2324 1884 Memini
2355 1845 2597 1900 quoque,
2632 1831 2829 1886 dilecte
2865 1832 2961 1896 ﬁli,
2998 1841 3049 1885 te
3096 1831 3243 1884 inter
3276 1839 3471 1884 castora
3504 1829 3608 1883 hu-

2030 1923 2277 1993 jasmodi
2304 1923 2701 1979 dubitationem
2744 1926 3036 1994 aliquando
3067 1925 3198 1978 mihi
3232 1922 3600 1992 proposuisse.

2028 2016 2421 2081 Quamobrem,
2479 2018 2683 2080 aiebas,
2726 2017 2980 2086 discipuli
3029 2016 3232 2071 Christi
3263 2024 3320 2068 et
3372 2013 3603 2083 apostoli

2032 2107 2197 2161 rebus
2249 2107 2377 2162 aliis
2422 2108 2477 2162 in
2510 2109 2945 2163 commentarios
3001 2116 3054 2163 et
3104 2106 3362 2161 historias
3397 2104 3603 2165 relatis,

2030 2214 2259 2273 prorsus
2293 2199 2359 2255 de
2396 2201 2803 2257 obdormitione
2838 2211 3117 2272 perpetuae
3155 2200 3395 2270 Virginis
3454 2200 3603 2253 illius
3640 2250 3647 2257 .

2029 2292 2414 2348 obticueruut?
2440 2293 2551 2347 Hac
2594 2294 2660 2348 de
2689 2310 2749 2347 re
2799 2295 2931 2349 satis
2982 2303 3067 2347 est
3115 2292 3474 2362 respondere,
3508 2306 3608 2343 au-

2028 2383 2666 2454 ctoresEvangeliorum
2714 2383 2920 2439 Christi
2952 2385 3493 2439 administrationem
3549 2382 3603 2434 in

2028 2488 2194 2530 carne
2226 2485 2725 2530 commemorantes
2757 2475 2824 2528 ad
2881 2477 3001 2545 ejus
3036 2491 3065 2529 a
3098 2475 3260 2529 terris
3313 2476 3369 2529 in
3403 2472 3602 2527 calum

2028 2564 2460 2634 assumptionem
2517 2567 2851 2633 pervenisse.
2901 2568 2969 2619 At
3017 2580 3212 2634 expers
3250 2563 3337 2617 illa
3375 2561 3603 2616 maculae

2028 2656 2243 2711 Domini
2280 2656 2455 2710 nostri
2507 2656 2637 2711 Jcsu
2668 2656 2872 2711 Christi
2906 2656 3077 2710 Mater
3125 2664 3435 2724 provectam
3469 2660 3605 2706 arta—

2031 2754 2137 2800 tem
2177 2746 2421 2814 attigisse
2460 2746 2810 2815 perhibetur,
2844 2755 2904 2800 ut
2960 2745 3178 2799 divinus
3206 2745 3297 2798 ille
3352 2745 3456 2806 vir,
3491 2743 3603 2794 Διὶ-

2030 2837 2190 2892 drcas
2233 2837 2515 2892 Cretensis
2572 2836 2824 2899 antistes.
2877 2846 3070 2890 auctor
3096 2843 3203 2889 est.
3256 2833 3603 2902 Quapropter

2031 2930 2147 2983 ﬁeri
2189 2944 2299 2984 non
2336 2929 2515 3001 potuit
2545 2938 2606 2982 ut
2631 2928 2868 2998 Virginis
2899 2928 3047 2980 illius
3094 2934 3370 2995 perpetum
3402 2924 3603 2977 obdor-

2036 3018 2193 3072 mitio
2238 3017 2571 3086 evangelica:
2634 3018 2878 3072 historia:
2941 3017 3316 3077 insererelur,
3354 3014 3429 3067 uti
3481 3028 3604 3081 quae

357 3106 549 3160 6ἐσθαι
592 3108 721 3178 περὶ
753 3108 957 3178 ταύτης
985 3107 1086 3161 οὐκ
1118 3106 1383 3175 ἔφθασαν,
1420 3108 1501 3160 ὅτι
1548 3107 1679 3177 περὶ
1708 3106 1801 3159 τὸν
1828 3108 1924 3177 τῆς

2033 3110 2190 3180 longo
2235 3110 2493 3177 deinceps
2527 3112 2793 3177 tempore;
2843 3122 2940 3161 ceu
2985 3108 3260 3168 diximus,
3311 3103 3594 3158 acciderit.

359 3199 671 3268 οἰκονομίας
710 3200 1106 3270 ἀσχολούμενοι
1155 3198 1336 3265 λόγον,
1377 3198 1476 3252 καὶ
1522 3197 1612 3251 διὰ
1647 3197 1928 3267 φροντίδος

358 3291 577 3361 ἔχοντες
602 3292 686 3343 ὅτι
734 3292 940 3359 πολλῆς
986 3289 1100 3352 πῶς
1139 3308 1201 3344 τε
1241 3290 1470 3352 πιστοὺς
1501 3290 1629 3353 τοὺς
1667 3290 1928 3350 ἀπίστους

362 3384 651 3453 ποιήσαιεν
681 3384 777 3437 καὶ
799 3384 949 3446 ὅπως
984 3385 1051 3453 τῇ
1075 3384 1217 3436 κατὰ
1241 3383 1480 3453 Χριστὸν
1518 3383 1807 3453 ἀμωμήτῳ
1835 3382 1927 3434 πί-

360 3491 479 3530 στει
509 3474 709 3537 πάντες
758 3473 1127 3545 προσέλθοιεν,
1176 3474 1243 3528 τὰ
1293 3474 1455 3527 λοιπά
1500 3474 1929 3542 παρεϐλέποντο,

361 3565 460 3618 καὶ
496 3563 736 3634 μάλιστα
768 3564 942 3618 ταῦτα
971 3562 1050 3634 τῷ
1096 3552 1574 3634 θείῳκηρύγματι
1606 3564 1681 3635 μὴ
1722 3564 1932 3618 συντείο

363 3671 545 3709 νοντα.
578 3654 721 3723 Πλὴν
757 3653 819 3707 οὐ
844 3654 1020 3724 πάντη
1058 3654 1347 3722 σεσίγηται
1388 3655 1457 3707 τὰ
1492 3654 1594 3723 τῆς
1618 3654 1766 3717 θείας
1785 3654 1931 3707 ὲκείο

363 3763 463 3816 νης
493 3745 805 3815 κοιμήσεως
825 3760 840 3775 ’
876 3745 906 3798 ό
938 3745 1048 3815 γάρ
1073 3744 1385 3815 θεοφάντωρ
1412 3745 1507 3798 καὶ
1538 3746 1710 3815 μέγας
1745 3745 1930 3799 Διονύο

365 3854 479 3899 σιος
508 3836 802 3907 θαυμαστά
832 3851 957 3890 τινα
985 3837 1116 3906 περὶ
1142 3835 1345 3905 ταύτης
1372 3838 1428 3888 ἐν
1450 3837 1563 3899 τοίς
1591 3834 1727 3904 πρὸς
1760 3835 1931 3905 Τιμό-

364 3928 490 3982 θεον
527 3930 753 4000 γράφων
786 3927 1121 3999 εὑρίσκεται.
1174 3928 1284 3981 Καὶ
1311 3929 1604 3999 πρόσσχες,
1631 3930 1680 3981 εί
1731 3927 1929 3998 βούλει,

361 4023 477 4083 τοῖς
504 4022 839 4092 λεγομένοις.
876 4021 935 4073 ’0
973 4020 1082 4089 γάρ
1128 4019 1271 4083 θεῖος
1313 4013 1467 4083 οὗτος
1501 4021 1643 4090 ἀνὴρ
1672 4019 1767 4072 καὶ
1807 4021 1933 4075 τάδε

363 4112 508 4166 κατά
551 4112 704 4183 ῥῆμα
734 4113 862 4181 περὶ
909 4111 1101 4165 τούτου
1137 4110 1391 4176 διέξεισι·
1426 4130 1446 4163 ι
1478 4113 1585 4165 Καὶ
1630 4112 1787 4184 ήμετς
1835 4111 1934 4181 μὲν

362 4205 478 4269 οὖν,
502 4205 579 4266 ὡς
604 4198 782 4268 οἶσθα,
815 4203 910 4256 καὶ
936 4203 1095 4265 αὐτὸς
1128 4205 1220 4257 καὶ
1247 4202 1431 4255 πολλοὶ
1459 4203 1567 4256 τῶν
1592 4202 1754 4270 ίερῶν
1780 4204 1934 4272 ἡμῶν

365 4294 609 4363 ἀδελφῶν
643 4295 734 4347 ἐπὶ
775 4293 873 4363 τήν
916 4292 1046 4347 θέαν
1087 4292 1184 4346 τοῦ
1219 4292 1532 4361 ζωαρχικοῦ
1564 4293 1656 4345 καὶ
1687 4291 1934 4361 θεοδὸχου

366 4388 623 4457 σώματος
668 4384 1132 4454 συνεληλύθαμεν,
1165 4383 1350 4454 παρῆν
1385 4383 1442 4435 δὲ
1490 4384 1585 4436 καὶ
1636 4383 1664 4435 ό
1706 4383 1933 4452 ἀδελφό-

2028 3203 2293 3257 Ρταιιρτοιι
2328 3216 2569 3255 snorsnm
2614 3200 2875 3268 peculiari
2919 3201 3156 3270 quodam
3211 3198 3353 3251 libro
3388 3197 3454 3248 de
3480 3196 3597 3263 ipsa

2029 3293 2165 3348 nihil
2191 3292 2395 3348 Christi
2441 3292 2698 3360 discipuli
2743 3292 3019 3347 memoria:
3066 3290 3454 3359 prodiderunt,
3482 3302 3609 3355 pro-

2028 3394 2214 3455 pterea
2262 3384 2407 3454 quod
2454 3384 2506 3437 in
2563 3384 2888 3453 explicanda
2916 3384 3087 3453 ipsius
3129 3382 3606 3436 administratione

1996 3475 2279 3553 occupati
2307 3516 2321 3538 ,
2371 3491 2805 3545 magnopereque
2832 3476 2898 3528 de
2946 3489 3052 3527 una
3092 3474 3183 3527 illa
3221 3490 3280 3527 re
3344 3469 3603 3535 solliciti,

2026 3582 2139 3636 quo
2166 3568 2423 3620 nimirum
2454 3577 2612 3635 pacto
2657 3567 2970 3621 incredulos
2999 3566 3190 3620 fideles
3213 3564 3493 3617 cliicereut
3544 3576 3606 3611 ac

2028 3656 2309 3711 omnesad
2357 3671 2551 3725 puram
2597 3656 2980 3724 sinceramque
3021 3656 3075 3709 iu
3119 3654 3397 3708 Christum
3445 3650 3604 3703 iidem

2032 3747 2446 3816 perducerent,
2493 3756 2687 3801 czctera
2742 3746 3133 3817 negligebant,
3186 3742 3487 3814 prmscrtim
3542 3756 3605 3793 ca

2032 3852 2156 3905 qua:
2188 3838 2253 3890 ad
2278 3836 2517 3891 divinam
2539 3838 2683 3891 illam
2711 3837 3152 3906 prmdicationcnt
3176 3834 3312 3887 nihil
3344 3833 3606 3885 facerent.

2034 3925 2194 3995 232
2216 3926 2333 3979 Non
2379 3936 2559 3981 tamen
2604 3928 2829 3981 omnino
2856 3926 3039 3980 divina
3088 3924 3238 3976 istaec
3274 3918 3609 3974 obdormitio

2030 4015 2254 4070 silentio
2273 4025 2358 4070 est
2384 4016 2676 4083 praeterita.
2700 4015 2833 4068 Nam
2868 4029 3050 4068 rerum
3075 4012 3164 4065 ille
3186 4010 3501 4064 divinarum
3525 4008 3608 4059 in-

2030 4114 2250 4175 terpres
2282 4120 2514 4175 magnus
2555 4105 2846 4178 Dionysius
2870 4104 2936 4158 de
2982 4104 3086 4157 hac
3107 4099 3426 4155 admiranda
3462 4111 3608 4164 qua:-

2036 4198 2161 4253 datu
2188 4198 2243 4253 in
2289 4197 2610 4267 perscriptis
2635 4197 2700 4251 ad
2730 4196 3077 4251 Timotheum
3121 4192 3370 4263 epistolis
3396 4189 3610 4242 tradere

2036 4290 2486 4360 deprehenditur.
2511 4292 2589 4343 Ac
2616 4290 2740 4343 vide
2770 4289 2929 4353 mihi,
2977 4288 3228 4348 obsecro,
3265 4299 3385 4353 quae
3412 4280 3610 4336 dicturi

2037 4382 2211 4437 simus
2236 4382 2474 4436 ex.illius
2520 4381 2930 4435 narrationibus
2962 4380 3239 4446 decerpta.
3288 4396 3308 4428 ι
3357 4375 3465 4430 Nos
3492 4374 3616 4442 qni-

365 4449 484 4541 θεος
513 4449 770 4540 Ἰάκωϐος
815 4449 910 4527 καὶ
943 4449 1147 4544 Πέτρος
1178 4476 1211 4544 ἡ
1238 4449 1516 4544 κορυφαία
1553 4472 1663 4527 τῶν
1690 4449 1925 4527 ἀποστό-

2033 4472 2193 4537 dem,
2236 4474 2333 4535 ait,
2377 4488 2484 4526 una
2532 4482 2714 4527 tecum
2765 4473 3061 4539 multisque
3100 4470 3271 4523 sacris
3304 4466 3608 4520 fratribus.

366 4570 473 4623 λων
509 4566 776 4638 ἀκρότης.
812 4585 830 4614 ι
869 4566 1011 4634 Πρὸς
1061 4565 1284 4629 τούτους
1311 4565 1370 4618 δὲ
1419 4566 1515 4620 καὶ
1546 4564 1638 4618 τὸν
1663 4564 1758 4618 τοῦ
1789 4566 1933 4619 θείου

366 4660 580 4714 ἐκείνου
642 4657 814 4728 ὕμνου
864 4659 1105 4729 παράγει
1154 4659 1581 4728 προεξάρχοντα,
1641 4658 1938 4727 θεόληπτον

369 4746 633 4815 γεγονότα
655 4746 1011 4816 ιξιστάμενον
1041 4746 1139 4799 καὶ
1166 4741 1279 4800 οἷον
1305 4746 1649 4816 ἐκδημοῦντα
1679 4747 1817 4816 πρὸς
1840 4746 1939 4816 τὴν

371 4838 644 4907 ὑμνῳδίαν
670 4837 1161 4908 μεταποιούμενον.
1189 4838 1293 4892 Καὶ
1319 4840 1373 4890 τί
1399 4839 1503 4909 χρὴ
1530 4839 1700 4891 πολλὰ
1723 4840 1943 4906 λέγειν;

369 4930 625 4984 Δείκνυσι
662 4930 751 4983 διὰ
772 4929 879 4984 τῶν
903 4929 1068 4983 αὐτοῦ
1099 4929 1271 4999 λόγων
1300 4932 1328 4984 ό
1357 4929 1639 4993 θεσπέσιος
1666 4930 1944 4995 Διονύσιος
1972 4964 1979 4967 -

446 5107 559 5175 (58)
585 5107 716 5174 Quas
738 5117 1041 5175 sequuntur
1080 5108 1148 5164 de
1185 5109 1513 5179 Magdalena:
1569 5124 1691 5164 cum
1734 5107 1940 5163 Caleno

371 5178 729 5246 Pergameno,
754 5179 1089 5233 medicorum
1108 5178 1291 5249 princi’
1321 5195 1373 5243 e,
1395 5181 1695 5249 colloquio,
1717 5194 1942 5237 prorsus

374 5247 619 5301 fabulosa
653 5254 802 5301 sunt.
836 5248 958 5301 licet
991 5249 1211 5301 aliunde
1243 5195 1537 5301 itfnrobari
1580 5248 1814 5301 potuerit
1845 5250 1942 5301 de-

374 5247 619 5319 l'ahulosa
653 5254 802 5311 sunt,
836 5247 1211 5319 licet‘aliuitde
1232 5247 1300 5319 id
1323 5249 1537 5317 probari
1560 5247 1814 5319 'potuerit
1845 5250 1942 5302 de-

372 5316 679 5388 bueritque,
698 5330 859 5388 quam
874 5331 940 5371 ex
972 5317 1110 5372 libro
1141 5318 1207 5371 ad
1228 5316 1500 5384 Pisonem,
1528 5316 1660 5388 πρὸς
1700 5319 1938 5388 Πίσῳνα,

373 5384 473 5509 διιί
508 5384 652 5465 apud
681 5387 891 5454 aliquos
932 5389 1358 5442 controvertitur
1398 5404 1466 5442 an
1495 5384 1637 5443 inter
1674 5386 1940 5458 genuinos

424 5453 567 5507 alent
595 5453 759 5509 libros
784 5458 1059 5509 accenseri
1086 5458 1302 5509 debeat.

424 5453 567 5507 aleni
595 5453 759 5509 libros
776 5453 1059 5511 accenseri
1086 5458 1302 5511 debeat.

449 5523 587 5595 (59)_
638 5524 800 5595 Ὠσεὶ
843 5532 939 5591 ,ον’
972 5528 1097 5595 ἐτη.
1162 5525 1370 5595 Scribe,
1430 5526 1604 5595 inquit
1700 5525 1941 5581 Joannes

376 5591 659 5665 Meursius
683 5593 736 5647 in
768 5595 934 5665 notis,
956 5594 1106 5665 ᾼὼσεὶ
1136 5594 1247 5665 ρπϐ,
1289 5611 1414 5649 nam
1441 5611 1470 5649 a
1495 5591 1700 5651 Christi
1737 5598 1936 5649 nativi-

377 5671 495 5715 tate
522 5661 591 5714 ad
622 5663 910 5730 imperium
941 5661 1226 5733 Commodi
1250 5679 1421 5733 usque
1489 5666 1616 5719 anni
1678 5675 1940 5733 putantur

380 5740 804 5811 przctcrpropter
829 5733 947 5797 180.
980 5732 1177 5791 Verum
1212 5732 1590 5791 observatione
1619 5732 1707 5789 illa
1754 5749 1939 5789 carere

2033 4578 2137 4618 ceu
2166 4564 2491 4630 meministi,
2516 4564 2584 4617 ad
2626 4564 2986 4634 spectandum
3018 4578 3221 4632 corpus
3264 4560 3420 4624 illud,
3469 4557 3611 4627 quod

2034 4655 2160 4711 vitas
2202 4656 2535 4726 principium
2568 4665 2623 4709 ct
2666 4656 2843 4724 ipsum
2897 4655 3065 4708 Deum
3103 4651 3397 4722 aliquando
3428 4650 3609 4704 conti-

2036 4754 2770 4811 nuerat,'eonveneramus.
2813 4747 2985 4802 Simul
3030 4746 3256 4799 aderant
3297 4746 3466 4795 frater
3511 4740 3613 4791 Du-

2040 4837 2173 4892 mini
2194 4836 2431 4892 .Iacobus
2458 4846 2513 4891 et
2536 4837 2753 4901 Petrus,
2780 4847 2970 4892 vertex
3013 4836 3383 4905 apostolorum
3417 4833 3505 4886 ille
3530 4847 3616 4884 su-

2039 4944 2287 5001 premus.
2326 4946 2345 4981 »
2378 4929 2582 4985 Praeter
2610 4929 2727 4983 hazc
2761 4937 2816 4983 et
2856 4936 3246 4998 prmcentorem
3272 4925 3443 4981 divini
3472 4926 3617 4979 illius

2051 5109 2328 5181 potuimus
2371 5130 2385 5165 :
2424 5126 2546 5181 cum
2582 5110 2728 5165 enim
2761 5110 2904 5164 dicat
2938 5110 3152 5181 Glycas,
3189 5110 3322 5181 ’ἀπὸ
3367 5114 3481 5181 γὰρ
3521 5108 3615 5161 τοῦ

2048 5179 2257 5247 Κυρίου
2278 5183 2438 5251 ἡμῶν
2487 5180 2659 5251 Ἰησοῦ
2690 5181 2927 5250 Χριστοῦ
2953 5179 3058 5251 ειυς
3093 5179 3285 5248 αὐτῆς.
3312 5183 3414 5249 τῆς
3466 5180 3620 5251 βασιο

2045 5251 2191 5309 λείας
2221 5249 2489 5320 Κομόδου,
2514 5249 2567 5304 et
2596 5252 2713 5319 ipse
2745 5249 2917 5304 Vertat
2948 5270 2961 5304 :
2992 5249 3130 5304 Nam
3162 5268 3194 5302 a
3241 5251 3462 5303 Domino
3491 5249 3614 5320 Jrsu

2048 5320 2255 5377 Christo
2282 5318 2442 5389 usque
2469 5322 2539 5373 ad
2573 5318 2915 5375 Commodum
2948 5322 3321 5390 imperatorem
3348 5321 3483 5390 panni
3507 5318 3617 5383 [cro

2047 5403 2258 5471 centum
2291 5393 2682 5471 quinquaginta
2706 5392 2986 5471 donentur,
3020 5389 3155 5443 nihil
3206 5389 3439 5471 pinnino
3456 5469 3469 5471 _
3491 5401 3614 5471 mu:

2048 5464 2276 5535 tandum
2303 5455 2358 5514 in
2383 5455 2548 5535 textu
2597 5461 2904 5535 videbatur.
2963 5475 3084 5535 citat
3130 5474 3161 5511 a
3205 5457 3480 5535 baptizata
3530 5455 3618 5535 uel

2048 5546 2210 5599 passo
2244 5529 2473 5584 Domino
2505 5528 2633 5583 Jesu
2658 5528 2875 5582 Christo
2911 5529 2975 5582 ad
3004 5523 3287 5582 Commodi
3319 5523 3621 5599 primordia

2050 5593 2357 5682 reperiatur
2381 5601 2755 5668 assignatusa
2979 5605 3166 5663 nostro
3216 5607 3484 5648 annorum
3529 5593 3624 5651 itu

2052 5664 2411 5741 terlapsorum
2444 5664 2726 5724 numerus.
2784 5664 2861 5683 Ἢ
2896 5664 2923 5680 ”
