4110 6194
439 364 446 370 -
481 334 590 396 43;)
1742 325 2054 388 MICIIAE]

2156 326 2167 382 ἱ
2207 295 2472 384 cuca:
2979 337 2996 346 ε
3629 324 3733 385 tto

485 450 674 522 hymni
698 454 1110 509 commemorat,
1136 443 1228 512 qui
1249 442 1436 498 divino
1464 441 1698 512 quodam
1726 451 1875 495 motu
1897 447 2052 492 extra

2157 436 2232 502 ὡς
2267 436 2412 499 ἅπας
2447 435 2636 506 σχεδὸν
2661 433 2770 490 τῶν
2795 433 3110 489 ἀποστόλων
3158 435 3187 487 ὁ
3221 434 3406 496 θίασος
3435 435 3529 488 καὶ
3557 437 3735 489 αὐτῶν

484 543 728 610 scipsum
760 547 948 606 raptus
971 545 1025 589 et
1048 535 1200 604 quasi
1227 535 1511 588 traductus
1532 533 1637 586 alio
1658 546 1873 585 sacrum
1904 529 2054 583 illum

2157 528 2221 598 δὴ
2257 528 2363 584 τῶν
2394 527 2766 597 ἐϐδομήκοντα
2802 528 2934 598 περὶ
2961 528 3020 582 τὸ
3056 527 3252 581 σεπτὸν
3281 529 3456 582 ἐκεῖνο
3483 530 3582 596 τῆς
3605 531 3733 582 Θεο-

483 639 703 682 cantum
726 627 1023 694 occeperit.
1055 625 1193 690 Quid
1231 625 1398 679 multa
1425 623 1658 694 proferri
1685 636 1906 676 necesse
1936 619 2054 674 esti

2160 621 2400 690 μήτορος
2435 621 2794 688 συνήθροιστο
2829 621 3081 692 θέατρον,
3122 621 3217 674 καὶ
3269 622 3350 674 ὅτι
3408 621 3530 672 κατ’
3576 622 3737 674 αὑτὸν

482 719 730 772 Ostendit
767 719 818 769 in
846 717 947 770 hac
972 717 1286 770 narratione
1315 731 1470 770 sacer
1497 713 1587 766 ille
1619 710 1910 781 Dionysius
1933 707 2054 762 uni-

2156 707 2363 773 irra'tVtec
2393 711 2729 779 συνήλθοσαν
2752 713 2802 764 oi.
2825 711 2932 765 δινά
2965 713 3146 764 πᾶσαν
3177 711 3600 780 ἐσκορπισμένοι
3637 711 3737 780 τὴν

482 795 700 864 versum
738 824 907 877 pmpe
935 816 1137 862 emtum
1181 805 1554 874 apostolorum
1599 811 1658 858 et
1688 803 1929 870 ipsorum
1970 811 2052 853 se-

2156 804 2254 870 γῆν
2279 791 2537 870 μαθηταὶ,
2561 797 2634 856 ὧν
2650 801 2728 866 εἷς
2745 803 3008 872 ἐτύγχανε
3034 803 3128 856 καὶ
3157 803 3318 866 αὐτὸς
3339 801 3550 870 σύναμα
3567 803 3738 870 Τιμο-

483 902 767 970 ptuagittta
802 899 1193 966 discipulorum
1252 896 1319 950 ad
1362 893 1730 949 venerandum
1789 892 1895 947 hoc
1932 905 2054 958 spe-

2156 893 2260 961 θέῳ
2287 893 2380 946 καὶ
2397 893 2664 962 ’1εροθέῳ.
2694 896 2802 950 Καὶ
2828 894 2985 962 δῆλον
3007 893 3065 960 ἐξ
3093 886 3166 946 ὧν
3186 893 3348 954 αὐτὸς
3373 893 3577 962 ἔγραφε
3602 893 3737 960 πρὸς

483 996 756 1048 etaculum
809 1001 1196 1059 congregatum
1261 989 1466 1050 fuisse;
1515 997 1630 1042 tum
1669 984 1813 1053 quod
1861 983 2054 1038 eodem

2162 981 2425 1048 Τιμόθεον
2446 999 2460 1013 ·
2499 1000 2518 1033 ι
2539 981 2734 1034 Ἢνίκα
2762 983 2892 1054 γὰρ,
2925 983 3060 1054 φησὶ
3104 984 3197 1036 καὶ
3243 984 3426 1052 ἡμεῖς,
3474 985 3550 1046 ὼς
3581 980 3737 1035 οἶσθα

488 1094 731 1151 tempore
777 1082 1028 1147 discipuli
1081 1095 1273 1133 omnes
1309 1093 1406 1146 per
1426 1079 1744 1130 universum
1783 1083 2054 1128 terrarum

483 1177 671 1226 orbem
713 1173 938 1236 dispersi
976 1171 1353 1233 convenerint,
1379 1183 1611 1238 quorum
1651 1167 1703 1219 in
1735 1178 1963 1218 numero
2001 1169 2058 1215 et

485 1263 598 1328 ipse
625 1262 792 1314 fuerit
820 1277 927 1313 una
951 1277 1073 1313 cunt
1107 1261 1396 1314 Timotheo
1435 1269 1490 1312 et
1534 1257 1854 1311 llicrotheo.
1886 1251 2058 1305 Audi-

2154 1075 2258 1158 ,καὶ
2292 1073 2476 1137 αὐτὸς,
2515 1077 2608 1128 καὶ
2638 1075 2824 1128 πολλοὶ
2853 1077 2962 1129 τῶν
2995 1075 3156 1146 ἱερῶν
3183 1075 3342 1145 ἡμῶν
3375 1074 3620 1142 ἀδελφῶν
3644 1074 3734 1126 ἐπὶ

2163 1165 2263 1232 τὴν
2296 1165 2424 1218 θέαν
2459 1167 2549 1218 τοῦ
2578 1167 2892 1236 ζωαρχικοῦ
2925 1166 3177 1234 σώματος
3210 1164 3670 1237 συνεληλύθαμεν.
3707 1183 3726 1214 ι

2162 1253 2277 1305 ’Καὶ
2310 1255 2451 1308 οὕτω
2487 1257 2584 1324 μὲν
2613 1259 2640 1310 ό
2670 1257 2983 1327 διαληφθεὶς
3017 1257 3160 1319 θεῖος
3192 1256 3466 1316 Διονύσιος
3497 1255 3629 1324 (60).

481 1356 602 1408 visti
636 1355 782 1409 enim
833 1355 946 1407 haec
978 1354 1150 1422 ipsius
1172 1353 1236 1406 ad
1262 1352 1611 1408 Timotheum
1648 1350 1851 1404 verba:
1885 1364 1902 1395 ι
1935 1345 2047 1399 Nos
2087 1346 2308 1413 quidem
2342 1365 2448 1403 una
2511 1358 2687 1403 tecum
2724 1352 3020 1420 multisque
3090 1352 3260 1406 sacris
3289 1349 3572 1413 fratribus,
3627 1365 3725 1403 ceu

485 1446 804 1509 meministi,
837 1445 902 1498 ad
939 1445 1294 1512 spectandum
1346 1458 1560 1513 corpus
1603 1440 1758 1504 illud,
1793 1434 1941 1506 quod
1982 1435 2103 1489 vita:
2140 1438 2472 1509 principium
2513 1441 2808 1512 aliquando
2842 1427 3671 1507 continuena-conveneramus.
3702 1456 3723 1491 ι

483 1533 608 1587 llzec
639 1551 665 1586 a
703 1534 958 1600 praedicto
995 1533 1254 1602 Dionysio
1297 1533 1674 1588 sunt'tradita.

551 1630 820 1682 (laterum
850 1627 1066 1682 tametsi
1094 1630 1257 1695 Virgo
1271 1639 1463 1682 ~mater
1490 1638 1697 1682 naturae
1717 1627 1930 1696 legibus
1947 1622 2053 1679 fuit

2235 1618 2384 1690 Πλὴν
2414 1621 2464 1674 εί
2501 1626 2613 1704 τοῖς
2647 1623 2744 1695 τῆς
2775 1625 2992 1694 φύσεως
3017 1625 3200 1697 νόμοις
3241 1625 3534 1692 ὑπέπεσεν,
3563 1632 3610 1684 εἱ
3634 1627 3731 1687 xai.

482 1718 718 1771 obnoxia
750 1757 764 1782 ,
815 1717 1027 1770 tametsi
1086 1729 1319 1773 mortem
1360 1719 1689 1788 degustarit,
1736 1719 1951 1773 tametsi
1994 1726 2054 1771 ttt

2161 1709 2395 1766 θάνατον
2428 1713 2709 1780 ἐγεύσατο,
2746 1718 2794 1770 εί
2823 1719 2918 1771 καὶ
2947 1721 3191 1789 μνήματι
3235 1724 3501 1793 κατετέθη
3532 1725 3606 1789 ὡς
3637 1729 3732 1780 ἀν-

483 1809 648 1862 hon.o
696 1807 748 1860 in
814 1809 1124 1876 sepulcrum
1169 1821 1251 1864 est
1297 1811 1564 1879 depasita,
1611 1821 1818 1864 natura:
1877 1822 2056 1865 tamen

487 1901 621 1952 lines
667 1910 829 1967 atque
865 1902 1132 1956 terminos
1169 1903 1447 1970 superavit
1491 1912 1546 1957 et
1591 1904 1846 1968 excessit,
1880 1917 2060 1972 neque

489 1991 805 2056 sepulcrum
857 2003 912 2046 et
952 1993 1261 2048 mortalitas
1284 2009 1404 2047 eam
1439 1994 1493 2046 in
1529 2003 1796 2062 potestate
1845 2009 1943 2046 sua
1975 2007 2061 2046 re-

493 2086 669 2135 tinere
704 2085 902 2151 potuit.
936 2085 1067 2140 Nam
1099 2094 1154 2138 et
1198 2087 1313 2154 ipsa
1347 2085 1416 2138 de
1447 2085 1699 2153 sepulcro
1740 2083 2057 2148 resurrexit,

486 2193 716 2242 prorsus
741 2179 820 2231 uti
863 2179 1008 2232 ﬁlius
1043 2180 1164 2248 ejus
1195 2181 1452 2247 idemque
1496 2181 1638 2232 Deus
1664 2180 1886 2242 fecerat,
1927 2179 2060 2234 solis

483 2267 890 2333 sepulcralibus
938 2269 1153 2322 exuviis
1188 2269 1241 2322 in
1276 2280 1628 2322 monumento
1663 2269 1886 2322 relictis.
1920 2272 2060 2324 Huic

483 2357 792 2410 narrationi
839 2358 997 2412 lidem
1052 2358 1183 2412 facit
1229 2359 1454 2412 divinus
1503 2359 1591 2412 ille
1624 2359 1922 2422 Jurenaiis,
1965 2359 2055 2428 qui

488 2447 997 2517 Hierosolymorum
1049 2450 1281 2504 antistes
1339 2450 1459 2502 fuit.
1515 2451 1752 2519 Exponit
1809 2449 1896 2503 ille
1947 2465 2058 2518 quo

489 2547 646 2604 pacto
676 2539 727 2592 id
765 2540 1024 2608 temporis
1043 2541 1284 2596 Thomas
1307 2539 1564 2606 abfuerit,
1588 2557 1696 2609 quo
1725 2551 1883 2609 pacto
1907 2540 2060 2593 deiu-

483 2643 611 2695 ceps
673 2629 738 2681 ad
797 2631 1109 2698 sepulcrum
1169 2633 1511 2695 accesserit,
1560 2646 1670 2700 quo
1720 2641 1873 2700 pacto
1924 2631 2058 2684 illud

487 2719 664 2784 ipsum
695 2722 1106 2788 perquisiverit.
1145 2722 1361 2776 Etenim
1397 2723 1626 2791 apostoli
1665 2722 1888 2775 Tltomw
1939 2737 2059 2791 gra-

491 2816 562 2866 tia
589 2816 904 2882 sepulcrum
958 2814 1156 2881 aperiri
1184 2815 1488 2883 jusserunt,
1541 2813 1684 2882 quod
1732 2814 1882 2867 illutn
1935 2828 2056 2866 cer-

483 2918 676 2960 nerent
715 2888 1018 2962 absetttiam
1078 2907 1130 2958 in
1170 2914 1345 2960 morte
1388 2905 1628 2976 Virginis
1674 2921 1828 2960 suam
1879 2906 2055 2960 mole-

485 3000 724 3050 stissimo
781 2998 926 3051 ferre
978 2997 1182 3054 animo.
1234 2997 1422 3065 Itaque
1475 2997 1785 3066 sepulcrum
1833 2997 2053 3065 quidem

484 3088 746 3154 aperitur,
773 3096 829 3141 at
864 3087 977 3156 ipse
1025 3088 1312 3142 thesaurus
1346 3087 1402 3140 in
1433 3103 1500 3142 eo
1558 3089 1870 3142 reconditus
1921 3095 2055 3142 mis-

483 3193 644 3242 quam
681 3177 978 3245 apparebat
1030 3196 1046 3230 :
1083 3177 1234 3241 solae,
1264 3175 1409 3246 quod
1451 3179 1654 3230 dictum
1712 3189 1816 3241 est,
1872 3177 2053 3245 sepul-

485 3266 661 3318 crales
697 3268 907 3320 exuviae
957 3267 1395 3335 reperiebantur.
1450 3267 1734 3322 Consimili
1790 3268 2051 3321 nimirum

495 3355 655 3408 modo
709 3367 763 3408 et
803 3359 969 3424 ipsam
1021 3357 1114 3410 Dei
1168 3358 1392 3411 Matrem
1426 3374 1492 3412 ex
1541 3360 1772 3414 mortuis
1805 3373 2054 3414 resurre-

483 3456 697 3497 eturam
734 3445 920 3508 fuisse,
961 3461 1070 3513 quo
1119 3447 1264 3500 illius
1294 3459 1687 3512 resurrexerat,
1729 3451 1900 3503 multo
1926 3459 2053 3504 ante

487 3537 682 3591 beatus
716 3537 804 3591 ille
849 3537 1089 3592 Darides
1124 3539 1441 3607 huiusmodi
1488 3540 1668 3594 verbis
1713 3540 2055 3610 signiﬁcave-

491 3639 608 3682 rat:
649 3647 670 3681 ¢
703 3631 898 3699 Surge,
935 3629 1183 3694 Domine,
1224 3632 1274 3684 in
1305 3631 1603 3700 requietem
1637 3641 1805 3695 tuam,
1837 3642 1915 3698 tu,
1973 3635 2056 3686 in-

486 3701 675 3789 quam,
710 3722 847 3790 ipse,
881 3732 936 3776 et
963 3737 1088 3777 area
1120 3723 1422 3777 sanctitatis
1463 3734 1567 3778 tute
1598 3725 1663 3778 7".
1699 3742 1716 3775 ι
1753 3724 2051 3794 Nam-quia

489 3825 646 3864 norat
678 3813 906 3866 Davitlcs
935 3828 1052 3865 eam
1084 3829 1204 3882 qum
1245 3813 1526 3867 Christum
1562 3825 1720 3869 utero
1758 3816 1916 3884 233
1951 3823 2051 3870 su‘o

486 3910 753 3969 gestasset
805 3917 868 3955 ae
901 3902 1048 3955 illaut
1095 3903 1266 3970 ipsam
1300 3905 1370 3957 ob
1424 3919 1640 3957 causam
1675 3920 1800 3958 arca
1853 3907 2054 3959 sancti-

390 3984 396 3990 ’
488 3993 616 4046 tatis
648 4005 793 4046 esset
851 4005 1020 4063 atque
1055 4006 1488 4064 nuncuparetur,
1519 3995 1710 4049 eodem
1761 4006 1916 4064 pacto
1971 4013 2055 4052 re-

483 4098 858 4140 surrecturum
885 4103 914 4140 e
947 4089 1202 4156 sepulcro
1231 4105 1338 4156 quo
1377 4097 1431 4142 et
1463 4097 1622 4142 natus
1652 4104 1716 4142 ex
1753 4090 1865 4157 ipsa
1895 4089 2054 4142 Citri-

421 4189 424 4191 ‘
485 4191 603 4231 stus
639 4179 728 4232 ί.ἓοὶ
760 4179 931 4232 Filius
961 4190 1015 4232 et
1051 4181 1192 4232 Dens
1241 4181 1556 4244 resurrexit,
1591 4179 1794 4233 idcirco
1815 4196 1922 4234 non
1954 4181 2052 4236 abs

487 4284 548 4321 rc
579 4269 921 4323 consimilem
965 4270 1254 4338 utriusque
1283 4270 1762 4324 resuscitationcm
1814 4287 1880 4324 ex
1905 4287 2054 4325 mor-

2162 1800 2399 1869 θρωπος,
2432 1804 2568 1858 ἀλλά
2593 1807 2718 1870 τοὺς
2744 1809 2902 1880 ὅρους
2926 1810 3180 1882 νενίκηκε
3206 1815 3308 1884 τῆς
3334 1815 3567 1883 φύσεως,
3595 1816 3732 1871 ἀλλά

2159 1892 2330 1959 τάφος
2356 1895 2448 1946 καὶ
2476 1896 2742 1966 νέκρωσις
2781 1901 2954 1970 αὐτὴν
2989 1902 3049 1953 οὐ
3087 1887 3401 1975 κεκράτηκε
3429 1921 3445 1937 ·
3493 1907 3591 1960 τοῦ
3620 1909 3728 1980 γάρ

2164 1985 2450 2052 μνήματος
2477 1987 2744 2058 ἐξανέστη
2784 1991 2878 2044 καὶ
2909 1991 3050 2062 αὕτη
3095 1995 3496 2066 παραπλησίως
3526 1998 3602 2067 τῷ
3631 1999 3730 2070 υἱῷ

2159 2072 2332 2141 αὐτῆς
2357 2075 2454 2127 καὶ
2481 2075 2623 2146 Θεῷ,
2659 2078 2795 2146 μόνα
2843 2083 2996 2150 παρά
3027 2083 3106 2153 τῷ
3159 2085 3317 2155 τάφῳ
3352 2087 3730 2157 καταλείψασα

2161 2161 2231 2214 τὰ
2265 2165 2518 2233 ἐντάφια.
2553 2166 2658 2220 Καὶ
2688 2169 2980 2224 πιστοῦται
3007 2172 3099 2226 τὸν
3128 2173 3286 2243 λόγον
3314 2175 3664 2241 ’1ου6ενάλιος
3698 2180 3728 2230 ό

2158 2253 2270 2305 τῶν
2309 2253 2706 2326 Ἱεροσολύμων
2735 2263 3086 2334 χρηματίσας
3109 2265 3252 2329 θεῖος
3283 2267 3603 2333 ἐπίσκοπος,
3628 2271 3730 2340 τήν

2160 2358 2220 2394 τε
2250 2342 2344 2396 τοῦ
2373 2345 2543 2414 Θωμᾶ
2587 2349 2994 2421 διηγησάμενος
3030 2356 3354 2426 ἀπόλειψιν,
3381 2359 3484 2429 τὴν
3510 2361 3731 2414 ἐσύστε-

2161 2451 2255 2503 ρον
2294 2437 2460 2490 αὒτοῦ
2509 2443 2662 2510 παρά
2706 2442 2782 2513 τῷ
2810 2445 2967 2514 τάφῳ
2996 2436 3353 2516 προσέλασιν
3388 2451 3482 2504 καὶ
3512 2451 3612 2521 τὴν
3641 2452 3728 2504 ἐπ’

2159 2527 2307 2596 αὐτῷ
2332 2530 2410 2598 τῷ
2443 2530 2600 2603 τάφῳ
2635 2538 2927 2603 γεγονυῖαν
2972 2541 3106 2611 παρ’
3147 2541 3315 2595 αὐτοῦ
3353 2543 3724 2608 κατεξέτασιν.

2159 2619 2223 2670 Οἱ
2257 2619 2365 2690 γὰρ
2390 2623 2676 2680 ἀπόστολοι
2731 2630 3033 2700 τηνικαῦτα
3065 2631 3401 2703 διανοιγῆναι
3433 2635 3524 2688 τὸν
3561 2636 3727 2702 τάφον

2160 2711 2478 2767 κελεύουσιν
2518 2717 2612 2770 ars
2664 2718 2755 2772 τὸν
2785 2721 2986 2792 Θωμᾶν
3035 2723 3264 2792 ὁρῶντες
3295 2725 3387 2777 ἐπὶ
3416 2728 3481 2796 τῇ
3511 2727 3727 2780 ἀπολεί-

2157 2801 2249 2870 ψει
2281 2804 2452 2858 πολλὰ
2482 2807 2924 2879 δυσχεραίνοντα.
2948 2813 3062 2868 Καὶ
3086 2816 3114 2868 ὁ
3139 2815 3238 2884 μὲν
3267 2817 3434 2884 τάφος
3455 2819 3722 2887 ἠνοίγετο,
3777 2859 3790 2868 .

2157 2895 2183 2946 ό
2219 2893 2275 2945 δὲ
2315 2897 2591 2967 θησαυρὸς
2629 2901 2778 2964 ἐντὸς
2806 2897 2874 2970 ἦν
2901 2905 3174 2975 οὐδαμῶς,
3212 2907 3352 2976 μόνα
3381 2909 3438 2961 δέ
3469 2911 3722 2978 κείμενα,

2158 2983 2407 3054 καθάπερ
2435 2986 2671 3055 εἴρηται,
2703 2991 2770 3042 τὰ
2801 2995 3048 3062 ἐντάφια.
3094 2996 3218 3049 Ὅτι
3241 2997 3358 3067 δέἡ
3391 2998 3528 3069 αὑτὴ
3560 3000 3658 3054 καὶ
3685 3003 3720 3068 ἡ

2159 3077 2248 3128 ἐπὶ
2276 3078 2373 3145 τῆς
2409 3078 2750 3151 Θ.ομήτορος
2778 3085 2969 3154 ἔμελλε
3002 3090 3254 3156 γενέσθαι
3284 3091 3602 3156 ἀνάστασις,
3627 3094 3725 3147 καὶ

2155 3169 2363 3240 ταύτην
2399 3173 2465 3224 ἐκ
2501 3176 2714 3245 νεκρῶν
2748 3179 3041 3247 ἐγερθῆναι
3073 3181 3216 3235 καθά
3259 3182 3322 3254 δὴ
3352 3185 3448 3237 καὶ
3487 3185 3578 3237 τδν
3607 3187 3724 3238 υίὸν

2155 3258 2347 3326 αὐτῆς,
2379 3263 2406 3314 ὁ
2431 3265 2698 3333 μακάριος
2715 3266 2878 3319 Δαὸὶδ
2911 3270 3234 3338 προφθάσας
3261 3272 3527 3342 ἐδήλωσεν
3550 3273 3721 3338 οὕτως

2155 3349 2324 3404 εἰπών
2345 3368 2368 3426 ’γ
2391 3371 2408 3404 ι
2432 3353 2740 3426 Ἀνάστηθι,
2773 3358 2965 3428 Κύριε,
2997 3363 3077 3422 εἰς
3117 3362 3217 3432 τὴν
3263 3364 3566 3419 ἀνάπαυσίν
3601 3383 3718 3431 σου,

2157 3443 2222 3494 σὺ
2253 3443 2348 3496 καὶ
2399 3445 2433 3514 ἠ
2467 3445 2716 3514 κιϐωτὸς,
2747 3449 2840 3502 τοῦ
2888 3451 3230 3520 ἀγιάσ-ματός
3267 3471 3382 3508 σου.
3434 3472 3453 3506 ι
3502 3456 3718 3526 Ἐπειδὴ

2156 3533 2263 3602 γὰρ
2288 3535 2387 3606 τὴν
2421 3537 2481 3590 ἐν
2501 3541 2701 3610 γαστρὶ
2733 3541 3084 3611 βαστάσασαν
3113 3544 3277 3597 αὑτὸν
3309 3546 3598 3600 κάντεῦθεν
3637 3565 3721 3600 κι-

2157 3623 2329 3679 ϐωτὸν
2363 3627 2706 3697 ἀγιάσματος
2732 3649 2836 3702 χρη
2846 3632 3178 3701 ματίσασαν,
3207 3635 3380 3699 οὕτως
3411 3621 3722 3707 ἐγηγερμέέ

2155 3733 2252 3785 νην
2287 3719 2351 3770 ἐκ
2395 3719 2566 3788 τάφου
2594 3723 2940 3790 προέγνωκεν
2967 3729 2995 3778 ὁ
3021 3725 3186 3778 Δαόὶδ
3237 3727 3379 3779 καθά
3412 3729 3474 3797 δὴ
3500 3729 3593 3782 καὶ
3626 3730 3719 3782 τὸν

2155 3805 2213 3870 ἐξ
2242 3806 2412 3876 αὐτῆς
2442 3810 2770 3880 γεννηθέντα
2796 3815 2840 3865 Χ
2851 3814 3030 3882 ριστὸν
3057 3817 3148 3872 τδν
3174 3817 3300 3874 Υίδν
3340 3821 3432 3874 τοῦ
3458 3823 3592 3875 Θεοῦ
3625 3827 3719 3878 καὶ

2155 3897 2310 3960 Θεὸν.
2337 3900 2562 3964 εἰκότως
2583 3903 2694 3972 ἀρα
2724 3907 2819 3957 κάι
2847 3907 2938 3958 ἐπὶ
2966 3907 3141 3978 ταύτῃ
3184 3909 3282 3980 τὴν
3323 3913 3516 3980 ὁμοίαν
3557 3917 3712 3981 προέ-

2153 3991 2365 4061 γραψεν
2389 3991 2631 4060 ἔγερσιν.
2656 3997 2718 4048 Et
2749 3996 2825 4067 μὴ
2855 3998 2962 4068 γὰρ
2993 3998 3149 4052 τοῦτο
3175 3996 3264 4070 ἦν,
3297 4004 3396 4055 οὐκ
3421 4005 3486 4056 ἂν
3512 4006 3714 4070 ἐκεῖνος

2155 4082 2361 4136 είπὼν·
2398 4103 2416 4136 ι
2450 4085 2762 4155 Ἀνάστηθι,
2796 4089 2992 4159 Κύριε,
3019 4090 3124 4155 οσὺ,
3165 4111 3182 4143 ι
3238 4096 3537 4164 τηνικαῦτα
3580 4098 3716 4166 ἐπή-

2153 4189 2294 4241 γαγε
2316 4190 2330 4205 ·
2376 4193 2393 4226 ι
2430 4177 2594 4248 Kal!)
2630 4177 2862 4238 κιϐωτὸς
2898 4182 2994 4234 τοῦ
3037 4182 3380 4254 ἀγιάσματός
3413 4203 3530 4240 σου.
3570 4205 3591 4242 ι
3624 4190 3714 4258 Μὴ
3789 4242 3794 4246 ,

2154 4265 2248 4319 οὖν
2283 4267 2613 4335 ἀμφίϐαλλε.
2647 4271 2868 4340 Ἐπειδὴ
2901 4271 3009 4342 γάρ
3036 4273 3104 4326 τὰ
3137 4273 3229 4327 δύο
3250 4275 3359 4328 τῶν
3394 4280 3717 4347 πρωτοπλά·

487 4363 596 4414 tuis
647 4361 818 4416 multo
849 4371 974 4416 ante
1013 4363 1168 4431 quasi
1220 4362 1430 4431 pictura
1467 4362 1698 4431 quadam
1757 4363 2044 4432 expressit.

2156 4376 2294 4412 στων
2322 4359 2549 4428 σώματα
2571 4361 2638 4432 τῇ
2672 4361 2823 4434 λύμῃ
2859 4363 2962 4431 τῆς
2991 4363 3197 4435 φθορᾶς
3237 4355 3477 4420 ὑπέπεσε
3502 4369 3589 4423 διὰ
3617 4371 3718 4442 τὴν

485 4452 700 4505 Etenim
734 4452 785 4505 ni
814 4469 901 4506 res
934 4454 1004 4507 ita
1035 4469 1094 4508 se
1123 4453 1368 4517 haberet,
1404 4469 1512 4507 non
1537 4469 1667 4507 sane
1702 4463 2053 4523 posteaquam

479 4545 732 4598 dixerat:
771 4564 790 4596 ¢
829 4546 1022 4614 Surge,
1051 4545 1297 4606 Domine,
1331 4563 1349 4594 ›
1386 4544 1741 4613 subiecisset:
1779 4563 1798 4593 ι
1838 4545 1900 4598 Ει
1927 4559 2052 4598 arca

478 4635 787 4689 sanctitatis
819 4645 943 4688 tute.
988 4653 1005 4684 ι
1045 4635 1390 4702 Quapropter
1426 4633 1528 4685 hac
1555 4633 1778 4700 quidem
1814 4633 1869 4686 itt
1899 4643 2051 4703 parte

479 4728 714 4793 amplius
747 4726 1002 4778 hwsitare
1037 4725 1172 4778 noli.
1205 4723 1340 4775 Nam
1373 4722 1498 4790 quia
1547 4719 1655 4776 duo
1693 4723 1780 4776 illa
1815 4726 2049 4792 primum

479 4818 728 4868 oittnium
784 4824 1098 4867 creatorum
1162 4813 1448 4866 hominum
1511 4827 1742 4880 corpora
1803 4813 2049 4868 interitui

478 4906 620 4959 facta
654 4913 784 4958 sunt
812 4904 1046 4957 obnoxia
1072 4912 1298 4972 propter
1333 4901 1787 4963 inobedientiam,
1816 4903 2051 4972 indeque

477 5012 642 5064 porro
675 4998 1033 5050 subsecutum
1063 4997 1232 5059 aliud,
1278 4997 1537 5051 nimirum
1575 5007 1633 5050 ut
1672 4997 1873 5052 malum
1900 5001 2051 5070 ejus-

411 5133 422 5140 ρ
479 5089 624 5143 modi
679 5089 844 5143 latins
877 5105 1106 5158 serpens
1137 5092 1189 5144 in
1225 5091 1537 5145 universam
1570 5101 1821 5144 naturant
1855 5091 2052 5146 huma-

485 5197 612 5235 nam
666 5196 785 5236 sese
839 5181 1073 5246 dideret,
1112 5183 1320 5237 idcirco
1355 5198 1501 5236 nunc
1555 5198 1773 5253 quoque
1813 5185 2048 5253 primum

478 5276 723 5327 omnium
757 5273 865 5328 duo
902 5289 1128 5340 corpora
1157 5290 1391 5330 excusso
1423 5275 1785 5346 depositoque
1825 5276 2049 5331 interitu

477 5365 623 5422 facta
679 5376 808 5420 sunt
857 5366 1109 5441 primitia:
1140 5367 1296 5434 quasi
1332 5367 1576 5434 quaedam
1610 5367 1730 5435 ejus
1768 5367 2052 5422 immorta-

474 5457 666 5522 litatis,
729 5474 890 5530 quant
927 5474 1024 5529 spe
1062 5469 1213 5514 certa
1266 5457 1424 5513 nobis
1462 5459 1804 5528 pollicemur.
1868 5461 2047 5530 Atque

547 5609 594 5640 ⁷⁵
621 5612 762 5665 Psal.
804 5627 984 5676 cxxxt,
1019 5611 1072 5666 8.

545 5727 658 5793 (60)
727 5729 838 5795 11ρύ
848 5751 876 5795 ς

2153 4452 2489 4524 παράϐασιν,
2548 4454 2842 4507 κάντεῦθεν
2875 4455 2937 4507 τὸ
2980 4455 3223 4516 τοιοῦτον
3255 4458 3499 4528 ὑφέρπον
3547 4463 3718 4516 κακὸν

2150 4543 2464 4613 διαδόσιμον
2481 4544 2566 4612 ἐφ’
2593 4545 2740 4598 ἀπαν
2765 4546 2958 4614 γέγονε
2987 4547 3046 4600 τὸ
3071 4547 3166 4601 ἀνθ
3177 4549 3430 4617 ρώπινον,
3457 4551 3546 4603 διά
3561 4552 3719 4604 τοῦτο

2149 4633 2246 4686 καὶ
2271 4633 2366 4686 νῦν
2393 4635 2625 4703 πρώτως
2652 4635 2746 4688 δύο
2770 4637 2999 4706 σώματα
3027 4639 3470 4709 ἀποτιναξάμενα
3499 4641 3721 4712 ἀπαρχὴ

2147 4729 2260 4788 τοῖς
2287 4725 2671 4796 ἐλπιζομένοις
2709 4728 3020 4800 ἀφθαρσίας
3053 4733 3328 4798 γεγόνασι.
3351 4734 3474 4786 Καὶ
3507 4734 3582 4802 μὴ
3615 4733 3718 4803 μῦ-

2155 4816 2247 4870 θον
2285 4817 2421 4886 ἡγοῦ
2457 4817 2529 4870 τά
2557 4818 2854 4888 λεγόμενα.
2879 4821 3025 4902 Ὅρα
3068 4821 3175 4893 γὰρ
3209 4822 3477 4893 νουνεχῶς
3509 4823 3595 4875 ὅτι
3627 4826 3721 4876 καὶ

2152 4912 2181 4961 ὁ
2205 4911 2262 4962 ἐν
2289 4911 2657 4980 πατριάρχαις
2691 4911 2996 4979 ἁγιώτατος
3027 4914 3305 4984 Γερμανὸς
3333 4918 3431 4979 τάς
3463 4917 3720 4986 ἀφορμὰς

2155 5000 2361 5052 ἐκεῖθεν
2399 4999 2580 5054 λαϐὼν
2628 5004 2685 5054 ἐν
2715 5002 2792 5069 τῷ
2825 5003 2905 5064 είς
2943 5003 3041 5072 τὴν
3074 5003 3330 5074 κοίμησιν
3365 5005 3506 5075 λόγῳ
3553 5005 3721 5058 αὐτοῦ

2157 5093 2251 5145 καὶ
2305 5094 2431 5147 τάδε
2490 5093 2632 5147 κατά
2685 5095 2834 5163 ῥῆμα
2894 5093 3169 5161 διέξεισιν,
3215 5096 3298 5148 ὅτι
3344 5113 3364 5147 c
3403 5097 3477 5166 Ζῇ
3541 5113 3633 5148 σου
3664 5097 3724 5147 τὸ

2156 5183 2374 5252 πνεῦμα
2433 5183 2519 5236 διὰ
2548 5183 2770 5248 παντὸς,
2806 5185 2898 5238 καὶ
2931 5188 2962 5255 ἡ
2988 5185 3126 5256 σάρξ
3157 5202 3250 5238 σου
3292 5185 3592 5257 διαφθοράν
3622 5185 3723 5253 οὐχ

2158 5275 2416 5343 ὑπέμεινε
2454 5276 2648 5344 τάφου.
2679 5277 2858 5329 Πάντα
2886 5262 3214 5348 ἐπισκέπτῃ,
3247 5277 3343 5330 καὶ
3370 5278 3404 5346 ἡ
3446 5277 3720 5346 ἐπισκοπή

2158 5384 2252 5420 σου
2284 5368 2417 5437 πρ¹ς
2448 5369 2646 5432 πάντα,
2679 5365 2819 5418 ὥστε
2850 5365 2951 5421 κᾶν
2992 5368 3040 5420 oi
3091 5366 3365 5436 ὀφθαλμοὶ⁵
3418 5366 3576 5435 ἡμῶν
3633 5383 3725 5419 κε-

2157 5462 2457 5531 κράτηνται
2517 5460 2590 5530 μὴ
2641 5460 2861 5530 βλέπειν
2913 5475 2995 5524 σε,
3047 5457 3182 5511 ἀλλά
3219 5459 3285 5511 σὺ
3341 5457 3582 5525 παναγία
3611 5458 3724 5522 tri;

947 5729 1198 5794 τούτους
1255 5728 1340 5781 δὲ.
1376 5767 1388 5782 .
1423 5769 1434 5782 .
1475 5772 1483 5780 .
1527 5769 1538 5782 .
1579 5729 1915 5794 Διονύσιος.
1970 5727 2040 5783 Ex
2087 5729 2159 5782 νᾳ
