4110 6194
348 270 444 331 441

1597 264 1997 324 ΑΝΝΛΙᾸΠΜ
2038 264 2233 325 PARS
2273 266 2385 326 ῙΠ.

3494 267 3605 334 ΗΞ
3664 330 3667 333 .

355 387 527 448 ἀξίοις
570 379 771 449 ἑαυτὴν
820 374 1170 446 ἐμφανίζεις⁶
1214 377 1246 445 ἡ
1281 376 1386 446 γὰρ
1428 374 1569 444 σὰρξ
1615 374 1715 425 οὐκ
1754 374 1926 442 ἐμπο-

2037 374 2149 428 ίιωο
2196 390 2334 442 quae.
2372 373 2606 428 dicimus
2661 387 2793 427 eave
2844 386 2942 442 pro
2973 373 3152 429 fabula
3186 373 3431 430 duxeris.
3466 378 3603 434 Nam
3628 392 3652 415 δ

348 476 480 538 δίζει
510 475 576 541 τῇ
607 469 837 537 δυνάμει
868 468 961 520 καὶ
994 466 1247 535 ἐνεργείᾳ
1268 465 1358 517 τοῦ
1395 463 1706 533 πνεύματός
1746 478 1862 517 σου.
1902 478 1921 511 ι

351 566 460 615 Καὶ
494 560 651 622 αὖθις
675 570 689 590 "
727 578 744 609 Ι
782 558 855 609 Τὸ
898 556 998 624 μὲν
1032 554 1194 623 σῶμά
1224 571 1317 607 σου
1352 551 1767 621 τὸ.παροενικὸν
1805 550 1925 601 ὃλον

352 655 506 721 ἅγιόν
535 655 701 715 ἐστιν,
734 648 965 714 ἀλλαγὲν
994 647 1091 715 μὲν
1118 646 1193 708 ὡς
1223 646 1562 714 ἀνθρώπινον
1595 642 1730 712 πρὸς
1754 640 1929 708 ἄκραν

347 742 660 814 ἀφθαρσίαν
718 740 886 808 ζωῆς,
924 736 1061 789 σῶον
1114 736 1170 787 δὲ
1234 738 1262 787 6
1309 734 1469 787 τοῦτο
1526 733 1788 796 ζωοτελὲς
1834 736 1930 786 καὶ

355 837 659 905 ἀκοίμητον
720 833 793 892 ὡς
850 830 1044 890 σκεῦος
1088 828 1336 897 ὑπάρχον
1382 825 1644 894 θεοδόχον.
1690 828 1928 897 Ἐρρἐτω

347 929 542 996 τάφος,
598 923 810 995 ἐρρέτω
845 921 972 991 χοῦς
1020 919 1119 972 ἐπὶ
1148 919 1253 982 σοὶ,
1295 918 1545 971 Θεοτόκε.
1581 937 1597 967 ι
1638 918 1779 987 Πρὸς
1808 918 1929 971 τού-

350 1036 463 1081 ττιις
487 1018 544 1069 δὲ
577 1018 604 1068 6
632 1013 936 1082 ἁγιώτατος
975 1011 1229 1079 ’Λνδρέας
1260 1010 1287 1060 6
1326 1010 1552 1077 Κρήτης
1595 1010 1766 1077 αὐτὴν
1799 1009 1930 1060 ταῦ-

349 1128 450 1177 την
504 1108 713 1174 εἰσάγει
770 1106 1032 1171 λέγουσαν
1061 1102 1142 1153 ὅτι
1174 1102 1251 1169 Τῇ
1302 1101 1400 1169 μὲν
1453 1101 1600 1168 ψυχῇ
1633 1099 1931 1166 μεγαλύνω

352 1201 443 1251 τὸν
474 1200 676 1267 Κύριον
702 1197 797 1249 καὶ
828 1194 1175 1262 ἁγαλλιῶμαι
1193 1190 1269 1259 τῷ
1295 1190 1593 1259 πνεύματι,
1621 1189 1698 1258 τῷ
1723 1189 1932 1257 σώματι

352 1290 412 1342 δὲ
444 1288 883 1359 μεταλλάττομαι
908 1285 1001 1338 καὶ
1029 1283 1343 1353 μορφοῦμαι
1366 1281 1464 1350 τὴν
1499 1280 1556 1332 ὲν
1587 1279 1771 1349 χάριτι
1796 1280 1931 1331 θέω-

352 1399 455 1433 σιν.
497 1381 605 1434 Kal
631 1378 800 1431 ταῦτα
838 1377 937 1445 μὲν
968 1378 1025 1437 ἐς
1059 1372 1331 1427 τοσοῦτον.

2032 479 2163 519 ecce
2213 464 2594 518 sanctissimus
2634 464 2725 517 ille
2762 464 3075 532 patriarcha
3118 465 3425 523 Germanus
3471 468 3605 524 hinc

2029 553 2319 607 occasione
2349 561 2602 625 sumpta,
2645 552 2725 605 sic
2755 551 2820 604 ad
2854 552 3081 605 verbum
3114 552 3168 604 in
3211 555 3463 609 oratione
3503 574 3600 610 sua

1976 684 1985 699 .
2026 643 2094 697 de
2124 642 2533 697 obdormitionc
2559 643 2798 711 Virginis
2832 644 3112 711 loquitur:
3156 662 3173 694 ι
3210 644 3439 713 Semper
3469 648 3604 700 vivit

2026 734 2255 803 spiritus
2303 742 2452 794 tuus.
2503 743 2558 789 et
2598 749 2727 786 caro
2759 744 2849 787 tua
2881 735 3243 802 sepulcraletn
3296 739 3605 806 corruptio-

2026 844 2151 883 nem
2182 844 2290 882 non
2317 838 2399 882 est
2430 836 2672 897 experta.
2711 827 2904 880 Omnia
2942 828 3198 890 intueris,
3250 840 3301 882 et
3336 830 3602 897 inspectio

2026 930 2118 974 tua
2149 936 2341 974 versus
2374 930 2572 973 cuncta
2625 918 2901 985 dirigitur.
2962 917 3083 981 Quo
3141 918 3199 969 fit
3248 929 3307 973 ut
3351 922 3603 987 quamvis

2030 1009 2173 1063 oculi
2230 1008 2404 1062 nostri
2464 1008 2870 1076 praepediantur
2924 1006 3221 1073 quominus
3263 1017 3313 1061 te
3350 1017 3600 1068 cernant,

2032 1106 2087 1151 tu
2131 1106 2340 1160 tamen,
2378 1096 2539 1164 Virgo
2591 1095 2941 1149 sanctissima
2970 1134 2984 1157 ,
3039 1094 3221 1161 dignis
3255 1108 3422 1148 temet
3472 1111 3605 1150 con-

2028 1186 2369 1253 Spiciendam
2403 1186 2668 1253 praebeas.
2728 1184 2862 1237 Nam
2917 1199 3045 1236 caro
3080 1184 3130 1236 vi
3183 1194 3238 1237 et
3296 1183 3602 1238 cllicacitati

2032 1276 2258 1345 spiritus
2294 1276 2368 1328 tui
2397 1276 2589 1343 nequit
2621 1274 2841 1329 officere
2871 1275 2954 1328 vel
2984 1274 3378 1343 impedimento
3407 1291 3550 1328 esse.
3582 1295 3600 1326 ι

2033 1369 2109 1420 Ac
2137 1382 2355 1421 rursum
2383 1384 2395 1417 :
2427 1385 2442 1415 ι
2476 1366 2688 1434 Corpus
2721 1373 2870 1417 tuum
2896 1366 3199 1434 virgineum
3228 1366 3452 1419 omnino
3480 1381 3605 1419 san-

351 1486 499 1529 ctum
526 1484 632 1534 est,
667 1483 720 1528 et
748 1473 1049 1526 humanum
1077 1468 1323 1537 quidem,
1356 1466 1449 1519 scd
1492 1465 1635 1534 quod
1683 1463 1750 1518 ad
1812 1476 2084 1517 summam
2128 1459 2560 1514 immortalitatis
2633 1459 2797 1512 vitam
2866 1461 3180 1527 pervenerit
3221 1459 3468 1526 adeoque
3526 1460 3611 1514 in-

351 1579 565 1635 tegrum
602 1566 673 1619 sit
703 1574 759 1618 et
820 1562 1073 1617 absolute
1106 1560 1285 1613 vivum
1319 1567 1376 1615 ct
1406 1556 1795 1612 obdormitioni
1832 1570 1941 1609 non
1980 1553 2301 1617 obnoxium,
2342 1550 2542 1620 quippe
2574 1550 2716 1618 quod
2761 1557 2851 1603 vas
2903 1551 2994 1605 Dei
3062 1566 3233 1620 capax
3282 1550 3467 1604 fuerit.
3504 1551 3610 1606 Va-

349 1662 480 1721 leat,
510 1669 562 1713 te
589 1659 735 1729 quod
768 1658 987 1718 attinet.
1040 1654 1391 1722 sepulcrum;
1428 1652 1605 1706 valeat
1643 1650 1842 1719 pulvis,
1888 1664 1921 1703 ο
1964 1649 2212 1716 Deipara.
2255 1666 2272 1697 ι
2315 1646 2458 1711 Quin
2494 1646 2663 1699 etiam
2730 1645 3113 1700 sanctissimus
3177 1646 3267 1700 ille
3333 1645 3611 1701 Cretensis

352 1752 549 1821 pracsul
584 1750 831 1804 Andreas
867 1748 921 1801 in
960 1746 1107 1800 hunc
1133 1745 1356 1799 modum
1400 1742 1573 1811 ipsam
1640 1742 1955 1808 loquentem
1997 1735 2333 1790 introducit:
2401 1754 2419 1784 ι
2463 1734 2657 1787 Animo
2697 1734 2919 1803 quidem
2972 1734 3258 1803 magniﬁce
3309 1737 3604 1790 Dominum

351 1843 571 1899 celebro
622 1849 676 1895 et
750 1839 944 1908 spiritu
993 1836 1243 1895 exsulto,
1316 1846 1546 1901 corpore
1598 1846 1728 1884 vero
1768 1830 2031 1883 immutor
2070 1836 2125 1881 et
2174 1825 2237 1879 ad
2300 1824 2639 1877 divinitatem
2668 1839 2733 1877 ex
2782 1825 2954 1894 gratia
3004 1826 3304 1893 profectam
3348 1827 3612 1881 transfor-

356 1955 493 1994 mor.
536 1955 554 1986 ι
598 1935 674 1989 Ac
708 1933 775 1988 de
806 1933 891 1987 his
918 1932 1138 2000 quidem
1173 1930 1457 1984 hactenus.
2592 1984 2595 1987 ἢ
3281 1926 3295 1938 ο

426 2033 580 2087 Μετὰ
615 2033 672 2084 δὲ
727 2028 1042 2096 Αὖγοιστον
1078 2026 1190 2097 (61)
1230 2026 1492 2094 Καίσαρα
1539 2024 1733 2091 κρατεῖ
1766 2020 1926 2074 Τιϐέ-

2102 2015 2229 2067 Post
2263 2013 2570 2081 Augustum
2622 2025 2753 2064 vero
2795 2008 3065 2065 Caesarem
3115 2008 3372 2065 Tiberius
3432 2012 3609 2079 ipsius

358 2142 469 2194 pto;
497 2126 525 2176 6
554 2124 666 2185 υίὸς
693 2119 858 2174 αὐτοῦ
890 2120 983 2188 ἔτη
1023 2124 1130 2185 κγ’.
1164 2116 1333 2177 Οὗτος
1367 2115 1560 2177 κτίσας
1592 2113 1745 2166 πόλιν
1780 2111 1932 2179 παρὰ

353 2221 419 2287 τῇ
486 2214 653 2284 λίμνῃ
713 2210 1015 2279 Τιϐεριάδα
1076 2209 1283 2275 ταύτην
1338 2205 1646 2272 ὠνόμασεν.
1694 2202 1809 2270 Ἐφ’
1869 2195 1929 2253 οὗ

357 2309 580 2376 σεισμὸς
614 2304 855 2373 γεγονὼς
886 2301 916 2355 ι’
944 2304 1039 2355 καὶ
1070 2307 1117 2369 γ’
1154 2300 1338 2360 πόλεις
1370 2300 1701 2368 κατέχωσεν,
1744 2296 1802 2347 Ὀ
1837 2293 1929 2347 Τι-

356 2399 535 2469 ϐέριος
570 2392 724 2459 οὗτος
758 2397 886 2457 τοὺς
915 2394 1103 2465 βαρεῖς
1138 2392 1232 2445 καὶ
1262 2390 1471 2453 δεινοὺς
1498 2388 1826 2458 φορολόγους
1850 2386 1932 2438 αί-

357 2492 529 2552 κ;ζων
576 2489 764 2559 δεινῶς
813 2486 967 2553 ἔλεγε
996 2500 1009 2515 ·
1059 2503 1077 2535 ι
1122 2480 1648 2551 Κειρέσθωσανομὲν
1691 2478 1760 2530 τὰ
1794 2477 1934 2546 πρό·

356 2580 517 2643 ὁατα,
553 2578 690 2649 πλὴν
721 2579 782 2631 οὐ
826 2578 1021 2647 μέχρις
1055 2575 1223 2643 αὐτῆς
1264 2572 1633 2642 ἐπιδερμίδος.
1680 2586 1697 2620 ι
1744 2567 1859 2637 Ἐφ’
1888 2559 1932 2633 ᾧ

359 2676 455 2727 καὶ
482 2672 610 2733 τοὺς
639 2674 719 2732 εἰς
747 2668 901 2734 ἀξίαν
933 2666 1063 2736 παρ’
1094 2662 1259 2720 αὐτοῦ
1295 2660 1709 2732 προαγομένους
1732 2658 1930 2711 ϐἄττον

356 2765 456 2818 οὐκ
494 2762 743 2833 ἤμειϐεν.
762 2758 1085 2829 Ἐρωτηθεὶς
1131 2754 1247 2818 πῶς
1273 2754 1429 2805 τοῦτο
1460 2752 1626 2815 ποιεῖ,
1675 2750 1806 2819 ἔφη,
1831 2748 1933 2800 Διὰ

356 2858 457 2926 τὴν
492 2856 601 2908 τῶν
638 2850 928 2920 ἀγομένων
955 2848 1285 2903 ἀνάπαυσιν.
1305 2844 1431 2897 Ἐπὶ
1459 2842 1673 2904 τούτοις
1701 2840 1746 2893 δ’
1767 2841 1932 2908 ἔφερε

357 2947 456 2999 καὶ
510 2944 883 3014 παράδειγμα.
916 2938 1275 3007 Τραυματίας
1331 2952 1413 2996 τις
1482 2932 1679 2991 ἔκειτο,
1719 2929 1812 2983 καὶ
1867 2927 1934 2980 τὰ

359 3038 491 3106 ἕλκη
536 3034 701 3089 αὑτοῦ
740 3032 941 3100 πλῆθος
972 3028 1147 3099 μυιῶν
1192 3025 1543 3095 ἀνιμώμενον
1587 3018 1677 3092 ἦν.
1712 3018 1933 3088 Παριὼν

356 3128 413 3180 δέ
466 3125 552 3187 τις
593 3122 870 3193 ἐπεχείρει
923 3119 1123 3181 ταύτας
1171 3115 1486 3169 ἀποσοϐεῖν.
1531 3114 1590 3165 Ὀ
1633 3112 1691 3164 δὲ
1738 3106 1930 3161 εἶπενο

364 3221 535 3285 Ἀφες
572 3216 761 3275 αὑτάς.
793 3211 1152 3283 Κορεσθεῐσαι
1193 3209 1300 3277 γὰρ
1331 3206 1395 3258 ὀὐ
1443 3203 1699 3257 τοσοῦτον
1741 3198 1935 3262 ὀδύνας

364 3327 455 3379 μοι
482 3308 834 3377 παρέχουσιν.
882 3303 1007 3355 Ἐὰν
1040 3301 1269 3354 ἔλθωσιν
1324 3298 1480 3351 ἄλλαι
1534 3295 1930 3365 λιμώττουσαι,

2033 2106 2176 2159 ﬁlius
2208 2106 2364 2158 annis
2386 2105 2457 2158 25
2486 2103 2716 2171 imperio
2743 2101 2984 2170 praefuit.
3036 2102 3137 2156 Hic
3157 2103 3223 2155 ad
3256 2103 3434 2157 lacum
3473 2107 3607 2160 urbe

2031 2198 2249 2251 condita
2288 2190 2638 2249 Tiberiadem
2688 2193 3017 2261 appellavit.
3072 2193 3279 2247 Eodem
3343 2205 3610 2265 regnante

2033 2297 2192 2343 terrae
2230 2295 2407 2341 motus
2436 2286 2667 2348 exstitit,
2695 2284 2788 2352 qui
2821 2284 2986 2338 urbes
3011 2284 3275 2339 tredecim
3309 2286 3608 2341 subvertit.

2032 2377 2257 2432 Solebat
2285 2376 2541 2429 Tiberius
2568 2388 2760 2444 graves
2792 2374 3029 2430 subditis
3064 2384 3137 2428 ‘et
3171 2385 3388 2430 atroces
3429 2377 3614 2446 publi-

2032 2486 2222 2526 eorum
2277 2468 2627 2538 vectigalium
2667 2475 2952 2521 exactores
2997 2476 3157 2521 acute
3206 2468 3389 2521 verbis
3414 2468 3615 2538 hujus-

2033 2562 2180 2616 modi
2268 2574 2534 2630 pungere.
2595 2558 2899 2612 tondendas
2931 2556 3151 2625 quidem
3199 2572 3319 2611 esse
3349 2559 3610 2627 pecudes,

2034 2664 2091 2708 at
2116 2669 2223 2708 non
2267 2650 2669 2720 deglubendas.
2708 2650 2912 2703 Eadem
2945 2649 3012 2702 de
3056 2662 3217 2701 causa
3251 2648 3296 2701 si
3350 2665 3489 2715 quos
3544 2650 3613 2703 ad

2034 2744 2448 2811 magistratuum
2479 2740 2771 2809 dignitates
2800 2746 3142 2807 provexerat,
3173 2752 3283 2791 non
3336 2737 3448 2791 cito
3481 2737 3616 2790 sub.

2036 2844 2213 2888 motos
2244 2849 2369 2887 cum
2407 2832 2530 2884 aliis
2567 2828 2960 2884 commutabat.
2994 2828 3245 2897 Cumque
3297 2830 3607 2898 interroga-

2039 2935 2125 2980 tus
2172 2933 2318 2978 esset
2351 2922 2708 2991 quamobrem
2744 2919 2887 2972 istuc
2920 2919 3149 2979 faceret,
3209 2928 3437 2987 propter
3476 2920 3611 2972 sub-

2038 3010 2516 3079 ditorum,inquit,
2547 3008 2891 3062 commodum
2916 3017 2965 3059 et
3000 3007 3418 3060 recreationem.
3453 3004 3617 3076 234

2038 3102 2212 3157 Simul
2260 3116 2375 3154 rem
2406 3098 2656 3167 exemplo
2704 3095 3039 3151 declarabat.
3100 3094 3357 3159 Quida‘m,
3408 3095 3612 3162 inquit,

2037 3194 2325 3251 confectus
2348 3191 2693 3254 vulneribus,
2723 3187 2881 3240 humi
2905 3186 3141 3253 iacebat,
3177 3186 3404 3256 ejusque
3432 3185 3615 3238 ulcera

2039 3282 2231 3356 ingens
2272 3296 2582 3337 muscarum
2630 3279 2925 3332 multitudo
2974 3278 3223 3347 sugebat.
3287 3276 3617 3329 Praeterieris

363 3365 575 3470 σφόδρα.
709 3394 1094 3466 ὲπιπλήξουσι.
1138 3411 1156 3443 ι
1194 3392 1426 3459 Λέγκαι
1455 3390 1511 3442 δὲ
1551 3388 1634 3441 ὅτι
1672 3386 1808 3454 μετὰ
1839 3386 1936 3453 τὴν

2040 3392 2171 3432 vero
2201 3374 2340 3429 alius
2362 3387 2455 3427 eas
2494 3371 2718 3440 abigere
2750 3370 3049 3424 nitebatur.
3086 3369 3226 3422 Tum
3266 3367 3397 3421 ille:
3433 3386 3450 3418 ι
3486 3366 3617 3420 Mis-

360 3491 631 3559 ἀνάληψιν
678 3484 1050 3553 τοῦνΧριστοῦ
1081 3486 1116 3555 ἡ
1168 3481 1501 3550 Μαγδαληνὴ
1538 3479 1720 3549 Μαρία
1774 3478 1937 3547 μέχρι

363 3584 460 3638 καὶ
502 3581 721 3651 Ῥώμης
751 3580 958 3649 τρέχει,
990 3576 1158 3629 πολλὰ
1188 3574 1512 3628 καταϐοῶτα
1551 3572 1655 3624 τῶν
1701 3585 1936 3637 παρηνο-

367 3673 623 3744 μηκὸτων
657 3673 736 3731 είς
760 3670 918 3723 αὐτὸν
948 3670 1041 3720 τὸν
1081 3667 1337 3737 Χριστόν.
1372 3662 1639 3717 Τοσοῦτον
1687 3661 1743 3712 δὲ
1782 3659 1940 3711 Τιϐέ-

366 3781 480 3835 ριος
532 3762 621 3814 τὸν
676 3761 845 3830 Θυμὺν
897 3757 1101 3828 ἀνῆψεν
1130 3758 1271 3823 ὥστε
1321 3756 1539 3821 Θανάτῳ
1574 3748 1938 3803 καταδικάσαι

362 3860 489 3918 τοὺς
531 3856 696 3924 ἱερεῖς
739 3852 832 3906 καὶ
867 3851 1219 3920 γραμματεῖς
1264 3850 1360 3900 σὺν
1393 3844 1542 3913 αὑτῴ
1574 3841 1652 3911 τῷ
1695 3839 1935 3908 (meum,

364 3951 415 4002 εί
448 3948 539 4001 καί
566 3961 713 4007 τινες
760 3942 938 4012 ἕτεροι
967 3940 1265 4010 αὐτόχειρα
1310 3938 1531 4004 λέγουσι
1560 3935 1653 3986 τὸν
1704 3929 1935 3982 Πιλᾶτον

363 4041 561 4093 ἑαυτοῦ
588 4036 863 4106 γενέσθαι.

2038 3485 2145 3534 sas,
2188 3467 2285 3532 ait,
2338 3465 2436 3519 has
2467 3463 2683 3537 facito.
2716 3463 2852 3516 Nam
2916 3461 3127 3516 satiatae
3174 3474 3299 3514 cum
3336 3459 3465 3521 sint,
3501 3473 3619 3511 ma-

2036 3575 2142 3629 gno
2177 3573 2266 3612 me
2301 3556 2488 3610 dolore
2517 3569 2626 3607 non
2658 3552 2919 3605 afﬁciunt.
2975 3552 3045 3606 At
3086 3550 3132 3606 si
3180 3550 3301 3604 aliae
3350 3550 3610 3603 advolent

2036 3650 2383 3712 esurientes,
2442 3662 2528 3699 me
2576 3645 2773 3699 diriter
2813 3642 3106 3713 pungendo
3152 3641 3608 3696 excruciabunt.»

2041 3740 2312 3795 Craterum
2376 3736 2631 3791 nonnulli
2675 3736 2969 3805 perhibent
3005 3745 3130 3804 post
3186 3733 3620 3803 assumptionem

2042 3832 2243 3887 Christi
2284 3830 2507 3885 Mariam
2560 3830 2709 3882 illam
2750 3826 3120 3896 llagdalenam
3158 3827 3385 3881 Romam
3421 3840 3620 3894 perve-

2040 3922 2211 3983 nisse,
2258 3920 2606 3988 graviterque
2658 3933 2947 3971 accusasse
3000 3931 3214 3980 omnes,
3249 3926 3521 3983 quotquot
3568 3917 3621 3969 in

2040 4013 2323 4068 Christum
2379 4011 2747 4079 deliquerant.
2784 4010 2963 4075 Usque
3000 4008 3137 4061 adeo
3172 4007 3321 4061 illam
3378 4006 3619 4073 denique

366 4134 575 4191 Tiberii
629 4132 871 4185 animum
924 4129 1277 4190 accendisse,
1316 4135 1374 4179 ut
1408 4131 1465 4178 et
1512 4117 1829 4174 sacerdotes
1880 4124 1935 4167 et
1969 4110 2179 4167 scribas
2206 4118 2262 4163 et
2316 4108 2494 4176 ipsum
2567 4118 2787 4174 quoque
2817 4103 3074 4156 'Pilatum
3141 4102 3341 4171 capitis
3392 4101 3621 4155 damna—

368 4235 472 4280 ret.
507 4224 648 4279 Sunt
685 4234 861 4277 tamen
891 4221 981 4275 alii
1014 4221 1107 4290 qui
1142 4220 1373 4274 Pilatum
1429 4215 1652 4269 sibimet
1692 4209 1794 4280 ipsi
1826 4219 2021 4260 manus
2055 4202 2303 4257 attulisse
2338 4203 2803 4253 commemorant.

438 4320 592 4374 Μετὰ
620 4320 807 4372 τοῦτον
831 4321 1020 4388 κρατεῖ
1045 4318 1197 4378 Γάϊος
1224 4315 1316 4382 ἐτη
1347 4311 1409 4367 δ’.
1437 4304 1606 4372 Οὗτος
1641 4304 1938 4375 πάμπολλα

367 4409 519 4462 δεινὰ
561 4410 796 4477 ποιήσας
844 4409 1151 4474 ἀναιρεῖται
1208 4405 1312 4456 ὑπὸ
1363 4399 1715 4469 στρατιωτῶν
1760 4398 1818 4447 ὲν
1861 4393 1940 4462 τῷ

369 4500 581 4569 λουτρῷ
602 4514 616 4530 ⁸
639 4500 700 4551 οὐ
741 4499 848 4568 γὰρ
890 4498 1087 4566 ἔφερον
1118 4495 1276 4549 αὑτὸν
1303 4496 1436 4565 ὀρᾷν
1460 4494 1556 4562 τὴν
1598 4491 1735 4543 ἰδίαν
1770 4489 1941 4555 Ουγα-

368 4594 504 4658 τέρα
552 4592 899 4660 προσάγοντα
949 4588 1025 4658 τῷ
1065 4588 1268 4657 εἰδώλῳ
1314 4584 1502 4649 αὑτοῦ,
1536 4584 1632 4635 καὶ
1678 4582 1937 4647 λέγονταο

377 4701 397 4733 ι
431 4684 502 4734 Σ)
549 4682 753 4751 ταύτης
794 4679 996 4750 πατὴρ,
1048 4681 1143 4731 καὶ
1192 4680 1254 4731 σὺ
1292 4678 1493 4745 ταύτην
1519 4675 1875 4742 γεγέννηκας.
1920 4687 1938 4719 ι

373 4768 542 4835 Οὗτος
603 4776 632 4826 6
684 4773 847 4835 Γάϊος
899 4769 1197 4833 ὁλονὺκτως
1242 4767 1495 4821 κυΰεύειν
1531 4764 1740 4837 ἤθελεν.
1780 4760 1944 4814 Ὅθεν

371 4867 467 4919 ἐπὶ
494 4866 671 4936 τούτῳ
695 4863 1048 4935 δυσθυμήσας
1070 4863 1098 4915 6
1128 4861 1399 4931 βασιλεὺς,
1434 4860 1525 4911 ὲπί
1556 4855 1806 4910 τοσοῦτον
1838 4853 1944 4921 γὰρ

373 4958 737 5022 ἐξεκεκένωτο
765 4958 823 5010 τὸ
854 4956 1078 5026 χρυσίον
1127 4953 1293 5019 ἅπαν,
1324 4950 1463 5003 ὥστε
1487 4951 1577 5002 καί
1610 4954 1698 5002 τὸν
1734 4946 1942 5011 θησαυ-

375 5051 659 5121 ροφύλακα
690 5049 1064 5119 δυσθυμοῦντα
1089 5046 1229 5117 ὁρῶν
1260 5047 1385 5107 τοὺς
1421 5042 1753 5108 ὁπουδήποτε
1785 5038 1948 5089 πλιυ-

450 5233 565 5303 (6i)
590 5234 894 5301 Antequam
931 5232 995 5285 ad
1019 5229 1305 5303 sequentia
1337 5224 1677 5303 progrediar,
1706 5233 1939 5303 monenj

378 5292 483 5358 dos
516 5292 639 5358 esse
693 5292 925 5356 lectores
973 5292 1251 5364 existimo,
1296 5292 1350 5351 in
1399 5292 1647 5365 pluribus
1696 5292 1952 5346 aberrare

375 5372 599 5443 Glyeam
629 5380 898 5443 nostrum,
924 5387 1043 5440 qua:
1092 5370 1466 5443 adgllomanos
1490 5367 1857 5443 imperatores
1891 5372 1956 5410 ac

376 5434 1021 5511 Co'nstantittopolitatios
1050 5440 1331 5511 pertinent
1366 5453 1380 5489 :
1422 5449 1542 5505 quae
1579 5436 1623 5486 si
1659 5434 1726 5485 ad
1757 5443 1952 5511 amus-

378 5514 482 5566 sim
508 5522 669 5581 atque
698 5499 929 5566 examen
964 5499 1408 5577 chronologieutn
1443 5499 1707 5581 revocare
1754 5499 1955 5553 voluis-

379 5598 524 5644 sem,
579 5578 759 5651 plures
809 5582 1036 5650 implere
1075 5580 1298 5651 paginas
1352 5586 1405 5629 tt
1456 5578 1652 5651 ingens
1712 5581 1958 5651 notarum

382 5640 639 5706 volumen
704 5640 1097 5706 consarcinure
1143 5640 1279 5704 inihi
1343 5662 1481 5713 opus
1522 5640 1750 5697 luisset.
1818 5640 1954 5692 Cum

2120 4300 2251 4353 Post
2269 4293 2547 4349 Tiberium
2577 4290 2744 4345 Caius
2775 4286 3008 4357 imperio
3032 4286 3064 4339 4
3086 4301 3259 4340 annos
3285 4286 3491 4355 potitus
3517 4273 3621 4338 est.

2047 4392 2098 4449 ls
2124 4406 2249 4446 cum
2286 4388 2455 4442 multa
2488 4380 2786 4440 crudeliter
2828 4380 3123 4433 admodum
3176 4378 3539 4447 designasset,
3595 4392 3624 4429 a

2049 4480 2317 4537 militibus
2344 4478 2399 4530 in
2440 4474 2633 4528 balneo
2660 4478 2883 4524 necatus
2906 4478 3008 4522 est.
3048 4467 3181 4520 Nam
3214 4470 3442 4520 moleste
3484 4466 3626 4518 ferc-

2000 4626 2017 4640 ,,
2049 4575 2198 4637 bant,
2227 4569 2370 4640 quod
2406 4582 2531 4621 cum
2559 4564 2824 4617 vidissent
2857 4559 3133 4629 propriam
3161 4558 3324 4610 tiliam
3364 4558 3430 4610 ad
3458 4558 3629 4640 simu:-

2047 4652 2257 4721 lacrum
2280 4659 2712 4731 quoddam'cum
2744 4652 3060 4725 hujusmodi
3089 4648 3273 4704 verbis
3310 4649 3624 4703 adducere:

2057 4779 2075 4811 ι
2103 4758 2183 4812 Tu
2224 4765 2376 4825 pater
2408 4752 2570 4820 hujus
2608 4764 2687 4811 es.
2734 4756 2787 4800 tu
2845 4749 2984 4799 hanc
3033 4742 3353 4814 procreasti.
3412 4760 3431 4791 ι
3474 4742 3626 4794 Sule~

2050 4849 2145 4902 bat
2193 4846 2355 4900 Caius
2413 4851 2553 4896 totas
2607 4846 2794 4893 noctes
2826 4837 2955 4889 aleae
2989 4837 3111 4889 lusu
3150 4834 3473 4902 transigere.
3508 4830 3623 4896 Qua

2054 4937 2434 5010 prodigalitale
2466 4934 2665 4985 factum
2694 4943 2780 4984 est
2811 4940 2869 4982 ut
2901 4928 3120 4981 tandem
3155 4941 3323 4995 egens
3366 4939 3621 4992 magnum

2055 5033 2108 5086 in
2159 5042 2449 5083 mwrorem
2500 5022 2787 5077 incideret.
2848 5019 2978 5072 Nam
3033 5033 3257 5088 prorsus
3299 5017 3624 5071 exhausuim

2048 5213 2253 5283 aliquid
2311 5202 2838 5283 dubii_oecurrerit,
2883 5201 2947 5256 ad
3020 5200 3318 5283 scriptores
3395 5194 3627 5262 συγχρο-

2056 5267 2177 5343 νου’ς
2211 5267 2387 5335 Satius
2415 5279 2520 5333 erit
2551 5267 2862 5337 recurrere,
2931 5286 3093 5341 quam
3138 5267 3386 5343 turbidos
3435 5279 3620 5341 recen-

2058 5335 2258 5407 tior-um
2297 5360 2624 5413 arentesque
2647 5335 2855 5413 rivulos:
2877 5335 3233 5413 consectari._
3263 5335 3354 5413 llis
3379 5335 3625 5413 praemis-

2060 5403 2382 5488 sisreliqua
2417 5403 2721 5488 pertexttnt,
2764 5408 2969 5488 nietnor
3018 5407 3410 5488 propositihae
3452 5403 3630 5488 brevi-

2062 5494 2183 5550 tati.
2216 5468 2501 5559 quantufut
2525 5468 2729 5559 licebit,
2762 5485 2996 5559 studebo
3020 5468 3042 5532 ἐ
3076 5468 3141 5559 ιιέ
3176 5474 3369 5559 similis
3396 5468 3631 5559 pnituit}:

2064 5543 2383 5619 lis‘elli'eiar,
2414 5558 2508 5625 qui
2544 5543 2841 5625 adnotandi
2874 5553 3080 5604 nullum
3113 5543 3529 5625 lineut'faeiunl,
3565 5549 3631 5588 ac

2062 5612 2298 5687 trivialia
2327 5612 2553 5697 qumque
2587 5629 2639 5678 iu
2667 5624 2942 5679 cumulum
2971 5612 3321 5682 congerendi.
