4110 6194
424 280 427 285 ι
468 242 571 300 H'l

1757 228 2183 296 ltlICiIAELIS
2222 226 2486 288 GLYCA!

3633 220 3738 283 M’t

437 342 587 410 'crat
616 353 891 407 :rrarium.
922 352 1269 418 Quapropfer
1292 357 1418 400 cum
1452 342 1579 413 ejus
1615 341 1692 396 rei
1722 354 1889 395 causa
1908 353 2051 410 prmo

2167 340 2306 403 σίους
2333 336 2699 409 ἀναιρεθῆναι
2724 335 2938 390 κελεύει
2967 334 3061 388 καὶ
3084 332 3184 396 τὰς
3212 330 3392 386 αὐτῶν
3419 336 3740 401 περιουσίας

470 450 675 502 fectum
705 443 901 499 aerario
936 443 1147 495 tristem
1192 438 1495 506 imperator
1524 435 1820 504 aliquando
1850 447 2048 488 eerne-

474 550 572 600 τοι,
595 537 761 607 jussit
796 544 859 587 ut
886 545 1078 587 omnes
1104 528 1411 596 loettpletes
1440 542 1470 580 e
1497 525 1677 580 medio
1725 524 2059 579 tollerentur

471 641 774 694 eorumque
800 622 1093 677 facultates
1127 618 1529 686 diriperentur.
1580 614 1728 669 Idem
1782 629 1906 667 cum
1948 612 2057 666 Ro-

2158 431 2375 485 λαϐεῖν.
2414 425 2584 493 Οὗτος
2611 430 2672 482 ἐν
2714 426 2978 496 στενωπῷ
3012 429 3108 496 τῆς
3149 423 3371 495 Ῥώμης
3416 424 3587 493 πηλὸν
3622 426 3746 478 θεα-

2160 519 2397 587 σάμενος
2446 519 2672 582 κόλποις
2703 515 3119 570 υύεστιασιανοῦ
3163 513 3258 568 τοῦ
3287 516 3740 584 στρατηγικωτάο

2160 628 2254 664 του
2282 610 2551 681 βληθῆναι
2578 608 2910 678 προσέταξε.

472 742 571 779 tua:
594 722 829 791 quodam
873 720 926 773 in
970 717 1262 789 angiportu
1296 715 1475 768 lutum
1534 712 1767 779 videret,
1817 707 2095 765 mandavit
2136 719 2196 762 ut
2245 709 2299 763 in
2340 708 2522 763 sinum
2568 706 2911 776 Vespasiani,
2976 703 3079 758 viri
3117 700 3539 767 bellicosissimi,
3575 702 3745 773 conji-

470 826 708 871 veretur.

482 896 485 899 Α
545 912 659 964 Hoc
699 917 945 975 tempore
977 902 1195 971 sapiens
1229 901 1319 955 ille
1364 899 1523 954 Philo
1552 908 1609 954 et
1635 896 1908 967 Iosephus
1937 896 2049 949 cla-

472 1011 722 1057 ruerunt.
757 998 1031 1065 .losephus
1054 994 1301 1048 veritatis
1333 1007 1525 1046 amans
1551 990 1783 1045 exstitit.
1832 988 1966 1042 Nam
1995 994 2053 1040 et

474 1093 777 1162 Baptistam
801 1088 1014 1141 Domini
1040 1085 1247 1149 laudat,
1282 1092 1339 1138 et
1374 1084 1653 1137 Christum
1690 1079 2055 1134 consimiliter

475 1189 650 1239 virum
704 1182 1009 1250 sapientem
1042 1191 1475 1246 magnorumque
1520 1174 1895 1244 prodigiorum
1923 1170 2055 1225 elle-

474 1289 681 1333 ctorem
711 1274 968 1342 appellat,
1007 1286 1070 1324 ac
1100 1280 1452 1339 posteaquam
1505 1265 1805 1321 crucilixus
1835 1262 2050 1326 fuisset,
2096 1290 2119 1303 ν-

473 1369 562 1422 die
597 1366 759 1420 tertio
794 1365 973 1417 vivum
1007 1360 1368 1428 conspectum
1397 1373 1517 1412 esse
1544 1356 1731 1411 tradit.
1761 1355 2052 1415 Caeterum,

2234 892 2370 945 Τότε
2402 891 2466 962 δὴ
2498 894 2619 946 τότε
2653 891 2830 945 Φίλων
2860 892 2889 945 6
2922 890 3085 959 σοφὸς
3129 890 3222 944 καὶ
3257 889 3522 962 Ἰώσηπος
3561 892 3745 961 ἤκμα-

2160 985 2273 1049 ζον.
2298 979 2467 1047 Οὗτος
2507 985 2570 1054 δὴ
2613 982 2915 1053 φιλαλήθης
2945 983 3162 1050 ἐλέγετο
3199 982 3288 1037 διά
3313 1000 3377 1051 γε
3417 984 3478 1037 τὸ
3517 984 3607 1037 τὸν
3638 984 3743 1037 Βιο
3848 1042 3857 1045 _

2161 1078 2393 1145 πτιστὴν
2412 1078 2507 1130 τοῦ
2544 1078 2751 1145 Κυρίου
2780 1077 3039 1139 ἐπαινείν,
3065 1075 3159 1129 καὶ
3187 1077 3273 1129 διὰ
3296 1077 3358 1129 τὸ
3393 1077 3486 1131 τδν
3510 1079 3743 1148 Χριστὸν

2160 1170 2362 1238 ὁμοίως
2385 1170 2551 1239 ἄνδρα
2579 1170 2745 1237 σοφθιν
2768 1169 3072 1237 μαρτυρεῖν
3095 1168 3191 1221 καὶ⁵
3221 1168 3475 1236 μεγάλων
3497 1170 3744 1237 σημείων

2162 1262 2421 1331 ἐργάτην,
2461 1261 2848 1330 σταυρωθέντα
2891 1260 2949 1313 δὲ
2983 1260 3161 1325 ζῶντα
3184 1263 3423 1331 φανῆναι
3467 1262 3606 1329 μετὰ
3622 1263 3741 1331 τρί-

2155 1369 2255 1417 την
2290 1353 2525 1422 ἠμὲραν.
2562 1351 2634 1404 Σὺ
2673 1352 2754 1417 δὲ,
2792 1352 3067 1421 ἀγαπητὲ,
3112 1352 3187 1421 μὴ
3219 1351 3467 1423 θαύμαζε
3500 1355 3615 1421 είγε
3649 1358 3744 1410 καὶ

472 1462 671 1516 dilecte
704 1456 800 1519 ﬁli,
838 1453 1027 1507 mirari
1053 1452 1244 1506 desine
1278 1451 1447 1506 fuisse
1478 1449 1751 1504 Barbaros
1785 1445 2055 1516 quosdam

2167 1443 2443 1513 βάρϐαροί,
2475 1460 2623 1506 τινες
2673 1443 2990 1513 προείλοντο
3041 1443 3111 1496 τὰ
3147 1444 3323 1496 καλά·
3375 1444 3468 1497 τὸν
3500 1447 3745 1515 γὰρ’ἄν-

473 1552 569 1622 (ιιιί
628 1547 850 1602 virtutis
876 1546 959 1614 {et
1018 1543 1237 1597 honesti
1274 1556 1461 1595 amore
1511 1542 1869 1595 ducerentur.
1920 1537 2057 1592 Nam

2167 1537 2380 1604 θρωπον
2423 1534 2680 1586 πλάττων
2727 1534 2758 1585 6
2800 1532 2933 1593 Θεὸς
2976 1532 3285 1587 ἐντέθεικεν
3317 1534 3472 1605 αύτῷ
3513 1536 3611 1603 τὴν
3648 1536 3745 1589 τοῦ

473 1660 597 1698 cum
648 1640 929 1693 hominem
987 1634 1219 1704 lingeret
1272 1633 1439 1696 Deus,
1497 1632 1680 1686 eidem
1724 1628 1945 1685 honesti
2002 1635 2059 1683 et

2167 1624 2330 1678 καλοῦ
2370 1624 2465 1677 καὶ
2518 1624 2692 1677 κακοῦ
2761 1624 3075 1690 διάγνωσιν.
3129 1624 3333 1693 Διόπερ
3365 1625 3428 1677 ού
3475 1626 3642 1694 μόνον
3694 1626 3746 1678 oi

474 1734 623 1802 pravi
670 1730 967 1785 discrimen
1019 1725 1243 1781 indidit.
1294 1724 1412 1791 Quo
1455 1723 1657 1777 factum
1702 1729 1788 1777 est
1825 1729 1887 1775 ut
1942 1734 2055 1774 non

2167 1718 2293 1789 περὶ
2331 1719 2424 1771 τὸν
2464 1716 2724 1769 Πλάτωνα
2773 1716 2863 1767 τὸν
2902 1715 3089 1770 ἄδικον
3130 1714 3247 1785 βίον
3272 1716 3569 1786 ἐμίσησαν,
3607 1717 3749 1772 ἀλλὰ

475 1824 715 1881 Platonis
747 1821 910 1875 modo
937 1827 1245 1874 sectatores
1280 1817 1449 1869 vitam
1500 1816 1766 1886 injustam
1798 1824 1857 1869 et
1896 1813 2063 1867 scele-

2167 1816 2257 1864 καὶ
2290 1810 2402 1863 τῶν
2442 1809 2735 1879 βαρϐαρων
2757 1808 2857 1861 οὐκ
2888 1807 3080 1876 ὀλίγοι.
3117 1808 3226 1862 Kal
3255 1810 3360 1877 γὰρ
3403 1810 3531 1872 τοὺς
3572 1809 3747 1880 ὕπερ-

476 1928 650 1972 ratam
692 1914 821 1968 odio
873 1911 1153 1984 prosecuti
1209 1910 1341 1971 sint,
1369 1923 1559 1961 verum
1612 1908 1777 1961 etiam
1817 1906 2063 1961 homines

2167 1904 2387 1974 ϐορέους
2427 1904 2596 1955 οἰκείν
2652 1902 2749 1970 μὲν
2800 1900 2944 1970 ὑπὲρ
2998 1901 3067 1952 τὰ
3128 1899 3354 1953 Ῥίπαια
3402 1900 3502 1969 ὅρη
3560 1904 3747 1970 φασιν,

474 2009 693 2064 barbari
728 2023 838 2062 non
894 2003 1077 2074 pauci.
1115 2000 1444 2070 Accepimus
1484 1998 1630 2052 enim
1685 1996 2063 2068 Hyperboreos

2167 1998 2358 2071 ἀσκεῖν
2381 1995 2437 2047 δὲ
2465 1992 2835 2061 δικαιοσύνην,
2853 1991 3174 2061 ἀκροδρύοις
3206 1995 3302 2044 καὶ
3326 1990 3485 2044 ὕδασι
3515 1992 3747 2056 ζῶντας.

476 2101 744 2171 quosdam
791 2099 935 2151 ultra
979 2094 1238 2163 Riphaeos
1283 2100 1499 2147 montes
1550 2089 1822 2151 habitare,
1855 2088 1949 2158 qui
1981 2088 2071 2157 ju-

476 2192 680 2246 stitiam
710 2188 955 2242 studiose
1003 2186 1211 2249 colant,
1262 2184 1636 2249 arborumque
1681 2180 1957 2236 fructibus
2005 2190 2063 2236 et

476 2297 618 2349 aqua
648 2280 922 2332 victitent.
976 2275 1171 2329 Itidem
1209 2273 1578 2326 Brachmanas
1616 2271 1670 2324 in
1719 2272 1925 2325 virtute
1971 2287 2063 2325 co-

476 2372 636 2426 lenda
665 2384 828 2439 supra
861 2365 1082 2421 modum
1111 2366 1411 2417 humanum
1435 2377 1700 2416 exercere
1727 2375 1787 2417 se
1816 2363 2058 2426 tradunt,

478 2483 602 2521 cum
634 2465 783 2519 foliis
808 2470 1014 2516 tantum
1044 2475 1274 2529 corpora
1307 2466 1493 2529 tegant
1529 2467 1586 2512 et
1624 2458 1790 2512 vitam
1823 2461 1877 2512 in
1909 2456 2063 2513 silvis

477 2566 662 2631 agant.
694 2552 1028 2611 Anacharsis
1075 2551 1304 2605 natione
1357 2551 1561 2620 Scytha
1613 2558 1766 2604 tanto
1795 2549 2063 2603 castitatis

477 2659 533 2704 et
563 2647 953 2702 exercitiorutn
988 2644 1213 2698 virtutis
1238 2657 1427 2696 amore
1453 2641 1771 2705 tenebatur,
1800 2649 1862 2695 ut
1891 2640 2061 2707 etiam

477 2739 689 2793 cubans
726 2738 876 2790 labra
922 2734 1275 2802 verendaque
1314 2732 1430 2787 suis
1483 2732 1600 2799 ipse
1638 2731 1893 2785 manibus
1918 2747 2065 2788 com-

481 2829 760 2900 primeret.
820 2826 1093 2881 Nimirum
1154 2839 1263 2878 non
1317 2824 1552 2892 vigilans
1599 2823 1795 2888 modo,

478 2923 728 2980 custodia
752 2923 861 2976 duo
905 2920 1057 2975 istaec
1087 2920 1342 2991 corporis
1372 2918 1621 2973 membra
1650 2917 1956 2989 indigeant.

552 3017 683 3073 Post
716 3015 906 3086 Cajnm
934 3014 1201 3070 Claudius
1248 3013 1539 3082 imperium
1601 3011 1668 3065 15
1722 3014 1882 3066 annis
1916 3010 2061 3066 obtl~

480 3109 623 3164 nuit.
694 3107 1027 3162 Perhibetur
1062 3114 1245 3159 autem
1275 3102 1539 3158 Claudius
1574 3117 1747 3171 usque
1780 3102 1920 3156 adeo
1949 3100 2064 3155 for—

2177 2089 2340 2143 ’Δλλὰ
2365 2088 2459 2140 καὶ
2489 2087 2619 2149 τοὺς
2660 2086 2992 2154 Βραχμᾶνας
3022 2084 3164 2154 ὑπὲρ
3194 2084 3490 2155 ἄνθρωπον
3538 2087 3748 2153 ἀσκεῖν,

2170 2180 2392 2248 φύλλοις
2426 2180 2486 2231 τὸ
2517 2180 2674 2248 σῶμα
2704 2179 3085 2245 σκεπομένους
3118 2176 3216 2230 καὶ
3270 2178 3326 2230 ἐν
3349 2176 3504 2240 ὕλαις
3534 2178 3752 2248 διάγον-

2168 2287 2286 2334 τας.
2322 2273 2429 2324 Καὶ
2462 2269 2790 2339 Ἀνάχαρσιν
2835 2268 2893 2321 δέ
2923 2268 3016 2321 τὸν
3049 2267 3265 2337 Σκύθην
3296 2269 3550 2322 τοσοῦτον
3587 2273 3616 2323 6
3656 2271 3751 2340 τῆς

2172 2362 2532 2433 σωφροσύνης
2576 2363 2671 2413 καὶ
2719 2360 2820 2429 τῆς
2861 2360 3152 2430 ἀσκήσεως
3182 2360 3322 2429 ἔρως
3368 2361 3637 2431 κατέσχεν
3673 2363 3753 2427 ὡς

2169 2456 2264 2508 καὶ
2299 2455 2651 2523 κοιμώμενον
2676 2454 2743 2505 τὰ
2773 2452 2927 2522 χείλη
2954 2451 3124 2505 αὐτοῦ
3157 2451 3254 2505 καὶ
3281 2451 3351 2505 τὰ
3400 2453 3580 2506 αἰδοῖα
3619 2471 3756 2522 κρα-

2167 2550 2281 2601 τεῖν
2330 2546 2399 2600 δι’
2427 2546 2649 2600 οἰκείων
2686 2542 2929 2614 χειρῶν·
2984 2543 3046 2595 ού
3101 2543 3263 2611 μόνον
3309 2533 3420 2611 γὰρ
3459 2543 3754 2614 γρηγορῶν

2170 2641 2309 2695 ἀλλὰ
2352 2640 2447 2693 καὶ⁵
2489 2636 2787 2692 ὑπνώττων
2830 2636 3076 2690 ἐδείκνυε
3130 2635 3305 2705 πόσης
3347 2636 3645 2704 ἀσφαλείας
3681 2636 3750 2690 τὰ

2170 2733 2399 2788 τοιαῦτα
2431 2730 2643 2785 δέονται
2679 2731 2865 2800 μόρια.

1874 2827 2237 2882 verumetiam
2322 2824 2601 2881 dormiens
2676 2821 2837 2893 235
2874 2822 3204 2879 ostendebat
3275 2837 3438 2894 quam
3495 2831 3752 2882 arcurata

2233 3010 2387 3067 Μετὰ
2413 3012 2467 3066 δὲ
2499 3011 2661 3066 Γάϊον
2696 3011 2893 3081 κρατεῖ
2937 3010 2965 3061 6
3007 3007 3276 3071 Κλαύδιος
3308 3009 3401 3077 ἐτη
3454 3015 3542 3078 ιγ’.
3574 3004 3749 3077 Οὗτος

2162 3106 2189 3158 6
2223 3103 2492 3165 Κλαύδιος
2523 3102 2783 3156 τοσοῦτον
2803 3102 3025 3169 λέγεται
3058 3096 3201 3155 εἶναι
3228 3101 3403 3165 δειλὸς
3446 3100 3588 3156 ὥστε
3624 3107 3749 3170 τοὺς

481 3200 786 3255 midolosus
840 3197 1032 3264 fuisse,
1085 3211 1147 3252 ut
1197 3206 1443 3251 astantes
1478 3196 1583 3251 sibi
1620 3194 1970 3265 perquireret
2003 3210 2063 3250 ac

2172 3197 2619 3266 παρισταμένους
2648 3196 2902 3266 ἐρευνᾷν,
2943 3195 3038 3263 μή·
3072 3210 3202 3248 ποτε
3241 3194 3393 3263 ξίφος
3437 3198 3496 3248 ἐν
3525 3198 3749 3260 κόλποις

488 3300 838 3344 scrutaretur
870 3303 1011 3341 anne
1058 3288 1298 3356 gladium
1332 3287 1385 3341 in
1418 3286 1545 3341 sinu
1577 3294 1877 3357 gestarent.
1932 3285 2069 3340 Suc-

482 3394 759 3436 cessorem
812 3378 1004 3432 habuit
1062 3377 1385 3442 Neronem,
1429 3378 1524 3448 qui
1569 3379 1731 3433 annis
1777 3380 1844 3433 M
1902 3380 2068 3433 rebus

483 3468 726 3539 praefuit.
781 3466 1198 3536 lmpurissimus
1244 3465 1335 3520 hic
1388 3467 1651 3537 princeps
1704 3483 1829 3522 cum
1889 3482 2069 3524 annos

483 3562 608 3631 plus
641 3560 825 3615 minus
858 3559 921 3612 17
955 3568 1120 3613 natus
1152 3568 1323 3622 esset,
1370 3559 1584 3629 primus
1614 3558 1873 3629 persequi
1905 3558 2069 3615 Chri-

484 3655 694 3707 stianos
723 3651 914 3721 ςωρίι,
951 3660 1007 3706 et
1040 3650 1181 3705 duos
1212 3665 1463 3705 summos
1490 3652 1639 3705 viros
1669 3650 1971 3717 interfecit,
2007 3659 2069 3705 ut

484 3744 736 3798 nonnulli
770 3742 992 3812 quidem
1033 3742 1286 3797 historici
1316 3742 1550 3810 volunt,
1603 3759 1716 3799 uno
1768 3759 1833 3799 ac
1869 3745 2066 3799 eodem

483 3835 598 3901 die,
624 3849 816 3890 verum
838 3834 1074 3890 diversis
1096 3834 1280 3901 annis,
1301 3845 1364 3890 ut
1389 3835 1667 3892 Eusebius
1696 3845 1883 3892 autem
1909 3836 2072 3892 Pam-

486 3923 624 3993 phili
681 3925 963 3980 memoria:
1012 3924 1302 3995 prodidit,
1350 3935 1408 3980 et
1458 3942 1605 3982 anno
1642 3928 1838 3983 eodem
1878 3939 1935 3984 et
1971 3945 2069 3985 ea-

484 4015 608 4069 dem
641 4015 751 4070 die.
787 4015 933 4083 Quin
962 4017 1129 4071 etiam
1154 4015 1551 4082 Tertullianus,
1582 4019 1668 4074 vir
1687 4019 1831 4090 apud
1864 4021 2068 4076 Roma-

484 4123 585 4161 nos
618 4107 851 4161 illustris
880 4148 896 4175 ,
946 4117 1004 4162 et
1033 4107 1201 4178 Cajus
1234 4110 1474 4180 scriptor
1523 4110 1968 4177 ecclesiasticus,
2008 4123 2066 4168 et

485 4200 778 4273 Dionysius
814 4201 1070 4258 Corinthi
1106 4203 1404 4274 episcopus
1431 4190 1594 4258 simul
1628 4214 1685 4258 et
1707 4205 1899 4260 eodem
1938 4218 2069 4261 tem-

484 4308 619 4361 pore
647 4294 868 4349 Petrum
893 4302 1060 4364 atque
1094 4295 1325 4349 Paulum
1368 4298 1693 4353 testimonio
1728 4314 1828 4353 suo
1860 4301 2068 4356 doctri-

485 4398 608 4436 nam
642 4382 1011 4439 Christianam
1043 4385 1364 4455 obsignasse
1398 4388 1683 4455 scribunt,
1734 4407 1880 4447 anno
1915 4393 2067 4449 vide-

484 4474 612 4529 licet
642 4474 859 4544 imperii
894 4476 1133 4533 Neronis
1166 4478 1383 4533 decimo
1436 4482 1621 4536 tertio.
1683 4483 1907 4538 Petrum
1938 4486 2065 4554 qui-

2172 3289 2411 3357 φέροιεν.
2437 3288 2594 3341 Μετὰ.
2623 3287 2679 3339 δέ
2708 3285 2900 3339 τοῦτον
2926 3286 3122 3356 Νέρων
3148 3287 3177 3339 6
3199 3287 3310 3349 υίὸς
3340 3288 3507 3341 αὐτοῦ
3534 3290 3627 3359 ἔτη
3661 3288 3745 3343 ιδ’.

2170 3372 2339 3440 Lino;
2369 3380 2397 3430 6
2445 3377 2775 3448 παμμίαρα
2837 3376 2978 3430 ἐτῶν
3001 3377 3136 3428 ὡσεὶ
3162 3374 3192 3429 ι’
3215 3379 3310 3431 καὶ
3341 3377 3386 3441 ζ’
3412 3378 3487 3431 ὣν
3530 3380 3748 3449 πρῶτος

2167 3469 2263 3522 τοῦ
2293 3468 2538 3539 διωγμοῦ
2588 3469 2814 3539 ἤρξατο,
2846 3471 2940 3521 καὶ
2989 3467 3117 3531 τοὺς
3139 3470 3474 3538 κορυφαίους
3508 3472 3745 3541 ἀναιρεῖ,

2167 3560 2240 3623 ὡς
2274 3561 2371 3631 μὲν
2406 3561 2672 3631 ἱστορικοί
2722 3577 2868 3622 τινες
2922 3559 3103 3629 ἕτεροι
3158 3559 3431 3628 λέγουσιν,
3472 3563 3531 3615 ἐν
3562 3564 3750 3634 ἡμέρᾳ

2170 3655 2272 3726 μιᾷ
2304 3656 2397 3707 καὶ
2428 3656 2494 3725 τῇ
2540 3654 2703 3723 αὐτῇ,
2762 3655 2821 3706 ἐν
2854 3652 3000 3723 ἄλλῳ
3026 3653 3083 3706 δέ
3110 3654 3205 3705 καὶ
3239 3654 3387 3723 ἄλλῳ
3425 3655 3556 3722 Etet,
3581 3655 3657 3720 ὡς
3689 3658 3747 3710 δὲ

2169 3747 2428 3809 Εὐσέϐιος
2480 3747 2508 3799 6
2541 3746 2635 3799 τοῦ
2689 3745 3001 3816 Παμφίλου,
3046 3747 3141 3798 καὶ
3194 3745 3307 3799 ἔτει
3353 3747 3433 3814 τῷ
3468 3748 3620 3816 αύτῷ
3652 3753 3749 3804 καὶ

2168 3838 2355 3909 ἡμέρᾳ
2386 3832 2452 3907 τῇ
2477 3839 2639 3908 αὐτῇ.
2670 3838 2836 3891 Ἀλλὰ
2871 3836 3300 3907 Τερτουλλιανός
3335 3855 3421 3902 τις
3448 3838 3588 3909 ἀνὴρ
3631 3840 3745 3894 τῶν

2166 3930 2262 3983 ἐπὶ
2297 3927 2488 3999 Ῥώμῃ
2518 3928 2791 3999 λαμπρῶν
2819 3928 2916 3981 καὶ
2947 3929 3108 3989 Γάϊος
3131 3928 3271 3998 ἀνὴρ
3294 3928 3748 3999 ἐκκλησιαστικὸς
3792 3938 3797 3943 ’

2167 4022 2264 4076 καὶ
2322 4022 2597 4081 Διονύσιος
2654 4018 2962 4082 ἐπίσκοπος
3003 4019 3279 4089 Κορίνθου
3315 4021 3591 4091 γράφουσι
3621 4025 3745 4077 καθ’

2166 4112 2265 4165 ἐνα
2292 4110 2481 4181 καιρὸν
2515 4111 2612 4163 καὶ
2642 4108 2779 4178 ὁμοῦ
2827 4109 3184 4178 μαρτυρῆσαι
3224 4110 3432 4180 Πέτρον
3465 4115 3561 4166 καὶ
3599 4113 3749 4166 Παῦ-

2166 4202 2275 4265 λον,
2328 4200 2769 4271 τρισκαιδεκάτῳ
2824 4199 2936 4252 ἔτει
2971 4198 3073 4268 τῆς
3135 4198 3412 4269 βασιλείας
3468 4201 3749 4275 Νέρωνος.

2168 4294 2278 4345 Καὶ
2339 4292 2548 4363 Πέτρον
2582 4292 2681 4363 μὲν
2711 4293 2932 4361 ἀναιρεῖ
2955 4290 3029 4345 δι’
3081 4291 3267 4345 αἰτίαν
3296 4276 3575 4364 τοίαύτην.
3621 4293 3747 4347 Ἐπὶ

2167 4385 2260 4438 τοῦ
2286 4385 2548 4463 ,Νέρωνος
2577 4388 2604 4436 6
2650 4384 2835 4454 Σίμων
2864 4387 2890 4437 6
2922 4384 3115 4453 Μάγος
3150 4379 3244 4454 ἦν,
3264 4386 3404 4455 προς
3436 4386 3497 4438 δν
3526 4390 3554 4439 6
3581 4404 3746 4457 κορυ-

2167 4479 2326 4545 φαῖος
2350 4477 2520 4530 ἐλθὼν
2542 4470 2669 4547 εὗρε
2705 4475 2847 4530 κύνα
2872 4476 3162 4546 δεδεμένον
3216 4475 3406 4529 ἁλύσει
3434 4481 3495 4532 ἐν
3524 4479 3600 4547 τῷ
3637 4496 3744 4533 πυο

481 4567 605 4621 dem
634 4566 780 4623 Nero
812 4570 1128 4639 hujusmodi
1177 4571 1470 4640 quamdam
1507 4573 1578 4626 ob
1628 4590 1848 4629 causam
1888 4578 2062 4631 inter-

2167 4569 2297 4622 λῶνι
2333 4568 2520 4633 αὑτοῦ,
2552 4569 2911 4621 κατεσθίοντα
2940 4571 3068 4631 τοὺς
3100 4568 3232 4623 ἄνευ
3258 4572 3583 4640 προτροπῆς
3624 4572 3746 4623 ἐπι-

481 4658 637 4712 I‘ecit.
699 4659 1006 4727 lmpcrante
1058 4658 1276 4713 Nerone
1326 4660 1463 4713 vixit
1517 4661 1667 4717 Simo
1717 4664 1939 4736 Magus,
1994 4667 2062 4721 ad

480 4766 646 4819 quem
680 4750 772 4804 ubi
812 4766 1060 4805 summus
1092 4750 1183 4806 ille
1218 4751 1302 4805 vir
1333 4755 1684 4818 accessisset,
1717 4771 1906 4810 canem
1939 4758 2064 4811 alli-

481 4855 669 4910 gatum
703 4852 911 4897 catenae
954 4843 1006 4896 in
1050 4843 1173 4913 ejus
1216 4843 1407 4898 limine
1445 4849 1672 4914 reperit,
1703 4847 2059 4902 devorantem

388 4961 396 4968 -
480 4947 576 4986 eos
627 4942 899 5002 quotquot
950 4934 1161 5004 injussu
1215 4936 1281 4990 ad
1317 4934 1598 4990 Simonem
1633 4938 1845 5007 ingredi
1897 4955 2063 4995 cona-

483 5035 697 5078 rentur.
734 5025 784 5079 Is
814 5041 947 5080 vero
979 5026 1204 5081 Petrum
1246 5028 1456 5083 intrare
1489 5030 1672 5097 jussit,
1713 5040 1769 5085 et
1821 5031 2061 5086 humana

480 5131 616 5170 voce
650 5116 874 5171 Petrum
927 5106 1115 5174 adesse
1148 5121 1443 5176 nuntiavit.
1510 5122 1630 5189 Quo
1683 5124 1826 5178 facto
1877 5125 2062 5179 cuncti

484 5206 579 5276 qui
613 5217 773 5263 erant
829 5207 885 5262 in
945 5210 1159 5265 a‘dibus
1202 5211 1642 5283 ‘obStnpuerunt.
1701 5213 1852 5269 Simo
1915 5214 2059 5270 idem

483 5298 664 5355 facere
697 5302 842 5370 quod
875 5304 1031 5358 canis
1058 5314 1218 5358 antea
1253 5304 1548 5369 factitarat,
1581 5317 1636 5361 et
1658 5307 1724 5362 ad
1752 5324 1809 5363 se
1836 5309 2059 5363 Petrum

482 5409 787 5450 arcessere.
847 5394 1120 5468 Deinceps
1155 5411 1279 5456 eum
1321 5413 1538 5453 summo
1573 5400 1693 5453 viro
1740 5401 2063 5469 colloquens

483 5488 625 5541 inter
672 5487 776 5541 alia
818 5488 1081 5557 quiddam
1126 5489 1440 5560 hujusmodi
1492 5491 1697 5561 objecit
1734 5508 1748 5545 :
1790 5493 1843 5547 Si
1893 5492 2061 5547 futuri

483 5580 736 5633 notitiam
792 5580 1034 5636 Adamus
1087 5582 1316 5646 habuit,
1368 5584 1730 5653 quamobrem
1787 5585 2063 5653 serpentis

485 5672 732 5731 fraudem
756 5690 864 5731 non
892 5678 1300 5744 prmeognovit?
1331 5678 1468 5733 Tum
1496 5680 1725 5735 Petrus:
1755 5677 1840 5733 «Si
1866 5678 2060 5744 futuri,

2168 4660 2485 4731 χειροῦντας
2513 4660 2782 4712 εἰσελθεῖν
2810 4662 2902 4713 ἐπὶ
2928 4661 3021 4713 τὸν
3043 4661 3287 4731 Σίμωνα.
3321 4657 3392 4732 ’ῼ
3423 4662 3487 4730 δὴ
3511 4662 3607 4714 καὶ
3628 4663 3745 4715 ἐκέ·

2168 4752 2666 4818 λευσενείσελθείν,
2704 4754 2797 4806 καὶ
2835 4752 3155 4825 ἀνθρωπίνῃ
3196 4756 3351 4825 φωνῇ
3379 4756 3510 4823 περὶ
3540 4755 3747 4823 Πέτρου

2166 4845 2513 4914 ἀναγγεῖλαι.
2547 4846 2660 4898 Καὶ
2692 4845 3000 4915 τηνικαῦτα
3022 4845 3181 4901 τοῦτο
3208 4847 3455 4917 ἐποίησε,
3486 4848 3577 4899 καὶ
3614 4847 3747 4900 πάνυ

2169 4959 2259 5001 τες
2286 4943 2333 4994 οἱ
2364 4940 2514 5002 ὄντες
2540 4940 2692 5002 ἐντὸς
2719 4938 3132 5009 ἐξεπλάγησαν.
3195 4939 3341 4992 Αὐτὸ
3375 4939 3431 4991 δὲ
3466 4939 3624 4991 τοῦτο
3653 4941 3748 4991 καὶ

2167 5036 2195 5086 ὁ
2220 5033 2401 5101 Σίμων
2432 5032 2679 5103 ἐποίησε,
2712 5032 2806 5086 καὶ
2833 5032 2927 5084 τὸν
2959 5032 3166 5103 Πέτρον
3194 5032 3480 5086 ἐκάλεσεν.
3530 5031 3587 5084 ⁸0
3618 5033 3751 5099 μέν-

2169 5143 2253 5179 τοι
2286 5127 2471 5195 Σίμων
2512 5127 2605 5180 καὶ
2658 5125 2787 5181 τάδε
2829 5125 2970 5195 πρὸς
2991 5126 3105 5188 τοῖς
3131 5123 3316 5189 ἄλλοις
3359 5122 3438 5193 τῷ
3461 5122 3750 5194 κορυφαίῳ

2167 5218 2551 5288 διαλεγόμενος
2575 5218 2781 5287 ἔλεγεν.
2824 5237 2841 5269 ι
2871 5216 2932 5270 El
2963 5218 3278 5286 πρόγνωσιν
3301 5212 3450 5286 εἶχεν
3487 5218 3517 5268 6
3552 5216 3748 5282 Ἀδὰμ,

2166 5311 2254 5363 διὰ
2273 5310 2324 5364 τί
2346 5311 2407 5363 ού
2459 5312 2710 5380 προέγνω
2743 5312 2843 5380 τὴν
2885 5311 2979 5362 τοῦ
3008 5309 3186 5377 ὄφεως
3220 5308 3473 5383 ἀπάτηνς
3512 5327 3529 5358 ο
3573 5308 3684 5359 Καὶ
3721 5306 3751 5356 6

2172 5404 2411 5475 Πέτρος’
2448 5422 2467 5455 ι
2529 5404 2589 5457 Εἰ
2643 5404 2957 5474 πρόγνωσιν
3005 5402 3106 5455 οὐκ
3143 5397 3280 5471 εἶχε,
3316 5402 3436 5463 πῶς
3471 5401 3583 5460 τοῖς
3612 5398 3753 5458 nisi;

2170 5494 2332 5548 αὑτοῦ
2365 5496 2499 5565 πρὸς
2527 5496 2624 5560 τὰς
2653 5497 2919 5565 ἐσομένας
2947 5495 3178 5563 πράξεις
3212 5496 3330 5563 ᾰμα
3361 5492 3443 5560 τῷ
3480 5489 3754 5558 γεννηοῆ-

2171 5604 2258 5640 ναι
2290 5587 2563 5655 ἐπέθηκεν
2621 5586 2903 5657 ὀνόματα;
2955 5588 3046 5638 τὸν
3083 5586 3182 5655 μὲν
3212 5585 3319 5653 γὰρ
3354 5581 3494 5635 Καῖν
3530 5580 3758 5646 ὠνόμα-

2177 5680 2335 5744 σενςὸ
2377 5682 2491 5733 ἐστι
2524 5680 2683 5745 ζῆλος
2710 5698 2722 5710 ⁸
2764 5681 3014 5745 ζηλώσεις
3037 5679 3145 5742 νάρ
3190 5679 3370 5733 ἀνεῖλε
3398 5678 3488 5729 τδν
3519 5672 3757 5743 ask,”
