4110 6194
466 239 572 301 447

1716 218 2132 279 menaeus
2165 172 2422 277 δινσιε

3583 213 3685 274 448

466 345 647 399 cuncti
673 358 757 398 me
781 344 1166 400 deseruerunt.
1200 337 1380 393 Nolim
1413 334 1517 387 hoc
1539 330 1622 387 eis
1643 337 1821 400 culpae
1846 329 2027 384 detur.

2145 331 2419 399 Νέρωνος·
2454 346 2472 378 ι
2511 327 2599 378 Ἔν
2623 328 2688 394 τῇ
2732 325 2923 396 πρώτῃ
2957 340 3056 394 μου
3097 324 3363 396 ἀπολογίᾳ
3392 322 3587 387 πάντες
3623 342 3690 394 με

469 436 730 489 Dominus
766 442 947 488 autem
980 431 1153 485 astitit
1182 426 1316 481 mibi
1365 439 1560 492 meque
1610 419 1976 477 conﬁrmavit.
2002 437 2020 469 ι

466 530 543 579 ΛιΙ
585 526 746 577 ﬁnem
782 538 912 577 vero
942 523 1091 583 solus
1130 518 1311 572 Lucas
1344 515 1554 569 aderat.

537 704 801 756 Cancrum
831 712 959 770 post
984 699 1355 754 defensionem
1386 696 1528 751 hanc
1563 692 1795 761 primam
1828 690 2032 743 Paulus

471 795 522 844 in
583 793 894 859 Hispaniam
944 791 1218 859 pervenit,
1276 787 1367 838 ubi
1435 781 1752 836 muliercula
1783 778 2030 847 quaedam

470 886 665 937 illustri
706 894 825 936 orta
853 884 994 939 loco.
1037 878 1373 949 quaemulto
1427 884 1551 928 ante
1583 873 1809 927 Paulum
1848 870 2032 923 videre

470 982 694 1040 cuperet
725 974 901 1040 deque
930 971 1160 1023 veritate
1189 969 1257 1020 ab
1308 967 1425 1034 ipso
1466 966 1591 1016 viva
1642 978 1774 1015 voce
1804 958 2027 1020 erudiri,

472 1074 849 1128 prospectasse
890 1060 941 1110 in
976 1059 1154 1111 forum
1189 1056 1538 1125 perhibetur,
1580 1054 1766 1120 ibique
1797 1065 2033 1118 conspe-

473 1161 561 1204 cto
613 1150 797 1211 l’aulo,
851 1148 1010 1215 237
1057 1147 1148 1214 qui
1206 1146 1379 1197 forum
1427 1143 1727 1203 transiret,
1777 1142 2033 1193 maritum

473 1256 630 1293 suum
664 1240 901 1292 Probum
946 1237 1327 1306 persuadendo
1351 1236 1637 1305 impulisse
1666 1243 1725 1287 ut
1753 1234 2032 1287 hominem

473 1332 634 1384 domo
662 1346 757 1383 sua
784 1331 1085 1397 exciperet.
1144 1328 1394 1397 Ingresso
1445 1326 1499 1378 in
1535 1325 1681 1379 aedes
1714 1324 1881 1378 Paulo
1912 1339 2038 1392 pro-

440 1411 680 1490 ‘digium
708 1420 982 1488 quoddam
1018 1433 1220 1471 novum
1276 1426 1332 1471 et
1379 1416 1703 1469 inusitatum
1738 1414 2034 1468 accidisse:

474 1512 762 1564 mulierem
793 1509 938 1562 enim
970 1507 1147 1561 oculis
1198 1506 1312 1560 suis
1364 1505 1641 1574 adapertis
1689 1505 1741 1557 in
1790 1501 2037 1572 Apostoli

474 1601 654 1654 fronte
685 1600 897 1653 litteras
940 1613 1135 1651 aureas
1185 1597 1412 1659 vidisse,
1443 1612 1675 1663 quarum
1725 1591 2036 1663 hujusmodi

2132 418 2511 487 ἐγκατέλιπον.
2565 416 2656 487 Μὴ
2704 416 2889 477 αὐτοῖς
2940 415 3243 485 λογισθείη.
3316 416 3374 468 Ὀ
3404 416 3459 468 δὲ
3490 415 3693 485 Κύριός

2133 528 2234 581 μου
2275 511 2520 578 παρέστη
2551 510 2645 561 καὶ
2670 507 3046 575 ὲνεδυνάμωσέ
3079 525 3170 577 με.
3212 527 3230 559 ι
3274 509 3427 560 Κατᾶ
3456 508 3511 559 δέ
3542 523 3607 573 γε
3633 509 3693 558 τὸ
3776 508 3779 511 λ

2132 602 2280 662 τέλος
2313 600 2471 667 μόνος
2505 598 2684 666 παρῆν
2713 599 2740 649 ὁ
2768 599 3001 660 Λουκᾶς.

2201 692 2355 745 Μετὰ
2418 690 2599 757 μέντοι
2636 690 2733 758 τὴν
2794 688 3017 758 πρώτην
3063 688 3363 754 ἀπολογίαν
3401 688 3478 749 είς
3511 688 3696 739 Ἱσπα-

2132 784 2251 837 νίαν
2302 784 2330 834 ὁ
2377 781 2587 841 Παῦλος
2638 782 3027 850 παραγίνεται.
3089 781 3315 833 Γύναιον
3373 775 3466 833 οὖν
3505 797 3556 831 τι
3588 780 3695 830 τῶν

2133 876 2418 941 ἐπισήμων
2450 874 2513 924 ἐκ
2543 872 2647 941 πρὸ
2681 872 2876 923 πολλοῦ
2904 872 3057 924 θέλον
3081 871 3171 923 τὸν
3205 870 3415 923 Παῦλον
3446 871 3573 923 ἰδεῖν
3601 870 3696 922 καὶ

2104 964 2228 1039 τὴν
2257 962 2516 1033 ἀλήθειαν
2541 964 2891 1031 ὲνηχηθῆναι,
2934 961 3257 1031 παρακύψαι
3296 961 3513 1030 λέγεται
3534 960 3698 1014 ’κατά

2133 1055 2229 1122 τὴν
2259 1054 2464 1122 ἀγορὰν
2492 1053 2586 1104 καὶ
2619 1052 2746 1102 ἰδεῖν
2782 1053 2946 1104 αὑτὸν
2972 1052 3342 1121 διερχόμενον,
3386 1053 3479 1104 καὶ
3510 1054 3696 1103 πεῖσαι

2132 1146 2226 1196 τὸν
2257 1144 2426 1209 αὐτῆς
2467 1142 2635 1210 ἄνδρα
2698 1142 2908 1211 Πρόόον
2944 1143 3095 1205 ἐντὸς
3135 1143 3227 1194 τοῦ
3256 1143 3407 1194 οἴκου
3438 1142 3696 1206 δέξασθαι

2134 1233 2315 1287 αὐτόν.
2369 1233 2716 1293 Εἰσελθόντος
2772 1228 2863 1285 οῦν
2899 1233 3086 1302 θαῦμα
3122 1232 3429 1302 παράδοξον
3451 1234 3698 1300 γίνεται·

2133 1325 2193 1376 τὸ
2211 1326 2317 1392 γὰρ
2339 1323 2559 1389 γύναιον
2584 1322 3074 1391 ἀνακαλυφθέντων
3100 1323 3210 1375 τῶν
3240 1323 3334 1375 τοῦ
3360 1325 3477 1385 νοὸς
3493 1322 3696 1393 ὀφθαλ-

2140 1414 2255 1482 μῶν
2310 1414 2454 1483 ἑώρα
2500 1413 2592 1465 ἐπὶ
2628 1412 2719 1464 τοῦ
2757 1412 3008 1482 μετώπου
3059 1414 3156 1466 τοῦ
3196 1415 3520 1466 Ἀποστόλου
3580 1413 3698 1465 ὲπί-

2137 1521 2313 1572 χρυσα
2345 1505 2668 1573 γράμματα,
2707 1523 2724 1555 ι
2757 1502 2968 1566 Παῦλος
2999 1503 3026 1554 6
3051 1503 3144 1556 τοῦ
3171 1504 3404 1572 Χριστοῦ
3440 1501 3617 1573 κῆρυξ
3646 1520 3693 1567 ›,

2137 1595 2539 1662 διαγορεύοντα.
2582 1598 2690 1649 Καὶ
2728 1594 3119 1663 προσπεσοῦσα
3171 1597 3287 1657 τοῖς
3340 1594 3497 1647 ποσὶν
3532 1593 3698 1647 αὐτοῦ

474 1690 743 1746 sententia
777 1689 947 1743 foret:
984 1706 1003 1739 ι
1037 1688 1239 1743 Paulus
1261 1686 1466 1741 Christi
1496 1701 1730 1756 praeco.»
1790 1686 2035 1752 Quapro-

2145 1688 2173 1756 ἡ
2209 1688 2425 1755 τοιαύτη
2460 1689 2596 1758 γυνὴ
2623 1687 2907 1757 κατηχήθη
2946 1689 3040 1740 καὶ
3089 1686 3416 1756 ὲὸαπτίσθη.
3466 1685 3702 1753 Ὁμοίως

473 1793 594 1852 pter
624 1781 688 1836 ad
720 1780 886 1849 pedes
911 1779 1084 1848 ipsius
1118 1777 1404 1846 provoluta
1436 1777 1743 1830 doctrinam
1770 1774 2040 1828 Christia-

474 1888 597 1925 nam
624 1872 853 1939 accepit,
884 1871 1111 1939 ipsaque
1136 1884 1258 1923 cum
1279 1867 1459 1921 Probo
1489 1867 1686 1921 marito
1722 1864 2038 1934 familiaque

476 1967 727 2018 universa
759 1962 1027 2030 baptizata
1057 1971 1163 2015 est.
1809 2030 1812 2034 .

529 2055 797 2108 Caeterum
817 2052 957 2105 Nero
973 2067 1095 2105 cum
1110 2050 1394 2105 Anicetum
1410 2047 1699 2118 quemdam
1715 2047 2039 2110 ablegassct,

475 2148 569 2215 qui
593 2155 821 2199 matrem
842 2160 994 2198 suam
1025 2145 1377 2213 Agrippinam
1407 2144 1705 2205 occideret,
1739 2141 1829 2194 illa
1850 2147 2039 2193 ventre

476 2253 575 2290 suo
606 2237 924 2289 denudato:
985 2236 1199 2297 illunc,
1261 2235 1506 2299 Anicete,
1564 2232 1744 2296 ferito,
1793 2231 1891 2293 ait,
1949 2229 2043 2297 qui

476 2327 745 2405 Neronem
791 2324 1081 2378 ediderit.»
1142 2324 1289 2377 lnter
1322 2324 1425 2377 alia
1478 2324 1607 2376 vitia
1658 2322 1893 2375 Neronis
1940 2320 2044 2373 hoc

475 2417 641 2472 etiam
678 2425 816 2480 erat,
854 2415 997 2485 quod
1022 2414 1342 2469 citharusdis
1364 2423 1420 2468 et
1444 2414 1625 2467 mimis
1657 2412 2044 2476 delectaretur,

477 2523 541 2561 ac
588 2522 802 2575 semper
845 2507 1178 2560 temulentus
1222 2514 1400 2572 esset;
1440 2520 1551 2573 quo
1588 2506 1754 2558 [iebat
1801 2514 1860 2556 ut
1887 2504 2048 2556 inno-

477 2609 666 2654 centes
714 2600 825 2652 vita
878 2600 1161 2668 spoliaret.
1224 2599 1363 2652 llinc
1421 2606 1705 2667 tantopere
1768 2596 2046 2649 hominem

478 2690 709 2744 aversati
741 2700 869 2744 sunt
902 2690 1131 2763 Romani
1153 2730 1167 2754 ,
1230 2698 1290 2743 ut
1320 2698 1471 2743 motu
1506 2689 1781 2743 concitato
1820 2701 1944 2740 eum
1980 2684 2048 2738 ad

479 2794 669 2831 necem
699 2786 1012 2847 post'erent.
1071 2776 1186 2843 Qua
1223 2792 1280 2832 re
1306 2776 1521 2845 cognita
1541 2777 1683 2831 Nero
1704 2775 1924 2831 sibimet
1946 2773 2048 2843 ipsi

482 2883 674 2923 manus
705 2870 909 2932 attulit,
942 2869 1256 2939 hujusmodi
1282 2869 1527 2939 quaedam
1555 2869 1736 2922 fatus:
1774 2866 2049 2932 «Qualem,

2141 1778 2233 1829 καὶ
2256 1775 2463 1847 Πρόόος
2495 1780 2521 1829 6
2557 1777 2693 1847 ἀνὴρ
2727 1780 2820 1831 καὶ
2855 1778 3056 1841 πάντες
3087 1780 3136 1830 οἱ
3164 1778 3342 1830 λοιποὶ
3374 1775 3628 1845 καθεξῆς.

2216 2041 2323 2095 Τοῦ
2346 2041 2526 2109 μέντοι
2551 2040 2802 2110 Νέρωνος
2818 2038 3100 2108 ’Λνίκητόν
3123 2056 3247 2093 τινα
3276 2039 3582 2099 στείλαντος
3608 2037 3707 2090 ἐπὶ

2142 2133 2219 2203 τῷ
2276 2135 2374 2203 τὴν
2409 2133 2622 2202 μητέρα
2662 2130 2826 2184 αὑτοῦ
2859 2132 3226 2200 Ἀγριππῖναν
3273 2124 3615 2191 ἀποκτεῖναι,
3653 2127 3706 2179 τί

2145 2227 2288 2278 ποιεῖ
2332 2224 2504 2292 cum;
2570 2224 2680 2293 Τὴν
2740 2223 2943 2291 ἑαυτῆς
3016 2223 3262 2289 γαστέρα
3328 2221 3705 2290 γυμνώσασα*

2150 2336 2168 2367 ι
2204 2317 2337 2369 Παίε
2383 2315 2651 2383 Ἀνίκητε,
2672 2314 2798 2384 ἔφη,
2818 2316 2968 2376 παῖε,
2997 2315 3078 2366 ὃτι
3103 2313 3332 2384 Νέρωνα
3362 2312 3703 2379 ἐγέννησεν.»

2146 2401 2313 2469 Οὗτος
2336 2409 2362 2459 6
2400 2406 2591 2475 Νέρων
2638 2406 2775 2473 πρὸς
2824 2407 2936 2467 τοῖς
2966 2404 3147 2466 ἄλλοις
3198 2404 3364 2458 αὐτοῦ
3396 2405 3585 2463 κακοῖς
3615 2403 3711 2453 καὶ

2145 2497 2468 2566 κιθαρῳδοῖς
2524 2495 2618 2547 καὶ
2675 2495 2863 2563 μίμοις
2926 2494 3260 2562 ἐπέχαιρεν,
3316 2490 3708 2561 ἀκρατόποτῶν

2146 2589 2307 2642 ὲσαεΐ
2358 2586 2653 2640 κάντεῦθεν
2700 2587 2825 2648 τοὺς
2877 2587 3150 2647 ἀναιτίους
3222 2585 3543 2655 ἀποστερῶν
3608 2583 3706 2651 τῆς

2149 2680 2319 2750 ζωῆς.
2349 2680 2616 2733 Τοσοῦτον
2674 2678 2731 2731 δὲ
2768 2679 3031 2747 Ῥωμαῖοι
3085 2679 3521 2747 ἀπεστράφησαν
3549 2676 3709 2730 αὐτὸν

2147 2770 2219 2831 ὡς
2259 2772 2544 2837 ἐπιστῆναι
2576 2768 2668 2819 καί
2706 2784 2835 2819 ποτε
2873 2766 3062 2819 τοῦτον
3100 2769 3515 2837 ἀναιρήσοντες.
3542 2764 3713 2817 Τοῦτο

2148 2861 2205 2912 δὲ
2242 2859 2401 2924 γνοὺς
2432 2860 2458 2908 ὁ
2492 2856 2679 2927 Νέρων
2709 2859 2901 2911 ἑαυτὸν
2939 2858 3326 2927 διεχειρίσατο,
3384 2859 3549 2928 μηδὲν
3582 2858 3713 2910 ἄλλο

480 2974 515 3013 o
565 2958 819 3029 Jupiter,
877 2959 1162 3013 hominum
1213 2961 1323 3014 vita
1374 2958 1739 3015 citharmdum
1774 2958 2044 3012 amittitli

2154 2952 2320 3003 εἰπὼν
2349 2951 2381 3021 ἦ
2413 2952 2571 3002 τοῦτο
2601 2952 2695 3004 καὶ
2725 2954 2885 3019 μόνον
2907 2966 2919 2980 ·
2963 2969 2980 3002 ι
3009 2949 3154 3016 Οἷον,
3182 2948 3225 3005 ὦ
3257 2952 3380 3015 Ζεῦ,
3410 2951 3713 3021 κιθαρῳδὸν

480 3051 750 3106 Caeterum
784 3050 889 3105 hoc
922 3066 1143 3120 quoque
1173 3051 1449 3104 memoriae
1482 3049 1758 3120 proditum
1792 3057 1897 3109 est,
1943 3047 2049 3100 Lu-

482 3159 599 3197 cam
627 3152 907 3197 auctorem
941 3143 1267 3212 evangelicze
1294 3142 1537 3196 historias
1564 3141 1619 3194 in
1646 3141 1765 3194 olca
1791 3138 2050 3207 frugifera

486 3230 737 3284 suilixnm
770 3229 972 3294 fuisse;
1022 3245 1256 3299 cumque
1291 3229 1539 3298 pretiosae
1587 3228 1763 3297 ipsius
1793 3226 2043 3294 reliquias

482 3334 751 3386 nusquam
801 3319 1217 3387 reperirentur,
1272 3319 1419 3387 quod
1458 3328 1641 3371 essent
1694 3318 1837 3370 inter
1881 3318 2049 3369 multa

486 3410 698 3478 tuguria
728 3410 963 3479 rejectaz,
1002 3410 1259 3479 precibus
1284 3409 1636 3478 impetratum
1674 3418 1757 3462 est
1789 3423 1817 3460 a
1851 3409 1961 3461 Deo
1995 3418 2052 3462 ut

482 3499 704 3568 collyria
738 3500 985 3566 quaedam
1036 3500 1249 3555 medica
1283 3499 1642 3561 demitteret,
1696 3500 1829 3553 artis
1878 3502 2049 3553 sancti

482 3588 589 3641 viri
627 3588 872 3659 symbola
903 3606 918 3653 ;
974 3588 1177 3658 quibus
1207 3589 1517 3658 conspectis
1570 3589 1813 3658 reliquiae
1847 3589 2048 3644 ibidem

484 3688 719 3748 repertae
750 3688 1087 3749 servataque
1115 3688 1265 3734 sunt.

555 3772 867 3826 Secundum
920 3771 1038 3826 haec
1085 3788 1195 3826 non
1256 3772 1433 3827 multo
1467 3772 1758 3843 interjemo
1808 3781 2052 3843 tempore

483 3863 798 3917 Judzeorum
833 3859 1109 3914 excidium
1146 3861 1397 3929 appetiit,
1432 3860 1597 3930 idque
1633 3876 1741 3915 non
1775 3860 1882 3914 alio
1918 3871 2054 3914 tem-

484 3966 616 4020 pore
646 3964 808 4019 quam
846 3949 1003 4014 festo,
1041 3964 1144 4004 nec
1172 3951 1225 4003 id
1259 3952 1358 4005 abs
1394 3938 1473 4005 re.
1532 3951 1666 4031 Nam
1699 3967 1796 4021 par
1832 3960 1948 4006 erat
1994 3962 2055 4005 ut

486 4042 689 4111 quibus
714 4040 793 4094 illi
821 4040 1017 4095 diebus
1038 4041 1092 4094 in
1128 4040 1415 4095 Dominum
1443 4042 1827 4112 deliquissent,
1860 4043 2052 4097 iisdem

484 4147 539 4187 et
575 4132 804 4201 praemia
829 4143 1320 4201 consequerentur,
1360 4149 1674 4203 quanquam
1704 4148 1834 4188 sane
1868 4135 2055 4189 multls

484 4224 664 4278 modis
697 4221 913 4277 eﬂicere
945 4231 1176 4275 conatus
1202 4232 1287 4276 est
1318 4222 1461 4278 Deus
1509 4235 1568 4277 ut
1605 4226 2052 4279 emendarentur.

2152 3044 2178 3094 6
2218 3041 2327 3110 βίος
2367 3039 2699 3109 ζημιοῦταιὶ
2746 3059 2763 3089 ι
2801 3042 3029 3107 Λέγεται
3064 3041 3117 3093 δὲ
3151 3042 3434 3105 καὶτοῦτο,
3468 3043 3549 3093 ὅτι
3580 3043 3710 3093 Λου-

2153 3136 2255 3195 κᾶς
2283 3135 2311 3183 6
2335 3132 2632 3193 ἀπόστολος
2655 3133 2746 3183 ἐπὶ
2771 3134 3123 3203 καρποφόρου
3157 3134 3342 3195 ἐλαίας
3370 3133 3711 3205 ἐσταυρώθη.

2156 3223 2381 3292 Ἄδηλον
2403 3223 2458 3275 δὲ
2490 3218 2556 3291 ἦν
2579 3222 2641 3274 τὸ
2674 3224 2855 3291 τίμιον
2884 3224 3049 3276 αὐτοῦ
3075 3224 3322 3292 λείψανον
3343 3225 3429 3276 διὰ
3465 3225 3523 3276 τὸ
3554 3226 3715 3291 μέσον

2155 3312 2365 3365 πολλῶν
2423 3315 2801 3381 σκηνωμάτων
2862 3315 3121 3383 ῥιφῆναι·
3179 3316 3267 3368 διὰ
3321 3318 3624 3386 προσευχῆς
3658 3317 3713 3368 δὲ

2155 3403 2399 3471 ἔπεμψεν
2428 3406 2454 3455 ὁ
2480 3404 2614 3466 Θεὸς
2638 3405 2930 3473 κουλούρια
2972 3407 3190 3475 ἰατρικὰ
3224 3407 3469 3475 σύμϐολα
3502 3409 3597 3475 τῆς
3622 3410 3713 3458 τέ-

2153 3511 2285 3563 χνης
2312 3493 2500 3554 αὐτοῦ.
2558 3496 2653 3547 καὶ
2710 3494 2852 3548 οὕτω
2891 3497 3207 3566 φανερωθὲν
3239 3498 3475 3551 ἐνταῦθα
3521 3501 3713 3549 επανε-

2155 3586 2323 3655 σώθη.

2228 3769 2303 3819 Οὐ
2346 3765 2513 3824 πολὺς
2566 3768 2702 3836 μετὰ
2759 3765 2930 3819 ταῦτα
2986 3766 3277 3839 παρερῤύη
3314 3770 3523 3839 καιρός,
3565 3772 3657 3823 καὶ
3685 3775 3716 3837 ἡ

2155 3858 2264 3910 τῶν
2304 3858 2577 3911 Ἰουδαίων
2629 3858 2858 3924 ἐφθάκει
2914 3859 3186 3913 ἀπώλεια.
3230 3861 3341 3913 Οὐκ
3395 3865 3449 3913 ἐν
3491 3863 3634 3932 ἄλλῳ
3660 3864 3715 3915 δὲ

2155 3950 2331 4018 καιρῷ
2360 3950 2540 4017 ἦλθεν,
2580 3950 2697 4000 ἀλλ’
2729 3952 2785 4000 ἐν
2815 3950 3003 4018 ἡμέρᾳ
3032 3951 3127 4018 τῆς
3170 3952 3384 4023 ἑορτῆς.
3432 3954 3537 4005 Καὶ
3571 3955 3716 4005 εἰκῇ-

2155 4059 2262 4102 τως
2285 4057 2298 4070 ⁶
2334 4042 2500 4111 ἐχρῆν
2533 4043 2641 4108 γὰρ
2664 4041 2863 4099 αὐτοὺς
2904 4041 2963 4092 ὲν
2998 4034 3083 4103 αἷς
3108 4044 3188 4104 εἰς
3236 4042 3325 4093 τὸν
3361 4042 3562 4112 Κύριον
3590 4044 3715 4110 ἐξῇ-

2160 4148 2383 4200 μαρτον,
2436 4134 2494 4182 ἐν
2546 4132 2734 4191 αὑταῖς
2771 4133 2862 4181 καὶ
2904 4131 2971 4183 τὰ
3002 4131 3258 4203 ἐπίχειρα
3298 4134 3500 4203 εὑρεῖν,
3540 4139 3717 4188 καίτοι

2156 4239 2218 4289 γε
2254 4223 2424 4275 πολλὰ
2449 4222 2541 4274 τοῦ
2590 4222 2726 4273 Θεοῦ
2754 4224 3079 4291 ποιήσαντος
3109 4223 3194 4275 ἵνα
3221 4223 3577 4290 διορθωθῶσι.
3612 4227 3716 4279 Καὶ

483 4313 698 4367 Etenim
756 4311 900 4364 inter
932 4310 1036 4363 alia
1091 4312 1176 4363 vir
1226 4313 1488 4380 quidam,
1521 4313 1610 4367 cui
1654 4325 2044 4399 nomen/esset

2154 4316 2260 4399 γὰρ
2284 4312 2569 4383 ἄνθρωπός
2593 4330 2676 4376 τις
2698 4313 2906 4381 Ἰησοῦς
2935 4317 3077 4367 κατᾶ
3106 4313 3204 4383 τὴν
3229 4316 3423 4385 ἑορτὴν
3454 4317 3550 4383 τῆς
3578 4319 3720 4381 Σκη-

482 4405 661 4467 Jesus,
695 4401 813 4469 ipso
845 4397 1351 4462 Tabernaculorum
1380 4401 1518 4456 festo
1546 4402 1802 4470 templum
1834 4397 2047 4472 ingres-

484 4509 578 4548 sus
632 4492 738 4544 alta
789 4505 922 4544 voce
968 4489 1036 4543 ab
1080 4499 1310 4559 utraque
1345 4502 1499 4559 parte
1536 4492 2051 4563 llierosolymamet

487 4583 747 4655 populum
783 4583 1115 4653 lamentatus
1165 4590 1269 4635 est.
1309 4582 1450 4646 Quin
1488 4584 1651 4636 etiam
1683 4585 1874 4637 urbem
1926 4584 2049 4637 uni-

488 4690 703 4730 versam
738 4672 947 4736 obibat,
981 4688 1147 4740 seque
1180 4671 1387 4724 feriens
1419 4670 1633 4725 aiebat:
1668 4671 1788 4726 «Vae
1823 4689 1898 4726 va:
1921 4674 2052 4727 llic-

487 4768 821 4837 rosolymze.»
886 4762 1110 4815 Duobus
1156 4759 1356 4829 elapsis
1382 4762 1541 4814 annis
1567 4764 1784 4833 cingula
1814 4779 1909 4816 sua
1942 4764 2052 4832 cly-

488 4869 821 4923 peorumque
861 4851 1011 4905 coria
1057 4851 1409 4904 mandebant.
1476 4851 1637 4908 Forte
1666 4855 1863 4907 mulier
1903 4870 2051 4923 quae-

487 4947 627 5007 dam,
655 4960 776 5012 quae
810 4943 990 4996 Maria:
1038 4957 1239 4997 nomen
1290 4942 1538 5006 haberet,
1572 4942 1867 4998 admodum
1916 4960 2052 5013 Opu-

488 5039 652 5099 lenta,
695 5036 746 5086 in
798 5033 992 5085 urbem
1040 5049 1108 5087 ex
1161 5049 1291 5103 agro
1345 5034 1693 5103 migraverat.
1763 5035 1889 5087 Eam
1925 5052 2048 5089 cum

398 5150 411 5159 -
487 5126 717 5195 populus
748 5136 1054 5199 commeatu
1102 5124 1558 5194 facultatibusque
1588 5126 1704 5181 suis
1736 5127 2047 5196 spoliasset,

486 5233 583 5269 nec
614 5216 849 5284 amplius
893 5216 944 5270 ei
979 5216 1276 5285 quidquam
1313 5226 1601 5285 superaret
1630 5219 1773 5273 unde
1818 5202 2048 5286 viveret,

485 5310 653 5361 lilium
690 5323 848 5360 suum
886 5308 1177 5362 lactentem
1210 5317 1357 5362 assat
1398 5316 1454 5362 et
1500 5311 1759 5387 comedit.
1828 5311 1948 5376 Qua
1992 5328 2050 5366 re

481 5409 773 5470 conspecta
805 5401 991 5455 cuncti
1023 5415 1186 5469 quam
1238 5401 1471 5470 primum
1523 5403 1696 5456 emori
1733 5405 2045 5472 cupiebant.

480 5493 685 5546 Eodem
721 5503 968 5562 tempore
993 5504 1189 5546 ventus
1218 5493 1409 5560 ingens
1432 5493 1668 5545 hostium
1694 5494 1913 5560 quidem
1946 5497 2047 5551 tela

481 5583 689 5638 directo
723 5583 777 5651 in
806 5582 1024 5639 Judaaos
1057 5583 1293 5648 ferebat;
1320 5582 1631 5637 Judzeorum
1657 5599 1785 5638 vero
1809 5586 2047 5656 abripic-

2153 4396 2419 4473 νοπηγίας
2454 4405 2627 4459 ἐλθὼν
2658 4406 2714 4456 ὲν
2749 4406 2827 4472 τῷ
2855 4407 2987 4475 ἱερῷ
3009 4404 3277 4473 ἀνέκραξε
3302 4411 3451 4476 φωνῇ
3485 4409 3590 4461 ἀπὸ
3613 4410 3721 4460 τῶν
3742 4396 3761 4412 ’

2150 4499 2432 4565 τεσσάρων
2466 4495 2647 4566 μερῶν
2669 4498 2761 4547 ἐπὶ
2787 4497 3146 4566 Ἰεροσόλυμα
3172 4500 3266 4549 καὶ
3295 4498 3384 4549 τὸν
3411 4498 3561 4559 λαὸν,
3581 4499 3717 4550 ἀλλὰ.

2152 4588 2245 4638 καὶ
2266 4588 2362 4654 τὴν
2393 4587 2544 4638 πόλιν
2583 4588 2767 4639 πᾶσαν
2800 4589 3224 4656 περιερχόμενος
3256 4590 3349 4643 καὶ
3385 4590 3719 4657 τυπτόμενος

2151 4677 2363 4743 ἔλεγεν·
2417 4694 2434 4726 ι
2475 4678 2631 4738 Οὐαί,
2693 4679 2837 4741 οὐαὶ,
2872 4674 3247 4748 Ἱεροσόλυμα.
3287 4698 3303 4729 ι
3354 4682 3459 4732 Δύο
3482 4686 3575 4733 καὶ
3608 4686 3716 4749 γὰρ

2151 4773 2241 4839 ἔτη
2308 4771 2823 4840 περικυκλωθέντες
2865 4773 2961 4823 καὶ
3011 4773 3392 4842 ἀπορήσαντες
3442 4777 3569 4836 τοὺς
3608 4776 3716 4838 ζω-

2152 4865 2357 4933 στῆρας
2389 4864 2482 4914 καὶ
2506 4865 2573 4915 τὰ
2605 4865 2850 4933 δέρματα
2871 4863 2978 4916 τῶν
3010 4866 3220 4932 θυρεῶν
3245 4867 3552 4932 ἐμασῶντο.
3577 4869 3719 4938 Γυνὴ

2148 4956 2203 5006 δέ
2239 4973 2319 5016 τις
2347 4954 2536 5025 Μαρία
2564 4956 2823 5024 τοῦνομα.
2854 4957 3084 5009 πλουσία
3113 4954 3245 5010 οῦσα
3278 4960 3502 5027 σφῦδρα,
3529 4964 3590 5010 ὲκ
3620 4961 3720 5028 τῆς

2150 5046 2330 5116 χώρας
2386 5048 2521 5115 πρὸς
2573 5050 2670 5117 τὴν
2703 5050 2858 5100 πόλιν
2918 5049 3160 5119 εἰσῆλθε,
3213 5055 3307 5104 καὶ
3341 5055 3407 5102 τὰ
3442 5054 3717 5121 προσόντα

2149 5138 2284 5205 αὑτῇ
2323 5139 2678 5192 σκυλευθεῖσα
2711 5139 2817 5193 ὑπὸ
2869 5140 2964 5194 τοῦ
2999 5139 3131 5193 λαοῦ
3163 5144 3254 5195 καὶ
3293 5143 3366 5212 μὴ
3401 5143 3599 5212 ἔχουσα
3625 5144 3721 5212 ζῆ-

2154 5245 2263 5290 σαι,
2290 5227 2593 5296 ὑπομάζιον
2616 5230 2787 5299 αὐτῆς
2820 5232 2988 5283 παῖδα
3019 5232 3306 5301 ὀπτήσασα
3327 5235 3518 5302 ἔφαγε.
3545 5236 3721 5288 Τοῦτο

2148 5317 2241 5369 οὖν
2297 5319 2497 5381 ἰδόντες
2531 5318 2760 5389 ηὔχοντο
2789 5324 2975 5390 τάχιον
3002 5324 3316 5380 ἀποθανεῖν.
3371 5327 3481 5378 Καὶ
3519 5327 3718 5380 θύελλα

2147 5409 2267 5461 τότε
2297 5396 2547 5471 ἔπνευσε,
2583 5413 2674 5462 καὶ
2724 5412 2793 5463 τὰ
2822 5414 2921 5480 μὲν
2955 5412 3081 5483 βέλη
3114 5416 3220 5466 τῶν
3252 5417 3525 5483 ποί·εμίων
3554 5416 3716 5485 ὃρθια

2150 5500 2331 5568 ἔφερε,
2395 5502 2462 5553 τὰ
2500 5502 2553 5552 δὲ
2586 5503 2693 5553 τῶν
2748 5504 3020 5556 Ἰουδαίων
3086 5506 3312 5572 πλάγια,
3350 5509 3420 5569 ὡς
3462 5508 3714 5559 ἐντεῦθεν

2300 5594 2397 5662 τὴν
2446 5594 2709 5663 Ἱερεμίου
2765 5599 3104 5667 προρητείκν
3161 5600 3333 5669 πέρας
3379 5600 3567 5653 λαϐεῖν
3618 5600 3716 5667 τὴν
