4154 6200
529 272 632 334 455

1797 279 2209 340 MICHAELIS
2247 279 2503 339 GLYC/E

3639 267 3740 330 AiEf-

532 383 663 437 tidie
721 384 1157 442 Christianorum
1219 388 1408 458 augeri
1470 403 1760 442 numerum
1813 397 2082 452 cerneret,

2193 388 2514 458 Χριστιανὸς
2545 385 2784 454 γεγονὼς
2822 385 2928 438 τῶν
2975 384 3252 455 προτέρων
3305 379 3744 447 ὲπιττβίυμὲετιιγι

451 479 461 491 ‘
529 474 809 544 Deumque
833 483 1043 530 ostenta
1067 487 1123 530 et
1152 476 1394 546 prodigia
1425 492 1522 546 per
1543 491 1636 532 eos
1657 475 1836 540 edere,
1868 471 2086 530 stimulo

531 569 768 632 quodam
823 567 986 620 animi
1025 569 1263 636 percitus
1311 585 1368 621 se
1400 567 1722 621 Christianis
1754 570 2083 638 aggregavit.

530 658 659 710 Erat
704 667 884 712 autem
935 661 1240 729 astrologia:
1289 660 1670 728 peritissimus.
1737 660 1853 727 Quo
1887 661 2086 718 factum

532 759 592 801 ut
627 760 978 818 posteaquam
1004 752 1439 812 Christianorum
1472 753 1732 824 religione
1769 753 1959 808 fuisset
1987 753 2092 806 im-

535 844 720 909 butos,
756 845 937 913 priora
971 846 1146 900 studia
1179 845 1432 900 deserere
1462 845 1650 899 nollet.
1709 843 1894 914 Itaque
1933 844 2093 899 Chri-

533 937 697 990 stiani
729 937 1066 1001 sacerdotes,
1097 936 1190 1006 qui
1215 952 1340 990 eum
1376 944 1493 1005 post
1537 938 1740 991 multas
1760 937 2091 991 admonitio~

531 1043 628 1081 nes
653 1027 720 1081 ab
749 1029 1087 1097 astrologiae
1116 1028 1416 1094 disciplina:
1449 1028 1632 1082 studio
1655 1028 1921 1082 desistere
1951 1029 2092 1082 nolle

530 1129 842 1183 cernerent,
880 1120 1157 1174 hominem
1191 1136 1219 1173 a
1246 1129 1389 1174 metu
1425 1135 1578 1174 sacro
1603 1119 1918 1190 prohibent,
1950 1120 2090 1190 quod

530 1210 680 1264 hisce
703 1212 882 1280 pomis
903 1212 1113 1266 scilicet
1134 1213 1306 1280 ipsum
1332 1195 1718 1266 emendatores
1738 1228 1793 1266 se
1816 1221 2091 1282 putarent.

531 1302 669 1355 Tum
699 1303 788 1358 ille
823 1305 1056 1373 quadam
1092 1305 1378 1359 iracundia
1407 1305 1578 1374 magis
1621 1295 1780 1358 etiam
1829 1320 2097 1359 accensus-

530 1395 596 1446 ad
623 1393 939 1448 Iuda-orum
985 1394 1300 1449 sacerdotes
1342 1410 1399 1449 se
1445 1393 1679 1458 confert,
1723 1409 1786 1448 ac
1817 1409 1912 1462 per
1937 1410 2096 1449 exse-

530 1489 832 1541 crationem
880 1487 1304 1542 Christianismo
1353 1486 1566 1555 ejurato
1615 1487 2090 1541 circumcisionem

535 1578 751 1646 recipit.
807 1577 988 1648 Atque
1019 1579 1119 1633 hac
1152 1580 1264 1648 ipsa
1297 1580 1360 1630 de
1401 1592 1564 1630 causa
1594 1578 1830 1646 linguam
1864 1575 2094 1631 llebrai-

2196 478 2362 540 αύτοῦ
2399 477 2714 531 παύσασθαι
2751 477 2850 530 οὐκ
2893 474 3175 545 ἠθέλησεν.
3205 471 3267 526 Οἱ
3300 469 3392 524 οὖν
3422 471 3585 540 ἱερεῖς
3640 469 3748 520 τῶν

2197 575 2539 644 Χριστιανῶν
2567 574 2640 637 ὡς
2670 573 2858 647 ἐώρων
2885 572 3048 626 αὐτὸν
3077 569 3217 641 μετὰ
3254 567 3453 629 πολλὰς
3488 563 3749 634 παραινέ-

2200 683 2312 731 σεις
2352 669 2443 720 τοῦ
2469 667 2924 739 ἀστρονομεῖσθαι
2953 667 3028 736 μὴ
3074 661 3514 734 παραιτούμενον
3545 660 3754 710 παύσα-

2201 759 2347 827 σθαι,
2381 760 2482 830 τῆς
2510 761 2804 829 ἐκκλησίας
2834 759 3025 829 πόρρω
3057 773 3156 809 που
3193 754 3467 826 βάλλουσι,
3493 751 3604 811 τοῖς
3635 751 3755 800 ἐπι-

2195 854 2398 923 τιμίοις
2435 854 2596 906 αὐτὸν
2629 851 2987 922 διορθωθῆναι
3023 849 3354 919 νομίζοντες.
3387 843 3550 897 ’Λλλᾶ
3575 840 3750 908 θυμοῦ

2199 940 2400 1009 μᾶλλον
2460 941 2664 1002 ἐκεῖνος
2721 937 2973 992 ἐντεῦθεν
3013 936 3274 1006 πλησθεὶς
3322 934 3434 994 τοῖς
3486 929 3594 982 τῶν
3625 927 3756 979 ἰου-

2193 1030 2358 1083 δαίων
2394 1029 2601 1101 ἱερεῦσι
2655 1029 3040 1100 προσέρχεται,
3083 1028 3179 1081 καὶ
3208 1025 3298 1078 τὸν
3330 1019 3756 1092 Χριστιανισμὶιν

2196 1122 2602 1190 ἀναθεματίσας
2659 1122 2966 1192 περιτομὴν
3024 1118 3401 1188 καταδέχεται.
3460 1113 3642 1182 Ταύτῃ
3675 1126 3756 1163 τοι

2197 1210 2291 1262 καὶ
2339 1209 2438 1280 τὴν
2484 1209 2744 1280 Ἐὂραῖδα
2778 1209 3024 1278 γλῶτταν
3053 1204 3436 1264 ἐκπαιδευθεὶς
3499 1201 3759 1268 δευτέραν

2196 1303 2410 1356 ἔκδοσιν
2441 1301 2549 1355 τῶν
2603 1301 2835 1374 Γραφῶν
2861 1300 3184 1370 ἐποιήσατο,
3216 1295 3313 1358 τὰς
3364 1293 3492 1364 περὶ
3524 1289 3758 1359 Χριστοῦ

2197 1394 2502 1466 μαρτυρίας
2553 1393 2888 1464 ἐπικαλύψαι
2918 1393 3100 1446 τέλεον
3125 1387 3538 1460 μηχανώμενος.
3573 1383 3758 1451 Ἔχεις

2196 1487 2306 1541 ἰδοὺ
2329 1487 2441 1540 καὶ¹
2456 1487 2556 1560 τὴν
2581 1487 2784 1552 αἰτίαν,
2811 1483 3088 1554 ἀγαπητέ,
3109 1482 3180 1535 δι’
3209 1482 3277 1552 ἢν
3305 1481 3334 1533 ὁ
3354 1477 3591 1538 Ἀκύλας
3617 1475 3756 1526 ἐκεί-

2195 1597 2280 1642 νος
2309 1580 2562 1634 ἐνόθευσε
2591 1583 2689 1644 τὰς
2713 1579 2960 1650 Γραφάς.

533 1687 650 1726 eam
682 1672 914 1727 edoctus
983 1689 1178 1728 novam
1227 1672 1520 1743 quamdam
1607 1687 1888 1725 sacrarum
1941 1672 2274 1729 Litterarum
2305 1677 2817 1747 interpretationem
2880 1675 3141 1739 instituit,
3173 1669 3486 1728 testimonia
3507 1668 3574 1723 de
3597 1664 3755 1721 Citri-

530 1776 616 1819 sto
645 1779 873 1833 prorsus
895 1765 1198 1819 obscurare
1232 1781 1297 1820 ac
1327 1774 1508 1836 tegere
1538 1779 1754 1820 summo
1782 1763 1960 1817 studio
1987 1775 2235 1820 conatus.
2290 1767 2430 1824 Hine
2467 1769 2799 1840 intelligere,
2843 1768 3040 1825 dilecte
3100 1767 3196 1837 ﬁli,
3219 1777 3370 1838 potes
3398 1765 3754 1838 quamobrem

530 1861 633 1915 iste
665 1859 858 1929 Aquila
890 1857 1104 1912 divinas
1131 1855 1367 1912 Litteras
1401 1853 1760 1910 adulterando
1787 1854 1943 1924 quasi
1979 1858 2311 1925 corruperit.

595 1955 727 2008 Post
756 1952 1059 2007 Adrianum
1088 1954 1394 2016 Antonius,
1449 1960 1815 2020 cognomento
1851 1949 1980 2004 Pius
2021 1951 2086 2004 oh

2265 1955 2418 2009 Μετὰ
2437 1955 2494 2009 δὲ
2522 1957 2801 2027 Ἀδριανδν
2828 1951 3174 2021 Ἀντωνίνοςξ
3195 1959 3222 2010 ὁ
3255 1955 3342 2009 διὰ
3372 1953 3605 2026 χρηστὸν
3630 1953 3755 2022 τρό-

527 2061 740 2102 morum
794 2045 1209 2114 benignitatem,
1267 2058 1441 2097 annos
1495 2042 1566 2096 22
1620 2043 1942 2112 imperavit;
1991 2043 2092 2096 sub

527 2155 636 2208 quo
689 2137 941 2192 Justinus
981 2136 1342 2206 philosophus
1392 2147 1448 2189 et
1501 2135 1790 2204 Dionysius
1839 2134 2120 2189 Corinthi'

532 2231 782 2295 antistes,
813 2239 871 2283 ut
904 2229 1168 2284 doctrinze
1193 2227 1516 2283 Christianze
1547 2229 1859 2283 testimonio
1887 2237 2092 2293 essent,

531 2324 692 2378 vitam
718 2322 1046 2377 amiserunt.
1081 2319 1360 2376 Successit
1391 2320 1521 2376 huic
1550 2320 1763 2376 Marcus
1800 2321 2089 2386 Antonius,

527 2413 620 2482 qui
653 2413 860 2482 collega
893 2410 1098 2466 Severo
1128 2426 1332 2483 genere
1371 2426 1474 2466 suo
1523 2412 1590 2466 19
1628 2427 1804 2467 annos
1843 2412 2091 2482 impera-

527 2505 624 2558 rit.
663 2503 797 2574 Ejus
825 2503 1056 2572 imperio
1087 2501 1228 2573 ignis
1257 2512 1587 2570 conspectus
1620 2509 1723 2566 est,
1760 2501 1853 2570 qui
1883 2516 1914 2556 e
1953 2501 2091 2556 caalo

523 2593 897 2650 delaberetur.
956 2591 1089 2646 Erat
1113 2587 1412 2662 imperator
1443 2589 1654 2646 Marcus
1682 2592 1963 2662 sapientiae
1995 2593 2093 2646 do-

520 2689 936 2754 ctrinarumque
966 2683 1168 2739 studiis
1201 2684 1530 2746 innutritus,
1565 2685 1800 2754 ideoque
1838 2685 2090 2742 homines

521 2780 788 2850 sapientia
815 2779 1236 2846 litterarumque
1277 2777 1589 2847 cognitione
1617 2780 1879 2848 przeditos
1895 2793 2090 2850 magno

520 2873 754 2927 habebat
787 2873 840 2925 in
873 2871 1070 2940 pretio.
1119 2869 1252 2925 Cum
1292 2871 1544 2926 hostibus
1572 2872 1865 2940 aliquando
1903 2874 2091 2942 ingru-

518 2967 742 3020 cutibus
774 2968 840 3018 ad
865 2963 1328 3019 conscribendum
1369 2966 1599 3019 militem
1626 2966 1889 3034 pecunias
1911 2968 2089 3021 nullas

519 3062 768 3123 haberet.
825 3061 1242 3130 supellectilem,
1305 3072 1364 3114 ut
1413 3061 1591 3124 aiunt,
1652 3071 2086 3130 ornamentaque

519 3153 874 3221 imperatoria
921 3155 974 3206 in
1035 3152 1154 3207 foro
1187 3153 1492 3222 preposuit,
1535 3167 1741 3220 perque
1783 3168 2085 3221 praeconem

519 3244 840 3312 proclamari
869 3243 1036 3312 jussit
1068 3255 1124 3298 ut
1157 3246 1474 3313 quicunque
1500 3243 1679 3308 vellet,
1717 3244 1850 3296 citra
1882 3255 2091 3299 metum-

2198 2063 2297 2100 πον
2321 2048 2610 2120 λεγόμενος
2636 2048 2888 2119 εὐσεϐὴς,
2906 2049 3000 2119 ἐτη
3029 2046 3109 2118 κβ⁹
3142 2045 3278 2120 (66),
3302 2047 3390 2114 ἐφ’
3410 2038 3473 2098 οὗ
3505 2046 3598 2096 καὶ
3626 2041 3754 2095 Ἰου-

2198 2140 2372 2200 στῖνος
2390 2139 2417 2190 ὁ
2451 2138 2740 2208 φιλόσοφος
2765 2140 2858 2192 καὶ
2880 2139 3158 2200 Διονύσιος
3180 2138 3206 2190 ὁ
3228 2137 3529 2196 ἐπίσκοπος
3557 2133 3756 2204 Κορίν-

2197 2229 2290 2281 θου
2313 2230 2372 2281 τὸ
2400 2229 2490 2282 διὰ
2522 2229 2824 2300 μαρτυρίου
2854 2230 3004 2292 τέλος
3051 2227 3323 2295 ἐδέξαντο.
3381 2225 3534 2278 Μετὰ
3557 2222 3614 2275 δέ
3638 2221 3758 2273 τοὶ-

2195 2338 2285 2374 τον
2332 2322 2555 2394 Μάρκος
2592 2323 2620 2374 ὁ
2681 2319 2992 2385 Ἀντωνῖνος
3028 2321 3166 2391 μετὰ
3211 2318 3453 2389 Σεὸήρου
3503 2311 3756 2400 γαμβροῦ

2195 2409 2288 2480 ἔτη
2343 2412 2430 2478 ιϐ’,
2485 2411 2572 2479 ἐφ’
2631 2403 2692 2464 οὗ
2738 2410 2849 2481 πῦρ
2880 2411 2937 2475 ἐξ
2980 2408 3209 2481 ούρανοῦ
3244 2409 3545 2479 φερόμενον
3573 2402 3754 2472 ὤφθη.

2195 2497 2363 2567 Οὗτος
2425 2505 2454 2556 ὁ
2492 2504 2711 2574 Μάρκος
2763 2503 2926 2572 σοφίᾳ.
2976 2503 3070 2556 καὶ
3101 2502 3282 2570 λόγοις
3321 2497 3756 2582 ἐντεθραμμένος

2193 2597 2320 2659 τοὺς
2351 2597 2618 2668 μετόχους
2655 2597 2845 2666 σοφίας
2873 2597 2970 2648 καὶ
3010 2593 3266 2664 γνώσεως
3303 2593 3388 2647 διὰ
3418 2591 3585 2662 τιμῆς
3613 2585 3755 2661 εἶχεν

2191 2689 2273 2742 ὅτι
2307 2689 2530 2760 πολλῆς.
2585 2683 2756 2754 Οὗτος
2808 2690 3187 2760 περιστάντων
3222 2688 3385 2741 αὐτόν
3430 2702 3560 2738 ποτε
3597 2685 3755 2764 πολε-

2197 2779 2358 2849 μίων,
2389 2781 2580 2851 ἐπειδὴ
2610 2781 2912 2852 χρημάτων
2946 2779 3244 2844 ἐσπάνιζεν
3286 2778 3365 2840 εἰς
3407 2775 3465 2829 τὸ
3507 2765 3760 2838 συλλέξαι

2195 2873 2448 2943 στρατὸν,
2485 2873 2576 2926 τὸν
2627 2874 2852 2940 κόσμον,
2909 2873 2984 2936 ὠς
3026 2876 3180 2942 φασὶ,
3241 2870 3328 2923 τὸν
3387 2869 3758 2940 βασίλειονείς

2193 2963 2402 3032 ἀγορὰν
2431 2961 2719 3031 προέθετο,
2745 2962 2990 3033 κηρύξας
3027 2961 3412 3022 ἀνυποστόλως
3445 2959 3534 3013 τδν
3565 2957 3758 3028 βουλό-

2193 3072 2352 3124 μενον
2383 3053 2696 3118 ἐξωνεῖσθαι
2722 3056 2901 3118 λίθους
2931 3057 3251 3128 μαργάρους
3272 3056 3364 3107 καὶ
3390 3053 3488 3106 ὅσα
3510 3050 3754 3104 τοιαῦτα.

2191 3149 2402 3200 Γίνεται
2434 3147 2608 3200 ταῦτα
2630 3163 2642 3173 ·
2671 3149 2905 3217 συνῆκτο
2938 3150 3218 3219 χρήματα.
3250 3144 3544 3216 Σκορπίζει
3581 3142 3759 3197 ταῦτα.

2191 3239 2265 3309 τῷ
2301 3239 2539 3309 στρατῷ,
2575 3241 2722 3310 ὁρμᾷ
2773 3241 2914 3294 κατὰ
2943 3241 3052 3292 τῶν
3106 3240 3386 3305 ἐναντίων,
3433 3235 3752 3308 τροποῦται,

522 3337 693 3393 ullum
749 3351 1014 3405 gemmas,
1047 3337 1305 3390 ~uniones
1337 3336 1550 3404 aliaque
1604 3335 1728 3388 talia
1789 3349 2084 3392 coemeret.

2191 3334 2462 3399 σκυλεύει,
2493 3337 2720 3405 νικητὴς
2752 3336 3111 3407 ὑποστρέφει.
3171 3335 3367 3405 Τίθησι
3395 3332 3581 3386 λοιπὸν
3615 3331 3754 3403 χρή·

519 3430 636 3481 Hoc
685 3428 828 3481 facto
883 3428 1028 3497 large
1070 3429 1307 3497 pretium
1347 3429 1542 3481 harum
1579 3443 1762 3482 rerum
1797 3429 1850 3482 in
1885 3430 2090 3485 milites

517 3529 727 3590 erogat,
762 3521 815 3573 in
847 3521 1060 3574 hostem
1094 3521 1294 3590 pergit,
1347 3535 1469 3574 eum
1506 3520 1558 3572 in
1607 3519 1785 3590 fugam
1838 3522 2083 3590 conjicit,

519 3615 709 3683 spoliis
734 3613 964 3684 potitur.
1012 3614 1190 3667 vietor
1225 3613 1544 3676 revertitur,
1601 3612 1728 3666 inde
1755 3614 2018 3682 pecunias
2051 3629 2081 3668 e

2189 3443 2333 3486 ματα
2363 3429 2430 3498 τῇ
2463 3427 2658 3498 ἀγορᾷ.
2702 3428 2859 3492 Τίνος
2913 3445 3070 3482 νεκεν
3098 3444 3112 3494 ;
3165 3428 3326 3480 Ὥστε
3360 3429 3453 3481 καὶ
3481 3425 3641 3478 πάλιν
3663 3424 3755 3474 τὸν

2186 3505 2408 3570 θέλοντα
2438 3519 2506 3573 τὰ
2546 3520 2884 3590 ἐξωνηθέντα
2922 3521 3122 3574 διδόναι
3157 3521 3251 3591 καὶ
3295 3522 3355 3572 τὸ
3383 3520 3602 3589 τίμημα
3655 3517 3751 3569 λα·-

2183 3612 2322 3664 δεῖν.

453 3733 458 3738 -
518 3708 701 3776 przeda
733 3717 917 3776 partas
950 3707 1002 3759 in
1044 3706 1164 3759 foro
1196 3705 1416 3774 publice
1467 3706 1714 3775 deponit.
1749 3705 2115 3770 Quamobrem
2158 3705 2335 3760 istuc?
2389 3707 2455 3762 Ut
2502 3724 2740 3775 rursum,
2777 3710 2867 3777 qui
2911 3724 3040 3764 sane
3105 3709 3290 3771 veliet,
3327 3715 3545 3776 accepto
3579 3705 3755 3775 pretio

515 3814 767 3872 coempta
802 3803 1140 3857 restitueret.

583 3901 714 3954 Post
740 3898 979 3953 Marcum
1016 3900 1159 3954 Iilius
1189 3901 1308 3970 ejus
1333 3899 1670 3956 Commodus
1696 3902 1760 3956 12
1796 3902 1954 3956 annis
1978 3902 2081 3956 im-

511 3993 665 4062 perio
693 3991 930 4061 praefuit.
965 3989 1014 4044 ls
1035 3989 1359 4043 mulieribus
1385 4000 1439 4045 et
1474 3991 1655 4046 mimis
1681 3991 1732 4044 in
1760 3992 2079 4061 quotidiana

511 4075 911 4140 consuetudine
959 4082 1356 4138 delectabatur.
1420 4083 1680 4137 Homines
1725 4091 1976 4152 potentes
2025 4093 2080 4138 et

515 4180 761 4232 illustres
799 4177 983 4245 gladio
1042 4180 1394 4244 percussos'e
1439 4177 1620 4230 medio
1647 4177 1888 4231 tollebat.
1950 4177 2080 4242 Quae

513 4286 678 4324 causa
730 4270 832 4323 fuit
863 4277 921 4321 ut
969 4269 1186 4322 tandem
1237 4283 1447 4321 veneno
1494 4269 1960 4337 exstingueretur.
2022 4270 2080 4323 lu

513 4363 808 4416 muliebres
836 4360 1093 4414 libidines
1139 4359 1427 4414 occasione
1481 4361 1713 4428 quadam
1770 4361 2082 4429 hujusmodi

511 4455 733 4509 exarsit.
775 4452 995 4508 Morbus
1026 4452 1244 4521 quidam
1286 4452 1338 4505 id
1375 4453 1642 4521 temporis
1670 4453 1894 4506 omnino
1915 4451 2084 4521 pesti-

514 4548 632 4600 lens
659 4547 712 4600 in
753 4546 890 4599 urbe
920 4552 1286 4614 grassabatur.
1324 4541 1507 4611 Itaque
1538 4545 1747 4599 veritus
1777 4544 2080 4614 imperator

511 4655 580 4693 ne
615 4648 667 4692 et
695 4641 806 4708 ipse
837 4648 1126 4706 correptus
1151 4636 1255 4688 hoc
1283 4635 1490 4688 exitiali
1515 4639 1705 4690 morbo
1727 4638 1953 4705 periret,
1982 4652 2083 4690 un-

511 4732 728 4800 guentis
761 4729 940 4798 magni
977 4727 1138 4797 pretii
1179 4741 1342 4794 supra
1377 4728 1602 4778 modum
1634 4730 1708 4780 uti
1743 4729 1932 4796 cwpit.
1966 4728 2082 4782 Hoc

2256 3901 2410 3957 Μετὰ
2432 3901 2619 3954 τοῦτον
2654 3901 2935 3971 Κόμμοδος
2957 3901 2984 3952 ὁ
3005 3901 3119 3962 υἱὸς
3149 3899 3316 3953 αὐτοῦ
3340 3899 3434 3971 ἐτη
3462 3898 3548 3971 ιβ’.
3586 3895 3754 3965 Οὗτος

2186 3991 2402 4062 γυναιξὶ
2439 3991 2536 4061 μὲν
2584 3994 2678 4046 καὶ
2735 3993 2922 4061 μίμοις
2977 3994 3283 4065 συνέχαιρε,
3319 3993 3443 4052 τοὺς
3491 3993 3753 4053 δυνατοὺς

2187 4083 2280 4136 καὶ
2309 4081 2646 4153 προῦχοντας
2669 4083 2757 4135 διὰ
2791 4082 2976 4150 ξίφους
3018 4083 3303 4146 ἐθανάτου,
3348 4081 3434 4152 ἐφ’
3549 4085 3640 4134 καὶ
3666 4083 3754 4134 δια

2187 4176 2485 4250 φαρμάκου,
2526 4175 2626 4244 τῆς
2678 4175 2822 4243 ζωῆς
2876 4174 3143 4238 ἐξίστατο.
3189 4169 3354 4234 Οὗτος
3385 4177 3412 4226 ὁ
3462 4175 3753 4243 Κόμμοδος

2189 4269 2505 4339 θηλυμανὴς
2529 4271 2746 4336 ἐγένετο
2768 4270 2953 4338 τρόπῳ
2982 4269 3232 4337 τοιούτῳ.
3267 4269 3399 4320 Κατ’
3429 4269 3606 4320 ἐκεῖνο
3635 4286 3754 4320 και-

2190 4363 2288 4431 ροῦ
2319 4360 2534 4431 νόσημα
2565 4363 2630 4430 τῇ
2667 4360 2822 4412 πόλει
2852 4358 3114 4428 λοιμῶδες
3144 4357 3450 4426 ἐπέσκηψε.
3489 4357 3760 4426 Πτοηθεὶςς

2191 4453 2284 4507 οὖν
2323 4455 2398 4523 μή
2430 4471 2560 4505 ποτε
2591 4454 2686 4506 καὶ
2729 4453 2890 4514 αὐτὸς
2935 4452 3011 4521 τῷ
3043 4451 3270 4520 τοιούτῳ
3297 4450 3607 4519 φθοροποιῷ
3637 4452 3752 4502 δια-

2185 4545 2419 4614 φθαρείη
2469 4547 2758 4612 νοσήματι,
2815 4541 3036 4611 μύροις-
3071 4541 3462 4610 πολυτιμήτοις
3493 4542 3752 4608 κατεχρί-

2185 4653 2334 4688 σατο.
2393 4636 2499 4688 Καὶ
2558 4634 2656 4704 τὴν
2707 4635 2804 4703 μὲν
2867 4635 2976 4687 ἀπὸ
3032 4633 3124 4686 τοῦ
3181 4637 3486 4703 νοσήματος
3542 4632 3752 4701 βλάϐην

2181 4728 2466 4797 ἐξέφυγεν,
2514 4727 2654 4780 ἀλλὰ
2702 4729 3032 4797 κατωφερὴς
3067 4727 3317 4780 ἐντεῦθεν
3349 4728 3427 4789 είς
3461 4724 3750 4795 ἀφροδίσια

511 4820 672 4874 modo
702 4818 864 4888 242
897 4827 1224 4872 consecutus
1265 4817 1355 4870 ille
1397 4817 1618 4886 quidem
1666 4829 1748 4872 est
1791 4826 1852 4871 ut
1899 4818 2074 4872 morbi

2189 4822 2391 4889 γέγονε.

512 4919 619 4964 vim
660 4911 877 4964 noxiam
927 4907 1214 4978 eﬂugeret,
1263 4923 1453 4962 verum
1481 4923 1546 4961 ex
1575 4923 1642 4962 eo
1674 4917 1917 4977 tempore
1949 4924 2075 4977 pro-

511 5005 705 5057 clivior
737 5007 801 5056 ad
853 5016 938 5055 res
973 5015 1238 5055 venereas
1267 5010 1408 5056 erat.
2055 4989 2060 4994 ’

581 5098 708 5152 Post
735 5098 883 5151 hunc
908 5097 1164 5150 Pertinax
1191 5109 1408 5150 menses
1431 5092 1567 5148 duos
1597 5093 1903 5163 imperavit.
1935 5092 2074 5147 Eum

509 5198 731 5244 secutus
757 5189 812 5241 in
839 5187 1070 5257 imperio
1091 5184 1328 5240 Severus
1343 5183 1578 5254 idipsum
1602 5184 1760 5239 annis
1782 5184 1848 5235 l7
1874 5167 2074 5238 tenuit.

582 5331 692 5405 (66)
725 5331 1008 5405 'E‘tq_x6’.
1045 5327 1150 5385 JM.
1190 5327 1613 5405 AleltiPO_Pip
1644 5345 1820 5383 annos
1869 5327 1938 5405 2}
1971 5329 2068 5383 tri-

507 5397 627 5460 buit
657 5397 820 5457 etiam
850 5397 1150 5463 Manasses,
1190 5399 1336 5453 Fasti
1361 5401 1453 5467 25,
1485 5397 1768 5454 Cedrenus
1800 5410 1853 5452 et
1887 5398 2065 5464 Zona-

509 5493 594 5529 ras
631 5475 721 5539 ‘24,
781 5473 1077 5527 Chronicon
1131 5470 1556 5523 Alexandrinum
1614 5471 1702 5523 21.
1776 5471 2066 5537 Imperavit

508 5548 732 5598 omnino
764 5545 920 5597 annis
950 5544 1038 5607 22,
1071 5557 1192 5595 cum
1223 5542 1472 5608 dimidio,
1532 5544 1599 5594 ab
1646 5556 1789 5594 anno
1849 5539 1951 5591 158
2000 5542 2064 5592 ad

508 5632 710 5668 artuum
775 5615 892 5667 161.
943 5613 1046 5679 Qui
1109 5614 1310 5666 dicitur
1354 5611 1911 5680 GraaciSquibusdam
1942 5648 1956 5674 ,
2007 5625 2070 5663 ac

507 5687 826 5754 nominatim
867 5683 1048 5754 Glyca:
1071 5693 1258 5754 nostro
1281 5720 1316 5754 ,_
1369 5683 1631 5752 Σέόηρος,
1695 5683 1815 5735 aliis
1872 5680 2071 5734 dicitur

509 5753 742 5823 υὺἧρος,
774 5763 828 5808 et
863 5751 1021 5826 vulgo
1052 5753 1250 5809 Lucius
1279 5751 1470 5808 Verus.

2250 5091 2404 5146 Μετὰ
2464 5091 2649 5145 τοῦτον
2706 5091 2977 5162 Περτίναξ
3035 5092 3212 5161 μῆνας
3244 5089 3310 5161 β’.
3349 5093 3504 5146 Μετὰ
3561 5091 3747 5144 τοῦτον

2182 5185 2418 5254 Σεὸῆρος
2450 5182 2558 5254 (67)
2593 5182 2689 5252 ἐτη
2738 5183 2820 5247 ιζ’,
2853 5185 2936 5252 ἐφ’
2964 5175 3024 5235 οὗ
3057 5184 3290 5254 Κλήμης
3325 5186 3354 5235 ὁ
3383 5185 3745 5253 Στρωματεὺς

2245 5331 2358 5403 (67)
2391 5330 2493 5385 JM.
2524 5330 2622 5386 Hic
2651 5331 2856 5385 omittit
2881 5331 3091 5386 Didium
3125 5331 3406 5386 Julianum
3455 5335 3546 5402 qui
3572 5334 3746 5401 impe-

2176 5401 2315 5455 rium
2341 5401 2551 5471 ‘septem
2611 5417 2827 5456 menses
2883 5406 3096 5456 tenuit:
3136 5406 3230 5457 sed
3269 5401 3483 5458 librarii
3527 5406 3743 5472 culpam

2175 5487 2398 5544 censeo,
2431 5473 2607 5540 inquit
2636 5490 2649 5525 :
2681 5473 2824 5541 quod
2860 5489 2988 5527 vero
3013 5475 3237 5542 subjicit
3301 5490 3476 5544 neque
3524 5474 3744 5544 Glyeam

2175 5541 2314 5594 Didii
2355 5541 2514 5611 hujus
2542 5546 2880 5608 meininisse,
2906 5544 3088 5597 mirari
3113 5541 3353 5613 profecto
3389 5541 3620 5598 'desine't
3649 5545 3743 5612 qui

2178 5613 2578 5684 noveritunum
2630 5614 2992 5682 eumdemque
3037 5629 3158 5669 esse
3205 5615 3426 5684 Glycam
3477 5631 3599 5668 eum
3643 5630 3746 5667 suo

2177 5682 2269 5736 illo
2299 5681 2587 5755 Theodoro
2619 5681 2931 5755 Metochita.
2971 5686 3046 5740 De
3071 5681 3330 5755 Zeuxippi
3382 5686 3578 5742 balneo
3636 5702 3740 5738 no—

2179 5761 2292 5807 tum
2315 5769 2377 5808 ex
2405 5752 2644 5810 Historia
2681 5753 2812 5824 (ιιι,
2839 5756 3024 5823 Suida,
3052 5752 3258 5812 Codino
3280 5752 3386 5812 etc.
