4154 6200
483 299 582 359 457

1698 318 2098 379 ANNALIUM
2145 324 2202 380 l‘.

2243 327 2332 383 iis
2381 329 2486 387 lll.
3579 335 3681 394 458

483 413 572 463 καὶ
603 413 900 482 Σύμμαχος
957 418 1046 470 καὶ
1076 415 1374 490 Ὠριγένης.
1411 416 1576 485 Οὗτος
1621 427 1682 477 τὸ
1732 428 2034 492 Ζεύξιππον

2156 440 2335 490 νῖκαι-ιι
2369 440 2469 491 sub
2501 440 2600 492 hoc
2633 442 2907 506 (Llemcns,
2945 444 3035 510 qui
3071 459 3096 494 a
3128 444 3391 494 librorum
3430 444 3690 498 var'etate

483 506 702 572 λουτρὸν
725 507 936 558 ἔκτισεν
967 511 1023 561 ἐν
1049 511 1342 582 Βυζαντίῳ,
1377 519 1470 568 καὶ
1499 519 1560 569 τὸ
1588 518 1800 586 πρῶτον
1829 521 2035 588 κτίσμα

419 679 426 684 ¹
481 595 556 661 τῷ
611 596 954 667 ἱπποδρομίῳ
1010 603 1346 671 παρέδωκεν.
1412 605 1472 659 Ὀ
1520 609 1700 674 μέντοι
1757 610 2036 680 Ὠριγένης

483 687 749 754 ἀκμάζων
779 691 898 745 τότε
934 696 1044 754 τοῖς
1070 695 1231 759 θείοις
1265 699 1445 765 λόγοις
1478 691 1703 764 πολλοὺς
1739 702 2038 772 ἐχειραγώ-

482 795 568 844 γει
605 781 741 850 πρὸς
788 784 886 853 τὴν
930 786 1209 854 ἀλήθειαν,
1269 792 1494 850 πιστούς
1525 810 1580 844 τε
1615 795 1708 845 καὶ
1734 794 2035 856 ἀπίστους·

483 872 575 938 ἀφ’
597 864 670 924 ὧν
701 875 794 926 καὶ
821 873 1144 942 Ἀμὸρόσιός
1177 896 1257 941 τις
1287 880 1423 950 ἀνὴρ
1472 883 1738 952 ἐπίσημος
1758 883 1863 936 ’καὶ
1894 885 2037 952 φιλο-

483 961 636 1026 λόγος
665 966 727 1016 ἐκ
761 968 859 1034 τῆς
893 968 1246 1023 Οὐαλεντίνου
1307 973 1572 1039 αἱρέσεως
1618 977 1835 1038 ἐκστάς.
1880 977 2040 1031 Ἀλλά

484 1054 574 1104 καὶ
606 1055 662 1106 ἐν
691 1058 800 1118 τοῖς
828 1056 1024 1120 ἔξωθεν
1075 1062 1248 1129 μέγας
1295 1065 1643 1132 ἐγνωρίζετο,
1700 1070 2041 1139 γεωμετρίας

485 1149 576 1198 καὶ
613 1150 677 1201 τά
706 1150 867 1203 λοιπὰ
903 1155 1230 1221 παραδιδοὺς
1259 1159 1438 1221 αὐτοῖς
1463 1177 1476 1189 ·
1502 1162 1709 1232 εὐφυὴς
1738 1165 1848 1234 γάρ
1878 1161 1945 1234 ἦν
1978 1169 2042 1220 ἐκ

487 1239 738 1309 βρέφους,
799 1245 891 1298 καὶ
946 1247 1287 1318 ἐπέπληττεν
1317 1251 1480 1303 αὐτὸν
1508 1254 1535 1304 ὁ
1567 1254 1750 1324 πατὴρ
1802 1255 1876 1316 ὡς
1909 1257 2042 1325 παρ’

486 1333 700 1400 ἠλικίαν
731 1337 797 1386 τά
831 1337 949 1389 θεία
978 1341 1070 1390 καὶ
1103 1341 1313 1408 μεγάλα
1360 1342 1650 1412 ζητοῦντα.
1684 1347 1953 1410 Πολλάκις
1986 1348 2043 1401 δέ

487 1433 578 1481 καὶ
616 1431 964 1494 καθεύδοντος
1011 1435 1176 1488 αὑτοῦ
1207 1436 1274 1489 τά
1305 1437 1500 1507 στέρνα
1555 1439 1647 1492 τοῦ
1673 1439 1982 1512 Ὠριγένους
2016 1446 2044 1496 ὁ

487 1519 665 1590 πατὴρ
713 1524 990 1592 κατεφίλει
1031 1526 1106 1588 ὡς
1161 1529 1307 1580 Θείου
1346 1529 1662 1599 Πνεύματος
1719 1532 1915 1600 μεστά,
1948 1533 2044 1586 καὶ

487 1611 580 1677 τῆς
607 1613 886 1677 εὐτεκνίας
922 1617 1109 1670 ἑαυτὸν
1141 1619 1445 1690 ἐμακάριζε
1467 1634 1482 1651 ⁶
1522 1621 1666 1684 θεῖος
1696 1625 1802 1692 γὰρ
1831 1623 1858 1675 ὁ
1885 1625 2041 1695 ἀνὴρ,

488 1704 674 1773 ἐπειδὴ
710 1710 801 1759 καὶ
835 1708 1045 1776 μάρτυς
1080 1711 1320 1779 γέγονεν.
1361 1713 1416 1766 ’0
1447 1714 1502 1766 δὲ
1535 1715 1820 1786 Ὠριγένης
1860 1716 2045 1768 τοσοῦ-

489 1811 580 1846 τον
715 1799 986 1868 ἐγκρατὴς
1009 1802 1083 1864 ὡς
1112 1803 1314 1867 ὀόολοτς
1347 1804 1606 1876 τέσσαρσι
1652 1809 1772 1860 καθ’
1804 1808 2066 1878 ἑκάστην,

489 1891 796 1959 ἀρκεῖσθαι,
831 1894 972 1948 οῐνου
1009 1898 1103 1950 καὶ
1134 1896 1313 1950 ἐλαίου
1356 1899 1716 1970 ἀπεχόμενος,
1745 1904 2045 1970 κατεσκλη-

492 1984 599 2046 κώς
629 2002 687 2036 τε
719 1981 786 2056 ἦν
823 1987 914 2038 καὶ
943 1987 1143 2060 ψίαθίῳ
1179 1990 1454 2060 κείμενος,
1491 1992 1549 2044 ἓν
1575 1993 1735 2063 ἔργον
1767 1993 1907 2064 ἔχων
1948 1996 2046 2064 τὴν

489 2075 636 2129 θείαν
685 2078 939 2148 μελέτην.
985 2080 1102 2150 Ἐφ’
1135 2075 1178 2149 ᾧ
1229 2083 1323 2135 καὶ
1379 2085 1606 2148 πολλοὺς
1652 2077 1922 2156 Ἕλληνας
1951 2088 2044 2140 τοῦ

496 2169 793 2236 μαρτυρίου
859 2170 1122 2240 στέφανον
1177 2175 1550 2245 ἀναδήσασθαι
1602 2178 1922 2248 πεποίηκεν.
1985 2181 2046 2233 '0

491 2261 692 2348 μέντοι.
724 2263 1047 2333 ’Δμόρόσιος
1076 2267 1145 2330 τά
1199 2267 1334 2338 πρὸς
1382 2269 1572 2340 χρείαν
1619 2273 1767 2351 αὐτῷ
1796 2274 2049 2344 παρέχων

491 2358 546 2406 ὲν
592 2356 767 2409 ἐτεσιν
826 2356 892 2416 ιη’
939 2359 1038 2428 τὴν
1075 2360 1296 2429 Γραφὴν
1337 2363 1678 2432 ἑρμηνεῦσαι
1743 2367 2046 2434 ἠνάγκασε.

491 2449 718 2514 Λέγεται
758 2449 812 2500 δέ
839 2451 917 2502 ὅτι
950 2453 1040 2503 καὶ
1068 2449 1134 2518 ε’
1165 2453 1377 2521 βίὸῖόυς
1403 2457 1792 2526 συνεγράψατο.
1813 2457 2052 2532 Τελευτᾷ

490 2540 545 2591 δὲ
577 2541 713 2592 ἐτῶν
765 2541 862 2605 ξθ’,
917 2544 964 2594 εί
994 2545 1088 2595 κα)⁵
1117 2544 1182 2597 δι’
1217 2545 1395 2598 αίτίαν
1445 2547 1566 2600 τινὰ
1597 2549 1659 2600 τὸ
1691 2548 1849 2612 κλέος
1887 2549 2048 2602 αὐτοῦ

494 2631 654 2702 μέχρι
681 2633 866 2698 τέλους
905 2634 966 2686 ού
1004 2635 1274 2704 διέμεινεν
1313 2637 1611 2691 ἄσϐεστονο
1663 2640 1722 2704 ἐξ
1750 2641 1913 2694 αὑτοῦ
1945 2641 2050 2712 γάρ

490 2724 585 2776 καὶ
628 2724 895 2795 Ἀρειανοὶ
955 2727 1048 2779 καὶ
1091 2727 1355 2797 Ἀνόμοιοι
1412 2729 1508 2792 τὰς
1565 2731 1821 2801 ἀφορμάς
1872 2732 2049 2801 ἔσχον.

492 2817 612 2869 Τῶν
637 2818 904 2883 σωμάτων
937 2819 1120 2873 ἀθετεῖ
1149 2822 1248 2896 τῂν
1269 2822 1566 2876 ἀνάστασιν
1586 2840 1601 2855 ⁸
1651 2825 1803 2886 τέλος
1841 2822 2052 2891 δοξάζει

493 2909 591 2976 τῆς
644 2909 912 2973 κολάσεως
967 2913 1060 2965 καὶ
1113 2912 1220 2966 τῶν
1250 2915 1522 2985 δαιμόνων
1584 2916 2052 2975 ἀποκατάστασιν,

477 2997 774 3068 -Τοσαύτην
817 3000 871 3052 δὲ
925 3003 1231 3072 μετήρχετο
1278 3004 1514 3073 ἄσκησιν
1543 3005 1618 3068 ὡς
1649 3005 1861 3059 καὶτὸν
1889 3006 2052 3060 αὑτοῦ

2139 530 2482 586 Stromateus
2509 536 2831 604 appellatur.
2859 546 2912 589 et
2935 537 3292 604 Symmachus
3315 547 3369 590 et
3405 537 3688 601 Origenes.

2139 623 2368 679 Severus
2397 625 2635 692 Byzantii
2671 627 2921 681 balneum
2969 631 3234 684 exstruxit
3282 632 3423 699 quod
3455 631 3689 698 Zeuxip-

2139 732 2265 785 pum
2311 717 2650 787 nuncupant,
2691 727 2747 772 et
2797 719 3007 774 circum
3067 733 3376 788 equestrem
3426 722 3694 773 antiiieare

2141 810 2328 884 empit.
2392 811 2438 865 ls
2463 821 2667 876 autem,
2703 815 2859 881 cujus
2894 812 3055 866 modo
3087 813 3416 865 mentionem
3458 812 3693 864 facieba-

2141 915 2281 966 mus,
2309 901 2571 971 Origenes
2612 901 2666 956 id
2701 904 2960 976 temporis
2990 911 3207 970 propter
3240 903 3504 956 doctrinae
3532 920 3693 957 sacrm

2139 994 2502 1063 cognitionem
2533 995 2712 1050 clarus
2738 995 3048 1064 complures
3089 1003 3200 1046 tmn
3246 993 3428 1047 fideles
3464 1005 3573 1046 tum
3615 997 3695 1046 in-

2143 1084 2326 1140 fideles
2353 1085 2420 1138 ad
2449 1085 2734 1140 veritatem
2776 1101 2934 1139 manu
2961 1083 3114 1152 quasi
3147 1083 3399 1137 ducebat.
3441 1087 3581 1137 Inter
3603 1104 3698 1137 eos

2143 1176 2244 1230 fuit
2275 1177 2600 1232 Ambrosius
2646 1179 2890 1246 quidam,
2929 1178 3013 1231 vir
3057 1177 3284 1232 illustris
3314 1185 3369 1229 et
3399 1175 3698 1228 litterarum

2141 1268 2512 1339 doctrinmque
2547 1271 2846 1333 studiosus,
2901 1270 2992 1338 qui
3021 1269 3138 1339 ejus
3170 1270 3494 1322 auctoritate
3525 1279 3702 1318 mutus

2143 1371 2346 1415 sectam
2376 1359 2646 1415 Valentini
2685 1361 2930 1430 reliquit.
2962 1362 3107 1415 Idem
3138 1360 3399 1428 Origenes
3427 1360 3495 1412 ob
3520 1369 3696 1410 exter-

2143 1467 2241 1506 nas
2293 1451 2454 1506 etiam
2486 1452 2804 1520 disciplinas
2838 1467 3066 1521 magnus
3119 1451 3457 1513 habebatur,
3503 1460 3560 1502 ut
3611 1450 3701 1514 qui

2142 1542 2495 1612 geometriam
2525 1553 2778 1610 artesque
2807 1551 3035 1598 caeteras
3062 1540 3346 1610 discipulis
3374 1539 3487 1593 suis
3530 1538 3708 1591 trade-

2147 1644 2248 1690 ret.
2314 1635 2448 1689 Nam
2481 1636 2738 1704 praeclara
2795 1634 2974 1689 fuerat
3017 1650 3046 1688 a
3098 1632 3291 1702 primis
3335 1632 3491 1684 annis
3527 1629 3708 1682 indole

2147 1726 2429 1794 praeditus,
2460 1726 2682 1794 ipseque
2711 1735 2866 1794 pater
2911 1739 3036 1779 eum
3085 1737 3479 1790 nonnunquam
3526 1721 3709 1789 objur-

2147 1817 2292 1886 gavit
2327 1817 2492 1885 utqui
2522 1833 2682 1885 supra
2721 1816 2938 1870 modum
2968 1815 3141 1870 (etatis
3165 1830 3252 1870 res
3279 1813 3489 1880 divinas
3517 1821 3569 1865 et
3601 1828 3683 1864 ma

2147 1924 2282 1979 gnas
2316 1910 2614 1979 indagaret.
2652 1909 2803 1978 Saepe
2836 1918 3012 1962 tamen
3037 1909 3155 1977 ipso
3184 1907 3490 1962 dormiente
3521 1917 3710 1974 pectus

2147 1999 2267 2068 ejus
2297 1999 2718 2054 exosculabatur
2765 2009 2921 2067 pater
2958 2008 3212 2067 tanquam
3247 1997 3422 2052 sancti
3471 1997 3710 2065 Spiritus

2152 2090 2392 2158 plenum,
2451 2105 2618 2158 seque
2675 2099 2897 2158 propter
2943 2089 3215 2157 egregiam
3274 2086 3705 2154 ll:lltC'_SOl)()lt‘.llt

2149 2181 2365 2236 beatum
2398 2180 2752 2249 predieabat.
2801 2181 2929 2234 Erat
2961 2178 3106 2232 enim
3141 2177 3401 2232 Leontius
3439 2176 3598 2228 Pater
3628 2177 3712 2227 vir

2151 2270 2374 2324 omnino
2402 2269 2644 2331 divinus.
2678 2278 2736 2322 ut
2758 2269 2851 2338 qui
2890 2267 3044 2322 testis
3073 2267 3239 2320 etiam
3263 2265 3507 2320 veritatis
3537 2266 3712 2317 fartus

2152 2360 2241 2414 sit.
2297 2361 2446 2414 Adeo
2493 2375 2624 2414 vero
2683 2366 3052 2428 temperanter
3096 2357 3379 2412 victitabat
3429 2355 3713 2422 Origenes,

2153 2459 2212 2504 ut
2246 2452 2301 2505 in
2332 2460 2606 2520 sumptum
2651 2451 3028 2520 quotidianum
3082 2457 3316 2518 quatuor
3354 2447 3531 2500 obolis
3583 2464 3715 2498 cnn-

2155 2551 2334 2596 tentus
2360 2553 2522 2597 esset.
2581 2545 2622 2596 A
2675 2543 2802 2597 vino
2856 2550 2911 2596 et
2953 2541 3074 2594 oleo
3121 2552 3343 2608 prorsus
3385 2537 3713 2594 abstinebat.

2152 2633 2364 2703 Corpus
2391 2634 2615 2688 omnino
2643 2641 2866 2704 prepter
2899 2633 3115 2687 labores
3145 2640 3460 2684 exarucrat.
3512 2629 3565 2679 ιιι
3599 2639 3710 2679 διυη

2155 2745 2244 2783 rea
2273 2730 2528 2795 cubabat,
2564 2731 2656 2784 ttui
2685 2729 2844 2782 modo
2879 2729 2958 2782 rei
2985 2727 3249 2786 intentus,
3282 2733 3340 2777 ut
3368 2723 3578 2776 divinas
3609 2721 3712 2773 sci~

2153 2817 2281 2871 licet
2316 2834 2402 2871 res
2439 2818 2816 2871 meditaretur.
2881 2818 2999 2882 Quo
3052 2817 3167 2885 ipso
3217 2815 3396 2869 effecit
3453 2826 3509 2866 ut
3561 2812 3713 2863 multi

2155 2907 2325 2962 Graeci
2385 2923 2587 2960 corona
2641 2907 2938 2960 testimonii
2998 2905 3373 2974 cingerentur.
3437 2901 3716 2955 Pra-bebat
3769 2926 3776 2934 -

2155 3001 2478 3054 Ambrosius
2512 3000 2560 3053 ei
2591 3009 2788 3054 cuneta
2828 3013 2947 3069 quae
2969 2997 3036 3051 ad
3081 3011 3211 3051 usus
3262 2994 3598 3050 necessarios
3631 3007 3713 3046 re-

495 3094 873 3163 ἁνατραπῆναι
915 3094 1161 3165 Θώρακα.
1229 3099 1338 3151 Καὶ
1389 3099 1681 3168 φάρμακον
1721 3100 1777 3152 δέ
1803 3099 2052 3168 λέγουσιν

2156 3092 2532 3163 quirerentur,
2567 3091 2796 3160 ideoque
2827 3090 3066 3160 perpulit
3090 3089 3364 3146 hominem
3396 3096 3452 3140 ut
3482 3087 3719 3139 Litteras

497 3182 764 3234 ἐπιθεῖναι
801 3187 910 3246 τοῖς
933 3187 1269 3255 γεννητικοῖς
1291 3185 1456 3240 αὐτοῦ
1489 3188 1698 3256 μορίοις
1720 3188 2054 3244 ὥστεγκαταο

498 3278 723 3346 ξηράναι
759 3279 916 3341 αὐτὰ,
960 3279 1050 3330 καὶ
1083 3278 1312 3347 βοτάνην
1366 3279 1423 3332 δὲ
1458 3281 1641 3348 εὑρεῖν
1688 3285 1911 3354 μνήμης
1940 3285 2056 3338 ἓνε-

501 3389 613 3424 κεν.
673 3371 826 3423 Μετὰ
884 3370 1053 3423 ταῦτα
1087 3371 1266 3442 φθόνῳ
1314 3373 1624 3442 διαϐληθεὶς
1656 3375 1791 3444 πρός
1845 3393 1907 3443 γε
1933 3378 2059 3440 τοὺς

500 3465 595 3532 τῆς
618 3463 865 3528 ἐξουσίας
897 3463 1158 3532 ἄρχοντας
1187 3465 1474 3534 συνεργεία
1525 3467 1794 3538 Σατανικῇ
1833 3469 1929 3536 τῆς
1971 3469 2058 3522 πί-

503 3572 668 3616 στεως
700 3556 975 3620 ἐξίσταται
1001 3571 1014 3585 ·
1056 3557 1250 3608 ἐκεῖνοι
1281 3557 1384 3626 γάρ
1431 3557 1530 3624 τὴν
1577 3559 1882 3628 προσοῦσαν
1912 3560 2060 3630 αὐτῷ

509 3645 862 3714 σωφροσύνην
893 3646 1089 3708 εἰδότες
1114 3646 1482 3715 προσάγουσιν
1511 3647 1658 3716 αὐτῷ
1695 3648 2061 3712 Αἰθίοπα,καὶ

507 3737 538 3802 ἦ
573 3740 817 3788 πείθεται
846 3738 956 3796 τοῖς
1006 3736 1184 3802 λόγοις
1217 3736 1438 3788 ἐκείνων
1472 3736 1504 3806 ἢ
1541 3736 1616 3806 τῷ
1645 3739 1861 3792 Αἰθίοπι
1896 3757 2062 3794 κατα-

503 3829 804 3899 χραίνεται.
844 3827 1084 3890 Ἐκεῖνος
1124 3826 1216 3880 οὖν
1249 3829 1382 3896 μηδὲ
1412 3829 1599 3898 ἄκροις
1630 3829 1763 3884 ὠσὶν
1798 3833 2062 3902 ἀνεχόμε-

503 3939 588 3984 νος
614 3920 870 3986 τοιαύτην
901 3919 1134 3987 ἄθεσμον
1163 3920 1330 3989 ἀκοὴν
1356 3921 1731 3986 ἐνωτίσασθαι,
1763 3923 2060 3994 αὐτοχείρῳ

503 4013 664 4082 θυσίᾳ
690 4012 780 4064 διὰ
812 4011 1106 4063 λιϐανωτοῦ
1168 4013 1512 4082 περιέπεσεν.
1549 4013 1711 4067 Ὅθεν
1763 4015 1860 4081 τὴν
1915 4017 2064 4068 Ἀλε-

502 4105 785 4174 ξάνδρειαν
820 4104 911 4156 τοῦ
949 4103 1024 4174 μὴ
1048 4103 1400 4167 ὀνειδίζεσθαι
1433 4105 1593 4173 χάριν
1635 4107 1951 4160 καταλιπὼν
1985 4111 2061 4170 είς

513 4197 860 4266 Ἱεροσόλυμα.
892 4196 1134 4265 ἔρχεται.
1178 4195 1298 4263 Ἐφ’
1349 4190 1392 4264 ᾧ
1431 4199 1526 4249 καὶ
1583 4198 1950 4266 ἀναγκασθεὶς
1978 4199 2065 4253 ἐπ’

503 4289 798 4356 ἐκκλησίας
827 4287 982 4354 λόγον
1023 4286 1198 4337 εἰπεῖν
1250 4285 1670 4355 (πρεσϐύτερος
1722 4290 1830 4357 γὰρ
1860 4284 1962 4359 ἦν)
2001 4291 2068 4342 ἐκ

504 4380 594 4432 τοῦ
651 4377 1052 4447 παρατυχόντος
1100 4372 1218 4428 εἷπε
1273 4377 1364 4428 καὶ
1413 4375 1577 4428 τάδε·
1613 4394 1631 4427 ι
1679 4376 1766 4444 Τῷ
1796 4376 1850 4429 δὲ
1889 4368 2068 4446 ἀμαρ-

2159 3199 2341 3238 sacras
2371 3197 2635 3236 annorum
2675 3181 2738 3233 l8
2769 3179 2944 3249 Spatio
2982 3179 3458 3246 interpretaretur.
3500 3172 3720 3225 Litteris

2159 3279 2323 3330 etiam
2357 3275 2733 3345 consignatum
2767 3273 2971 3327 scimus
2999 3271 3290 3340 Origencm
3330 3283 3424 3322 sex
3457 3267 3718 3319 librorum

2161 3368 2326 3428 millia
2358 3366 2765 3432 conscripsisse.
2825 3364 3071 3417 Mortuus
3120 3371 3202 3416 est
3246 3377 3388 3414 anno
3430 3359 3602 3411 aetatis
3633 3357 3718 3411 ϐυ.

2160 3459 2332 3514 Unam
2389 3467 2570 3513 tamen
2623 3459 2692 3512 ob
2739 3471 2958 3511 causam
3017 3455 3187 3524 ipsius
3234 3453 3403 3522 gloria
3444 3465 3611 3519 usque
3657 3449 3721 3500 ad

2161 3550 2324 3604 finem
2353 3565 2461 3603 non
2493 3549 2840 3618 perduravit;
2875 3563 2998 3601 nam
3033 3546 3215 3600 Ariani
3245 3553 3299 3598 et
3321 3543 3572 3598 Anomoei
3604 3557 3726 3593 sua-

2163 3659 2283 3722 rum
2302 3643 2589 3698 haeresium
2615 3643 2931 3712 occasipnes
2971 3639 3039 3695 ab
3066 3639 3179 3708 ipso
3221 3639 3537 3691 hauserunt.
3581 3637 3724 3690 Prm-

2163 3745 2310 3790 terea
2345 3748 2636 3804 corporum
2669 3731 3058 3787 resurrectioui
3112 3729 3272 3783 fidem
3302 3737 3481 3796 negat,
3521 3725 3725 3795 suppli-

2163 3827 2372 3881 ciorum
2403 3829 2563 3881 linem
2601 3826 2857 3894 opinione
2890 3840 2985 3876 sua
3018 3822 3232 3887 statuit,
3260 3822 3448 3890 genios
3475 3820 3643 3872 malos
3671 3819 3722 3870 in

2165 3921 2438 3989 integrum
2469 3918 2783 3973 restitutum
2811 3919 2876 3971 iri
2909 3927 3118 3971 censet.
3172 3915 3393 3969 Interim
3432 3923 3578 3966 tanto
3611 3922 3726 3965 stu-

2163 4011 2255 4065 dio
2283 4013 2567 4080 corporeis
2597 4011 2876 4066 exercitiis
2914 4011 3128 4064 deditus
3163 4018 3281 4063 erat
3312 4016 3368 4061 ut
3418 4008 3580 4060 etiam
3633 4022 3728 4072 pe-

2165 4115 2285 4157 ctus
2316 4103 2488 4173 ipsius
2514 4113 2978 4172 corrumperetur.
3011 4100 3315 4155 Perhibent
3350 4100 3478 4151 item
3511 4097 3724 4165 genita-

2165 4195 2313 4250 libus
2333 4210 2459 4250 eum
2487 4196 2760 4266 quoddam
2789 4195 3112 4265 imposuisse
3141 4193 3592 4248 medicamentum
3619 4203 3728 4256 quo

2169 4289 2262 4343 illa
2301 4296 2706 4343 exarescerent.
2764 4286 2995 4341 llerbam
3029 4299 3245 4356 quoque
3304 4282 3525 4352 reperit,
3572 4281 3728 4348 cujus

2171 4382 2255 4436 vis
2282 4381 2339 4436 in
2379 4381 2617 4452 juvanda
2661 4380 2923 4435 memoria
2971 4393 3260 4448 permagna
3311 4375 3726 4430 foret.'\'crutn

499 4471 658 4541 τωλῷ
677 4466 828 4522 εἶπεν
849 4472 876 4521 ὁ
901 4469 1053 4530 Θεὸς·
1083 4469 1200 4521 ’Ὶνα
1223 4467 1275 4519 τί
1296 4469 1358 4520 σὺ
1384 4467 1607 4537 ἐκδιηγῇ
1633 4467 1702 4520 τὰ
1720 4467 2054 4538 δικαιώματά

2169 4475 2430 4544 deinceps
2457 4473 2660 4527 invidia
2690 4472 2922 4542 quadam
2951 4471 3018 4524 ad
3057 4470 3427 4538 magistratus,
3480 4467 3573 4536 qui
3601 4480 3725 4518 eum

509 4581 608 4631 μου
639 4563 732 4614 καὶ
769 4560 1173 4629 ἀναλαμϐάνεις
1221 4559 1318 4630 τὴν
1375 4560 1642 4629 διαθήκην
1685 4576 1788 4627 μου
1821 4559 1910 4612 διὰ
1948 4562 2067 4614 στό-

507 4653 673 4722 ματός
709 4668 833 4720 σου;
874 4672 892 4703 ι
922 4654 1033 4704 Καὶ
1069 4651 1274 4715 πτύξας
1327 4651 1386 4703 τὸ
1419 4651 1618 4719 βιϐλίον
1662 4652 1924 4722 ἐδάκρυσε
1969 4652 2064 4704 σὺν

505 4745 695 4797 ἅπασι.
728 4746 934 4806 Μανεὶς
964 4740 1056 4796 οὖν
1086 4743 1273 4795 ἔκτοτε
1309 4742 1408 4812 τὴν
1436 4741 1596 4808 ἀγίαν
1633 4745 1810 4795 πᾶσαν
1843 4743 2064 4812 Γραφὴν

504 4838 806 4908 ἀνατρέψαι
865 4837 1219 4898 ἐσπούδασεν,
1266 4836 1387 4887 ὅθεν
1446 4836 1540 4886 καὶ
1601 4835 2062 4906 ἀναθεματίζεται

509 4931 666 4996 μέχρι
692 4929 789 4996 τῆς
825 4929 1084 4995 σήμερον.

2172 4569 2402 4637 imperio
2440 4573 2594 4621 erant
2629 4581 2690 4620 ac
2720 4573 3008 4634 potestate,
3040 4561 3254 4616 delatus
3285 4561 3499 4614 Satana:
3529 4556 3728 4611 auxilio

2167 4679 2196 4715 a
2247 4660 2352 4714 fide
2387 4659 2652 4722 descivit;
2713 4673 2836 4711 nam
2877 4671 2999 4710 cum
3052 4655 3126 4708 illi
3179 4654 3484 4708 castitatem
3527 4651 3579 4703 in
3612 4651 3728 4717 ipse

2169 4752 2434 4821 insignem
2468 4753 2624 4819 plane
2656 4750 2924 4819 cognitam
2960 4748 3246 4808 haberent,
3280 4744 3486 4799 homini
3516 4742 3726 4796 {Ethio-

2167 4858 2289 4909 pem
2325 4843 2654 4895 admovent:
2719 4840 2881 4893 simul
2944 4838 3187 4892 iudieant
3244 4845 3303 4890 ut
3344 4835 3428 4888 vel
3483 4835 3724 4903 ipsorum

2165 4928 2324 5000 243
2351 4929 2618 4984 mandatis
2651 4929 2962 4997 paret-etvel
2993 4943 3112 4981 cum
3145 4925 3400 4994 [Ethiope
3433 4941 3492 4978 se
3515 4924 3726 4993 pollue-

507 5029 611 5073 ret.
654 5021 748 5074 Hic
799 5036 924 5073 eum
970 5018 1231 5083 Origenes
1303 5033 1369 5071 ne
1399 5019 1658 5072 extremis
1715 5019 1932 5088 quidem
1996 5019 2225 5075 auribus
2259 5032 2365 5075 tam
2436 5023 2722 5078 nefandam
2786 5039 2898 5078 rem
2951 5022 3140 5076 audire
3175 5026 3507 5084 susuneret,
3564 5033 3724 5072 manu

508 5128 605 5164 sua
644 5115 798 5166 thure
823 5113 1153 5166 simulacris
1196 5110 1379 5163 oblato
1409 5110 1589 5178 lapsus
1621 5120 1722 5175 est,
1771 5122 2104 5180 quapropter
2176 5114 2499 5168 Alexandria
2552 5117 2758 5180 relicta,
2794 5132 2860 5169 ne
2897 5116 3040 5169 illius
3090 5113 3166 5168 rei
3220 5129 3382 5169 causa
3430 5114 3727 5181 quidquam

509 5205 722 5258 audiret
749 5204 1210 5274 exprobrationis,
1248 5201 1671 5271 Hierosolymam
1722 5217 1780 5256 se
1830 5203 2063 5256 confert.
2104 5205 2348 5276 Cumque
2406 5218 2627 5262 coaetus
2679 5217 2822 5262 esset
2875 5207 2929 5260 in
2986 5223 3130 5261 cmtu
3208 5208 3580 5272 concioneque
3632 5220 3729 5270 pu-

513 5300 652 5351 t:lica
683 5299 986 5351 orationem
1018 5298 1216 5350 habere
1253 5301 1395 5363 (nam
1429 5311 1491 5348 ex
1528 5311 1677 5357 casu.
1712 5296 1803 5366 qui
1833 5295 2102 5350 acciderat
2135 5299 2259 5366 ipsi,
2326 5301 2490 5355 Petro
2543 5300 2753 5355 scilicet
2812 5300 3007 5354 similis
3056 5303 3194 5366 erat)
3218 5297 3527 5365 hujusmedi
3560 5293 3725 5346 verba

512 5389 926 5458 pronuntiavit:
986 5409 1004 5439 ι
1049 5389 1329 5443 I’eccatori
1383 5388 1520 5440 dixit
1571 5388 1713 5442 Deus
1753 5390 1902 5454 :Qui
1947 5389 2004 5442 ﬁt
2047 5397 2105 5440 ut
2147 5399 2202 5443 tu
2253 5393 2397 5460 iusta
2459 5409 2576 5446 mea
2625 5392 2844 5446 decreta
2875 5407 3120 5454 enarres,
3166 5402 3220 5443 et
3267 5405 3359 5440 ore
3393 5396 3486 5438 luo
3550 5383 3729 5435 ίαὲίῖυε

513 5499 693 5538 tneum
725 5497 959 5550 usurpes
992 5483 1074 5536 7°?
1108 5501 1124 5534 ι
1163 5481 1299 5536 lline
1334 5482 1474 5535 libro
1513 5482 1842 5550 complicato
1878 5498 2002 5535 cum
2039 5483 2295 5537 omnibus
2333 5484 2598 5556 lacrymas
2629 5484 2888 5555 profudit.
2928 5484 3002 5536 Eo
3043 5483 3201 5536 modo
3247 5481 3443 5532 factum
3475 5486 3533 5527 ut
3578 5475 3731 5528 dein-

515 5591 642 5642 ceps
692 5587 759 5626 ex
819 5572 1052 5641 quadam
1115 5574 1314 5628 mentis
1360 5573 1570 5628 insania
1622 5573 1858 5629 Litteras
1925 5589 2106 5630 sacras
2145 5578 2430 5634 universas
2466 5587 2824 5648 perverteret,
2863 5575 3092 5643 ideoque
3149 5574 3199 5626 in
3273 5569 3598 5620 hodiernum
3635 5584 3728 5621 us-

516 5681 622 5734 que
654 5665 795 5717 diem
827 5664 1190 5718 exsecrationi
1223 5665 1608 5720 ecclesiasticae
1647 5667 1914 5722 obnoxius
1962 5674 2066 5720 est.

664 5782 800 5834 l’sal.
852 5799 988 5843 χιιι,
1032 5783 1108 5834 lt}.
