  <div class='ocr_page' id='page_1' title='image "/cluster/home/n/w/nwhite01/storage/ocr_20150623/158/hvd.32044073502676/283.png"; bbox 0 0 4154 6200; ppageno 0'>
   <div class='ocr_carea' id='block_1_1' title="bbox 456 344 558 450">
    <p class='ocr_par' dir='ltr' id='par_1_1' title="bbox 456 344 558 450">
     <span class='ocr_line' id='line_1_1' title="bbox 456 344 558 450; baseline 0 -29"><span class='ocrx_word' id='word_1_1' title='bbox 456 344 558 450; x_wconf 51' lang='grc' dir='ltr'>ιω</span> 
     </span>
    </p>
   </div>
   <div class='ocr_carea' id='block_1_2' title="bbox 1716 334 2421 419">
    <p class='ocr_par' dir='ltr' id='par_1_2' title="bbox 1716 334 2421 419">
     <span class='ocr_line' id='line_1_2' title="bbox 1716 334 2421 419; baseline 0 -11"><span class='ocrx_word' id='word_1_2' title='bbox 1716 344 2128 410; x_wconf 75' lang='lat' dir='ltr'><strong>MtruAELIs</strong></span> <span class='ocrx_word' id='word_1_3' title='bbox 2164 334 2421 419; x_wconf 63' lang='lat' dir='ltr'><strong>suae</strong></span> 
     </span>
    </p>
   </div>
   <div class='ocr_carea' id='block_1_3' title="bbox 3550 320 3655 386">
    <p class='ocr_par' dir='ltr' id='par_1_3' title="bbox 3550 320 3655 386">
     <span class='ocr_line' id='line_1_3' title="bbox 3550 320 3655 386; baseline -0.086 -1"><span class='ocrx_word' id='word_1_4' title='bbox 3550 320 3655 386; x_wconf 74' lang='lat' dir='ltr'><strong>tm</strong></span> 
     </span>
    </p>
   </div>
   <div class='ocr_carea' id='block_1_4' title="bbox 524 428 2030 533">
    <p class='ocr_par' dir='ltr' id='par_1_4' title="bbox 524 455 2004 533">
     <span class='ocr_line' id='line_1_4' title="bbox 524 455 2004 533; baseline -0.007 -15"><span class='ocrx_word' id='word_1_5' title='bbox 524 472 726 527; x_wconf 66' lang='lat' dir='ltr'><strong>Severo</strong></span> <span class='ocrx_word' id='word_1_6' title='bbox 786 473 1001 533; x_wconf 83' lang='lat' dir='ltr'><strong>mortuo</strong></span> <span class='ocrx_word' id='word_1_7' title='bbox 1045 458 1313 515; x_wconf 78' lang='lat' dir='ltr'><strong>Antonius</strong></span> <span class='ocrx_word' id='word_1_8' title='bbox 1358 458 1667 521; x_wconf 82' lang='lat' dir='ltr'><strong>Caracallus</strong></span> <span class='ocrx_word' id='word_1_9' title='bbox 1725 472 1897 511; x_wconf 69' lang='lat' dir='ltr'><strong>armos</strong></span> <span class='ocrx_word' id='word_1_10' title='bbox 1950 455 2004 531; x_wconf 84' lang='lat'><strong>6,</strong></span> 
     </span>
    </p>
   </div>
   <div class='ocr_carea' id='block_1_5' title="bbox 2117 428 3658 533">
    <p class='ocr_par' dir='ltr' id='par_1_5' title="bbox 2182 428 3658 514">
     <span class='ocr_line' id='line_1_5' title="bbox 2182 428 3658 514; baseline -0.02 -1"><span class='ocrx_word' id='word_1_11' title='bbox 2182 460 2334 514; x_wconf 77' lang='grc' dir='ltr'>Μετὰ</span> <span class='ocrx_word' id='word_1_12' title='bbox 2359 457 2412 509; x_wconf 78' lang='grc' dir='ltr'>δὲ</span> <span class='ocrx_word' id='word_1_13' title='bbox 2449 454 2635 507; x_wconf 78' lang='grc' dir='ltr'>τοῦτον</span> <span class='ocrx_word' id='word_1_14' title='bbox 2682 450 2991 509; x_wconf 78' lang='grc' dir='ltr'><strong>Ἀντωνῖνος</strong></span> <span class='ocrx_word' id='word_1_15' title='bbox 3028 446 3056 497; x_wconf 86' lang='grc' dir='ltr'><strong>ὁ</strong></span> <span class='ocrx_word' id='word_1_16' title='bbox 3102 438 3447 512; x_wconf 74' lang='grc' dir='ltr'>Καράκαλλος</span> <span class='ocrx_word' id='word_1_17' title='bbox 3482 438 3573 499; x_wconf 75' lang='grc' dir='ltr'><strong>ἔτη</strong></span> <span class='ocrx_word' id='word_1_18' title='bbox 3605 428 3658 498; x_wconf 81' lang='grc' dir='ltr'>ς’</span> 
     </span>
    </p>
   </div>
   <div class='ocr_carea' id='block_1_6' title="bbox 456 547 2001 623">
    <p class='ocr_par' dir='ltr' id='par_1_6' title="bbox 456 547 2001 623">
     <span class='ocr_line' id='line_1_6' title="bbox 456 547 2001 623; baseline -0.008 -11"><span class='ocrx_word' id='word_1_19' title='bbox 456 576 667 621; x_wconf 63' lang='lat' dir='ltr'><strong>ltit‘llSL‘S</strong></span> <span class='ocrx_word' id='word_1_20' title='bbox 696 558 728 609; x_wconf 76' lang='lat'><strong>9.</strong></span> <span class='ocrx_word' id='word_1_21' title='bbox 759 556 1047 623; x_wconf 86' lang='lat' dir='ltr'><strong>imperium</strong></span> <span class='ocrx_word' id='word_1_22' title='bbox 1079 552 1334 608; x_wconf 90' lang='lat' dir='ltr'><strong>obtinuit.</strong></span> <span class='ocrx_word' id='word_1_23' title='bbox 1367 551 1495 605; x_wconf 88' lang='lat' dir='ltr'><strong>Erat</strong></span> <span class='ocrx_word' id='word_1_24' title='bbox 1519 566 1585 605; x_wconf 91' lang='lat' dir='ltr'><strong>eo</strong></span> <span class='ocrx_word' id='word_1_25' title='bbox 1618 558 1874 619; x_wconf 82' lang='lat' dir='ltr'><strong>regnante</strong></span> <span class='ocrx_word' id='word_1_26' title='bbox 1902 547 2001 600; x_wconf 76' lang='lat' dir='ltr'><strong>Se-</strong></span> 
     </span>
    </p>
   </div>
   <div class='ocr_carea' id='block_1_7' title="bbox 456 640 2005 718">
    <p class='ocr_par' dir='ltr' id='par_1_7' title="bbox 456 640 2005 718">
     <span class='ocr_line' id='line_1_7' title="bbox 456 640 2005 718; baseline -0.01 -13"><span class='ocrx_word' id='word_1_27' title='bbox 456 651 605 718; x_wconf 80' lang='lat' dir='ltr'><strong>rapio</strong></span> <span class='ocrx_word' id='word_1_28' title='bbox 630 647 848 717; x_wconf 89' lang='lat' dir='ltr'><strong>quidam</strong></span> <span class='ocrx_word' id='word_1_29' title='bbox 875 645 1312 708; x_wconf 87' lang='lat' dir='ltr'><strong>mathematicus,</strong></span> <span class='ocrx_word' id='word_1_30' title='bbox 1341 641 1431 711; x_wconf 86' lang='lat' dir='ltr'><strong>qui</strong></span> <span class='ocrx_word' id='word_1_31' title='bbox 1454 640 1726 695; x_wconf 77' lang='lat' dir='ltr'><strong>Antonino</strong></span> <span class='ocrx_word' id='word_1_32' title='bbox 1743 640 1796 693; x_wconf 91' lang='lat' dir='ltr'><strong>in</strong></span> <span class='ocrx_word' id='word_1_33' title='bbox 1815 647 2005 693; x_wconf 90' lang='lat' dir='ltr'><strong>senatu</strong></span> 
     </span>
    </p>
   </div>
   <div class='ocr_carea' id='block_1_8' title="bbox 456 726 2007 805">
    <p class='ocr_par' dir='ltr' id='par_1_8' title="bbox 456 726 2007 805">
     <span class='ocr_line' id='line_1_8' title="bbox 456 726 2007 805; baseline -0.008 -14"><span class='ocrx_word' id='word_1_34' title='bbox 456 736 750 797; x_wconf 79' lang='lat' dir='ltr'><strong>Macrinam</strong></span> <span class='ocrx_word' id='word_1_35' title='bbox 804 733 1096 805; x_wconf 83' lang='lat' dir='ltr'><strong>quemdam</strong></span> <span class='ocrx_word' id='word_1_36' title='bbox 1150 729 1616 792; x_wconf 87' lang='lat' dir='ltr'><strong>commonstravit,</strong></span> <span class='ocrx_word' id='word_1_37' title='bbox 1676 743 1783 781; x_wconf 93' lang='lat' dir='ltr'><strong>non</strong></span> <span class='ocrx_word' id='word_1_38' title='bbox 1837 726 2007 779; x_wconf 89' lang='lat' dir='ltr'><strong>multo</strong></span> 
     </span>
    </p>
   </div>
   <div class='ocr_carea' id='block_1_9' title="bbox 454 814 2008 899">
    <p class='ocr_par' dir='ltr' id='par_1_9' title="bbox 454 814 2008 899">
     <span class='ocr_line' id='line_1_9' title="bbox 454 814 2008 899; baseline -0.008 -16"><span class='ocrx_word' id='word_1_39' title='bbox 454 842 575 899; x_wconf 88' lang='lat' dir='ltr'><strong>post</strong></span> <span class='ocrx_word' id='word_1_40' title='bbox 606 828 658 881; x_wconf 92' lang='lat' dir='ltr'><strong>in</strong></span> <span class='ocrx_word' id='word_1_41' title='bbox 695 828 925 895; x_wconf 83' lang='lat' dir='ltr'><strong>imperio</strong></span> <span class='ocrx_word' id='word_1_42' title='bbox 950 838 1354 880; x_wconf 87' lang='lat' dir='ltr'><strong>succcssurmn.</strong></span> <span class='ocrx_word' id='word_1_43' title='bbox 1405 814 1519 887; x_wconf 80' lang='lat' dir='ltr'><strong>Qua</strong></span> <span class='ocrx_word' id='word_1_44' title='bbox 1551 821 1603 874; x_wconf 92' lang='lat' dir='ltr'><strong>in</strong></span> <span class='ocrx_word' id='word_1_45' title='bbox 1638 835 1696 873; x_wconf 90' lang='lat' dir='ltr'><strong>re</strong></span> <span class='ocrx_word' id='word_1_46' title='bbox 1731 818 2008 889; x_wconf 78' lang='lat' dir='ltr'><strong>negligen-</strong></span> 
     </span>
    </p>
   </div>
   <div class='ocr_carea' id='block_1_10' title="bbox 455 910 2010 989">
    <p class='ocr_par' dir='ltr' id='par_1_10' title="bbox 455 910 2010 989">
     <span class='ocr_line' id='line_1_10' title="bbox 455 910 2010 989; baseline -0.006 -16"><span class='ocrx_word' id='word_1_47' title='bbox 455 921 561 975; x_wconf 87' lang='lat' dir='ltr'><strong>tius</strong></span> <span class='ocrx_word' id='word_1_48' title='bbox 620 935 681 974; x_wconf 87' lang='lat' dir='ltr'><strong>se</strong></span> <span class='ocrx_word' id='word_1_49' title='bbox 727 934 921 989; x_wconf 77' lang='lat' dir='ltr'><strong>gerens</strong></span> <span class='ocrx_word' id='word_1_50' title='bbox 969 915 1299 977; x_wconf 78' lang='lat' dir='ltr'><strong>Antoninus,</strong></span> <span class='ocrx_word' id='word_1_51' title='bbox 1356 913 1521 966; x_wconf 88' lang='lat' dir='ltr'><strong>alium</strong></span> <span class='ocrx_word' id='word_1_52' title='bbox 1570 910 1857 980; x_wconf 83' lang='lat' dir='ltr'><strong>quemdam</strong></span> <span class='ocrx_word' id='word_1_53' title='bbox 1915 924 2010 978; x_wconf 83' lang='lat' dir='ltr'><strong>pro</strong></span> 
     </span>
    </p>
   </div>
   <div class='ocr_carea' id='block_1_11' title="bbox 456 1001 2011 1077">
    <p class='ocr_par' dir='ltr' id='par_1_11' title="bbox 456 1001 2011 1077">
     <span class='ocr_line' id='line_1_11' title="bbox 456 1001 2011 1077; baseline -0.008 -13"><span class='ocrx_word' id='word_1_54' title='bbox 456 1012 694 1065; x_wconf 78' lang='lat' dir='ltr'><strong>Macrino</strong></span> <span class='ocrx_word' id='word_1_55' title='bbox 734 1008 899 1077; x_wconf 80' lang='lat' dir='ltr'><strong>jussit</strong></span> <span class='ocrx_word' id='word_1_56' title='bbox 960 1003 1215 1061; x_wconf 84' lang='lat' dir='ltr'><strong>interﬁci.</strong></span> <span class='ocrx_word' id='word_1_57' title='bbox 1282 1003 1410 1057; x_wconf 89' lang='lat' dir='ltr'><strong>Post</strong></span> <span class='ocrx_word' id='word_1_58' title='bbox 1468 1003 1801 1056; x_wconf 74' lang='lat' dir='ltr'><strong>Antoninum</strong></span> <span class='ocrx_word' id='word_1_59' title='bbox 1847 1001 2011 1070; x_wconf 78' lang='lat' dir='ltr'><strong>igitur</strong></span> 
     </span>
    </p>
   </div>
   <div class='ocr_carea' id='block_1_12' title="bbox 455 1093 2007 1165">
    <p class='ocr_par' dir='ltr' id='par_1_12' title="bbox 455 1093 2007 1165">
     <span class='ocr_line' id='line_1_12' title="bbox 455 1093 2007 1165; baseline -0.006 -10"><span class='ocrx_word' id='word_1_60' title='bbox 455 1118 658 1156; x_wconf 91' lang='lat' dir='ltr'><strong>annum</strong></span> <span class='ocrx_word' id='word_1_61' title='bbox 685 1115 849 1155; x_wconf 91' lang='lat' dir='ltr'><strong>unum</strong></span> <span class='ocrx_word' id='word_1_62' title='bbox 878 1106 1200 1165; x_wconf 78' lang='lat' dir='ltr'><strong>mensesque</strong></span> <span class='ocrx_word' id='word_1_63' title='bbox 1229 1095 1367 1150; x_wconf 87' lang='lat' dir='ltr'><strong>duos</strong></span> <span class='ocrx_word' id='word_1_64' title='bbox 1396 1095 1670 1150; x_wconf 84' lang='lat' dir='ltr'><strong>Macrinus</strong></span> <span class='ocrx_word' id='word_1_65' title='bbox 1702 1093 2007 1163; x_wconf 77' lang='lat' dir='ltr'><strong>imperavit.</strong></span> 
     </span>
    </p>
   </div>
   <div class='ocr_carea' id='block_1_13' title="bbox 456 1182 2011 1261">
    <p class='ocr_par' dir='ltr' id='par_1_13' title="bbox 456 1182 2011 1261">
     <span class='ocr_line' id='line_1_13' title="bbox 456 1182 2011 1261; baseline -0.006 -17"><span class='ocrx_word' id='word_1_66' title='bbox 456 1192 689 1247; x_wconf 81' lang='lat' dir='ltr'><strong>Secutus</strong></span> <span class='ocrx_word' id='word_1_67' title='bbox 731 1190 814 1253; x_wconf 81' lang='lat' dir='ltr'><strong>est</strong></span> <span class='ocrx_word' id='word_1_68' title='bbox 857 1187 1007 1240; x_wconf 85' lang='lat' dir='ltr'><strong>illum</strong></span> <span class='ocrx_word' id='word_1_69' title='bbox 1052 1184 1361 1261; x_wconf 80' lang='lat' dir='ltr'><strong>Antoninus</strong></span> <span class='ocrx_word' id='word_1_70' title='bbox 1407 1182 1804 1252; x_wconf 82' lang='lat' dir='ltr'><strong>Heliogabalus,</strong></span> <span class='ocrx_word' id='word_1_71' title='bbox 1840 1182 2011 1250; x_wconf 85' lang='lat' dir='ltr'><strong>impe-</strong></span> 
     </span>
    </p>
   </div>
   <div class='ocr_carea' id='block_1_14' title="bbox 457 1272 2010 1351">
    <p class='ocr_par' dir='ltr' id='par_1_14' title="bbox 457 1272 2010 1351">
     <span class='ocr_line' id='line_1_14' title="bbox 457 1272 2010 1351; baseline -0.006 -16"><span class='ocrx_word' id='word_1_72' title='bbox 457 1283 648 1351; x_wconf 85' lang='lat' dir='ltr'><strong>rioque</strong></span> <span class='ocrx_word' id='word_1_73' title='bbox 676 1281 881 1351; x_wconf 91' lang='lat' dir='ltr'><strong>potitus</strong></span> <span class='ocrx_word' id='word_1_74' title='bbox 911 1287 993 1333; x_wconf 91' lang='lat' dir='ltr'><strong>est</strong></span> <span class='ocrx_word' id='word_1_75' title='bbox 1011 1290 1182 1332; x_wconf 88' lang='lat' dir='ltr'><strong>annos</strong></span> <span class='ocrx_word' id='word_1_76' title='bbox 1212 1279 1265 1343; x_wconf 77' lang='lat'><strong>3,</strong></span> <span class='ocrx_word' id='word_1_77' title='bbox 1295 1292 1509 1331; x_wconf 83' lang='lat' dir='ltr'><strong>menses</strong></span> <span class='ocrx_word' id='word_1_78' title='bbox 1536 1278 1586 1330; x_wconf 91' lang='lat'><strong>9.</strong></span> <span class='ocrx_word' id='word_1_79' title='bbox 1604 1275 1669 1329; x_wconf 85' lang='lat' dir='ltr'><strong>&#39;Is</strong></span> <span class='ocrx_word' id='word_1_80' title='bbox 1699 1285 1801 1345; x_wconf 83' lang='lat' dir='ltr'><strong>tam</strong></span> <span class='ocrx_word' id='word_1_81' title='bbox 1825 1272 2010 1343; x_wconf 80' lang='lat' dir='ltr'><strong>prodi-</strong></span> 
     </span>
    </p>
   </div>
   <div class='ocr_carea' id='block_1_15' title="bbox 458 1362 2011 1442">
    <p class='ocr_par' dir='ltr' id='par_1_15' title="bbox 458 1362 2011 1442">
     <span class='ocr_line' id='line_1_15' title="bbox 458 1362 2011 1442; baseline -0.006 -17"><span class='ocrx_word' id='word_1_82' title='bbox 458 1373 606 1442; x_wconf 76' lang='lat' dir='ltr'><strong>giose</strong></span> <span class='ocrx_word' id='word_1_83' title='bbox 638 1371 874 1426; x_wconf 83' lang='lat' dir='ltr'><strong>lascivus</strong></span> <span class='ocrx_word' id='word_1_84' title='bbox 913 1378 1030 1424; x_wconf 87' lang='lat' dir='ltr'><strong>erat</strong></span> <span class='ocrx_word' id='word_1_85' title='bbox 1072 1379 1134 1422; x_wconf 92' lang='lat' dir='ltr'><strong>ut</strong></span> <span class='ocrx_word' id='word_1_86' title='bbox 1169 1367 1476 1421; x_wconf 84' lang='lat' dir='ltr'><strong>Hieroclem</strong></span> <span class='ocrx_word' id='word_1_87' title='bbox 1517 1365 1620 1420; x_wconf 84' lang='lat' dir='ltr'><strong>sibi</strong></span> <span class='ocrx_word' id='word_1_88' title='bbox 1671 1381 1769 1434; x_wconf 92' lang='lat' dir='ltr'><strong>pro</strong></span> <span class='ocrx_word' id='word_1_89' title='bbox 1815 1362 2011 1417; x_wconf 84' lang='lat' dir='ltr'><strong>marito</strong></span> 
     </span>
    </p>
   </div>
   <div class='ocr_carea' id='block_1_16' title="bbox 458 1448 2012 1531">
    <p class='ocr_par' dir='ltr' id='par_1_16' title="bbox 458 1448 2012 1531">
     <span class='ocr_line' id='line_1_16' title="bbox 458 1448 2012 1531; baseline -0.008 -15"><span class='ocrx_word' id='word_1_90' title='bbox 458 1448 700 1531; x_wconf 85' lang='lat' dir='ltr'><strong>legitimo</strong></span> <span class='ocrx_word' id='word_1_91' title='bbox 723 1461 997 1530; x_wconf 90' lang='lat' dir='ltr'><strong>jungeret.</strong></span> <span class='ocrx_word' id='word_1_92' title='bbox 1057 1458 1350 1517; x_wconf 66' lang='lat' dir='ltr'><strong>Praeterea,</strong></span> <span class='ocrx_word' id='word_1_93' title='bbox 1386 1470 1482 1508; x_wconf 86' lang='lat' dir='ltr'><strong>ceu</strong></span> <span class='ocrx_word' id='word_1_94' title='bbox 1517 1453 1860 1524; x_wconf 84' lang='lat' dir='ltr'><strong>perhibetur,</strong></span> <span class='ocrx_word' id='word_1_95' title='bbox 1901 1465 2012 1504; x_wconf 90' lang='lat' dir='ltr'><strong>me-</strong></span> 
     </span>
    </p>
   </div>
   <div class='ocr_carea' id='block_1_17' title="bbox 459 1544 2014 1625">
    <p class='ocr_par' dir='ltr' id='par_1_17' title="bbox 459 1544 2014 1625">
     <span class='ocr_line' id='line_1_17' title="bbox 459 1544 2014 1625; baseline -0.007 -18"><span class='ocrx_word' id='word_1_96' title='bbox 459 1550 613 1623; x_wconf 72' lang='lat' dir='ltr'><strong>dicos</strong></span> <span class='ocrx_word' id='word_1_97' title='bbox 636 1553 898 1625; x_wconf 80' lang='lat' dir='ltr'><strong>quosdam</strong></span> <span class='ocrx_word' id='word_1_98' title='bbox 940 1549 1268 1602; x_wconf 81' lang='lat' dir='ltr'><strong>obsecrabat</strong></span> <span class='ocrx_word' id='word_1_99' title='bbox 1325 1556 1385 1601; x_wconf 92' lang='lat' dir='ltr'><strong>ut</strong></span> <span class='ocrx_word' id='word_1_100' title='bbox 1434 1544 1501 1600; x_wconf 89' lang='lat' dir='ltr'><strong>ab</strong></span> <span class='ocrx_word' id='word_1_101' title='bbox 1551 1546 1829 1599; x_wconf 88' lang='lat' dir='ltr'><strong>anteriore</strong></span> <span class='ocrx_word' id='word_1_102' title='bbox 1859 1554 2014 1613; x_wconf 90' lang='lat' dir='ltr'><strong>parte</strong></span> 
     </span>
    </p>
   </div>
   <div class='ocr_carea' id='block_1_18' title="bbox 461 1632 2016 1713">
    <p class='ocr_par' dir='ltr' id='par_1_18' title="bbox 461 1632 2016 1713">
     <span class='ocr_line' id='line_1_18' title="bbox 461 1632 2016 1713; baseline -0.006 -16"><span class='ocrx_word' id='word_1_103' title='bbox 461 1643 708 1713; x_wconf 77' lang='lat' dir='ltr'><strong>carparis</strong></span> <span class='ocrx_word' id='word_1_104' title='bbox 739 1641 981 1695; x_wconf 77' lang='lat' dir='ltr'><strong>sectione</strong></span> <span class='ocrx_word' id='word_1_105' title='bbox 1010 1640 1151 1693; x_wconf 80' lang='lat' dir='ltr'><strong>facta</strong></span> <span class='ocrx_word' id='word_1_106' title='bbox 1177 1653 1242 1692; x_wconf 90' lang='lat' dir='ltr'><strong>se</strong></span> <span class='ocrx_word' id='word_1_107' title='bbox 1272 1636 1557 1706; x_wconf 79' lang='lat' dir='ltr'><strong>utriusque</strong></span> <span class='ocrx_word' id='word_1_108' title='bbox 1594 1632 1801 1690; x_wconf 67' lang='lat' dir='ltr'><strong>natura:</strong></span> <span class='ocrx_word' id='word_1_109' title='bbox 1843 1634 2016 1704; x_wconf 82' lang='lat' dir='ltr'><strong>parii-</strong></span> 
     </span>
    </p>
   </div>
   <div class='ocr_carea' id='block_1_19' title="bbox 463 1728 2016 1816">
    <p class='ocr_par' dir='ltr' id='par_1_19' title="bbox 463 1728 2016 1816">
     <span class='ocr_line' id='line_1_19' title="bbox 463 1728 2016 1816; baseline -0.007 -27"><span class='ocrx_word' id='word_1_110' title='bbox 463 1738 637 1816; x_wconf 86' lang='lat' dir='ltr'><strong>cipem</strong></span> <span class='ocrx_word' id='word_1_111' title='bbox 697 1734 954 1803; x_wconf 79' lang='lat' dir='ltr'><strong>facerent.</strong></span> <span class='ocrx_word' id='word_1_112' title='bbox 1020 1732 1148 1785; x_wconf 84' lang='lat' dir='ltr'><strong>Post</strong></span> <span class='ocrx_word' id='word_1_113' title='bbox 1209 1728 1349 1784; x_wconf 74' lang='lat' dir='ltr'><strong>[tunc</strong></span> <span class='ocrx_word' id='word_1_114' title='bbox 1403 1730 1728 1789; x_wconf 74' lang='lat' dir='ltr'><strong>Alexander,</strong></span> <span class='ocrx_word' id='word_1_115' title='bbox 1786 1729 2016 1781; x_wconf 69' lang='lat' dir='ltr'><strong>Mamaeae</strong></span> 
     </span>
    </p>
   </div>
   <div class='ocr_carea' id='block_1_20' title="bbox 2111 524 3658 619">
    <p class='ocr_par' dir='ltr' id='par_1_20' title="bbox 2111 524 3658 619">
     <span class='ocr_line' id='line_1_20' title="bbox 2111 524 3658 619; baseline -0.019 -15"><span class='ocrx_word' id='word_1_116' title='bbox 2111 553 2203 618; x_wconf 76' lang='grc' dir='ltr'>καὶ</span> <span class='ocrx_word' id='word_1_117' title='bbox 2260 551 2429 619; x_wconf 68' lang='grc' dir='ltr'>μῆνας</span> <span class='ocrx_word' id='word_1_118' title='bbox 2465 546 2529 614; x_wconf 78' lang='grc' dir='ltr'><strong>β’.</strong></span> <span class='ocrx_word' id='word_1_119' title='bbox 2561 542 2678 611; x_wconf 69' lang='grc' dir='ltr'><strong>Ἐφ’</strong></span> <span class='ocrx_word' id='word_1_120' title='bbox 2705 535 2767 595; x_wconf 73' lang='grc' dir='ltr'><strong>οὗ</strong></span> <span class='ocrx_word' id='word_1_121' title='bbox 2822 538 3113 610; x_wconf 77' lang='grc' dir='ltr'>Σαραπίων</span> <span class='ocrx_word' id='word_1_122' title='bbox 3164 551 3247 595; x_wconf 87' lang='grc' dir='ltr'><strong>τις</strong></span> <span class='ocrx_word' id='word_1_123' title='bbox 3286 524 3658 599; x_wconf 76' lang='grc' dir='ltr'>μαθηματικὸς</span> 
     </span>
    </p>
   </div>
   <div class='ocr_carea' id='block_1_21' title="bbox 2110 616 3659 714">
    <p class='ocr_par' dir='ltr' id='par_1_21' title="bbox 2110 616 3659 714">
     <span class='ocr_line' id='line_1_21' title="bbox 2110 616 3659 714; baseline -0.019 -18"><span class='ocrx_word' id='word_1_124' title='bbox 2110 616 2199 714; x_wconf 74' lang='grc' dir='ltr'>ἦν,</span> <span class='ocrx_word' id='word_1_125' title='bbox 2233 616 2290 703; x_wconf 57' lang='grc' dir='ltr'>δέ</span> <span class='ocrx_word' id='word_1_126' title='bbox 2313 616 2588 702; x_wconf 75' lang='grc' dir='ltr'>ὗπέδειξεον</span> <span class='ocrx_word' id='word_1_127' title='bbox 2619 634 2919 700; x_wconf 80' lang='grc' dir='ltr'>Ἀντωνίνῳ</span> <span class='ocrx_word' id='word_1_128' title='bbox 2945 627 3225 697; x_wconf 84' lang='grc' dir='ltr'>Μακρῖνόν</span> <span class='ocrx_word' id='word_1_129' title='bbox 3260 640 3378 677; x_wconf 86' lang='grc' dir='ltr'>τινα</span> <span class='ocrx_word' id='word_1_130' title='bbox 3418 621 3507 673; x_wconf 76' lang='grc' dir='ltr'>τὸν</span> <span class='ocrx_word' id='word_1_131' title='bbox 3543 616 3659 714; x_wconf 69' lang='grc' dir='ltr'><strong>μετῖ</strong></span> 
     </span>
    </p>
   </div>
   <div class='ocr_carea' id='block_1_22' title="bbox 2110 708 3662 795">
    <p class='ocr_par' dir='ltr' id='par_1_22' title="bbox 2110 708 3662 795">
     <span class='ocr_line' id='line_1_22' title="bbox 2110 708 3662 795; baseline -0.017 -10"><span class='ocrx_word' id='word_1_132' title='bbox 2110 708 2337 785; x_wconf 30' lang='grc' dir='ltr'>οἶδ-πολὺ</span> <span class='ocrx_word' id='word_1_133' title='bbox 2391 728 2760 795; x_wconf 73' lang='grc' dir='ltr'><strong>διαδεξόμενον</strong></span> <span class='ocrx_word' id='word_1_134' title='bbox 2804 724 2971 777; x_wconf 77' lang='grc' dir='ltr'>αὐτὸν</span> <span class='ocrx_word' id='word_1_135' title='bbox 3019 721 3107 773; x_wconf 67' lang='grc' dir='ltr'><strong>ἐπὶ</strong></span> <span class='ocrx_word' id='word_1_136' title='bbox 3138 715 3463 783; x_wconf 76' lang='grc' dir='ltr'><strong>συγκλήτου.</strong></span> <span class='ocrx_word' id='word_1_137' title='bbox 3498 710 3602 763; x_wconf 67' lang='grc' dir='ltr'><strong>Καὶ</strong></span> <span class='ocrx_word' id='word_1_138' title='bbox 3633 708 3662 758; x_wconf 84' lang='grc' dir='ltr'><strong>ό</strong></span> 
     </span>
    </p>
   </div>
   <div class='ocr_carea' id='block_1_23' title="bbox 2124 802 3659 889">
    <p class='ocr_par' dir='ltr' id='par_1_23' title="bbox 2124 802 3659 889">
     <span class='ocr_line' id='line_1_23' title="bbox 2124 802 3659 889; baseline -0.018 -11"><span class='ocrx_word' id='word_1_139' title='bbox 2124 825 2437 884; x_wconf 78' lang='grc' dir='ltr'>Ἀντωνῖνος</span> <span class='ocrx_word' id='word_1_140' title='bbox 2472 818 2712 889; x_wconf 80' lang='grc' dir='ltr'>παριδὼν</span> <span class='ocrx_word' id='word_1_141' title='bbox 2737 816 2892 869; x_wconf 78' lang='grc' dir='ltr'>ἄλλον</span> <span class='ocrx_word' id='word_1_142' title='bbox 2936 814 3055 866; x_wconf 68' lang='grc' dir='ltr'>ἀντὶ</span> <span class='ocrx_word' id='word_1_143' title='bbox 3094 807 3370 874; x_wconf 81' lang='grc' dir='ltr'>Μακρίνου</span> <span class='ocrx_word' id='word_1_144' title='bbox 3401 802 3659 870; x_wconf 72' lang='grc' dir='ltr'>φονευθῆ-</span> 
     </span>
    </p>
   </div>
   <div class='ocr_carea' id='block_1_24' title="bbox 2115 894 3664 979">
    <p class='ocr_par' dir='ltr' id='par_1_24' title="bbox 2115 894 3664 979">
     <span class='ocr_line' id='line_1_24' title="bbox 2115 894 3664 979; baseline -0.016 -11"><span class='ocrx_word' id='word_1_145' title='bbox 2115 934 2203 967; x_wconf 64' lang='lat' dir='ltr'><strong>vat</strong></span> <span class='ocrx_word' id='word_1_146' title='bbox 2232 915 2481 966; x_wconf 70' lang='grc' dir='ltr'>ἐκέλευσε</span> <span class='ocrx_word' id='word_1_147' title='bbox 2511 913 2619 979; x_wconf 80' lang='grc'>(68)</span> <span class='ocrx_word' id='word_1_148' title='bbox 2638 927 2651 940; x_wconf 86' lang='grc'><strong>·</strong></span> <span class='ocrx_word' id='word_1_149' title='bbox 2684 908 2819 978; x_wconf 81' lang='grc' dir='ltr'>μετὰ</span> <span class='ocrx_word' id='word_1_150' title='bbox 2842 907 2896 958; x_wconf 82' lang='grc' dir='ltr'>δὲ</span> <span class='ocrx_word' id='word_1_151' title='bbox 2924 904 3236 956; x_wconf 79' lang='grc' dir='ltr'>Ἀντωνῖνον</span> <span class='ocrx_word' id='word_1_152' title='bbox 3255 897 3525 961; x_wconf 77' lang='grc' dir='ltr'>Μακρῖνος</span> <span class='ocrx_word' id='word_1_153' title='bbox 3550 894 3664 953; x_wconf 72' lang='grc' dir='ltr'>ἔτος</span> 
     </span>
    </p>
   </div>
   <div class='ocr_carea' id='block_1_25' title="bbox 2114 985 3667 1075">
    <p class='ocr_par' dir='ltr' id='par_1_25' title="bbox 2114 985 3667 1075">
     <span class='ocr_line' id='line_1_25' title="bbox 2114 985 3667 1075; baseline -0.019 -11"><span class='ocrx_word' id='word_1_154' title='bbox 2114 1012 2169 1064; x_wconf 78' lang='grc' dir='ltr'>ἓν</span> <span class='ocrx_word' id='word_1_155' title='bbox 2197 1011 2290 1063; x_wconf 72' lang='grc' dir='ltr'>καὶ</span> <span class='ocrx_word' id='word_1_156' title='bbox 2324 1009 2496 1074; x_wconf 68' lang='grc' dir='ltr'>μῆνας</span> <span class='ocrx_word' id='word_1_157' title='bbox 2529 1005 2592 1075; x_wconf 83' lang='grc' dir='ltr'><strong>β’.</strong></span> <span class='ocrx_word' id='word_1_158' title='bbox 2628 1004 2782 1059; x_wconf 87' lang='grc' dir='ltr'>Μετὰ</span> <span class='ocrx_word' id='word_1_159' title='bbox 2804 1001 2859 1052; x_wconf 80' lang='grc' dir='ltr'>δὲ</span> <span class='ocrx_word' id='word_1_160' title='bbox 2882 999 3072 1052; x_wconf 80' lang='grc' dir='ltr'>τοῦτον</span> <span class='ocrx_word' id='word_1_161' title='bbox 3097 992 3407 1050; x_wconf 80' lang='grc' dir='ltr'>’Δντωνῖνος</span> <span class='ocrx_word' id='word_1_162' title='bbox 3440 989 3466 1039; x_wconf 88' lang='grc' dir='ltr'><strong>ό</strong></span> <span class='ocrx_word' id='word_1_163' title='bbox 3488 985 3667 1036; x_wconf 78' lang='grc' dir='ltr'>Ἥλιο-</span> 
     </span>
    </p>
   </div>
   <div class='ocr_carea' id='block_1_26' title="bbox 2112 1075 3665 1171">
    <p class='ocr_par' dir='ltr' id='par_1_26' title="bbox 2112 1075 3665 1171">
     <span class='ocr_line' id='line_1_26' title="bbox 2112 1075 3665 1171; baseline -0.019 -15"><span class='ocrx_word' id='word_1_164' title='bbox 2112 1103 2346 1171; x_wconf 70' lang='grc' dir='ltr'>γὲιϐαλος</span> <span class='ocrx_word' id='word_1_165' title='bbox 2378 1100 2469 1166; x_wconf 75' lang='grc' dir='ltr'><strong>ἔτη</strong></span> <span class='ocrx_word' id='word_1_166' title='bbox 2500 1105 2548 1165; x_wconf 78' lang='grc' dir='ltr'><strong>γ’</strong></span> <span class='ocrx_word' id='word_1_167' title='bbox 2576 1098 2667 1150; x_wconf 73' lang='grc' dir='ltr'>καὶ</span> <span class='ocrx_word' id='word_1_168' title='bbox 2698 1097 2866 1163; x_wconf 72' lang='grc' dir='ltr'>μῆνας</span> <span class='ocrx_word' id='word_1_169' title='bbox 2892 1091 2955 1156; x_wconf 82' lang='grc' dir='ltr'>θ’,</span> <span class='ocrx_word' id='word_1_170' title='bbox 2987 1089 3044 1151; x_wconf 84' lang='grc' dir='ltr'>ὃς</span> <span class='ocrx_word' id='word_1_171' title='bbox 3074 1086 3323 1140; x_wconf 74' lang='grc' dir='ltr'>τοσοῦτον</span> <span class='ocrx_word' id='word_1_172' title='bbox 3343 1077 3410 1150; x_wconf 83' lang='grc' dir='ltr'>ἦν</span> <span class='ocrx_word' id='word_1_173' title='bbox 3431 1075 3665 1144; x_wconf 80' lang='grc' dir='ltr'>ἀσελγὴς</span> 
     </span>
    </p>
   </div>
   <div class='ocr_carea' id='block_1_27' title="bbox 2112 1168 3661 1259">
    <p class='ocr_par' dir='ltr' id='par_1_27' title="bbox 2112 1168 3661 1259">
     <span class='ocr_line' id='line_1_27' title="bbox 2112 1168 3661 1259; baseline -0.017 -12"><span class='ocrx_word' id='word_1_174' title='bbox 2112 1168 2185 1251; x_wconf 63' lang='grc' dir='ltr'>ὧς</span> <span class='ocrx_word' id='word_1_175' title='bbox 2215 1192 2309 1245; x_wconf 65' lang='grc' dir='ltr'>καὶ</span> <span class='ocrx_word' id='word_1_176' title='bbox 2340 1192 2430 1242; x_wconf 66' lang='grc' dir='ltr'><strong>τόν</strong></span> <span class='ocrx_word' id='word_1_177' title='bbox 2461 1186 2732 1259; x_wconf 81' lang='grc' dir='ltr'><strong>Ἱεροκλέα</strong></span> <span class='ocrx_word' id='word_1_178' title='bbox 2758 1185 2980 1251; x_wconf 75' lang='grc' dir='ltr'>ἔννομον</span> <span class='ocrx_word' id='word_1_179' title='bbox 3027 1177 3189 1233; x_wconf 74' lang='grc' dir='ltr'>αὐτοῦ</span> <span class='ocrx_word' id='word_1_180' title='bbox 3216 1174 3380 1243; x_wconf 73' lang='grc' dir='ltr'>ἄνδρα</span> <span class='ocrx_word' id='word_1_181' title='bbox 3415 1168 3661 1237; x_wconf 85' lang='grc' dir='ltr'>ποιῆσαι.</span> 
     </span>
    </p>
   </div>
   <div class='ocr_carea' id='block_1_28' title="bbox 2124 1260 3663 1353">
    <p class='ocr_par' dir='ltr' id='par_1_28' title="bbox 2124 1260 3663 1353">
     <span class='ocr_line' id='line_1_28' title="bbox 2124 1260 3663 1353; baseline -0.017 -16"><span class='ocrx_word' id='word_1_182' title='bbox 2124 1284 2211 1345; x_wconf 78' lang='grc' dir='ltr'>Ὠς</span> <span class='ocrx_word' id='word_1_183' title='bbox 2323 1281 2559 1347; x_wconf 76' lang='grc' dir='ltr'>λέγουσι,</span> <span class='ocrx_word' id='word_1_184' title='bbox 2587 1280 2678 1331; x_wconf 69' lang='grc' dir='ltr'><strong>καί</strong></span> <span class='ocrx_word' id='word_1_185' title='bbox 2724 1293 2873 1336; x_wconf 79' lang='grc' dir='ltr'>τινας</span> <span class='ocrx_word' id='word_1_186' title='bbox 2899 1274 3007 1326; x_wconf 85' lang='grc' dir='ltr'>τῶν</span> <span class='ocrx_word' id='word_1_187' title='bbox 3046 1268 3248 1339; x_wconf 79' lang='grc' dir='ltr'><strong>ἰατρῶν</strong></span> <span class='ocrx_word' id='word_1_188' title='bbox 3293 1263 3557 1335; x_wconf 63' lang='grc' dir='ltr'><strong>¹ἠντιϐόλει</strong></span> <span class='ocrx_word' id='word_1_189' title='bbox 3589 1260 3663 1313; x_wconf 87' lang='grc' dir='ltr'>δι-</span> 
     </span>
    </p>
   </div>
   <div class='ocr_carea' id='block_1_29' title="bbox 2115 1350 3666 1442">
    <p class='ocr_par' dir='ltr' id='par_1_29' title="bbox 2115 1350 3666 1442">
     <span class='ocr_line' id='line_1_29' title="bbox 2115 1350 3666 1442; baseline -0.015 -15"><span class='ocrx_word' id='word_1_190' title='bbox 2115 1376 2223 1442; x_wconf 72' lang='grc' dir='ltr'>φυῆ</span> <span class='ocrx_word' id='word_1_191' title='bbox 2256 1350 2417 1426; x_wconf 77' lang='grc' dir='ltr'>αὑτὸν</span> <span class='ocrx_word' id='word_1_192' title='bbox 2448 1370 2515 1426; x_wconf 86' lang='grc' dir='ltr'><strong>δι’</strong></span> <span class='ocrx_word' id='word_1_193' title='bbox 2564 1370 2791 1437; x_wconf 74' lang='grc' dir='ltr'>ὲντομῆς</span> <span class='ocrx_word' id='word_1_194' title='bbox 2852 1362 3186 1434; x_wconf 78' lang='grc' dir='ltr'>ὲμπροσθίου</span> <span class='ocrx_word' id='word_1_195' title='bbox 3235 1358 3477 1426; x_wconf 78' lang='grc' dir='ltr'>ποιῆσαι.</span> <span class='ocrx_word' id='word_1_196' title='bbox 3515 1350 3666 1408; x_wconf 76' lang='grc' dir='ltr'>Μετὰ</span> 
     </span>
    </p>
   </div>
   <div class='ocr_carea' id='block_1_30' title="bbox 2114 1445 3664 1537">
    <p class='ocr_par' dir='ltr' id='par_1_30' title="bbox 2114 1445 3664 1537">
     <span class='ocr_line' id='line_1_30' title="bbox 2114 1445 3664 1537; baseline -0.017 -15"><span class='ocrx_word' id='word_1_197' title='bbox 2114 1470 2168 1537; x_wconf 75' lang='grc' dir='ltr'>δὲ</span> <span class='ocrx_word' id='word_1_198' title='bbox 2201 1468 2387 1535; x_wconf 76' lang='grc' dir='ltr'>τοῦτον</span> <span class='ocrx_word' id='word_1_199' title='bbox 2416 1461 2766 1531; x_wconf 76' lang='grc' dir='ltr'>Ἀλέξανδρος</span> <span class='ocrx_word' id='word_1_200' title='bbox 2792 1462 2818 1513; x_wconf 87' lang='grc' dir='ltr'>ὁ</span> <span class='ocrx_word' id='word_1_201' title='bbox 2851 1460 2947 1525; x_wconf 75' lang='grc' dir='ltr'>τῆς</span> <span class='ocrx_word' id='word_1_202' title='bbox 2978 1454 3240 1524; x_wconf 66' lang='lat' dir='ltr'><strong>Matuta;</strong></span> <span class='ocrx_word' id='word_1_203' title='bbox 3274 1452 3365 1518; x_wconf 74' lang='grc' dir='ltr'><strong>ἐτη</strong></span> <span class='ocrx_word' id='word_1_204' title='bbox 3399 1445 3465 1515; x_wconf 86' lang='grc' dir='ltr'><strong>ιγ’</strong></span> <span class='ocrx_word' id='word_1_205' title='bbox 3493 1446 3664 1537; x_wconf 75' lang='grc' dir='ltr'>μῆνας</span> 
     </span>
    </p>
   </div>
   <div class='ocr_carea' id='block_1_31' title="bbox 2114 1536 3667 1630">
    <p class='ocr_par' dir='ltr' id='par_1_31' title="bbox 2114 1536 3667 1630">
     <span class='ocr_line' id='line_1_31' title="bbox 2114 1536 3667 1630; baseline -0.017 -18"><span class='ocrx_word' id='word_1_206' title='bbox 2114 1536 2183 1630; x_wconf 2' lang='grc' dir='ltr'><strong>ηδ’.</strong></span> <span class='ocrx_word' id='word_1_207' title='bbox 2214 1557 2358 1626; x_wconf 77' lang='grc' dir='ltr'><strong>Λῦτη</strong></span> <span class='ocrx_word' id='word_1_208' title='bbox 2387 1554 2641 1622; x_wconf 79' lang='grc' dir='ltr'>θεοσεϐὴς</span> <span class='ocrx_word' id='word_1_209' title='bbox 2664 1546 2796 1603; x_wconf 77' lang='grc' dir='ltr'>οὖσα</span> <span class='ocrx_word' id='word_1_210' title='bbox 2831 1549 2918 1600; x_wconf 82' lang='grc' dir='ltr'>τὸν</span> <span class='ocrx_word' id='word_1_211' title='bbox 2951 1543 3230 1614; x_wconf 80' lang='grc' dir='ltr'>Ὠριγένην</span> <span class='ocrx_word' id='word_1_212' title='bbox 3262 1536 3667 1604; x_wconf 76' lang='grc' dir='ltr'>ὲξἋντιοχεῐας</span> 
     </span>
    </p>
   </div>
   <div class='ocr_carea' id='block_1_32' title="bbox 2117 1626 3667 1705">
    <p class='ocr_par' dir='ltr' id='par_1_32' title="bbox 2117 1626 3667 1705">
     <span class='ocr_line' id='line_1_32' title="bbox 2117 1626 3667 1705; baseline -0.016 -5"><span class='ocrx_word' id='word_1_213' title='bbox 2117 1626 2374 1701; x_wconf 79' lang='grc' dir='ltr'>ἐκάλεσεν</span> <span class='ocrx_word' id='word_1_214' title='bbox 2397 1640 2536 1696; x_wconf 85' lang='grc' dir='ltr'>ὥστε</span> <span class='ocrx_word' id='word_1_215' title='bbox 2575 1641 2635 1694; x_wconf 83' lang='grc' dir='ltr'><strong>τδ</strong></span> <span class='ocrx_word' id='word_1_216' title='bbox 2672 1642 2813 1692; x_wconf 82' lang='grc' dir='ltr'>κατὰ</span> <span class='ocrx_word' id='word_1_217' title='bbox 2845 1635 3078 1705; x_wconf 74' lang='grc' dir='ltr'>Χριστὸν</span> <span class='ocrx_word' id='word_1_218' title='bbox 3118 1630 3426 1698; x_wconf 68' lang='grc' dir='ltr'>διδαχθῆναι</span> <span class='ocrx_word' id='word_1_219' title='bbox 3458 1626 3667 1693; x_wconf 65' lang='grc' dir='ltr'><strong>μυστὴς-</strong></span> 
     </span>
    </p>
   </div>
   <div class='ocr_carea' id='block_1_33' title="bbox 2125 1718 3669 1808">
    <p class='ocr_par' dir='ltr' id='par_1_33' title="bbox 2125 1718 3669 1808">
     <span class='ocr_line' id='line_1_33' title="bbox 2125 1718 3669 1808; baseline -0.014 -18"><span class='ocrx_word' id='word_1_220' title='bbox 2125 1756 2259 1808; x_wconf 71' lang='grc' dir='ltr'>ρίον.</span> <span class='ocrx_word' id='word_1_221' title='bbox 2289 1734 2442 1796; x_wconf 72' lang='grc' dir='ltr'>Μετὰ</span> <span class='ocrx_word' id='word_1_222' title='bbox 2490 1732 2679 1786; x_wconf 80' lang='grc' dir='ltr'>τοῦτον</span> <span class='ocrx_word' id='word_1_223' title='bbox 2710 1730 3012 1797; x_wconf 80' lang='grc' dir='ltr'>Μαξιμῖνος</span> <span class='ocrx_word' id='word_1_224' title='bbox 3057 1726 3151 1792; x_wconf 72' lang='grc' dir='ltr'><strong>ἐτη</strong></span> <span class='ocrx_word' id='word_1_225' title='bbox 3183 1730 3257 1788; x_wconf 80' lang='grc' dir='ltr'><strong>ς’.</strong></span> <span class='ocrx_word' id='word_1_226' title='bbox 3287 1720 3439 1775; x_wconf 76' lang='grc' dir='ltr'>Μετὰ</span> <span class='ocrx_word' id='word_1_227' title='bbox 3485 1718 3669 1769; x_wconf 77' lang='grc' dir='ltr'>τοῦτον</span> 
     </span>
    </p>
   </div>
   <div class='ocr_carea' id='block_1_34' title="bbox 464 1794 2030 1896">
    <p class='ocr_par' dir='ltr' id='par_1_34' title="bbox 464 1794 2014 1894">
     <span class='ocr_line' id='line_1_34' title="bbox 464 1794 2014 1894; baseline -0.006 -11"><span class='ocrx_word' id='word_1_228' title='bbox 464 1794 627 1893; x_wconf 77' lang='lat' dir='ltr'><strong>ﬁlius,</strong></span> <span class='ocrx_word' id='word_1_229' title='bbox 656 1826 814 1880; x_wconf 89' lang='lat' dir='ltr'><strong>annis</strong></span> <span class='ocrx_word' id='word_1_230' title='bbox 848 1825 912 1879; x_wconf 78' lang='grc'>15</span> <span class='ocrx_word' id='word_1_231' title='bbox 935 1838 989 1879; x_wconf 88' lang='lat' dir='ltr'><strong>et</strong></span> <span class='ocrx_word' id='word_1_232' title='bbox 1026 1834 1149 1894; x_wconf 84' lang='lat' dir='ltr'><strong>octo</strong></span> <span class='ocrx_word' id='word_1_233' title='bbox 1181 1824 1457 1876; x_wconf 82' lang='lat' dir='ltr'><strong>mensibus</strong></span> <span class='ocrx_word' id='word_1_234' title='bbox 1504 1823 1732 1892; x_wconf 85' lang='lat' dir='ltr'><strong>imperio</strong></span> <span class='ocrx_word' id='word_1_235' title='bbox 1779 1820 2014 1889; x_wconf 55' lang='lat' dir='ltr'><strong>puduit.</strong></span> 
     </span>
    </p>
   </div>
   <div class='ocr_carea' id='block_1_35' title="bbox 2117 1794 3669 1896">
    <p class='ocr_par' dir='ltr' id='par_1_35' title="bbox 2125 1794 3669 1896">
     <span class='ocr_line' id='line_1_35' title="bbox 2125 1794 3669 1896; baseline -0.016 -14"><span class='ocrx_word' id='word_1_236' title='bbox 2125 1794 2376 1896; x_wconf 76' lang='grc' dir='ltr'>Μάξιμος</span> <span class='ocrx_word' id='word_1_237' title='bbox 2433 1825 2527 1877; x_wconf 63' lang='grc' dir='ltr'><strong>καλ⁸</strong></span> <span class='ocrx_word' id='word_1_238' title='bbox 2570 1794 2840 1882; x_wconf 70' lang='grc' dir='ltr'>Βαλϐῖνος</span> <span class='ocrx_word' id='word_1_239' title='bbox 2865 1794 3084 1889; x_wconf 45' lang='grc' dir='ltr'>ὴμέρας</span> <span class='ocrx_word' id='word_1_240' title='bbox 3134 1815 3238 1885; x_wconf 71' lang='grc' dir='ltr'>κβθ.</span> <span class='ocrx_word' id='word_1_241' title='bbox 3273 1811 3425 1866; x_wconf 81' lang='grc' dir='ltr'>Μετὰ</span> <span class='ocrx_word' id='word_1_242' title='bbox 3450 1809 3669 1868; x_wconf 76' lang='grc' dir='ltr'>τούτους</span> 
     </span>
    </p>
   </div>
   <div class='ocr_carea' id='block_1_36' title="bbox 462 1906 2017 1994">
    <p class='ocr_par' dir='ltr' id='par_1_36' title="bbox 462 1906 2017 1994">
     <span class='ocr_line' id='line_1_36' title="bbox 462 1906 2017 1994; baseline -0.006 -20"><span class='ocrx_word' id='word_1_243' title='bbox 462 1906 708 1983; x_wconf 69' lang='lat' dir='ltr'><strong>Mannert,</strong></span> <span class='ocrx_word' id='word_1_244' title='bbox 755 1933 874 1987; x_wconf 70' lang='lat' dir='ltr'><strong>quae</strong></span> <span class='ocrx_word' id='word_1_245' title='bbox 915 1916 1168 1994; x_wconf 83' lang='lat' dir='ltr'><strong>religioso</strong></span> <span class='ocrx_word' id='word_1_246' title='bbox 1219 1916 1366 1970; x_wconf 89' lang='lat' dir='ltr'><strong>cultu</strong></span> <span class='ocrx_word' id='word_1_247' title='bbox 1420 1908 1591 1991; x_wconf 75' lang='lat' dir='ltr'><strong>Deum</strong></span> <span class='ocrx_word' id='word_1_248' title='bbox 1644 1922 2017 1973; x_wconf 64' lang='lat' dir='ltr'><strong>veneraretur,</strong></span> 
     </span>
    </p>
   </div>
   <div class='ocr_carea' id='block_1_37' title="bbox 462 2004 2019 2085">
    <p class='ocr_par' dir='ltr' id='par_1_37' title="bbox 462 2004 2019 2085">
     <span class='ocr_line' id='line_1_37' title="bbox 462 2004 2019 2085; baseline -0.004 -20"><span class='ocrx_word' id='word_1_249' title='bbox 462 2010 745 2085; x_wconf 81' lang='lat' dir='ltr'><strong>Antiochia</strong></span> <span class='ocrx_word' id='word_1_250' title='bbox 780 2009 1064 2077; x_wconf 82' lang='lat' dir='ltr'><strong>Origenem</strong></span> <span class='ocrx_word' id='word_1_251' title='bbox 1091 2007 1155 2061; x_wconf 91' lang='lat' dir='ltr'><strong>ad</strong></span> <span class='ocrx_word' id='word_1_252' title='bbox 1201 2023 1257 2062; x_wconf 88' lang='lat' dir='ltr'><strong>se</strong></span> <span class='ocrx_word' id='word_1_253' title='bbox 1290 2007 1593 2070; x_wconf 85' lang='lat' dir='ltr'><strong>arcessivit,</strong></span> <span class='ocrx_word' id='word_1_254' title='bbox 1633 2016 1690 2060; x_wconf 91' lang='lat' dir='ltr'><strong>ut</strong></span> <span class='ocrx_word' id='word_1_255' title='bbox 1712 2006 1780 2059; x_wconf 89' lang='lat' dir='ltr'><strong>ab</strong></span> <span class='ocrx_word' id='word_1_256' title='bbox 1810 2007 1925 2073; x_wconf 83' lang='lat' dir='ltr'><strong>ipso</strong></span> <span class='ocrx_word' id='word_1_257' title='bbox 1953 2004 2019 2058; x_wconf 88' lang='lat' dir='ltr'><strong>de</strong></span> 
     </span>
    </p>
   </div>
   <div class='ocr_carea' id='block_1_38' title="bbox 463 2095 2019 2179">
    <p class='ocr_par' dir='ltr' id='par_1_38' title="bbox 463 2095 2019 2179">
     <span class='ocr_line' id='line_1_38' title="bbox 463 2095 2019 2179; baseline -0.005 -24"><span class='ocrx_word' id='word_1_258' title='bbox 463 2101 679 2179; x_wconf 57' lang='lat' dir='ltr'><strong>Christo</strong></span> <span class='ocrx_word' id='word_1_259' title='bbox 708 2102 964 2172; x_wconf 72' lang='lat' dir='ltr'><strong>mysterio</strong></span> <span class='ocrx_word' id='word_1_260' title='bbox 997 2099 1325 2153; x_wconf 86' lang='lat' dir='ltr'><strong>erudiretur.</strong></span> <span class='ocrx_word' id='word_1_261' title='bbox 1363 2098 1490 2152; x_wconf 83' lang='lat' dir='ltr'><strong>Post</strong></span> <span class='ocrx_word' id='word_1_262' title='bbox 1517 2096 1878 2151; x_wconf 72' lang='lat' dir='ltr'><strong>Alexandrum</strong></span> <span class='ocrx_word' id='word_1_263' title='bbox 1907 2095 2019 2148; x_wconf 86' lang='lat' dir='ltr'><strong>Ma-</strong></span> 
     </span>
    </p>
   </div>
   <div class='ocr_carea' id='block_1_39' title="bbox 465 2187 2021 2259">
    <p class='ocr_par' dir='ltr' id='par_1_39' title="bbox 465 2187 2021 2259">
     <span class='ocr_line' id='line_1_39' title="bbox 465 2187 2021 2259; baseline -0.004 -12"><span class='ocrx_word' id='word_1_264' title='bbox 465 2194 704 2247; x_wconf 75' lang='lat' dir='ltr'><strong>ximinus</strong></span> <span class='ocrx_word' id='word_1_265' title='bbox 739 2207 831 2246; x_wconf 90' lang='lat' dir='ltr'><strong>sex</strong></span> <span class='ocrx_word' id='word_1_266' title='bbox 884 2191 1046 2245; x_wconf 88' lang='lat' dir='ltr'><strong>annis</strong></span> <span class='ocrx_word' id='word_1_267' title='bbox 1076 2190 1341 2259; x_wconf 87' lang='lat' dir='ltr'><strong>regnavit,</strong></span> <span class='ocrx_word' id='word_1_268' title='bbox 1374 2199 1493 2257; x_wconf 85' lang='lat' dir='ltr'><strong>post</strong></span> <span class='ocrx_word' id='word_1_269' title='bbox 1535 2187 1882 2241; x_wconf 75' lang='lat' dir='ltr'><strong>Maximinum</strong></span> <span class='ocrx_word' id='word_1_270' title='bbox 1914 2188 2021 2240; x_wconf 80' lang='lat' dir='ltr'><strong>Ma-</strong></span> 
     </span>
    </p>
   </div>
   <div class='ocr_carea' id='block_1_40' title="bbox 469 2279 2019 2349">
    <p class='ocr_par' dir='ltr' id='par_1_40' title="bbox 469 2279 2019 2349">
     <span class='ocr_line' id='line_1_40' title="bbox 469 2279 2019 2349; baseline -0.001 -13"><span class='ocrx_word' id='word_1_271' title='bbox 469 2287 644 2337; x_wconf 80' lang='lat' dir='ltr'><strong>ximus</strong></span> <span class='ocrx_word' id='word_1_272' title='bbox 670 2292 724 2337; x_wconf 91' lang='lat' dir='ltr'><strong>et</strong></span> <span class='ocrx_word' id='word_1_273' title='bbox 751 2282 1008 2335; x_wconf 84' lang='lat' dir='ltr'><strong>Balbinus</strong></span> <span class='ocrx_word' id='word_1_274' title='bbox 1032 2281 1150 2335; x_wconf 91' lang='lat' dir='ltr'><strong>dies</strong></span> <span class='ocrx_word' id='word_1_275' title='bbox 1176 2280 1265 2334; x_wconf 69' lang='lat'><strong>22.</strong></span> <span class='ocrx_word' id='word_1_276' title='bbox 1307 2280 1535 2349; x_wconf 79' lang='lat' dir='ltr'><strong>Excepit</strong></span> <span class='ocrx_word' id='word_1_277' title='bbox 1563 2280 1662 2334; x_wconf 92' lang='lat' dir='ltr'><strong>hos</strong></span> <span class='ocrx_word' id='word_1_278' title='bbox 1690 2279 2019 2334; x_wconf 88' lang='lat' dir='ltr'><strong>Gordianus.</strong></span> 
     </span>
    </p>
   </div>
   <div class='ocr_carea' id='block_1_41' title="bbox 465 2370 2020 2443">
    <p class='ocr_par' dir='ltr' id='par_1_41' title="bbox 465 2370 2020 2443">
     <span class='ocr_line' id='line_1_41' title="bbox 465 2370 2020 2443; baseline -0.005 -12"><span class='ocrx_word' id='word_1_279' title='bbox 465 2376 671 2431; x_wconf 87' lang='lat' dir='ltr'><strong>Deinde</strong></span> <span class='ocrx_word' id='word_1_280' title='bbox 700 2375 982 2443; x_wconf 80' lang='lat' dir='ltr'><strong>Philippus</strong></span> <span class='ocrx_word' id='word_1_281' title='bbox 1020 2388 1194 2427; x_wconf 88' lang='lat' dir='ltr'><strong>annos</strong></span> <span class='ocrx_word' id='word_1_282' title='bbox 1218 2374 1251 2427; x_wconf 86' lang='lat'><strong>5</strong></span> <span class='ocrx_word' id='word_1_283' title='bbox 1282 2373 1548 2442; x_wconf 81' lang='lat' dir='ltr'><strong>regnavit.</strong></span> <span class='ocrx_word' id='word_1_284' title='bbox 1578 2371 1628 2426; x_wconf 92' lang='lat' dir='ltr'><strong>ls</strong></span> <span class='ocrx_word' id='word_1_285' title='bbox 1660 2387 1783 2425; x_wconf 88' lang='lat' dir='ltr'><strong>cum</strong></span> <span class='ocrx_word' id='word_1_286' title='bbox 1815 2370 2020 2440; x_wconf 77' lang='lat' dir='ltr'><strong>Sapere</strong></span> 
     </span>
    </p>
   </div>
   <div class='ocr_carea' id='block_1_42' title="bbox 468 2464 2022 2547">
    <p class='ocr_par' dir='ltr' id='par_1_42' title="bbox 468 2464 2022 2547">
     <span class='ocr_line' id='line_1_42' title="bbox 468 2464 2022 2547; baseline -0.005 -23"><span class='ocrx_word' id='word_1_287' title='bbox 468 2472 761 2546; x_wconf 70' lang='lat' dir='ltr'><strong>Persarum</strong></span> <span class='ocrx_word' id='word_1_288' title='bbox 796 2482 919 2547; x_wconf 82' lang='lat' dir='ltr'><strong>rege</strong></span> <span class='ocrx_word' id='word_1_289' title='bbox 953 2467 1078 2520; x_wconf 80' lang='lat' dir='ltr'><strong>fecit</strong></span> <span class='ocrx_word' id='word_1_290' title='bbox 1103 2465 1368 2529; x_wconf 86' lang='lat' dir='ltr'><strong>inducias,</strong></span> <span class='ocrx_word' id='word_1_291' title='bbox 1400 2465 1491 2535; x_wconf 83' lang='lat' dir='ltr'><strong>qui</strong></span> <span class='ocrx_word' id='word_1_292' title='bbox 1515 2473 1734 2534; x_wconf 88' lang='lat' dir='ltr'><strong>propter</strong></span> <span class='ocrx_word' id='word_1_293' title='bbox 1755 2464 2022 2533; x_wconf 83' lang='lat' dir='ltr'><strong>magnitu-</strong></span> 
     </span>
    </p>
   </div>
   <div class='ocr_carea' id='block_1_43' title="bbox 465 2555 2021 2635">
    <p class='ocr_par' dir='ltr' id='par_1_43' title="bbox 465 2555 2021 2635">
     <span class='ocr_line' id='line_1_43' title="bbox 465 2555 2021 2635; baseline -0.005 -22"><span class='ocrx_word' id='word_1_294' title='bbox 465 2560 648 2635; x_wconf 83' lang='lat' dir='ltr'><strong>dinem</strong></span> <span class='ocrx_word' id='word_1_295' title='bbox 688 2558 1181 2628; x_wconf 87' lang='lat' dir='ltr'><strong>proceritatemque</strong></span> <span class='ocrx_word' id='word_1_296' title='bbox 1210 2556 1460 2625; x_wconf 80' lang='lat' dir='ltr'><strong>cbrporis</strong></span> <span class='ocrx_word' id='word_1_297' title='bbox 1514 2556 1568 2609; x_wconf 90' lang='lat' dir='ltr'><strong>i&#39;n</strong></span> <span class='ocrx_word' id='word_1_298' title='bbox 1616 2555 1857 2611; x_wconf 89' lang='lat' dir='ltr'><strong>onmium</strong></span> <span class='ocrx_word' id='word_1_299' title='bbox 1905 2565 2021 2627; x_wconf 85' lang='lat' dir='ltr'><strong>erat</strong></span> 
     </span>
    </p>
   </div>
   <div class='ocr_carea' id='block_1_44' title="bbox 463 2644 2016 2722">
    <p class='ocr_par' dir='ltr' id='par_1_44' title="bbox 463 2644 2016 2722">
     <span class='ocr_line' id='line_1_44' title="bbox 463 2644 2016 2722; baseline -0.009 -15"><span class='ocrx_word' id='word_1_300' title='bbox 463 2646 825 2722; x_wconf 75' lang='lat' dir='ltr'><strong>admiratitine</strong></span> <span class='ocrx_word' id='word_1_301' title='bbox 853 2664 869 2711; x_wconf 89' lang='lat'><strong>;</strong></span> <span class='ocrx_word' id='word_1_302' title='bbox 903 2662 1027 2700; x_wconf 90' lang='lat' dir='ltr'><strong>nam</strong></span> <span class='ocrx_word' id='word_1_303' title='bbox 1056 2647 1121 2700; x_wconf 91' lang='lat' dir='ltr'><strong>ad</strong></span> <span class='ocrx_word' id='word_1_304' title='bbox 1146 2644 1279 2711; x_wconf 88' lang='lat' dir='ltr'><strong>illud</strong></span> <span class='ocrx_word' id='word_1_305' title='bbox 1304 2660 1474 2713; x_wconf 85' lang='lat' dir='ltr'><strong>usque</strong></span> <span class='ocrx_word' id='word_1_306' title='bbox 1504 2654 1713 2713; x_wconf 90' lang='lat' dir='ltr'><strong>tempus</strong></span> <span class='ocrx_word' id='word_1_307' title='bbox 1737 2644 2016 2697; x_wconf 88' lang='lat' dir='ltr'><strong>hominum</strong></span> 
     </span>
    </p>
   </div>
   <div class='ocr_carea' id='block_1_45' title="bbox 463 2735 2021 2808">
    <p class='ocr_par' dir='ltr' id='par_1_45' title="bbox 463 2735 2021 2808">
     <span class='ocr_line' id='line_1_45' title="bbox 463 2735 2021 2808; baseline -0.006 -12"><span class='ocrx_word' id='word_1_308' title='bbox 463 2748 627 2797; x_wconf 84' lang='lat' dir='ltr'><strong>nemo</strong></span> <span class='ocrx_word' id='word_1_309' title='bbox 678 2746 1004 2808; x_wconf 70' lang='lat' dir='ltr'><strong>conspectus</strong></span> <span class='ocrx_word' id='word_1_310' title='bbox 1050 2736 1230 2807; x_wconf 79' lang='lat' dir='ltr'><strong>fuerat</strong></span> <span class='ocrx_word' id='word_1_311' title='bbox 1270 2735 1362 2805; x_wconf 88' lang='lat' dir='ltr'><strong>qui</strong></span> <span class='ocrx_word' id='word_1_312' title='bbox 1421 2750 1653 2804; x_wconf 90' lang='lat' dir='ltr'><strong>corpore</strong></span> <span class='ocrx_word' id='word_1_313' title='bbox 1688 2744 1816 2788; x_wconf 87' lang='lat' dir='ltr'><strong>~tam</strong></span> <span class='ocrx_word' id='word_1_314' title='bbox 1869 2745 2021 2787; x_wconf 80' lang='lat' dir='ltr'><strong>vasto</strong></span> 
     </span>
    </p>
   </div>
   <div class='ocr_carea' id='block_1_46' title="bbox 465 2825 2065 2900">
    <p class='ocr_par' dir='ltr' id='par_1_46' title="bbox 465 2825 2065 2900">
     <span class='ocr_line' id='line_1_46' title="bbox 465 2825 2065 2900; baseline -0.009 -11"><span class='ocrx_word' id='word_1_315' title='bbox 465 2841 632 2889; x_wconf 84' lang='lat' dir='ltr'><strong>esset.</strong></span> <span class='ocrx_word' id='word_1_316' title='bbox 687 2830 801 2885; x_wconf 84' lang='lat' dir='ltr'><strong>Sub</strong></span> <span class='ocrx_word' id='word_1_317' title='bbox 831 2829 1080 2900; x_wconf 86' lang='lat' dir='ltr'><strong>Philippo</strong></span> <span class='ocrx_word' id='word_1_318' title='bbox 1106 2827 1370 2882; x_wconf 84' lang='lat' dir='ltr'><strong>Sabellins</strong></span> <span class='ocrx_word' id='word_1_319' title='bbox 1410 2827 1563 2897; x_wconf 80' lang='lat' dir='ltr'><strong>vixit,</strong></span> <span class='ocrx_word' id='word_1_320' title='bbox 1596 2825 1893 2896; x_wconf 87' lang='lat' dir='ltr'><strong>eodemque</strong></span> <span class='ocrx_word' id='word_1_321' title='bbox 1922 2826 2023 2894; x_wconf 67' lang='lat' dir='ltr'><strong>im-</strong></span> <span class='ocrx_word' id='word_1_322' title='bbox 2062 2870 2065 2875; x_wconf 77' lang='grc'><strong>,</strong></span> 
     </span>
    </p>
   </div>
   <div class='ocr_carea' id='block_1_47' title="bbox 467 2917 2024 2997">
    <p class='ocr_par' dir='ltr' id='par_1_47' title="bbox 467 2917 2024 2997">
     <span class='ocr_line' id='line_1_47' title="bbox 467 2917 2024 2997; baseline -0.007 -18"><span class='ocrx_word' id='word_1_323' title='bbox 467 2932 690 2997; x_wconf 84' lang='lat' dir='ltr'><strong>perante</strong></span> <span class='ocrx_word' id='word_1_324' title='bbox 714 2923 931 2977; x_wconf 74' lang='lat' dir='ltr'><strong>Judaens</strong></span> <span class='ocrx_word' id='word_1_325' title='bbox 957 2919 1174 2991; x_wconf 88' lang='lat' dir='ltr'><strong>quidam</strong></span> <span class='ocrx_word' id='word_1_326' title='bbox 1204 2918 1391 2973; x_wconf 84' lang='lat' dir='ltr'><strong>morbo</strong></span> <span class='ocrx_word' id='word_1_327' title='bbox 1414 2918 1685 2983; x_wconf 77' lang='lat' dir='ltr'><strong>labcrans,</strong></span> <span class='ocrx_word' id='word_1_328' title='bbox 1728 2917 1781 2970; x_wconf 93' lang='lat' dir='ltr'><strong>in</strong></span> <span class='ocrx_word' id='word_1_329' title='bbox 1812 2917 1893 2970; x_wconf 86' lang='lat' dir='ltr'><strong>via</strong></span> <span class='ocrx_word' id='word_1_330' title='bbox 1927 2919 2024 2983; x_wconf 84' lang='lat' dir='ltr'><strong>pu-</strong></span> 
     </span>
    </p>
   </div>
   <div class='ocr_carea' id='block_1_48' title="bbox 468 3004 2020 3082">
    <p class='ocr_par' dir='ltr' id='par_1_48' title="bbox 468 3004 2020 3082">
     <span class='ocr_line' id='line_1_48' title="bbox 468 3004 2020 3082; baseline -0.006 -16"><span class='ocrx_word' id='word_1_331' title='bbox 468 3013 611 3067; x_wconf 86' lang='lat' dir='ltr'><strong>blica</strong></span> <span class='ocrx_word' id='word_1_332' title='bbox 646 3027 769 3065; x_wconf 88' lang='lat' dir='ltr'><strong>cum</strong></span> <span class='ocrx_word' id='word_1_333' title='bbox 802 3011 1027 3082; x_wconf 73' lang='lat' dir='ltr'><strong>iaceret,</strong></span> <span class='ocrx_word' id='word_1_334' title='bbox 1075 3024 1106 3062; x_wconf 90' lang='lat' dir='ltr'><strong>a</strong></span> <span class='ocrx_word' id='word_1_335' title='bbox 1135 3007 1467 3072; x_wconf 88' lang='lat' dir='ltr'><strong>Christiano,</strong></span> <span class='ocrx_word' id='word_1_336' title='bbox 1498 3017 1553 3060; x_wconf 93' lang='lat' dir='ltr'><strong>et</strong></span> <span class='ocrx_word' id='word_1_337' title='bbox 1592 3006 1731 3060; x_wconf 86' lang='lat' dir='ltr'><strong>laico</strong></span> <span class='ocrx_word' id='word_1_338' title='bbox 1779 3004 2020 3075; x_wconf 85' lang='lat' dir='ltr'><strong>quidem,</strong></span> 
     </span>
    </p>
   </div>
   <div class='ocr_carea' id='block_1_49' title="bbox 2119 1898 3671 1992">
    <p class='ocr_par' dir='ltr' id='par_1_49' title="bbox 2119 1898 3671 1992">
     <span class='ocr_line' id='line_1_49' title="bbox 2119 1898 3671 1992; baseline -0.015 -18"><span class='ocrx_word' id='word_1_339' title='bbox 2119 1920 2421 1992; x_wconf 79' lang='grc' dir='ltr'>Γορδιανδς,</span> <span class='ocrx_word' id='word_1_340' title='bbox 2484 1913 2601 1983; x_wconf 73' lang='grc' dir='ltr'>εἶτα</span> <span class='ocrx_word' id='word_1_341' title='bbox 2647 1914 2912 1974; x_wconf 78' lang='grc' dir='ltr'>Φίλιππος</span> <span class='ocrx_word' id='word_1_342' title='bbox 2968 1910 3061 1978; x_wconf 73' lang='grc' dir='ltr'><strong>ἔτη</strong></span> <span class='ocrx_word' id='word_1_343' title='bbox 3106 1912 3167 1960; x_wconf 84' lang='grc' dir='ltr'><strong>ε’.</strong></span> <span class='ocrx_word' id='word_1_344' title='bbox 3221 1898 3389 1965; x_wconf 67' lang='grc' dir='ltr'>Οὗτος</span> <span class='ocrx_word' id='word_1_345' title='bbox 3444 1900 3671 1960; x_wconf 72' lang='grc' dir='ltr'>σπονδὰς</span> 
     </span>
    </p>
   </div>
   <div class='ocr_carea' id='block_1_50' title="bbox 2119 1994 3673 2081">
    <p class='ocr_par' dir='ltr' id='par_1_50' title="bbox 2119 1994 3673 2081">
     <span class='ocr_line' id='line_1_50' title="bbox 2119 1994 3673 2081; baseline -0.014 -15"><span class='ocrx_word' id='word_1_346' title='bbox 2119 2013 2342 2081; x_wconf 73' lang='grc' dir='ltr'>ἐποίησε</span> <span class='ocrx_word' id='word_1_347' title='bbox 2378 2009 2515 2081; x_wconf 75' lang='grc' dir='ltr'>μετὰ</span> <span class='ocrx_word' id='word_1_348' title='bbox 2547 2007 2802 2076; x_wconf 79' lang='grc' dir='ltr'>Σαϐὠρου</span> <span class='ocrx_word' id='word_1_349' title='bbox 2838 2003 3097 2075; x_wconf 79' lang='grc' dir='ltr'>βασιλέως</span> <span class='ocrx_word' id='word_1_350' title='bbox 3140 1997 3385 2069; x_wconf 72' lang='grc' dir='ltr'>Περσῶν,</span> <span class='ocrx_word' id='word_1_351' title='bbox 3430 1996 3486 2058; x_wconf 82' lang='grc' dir='ltr'>ὃς</span> <span class='ocrx_word' id='word_1_352' title='bbox 3515 1994 3673 2051; x_wconf 58' lang='grc' dir='ltr'>ὲθαυᾲ</span> 
     </span>
    </p>
   </div>
   <div class='ocr_carea' id='block_1_51' title="bbox 2123 2086 3672 2176">
    <p class='ocr_par' dir='ltr' id='par_1_51' title="bbox 2123 2086 3672 2176">
     <span class='ocr_line' id='line_1_51' title="bbox 2123 2086 3672 2176; baseline -0.014 -17"><span class='ocrx_word' id='word_1_353' title='bbox 2123 2105 2325 2176; x_wconf 78' lang='grc' dir='ltr'>μάζετο</span> <span class='ocrx_word' id='word_1_354' title='bbox 2359 2104 2450 2157; x_wconf 72' lang='grc' dir='ltr'><strong>ἐπὶ</strong></span> <span class='ocrx_word' id='word_1_355' title='bbox 2503 2100 2724 2172; x_wconf 76' lang='grc' dir='ltr'>μεγέθει</span> <span class='ocrx_word' id='word_1_356' title='bbox 2784 2096 3070 2167; x_wconf 81' lang='grc' dir='ltr'>σώματος·</span> <span class='ocrx_word' id='word_1_357' title='bbox 3134 2093 3291 2162; x_wconf 82' lang='grc' dir='ltr'>μέχρι</span> <span class='ocrx_word' id='word_1_358' title='bbox 3318 2090 3423 2157; x_wconf 84' lang='grc' dir='ltr'><strong>γὰρ</strong></span> <span class='ocrx_word' id='word_1_359' title='bbox 3463 2086 3672 2140; x_wconf 78' lang='grc' dir='ltr'>ἐκείνου</span> 
     </span>
    </p>
   </div>
   <div class='ocr_carea' id='block_1_52' title="bbox 2119 2179 3673 2268">
    <p class='ocr_par' dir='ltr' id='par_1_52' title="bbox 2119 2179 3673 2268">
     <span class='ocr_line' id='line_1_52' title="bbox 2119 2179 3673 2268; baseline -0.015 -16"><span class='ocrx_word' id='word_1_360' title='bbox 2119 2200 2212 2252; x_wconf 78' lang='grc' dir='ltr'>τοῦ</span> <span class='ocrx_word' id='word_1_361' title='bbox 2246 2198 2435 2268; x_wconf 85' lang='grc' dir='ltr'>χρόνου</span> <span class='ocrx_word' id='word_1_362' title='bbox 2498 2191 2816 2264; x_wconf 80' lang='grc' dir='ltr'>τηλικοῦτος</span> <span class='ocrx_word' id='word_1_363' title='bbox 2852 2190 2950 2243; x_wconf 76' lang='grc' dir='ltr'>οὐκ</span> <span class='ocrx_word' id='word_1_364' title='bbox 3002 2187 3153 2252; x_wconf 62' lang='grc' dir='ltr'><strong>ὤφθη</strong></span> <span class='ocrx_word' id='word_1_365' title='bbox 3200 2185 3504 2252; x_wconf 68' lang='grc' dir='ltr'>ἄνθρωπος.</span> <span class='ocrx_word' id='word_1_366' title='bbox 3552 2179 3673 2230; x_wconf 71' lang='grc' dir='ltr'><strong>Ἐπὶ</strong></span> 
     </span>
    </p>
   </div>
   <div class='ocr_carea' id='block_1_53' title="bbox 2119 2270 3669 2346">
    <p class='ocr_par' dir='ltr' id='par_1_53' title="bbox 2119 2270 3669 2346">
     <span class='ocr_line' id='line_1_53' title="bbox 2119 2270 3669 2346; baseline -0.015 -1"><span class='ocrx_word' id='word_1_367' title='bbox 2119 2292 2307 2346; x_wconf 77' lang='grc' dir='ltr'>τούτου</span> <span class='ocrx_word' id='word_1_368' title='bbox 2339 2289 2429 2342; x_wconf 78' lang='grc' dir='ltr'>τοῦ</span> <span class='ocrx_word' id='word_1_369' title='bbox 2455 2288 2719 2340; x_wconf 78' lang='grc' dir='ltr'>Φιλίππου</span> <span class='ocrx_word' id='word_1_370' title='bbox 2750 2285 2807 2337; x_wconf 82' lang='grc' dir='ltr'>δὲ</span> <span class='ocrx_word' id='word_1_371' title='bbox 2839 2284 2933 2335; x_wconf 71' lang='grc' dir='ltr'>καὶ</span> <span class='ocrx_word' id='word_1_372' title='bbox 2975 2278 3260 2340; x_wconf 80' lang='grc' dir='ltr'>Σαϐέλλιος</span> <span class='ocrx_word' id='word_1_373' title='bbox 3309 2273 3397 2345; x_wconf 75' lang='grc' dir='ltr'><strong>ἦν.</strong></span> <span class='ocrx_word' id='word_1_374' title='bbox 3442 2273 3575 2326; x_wconf 84' lang='grc' dir='ltr'>Τότε</span> <span class='ocrx_word' id='word_1_375' title='bbox 3608 2270 3669 2339; x_wconf 81' lang='grc' dir='ltr'>δὴ</span> 
     </span>
    </p>
   </div>
   <div class='ocr_carea' id='block_1_54' title="bbox 2121 2364 3670 2443">
    <p class='ocr_par' dir='ltr' id='par_1_54' title="bbox 2121 2366 3670 2443">
     <span class='ocr_line' id='line_1_54' title="bbox 2121 2366 3670 2443; baseline -0.015 -7"><span class='ocrx_word' id='word_1_376' title='bbox 2121 2384 2213 2437; x_wconf 81' lang='grc' dir='ltr'>καὶ</span> <span class='ocrx_word' id='word_1_377' title='bbox 2234 2382 2353 2443; x_wconf 77' lang='grc' dir='ltr'>καθ’</span> <span class='ocrx_word' id='word_1_378' title='bbox 2374 2381 2488 2433; x_wconf 70' lang='grc' dir='ltr'>ὀξὺν</span> <span class='ocrx_word' id='word_1_379' title='bbox 2522 2378 2771 2437; x_wconf 79' lang='grc' dir='ltr'>Ἰουδαῖος</span> <span class='ocrx_word' id='word_1_380' title='bbox 2804 2376 2981 2427; x_wconf 74' lang='grc' dir='ltr'>ἔκειτο</span> <span class='ocrx_word' id='word_1_381' title='bbox 3012 2372 3181 2424; x_wconf 76' lang='grc' dir='ltr'>νοσῶν</span> <span class='ocrx_word' id='word_1_382' title='bbox 3212 2388 3225 2403; x_wconf 79' lang='grc' dir='ltr'><strong>ο</strong></span> <span class='ocrx_word' id='word_1_383' title='bbox 3281 2367 3415 2419; x_wconf 69' lang='grc' dir='ltr'>ἀλλὰ</span> <span class='ocrx_word' id='word_1_384' title='bbox 3474 2366 3670 2433; x_wconf 83' lang='grc' dir='ltr'>βαπτι-</span> 
     </span>
    </p>
   </div>
   <div class='ocr_carea' id='block_1_55' title="bbox 2122 2454 3675 2540">
    <p class='ocr_par' dir='ltr' id='par_1_55' title="bbox 2122 2454 3675 2540">
     <span class='ocr_line' id='line_1_55' title="bbox 2122 2454 3675 2540; baseline -0.014 -11"><span class='ocrx_word' id='word_1_385' title='bbox 2122 2477 2269 2537; x_wconf 65' lang='grc' dir='ltr'>σθεὶς</span> <span class='ocrx_word' id='word_1_386' title='bbox 2299 2474 2402 2526; x_wconf 78' lang='grc' dir='ltr'><strong>ὑπὸ</strong></span> <span class='ocrx_word' id='word_1_387' title='bbox 2428 2458 2776 2540; x_wconf 74' lang='grc' dir='ltr'>Χρίστιανοῦ,</span> <span class='ocrx_word' id='word_1_388' title='bbox 2806 2471 2898 2519; x_wconf 68' lang='grc' dir='ltr'>καὶ</span> <span class='ocrx_word' id='word_1_389' title='bbox 2933 2465 3111 2519; x_wconf 63' lang='grc' dir='ltr'>ταῦτα</span> <span class='ocrx_word' id='word_1_390' title='bbox 3136 2458 3351 2529; x_wconf 79' lang='grc' dir='ltr'>λαῖκοῦ,</span> <span class='ocrx_word' id='word_1_391' title='bbox 3381 2458 3536 2525; x_wconf 79' lang='grc' dir='ltr'>ὑγιὴς</span> <span class='ocrx_word' id='word_1_392' title='bbox 3580 2454 3675 2505; x_wconf 76' lang='grc' dir='ltr'>αὑ·-</span> 
     </span>
    </p>
   </div>
   <div class='ocr_carea' id='block_1_56' title="bbox 2117 2549 3675 2633">
    <p class='ocr_par' dir='ltr' id='par_1_56' title="bbox 2117 2549 3675 2633">
     <span class='ocr_line' id='line_1_56' title="bbox 2117 2549 3675 2633; baseline -0.016 -13"><span class='ocrx_word' id='word_1_393' title='bbox 2117 2567 2245 2620; x_wconf 75' lang='grc' dir='ltr'>τίκα</span> <span class='ocrx_word' id='word_1_394' title='bbox 2272 2566 2502 2633; x_wconf 77' lang='grc' dir='ltr'>ἐγένετο.</span> <span class='ocrx_word' id='word_1_395' title='bbox 2527 2561 2727 2615; x_wconf 77' lang='grc' dir='ltr'>Τούτου</span> <span class='ocrx_word' id='word_1_396' title='bbox 2760 2562 2813 2613; x_wconf 76' lang='grc' dir='ltr'>δὲ</span> <span class='ocrx_word' id='word_1_397' title='bbox 2845 2559 3105 2624; x_wconf 80' lang='grc' dir='ltr'>Διονυσίῳ</span> <span class='ocrx_word' id='word_1_398' title='bbox 3156 2554 3233 2622; x_wconf 84' lang='grc' dir='ltr'>τῷ</span> <span class='ocrx_word' id='word_1_399' title='bbox 3262 2549 3675 2621; x_wconf 72' lang='grc' dir='ltr'>ἀρχιεπισκόπῳ</span> 
     </span>
    </p>
   </div>
   <div class='ocr_carea' id='block_1_57' title="bbox 2121 2640 3672 2725">
    <p class='ocr_par' dir='ltr' id='par_1_57' title="bbox 2121 2640 3672 2725">
     <span class='ocr_line' id='line_1_57' title="bbox 2121 2640 3672 2725; baseline -0.015 -14"><span class='ocrx_word' id='word_1_400' title='bbox 2121 2656 2496 2725; x_wconf 76' lang='grc' dir='ltr'>ἀνενεχθέντος</span> <span class='ocrx_word' id='word_1_401' title='bbox 2530 2652 2589 2703; x_wconf 72' lang='grc' dir='ltr'><strong>τὸ</strong></span> <span class='ocrx_word' id='word_1_402' title='bbox 2619 2651 2761 2703; x_wconf 85' lang='grc' dir='ltr'>θεῖον</span> <span class='ocrx_word' id='word_1_403' title='bbox 2815 2652 2908 2702; x_wconf 68' lang='grc' dir='ltr'><strong>καὶ</strong></span> <span class='ocrx_word' id='word_1_404' title='bbox 2960 2644 3112 2709; x_wconf 78' lang='grc' dir='ltr'>αὖθις</span> <span class='ocrx_word' id='word_1_405' title='bbox 3141 2644 3357 2709; x_wconf 78' lang='grc' dir='ltr'><strong>ἐδέξατο</strong></span> <span class='ocrx_word' id='word_1_406' title='bbox 3381 2640 3635 2708; x_wconf 74' lang='grc' dir='ltr'>φώτισμα</span> <span class='ocrx_word' id='word_1_407' title='bbox 3655 2652 3672 2666; x_wconf 77' lang='grc'><strong><em>⁸</em></strong></span> 
     </span>
    </p>
   </div>
   <div class='ocr_carea' id='block_1_58' title="bbox 2122 2727 3675 2816">
    <p class='ocr_par' dir='ltr' id='par_1_58' title="bbox 2122 2727 3675 2816">
     <span class='ocr_line' id='line_1_58' title="bbox 2122 2727 3675 2816; baseline -0.014 -14"><span class='ocrx_word' id='word_1_408' title='bbox 2122 2749 2261 2802; x_wconf 77' lang='grc' dir='ltr'>κατὰ</span> <span class='ocrx_word' id='word_1_409' title='bbox 2288 2747 2395 2816; x_wconf 73' lang='grc' dir='ltr'><strong>γὰρ</strong></span> <span class='ocrx_word' id='word_1_410' title='bbox 2420 2746 2543 2806; x_wconf 84' lang='grc' dir='ltr'>τοὺς</span> <span class='ocrx_word' id='word_1_411' title='bbox 2578 2739 2966 2800; x_wconf 75' lang='grc' dir='ltr'>ἁποστολικοὺς</span> <span class='ocrx_word' id='word_1_412' title='bbox 2991 2739 3223 2798; x_wconf 83' lang='grc' dir='ltr'>κανόνας</span> <span class='ocrx_word' id='word_1_413' title='bbox 3261 2734 3361 2787; x_wconf 77' lang='grc' dir='ltr'>οὐκ</span> <span class='ocrx_word' id='word_1_414' title='bbox 3391 2733 3567 2796; x_wconf 75' lang='grc' dir='ltr'>ἔξεστι</span> <span class='ocrx_word' id='word_1_415' title='bbox 3598 2727 3675 2795; x_wconf 83' lang='grc' dir='ltr'><strong>τῷ</strong></span> 
     </span>
    </p>
   </div>
   <div class='ocr_carea' id='block_1_59' title="bbox 2120 2820 3672 2908">
    <p class='ocr_par' dir='ltr' id='par_1_59' title="bbox 2120 2820 3672 2908">
     <span class='ocr_line' id='line_1_59' title="bbox 2120 2820 3672 2908; baseline -0.014 -15"><span class='ocrx_word' id='word_1_416' title='bbox 2120 2836 2289 2908; x_wconf 83' lang='grc' dir='ltr'>λαῖκῷ</span> <span class='ocrx_word' id='word_1_417' title='bbox 2322 2832 2789 2905; x_wconf 75' lang='grc' dir='ltr'>μεταχειρίζεσθαι</span> <span class='ocrx_word' id='word_1_418' title='bbox 2823 2848 2877 2882; x_wconf 87' lang='grc' dir='ltr'><strong>τι</strong></span> <span class='ocrx_word' id='word_1_419' title='bbox 2904 2830 3010 2880; x_wconf 81' lang='grc' dir='ltr'><strong>τῶν</strong></span> <span class='ocrx_word' id='word_1_420' title='bbox 3046 2825 3354 2898; x_wconf 68' lang='grc' dir='ltr'>ἱερατικῶν,</span> <span class='ocrx_word' id='word_1_421' title='bbox 3385 2822 3486 2875; x_wconf 82' lang='grc' dir='ltr'>κᾶν</span> <span class='ocrx_word' id='word_1_422' title='bbox 3514 2820 3672 2890; x_wconf 80' lang='grc' dir='ltr'>περί-</span> 
     </span>
    </p>
   </div>
   <div class='ocr_carea' id='block_1_60' title="bbox 2125 2913 3672 3007">
    <p class='ocr_par' dir='ltr' id='par_1_60' title="bbox 2125 2913 3672 3007">
     <span class='ocr_line' id='line_1_60' title="bbox 2125 2913 3672 3007; baseline -0.014 -23"><span class='ocrx_word' id='word_1_423' title='bbox 2125 2945 2308 2994; x_wconf 80' lang='grc' dir='ltr'>στασις</span> <span class='ocrx_word' id='word_1_424' title='bbox 2421 2929 2531 2981; x_wconf 61' lang='lat' dir='ltr'><strong>Kal</strong></span> <span class='ocrx_word' id='word_1_425' title='bbox 2554 2920 2700 2980; x_wconf 72' lang='grc' dir='ltr'>οὗτοι</span> <span class='ocrx_word' id='word_1_426' title='bbox 2740 2923 2837 2993; x_wconf 75' lang='grc' dir='ltr'><strong>μὲν</strong></span> <span class='ocrx_word' id='word_1_427' title='bbox 2860 2920 3004 2972; x_wconf 76' lang='grc' dir='ltr'>οὕτω</span> <span class='ocrx_word' id='word_1_428' title='bbox 3031 2918 3368 2993; x_wconf 72' lang='grc' dir='ltr'>διετάξαντο,</span> <span class='ocrx_word' id='word_1_429' title='bbox 3394 2913 3534 2966; x_wconf 85' lang='grc' dir='ltr'>ὥστε</span> <span class='ocrx_word' id='word_1_430' title='bbox 3565 2929 3672 2981; x_wconf 75' lang='grc' dir='ltr'><strong>μη-</strong></span> 
     </span>
    </p>
   </div>
   <div class='ocr_carea' id='block_1_61' title="bbox 2123 3005 3672 3090">
    <p class='ocr_par' dir='ltr' id='par_1_61' title="bbox 2123 3005 3672 3090">
     <span class='ocr_line' id='line_1_61' title="bbox 2123 3005 3672 3090; baseline -0.013 -16"><span class='ocrx_word' id='word_1_431' title='bbox 2123 3023 2211 3074; x_wconf 80' lang='grc' dir='ltr'>δὲν</span> <span class='ocrx_word' id='word_1_432' title='bbox 2240 3023 2339 3090; x_wconf 81' lang='grc' dir='ltr'>τῆς</span> <span class='ocrx_word' id='word_1_433' title='bbox 2367 3005 2571 3082; x_wconf 83' lang='grc' dir='ltr'>τάξεως</span> <span class='ocrx_word' id='word_1_434' title='bbox 2604 3015 3003 3087; x_wconf 81' lang='grc' dir='ltr'>ἀνατραπῆναι.</span> <span class='ocrx_word' id='word_1_435' title='bbox 3058 3011 3202 3078; x_wconf 83' lang='grc' dir='ltr'><strong>Ὅρα</strong></span> <span class='ocrx_word' id='word_1_436' title='bbox 3250 3008 3357 3077; x_wconf 77' lang='grc' dir='ltr'><strong>γὰρ</strong></span> <span class='ocrx_word' id='word_1_437' title='bbox 3402 3005 3672 3072; x_wconf 77' lang='grc' dir='ltr'>νουνεχῶς</span> 
     </span>
    </p>
   </div>
   <div class='ocr_carea' id='block_1_62' title="bbox 467 3095 2030 3185">
    <p class='ocr_par' dir='ltr' id='par_1_62' title="bbox 467 3095 2020 3172">
     <span class='ocr_line' id='line_1_62' title="bbox 467 3095 2020 3172; baseline -0.006 -15"><span class='ocrx_word' id='word_1_438' title='bbox 467 3102 777 3172; x_wconf 78' lang='lat' dir='ltr'><strong>baptizatus</strong></span> <span class='ocrx_word' id='word_1_439' title='bbox 818 3115 942 3154; x_wconf 87' lang='lat' dir='ltr'><strong>mox</strong></span> <span class='ocrx_word' id='word_1_440' title='bbox 990 3098 1284 3152; x_wconf 87' lang='lat' dir='ltr'><strong>convaluit.</strong></span> <span class='ocrx_word' id='word_1_441' title='bbox 1338 3098 1677 3166; x_wconf 85' lang='lat' dir='ltr'><strong>Quapropter</strong></span> <span class='ocrx_word' id='word_1_442' title='bbox 1705 3097 1770 3149; x_wconf 89' lang='lat' dir='ltr'><strong>ad</strong></span> <span class='ocrx_word' id='word_1_443' title='bbox 1821 3095 2020 3164; x_wconf 77' lang='lat' dir='ltr'><strong>Diony-</strong></span> 
     </span>
    </p>
   </div>
   <div class='ocr_carea' id='block_1_63' title="bbox 2117 3095 3676 3185">
    <p class='ocr_par' dir='ltr' id='par_1_63' title="bbox 2126 3095 3676 3180">
     <span class='ocr_line' id='line_1_63' title="bbox 2126 3095 3676 3180; baseline -0.015 -12"><span class='ocrx_word' id='word_1_444' title='bbox 2126 3115 2207 3167; x_wconf 80' lang='grc' dir='ltr'><strong>δτι</strong></span> <span class='ocrx_word' id='word_1_445' title='bbox 2231 3114 2325 3166; x_wconf 76' lang='grc' dir='ltr'><strong>καὶ</strong></span> <span class='ocrx_word' id='word_1_446' title='bbox 2367 3115 2424 3177; x_wconf 73' lang='grc' dir='ltr'>ἐν</span> <span class='ocrx_word' id='word_1_447' title='bbox 2458 3110 2532 3180; x_wconf 80' lang='grc' dir='ltr'>τῷ</span> <span class='ocrx_word' id='word_1_448' title='bbox 2558 3107 2659 3179; x_wconf 76' lang='grc' dir='ltr'><strong>βίῳ</strong></span> <span class='ocrx_word' id='word_1_449' title='bbox 2687 3107 2780 3159; x_wconf 72' lang='grc' dir='ltr'>τοῦ</span> <span class='ocrx_word' id='word_1_450' title='bbox 2818 3104 3053 3174; x_wconf 82' lang='grc' dir='ltr'>μεγάλου</span> <span class='ocrx_word' id='word_1_451' title='bbox 3084 3097 3399 3154; x_wconf 75' lang='grc' dir='ltr'>Ἀθαναοεου</span> <span class='ocrx_word' id='word_1_452' title='bbox 3437 3095 3676 3148; x_wconf 76' lang='grc' dir='ltr'>τοιοῦτόν</span> 
     </span>
    </p>
   </div>
   <div class='ocr_carea' id='block_1_64' title="bbox 468 3185 2022 3254">
    <p class='ocr_par' dir='ltr' id='par_1_64' title="bbox 468 3185 2022 3254">
     <span class='ocr_line' id='line_1_64' title="bbox 468 3185 2022 3254; baseline -0.005 -6"><span class='ocrx_word' id='word_1_453' title='bbox 468 3195 609 3249; x_wconf 88' lang='lat' dir='ltr'><strong>sium</strong></span> <span class='ocrx_word' id='word_1_454' title='bbox 637 3194 933 3247; x_wconf 89' lang='lat' dir='ltr'><strong>antistitem</strong></span> <span class='ocrx_word' id='word_1_455' title='bbox 967 3191 1256 3254; x_wconf 89' lang='lat' dir='ltr'><strong>deductus,</strong></span> <span class='ocrx_word' id='word_1_456' title='bbox 1293 3189 1533 3244; x_wconf 89' lang='lat' dir='ltr'><strong>secunda</strong></span> <span class='ocrx_word' id='word_1_457' title='bbox 1578 3187 1695 3241; x_wconf 80' lang='lat' dir='ltr'><strong>vice</strong></span> <span class='ocrx_word' id='word_1_458' title='bbox 1749 3185 2022 3241; x_wconf 88' lang='lat' dir='ltr'><strong>lustratio-</strong></span> 
     </span>
    </p>
   </div>
   <div class='ocr_carea' id='block_1_65' title="bbox 468 3280 2024 3352">
    <p class='ocr_par' dir='ltr' id='par_1_65' title="bbox 468 3280 2024 3352">
     <span class='ocr_line' id='line_1_65' title="bbox 468 3280 2024 3352; baseline -0.004 -13"><span class='ocrx_word' id='word_1_459' title='bbox 468 3298 591 3345; x_wconf 86' lang='lat' dir='ltr'><strong>nem</strong></span> <span class='ocrx_word' id='word_1_460' title='bbox 625 3285 865 3339; x_wconf 78' lang='lat' dir='ltr'><strong>divinam</strong></span> <span class='ocrx_word' id='word_1_461' title='bbox 898 3284 1127 3352; x_wconf 78' lang='lat' dir='ltr'><strong>accepit.</strong></span> <span class='ocrx_word' id='word_1_462' title='bbox 1179 3281 1390 3349; x_wconf 87' lang='lat' dir='ltr'><strong>Quippe</strong></span> <span class='ocrx_word' id='word_1_463' title='bbox 1423 3280 1488 3334; x_wconf 93' lang='lat' dir='ltr'><strong>de</strong></span> <span class='ocrx_word' id='word_1_464' title='bbox 1515 3294 1782 3333; x_wconf 91' lang='lat' dir='ltr'><strong>canonum</strong></span> <span class='ocrx_word' id='word_1_465' title='bbox 1808 3290 2024 3348; x_wconf 87' lang='lat' dir='ltr'><strong>aposto-</strong></span> 
     </span>
    </p>
   </div>
   <div class='ocr_carea' id='block_1_66' title="bbox 466 3372 2015 3455">
    <p class='ocr_par' dir='ltr' id='par_1_66' title="bbox 466 3372 2015 3455">
     <span class='ocr_line' id='line_1_66' title="bbox 466 3372 2015 3455; baseline -0.005 -21"><span class='ocrx_word' id='word_1_466' title='bbox 466 3382 643 3455; x_wconf 70' lang='lat' dir='ltr'><strong>lorum</strong></span> <span class='ocrx_word' id='word_1_467' title='bbox 676 3379 989 3454; x_wconf 69' lang='lat' dir='ltr'><strong>praescripto</strong></span> <span class='ocrx_word' id='word_1_468' title='bbox 1006 3377 1360 3431; x_wconf 90' lang='lat' dir='ltr'><strong>neminilaico</strong></span> <span class='ocrx_word' id='word_1_469' title='bbox 1379 3375 1456 3428; x_wconf 79' lang='lat' dir='ltr'><strong>fas</strong></span> <span class='ocrx_word' id='word_1_470' title='bbox 1489 3384 1591 3434; x_wconf 85' lang='lat' dir='ltr'><strong>est,</strong></span> <span class='ocrx_word' id='word_1_471' title='bbox 1628 3384 1687 3427; x_wconf 89' lang='lat' dir='ltr'><strong>ut</strong></span> <span class='ocrx_word' id='word_1_472' title='bbox 1715 3372 2015 3442; x_wconf 88' lang='lat' dir='ltr'><strong>quidquam</strong></span> 
     </span>
    </p>
   </div>
   <div class='ocr_carea' id='block_1_67' title="bbox 468 3464 2025 3539">
    <p class='ocr_par' dir='ltr' id='par_1_67' title="bbox 468 3464 2025 3539">
     <span class='ocr_line' id='line_1_67' title="bbox 468 3464 2025 3539; baseline -0.005 -14"><span class='ocrx_word' id='word_1_473' title='bbox 468 3472 655 3525; x_wconf 84' lang='lat' dir='ltr'><strong>earum</strong></span> <span class='ocrx_word' id='word_1_474' title='bbox 684 3484 868 3539; x_wconf 82' lang='lat' dir='ltr'><strong>rerum</strong></span> <span class='ocrx_word' id='word_1_475' title='bbox 903 3474 1122 3536; x_wconf 79' lang='lat' dir='ltr'><strong>peragat</strong></span> <span class='ocrx_word' id='word_1_476' title='bbox 1166 3478 1286 3534; x_wconf 65' lang='lat' dir='ltr'><strong>qua:</strong></span> <span class='ocrx_word' id='word_1_477' title='bbox 1336 3464 1403 3516; x_wconf 90' lang='lat' dir='ltr'><strong>ad</strong></span> <span class='ocrx_word' id='word_1_478' title='bbox 1444 3464 1788 3518; x_wconf 89' lang='lat' dir='ltr'><strong>sacerdotum</strong></span> <span class='ocrx_word' id='word_1_479' title='bbox 1825 3479 2025 3517; x_wconf 91' lang='lat' dir='ltr'><strong>munus</strong></span> 
     </span>
    </p>
   </div>
   <div class='ocr_carea' id='block_1_68' title="bbox 468 3540 2024 3629">
    <p class='ocr_par' dir='ltr' id='par_1_68' title="bbox 468 3540 2024 3629">
     <span class='ocr_line' id='line_1_68' title="bbox 468 3540 2024 3629; baseline -0.006 -14"><span class='ocrx_word' id='word_1_480' title='bbox 468 3540 770 3629; x_wconf 76' lang='lat' dir='ltr'><strong>pertinent,</strong></span> <span class='ocrx_word' id='word_1_481' title='bbox 819 3560 1033 3613; x_wconf 89' lang='lat' dir='ltr'><strong>etiamsi</strong></span> <span class='ocrx_word' id='word_1_482' title='bbox 1056 3542 1303 3610; x_wconf 83' lang='lat' dir='ltr'><strong>maxime</strong></span> <span class='ocrx_word' id='word_1_483' title='bbox 1342 3570 1499 3610; x_wconf 85' lang='lat' dir='ltr'><strong>casus</strong></span> <span class='ocrx_word' id='word_1_484' title='bbox 1530 3554 1724 3623; x_wconf 90' lang='lat' dir='ltr'><strong>aliquis</strong></span> <span class='ocrx_word' id='word_1_485' title='bbox 1752 3563 1806 3608; x_wconf 93' lang='lat' dir='ltr'><strong>et</strong></span> <span class='ocrx_word' id='word_1_486' title='bbox 1836 3568 2024 3607; x_wconf 84' lang='lat' dir='ltr'><strong>neces-</strong></span> 
     </span>
    </p>
   </div>
   <div class='ocr_carea' id='block_1_69' title="bbox 470 3646 2026 3721">
    <p class='ocr_par' dir='ltr' id='par_1_69' title="bbox 470 3646 2026 3721">
     <span class='ocr_line' id='line_1_69' title="bbox 470 3646 2026 3721; baseline -0.006 -13"><span class='ocrx_word' id='word_1_487' title='bbox 470 3653 604 3708; x_wconf 88' lang='lat' dir='ltr'><strong>sitas</strong></span> <span class='ocrx_word' id='word_1_488' title='bbox 638 3661 847 3721; x_wconf 89' lang='lat' dir='ltr'><strong>urgeat.</strong></span> <span class='ocrx_word' id='word_1_489' title='bbox 886 3649 998 3704; x_wconf 83' lang='lat' dir='ltr'><strong>Hoc</strong></span> <span class='ocrx_word' id='word_1_490' title='bbox 1032 3648 1286 3702; x_wconf 89' lang='lat' dir='ltr'><strong>nimirum</strong></span> <span class='ocrx_word' id='word_1_491' title='bbox 1320 3646 1394 3699; x_wconf 82' lang='lat' dir='ltr'><strong>iiii</strong></span> <span class='ocrx_word' id='word_1_492' title='bbox 1428 3647 1508 3699; x_wconf 86' lang='lat' dir='ltr'><strong>sic</strong></span> <span class='ocrx_word' id='word_1_493' title='bbox 1538 3646 1945 3699; x_wconf 85' lang='lat' dir='ltr'><strong>constituerunt</strong></span> <span class='ocrx_word' id='word_1_494' title='bbox 1969 3652 2026 3698; x_wconf 89' lang='lat' dir='ltr'><strong>et</strong></span> 
     </span>
    </p>
   </div>
   <div class='ocr_carea' id='block_1_70' title="bbox 470 3737 2024 3811">
    <p class='ocr_par' dir='ltr' id='par_1_70' title="bbox 470 3737 2024 3811">
     <span class='ocr_line' id='line_1_70' title="bbox 470 3737 2024 3811; baseline -0.006 -13"><span class='ocrx_word' id='word_1_495' title='bbox 470 3745 853 3806; x_wconf 87' lang='lat' dir='ltr'><strong>decreverunt,</strong></span> <span class='ocrx_word' id='word_1_496' title='bbox 886 3739 1047 3811; x_wconf 67' lang='grc'><strong>244</strong></span> <span class='ocrx_word' id='word_1_497' title='bbox 1085 3749 1145 3791; x_wconf 92' lang='lat' dir='ltr'><strong>ut</strong></span> <span class='ocrx_word' id='word_1_498' title='bbox 1187 3755 1254 3792; x_wconf 91' lang='lat' dir='ltr'><strong>ne</strong></span> <span class='ocrx_word' id='word_1_499' title='bbox 1282 3753 1388 3807; x_wconf 88' lang='lat' dir='ltr'><strong>qua</strong></span> <span class='ocrx_word' id='word_1_500' title='bbox 1426 3737 1479 3791; x_wconf 91' lang='lat' dir='ltr'><strong>in</strong></span> <span class='ocrx_word' id='word_1_501' title='bbox 1511 3746 1661 3805; x_wconf 86' lang='lat' dir='ltr'><strong>parte</strong></span> <span class='ocrx_word' id='word_1_502' title='bbox 1695 3746 1886 3789; x_wconf 86' lang='lat' dir='ltr'><strong>contra</strong></span> <span class='ocrx_word' id='word_1_503' title='bbox 1930 3750 2024 3789; x_wconf 86' lang='lat' dir='ltr'><strong>or-</strong></span> 
     </span>
    </p>
   </div>
   <div class='ocr_carea' id='block_1_71' title="bbox 470 3828 2023 3901">
    <p class='ocr_par' dir='ltr' id='par_1_71' title="bbox 470 3828 2023 3901">
     <span class='ocr_line' id='line_1_71' title="bbox 470 3828 2023 3901; baseline -0.005 -12"><span class='ocrx_word' id='word_1_504' title='bbox 470 3835 654 3889; x_wconf 85' lang='lat' dir='ltr'><strong>dinem</strong></span> <span class='ocrx_word' id='word_1_505' title='bbox 700 3834 1066 3901; x_wconf 70' lang='lat' dir='ltr'><strong>delinquatu’r.</strong></span> <span class='ocrx_word' id='word_1_506' title='bbox 1129 3830 1260 3897; x_wconf 82' lang='lat' dir='ltr'><strong>Nam</strong></span> <span class='ocrx_word' id='word_1_507' title='bbox 1311 3831 1599 3898; x_wconf 82' lang='lat' dir='ltr'><strong>diligenter</strong></span> <span class='ocrx_word' id='word_1_508' title='bbox 1629 3828 1783 3895; x_wconf 91' lang='lat' dir='ltr'><strong>mihi,</strong></span> <span class='ocrx_word' id='word_1_509' title='bbox 1819 3832 2023 3898; x_wconf 67' lang='lat' dir='ltr'><strong>quwso,</strong></span> 
     </span>
    </p>
   </div>
   <div class='ocr_carea' id='block_1_72' title="bbox 471 3917 2030 3995">
    <p class='ocr_par' dir='ltr' id='par_1_72' title="bbox 471 3917 2030 3995">
     <span class='ocr_line' id='line_1_72' title="bbox 471 3917 2030 3995; baseline -0.004 -17"><span class='ocrx_word' id='word_1_510' title='bbox 471 3926 712 3985; x_wconf 87' lang='lat' dir='ltr'><strong>adverte.</strong></span> <span class='ocrx_word' id='word_1_511' title='bbox 749 3922 880 3995; x_wconf 84' lang='lat' dir='ltr'><strong>quid</strong></span> <span class='ocrx_word' id='word_1_512' title='bbox 905 3924 958 3976; x_wconf 92' lang='lat' dir='ltr'><strong>in</strong></span> <span class='ocrx_word' id='word_1_513' title='bbox 991 3922 1138 3976; x_wconf 89' lang='lat' dir='ltr'><strong>illius</strong></span> <span class='ocrx_word' id='word_1_514' title='bbox 1166 3922 1345 3990; x_wconf 83' lang='lat' dir='ltr'><strong>magni</strong></span> <span class='ocrx_word' id='word_1_515' title='bbox 1374 3920 1654 3973; x_wconf 82' lang='lat' dir='ltr'><strong>Athanasii</strong></span> <span class='ocrx_word' id='word_1_516' title='bbox 1684 3922 1789 3974; x_wconf 86' lang='lat' dir='ltr'><strong>vita</strong></span> <span class='ocrx_word' id='word_1_517' title='bbox 1815 3917 1886 3974; x_wconf 90' lang='lat' dir='ltr'><strong>sit</strong></span> <span class='ocrx_word' id='word_1_518' title='bbox 1908 3934 2030 3988; x_wconf 83' lang='lat' dir='ltr'><strong>per-</strong></span> 
     </span>
    </p>
   </div>
   <div class='ocr_carea' id='block_1_73' title="bbox 473 4011 2027 4087">
    <p class='ocr_par' dir='ltr' id='par_1_73' title="bbox 473 4011 2027 4087">
     <span class='ocr_line' id='line_1_73' title="bbox 473 4011 2027 4087; baseline -0.003 -16"><span class='ocrx_word' id='word_1_519' title='bbox 473 4018 756 4086; x_wconf 79' lang='lat' dir='ltr'><strong>scriptum.</strong></span> <span class='ocrx_word' id='word_1_520' title='bbox 790 4014 924 4087; x_wconf 88' lang='lat' dir='ltr'><strong>Cum</strong></span> <span class='ocrx_word' id='word_1_521' title='bbox 962 4022 1095 4083; x_wconf 88' lang='lat' dir='ltr'><strong>puer</strong></span> <span class='ocrx_word' id='word_1_522' title='bbox 1123 4013 1300 4087; x_wconf 86' lang='lat' dir='ltr'><strong>adhuc</strong></span> <span class='ocrx_word' id='word_1_523' title='bbox 1334 4023 1481 4066; x_wconf 88' lang='lat' dir='ltr'><strong>esset</strong></span> <span class='ocrx_word' id='word_1_524' title='bbox 1509 4011 1860 4073; x_wconf 79' lang='lat' dir='ltr'><strong>Athanasius,</strong></span> <span class='ocrx_word' id='word_1_525' title='bbox 1886 4012 2027 4067; x_wconf 82' lang='lat' dir='ltr'><strong>forte</strong></span> 
     </span>
    </p>
   </div>
   <div class='ocr_carea' id='block_1_74' title="bbox 473 4085 2029 4174">
    <p class='ocr_par' dir='ltr' id='par_1_74' title="bbox 473 4085 2029 4174">
     <span class='ocr_line' id='line_1_74' title="bbox 473 4085 2029 4174; baseline -0.003 -13"><span class='ocrx_word' id='word_1_526' title='bbox 473 4108 587 4162; x_wconf 85' lang='lat' dir='ltr'><strong>suis</strong></span> <span class='ocrx_word' id='word_1_527' title='bbox 632 4122 755 4161; x_wconf 90' lang='lat' dir='ltr'><strong>cum</strong></span> <span class='ocrx_word' id='word_1_528' title='bbox 791 4085 1089 4174; x_wconf 59' lang='lat' dir='ltr'><strong>aequalibus</strong></span> <span class='ocrx_word' id='word_1_529' title='bbox 1130 4085 1303 4157; x_wconf 85' lang='lat' dir='ltr'><strong>maris</strong></span> <span class='ocrx_word' id='word_1_530' title='bbox 1334 4102 1399 4155; x_wconf 86' lang='lat' dir='ltr'><strong>ad</strong></span> <span class='ocrx_word' id='word_1_531' title='bbox 1454 4103 1607 4157; x_wconf 90' lang='lat' dir='ltr'><strong>littus</strong></span> <span class='ocrx_word' id='word_1_532' title='bbox 1645 4104 1895 4157; x_wconf 89' lang='lat' dir='ltr'><strong>accessit.</strong></span> <span class='ocrx_word' id='word_1_533' title='bbox 1952 4103 2029 4157; x_wconf 83' lang='lat' dir='ltr'><strong>Ac</strong></span> 
     </span>
    </p>
   </div>
   <div class='ocr_carea' id='block_1_75' title="bbox 472 4176 2028 4265">
    <p class='ocr_par' dir='ltr' id='par_1_75' title="bbox 472 4176 2028 4265">
     <span class='ocr_line' id='line_1_75' title="bbox 472 4176 2028 4265; baseline -0.002 -13"><span class='ocrx_word' id='word_1_534' title='bbox 472 4199 763 4254; x_wconf 79' lang='lat' dir='ltr'><strong>videbatur</strong></span> <span class='ocrx_word' id='word_1_535' title='bbox 788 4199 877 4251; x_wconf 84' lang='lat' dir='ltr'><strong>ille</strong></span> <span class='ocrx_word' id='word_1_536' title='bbox 906 4207 1017 4251; x_wconf 90' lang='lat' dir='ltr'><strong>tum</strong></span> <span class='ocrx_word' id='word_1_537' title='bbox 1046 4196 1263 4265; x_wconf 89' lang='lat' dir='ltr'><strong>quidem</strong></span> <span class='ocrx_word' id='word_1_538' title='bbox 1289 4196 1340 4249; x_wconf 90' lang='lat' dir='ltr'><strong>in</strong></span> <span class='ocrx_word' id='word_1_539' title='bbox 1370 4176 1553 4250; x_wconf 67' lang='lat' dir='ltr'><strong>littore</strong></span> <span class='ocrx_word' id='word_1_540' title='bbox 1576 4208 1695 4249; x_wconf 91' lang='lat' dir='ltr'><strong>cum</strong></span> <span class='ocrx_word' id='word_1_541' title='bbox 1719 4195 2028 4261; x_wconf 86' lang='lat' dir='ltr'><strong>eisludere,</strong></span> 
     </span>
    </p>
   </div>
   <div class='ocr_carea' id='block_1_76' title="bbox 471 4287 2029 4357">
    <p class='ocr_par' dir='ltr' id='par_1_76' title="bbox 471 4287 2029 4357">
     <span class='ocr_line' id='line_1_76' title="bbox 471 4287 2029 4357; baseline -0.004 -10"><span class='ocrx_word' id='word_1_542' title='bbox 471 4292 567 4347; x_wconf 88' lang='lat' dir='ltr'><strong>sed</strong></span> <span class='ocrx_word' id='word_1_543' title='bbox 628 4307 715 4345; x_wconf 90' lang='lat' dir='ltr'><strong>res</strong></span> <span class='ocrx_word' id='word_1_544' title='bbox 767 4298 876 4344; x_wconf 87' lang='lat' dir='ltr'><strong>tota</strong></span> <span class='ocrx_word' id='word_1_545' title='bbox 928 4288 1174 4357; x_wconf 70' lang='lat' dir='ltr'><strong>quaadam</strong></span> <span class='ocrx_word' id='word_1_546' title='bbox 1230 4298 1350 4342; x_wconf 90' lang='lat' dir='ltr'><strong>erat</strong></span> <span class='ocrx_word' id='word_1_547' title='bbox 1390 4288 1565 4357; x_wconf 89' lang='lat' dir='ltr'><strong>imago</strong></span> <span class='ocrx_word' id='word_1_548' title='bbox 1596 4287 1714 4356; x_wconf 86' lang='lat' dir='ltr'><strong>ejus</strong></span> <span class='ocrx_word' id='word_1_549' title='bbox 1744 4289 1888 4356; x_wconf 89' lang='lat' dir='ltr'><strong>quod</strong></span> <span class='ocrx_word' id='word_1_550' title='bbox 1928 4287 2029 4340; x_wconf 83' lang='lat' dir='ltr'><strong>ali-</strong></span> 
     </span>
    </p>
   </div>
   <div class='ocr_carea' id='block_1_77' title="bbox 474 4378 2032 4453">
    <p class='ocr_par' dir='ltr' id='par_1_77' title="bbox 474 4378 2032 4453">
     <span class='ocr_line' id='line_1_77' title="bbox 474 4378 2032 4453; baseline -0.003 -16"><span class='ocrx_word' id='word_1_551' title='bbox 474 4382 693 4453; x_wconf 89' lang='lat' dir='ltr'><strong>quando</strong></span> <span class='ocrx_word' id='word_1_552' title='bbox 726 4380 971 4435; x_wconf 81' lang='lat' dir='ltr'><strong>futurum</strong></span> <span class='ocrx_word' id='word_1_553' title='bbox 1002 4389 1168 4434; x_wconf 89' lang='lat' dir='ltr'><strong>esset.</strong></span> <span class='ocrx_word' id='word_1_554' title='bbox 1224 4380 1359 4434; x_wconf 84' lang='lat' dir='ltr'><strong>Nam</strong></span> <span class='ocrx_word' id='word_1_555' title='bbox 1393 4378 1548 4447; x_wconf 86' lang='lat' dir='ltr'><strong>pueri</strong></span> <span class='ocrx_word' id='word_1_556' title='bbox 1594 4394 1660 4432; x_wconf 92' lang='lat' dir='ltr'><strong>eo</strong></span> <span class='ocrx_word' id='word_1_557' title='bbox 1698 4380 1751 4431; x_wconf 88' lang='lat' dir='ltr'><strong>in</strong></span> <span class='ocrx_word' id='word_1_558' title='bbox 1781 4378 1905 4432; x_wconf 73' lang='lat' dir='ltr'><strong>lusu</strong></span> <span class='ocrx_word' id='word_1_559' title='bbox 1949 4394 2032 4432; x_wconf 89' lang='lat' dir='ltr'><strong>re-</strong></span> 
     </span>
    </p>
   </div>
   <div class='ocr_carea' id='block_1_78' title="bbox 2122 3184 3677 3273">
    <p class='ocr_par' dir='ltr' id='par_1_78' title="bbox 2122 3184 3677 3273">
     <span class='ocr_line' id='line_1_78' title="bbox 2122 3184 3677 3273; baseline -0.013 -17"><span class='ocrx_word' id='word_1_560' title='bbox 2122 3221 2176 3256; x_wconf 88' lang='grc' dir='ltr'><strong>τι</strong></span> <span class='ocrx_word' id='word_1_561' title='bbox 2201 3206 2530 3273; x_wconf 79' lang='grc' dir='ltr'>γέγραπται.</span> <span class='ocrx_word' id='word_1_562' title='bbox 2578 3200 2635 3252; x_wconf 86' lang='lat'><strong>&#39;0</strong></span> <span class='ocrx_word' id='word_1_563' title='bbox 2680 3200 2848 3267; x_wconf 75' lang='grc' dir='ltr'>μέγας</span> <span class='ocrx_word' id='word_1_564' title='bbox 2877 3194 3196 3253; x_wconf 77' lang='grc' dir='ltr'>Ἀθανὰσιος</span> <span class='ocrx_word' id='word_1_565' title='bbox 3237 3184 3392 3251; x_wconf 69' lang='grc' dir='ltr'>οὗτος</span> <span class='ocrx_word' id='word_1_566' title='bbox 3443 3188 3521 3241; x_wconf 76' lang='grc' dir='ltr'>ἔτι</span> <span class='ocrx_word' id='word_1_567' title='bbox 3550 3204 3677 3237; x_wconf 77' lang='grc' dir='ltr'>παι-</span> 
     </span>
    </p>
   </div>
   <div class='ocr_carea' id='block_1_79' title="bbox 2123 3281 3677 3363">
    <p class='ocr_par' dir='ltr' id='par_1_79' title="bbox 2123 3281 3677 3363">
     <span class='ocr_line' id='line_1_79' title="bbox 2123 3281 3677 3363; baseline -0.012 -15"><span class='ocrx_word' id='word_1_568' title='bbox 2123 3296 2235 3350; x_wconf 79' lang='grc' dir='ltr'>δίον</span> <span class='ocrx_word' id='word_1_569' title='bbox 2254 3297 2327 3347; x_wconf 84' lang='grc' dir='ltr'>ὣν</span> <span class='ocrx_word' id='word_1_570' title='bbox 2350 3292 2564 3363; x_wconf 69' lang='grc' dir='ltr'>ἔρχεταί</span> <span class='ocrx_word' id='word_1_571' title='bbox 2598 3308 2728 3344; x_wconf 77' lang='grc' dir='ltr'>ποτε</span> <span class='ocrx_word' id='word_1_572' title='bbox 2780 3289 2917 3360; x_wconf 76' lang='grc' dir='ltr'>μετὰ</span> <span class='ocrx_word' id='word_1_573' title='bbox 2945 3287 3050 3340; x_wconf 84' lang='grc' dir='ltr'><strong>τῶν</strong></span> <span class='ocrx_word' id='word_1_574' title='bbox 3086 3284 3387 3353; x_wconf 67' lang='grc' dir='ltr'>ἡλικιωτῶν</span> <span class='ocrx_word' id='word_1_575' title='bbox 3422 3281 3513 3333; x_wconf 77' lang='grc' dir='ltr'><strong>ἐπί</strong></span> <span class='ocrx_word' id='word_1_576' title='bbox 3553 3296 3677 3343; x_wconf 83' lang='grc' dir='ltr'>τινα</span> 
     </span>
    </p>
   </div>
   <div class='ocr_carea' id='block_1_80' title="bbox 2122 3374 3674 3454">
    <p class='ocr_par' dir='ltr' id='par_1_80' title="bbox 2122 3374 3674 3454">
     <span class='ocr_line' id='line_1_80' title="bbox 2122 3374 3674 3454; baseline -0.01 -16"><span class='ocrx_word' id='word_1_577' title='bbox 2122 3388 2221 3454; x_wconf 77' lang='grc' dir='ltr'>τῆς</span> <span class='ocrx_word' id='word_1_578' title='bbox 2254 3384 2526 3446; x_wconf 81' lang='grc' dir='ltr'><strong>θαλάσσης</strong></span> <span class='ocrx_word' id='word_1_579' title='bbox 2580 3382 2772 3450; x_wconf 82' lang='grc' dir='ltr'>ἀκτήν.</span> <span class='ocrx_word' id='word_1_580' title='bbox 2829 3382 2938 3433; x_wconf 57' lang='grc' dir='ltr'>καὶ</span> <span class='ocrx_word' id='word_1_581' title='bbox 2984 3377 3312 3446; x_wconf 77' lang='grc' dir='ltr'>συμπαίζειν</span> <span class='ocrx_word' id='word_1_582' title='bbox 3365 3375 3463 3443; x_wconf 78' lang='grc' dir='ltr'><strong>μὲν</strong></span> <span class='ocrx_word' id='word_1_583' title='bbox 3494 3374 3674 3432; x_wconf 75' lang='grc' dir='ltr'>αὐτοῖς</span> 
     </span>
    </p>
   </div>
   <div class='ocr_carea' id='block_1_81' title="bbox 2125 3463 3675 3547">
    <p class='ocr_par' dir='ltr' id='par_1_81' title="bbox 2125 3463 3675 3547">
     <span class='ocr_line' id='line_1_81' title="bbox 2125 3463 3675 3547; baseline -0.011 -17"><span class='ocrx_word' id='word_1_584' title='bbox 2125 3476 2279 3547; x_wconf 78' lang='grc' dir='ltr'>παρὰ</span> <span class='ocrx_word' id='word_1_585' title='bbox 2340 3477 2459 3537; x_wconf 80' lang='grc' dir='ltr'>ταῖς</span> <span class='ocrx_word' id='word_1_586' title='bbox 2498 3473 2684 3544; x_wconf 75' lang='grc' dir='ltr'>ὄχθαις</span> <span class='ocrx_word' id='word_1_587' title='bbox 2738 3470 2921 3541; x_wconf 75' lang='grc' dir='ltr'>ἐῴκει,</span> <span class='ocrx_word' id='word_1_588' title='bbox 2952 3469 3122 3529; x_wconf 78' lang='grc' dir='ltr'>τόπος</span> <span class='ocrx_word' id='word_1_589' title='bbox 3151 3469 3206 3519; x_wconf 78' lang='grc' dir='ltr'>δὲ</span> <span class='ocrx_word' id='word_1_590' title='bbox 3239 3466 3347 3519; x_wconf 83' lang='grc' dir='ltr'><strong>τῶν</strong></span> <span class='ocrx_word' id='word_1_591' title='bbox 3378 3463 3675 3533; x_wconf 82' lang='grc' dir='ltr'>μελλόντων</span> 
     </span>
    </p>
   </div>
   <div class='ocr_carea' id='block_1_82' title="bbox 2124 3555 3678 3637">
    <p class='ocr_par' dir='ltr' id='par_1_82' title="bbox 2124 3555 3678 3637">
     <span class='ocr_line' id='line_1_82' title="bbox 2124 3555 3678 3637; baseline -0.01 -16"><span class='ocrx_word' id='word_1_592' title='bbox 2124 3568 2184 3620; x_wconf 81' lang='grc' dir='ltr'>τὸ</span> <span class='ocrx_word' id='word_1_593' title='bbox 2213 3569 2320 3621; x_wconf 82' lang='grc' dir='ltr'>πᾶν</span> <span class='ocrx_word' id='word_1_594' title='bbox 2353 3562 2419 3637; x_wconf 77' lang='grc' dir='ltr'>ἦν</span> <span class='ocrx_word' id='word_1_595' title='bbox 2445 3583 2459 3597; x_wconf 74' lang='grc'><strong><em>⁸</em></strong></span> <span class='ocrx_word' id='word_1_596' title='bbox 2488 3563 2911 3633; x_wconf 75' lang='grc' dir='ltr'>ὑποκρινάμενοι</span> <span class='ocrx_word' id='word_1_597' title='bbox 2938 3561 3046 3629; x_wconf 75' lang='grc' dir='ltr'><strong>γὰρ</strong></span> <span class='ocrx_word' id='word_1_598' title='bbox 3069 3562 3125 3610; x_wconf 80' lang='grc' dir='ltr'>ὲν</span> <span class='ocrx_word' id='word_1_599' title='bbox 3152 3560 3217 3628; x_wconf 76' lang='grc' dir='ltr'><strong>τῇ</strong></span> <span class='ocrx_word' id='word_1_600' title='bbox 3246 3556 3435 3625; x_wconf 82' lang='grc' dir='ltr'>παιδιᾷ</span> <span class='ocrx_word' id='word_1_601' title='bbox 3474 3556 3542 3607; x_wconf 80' lang='grc' dir='ltr'>τὰ</span> <span class='ocrx_word' id='word_1_602' title='bbox 3572 3555 3678 3606; x_wconf 83' lang='grc' dir='ltr'>τῶν</span> 
     </span>
    </p>
   </div>
   <div class='ocr_carea' id='block_1_83' title="bbox 2127 3648 3680 3727">
    <p class='ocr_par' dir='ltr' id='par_1_83' title="bbox 2127 3648 3680 3727">
     <span class='ocr_line' id='line_1_83' title="bbox 2127 3648 3680 3727; baseline -0.01 -16"><span class='ocrx_word' id='word_1_603' title='bbox 2127 3659 2316 3727; x_wconf 78' lang='grc' dir='ltr'>ἱερέων</span> <span class='ocrx_word' id='word_1_604' title='bbox 2360 3659 2406 3710; x_wconf 84' lang='grc' dir='ltr'>οἱ</span> <span class='ocrx_word' id='word_1_605' title='bbox 2440 3656 2628 3718; x_wconf 84' lang='grc' dir='ltr'>παῖδες</span> <span class='ocrx_word' id='word_1_606' title='bbox 2665 3654 2986 3707; x_wconf 80' lang='grc' dir='ltr'>Ἀθανάσιον</span> <span class='ocrx_word' id='word_1_607' title='bbox 3027 3652 3123 3720; x_wconf 81' lang='grc' dir='ltr'><strong>μὲν</strong></span> <span class='ocrx_word' id='word_1_608' title='bbox 3174 3648 3472 3701; x_wconf 73' lang='grc' dir='ltr'>ἐπίσκοπον</span> <span class='ocrx_word' id='word_1_609' title='bbox 3502 3661 3680 3714; x_wconf 84' lang='grc' dir='ltr'>χειρο-</span> 
     </span>
    </p>
   </div>
   <div class='ocr_carea' id='block_1_84' title="bbox 2127 3738 3676 3813">
    <p class='ocr_par' dir='ltr' id='par_1_84' title="bbox 2127 3738 3676 3813">
     <span class='ocr_line' id='line_1_84' title="bbox 2127 3738 3676 3813; baseline -0.009 -11"><span class='ocrx_word' id='word_1_610' title='bbox 2127 3748 2393 3813; x_wconf 82' lang='grc' dir='ltr'>τονοῦσιν,</span> <span class='ocrx_word' id='word_1_611' title='bbox 2428 3748 2580 3800; x_wconf 75' lang='grc' dir='ltr'>αὐτοὶ</span> <span class='ocrx_word' id='word_1_612' title='bbox 2612 3746 2668 3799; x_wconf 77' lang='grc' dir='ltr'>δὲ</span> <span class='ocrx_word' id='word_1_613' title='bbox 2699 3748 2778 3807; x_wconf 80' lang='grc' dir='ltr'><strong>εἰς</strong></span> <span class='ocrx_word' id='word_1_614' title='bbox 2819 3743 3222 3813; x_wconf 82' lang='grc' dir='ltr'>πρεσϐυτέρους</span> <span class='ocrx_word' id='word_1_615' title='bbox 3263 3740 3356 3793; x_wconf 77' lang='grc' dir='ltr'>καὶ</span> <span class='ocrx_word' id='word_1_616' title='bbox 3399 3738 3676 3799; x_wconf 79' lang='grc' dir='ltr'>διακόνους</span> 
     </span>
    </p>
   </div>
   <div class='ocr_carea' id='block_1_85' title="bbox 2128 3830 3680 3911">
    <p class='ocr_par' dir='ltr' id='par_1_85' title="bbox 2128 3830 3680 3911">
     <span class='ocr_line' id='line_1_85' title="bbox 2128 3830 3680 3911; baseline -0.01 -18"><span class='ocrx_word' id='word_1_617' title='bbox 2128 3840 2513 3911; x_wconf 81' lang='grc' dir='ltr'>ἀφορισθέντες</span> <span class='ocrx_word' id='word_1_618' title='bbox 2539 3836 2814 3906; x_wconf 76' lang='grc' dir='ltr'>προσῆγον</span> <span class='ocrx_word' id='word_1_619' title='bbox 2844 3837 3062 3903; x_wconf 77' lang='grc' dir='ltr'>ἐτέρους</span> <span class='ocrx_word' id='word_1_620' title='bbox 3088 3835 3283 3894; x_wconf 79' lang='grc' dir='ltr'>παῖδας</span> <span class='ocrx_word' id='word_1_621' title='bbox 3301 3830 3448 3899; x_wconf 76' lang='grc' dir='ltr'>αὐτῷ</span> <span class='ocrx_word' id='word_1_622' title='bbox 3472 3831 3680 3896; x_wconf 72' lang='grc' dir='ltr'>ἀσςρρα-</span> 
     </span>
    </p>
   </div>
   <div class='ocr_carea' id='block_1_86' title="bbox 2128 3917 3680 3995">
    <p class='ocr_par' dir='ltr' id='par_1_86' title="bbox 2128 3917 3680 3995">
     <span class='ocr_line' id='line_1_86' title="bbox 2128 3917 3680 3995; baseline -0.009 -15"><span class='ocrx_word' id='word_1_623' title='bbox 2128 3928 2365 3995; x_wconf 75' lang='grc' dir='ltr'>γὶττους,</span> <span class='ocrx_word' id='word_1_624' title='bbox 2424 3926 2673 3984; x_wconf 79' lang='grc' dir='ltr'>κάκεῖνος</span> <span class='ocrx_word' id='word_1_625' title='bbox 2705 3923 2782 3991; x_wconf 83' lang='grc' dir='ltr'>τῷ</span> <span class='ocrx_word' id='word_1_626' title='bbox 2835 3922 3109 3989; x_wconf 77' lang='grc' dir='ltr'>θαλαττίῳ</span> <span class='ocrx_word' id='word_1_627' title='bbox 3145 3920 3297 3971; x_wconf 74' lang='grc' dir='ltr'>ὕδατι</span> <span class='ocrx_word' id='word_1_628' title='bbox 3330 3920 3454 3979; x_wconf 68' lang='grc' dir='ltr'>τοὺς</span> <span class='ocrx_word' id='word_1_629' title='bbox 3485 3917 3680 3976; x_wconf 69' lang='grc' dir='ltr'>παῖδας</span> 
     </span>
    </p>
   </div>
   <div class='ocr_carea' id='block_1_87' title="bbox 2131 4007 3682 4082">
    <p class='ocr_par' dir='ltr' id='par_1_87' title="bbox 2131 4007 3682 4082">
     <span class='ocr_line' id='line_1_87' title="bbox 2131 4007 3682 4082; baseline -0.01 -11"><span class='ocrx_word' id='word_1_630' title='bbox 2131 4017 2443 4079; x_wconf 75' lang='grc' dir='ltr'>ἐϐάπτιζεν.</span> <span class='ocrx_word' id='word_1_631' title='bbox 2482 4016 2544 4067; x_wconf 89' lang='grc'><strong>’0</strong></span> <span class='ocrx_word' id='word_1_632' title='bbox 2591 4013 2721 4081; x_wconf 72' lang='grc' dir='ltr'>γοῦν</span> <span class='ocrx_word' id='word_1_633' title='bbox 2745 4012 2845 4082; x_wconf 83' lang='grc' dir='ltr'>τῆς</span> <span class='ocrx_word' id='word_1_634' title='bbox 2875 4010 3272 4077; x_wconf 77' lang='grc' dir='ltr'>Ἀλεξανδρέων</span> <span class='ocrx_word' id='word_1_635' title='bbox 3324 4009 3529 4068; x_wconf 77' lang='grc' dir='ltr'>πόλεως</span> <span class='ocrx_word' id='word_1_636' title='bbox 3564 4007 3682 4057; x_wconf 77' lang='grc' dir='ltr'><strong>ἐπε-</strong></span> 
     </span>
    </p>
   </div>
   <div class='ocr_carea' id='block_1_88' title="bbox 2132 4100 3680 4176">
    <p class='ocr_par' dir='ltr' id='par_1_88' title="bbox 2132 4100 3680 4176">
     <span class='ocr_line' id='line_1_88' title="bbox 2132 4100 3680 4176; baseline -0.01 -12"><span class='ocrx_word' id='word_1_637' title='bbox 2132 4127 2334 4173; x_wconf 87' lang='grc' dir='ltr'>σκοπος</span> <span class='ocrx_word' id='word_1_638' title='bbox 2356 4107 2700 4176; x_wconf 81' lang='grc' dir='ltr'>Ἀλέξανδρος</span> <span class='ocrx_word' id='word_1_639' title='bbox 2721 4104 2851 4175; x_wconf 78' lang='grc' dir='ltr'>παρ’</span> <span class='ocrx_word' id='word_1_640' title='bbox 2873 4103 3119 4172; x_wconf 77' lang='grc' dir='ltr'>αἰγιαλὸν</span> <span class='ocrx_word' id='word_1_641' title='bbox 3146 4100 3680 4171; x_wconf 74' lang='grc' dir='ltr'>παρερχόμενος-,καὶ</span> 
     </span>
    </p>
   </div>
   <div class='ocr_carea' id='block_1_89' title="bbox 2130 4194 3682 4267">
    <p class='ocr_par' dir='ltr' id='par_1_89' title="bbox 2130 4194 3682 4267">
     <span class='ocr_line' id='line_1_89' title="bbox 2130 4194 3682 4267; baseline -0.007 -13"><span class='ocrx_word' id='word_1_642' title='bbox 2130 4202 2302 4254; x_wconf 74' lang='grc' dir='ltr'>ταῦτα</span> <span class='ocrx_word' id='word_1_643' title='bbox 2340 4201 2462 4253; x_wconf 77' lang='grc' dir='ltr'>ἰδὼν</span> <span class='ocrx_word' id='word_1_644' title='bbox 2498 4200 2591 4251; x_wconf 74' lang='grc' dir='ltr'>καὶ</span> <span class='ocrx_word' id='word_1_645' title='bbox 2624 4198 2932 4267; x_wconf 81' lang='grc' dir='ltr'>θαυμάσας,</span> <span class='ocrx_word' id='word_1_646' title='bbox 2975 4196 3213 4265; x_wconf 71' lang='grc' dir='ltr'>ἐπιχρίει</span> <span class='ocrx_word' id='word_1_647' title='bbox 3256 4194 3453 4255; x_wconf 75' lang='grc' dir='ltr'>αὐτοὺς</span> <span class='ocrx_word' id='word_1_648' title='bbox 3482 4195 3573 4245; x_wconf 72' lang='grc' dir='ltr'>καὶ</span> <span class='ocrx_word' id='word_1_649' title='bbox 3596 4208 3682 4243; x_wconf 79' lang='grc' dir='ltr'>τεο</span> 
     </span>
    </p>
   </div>
   <div class='ocr_carea' id='block_1_90' title="bbox 2131 4284 3683 4368">
    <p class='ocr_par' dir='ltr' id='par_1_90' title="bbox 2131 4284 3683 4368">
     <span class='ocr_line' id='line_1_90' title="bbox 2131 4284 3683 4368; baseline -0.008 -23"><span class='ocrx_word' id='word_1_650' title='bbox 2131 4293 2267 4345; x_wconf 77' lang='grc' dir='ltr'>λειοῖ</span> <span class='ocrx_word' id='word_1_651' title='bbox 2314 4292 2402 4368; x_wconf 74' lang='grc' dir='ltr'>διὰ</span> <span class='ocrx_word' id='word_1_652' title='bbox 2429 4290 2523 4343; x_wconf 82' lang='grc' dir='ltr'><strong>τοῦ</strong></span> <span class='ocrx_word' id='word_1_653' title='bbox 2555 4289 2946 4359; x_wconf 75' lang='grc' dir='ltr'>βαπτίσματος.</span> <span class='ocrx_word' id='word_1_654' title='bbox 2993 4287 3154 4339; x_wconf 74' lang='grc' dir='ltr'><strong>Ἀ).λᾶ</strong></span> <span class='ocrx_word' id='word_1_655' title='bbox 3201 4285 3290 4338; x_wconf 72' lang='grc' dir='ltr'>καὶ</span> <span class='ocrx_word' id='word_1_656' title='bbox 3341 4286 3369 4335; x_wconf 85' lang='grc' dir='ltr'>ὁ</span> <span class='ocrx_word' id='word_1_657' title='bbox 3402 4291 3481 4335; x_wconf 82' lang='grc' dir='ltr'>να¹</span> <span class='ocrx_word' id='word_1_658' title='bbox 3506 4284 3683 4336; x_wconf 87' lang='grc' dir='ltr'>κανὼν</span> 
     </span>
    </p>
   </div>
   <div class='ocr_carea' id='block_1_91' title="bbox 2132 4375 3683 4451">
    <p class='ocr_par' dir='ltr' id='par_1_91' title="bbox 2132 4375 3683 4451">
     <span class='ocr_line' id='line_1_91' title="bbox 2132 4375 3683 4451; baseline -0.006 -15"><span class='ocrx_word' id='word_1_659' title='bbox 2132 4381 2225 4436; x_wconf 80' lang='grc' dir='ltr'>τοῦ</span> <span class='ocrx_word' id='word_1_660' title='bbox 2256 4384 2314 4434; x_wconf 80' lang='grc' dir='ltr'>ὲν</span> <span class='ocrx_word' id='word_1_661' title='bbox 2341 4383 2704 4451; x_wconf 80' lang='grc' dir='ltr'>πατριάρχαις</span> <span class='ocrx_word' id='word_1_662' title='bbox 2739 4375 3359 4449; x_wconf 78' lang='grc' dir='ltr'>Κωνσταντινουπόλεως</span> <span class='ocrx_word' id='word_1_663' title='bbox 3383 4375 3683 4443; x_wconf 79' lang='grc' dir='ltr'>ἁγιωτάτου</span> 
     </span>
    </p>
   </div>
   <div class='ocr_carea' id='block_1_92' title="bbox 475 4463 2030 4544">
    <p class='ocr_par' dir='ltr' id='par_1_92' title="bbox 475 4471 2030 4544">
     <span class='ocr_line' id='line_1_92' title="bbox 475 4471 2030 4544; baseline -0.005 -15"><span class='ocrx_word' id='word_1_664' title='bbox 475 4473 813 4544; x_wconf 76' lang='lat' dir='ltr'><strong>praesentalis</strong></span> <span class='ocrx_word' id='word_1_665' title='bbox 863 4471 1207 4526; x_wconf 88' lang='lat' dir='ltr'><strong>sacerdotum</strong></span> <span class='ocrx_word' id='word_1_666' title='bbox 1258 4471 1525 4539; x_wconf 91' lang='lat' dir='ltr'><strong>personis,</strong></span> <span class='ocrx_word' id='word_1_667' title='bbox 1562 4485 1861 4539; x_wconf 89' lang='lat' dir='ltr'><strong>eorumque</strong></span> <span class='ocrx_word' id='word_1_668' title='bbox 1912 4484 2030 4522; x_wconf 87' lang='lat' dir='ltr'><strong>mu-</strong></span> 
     </span>
    </p>
   </div>
   <div class='ocr_carea' id='block_1_93' title="bbox 2117 4463 3682 4544">
    <p class='ocr_par' dir='ltr' id='par_1_93' title="bbox 2133 4466 3682 4541">
     <span class='ocr_line' id='line_1_93' title="bbox 2133 4466 3682 4541; baseline -0.005 -17"><span class='ocrx_word' id='word_1_669' title='bbox 2133 4471 2445 4541; x_wconf 80' lang='grc' dir='ltr'>Νικηφόρον</span> <span class='ocrx_word' id='word_1_670' title='bbox 2473 4472 2566 4521; x_wconf 81' lang='grc' dir='ltr'>καὶ</span> <span class='ocrx_word' id='word_1_671' title='bbox 2591 4470 2700 4521; x_wconf 83' lang='grc' dir='ltr'><strong>τῶν</strong></span> <span class='ocrx_word' id='word_1_672' title='bbox 2730 4470 2827 4521; x_wconf 77' lang='grc' dir='ltr'><strong>σὺν</strong></span> <span class='ocrx_word' id='word_1_673' title='bbox 2871 4468 3017 4535; x_wconf 83' lang='grc' dir='ltr'><strong>αὐτῷ</strong></span> <span class='ocrx_word' id='word_1_674' title='bbox 3055 4468 3226 4533; x_wconf 79' lang='grc' dir='ltr'>ἁγίων</span> <span class='ocrx_word' id='word_1_675' title='bbox 3270 4467 3524 4534; x_wconf 86' lang='grc' dir='ltr'>[Ιατέρων</span> <span class='ocrx_word' id='word_1_676' title='bbox 3558 4466 3682 4517; x_wconf 69' lang='grc' dir='ltr'>τάδε</span> 
     </span>
    </p>
   </div>
   <div class='ocr_carea' id='block_1_94' title="bbox 475 4561 2031 4632">
    <p class='ocr_par' dir='ltr' id='par_1_94' title="bbox 475 4561 2031 4632">
     <span class='ocr_line' id='line_1_94' title="bbox 475 4561 2031 4632; baseline -0.005 -11"><span class='ocrx_word' id='word_1_677' title='bbox 475 4566 699 4623; x_wconf 83' lang='lat' dir='ltr'><strong>neribus</strong></span> <span class='ocrx_word' id='word_1_678' title='bbox 721 4563 824 4619; x_wconf 85' lang='lat' dir='ltr'><strong>sibi</strong></span> <span class='ocrx_word' id='word_1_679' title='bbox 856 4564 1110 4632; x_wconf 75' lang='lat' dir='ltr'><strong>samptis,</strong></span> <span class='ocrx_word' id='word_1_680' title='bbox 1143 4562 1500 4616; x_wconf 86' lang='lat' dir='ltr'><strong>Athanasium</strong></span> <span class='ocrx_word' id='word_1_681' title='bbox 1552 4561 1770 4630; x_wconf 86' lang='lat' dir='ltr'><strong>quidem</strong></span> <span class='ocrx_word' id='word_1_682' title='bbox 1816 4562 2031 4629; x_wconf 81' lang='lat' dir='ltr'><strong>episco-</strong></span> 
     </span>
    </p>
   </div>
   <div class='ocr_carea' id='block_1_95' title="bbox 474 4642 2030 4728">
    <p class='ocr_par' dir='ltr' id='par_1_95' title="bbox 474 4642 2030 4728">
     <span class='ocr_line' id='line_1_95' title="bbox 474 4642 2030 4728; baseline -0.003 -17"><span class='ocrx_word' id='word_1_683' title='bbox 474 4674 602 4728; x_wconf 89' lang='lat' dir='ltr'><strong>pum</strong></span> <span class='ocrx_word' id='word_1_684' title='bbox 641 4657 852 4717; x_wconf 84' lang='lat' dir='ltr'><strong>collatis</strong></span> <span class='ocrx_word' id='word_1_685' title='bbox 882 4642 1036 4724; x_wconf 85' lang='lat' dir='ltr'><strong>quasi</strong></span> <span class='ocrx_word' id='word_1_686' title='bbox 1070 4653 1342 4721; x_wconf 81' lang='lat' dir='ltr'><strong>sull‘ragiis</strong></span> <span class='ocrx_word' id='word_1_687' title='bbox 1387 4653 1668 4714; x_wconf 87' lang='lat' dir='ltr'><strong>creabant,</strong></span> <span class='ocrx_word' id='word_1_688' title='bbox 1733 4654 1833 4721; x_wconf 89' lang='lat' dir='ltr'><strong>ipsi</strong></span> <span class='ocrx_word' id='word_1_689' title='bbox 1902 4669 2030 4707; x_wconf 81' lang='lat' dir='ltr'><strong>vero</strong></span> 
     </span>
    </p>
   </div>
   <div class='ocr_carea' id='block_1_96' title="bbox 428 4743 2028 4814">
    <p class='ocr_par' dir='ltr' id='par_1_96' title="bbox 428 4743 2028 4814">
     <span class='ocr_line' id='line_1_96' title="bbox 428 4743 2028 4814; baseline -0.005 -11"><span class='ocrx_word' id='word_1_690' title='bbox 428 4750 750 4803; x_wconf 76' lang='lat' dir='ltr'><strong>&quot;seniorum</strong></span> <span class='ocrx_word' id='word_1_691' title='bbox 803 4756 859 4803; x_wconf 90' lang='lat' dir='ltr'><strong>et</strong></span> <span class='ocrx_word' id='word_1_692' title='bbox 912 4747 1288 4805; x_wconf 77' lang='lat' dir='ltr'><strong>ministrorum</strong></span> <span class='ocrx_word' id='word_1_693' title='bbox 1321 4743 1430 4814; x_wconf 64' lang='lat' dir='ltr'><strong>t69)</strong></span> <span class='ocrx_word' id='word_1_694' title='bbox 1464 4743 1517 4796; x_wconf 90' lang='lat' dir='ltr'><strong>in</strong></span> <span class='ocrx_word' id='word_1_695' title='bbox 1574 4746 1819 4797; x_wconf 89' lang='lat' dir='ltr'><strong>ordinem</strong></span> <span class='ocrx_word' id='word_1_696' title='bbox 1852 4744 2028 4804; x_wconf 88' lang='lat' dir='ltr'><strong>ascili,</strong></span> 
     </span>
    </p>
   </div>
   <div class='ocr_carea' id='block_1_97' title="bbox 2129 4556 3684 4631">
    <p class='ocr_par' dir='ltr' id='par_1_97' title="bbox 2129 4556 3684 4631">
     <span class='ocr_line' id='line_1_97' title="bbox 2129 4556 3684 4631; baseline -0.005 -18"><span class='ocrx_word' id='word_1_697' title='bbox 2129 4561 2451 4631; x_wconf 75' lang='grc' dir='ltr'>διορίζεταιο</span> <span class='ocrx_word' id='word_1_698' title='bbox 2486 4578 2503 4609; x_wconf 74' lang='grc' dir='ltr'><strong><em>ι</em></strong></span> <span class='ocrx_word' id='word_1_699' title='bbox 2528 4559 2606 4611; x_wconf 82' lang='grc' dir='ltr'><strong>Τὰ</strong></span> <span class='ocrx_word' id='word_1_700' title='bbox 2638 4558 2944 4613; x_wconf 79' lang='grc' dir='ltr'>ἀϐάπτιστα</span> <span class='ocrx_word' id='word_1_701' title='bbox 2979 4562 3167 4628; x_wconf 77' lang='grc' dir='ltr'>νήπια,</span> <span class='ocrx_word' id='word_1_702' title='bbox 3200 4557 3272 4626; x_wconf 77' lang='grc' dir='ltr'><strong>μὴ</strong></span> <span class='ocrx_word' id='word_1_703' title='bbox 3302 4557 3452 4619; x_wconf 72' lang='grc' dir='ltr'>ὄντος</span> <span class='ocrx_word' id='word_1_704' title='bbox 3476 4556 3684 4625; x_wconf 83' lang='grc' dir='ltr'>ἱερέως,</span> 
     </span>
    </p>
   </div>
   <div class='ocr_carea' id='block_1_98' title="bbox 2130 4645 3686 4731">
    <p class='ocr_par' dir='ltr' id='par_1_98' title="bbox 2130 4645 3686 4725">
     <span class='ocr_line' id='line_1_98' title="bbox 2130 4645 3686 4725; baseline -0.004 -20"><span class='ocrx_word' id='word_1_705' title='bbox 2130 4654 2228 4705; x_wconf 71' lang='grc' dir='ltr'>καὶ</span> <span class='ocrx_word' id='word_1_706' title='bbox 2278 4654 2461 4725; x_wconf 81' lang='grc' dir='ltr'>πατὴρ</span> <span class='ocrx_word' id='word_1_707' title='bbox 2498 4651 2637 4703; x_wconf 80' lang='grc' dir='ltr'>αὐτὰ</span> <span class='ocrx_word' id='word_1_708' title='bbox 2698 4651 2974 4720; x_wconf 74' lang='grc' dir='ltr'>βαπτίσει,</span> <span class='ocrx_word' id='word_1_709' title='bbox 3032 4653 3124 4703; x_wconf 78' lang='grc' dir='ltr'>καὶ</span> <span class='ocrx_word' id='word_1_710' title='bbox 3169 4645 3278 4713; x_wconf 70' lang='grc' dir='ltr'>οἷος</span> <span class='ocrx_word' id='word_1_711' title='bbox 3309 4651 3493 4718; x_wconf 74' lang='grc' dir='ltr'>ἕτερος</span> <span class='ocrx_word' id='word_1_712' title='bbox 3525 4649 3686 4718; x_wconf 79' lang='grc' dir='ltr'>τύχῃ,</span> 
     </span>
    </p>
   </div>
   <div class='ocr_carea' id='block_1_99' title="bbox 2132 4742 2843 4813">
    <p class='ocr_par' dir='ltr' id='par_1_99' title="bbox 2132 4742 2843 4813">
     <span class='ocr_line' id='line_1_99' title="bbox 2132 4742 2843 4813; baseline -0.001 -18"><span class='ocrx_word' id='word_1_713' title='bbox 2132 4745 2289 4813; x_wconf 79' lang='grc' dir='ltr'>μόνον</span> <span class='ocrx_word' id='word_1_714' title='bbox 2312 4743 2450 4795; x_wconf 76' lang='grc' dir='ltr'>ἔστω</span> <span class='ocrx_word' id='word_1_715' title='bbox 2482 4742 2781 4812; x_wconf 72' lang='grc' dir='ltr'>όρθὸδοξος.</span> <span class='ocrx_word' id='word_1_716' title='bbox 2825 4760 2843 4794; x_wconf 72' lang='grc' dir='ltr'><strong>ι</strong></span> 
     </span>
    </p>
   </div>
   <div class='ocr_carea' id='block_1_100' title="bbox 4143 2593 4150 3141">
    <p class='ocr_par' dir='ltr' id='par_1_100' title="bbox 4143 2593 4147 2807">
     <span class='ocr_line' id='line_1_100' title="bbox 4143 2593 4147 2807; baseline 0 0"><span class='ocrx_word' id='word_1_717' title='bbox 4143 2593 4147 2807; x_wconf 73' lang='grc'><strong>4</strong></span> 
     </span>
    </p>
   </div>
   <div class='ocr_carea' id='block_1_101' title="bbox 470 4835 3683 4912">
    <p class='ocr_par' dir='ltr' id='par_1_101' title="bbox 470 4835 3683 4912">
     <span class='ocr_line' id='line_1_101' title="bbox 470 4835 3683 4912; baseline -0.002 -16"><span class='ocrx_word' id='word_1_718' title='bbox 470 4842 731 4912; x_wconf 89' lang='lat' dir='ltr'><strong>quosdam</strong></span> <span class='ocrx_word' id='word_1_719' title='bbox 786 4840 922 4894; x_wconf 85' lang='lat' dir='ltr'><strong>alios</strong></span> <span class='ocrx_word' id='word_1_720' title='bbox 989 4852 1185 4908; x_wconf 88' lang='lat' dir='ltr'><strong>pueros</strong></span> <span class='ocrx_word' id='word_1_721' title='bbox 1226 4836 1291 4890; x_wconf 90' lang='lat' dir='ltr'><strong>ad</strong></span> <span class='ocrx_word' id='word_1_722' title='bbox 1347 4838 1523 4905; x_wconf 85' lang='lat' dir='ltr'><strong>ipsum</strong></span> <span class='ocrx_word' id='word_1_723' title='bbox 1555 4835 1945 4909; x_wconf 67' lang='lat' dir='ltr'><strong>perducebant,</strong></span> <span class='ocrx_word' id='word_1_724' title='bbox 1976 4838 2066 4904; x_wconf 86' lang='lat' dir='ltr'><strong>qui</strong></span> <span class='ocrx_word' id='word_1_725' title='bbox 2105 4836 2373 4905; x_wconf 88' lang='lat' dir='ltr'><strong>baptismo</strong></span> <span class='ocrx_word' id='word_1_726' title='bbox 2402 4837 2634 4891; x_wconf 86' lang='lat' dir='ltr'><strong>necdum</strong></span> <span class='ocrx_word' id='word_1_727' title='bbox 2662 4837 2931 4906; x_wconf 86' lang='lat' dir='ltr'><strong>obsignati</strong></span> <span class='ocrx_word' id='word_1_728' title='bbox 2955 4838 3155 4893; x_wconf 77' lang='lat' dir='ltr'><strong>forent.</strong></span> <span class='ocrx_word' id='word_1_729' title='bbox 3189 4837 3294 4893; x_wconf 87' lang='lat' dir='ltr'><strong>Eos</strong></span> <span class='ocrx_word' id='word_1_730' title='bbox 3355 4836 3683 4891; x_wconf 82' lang='lat' dir='ltr'><strong>Athanasius</strong></span> 
     </span>
    </p>
   </div>
   <div class='ocr_carea' id='block_1_102' title="bbox 470 4912 3687 5002">
    <p class='ocr_par' dir='ltr' id='par_1_102' title="bbox 470 4912 3687 5002">
     <span class='ocr_line' id='line_1_102' title="bbox 470 4912 3687 5002; baseline -0.002 -15"><span class='ocrx_word' id='word_1_731' title='bbox 470 4948 609 5002; x_wconf 88' lang='lat' dir='ltr'><strong>aqua</strong></span> <span class='ocrx_word' id='word_1_732' title='bbox 647 4930 853 4985; x_wconf 86' lang='lat' dir='ltr'><strong>marina</strong></span> <span class='ocrx_word' id='word_1_733' title='bbox 922 4916 1251 4998; x_wconf 80' lang='lat' dir='ltr'><strong>baptizabat.</strong></span> <span class='ocrx_word' id='word_1_734' title='bbox 1309 4926 1477 4997; x_wconf 87' lang='lat' dir='ltr'><strong>Igitur</strong></span> <span class='ocrx_word' id='word_1_735' title='bbox 1502 4927 1806 4982; x_wconf 84' lang='lat' dir='ltr'><strong>Alexander</strong></span> <span class='ocrx_word' id='word_1_736' title='bbox 1836 4912 2061 4979; x_wconf 81' lang='lat' dir='ltr'><strong>antistes</strong></span> <span class='ocrx_word' id='word_1_737' title='bbox 2095 4927 2608 4990; x_wconf 82' lang='lat' dir='ltr'><strong>Alexandrinorum,</strong></span> <span class='ocrx_word' id='word_1_738' title='bbox 2644 4942 2765 4980; x_wconf 93' lang='lat' dir='ltr'><strong>cum</strong></span> <span class='ocrx_word' id='word_1_739' title='bbox 2811 4929 2864 4981; x_wconf 92' lang='lat' dir='ltr'><strong>in</strong></span> <span class='ocrx_word' id='word_1_740' title='bbox 2923 4928 3101 4982; x_wconf 90' lang='lat' dir='ltr'><strong>littore</strong></span> <span class='ocrx_word' id='word_1_741' title='bbox 3167 4929 3521 4983; x_wconf 79' lang='lat' dir='ltr'><strong>deambulans</strong></span> <span class='ocrx_word' id='word_1_742' title='bbox 3572 4927 3687 4980; x_wconf 69' lang='lat' dir='ltr'><strong>haec</strong></span> 
     </span>
    </p>
   </div>
   <div class='ocr_carea' id='block_1_103' title="bbox 471 5021 3687 5109">
    <p class='ocr_par' dir='ltr' id='par_1_103' title="bbox 471 5021 3687 5109">
     <span class='ocr_line' id='line_1_103' title="bbox 471 5021 3687 5109; baseline -0.002 -26"><span class='ocrx_word' id='word_1_743' title='bbox 471 5029 839 5109; x_wconf 75' lang='lat' dir='ltr'><strong>conspexisset</strong></span> <span class='ocrx_word' id='word_1_744' title='bbox 874 5040 927 5080; x_wconf 89' lang='lat' dir='ltr'><strong>et</strong></span> <span class='ocrx_word' id='word_1_745' title='bbox 974 5025 1277 5099; x_wconf 83' lang='lat' dir='ltr'><strong>admiratus</strong></span> <span class='ocrx_word' id='word_1_746' title='bbox 1320 5035 1507 5089; x_wconf 86' lang='lat' dir='ltr'><strong>esset,</strong></span> <span class='ocrx_word' id='word_1_747' title='bbox 1576 5038 1775 5094; x_wconf 88' lang='lat' dir='ltr'><strong>pueros</strong></span> <span class='ocrx_word' id='word_1_748' title='bbox 1832 5021 2045 5101; x_wconf 88' lang='lat' dir='ltr'><strong>inungit</strong></span> <span class='ocrx_word' id='word_1_749' title='bbox 2082 5032 2137 5077; x_wconf 89' lang='lat' dir='ltr'><strong>et</strong></span> <span class='ocrx_word' id='word_1_750' title='bbox 2203 5039 2295 5092; x_wconf 90' lang='lat' dir='ltr'><strong>per</strong></span> <span class='ocrx_word' id='word_1_751' title='bbox 2324 5024 2647 5092; x_wconf 83' lang='lat' dir='ltr'><strong>baptismum</strong></span> <span class='ocrx_word' id='word_1_752' title='bbox 2712 5024 2939 5093; x_wconf 84' lang='lat' dir='ltr'><strong>perlicit.</strong></span> <span class='ocrx_word' id='word_1_753' title='bbox 2996 5026 3179 5079; x_wconf 87' lang='lat' dir='ltr'><strong>Canon</strong></span> <span class='ocrx_word' id='word_1_754' title='bbox 3243 5026 3503 5078; x_wconf 65' lang='lat' dir='ltr'><strong>antemﬁt</strong></span> <span class='ocrx_word' id='word_1_755' title='bbox 3559 5040 3687 5077; x_wconf 81' lang='lat' dir='ltr'><strong>san-</strong></span> 
     </span>
    </p>
   </div>
   <div class='ocr_carea' id='block_1_104' title="bbox 470 5112 3685 5190">
    <p class='ocr_par' dir='ltr' id='par_1_104' title="bbox 470 5112 3685 5190">
     <span class='ocr_line' id='line_1_104' title="bbox 470 5112 3685 5190; baseline -0.001 -14"><span class='ocrx_word' id='word_1_756' title='bbox 470 5121 695 5177; x_wconf 86' lang='lat' dir='ltr'><strong>ctissimi</strong></span> <span class='ocrx_word' id='word_1_757' title='bbox 760 5120 1082 5190; x_wconf 74' lang='lat' dir='ltr'><strong>patriarcha:</strong></span> <span class='ocrx_word' id='word_1_758' title='bbox 1130 5118 1397 5184; x_wconf 85' lang='lat' dir='ltr'><strong>Cpolitani</strong></span> <span class='ocrx_word' id='word_1_759' title='bbox 1450 5112 1738 5189; x_wconf 84' lang='lat' dir='ltr'><strong>Nicephori</strong></span> <span class='ocrx_word' id='word_1_760' title='bbox 1789 5131 1844 5175; x_wconf 92' lang='lat' dir='ltr'><strong>et</strong></span> <span class='ocrx_word' id='word_1_761' title='bbox 1873 5120 2101 5174; x_wconf 86' lang='lat' dir='ltr'><strong>aliorum</strong></span> <span class='ocrx_word' id='word_1_762' title='bbox 2138 5135 2414 5173; x_wconf 84' lang='lat' dir='ltr'><strong>sacrorum</strong></span> <span class='ocrx_word' id='word_1_763' title='bbox 2449 5119 2691 5182; x_wconf 85' lang='lat' dir='ltr'><strong>Patrum,</strong></span> <span class='ocrx_word' id='word_1_764' title='bbox 2726 5120 2815 5186; x_wconf 87' lang='lat' dir='ltr'><strong>qui</strong></span> <span class='ocrx_word' id='word_1_765' title='bbox 2878 5132 3167 5189; x_wconf 66' lang='lat' dir='ltr'><strong>praesentes</strong></span> <span class='ocrx_word' id='word_1_766' title='bbox 3218 5122 3319 5190; x_wconf 87' lang='lat' dir='ltr'><strong>ipsi</strong></span> <span class='ocrx_word' id='word_1_767' title='bbox 3372 5122 3685 5179; x_wconf 75' lang='lat' dir='ltr'><strong>adfuerunt,</strong></span> 
     </span>
    </p>
   </div>
   <div class='ocr_carea' id='block_1_105' title="bbox 472 5207 3689 5287">
    <p class='ocr_par' dir='ltr' id='par_1_105' title="bbox 472 5207 3689 5287">
     <span class='ocr_line' id='line_1_105' title="bbox 472 5207 3689 5287; baseline -0.001 -18"><span class='ocrx_word' id='word_1_768' title='bbox 472 5216 586 5269; x_wconf 60' lang='lat' dir='ltr'><strong>haec</strong></span> <span class='ocrx_word' id='word_1_769' title='bbox 619 5212 945 5267; x_wconf 87' lang='lat' dir='ltr'><strong>determinat</strong></span> <span class='ocrx_word' id='word_1_770' title='bbox 1009 5217 1062 5260; x_wconf 71' lang='lat' dir='ltr'><strong>et</strong></span> <span class='ocrx_word' id='word_1_771' title='bbox 1126 5207 1409 5262; x_wconf 90' lang='lat' dir='ltr'><strong>decernit:</strong></span> <span class='ocrx_word' id='word_1_772' title='bbox 1456 5207 1723 5263; x_wconf 65' lang='lat' dir='ltr'><strong>ululantes</strong></span> <span class='ocrx_word' id='word_1_773' title='bbox 1760 5224 1867 5287; x_wconf 86' lang='lat' dir='ltr'><strong>non</strong></span> <span class='ocrx_word' id='word_1_774' title='bbox 1924 5207 2245 5275; x_wconf 87' lang='lat' dir='ltr'><strong>baptizatos,</strong></span> <span class='ocrx_word' id='word_1_775' title='bbox 2285 5210 2329 5263; x_wconf 91' lang='lat' dir='ltr'><strong>si</strong></span> <span class='ocrx_word' id='word_1_776' title='bbox 2360 5208 2614 5262; x_wconf 88' lang='lat' dir='ltr'><strong>sacerdos</strong></span> <span class='ocrx_word' id='word_1_777' title='bbox 2678 5208 2858 5263; x_wconf 88' lang='lat' dir='ltr'><strong>nullus</strong></span> <span class='ocrx_word' id='word_1_778' title='bbox 2912 5209 3071 5274; x_wconf 87' lang='lat' dir='ltr'><strong>adst,</strong></span> <span class='ocrx_word' id='word_1_779' title='bbox 3104 5223 3157 5264; x_wconf 82' lang='lat' dir='ltr'><strong>et</strong></span> <span class='ocrx_word' id='word_1_780' title='bbox 3226 5222 3380 5282; x_wconf 87' lang='lat' dir='ltr'><strong>pater</strong></span> <span class='ocrx_word' id='word_1_781' title='bbox 3414 5213 3689 5283; x_wconf 63' lang='lat' dir='ltr'><strong>baptizare</strong></span> 
     </span>
    </p>
   </div>
   <div class='ocr_carea' id='block_1_106' title="bbox 469 5298 2553 5380">
    <p class='ocr_par' dir='ltr' id='par_1_106' title="bbox 469 5298 2553 5380">
     <span class='ocr_line' id='line_1_106' title="bbox 469 5298 2553 5380; baseline -0.006 -18"><span class='ocrx_word' id='word_1_782' title='bbox 469 5315 651 5380; x_wconf 88' lang='lat' dir='ltr'><strong>potest</strong></span> <span class='ocrx_word' id='word_1_783' title='bbox 693 5314 743 5358; x_wconf 86' lang='lat' dir='ltr'><strong>et</strong></span> <span class='ocrx_word' id='word_1_784' title='bbox 776 5303 955 5372; x_wconf 85' lang='lat' dir='ltr'><strong>quivis</strong></span> <span class='ocrx_word' id='word_1_785' title='bbox 998 5300 1158 5379; x_wconf 85' lang='lat' dir='ltr'><strong>alius,</strong></span> <span class='ocrx_word' id='word_1_786' title='bbox 1202 5298 1365 5354; x_wconf 88' lang='lat' dir='ltr'><strong>modo</strong></span> <span class='ocrx_word' id='word_1_787' title='bbox 1413 5310 1558 5355; x_wconf 91' lang='lat' dir='ltr'><strong>recte</strong></span> <span class='ocrx_word' id='word_1_788' title='bbox 1587 5302 1893 5357; x_wconf 82' lang='lat' dir='ltr'><strong>Christiana</strong></span> <span class='ocrx_word' id='word_1_789' title='bbox 1917 5306 1984 5355; x_wconf 89' lang='lat' dir='ltr'><strong>de</strong></span> <span class='ocrx_word' id='word_1_790' title='bbox 2022 5301 2266 5357; x_wconf 77' lang='lat' dir='ltr'><strong>doctrina</strong></span> <span class='ocrx_word' id='word_1_791' title='bbox 2300 5303 2553 5357; x_wconf 65' lang='lat' dir='ltr'><strong>sentiat.»</strong></span> 
     </span>
    </p>
   </div>
   <div class='ocr_carea' id='block_1_107' title="bbox 544 5393 2019 5471">
    <p class='ocr_par' dir='ltr' id='par_1_107' title="bbox 544 5393 2019 5471">
     <span class='ocr_line' id='line_1_107' title="bbox 544 5393 2019 5471; baseline -0.005 -13"><span class='ocrx_word' id='word_1_792' title='bbox 544 5404 671 5458; x_wconf 87' lang='lat' dir='ltr'><strong>Post</strong></span> <span class='ocrx_word' id='word_1_793' title='bbox 699 5400 1001 5468; x_wconf 86' lang='lat' dir='ltr'><strong>Philippum</strong></span> <span class='ocrx_word' id='word_1_794' title='bbox 1039 5393 1234 5471; x_wconf 78' lang='lat' dir='ltr'><strong>Decius</strong></span> <span class='ocrx_word' id='word_1_795' title='bbox 1283 5409 1455 5450; x_wconf 87' lang='lat' dir='ltr'><strong>annos</strong></span> <span class='ocrx_word' id='word_1_796' title='bbox 1498 5397 1534 5449; x_wconf 77' lang='lat'><strong>2</strong></span> <span class='ocrx_word' id='word_1_797' title='bbox 1573 5397 1883 5467; x_wconf 80' lang='lat' dir='ltr'><strong>imperavit,</strong></span> <span class='ocrx_word' id='word_1_798' title='bbox 1919 5397 2019 5453; x_wconf 91' lang='lat' dir='ltr'><strong>sub</strong></span> 
     </span>
    </p>
   </div>
   <div class='ocr_carea' id='block_1_108' title="bbox 544 5552 1399 5683">
    <p class='ocr_par' dir='ltr' id='par_1_108' title="bbox 544 5552 1399 5683">
     <span class='ocr_line' id='line_1_108' title="bbox 544 5552 1399 5683; baseline -0.002 -70"><span class='ocrx_word' id='word_1_799' title='bbox 544 5559 801 5683; x_wconf 34' lang='lat' dir='ltr'><strong>(fari)?</strong></span> <span class='ocrx_word' id='word_1_800' title='bbox 828 5552 898 5613; x_wconf 83' lang='grc' dir='ltr'>οὗ</span> <span class='ocrx_word' id='word_1_801' title='bbox 924 5561 1257 5627; x_wconf 77' lang='grc' dir='ltr'>Σαραπίων.</span> <span class='ocrx_word' id='word_1_802' title='bbox 1289 5596 1304 5611; x_wconf 90' lang='grc'><strong>.</strong></span> <span class='ocrx_word' id='word_1_803' title='bbox 1330 5596 1348 5612; x_wconf 94' lang='grc'><strong>.</strong></span> <span class='ocrx_word' id='word_1_804' title='bbox 1385 5598 1399 5611; x_wconf 90' lang='grc'><strong>.</strong></span> 
     </span>
    </p>
   </div>
   <div class='ocr_carea' id='block_1_109' title="bbox 476 5633 2030 5767">
    <p class='ocr_par' dir='ltr' id='par_1_109' title="bbox 476 5633 2030 5767">
     <span class='ocr_line' id='line_1_109' title="bbox 598 5633 661 5683; baseline 0.063 -4"><span class='ocrx_word' id='word_1_805' title='bbox 598 5633 617 5679; x_wconf 78' lang='lat'><strong><em>\</em></strong></span> <span class='ocrx_word' id='word_1_806' title='bbox 650 5672 661 5683; x_wconf 90' lang='lat'><strong>.</strong></span> 
     </span>
     <span class='ocr_line' id='line_1_110' title="bbox 476 5633 2030 5767; baseline -0.002 -16"><span class='ocrx_word' id='word_1_807' title='bbox 476 5633 1025 5767; x_wconf 46' lang='lat' dir='ltr'><strong>el({igiPresbyteros</strong></span> <span class='ocrx_word' id='word_1_808' title='bbox 1046 5708 1099 5753; x_wconf 88' lang='lat' dir='ltr'><strong>et</strong></span> <span class='ocrx_word' id='word_1_809' title='bbox 1148 5698 1405 5767; x_wconf 90' lang='lat' dir='ltr'><strong>diaconos</strong></span> <span class='ocrx_word' id='word_1_810' title='bbox 1447 5695 1519 5767; x_wconf 87' lang='lat' dir='ltr'><strong>_in</strong></span> <span class='ocrx_word' id='word_1_811' title='bbox 1544 5696 1789 5767; x_wconf 87' lang='lat' dir='ltr'><strong>seniores</strong></span> <span class='ocrx_word' id='word_1_812' title='bbox 1834 5705 1888 5750; x_wconf 92' lang='lat' dir='ltr'><strong>et</strong></span> <span class='ocrx_word' id='word_1_813' title='bbox 1931 5695 2030 5748; x_wconf 89' lang='lat' dir='ltr'><strong>mi-</strong></span> 
     </span>
    </p>
   </div>
   <div class='ocr_carea' id='block_1_110' title="bbox 476 5764 2031 5833">
    <p class='ocr_par' dir='ltr' id='par_1_110' title="bbox 476 5764 2031 5833">
     <span class='ocr_line' id='line_1_111' title="bbox 476 5764 2031 5833; baseline -0.002 -12"><span class='ocrx_word' id='word_1_814' title='bbox 476 5764 680 5822; x_wconf 75' lang='lat' dir='ltr'><strong>nistros</strong></span> <span class='ocrx_word' id='word_1_815' title='bbox 736 5764 877 5822; x_wconf 82' lang='lat' dir='ltr'><strong>malo</strong></span> <span class='ocrx_word' id='word_1_816' title='bbox 927 5768 1176 5833; x_wconf 76' lang='lat' dir='ltr'><strong>exemplo</strong></span> <span class='ocrx_word' id='word_1_817' title='bbox 1222 5766 1387 5822; x_wconf 80' lang='lat' dir='ltr'><strong>vertit</strong></span> <span class='ocrx_word' id='word_1_818' title='bbox 1444 5764 1825 5827; x_wconf 81' lang='lat' dir='ltr'><strong>Leunclavius,</strong></span> <span class='ocrx_word' id='word_1_819' title='bbox 1894 5781 2031 5829; x_wconf 80' lang='lat' dir='ltr'><strong>quos</strong></span> 
     </span>
    </p>
   </div>
   <div class='ocr_carea' id='block_1_111' title="bbox 1442 5554 2027 5626">
    <p class='ocr_par' dir='ltr' id='par_1_111' title="bbox 1442 5554 2027 5626">
     <span class='ocr_line' id='line_1_112' title="bbox 1442 5554 2027 5626; baseline -0.003 -16"><span class='ocrx_word' id='word_1_820' title='bbox 1442 5597 1455 5610; x_wconf 95' lang='lat'><strong>.</strong></span> <span class='ocrx_word' id='word_1_821' title='bbox 1494 5597 1508 5612; x_wconf 93' lang='lat'><strong>.</strong></span> <span class='ocrx_word' id='word_1_822' title='bbox 1530 5555 1839 5626; x_wconf 66' lang='grc' dir='ltr'>ἐκέλευσε.</span> <span class='ocrx_word' id='word_1_823' title='bbox 1872 5556 1950 5611; x_wconf 76' lang='lat' dir='ltr'><strong>Ex</strong></span> <span class='ocrx_word' id='word_1_824' title='bbox 1973 5554 2027 5609; x_wconf 66' lang='grc' dir='ltr'><strong>Ρ.</strong></span> 
     </span>
    </p>
   </div>
   <div class='ocr_carea' id='block_1_112' title="bbox 2198 5391 3684 5477">
    <p class='ocr_par' dir='ltr' id='par_1_112' title="bbox 2198 5391 3684 5477">
     <span class='ocr_line' id='line_1_113' title="bbox 2198 5391 3684 5477; baseline 0 -28"><span class='ocrx_word' id='word_1_825' title='bbox 2198 5397 2352 5449; x_wconf 78' lang='grc' dir='ltr'>Μετὰ</span> <span class='ocrx_word' id='word_1_826' title='bbox 2380 5395 2565 5450; x_wconf 74' lang='grc' dir='ltr'>τοῦτον</span> <span class='ocrx_word' id='word_1_827' title='bbox 2597 5399 2782 5477; x_wconf 76' lang='grc' dir='ltr'>Δέκιος</span> <span class='ocrx_word' id='word_1_828' title='bbox 2827 5399 2919 5467; x_wconf 72' lang='grc' dir='ltr'><strong>ἐτη</strong></span> <span class='ocrx_word' id='word_1_829' title='bbox 2945 5397 3011 5467; x_wconf 72' lang='grc' dir='ltr'><strong>β’,</strong></span> <span class='ocrx_word' id='word_1_830' title='bbox 3042 5399 3123 5464; x_wconf 68' lang='grc' dir='ltr'><strong>ἐφ’</strong></span> <span class='ocrx_word' id='word_1_831' title='bbox 3155 5391 3215 5449; x_wconf 68' lang='grc' dir='ltr'><strong>οὗ</strong></span> <span class='ocrx_word' id='word_1_832' title='bbox 3245 5398 3510 5458; x_wconf 73' lang='grc' dir='ltr'>Ναυᾶτος,</span> <span class='ocrx_word' id='word_1_833' title='bbox 3533 5401 3684 5453; x_wconf 64' lang='grc' dir='ltr'>Μετὰ</span> 
     </span>
    </p>
   </div>
   <div class='ocr_carea' id='block_1_113' title="bbox 2143 5553 3686 5633">
    <p class='ocr_par' dir='ltr' id='par_1_113' title="bbox 2143 5553 3686 5633">
     <span class='ocr_line' id='line_1_114' title="bbox 2143 5553 3686 5633; baseline 0.001 -26"><span class='ocrx_word' id='word_1_834' title='bbox 2143 5553 2429 5633; x_wconf 70' lang='lat' dir='ltr'><strong>lieursius.</strong></span> <span class='ocrx_word' id='word_1_835' title='bbox 2456 5555 2698 5633; x_wconf 71' lang='lat' dir='ltr'><strong>quamvis</strong></span> <span class='ocrx_word' id='word_1_836' title='bbox 2719 5565 2770 5609; x_wconf 88' lang='lat' dir='ltr'><strong>et</strong></span> <span class='ocrx_word' id='word_1_837' title='bbox 2802 5555 2915 5623; x_wconf 69' lang='lat' dir='ltr'><strong>ipse</strong></span> <span class='ocrx_word' id='word_1_838' title='bbox 2944 5554 3145 5609; x_wconf 76' lang='lat' dir='ltr'><strong>Calvini</strong></span> <span class='ocrx_word' id='word_1_839' title='bbox 3211 5565 3462 5614; x_wconf 84' lang='lat' dir='ltr'><strong>sectator,</strong></span> <span class='ocrx_word' id='word_1_840' title='bbox 3513 5555 3603 5607; x_wconf 76' lang='lat' dir='ltr'><strong>sed</strong></span> <span class='ocrx_word' id='word_1_841' title='bbox 3633 5556 3686 5608; x_wconf 91' lang='lat' dir='ltr'><strong>in</strong></span> 
     </span>
    </p>
   </div>
   <div class='ocr_carea' id='block_1_114' title="bbox 2143 5625 3689 5704">
    <p class='ocr_par' dir='ltr' id='par_1_114' title="bbox 2143 5625 3689 5704">
     <span class='ocr_line' id='line_1_115' title="bbox 2143 5625 3689 5704; baseline 0.001 -28"><span class='ocrx_word' id='word_1_842' title='bbox 2143 5626 2417 5704; x_wconf 71' lang='lat' dir='ltr'><strong>plerisque</strong></span> <span class='ocrx_word' id='word_1_843' title='bbox 2440 5626 2734 5704; x_wconf 81' lang='lat' dir='ltr'><strong>modestior</strong></span> <span class='ocrx_word' id='word_1_844' title='bbox 2775 5642 2835 5679; x_wconf 86' lang='lat' dir='ltr'><strong>ac</strong></span> <span class='ocrx_word' id='word_1_845' title='bbox 2876 5628 3198 5704; x_wconf 76' lang='lat' dir='ltr'><strong>priseot-_mtt_</strong></span> <span class='ocrx_word' id='word_1_846' title='bbox 3242 5628 3439 5704; x_wconf 63' lang='lat' dir='ltr'><strong>rituum</strong></span> <span class='ocrx_word' id='word_1_847' title='bbox 3495 5625 3689 5677; x_wconf 85' lang='lat' dir='ltr'><strong>obser-</strong></span> 
     </span>
    </p>
   </div>
   <div class='ocr_carea' id='block_1_115' title="bbox 2139 5695 3687 5764">
    <p class='ocr_par' dir='ltr' id='par_1_115' title="bbox 2139 5695 3687 5764">
     <span class='ocr_line' id='line_1_116' title="bbox 2139 5695 3687 5764; baseline 0.003 -18"><span class='ocrx_word' id='word_1_848' title='bbox 2139 5695 2372 5758; x_wconf 88' lang='lat' dir='ltr'><strong>vantior,</strong></span> <span class='ocrx_word' id='word_1_849' title='bbox 2421 5703 2563 5764; x_wconf 89' lang='lat' dir='ltr'><strong>recte</strong></span> <span class='ocrx_word' id='word_1_850' title='bbox 2596 5705 2755 5761; x_wconf 89' lang='lat' dir='ltr'><strong>atque</strong></span> <span class='ocrx_word' id='word_1_851' title='bbox 2786 5712 2848 5747; x_wconf 78' lang='lat' dir='ltr'><strong>ex</strong></span> <span class='ocrx_word' id='word_1_852' title='bbox 2885 5698 3051 5747; x_wconf 79' lang='lat' dir='ltr'><strong>veteri</strong></span> <span class='ocrx_word' id='word_1_853' title='bbox 3080 5695 3332 5751; x_wconf 66' lang='lat' dir='ltr'><strong>lict&#39;lcsia:</strong></span> <span class='ocrx_word' id='word_1_854' title='bbox 3364 5709 3510 5750; x_wconf 83' lang='lat' dir='ltr'><strong>more</strong></span> <span class='ocrx_word' id='word_1_855' title='bbox 3538 5712 3687 5764; x_wconf 79' lang='lat' dir='ltr'><strong>prcs-</strong></span> 
     </span>
    </p>
   </div>
   <div class='ocr_carea' id='block_1_116' title="bbox 2139 5763 3551 5839">
    <p class='ocr_par' dir='ltr' id='par_1_116' title="bbox 2139 5763 3551 5839">
     <span class='ocr_line' id='line_1_117' title="bbox 2139 5763 3551 5839; baseline 0.002 -22"><span class='ocrx_word' id='word_1_856' title='bbox 2139 5765 2353 5839; x_wconf 77' lang='lat' dir='ltr'><strong>bvtcros</strong></span> <span class='ocrx_word' id='word_1_857' title='bbox 2371 5773 2424 5817; x_wconf 78' lang='lat' dir='ltr'><strong>et</strong></span> <span class='ocrx_word' id='word_1_858' title='bbox 2447 5763 2705 5819; x_wconf 88' lang='lat' dir='ltr'><strong>diaconos</strong></span> <span class='ocrx_word' id='word_1_859' title='bbox 2738 5764 3048 5827; x_wconf 81' lang='lat' dir='ltr'><strong>appellavit.</strong></span> <span class='ocrx_word' id='word_1_860' title='bbox 3550 5780 3551 5783; x_wconf 78' lang='lat'>‘</span> 
     </span>
    </p>
   </div>
  </div>
