4154 6200
444 329 539 394 461

1668 346 2063 405 ΛΝΝιῖίᾳὶἱᾸῙιι
2113 348 2298 406 l‘Ai-LS
2341 351 2451 407 lii.

3553 357 3660 418 46").

442 443 633 496 τοῦτον
664 446 862 511 Γάλλος
918 451 1012 502 καὶ
1058 451 1408 517 Βολουσιανδς
1468 455 1564 524 ἔτη
1625 455 1691 524 β’,
1723 458 1898 525 μῆνας
1927 455 1998 522 η’.

2141 475 2210 511 uo
2242 459 2482 513 Novatus
2513 460 2663 516 vixit.
2705 462 2868 517 Decio
2891 460 3082 518 Gallus
3107 472 3162 516 et
3181 463 3506 520 Volusianus
3537 480 3666 520 suc-
3699 499 3702 502 -

447 534 598 587 Μετὰ
623 537 810 590 τοῦτον
831 542 1146 608 Αἰμιλιανὸς
1173 545 1436 620 μῆναςβ.
1471 547 1623 600 Μετὰ
1647 549 1834 601 τοῦτον
1861 551 2002 603 Οὐα-

449 627 692 694 λεριανὸς
720 630 810 701 ἔτη
843 639 922 693 ιε’,
957 635 1042 703 ἐφ’
1083 631 1142 690 οὗ
1202 637 1359 707 λιμὸς
1395 640 1617 707 γέγονεν
1642 638 1752 704 οἷος
1789 643 1846 694 οὗ
1903 644 1999 709 γέ-

449 734 570 782 γονε
599 719 840 785 πώποτε,
881 727 972 777 καὶ
1031 727 1205 796 φθορὰ
1237 729 1537 800 ἀνθρώπων
1592 732 1826 805 ἄρρητος
1848 750 1860 761 ·
1895 735 2003 786 ἀπὸ

450 807 558 877 γὰρ
588 810 684 877 τῆς
713 811 814 878 γῆς
844 817 935 865 καὶ
965 815 1065 882 τῆς
1093 816 1368 889 θαλάσσης
1385 822 1546 888 ἁτμοί
1569 840 1710 884 τινες
1747 822 2003 892 ἀιῄεσαν,

453 899 515 950 ἑκ
549 903 804 971 ποταμῶν
843 921 900 958 τε
929 909 1021 960 καὶ
1052 908 1280 975 λιμνῶν,
1317 910 1567 965 τοσοῦτον
1601 913 2008 983 φθοροποιοὶὼς

455 987 699 1056 νομίζειν
733 991 935 1062 ίχῶρας
987 997 1194 1065 νεκρῶν
1225 992 1365 1050 εἶναι
1395 998 1494 1062 τὰς
1535 1000 1779 1069 δρόσους.
1812 1001 1929 1070 Ἐφ’

457 1081 548 1131 καὶ
573 1081 673 1133 οὐκ
705 1077 772 1152 ἦν
803 1085 952 1137 οἰκία
975 1087 1032 1138 ἐν
1119 1089 1217 1140 οὑκ
1244 1084 1311 1160 ἦν
1338 1090 1614 1158 τεθνηκὼς
1641 1092 1734 1144 καὶ
1761 1093 1977 1157 ἀπόζων
1997 1110 2012 1126 ⁸

456 1173 829 1244 ἀναρίθμητος
882 1180 989 1250 γὰρ
1017 1184 1316 1248 τηνικαῦτα
1365 1185 1474 1239 τῶν
1504 1187 1807 1256 ἀνθρώπων
1833 1191 1860 1242 6
1894 1189 2015 1244 ὁλε-

458 1263 486 1316 9
494 1283 603 1333 ρος.

2111 562 2412 615 cesserunt,
2449 553 2785 623 imperioque
2827 555 3109 610 biennium
3149 564 3204 610 et
3237 571 3451 611 menses
3492 557 3524 611 8
3575 572 3676 626 po-

2112 643 2196 696 titi
2249 655 2394 697 sunt.
2469 644 2594 700 Post
2641 662 2735 700 eos
2780 646 3110 702 .IEtnilianus
3162 659 3400 718 quatuor
3457 663 3670 702 menses

2115 737 2350 805 prtefuit.
2385 738 2540 792 Ilunc
2569 719 2888 794 Valerianus
2920 743 3154 810 excepit,
3207 751 3261 796 et
3321 757 3494 794 annos
3553 756 3672 791 om-

2112 831 2242 883 nino
2299 831 2364 883 15
2412 831 2676 900 regnavit.
2735 830 2848 885 Sub
2887 833 3008 902 ejus
3054 833 3287 902 imperio
3326 843 3472 888 tanta
3502 834 3671 886 iantes

2112 921 2318 974 exstitit
2347 930 2549 990 quanta
2586 938 2864 989 nunquam
2897 933 3080 986 antea,
3115 934 3443 992 secutusque
3471 931 3676 976 morta-

2113 1013 2246 1066 lium
2283 1013 2559 1077 interitus,
2615 1014 2770 1082 cujus
2820 1013 3014 1068 diritas
3058 1016 3315 1083 explicari
3363 1016 3682 1069 verbis'ue-

2115 1111 2301 1170 queat.
2334 1101 2468 1154 Nam
2504 1117 2569 1154 ex
2608 1103 2765 1166 mari,
2802 1102 3122 1156 [luminibus
3153 1114 3316 1170 atque
3349 1103 3552 1173 stagnis
3583 1117 3679 1157 va-

2118 1207 2280 1263 pores
2308 1193 2527 1260 quidem
2557 1194 2889 1248 exhalabant.
2937 1194 3073 1248 adeo
3121 1194 3439 1264 pestilentes
3466 1202 3519 1248 et
3551 1194 3684 1246 Ieta-

2120 1283 2221 1346 lcs,
2259 1292 2318 1336 ut
2348 1283 2451 1350 ipsi
2482 1298 2638 1337 rores
2660 1282 2797 1337 nihil
2829 1299 2949 1338 esse
2987 1284 3310 1339 viderentur
3346 1283 3492 1337 aliud
3519 1297 3683 1351 quam

461 1362 594 1414 meri
628 1365 952 1420 cadaverum
987 1371 1135 1424 succi
1186 1385 1249 1424 ac
1305 1369 1586 1424 humores.
1652 1372 1835 1440 Itaque
1867 1371 2014 1426 nulla
2053 1372 2250 1427 domus
2312 1383 2429 1427 erat
2461 1372 2515 1426 in
2580 1389 2688 1442 qua
2738 1389 2846 1428 non
2895 1374 3130 1428 cadaver
3169 1373 3390 1443 aliquod
3447 1374 3681 1428 fmteret.

460 1456 717 1513 Peribant
743 1462 888 1516 enim
918 1464 1163 1520 homines
1194 1465 1641 1522 innumerabiles.

530 1549 683 1602 Μετὰ
720 1552 905 1604 τοῦτον
941 1555 1202 1619 Κλαύδιος
1243 1557 1360 1620 ἔτος
1392 1559 1471 1622 ἒν,
1507 1562 1533 1612 6
1565 1562 1656 1612 xui.
1692 1560 2023 1628 πρόπαππος

457 1641 554 1694 τοῦ
591 1643 828 1710 μεγάλου
857 1647 1290 1702 Κωνσταντίνου.
1328 1651 1482 1702 Μετὰ
1513 1651 1700 1704 τοῦτον
1738 1652 2014 1713 Κιντίλιος

459 1733 645 1801 ὀλίγας
675 1736 911 1807 ἡμέρας⁸
948 1741 1038 1790 τὸν
1068 1741 1177 1810 γὰρ
1211 1742 1545 1811 Αὐρηλιανὸν
1571 1743 1711 1810 ὁρῶν
1734 1745 1831 1810 τῆς
1865 1743 2018 1812 βασι-

2205 1557 2453 1612 Delatum
2499 1555 2628 1610 hinc
2681 1566 2764 1610 est
2820 1557 3109 1626 imperium
3146 1556 3374 1612 Claudio
3401 1601 3415 1624 ,
3449 1561 3540 1628 qui
3580 1577 3688 1616 uno

2124 1661 2332 1704 tantum
2380 1667 2523 1704 anno
2566 1649 2852 1718 regnavit,
2906 1665 3254 1718 proawsque
3317 1652 3494 1720 magni
3546 1652 3690 1707 Cou-

2122 1743 2344 1796 stautiui
2371 1742 2491 1796 fuit.
2521 1741 2644 1795 Post
2674 1758 2797 1795 cum
2827 1757 3028 1810 paucos
3055 1742 3172 1797 dies
3197 1742 3492 1808 Quintilius
3522 1749 3689 1801 rebus

461 1825 610 1886 λείας
650 1829 1157 1896 κατεπεμϐαίνοντα
1193 1832 1292 1902 τὴν
1331 1832 1430 1901 τῆς
1462 1834 1644 1903 χειρὸς
1676 1835 1852 1901 φλέὄα
1883 1835 2015 1903 τέμ-

2132 1835 2352 1900 n'wl'uit.
2383 1835 2517 1889 Cum
2545 1837 2689 1888 enim
2717 1835 3177 1888 animadverteret
3200 1835 3548 1890 Aurelianum
3589 1854 3690 1906 pro

464 1935 563 1976 νΞι,
595 1918 691 1970 καὶ
733 1919 960 1988 ἀφίησιν
999 1922 1168 1988 αὐτὴν
1201 1921 1306 1985 ἕως
1336 1918 1397 1976 οὗ
1441 1924 1844 1993 λειποῲυχήσας
1887 1926 2023 1978 ἀπέ-

465 2013 614 2063 οανε.
653 2013 806 2065 Μετὰ
831 2013 1024 2067 τοῦτον
1047 2016 1401 2086 Αὐρηλιανὸς,
1442 2020 1526 2088 ἐφ’
1557 2016 1616 2072 οὗ
1643 2019 1834 2087 Μάνης
1865 2022 1890 2070 ὁ
1927 2035 2026 2068 κα-

467 2097 702 2166 τάρατος
751 2095 843 2169 ἦν.
885 2103 913 2154 ὁ
953 2107 1047 2155 καὶ
1074 2105 1133 2156 τὸ
1164 2107 1320 2173 γένος
1353 2107 1635 2178 Βραχμάν,
1669 2109 1760 2160 καὶ
1790 2111 1816 2159 6
1847 2110 2026 2174 Σαμο-

468 2190 663 2252 σατεὺς
697 2191 930 2256 Παῦλος.
977 2196 1065 2249 Ἐν
1099 2197 1152 2250 δὲ
1195 2201 1303 2260 τοῖς
1353 2200 1478 2268 ἑξῆς
1513 2201 1606 2252 καὶ
1656 2199 2028 2267 Ἀπολινάριος

466 2281 496 2330 ό
541 2281 637 2347 τῆς
683 2283 1004 2350 Λαοδικείας
1043 2289 1357 2353 ἐπίσκοπος,
1389 2291 1443 2351 ὃς
1476 2291 1582 2342 τῶν
1623 2290 1917 2360 ’Λρειανῶν
1947 2290 2031 2341 λε-

470 2375 670 2436 γόντων
705 2376 911 2445 ἄψυχον
963 2377 1100 2431 εἶναι
1151 2381 1249 2448 τὴν
1283 2384 1375 2434 τοῦ
1412 2385 1618 2453 Κυρίου
1645 2385 1845 2455 σάρκα,
1878 2385 2029 2451 ἔλεγε

475 2465 653 2534 σάρκα
692 2469 789 2536 μὲν
837 2469 1194 2541 ὲεζιυχωμένην
1223 2475 1405 2528 λαϐεῖν
1444 2477 1535 2528 τὸν
1570 2477 1794 2547 Κύριον,
1825 2479 1884 2530 οὐ
1925 2478 2031 2546 μὴν

474 2557 662 2610 δὲκαὶ
715 2561 838 2613 νοῦν
891 2564 982 2614 τὸν
1031 2567 1320 2637 ἡμέτερον·
1379 2571 1537 2638 ἤρκει
1599 2571 1706 2639 γὰρ
1759 2573 1791 2639 ἡ
1843 2571 2030 2638 Οεὸτης

473 2648 572 2717 τῆς
619 2654 820 2720 σαρκὸς
877 2645 1094 2726 ἐκείνης
1146 2659 1520 2727 ἡγεμονεύειν.
1579 2662 1736 2714 Μετὰ
1773 2661 2022 2724 ’τούτους

477 2740 751 2811 Θεόδωρος
779 2746 806 2796 6
851 2747 1222 2814 Μοψουεστίας
1272 2750 1481 2813 πόλεως
1529 2749 1696 2820 οὔσης
1724 2753 1782 2804 ἐν
1812 2753 2035 2823 Κιλικίᾳ

475 2833 573 2902 τὴν
612 2836 902 2903 ἡγεμονίαν
942 2841 1142 2908 λαχὼν,
1195 2841 1493 2912 δυσφημῶν
1532 2843 1623 2897 τὸν
1681 2846 1884 2916 Κύριον
1938 2846 2034 2898 ἕνα

480 2927 571 2974 τὸν
604 2928 724 2979 καθ’
765 2931 913 2998 ἡμᾶς
973 2933 1067 2985 καὶ
1126 2935 1300 2988 κοινὸν
1348 2935 1509 2999 εἶναι,
1555 2938 1697 2991 κατὰ
1753 2938 2034 3008 προκοπὴν

474 3018 574 3086 τὴν
609 3021 766 3090 χάριν
802 3023 1112 3092 δεχόμενον,
1159 3026 1256 3078 καὶ
1297 3028 1353 3078 ἐν
1399 3027 1546 3096 αὐτῷ
1590 3027 1666 3098 τῷ
1701 3027 2035 3098 βαπτίσματι

477 3114 575 3180 τῆς
628 3113 722 3166 τοῦ
789 3117 1056 3182 παναγίου
1118 3117 1435 3186 Πνεῦματος
1485 3119 1692 3188 δωρεᾶς
1742 3119 2032 3187 γευόμενον

2127 1943 2184 1980 se
2227 1926 2517 1994 imperium
2556 1943 2840 1994 usurpare,
2875 1943 3009 1980 vena
3045 1927 3276 1995 quadam
3315 1944 3505 1982 manus
3543 1939 3688 1982 secta

2128 2017 2442 2086 sanguinem
2475 2026 2581 2070 tam
2634 2017 2725 2070 diu
2766 2018 2933 2078 misit,
2976 2017 3151 2071 donec
3182 2020 3361 2072 anima
3399 2019 3690 2074 deliciente

2129 2124 2352 2178 prorsus
2412 2111 2734 2178 exspiraret.
2793 2110 2977 2178 Itaque
3027 2113 3288 2164 successit
3342 2110 3689 2174 Aurelianus,

2128 2215 2235 2268 quo
2268 2199 2566 2268 imperante
2592 2199 2773 2252 Manes
2813 2201 2920 2263 ille,
2960 2200 3038 2253 vir
3101 2203 3472 2262 exsecrabilis.
3520 2205 3695 2256 natio-

2132 2307 2196 2341 ue
2239 2290 2640 2342 Brachmanqu
2681 2302 2854 2348 ortus,
2883 2291 3018 2343 vixit
3051 2311 3063 2354 ;
3099 2293 3339 2360 itemque
3367 2295 3568 2347 Paulus
3598 2298 3695 2348 Sa-

2133 2382 2494 2444 mosatensis,
2526 2398 2686 2448 quem
2725 2383 2984 2451 deinceps
3039 2385 3410 2452 Apollinarius
3465 2388 3694 2441 antistes

2132 2473 2412 2529 Laodicea:
2467 2485 2709 2538 secutus,
2771 2491 2893 2530 cum
2955 2477 3138 2530 Ariani
3193 2477 3438 2532 dicerent
3492 2479 3694 2533 Christi

2133 2583 2348 2620 carnem
2409 2567 2589 2620 anima
2647 2583 2858 2632 carere,
2899 2570 3230 2622 contrariam
3266 2570 3318 2622 in
3369 2574 3695 2624 sententiam

2133 2659 2670 2714 asscruitChristum
2695 2660 2912 2728 quidem
2940 2661 3121 2712 anima
3162 2662 3441 2728 μπιιιιίὶιιιιιι
3475 2680 3694 2715 carnem

2134 2751 2494 2820 assumpsisse
2515 2791 2529 2814 ,
2562 2767 2671 2805 non
2699 2760 2875 2804 tamen
2897 2767 3018 2804 men
3047 2769 3132 2806 em
3162 2764 3428 2808 nostram.
3463 2755 3697 2814 Putabat

2133 2842 2277 2896 enim
2296 2842 2634 2896 divinitatem
2652 2844 2821 2896 solam
2842 2843 3000 2912 245
3019 2845 3150 2898 satis
3173 2843 3424 2898 idoneam
3446 2860 3562 2899 esse
3579 2862 3699 2914 quae

2137 2935 2213 2988 illi
2241 2937 2389 2988 carni
2427 2945 2708 3004 praeesset.
2757 2937 2883 2991 Post
2917 2938 3015 2991 bos
3045 2947 3225 2992 autem
3254 2937 3577 2993 Theodorus
3604 2957 3700 2993 an—

2139 3025 2292 3079 tistes
2325 3027 2445 3097 ejus
2469 3027 2621 3081 urbis
2653 3028 2705 3080 in
2737 3027 2949 3090 Cilicia,
2976 3044 3096 3096 qua:
3127 3029 3468 3098 Mopsuestia:
3501 3047 3697 3083 nomen

2141 3118 2397 3185 habebat,
2456 3134 2666 3172 summa
2713 3119 3003 3173 Dominum
3054 3119 3324 3174 alliciebat
3377 3121 3697 3190 ignominia,

481 3210 726 3277 μέτοχον.
773 3206 830 3260 Ὀ
856 3209 914 3259 δέ
945 3226 1006 3275 γε
1050 3209 1339 3280 Νεστὸριος
1372 3212 1478 3263 ἀπὸ
1519 3213 1909 3281 Γερμανικείαξ
1934 3212 2027 3280 τῆς

2135 3226 2297 3278 quem
2348 3227 2512 3264 unum
2548 3226 2611 3266 ex
2651 3211 2811 3267 nobis
2847 3229 2907 3265 ac
2939 3213 3175 3266 similem
3217 3230 3511 3282 paremquc
3543 3214 3699 3266 nobis

477 3303 668 3373 Συρίας
697 3302 941 3372 ὥρμητο.
976 3301 1082 3357 Ἦν
1115 3307 1168 3358 δὲ
1205 3306 1295 3356 καί
1337 3323 1434 3366 τις¹
1471 3307 1756 3368 Ἰουλιανὸς
1809 3308 2036 3359 ἐπίσκο-

479 3415 576 3458 πος
641 3398 740 3463 μὲν
796 3398 1229 3468 Ἀλικαρνασσοῦ
1276 3400 1373 3466 τῇς
1431 3399 1639 3461 Ἀσίας,
1680 3399 2036 3468 αἱρεσιὰρχης

478 3490 532 3539 δὲ
561 3504 574 3515 ·
607 3491 702 3559 τὴν
733 3492 841 3559 γὰρ
877 3493 1038 3558 ἁγίαν
1068 3492 1242 3558 σάρκα
1267 3493 1356 3542 τοῦ
1387 3491 1622 3560 Χριστοῦ
1655 3494 1760 3561 πρὸ
1791 3493 1882 3544 τοῦ
1931 3508 2034 3542 ποι-

482 3580 591 3630 Οεῑν
623 3582 898 3651 ἅέοαρτον
946 3582 1133 3648 ἔλεγεν
1177 3577 1336 3633 εἷναι.

2132 3305 2298 3358 fuisse
2333 3304 2560 3368 diceret,
2601 3312 2661 3358 ut
2710 3305 2804 3374 qui
2867 3321 2974 3358 non
3033 3306 3151 3360 sine
3178 3306 3422 3374 profectu
3461 3307 3698 3375 quodam

2137 3398 2328 3463 gratiae
2370 3397 2464 3450 Dei
2501 3397 2776 3466 particeps
2831 3399 3007 3452 lactus
3046 3398 3238 3452 fuissa
3267 3411 3318 3451 et
3347 3401 3400 3452 in
3436 3400 3702 3467 baptismo

2134 3488 2305 3542 sancti
2355 3488 2596 3557 Spiritus
2642 3488 2846 3544 donum
2892 3491 3215 3558 accepisset.
3251 3491 3539 3546 Nestorius
3577 3491 3702 3544 inde

2134 3579 2473 3634 Germanicia
2545 3581 2714 3652 Syria:
2765 3582 2903 3636 urbe
2955 3585 3056 3636 l'uit
3113 3584 3400 3638 oriundus.
3457 3573 3704 3652 Denique

481 3671 725 3727 Julianus
755 3675 974 3742 quidam
1026 3675 1252 3727 antistes
1288 3672 1781 3727 IIaiicarnassensis
1849 3673 1900 3724 in
1949 3672 2076 3726 Asia
2119 3677 2371 3740 princeps
2424 3671 2531 3725 fuit
2595 3672 2878 3742 cujusdam
2930 3685 3095 3728 secta:
3145 3675 3455 3743 peculiaris,
3506 3685 3564 3730 ut
3609 3678 3701 3747 qui

480 3780 878 3821 sacrosanctam
901 3767 1102 3820 Christi
1133 3781 1353 3819 carnem
1371 3767 1535 3818 etiam
1568 3775 1694 3818 ante
1721 3764 2030 3832 passionem
2070 3763 2270 3818 dixerit
2329 3763 2586 3818 interitus
2625 3773 2902 3832 expertem
2947 3764 3139 3818 fuisse.

553 3861 706 3913 Μετὰ
732 3863 792 3913 δὲ.
817 3861 1156 3928 Αὐρηλιανὸν
1187 3860 1415 3918 Τακιτος
1449 3860 1540 3928 ἐτη
1570 3857 1633 3927 β’.
1675 3859 1826 3910 Marx
1849 3856 2036 3908 τοῦτον

485 3955 688 4023 Πρὸϐος
729 3955 821 4006 καὶ
866 3952 1172 4020 damma;
1201 3951 1292 4020 ἔτη
1348 3949 1412 4018 β’,
1445 3950 1615 4019 μῆνας
1649 3951 1710 4002 6'.
1745 3949 1944 3999 Τοῦτον
1973 3944 2038 4012 δὴ

483 4047 574 4098 τὸν
603 4046 905 4115 Φλωριανὸν
951 4044 1160 4095 ἀνεῖλεν
1186 4045 1212 4094 6
1245 4042 1472 4110 ΙΙρὸϐος.
1509 4043 1829 4109 παράφρονα
1879 4041 2038 4108 ποιή-

484 4155 578 4200 σας
611 4139 820 4189 ἑαυτὸν.
859 4137 987 4187 Τότε
1040 4135 1103 4204 δὴ
1156 4135 1250 4187 καὶ
1299 4133 1498 4202 βροχῆς
1558 4132 1840 4199 γεγονυίας
1893 4134 2039 4194 σῖτος

485 4231 820 4298 μεμιγμένος
884 4228 959 4296 τῷ
1017 4228 1170 4280 ὕδατι
1232 4229 1398 4288 πολὺς
1458 4226 1662 4278 ἄνωθεν
1706 4224 2034 4294 κατηνέχθη.

484 4326 684 4378 Τοῦτον
753 4326 1079 4390 συνάγοντες
1155 4322 1364 4389 σωροὺς
1429 4319 1696 4388 μεγάλους
1758 4320 2039 4386 ἐποίησαν.

494 4419 767 4478 Ὡσαύτως
823 4419 915 4468 καὶ
971 4417 1064 4467 ἐπί
1116 4413 1452 4484 Δὺρηλιανοῦ
1513 4411 1748 4481 ψεκάδας
1801 4410 2040 4480 ἀργύρου

487 4507 870 4577 κατενεχθῆναί
903 4523 1057 4573 φασι.

2217 3859 2346 3910 Post
2377 3857 2730 3911 Aurelianum
2786 3859 3009 3912 Tacitus
3066 3859 3346 3918 biennium
3399 3863 3703 3930 ἰιιψιϊιιιὶῑ.

2151 3949 2278 4003 Post
2307 3948 2559 4002 Tacitum
2621 3947 2833 4001 Probus
2888 3957 2942 4001 et
3001 3949 3283 4004 Florianus
3340 3968 3514 4004 annos
3546 3954 3704 4018 duos,

2148 4053 2366 4091 menses
2394 4047 2654 4106 quatuor.
2706 4037 3018 4088 Fltllittlttlnl
3055 4038 3263 4091 Probus
3300 4040 3595 4102 interfecit,
3629 4045 3708 4094 ἰησ-

2147 4131 2299 4184 sauia
2328 4134 2559 4199 quadam
2595 4128 2869 4182 simulata.
2907 4129 3020 4182 Sub
3045 4131 3236 4182 borum
3262 4131 3495 4200 imperio
3527 4135 3707 4201 pluvia

2145 4239 2211 4277 ex
2245 4237 2369 4276 aere
2399 4221 2645 4291 delapsa,
2684 4223 2872 4290 ingens
2923 4222 3087 4276 tritici
3123 4223 3277 4292 copia
3313 4223 3530 4278 cu-Iitus
3556 4242 3708 4295 aqum

2143 4315 2401 4386 permista
2450 4315 2689 4378 decidit;
2743 4331 2848 4383 qua
2906 4325 3161 4384 congesta
3212 4331 3435 4385 magnos
3484 4335 3710 4374 ttccrvus

2146 4408 2400 4464 homines
2433 4409 2768 4462 excitabant.
2821 4409 3013 4462 Itidem
3059 4410 3360 4478 imperante
3412 4410 3708 4467 Aureliano

2151 4508 2333 4569 guttas
2363 4511 2650 4569 argenteas
2684 4499 2888 4568 pluisse
2929 4499 3187 4552 traditum
3219 4510 3320 4552 est.

554 4603 705 4655 Μετὰ
739 4600 794 4652 δὲ
827 4601 1050 4662 τούτους
1087 4603 1270 4670 Κᾱρος
1317 4601 1408 4652 καὶ
1440 4602 1674 4668 Καρῐνος
1711 4598 1813 4650 ἀνὰ
1847 4598 1937 4666 ἔτη
1971 4595 2027 4665 β’.

2216 4593 2450 4648 Secutus
2497 4603 2580 4648 est
2609 4593 2709 4648 hos
2737 4595 3098 4662 imperatores
3123 4593 3297 4648 Carus
3330 4612 3454 4650 cum
3485 4597 3704 4662 Carino,

487 4694 637 4748 Μετὰ
685 4697 738 4747 δὲ
794 4694 1018 4756 τούτους
1069 4694 1450 4761 Διοκλητιανδς
1504 4694 1597 4745 καὶ
1644 4691 1986 4759 Μαξιμιανὸς
2017 4691 2045 4741 6

499 4788 807 4857 Ἐρκούλιος
868 4788 964 4856 ἐτη
1020 4785 1124 4854 κβἏ
1189 4779 1346 4839 Οὗτοι
1377 4785 1474 4853 τὴν
1500 4783 1778 4854 βασιλείαν
1807 4783 1867 4847 ἐξ
1905 4783 2041 4834 ἁπο-

489 4882 638 4938 νοίας
671 4883 897 4950 ἀφέντες
932 4878 1200 4930 ἰδιωτικὸν
1248 4877 1571 4929 ἀνελάϐοντο
1628 4878 1832 4945 σχῆμα.
1891 4873 2044 4927 Κατὰ

490 4975 596 5040 γὰρ
622 4973 710 5024 τὶν
746 4969 1136 5039 μεταςραστὴν
1167 4968 1326 5038 κύριν
1370 4966 1594 5037 Συμεὼν
1631 4967 1832 5036 πολλὴν
1863 4967 2044 5018 ἒοεντο

495 5065 727 5132 σπιυδὴν
763 5061 906 5116 οὗτοι
934 5064 1032 5134 τὴν
1065 5064 1143 5122 εἰς
1184 5062 1416 5132 Χριστὸν
1449 5061 1629 5112 πίστιν
1663 5062 2041 5127 καταγωνίσα-

493 5158 634 5216 σθαι,
679 5156 746 5225 ἢν
798 5157 1194 5225 κραταιοτέραν
1224 5157 1402 5223 μεῖναι
1441 5153 1534 5204 καὶ
1576 5151 1701 5222 ᾅδου
1733 5152 1913 5203 πυλῶν
1955 5151 2049 5202 αὑ-

489 5249 576 5308 τὸς
606 5245 945 5313 ἀπεφήνατο.
986 5243 1124 5296 Ἀλλ’
1159 5243 1458 5311 ἐπειδήπερ
1491 5241 1731 5307 ἔγνωσαν
1759 5241 2040 5300 ἀδυνάτοις

490 5335 920 5405 ἐπιχειροῦντες,
957 5336 1216 5404 ἑκάτερος
1270 5335 1448 5387 αὐτῶν
1506 5333 1599 5385 τοῦ
1657 5331 2037 5400 Διοκλητιανοῦ

488 5433 580 5483 καὶ
641 5426 985 5496 Μαξιμιανοῦ
1039 5428 1136 5496 τὴν
1187 5429 1467 5497 βασιλείαν
1550 5425 2039 5489 ἀπεσκευάσαντο,

493 5523 626 5590 προς
669 5525 766 5588 μὲν
805 5520 931 5581 τοὺς
971 5521 1156 5580 ἄλλους
1190 5522 1350 5586 κόρον
1383 5521 1479 5587 τῆς
1531 5518 1702 5587 τύχης
1753 5519 1848 5569 καὶ
1884 5532 2044 5585 μετα-

489 5614 647 5681 ϐολῆς
673 5614 847 5682 ἔρωτα
901 5611 1402 5682 προφασισάμενοι·
1448 5607 1526 5685 οἷς
1581 5612 1635 5664 δὲ
1665 5612 1769 5668 τῶν
1800 5612 2044 5682 ἀπορρή-

491 5723 598 5756 των
620 5708 897 5756 κοινωνεῖν
927 5700 1071 5773 εἶχον
1099 5706 1194 5756 καὶ
1221 5705 1289 5756 τὲι
1322 5703 1419 5772 τῆς
1447 5703 1622 5772 ψυχῆς
1660 5704 2040 5768 ὲξεκὰλυπτον,

488 5795 585 5847 τοῦ
620 5795 858 5864 Χριστοῦ
901 5797 997 5864 τὴν
1025 5797 1173 5864 ἰσχὺν
1211 5796 1390 5864 ἔλεγον
1429 5797 1517 5848 και
1548 5796 1646 5864 τὴν
1687 5795 1790 5848 ἀπὸ
1815 5795 1919 5847 τῶν
1953 5811 2044 5860 ση-

2152 4699 2384 4751 quorum
2418 4686 2648 4755 quisque
2679 4686 2961 4740 biennium
2985 4687 3266 4755 regnavit.
3309 4688 3447 4742 Hinc
3491 4689 3702 4744 Diocle-

2143 4779 2324 4831 tianus
2373 4787 2425 4831 et
2457 4776 2818 4830 Maximianus
2871 4775 3174 4830 Herculeus
3220 4777 3291 4832 2'2
3324 4780 3484 4835 annis
3535 4781 3708 4851 impe-

2143 4869 2282 4920 rium
2309 4867 2787 4920 administrarunt.
2821 4860 3072 4936 Cumque
3100 4868 3299 4924 mentis
3329 4871 3549 4924 vesania
3575 4887 3710 4942 qua--

2143 4963 2262 5012 tiam
2318 4961 2548 5026 imperio
2601 4975 2658 5012 se
2705 4959 3072 5025 abdicassent,
3117 4960 3364 5015 habitum
3430 4964 3706 5034 vitamque

2143 5054 2405 5122 privatam
2437 5050 2670 5117 amplexi
2694 5061 2840 5103 sunt.
2866 5050 3020 5112 Nam,
3049 5060 3106 5104 ut
3132 5051 3350 5106 Simeou
3379 5054 3469 5108 ille
3497 5072 3702 5125 cogno—

2145 5153 2329 5197 mento
2386 5142 2785 5210 Metaphrastcs
2842 5143 2936 5204 ait,
2984 5143 3342 5211 imperatores
3377 5145 3430 5198 hi
3480 5163 3706 5217 magno-

2149 5252 2275 5303 pere
2317 5235 2496 5287 conati
2532 5243 2661 5287 sunt
2713 5235 2871 5287 Iidem
2923 5234 3291 5290 Christianam
3340 5240 3704 5308 expugnando

2147 5329 2297 5396 quasi
2329 5327 2571 5390 abolere,
2622 5342 2783 5393 quam
2819 5326 3071 5382 Christus
3105 5330 3217 5398 ipse
3257 5330 3464 5383 firmius
3505 5332 3704 5398 perdu-

2147 5429 2382 5471 raturatn
2415 5433 2536 5474 esse
2575 5420 2948 5487 pronuntiavit
2977 5435 3138 5488 quam
3165 5437 3310 5489 Ipsos
3335 5421 3458 5473 Orci
3495 5435 3700 5488 portas.

2145 5513 2341 5566 Verum
2376 5521 2730 5580 posteaquam
2773 5529 2834 5566 ea
2884 5528 2942 5567 se
2975 5515 3151 5567 moliri
3188 5513 3703 5568 animadvertissent

2141 5622 2260 5672 qua:
2307 5603 2492 5672 perﬁci
2544 5605 2768 5657 omnino
2803 5620 2911 5658 non
2946 5613 3186 5673 possent,
3219 5613 3449 5671 uterque
3485 5604 3705 5672 reliquit

2143 5699 2431 5766 imperium
2462 5736 2477 5760 ,
2531 5698 2675 5751 inter
2727 5699 2833 5751 alia
2883 5713 3100 5750 causam
3147 5696 3384 5750 instituti
3432 5697 3513 5751 sui
3562 5699 3705 5754 hanc

2144 5789 2454 5852 all‘ctcutes,
2497 5789 2641 5858 quod
2683 5788 2913 5842 fortuna:
2964 5790 3066 5853 iam
3105 5789 3272 5841 saturi
3321 5799 3503 5844 essent
3557 5805 3700 5844 com-
