  <div class='ocr_page' id='page_1' title='image "/cluster/home/n/w/nwhite01/storage/ocr_20150623/158/hvd.32044073502676/286.png"; bbox 0 0 4154 6200; ppageno 0'>
   <div class='ocr_carea' id='block_1_1' title="bbox 491 337 596 399">
    <p class='ocr_par' dir='ltr' id='par_1_1' title="bbox 491 337 596 399">
     <span class='ocr_line' id='line_1_1' title="bbox 491 337 596 399; baseline 0.01 -1"><span class='ocrx_word' id='word_1_1' title='bbox 491 337 596 399; x_wconf 79' lang='grc'><strong>465</strong></span> 
     </span>
    </p>
   </div>
   <div class='ocr_carea' id='block_1_2' title="bbox 1733 344 2497 406">
    <p class='ocr_par' dir='ltr' id='par_1_2' title="bbox 1733 344 2497 406">
     <span class='ocr_line' id='line_1_2' title="bbox 1733 344 2497 406; baseline 0.007 -5"><span class='ocrx_word' id='word_1_2' title='bbox 1733 344 2132 404; x_wconf 63' lang='lat' dir='ltr'><strong>ANNALlUM</strong></span> <span class='ocrx_word' id='word_1_3' title='bbox 2171 345 2362 406; x_wconf 76' lang='lat' dir='ltr'><strong>PARS</strong></span> <span class='ocrx_word' id='word_1_4' title='bbox 2402 346 2497 406; x_wconf 78' lang='grc' dir='ltr'><strong>ιν.</strong></span> 
     </span>
    </p>
   </div>
   <div class='ocr_carea' id='block_1_3' title="bbox 3593 345 3692 406">
    <p class='ocr_par' dir='ltr' id='par_1_3' title="bbox 3593 345 3692 406">
     <span class='ocr_line' id='line_1_3' title="bbox 3593 345 3692 406; baseline -0.02 0"><span class='ocrx_word' id='word_1_5' title='bbox 3593 345 3692 406; x_wconf 78' lang='grc' dir='ltr'>4ὓ6</span> 
     </span>
    </p>
   </div>
   <div class='ocr_carea' id='block_1_4' title="bbox 483 452 2102 526">
    <p class='ocr_par' dir='ltr' id='par_1_4' title="bbox 483 452 2102 523">
     <span class='ocr_line' id='line_1_4' title="bbox 483 452 2102 523; baseline 0.001 -18"><span class='ocrx_word' id='word_1_6' title='bbox 483 452 793 523; x_wconf 79' lang='grc' dir='ltr'>Μαξιμίνου</span> <span class='ocrx_word' id='word_1_7' title='bbox 836 453 932 506; x_wconf 79' lang='grc' dir='ltr'>τοῦ</span> <span class='ocrx_word' id='word_1_8' title='bbox 962 453 1077 506; x_wconf 84' lang='grc' dir='ltr'>υἱοῦ</span> <span class='ocrx_word' id='word_1_9' title='bbox 1109 455 1299 510; x_wconf 77' lang='grc' dir='ltr'>αὐτοῦ.</span> <span class='ocrx_word' id='word_1_10' title='bbox 1342 453 1498 508; x_wconf 86' lang='grc' dir='ltr'><strong>Μετὰ</strong></span> <span class='ocrx_word' id='word_1_11' title='bbox 1538 455 1591 507; x_wconf 78' lang='grc' dir='ltr'>δέ</span> <span class='ocrx_word' id='word_1_12' title='bbox 1624 472 1684 520; x_wconf 82' lang='grc' dir='ltr'>γε</span> <span class='ocrx_word' id='word_1_13' title='bbox 1723 457 1814 506; x_wconf 67' lang='grc' dir='ltr'>τὸν</span> <span class='ocrx_word' id='word_1_14' title='bbox 1870 455 2044 523; x_wconf 73' lang='grc' dir='ltr'>ιἐώρ-</span> <span class='ocrx_word' id='word_1_15' title='bbox 2074 463 2102 516; x_wconf 72' lang='grc' dir='ltr'><strong><em>Α</em></strong></span> 
     </span>
    </p>
   </div>
   <div class='ocr_carea' id='block_1_5' title="bbox 2146 452 3692 526">
    <p class='ocr_par' dir='ltr' id='par_1_5' title="bbox 2148 455 3692 526">
     <span class='ocr_line' id='line_1_5' title="bbox 2148 455 3692 526; baseline 0 -18"><span class='ocrx_word' id='word_1_16' title='bbox 2148 456 2506 524; x_wconf 79' lang='lat' dir='ltr'><strong>Theophanes</strong></span> <span class='ocrx_word' id='word_1_17' title='bbox 2562 455 2843 510; x_wconf 81' lang='lat' dir='ltr'><strong>confessor</strong></span> <span class='ocrx_word' id='word_1_18' title='bbox 2889 465 2942 510; x_wconf 86' lang='lat' dir='ltr'><strong>et</strong></span> <span class='ocrx_word' id='word_1_19' title='bbox 2986 456 3111 526; x_wconf 79' lang='lat' dir='ltr'><strong>Agri</strong></span> <span class='ocrx_word' id='word_1_20' title='bbox 3147 457 3456 525; x_wconf 72' lang='lat' dir='ltr'><strong>prmfeetus.</strong></span> <span class='ocrx_word' id='word_1_21' title='bbox 3487 458 3692 525; x_wconf 80' lang='lat' dir='ltr'><strong>reliqua</strong></span> 
     </span>
    </p>
   </div>
   <div class='ocr_carea' id='block_1_6' title="bbox 483 542 2039 614">
    <p class='ocr_par' dir='ltr' id='par_1_6' title="bbox 483 542 2039 614">
     <span class='ocr_line' id='line_1_6' title="bbox 483 542 2039 614; baseline 0.004 -25"><span class='ocrx_word' id='word_1_22' title='bbox 483 556 602 608; x_wconf 78' lang='grc' dir='ltr'>γιον</span> <span class='ocrx_word' id='word_1_23' title='bbox 638 543 664 593; x_wconf 87' lang='grc' dir='ltr'>ὁ</span> <span class='ocrx_word' id='word_1_24' title='bbox 703 542 1042 613; x_wconf 72' lang='grc' dir='ltr'>ὀμολογητὴς</span> <span class='ocrx_word' id='word_1_25' title='bbox 1075 543 1372 612; x_wconf 71' lang='grc' dir='ltr'>Θεοφάνης,</span> <span class='ocrx_word' id='word_1_26' title='bbox 1403 545 1497 597; x_wconf 72' lang='grc' dir='ltr'>καὶ</span> <span class='ocrx_word' id='word_1_27' title='bbox 1525 545 1617 597; x_wconf 76' lang='grc' dir='ltr'>τοῦ</span> <span class='ocrx_word' id='word_1_28' title='bbox 1650 545 1844 614; x_wconf 62' lang='grc' dir='ltr'>Ἀγροῦ</span> <span class='ocrx_word' id='word_1_29' title='bbox 1876 545 2039 614; x_wconf 64' lang='grc' dir='ltr'><strong>ἡγούτ</strong></span> 
     </span>
    </p>
   </div>
   <div class='ocr_carea' id='block_1_7' title="bbox 487 635 2040 705">
    <p class='ocr_par' dir='ltr' id='par_1_7' title="bbox 487 635 2040 705">
     <span class='ocr_line' id='line_1_7' title="bbox 487 635 2040 705; baseline 0.005 -23"><span class='ocrx_word' id='word_1_30' title='bbox 487 648 668 698; x_wconf 76' lang='grc' dir='ltr'>μενος,</span> <span class='ocrx_word' id='word_1_31' title='bbox 701 635 767 685; x_wconf 74' lang='grc' dir='ltr'>τὰ</span> <span class='ocrx_word' id='word_1_32' title='bbox 802 635 1058 688; x_wconf 73' lang='grc' dir='ltr'><strong>ἐπίλοιπα</strong></span> <span class='ocrx_word' id='word_1_33' title='bbox 1103 636 1434 701; x_wconf 78' lang='grc' dir='ltr'><strong>συνετάξατο</strong></span> <span class='ocrx_word' id='word_1_34' title='bbox 1462 636 1564 698; x_wconf 77' lang='grc' dir='ltr'><strong>ἕως</strong></span> <span class='ocrx_word' id='word_1_35' title='bbox 1594 636 1850 705; x_wconf 75' lang='grc' dir='ltr'><strong>τελευτῆς</strong></span> <span class='ocrx_word' id='word_1_36' title='bbox 1884 636 2040 702; x_wconf 75' lang='grc' dir='ltr'>βασι-</span> 
     </span>
    </p>
   </div>
   <div class='ocr_carea' id='block_1_8' title="bbox 484 721 2041 796">
    <p class='ocr_par' dir='ltr' id='par_1_8' title="bbox 484 721 2041 796">
     <span class='ocr_line' id='line_1_8' title="bbox 484 721 2041 796; baseline 0.006 -24"><span class='ocrx_word' id='word_1_37' title='bbox 484 722 617 783; x_wconf 77' lang='grc' dir='ltr'>λέως</span> <span class='ocrx_word' id='word_1_38' title='bbox 647 725 959 793; x_wconf 57' lang='grc' dir='ltr'>Νικηφόρου</span> <span class='ocrx_word' id='word_1_39' title='bbox 1000 727 1090 779; x_wconf 76' lang='grc' dir='ltr'>τοῦ</span> <span class='ocrx_word' id='word_1_40' title='bbox 1133 729 1238 780; x_wconf 73' lang='grc' dir='ltr'><strong>ἀπὸ</strong></span> <span class='ocrx_word' id='word_1_41' title='bbox 1281 728 1532 796; x_wconf 83' lang='grc' dir='ltr'><strong>γενικῶν.</strong></span> <span class='ocrx_word' id='word_1_42' title='bbox 1579 728 1693 795; x_wconf 76' lang='grc' dir='ltr'><strong>Ἐφ’</strong></span> <span class='ocrx_word' id='word_1_43' title='bbox 1727 721 1770 795; x_wconf 82' lang='grc' dir='ltr'><strong>ᾧ</strong></span> <span class='ocrx_word' id='word_1_44' title='bbox 1808 730 1901 780; x_wconf 72' lang='grc' dir='ltr'>καὶ</span> <span class='ocrx_word' id='word_1_45' title='bbox 1935 730 2041 782; x_wconf 83' lang='grc' dir='ltr'><strong>άπὸ</strong></span> 
     </span>
    </p>
   </div>
   <div class='ocr_carea' id='block_1_9' title="bbox 488 816 2040 890">
    <p class='ocr_par' dir='ltr' id='par_1_9' title="bbox 488 816 2040 890">
     <span class='ocr_line' id='line_1_9' title="bbox 488 816 2040 890; baseline 0.006 -24"><span class='ocrx_word' id='word_1_46' title='bbox 488 816 706 886; x_wconf 76' lang='grc' dir='ltr'>Μιχαὴλ</span> <span class='ocrx_word' id='word_1_47' title='bbox 738 819 830 869; x_wconf 78' lang='grc' dir='ltr'>τοῦ</span> <span class='ocrx_word' id='word_1_48' title='bbox 875 818 1147 886; x_wconf 77' lang='grc' dir='ltr'>Ἱάγγαϐὲ</span> <span class='ocrx_word' id='word_1_49' title='bbox 1189 819 1284 882; x_wconf 73' lang='grc' dir='ltr'><strong>τῆς</strong></span> <span class='ocrx_word' id='word_1_50' title='bbox 1318 821 1725 890; x_wconf 60' lang='grc' dir='ltr'>χρονογραφίαις</span> <span class='ocrx_word' id='word_1_51' title='bbox 1759 823 1783 872; x_wconf 90' lang='grc' dir='ltr'>ὀ</span> <span class='ocrx_word' id='word_1_52' title='bbox 1817 821 2040 876; x_wconf 81' lang='grc' dir='ltr'>Σκυλίτ-</span> 
     </span>
    </p>
   </div>
   <div class='ocr_carea' id='block_1_10' title="bbox 487 903 940 978">
    <p class='ocr_par' dir='ltr' id='par_1_10' title="bbox 487 903 940 978">
     <span class='ocr_line' id='line_1_10' title="bbox 487 903 940 978; baseline 0.015 -23"><span class='ocrx_word' id='word_1_53' title='bbox 487 903 584 973; x_wconf 75' lang='grc' dir='ltr'>ζης</span> <span class='ocrx_word' id='word_1_54' title='bbox 613 910 940 978; x_wconf 73' lang='grc' dir='ltr'><strong>κατήρξατο.</strong></span> 
     </span>
    </p>
   </div>
   <div class='ocr_carea' id='block_1_11' title="bbox 499 1104 1540 1126">
    <p class='ocr_par' dir='ltr' id='par_1_11' title="bbox 499 1104 1540 1126">
     <span class='ocr_line' id='line_1_11' title="bbox 499 1104 1540 1126; baseline 0.006 -12"><span class='ocrx_word' id='word_1_55' title='bbox 499 1104 1188 1126; x_wconf 49' lang='lat' dir='ltr'><strong>ww-“</strong></span> <span class='ocrx_word' id='word_1_56' title='bbox 1197 1109 1540 1124; x_wconf 54' lang='lat' dir='ltr'><strong>m‘.</strong></span> 
     </span>
    </p>
   </div>
   <div class='ocr_carea' id='block_1_12' title="bbox 2148 547 3708 619">
    <p class='ocr_par' dir='ltr' id='par_1_12' title="bbox 2148 547 3708 619">
     <span class='ocr_line' id='line_1_12' title="bbox 2148 547 3708 619; baseline 0.002 -20"><span class='ocrx_word' id='word_1_57' title='bbox 2148 547 2346 600; x_wconf 88' lang='lat' dir='ltr'><strong>litteris</strong></span> <span class='ocrx_word' id='word_1_58' title='bbox 2369 557 2452 600; x_wconf 89' lang='lat' dir='ltr'><strong>est</strong></span> <span class='ocrx_word' id='word_1_59' title='bbox 2489 549 2810 617; x_wconf 78' lang='lat' dir='ltr'><strong>complexus</strong></span> <span class='ocrx_word' id='word_1_60' title='bbox 2837 565 3009 618; x_wconf 84' lang='lat' dir='ltr'><strong>usque</strong></span> <span class='ocrx_word' id='word_1_61' title='bbox 3057 550 3122 603; x_wconf 83' lang='lat' dir='ltr'><strong>ad</strong></span> <span class='ocrx_word' id='word_1_62' title='bbox 3159 550 3452 619; x_wconf 69' lang='lat' dir='ltr'><strong>Nicephori</strong></span> <span class='ocrx_word' id='word_1_63' title='bbox 3480 549 3708 618; x_wconf 80' lang='lat' dir='ltr'><strong>generis-</strong></span> 
     </span>
    </p>
   </div>
   <div class='ocr_carea' id='block_1_13' title="bbox 2148 639 3695 711">
    <p class='ocr_par' dir='ltr' id='par_1_13' title="bbox 2148 639 3695 711">
     <span class='ocr_line' id='line_1_13' title="bbox 2148 639 3695 711; baseline 0.001 -18"><span class='ocrx_word' id='word_1_64' title='bbox 2148 639 2438 710; x_wconf 71' lang='lat' dir='ltr'><strong>logotheta:</strong></span> <span class='ocrx_word' id='word_1_65' title='bbox 2468 640 2628 694; x_wconf 81' lang='lat' dir='ltr'><strong>ﬁnem</strong></span> <span class='ocrx_word' id='word_1_66' title='bbox 2655 660 2668 706; x_wconf 90' lang='lat'><strong>;</strong></span> <span class='ocrx_word' id='word_1_67' title='bbox 2705 659 2809 710; x_wconf 90' lang='lat' dir='ltr'><strong>qua</strong></span> <span class='ocrx_word' id='word_1_68' title='bbox 2853 642 2921 696; x_wconf 91' lang='lat' dir='ltr'><strong>de</strong></span> <span class='ocrx_word' id='word_1_69' title='bbox 2967 657 3126 696; x_wconf 81' lang='lat' dir='ltr'><strong>causa</strong></span> <span class='ocrx_word' id='word_1_70' title='bbox 3157 643 3415 711; x_wconf 77' lang='lat' dir='ltr'><strong>Scylitzes</strong></span> <span class='ocrx_word' id='word_1_71' title='bbox 3443 643 3695 696; x_wconf 89' lang='lat' dir='ltr'><strong>chrono-</strong></span> 
     </span>
    </p>
   </div>
   <div class='ocr_carea' id='block_1_14' title="bbox 2150 732 3694 803">
    <p class='ocr_par' dir='ltr' id='par_1_14' title="bbox 2150 732 3694 803">
     <span class='ocr_line' id='line_1_14' title="bbox 2150 732 3694 803; baseline 0.001 -19"><span class='ocrx_word' id='word_1_72' title='bbox 2150 732 2429 800; x_wconf 74' lang='lat' dir='ltr'><strong>graphiam</strong></span> <span class='ocrx_word' id='word_1_73' title='bbox 2465 749 2615 788; x_wconf 85' lang='lat' dir='ltr'><strong>suam</strong></span> <span class='ocrx_word' id='word_1_74' title='bbox 2647 749 2675 785; x_wconf 91' lang='lat' dir='ltr'><strong>a</strong></span> <span class='ocrx_word' id='word_1_75' title='bbox 2711 733 2977 788; x_wconf 82' lang='lat' dir='ltr'><strong>Michaclo</strong></span> <span class='ocrx_word' id='word_1_76' title='bbox 3014 733 3269 803; x_wconf 83' lang='lat' dir='ltr'><strong>Rangaba</strong></span> <span class='ocrx_word' id='word_1_77' title='bbox 3300 734 3472 788; x_wconf 88' lang='lat' dir='ltr'><strong>voluit</strong></span> <span class='ocrx_word' id='word_1_78' title='bbox 3514 732 3694 801; x_wconf 85' lang='lat' dir='ltr'><strong>auspi-</strong></span> 
     </span>
    </p>
   </div>
   <div class='ocr_carea' id='block_1_15' title="bbox 2142 843 2276 880">
    <p class='ocr_par' dir='ltr' id='par_1_15' title="bbox 2142 843 2276 880">
     <span class='ocr_line' id='line_1_15' title="bbox 2142 843 2276 880; baseline -0.015 0"><span class='ocrx_word' id='word_1_79' title='bbox 2142 843 2276 880; x_wconf 78' lang='lat' dir='ltr'><strong>cari.</strong></span> 
     </span>
    </p>
   </div>
   <div class='ocr_carea' id='block_1_16' title="bbox 1973 1109 3092 1124">
    <p class='ocr_par' dir='ltr' id='par_1_16' title="bbox 1973 1109 3092 1124">
     <span class='ocr_line' id='line_1_16' title="bbox 1973 1109 3092 1124; baseline -0.004 -1"><span class='ocrx_word' id='word_1_80' title='bbox 1973 1113 2096 1123; x_wconf 76' lang='lat'><strong>—-_</strong></span> <span class='ocrx_word' id='word_1_81' title='bbox 2109 1112 2650 1124; x_wconf 46' lang='lat' dir='ltr'><strong>’WF-m-</strong></span> <span class='ocrx_word' id='word_1_82' title='bbox 2665 1109 2918 1120; x_wconf 57' lang='grc' dir='ltr'><strong>σ-ι--ι-ο-ι</strong></span> <span class='ocrx_word' id='word_1_83' title='bbox 2934 1110 3092 1121; x_wconf 52' lang='grc' dir='ltr'><strong>,ηοξ-.-</strong></span> 
     </span>
    </p>
   </div>
   <div class='ocr_carea' id='block_1_17' title="bbox 1279 1244 2906 1472">
    <p class='ocr_par' dir='ltr' id='par_1_17' title="bbox 1279 1244 2906 1472">
     <span class='ocr_line' id='line_1_17' title="bbox 1279 1244 2906 1472; baseline -0.007 -74"><span class='ocrx_word' id='word_1_84' title='bbox 1279 1267 1890 1416; x_wconf 82' lang='grc' dir='ltr'><strong>ΤΜΗΜΑ</strong></span> <span class='ocrx_word' id='word_1_85' title='bbox 1981 1270 2906 1472; x_wconf 84' lang='lat' dir='ltr'><strong>TETAPTON.</strong></span> 
     </span>
    </p>
   </div>
   <div class='ocr_carea' id='block_1_18' title="bbox 1760 1676 2111 1799">
    <p class='ocr_par' dir='ltr' id='par_1_18' title="bbox 1760 1676 2111 1799">
     <span class='ocr_line' id='line_1_18' title="bbox 1760 1676 2111 1799; baseline -0.006 -13"><span class='ocrx_word' id='word_1_86' title='bbox 1760 1676 1927 1788; x_wconf 85' lang='lat' dir='ltr'><strong>PA</strong></span> <span class='ocrx_word' id='word_1_87' title='bbox 1950 1677 2111 1799; x_wconf 79' lang='lat' dir='ltr'><strong>BS</strong></span> 
     </span>
    </p>
   </div>
   <div class='ocr_carea' id='block_1_19' title="bbox 2237 1679 2420 1791">
    <p class='ocr_par' dir='ltr' id='par_1_19' title="bbox 2237 1679 2420 1791">
     <span class='ocr_line' id='line_1_19' title="bbox 2237 1679 2420 1791; baseline 0 -3"><span class='ocrx_word' id='word_1_88' title='bbox 2237 1679 2420 1791; x_wconf 72' lang='grc' dir='ltr'><strong>ιν.</strong></span> 
     </span>
    </p>
   </div>
   <div class='ocr_carea' id='block_1_20' title="bbox 673 1898 3520 1974">
    <p class='ocr_par' dir='ltr' id='par_1_20' title="bbox 673 1898 3520 1974">
     <span class='ocr_line' id='line_1_20' title="bbox 673 1898 3520 1974; baseline 0 -13"><span class='ocrx_word' id='word_1_89' title='bbox 673 1901 771 1962; x_wconf 87' lang='lat' dir='ltr'><strong>DE</strong></span> <span class='ocrx_word' id='word_1_90' title='bbox 812 1899 1742 1961; x_wconf 66' lang='lat' dir='ltr'><strong>CONSTANTINOPOLITANIS</strong></span> <span class='ocrx_word' id='word_1_91' title='bbox 1783 1898 2398 1961; x_wconf 75' lang='lat' dir='ltr'><strong>lIiIPERATORlBUS</strong></span> <span class='ocrx_word' id='word_1_92' title='bbox 2441 1899 2571 1974; x_wconf 86' lang='lat' dir='ltr'><strong>QUI</strong></span> <span class='ocrx_word' id='word_1_93' title='bbox 2615 1900 2983 1960; x_wconf 78' lang='lat' dir='ltr'><strong>DEINCEPS</strong></span> <span class='ocrx_word' id='word_1_94' title='bbox 3021 1902 3520 1962; x_wconf 78' lang='lat' dir='ltr'><strong>REGNARUNT.</strong></span> 
     </span>
    </p>
   </div>
   <div class='ocr_carea' id='block_1_21' title="bbox 567 2207 2102 2282">
    <p class='ocr_par' dir='ltr' id='par_1_21' title="bbox 567 2207 2102 2282">
     <span class='ocr_line' id='line_1_21' title="bbox 567 2207 2102 2282; baseline -0.002 -17"><span class='ocrx_word' id='word_1_95' title='bbox 567 2211 630 2265; x_wconf 82' lang='lat'><strong>&quot;0</strong></span> <span class='ocrx_word' id='word_1_96' title='bbox 663 2212 836 2282; x_wconf 81' lang='grc' dir='ltr'>μέγας</span> <span class='ocrx_word' id='word_1_97' title='bbox 871 2213 1278 2272; x_wconf 83' lang='grc' dir='ltr'>Κωνσταντῖνος</span> <span class='ocrx_word' id='word_1_98' title='bbox 1301 2210 1614 2280; x_wconf 61' lang='grc' dir='ltr'><strong>(ἨἹὴνὶκα</strong></span> <span class='ocrx_word' id='word_1_99' title='bbox 1647 2210 1787 2264; x_wconf 78' lang='grc' dir='ltr'>κατὰ</span> <span class='ocrx_word' id='word_1_100' title='bbox 1826 2207 2035 2275; x_wconf 81' lang='grc' dir='ltr'>Μαξεν-</span> <span class='ocrx_word' id='word_1_101' title='bbox 2072 2211 2102 2271; x_wconf 74' lang='grc' dir='ltr'><strong>Ἐ</strong></span> 
     </span>
    </p>
   </div>
   <div class='ocr_carea' id='block_1_22' title="bbox 2146 2207 3708 2282">
    <p class='ocr_par' dir='ltr' id='par_1_22' title="bbox 2217 2207 3708 2282">
     <span class='ocr_line' id='line_1_22' title="bbox 2217 2207 3708 2282; baseline 0.003 -20"><span class='ocrx_word' id='word_1_102' title='bbox 2217 2207 2375 2280; x_wconf 66' lang='grc'><strong>247</strong></span> <span class='ocrx_word' id='word_1_103' title='bbox 2410 2207 2528 2274; x_wconf 81' lang='lat' dir='ltr'><strong>Quo</strong></span> <span class='ocrx_word' id='word_1_104' title='bbox 2585 2218 2832 2278; x_wconf 83' lang='lat' dir='ltr'><strong>tempore</strong></span> <span class='ocrx_word' id='word_1_105' title='bbox 2890 2210 3286 2267; x_wconf 74' lang='lat' dir='ltr'><strong>Constantinus</strong></span> <span class='ocrx_word' id='word_1_106' title='bbox 3340 2228 3568 2282; x_wconf 82' lang='lat' dir='ltr'><strong>magnus</strong></span> <span class='ocrx_word' id='word_1_107' title='bbox 3616 2226 3708 2266; x_wconf 86' lang='lat' dir='ltr'><strong>co-</strong></span> 
     </span>
    </p>
   </div>
   <div class='ocr_carea' id='block_1_23' title="bbox 489 2299 2044 2372">
    <p class='ocr_par' dir='ltr' id='par_1_23' title="bbox 489 2299 2044 2372">
     <span class='ocr_line' id='line_1_23' title="bbox 489 2299 2044 2372; baseline -0.001 -16"><span class='ocrx_word' id='word_1_108' title='bbox 489 2303 608 2356; x_wconf 79' lang='grc' dir='ltr'>τίου</span> <span class='ocrx_word' id='word_1_109' title='bbox 649 2303 1003 2372; x_wconf 81' lang='grc' dir='ltr'><strong>ἐστράτευσε,</strong></span> <span class='ocrx_word' id='word_1_110' title='bbox 1038 2303 1157 2355; x_wconf 83' lang='grc' dir='ltr'>τότε</span> <span class='ocrx_word' id='word_1_111' title='bbox 1192 2299 1332 2356; x_wconf 73' lang='grc' dir='ltr'>εἶδεν</span> <span class='ocrx_word' id='word_1_112' title='bbox 1377 2304 1434 2355; x_wconf 78' lang='grc' dir='ltr'>ἐν</span> <span class='ocrx_word' id='word_1_113' title='bbox 1477 2303 1693 2372; x_wconf 79' lang='grc' dir='ltr'>οὐρανῷ</span> <span class='ocrx_word' id='word_1_114' title='bbox 1739 2304 1828 2356; x_wconf 69' lang='grc' dir='ltr'>τὴν</span> <span class='ocrx_word' id='word_1_115' title='bbox 1864 2305 2044 2372; x_wconf 85' lang='grc' dir='ltr'>τίμιον</span> 
     </span>
    </p>
   </div>
   <div class='ocr_carea' id='block_1_24' title="bbox 491 2387 2044 2466">
    <p class='ocr_par' dir='ltr' id='par_1_24' title="bbox 491 2387 2044 2466">
     <span class='ocr_line' id='line_1_24' title="bbox 491 2387 2044 2466; baseline 0.001 -19"><span class='ocrx_word' id='word_1_116' title='bbox 491 2395 740 2464; x_wconf 82' lang='grc' dir='ltr'>σταυρὸν,</span> <span class='ocrx_word' id='word_1_117' title='bbox 772 2393 854 2463; x_wconf 77' lang='grc' dir='ltr'><strong>ἐφ’</strong></span> <span class='ocrx_word' id='word_1_118' title='bbox 878 2387 920 2462; x_wconf 78' lang='grc' dir='ltr'>ᾧ</span> <span class='ocrx_word' id='word_1_119' title='bbox 947 2395 1245 2464; x_wconf 87' lang='grc' dir='ltr'>νενίκηκεν.</span> <span class='ocrx_word' id='word_1_120' title='bbox 1276 2389 1407 2446; x_wconf 84' lang='grc' dir='ltr'>Εἶτα</span> <span class='ocrx_word' id='word_1_121' title='bbox 1449 2395 1774 2466; x_wconf 78' lang='grc' dir='ltr'>ῥᾳθυμήσας</span> <span class='ocrx_word' id='word_1_122' title='bbox 1800 2396 1895 2448; x_wconf 74' lang='grc' dir='ltr'>καὶ</span> <span class='ocrx_word' id='word_1_123' title='bbox 1923 2394 2044 2448; x_wconf 78' lang='grc' dir='ltr'>κατ’</span> 
     </span>
    </p>
   </div>
   <div class='ocr_carea' id='block_1_25' title="bbox 490 2486 2042 2557">
    <p class='ocr_par' dir='ltr' id='par_1_25' title="bbox 490 2486 2042 2557">
     <span class='ocr_line' id='line_1_25' title="bbox 490 2486 2042 2557; baseline 0 -19"><span class='ocrx_word' id='word_1_124' title='bbox 490 2486 696 2556; x_wconf 80' lang='grc' dir='ltr'>ἐχθρῶν</span> <span class='ocrx_word' id='word_1_125' title='bbox 734 2487 984 2556; x_wconf 79' lang='grc' dir='ltr'><strong>ὁρμήσας</strong></span> <span class='ocrx_word' id='word_1_126' title='bbox 1022 2488 1275 2555; x_wconf 77' lang='grc' dir='ltr'><strong>ἡττᾶται,</strong></span> <span class='ocrx_word' id='word_1_127' title='bbox 1325 2487 1419 2538; x_wconf 77' lang='grc' dir='ltr'><strong>καὶ</strong></span> <span class='ocrx_word' id='word_1_128' title='bbox 1477 2486 1766 2557; x_wconf 78' lang='grc' dir='ltr'><strong>ἀθυμήσας</strong></span> <span class='ocrx_word' id='word_1_129' title='bbox 1806 2487 2042 2548; x_wconf 78' lang='grc' dir='ltr'>ὖπνωσε,</span> 
     </span>
    </p>
   </div>
   <div class='ocr_carea' id='block_1_26' title="bbox 489 2579 2046 2649">
    <p class='ocr_par' dir='ltr' id='par_1_26' title="bbox 489 2579 2046 2649">
     <span class='ocr_line' id='line_1_26' title="bbox 489 2579 2046 2649; baseline 0 -19"><span class='ocrx_word' id='word_1_130' title='bbox 489 2581 583 2630; x_wconf 77' lang='grc' dir='ltr'>καὶ</span> <span class='ocrx_word' id='word_1_131' title='bbox 631 2580 749 2631; x_wconf 80' lang='grc' dir='ltr'>κατ’</span> <span class='ocrx_word' id='word_1_132' title='bbox 795 2580 927 2649; x_wconf 80' lang='grc' dir='ltr'>ὄναρ</span> <span class='ocrx_word' id='word_1_133' title='bbox 954 2579 1056 2631; x_wconf 75' lang='grc' dir='ltr'><strong>ὑπὸ</strong></span> <span class='ocrx_word' id='word_1_134' title='bbox 1094 2579 1290 2648; x_wconf 79' lang='grc' dir='ltr'>ῥάϐδου</span> <span class='ocrx_word' id='word_1_135' title='bbox 1325 2579 1624 2649; x_wconf 81' lang='grc' dir='ltr'>πλήττεται</span> <span class='ocrx_word' id='word_1_136' title='bbox 1682 2581 1807 2641; x_wconf 79' lang='grc' dir='ltr'>τοὺς</span> <span class='ocrx_word' id='word_1_137' title='bbox 1840 2580 2046 2649; x_wconf 79' lang='grc' dir='ltr'>μυκτῆ-</span> 
     </span>
    </p>
   </div>
   <div class='ocr_carea' id='block_1_27' title="bbox 493 2667 2044 2741">
    <p class='ocr_par' dir='ltr' id='par_1_27' title="bbox 493 2667 2044 2741">
     <span class='ocr_line' id='line_1_27' title="bbox 493 2667 2044 2741; baseline 0 -18"><span class='ocrx_word' id='word_1_138' title='bbox 493 2690 608 2740; x_wconf 81' lang='grc' dir='ltr'>ρας,</span> <span class='ocrx_word' id='word_1_139' title='bbox 657 2671 920 2725; x_wconf 79' lang='grc' dir='ltr'>κάκεῖθεν</span> <span class='ocrx_word' id='word_1_140' title='bbox 960 2667 1102 2739; x_wconf 82' lang='grc' dir='ltr'>αἷμα</span> <span class='ocrx_word' id='word_1_141' title='bbox 1158 2673 1298 2736; x_wconf 72' lang='grc' dir='ltr'>ἐξιον</span> <span class='ocrx_word' id='word_1_142' title='bbox 1347 2672 1436 2723; x_wconf 74' lang='grc' dir='ltr'>τὸν</span> <span class='ocrx_word' id='word_1_143' title='bbox 1491 2671 1724 2741; x_wconf 62' lang='grc' dir='ltr'>σταυρὸν</span> <span class='ocrx_word' id='word_1_144' title='bbox 1776 2673 1834 2724; x_wconf 78' lang='grc' dir='ltr'>ὲν</span> <span class='ocrx_word' id='word_1_145' title='bbox 1883 2671 2044 2740; x_wconf 77' lang='grc' dir='ltr'>ὀθόνῃ</span> 
     </span>
    </p>
   </div>
   <div class='ocr_carea' id='block_1_28' title="bbox 487 2764 2045 2837">
    <p class='ocr_par' dir='ltr' id='par_1_28' title="bbox 487 2764 2045 2837">
     <span class='ocr_line' id='line_1_28' title="bbox 487 2764 2045 2837; baseline -0.003 -17"><span class='ocrx_word' id='word_1_146' title='bbox 487 2767 745 2837; x_wconf 78' lang='grc' dir='ltr'>ἐχάραξε.</span> <span class='ocrx_word' id='word_1_147' title='bbox 775 2765 961 2820; x_wconf 78' lang='grc' dir='ltr'>Ταῦτα</span> <span class='ocrx_word' id='word_1_148' title='bbox 1016 2767 1072 2818; x_wconf 83' lang='grc' dir='ltr'><strong>δὲ</strong></span> <span class='ocrx_word' id='word_1_149' title='bbox 1139 2766 1286 2828; x_wconf 83' lang='grc' dir='ltr'><strong>ἰδὼν,</strong></span> <span class='ocrx_word' id='word_1_150' title='bbox 1339 2766 1434 2818; x_wconf 75' lang='grc' dir='ltr'>καὶ</span> <span class='ocrx_word' id='word_1_151' title='bbox 1473 2765 1778 2835; x_wconf 82' lang='grc' dir='ltr'>μετάμελος</span> <span class='ocrx_word' id='word_1_152' title='bbox 1827 2766 1919 2817; x_wconf 71' lang='grc' dir='ltr'>ἐπὶ</span> <span class='ocrx_word' id='word_1_153' title='bbox 1967 2764 2045 2833; x_wconf 82' lang='grc' dir='ltr'>τῷ</span> 
     </span>
    </p>
   </div>
   <div class='ocr_carea' id='block_1_29' title="bbox 489 2856 2032 2930">
    <p class='ocr_par' dir='ltr' id='par_1_29' title="bbox 489 2856 2032 2930">
     <span class='ocr_line' id='line_1_29' title="bbox 489 2856 2032 2930; baseline -0.001 -21"><span class='ocrx_word' id='word_1_154' title='bbox 489 2861 775 2928; x_wconf 74' lang='grc' dir='ltr'>πράγματι</span> <span class='ocrx_word' id='word_1_155' title='bbox 819 2857 1095 2927; x_wconf 77' lang='grc' dir='ltr'>γεγονὼς,</span> <span class='ocrx_word' id='word_1_156' title='bbox 1135 2859 1260 2930; x_wconf 71' lang='grc' dir='ltr'>νικᾷ</span> <span class='ocrx_word' id='word_1_157' title='bbox 1300 2858 1394 2911; x_wconf 69' lang='grc' dir='ltr'><strong>καὶ</strong></span> <span class='ocrx_word' id='word_1_158' title='bbox 1446 2856 1605 2920; x_wconf 75' lang='grc' dir='ltr'>αὖθις</span> <span class='ocrx_word' id='word_1_159' title='bbox 1635 2858 1761 2918; x_wconf 78' lang='grc' dir='ltr'>τοὺς</span> <span class='ocrx_word' id='word_1_160' title='bbox 1801 2857 2032 2926; x_wconf 76' lang='grc' dir='ltr'>ἐχθροὺς</span> 
     </span>
    </p>
   </div>
   <div class='ocr_carea' id='block_1_30' title="bbox 489 2947 2045 3018">
    <p class='ocr_par' dir='ltr' id='par_1_30' title="bbox 489 2947 2045 3018">
     <span class='ocr_line' id='line_1_30' title="bbox 489 2947 2045 3018; baseline -0.002 -15"><span class='ocrx_word' id='word_1_161' title='bbox 489 2950 677 3006; x_wconf 73' lang='grc' dir='ltr'>αὑτοῦ.</span> <span class='ocrx_word' id='word_1_162' title='bbox 737 2951 898 3006; x_wconf 76' lang='grc' dir='ltr'>Μετὰ</span> <span class='ocrx_word' id='word_1_163' title='bbox 963 2951 1018 3004; x_wconf 81' lang='grc' dir='ltr'><strong>δὲ</strong></span> <span class='ocrx_word' id='word_1_164' title='bbox 1063 2947 1235 3003; x_wconf 80' lang='grc' dir='ltr'>ταῦτα</span> <span class='ocrx_word' id='word_1_165' title='bbox 1277 2950 1382 3002; x_wconf 80' lang='grc' dir='ltr'><strong>ὑπὸ</strong></span> <span class='ocrx_word' id='word_1_166' title='bbox 1431 2950 1532 3018; x_wconf 82' lang='grc' dir='ltr'>τῆς</span> <span class='ocrx_word' id='word_1_167' title='bbox 1580 2949 1835 3016; x_wconf 79' lang='grc' dir='ltr'>γυναικὸς</span> <span class='ocrx_word' id='word_1_168' title='bbox 1882 2947 2045 3002; x_wconf 79' lang='grc' dir='ltr'>αὐτοῦ</span> 
     </span>
    </p>
   </div>
   <div class='ocr_carea' id='block_1_31' title="bbox 490 3039 2048 3112">
    <p class='ocr_par' dir='ltr' id='par_1_31' title="bbox 490 3039 2048 3112">
     <span class='ocr_line' id='line_1_31' title="bbox 490 3039 2048 3112; baseline -0.003 -15"><span class='ocrx_word' id='word_1_169' title='bbox 490 3047 736 3106; x_wconf 76' lang='grc' dir='ltr'>Φαύστας</span> <span class='ocrx_word' id='word_1_170' title='bbox 791 3039 868 3108; x_wconf 78' lang='grc' dir='ltr'><strong>είς</strong></span> <span class='ocrx_word' id='word_1_171' title='bbox 925 3043 1318 3112; x_wconf 81' lang='grc' dir='ltr'>είδωλομανίαν</span> <span class='ocrx_word' id='word_1_172' title='bbox 1361 3042 1622 3096; x_wconf 78' lang='grc' dir='ltr'>ἐκκλίνει.</span> <span class='ocrx_word' id='word_1_173' title='bbox 1663 3041 1803 3094; x_wconf 80' lang='grc' dir='ltr'>Ἀλλ’</span> <span class='ocrx_word' id='word_1_174' title='bbox 1839 3043 1867 3094; x_wconf 80' lang='grc' dir='ltr'>ὁ</span> <span class='ocrx_word' id='word_1_175' title='bbox 1914 3041 2048 3104; x_wconf 83' lang='grc' dir='ltr'>Θεὸς</span> 
     </span>
    </p>
   </div>
   <div class='ocr_carea' id='block_1_32' title="bbox 491 3133 2044 3204">
    <p class='ocr_par' dir='ltr' id='par_1_32' title="bbox 491 3133 2044 3204">
     <span class='ocr_line' id='line_1_32' title="bbox 491 3133 2044 3204; baseline -0.004 -14"><span class='ocrx_word' id='word_1_176' title='bbox 491 3140 640 3191; x_wconf 73' lang='grc' dir='ltr'>ἕλκει</span> <span class='ocrx_word' id='word_1_177' title='bbox 673 3137 833 3190; x_wconf 81' lang='grc' dir='ltr'>πάλιν</span> <span class='ocrx_word' id='word_1_178' title='bbox 863 3137 1024 3190; x_wconf 76' lang='grc' dir='ltr'>αὐτὸν</span> <span class='ocrx_word' id='word_1_179' title='bbox 1052 3135 1142 3190; x_wconf 82' lang='grc' dir='ltr'><strong>διὰ</strong></span> <span class='ocrx_word' id='word_1_180' title='bbox 1176 3136 1275 3204; x_wconf 84' lang='grc' dir='ltr'>τῆς</span> <span class='ocrx_word' id='word_1_181' title='bbox 1301 3135 1531 3203; x_wconf 84' lang='grc' dir='ltr'>λέπρας·</span> <span class='ocrx_word' id='word_1_182' title='bbox 1555 3133 1908 3202; x_wconf 79' lang='grc' dir='ltr'>κατασχοῦσα</span> <span class='ocrx_word' id='word_1_183' title='bbox 1939 3133 2044 3203; x_wconf 83' lang='grc' dir='ltr'>γάρ</span> 
     </span>
    </p>
   </div>
   <div class='ocr_carea' id='block_1_33' title="bbox 495 3222 2044 3297">
    <p class='ocr_par' dir='ltr' id='par_1_33' title="bbox 495 3222 2044 3297">
     <span class='ocr_line' id='line_1_33' title="bbox 495 3222 2044 3297; baseline -0.004 -15"><span class='ocrx_word' id='word_1_184' title='bbox 495 3229 658 3282; x_wconf 77' lang='grc' dir='ltr'>αὐτὸν</span> <span class='ocrx_word' id='word_1_185' title='bbox 701 3230 871 3297; x_wconf 76' lang='grc' dir='ltr'>μέγαν</span> <span class='ocrx_word' id='word_1_186' title='bbox 931 3225 1286 3296; x_wconf 78' lang='grc' dir='ltr'>ἐστενοχὼρει</span> <span class='ocrx_word' id='word_1_187' title='bbox 1348 3224 1618 3286; x_wconf 81' lang='grc' dir='ltr'>παντοίως</span> <span class='ocrx_word' id='word_1_188' title='bbox 1682 3223 1781 3276; x_wconf 79' lang='grc' dir='ltr'><strong>καὶ</strong></span> <span class='ocrx_word' id='word_1_189' title='bbox 1844 3222 2044 3276; x_wconf 80' lang='grc' dir='ltr'>έθλιϐε.</span> 
     </span>
    </p>
   </div>
   <div class='ocr_carea' id='block_1_34' title="bbox 493 3312 2046 3383">
    <p class='ocr_par' dir='ltr' id='par_1_34' title="bbox 493 3312 2046 3383">
     <span class='ocr_line' id='line_1_34' title="bbox 493 3312 2046 3383; baseline -0.006 -10"><span class='ocrx_word' id='word_1_190' title='bbox 493 3320 648 3374; x_wconf 69' lang='grc' dir='ltr'>Καθὰ</span> <span class='ocrx_word' id='word_1_191' title='bbox 694 3320 749 3372; x_wconf 84' lang='grc' dir='ltr'><strong>δὲ</strong></span> <span class='ocrx_word' id='word_1_192' title='bbox 793 3318 1226 3372; x_wconf 75' lang='grc' dir='ltr'>συνεϐούλευσαν</span> <span class='ocrx_word' id='word_1_193' title='bbox 1264 3317 1312 3367; x_wconf 80' lang='grc' dir='ltr'>οἱ</span> <span class='ocrx_word' id='word_1_194' title='bbox 1358 3315 1522 3383; x_wconf 78' lang='grc' dir='ltr'>ἱερεῖς</span> <span class='ocrx_word' id='word_1_195' title='bbox 1560 3312 1655 3366; x_wconf 80' lang='grc' dir='ltr'>τοῦ</span> <span class='ocrx_word' id='word_1_196' title='bbox 1686 3312 2046 3366; x_wconf 76' lang='grc' dir='ltr'>Καπετωλίου</span> 
     </span>
    </p>
   </div>
   <div class='ocr_carea' id='block_1_35' title="bbox 492 3405 2047 3480">
    <p class='ocr_par' dir='ltr' id='par_1_35' title="bbox 492 3405 2047 3480">
     <span class='ocr_line' id='line_1_35' title="bbox 492 3405 2047 3480; baseline -0.005 -16"><span class='ocrx_word' id='word_1_197' title='bbox 492 3414 637 3474; x_wconf 81' lang='grc' dir='ltr'>Διὸς,</span> <span class='ocrx_word' id='word_1_198' title='bbox 670 3413 841 3480; x_wconf 82' lang='grc' dir='ltr'><strong>βρέφη</strong></span> <span class='ocrx_word' id='word_1_199' title='bbox 883 3408 1250 3479; x_wconf 83' lang='grc' dir='ltr'>συνελέγησαν</span> <span class='ocrx_word' id='word_1_200' title='bbox 1273 3406 1412 3460; x_wconf 83' lang='grc' dir='ltr'>ὥστε</span> <span class='ocrx_word' id='word_1_201' title='bbox 1445 3406 1851 3476; x_wconf 77' lang='grc' dir='ltr'>σφαγιασθῆναι</span> <span class='ocrx_word' id='word_1_202' title='bbox 1876 3405 2047 3458; x_wconf 78' lang='grc' dir='ltr'>ταῦτα</span> 
     </span>
    </p>
   </div>
   <div class='ocr_carea' id='block_1_36' title="bbox 491 3493 2047 3570">
    <p class='ocr_par' dir='ltr' id='par_1_36' title="bbox 491 3493 2047 3570">
     <span class='ocr_line' id='line_1_36' title="bbox 491 3493 2047 3570; baseline -0.007 -15"><span class='ocrx_word' id='word_1_203' title='bbox 491 3504 583 3555; x_wconf 72' lang='grc' dir='ltr'><strong>καὶ</strong></span> <span class='ocrx_word' id='word_1_204' title='bbox 612 3503 689 3570; x_wconf 87' lang='grc' dir='ltr'><strong>τῷ</strong></span> <span class='ocrx_word' id='word_1_205' title='bbox 739 3501 931 3570; x_wconf 76' lang='grc' dir='ltr'>αἵματι</span> <span class='ocrx_word' id='word_1_206' title='bbox 969 3500 1147 3553; x_wconf 78' lang='grc' dir='ltr'>αὐτῶν</span> <span class='ocrx_word' id='word_1_207' title='bbox 1200 3498 1538 3568; x_wconf 78' lang='grc' dir='ltr'>ἐμϐληθῆναι</span> <span class='ocrx_word' id='word_1_208' title='bbox 1597 3497 1690 3550; x_wconf 76' lang='grc' dir='ltr'>καὶ</span> <span class='ocrx_word' id='word_1_209' title='bbox 1717 3495 1860 3548; x_wconf 77' lang='grc' dir='ltr'>οὕτω</span> <span class='ocrx_word' id='word_1_210' title='bbox 1887 3493 2047 3565; x_wconf 82' lang='grc' dir='ltr'>δῆθεν</span> 
     </span>
    </p>
   </div>
   <div class='ocr_carea' id='block_1_37' title="bbox 2146 2300 3708 2375">
    <p class='ocr_par' dir='ltr' id='par_1_37' title="bbox 2146 2300 3708 2375">
     <span class='ocr_line' id='line_1_37' title="bbox 2146 2300 3708 2375; baseline 0.004 -21"><span class='ocrx_word' id='word_1_211' title='bbox 2146 2303 2265 2370; x_wconf 88' lang='lat' dir='ltr'><strong>pias</strong></span> <span class='ocrx_word' id='word_1_212' title='bbox 2295 2308 2482 2355; x_wconf 88' lang='lat' dir='ltr'><strong>contra</strong></span> <span class='ocrx_word' id='word_1_213' title='bbox 2522 2300 2854 2356; x_wconf 77' lang='lat' dir='ltr'><strong>Maxentium</strong></span> <span class='ocrx_word' id='word_1_214' title='bbox 2890 2302 3147 2365; x_wconf 86' lang='lat' dir='ltr'><strong>ducebat,</strong></span> <span class='ocrx_word' id='word_1_215' title='bbox 3201 2306 3414 2375; x_wconf 85' lang='lat' dir='ltr'><strong>signum</strong></span> <span class='ocrx_word' id='word_1_216' title='bbox 3441 2317 3708 2360; x_wconf 88' lang='lat' dir='ltr'><strong>veneran-</strong></span> 
     </span>
    </p>
   </div>
   <div class='ocr_carea' id='block_1_38' title="bbox 2144 2394 3705 2466">
    <p class='ocr_par' dir='ltr' id='par_1_38' title="bbox 2144 2394 3705 2466">
     <span class='ocr_line' id='line_1_38' title="bbox 2144 2394 3705 2466; baseline 0.004 -18"><span class='ocrx_word' id='word_1_217' title='bbox 2144 2395 2226 2448; x_wconf 67' lang='lat' dir='ltr'><strong>dte</strong></span> <span class='ocrx_word' id='word_1_218' title='bbox 2254 2397 2437 2449; x_wconf 87' lang='lat' dir='ltr'><strong>crucis</strong></span> <span class='ocrx_word' id='word_1_219' title='bbox 2491 2394 2544 2447; x_wconf 92' lang='lat' dir='ltr'><strong>in</strong></span> <span class='ocrx_word' id='word_1_220' title='bbox 2580 2409 2705 2449; x_wconf 88' lang='lat' dir='ltr'><strong>aere</strong></span> <span class='ocrx_word' id='word_1_221' title='bbox 2753 2397 3056 2463; x_wconf 80' lang='lat' dir='ltr'><strong>conspexit,</strong></span> <span class='ocrx_word' id='word_1_222' title='bbox 3086 2396 3320 2466; x_wconf 90' lang='lat' dir='ltr'><strong>indeque</strong></span> <span class='ocrx_word' id='word_1_223' title='bbox 3375 2415 3500 2451; x_wconf 89' lang='lat' dir='ltr'><strong>cum</strong></span> <span class='ocrx_word' id='word_1_224' title='bbox 3547 2399 3705 2455; x_wconf 88' lang='lat' dir='ltr'><strong>hoste</strong></span> 
     </span>
    </p>
   </div>
   <div class='ocr_carea' id='block_1_39' title="bbox 2143 2487 3697 2562">
    <p class='ocr_par' dir='ltr' id='par_1_39' title="bbox 2143 2487 3697 2562">
     <span class='ocr_line' id='line_1_39' title="bbox 2143 2487 3697 2562; baseline 0.002 -20"><span class='ocrx_word' id='word_1_225' title='bbox 2143 2502 2468 2562; x_wconf 82' lang='lat' dir='ltr'><strong>congressus</strong></span> <span class='ocrx_word' id='word_1_226' title='bbox 2498 2487 2676 2542; x_wconf 89' lang='lat' dir='ltr'><strong>victor</strong></span> <span class='ocrx_word' id='word_1_227' title='bbox 2706 2487 2982 2544; x_wconf 81' lang='lat' dir='ltr'><strong>discessit.</strong></span> <span class='ocrx_word' id='word_1_228' title='bbox 3009 2490 3146 2544; x_wconf 85' lang='lat' dir='ltr'><strong>Tum</strong></span> <span class='ocrx_word' id='word_1_229' title='bbox 3175 2507 3306 2544; x_wconf 85' lang='lat' dir='ltr'><strong>vero</strong></span> <span class='ocrx_word' id='word_1_230' title='bbox 3337 2494 3697 2562; x_wconf 84' lang='lat' dir='ltr'><strong>negligentior</strong></span> 
     </span>
    </p>
   </div>
   <div class='ocr_carea' id='block_1_40' title="bbox 2145 2579 3706 2651">
    <p class='ocr_par' dir='ltr' id='par_1_40' title="bbox 2145 2579 3706 2651">
     <span class='ocr_line' id='line_1_40' title="bbox 2145 2579 3706 2651; baseline 0.003 -17"><span class='ocrx_word' id='word_1_231' title='bbox 2145 2579 2348 2642; x_wconf 77' lang='lat' dir='ltr'><strong>factus,</strong></span> <span class='ocrx_word' id='word_1_232' title='bbox 2395 2579 2487 2634; x_wconf 87' lang='lat' dir='ltr'><strong>ubi</strong></span> <span class='ocrx_word' id='word_1_233' title='bbox 2537 2595 2730 2634; x_wconf 84' lang='lat' dir='ltr'><strong>rursus</strong></span> <span class='ocrx_word' id='word_1_234' title='bbox 2777 2581 2831 2634; x_wconf 91' lang='lat' dir='ltr'><strong>in</strong></span> <span class='ocrx_word' id='word_1_235' title='bbox 2870 2582 3080 2636; x_wconf 84' lang='lat' dir='ltr'><strong>hostem</strong></span> <span class='ocrx_word' id='word_1_236' title='bbox 3119 2585 3482 2651; x_wconf 76' lang='lat' dir='ltr'><strong>prorupisset,</strong></span> <span class='ocrx_word' id='word_1_237' title='bbox 3527 2585 3706 2639; x_wconf 87' lang='lat' dir='ltr'><strong>victus</strong></span> 
     </span>
    </p>
   </div>
   <div class='ocr_carea' id='block_1_41' title="bbox 2145 2671 3707 2743">
    <p class='ocr_par' dir='ltr' id='par_1_41' title="bbox 2145 2671 3707 2743">
     <span class='ocr_line' id='line_1_41' title="bbox 2145 2671 3707 2743; baseline 0.001 -15"><span class='ocrx_word' id='word_1_238' title='bbox 2145 2682 2250 2728; x_wconf 87' lang='lat' dir='ltr'><strong>est.</strong></span> <span class='ocrx_word' id='word_1_239' title='bbox 2287 2671 2407 2739; x_wconf 79' lang='lat' dir='ltr'><strong>Quo</strong></span> <span class='ocrx_word' id='word_1_240' title='bbox 2446 2673 2780 2727; x_wconf 80' lang='lat' dir='ltr'><strong>detrimento</strong></span> <span class='ocrx_word' id='word_1_241' title='bbox 2819 2683 3044 2743; x_wconf 83' lang='lat' dir='ltr'><strong>accepto</strong></span> <span class='ocrx_word' id='word_1_242' title='bbox 3077 2675 3370 2743; x_wconf 77' lang='lat' dir='ltr'><strong>quemdam</strong></span> <span class='ocrx_word' id='word_1_243' title='bbox 3410 2677 3466 2730; x_wconf 81' lang='lat' dir='ltr'><strong>in‘</strong></span> <span class='ocrx_word' id='word_1_244' title='bbox 3503 2693 3707 2732; x_wconf 79' lang='lat' dir='ltr'><strong>mcero-</strong></span> 
     </span>
    </p>
   </div>
   <div class='ocr_carea' id='block_1_42' title="bbox 2147 2752 3702 2840">
    <p class='ocr_par' dir='ltr' id='par_1_42' title="bbox 2147 2752 3702 2840">
     <span class='ocr_line' id='line_1_42' title="bbox 2147 2752 3702 2840; baseline 0.001 -19"><span class='ocrx_word' id='word_1_245' title='bbox 2147 2783 2262 2822; x_wconf 90' lang='lat' dir='ltr'><strong>rem</strong></span> <span class='ocrx_word' id='word_1_246' title='bbox 2319 2767 2515 2822; x_wconf 83' lang='lat' dir='ltr'><strong>incidit</strong></span> <span class='ocrx_word' id='word_1_247' title='bbox 2562 2779 2619 2822; x_wconf 91' lang='lat' dir='ltr'><strong>et</strong></span> <span class='ocrx_word' id='word_1_248' title='bbox 2665 2752 2985 2837; x_wconf 67' lang='lat' dir='ltr'><strong>consopitus</strong></span> <span class='ocrx_word' id='word_1_249' title='bbox 3021 2779 3124 2822; x_wconf 90' lang='lat' dir='ltr'><strong>est.</strong></span> <span class='ocrx_word' id='word_1_250' title='bbox 3175 2771 3273 2823; x_wconf 85' lang='lat' dir='ltr'><strong>llic</strong></span> <span class='ocrx_word' id='word_1_251' title='bbox 3321 2787 3420 2840; x_wconf 89' lang='lat' dir='ltr'><strong>per</strong></span> <span class='ocrx_word' id='word_1_252' title='bbox 3463 2774 3702 2840; x_wconf 80' lang='lat' dir='ltr'><strong>quietem</strong></span> 
     </span>
    </p>
   </div>
   <div class='ocr_carea' id='block_1_43' title="bbox 2146 2860 3704 2929">
    <p class='ocr_par' dir='ltr' id='par_1_43' title="bbox 2146 2860 3704 2929">
     <span class='ocr_line' id='line_1_43' title="bbox 2146 2860 3704 2929; baseline 0.003 -16"><span class='ocrx_word' id='word_1_253' title='bbox 2146 2861 2299 2914; x_wconf 90' lang='lat' dir='ltr'><strong>visus</strong></span> <span class='ocrx_word' id='word_1_254' title='bbox 2357 2870 2443 2913; x_wconf 87' lang='lat' dir='ltr'><strong>est</strong></span> <span class='ocrx_word' id='word_1_255' title='bbox 2490 2860 2592 2913; x_wconf 90' lang='lat' dir='ltr'><strong>sibi</strong></span> <span class='ocrx_word' id='word_1_256' title='bbox 2655 2874 2816 2912; x_wconf 84' lang='lat' dir='ltr'><strong>nares</strong></span> <span class='ocrx_word' id='word_1_257' title='bbox 2878 2861 3030 2928; x_wconf 86' lang='lat' dir='ltr'><strong>virga</strong></span> <span class='ocrx_word' id='word_1_258' title='bbox 3093 2864 3323 2929; x_wconf 81' lang='lat' dir='ltr'><strong>quadam</strong></span> <span class='ocrx_word' id='word_1_259' title='bbox 3383 2864 3704 2929; x_wconf 76' lang='lat' dir='ltr'><strong>verberari;</strong></span> 
     </span>
    </p>
   </div>
   <div class='ocr_carea' id='block_1_44' title="bbox 2148 2947 3707 3020">
    <p class='ocr_par' dir='ltr' id='par_1_44' title="bbox 2148 2947 3707 3020">
     <span class='ocr_line' id='line_1_44' title="bbox 2148 2947 3707 3020; baseline 0.006 -19"><span class='ocrx_word' id='word_1_260' title='bbox 2148 2964 2383 3018; x_wconf 78' lang='lat' dir='ltr'><strong>moxque</strong></span> <span class='ocrx_word' id='word_1_261' title='bbox 2413 2947 2482 3002; x_wconf 88' lang='lat' dir='ltr'><strong>de</strong></span> <span class='ocrx_word' id='word_1_262' title='bbox 2524 2948 2753 3001; x_wconf 88' lang='lat' dir='ltr'><strong>naribus</strong></span> <span class='ocrx_word' id='word_1_263' title='bbox 2801 2951 3026 3018; x_wconf 84' lang='lat' dir='ltr'><strong>sanguis</strong></span> <span class='ocrx_word' id='word_1_264' title='bbox 3073 2965 3407 3020; x_wconf 87' lang='lat' dir='ltr'><strong>promanans</strong></span> <span class='ocrx_word' id='word_1_265' title='bbox 3457 2954 3509 3007; x_wconf 92' lang='lat' dir='ltr'><strong>in</strong></span> <span class='ocrx_word' id='word_1_266' title='bbox 3558 2965 3707 3010; x_wconf 82' lang='lat' dir='ltr'><strong>veste</strong></span> 
     </span>
    </p>
   </div>
   <div class='ocr_carea' id='block_1_45' title="bbox 2146 3041 3705 3116">
    <p class='ocr_par' dir='ltr' id='par_1_45' title="bbox 2146 3041 3705 3116">
     <span class='ocr_line' id='line_1_45' title="bbox 2146 3041 3705 3116; baseline 0.006 -23"><span class='ocrx_word' id='word_1_267' title='bbox 2146 3041 2287 3094; x_wconf 89' lang='lat' dir='ltr'><strong>linea</strong></span> <span class='ocrx_word' id='word_1_268' title='bbox 2337 3049 2519 3105; x_wconf 86' lang='lat' dir='ltr'><strong>notam</strong></span> <span class='ocrx_word' id='word_1_269' title='bbox 2569 3041 2748 3093; x_wconf 90' lang='lat' dir='ltr'><strong>crucis</strong></span> <span class='ocrx_word' id='word_1_270' title='bbox 2785 3043 3073 3109; x_wconf 70' lang='lat' dir='ltr'><strong>espressit.</strong></span> <span class='ocrx_word' id='word_1_271' title='bbox 3122 3046 3238 3110; x_wconf 79' lang='lat' dir='ltr'><strong>Qua</strong></span> <span class='ocrx_word' id='word_1_272' title='bbox 3287 3062 3346 3099; x_wconf 89' lang='lat' dir='ltr'><strong>re</strong></span> <span class='ocrx_word' id='word_1_273' title='bbox 3388 3061 3705 3116; x_wconf 71' lang='lat' dir='ltr'><strong>conspecta,</strong></span> 
     </span>
    </p>
   </div>
   <div class='ocr_carea' id='block_1_46' title="bbox 2149 3132 3708 3207">
    <p class='ocr_par' dir='ltr' id='par_1_46' title="bbox 2149 3132 3708 3207">
     <span class='ocr_line' id='line_1_46' title="bbox 2149 3132 3708 3207; baseline 0.006 -21"><span class='ocrx_word' id='word_1_274' title='bbox 2149 3134 2490 3203; x_wconf 74' lang='lat' dir='ltr'><strong>prenitudine</strong></span> <span class='ocrx_word' id='word_1_275' title='bbox 2525 3135 2609 3187; x_wconf 80' lang='lat' dir='ltr'><strong>sui</strong></span> <span class='ocrx_word' id='word_1_276' title='bbox 2649 3133 2833 3188; x_wconf 89' lang='lat' dir='ltr'><strong>delicti</strong></span> <span class='ocrx_word' id='word_1_277' title='bbox 2870 3132 3067 3188; x_wconf 82' lang='lat' dir='ltr'><strong>ductus</strong></span> <span class='ocrx_word' id='word_1_278' title='bbox 3103 3146 3208 3198; x_wconf 89' lang='lat' dir='ltr'><strong>est,</strong></span> <span class='ocrx_word' id='word_1_279' title='bbox 3251 3137 3484 3207; x_wconf 75' lang='lat' dir='ltr'><strong>ideoque</strong></span> <span class='ocrx_word' id='word_1_280' title='bbox 3521 3157 3708 3195; x_wconf 85' lang='lat' dir='ltr'><strong>rursus</strong></span> 
     </span>
    </p>
   </div>
   <div class='ocr_carea' id='block_1_47' title="bbox 2150 3225 3707 3294">
    <p class='ocr_par' dir='ltr' id='par_1_47' title="bbox 2150 3225 3707 3294">
     <span class='ocr_line' id='line_1_47' title="bbox 2150 3225 3707 3294; baseline 0.003 -13"><span class='ocrx_word' id='word_1_281' title='bbox 2150 3227 2402 3281; x_wconf 85' lang='lat' dir='ltr'><strong>hostibus</strong></span> <span class='ocrx_word' id='word_1_282' title='bbox 2431 3227 2546 3280; x_wconf 85' lang='lat' dir='ltr'><strong>suis</strong></span> <span class='ocrx_word' id='word_1_283' title='bbox 2573 3229 2830 3294; x_wconf 83' lang='lat' dir='ltr'><strong>superior</strong></span> <span class='ocrx_word' id='word_1_284' title='bbox 2863 3225 3066 3281; x_wconf 79' lang='lat' dir='ltr'><strong>evadit.</strong></span> <span class='ocrx_word' id='word_1_285' title='bbox 3106 3227 3419 3282; x_wconf 87' lang='lat' dir='ltr'><strong>Secundum</strong></span> <span class='ocrx_word' id='word_1_286' title='bbox 3461 3232 3574 3285; x_wconf 75' lang='lat' dir='ltr'><strong>lucc</strong></span> <span class='ocrx_word' id='word_1_287' title='bbox 3609 3235 3707 3286; x_wconf 81' lang='lat' dir='ltr'><strong>de-</strong></span> 
     </span>
    </p>
   </div>
   <div class='ocr_carea' id='block_1_48' title="bbox 2147 3319 3706 3387">
    <p class='ocr_par' dir='ltr' id='par_1_48' title="bbox 2147 3319 3706 3387">
     <span class='ocr_line' id='line_1_48' title="bbox 2147 3319 3706 3387; baseline 0.005 -15"><span class='ocrx_word' id='word_1_288' title='bbox 2147 3335 2258 3372; x_wconf 85' lang='lat' dir='ltr'><strong>nuo</strong></span> <span class='ocrx_word' id='word_1_289' title='bbox 2284 3333 2382 3387; x_wconf 92' lang='lat' dir='ltr'><strong>per</strong></span> <span class='ocrx_word' id='word_1_290' title='bbox 2412 3333 2638 3373; x_wconf 79' lang='lat' dir='ltr'><strong>uxorem</strong></span> <span class='ocrx_word' id='word_1_291' title='bbox 2672 3319 2926 3374; x_wconf 83' lang='lat' dir='ltr'><strong>Faustam</strong></span> <span class='ocrx_word' id='word_1_292' title='bbox 2960 3321 3026 3374; x_wconf 86' lang='lat' dir='ltr'><strong>ad</strong></span> <span class='ocrx_word' id='word_1_293' title='bbox 3059 3319 3325 3375; x_wconf 79' lang='lat' dir='ltr'><strong>furiosum</strong></span> <span class='ocrx_word' id='word_1_294' title='bbox 3363 3323 3706 3380; x_wconf 83' lang='lat' dir='ltr'><strong>deastrornm</strong></span> 
     </span>
    </p>
   </div>
   <div class='ocr_carea' id='block_1_49' title="bbox 2148 3409 3709 3481">
    <p class='ocr_par' dir='ltr' id='par_1_49' title="bbox 2148 3409 3709 3481">
     <span class='ocr_line' id='line_1_49' title="bbox 2148 3409 3709 3481; baseline 0.004 -17"><span class='ocrx_word' id='word_1_295' title='bbox 2148 3411 2354 3464; x_wconf 87' lang='lat' dir='ltr'><strong>cultum</strong></span> <span class='ocrx_word' id='word_1_296' title='bbox 2403 3409 2804 3463; x_wconf 76' lang='lat' dir='ltr'><strong>exorbitantem</strong></span> <span class='ocrx_word' id='word_1_297' title='bbox 2858 3409 3000 3464; x_wconf 88' lang='lat' dir='ltr'><strong>Deus</strong></span> <span class='ocrx_word' id='word_1_298' title='bbox 3053 3426 3151 3480; x_wconf 82' lang='lat' dir='ltr'><strong>per</strong></span> <span class='ocrx_word' id='word_1_299' title='bbox 3201 3412 3404 3481; x_wconf 87' lang='lat' dir='ltr'><strong>lepram</strong></span> <span class='ocrx_word' id='word_1_300' title='bbox 3459 3418 3709 3470; x_wconf 77' lang='lat' dir='ltr'><strong>retraxit.</strong></span> 
     </span>
    </p>
   </div>
   <div class='ocr_carea' id='block_1_50' title="bbox 2151 3502 3711 3576">
    <p class='ocr_par' dir='ltr' id='par_1_50' title="bbox 2151 3502 3711 3576">
     <span class='ocr_line' id='line_1_50' title="bbox 2151 3502 3711 3576; baseline 0.003 -20"><span class='ocrx_word' id='word_1_301' title='bbox 2151 3502 2282 3556; x_wconf 84' lang='lat' dir='ltr'><strong>Nam</strong></span> <span class='ocrx_word' id='word_1_302' title='bbox 2309 3517 2370 3557; x_wconf 89' lang='lat' dir='ltr'><strong>ea</strong></span> <span class='ocrx_word' id='word_1_303' title='bbox 2407 3516 2530 3554; x_wconf 91' lang='lat' dir='ltr'><strong>cum</strong></span> <span class='ocrx_word' id='word_1_304' title='bbox 2561 3503 2746 3570; x_wconf 76' lang='lat' dir='ltr'><strong>magni</strong></span> <span class='ocrx_word' id='word_1_305' title='bbox 2778 3502 2942 3571; x_wconf 84' lang='lat' dir='ltr'><strong>hujus</strong></span> <span class='ocrx_word' id='word_1_306' title='bbox 2974 3503 3074 3556; x_wconf 86' lang='lat' dir='ltr'><strong>viri</strong></span> <span class='ocrx_word' id='word_1_307' title='bbox 3113 3518 3314 3572; x_wconf 84' lang='lat' dir='ltr'><strong>corpus</strong></span> <span class='ocrx_word' id='word_1_308' title='bbox 3345 3505 3508 3576; x_wconf 58' lang='lat'><strong>2&amp;3</strong></span> <span class='ocrx_word' id='word_1_309' title='bbox 3549 3523 3711 3561; x_wconf 85' lang='lat' dir='ltr'><strong>oecu-</strong></span> 
     </span>
    </p>
   </div>
   <div class='ocr_carea' id='block_1_51' title="bbox 491 3567 2102 3667">
    <p class='ocr_par' dir='ltr' id='par_1_51' title="bbox 491 3567 2102 3662">
     <span class='ocr_line' id='line_1_51' title="bbox 491 3567 2102 3662; baseline -0.002 -14"><span class='ocrx_word' id='word_1_310' title='bbox 491 3567 1062 3662; x_wconf 37' lang='grc' dir='ltr'>αὺτῖν-άπαλλαγῆναι</span> <span class='ocrx_word' id='word_1_311' title='bbox 1093 3593 1190 3658; x_wconf 83' lang='grc' dir='ltr'>τῆς</span> <span class='ocrx_word' id='word_1_312' title='bbox 1223 3591 1400 3644; x_wconf 81' lang='grc' dir='ltr'>νόσου.</span> <span class='ocrx_word' id='word_1_313' title='bbox 1436 3567 1792 3659; x_wconf 71' lang='grc' dir='ltr'>Διερχόμενος</span> <span class='ocrx_word' id='word_1_314' title='bbox 1823 3584 1916 3642; x_wconf 83' lang='grc' dir='ltr'><strong>οὖν</strong></span> <span class='ocrx_word' id='word_1_315' title='bbox 1954 3591 2048 3644; x_wconf 72' lang='grc' dir='ltr'>καὶ</span> <span class='ocrx_word' id='word_1_316' title='bbox 2076 3567 2102 3624; x_wconf 73' lang='grc' dir='ltr'><strong>ί</strong></span> 
     </span>
    </p>
   </div>
   <div class='ocr_carea' id='block_1_52' title="bbox 2146 3567 3712 3667">
    <p class='ocr_par' dir='ltr' id='par_1_52' title="bbox 2152 3594 3712 3667">
     <span class='ocr_line' id='line_1_52' title="bbox 2152 3594 3712 3667; baseline 0.003 -19"><span class='ocrx_word' id='word_1_317' title='bbox 2152 3603 2356 3662; x_wconf 86' lang='lat' dir='ltr'><strong>passet,</strong></span> <span class='ocrx_word' id='word_1_318' title='bbox 2383 3595 2636 3648; x_wconf 86' lang='lat' dir='ltr'><strong>omnibus</strong></span> <span class='ocrx_word' id='word_1_319' title='bbox 2668 3594 2945 3649; x_wconf 88' lang='lat' dir='ltr'><strong>hominem</strong></span> <span class='ocrx_word' id='word_1_320' title='bbox 2971 3595 3149 3650; x_wconf 88' lang='lat' dir='ltr'><strong>modis</strong></span> <span class='ocrx_word' id='word_1_321' title='bbox 3180 3599 3405 3667; x_wconf 79' lang='lat' dir='ltr'><strong>urgebat</strong></span> <span class='ocrx_word' id='word_1_322' title='bbox 3437 3612 3490 3653; x_wconf 87' lang='lat' dir='ltr'><strong>et</strong></span> <span class='ocrx_word' id='word_1_323' title='bbox 3515 3617 3712 3654; x_wconf 70' lang='lat' dir='ltr'><strong>excru-</strong></span> 
     </span>
    </p>
   </div>
   <div class='ocr_carea' id='block_1_53' title="bbox 489 3666 2046 3758">
    <p class='ocr_par' dir='ltr' id='par_1_53' title="bbox 489 3666 2046 3758">
     <span class='ocr_line' id='line_1_53' title="bbox 489 3666 2046 3758; baseline -0.005 -16"><span class='ocrx_word' id='word_1_324' title='bbox 489 3691 596 3742; x_wconf 89' lang='grc' dir='ltr'><strong>τῶν</strong></span> <span class='ocrx_word' id='word_1_325' title='bbox 630 3688 880 3758; x_wconf 77' lang='grc' dir='ltr'>μητέρων</span> <span class='ocrx_word' id='word_1_326' title='bbox 911 3687 1090 3741; x_wconf 82' lang='grc' dir='ltr'>αὐτῶν</span> <span class='ocrx_word' id='word_1_327' title='bbox 1143 3685 1381 3749; x_wconf 83' lang='grc' dir='ltr'>ἀκούσας</span> <span class='ocrx_word' id='word_1_328' title='bbox 1430 3666 1776 3756; x_wconf 78' lang='grc' dir='ltr'>θρηνουσῶν,</span> <span class='ocrx_word' id='word_1_329' title='bbox 1819 3683 1913 3735; x_wconf 75' lang='grc' dir='ltr'><strong>καὶ</strong></span> <span class='ocrx_word' id='word_1_330' title='bbox 1944 3683 2046 3749; x_wconf 76' lang='grc' dir='ltr'><strong>τὴν</strong></span> 
     </span>
    </p>
   </div>
   <div class='ocr_carea' id='block_1_54' title="bbox 489 3774 2049 3850">
    <p class='ocr_par' dir='ltr' id='par_1_54' title="bbox 489 3774 2049 3850">
     <span class='ocr_line' id='line_1_54' title="bbox 489 3774 2049 3850; baseline -0.005 -16"><span class='ocrx_word' id='word_1_331' title='bbox 489 3783 667 3834; x_wconf 76' lang='grc' dir='ltr'>αἰτίαν</span> <span class='ocrx_word' id='word_1_332' title='bbox 693 3781 782 3834; x_wconf 79' lang='grc' dir='ltr'>τοῦ</span> <span class='ocrx_word' id='word_1_333' title='bbox 819 3779 1014 3850; x_wconf 88' lang='grc' dir='ltr'>θρήνου</span> <span class='ocrx_word' id='word_1_334' title='bbox 1048 3778 1254 3849; x_wconf 85' lang='grc' dir='ltr'>μαθὼν,</span> <span class='ocrx_word' id='word_1_335' title='bbox 1277 3774 1400 3830; x_wconf 85' lang='grc' dir='ltr'>εἷπε</span> <span class='ocrx_word' id='word_1_336' title='bbox 1425 3793 1438 3806; x_wconf 83' lang='lat'><strong><em>°</em></strong></span> <span class='ocrx_word' id='word_1_337' title='bbox 1481 3795 1500 3828; x_wconf 79' lang='grc' dir='ltr'><strong>ι</strong></span> <span class='ocrx_word' id='word_1_338' title='bbox 1524 3778 1792 3846; x_wconf 77' lang='grc' dir='ltr'>Κρεῖσσον</span> <span class='ocrx_word' id='word_1_339' title='bbox 1820 3775 2049 3844; x_wconf 83' lang='grc' dir='ltr'>πάσχειν</span> 
     </span>
    </p>
   </div>
   <div class='ocr_carea' id='block_1_55' title="bbox 491 3867 2042 3944">
    <p class='ocr_par' dir='ltr' id='par_1_55' title="bbox 491 3867 2042 3944">
     <span class='ocr_line' id='line_1_55' title="bbox 491 3867 2042 3944; baseline -0.006 -18"><span class='ocrx_word' id='word_1_340' title='bbox 491 3875 590 3944; x_wconf 81' lang='grc' dir='ltr'>ἐμὲ</span> <span class='ocrx_word' id='word_1_341' title='bbox 624 3873 656 3944; x_wconf 79' lang='grc' dir='ltr'><strong>ἢ</strong></span> <span class='ocrx_word' id='word_1_342' title='bbox 709 3873 978 3926; x_wconf 80' lang='grc' dir='ltr'>τοσούτων</span> <span class='ocrx_word' id='word_1_343' title='bbox 1017 3869 1231 3941; x_wconf 74' lang='grc' dir='ltr'>βρεφῶν</span> <span class='ocrx_word' id='word_1_344' title='bbox 1257 3869 1735 3939; x_wconf 78' lang='grc' dir='ltr'>καταψηφίσασθαι</span> <span class='ocrx_word' id='word_1_345' title='bbox 1762 3867 2042 3921; x_wconf 81' lang='grc' dir='ltr'>θάνατον.ι</span> 
     </span>
    </p>
   </div>
   <div class='ocr_carea' id='block_1_56' title="bbox 505 3957 2047 4033">
    <p class='ocr_par' dir='ltr' id='par_1_56' title="bbox 505 3957 2047 4033">
     <span class='ocr_line' id='line_1_56' title="bbox 505 3957 2047 4033; baseline -0.007 -15"><span class='ocrx_word' id='word_1_346' title='bbox 505 3958 807 4033; x_wconf 69' lang='grc' dir='ltr'><strong>Ἐφ’ᾧκαὶ</strong></span> <span class='ocrx_word' id='word_1_347' title='bbox 856 3963 1051 4026; x_wconf 77' lang='grc' dir='ltr'>νυκτὸς</span> <span class='ocrx_word' id='word_1_348' title='bbox 1103 3963 1423 4031; x_wconf 77' lang='grc' dir='ltr'>ἐφίστανται</span> <span class='ocrx_word' id='word_1_349' title='bbox 1459 3959 1608 4028; x_wconf 84' lang='grc' dir='ltr'>αὐτῷ</span> <span class='ocrx_word' id='word_1_350' title='bbox 1656 3961 1707 4011; x_wconf 84' lang='grc' dir='ltr'>οἱ</span> <span class='ocrx_word' id='word_1_351' title='bbox 1754 3957 2047 4011; x_wconf 86' lang='grc' dir='ltr'>ἀπόστολοι</span> 
     </span>
    </p>
   </div>
   <div class='ocr_carea' id='block_1_57' title="bbox 499 4050 2050 4125">
    <p class='ocr_par' dir='ltr' id='par_1_57' title="bbox 499 4050 2050 4125">
     <span class='ocr_line' id='line_1_57' title="bbox 499 4050 2050 4125; baseline -0.003 -18"><span class='ocrx_word' id='word_1_352' title='bbox 499 4057 746 4125; x_wconf 76' lang='grc' dir='ltr'>λέγοντες</span> <span class='ocrx_word' id='word_1_353' title='bbox 785 4058 874 4108; x_wconf 79' lang='grc' dir='ltr'><strong>τὸν</strong></span> <span class='ocrx_word' id='word_1_354' title='bbox 925 4051 1596 4121; x_wconf 62' lang='grc' dir='ltr'>ἐπίσκοπονΣίλϐεστρον</span> <span class='ocrx_word' id='word_1_355' title='bbox 1626 4051 1880 4104; x_wconf 81' lang='grc' dir='ltr'>καλέσαι.</span> <span class='ocrx_word' id='word_1_356' title='bbox 1931 4050 2050 4102; x_wconf 77' lang='grc' dir='ltr'><strong>Κα-</strong></span> 
     </span>
    </p>
   </div>
   <div class='ocr_carea' id='block_1_58' title="bbox 494 4142 2051 4216">
    <p class='ocr_par' dir='ltr' id='par_1_58' title="bbox 494 4142 2051 4216">
     <span class='ocr_line' id='line_1_58' title="bbox 494 4142 2051 4216; baseline -0.001 -16"><span class='ocrx_word' id='word_1_357' title='bbox 494 4151 666 4202; x_wconf 85' lang='grc' dir='ltr'>λεῖται</span> <span class='ocrx_word' id='word_1_358' title='bbox 697 4147 790 4201; x_wconf 80' lang='grc' dir='ltr'><strong>οὖν</strong></span> <span class='ocrx_word' id='word_1_359' title='bbox 823 4151 850 4201; x_wconf 86' lang='grc' dir='ltr'>ὁ</span> <span class='ocrx_word' id='word_1_360' title='bbox 877 4148 1053 4216; x_wconf 79' lang='grc' dir='ltr'>ἅγιος,</span> <span class='ocrx_word' id='word_1_361' title='bbox 1101 4147 1192 4199; x_wconf 81' lang='grc' dir='ltr'>καὶ</span> <span class='ocrx_word' id='word_1_362' title='bbox 1234 4145 1502 4215; x_wconf 84' lang='grc' dir='ltr'>βαπτίσας</span> <span class='ocrx_word' id='word_1_363' title='bbox 1531 4143 1692 4196; x_wconf 76' lang='grc' dir='ltr'>αὑτὸν</span> <span class='ocrx_word' id='word_1_364' title='bbox 1718 4144 1815 4206; x_wconf 84' lang='grc' dir='ltr'>τῆς</span> <span class='ocrx_word' id='word_1_365' title='bbox 1847 4142 2051 4211; x_wconf 71' lang='grc' dir='ltr'>λέπρας</span> 
     </span>
    </p>
   </div>
   <div class='ocr_carea' id='block_1_59' title="bbox 491 4233 2051 4310">
    <p class='ocr_par' dir='ltr' id='par_1_59' title="bbox 491 4233 2051 4310">
     <span class='ocr_line' id='line_1_59' title="bbox 491 4233 2051 4310; baseline -0.004 -18"><span class='ocrx_word' id='word_1_366' title='bbox 491 4239 786 4310; x_wconf 78' lang='grc' dir='ltr'>ἐλευθεροῖ.</span> <span class='ocrx_word' id='word_1_367' title='bbox 858 4241 917 4292; x_wconf 87' lang='lat'><strong>&#39;0</strong></span> <span class='ocrx_word' id='word_1_368' title='bbox 964 4240 1020 4292; x_wconf 79' lang='grc' dir='ltr'><strong>δὲ</strong></span> <span class='ocrx_word' id='word_1_369' title='bbox 1081 4239 1252 4308; x_wconf 82' lang='grc' dir='ltr'>μέγας</span> <span class='ocrx_word' id='word_1_370' title='bbox 1319 4237 1542 4306; x_wconf 78' lang='grc' dir='ltr'>ὓστερον</span> <span class='ocrx_word' id='word_1_371' title='bbox 1595 4234 1850 4288; x_wconf 81' lang='grc' dir='ltr'>τοσοῦτον</span> <span class='ocrx_word' id='word_1_372' title='bbox 1911 4233 2051 4302; x_wconf 81' lang='grc' dir='ltr'>ὑπὲρ</span> 
     </span>
    </p>
   </div>
   <div class='ocr_carea' id='block_1_60' title="bbox 493 4317 2053 4401">
    <p class='ocr_par' dir='ltr' id='par_1_60' title="bbox 493 4317 2053 4401">
     <span class='ocr_line' id='line_1_60' title="bbox 493 4317 2053 4401; baseline -0.006 -13"><span class='ocrx_word' id='word_1_373' title='bbox 493 4334 723 4400; x_wconf 85' lang='grc' dir='ltr'>πίστεως</span> <span class='ocrx_word' id='word_1_374' title='bbox 757 4331 1063 4401; x_wconf 77' lang='grc' dir='ltr'>ἠγωνίσατο</span> <span class='ocrx_word' id='word_1_375' title='bbox 1114 4330 1186 4393; x_wconf 83' lang='grc' dir='ltr'>ὡς</span> <span class='ocrx_word' id='word_1_376' title='bbox 1239 4329 1331 4382; x_wconf 76' lang='grc' dir='ltr'>καὶ</span> <span class='ocrx_word' id='word_1_377' title='bbox 1362 4329 1537 4382; x_wconf 84' lang='grc' dir='ltr'>πάντα</span> <span class='ocrx_word' id='word_1_378' title='bbox 1588 4317 1951 4397; x_wconf 69' lang='grc' dir='ltr'>μεταποιῆσαι</span> <span class='ocrx_word' id='word_1_379' title='bbox 1983 4325 2053 4379; x_wconf 81' lang='grc' dir='ltr'>τὰ</span> 
     </span>
    </p>
   </div>
   <div class='ocr_carea' id='block_1_61' title="bbox 493 4418 2054 4496">
    <p class='ocr_par' dir='ltr' id='par_1_61' title="bbox 493 4418 2054 4496">
     <span class='ocr_line' id='line_1_61' title="bbox 493 4418 2054 4496; baseline -0.006 -18"><span class='ocrx_word' id='word_1_380' title='bbox 493 4428 678 4496; x_wconf 74' lang='grc' dir='ltr'>ἔθιμα,</span> <span class='ocrx_word' id='word_1_381' title='bbox 712 4424 942 4494; x_wconf 85' lang='grc' dir='ltr'>τετράδα</span> <span class='ocrx_word' id='word_1_382' title='bbox 989 4421 1082 4476; x_wconf 77' lang='grc' dir='ltr'><strong>καὶ</strong></span> <span class='ocrx_word' id='word_1_383' title='bbox 1123 4421 1475 4492; x_wconf 79' lang='grc' dir='ltr'>παρασκευὴν</span> <span class='ocrx_word' id='word_1_384' title='bbox 1505 4419 1783 4488; x_wconf 85' lang='grc' dir='ltr'>νηστεύειν</span> <span class='ocrx_word' id='word_1_385' title='bbox 1825 4419 1916 4472; x_wconf 78' lang='grc' dir='ltr'><strong>καὶ</strong></span> <span class='ocrx_word' id='word_1_386' title='bbox 1945 4418 2054 4470; x_wconf 80' lang='grc' dir='ltr'><strong>Κυ-</strong></span> 
     </span>
    </p>
   </div>
   <div class='ocr_carea' id='block_1_62' title="bbox 497 4507 2050 4589">
    <p class='ocr_par' dir='ltr' id='par_1_62' title="bbox 497 4507 2050 4589">
     <span class='ocr_line' id='line_1_62' title="bbox 497 4507 2050 4589; baseline -0.007 -18"><span class='ocrx_word' id='word_1_387' title='bbox 497 4518 688 4589; x_wconf 78' lang='grc' dir='ltr'>ριακὴν</span> <span class='ocrx_word' id='word_1_388' title='bbox 717 4516 928 4587; x_wconf 84' lang='grc' dir='ltr'>ἀργεῖν,</span> <span class='ocrx_word' id='word_1_389' title='bbox 953 4514 1080 4576; x_wconf 80' lang='grc' dir='ltr'>τοὺς</span> <span class='ocrx_word' id='word_1_390' title='bbox 1102 4511 1386 4574; x_wconf 83' lang='grc' dir='ltr'>Ἰουδαίους</span> <span class='ocrx_word' id='word_1_391' title='bbox 1427 4510 1643 4572; x_wconf 84' lang='grc' dir='ltr'>οίκέτας</span> <span class='ocrx_word' id='word_1_392' title='bbox 1670 4509 1744 4578; x_wconf 82' lang='grc' dir='ltr'>μὴ</span> <span class='ocrx_word' id='word_1_393' title='bbox 1775 4507 2050 4576; x_wconf 85' lang='grc' dir='ltr'>ὠνεῖσθαι,</span> 
     </span>
    </p>
   </div>
   <div class='ocr_carea' id='block_1_63' title="bbox 493 4599 2054 4678">
    <p class='ocr_par' dir='ltr' id='par_1_63' title="bbox 493 4599 2054 4678">
     <span class='ocr_line' id='line_1_63' title="bbox 493 4599 2054 4678; baseline -0.006 -16"><span class='ocrx_word' id='word_1_394' title='bbox 493 4614 585 4663; x_wconf 78' lang='grc' dir='ltr'><strong>καὶ</strong></span> <span class='ocrx_word' id='word_1_395' title='bbox 630 4607 850 4678; x_wconf 83' lang='grc' dir='ltr'>σταυρῷ</span> <span class='ocrx_word' id='word_1_396' title='bbox 917 4607 1114 4675; x_wconf 82' lang='grc' dir='ltr'>μηκέτι</span> <span class='ocrx_word' id='word_1_397' title='bbox 1179 4601 1636 4667; x_wconf 77' lang='grc' dir='ltr'>καταδικάξεσθαί</span> <span class='ocrx_word' id='word_1_398' title='bbox 1679 4617 1801 4654; x_wconf 86' lang='grc' dir='ltr'>τινα</span> <span class='ocrx_word' id='word_1_399' title='bbox 1856 4599 1944 4655; x_wconf 84' lang='grc' dir='ltr'>διὰ</span> <span class='ocrx_word' id='word_1_400' title='bbox 1993 4600 2054 4652; x_wconf 85' lang='grc' dir='ltr'><strong>τὸ</strong></span> 
     </span>
    </p>
   </div>
   <div class='ocr_carea' id='block_1_64' title="bbox 491 4693 2056 4773">
    <p class='ocr_par' dir='ltr' id='par_1_64' title="bbox 491 4693 2056 4773">
     <span class='ocr_line' id='line_1_64' title="bbox 491 4693 2056 4773; baseline -0.007 -19"><span class='ocrx_word' id='word_1_401' title='bbox 491 4703 625 4773; x_wconf 81' lang='grc' dir='ltr'>πρὸς</span> <span class='ocrx_word' id='word_1_402' title='bbox 677 4701 769 4753; x_wconf 80' lang='grc' dir='ltr'><strong>τὸν</strong></span> <span class='ocrx_word' id='word_1_403' title='bbox 811 4697 991 4768; x_wconf 82' lang='grc' dir='ltr'>τίμιον</span> <span class='ocrx_word' id='word_1_404' title='bbox 1025 4699 1254 4764; x_wconf 75' lang='grc' dir='ltr'>σταυρὸν</span> <span class='ocrx_word' id='word_1_405' title='bbox 1286 4693 1378 4748; x_wconf 76' lang='grc' dir='ltr'>τοῦ</span> <span class='ocrx_word' id='word_1_406' title='bbox 1419 4693 1656 4762; x_wconf 83' lang='grc' dir='ltr'>Χριστοῦ</span> <span class='ocrx_word' id='word_1_407' title='bbox 1689 4693 1872 4755; x_wconf 86' lang='grc' dir='ltr'>σέϐας.</span> <span class='ocrx_word' id='word_1_408' title='bbox 1901 4693 2056 4746; x_wconf 82' lang='grc' dir='ltr'>Μετὰ</span> 
     </span>
    </p>
   </div>
   <div class='ocr_carea' id='block_1_65' title="bbox 489 4785 2054 4855">
    <p class='ocr_par' dir='ltr' id='par_1_65' title="bbox 489 4785 2054 4855">
     <span class='ocr_line' id='line_1_65' title="bbox 489 4785 2054 4855; baseline -0.005 -11"><span class='ocrx_word' id='word_1_409' title='bbox 489 4794 595 4844; x_wconf 80' lang='grc' dir='ltr'><strong>τῶν</strong></span> <span class='ocrx_word' id='word_1_410' title='bbox 627 4791 803 4845; x_wconf 75' lang='grc' dir='ltr'>ἄλλων</span> <span class='ocrx_word' id='word_1_411' title='bbox 839 4789 896 4841; x_wconf 81' lang='grc' dir='ltr'>δὲ</span> <span class='ocrx_word' id='word_1_412' title='bbox 935 4787 1028 4840; x_wconf 80' lang='grc' dir='ltr'><strong>καὶ</strong></span> <span class='ocrx_word' id='word_1_413' title='bbox 1057 4786 1156 4848; x_wconf 79' lang='grc' dir='ltr'><strong>τὰς</strong></span> <span class='ocrx_word' id='word_1_414' title='bbox 1200 4788 1298 4855; x_wconf 80' lang='grc' dir='ltr'>τῆς</span> <span class='ocrx_word' id='word_1_415' title='bbox 1327 4785 1618 4854; x_wconf 80' lang='grc' dir='ltr'>ἑϐδομάδος</span> <span class='ocrx_word' id='word_1_416' title='bbox 1651 4785 1860 4855; x_wconf 74' lang='grc' dir='ltr'>ἡμέρας</span> <span class='ocrx_word' id='word_1_417' title='bbox 1893 4800 2054 4854; x_wconf 86' lang='grc' dir='ltr'>μετο-</span> 
     </span>
    </p>
   </div>
   <div class='ocr_carea' id='block_1_66' title="bbox 2149 3685 3710 3754">
    <p class='ocr_par' dir='ltr' id='par_1_66' title="bbox 2149 3685 3710 3754">
     <span class='ocr_line' id='line_1_66' title="bbox 2149 3685 3710 3754; baseline 0.003 -15"><span class='ocrx_word' id='word_1_418' title='bbox 2149 3687 2344 3742; x_wconf 87' lang='lat' dir='ltr'><strong>eiabat.</strong></span> <span class='ocrx_word' id='word_1_419' title='bbox 2377 3687 2452 3740; x_wconf 90' lang='lat' dir='ltr'><strong>lbi</strong></span> <span class='ocrx_word' id='word_1_420' title='bbox 2485 3686 2554 3739; x_wconf 88' lang='lat' dir='ltr'><strong>de</strong></span> <span class='ocrx_word' id='word_1_421' title='bbox 2583 3685 2877 3754; x_wconf 86' lang='lat' dir='ltr'><strong>Capitolini</strong></span> <span class='ocrx_word' id='word_1_422' title='bbox 2909 3687 3063 3741; x_wconf 73' lang='lat' dir='ltr'><strong>lovis</strong></span> <span class='ocrx_word' id='word_1_423' title='bbox 3097 3689 3444 3744; x_wconf 80' lang='lat' dir='ltr'><strong>sacerdotum</strong></span> <span class='ocrx_word' id='word_1_424' title='bbox 3473 3694 3710 3745; x_wconf 80' lang='lat' dir='ltr'><strong>consilio</strong></span> 
     </span>
    </p>
   </div>
   <div class='ocr_carea' id='block_1_67' title="bbox 2150 3778 3707 3851">
    <p class='ocr_par' dir='ltr' id='par_1_67' title="bbox 2150 3778 3707 3851">
     <span class='ocr_line' id='line_1_67' title="bbox 2150 3778 3707 3851; baseline 0.003 -19"><span class='ocrx_word' id='word_1_425' title='bbox 2150 3778 2328 3848; x_wconf 76' lang='lat' dir='ltr'><strong>colligi</strong></span> <span class='ocrx_word' id='word_1_426' title='bbox 2361 3778 2580 3847; x_wconf 88' lang='lat' dir='ltr'><strong>quidam</strong></span> <span class='ocrx_word' id='word_1_427' title='bbox 2615 3778 2854 3833; x_wconf 79' lang='lat' dir='ltr'><strong>infantes</strong></span> <span class='ocrx_word' id='word_1_428' title='bbox 2876 3780 3012 3849; x_wconf 87' lang='lat' dir='ltr'><strong>jussi</strong></span> <span class='ocrx_word' id='word_1_429' title='bbox 3039 3789 3189 3844; x_wconf 89' lang='lat' dir='ltr'><strong>sunt,</strong></span> <span class='ocrx_word' id='word_1_430' title='bbox 3214 3782 3267 3834; x_wconf 92' lang='lat' dir='ltr'><strong>in</strong></span> <span class='ocrx_word' id='word_1_431' title='bbox 3295 3797 3530 3851; x_wconf 89' lang='lat' dir='ltr'><strong>quorum</strong></span> <span class='ocrx_word' id='word_1_432' title='bbox 3565 3786 3707 3837; x_wconf 84' lang='lat' dir='ltr'><strong>oeci-</strong></span> 
     </span>
    </p>
   </div>
   <div class='ocr_carea' id='block_1_68' title="bbox 2149 3869 3706 3940">
    <p class='ocr_par' dir='ltr' id='par_1_68' title="bbox 2149 3869 3706 3940">
     <span class='ocr_line' id='line_1_68' title="bbox 2149 3869 3706 3940; baseline 0.002 -17"><span class='ocrx_word' id='word_1_433' title='bbox 2149 3883 2333 3923; x_wconf 84' lang='lat' dir='ltr'><strong>sorum</strong></span> <span class='ocrx_word' id='word_1_434' title='bbox 2375 3871 2692 3940; x_wconf 83' lang='lat' dir='ltr'><strong>sanguinem</strong></span> <span class='ocrx_word' id='word_1_435' title='bbox 2737 3869 2851 3938; x_wconf 89' lang='lat' dir='ltr'><strong>ipse</strong></span> <span class='ocrx_word' id='word_1_436' title='bbox 2880 3885 3095 3924; x_wconf 89' lang='lat' dir='ltr'><strong>mersus</strong></span> <span class='ocrx_word' id='word_1_437' title='bbox 3131 3872 3324 3925; x_wconf 88' lang='lat' dir='ltr'><strong>morbo</strong></span> <span class='ocrx_word' id='word_1_438' title='bbox 3355 3873 3460 3926; x_wconf 93' lang='lat' dir='ltr'><strong>isto</strong></span> <span class='ocrx_word' id='word_1_439' title='bbox 3507 3875 3706 3927; x_wconf 81' lang='lat' dir='ltr'><strong>libera-</strong></span> 
     </span>
    </p>
   </div>
   <div class='ocr_carea' id='block_1_69' title="bbox 2109 3960 3715 4027">
    <p class='ocr_par' dir='ltr' id='par_1_69' title="bbox 2109 3960 3715 4027">
     <span class='ocr_line' id='line_1_69' title="bbox 2109 3960 3715 4027; baseline 0.002 -13"><span class='ocrx_word' id='word_1_440' title='bbox 2109 4011 2117 4018; x_wconf 84' lang='lat'><strong>.</strong></span> <span class='ocrx_word' id='word_1_441' title='bbox 2150 3969 2324 4014; x_wconf 89' lang='lat' dir='ltr'><strong>retur.</strong></span> <span class='ocrx_word' id='word_1_442' title='bbox 2357 3960 2490 4015; x_wconf 88' lang='lat' dir='ltr'><strong>Cum</strong></span> <span class='ocrx_word' id='word_1_443' title='bbox 2517 3971 2699 4015; x_wconf 90' lang='lat' dir='ltr'><strong>autem</strong></span> <span class='ocrx_word' id='word_1_444' title='bbox 2739 3960 2942 4015; x_wconf 85' lang='lat' dir='ltr'><strong>alicubi</strong></span> <span class='ocrx_word' id='word_1_445' title='bbox 2978 3961 3252 4016; x_wconf 89' lang='lat' dir='ltr'><strong>transiens</strong></span> <span class='ocrx_word' id='word_1_446' title='bbox 3283 3973 3488 4018; x_wconf 81' lang='lat' dir='ltr'><strong>matres</strong></span> <span class='ocrx_word' id='word_1_447' title='bbox 3527 3966 3715 4027; x_wconf 22' lang='lat' dir='ltr'><strong>infans</strong></span> 
     </span>
    </p>
   </div>
   <div class='ocr_carea' id='block_1_70' title="bbox 2151 4051 3706 4122">
    <p class='ocr_par' dir='ltr' id='par_1_70' title="bbox 2151 4051 3706 4122">
     <span class='ocr_line' id='line_1_70' title="bbox 2151 4051 3706 4122; baseline 0.002 -16"><span class='ocrx_word' id='word_1_448' title='bbox 2151 4060 2264 4106; x_wconf 89' lang='lat' dir='ltr'><strong>tum</strong></span> <span class='ocrx_word' id='word_1_449' title='bbox 2322 4053 2682 4108; x_wconf 84' lang='lat' dir='ltr'><strong>lamentantes</strong></span> <span class='ocrx_word' id='word_1_450' title='bbox 2729 4051 3030 4106; x_wconf 77' lang='lat' dir='ltr'><strong>audivisset</strong></span> <span class='ocrx_word' id='word_1_451' title='bbox 3083 4053 3436 4122; x_wconf 83' lang='lat' dir='ltr'><strong>ploratusque</strong></span> <span class='ocrx_word' id='word_1_452' title='bbox 3486 4072 3706 4109; x_wconf 86' lang='lat' dir='ltr'><strong>rausam</strong></span> 
     </span>
    </p>
   </div>
   <div class='ocr_carea' id='block_1_71' title="bbox 2154 4143 3709 4214">
    <p class='ocr_par' dir='ltr' id='par_1_71' title="bbox 2154 4143 3709 4214">
     <span class='ocr_line' id='line_1_71' title="bbox 2154 4143 3709 4214; baseline 0.001 -15"><span class='ocrx_word' id='word_1_453' title='bbox 2154 4145 2516 4214; x_wconf 85' lang='lat' dir='ltr'><strong>cognovisset,</strong></span> <span class='ocrx_word' id='word_1_454' title='bbox 2563 4165 2580 4195; x_wconf 78' lang='grc' dir='ltr'><strong>ι</strong></span> <span class='ocrx_word' id='word_1_455' title='bbox 2619 4145 2863 4206; x_wconf 62' lang='lat' dir='ltr'><strong>Praestat,</strong></span> <span class='ocrx_word' id='word_1_456' title='bbox 2899 4143 3094 4212; x_wconf 90' lang='lat' dir='ltr'><strong>inquit,</strong></span> <span class='ocrx_word' id='word_1_457' title='bbox 3133 4159 3218 4197; x_wconf 89' lang='lat' dir='ltr'><strong>me</strong></span> <span class='ocrx_word' id='word_1_458' title='bbox 3269 4145 3368 4198; x_wconf 93' lang='lat' dir='ltr'><strong>hoc</strong></span> <span class='ocrx_word' id='word_1_459' title='bbox 3421 4147 3582 4199; x_wconf 85' lang='lat' dir='ltr'><strong>modo</strong></span> <span class='ocrx_word' id='word_1_460' title='bbox 3611 4163 3709 4200; x_wconf 77' lang='lat' dir='ltr'><strong>ex-</strong></span> 
     </span>
    </p>
   </div>
   <div class='ocr_carea' id='block_1_72' title="bbox 2152 4234 3712 4306">
    <p class='ocr_par' dir='ltr' id='par_1_72' title="bbox 2152 4234 3712 4306">
     <span class='ocr_line' id='line_1_72' title="bbox 2152 4234 3712 4306; baseline 0.001 -15"><span class='ocrx_word' id='word_1_461' title='bbox 2152 4236 2382 4291; x_wconf 86' lang='lat' dir='ltr'><strong>cruciari</strong></span> <span class='ocrx_word' id='word_1_462' title='bbox 2429 4251 2586 4304; x_wconf 82' lang='lat' dir='ltr'><strong>quant</strong></span> <span class='ocrx_word' id='word_1_463' title='bbox 2629 4243 2709 4289; x_wconf 90' lang='lat' dir='ltr'><strong>tot</strong></span> <span class='ocrx_word' id='word_1_464' title='bbox 2737 4235 2970 4288; x_wconf 79' lang='lat' dir='ltr'><strong>infantes</strong></span> <span class='ocrx_word' id='word_1_465' title='bbox 3014 4234 3268 4290; x_wconf 84' lang='lat' dir='ltr'><strong>interﬁci.</strong></span> <span class='ocrx_word' id='word_1_466' title='bbox 3304 4255 3322 4288; x_wconf 78' lang='grc' dir='ltr'><strong>ι</strong></span> <span class='ocrx_word' id='word_1_467' title='bbox 3367 4235 3712 4306; x_wconf 83' lang='lat' dir='ltr'><strong>Quapropter</strong></span> 
     </span>
    </p>
   </div>
   <div class='ocr_carea' id='block_1_73' title="bbox 2154 4327 3708 4396">
    <p class='ocr_par' dir='ltr' id='par_1_73' title="bbox 2154 4327 3708 4396">
     <span class='ocr_line' id='line_1_73' title="bbox 2154 4327 3708 4396; baseline -0.001 -14"><span class='ocrx_word' id='word_1_468' title='bbox 2154 4339 2321 4382; x_wconf 86' lang='lat' dir='ltr'><strong>noctu</strong></span> <span class='ocrx_word' id='word_1_469' title='bbox 2352 4327 2454 4382; x_wconf 89' lang='lat' dir='ltr'><strong>sibi</strong></span> <span class='ocrx_word' id='word_1_470' title='bbox 2491 4328 2679 4382; x_wconf 88' lang='lat' dir='ltr'><strong>videre</strong></span> <span class='ocrx_word' id='word_1_471' title='bbox 2709 4327 2861 4380; x_wconf 67' lang='lat' dir='ltr'><strong>visus</strong></span> <span class='ocrx_word' id='word_1_472' title='bbox 2887 4336 2969 4379; x_wconf 88' lang='lat' dir='ltr'><strong>est</strong></span> <span class='ocrx_word' id='word_1_473' title='bbox 3004 4336 3246 4380; x_wconf 85' lang='lat' dir='ltr'><strong>astantes</strong></span> <span class='ocrx_word' id='word_1_474' title='bbox 3279 4328 3581 4394; x_wconf 90' lang='lat' dir='ltr'><strong>apostolos,</strong></span> <span class='ocrx_word' id='word_1_475' title='bbox 3615 4331 3708 4396; x_wconf 83' lang='lat' dir='ltr'><strong>qui</strong></span> 
     </span>
    </p>
   </div>
   <div class='ocr_carea' id='block_1_74' title="bbox 2155 4417 3712 4474">
    <p class='ocr_par' dir='ltr' id='par_1_74' title="bbox 2155 4417 3712 4474">
     <span class='ocr_line' id='line_1_74' title="bbox 2155 4417 3712 4474; baseline -0.001 0"><span class='ocrx_word' id='word_1_476' title='bbox 2155 4426 2447 4474; x_wconf 89' lang='lat' dir='ltr'><strong>monerent</strong></span> <span class='ocrx_word' id='word_1_477' title='bbox 2480 4428 2540 4472; x_wconf 89' lang='lat' dir='ltr'><strong>ut</strong></span> <span class='ocrx_word' id='word_1_478' title='bbox 2578 4419 2901 4472; x_wconf 77' lang='lat' dir='ltr'><strong>Silvestrum</strong></span> <span class='ocrx_word' id='word_1_479' title='bbox 2951 4417 3254 4470; x_wconf 86' lang='lat' dir='ltr'><strong>antistitem</strong></span> <span class='ocrx_word' id='word_1_480' title='bbox 3291 4428 3615 4472; x_wconf 87' lang='lat' dir='ltr'><strong>arcesseret.</strong></span> <span class='ocrx_word' id='word_1_481' title='bbox 3660 4418 3712 4472; x_wconf 88' lang='lat' dir='ltr'><strong>ls</strong></span> 
     </span>
    </p>
   </div>
   <div class='ocr_carea' id='block_1_75' title="bbox 2155 4508 3711 4578">
    <p class='ocr_par' dir='ltr' id='par_1_75' title="bbox 2155 4508 3711 4578">
     <span class='ocr_line' id='line_1_75' title="bbox 2155 4508 3711 4578; baseline -0.001 -14"><span class='ocrx_word' id='word_1_482' title='bbox 2155 4526 2277 4564; x_wconf 83' lang='lat' dir='ltr'><strong>eum</strong></span> <span class='ocrx_word' id='word_1_483' title='bbox 2305 4509 2603 4578; x_wconf 86' lang='lat' dir='ltr'><strong>perductus</strong></span> <span class='ocrx_word' id='word_1_484' title='bbox 2643 4510 2710 4562; x_wconf 87' lang='lat' dir='ltr'><strong>ad</strong></span> <span class='ocrx_word' id='word_1_485' title='bbox 2750 4508 3164 4562; x_wconf 85' lang='lat' dir='ltr'><strong>Constantinum</strong></span> <span class='ocrx_word' id='word_1_486' title='bbox 3189 4517 3352 4575; x_wconf 87' lang='lat' dir='ltr'><strong>esset,</strong></span> <span class='ocrx_word' id='word_1_487' title='bbox 3378 4509 3711 4578; x_wconf 82' lang='lat' dir='ltr'><strong>baptizatum</strong></span> 
     </span>
    </p>
   </div>
   <div class='ocr_carea' id='block_1_76' title="bbox 2155 4600 3709 4671">
    <p class='ocr_par' dir='ltr' id='par_1_76' title="bbox 2155 4600 3709 4671">
     <span class='ocr_line' id='line_1_76' title="bbox 2155 4600 3709 4671; baseline 0 -16"><span class='ocrx_word' id='word_1_488' title='bbox 2155 4603 2304 4671; x_wconf 89' lang='lat' dir='ltr'><strong>lepra</strong></span> <span class='ocrx_word' id='word_1_489' title='bbox 2336 4601 2608 4655; x_wconf 85' lang='lat' dir='ltr'><strong>liberavit.</strong></span> <span class='ocrx_word' id='word_1_490' title='bbox 2640 4600 2717 4653; x_wconf 82' lang='lat' dir='ltr'><strong>Ex</strong></span> <span class='ocrx_word' id='word_1_491' title='bbox 2747 4616 2854 4668; x_wconf 90' lang='lat' dir='ltr'><strong>quo</strong></span> <span class='ocrx_word' id='word_1_492' title='bbox 2892 4614 3024 4652; x_wconf 82' lang='lat' dir='ltr'><strong>sane</strong></span> <span class='ocrx_word' id='word_1_493' title='bbox 3067 4609 3310 4668; x_wconf 88' lang='lat' dir='ltr'><strong>tempore</strong></span> <span class='ocrx_word' id='word_1_494' title='bbox 3351 4615 3578 4670; x_wconf 85' lang='lat' dir='ltr'><strong>magnus</strong></span> <span class='ocrx_word' id='word_1_495' title='bbox 3619 4601 3709 4655; x_wconf 90' lang='lat' dir='ltr'><strong>hic</strong></span> 
     </span>
    </p>
   </div>
   <div class='ocr_carea' id='block_1_77' title="bbox 2156 4692 3712 4763">
    <p class='ocr_par' dir='ltr' id='par_1_77' title="bbox 2156 4692 3712 4763">
     <span class='ocr_line' id='line_1_77' title="bbox 2156 4692 3712 4763; baseline -0.001 -15"><span class='ocrx_word' id='word_1_496' title='bbox 2156 4694 2455 4763; x_wconf 88' lang='lat' dir='ltr'><strong>imperator</strong></span> <span class='ocrx_word' id='word_1_497' title='bbox 2501 4700 2787 4760; x_wconf 88' lang='lat' dir='ltr'><strong>tantopere</strong></span> <span class='ocrx_word' id='word_1_498' title='bbox 2821 4692 2978 4745; x_wconf 75' lang='lat' dir='ltr'><strong>{idem</strong></span> <span class='ocrx_word' id='word_1_499' title='bbox 3027 4692 3416 4762; x_wconf 81' lang='lat' dir='ltr'><strong>propugnavit,</strong></span> <span class='ocrx_word' id='word_1_500' title='bbox 3450 4703 3509 4750; x_wconf 83' lang='lat' dir='ltr'><strong>ut</strong></span> <span class='ocrx_word' id='word_1_501' title='bbox 3543 4693 3712 4757; x_wconf 81' lang='lat' dir='ltr'><strong>etiam</strong></span> 
     </span>
    </p>
   </div>
   <div class='ocr_carea' id='block_1_78' title="bbox 2155 4770 3714 4854">
    <p class='ocr_par' dir='ltr' id='par_1_78' title="bbox 2155 4770 3714 4854">
     <span class='ocr_line' id='line_1_78' title="bbox 2155 4770 3714 4854; baseline 0.002 -15"><span class='ocrx_word' id='word_1_502' title='bbox 2155 4770 2280 4853; x_wconf 50' lang='lat' dir='ltr'><strong>ipse.</strong></span> <span class='ocrx_word' id='word_1_503' title='bbox 2327 4783 2634 4854; x_wconf 68' lang='lat' dir='ltr'><strong>praastanda</strong></span> <span class='ocrx_word' id='word_1_504' title='bbox 2685 4782 2984 4851; x_wconf 87' lang='lat' dir='ltr'><strong>susciperet</strong></span> <span class='ocrx_word' id='word_1_505' title='bbox 3041 4785 3222 4839; x_wconf 86' lang='lat' dir='ltr'><strong>omnia</strong></span> <span class='ocrx_word' id='word_1_506' title='bbox 3283 4799 3404 4846; x_wconf 59' lang='lat' dir='ltr'><strong>qua!</strong></span> <span class='ocrx_word' id='word_1_507' title='bbox 3454 4785 3508 4839; x_wconf 91' lang='lat' dir='ltr'><strong>in</strong></span> <span class='ocrx_word' id='word_1_508' title='bbox 3561 4801 3714 4842; x_wconf 69' lang='lat' dir='ltr'><strong>more.</strong></span> 
     </span>
    </p>
   </div>
   <div class='ocr_carea' id='block_1_79' title="bbox 492 4873 2102 4953">
    <p class='ocr_par' dir='ltr' id='par_1_79' title="bbox 492 4874 2102 4953">
     <span class='ocr_line' id='line_1_79' title="bbox 492 4874 2102 4953; baseline -0.002 -21"><span class='ocrx_word' id='word_1_509' title='bbox 492 4879 733 4949; x_wconf 76' lang='grc' dir='ltr'>νομάξει,</span> <span class='ocrx_word' id='word_1_510' title='bbox 786 4877 896 4932; x_wconf 81' lang='grc' dir='ltr'><strong>ἀπὸ</strong></span> <span class='ocrx_word' id='word_1_511' title='bbox 940 4875 1148 4946; x_wconf 82' lang='grc' dir='ltr'>Κρόνου</span> <span class='ocrx_word' id='word_1_512' title='bbox 1178 4875 1272 4928; x_wconf 77' lang='grc' dir='ltr'>καὶ</span> <span class='ocrx_word' id='word_1_513' title='bbox 1311 4876 1505 4944; x_wconf 83' lang='grc' dir='ltr'>’Δρεος</span> <span class='ocrx_word' id='word_1_514' title='bbox 1556 4875 1651 4928; x_wconf 71' lang='grc' dir='ltr'><strong>καὶ</strong></span> <span class='ocrx_word' id='word_1_515' title='bbox 1696 4875 1804 4928; x_wconf 85' lang='grc' dir='ltr'><strong>τῶν</strong></span> <span class='ocrx_word' id='word_1_516' title='bbox 1852 4874 2102 4953; x_wconf 61' lang='grc' dir='ltr'>λοιπῶν,</span> 
     </span>
    </p>
   </div>
   <div class='ocr_carea' id='block_1_80' title="bbox 2146 4873 3712 4953">
    <p class='ocr_par' dir='ltr' id='par_1_80' title="bbox 2157 4873 3712 4945">
     <span class='ocr_line' id='line_1_80' title="bbox 2157 4873 3712 4945; baseline 0 -13"><span class='ocrx_word' id='word_1_517' title='bbox 2157 4875 2484 4932; x_wconf 82' lang='lat' dir='ltr'><strong>Christianis</strong></span> <span class='ocrx_word' id='word_1_518' title='bbox 2512 4883 2596 4928; x_wconf 90' lang='lat' dir='ltr'><strong>est</strong></span> <span class='ocrx_word' id='word_1_519' title='bbox 2641 4873 2954 4928; x_wconf 87' lang='lat' dir='ltr'><strong>observare.</strong></span> <span class='ocrx_word' id='word_1_520' title='bbox 2983 4874 3118 4929; x_wconf 87' lang='lat' dir='ltr'><strong>Nam</strong></span> <span class='ocrx_word' id='word_1_521' title='bbox 3163 4884 3220 4932; x_wconf 87' lang='lat' dir='ltr'><strong>et</strong></span> <span class='ocrx_word' id='word_1_522' title='bbox 3245 4885 3439 4945; x_wconf 88' lang='lat' dir='ltr'><strong>quarta</strong></span> <span class='ocrx_word' id='word_1_523' title='bbox 3488 4876 3621 4931; x_wconf 78' lang='lat' dir='ltr'><strong>feria</strong></span> <span class='ocrx_word' id='word_1_524' title='bbox 3657 4891 3712 4940; x_wconf 80' lang='lat' dir='ltr'><strong>et</strong></span> 
     </span>
    </p>
   </div>
   <div class='ocr_carea' id='block_1_81' title="bbox 487 4969 1576 5043">
    <p class='ocr_par' dir='ltr' id='par_1_81' title="bbox 487 4969 1576 5043">
     <span class='ocr_line' id='line_1_81' title="bbox 487 4969 1576 5043; baseline -0.008 -17"><span class='ocrx_word' id='word_1_525' title='bbox 487 4973 730 5043; x_wconf 84' lang='grc' dir='ltr'>ἀστέρων</span> <span class='ocrx_word' id='word_1_526' title='bbox 754 4969 1160 5040; x_wconf 74' lang='grc' dir='ltr'>ὀνομαζομένας</span> <span class='ocrx_word' id='word_1_527' title='bbox 1190 4969 1253 5021; x_wconf 80' lang='grc' dir='ltr'>τδ</span> <span class='ocrx_word' id='word_1_528' title='bbox 1293 4969 1576 5036; x_wconf 81' lang='grc' dir='ltr'>πρότερον.</span> 
     </span>
    </p>
   </div>
   <div class='ocr_carea' id='block_1_82' title="bbox 2150 4965 3711 5042">
    <p class='ocr_par' dir='ltr' id='par_1_82' title="bbox 2150 4965 3711 5042">
     <span class='ocr_line' id='line_1_82' title="bbox 2150 4965 3711 5042; baseline 0.001 -19"><span class='ocrx_word' id='word_1_529' title='bbox 2150 4966 2568 5042; x_wconf 64' lang='lat' dir='ltr'><strong>“praeparationis</strong></span> <span class='ocrx_word' id='word_1_530' title='bbox 2592 4965 2678 5019; x_wconf 90' lang='lat' dir='ltr'><strong>die</strong></span> <span class='ocrx_word' id='word_1_531' title='bbox 2704 4965 3024 5035; x_wconf 84' lang='lat' dir='ltr'><strong>jejunabat;</strong></span> <span class='ocrx_word' id='word_1_532' title='bbox 3052 4968 3202 5022; x_wconf 89' lang='lat' dir='ltr'><strong>omni</strong></span> <span class='ocrx_word' id='word_1_533' title='bbox 3226 4984 3391 5037; x_wconf 88' lang='lat' dir='ltr'><strong>opere</strong></span> <span class='ocrx_word' id='word_1_534' title='bbox 3416 4968 3506 5023; x_wconf 88' lang='lat' dir='ltr'><strong>die</strong></span> <span class='ocrx_word' id='word_1_535' title='bbox 3531 4970 3711 5024; x_wconf 86' lang='lat' dir='ltr'><strong>Domi-</strong></span> 
     </span>
    </p>
   </div>
   <div class='ocr_carea' id='block_1_83' title="bbox 489 5055 3703 5128">
    <p class='ocr_par' dir='ltr' id='par_1_83' title="bbox 489 5055 3703 5128">
     <span class='ocr_line' id='line_1_83' title="bbox 489 5055 3703 5128; baseline 0.002 -19"><span class='ocrx_word' id='word_1_536' title='bbox 489 5064 615 5118; x_wconf 79' lang='lat' dir='ltr'><strong>ni-co</strong></span> <span class='ocrx_word' id='word_1_537' title='bbox 639 5061 902 5127; x_wconf 82' lang='lat' dir='ltr'><strong>vacabat;</strong></span> <span class='ocrx_word' id='word_1_538' title='bbox 964 5058 1235 5127; x_wconf 79' lang='lat' dir='ltr'><strong>mancipia</strong></span> <span class='ocrx_word' id='word_1_539' title='bbox 1291 5056 1554 5110; x_wconf 72' lang='lat' dir='ltr'><strong>Judarinc</strong></span> <span class='ocrx_word' id='word_1_540' title='bbox 1579 5055 1837 5128; x_wconf 84' lang='lat' dir='ltr'><strong>deinceps</strong></span> <span class='ocrx_word' id='word_1_541' title='bbox 1859 5071 2113 5116; x_wconf 84' lang='lat' dir='ltr'><strong>emerent</strong></span> <span class='ocrx_word' id='word_1_542' title='bbox 2150 5059 2402 5120; x_wconf 83' lang='lat' dir='ltr'><strong>vetabat;</strong></span> <span class='ocrx_word' id='word_1_543' title='bbox 2437 5057 2502 5112; x_wconf 89' lang='lat' dir='ltr'><strong>ad</strong></span> <span class='ocrx_word' id='word_1_544' title='bbox 2547 5069 2765 5109; x_wconf 90' lang='lat' dir='ltr'><strong>crucem</strong></span> <span class='ocrx_word' id='word_1_545' title='bbox 2806 5056 3080 5110; x_wconf 91' lang='lat' dir='ltr'><strong>neminem</strong></span> <span class='ocrx_word' id='word_1_546' title='bbox 3117 5059 3350 5128; x_wconf 87' lang='lat' dir='ltr'><strong>amplius</strong></span> <span class='ocrx_word' id='word_1_547' title='bbox 3381 5059 3703 5114; x_wconf 88' lang='lat' dir='ltr'><strong>condemna-</strong></span> 
     </span>
    </p>
   </div>
   <div class='ocr_carea' id='block_1_84' title="bbox 486 5148 3706 5226">
    <p class='ocr_par' dir='ltr' id='par_1_84' title="bbox 486 5148 3706 5226">
     <span class='ocr_line' id='line_1_84' title="bbox 486 5148 3706 5226; baseline -0.001 -14"><span class='ocrx_word' id='word_1_548' title='bbox 486 5158 599 5225; x_wconf 89' lang='lat' dir='ltr'><strong>bat,</strong></span> <span class='ocrx_word' id='word_1_549' title='bbox 651 5166 709 5211; x_wconf 92' lang='lat' dir='ltr'><strong>ut</strong></span> <span class='ocrx_word' id='word_1_550' title='bbox 764 5155 1021 5226; x_wconf 69' lang='lat' dir='ltr'><strong>pretiosa:</strong></span> <span class='ocrx_word' id='word_1_551' title='bbox 1073 5151 1222 5207; x_wconf 88' lang='lat' dir='ltr'><strong>cruci</strong></span> <span class='ocrx_word' id='word_1_552' title='bbox 1271 5148 1478 5204; x_wconf 87' lang='lat' dir='ltr'><strong>Christi</strong></span> <span class='ocrx_word' id='word_1_553' title='bbox 1545 5151 1858 5221; x_wconf 75' lang='lat' dir='ltr'><strong>religiosum</strong></span> <span class='ocrx_word' id='word_1_554' title='bbox 1910 5155 2060 5211; x_wconf 84' lang='lat' dir='ltr'><strong>hunc</strong></span> <span class='ocrx_word' id='word_1_555' title='bbox 2099 5157 2365 5212; x_wconf 85' lang='lat' dir='ltr'><strong>honorem</strong></span> <span class='ocrx_word' id='word_1_556' title='bbox 2399 5153 2659 5210; x_wconf 79' lang='lat' dir='ltr'><strong>deferret.</strong></span> <span class='ocrx_word' id='word_1_557' title='bbox 2706 5151 2850 5206; x_wconf 84' lang='lat' dir='ltr'><strong>inter</strong></span> <span class='ocrx_word' id='word_1_558' title='bbox 2911 5151 3014 5206; x_wconf 86' lang='lat' dir='ltr'><strong>alia</strong></span> <span class='ocrx_word' id='word_1_559' title='bbox 3043 5153 3237 5208; x_wconf 86' lang='lat' dir='ltr'><strong>diebus</strong></span> <span class='ocrx_word' id='word_1_560' title='bbox 3264 5156 3427 5210; x_wconf 88' lang='lat' dir='ltr'><strong>etiam</strong></span> <span class='ocrx_word' id='word_1_561' title='bbox 3456 5156 3706 5226; x_wconf 88' lang='lat' dir='ltr'><strong>septima-</strong></span> 
     </span>
    </p>
   </div>
   <div class='ocr_carea' id='block_1_85' title="bbox 485 5241 3387 5319">
    <p class='ocr_par' dir='ltr' id='par_1_85' title="bbox 485 5241 3387 5319">
     <span class='ocr_line' id='line_1_85' title="bbox 485 5241 3387 5319; baseline -0 -16"><span class='ocrx_word' id='word_1_562' title='bbox 485 5267 589 5313; x_wconf 68' lang='lat' dir='ltr'><strong>nae,</strong></span> <span class='ocrx_word' id='word_1_563' title='bbox 622 5251 714 5319; x_wconf 90' lang='lat' dir='ltr'><strong>qui</strong></span> <span class='ocrx_word' id='word_1_564' title='bbox 749 5249 905 5316; x_wconf 84' lang='lat' dir='ltr'><strong>prius</strong></span> <span class='ocrx_word' id='word_1_565' title='bbox 935 5263 964 5301; x_wconf 90' lang='lat' dir='ltr'><strong>a</strong></span> <span class='ocrx_word' id='word_1_566' title='bbox 1001 5245 1259 5310; x_wconf 89' lang='lat' dir='ltr'><strong>Saturno,</strong></span> <span class='ocrx_word' id='word_1_567' title='bbox 1296 5241 1487 5308; x_wconf 85' lang='lat' dir='ltr'><strong>Marte,</strong></span> <span class='ocrx_word' id='word_1_568' title='bbox 1519 5242 1794 5301; x_wconf 85' lang='lat' dir='ltr'><strong>sideribus</strong></span> <span class='ocrx_word' id='word_1_569' title='bbox 1827 5249 2040 5304; x_wconf 70' lang='lat' dir='ltr'><strong>caeteris</strong></span> <span class='ocrx_word' id='word_1_570' title='bbox 2077 5257 2552 5318; x_wconf 84' lang='lat' dir='ltr'><strong>nuncuparentur,</strong></span> <span class='ocrx_word' id='word_1_571' title='bbox 2586 5246 2722 5298; x_wconf 89' lang='lat' dir='ltr'><strong>alias</strong></span> <span class='ocrx_word' id='word_1_572' title='bbox 2753 5243 3144 5314; x_wconf 85' lang='lat' dir='ltr'><strong>appellationes</strong></span> <span class='ocrx_word' id='word_1_573' title='bbox 3171 5246 3387 5302; x_wconf 86' lang='lat' dir='ltr'><strong>indidit.</strong></span> 
     </span>
    </p>
   </div>
   <div class='ocr_carea' id='block_1_86' title="bbox 568 5337 2047 5412">
    <p class='ocr_par' dir='ltr' id='par_1_86' title="bbox 568 5337 2047 5412">
     <span class='ocr_line' id='line_1_86' title="bbox 568 5337 2047 5412; baseline -0.001 -18"><span class='ocrx_word' id='word_1_574' title='bbox 568 5345 630 5396; x_wconf 83' lang='grc' dir='ltr'><em>Ἢ</em></span> <span class='ocrx_word' id='word_1_575' title='bbox 669 5342 852 5412; x_wconf 78' lang='grc' dir='ltr'>μέντοι</span> <span class='ocrx_word' id='word_1_576' title='bbox 876 5339 970 5394; x_wconf 80' lang='grc' dir='ltr'><strong>τοῦ</strong></span> <span class='ocrx_word' id='word_1_577' title='bbox 1006 5338 1244 5409; x_wconf 73' lang='grc' dir='ltr'>μεγάλου</span> <span class='ocrx_word' id='word_1_578' title='bbox 1289 5337 1518 5405; x_wconf 79' lang='grc' dir='ltr'>σύζυγος</span> <span class='ocrx_word' id='word_1_579' title='bbox 1559 5337 1776 5392; x_wconf 79' lang='grc' dir='ltr'>Φαῦστα</span> <span class='ocrx_word' id='word_1_580' title='bbox 1803 5339 2047 5412; x_wconf 80' lang='grc' dir='ltr'>θυγάτηρ</span> 
     </span>
    </p>
   </div>
   <div class='ocr_carea' id='block_1_87' title="bbox 485 5431 2044 5504">
    <p class='ocr_par' dir='ltr' id='par_1_87' title="bbox 485 5431 2044 5504">
     <span class='ocr_line' id='line_1_87' title="bbox 485 5431 2044 5504; baseline -0.003 -14"><span class='ocrx_word' id='word_1_581' title='bbox 485 5435 869 5504; x_wconf 72' lang='grc' dir='ltr'>Μαξιμιανοῦ,</span> <span class='ocrx_word' id='word_1_582' title='bbox 944 5435 1010 5504; x_wconf 80' lang='grc' dir='ltr'><strong>ἣν</strong></span> <span class='ocrx_word' id='word_1_583' title='bbox 1062 5436 1119 5484; x_wconf 80' lang='grc' dir='ltr'><strong>ἐν</strong></span> <span class='ocrx_word' id='word_1_584' title='bbox 1175 5431 1387 5502; x_wconf 81' lang='grc' dir='ltr'>λουτρῷ</span> <span class='ocrx_word' id='word_1_585' title='bbox 1437 5431 1676 5502; x_wconf 80' lang='grc' dir='ltr'>πυρώδει</span> <span class='ocrx_word' id='word_1_586' title='bbox 1721 5433 1816 5500; x_wconf 79' lang='grc' dir='ltr'><strong>τὴν</strong></span> <span class='ocrx_word' id='word_1_587' title='bbox 1871 5433 2044 5503; x_wconf 76' lang='grc' dir='ltr'>ψυχὴν</span> 
     </span>
    </p>
   </div>
   <div class='ocr_carea' id='block_1_88' title="bbox 486 5523 2047 5598">
    <p class='ocr_par' dir='ltr' id='par_1_88' title="bbox 486 5523 2047 5598">
     <span class='ocr_line' id='line_1_88' title="bbox 486 5523 2047 5598; baseline -0.003 -17"><span class='ocrx_word' id='word_1_588' title='bbox 486 5527 794 5598; x_wconf 75' lang='grc' dir='ltr'>ἀπορρῆξαι</span> <span class='ocrx_word' id='word_1_589' title='bbox 831 5527 1007 5579; x_wconf 85' lang='grc' dir='ltr'>ποιεῖ·</span> <span class='ocrx_word' id='word_1_590' title='bbox 1043 5524 1103 5576; x_wconf 79' lang='grc' dir='ltr'>τὸ</span> <span class='ocrx_word' id='word_1_591' title='bbox 1155 5523 1212 5576; x_wconf 81' lang='grc' dir='ltr'>δὲ</span> <span class='ocrx_word' id='word_1_592' title='bbox 1271 5523 1443 5577; x_wconf 75' lang='grc' dir='ltr'>αἴτιον</span> <span class='ocrx_word' id='word_1_593' title='bbox 1496 5526 1524 5575; x_wconf 85' lang='grc' dir='ltr'>ὁ</span> <span class='ocrx_word' id='word_1_594' title='bbox 1567 5524 1832 5593; x_wconf 80' lang='grc' dir='ltr'>πρόγονος</span> <span class='ocrx_word' id='word_1_595' title='bbox 1876 5527 2047 5596; x_wconf 71' lang='grc' dir='ltr'>αὐτῆς</span> 
     </span>
    </p>
   </div>
   <div class='ocr_carea' id='block_1_89' title="bbox 557 5714 2038 5788">
    <p class='ocr_par' dir='ltr' id='par_1_89' title="bbox 557 5714 2038 5788">
     <span class='ocr_line' id='line_1_89' title="bbox 557 5714 2038 5788; baseline -0.003 -18"><span class='ocrx_word' id='word_1_596' title='bbox 557 5719 691 5788; x_wconf 78' lang='grc'><strong>(71⁸)</strong></span> <span class='ocrx_word' id='word_1_597' title='bbox 745 5717 875 5783; x_wconf 68' lang='grc' dir='ltr'>θυαε</span> <span class='ocrx_word' id='word_1_598' title='bbox 927 5719 991 5770; x_wconf 89' lang='lat' dir='ltr'><strong>de</strong></span> <span class='ocrx_word' id='word_1_599' title='bbox 1037 5715 1397 5788; x_wconf 75' lang='lat' dir='ltr'><strong>Constantino</strong></span> <span class='ocrx_word' id='word_1_600' title='bbox 1442 5714 1630 5784; x_wconf 82' lang='lat' dir='ltr'><strong>Magno</strong></span> <span class='ocrx_word' id='word_1_601' title='bbox 1684 5724 1870 5788; x_wconf 82' lang='lat' dir='ltr'><strong>narrat</strong></span> <span class='ocrx_word' id='word_1_602' title='bbox 1924 5714 2038 5788; x_wconf 71' lang='lat' dir='ltr'><strong>ple-</strong></span> 
     </span>
    </p>
   </div>
   <div class='ocr_carea' id='block_1_90' title="bbox 489 5784 2040 5858">
    <p class='ocr_par' dir='ltr' id='par_1_90' title="bbox 489 5784 2040 5858">
     <span class='ocr_line' id='line_1_90' title="bbox 489 5784 2040 5858; baseline -0.006 -16"><span class='ocrx_word' id='word_1_603' title='bbox 489 5784 681 5857; x_wconf 79' lang='lat' dir='ltr'><strong>raque</strong></span> <span class='ocrx_word' id='word_1_604' title='bbox 714 5797 963 5858; x_wconf 87' lang='lat' dir='ltr'><strong>suspecta</strong></span> <span class='ocrx_word' id='word_1_605' title='bbox 1014 5795 1162 5852; x_wconf 87' lang='lat' dir='ltr'><strong>sunt,</strong></span> <span class='ocrx_word' id='word_1_606' title='bbox 1218 5784 1524 5852; x_wconf 79' lang='lat' dir='ltr'><strong>t‘abulisquc</strong></span> <span class='ocrx_word' id='word_1_607' title='bbox 1571 5785 1854 5850; x_wconf 80' lang='lat' dir='ltr'><strong>permixta.</strong></span> <span class='ocrx_word' id='word_1_608' title='bbox 1915 5785 2040 5852; x_wconf 75' lang='lat' dir='ltr'><strong>tlp-Z-</strong></span> 
     </span>
    </p>
   </div>
   <div class='ocr_carea' id='block_1_91' title="bbox 2170 5337 3709 5407">
    <p class='ocr_par' dir='ltr' id='par_1_91' title="bbox 2170 5337 3709 5407">
     <span class='ocr_line' id='line_1_91' title="bbox 2170 5337 3709 5407; baseline -0.003 -9"><span class='ocrx_word' id='word_1_609' title='bbox 2170 5375 2172 5378; x_wconf 95' lang='lat'><strong><em>-</em></strong></span> <span class='ocrx_word' id='word_1_610' title='bbox 2226 5342 2457 5398; x_wconf 82' lang='lat' dir='ltr'><strong>Uxorem</strong></span> <span class='ocrx_word' id='word_1_611' title='bbox 2491 5339 2768 5404; x_wconf 87' lang='lat' dir='ltr'><strong>Faustam,</strong></span> <span class='ocrx_word' id='word_1_612' title='bbox 2797 5353 2918 5407; x_wconf 67' lang='lat' dir='ltr'><strong>quae</strong></span> <span class='ocrx_word' id='word_1_613' title='bbox 2960 5337 3266 5392; x_wconf 85' lang='lat' dir='ltr'><strong>Maximiani</strong></span> <span class='ocrx_word' id='word_1_614' title='bbox 3315 5347 3434 5393; x_wconf 88' lang='lat' dir='ltr'><strong>erat</strong></span> <span class='ocrx_word' id='word_1_615' title='bbox 3481 5338 3614 5403; x_wconf 82' lang='lat' dir='ltr'><strong>ﬁlia,</strong></span> <span class='ocrx_word' id='word_1_616' title='bbox 3656 5338 3709 5394; x_wconf 93' lang='lat' dir='ltr'><strong>in</strong></span> 
     </span>
    </p>
   </div>
   <div class='ocr_carea' id='block_1_92' title="bbox 2155 5429 3711 5501">
    <p class='ocr_par' dir='ltr' id='par_1_92' title="bbox 2155 5429 3711 5501">
     <span class='ocr_line' id='line_1_92' title="bbox 2155 5429 3711 5501; baseline -0.003 -13"><span class='ocrx_word' id='word_1_617' title='bbox 2155 5433 2351 5488; x_wconf 90' lang='lat' dir='ltr'><strong>balneo</strong></span> <span class='ocrx_word' id='word_1_618' title='bbox 2381 5447 2543 5501; x_wconf 86' lang='lat' dir='ltr'><strong>supra</strong></span> <span class='ocrx_word' id='word_1_619' title='bbox 2577 5431 2798 5484; x_wconf 77' lang='lat' dir='ltr'><strong>inodum</strong></span> <span class='ocrx_word' id='word_1_620' title='bbox 2841 5429 3070 5484; x_wconf 83' lang='lat' dir='ltr'><strong>ealfacto</strong></span> <span class='ocrx_word' id='word_1_621' title='bbox 3108 5431 3342 5486; x_wconf 84' lang='lat' dir='ltr'><strong>necavit.</strong></span> <span class='ocrx_word' id='word_1_622' title='bbox 3379 5429 3510 5498; x_wconf 85' lang='lat' dir='ltr'><strong>Ejus</strong></span> <span class='ocrx_word' id='word_1_623' title='bbox 3545 5444 3711 5484; x_wconf 78' lang='lat' dir='ltr'><strong>causa</strong></span> 
     </span>
    </p>
   </div>
   <div class='ocr_carea' id='block_1_93' title="bbox 2156 5521 3708 5592">
    <p class='ocr_par' dir='ltr' id='par_1_93' title="bbox 2156 5521 3708 5592">
     <span class='ocr_line' id='line_1_93' title="bbox 2156 5521 3708 5592; baseline -0.003 -14"><span class='ocrx_word' id='word_1_624' title='bbox 2156 5524 2260 5579; x_wconf 82' lang='lat' dir='ltr'><strong>fuit</strong></span> <span class='ocrx_word' id='word_1_625' title='bbox 2286 5525 2527 5589; x_wconf 84' lang='lat' dir='ltr'><strong>Priscus,</strong></span> <span class='ocrx_word' id='word_1_626' title='bbox 2559 5522 2770 5577; x_wconf 72' lang='lat' dir='ltr'><strong>Fausta:</strong></span> <span class='ocrx_word' id='word_1_627' title='bbox 2802 5523 3105 5592; x_wconf 85' lang='lat' dir='ltr'><strong>privignus,</strong></span> <span class='ocrx_word' id='word_1_628' title='bbox 3139 5523 3208 5575; x_wconf 88' lang='lat' dir='ltr'><strong>ob</strong></span> <span class='ocrx_word' id='word_1_629' title='bbox 3237 5535 3483 5574; x_wconf 71' lang='lat' dir='ltr'><strong>novercae</strong></span> <span class='ocrx_word' id='word_1_630' title='bbox 3517 5521 3708 5574; x_wconf 88' lang='lat' dir='ltr'><strong>crimi-</strong></span> 
     </span>
    </p>
   </div>
   <div class='ocr_carea' id='block_1_94' title="bbox 2144 5706 3707 5781">
    <p class='ocr_par' dir='ltr' id='par_1_94' title="bbox 2144 5706 3707 5781">
     <span class='ocr_line' id='line_1_94' title="bbox 2144 5706 3707 5781; baseline -0.003 -17"><span class='ocrx_word' id='word_1_631' title='bbox 2144 5729 2267 5772; x_wconf 75' lang='grc' dir='ltr'>σκος</span> <span class='ocrx_word' id='word_1_632' title='bbox 2297 5713 2458 5766; x_wconf 88' lang='lat' dir='ltr'><strong>etiam</strong></span> <span class='ocrx_word' id='word_1_633' title='bbox 2490 5715 2758 5781; x_wconf 85' lang='lat' dir='ltr'><strong>reperitur</strong></span> <span class='ocrx_word' id='word_1_634' title='bbox 2790 5711 2845 5764; x_wconf 92' lang='lat' dir='ltr'><strong>in</strong></span> <span class='ocrx_word' id='word_1_635' title='bbox 2880 5727 3012 5781; x_wconf 83' lang='lat' dir='ltr'><strong>mss.</strong></span> <span class='ocrx_word' id='word_1_636' title='bbox 3038 5711 3080 5763; x_wconf 85' lang='lat' dir='ltr'><strong>V</strong></span> <span class='ocrx_word' id='word_1_637' title='bbox 3105 5719 3173 5781; x_wconf 82' lang='lat' dir='ltr'><strong>et</strong></span> <span class='ocrx_word' id='word_1_638' title='bbox 3204 5707 3260 5772; x_wconf 60' lang='grc' dir='ltr'><strong>θ’,</strong></span> <span class='ocrx_word' id='word_1_639' title='bbox 3300 5724 3398 5776; x_wconf 88' lang='lat' dir='ltr'><strong>pro</strong></span> <span class='ocrx_word' id='word_1_640' title='bbox 3433 5724 3542 5781; x_wconf 82' lang='lat' dir='ltr'><strong>quo</strong></span> <span class='ocrx_word' id='word_1_641' title='bbox 3572 5706 3707 5781; x_wconf 85' lang='lat' dir='ltr'><strong>sub-</strong></span> 
     </span>
    </p>
   </div>
   <div class='ocr_carea' id='block_1_95' title="bbox 2151 5779 3708 5854">
    <p class='ocr_par' dir='ltr' id='par_1_95' title="bbox 2151 5779 3708 5854">
     <span class='ocr_line' id='line_1_95' title="bbox 2151 5779 3708 5854; baseline -0.003 -18"><span class='ocrx_word' id='word_1_642' title='bbox 2151 5783 2421 5852; x_wconf 85' lang='lat' dir='ltr'><strong>rogandus</strong></span> <span class='ocrx_word' id='word_1_643' title='bbox 2456 5779 2719 5853; x_wconf 73' lang='grc' dir='ltr'>Κρίσπος,</span> <span class='ocrx_word' id='word_1_644' title='bbox 2778 5792 2834 5835; x_wconf 81' lang='grc' dir='ltr'><strong>ιιι</strong></span> <span class='ocrx_word' id='word_1_645' title='bbox 2869 5780 3048 5834; x_wconf 79' lang='lat' dir='ltr'><strong>ontnis</strong></span> <span class='ocrx_word' id='word_1_646' title='bbox 3101 5780 3347 5847; x_wconf 83' lang='lat' dir='ltr'><strong>loquitur</strong></span> <span class='ocrx_word' id='word_1_647' title='bbox 3387 5779 3708 5854; x_wconf 67' lang='lat' dir='ltr'><strong>antiquitas.</strong></span> 
     </span>
    </p>
   </div>
  </div>
