4154 6200
465 299 563 362 467

1757 317 1812 376 Μ
1822 317 1910 378 lCl
1925 319 2170 390 [AELIS
2210 321 2464 384 ϐιΥΟιΕ

3582 319 3682 381 463

465 417 718 474 nationes
766 421 1108 485 interfectus,
1141 439 1303 493 quem
1335 425 1728 484 Constantinus
1755 444 1786 484 e
1815 447 2020 486 concu-

2124 435 2366 503 Κρίσπος
2402 435 2536 503 (72),
2577 434 2638 487 ὃν
2686 433 2748 488 ὲκ
2785 433 3064 502 παλλακῆς
3096 433 3254 500 ἔσχεν
3297 434 3324 484 6
3364 429 3554 500 μέγας.
3583 431 3682 482 Τὸν

468 508 592 560 bina
626 513 939 566 sustulerat.
976 515 1144 570 Filius
1191 529 1374 572 autem
1409 520 1674 589 reliquos.
1711 521 2025 577 Constanti-

470 615 620 664 num,
658 600 1007 658 Constantem
1063 617 1118 661 et
1165 608 1567 677 Constantium,
1616 629 1680 666 ex
1733 613 2023 670 Maximina

470 688 789 746 Diocletiani
838 694 946 749 ﬁlia
1007 700 1264 769 suscepit.
1315 702 1585 756 Castorum
1635 705 1736 759 hoc
1777 717 2023 775 tempore

467 779 711 835 Romanu
759 786 808 837 in
860 787 1129 857 Capitolio
1172 793 1394 860 quidam
1435 806 1557 850 erat
1588 798 1776 863 draco,
1809 800 2026 854 abditus

467 872 519 924 in
553 885 728 941 antro,
760 881 916 949 cujus
949 881 1246 939 descensus
1292 887 1397 941 565
1444 889 1643 958 gradus
1693 892 1948 947 habebat.
1980 893 2026 947 ls

411 1013 414 1018 .
467 969 667 1022 mullos
709 975 972 1027 mortales
1016 975 1246 1030 laedebat
1292 979 1475 1035 aﬂlatu
1533 997 1657 1048 suo,
1707 984 1752 1038 si
1805 987 2027 1054 quando

464 1065 618 1110 extra
654 1060 783 1114 illud
816 1074 1033 1118 antrum
1081 1079 1482 1136 prospectaret.
1518 1071 1624 1127 Sed
1674 1089 1904 1145 magnus
1935 1077 2026 1131 ille

468 1148 733 1204 Silvestcr
785 1167 911 1206 eum
977 1168 1195 1225 rogatus
1256 1159 1457 1215 ibidem
1510 1164 1759 1221 occlusit.
1821 1168 2026 1223 Deinde

433 1289 436 1292 .
468 1249 590 1306 lost
619 1241 827 1298 editum
857 1246 1202 1314 miraculum,
1231 1254 1376 1322 quod
1421 1256 1473 1308 in
1522 1266 1679 1312 tauro
1715 1260 2028 1316 immaniter

467 1347 612 1386 saevo
659 1335 927 1393 Silvester
959 1343 1276 1408 declaravit,
1311 1361 1435 1403 cum
1476 1350 1543 1404 de
1593 1352 1698 1408 fide
1739 1365 1924 1409 nostra
1971 1364 2028 1411 et

466 1422 778 1481 Judaeorum
811 1432 1074 1488 adversus
1107 1452 1360 1505 magnum
1395 1441 1545 1495 illum
1591 1444 1874 1499 Zambrem
1913 1448 2029 1502 dis-

470 1528 710 1585 putaret,
767 1522 882 1591 ipso
930 1525 1288 1583 Constantino
1339 1549 1532 1602 magno
1584 1548 1636 1590 ct
1683 1554 2026 1595 sacrosancta

470 1608 640 1676 ipsius
689 1623 858 1669 matre
921 1615 1124 1674 llelena
1172 1636 1457 1690 praesente,
1509 1645 1628 1696 qua:
1681 1640 1792 1683 tum
1847 1635 2027 1688 adhuc

468 1700 667 1756 obnixe
695 1704 1005 1763 Judaaorum
1050 1716 1295 1780 partibus
1346 1719 1680 1785 adhaerebat,
1731 1728 2024 1790 imperator

471 1790 628 1859 plane
667 1795 883 1852 divinus
912 1802 1125 1866 urbem,
1161 1822 1282 1874 qua:
1329 1809 1397 1862 ab
1453 1810 1623 1879 ipsius
1665 1817 1880 1874 nomine
1927 1833 2024 1883 ap-

470 1885 790 1952 pellaretur,
823 1893 1062 1948 condere
1103 1897 1361 1955 instituit.
1399 1901 1648 1973 Cumque
1690 1906 2026 1963 decrevisset

470 1975 585 2043 ipse
611 1992 793 2034 secum
826 1982 929 2038 hoc
965 1987 1185 2042 nomine
1227 2006 1419 2046 versus
1462 1994 1815 2052 Occidentem
1864 2001 2026 2068 profi-

468 2068 620 2134 cisci,
663 2089 756 2139 per
787 2076 1027 2144 quietem
1063 2081 1330 2149 impulsus
1358 2095 1442 2138 est
1473 2098 1531 2141 ut
1565 2088 1818 2144 instituto
1856 2093 2022 2160 priori

467 2159 661 2212 relicto
711 2163 814 2218 iter
863 2169 1008 2222 aliud
1063 2175 1462 2241 ingrederetur,
1509 2181 1654 2248 quod
1708 2159 2023 2252 Byzantium

466 2249 674 2304 scilicet
708 2253 952 2311 duceret.
989 2260 1106 2324 Quo
1154 2263 1355 2318 factum
1404 2278 1486 2323 est
1522 2279 1581 2322 ut
1625 2249 1768 2325 circa
1799 2274 2024 2328 Chalce-

467 2342 664 2396 doncm
694 2361 887 2415 magno
908 2353 1090 2406 studio
1113 2355 1411 2412 condendae
1435 2361 1555 2414 urbi
1582 2377 1804 2430 operam
1829 2363 1981 2420 daret
2008 2385 2022 2420 :

467 2433 562 2488 sed
591 2435 746 2489 irrito
772 2451 992 2507 conatu,
1021 2447 1166 2514 quod
1196 2449 1456 2505 nimirum
1485 2454 1703 2509 coalitus
1729 2456 2025 2526 impedire-

467 2535 576 2582 tur.
627 2530 760 2584 Nam
813 2536 1087 2602 proditum
1146 2552 1230 2596 est
1286 2547 1662 2602 monumentis
1713 2548 2022 2604 litterarum

464 2621 677 2688 aquilas
710 2624 1069 2696 instrumenta
1103 2634 1375 2689 artificum
1409 2650 1466 2692 ct
1497 2639 1772 2696 fabrorum
1799 2643 2026 2699 Chalce-

466 2710 609 2807 done
648 2729 896 2785 surrepta
932 2731 987 2775 et
1037 2732 1186 2780 trans
1229 2725 1426 2782 fretum
1463 2731 1756 2801 deportata
1782 2735 2022 2807 Byzantii

465 2801 808 2872 deposuisse.
836 2811 998 2883 249
1027 2815 1138 2871 lloc
1159 2820 1420 2888 oppidum
1446 2824 1718 2892 quondam
1746 2801 2022 2883 Heraclea:

465 2896 584 2951 sita:
635 2899 690 2954 in
729 2901 958 2959 Thracia
1007 2910 1420 2978 praeferebatur,
1469 2931 1654 2970 verum
1709 2918 2021 2989 huiusmodi

465 2990 698 3055 quadarn
747 3009 810 3048 ex
857 3012 1019 3052 causa
1070 3000 1342 3058 Heraclea:
1389 3006 1612 3077 subjicit
1653 3010 1838 3079 cmpit.
1899 3013 2024 3066 Erat

463 3093 592 3134 sane
624 3082 937 3154 Byzantium
975 3091 1106 3145 urbs
1151 3096 1491 3167 perantiqua,
1542 3109 1597 3155 et
1648 3103 1762 3155 suis
1812 3103 2092 3184 legibusc

463 3171 966 3234 administrabatur.
1009 3184 1112 3236 Sed
1149 3199 1406 3256 regnante
1441 3190 1644 3246 Severo
1692 3194 2030 3262 imperatore.

465 3262 710 3322 Romano
738 3272 914 3327 cincta
945 3275 1229 3333 obsidione
1269 3297 1296 3333 a
1347 3282 1622 3348 Romanis,
1675 3301 1798 3338 cum
1847 3296 2019 3340 totum

465 3357 758 3415 triennium
795 3367 1134 3422 obsidionem
1170 3372 1476 3437 tolerasset,
1507 3375 1725 3430 tandem
1774 3376 1826 3430 iu
1863 3377 2020 3432 dedi-

465 3447 666 3505 tionem
697 3457 867 3518 veuit,
900 3462 1042 3527 quod
1078 3464 1272 3518 incolis
1308 3469 1835 3538 commeatus'plane
1866 3469 2019 3524 defe-

2128 528 2309 595 μέντοι
2345 528 2769 591 Κωνσταντῐνον,
2805 528 3131 580 Κώνσταντα
3184 527 3277 579 καὶ
3311 525 3682 577 Κωνστάντιον

2125 620 2188 670 ἐκ
2223 619 2532 689 Ϊιίαξιμίνας
2589 622 2702 690 (75)
2760 622 2883 692 ἔσχε
2944 622 3216 692 θυγατρὸς
3273 618 3680 690 Διοκλητιανοῦ.

2137 710 2224 762 Ἑν
2252 711 2307 762 δέ
2334 729 2396 778 γε
2426 713 2502 780 τῷ
2540 714 2871 782 Καπετωλίῳ
2911 714 3128 784 Ῥώμης
3157 716 3213 765 ἕν
3250 731 3356 765 τινι
3391 711 3681 764 καταδύσει

2127 798 2365 869 βαθμοὺς
2418 803 2614 873 ἐχούσῃ
2653 802 2757 867 τξε¹
2784 805 2998 874 δράκων
3041 800 3106 874 ἦν
3154 804 3380 865 πολλοὺς
3433 802 3683 872 βλάπτων

2123 893 2200 962 τῷ
2231 895 2529 962 φυσήματι,
2566 897 2654 948 ὅτε
2690 895 2789 965 τῆς
2843 897 3185 955 καταδύσεως
3221 898 3590 964 παρέκυπτεν
3625 894 3683 946 δν

2129 990 2156 1040 6
2193 989 2364 1056 μέγας
2400 988 2722 1058 Σίλδεστρος
2763 989 3006 1042 ἔκλεισεν
3050 991 3225 1042 ἐκεῖσε
3283 986 3677 1056 παρακληθείς.

2127 1080 2279 1132 Μετὰ
2305 1079 2384 1132 ’δέ
2434 1097 2497 1147 γε
2536 1081 2596 1132 τὸ
2630 1080 2815 1150 θαῦμα
2866 1083 3041 1134 ἐκεῖνο
3095 1080 3230 1148 ὅπερ
3274 1081 3363 1131 ἐπὶ
3395 1079 3472 1148 τῷ
3506 1079 3680 1148 ἀγρίῳ

2126 1173 2315 1240 ταύρῳ
2358 1173 2662 1243 πεποίηκεν
2712 1175 2740 1226 6
2787 1173 3148 1245 Σίλδεστρος,
3186 1171 3348 1242 ἡνίκα
3397 1172 3534 1240 μετὰ
3586 1169 3679 1224 τοῦ

2128 1262 2362 1334 Ζαμδρῆ
2413 1265 2626 1320 ἐκείνου
2669 1264 2764 1317 τοῦ
2810 1266 2987 1334 μάγου
3022 1264 3147 1332 περί
3177 1280 3232 1316 τε
3263 1263 3358 1332 τῆς
3390 1263 3512 1316 καθ’
3539 1263 3680 1332 ἡμᾶς

2129 1354 2366 1417 πίστεως
2413 1357 2508 1408 καὶ
2550 1358 2647 1424 τῆς
2686 1355 2792 1408 τῶν
2830 1355 3107 1409 Ἰουδαίων
3153 1356 3424 1422 διελέγετο
3456 1355 3682 1407 ἐνώπιον

2129 1444 2222 1496 τοῦ
2251 1461 2308 1496 τε
2339 1446 2577 1512 μεγάλου
2609 1447 3024 1500 Κωνσταντίνου
3075 1449 3172 1520 καὶ,
3196 1447 3363 1514 αὐτῆς
3398 1447 3493 1515 τῆς
3523 1447 3682 1512 ἁγίας

2140 1533 2380 1598 Ἑλένης,
2417 1533 2493 1585 ἔτι
2519 1534 2597 1603 τῷ
2635 1535 2902 1587 Ἰουδαίων
2942 1538 3096 1603 μέρει
3127 1535 3519 1605 προσκειμένης
3550 1534 3681 1601 (74),

2132 1623 2286 1678 πόλιν
2316 1625 2396 1688 είς
2431 1624 2600 1694 ὄνομα
2627 1625 2793 1678 αὑτοῦ
2845 1629 3029 1678 κτίσαι
3079 1626 3330 1694 βούλεται
3361 1629 3388 1678 6
3415 1625 3683 1687 θειότατος

2133 1715 2409 1784 βασιλεύς.
2462 1718 2570 1770 Καὶ
2647 1717 2711 1786 δὴ
2779 1718 3229 1788 προθυμούμενος
3275 1718 3464 1771 τούτου
3525 1719 3685 1788 χάριν

2127 1805 2382 1858 ἀπελθεῖν
2411 1807 2503 1858 ἐπὶ
2535 1806 2602 1859 τά
2634 1807 2886 1874 ἑσπέρια,
2921 1807 3042 1860 κατ’
3070 1808 3198 1876 δναρ
3225 1809 3505 1880 ἐπετράπη
3534 1808 3686 1862 ὁδεύ-

2127 1911 2218 1946 σαι
2241 1894 2341 1960 τὴν
2367 1895 2504 1965 πρὸς
2535 1895 2594 1948 τὸ
2622 1896 2912 1961 Βυζάντιον
2945 1898 3242 1967 φέρουσαν.
3263 1899 3427 1951 Ὅθεν
3457 1900 3682 1954 ἔσπευδε

2127 1987 2216 2038 καὶ
2253 1985 2382 2056 περὶ
2436 1986 2535 2056 τὴν
2584 1987 2904 2056 Χαλκηδόνα
2960 1988 3057 2058 τὴν
3109 1989 3258 2040 πόλιν
3309 1989 3682 2059 οἰκοδομῆσαι.

2139 2077 2277 2130 Ἀλλ’
2303 2079 2584 2132 ’ἐκωλύετο
2638 2080 2866 2133 ἄνωθεν·
2919 2082 3107 2143 ἀετοὺς
3155 2082 3265 2148 γάρ
3306 2099 3437 2148 φασι
3477 2084 3543 2135 τά
3567 2082 3674 2134 τῶν

2126 2171 2382 2240 τεχνιτῶν
2412 2173 2672 2242 ἐργαλεῖα
2701 2173 3050 2244 ἀφαρπάζειν
3077 2176 3183 2226 ἀπὺ
3216 2175 3559 2244 Χαλκηδόνος
3592 2177 3686 2228 καὶ

2126 2264 2217 2316 ἐπὶ
2251 2264 2308 2316 τὸ
2342 2264 2632 2328 Βυζάντιον
2665 2265 2834 2318 ταῦτα
2886 2267 3174 2336 διαπερᾷ-ι,
3225 2268 3363 2337 ὅπερ
3414 2267 3684 2337 ὲπισκοπὴ

2125 2358 2391 2428 πρότερον
2440 2356 2507 2430 ἦν
2556 2357 2653 2428 τῆς
2689 2360 2833 2412 κατὰ
2876 2360 3098 2429 Θρᾴκην
3136 2360 3481 2429 Ἡρακλείας.
3522 2360 3686 2413 Ὑπέ-

2125 2471 2257 2508 πεσε
2290 2453 2349 2507 δὲ
2374 2457 2440 2525 τῇ
2479 2453 2772 2524 Ἡρακλείᾳ
2805 2453 2865 2506 τὸ
2894 2453 3188 2516 Βυζάντιον
3237 2455 3424 2524 τρόπῳ
3472 2455 3679 2524 τοιῷδε.

2136 2545 2363 2616 Ἀρχαία
2417 2546 2571 2606 πόλις
2618 2546 2682 2598 τὸ
2741 2545 3032 2607 Βυζάντιον
3086 2541 3174 2614 ἦν,
3220 2547 3314 2598 καὶ
3368 2549 3491 2598 καθ’
3524 2548 3686 2599 ἑαυτὸ

2123 2634 2510 2703 διοικούμενον.
2553 2635 2678 2688 Ἐπὶ
2708 2635 2947 2704 Σεϐήρου
2993 2635 3048 2687 δὲ
3079 2635 3172 2687 τοῦ
3213 2635 3497 2704 Ῥωμαίων
3527 2638 3684 2690 αὖτο-

2124 2730 2388 2802 κράτορος
2421 2729 2782 2800 πολιορκηθὲν
2814 2731 2967 2800 παρά
2999 2731 3108 2784 τῶν
3149 2731 3436 2801 Ῥωμαίων
3463 2733 3555 2786 καὶ
3593 2735 3685 2786 ἐπὶ

2123 2826 2270 2894 τρεῖς
2301 2823 2583 2885 ἐνιαυτοὺς
2612 2822 2702 2875 τὸν
2728 2823 2962 2891 πόλεμον
2989 2823 3231 2877 ὑποστὰν
3267 2822 3490 2893 ὕστερον
3517 2825 3680 2889 ἑάλω,

2123 2916 2231 2970 τῶν
2258 2916 2576 2984 ἀναγκαίων
2622 2914 3020 2983 Ξεπιλειψάντων
3065 2917 3178 2978 τοῖς
3221 2916 3464 2981 ἐποίκοις
3493 2917 3680 2969 αὐτοῦ.

2123 3009 2233 3060 Καὶ
2266 3007 2543 3078 καθῃρέθη
2578 3009 2674 3077 μὲν
2704 3009 2799 3060 καὶ
2839 3009 2906 3060 τά
2937 3007 3089 3077 τείχη
3131 3008 3317 3072 αὐτοῦ,
3353 3009 3597 3080 ἀφῃρέθη
3623 3009 3680 3062 δὲ

2125 3103 2217 3154 καὶ
2261 3103 2328 3153 τά
2386 3099 2645 3153 πολιτικά
2699 3101 2912 3162 δίκαια,
2949 3101 3040 3153 καὶ
3085 3098 3256 3164 οὕτως
3284 3101 3519 3171 ὑπετέθη
3560 3103 3684 3153 Πει-

2133 3192 2390 3263 ρινθίοις⁸
2459 3191 2737 3262 Πείρινθος
2785 3192 2840 3245 δέ
2897 3191 3042 3243 ἐστιν
3091 3193 3122 3261 ἡ
3180 3190 3683 3262 Ἡράκλεια.⁹¹οθεν

2127 3283 2222 3337 καὶ
2255 3285 2332 3353 τῷ
2369 3282 2698 3354 Ἡρακλείας
2759 3284 2788 3351 ἡ
2831 3283 3135 3352 χειροτονία
3186 3283 3280 3335 τοῦ
3344 3282 3679 3351 πατριάρχου

2126 3377 2556 3445 ἀπονενεμηται,
2607 3375 2681 3436 ὡς
2721 3371 2856 3444 παρ’
2883 3373 3046 3426 αὐτοῦ
3080 3375 3558 3444 χειροθετουμένου
3588 3371 3682 3426 τοῦ

2125 3469 2424 3521 ἐπισκόπου
2460 3467 2774 3530 Βυζαντίου.
3327 3473 3330 3476 ’

460 3539 644 3599 cisset.
679 3543 812 3600 Tum
853 3565 982 3604 vero
1019 3562 1074 3607 et
1111 3557 1306 3610 moenia
1335 3557 1514 3613 diruta
1559 3570 1686 3614 sunt
1726 3571 1782 3616 et
1807 3562 1931 3632 jura
1960 3563 2011 3616 ei
2047 3561 2226 3616 civilia
2275 3575 2500 3630 prorsus
2571 3559 2840 3628 adempta,
2873 3559 3109 3629 denique
3147 3561 3299 3615 locus
3333 3561 3448 3629 ipse
3510 3561 3683 3631 juris-

463 3636 688 3695 dictioni
724 3643 1130 3702 Perinthiorum
1200 3655 1550 3723 assignatus:
1589 3673 1712 3710 nam
1779 3659 2092 3715 Heracleam
2134 3657 2454 3711 Perinthum
2495 3657 2624 3711 olim
2675 3659 2962 3712 vocabant.
3011 3658 3216 3711 Idcirco
3263 3659 3522 3726 deinceps
3555 3674 3684 3712 usus

462 3731 700 3790 obtinuit
753 3749 811 3792 ut
860 3743 1176 3810 patriarcha:
1229 3747 1500 3824 Cpolitani
1547 3753 1889 3806 confirmatio
1947 3755 2014 3808 ad
2049 3751 2321 3808 Heracleae
2361 3762 2573 3820 spectet
2627 3753 2968 3816 antistitem;
3047 3767 3075 3804 a
3151 3767 3259 3821 quo
3303 3752 3512 3806 scilicet
3555 3753 3682 3806 olim

462 3838 680 3895 quoque
717 3829 1013 3902 Byzantino
1049 3836 1280 3892 antistiti
1316 3855 1510 3894 manus
1541 3841 1941 3912 imponebatur.

531 3917 701 3991 Igitur
727 3941 954 3994 magnus
980 3929 1069 3983 ille
1089 3929 1480 3988 Constantinus
1497 3937 1796 3992 instaurato
1821 3951 2019 4004 castro,
2051 3981 2058 3986 .

461 4014 607 4082 quod
636 4016 762 4069 olim
785 4035 812 4071 a
835 4019 972 4089 Byzo
1005 4022 1277 4078 Thracum
1308 4041 1432 4095 rege
1455 4027 1632 4082 fuerat
1656 4041 2018 4096 exstructum,

465 4121 730 4179 magnum
748 4111 853 4165 loci
898 4116 1131 4182 spatium
1164 4117 1386 4182 adjecit.
1428 4121 1659 4189 urbique
1691 4137 2022 4191 cognmnen-

465 4209 578 4254 tum
599 4203 761 4256 Novae
778 4205 963 4260 Romae
978 4207 1146 4263 dedit.
1167 4211 1422 4265 Absoluta
1450 4214 1551 4266 fuit
1579 4215 1706 4268 urbs
1731 4215 1884 4284 longe
1905 4230 2020 4268 am-

464 4292 730 4360 plissima,
757 4297 1134 4369 celebrataque
1169 4301 1341 4370 ipsius
1370 4301 1683 4358 .ltenovalia
1714 4323 1763 4359 a.
1792 4309 1845 4358 d.
1879 4323 1908 4356 ν
1936 4306 2016 4360 ld.

465 4386 648 4452 Maias,
673 4403 815 4442 anno
843 4391 1001 4447 5858.
1030 4393 1338 4448 Arcessitus
1359 4405 1440 4449 est
1464 4395 1514 4449 id
1539 4397 1800 4467 temporis
1827 4399 2022 4453 Valens

465 4488 906 4537 astronomorum
957 4487 1466 4550 excellentissimus,
1515 4491 1607 4558 qui
1664 4490 2022 4545 collocatione

465 4573 706 4628 siderum
757 4575 1029 4646 descripta
1083 4578 1184 4632 696
1231 4596 1404 4634 annos
1459 4584 1649 4634 urbem
1699 4582 2018 4636 duraturam

2212 3939 2548 4000 Ἀνανεώσας
2594 3938 2686 3990 οὖν
2739 3939 2766 3989 6
2809 3936 2982 4007 μέγας
3035 3937 3438 3998 Κωνσταντῖνος
3471 3936 3528 3988 τδ
3576 3919 3685 3988 ὑπὸ

2128 4030 2300 4094 Βύζου
2351 4029 2618 4098 βασιλέως
2673 4029 2891 4100 Θρᾴκης
2935 4029 3152 4080 κτισθὲν
3184 4031 3359 4098 τεῖχος
3389 4027 3683 4096 προσέθετο

2126 4122 2219 4173 καὶ
2269 4120 2458 4188 ἕτερον
2493 4120 2788 4188 διάστημα,
2831 4122 2925 4173 καὶ
2978 4120 3102 4173 νέαν
3146 4120 3288 4173 οὕτω
3326 4121 3547 4189 Ῥώμην
3579 4121 3679 4192 τὴν

2125 4213 2277 4265 πόλιν
2299 4213 2499 4281 ταύτην
2542 4211 2842 4279 ὠνόμασεν.
2889 4211 3272 4281 Ἀπαρτίζεται
3310 4213 3386 4276 δὲ,
3432 4216 3522 4268 ναὶ
3567 4216 3676 4284 μὴν

2124 4305 2219 4357 καὶ
2254 4305 2623 4372 ὲγκαινίζεται
2657 4305 2687 4372 ἡ
2724 4303 3084 4371 μεγαλόπολις
3117 4303 3254 4372 αὕτη
3301 4305 3442 4357 κατὰ
3471 4308 3569 4373 τὴν
3617 4320 3679 4358 ια’

2125 4395 2219 4450 τοῦ
2251 4397 2428 4450 Μαΐου
2486 4395 2652 4464 μηνὸς
2709 4395 2860 4457 ἔτους
2899 4395 3254 4461 ἐνισταμένου
3286 4394 3477 4464 ,εωλη’.
3525 4398 3684 4464 Τηνι-

2127 4487 2305 4542 καῦτα
2342 4488 2558 4557 κληθεὶς
2589 4489 2616 4539 ὁ
2647 4486 2755 4538 τῶν
2783 4486 3133 4556 ἀστρονόμων
3163 4485 3323 4554 δῆθεν
3355 4487 3684 4556 ἀκριϐέσταρ

2125 4597 2215 4643 τος
2247 4580 2458 4650 Οὐάλης
2500 4583 2641 4632 ποιεῖ
2677 4579 2936 4648 θεμάτιον
2958 4578 3026 4632 δι’
3052 4573 3110 4631 οὗ
3127 4581 3209 4640 είς
3243 4584 3371 4648 χιις¹
3402 4582 3685 4642 ἐνιαυτοὺς

465 4665 794 4720 vaticinatus
825 4676 938 4734 est;
968 4683 1088 4736 quae
1124 4684 1252 4722 sane
1282 4670 1525 4724 Valentis
1556 4673 1838 4739 praedictio
1871 4674 2018 4756 dein-

2124 4667 2396 4739 διαμεῖναι
2447 4671 2545 4735 τὴν
2584 4671 2734 4723 πόλιν
2782 4670 2986 4739 ταύτην
3044 4671 3351 4738 ἐφοίΰασεν.
3396 4671 3686 4725 Ἐντεῦθεν

466 4772 594 4825 ceps
638 4759 890 4812 falsitatis
943 4760 1191 4814 convicta
1228 4769 1334 4824 est,
1381 4771 1497 4816 arte
1549 4763 1811 4817 nimirum
1852 4766 2022 4834 ipsius

465 4850 639 4918 palam
664 4869 694 4904 a
725 4867 853 4905 vero
883 4850 1190 4906 aberrante.

535 4941 670 4993 Cum
703 4952 883 4996 autem
917 4960 1142 5014 magnus
1174 4945 1470 5014 imperator
1511 4948 1700 5001 urbem
1733 4964 1886 5001 suatn
1921 4950 2020 5002 ho..-

468 5033 674 5086 minum
701 5034 947 5103 exiguam
983 5037 1182 5092 habere
1212 5039 1423 5108 copiam
1454 5049 1722 5104 cerneret,
1751 5051 2021 5110 quotquot

469 5124 651 5180 Roma:
677 5127 998 5182 illustriores
1021 5140 1177 5183 erant
1204 5131 1412 5199 Cpolim
1447 5131 1756 5194 transtulit;
1786 5147 2019 5200 quorum

469 5218 776 5273 innumero
797 5233 950 5274 crant
977 5223 1244 5292 Olybrius.
1269 5222 1460 5284 Verus,
1489 5223 1761 5280 Urbicius.
1781 5224 2021 5288 Zoticus,

470 5311 766 5382 Eugenius,
799 5313 1064 5380 Eubulus,
1098 5316 1345 5380 Studius,
1377 5315 1705 5377 Florentius,
1739 5316 2022 5370 Callistra-

542 5477 653 5541 (Η.)
694 5477 927 5544 Πρίσκος
961 5475 996 5526 V
1035 5483 1087 5527 et
1124 5473 1181 5526 F.

544 5549 653 5613 (73)
684 5543 828 5600 Utor
857 5544 1194 5598 Constantini
1233 5543 1366 5596 falso
1418 5544 1680 5596 asscritur
1706 5543 2016 5604 Maximina.

475 5619 584 5670 filia
627 5615 966 5675 Diocletiani,
1003 5629 1065 5666 ac
1117 5623 1289 5666 mater
1333 5615 1564 5666 liliornm
1599 5616 1783 5676 trium.
1811 5614 2022 5667 scilicet

472 5687 815 5740 (lottstantini
865 5684 1131 5743 Junioris.
1175 5685 1486 5737 Constantis
1517 5723 1530 5742 .
1584 5700 1645 5736 ac
1691 5683 2015 5743 Constantii.

472 5756 568 5821 qui
598 5764 718 5822 post
762 5765 970 5823 patrctu
1021 5754 1358 5823 imperarunt
1387 5770 1399 5806 :
1432 5753 1564 5808 adeo
1606 5753 1867 5816 fabulosis
1898 5769 2019 5816 uar-

2127 4761 2222 4816 οὖν
2247 4763 2604 4833 διεψευσμένη
2631 4763 2776 4832 ἡτοῢ
2813 4764 3108 4827 Οὐάλεντος
3137 4765 3434 4834 πρόρρησις
3463 4764 3686 4832 καὶδιη-

2131 4857 2450 4926 μαρτημένη
2488 4856 2778 4926 προφανῶς
2825 4858 2856 4925 ἡ
2896 4857 3058 4924 τέχνη
3107 4859 3407 4924 ἐλέγχεται.

2207 4949 2379 5019 Ὁρῶν
2404 4950 2458 5001 δὲ
2494 4949 2587 5015 τὴν
2612 4949 2776 5000 αὐτοῦ
2807 4950 2959 5001 πόλιν
2995 4951 3022 5000 δ
3047 4953 3219 5016 μέγας
3249 4951 3681 5018 ὀλιγάνθρωπον,

2127 5044 2254 5104 τοῦς
2306 5043 2757 5110 ἀξιολογωτέρους
2797 5039 3014 5109 Ῥώμης
3065 5042 3275 5094 ἐκεῖθεν
3309 5043 3632 5111 παρήγαγεν
3661 5060 3674 5073 ·

2128 5133 2222 5202 ἀφ’
2250 5129 2325 5186 ὧν
2357 5137 2460 5186 εἰσι
2486 5135 2580 5186 καὶ
2604 5126 2771 5196 οὗτοι,
2810 5132 3110 5197 Ὀλύδριος,
3141 5133 3335 5202 Βῆρος,
3369 5135 3682 5200 Οὐρὸίκεος,

2131 5225 2534 5294 Καλλίστρατος
2561 5265 2574 5284 ,
2637 5225 2874 5286 Ζωτικδς
2910 5263 2925 5288 ,
2972 5225 3256 5292 Εὒγένειος
3283 5265 3298 5289 ,
3369 5224 3635 5284 Εὖϐουλοξ
3665 5265 3681 5290 ,

2131 5315 2399 5376 Στούδιος,
2431 5315 2784 5384 Φλωρεντιος,
2811 5317 3146 5384 Μαυριανὸς,
3171 5316 3407 5386 Σεῦῆρος
3435 5317 3528 5367 καὶ
3561 5317 3681 5368 Ἰσίο

2134 5474 2437 5528 rationibus
2497 5484 2708 5528 scatent
2759 5473 2988 5528 Graeculi
3040 5474 3394 5538 recentiores,
3446 5477 3573 5530 dum
3611 5483 3680 5532 ab

2128 5542 2384 5598 Eusebio.
2436 5545 2678 5616 Socrate,
2707 5545 3026 5616 Stizotttetto.
3064 5543 3397 5600 Theodorito
3445 5549 3679 5616 priscis-

2128 5629 2234 5682 que
2295 5615 2654 5682 srriptoribus
2705 5614 2918 5679 longius
2955 5613 3229 5668 aberrant.

2202 5684 2314 5753 (Η)
2345 5685 2396 5738 ld
2431 5697 2671 5740 vctcrum
2709 5685 2915 5738 nullum
2948 5699 3190 5739 asserere
3219 5685 3466 5746 memini.
