4154 6200
494 349 595 408 4ύ9

1710 344 1910 411 ANNA
1926 355 2107 412 [ΛΕΜ
2154 357 2238 413 PA
2254 356 2348 413 HS
2386 356 2485 417 ιν.

3598 358 3704 419 470

493 458 679 527 ὄωρος,
700 457 893 517 οἵτινες
924 460 1125 521 οἴκους,
1146 462 1304 521 ναοὺς
1331 464 1422 513 καὶ
1456 462 1688 525 ξενῶνας
1716 463 2042 531 ἁνήγειραν.

2158 474 2269 529 tus,
2324 466 2663 528 Macrianus.
2711 469 2943 524 Severus
2980 482 3036 524 et
3089 471 3358 534 Isidorus;
3411 470 3504 539 qui
3559 462 3711 538 (Σιωιί

494 545 725 607 Τούτους
775 547 870 615 μὲν
900 549 1025 609 τοὺς
1070 548 1463 618 διαληφθέντας
1509 549 1815 615 Ῥωμαίους
1853 552 2051 619 ἄνδρας

493 640 926 707 τοιιουτοτρόπως
979 640 1211 694 ἐνταῦθα
1249 643 1542 709 μετοικίζει
1588 646 1614 695 6
1670 643 1842 711 μέγας
1896 643 2053 693 Κων-

497 732 796 793 σταντίνος.
832 730 1024 783 Λαϐὼν
1056 733 1163 803 γάρ
1195 735 1320 795 τοὺς
1351 733 1673 796 δακτυλίους
1715 734 1892 787 αὐτῶν
1922 736 2056 786 απο-

499 821 706 874 στέλλει
738 825 930 885 αὐτοὺς
979 827 1057 888 είς
1100 826 1189 877 τὸν
1223 826 1447 895 βασιλέα
1481 829 1703 898 Περσῶν
1749 831 2051 898 Σάρὸαρον,

496 910 552 961 ὃν
601 914 699 966 καὶ
741 916 1062 981 νικήσαντες
1116 917 1497 986 ὑπέστρεψαν·
1545 922 1602 971 ἐν
1649 919 1705 970 δὲ
1755 919 1832 987 τῷ
1875 920 2054 989 καιρῷ

501 1006 599 1070 τῆς
645 1005 907 1073 ἐκδημίας
956 1007 1136 1061 αὐτῶν
1168 1009 1495 1071 ἀποστείλας
1546 1011 1674 1071 τοὺς
1729 1010 2052 1072 δακτυλίους

500 1098 577 1156 εἰς
612 1093 828 1166 Ῥώμην
886 1099 1007 1165 ἄγει
1062 1099 1162 1162 τὰς
1225 1104 1489 1167 γυναῖκας
1554 1102 1734 1153 αὐτῶν
1770 1102 2050 1157 ἐνταυθοῖ.

503 1186 693 1251 κτίζει
720 1188 776 1240 δὲ
807 1192 903 1241 καὶ
929 1191 1114 1254 οἴκους
1152 1194 1297 1246 κατά
1347 1210 1409 1259 γε
1440 1195 1500 1246 τὸ
1526 1195 1699 1263 μῆκος
1737 1196 1831 1247 κα)⁸
1866 1196 2051 1264 σχῆμα

497 1280 766 1344 τοιούτους
817 1282 963 1344 οἴους
1026 1280 1174 1351 εἶχον
1230 1286 1286 1335 ὲν
1328 1284 1535 1353 Ῥώμῃ.
1584 1286 2058 1355 ’Υποστρέψαντες

498 1370 590 1423 οὖν
614 1373 813 1425 ἐκείνοι
842 1376 937 1426 καὶ
967 1375 1024 1425 τὺ
1058 1377 1240 1443 δρᾶμα
1274 1376 1536 1441 μαθόντες
1565 1379 1880 1447 ἐξέστησαν.
1915 1379 2052 1430 Τού-

449 1536 462 1545 ⁸
498 1477 604 1511 των
628 1462 679 1513 οί
727 1462 825 1531 μὲν
862 1464 1127 1535 τέσσαρες
1163 1465 1476 1535 μάγιστροί,
1504 1468 1552 1519 οἱ
1584 1467 1639 1519 δὲ
1673 1468 1815 1521 ὀκτὼ
1862 1455 2055 1537 πατρί-

496 1568 628 1604 κιοι.

2156 558 2373 619 domos,
2430 561 2647 629 templa,
2685 562 2961 629 hospitum
3011 566 3156 618 (edes
3201 570 3610 617 exstruxerunt.
3648 559 3713 614 Et

2156 648 2376 715 quidem
2411 650 2511 704 ltos
2539 651 2796 719 patricios
2830 654 3126 715 Romanos,
3152 669 3289 722 quos
3311 652 3711 714 rerensuimus,

2157 737 2259 790 hoc
2304 738 2537 806 quodam
2582 740 2743 793 modo
2785 742 3182 796 Constantinus
3213 756 3278 794 eo
3309 741 3543 807 migrare
3584 755 3713 807 per-

2156 829 2314 897 pulit.
2345 829 2481 883 Cum
2508 832 2738 886 annulos
2768 848 2956 885 eorum
2988 834 3054 885 ad
3084 849 3140 886 se
3174 832 3491 898 recepisset,
3520 841 3712 884 contra

2159 921 2449 976 Persarum
2478 939 2656 992 regem
2697 923 2991 977 Sarbarnm
3028 926 3171 992 ipsos
3205 939 3326 977 cum
3362 923 3534 990 copiis
3564 923 3713 975 aldc-

2147 1016 2334 1084 ‘gavit;
2366 1031 2474 1084 quo
2503 1015 2580 1068 illi
2627 1016 2770 1069 victo
2818 1016 3034 1069 tandem
3079 1016 3278 1069 reversi
3314 1024 3460 1067 sunt.
3496 1015 3711 1068 Interea

2150 1124 2279 1161 vero
2323 1108 2452 1160 dum
2501 1107 2662 1160 domo
2708 1107 2958 1172 aberant,
3002 1108 3218 1161 annulis
3249 1106 3476 1160 Romam
3527 1106 3710 1159 missis

2157 1199 2420 1253 uxoribus
2446 1214 2638 1253 eorum
2663 1198 2957 1268 persuadet
2983 1208 3041 1252 ut
3063 1197 3270 1268 Cpolim
3294 1213 3350 1251 se
3374 1196 3708 1251 conferrent.

2155 1288 2467 1344 Secundum
2503 1290 2617 1344 haec
2645 1291 2776 1359 ipsis
2810 1290 3038 1345 aedilicia
3070 1290 3279 1345 condit.
3308 1302 3531 1357 prorsus
3562 1288 3709 1354 ejus-

2154 1382 2299 1435 modi
2336 1393 2439 1435 tam
2476 1382 2838 1450 amplitudine
2880 1399 3043 1453 quam
3075 1383 3271 1444 forma,
3306 1381 3484 1449 qualia
3531 1380 3715 1431 liorem.

2154 1474 2481 1529 habuerant.
2511 1474 2645 1529 Cum
2680 1476 2847 1544 igitur
2874 1476 2947 1530 illi
2977 1476 3183 1530 reversi
3213 1474 3460 1532 luissem,
3489 1487 3552 1525 ac
3596 1486 3711 1523 rem

2155 1566 2232 1627 uti
2264 1573 2411 1635 gesta
2465 1566 2665 1628 fuerat,
2700 1568 3082 1637 cognovissent
3111 1586 3123 1621 :
3162 1581 3283 1620 cum
3320 1574 3544 1631 stupore
3578 1575 3717 1629 quo-

498 1648 619 1702 dam
654 1647 853 1703 factum
893 1650 1241 1719 imperatoris
1297 1654 1551 1710 admirati
1616 1665 1764 1711 sunt.
1834 1656 2005 1710 Erant
2074 1669 2257 1713 autem
2312 1661 2453 1716 inter
2506 1663 2603 1715 ilOS
2649 1673 2884 1730 quatuor
2917 1662 2990 1716 illi
3032 1661 3252 1730 quidem
3286 1655 3556 1730 magistri.
3592 1665 3716 1709 octo

494 1759 625 1797 vero
662 1746 993 1812 posteriores
1023 1750 1261 1816 patricii.

565 1840 798 1891 Γίνωσκτ
852 1839 927 1900 δὲ,
977 1842 1250 1908 ἀγαπητὲ,
1281 1843 1361 1894 ὅτι
1395 1845 1495 1913 τῆς
1520 1843 1736 1905 πόλεως
1770 1844 2042 1911 ὲξισουμιέ⁸

2226 1840 2293 1894 Ει
2326 1824 2719 1905 animadverte,
2758 1842 2954 1895 dilecte
2999 1841 3095 1906 lili,
3142 1842 3276 1895 urbe
3322 1842 3373 1895 id
3429 1845 3710 1913 temporis.

494 1947 589 1999 νης
642 1930 766 1982 καθ’
798 1930 856 1982 ὃν
890 1933 1138 1995 ἐκτίζετο
1193 1934 1391 2002 καιρὸν
1442 1935 1581 1987 λίθοι
1620 1937 1768 2007 παρὰ
1798 1935 2051 2001 λιθοξόων

494 2022 832 2094 ἐτμήθησαν,
881 2022 971 2085 οὓς
1017 2026 1378 2095 προτείχισμα
1404 2027 1491 2080 διὰ
1517 2027 1617 2094 τὴν
1649 2027 1745 2094 τῆς
1778 2027 2054 2096 θαλάσσης

495 2114 616 2183 βίαν
649 2114 853 2176 ἔθεντο,
886 2114 993 2167 ἀπὸ
1045 2116 1147 2185 τῆς
1199 2116 1489 2187 Βαρϐάρας
1514 2119 1698 2187 σχεδὸν
1727 2118 1851 2181 ἓωςλ
1876 2118 2049 2185 αὐτῆς

501 2206 599 2273 τῆς
635 2206 847 2274 χρυσῆς
886 2207 1109 2275 ’πόρτης
1162 2208 1311 2270 ἐντὸς
1348 2208 1409 2259 τδ
1440 2209 1619 2277 τεῖχος
1652 2209 2049 2276 φυλάσσοντας.

509 2295 747 2365 Ὁμοίως
798 2297 853 2350 δὲ
916 2299 1276 2368 μετεκόμισεν
1329 2298 1561 2353 ἐνταῦθα
1617 2302 1711 2353 καὶ
1756 2300 1852 2353 ’τὸν
1885 2302 1943 2351 ἐν
1974 2299 2053 2368 τῷ

501 2389 647 2457 φδρςι
714 2390 869 2441 κίονα
910 2390 1187 2458 μονόλιθον
1233 2390 1383 2454 ὄντα,
1440 2391 1536 2445 καὶ
1594 2393 1807 2460 ἵδρυσεν
1869 2392 2055 2444 ἐπάνω

497 2478 659 2532 αὑτοῦ
689 2480 781 2532 τὸν
807 2480 1100 2549 ἀνδριάντα
1126 2482 1334 2536 ἐκεῖνον
1368 2481 1426 2534 ὃν
1456 2484 1683 2552 ἤνεγκεν
1710 2483 1815 2535 ἀπὸ
1846 2483 2056 2537 Ἡλιου-

498 2572 708 2633 πόλεως
731 2572 831 2639 τῆς
870 2572 1133 2641 Φρυγίας.
1166 2572 1223 2627 '0
1256 2574 1314 2627 δὲ
1347 2575 1587 2638 τοιοῦτος
1620 2575 1765 2638 λίθος
1801 2575 1911 2644 (75)
1958 2576 2051 2647 ἔτη

497 2662 622 2731 τρία
681 2661 1070 2726 διεπλωῖζετο,
1120 2664 1364 2717 ὲνιαυτδν
1419 2666 1475 2717 δὲ
1532 2667 1652 2718 ὅλον
1697 2666 2055 2730 ἀνεῧιὸάξετο

495 2752 624 2805 ἔνθα
653 2753 745 2806 καὶ
780 2754 1011 2809 ἵσταται.
1060 2756 1216 2809 Μετὰ
1253 2756 1310 2809 δὲ
1340 2740 1514 2811 ταῦτα
1563 2759 1798 2828 ποιήσας
1845 2760 2058 2813 Καίσαη

497 2858 594 2910 ρας
622 2840 951 2894 Κώνσταντα
986 2841 1086 2910 μὲν
1120 2843 1377 2907 ἐνταῦθα,
1412 2845 1653 2898 Λικίνιον
1692 2846 1747 2897 δὲ
1780 2846 1871 2898 τὸν
1908 2863 2056 2915 γαμ-

497 2933 629 3011 ϐρρν
658 2932 823 2992 αὑτοῦ
865 2937 921 2987 ἐν
957 2934 1313 3005 Νικομηδείᾳ,
1346 2937 1483 2988 κατὰ
1518 2937 1738 3004 Περσῶν
1763 2938 2056 3007 ἐστράτευ-

499 3042 613 3078 σεν.
647 3020 811 3087 Οὗτος
852 3026 909 3082 δὲ
946 3028 973 3079 6
1010 3027 1252 3087 Λικίνιος
1292 3029 1432 3080 κατὰ
1467 3028 1806 3097 Χριστιανῶν
1853 3027 2056 3098 ἤρξατο

496 3118 735 3185 διωγμὸν
789 3120 979 3171 κινεῖν.
1034 3116 1166 3170 Τότε
1212 3118 1295 3188 δὴ,
1346 3121 1466 3170 τότε
1495 3117 1590 3171 καὶ
1630 3120 1719 3170 τὸν
1758 3120 2053 3188 ’Λμασείας

496 3209 791 3261 ἐπίσκοπον
842 3209 1073 3260 Βασιλέα
1116 3208 1256 3261 οὕτω
1292 3208 1623 3275 καλούμενον
1661 3208 1857 3264 ἀνεῖλε.
1902 3209 2039 3261 Τότε

501 3301 567 3370 δὴ
602 3301 720 3352 τότε
756 3302 849 3352 καὶ
883 3301 1033 3367 beat;
1085 3302 1142 3353 ὲν
1183 3301 1461 3371 Μελιτηνῇ
1493 3299 1742 3354 τοσοῦτον
1778 3301 2053 3371 ἐπολέμη-

499 3408 595 3443 σαν
624 3391 743 3443 κατ’
774 3391 1019 3461 ἀλλήλων
1051 3392 1191 3445 ὥστε
1237 3395 1333 3446 καὶ
1366 3394 1459 3463 τὴν
1492 3392 1676 3463 χώραν
1698 3392 1951 3458 ὲποζέσαι
1976 3395 2055 3467 τῷ

497 3486 640 3553 φόνῳ
668 3483 869 3537 αὐτῶν.
903 3484 1036 3536 Τότε
1065 3484 1160 3539 καὶ
1185 3486 1217 3554 ἠ
1248 3487 1302 3538 ὲν
1333 3486 1537 3556 Νικαίᾳ
1565 3486 1779 3548 σύνοδος
1805 3488 2050 3554 γέγονεν,

498 3574 555 3625 ὲν
673 3572 762 3623 τὸν
818 3572 1028 3640 ἄμαχον
1087 3572 1347 3639 Εύλόγιον
1389 3572 1624 3643 Ἕλληνα
1675 3577 1702 3627 6
1746 3576 1918 3643 μέγας
1959 3577 2054 3629 καὶ

499 3663 702 3726 ἁπλοῦς
732 3662 809 3733 τῷ
838 3664 981 3733 λόγῳ
1014 3664 1299 3733 Σπυρίδων
1326 3664 1681 3734 ἐχειρώσατο.
1735 3665 1798 3718 Ἦ
1832 3666 2052 3737 τοιαύτη

500 3757 715 3818 σύνοδος
765 3758 859 3809 καὶ
903 3757 962 3809 τὸ
1019 3759 1202 3826 πάσχα
1248 3758 1539 3826 διωρίσατο
1588 3758 1871 3827 ἑορτάζειν
1907 3761 2055 3827 ἡμᾶς

498 3851 639 3902 κατὰ
684 3851 784 3919 τὴν
824 3848 915 3900 νῦν
964 3849 1276 3919 κρατοῦσαν
1310 3850 1618 3919 συνήθειανο
1654 3851 1917 3920 πρότερον
1949 3852 2055 3920 γὰρ

497 3940 641 3992 κατά
664 3939 764 4008 τὴν
804 3940 1400 4008 τεσσαρεσκαιδεκάτην
1435 3941 1531 4007 τῆς
1565 3940 1795 4011 σελήνης
1824 3942 2055 3993 ἐτελεῖτο

496 4034 558 4083 τὸ
596 4032 804 4100 πάσχα,
830 4033 950 4084 ὅθεν
979 4034 1072 4083 καὶ
1102 4032 1224 4093 τοὺς
1262 4030 1433 4091 οὕτως
1469 4032 1829 4101 ἑορτάζοντας
1859 4035 1890 4101 ἡ
1927 4033 2055 4100 ἁγία

496 4125 589 4175 καὶ
619 4124 970 4191 οἰκουμενικὴ
1020 4123 1249 4188 δευτέρα
1304 4104 1524 4187 σύνοδος
1595 4126 1652 4181 ὲν
1711 4124 1789 4193 τῷ
1843 4124 2055 4193 ὲόδόμῳ

498 4215 684 4266 κανόνι
711 4214 881 4282 αὐτῆς
917 4214 1570 4283 τεσσαρεσκαιδεκατίτας
1608 4217 1697 4267 καὶ
1739 4216 2056 4284 τετραδίτας

496 4308 671 4359 καλεῖ.
708 4308 780 4358 0-3
814 4311 918 4376 γάρ
950 4308 1006 4359 ἐν
1033 4310 1283 4377 κυριακῇ
1312 4308 1372 4359 τὸ
1411 4308 1598 4377 Πάσχα
1623 4307 1913 4375 ἑώρταζον,
1940 4307 2055 4362 ἀλλ’

498 4401 582 4453 ὅτε
634 4400 1266 4469 τεσσαρεσκαιδεκαταία
1309 4403 1340 4469 η
1402 4402 1597 4467 σελήνη
1647 4402 1894 4471 γένηται,
1921 4402 1979 4453 ὲν

2154 1944 2263 1999 quo
2317 1932 2678 1994 condebater.
2740 1941 3018 1996 exmquata
3055 1941 3110 1987 et
3161 1936 3524 2002 complanata,
3582 1952 3715 1990 saxa

2154 2019 2400 2087 quaedam
2438 2036 2467 2073 a
2512 2020 2763 2089 lapicidis
2805 2030 3018 2075 exseCta
3048 2020 3242 2083 fuisse,
3279 2036 3340 2075 ac
3387 2023 3712 2079 munimenti

2153 2111 2273 2165 loco
2295 2111 2558 2165 adversus
2586 2112 2751 2164 maris
2781 2113 3042 2180 impetum
3074 2111 3233 2181 250
3264 2128 3293 2165 a
3319 2113 3549 2167 Barbara
3585 2130 3712 2183 pro-

2154 2203 2449 2272 pemodum
2495 2202 2560 2255 ad
2594 2203 2829 2256 Auream
2864 2218 3033 2272 usque
3079 2214 3291 2271 portam
3328 2204 3613 2273 collocata,
3652 2215 3713 2260 ut

2155 2308 2253 2361 per
2276 2310 2338 2347 ea
2376 2309 2563 2346 murus
2588 2294 2822 2347 interior
2848 2310 3045 2360 expers
3075 2293 3387 2347 detrimenti
3421 2312 3711 2351 conserva-

2156 2393 2328 2437 retur.
2354 2386 2618 2438 Praeterea
2642 2385 2850 2453 (polin)
2876 2385 3047 2439 Roma
3076 2385 3381 2454 deportavit
3404 2388 3710 2441 Columnam

2157 2476 2304 2529 illam
2330 2491 2421 2529 rex
2447 2491 2556 2529 uno
2577 2475 2878 2529 confectam
2905 2476 3100 2543 lapide,
3124 2493 3243 2544 qure
3265 2478 3317 2529 in
3344 2478 3484 2530 Foro
3505 2478 3712 2541 stabat;

2156 2567 2314 2633 eique
2375 2577 2609 2619 statuam
2663 2566 2806 2619 illam
2862 2567 3141 2634 imposuit,
3195 2583 3357 2634 quam
3410 2568 3704 2636 lleliopoli,

2159 2659 2293 2712 urbe
2323 2659 2590 2726 Phrygize,
2637 2667 2910 2711 avexerat.
2962 2657 3099 2712 llinc
3134 2660 3333 2712 creatis
3381 2658 3715 2725 Caesaribus,

2157 2765 2388 2819 quorum
2418 2751 2557 2803 alter
2584 2750 2856 2804 Constans
2881 2759 3066 2818 ageret
3092 2750 3266 2817 Cpoli,
3299 2750 3439 2806 alter
3464 2753 3711 2808 Licinius

2158 2842 2363 2894 sororis
2395 2843 2625 2894 maritus
2653 2841 3011 2905 Nicodemire,
3040 2844 3302 2898 adversus
3335 2843 3529 2899 Persas
3557 2860 3711 2898 exer—

2158 2934 2324 2987 citum
2358 2934 2530 2985 duxit.
2568 2933 2811 2989 Licinius
2840 2943 3021 2987 autem
3072 2950 3170 3004 per
3205 2935 3379 3004 ipsius
3408 2938 3713 2991 absentiam

2158 3026 2594 3094 persecutionem
2624 3026 2886 3080 adversus
2909 3026 3250 3081 Christianos
3278 3043 3501 3081 movere
3527 3029 3713 3097 carpit.

2158 3125 2213 3169 et
2238 3116 2535 3170 antistitem
2570 3119 2797 3172 Amasiae
2828 3119 3084 3180 Basilem,
3121 3120 3221 3174 hoc
3254 3120 3398 3173 enim
3431 3122 3480 3175 ci
3513 3138 3710 3176 nomen

2154 3216 2292 3268 erat,
2325 3208 2627 3261 interfecit.
2663 3210 2867 3263 Eodem
2909 3220 3151 3280 tempore
3189 3221 3473 3277 serpentes
3507 3213 3559 3265 in
3598 3213 3711 3267 Me-

2154 3298 2320 3352 litena
2352 3301 2632 3369 provincia
2666 3311 2774 3355 tam
2819 3303 3020 3357 acriter
3052 3304 3195 3357 inter
3240 3320 3297 3358 se
3330 3305 3715 3375 depugnarent

2156 3400 2216 3444 ut
2247 3402 2468 3461 propter
2490 3394 2752 3448 cadavera
2780 3404 3098 3449 necatorum
3136 3400 3336 3465 passim
3369 3399 3518 3467 regio
3554 3397 3716 3454 fictev

2156 3492 2257 3535 ret.
2283 3483 2539 3537 Secutum
2564 3494 2649 3540 est
2684 3500 2786 3539 non
2820 3486 2992 3539 multo
3023 3497 3141 3555 post
3172 3488 3464 3553 concilium
3499 3490 3566 3542 ad
3624 3505 3718 3543 ur-

2153 3574 2278 3628 bem
2342 3575 2610 3641 Nic-team,
2670 3577 2723 3630 in
2795 3594 2906 3648 quo
2976 3581 3451 3649 inexpugnabilem
3515 3580 3716 3637 Caeca:

2131 3671 2435 3738 -religionis
2487 3681 2946 3742 propugnatorem
3004 3672 3287 3742 Eol0ginm
3340 3690 3570 3743 magnus
3622 3674 3714 3729 ille

2155 3763 2445 3831 verbisque
2475 3764 2704 3832 simplex
2738 3780 2800 3818 ac
2837 3766 2990 3819 rudis
3036 3764 3267 3835 Spyrido
3301 3767 3433 3819 vicit
3469 3776 3526 3819 et
3559 3780 3713 3819 suam

2157 3857 2208 3907 in
2243 3857 2572 3909 sententiam
2606 3856 2880 3924 perduxit.
2918 3858 3204 3911 Decretum
3242 3858 3384 3910 inter
3414 3858 3518 3911 alia
3544 3868 3629 3911 est
3659 3859 3713 3912 in

2156 3945 2257 3999 bac
2281 3948 2486 4016 synodo
2510 3958 2568 4000 ut
2593 3947 2860 4015 paschatis
2878 3947 3072 4001 festum
3093 3948 3165 4001 ita
3190 3948 3497 4001 celebretur
3519 3962 3711 4013 quem-

2154 4036 2444 4090 admodum
2509 4038 2671 4090 hodie
2737 4052 2854 4089 mos
2920 4036 3156 4091 obtinet.
3227 4036 3361 4090 Nam
3417 4045 3572 4090 antea
3625 4035 3714 4090 die

2156 4129 2361 4183 mensis
2399 4128 2607 4182 lunaris
2653 4128 2720 4181 14
2751 4127 2958 4182 Pascha
3003 4127 3403 4193 celebrabatur,
3437 4126 3713 4197 quomodo

2155 4221 2466 4290 quicunque
2502 4219 2695 4273 festum
2730 4220 2831 4273 hoc
2860 4220 3155 4283 celebrant,
3178 4235 3272 4273 eos
3299 4226 3710 4273 sacrosanctum

2155 4322 2209 4366 et
2236 4311 2540 4365 universale
2572 4312 2875 4366 secundum
2909 4312 3200 4365 concilium
3233 4327 3442 4365 canone
3480 4312 3509 4363 '7
3542 4325 3711 4379 quar-

2158 4404 2550 4467 todecumanos
2579 4412 2631 4454 et
2665 4412 2963 4470 quartarios
3006 4403 3260 4470 appellat.
3294 4402 3410 4456 Non
3440 4403 3584 4456 enim
3620 4402 3711 4455 die

500 4494 564 4544 ἂν
618 4493 799 4560 ἡμέρα
834 4493 972 4563 τύχῃ
1021 4493 1202 4562 πλήρη
1261 4494 1464 4564 ταύτην
1514 4492 1787 4560 γενέσθαι.
1839 4493 2055 4563 Ἑορτάα

2162 4495 2443 4549 Dominico
2496 4495 2701 4548 Pascha
2750 4493 3124 4559 celebrabant,
3176 4494 3270 4547 sed
3323 4495 3413 4548 ubi
3466 4495 3714 4547 decimus

499 4585 653 4647 ζουσι
688 4586 745 4637 δὲ
783 4586 901 4636 τότε
938 4587 1288 4655 νηστεύοντες
1323 4589 1419 4640 καὶ
1448 4586 1876 4656 ἀγρυπνοῦντες.

2164 4594 2401 4657 quartus
2421 4585 2623 4640 mensis
2651 4586 2857 4639 lunaris
2887 4585 3005 4640 dies
3036 4585 3377 4653 appetiisset,
3408 4601 3516 4653 quo
3543 4584 3709 4637 nimi-

499 4694 617 4733 rum
665 4678 754 4732 die
790 4677 918 4730 luna
970 4678 1128 4747 plena
1164 4688 1330 4734 esset.
1373 4680 1440 4734 Et
1489 4682 1709 4753 quidem
1745 4685 1815 4739 ita
1852 4683 2048 4740 festum
2088 4686 2192 4742 hoc
2230 4684 2586 4740 celebrabant
2626 4693 2683 4737 ut
2730 4682 2784 4736 in
2851 4697 2917 4737 eo
2976 4684 3287 4752 jojunarent
3319 4698 3380 4735 ac
3418 4680 3714 4749 pervigiliis

499 4782 805 4827 uterentur.

568 4862 806 4914 Γίνωσκε
834 4861 888 4914 δὲ
914 4861 1007 4915 καὶ
1037 4860 1218 4928 τοῦτο,
1253 4864 1334 4916 ὅτι
1356 4865 1735 4931 Κωνστάντιος
1757 4872 1785 4923 6
1813 4869 1925 4933 υίὸς
1954 4868 2048 4923 τοῦ

503 4954 741 5022 μεγάλου
813 4956 1223 5009 Κωνσταντίνου
1286 4958 1601 5025 ἀρειανίσας
1658 4960 1758 5030 τὴν
1824 4961 2052 5031 πρώτην

501 5048 803 5116 ἀνατρέψαι
860 5047 1079 5099 σύνοδον
1130 5047 1384 5103 ἔσπευδε.
1422 5050 1591 5103 Τοῦτο
1651 5052 1834 5121 μαθὼν
1891 5056 1918 5105 ὀ
1961 5054 2060 5123 τῆς

503 5138 876 5208 πρεσϐυτέρας
916 5138 1138 5211 Ῥώμης
1192 5142 1378 5205 πάπας
1415 5144 1685 5211 ἀνήνεγκε
1743 5143 2060 5198 Κώνσταντι

500 5228 577 5297 τῷ
604 5230 697 5282 τοῦ
730 5232 1113 5284 Κωνσταντίου
1136 5234 1368 5302 ἀδελφῷ,
1404 5239 1493 5287 καὶ
1537 5235 1598 5298 ὃς
1635 5236 1866 5305 πόλεμον
1896 5237 2057 5305 ἠπεί-

502 5318 630 5387 λησε
665 5321 741 5389 τῷ
776 5320 990 5390 ἀδελφῷ
1042 5321 1129 5373 διὰ
1164 5324 1533 5391 γραμμάτων,
1562 5326 1609 5376 εί
1662 5328 1735 5394 μὴ
1788 5324 2057 5383 παύσαιτο

504 5412 597 5479 τὴν
627 5411 792 5481 ὀρθὴν
849 5413 1034 5465 πίστιν
1066 5412 1330 5466 σαλεύων.
1365 5414 1480 5480 Ἐφ’
1524 5407 1568 5481 ᾧ
1605 5414 1699 5467 καὶ
1730 5415 1894 5485 βουλῇ
1946 5414 2054 5467 τῶν

575 5573 685 5635 (75)
741 5575 801 5627 Ὀ
829 5576 884 5629 δὲ
914 5576 1153 5639 τοιοῦτος
1212 5576 1391 5648 λίθος,
1447 5589 1503 5633 et
1558 5597 1677 5648 quae
1720 5591 2049 5647 sequuntur,

505 5643 703 5695 absunt
754 5648 970 5712 quidem
1019 5664 1047 5698 a
1082 5648 1329 5702 versione
1366 5643 1696 5711 Lennclavii,
1734 5643 1826 5705 sed
1856 5643 2046 5705 eadem

506 5714 857 5791 reperiuntur
887 5716 939 5768 in
974 5715 1030 5769 l“.
1064 5716 1246 5791 Neque
1273 5718 1432 5791 facile
1476 5721 1773 5775 assentiare
1803 5721 1890 5783 iis,
1925 5739 2045 5791 qnze

509 5793 694 5837 narrat
725 5785 791 5839 de
819 5784 1114 5843 Constante
1158 5788 1366 5843 Caesare
1394 5788 1864 5853 Constantinopoli
1911 5784 2040 5847 reli-

2228 4865 2404 4919 Etiam
2430 4864 2533 4917 ltoc
2557 4863 2695 4917 scire
2722 4872 2773 4916 te
2795 4862 2941 4923 volo,
2965 4862 3142 4928 magni
3166 4859 3511 4915 Constantini
3540 4860 3710 4915 lilium

2156 4956 2555 5015 Constantium,
2605 4953 2932 5008 Arianorum
2979 4962 3162 5021 partes
3201 4964 3471 5015 secutum,
3518 4969 3712 5024 magno

2158 5048 2343 5104 studio
2377 5048 2607 5116 primani
2658 5045 2923 5114 synodum
2974 5046 3194 5098 abolere
3246 5046 3504 5099 voluisse.
3558 5047 3712 5112 Quod

2160 5142 2252 5197 ubi
2281 5142 2485 5196 veteris
2510 5140 2693 5192 Roma:
2717 5154 2850 5208 papa
2878 5138 3241 5206 cognovisset,
3267 5140 3332 5192 ad
3361 5140 3711 5192 Constantem

2153 5232 2453 5288 Constantii
2482 5231 2702 5284 fratrem
2732 5231 2943 5284 detulit.
2970 5229 3017 5284 Is
3048 5245 3175 5284 vero
3199 5231 3396 5285 bellant
3429 5231 3578 5285 fratri
3608 5246 3704 5299 per

2152 5325 2365 5379 litteras
2399 5324 2674 5376 illaturum
2708 5337 2764 5375 se
2803 5322 3040 5375 minatus
3072 5334 3174 5387 est,
3209 5323 3261 5376 ni
3296 5332 3496 5377 rectam
3544 5322 3703 5374 tidem

2152 5416 2462 5472 convellere
2491 5424 2888 5485 succutercque
2935 5416 3237 5470 desineret.
3270 5415 3458 5483 Itaque
3512 5416 3579 5467 de
3611 5415 3710 5466 im-

2162 5594 2269 5644 eto,
2312 5597 2434 5636 cum
2492 5581 2734 5635 nomium
2790 5590 3070 5633 exstructa
3128 5579 3286 5634 foret.
3318 5587 3370 5630 et
3404 5576 3468 5627 de
3502 5574 3714 5632 Licinio

2153 5653 2504 5706 Nicomedia"
2542 5653 2730 5718 misso,
2766 5666 2927 5719 quem
2983 5650 3120 5703 falso
3159 5657 3311 5700 vocat
3363 5644 3707 5721 Constantini

2150 5738 2429 5793 generum.
