4154 6200
478 271 573 337 4ῗὶ

1743 277 2163 337 MICHAELIS
2204 281 2458 341 GLYCx’E
3591 281 3691 340 £72

483 398 793 448 peratorum
826 386 1058 439 consilio
1101 386 1341 457 synodus
1380 386 1619 444 Sardicae
1650 389 1804 455 coiit,
1845 391 1898 443 in
1935 406 2042 458 qua

2154 394 2418 462 βασιλέων
2455 392 2671 454 σύνοδος
2700 393 2755 443 ἐν
2795 391 3030 461 Σαρδικῇ
3062 395 3432 461 συγκροτεῖται
3461 392 3561 442 ὑπὸ
3589 392 3686 442 Πα-

479 476 662 530 Patrcs
699 487 853 530 erant
884 479 1006 529 5H.
1036 475 1098 528 lli
1127 489 1535 532 sacrosanctum
1571 480 1702 533 illud
1728 482 2034 551 symbolum

479 567 668 620 Nicaea:
702 567 978 619 conditum
1017 566 1434 622 confirmarunt.
1467 571 1560 624 Est
1593 582 1776 627 autem
1811 571 2036 627 Sardica

478 659 608 710 illud
644 659 902 726 oppidum
944 661 1088 728 quod
1143 661 1300 715 modo
1333 657 1661 716 Triaditzam
1699 678 2034 734 nuncupant.

477 751 744 820 Deinceps
792 768 1015 822 magnus
1043 753 1456 818 Constantinus,
1506 757 1776 810 celebrata
1829 758 2038 812 scilicet

477 842 690 895 Nicaena
740 844 970 914 synodo,
1007 845 1198 898 Arium
1249 845 1399 901 misit
1446 847 1512 901 ad
1566 865 1822 919 magnum
1880 850 2034 903 illum

472 935 857 996 Athanasium,
895 946 953 989 ut
999 939 1066 990 ab
1096 953 1162 991 eo
1195 937 1262 991 ad
1311 942 1754 995 communionem
1784 942 2038 996 admitte-

474 1037 646 1080 retur.
669 1027 799 1086 Nam
829 1029 1100 1081 constanti
1122 1030 1484 1098 jurejurando
1509 1031 1814 1088 affirmabat
1835 1045 2035 1089 rectam

473 1133 533 1169 se
561 1117 822 1185 deinceps
853 1118 1181 1171 sententiam
1214 1129 1554 1174 secuturum.
1583 1121 1716 1179 Cum
1749 1134 1931 1178 autem
1954 1124 2036 1178 vir

473 1209 709 1262 eximius
753 1215 931 1278 ipsum
986 1227 1094 1263 non
1146 1212 1483 1276 admitteret,
1534 1215 1602 1268 ab
1649 1215 1866 1272 Arianis
1899 1217 2036 1272 solio

475 1303 801 1356 deturbatus
829 1310 935 1355 est.
973 1302 1104 1356 Nam
1139 1305 1230 1372 qui
1267 1315 1451 1374 partes
1491 1306 1722 1362 Arianas
1757 1309 2032 1373 fovebant,

474 1395 860 1464 imperatorias
893 1411 1056 1450 aures
1098 1408 1524 1466 occupaverant,
1558 1410 1614 1455 et
1658 1401 2037 1471 multipliciter

475 1488 656 1540 virum
687 1498 936 1542 sanctum
969 1489 1425 1546 criminabantur.
1451 1492 1724 1558 Quantum
1753 1506 1902 1550 certe
1927 1512 2040 1550 ma-

476 1581 586 1633 lum
641 1581 713 1634 sit
764 1580 920 1650 251
982 1593 1334 1638 accusatores
1388 1585 1675 1640 admittere
1737 1561 2038 1656 contraque

476 1670 691 1725 delatos
742 1672 985 1726 inaudita
1032 1689 1193 1728 causa
1244 1678 1624 1744 pronuntiare,
1663 1679 1792 1733 licet
1839 1695 1903 1733 ex
1952 1679 2040 1732 his

479 1777 809 1831 cognoscere
880 1780 1000 1832 quae
1061 1765 1202 1818 inter
1262 1783 1516 1834 magnum
1575 1769 1932 1823 Athanasium
1991 1780 2047 1824 et

479 1866 725 1908 Sanctum
782 1855 932 1910 hunc
993 1857 1381 1926 imperatorem
1439 1859 1782 1914 acciderunt.
1841 1862 2042 1917 Eadem

484 1945 814 2000 Athanasius
846 1947 1011 2001 etiam
1050 1948 1355 2015 imperante
1389 1949 1709 2004 Constantio
1752 1966 2046 2020 perpessus

483 2048 585 2101 cst,
625 2054 732 2106 quo
784 2039 1005 2106 quidem
1052 2051 1296 2110 tempore
1345 2042 1611 2111 virginem
1659 2042 1724 2096 ad
1771 2045 2040 2112 quandam

475 2131 739 2200 profugit,
769 2141 823 2185 et
852 2132 1160 2185 occultatus
1185 2134 1252 2186 ab
1276 2149 1337 2186 ea
1371 2143 1514 2188 totos
1545 2133 1748 2188 ibidem
1780 2150 1874 2188 sex
1905 2150 2037 2188 con—

477 2225 662 2292 tin‘uos
710 2239 886 2276 annos
919 2224 1156 2276 delituit.
1191 2225 1318 2295 Post
1350 2225 1696 2294 imperatoris
1726 2243 1859 2280 vero
1889 2243 2036 2281 mor-

477 2325 585 2368 tem
633 2316 700 2368 ad
747 2331 876 2368 suos
909 2331 1165 2390 reversus
1209 2328 1313 2370 est.
1346 2321 1412 2369 At
1445 2333 1568 2390 cum
1616 2317 1869 2372 Julianus
1917 2334 2040 2372 mox

477 2409 664 2462 (Itllllia
708 2410 774 2462 de
810 2410 1023 2478 integro
1083 2387 1730 2478 perturhassetxrursum
1781 2410 1905 2481 fuga
1939 2412 2040 2464 sibi

2141 488 2314 556 τέρων
2355 485 2502 556 τμα’,
2539 483 2839 554 βεϐαιοῦσα
2861 485 2920 535 τὺ
2955 483 3106 548 ἆγιον
3146 483 3428 552 σύμϐολοψ
3462 484 3694 552 Σαρδικὴ

2140 579 2196 629 δέ
2227 579 2375 630 ἐστιν
2409 579 2440 647 ἡ
2472 577 2566 630 νῦν
2597 575 2864 645 λεγομένη
2898 573 3212 643 Τριάδιτζα.
3251 573 3320 626 Ὀ·
3344 574 3515 641 μέγας
3547 577 3693 627 Κων-

2145 674 2425 732 σταντῐνος
2456 666 2742 722 ἀπέστειλε
2793 670 2884 720 τὸν
2915 668 3133 736 νΑρειον
3175 665 3400 734 ὕστερον
3431 666 3566 736 πρὸς
3605 667 3694 719 τὺν

2145 762 2314 830 μέγαν
2354 761 2670 815 Ἀθανάσιον
2717 761 2860 814 ὥστε
2911 762 3296 826 συγκοινωνεῑν
3335 757 3495 810 αὐτόν
3521 775 3534 788 ·
3587 760 3697 833 διε-

2140 852 2420 904 ϐεϐαιοῦτο
2439 853 2544 922 γάρ
2565 852 2636 905 δι’
2667 853 2831 922 ὅρκου
2862 852 3078 919 φρονεῖν
3108 849 3308 912 καλῶς.
3351 849 3410 903 '0
3440 851 3496 902 δὲ
3527 854 3705 919 μέγας,

2141 947 2239 998 οὐκ
2276 943 2493 1010 ἐδέξατο
2550 944 2751 996 αὐτόν·
2787 943 2872 1011 ἐφ’
2911 938 2954 1010 ᾧ
2987 945 3081 994 καὶ
3114 942 3206 994 τοῦ
3243 941 3432 1009 θρόνου
3476 940 3698 1005 ὲξιστῶ-

2143 1053 2226 1089 σιν
2255 1035 2440 1089 αὐτόν’
2470 1035 2880 1106 προκατέλαϐον
2925 1035 3035 1102 γὰρ
3081 1033 3182 1096 τὰς
3217 1032 3501 1102 βασιλικάς
3530 1031 3698 1095 ἀκοάς

2139 1129 2189 1181 οί
2235 1126 2662 1197 άρειανίζοντες,
2695 1128 2788 1180 καὶ
2827 1126 2996 1179 πολλά
3047 1126 3142 1178 τοῦ
3197 1127 3353 1193 ἁγίου
3409 1129 3690 1178 κατεῖπον.

2143 1220 2311 1272 Ὅσον
2353 1218 2447 1271 οῦν
2487 1219 2656 1272 κακὸν
2715 1217 2777 1270 τὸ
2831 1217 3168 1270 άπεντεῦθεν
3199 1216 3328 1279 τοὺς
3362 1215 3698 1283 κατηγόρους

2141 1311 2551 1381 παραδέχεσθαι
2592 1311 2688 1364 καὶ
2722 1311 2821 1371 τὰς
2863 1309 3168 1377 ἀποφάσεις
3217 1310 3392 1361 ποιεῖν
3427 1307 3566 1360 κατὰ
3594 1307 3698 1358 τῶν

2142 1405 2673 1474 κατηγορουμένων,
2723 1403 2892 1467 ἔδειξε
2931 1403 3000 1455 τά
3037 1400 3242 1470 μεταξύ
3279 1418 3341 1452 τε
3400 1400 3492 1452 τοῦ
3543 1398 3700 1466 ἁγίου

2145 1497 2409 1566 βασιλέως
2474 1497 2568 1550 καὶ
2644 1495 2737 1549 τοῦ
2792 1495 2950 1562 ἁγίου
3022 1495 3344 1546 Ἀθανασίου
3395 1491 3698 1559 συμϐάντα.

2155 1586 2314 1638 Ἀλλὰ
2359 1588 2451 1638 καὶ
2482 1585 2574 1636 ἐπὶ
2625 1583 3004 1638 Κωνσταντίου
3035 1585 3103 1637 τὰ
3131 1583 3268 1636 αὐτὰ
3300 1581 3588 1641 πέπονθεν,
3618 1579 3701 1647 ἐφ’

2149 1671 2192 1744 ᾧ
2232 1679 2328 1728 καὶ
2379 1674 2715 1744 προσφυγὼν
2767 1676 2918 1744 παρά
2957 1691 3079 1728 τινα
3137 1672 3403 1740 παρθένον
3441 1671 3704 1723 διετέλεσε

2153 1769 2281 1838 παρ’
2313 1769 2448 1838 αὐτῇ
2497 1768 2868 1838 κρυπτόμενος
2913 1765 3006 1835 ἔτη
3042 1765 3118 1829 ἓξ.
3152 1765 3301 1818 Μετὰ
3323 1763 3380 1816 δὲ
3413 1763 3580 1831 μόρον
3610 1763 3706 1814 αὺ-

2153 1861 2246 1914 τοῦ
2279 1859 2430 1923 αὖθις
2455 1861 2751 1928 ἐπανῆλθε.
2792 1858 2896 1911 Τοῦ
2937 1859 2994 1911 δέ
3037 1860 3178 1911 κατὰ
3206 1853 3703 1916 πόδαςΊουλιανοῦ

2154 1954 2335 2005 πάντα
2367 1953 2700 2020 ταράξαντος
2732 1950 2894 2003 πάλιν
2930 1950 3137 2018 ὑπέδρα
3183 1949 3210 2000 ὁ
3253 1948 3410 2015 ἆγιος
3459 1948 3586 2014 περὶ
3615 1948 3706 1998 τὸν

2152 2043 2246 2096 τοῦ
2299 2043 2600 2113 Σαράπιδος
2631 2043 2774 2096 ναόν.
2807 2041 3055 2111 Κορῶναι
3084 2040 3334 2109 ἔκραζον.
3388 2039 3496 2090 Καὶ
3531 2041 3706 2106 ὲρωτη

2138 2139 2251 2200 θεὶς
2282 2136 2432 2206 παρὰ
2467 2136 2574 2188 τῶν
2614 2135 2905 2205 Ἑλλήνων
2931 2153 2948 2185 ι
2981 2134 3044 2185 Τί
3085 2133 3278 2201 βοῶσιν
3303 2126 3483 2196 αὗται,
3546 2130 3709 2182 κακό-

2141 2246 2349 2297 γηρες»
2379 2224 2521 2282 εἷπε.
2549 2247 2566 2279 t
2603 2228 2674 2280 Τὸ
2715 2227 2825 2295 apd
2862 2229 2927 2296 τῇ
2979 2225 3164 2296 Σύρων
3195 2226 3343 2293 φωνῇ
3377 2222 3564 2292 αὔριον
3613 2223 3710 2290 δη-

2143 2319 2220 2370 λοῖ
2256 2317 2365 2387 (76)
2386 2333 2401 2347 ο
2435 2317 2621 2384 αὔριον
2655 2318 2749 2371 καὶ
2770 2361 2773 2366 .
2796 2317 2904 2384 γάρ
2933 2315 3127 2385 ὄψεσθε
3161 2315 3260 2384 τὴν
3283 2313 3375 2366 τοῦ
3416 2311 3552 2364 θεοῦ
3579 2311 3710 2379 πρό-

2146 2428 2343 2464 νοιαν.»
2365 2410 2480 2480 Ἐφ’
2514 2404 2558 2477 ᾧ
2585 2412 2687 2486 καὶ,
2701 2409 2942 2480 ἠγγέλθη
2971 2409 3064 2461 τοῦ
3090 2406 3370 2480 ἀλιτηρίου
3406 2407 3434 2458 ὁ
3460 2404 3707 2460 θάνατος.

477 2505 768 2559 consulere
809 2516 1034 2558 coactus
1081 2518 1184 2560 est.
1229 2505 1390 2560 Forte
1443 2518 1558 2560 tum
1602 2507 1865 2576 temporis
1935 2509 2082 2562 circa
2155 2506 2434 2576 Serapidis
2487 2507 2671 2560 fanum
2749 2505 3000 2560 cornices
3055 2500 3417 2558 crocitabant.
3481 2495 3580 2551 Hie
3642 2495 3710 2549 ab
3799 2529 3804 2532 -

477 2598 701 2651 ethnieo
729 2597 967 2666 quodam
1001 2601 1087 2650 vir
1114 2608 1344 2656 sanctus
1369 2599 1735 2668 interrogatus
1764 2601 1897 2670 quid
1962 2600 2176 2654 illarum
2243 2600 2560 2653 vociferatio
2623 2598 2728 2654 sibi
2790 2599 2972 2661 vellet,
3010 2597 3330 2664 respondit:
3373 2612 3390 2644 ι
3425 2590 3708 2660 Syrorum.

487 2714 518 2748 ο
548 2696 817 2765 improbe,
843 2695 1028 2763 lingua
1057 2711 1166 2748 vox
1196 2713 1288 2748 cra
1313 2697 1458 2750 diem
1497 2697 1798 2751 crastinum
1833 2698 2136 2767 significat:
2165 2713 2286 2752 cras
2343 2697 2490 2750 enim
2555 2696 2648 2751 Dei
2706 2695 3109 2767 providentiam
3167 2691 3450 2750 videbitis,
3479 2709 3496 2742 ι
3525 2689 3711 2758 Neque

483 2791 658 2844 nullo
693 2797 814 2857 post
853 2787 1092 2842 hominis
1121 2789 1372 2843 scelerati
1407 2805 1552 2842 mors
1584 2792 1834 2842 mmtiata
1867 2798 1974 2842 est.

554 2885 818 2938 Caeterum
857 2881 1254 2936 Constantinus
1275 2881 1514 2951 Magnus
1550 2884 1736 2936 Itonia:
1772 2882 1838 2934 12
1871 2896 2045 2935 annos

2238 2881 2298 2932 Ὀ
2335 2880 2524 2950 μέντοι
2573 2878 2747 2949 μέγας
2778 2878 3187 2939 Κωνσταντῖνος
3228 2877 3286 2929 έν
3324 2874 3505 2946 Ῥώμῃ
3550 2878 3713 2947 ἐκρά-

481 2975 791 3044 imperavit,
839 2973 983 3042 apud
1043 2990 1142 3028 nos
1189 2973 1294 3036 ‘20;
1336 2991 1571 3043 cumque
1616 2987 1807 3028 contra
1857 2977 2048 3028 Persas

2154 2989 2317 3043 τησεν
2349 2972 2442 3041 ἔτη
2480 2969 2567 3041 ιβ’,
2610 2971 2846 3026 ἐνταῦθα
2898 2970 3090 3035 εἴκοσι,
3127 2967 3223 3021 καὶ
3259 2970 3318 3020 έν
3361 2969 3712 3042 Νικομηδείᾳ

481 3084 606 3122 cum
640 3067 819 3136 COpiiS
855 3077 1121 3130 moveret,
1155 3067 1486 3122 Nicomediae
1529 3067 1639 3120 vita
1689 3067 1910 3121 functus
1941 3075 2046 3129 est,

487 3178 584 3231 per
614 3161 841 3216 insidias
870 3161 1100 3214 fratrum
1136 3160 1384 3213 sublatus
1413 3177 1444 3212 e
1470 3161 1674 3225 medio,
1700 3161 1794 3230 qui
1829 3170 2053 3230 propter

487 3236 800 3307 simultates
836 3253 1124 3320 quasdam,
1154 3267 1276 3304 cum
1305 3267 1371 3304 eo
1419 3267 1552 3319 quas
1583 3252 1938 3318 exercebant,
1970 3252 2052 3304 le-

486 3346 635 3398 thale
671 3359 944 3398 venenum
979 3345 1025 3396 ei
1057 3345 1437 3412 propinarunt.
1471 3344 1694 3398 Mortem
1727 3346 1846 3415 ejus
1868 3359 2054 3398 come—

489 3447 572 3490 tes
616 3445 861 3499 exortus,
893 3445 953 3488 ut
986 3435 1266 3486 memoria:
1313 3433 1588 3500 proditum
1621 3443 1724 3497 est,
1754 3432 2050 3501 portendit.

488 3528 716 3597 Magnus
736 3536 886 3581 certe
913 3520 1147 3579 Basilius
1177 3523 1482 3593 significare
1505 3525 1714 3590 volens,
1742 3525 2054 3593 hujusmodi

489 3622 599 3674 vim
627 3628 962 3674 cometarum
1007 3632 1150 3680 esse,
1189 3636 1206 3666 ι
1246 3616 1494 3681 Quoties,
1551 3616 1752 3685 inquit,
1778 3615 2056 3669 exsistunt

491 3716 744 3771 cometa,
769 3707 924 3776 signa
953 3717 1093 3762 sunt
1127 3707 1494 3759 successionis
1525 3721 1734 3776 regum.
1769 3726 1787 3758 ι
1821 3707 2055 3761 Alexan-

489 3800 589 3852 der
635 3799 942 3852 monachus
973 3801 1026 3853 in
1063 3799 1292 3852 historia
1324 3798 1392 3852 de
1447 3799 1704 3866 pretiosa:
1745 3799 1928 3856 erucis
1972 3801 2056 3854 in~

492 3891 750 3946 ventione
785 3889 955 3944 tradit
984 3907 1245 3960 magnum
1287 3891 1432 3945 hunc
1465 3891 1768 3960 principem
1799 3891 2057 3947 Nicome-

491 3985 596 4037 dia:
625 3983 735 4038 fato
775 3983 1050 4048 functura,
1081 3998 1205 4036 cum
1238 3983 1491 4037 lethifero
1518 3984 1713 4037 morbo
1759 3985 2055 4039 laboraret.

495 4075 704 4128 Ibidem
759 4089 885 4129 eum
941 4074 1123 4128 morbi
1186 4083 1428 4144 tempore
1481 4075 1814 4144 baptizatum
1867 4091 1989 4130 esse
2043 4091 2056 4128 :

492 4166 888 4222 Constantinus
919 4165 1091 4232 enim,
1125 4175 1187 4220 ut
1225 4167 1341 4236 ipse
1385 4167 1605 4236 quidem
1641 4176 2057 4237 commemorat,

2150 3064 2394 3116 ἀπέθανε
2409 3063 2548 3115 κατὰ
2576 3062 2800 3132 Περσῶν
2828 3063 3098 3132 ἀπαίρων.
3124 3060 3363 3130 Τελευτᾷ
3388 3061 3444 3112 δὲ
3470 3060 3558 3116 τὸν
3599 3061 3712 3131 βίον

2151 3158 2208 3224 ἐξ
2245 3157 2538 3226 ἐπιϐουλῆς
2587 3157 2694 3210 τῶν
2749 3155 3206 3226 έτεροθαλούντων
3249 3153 3395 3224 αὐτῷ
3447 3155 3712 3223 ἀδελφῶν,

2153 3253 2440 3321 φάρμακον
2464 3249 2612 3318 αὐτῷ
2635 3245 3343 3320 δηλητήριονίὲγχεαμένων,
3374 3245 3616 3316 ἀστέρος,
3636 3246 3710 3309 ὣς

2154 3361 2310 3411 φασι,
2355 3343 2598 3412 κομήτου
2631 3341 2721 3394 τὸν
2770 3341 2998 3394 θάνατον
3033 3340 3200 3394 αὐτοῦ
3235 3340 3709 3411 προμηνῦσαντος·

2153 3434 2312 3486 εἴωθε
2349 3432 2457 3502 γὰρ
2495 3437 2553 3484 ὲν
2583 3433 2847 3495 τοιούτοις
2881 3432 3126 3502 κομήτας
3164 3433 3223 3484 ἐν
3267 3432 3484 3502 οὐρανῷ
3523 3432 3713 3485 πολλά·

2155 3541 2242 3586 κις
2291 3523 2596 3592 φαίνεσθαι,
2629 3524 2723 3575 καὶ
2755 3523 2910 3575 τοῦτο
2941 3522 3116 3592 δηλῶν
3145 3525 3174 3574 ὁ
3207 3523 3379 3592 μέγας
3431 3521 3708 3584 Βασίλειος

2155 3617 2342 3685 ἔλεγε·
2382 3636 2399 3667 ι
2437 3617 2789 3670 Συνίστανται
2831 3616 2888 3669 δὲ
2935 3617 3173 3685 κομῆται
3225 3621 3424 3685 σημεῖα
3465 3617 3714 3686 διαδοχῆς

2159 3710 2428 3779 βασιλέων
2481 3708 2762 3778 φέροντες.
2807 3726 2825 3760 ι
2864 3709 2974 3761 Καὶ
3003 3711 3030 3760 ὁ
3071 3707 3170 3776 μὲν
3208 3708 3436 3779 μοναχὺς
3477 3709 3718 3772 Ἀλέξαν·

2157 3803 2281 3872 δρος
2312 3805 2368 3853 ἐν
2390 3805 2455 3872 τῇ
2481 3803 2568 3854 διὰ
2595 3803 2696 3870 τὴν
2725 3799 2820 3853 τοῦ
2846 3801 3029 3868 τιμίου
3067 3801 3303 3868 σταυροῦ
3333 3800 3550 3866 εὕρεσιν
3575 3799 3717 3850 ἱστο-

2161 3896 2255 3964 ρίᾳ
2303 3893 2450 3960 λέγει
2491 3892 2589 3960 μὲν
2619 3893 2678 3945 ὲν
2719 3891 3056 3961 Νικομηδείᾳ
3083 3890 3401 3958 τελευτῆσαι
3431 3889 3520 3941 τδν
3564 3891 3716 3956 ἅγιον

2159 3985 2574 4040 Κωνσταντῖνον
2623 3984 2762 4053 νόσῳ
2817 3983 3103 4052 θανασίμῳ
3159 3982 3509 4052 συσχεθέντα,
3561 3999 3714 4051 τηνι-

2159 4076 2336 4130 καῦτα
2382 4077 2438 4129 δὲ
2485 4075 2580 4128 καὶ
2632 4075 3041 4143 βαπτισθῆναι·
3099 4074 3421 4127 ἀνεϐάλλετο
3467 4073 3597 4144 γὰρ,
3644 4075 3719 4132 ὡς

2163 4171 2369 4230 ἐκεῖνος
2420 4185 2616 4236 φησιν,
2649 4167 2754 4229 ἓως
2787 4167 2957 4218 θέλων
3005 4167 3064 4218 ὲν
3110 4166 3352 4234 Ἰορδάνῃ
3393 4168 3576 4234 τυχεῖν
3623 4163 3715 4216 τοῦ

495 4257 562 4310 ad
619 4257 752 4311 illud
813 4272 985 4325 usque
1044 4257 1311 4325 temporis
1361 4257 1689 4335 baptismum
1751 4257 2048 4321 distulerat,

2164 4259 2313 4311 θείου
2369 4258 2622 4327 λουτροῦ.
2665 4258 3049 4311 ’Λπίοανον-δὲ
3099 4257 3256 4310 τοῦτο
3289 4256 3368 4326 τῷ
3397 4256 3508 4308 δντι
3551 4255 3715 4307 δοκεῖ.

497 4350 644 4418 quod
675 4349 922 4403 divinum
967 4351 1072 4404 hoc
1112 4351 1384 4405 lavacram
1420 4351 1474 4404 in
1523 4351 1762 4406 Iordane
1795 4351 2056 4421 consequi

497 4452 747 4510 cimeret.
780 4439 980 4496 Verum
1017 4443 1132 4498 hate
1164 4442 1408 4498 narratio
1446 4457 1637 4512 reapse
1688 4458 1878 4512 parum
1925 4457 2057 4496 vero

499 4546 868 4591 consentanea
897 4537 1136 4591 videtur.
1165 4536 1299 4590 Nam
1332 4537 1731 4606 plusmeretur
1757 4531 1884 4590 fidei
1915 4534 2061 4604 quod

506 4627 597 4681 alii
637 4627 878 4692 tradunt,
915 4643 1040 4682 eum
1075 4627 1218 4696 apud
1264 4625 1496 4682 Romam
1526 4637 1768 4681 veterem
1815 4642 1846 4684 a
1877 4635 2064 4680 saneto

508 4718 774 4772 διινοειτο
803 4719 1136 4787 baptizatum
1171 4732 1314 4772 esse.
1343 4717 1666 4786 Quanquam
1698 4717 1846 4771 enim
1875 4715 2063 4772 Ariani

504 4811 728 4878 quidam
753 4819 1074 4864 constanter
1104 4819 1362 4864 asserunt
1391 4825 1517 4865 eum
1545 4811 1614 4865 ab
1637 4810 1877 4864 Eusebio
1904 4810 2065 4864 Nico-

506 4903 700 4957 mediae
733 4901 978 4958 antistite
1011 4903 1347 4974 baptizatum
1381 4918 1525 4970 esse,
1561 4912 1622 4958 ut
1651 4903 1746 4974 qui
1791 4901 2061 4960 Constan-

579 5091 690 5163 (76)
722 5089 899 5163 Miror
927 5090 1144 5162 Glyeam
1178 5107 1209 5146 e
1240 5092 1459 5163 Syriaca
1507 5092 1690 5162 lingua
1737 5091 2062 5146 allusionem

521 5161 848 5233 mmsivissc,
885 5161 1008 5216 cum
1065 5163 1252 5216 Latina
1285 5161 1446 5218 esset
1497 5163 1550 5216 in
1595 5161 1856 5233 promptu
1890 5163 2064 5216 cuivis

514 5234 775 5302 Romano.
821 5232 955 5286 Cras
1010 5234 1156 5286 enim
1217 5234 1597 5302 crastinusque
1646 5232 1770 5287 dies
1810 5233 2066 5286 omnibus

517 5311 698 5356 notus.
749 5301 852 5356 Sed
898 5304 1010 5357 hazc
1069 5303 1250 5356 obiter
1299 5319 1312 5354 :
1374 5301 1799 5356 rem’nostram
1853 5302 2085 5372 propius

516 5382 716 5441 spectat
751 5372 1479 5442 interrogatioEthnicorum
1515 5374 1614 5426 :Ti
1644 5367 2062 5442 βοῶσινάὖται,

519 5444 824 5564 κακῦγηρε;
865 5443 945 5495 sic
986 5445 1130 5496 enim
1192 5442 1692 5514 interpnngcndum
1753 5453 1838 5498 est
1882 5456 1946 5494 ex
2002 5441 2062 5495 F.

519 5513 646 5564 lluid
681 5513 719 5564 il
745 5529 788 5564 α’
817 5514 892 5564 sic
942 5520 1292 5564 perstrepunt.
1340 5530 1370 5564 ο
1432 5515 1754 5564 informante
1811 5512 2062 5564 senecio?

516 5513 646 5576 Quid
681 5512 788 5566 illa,
817 5514 892 5567 sic
941 5520 1292 5584 perstrepunt,
1340 5530 1370 5565 ο
1432 5512 1754 5584 infortunare
1811 5512 2066 5584 senario?

509 5584 689 5637 Minus
728 5585 872 5636 enim
920 5591 1065 5652 recte
1101 5583 1152 5636 in
1191 5593 1376 5636 nostro
1405 5582 1594 5638 codice
1631 5587 1910 5652 κακόγηρε
1940 5582 2068 5652 jun-

514 5653 663 5717 gitur
695 5668 819 5722 cum
865 5651 1010 5713 εἰπὲ,
1038 5653 1223 5720 sicque
1263 5653 1652 5722 interpretatus
1691 5662 1774 5706 est
1803 5651 2065 5705 Lenttcla-

516 5722 639 5771 vius
674 5735 684 5768 :
717 5720 990 5789 Syrorum,
1023 5738 1052 5774 ο
1089 5723 1338 5792 improbe,
1383 5720 1582 5792 lingua,
1622 5737 1718 5776 ac.
1771 5722 1886 5777 Etsi
1919 5722 2060 5776 enim

2177 4350 2568 4420 ’Λληθέστερον
2598 4351 2704 4418 γάρ
2737 4350 2986 4418 φαίνεται
3038 4347 3262 4403 εἶναιτὸ
3311 4351 3368 4402 ἐν
3415 4349 3601 4418 Ῥώμῃ
3649 4351 3715 4417 τῇ

2166 4441 2513 4514 πρεσϐυτέρᾳ
2542 4441 2645 4492 ὑπὸ
2667 4441 2759 4492 τοῦ
2787 4443 2942 4507 ἁγίου
2983 4442 3307 4510 Σιλῆέστρου
3361 4441 3488 4509 βεϐα
3502 4440 3717 4492 πτίσθαι

2162 4536 2342 4588 αὐτόν.
2402 4535 2462 4587 Εἰ
2515 4533 2623 4602 γάρ
2670 4535 2763 4587 καὶ
2797 4533 3068 4603 Ἀρειανοί
3119 4549 3262 4594 τινες
3301 4533 3722 4601 διισχυρίζονται

2161 4628 2242 4682 ὅτι
2283 4627 2387 4679 ὑπὸ
2428 4626 2692 4679 Εὑσεϐίου
2738 4625 2830 4679 τοῦ
2886 4623 3256 4696 Νικομηδείας
3305 4623 3609 4692 ἐϐαπτίσθη
3634 4622 3722 4674 διὰ

2161 4718 2222 4770 τὸ
2266 4720 2360 4769 καὶ
2409 4717 2688 4786 συμϐῆναι
2742 4717 2906 4770 αὐτὸν
2959 4720 3140 4770 ἐκεῖσε
3187 4718 3546 4786 κοιμηθῆναι,
3586 4713 3725 4768 ἀλλὰ.⁵

2160 4810 2304 4863 κατὰ
2325 4810 2424 4879 τὴν
2461 4809 2684 4880 Ῥώμην
2713 4809 3022 4882 βαπτιστῆρ
3049 4810 3144 4864 τοῦ
3180 4811 3417 4879 μεγάλου
3451 4807 3723 4878 λαμπρῶς

2162 4904 2407 4974 παριστᾷ
2459 4903 2558 4972 τὴν
2607 4902 2882 4974 ἀλήθειαν,
2931 4904 3044 4971 εῖγε
3092 4904 3183 4958 καὶ
3233 4904 3434 4974 μᾶλλον
3465 4900 3724 4955 ἀδύνατον

2173 5091 2279 5146 alia
2327 5093 2528 5154 desint,
2585 5107 2689 5146 vox
2750 5092 2852 5146 ista
2907 5091 3306 5146 contumeliosa
3349 5104 3542 5157 parum
3593 5105 3723 5146 sane

2175 5164 2426 5231 congruit
2487 5163 2767 5216 modestia:
2800 5159 3127 5216 sanctissimi
3173 5161 3452 5225 antistitis,
3493 5175 3597 5215 nec
3629 5165 3723 5214 uni

2176 5234 2440 5286 duntaxat
2484 5233 2705 5287 ethnico
2742 5231 3024 5301 respondit
3064 5247 3094 5284 a
3137 5231 3391 5301 pluribus
3423 5233 3725 5296 interroga-

2163 5305 2475 5372 ιιιεηπαρά
2522 5305 2631 5355 τῶν
2669 5300 2937 5372 Ἑλλήνων
2986 5301 3303 5372 ἐρωτηθείς,
3362 5300 3727 5372 ρυξιελιιιιιὶίι

2168 5373 2235 5426 de
2273 5370 2632 5427 Constantino
2665 5370 2846 5424 Roma:
2884 5386 2979 5440 per
3023 5370 3197 5424 annos
3240 5370 3328 5431 12,
3360 5372 3444 5425 vel
3473 5381 3529 5423 ut
3562 5371 3727 5425 habet

2170 5442 2230 5502 1",
2287 5448 2376 5508 ιγ’,
2417 5444 2506 5505 15,
2551 5444 2871 5510 imperante,
2920 5440 3392 5509 Constantinopoli
3449 5455 3578 5510 vero
3632 5457 3729 5508 per

2169 5527 2343 5565 annos
2374 5512 2466 5574 20,
2497 5509 2822 5565 refelluntur
2856 5511 3014 5564 facile
3066 5526 3133 5564 ex
3166 5511 3232 5564 iis
3262 5527 3382 5578 qua:
3417 5511 3486 5562 de
3535 5509 3729 5563 Eucae-

2167 5582 2275 5633 niis
2306 5597 2458 5637 novae
2489 5583 2675 5637 Romae
2726 5581 2760 5632 2
2809 5580 2931 5633 Maii
2987 5581 3113 5634 anni
3150 5579 3474 5634 Christiana:
3505 5580 3729 5646 epocha:

2167 5650 2272 5704 550
2320 5663 2374 5707 et
2413 5652 2567 5709 obitu
2607 5649 2950 5705 Constantini
3003 5665 3145 5704 anno
3193 5651 3318 5715 357,
3358 5651 3487 5706 alibi
3530 5652 3718 5703 docui-

2167 5736 2308 5775 lilUS.
