4154 6200
423 287 567 350 ’43

1690 303 2086 378 ANNALIUM
2131 305 2320 365 PARS
2362 305 2456 365 tv.

3580 307 3680 367 4-’4

463 400 526 474 ἦν
562 407 926 479 ἀκοινώνητον
982 407 1120 465 εἶναι
1179 414 1336 467 αὐτὸν
1394 415 1451 468 ἐν
1501 418 1568 488 τῇ
1619 417 1758 469 κατὰ
1792 418 2002 472 Νίκαια

2135 421 2246 474 tino
2290 421 2438 475 illum
2485 421 2550 475 ad
2600 424 2778 476 locum
2831 439 3002 492 usque
3048 437 3230 476 cernes
3279 421 3466 479 fuerit.
3503 424 3684 490 itaque

465 494 664 563 σύνοδῳ
687 512 701 526 ·
736 498 852 562 πῶς
884 502 993 571 γάρ
1023 500 1252 570 ἠδύνατο
1279 503 1312 573 ἢ
1350 503 1700 574 συνεύχεσθαι
1732 505 1763 575 ἢ
1809 507 2019 559 συλλει-

467 593 721 656 τουργεϊν
751 592 938 656 αὐτοῖς
983 592 1156 658 οὕτως
1190 595 1326 665 ἔχων
1361 597 1556 662 αὐτόςς
1593 597 1666 652 To
1714 597 1890 666 λέγειν
1930 595 2022 654 οὖν

461 681 557 734 καὶ
607 684 826 749 φρονεῖν
858 684 1004 739 οὕτω
1033 689 1161 758 περὶ
1183 687 1278 742 τοῦ
1316 689 1552 759 μεγάλου
1583 692 1677 744 καὶ
1715 691 1836 745 λίαν
1870 692 2019 744 ἐστὶν

462 773 834 832 ἀτοπώτατον.

2129 511 2389 580 deinceps
2442 511 2871 578 obdormivisse;
2929 529 3036 567 non
3094 523 3276 566 tamen
3329 512 3556 566 dubium
3605 523 3684 565 est

2129 597 2472 671 quin'magni
2519 603 2676 672 hujus
2719 604 3068 672 imperatoris
3099 603 3504 671 baptisterium,
3541 601 3684 672 quod

2129 690 2307 768 adhuc
2342 692 2525 745 Ronnc
2553 692 2908 761 conspicitur,
2941 693 3137 747 illustri
3161 695 3372 747 ratione
3397 694 3686 748 veritatem

2129 793 2541 838 commonstret.
2587 783 2698 838 lmo
2741 769 2858 838 fleri
2895 802 3003 840 non
3039 788 3212 855 potuit
3261 797 3320 840 ut
3367 786 3586 841 Nicmno
3633 786 3684 839 in

462 866 698 921 concilio
720 868 977 938 baptismi
1001 885 1201 940 expers
1225 872 1339 942 ipse
1367 871 1527 928 foret.
1584 872 1704 940 Quo
1729 873 1874 928 enim
1933 882 2092 944 pacto
2130 875 2216 929 vel
2251 891 2441 944 preces
2491 891 2594 928 una
2629 876 2920 944 concipere
2953 876 3036 929 vel
3073 877 3244 931 sacris
3279 879 3470 932 adesse
3519 877 3685 931 rebus

462 973 674 1030 poterat
709 969 959 1046 nondum
1014 967 1267 1036 baptismi
1316 971 1628 1039 particeps?
1673 971 2014 1042 Quapropter
2055 972 2110 1026 in
2143 973 2287 1027 hunc
2323 972 2542 1026 modum
2573 971 2638 1025 de
2669 974 2787 1025 viro
2821 973 3057 1025 maximo
3086 973 3167 1026 vel
3198 972 3346 1042 loqui
3406 973 3490 1026 vel
3556 989 3685 1027 sen-

457 1056 556 1110 tire
592 1072 817 1124 prorsus
846 1059 1146 1114 absurdum
1173 1060 1360 1134 fuerit.

526 1149 688 1204 Ὀσον
717 1151 772 1204 δὲ
805 1154 836 1223 ἡ
873 1154 1004 1221 ἁγία
1033 1155 1176 1224 ψυχὴ
1205 1159 1298 1210 τοῦ
1326 1159 1562 1228 μεγάλου
1600 1161 2011 1215 Κωνσταντίνου

458 1244 968 1312 συγκαταϐαίνουσά
1014 1264 1074 1300 τε
1121 1251 1214 1302 καὶ
1246 1252 1705 1321 συγγνωμονοῦσα
1754 1255 1871 1317 ταῖς
1905 1254 2011 1308 τῶν

460 1337 664 1390 πολλῶν
711 1338 1019 1404 ἀσθενείαις
1051 1342 1512 1414 ἐτύγχανε,δῆλον
1565 1346 1878 1400 κάντεῦθεν.
1922 1346 2014 1399 Ai-

455 1429 696 1498 τιάματα
736 1430 982 1500 ἔγγραφα
1018 1435 1528 1503 προσεκομίσθησαν
1551 1436 1696 1508 αὐτῷ
1731 1438 1850 1491 κατ’
1891 1439 2012 1491 ἐπι·

457 1522 672 1574 σκὸπων
695 1541 709 1554 ο
744 1523 837 1575 καὶ
887 1523 945 1584 ὃς
981 1525 1105 1587 τοὺς
1147 1525 1245 1596 μὲν
1269 1525 1472 1596 χάρτας
1507 1527 1702 1580 αὐτίκα
1739 1529 2006 1582 κατέκαυ-

455 1631 565 1677 σεν,
603 1614 756 1682 ἔλεγε
800 1615 891 1667 δέ’
932 1633 948 1666 ι
973 1616 1035 1668 Εἰ
1099 1613 1238 1670 εἶδον
1301 1619 1679 1688 ἁμαρτάνοντα
1723 1621 1892 1690 ἱερέα,
1923 1621 2011 1678 διὰ

452 1707 551 1773 τῆς
585 1706 851 1776 χλαμύδος
899 1708 1179 1762 ἐσκέπασα
1231 1709 1298 1763 ἂν
1346 1703 1530 1776 αὑτὸν,
1565 1711 1650 1763 ἵνα
1699 1713 1791 1765 καὶ
1820 1716 1846 1766 ὁ
1879 1713 2010 1776 Θεὸς

2185 1157 2354 1224 Quam
2381 1155 2666 1226 insigniter
2696 1169 2876 1209 autem
2911 1169 3093 1210 sancta
3125 1159 3304 1225 magni
3335 1160 3680 1217 Constantiri

2114 1251 2289 1305 anima
2329 1265 2384 1302 se
2415 1249 2692 1303 demiserit
2739 1265 2801 1302 ac
2868 1249 3163 1302 multorum
3221 1251 3682 1305 imbecillitatibns

2113 1342 2398 1412 ignoverit,
2433 1341 2515 1395 vel
2548 1341 2674 1396 hinc
2709 1340 2868 1410 252
2907 1341 3085 1410 colligi
3146 1342 3432 1396 manifesto
3474 1355 3680 1412 potest.

2112 1435 2280 1488 Erant
2309 1435 2373 1487 ad
2435 1435 2613 1503 ipsum
2669 1435 2814 1488 allati
2864 1435 3050 1502 libelli.
3112 1435 3313 1503 quibus
3375 1438 3678 1491 antistitum

2117 1527 2488 1580 accusationes
2513 1526 2727 1594 scriptze
2766 1525 3208 1579 continebantur.
3249 1525 3383 1579 Tum
3416 1527 3682 1582 Constan~

2117 1617 2262 1670 tinus
2280 1617 2495 1670 chartas
2521 1629 2641 1669 mox
2671 1615 3060 1680 concremavit,
3095 1624 3147 1666 et
3185 1615 3490 1682 linjns'nodi
3517 1620 3678 1670 verba

2115 1710 2347 1778 subjecit
2381 1727 2394 1762 :
2427 1728 2443 1758 ι
2488 1708 2540 1762 Si
2573 1709 2908 1762 sacerdotem
2943 1707 3350 1775 delinquentem
3413 1707 3674 1770 viderem,

454 1799 702 1872 σκεπάσῃ
734 1800 801 1853 τὰ
849 1801 958 1870 ὲμὰ
999 1801 1394 1872 ἁμαρτήματα.
1426 1823 1444 1856 i
1483 1804 1593 1857 Καὶ
1622 1805 1859 1873 Σεϐῆρος
1891 1806 2002 1875 μὲν,

2116 1799 2215 1854 hac
2271 1816 2391 1852 eum
2441 1801 2723 1869 chlamyde
2760 1809 3014 1868 tegerent,
3077 1807 3136 1851 ut
3184 1799 3325 1852 Deus
3359 1799 3519 1852 etiam
3561 1816 3676 1853 mea

452 1890 525 1952 ὡς
555 1891 762 1946 ἄνωθεν
794 1893 1032 1962 εἴρηται,
1065 1895 1124 1947 τὸ
1157 1895 1372 1966 πρῶτον
1421 1897 1630 1966 κτίσμα
1685 1897 1881 1950 δέδώκε
1936 1898 2012 1968 τῷ

454 1981 814 2052 ίπποδρομίῳ,
841 1983 869 2035 ὁ
913 1985 970 2037 δὲ
1010 1985 1184 2052 μέγας
1228 1987 1636 2050 Κωνσταντῖνος
1687 1989 1812 2050 τοὺς
1851 2006 2011 2058 περι-

449 2071 672 2136 πάτους,
714 2073 812 2136 τάς
841 2073 1107 2144 βαθμίδας
1153 2077 1248 2130 καὶ
1275 2077 1366 2130 τὸν
1396 2078 1580 2132 λοιπὸν
1623 2078 1770 2149 αὐτῷ
1801 2079 2012 2132 καλλω-

450 2165 651 2234 πισμὸν
701 2165 916 2237 ἔφερεν.
950 2167 1087 2221 ’Ᾱπό
1141 2185 1199 2220 τε
1252 2168 1646 2238 Νικομηδείας,
1677 2171 2012 2240 Ἀντιοχείας

449 2258 542 2310 καὶ
571 2257 772 2312 λοιπῶν
801 2260 1010 2314 πόλεων
1041 2263 1104 2314 τὰ
1139 2262 1196 2315 έν
1230 2261 1377 2332 αὐτῷ
1398 2262 1694 2333 ἀγάλματα
1728 2263 1972 2335 ἤχθησαν
1993 2280 2008 2296 ·

391 2369 396 2372 ·
448 2350 750 2421 τηνικαῦτα
800 2351 895 2406 καὶ
949 2353 1056 2422 γὰρ
1104 2353 1164 2405 τὸ
1205 2353 1366 2417 σέϐας
1396 2355 1574 2410 αὐτῶν
1627 2355 2007 2408 καταλέλυται.

461 2441 548 2496 Ἐν
605 2441 685 2508 οἷς
747 2445 839 2498 καὶ
879 2444 1048 2498 πολλὰ
1089 2444 1218 2513 περὶ
1255 2445 1361 2497 τῶν
1395 2445 1694 2515 μελλόντων
1729 2447 2006 2516 ἐγγέγρα-

448 2554 600 2589 πται.
633 2537 738 2588 Καὶ
783 2535 922 2591 αὑτά
969 2536 1024 2590 δὲ
1066 2536 1133 2589 τὰ
1163 2537 1436 2604 Μάγγανα
1463 2538 1615 2608 παρὰ
1641 2537 1735 2590 τοῦ
1769 2537 2006 2606 μεγάλου

449 2628 719 2692 κτίζονται
744 2629 1057 2682 Κωνσταντί
1067 2646 1151 2682 νου
1171 2645 1185 2660 ’
1223 2630 1510 2684 ἀπέκειντο
1533 2631 1639 2700 γὰρ
1669 2632 1844 2683 ἐκεῖσε
1867 2632 2006 2684 πάν-

449 2738 515 2772 τα
545 2721 612 2773 τά
637 2721 906 2792 πολεμικὰ
939 2723 1144 2792 ὄργανα
1178 2727 1272 2774 καὶ
1293 2723 1351 2775 αἱ
1379 2724 1678 2794 μηχανικαὶ
1711 2723 1901 2794 βίϐλοι.
1947 2723 2006 2777 '0

448 2814 621 2880 μέγας
655 2815 1063 2876 Κωνσταντίνος
1106 2817 1163 2866 ἐν
1201 2814 1278 2884 τῷ
1338 2816 1648 2893 στρατηγίῳ
1681 2814 1856 2885 εὑρὼν
1907 2817 2005 2879 τὰς

447 2907 691 2972 φυλακὰς
717 2907 810 2959 τοῦ
845 2907 1139 2970 Βυζαντίου
1169 2909 1346 2960 ἐκεῖσε
1377 2909 1470 2959 καὶ
1499 2909 1658 2970 αὐτὸς
1681 2906 2001 2976 ὲφυλάκιζε,

446 3002 542 3053 καὶ
571 3000 824 3070 διήρκεσε
855 2998 1010 3052 τοῦτο
1039 3000 1166 3070 ἄχρι
1197 3002 1379 3054 Φωκᾶ.
1413 3001 1570 3072 Χήρα
1598 3001 1654 3054 δέ
1685 3019 1769 3066 τις
1811 3018 2006 3073 πατρι-

448 3097 560 3157 κία,
596 3095 758 3164 Μάρη
797 3094 1055 3164 τοῦνομα,
1093 3097 1362 3166 ἐλεήσασα
1388 3097 1512 3158 τοὺς
1536 3095 2003 3166 φυλακιζομένους

445 3187 510 3237 δι’
541 3187 605 3257 ἢν
635 3184 780 3257 εἶχον
809 3187 1096 3252 δυσωδίαν,
1119 3189 1210 3242 τδν
1248 3189 1446 3258 ἑαυτῆς
1490 3185 1640 3242 οἷκον
1685 3188 1891 3242 δέδωκε
1927 3191 2003 3260 τῷ

444 3280 652 3346 βασιλεί
679 3283 836 3350 χάριν
869 3279 1082 3349 μισθοῦ,
1115 3283 1206 3334 καὶ
1231 3280 1418 3350 γέγονε
1446 3282 1506 3335 τὸ
1544 3281 1638 3335 νῦν
1669 3281 2006 3352 καλούμενον

444 3373 805 3442 ΙΙραιτὼριον.
841 3374 949 3426 Καὶ
977 3375 1106 3442 περὶ
1138 3373 1236 3443 μὲν
1273 3375 1481 3428 τούτων
1506 3373 1697 3438 οὕτως.

2113 1901 2335 1960 peccata
2381 1900 2542 1961 tegat.
2582 1910 2599 1943 ι
2669 1891 2915 1944 Diximus
2971 1901 3152 1945 autem
3197 1909 3358 1961 supra
3412 1894 3672 1947 Severum

2113 1982 2502 2052 imperatorem
2565 1985 2800 2053 primum
2874 1984 3146 2038 condendi
3195 1985 3363 2058 Circi.
3399 1987 3674 2055 equestris

2115 2073 2331 2128 initium
2363 2075 2585 2131 fecisse.
2644 2075 2772 2130 Post
2825 2075 2974 2129 illum
3011 2075 3403 2134 Constantinus
3455 2079 3676 2145 Magnus

2111 2167 2269 2222 Circo
2291 2168 2588 2238 peripatos,
2610 2169 2807 2244 gradus
2829 2179 3188 2239 ornatumque
3216 2171 3486 2239 reliquum
3520 2172 3676 2224 addi-

2112 2260 2211 2314 dit.
2239 2261 2373 2314 Natn
2403 2276 2739 2329 quaecunque
2798 2261 3148 2327 Nicomedia},
3206 2261 3527 2325 Antiochiae,
3567 2279 3675 2316 cae-

2114 2354 2246 2408 teris
2281 2355 2334 2405 in
2389 2353 2618 2408 urbibus
2671 2361 2824 2407 erant
2893 2353 3202 2420 simulacra,
3249 2353 3456 2423 Cpolim
3513 2355 3675 2408 allata

2111 2459 2237 2501 sunt
2275 2445 2517 2514 :quippe
2543 2444 2820 2498 veneratio
2875 2435 3293 2500 simulacrorum
3355 2447 3673 2518 prisca'jam

2111 2540 2474 2595 obsoleverat.
2506 2539 2668 2595 Multa
2689 2548 2805 2593 erat
2851 2540 3036 2594 videre
3073 2540 3379 2594 simulacris
3439 2540 3547 2595 illis
3593 2543 3676 2595 in-

2111 2635 2315 2703 scripta
2338 2634 2406 2690 de
2441 2631 2608 2687 rebus
2635 2633 2854 2696 tuturis.
2915 2633 3120 2687 Prieter
3149 2633 3261 2685 haec
3292 2633 3408 2701 ipsa
3456 2648 3674 2701 quoque

2109 2726 2369 2796 Mangana
2400 2736 2528 2780 sunt
2549 2741 2579 2779 a
2599 2725 2958 2779 Constantino
2984 2740 3177 2795 magno
3209 2733 3525 2789 exstructa;
3565 2742 3672 2794 quo

2111 2819 2163 2872 in
2196 2819 2314 2872 loco
2341 2820 2575 2886 reposita
2613 2827 2768 2870 erant
2837 2818 3020 2871 omnia
3076 2818 3265 2872 bellica
3314 2805 3672 2872 instrumenta

2106 2910 2342 2979 librique
2368 2909 2434 2962 de
2477 2911 2641 2962 rebus
2674 2909 3027 2964 mechanicis.
3079 2909 3226 2964 Idem
3286 2909 3673 2964 Constantinus

2107 3018 2229 3056 cum
2261 3002 2315 3054 in
2345 2999 2761 3069 magistratuum
2784 3000 2946 3054 domo
2978 3000 3255 3053 sivecuria
3285 2999 3521 3069 Byzantii
3549 3016 3668 3054 (ar-

2105 3111 2259 3150 ceres
2279 3096 2598 3153 invenisset.
2627 3093 2740 3163 ipse
2777 3092 2941 3148 etiam
2976 3107 3225 3146 carceres
3255 3094 3447 3145 eodem
3475 3093 3669 3146 inloco

2111 3189 2354 3258 reliquit.
2399 3190 2576 3257 Atque
2619 3187 2694 3240 illi
2731 3201 2862 3240 sane
2889 3186 3010 3240 istic
3039 3185 3105 3238 ad
3151 3183 3670 3253 Plioczcimperato-

2111 3281 2380 3349 risusque
2445 3291 2690 3347 tempora
2748 3287 3183 3347 permanserunt.
3253 3277 3411 3336 Tum,
3446 3275 3669 3344 patricia

2112 3372 2357 3442 quazdam
2386 3371 2605 3434 mulier,
2660 3385 2834 3439 eaque
2899 3369 3082 3436 vidua,
3142 3369 3228 3424 cui
3264 3371 3409 3423 Mare
3470 3385 3669 3422 nomen

442 3477 610 3540 esset.
670 3476 873 3522 sortem
945 3467 1195 3522 acerbam
1255 3467 1568 3522 carceribus
1624 3466 1958 3521 inclusorum
2027 3466 2303 3529 tniserata,
2364 3463 2509 3532 quod
2571 3461 2862 3517 fmtoribus
2904 3461 3376 3524 excruciarentur,
3447 3477 3672 3530 accepto

442 3569 616 3636 pretio
650 3583 802 3620 suam
840 3566 1013 3636 ipsius
1066 3566 1286 3620 domum
1348 3559 1669 3634 imperatori
1745 3564 2040 3618 concessit.
2111 3560 2480 3628 Quamobrem
2517 3559 2570 3614 id
2628 3560 2890 3628 temporis
2949 3559 3230 3614 conditum
3281 3568 3362 3612 est
3418 3558 3471 3612 id
3522 3559 3668 3627 quod

440 3664 755 3718 Praetorium
816 3662 977 3716 modo
1008 3670 1379 3730 nuncupatur.
1439 3662 1507 3715 Et
1533 3660 1599 3714 de
1640 3660 1727 3714 bis
1767 3660 1990 3729 quidem
2025 3659 2318 3714 hactenus.

514 3763 717 3830 Κρατεῐ
748 3761 804 3812 δὲ
857 3761 994 3829 μετὰ
1022 3760 1193 3810 ταῦτα
1221 3757 1605 3836 ,Κωνστάντιος
1635 3759 1662 3809 ὁ
1698 3759 1808 3820 υίὸς
1835 3756 1999 3810 αὐτοῦ

442 3855 533 3922 ἔτη
565 3860 666 3920 κγ’.
705 3848 876 3914 Οὗτος
925 3851 1203 3922 ἠνάγκαζε
1250 3851 1339 3903 τὸν
1370 3850 1715 3921 πατριάρχην
1747 3849 2001 3915 Ἀλέξαν-

437 3947 558 4014 δρον
586 3946 841 4010 δέξασθαι
871 3945 952 4005 εἰς
1003 3943 1287 3996 κοινωνίαν
1317 3943 1406 3995 τὸν
1433 3944 1673 4013 Ἀρειον.
1716 3944 1780 3996 "0
1816 3944 1879 4012 δὴ
1905 3947 2000 3997 καὶ

439 4040 659 4106 γέγονεν
687 4038 778 4103 ἂν,
822 4038 871 4090 εἰ
905 4035 980 4106 μὴ
1013 4038 1081 4088 τὰ
1113 4036 1210 4104 τῆς
1247 4035 1397 4099 θείας
1443 4037 1600 4107 δίκης
1629 4037 1996 4107 προέφθασεν.

441 4129 702 4182 ὐπισθεν
729 4129 836 4197 γὰρ
868 4127 961 4179 τοῦ
1000 4129 1167 4196 φόρου
1207 4128 1299 4180 τὸν
1323 4127 1436 4196 βίον
1465 4129 1834 4200 κατέστρεψεν
1854 4131 1992 4199 (77)“

434 4222 586 4288 ἔνυξε
620 4221 728 4291 γάρ
759 4220 921 4273 αὑτὸν
950 4221 984 4290 ἡ
1013 4219 1226 4290 γαστὴρ
1276 4221 1458 4273 ἐκεῖσε
1505 4221 1872 4291 διερχόμενον,
1913 4224 1997 4292 ἐφ’

431 4309 475 4382 ᾧ
525 4317 617 4369 καὶ
665 4314 900 4378 καθίσας
932 4315 1001 4366 τά
1034 4314 1242 4382 ἔγκατα
1268 4312 1434 4366 αὑτοῦ
1464 4315 1616 4367 κάτω
1655 4315 1990 4369 διεϐίϐασεν.

434 4409 496 4460 0i
523 4409 704 4478 μέντοι
735 4407 944 4476 ἀνεψιοὶ
973 4406 1066 4459 τοῦ
1116 4405 1374 4474 μεγάλου,
1401 4406 1600 4469 Γάλλος
1642 4411 1734 4460 καὶ
1769 4403 1996 4460 Ἰουλια-

2177 3756 2306 3809 Post
2344 3752 2766 3810 Constantinum.
2791 3751 2935 3804 [ilius
2959 3752 3079 3820 ejus
3115 3750 3472 3805 Constantius
3495 3767 3670 3809 annos

2104 3848 2174 3904 25
2197 3864 2376 3902 rerum
2410 3847 2616 3916 potitus
2643 3857 2750 3900 est.
2786 3845 2835 3899 is
2864 3845 3233 3900 Alexandrum
3293 3847 3668 3915 patriarcham

2106 3944 2284 4008 coegit
2331 3951 2390 3994 ut
2434 3941 2622 3993 Arium
2680 3939 2744 3991 ad
2817 3941 3262 3993 communionem
3315 3939 3672 4004 admitteret;-

2107 4034 2269 4102 idque
2311 4032 2516 4086 factum
2568 4029 2792 4083 onmino
2817 4029 3028 4095 fuisset,
3063 4031 3167 4084 nisi
3231 4029 3410 4084 divina
3455 4032 3668 4100 justitia

2102 4144 2217 4180 rem
2250 4122 2663 4189 antevertisset,
2688 4123 2818 4178 Ario
2883 4123 3050 4177 rebus
3083 4122 3338 4177 humanis
3404 4139 3432 4176 a
3483 4133 3668 4192 poste-

2099 4217 2246 4272 riore
2283 4228 2434 4284 parte
2470 4214 2510 4269 F
2513 4213 2597 4268 ori
2629 4221 2921 4282 exempto;
2952 4228 3079 4267 eum
3102 4211 3249 4266 enim
3275 4213 3409 4266 istac
3439 4222 3666 4280 praeter-

2097 4311 2220 4373 iret,
2277 4310 2416 4362 forte
2494 4308 2646 4362 alvus
2705 4305 2986 4360 hominem
3071 4305 3361 4375 pungendo
3418 4309 3660 4374 urgebat.

2097 4403 2443 4472 Quapropter
2481 4404 2537 4454 in
2572 4401 2755 4454 cloaca
2787 4399 3079 4454 considens
3140 4400 3255 4468 ipsa
3285 4399 3536 4453 intestina
3567 4413 3663 4466 per

431 4501 541 4561 νὸς,
571 4499 914 4566 ἀναγνῶστλι
943 4499 1228 4566 γεγόνασιν
1257 4500 1313 4548 έν
1343 4496 1649 4566 Ἀντιοχείᾳ
1670 4497 1804 4567 (78).
1830 4495 1992 4550 Ἀλλά

2107 4513 2270 4550 annm
2353 4496 2576 4568 dejecit.
2647 4495 2926 4550 Patrueles
2981 4491 3308 4557 Constantii,
3375 4492 3561 4545 Gallus
3613 4500 3676 4544 et-

431 4595 527 4645 καὶ
585 4591 884 4662 ἐκκλησίαν
919 4591 996 4660 τῷ
1049 4590 1292 4661 μάρτυρι
1350 4591 1611 4656 Μάμαντι
1663 4590 1896 4654 ἔκτιζον.
1923 4591 1994 4643 Τὸ

434 4684 532 4751 μὲν
561 4683 712 4752 παρὰ
766 4680 859 4734 τοῦ
907 4679 1205 4734 Ἰουλιανοῦ
1255 4679 1578 4750 κτιςὸμενον
1614 4684 1780 4753 μέρος
1802 4683 1997 4750 ὴδαφι-

435 4777 630 4844 σμένον
661 4775 872 4845 πρωῖας
909 4771 1230 4842 ηὑρίσκετο.
1261 4773 1387 4825 Ἐπὶ
1411 4773 1605 4825 τούτου
1629 4775 1684 4826 δὲ
1719 4774 1812 4827 τοῦ
1839 4777 1996 4828 Κων-

433 4865 684 4917 σταντίου
715 4865 1014 4926 Φλαὸιανὺς
1040 4862 1372 4933 Ἀντιοχείας
1423 4864 1545 4934 διχῆ
1602 4867 1726 4927 τοὺς
1770 4867 1996 4936 ψάλλον-

431 4975 529 5019 τας
556 4958 749 5010 διελὼν
782 4958 849 5010 τὰ
883 4957 977 5009 τοῦ
1029 4956 1193 5008 Δαϐὶδ
1223 4956 1452 5025 ψάλλειν
1486 4960 1549 5008 ἐκ
1588 4957 1837 5028 διαδοχῆς
1874 4962 1990 5012 ἐνο-

431 5051 748 5120 μοθέτησεν.
1729 5045 1737 5054 ’

501 5331 610 5398 (77)
635 5332 790 5383 Errat
815 5327 1010 5396 Glycas
1039 5326 1179 5381 dum
1209 5327 1322 5382 Arii
1347 5327 1710 5384 Imdissimam
1745 5339 1977 5386 mortem

427 5404 530 5455 sub
584 5400 905 5454 Constantio
986 5398 1238 5465 collocat,
1301 5411 1356 5453 et
1413 5399 1731 5454 Flavianum
1786 5405 1979 5456 eodem

429 5478 733 5540 imperante
779 5469 1181 5523 Antiochenam
1227 5471 1394 5524 luisse
1443 5471 1744 5524 antisutem
1799 5473 1980 5526 docet.

500 5543 609 5610 (78)
650 5543 730 5592 An
760 5541 1066 5593 Antiochia:
1093 5556 1240 5610 cum
1271 5540 1422 5595 Gallo
1459 5543 1648 5605 l'ratre,
1683 5551 1777 5595 aut
1805 5544 1986 5610 potius

423 5609 705 5672 (Itesarete,
755 5611 976 5665 lectoris
1025 5609 1202 5664 cilicio
1250 5614 1468 5664 l'unctus
1518 5611 1682 5668 fuerit
1736 5609 1988 5666 Julianus

429 5703 537 5736 non
574 5683 801 5734 multum
830 5682 1078 5734 interest.
1115 5681 1374 5750 Φώτισμα
1409 5682 1586 5736 reddit
1623 5683 1985 5737 Lennclavius

434 5753 842 5806 inusti-alienam
865 5752 1124 5812 divinam.
1152 5767 1272 5806 cum
1303 5751 1617 5808 Christiano
1644 5770 1792 5806 more
1821 5755 1987 5821 bapti-

2093 4591 2368 4652 Julianus,
2411 4589 2719 4643 Antiochia:
2795 4589 3083 4651 lectorum,
3151 4600 3290 4654 quos
3315 4593 3678 4652 Lanagnnstas

2095 4683 2348 4746 dicimus,
2381 4697 2611 4735 munere
2645 4680 2962 4750 aliquandiu
2995 4678 3173 4732 functi
3218 4687 3376 4742 sunt;
3432 4691 3663 4744 cmnqne

2095 4775 2360 4844 templum
2406 4774 2632 4845 martyri
2695 4771 2935 4826 Mananti
2994 4769 3318 4836 conderent,
3386 4779 3662 4821 exstructa

2093 4865 2294 4921 Juliani
2334 4874 2553 4933 sumptu
2586 4879 2714 4933 pars
2738 4878 2896 4917 mane
2924 4871 3138 4931 reperta
3163 4869 3248 4914 est
3275 4858 3392 4913 solo
3425 4849 3680 4926 aequata.'

2104 4957 2216 5010 Sub
2241 4957 2484 5026 ejusdem
2511 4955 2814 5010 Constantii
2865 4953 3099 5023 imperio
3132 4951 3420 5006 Flavianus
3471 4950 3665 5002 Atilio-

2102 5051 2333 5112 chenus,
2375 5051 2511 5102 duas
2543 5049 2594 5100 in
2623 5058 2802 5116 partes
2832 5046 3026 5102 divisis
3057 5045 3152 5114 qui
3195 5043 3519 5114 psallerent.
3570 5057 3666 5096 eos

2104 5143 2320 5198 Davidis
2360 5143 2589 5212 hymnos
2612 5140 2924 5194 alternatim
2946 5140 3234 5193 concinere
3266 5136 3452 5207 jussit.

2087 5348 2258 5385 smum
2311 5331 2494 5386 dicere
2542 5330 2836 5395 debuisset,
2885 5330 3199 5398 emittitque
3233 5331 3336 5384 ista
3383 5344 3450 5380 ex
3487 5326 3660 5398 Mota:-

2088 5401 2310 5472 pbraste
2359 5403 2527 5456 fuisse
2581 5401 2897 5469 desumpta;
2959 5395 3126 5455 verba
3187 5402 3333 5454 enim
3369 5398 3495 5460 ista,
3526 5396 3598 5455 ὡς

2092 5463 2500 5540 Μεταφραστὴς
2539 5463 2792 5540 ἱστορεί,’
2822 5463 2930 5526 non
2968 5482 3176 5524 tantum
3218 5473 3269 5522 in
3304 5481 3515 5540 nostro,
3565 5463 3658 5516 sed

2093 5553 2148 5596 et
2184 5541 2240 5594 in
2275 5538 2313 5602 14‘
2345 5538 2622 5612 leguntur.
2659 5538 2812 5595 ‘ldem
2847 5543 3118 5611 interpres
3153 5538 3519 5612 Leunclavius
3569 5548 3672 5600 tia--

2093 5629 2215 5665 rum
2282 5608 2476 5667 idonee
2545 5628 2667 5682 pag.
2724 5629 2840 5680 seq.
2896 5608 3009 5681 τῆν’
3061 5608 3439 5677 Πεντηκοςτὴν
3501 5613 3664 5656 vocat

2092 5683 2571 5754 Quinquagesima:
2639 5687 2861 5746 l'estutu,
2907 5696 3032 5734 cum
3099 5695 3198 5754 usu
3253 5686 3536 5742 receptum
3590 5687 3660 5728 snt

2095 5757 2238 5824 apud
2259 5751 2464 5810 omnes
2507 5754 2849 5808 Christianos
2879 5766 3079 5806 nomen
3108 5751 3477 5804 l’entecostes.
