4154 6200
461 230 564 304 475

532 353 840 408 Secundum
873 354 987 410 hzec
1024 353 1091 408 ab
1124 353 1302 424 impiae
1332 353 1616 407 sententia!
1652 352 2017 406 sectatoribus
2043 357 2092 414 Α

460 444 724 514 impulsus
749 447 835 500 hic
864 446 1216 501 Constantius
1283 447 1554 499 antistites
1608 445 1915 505 accersivit,
1962 454 2022 498 ut

458 539 703 608 synodus
725 540 916 600 coiret,
949 554 1046 608 per
1074 555 1235 608 quam
1277 540 1663 612 decerneretur
1697 539 2018 608 Trinitatem

459 637 621 686 unius
639 639 692 683 et
722 629 965 698 ejusdem
997 632 1247 686 essentia:
1273 647 1378 686 non
1401 647 1540 684 esse.
1599 619 1798 685 Verum
1860 646 2022 700 cona-

457 730 546 776 tus
577 723 756 775 omnis
792 724 978 776 irritus
1014 724 1150 787 fttit;
1211 739 1334 777 nam
1369 740 1490 778 cum
1527 739 1740 792 gravem
1781 723 1832 775 in
1873 737 2021 774 inor-

459 813 586 864 bnm
615 812 892 867 incidisset
915 815 1091 883 deque
1117 814 1346 884 vitajatn
1369 815 1729 883 deSperasset.
1758 812 2018 867 Euzoium

457 901 851 956 Antiochenum
913 904 1213 957 antistitem
1254 909 1320 957 ad
1361 919 1418 958 se
1471 903 2021 974 venirt-jussit.'illu-

455 993 882 1061 strationemque
939 995 1178 1047 divinam
1239 996 1494 1049 celeriter
1555 1006 1886 1050 consecutus
1935 995 2020 1048 vi-

456 1081 613 1134 vendi
653 1084 810 1136 finem
851 1084 998 1139 fecit.
1035 1085 1156 1154 Ipso
1187 1086 1403 1141 vivente
1435 1089 1677 1157 pontifex
1709 1087 2024 1158 Hierosoly-

455 1185 796 1228 morumeral
823 1175 982 1245 253
1012 1177 1265 1247 Cyrillus.
1294 1180 1377 1232 vir
1403 1181 1657 1242 eximius,
1677 1182 1766 1249 qui
1791 1181 1856 1234 ad
1877 1180 2022 1236 Cort-

454 1267 712 1336 stantium
746 1268 802 1320 in
834 1271 945 1320 lia-2c
968 1271 1130 1323 verba
1163 1271 1478 1340 perscripsit
1512 1285 1526 1322 :
1557 1291 1572 1321 ι
1614 1272 1771 1325 Patre
1803 1282 1896 1332 tuo
1929 1288 2018 1326 re-

454 1369 651 1426 gnante
669 1373 798 1410 crux
818 1358 868 1411 in
897 1361 1053 1416 terris
1073 1371 1285 1428 reperta
1304 1370 1406 1416 est.
1424 1361 1660 1416 Rursum
1689 1372 1737 1416 te
1763 1372 2021 1434 regnante

453 1464 584 1500 crux
607 1444 824 1517 deicmlo
841 1451 1260 1518 estpatcfacta.»
1303 1451 1438 1505 Nam
1471 1452 1522 1505 in
1568 1451 1844 1521 Golgothaa
1877 1453 2018 1516 loco,

453 1543 671 1596 circiter
707 1543 894 1595 horam
915 1543 1022 1596 diei
1051 1544 1285 1616 tertiam,
1317 1545 1369 1597 in
1407 1545 1523 1613 ipso
1550 1543 2020 1613 Quinquagesimw

453 1634 612 1699 festo,
635 1637 844 1706 signum
871 1639 1521 1707 crucisconspectuniest,
1544 1639 1610 1691 de
1641 1639 1760 1692 luce
1779 1629 2016 1706 quadam

1708 238 2129 308 MlClIAELIS
2165 247 2422 309 GLYC/E

2201 353 2260 406 '0
2319 355 2699 418 Κωνστάντιος
2761 348 2914 418 οὗτος
2976 356 3124 424 παρά
3179 355 3286 408 τῶν
3338 354 3678 408 ἀσεϐούντων

2126 446 2571 514 ἀναγκαζόμενος
2597 447 2985 516 μετακαλεῖται
3007 447 3132 510 τοὺς
3163 447 3495 511 ἐπισκόπους
3536 447 3676 512 ὥστε

2124 539 2341 591 σύνοδον
2375 542 2743 609 συγκροτῆσαι
2775 539 2916 592 κατά
2963 540 3058 608 τῆς
3102 539 3388 608 ὁμοουσίου
3424 539 3675 609 Τριάδος.

2121 615 2265 682 Ἀλλ’
2309 631 2472 699 ἀργεῖ
2523 613 2582 682 τὸ
2633 631 2976 701 ἐγχείρημα·
3013 631 3153 701 νόσῳ
3196 631 3303 702 γὰρ
3349 633 3676 701 περιπίπτει

2119 713 2288 790 δεινῇ.
2322 723 2414 772 καὶ
2457 722 2516 772 τὸ
2683 724 2956 790 ἀπογνοὺς
3003 721 3241 785 Εύζὼῑον
3296 722 3677 790 μετακαλεῖται

2120 812 2211 863 τὸν
2233 813 2592 881 Ἀντιοχείας,
2632 814 2724 866 καὶ
2764 813 2850 866 διὰ
2884 813 3080 883 τάχους
3121 812 3182 864 τὸ
3206 813 3345 866 θεῖον
3377 813 3675 882 δεξάμενος

2123 901 2398 970 φῶτισμα,
2427 902 2502 964 ὡς
2527 902 2555 954 6
2585 903 2988 974 Μεταφραστὴς
3029 905 3250 973 ἱστορεῖ,
3271 904 3564 971 τηνικαῦτα
3583 904 3677 956 τοῦ

2121 990 2223 1062 ζῇν
2257 993 2677 1049 ἀπαλλάττεται.
2735 995 2890 1050 Κατά
2935 995 2991 1048 δὲ
3046 995 3136 1048 τὸν
3192 995 3381 1065 χρόνον
3404 995 3505 1063 τῆς
3535 996 3676 1064 ζωῆς

2121 1084 2282 1138 αὐτοῦ
2343 1087 2636 1155 ἀρχιερεὺς
2675 1086 3126 1158 Ἰεροσολύμωνὸ
3189 1089 3361 1160 μέγας
3417 1087 3677 1156 Κύριλὶος

2119 1173 2210 1246 ἦν,
2239 1177 2297 1242 ὃς
2331 1178 2510 1248 δήκαὶ
2544 1180 2745 1247 γράφει
2776 1177 2853 1248 τῷ
2886 1161 3247 1246 κωνσταντίῳ
3301 1180 3383 1230 ὅτι
3418 1177 3546 1230 Ἐπὶ
3578 1178 3676 1248 μὲν

2119 1265 2214 1322 τοῦ
2247 1269 2340 1321 σοῦ
2387 1269 2592 1339 πατρὸς
2640 1269 2734 1321 ἐπὶ
2762 1272 2864 1337 γῆς
2894 1267 3121 1337 εὓρηται
3144 1271 3171 1322 6
3211 1269 3462 1337 σταυρὸς,
3489 1269 3580 1320 ἐπὶ
3619 1269 3674 1322 δὲ

2123 1359 2216 1412 σοῦ
2242 1360 2403 1413 πάλιν
2435 1361 2496 1425 ἐξ
2529 1360 2759 1430 ούρανοῦ
2802 1361 3211 1430 πεφανέρωται.
3262 1347 3420 1412 Κατά
3453 1361 3562 1428 γάρ
3583 1359 3674 1412 τὸν

2119 1452 2214 1504 τοῦ
2266 1443 2505 1520 Γολγοθά
2541 1454 2705 1506 τόπον
2753 1452 2883 1523 περὶ
2914 1452 3290 1522 τρίτηνῶραν
3322 1452 3421 1518 τῆς
3443 1453 3674 1523 ἡμέραςί

2121 1531 2443 1612 malum»
2481 1543 2537 1595 δὲ
2573 1544 2671 1613 τὴν
2697 1544 3096 1613 Πεντηκοστὴν,
3126 1541 3282 1611 ὤφθη
3311 1543 3373 1594 τὸ
3394 1529 3484 1595 τοῦ
3517 1559 3676 1595 σταυ-

2124 1633 2219 1704 ροῦ
2259 1636 2483 1703 σημεῖον
2534 1635 2598 1686 ὲκ
2654 1633 2830 1702 φωτὸς
2884 1635 3280 1704 ὑπερλάμπρου
3330 1645 3667 1687 κατεσκευαο

453 1727 852 1798 fulgentissima
885 1737 1249 1799 compactum.
1297 1727 1482 1798 Neque
1530 1739 1736 1782 tantum
1791 1731 1856 1782 ab
1907 1745 2013 1784 uno

2122 1721 2340 1789 σμένον.
2363 1721 2538 1792 Ὠφθη
2557 1723 2612 1774 δὲ
2642 1725 2740 1792 οὐχ
2776 1725 2855 1778 ἑνὶ
2890 1725 2982 1776 καὶ
3016 1725 3156 1776 κατὰ
3178 1726 3504 1792 φαντασίαν,
3535 1725 3670 1778 ἀλλά

459 1829 812 1887 conspectum
840 1829 923 1873 est
952 1820 1035 1874 vel
1072 1835 1166 1889 per
1211 1819 1649 1889 imaginationem
1695 1819 2009 1888 quamdam,

453 1910 544 1962 sed
577 1911 645 1963 ab
692 1913 946 1964 omnibus
995 1922 1049 1964 et
1109 1911 1304 1965 inultas
1337 1911 1553 1979 quidem
1588 1911 1639 1963 in
1673 1910 1856 1965 horas.

524 2001 653 2055 Post
687 2000 1069 2056 Constantium
1100 2003 1366 2058 successit
1395 1991 1450 2056 in
1481 2003 1711 2072 imperio
1737 2002 2011 2066 Julianus,

453 2095 716 2162 annisque
747 2093 964 2148 duobus
987 2105 1036 2148 et
1068 2105 1275 2163 septem
1340 2091 1621 2148 mensibus
1681 2111 1748 2148 eo
1811 2095 2014 2164 potitus

452 2194 552 2238 est.
590 2185 850 2254 Princeps
913 2186 1002 2238 hic
1051 2187 1422 2255 nequissimus
1483 2197 1608 2239 ante
1677 2186 1800 2239 initi
1860 2186 2012 2255 regni

454 2287 716 2344 tempora,
751 2276 1210 2344 quemadmodum
1247 2293 1473 2346 magnus
1524 2278 1614 2332 ille
1647 2271 1882 2349 Cyrillus
1919 2294 2014 2332 an-

456 2370 611 2419 tistes
637 2365 1038 2420 Alexandrinus
1068 2375 1480 2431 commemorat,
1514 2369 1566 2420 in
1602 2385 1834 2424 numero
1877 2369 2013 2424 lide-

453 2458 585 2511 lium
615 2469 751 2523 erat,
783 2459 959 2528 ipsum
997 2475 1216 2528 quoque
1277 2459 1604 2529 baptismum
1659 2471 2011 2528 consecutus,

453 2561 573 2604 utut
601 2551 862 2619 deinceps
890 2550 1040 2603 illum
1101 2567 1202 2620 per
1257 2551 1574 2620 sanguinem
1639 2553 1909 2622 impurum
1958 2563 2013 2608 et

447 2643 835 2696 exsecrandum
867 2642 1140 2712 deposuit,
1199 2649 1255 2696 et
1292 2644 1508 2712 egregie
1575 2644 1742 2698 sacris
1792 2653 1908 2698 erat
1957 2645 2010 2698 in

451 2729 603 2790 libris
624 2736 979 2790 exercitatus.
1011 2721 1210 2790 Verum
1238 2736 1502 2805 deinceps
1529 2737 1634 2791 viri
1680 2737 1899 2807 quidam
1921 2752 2014 2791 su-

449 2827 744 2896 perstitiosi
774 2842 897 2880 cum
931 2825 1226 2882 familiares
1252 2827 1301 2881 ei
1333 2827 1458 2881 facti
1493 2828 1747 2891 fuissent,
1807 2829 2013 2884 habitis

448 2918 514 2971 ad
547 2920 719 2987 ipsum
753 2918 819 2972 de
863 2918 984 2972 lidei
1021 2919 1330 2973 desertione
1388 2921 1734 2974 sermonibus
1795 2922 2010 2976 tandem

448 3009 794 3079 perfecerunt
827 3021 886 3064 ut
914 3011 1007 3080 qui
1032 3011 1396 3066 sacrosanctis
1426 3011 1477 3064 in
1511 3012 1758 3067 ecclesiis
1809 3021 1863 3067 et
1893 3030 2011 3068 mo-

452 3105 705 3156 nasteriis
761 3105 1029 3158 educatus
1101 3111 1240 3167 erat,
1310 3103 1647 3172 impurorum
1729 3104 2011 3176 geniorum

448 3196 750 3250 evaderet:
787 3195 1312 3264 cumquefaCundus
1369 3205 1514 3250 esset
1567 3211 1597 3249 a
1647 3207 1858 3261 natura,
1913 3199 2013 3253 lin-

447 3302 605 3355 guam
632 3302 782 3340 suam
819 3287 1081 3341 adversus
1113 3286 1281 3340 Serva
1301 3300 1472 3342 torem
1527 3298 1775 3342 nostrum
1825 3289 2010 3344 Jesum

445 3378 721 3432 Christum
748 3378 987 3435 exacuit.
1045 3385 1102 3432 et
1149 3377 1320 3432 lib'ros
1370 3376 1637 3432 adversus
1699 3380 2010 3449 religiosum

445 3467 881 3524 Christianorum
911 3471 1116 3523 cultum
1151 3475 1260 3522 tr‘cs
1293 3469 1638 3535 conscripsit.
1697 3469 1871 3522 Tanto
1925 3470 2012 3522 fu-

448 3576 569 3614 rore
624 3570 838 3615 sanctos
887 3562 1251 3630 oppugnabat.
1313 3573 1377 3614 ac
1452 3561 1746 3630 praesertim
1784 3561 2012 3630 illoipso

448 3664 690 3721 tempore
720 3669 827 3720 quo
863 3653 1116 3720 delapsus
1165 3653 1304 3722 ignis
1331 3668 1361 3706 e
1405 3653 1545 3708 eirln
1582 3654 2009 3722 pulcherrimum

448 3742 578 3795 illud
614 3743 916 3797 Antiochia:
949 3744 1296 3808 suburbium,
1334 3744 1481 3812 quod
1507 3743 1770 3812 Daphnen
1795 3753 2008 3806 vocant,

453 3849 558 3887 una
588 3848 710 3886 eum
767 3834 900 3903 ipsis
954 3833 1263 3888 simulacris
1311 3843 1614 3900 exusserat,
1672 3833 2010 3889 utaheneam

444 3924 646 3978 Christi
669 3934 926 3991 statuam,
957 3943 987 3977 a
1017 3927 1251 3978 muliere
1282 3925 1566 3994 sanguinis
1624 3925 1826 3980 ﬂuxum
1884 3943 2010 3996 per-

447 4030 602 4082 pessa
635 4016 949 4071 collocatam
980 4014 1237 4070 Caesareae
1257 4017 1514 4086 Philippi,
1542 4033 1704 4087 quam
1736 4033 1880 4074 nunc
1913 4022 2011 4074 Pa-

448 4113 672 4160 neadem
706 4117 920 4173 vocant,
964 4107 1337 4162 inhumaniter
1391 4109 1760 4180 confregerit;
1817 4120 1872 4166 et
1918 4127 2009 4166 sa-

444 4212 564 4251 cras
585 4197 807 4253 Joannis
852 4199 1102 4266 Baptism
1145 4199 1404 4268 reliquias
1456 4199 1743 4254 brutorum
1795 4202 2009 4257 ossibus

444 4289 730 4356 permistas
755 4291 1200 4343 concremaverit.
1230 4289 1497 4345 Praeterea
1549 4292 1768 4347 Judaeos
1817 4293 2008 4348 adver-

2121 1814 2250 1882 περὶ
2278 1814 2426 1884 ὧρας
2471 1815 2664 1878 ἱκανὰς
2689 1816 2783 1868 καὶ
2815 1817 2970 1870 πᾶσι.

2186 1994 2343 2046 Μετά
2393 1994 2452 2046 δὲ
2518 1997 2894 2053 κωνστάντιον
2940 2005 3134 2070 κρατεῖ
3166 1991 3452 2068 Ἰουλιανός
3506 2003 3599 2072 ἔτη
3627 1989 3670 2074 βί

2121 2080 2294 2148 μῆνας
2335 2081 2400 2145 ξι
2439 2077 2607 2146 Οὗτος
2637 2088 2663 2137 ὁ
2707 2086 2967 2152 κάκιστος
3005 2094 3107 2160 πρό
3130 2109 3191 2160 γε
3228 2094 3336 2147 τῶν
3375 2097 3475 2164 τῆς
3513 2095 3670 2161 βασι-

2117 2170 2265 2234 λείας
2289 2173 2515 2242 καιρῶν,
2547 2175 2728 2238 καθὼς
2755 2180 2782 2230 ὁ
2819 2179 2990 2248 μέγας
3022 2183 3376 2253 διαλαμϐάνει
3408 2186 3671 2256 Κύριλλος

2116 2262 2598 2335 ὀἈλεξανδρείας,
2639 2271 2753 2330 τοῖς
2804 2272 3158 2326 πιστεύσασιν
3213 2277 3527 2348 ἐναρίθμιος
3579 2273 3667 2347 ἦν,

2116 2355 2322 2425 ἠξιώθη
2355 2357 2411 2410 δὲ
2446 2361 2538 2412 καὶ
2567 2360 2729 2413 αὑτοῦ
2759 2363 2852 2416 τοῦ
2879 2364 3025 2418 θείου
3054 2366 3451 2437 βαπτίσματος,
3494 2371 3541 2422 εί
3575 2371 3670 2424 καὶ

2117 2444 2346 2516 ὕστερον
2403 2449 2710 2505 ἀπεδύσατο
2757 2445 2886 2506 αὐτὸ
2939 2456 3006 2508 δι’
3031 2459 3260 2526 αἵματος
3299 2461 3519 2532 μιαροῦ,
3551 2463 3672 2530 ἑνή-

2120 2553 2288 2604 σκητο
2321 2537 2378 2592 δὲ
2406 2543 2523 2602 ταῖς
2579 2543 2748 2612 ἱεραῖς
2776 2545 2999 2614 βίϐλοις.
3049 2548 3190 2602 Ἀλλ’
3217 2552 3406 2621 ἄνδρες
3439 2553 3666 2624 ὕστερον

2115 2628 2278 2680 αὑτὸν
2326 2627 2722 2701 δεισιδαίμονες
2745 2639 3030 2703 γεγονότες
3065 2639 3333 2710 γνώριμοι
3362 2643 3488 2706 τοὺς
3523 2644 3664 2712 ὑπέρ

2119 2733 2181 2782 γε
2233 2722 2330 2789 τῆς
2377 2721 2716 2787 ἀποστασίας
2767 2727 3013 2798 καθῆκαν
3068 2730 3282 2798 λόγους,
3334 2735 3430 2785 καὶ
3483 2734 3670 2804 λάτριν

2115 2812 2406 2878 ἀπέφηναν
2440 2813 2734 2884 δαιμονίων
2777 2819 3106 2890 ἀκαθάρτων
3157 2825 3248 2876 τὸν
3306 2828 3428 2887 ταῖς
3487 2827 3668 2894 ἁγίαις

2114 2901 2433 2972 ἐκκλησίαις
2455 2907 2547 2958 καὶ
2586 2912 2969 2980 μσναστηρίοις
2994 2913 3458 2985 ἐντεθραμμένον.
3491 2919 3668 2986 Ἐχων

2110 2996 2291 3049 τοίνυν
2321 2997 2496 3066 εὐφυᾶ
2515 3000 2614 3069 τὴν
2633 2999 2875 3068 γλῶτταν
2910 3005 3204 3074 κατέθηξεν
3235 3007 3401 3079 αὐτὴν
3432 3012 3522 3061 τοῦ
3554 3010 3669 3062 Σω-

2036 3067 2081 3131 c
2113 3090 2275 3160 τῆρος
2323 3089 2480 3160 ἡμῶν
2523 3067 2698 3162 Ἰησοῦ
2782 3094 3043 3165 Χριστοῦ,
3083 3067 3176 3151 καὶ
3207 3099 3270 3169 δὴ
3308 3067 3434 3170 τρία
3477 3099 3672 3168 συγγέ-

2113 3197 2290 3250 γραφε
2342 3181 2526 3247 βιϐλία
2581 3184 2722 3237 κατὰ
2760 3186 2864 3256 τῆς
2905 3189 3135 3256 εὐαγοῦς
3181 3192 3288 3244 τῶν
3331 3193 3668 3262 Χριστιανῶν

2115 3273 2435 3342 Θρησκείας.
2467 3274 2736 3329 Τοσοῦτον
2785 3279 2841 3331 δὲ
2880 3282 3089 3350 μέμηνε
3121 3285 3262 3337 κατὰ
3313 3285 3420 3337 τῶν
3474 3287 3668 3353 ἁγίων,

2114 3365 2276 3433 ἡνίκα
2327 3370 2422 3418 καὶ
2454 3366 2689 3434 μάλιστα
2723 3369 2834 3441 πῦρ
2861 3372 3066 3426 ἀνωθεν
3108 3378 3454 3447 καταρραγὲν
3484 3378 3542 3430 τὸ
3569 3396 3666 3430 πε-

2116 3459 2370 3530 ρικαλλὲς
2413 3461 2590 3512 ἐκεῖνο
2647 3461 2995 3530 προάστειον,
3032 3466 3132 3534 τὴν
3164 3468 3384 3538 Δάφνην
3407 3468 3667 3539 δηλονότι,

2115 3555 2212 3606 σὺν
2255 3553 2438 3614 αὐτοῖς
2489 3555 2600 3615 τοῖς
2654 3555 2892 3620 εἰδώλοις
2950 3560 3312 3628 κατέκαυσεν,
3346 3561 3420 3624 ὡς
3457 3565 3546 3614 καὶ
3580 3565 3670 3616 τὸν

2111 3645 2205 3697 τοῦ
2237 3646 2476 3716 Χριστοῦ
2533 3649 2772 3720 χαλκοῦν
2829 3650 3123 3718 ἀνδριάντα
3152 3652 3242 3704 τὸν
3275 3655 3332 3704 ἑν
3364 3655 3671 3726 Καισαρείᾳ

2110 3740 2209 3808 τῆς
2267 3742 2568 3806 Φιλίππου,
2618 3746 2682 3812 τῇ
2738 3741 2830 3793 νῦν
2865 3744 3114 3806 Πανεάδι,
3149 3745 3260 3813 ὂνή
3301 3749 3668 3816 αἱμορροοῦσα

2115 3835 2358 3903 ¹ἤγειρεν,
2400 3835 2781 3903 ἀπανθρώπως
2818 3835 3122 3904 συντρίψαι,
3142 3838 3233 3888 καί
3258 3837 3350 3890 τοῦ
3375 3837 3667 3907 βαπτιστοῦ

2127 3926 2377 3978 Ἰωάννου
2414 3926 2758 3979 κατακαῦσαι
2791 3927 2923 3994 ἂγια
2954 3927 3198 3996 λείψανα,
3224 3930 3433 3992 ὀστέοις
3455 3932 3664 3995 ἀλόγων

2112 4019 2430 4087 παραμίξας
2485 4019 2645 4074 αὑτά.
2712 4021 2871 4074 Ἀλλὰ
2919 4025 3009 4073 καὶ
3052 4023 3177 4084 τοὺς
3216 4023 3500 4088 Ἰουδαίους
3533 4027 3672 4078 κατὰ

2110 4112 2453 4180 Χριστιανῶν
2481 4111 2708 4177 ὥπλιζε,
2743 4115 3003 4184 συνήργει
3030 4115 3084 4166 δὲ
3113 4115 3296 4179 αὐτοῖς
3334 4120 3412 4180 είς
3450 4120 3547 4188 τὴν
3571 4118 3667 4171 τοῦ

2109 4205 2238 4255 ναοῦ
2297 4205 2605 4274 οἰκοδομὴν,
2632 4208 2679 4258 εί
2713 4206 2807 4258 καὶ
2841 4206 3190 4276 ἐκωλύθησαν
3238 4209 3339 4260 ὑπὸ
3378 4210 3610 4264 λαίλαπο
3645 4239 3672 4277 ,-

2111 4295 2337 4365 σεισμοῦ
2371 4299 2464 4349 καί
2519 4298 2824 4352 τελευταῖον
2871 4302 3072 4368 πυρός’
3107 4300 3214 4370 πῦρ
3245 4301 3354 4371 γὰρ
3394 4303 3453 4365 ἐξ
3488 4304 3666 4360 αὐτῶν

443 4398 540 4437 sus
573 4383 912 4438 Christianos
981 4383 1245 4445 armabat.
1302 4383 1633 4453 eosdemque
1686 4385 1908 4454 juvahat
1949 4386 2002 4441 in

2109 4391 2423 4460 ἐκπηδῆσαν
2458 4392 2566 4444 τῶν
2621 4393 2888 4461 θεμελίων
2923 4397 3018 4463 τῆς
3073 4397 3252 4466 ὁρμῆς
3297 4398 3490 4459 αὐτοὺς
3541 4400 3662 4450 ἀνε-

449 4475 811 4528 exstructione
867 4473 1052 4543 templi
1096 4474 1202 4538 sui,
1235 4490 1546 4544 quanquam
1577 4476 1630 4529 in
1663 4475 1766 4531 hoc
1800 4486 1999 4533 conatu

443 4580 568 4622 sunt
601 4567 847 4636 impediti
883 4584 911 4621 ιι
940 4576 1118 4628 vento.
1162 4567 1332 4634 gravi,
1395 4579 1550 4622 terrae
1600 4577 1772 4636 motu,
1839 4578 1895 4624 et
1959 4571 2084 4641 igne
2122 4574 2378 4643 denique.

2109 4485 2336 4552 χαίτιζε.

2463 4576 2594 4628 Nam
2644 4576 2782 4646 ignis
2843 4593 2872 4630 e
2931 4577 3301 4635 fundamentis
3355 4580 3484 4649 ipsis
3541 4597 3666 4636 cum

448 4665 794 4734 prosiliisset.
847 4678 943 4716 eos
998 4662 1066 4715 ab
1101 4676 1266 4730 opere
1317 4661 1567 4715 instituto
1627 4664 1898 4719 deterruit
1950 4673 2006 4719 et
2041 4667 2300 4722 detraxit.

515 4761 806 4814 Sciendum
847 4767 927 4810 cst
959 4766 1142 4810 autem
1192 4757 1310 4819 tibi,
1367 4756 1564 4810 dilecte
1625 4758 1721 4821 liti,
1768 4759 2002 4827 quodin

445 4851 768 4902 Lodiernum
799 4862 968 4915 usque
998 4847 1142 4898 diem
1161 4861 1356 4900 nomen
1389 4848 1558 4907 illius,
1593 4850 1686 4918 qui
1721 4848 1998 4903 lulianum

443 4943 497 4994 in
525 4940 871 5008 expeditione
903 4939 1115 4991 Persica
1171 4939 1350 5008 jaculo
1387 4939 1632 5005 conﬁxit,
1695 4942 1996 5011 ignoretur.
2033 4957 2049 4967 '

440 5033 758 5098 Quanquam
800 5030 944 5083 enim
981 5031 1340 5099 perscriptum
1379 5031 1714 5100 reperiamus
1767 5032 1822 5086 iit
1858 5033 2000 5088 libro

438 5127 505 5178 de
535 5125 706 5177 sancti
739 5121 920 5174 Basilii
979 5122 1280 5186 miraculis,
1337 5139 1456 5192 qua:
1506 5139 1734 5193 magnus
1796 5124 1888 5178 ille
1914 5125 2000 5180 vir

437 5213 853 5284 Amphilochius
912 5212 1114 5266 litteris
1171 5215 1585 5269 commendasse
1657 5216 1996 5284 perhibetur,

438 5313 688 5362 mandato
720 5314 992 5374 perpetua
1023 5303 1258 5374 Virginis
1309 5307 1552 5375 Deiparte
1604 5325 1702 5377 per
1748 5319 1996 5366 sanctum

349 5397 356 5408 ’
437 5402 760 5456 Mercurium
791 5399 964 5468 magni
994 5398 1180 5452 Basilii
1213 5400 1464 5468 precibus
1483 5401 1818 5456 desertorem
1847 5403 1995 5457 hunc

435 5493 720 5563 trajectum
754 5490 943 5554 fuisse,
970 5505 1078 5544 non
1115 5498 1295 5543 tamen
1325 5490 1437 5544 hate
1466 5493 1703 5547 narratio
1753 5502 1996 5547 meretur

435 5595 494 5635 ut
518 5584 566 5637 ei
598 5583 861 5638 continuo
889 5580 1048 5636 fidem
1078 5580 1363 5635 adhibeas.
1400 5581 1768 5648 Quamobrem
1807 5583 1994 5638 istuc?

432 5673 696 5736 Quoniam
729 5675 784 5730 in
822 5675 1012 5730 eodem
1041 5673 1243 5745 scripto
1275 5674 1502 5744 legimus
1547 5691 1800 5746 magnum
1840 5675 1993 5731 Basi-

2181 4765 2418 4817 ι’ίνωσκε
2469 4765 2547 4830 δὲ,
2580 4767 2850 4836 ἀγαπητὲ,
2884 4768 2966 4820 ὅτι
2997 4767 3026 4818 6
3074 4770 3364 4833 ἀκοντίσας
3400 4774 3563 4824 αὑτὸν
3607 4777 3665 4826 ἐν

2109 4855 2350 4924 Πέρσαις
2400 4856 2651 4924 διάγοντα
2686 4859 2849 4928 μέχρι
2887 4859 2981 4912 καὶ
3017 4860 3258 4931 τήμερον
3290 4863 3386 4931 οὐχ
3415 4864 3662 4933 εὑρίσκε-

2106 4963 2218 5001 ται.
2254 4946 2314 4999 Εἰ
2349 4949 2455 5015 γάρ
2513 4951 2602 5000 καὶ
2663 4953 2801 5002 κατά
2854 4950 3105 5003 κέλευσιν
3150 4953 3250 5020 τῆς
3302 4954 3660 5023 ἀειπαρθένου

2106 5038 2369 5090 Θεοτόκου
2401 5040 2486 5092 διὰ
2517 5040 2608 5091 τοῦ
2645 5040 2799 5106 ἁγίου
2814 5041 3184 5113 Μερκουρίου,
3213 5043 3494 5112 δεηθέντος
3523 5046 3659 5114 τάχα

2100 5129 2194 5181 τοῦ
2241 5129 2476 5200 μεγάλου
2513 5132 2814 5200 Βασιλείου,
2851 5134 3230 5204 ἀκοπισθῆναι
3273 5136 3363 5187 τὸν
3410 5138 3662 5206 παραϐά-

2098 5241 2199 5291 την
2229 5223 2561 5293 εὑρίσκομεν
2596 5227 2652 5278 ἐν
2683 5227 2793 5288 τοῖς
2817 5226 2911 5278 τοῦ
2945 5225 3100 5293 ἁγίου
3139 5227 3422 5279 Βασιλείου
3451 5227 3664 5296 Θαύμα-

2101 5333 2205 5380 σιν,
2240 5315 2386 5385 ᾰπερ
2434 5318 2462 5369 6
2517 5318 2690 5386 μέγας
2711 5318 3063 5388 Ἀμφιλόχιος
3096 5322 3281 5388 γραςῇ
3336 5320 3664 5389 παραδοῦναι

2097 5406 2338 5474 λέγεται,
2373 5406 2490 5460 ἀλλ’
2526 5409 2626 5461 οὐκ
2684 5410 2883 5473 εὐθέως
2939 5412 3220 5464 πείθεσθαι
3283 5411 3456 5476 ἄξιον.
3506 5413 3662 5474 Τίνος

2094 5500 2308 5565 ’ἐνεκενς
2349 5500 2469 5552 Ὀτι
2496 5499 2580 5553 διὰ
2624 5502 2718 5570 τῆς
2756 5503 3006 5572 τοιαύιης
3039 5504 3251 5572 γραφῆς
3276 5505 3368 5556 καὶ
3405 5505 3662 5575 ἀρχιερέα

2093 5588 2191 5656 τῆς
2221 5588 2545 5657 Καισαρέων
2581 5589 2929 5658 μανθάνομεν
2976 5592 3338 5659 χρηματίζειν
3369 5592 3457 5642 τὸν
3487 5593 3660 5658 μέγαν

2094 5677 2388 5742 Βασίλειον,
2424 5679 2586 5748 ήνίκα
2611 5679 2953 5750 διερχόμενος
2974 5678 3042 5752 ἦν
3074 5683 3394 5737 κατ’ἑκεῖνα
3420 5685 3487 5735 τά
3518 5687 3660 5756 μέρη
