4154 6200
432 252 532 318 477

1667 253 2066 322 ANNALIUM
2111 261 2302 321 PARS
2347 257 2440 322 IV.

3556 271 3658 332 473

426 379 453 428 6
481 375 738 438 κάκιστος
791 376 930 430 κατὰ
966 377 1191 448 Περσῶν
1221 377 1317 448 τὴν
1351 379 1702 447 ἐκστρατειαν
1733 377 1991 445 ποιούμε-

2105 377 2225 430 lium
2259 377 2517 431 Cmsarea:
2548 377 2855 444 pontiﬁcem
2893 379 2946 433 id
3009 381 3270 449 temporis
3319 382 3506 450 fuisse,
3538 401 3660 440 cum

425 489 536 532 νος.
575 469 718 521 Ἀλλ’
749 471 811 523 οὐ
837 471 984 523 δοκεῖ
1017 473 1187 523 ταῦτα
1214 471 1306 522 καὶ
1339 471 1416 541 τῷ
1455 471 1676 539 μεγάλῳ
1701 469 1989 540 Γρηγορίῳ

425 564 502 633 τῷ
522 562 772 633 Θεολόγῳ
793 577 808 593 ⁸
841 567 888 616 εἰ
917 565 1026 632 γὰρ
1059 566 1116 615 ὲν
1144 568 1257 626 τοῖς
1286 565 1620 634 προοιμίοις,
1643 563 1822 627 καθὼς
1839 558 1996 626 οὗτός

428 673 583 727 φησι,
621 656 714 711 τοῦ
753 657 891 725 μετὰ
936 656 1106 708 ταῦτα
1155 658 1539 728 κρατήσαντος
1575 656 1882 718 Οὐάλεντος
1914 656 1994 716 εἰς

427 749 632 818 Πόντον
671 748 904 817 ἐκάθητο
929 751 956 800 6
991 747 1166 818 μέγας
1197 747 1501 813 Βασίλειος,
1552 747 1648 802 τοῦ
1703 747 1995 802 Εὐσεὸείου

429 842 733 908 τηνικαῦτα
791 843 889 910 τῆς
954 841 1275 910 Καισαρέων
1329 840 1763 912 χρηματίζοντος
1811 842 1999 911 ἀρχιε-

437 941 592 1006 ρέως,
621 935 800 1004 πολλῴ
861 935 1061 996 μᾶλλον
1109 936 1208 987 οὐκ
1260 930 1326 995 ἦν
1359 936 1566 996 ἐκεῖνος
1616 935 1905 1003 ἀρχιερεὺς
1940 936 1998 986 ἐν

433 1029 539 1087 τοῖς
581 1025 791 1094 χρόνοις
822 1025 1137 1077 ἰουλιανοῦ.
1189 1025 1446 1078 Φαίνεται
1493 1021 1584 1079 οὖν
1634 1025 1884 1079 ἐντεῦθεν
1925 1026 1999 1088 ὡς

433 1119 555 1170 οὔτε
589 1118 678 1168 τὸν
713 1118 885 1185 μέγαν
915 1117 1198 1170 Βασίλειον
1241 1106 1399 1188 εὗρεν
1431 1118 1690 1189 ἀρχιερέα
1713 1117 1998 1188 διερχόμε-

434 1227 518 1272 νος
552 1211 579 1261 6
603 1208 911 1272 Ἰουλιανὸς,
946 1206 1070 1264 οὔτε
1095 1209 1392 1279 ἠπείλησεν
1421 1209 1570 1279 αῦτῷ
1597 1213 1689 1262 καὶ
1705 1213 1771 1282 τῇ
1801 1211 1998 1280 ἐκκλη-

437 1301 527 1369 σίᾳ
552 1298 741 1351 αὑτοῦ.
781 1297 924 1350 ’Λλλ“
955 1297 1080 1351 οὔτε
1107 1299 1291 1370 δέησιν
1339 1302 1550 1364 ἐκεῖνος
1583 1300 1772 1354 τούτου
1813 1302 2000 1354 ἕνεκεν

437 1389 754 1458 ἐποιήσατο,
791 1389 914 1441 οὔτε
952 1390 1059 1458 μὴν
1115 1391 1194 1452 είς
1247 1390 1526 1460 ἀναίρεσιν
1581 1392 1862 1462 ἀπεστάλη
1905 1391 2000 1444 τοῦ

436 1483 756 1553 παραὸἀτου
786 1485 812 1534 6
839 1483 1082 1553 Χριστοῦ
1131 1485 1343 1554 μάρτυς
1390 1483 1737 1555 Μερκούμιος
1761 1502 1774 1516 ·
1805 1488 1854 1538 εἰ
1889 1489 1998 1556 γὰρ

433 1575 585 1628 ταῦθ’
617 1574 761 1628 οὕτω
793 1575 1040 1643 γέγονεν,
1076 1577 1178 1628 οὐκ
1207 1575 1272 1628 ἂν
1302 1577 1328 1629 ὁ
1359 1577 1650 1640 ἀκοντίσας
1681 1579 1843 1630 αὐτὸν
1874 1579 2002 1647 ἄδη-

433 1669 522 1731 λος
550 1663 618 1738 ἦν
650 1667 812 1738 μέχρι
842 1669 936 1721 καὶ
969 1669 1231 1740 τήμερον.
1266 1669 1530 1740 Ἀκοντῖῳ
1556 1669 1735 1722 τοίνυν
1769 1671 1796 1724 6
1818 1669 2001 1734 ἄθλιος

435 1761 708 1831 βάλλεται,
743 1760 847 1814 κᾶν
877 1763 904 1814 6
936 1760 1228 1823 ἀκοντίσας
1251 1761 1466 1832 ἄδηλος.
1514 1763 1602 1826 Ὠς
1635 1763 1690 1818 δὲ
1723 1762 1832 1830 ἐγώ
1861 1779 2003 1824 τινος

434 1855 662 1923 ἥκουσα,
703 1857 868 1924 φησὶν
906 1854 934 1905 6
969 1853 1248 1921 Θεόλογός,
1284 1853 1416 1924 μηδὲ
1443 1853 1518 1923 τῷ
1538 1854 1693 1925 τάφῳ
1716 1855 2002 1925 προσλαμ-

434 1948 698 2000 ϐάνεσθαι
732 1948 919 2014 αὑτὸν,
951 1947 1068 2001 ἀλλ’
1094 1947 1198 2000 ὑπὸ
1229 1950 1326 2017 τῆς
1380 1949 1688 2017 σειοϐείσης
1729 1947 1797 2000 δι’
1838 1949 2002 2000 αὑτὸν

433 2039 538 2108 γῆς
570 2039 924 2093 ἀποσείεσθαί
969 2056 1026 2090 τε
1081 2040 1176 2090 καὶ
1221 2039 1652 2110 ἀναὸράςεσθαι,
1685 2039 1999 2109 προοίμιον,

434 2127 609 2200 οἶμαι,
649 2131 747 2200 τῆς
811 2130 1020 2182 ἐκεῖθεν
1084 2129 1383 2192 κολάσεως.
1429 2130 1608 2183 Πολλὰ
1656 2129 1765 2200 γὰρ
1829 2129 2001 2200 μιαρά

435 2226 670 2294 ποιήσας
730 2224 863 2275 ὡσεὶ
923 2223 1061 2276 ἐτῶν
1094 2223 1137 2275 λ’
1169 2224 1418 2294 τελευτᾷ.
1464 2223 1624 2276 Ἀλλὰ
1649 2227 1738 2276 καὶ
1771 2226 1833 2276 ἐκ
1864 2225 2003 2294 Περ-

437 2317 576 2382 σίδος
623 2318 903 2388 δαιμόνιον
953 2317 1172 2380 στείλας
1221 2317 1356 2383 πρὸς
1391 2317 1545 2370 δύσιν
1575 2317 1668 2368 ἐπὶ
1696 2317 1774 2386 τῷ
1792 2317 2002 2387 ταχέως

436 2411 664 2479 ἀγαγεῖν
715 2411 1030 2479 ἀπόκρισιν,
1077 2401 1389 2479 ’ἐσφάλλετο
1441 2408 1720 2462 κάνταῦθα
1749 2408 1844 2463 τοῦ
1875 2427 2002 2463 σκο-

437 2501 569 2555 ποῦ·
599 2503 793 2573 τὸγὰρ
822 2503 1101 2573 δαιμόνιον
1153 2501 1181 2555 ὃ
1243 2501 1456 2565 στείλας
1507 2501 1731 2570 ἐντυχδν
1783 2500 2003 2571 μοναχῷ

436 2608 543 2644 τινι
599 2593 853 2661 Πουπλίῳ
888 2591 1128 2659 τοῦνομα
1169 2592 1594 2660 προσευχομένῳ
1635 2590 1846 2659 ἡμέρας
1873 2591 2005 2644 δέκα

435 2683 662 2736 διελθεῖν
723 2685 822 2736 οὑκ
879 2684 1146 2754 ἠδυνήθη,
1183 2684 1280 2735 καὶ
1338 2681 1685 2752 ὑποστρέψαν
1723 2681 2004 2751 ἄπρακτον

433 2775 534 2844 τὴν
585 2775 764 2828 αἰτίαν
823 2775 950 2830 ἐϐόα
991 2779 1085 2829 καὶ
1133 2775 1438 2846 πόῤῥωθεν.
1497 2775 1608 2828 Καὶ
1655 2776 1918 2841 γυναῖκας
1948 2774 2005 2826 δὲ

437 2868 758 2940 ἀνατέμνων
791 2873 818 2925 6
849 2872 1199 2941 ἄσπλαγχνος
1224 2871 1292 2923 δι’
1318 2867 1498 2921 αὐτῶν
1523 2866 1881 2938 ἐμαντεύετο.

2097 482 2189 522 eas
2213 467 2463 536 regiones
2485 467 2646 539 254.
2673 468 2964 538 imperator
3009 469 3450 540 improbissimus
3474 487 3662 530 contra

2099 560 2292 614 Persas
2325 560 2670 630 expeditione
2723 571 2978 630 suscepta
3043 576 3374 634 peragraret.
3437 568 3507 621 At
3536 585 3663 622 Vero

2097 653 2507 718 aliterfeximius
2541 655 2629 708 ille
2659 653 2954 722 Gregorius
3015 669 3380 725 cognomento
3426 659 3664 716 Theolo-

2099 759 2198 812 gus
2223 745 2498 799 memoriae
2543 746 2827 814 prodidit;
2876 763 2998 800 nam
3063 748 3108 800 si
3136 749 3390 812 Basilius,
3435 753 3538 806 hoc
3594 756 3664 807 ita

2101 848 2377 901 narrante,
2417 839 2466 891 in
2502 838 2674 892 Ponto
2705 839 2956 906 degebat,
3012 841 3114 894 sub
3175 843 3388 896 initium
3453 845 3665 913 imperii

2100 930 2363 995 Valentis.
2419 930 2512 999 qui
2573 931 2856 999 aliquanto
2919 941 3042 1001 post
3099 943 3342 1005 tempore
3397 941 3665 1006 regnavit,

2101 1041 2224 1078 cum
2255 1025 2512 1080 Caesarea:
2544 1026 2784 1093 pontifex
2835 1038 2978 1081 esset
3015 1029 3303 1093 Eusebius,
3363 1033 3532 1086 multo
3567 1036 3665 1088 mi-

2105 1119 2452 1172 nusJuliano
2484 1121 2788 1187 imperante
2840 1119 3069 1175 Basilius
3127 1123 3386 1179 antistitis
3444 1143 3668 1181 munere

2103 1208 2452 1278 fungebatur.
2481 1209 2554 1263 De
2573 1226 2680 1278 quo
2695 1211 2824 1264 satis
2848 1211 3370 1282 evidentcrapparet
3394 1214 3667 1272 Julianutu

2105 1300 2208 1355 iter
2241 1317 2339 1370 per
2382 1301 2779 1371 Cappadociam
2827 1303 3116 1359 facientem
3185 1323 3361 1376 neque
3413 1309 3669 1365 Basiliam

2103 1392 2224 1446 istic
2275 1394 2587 1464 pontiﬁcem
2624 1397 2898 1464 reperisse
2945 1413 3126 1466 neque
3187 1399 3361 1467 ipsius
3416 1398 3672 1455 Ecclesia:

2104 1483 2367 1534 minatum
2399 1498 2542 1537 esse.
2595 1483 2881 1539 Consimili
2948 1488 3109 1542 modo
3168 1504 3268 1543 nec
3310 1503 3558 1558 precatus
3589 1505 3672 1548 cst

2105 1568 2208 1624 boc
2238 1571 2457 1626 nomine
2492 1573 2660 1627 Deum
2695 1573 2928 1629 Basilius
2949 1577 3215 1644 pontifex,
3251 1581 3434 1646 nccad
3473 1582 3672 1636 tollcn-
3742 1565 3746 1572 ’

2103 1661 2231 1715 dum
2281 1679 2312 1717 e
2353 1664 2535 1719 medio
2583 1665 2921 1721 desertorem
2979 1667 3282 1723 Mercurius
3343 1670 3431 1725 ille
3468 1671 3670 1728 Christi

2109 1754 2260 1809 testis
2297 1756 2399 1809 fuit
2427 1757 2728 1828 ablegatus.
2755 1757 2965 1829 Quippe
2997 1761 3040 1814 si
3071 1761 3176 1814 hoc
3199 1772 3352 1830 pacto
3383 1778 3470 1818 res
3521 1777 3668 1835 gesta

2108 1850 2320 1915 fuisset,
2353 1849 2647 1904 obscurum
2673 1867 2778 1905 non
2820 1861 2965 1905 esset
3001 1851 3054 1905 in
3121 1852 3445 1908 hodiernum
3501 1872 3672 1926 usque

2107 1942 2253 1996 diem
2286 1958 2312 1994 ο
2340 1958 2450 2012 quo
2479 1942 2728 1998 Julianus
2759 1942 2866 1997 telo
2906 1943 3155 1998 conﬁxus
3186 1946 3370 2000 fuerit.
3426 1946 3558 2000 Nam
3582 1949 3670 2017 ja-

2106 2035 2232 2092 cnlo
2269 2038 2556 2107 trajectum
2590 2045 2826 2099 constat,
2858 2048 3081 2092 auctore
3111 2037 3231 2092 facti
3267 2055 3492 2109 prorsus
3523 2043 3674 2096 inco-

2106 2130 2278 2200 gnito.
2321 2131 2463 2198 Quin
2499 2131 2663 2185 etiam
2699 2147 2756 2185 se
2805 2133 3026 2188 audisse
3066 2135 3132 2189 de
3187 2137 3424 2204 quodam
3477 2138 3671 2191 scribit

2106 2225 2402 2296 Gregorius
2441 2225 2532 2280 ille
2566 2224 2875 2298 Theologus
2910 2242 2977 2280 ne
3018 2229 3252 2295 sepulcri
3281 2227 3502 2296 quidem
3551 2244 3674 2298 par-

2108 2317 2328 2388 ticipem
2361 2319 2563 2373 factum
2603 2317 2770 2373 fuisse
2820 2318 3120 2384 Julianum,
3152 2320 3247 2374 sed
3292 2336 3320 2374 a
3353 2323 3472 2382 solo
3505 2325 3674 2392 ipsius

2107 2424 2270 2464 causa
2307 2424 2566 2463 succusso
2603 2408 2960 2479 absorptum;
2998 2427 3119 2481 quae
3179 2428 3285 2478 res,
3335 2415 3432 2483 ait,
3483 2419 3675 2483 credo,

2110 2499 2506 2568 suppliciorum
2568 2500 2794 2555 alterius
2854 2502 2979 2556 vitae
3023 2504 3294 2572 quoddam
3347 2509 3670 2574 procemiutn

2111 2600 2166 2646 et
2195 2591 2484 2645 exordium
2514 2601 2652 2645 erat.
2682 2593 2864 2647 Multis
2900 2594 3046 2647 enim
3080 2595 3301 2664 ﬂagitiis
3329 2599 3678 2654 exsecrandis

2111 2683 2410 2752 designatis
2436 2699 2607 2737 annos
2637 2687 2757 2753 plus
2795 2686 2972 2741 n'tinus
3005 2688 3220 2758 triginta
3283 2703 3443 2746 natus
3489 2694 3672 2763 periit.

2111 2776 2252 2829 Ante
2287 2785 2522 2828 mortem
2552 2792 2581 2830 e
2615 2777 2837 2833 Perside
2867 2782 3084 2850 genium
3111 2785 3404 2852 quemdam
3439 2788 3490 2840 in
3529 2788 3675 2842 occi-

2112 2865 2329 2920 dentem
2373 2856 2666 2937 ablegavit,
2701 2873 2900 2941 utejus
2934 2889 3100 2942 opera
3152 2879 3404 2934 celeriter
3445 2896 3674 2949 respon-

434 2981 556 3020 sum
589 2965 862 3035 acciperet
894 2963 1029 3018 :sed
1061 2961 1208 3032 quod
1248 2959 1525 3030 cupiebat,
1585 2976 1696 3016 non
1745 2969 1850 3027 est
1922 2966 2229 3016 assecutus.
2273 2958 2415 3013 Nam
2449 2975 2603 3024 lcum
2665 2963 2860 3032 genius
2895 2963 2949 3018 in
2997 2969 3322 3022 monachum
3359 2975 3672 3040 quemdam,

433 3060 522 3118 cui
554 3061 746 3115 Publio
796 3075 996 3114 nomen
1028 3069 1194 3122 esset,
1254 3068 1397 3114 totos
1431 3057 1494 3112 l0
1567 3057 1687 3113 dies
1722 3067 2037 3129 precantem
2076 3055 2382 3120 incidisset,
2446 3058 2698 3126 progredi
2741 3061 2971 3116 ulterius
2997 3077 3106 3118 non
3145 3065 3346 3134 pctuit.
3398 3068 3584 3140 Itaque
3615 3089 3674 3127 re

438 3158 634 3213 infecta
681 3171 934 3212 reversus
997 3156 1065 3210 ad
1111 3155 1390 3211 Julianum
1430 3140 1675 3210 causam
1735 3155 1787 3208 ei
1840 3153 2006 3223 longo
2041 3153 2206 3208 etiam
2248 3167 2312 3206 ex
2379 3152 2666 3208 intervallo
2702 3157 2981 3225 multoque
3037 3161 3276 3216 «latnore
3309 3166 3677 3233 signiﬁcabat.-

440 3249 701 3303 Przeterea
726 3263 900 3302 szevus
961 3246 1152 3309 homo,
1183 3247 1338 3317 cujus
1394 3245 1604 3300 viscera
1666 3242 1812 3297 nulla
1851 3240 2349 3298 commiserationis
2402 3241 2688 3298 aﬁectione
2721 3259 3092 3312 moverentur,
3122 3252 3472 3310 mulierculas
3525 3258 3677 3314 vivas

437 3344 767 3400 vaticinandi
806 3358 968 3398 causa
1000 3342 1332 3398 dissecabat.

480 3438 660 3501 ¹Μετὰ
686 3437 741 3490 δὲ
781 3435 1068 3488 Ἰουλιανδν
1117 3434 1477 3488 ἐϐασίλευσεν
1513 3433 1712 3502 ἄριστα
1753 3430 1999 3491 Ἰοϐιανδς

2180 3425 2696 3496 Postquamcvivis
2747 3431 3070 3486 excessisset
3123 3437 3538 3502 pr.cclarissime
3582 3447 3679 3502 Jo-

437 3530 556 3593 ἔτος
593 3529 672 3593 ἓν,
729 3527 786 3590 ὃς
846 3527 1203 3598 ἐκλεγόμενος
1265 3529 1364 3579 ὑπὸ
1417 3527 1635 3580 πάντων
1669 3523 1852 3578 εἶπενο
1883 3541 1900 3574 ι
1929 3524 2002 3575 Οὐ

437 3622 676 3692 δύναμαι
736 3620 992 3692 βασιλεὺς
1037 3619 1181 3674 εἶναι
1225 3617 1770 3692 προμεμολυσμένων
1797 3615 2006 3687 ἀνθρώ-

435 3731 575 3780 πων,
609 3733 627 3765 ι
667 3716 753 3784 ἐφ’
791 3709 834 3782 ᾧ
869 3715 1070 3779 πάντες
1096 3714 1178 3775 τὸ,
1209 3733 1226 3764 ι
1249 3712 1563 3784 Χριστιανοί
1594 3715 1811 3781 ἐσμεν.»
1841 3710 2006 3778 ἔκρα-

436 3806 554 3874 ξαν.
609 3807 766 3862 Μετὰ
803 3809 984 3875 μέντοι
1017 3808 1189 3876 μῆνας
1239 3813 1290 3875 η’
1314 3807 1415 3876 τῆς
1449 3804 1614 3858 αὑτοῦ
1639 3802 1918 3875 βασιλείας
1947 3803 2004 3856 ἐν

439 3899 666 3971 Κιλικίᾳ
723 3899 1098 3969 ἐτελεύτησεν,
1157 3898 1300 3968 μέγα
1364 3899 1562 3960 πένθος
1613 3901 1778 3952 πᾶσιν
1818 3896 2000 3966 ἀφείς.

435 3989 590 4042 Μετὰ
623 3991 676 4043 δὲ
714 3987 902 4042 τοῦτον
935 3989 1376 4053 Οὐαλεντινιανδς
1398 3989 1493 4060 ἐτη
1520 3989 1610 4060 ιβ’,
1639 3989 1828 4059 μισθὸν
1850 3987 2002 4058 παρὰ

435 4081 570 4136 Θεοῦ
600 4083 701 4153 τὴν
757 4083 1036 4151 βασιλείαν
1068 4081 1248 4136 λαϐὼν
1280 4083 1370 4136 διὰ
1392 4083 1452 4136 τὸ
1481 4085 1580 4152 τῆς
1619 4083 1880 4152 στρατιᾶς
1904 4081 2002 4134 αὖε

435 4174 528 4230 τοῦ
591 4174 931 4250 ἐκϐληθῆναι
963 4178 1114 4244 παρὰ
1153 4173 1446 4229 Ἰουλιανοῦ
1477 4175 1578 4242 τῆς
1629 4177 1710 4237 είς
1767 4173 2002 4244 Χριστὸν

436 4271 622 4322 ἕνεκεν
667 4270 978 4338 ὁμολογίας.
1017 4266 1145 4338 Εἶχε
1174 4269 1229 4322 δὲ
1265 4267 1730 4339 συμὸασιλεύοντα
1773 4269 1913 4321 κατὰ
1940 4283 2002 4335 γε

433 4369 530 4435 τὴν
578 4364 845 4432 ἀνατολὴν
899 4364 990 4415 τὸν
1039 4365 1318 4433 αἴσχιστον
1353 4362 1654 4415 Οὐάλεντα.
1707 4362 1818 4415 Καὶ
1881 4361 1999 4419 πῶς

435 4459 541 4527 γὰρ
571 4459 634 4512 οὐ
669 4458 952 4520 κάκιστος,
977 4459 1030 4510 εἴ
1059 4475 1118 4524 γε
1169 4460 1295 4521 τοὺς
1333 4457 1440 4510 ἀπὸ
1492 4455 2004 4511 Κωνσταντινουπό·

435 4553 568 4614 λεως
617 4551 912 4605 σταλένταε
961 4552 1096 4620 πρὸς
1149 4551 1312 4606 αὑτὸν
1345 4558 1396 4602 π’
1427 4551 1735 4622 ίερατικοὺς
1797 4549 2002 4619 ἄνδρας

438 4643 736 4713 πρεσϐείας
791 4643 978 4696 ἕνεκεν
1019 4645 1110 4696 ἐπὶ
1163 4643 1348 4696 πλοίου
1409 4645 1780 4706 κατέκαυσεν;
1831 4639 2002 4705 Οὗτος

437 4739 538 4789 ὑπὸ
577 4737 786 4789 Γότθων
837 4737 1241 4806 πολεμούμενος
1292 4737 1524 4805 ἐζήτησε
1581 4742 1674 4788 τὸν
1722 4736 2000 4788 οειότατον

437 4831 669 4898 ἀδελφὸν
707 4830 872 4884 αὑτοῦ
904 4831 1246 4900 συμμαχίαν.
1283 4828 1342 4882 '0
1368 4830 1424 4882 δὲ
1456 4832 1515 4881 οὐ
1548 4836 1709 4899 μόνον
1739 4832 1836 4884 οὐκ
1864 4829 1996 4881 ἔδω-

432 4940 549 4982 κεν,
586 4923 719 4977 ἀλλὰ
769 4927 862 4977 καὶ
902 4923 1196 4985 ὠνείδισεν,
1256 4922 1431 4984 οὕτως
1471 4923 1640 4976 εἰπών
1665 4939 1678 4952 ·
1722 4942 1740 4974 ι
1771 4923 1843 4975 Οὐ
1891 4923 1997 4994 χρὴ

437 5016 588 5084 01.691
621 5015 836 5086 βοηθεῖν
860 5015 1185 5084 πολεμοῦντι
1220 5016 1378 5067 Θεὸν.
1410 5034 1428 5066 ι
1465 5015 1572 5066 Καὶ
1605 5018 1631 5067 ὀ
1663 5015 1760 5084 μὲν
1787 5015 1997 5085 Οὐάλης

435 5106 528 5176 ἐτη
565 5109 595 5160 ι’
624 5111 718 5160 καὶ
749 5109 788 5159 δ’
828 5106 1154 5176 βασιλεύσας
1201 5109 1433 5170 ἀνοσίως
1477 5106 1582 5160 ὑπὸ
1633 5107 1910 5176 πολεμίων
1938 5108 1997 5159 ἐν

435 5200 674 5268 ἀχυρῶνι
723 5201 854 5268 πυρὶ
910 5201 1346 5270 παραδίδοταιοὸ
1401 5201 1456 5251 δὲ
1514 5200 1749 5269 μοναχδς
1793 5203 1998 5264 ἐκεῖνος

445 5291 711 5354 Ἰσαάκιος
770 5293 1007 5360 ἐλέγχων
1041 5293 1140 5362 μὲν
1190 5292 1370 5357 αὐτὸν,
1404 5291 1701 5360 δεσμωοεὶς
1751 5293 1806 5344 δὲ
1863 5294 1991 5362 παρ’

435 5383 600 5436 αὑτοῦ
644 5385 736 5437 καὶ
771 5385 963 5454 εἱρκτῇ
995 5385 1344 5454 παραδοθεὶς,
1377 5385 1671 5455 ὠσφράνθη
1705 5389 1762 5439 ἓν
1791 5390 1858 5456 τῇ
1897 5406 1995 5454 φυ-

431 5475 570 5545 λακῇ
605 5475 701 5544 τῆς
732 5477 994 5538 δυσωδίας
1022 5477 1384 5538 ἐκκαυυέντος
1425 5478 1629 5540 ἐκεῖσε,
1651 5477 1724 5539 ὡς
1755 5479 1991 5547 εἴρηται.

439 5565 500 5617 Ὀ
540 5565 720 5634 μέντοι
756 5568 1201 5629 Οὑαλεντινιανὸς
1261 5567 1354 5618 καὶ
1408 5567 1500 5618 τὸν
1547 5567 1760 5636 ἀγωγὸν
1795 5567 1995 5637 ᾠκοόὀ·

433 5672 575 5724 μησε
611 5660 704 5709 καὶ
733 5657 794 5710 τὸ
829 5658 974 5729 ὕδωρ
1003 5661 1082 5723 είς
1114 5659 1214 5727 τὴν
1268 5658 1425 5711 πόλιν
1472 5660 1784 5728 εἰσήγαγεν.
1824 5652 1990 5724 Οὗτος

433 5745 532 5799 καί⁸
560 5747 922 5813 πραιπόσιτόν
948 5765 1068 5803 τινα
1115 5749 1204 5802 διὰ
1233 5748 1329 5820 τὴν
1358 5749 1452 5818 τῆς
1486 5750 1738 5816 γυναικὸς
1775 5750 1992 5821 Βερονίο

2110 3518 2306 3574 vianus
2346 3519 2576 3589 imperio
2604 3522 2838 3590 praefuit,
2877 3525 2966 3592 qui
2996 3527 3210 3582 cunctis
3243 3546 3271 3583 a
3314 3533 3579 3592 militibus
3608 3542 3676 3596 ad

2109 3612 2214 3667 hoc
2234 3613 2503 3677 delectus,
2555 3631 2574 3664 ‹
2606 3614 2894 3683 Equidem,
2928 3616 3023 3682 ait,
3090 3619 3374 3677 hominum
3444 3630 3681 3696 polluto-

2111 3723 2232 3760 rum
2277 3705 2573 3776 imperator
2610 3724 2733 3762 esse
2763 3726 2996 3779 nequeo.
3032 3732 3050 3762 ›
3089 3713 3228 3767 Tum
3252 3732 3443 3774 omnes
3501 3726 3680 3780 excla-

2116 3811 2290 3862 mare,
2327 3816 2345 3847 ι
2378 3797 2671 3853 Christiani
2700 3815 2909 3855 sumus.
2942 3820 2960 3852 ›
3001 3803 3126 3859 Post
3179 3818 3432 3863 octavum
3463 3816 3678 3884 imperii

2111 3904 2354 3943 mensem
2392 3891 2444 3942 in
2469 3890 2656 3944 Cilicia
2678 3891 2820 3945 diem
2857 3892 3014 3957 obiit,
3055 3910 3250 3964 ttragno
3275 3901 3357 3951 sui
3391 3908 3532 3969 apud
3563 3921 3680 3958 om-

2107 3996 2206 4035 nes
2239 3981 2514 4035 desiderio
2539 3982 2747 4036 relicto.
2774 3983 2903 4037 Post
2929 3985 3217 4039 Jovianqu
3261 3990 3678 4050 Valentinianus

2107 4072 2266 4127 annis
2302 4072 2365 4124 12
2392 4073 2699 4140 imperavit.
2766 4073 2814 4126 ls
2863 4075 3150 4144 imperium
3189 4083 3396 4148 pra-inii
3447 4085 3567 4138 loco
3599 4088 3681 4140 di-

2107 4166 2314 4220 vinitus
2337 4165 2555 4235 accepit
2577 4176 2868 4234 propterea
2905 4169 3044 4235 quod
3079 4172 3444 4230 confessionis
3473 4177 3676 4234 CltriSti

2107 4274 2272 4313 causa
2311 4258 2504 4314 fuisset
2549 4275 2578 4314 a
2633 4258 2850 4314 Juliano
2914 4275 3318 4322 exauctoratus.
3373 4269 3433 4324 In
3453 4271 3678 4330 Oriente

2107 4362 2418 4406 consortem
2459 4353 2674 4422 imperii
2730 4354 3104 4424 turpissimum
3164 4359 3315 4414 illum
3373 4364 3677 4420 .Valentem‘

2108 4444 2318 4498 habuit.
2345 4443 2455 4498 Cur
2477 4445 2624 4499 enim
2663 4447 2807 4500 hunc
2837 4448 3319 4505 sceleratissimum
3353 4469 3463 4510 non
3492 4461 3680 4527 appel-

2107 4541 2282 4592 lemus
2304 4537 2328 4589 ?
2351 4536 2570 4606 quando
2599 4539 2798 4594 missos
2821 4540 2886 4592 ad
2915 4555 2972 4593 se
2995 4540 3151 4610 Cpoli
3175 4543 3243 4596 8.)
3281 4545 3431 4602 viros
3489 4564 3554 4602 ex
3590 4566 3680 4604 sa-

2107 4630 2388 4684 cerdotum
2415 4630 2606 4682 ordine
2637 4630 2921 4699 legationis
2945 4632 3214 4688 obeundae
3247 4653 3410 4692 causa
3458 4639 3512 4694 in
3552 4644 3678 4700 navi

2106 4723 2427 4776 combussit.
2481 4721 2618 4779 Cum
2648 4740 2677 4776 a
2707 4723 2924 4778 Gottltis
2952 4727 3002 4779 ei
3035 4725 3236 4780 bellum
3264 4739 3410 4784 esset
3443 4733 3676 4798 illatum,

2106 4817 2348 4878 afratre,
2382 4818 2499 4893 viro
2560 4816 2720 4884 plane
2780 4817 2986 4880 divino,
3042 4821 3322 4888 suppetias
3388 4824 3678 4882 sibi'ferri

2108 4909 2438 4978 postulabat.
2470 4908 2520 4963 Is
2549 4924 2681 4962 vero
2712 4925 2818 4962 non
2864 4920 3076 4966 tantum
3112 4913 3273 4984 255
3303 4917 3490 4985 c0pias
3523 4923 3679 4974 auxi-

2104 5002 2270 5055 liares
2297 5001 2606 5072 denegavit,
2638 5017 2824 5054 verum
2884 5007 3047 5058 etiam
3080 5022 3204 5059 cum
3251 5011 3680 5078 exprobratione
3755 5029 3766 5040 '

2107 5092 2339 5162 quadam
2383 5092 2668 5161 respondit
2719 5108 2876 5162 opem
2915 5095 3122 5150 homini
3153 5112 3279 5151 cum
3326 5101 3437 5154 Deo
3475 5103 3678 5156 bellum

2107 5186 2316 5256 gerenti
2352 5187 2632 5242 ferendam
2698 5202 2810 5240 non
2840 5201 2983 5242 esse.
3035 5188 3382 5261 Quapropter
3453 5192 3674 5258 Valens,

2105 5301 2228 5338 eum
2272 5299 2446 5337 annos
2475 5282 2661 5337 decem
2693 5271 2748 5337 et
2777 5291 3013 5352 quatuor
3037 5283 3203 5354 impie
3261 5297 3560 5357 regnasset,
3609 5288 3677 5340 ab

2103 5377 2353 5432 hostibus
2378 5377 2431 5430 in
2464 5375 2741 5445 palearum
2771 5378 2990 5450 tugurio
3013 5379 3251 5446 quodam
3279 5381 3402 5450 igne
3451 5394 3678 5433 concre-

2102 5480 2278 5523 matus
2311 5480 2416 5522 est.
2452 5469 2667 5523 Accidit
2699 5485 2764 5523 eo
2797 5479 3044 5541 tempore
3075 5481 3133 5524 ut
3181 5472 3421 5524 lsaacius
3488 5487 3677 5524 mona-

2099 5565 2260 5628 chus,
2297 5564 2389 5632 qui
2428 5562 2712 5618 Valentem
2773 5562 3065 5632 obiurgare
3116 5562 3327 5616 solebat
3389 5577 3564 5630 eaque
3607 5563 3676 5617 de

2097 5671 2264 5711 causa
2322 5656 2542 5708 Vinctus
2599 5654 2940 5720 in'custodia
2999 5653 3366 5720 detinebatur,
3421 5655 3673 5710 fauorem

2099 5747 2281 5805 exusti
2308 5747 2417 5802 alio
2441 5747 2579 5802 loco.
2605 5745 2871 5810 Valentis,
2911 5759 3010 5798 ceu
3052 5744 3311 5810 diximus,
3368 5749 3422 5802 in
3454 5765 3672 5806 carcere
