4154 6200
422 244 519 307 431

1653 247 2055 309 ANNALIUM
2100 249 2293 310 PARS
2337 234 2450 307 1V.

3534 260 3659 342 us

426 359 567 429 μετὰ
607 354 978 427 διοδημᾶτων,
1012 358 1105 410 τὸν
1142 338 1510 429 ’δέἊρσένιον
1556 356 1849 427 ἱστάμενον
1896 358 1993 411 καὶ

2106 373 2323 414 munere
2378 357 2730 429 fungebatur.
2814 361 3159 436 Quapropter
3234 356 3381 423 hunc
3462 338 3660 439 magno

422 437 762 510 διδάσκοντα,
787 446 906 516 μετ’
926 446 1098 515 ὀργῆς
1115 440 1300 499 εἶπεν·
1340 464 1360 495 σ
1383 444 1544 501 Οὕτω
1573 461 1655 500 σοι
1683 450 1989 517 παρὴγγειδ

421 539 524 603 λαις
568 539 631 591 σὺ
664 538 861 601 αὐτοὺς
914 540 1093 601 ποιεῖς
1144 534 1406 607 βασιλεῖς.
1449 536 1511 590 '0
1548 536 1680 599 Θεὸς
1729 537 1842 607 ἔχει
1894 538 1994 607 τὴν

424 631 554 699 ῖπερὶ
589 628 796 683 τούτων
838 627 1107 695 ἐξουσέαν.
1142 646 1161 680 ι
1208 629 1316 681 Καὶ
1373 627 1534 698 ῥίψας
1577 627 1646 680 τὰ
1687 620 1994 696 διαδήματα

423 717 583 773 εἷάτεο
632 738 651 772 ι
684 720 951 789 κρεῖσσόν
1002 721 1119 772 ἐστι
1165 718 1422 773 saevam
1471 709 1801 790 θεοσεϐῶςῆ
1843 718 1996 789 βασι-

422 812 604 865 λεύειν
632 805 866 874 ἀσεϐῶς.
896 818 915 862 ι
948 810 1103 864 Μετὰ
1151 807 1211 862 δέ
1258 807 1431 862 ταῦτα
1458 806 1553 860 τοῦ
1586 807 1871 877 Ἀρσενίου
1901 825 1996 878 μευ

422 900 683 964 λετῶντος
713 900 1043 971 ἀποδρᾶναι,
1067 899 1191 951 ἐπεὶ
1244 900 1446 968 συνέϐη
1473 897 1568 951 καὶ
1594 899 1796 969 μᾶλλον
1835 900 1870 970 ἠ
1900 896 1995 950 τοῦ

428 991 719 1065 ’Δρκαδίου
755 991 940 1061 πληγὴ
969 990 1062 1043 καὶ
1088 992 1121 1059 ἠ
1153 990 1243 1044 διὰ
1292 987 1468 1043 ταῦτα
1518 988 1805 1059 ἐπιϐουλὴ,
1843 992 1997 1061 φωνὴ

433 1086 573 1159 ¹πρὸς
608 1084 771 1138 αὐτὸν
823 1083 1048 1152 γέγονεν
1077 1098 1092 1114 ·
1135 1100 1153 1134 ι
1183 1081 1453 1149 Ἀρσένιε,
1501 1082 1672 1151 φεῦγε
1728 1084 1853 1146 τοὺς
1906 1083 2000 1137 ἀν-

434 1176 707 1249 θρώπους,
763 1173 860 1228 καὶ
920 1172 1135 1246 σώζῃ.)
1199 1170 1397 1241 Φυγὼν
1439 1172 1497 1226 δὲ
1576 1172 1674 1225 καὶ
1745 1173 1998 1228 ἀπελθὼν

428 1278 485 1329 ἐν
538 1274 735 1343 Σκήτει
788 1270 950 1324 πάλιν
1005 1270 1241 1340 ἥκουσεο
1279 1284 1296 1317 ι
1324 1265 1522 1332 «tuine,
1562 1262 1763 1329 σιώπα,
1799 1264 2000 1334 ἡσύχα-

429 1367 509 1431 ζε.
539 1384 558 1417 ι
598 1365 660 1417 Οἱ
713 1362 844 1431 γοῦν
894 1360 1078 1423 παῖδες
1129 1357 1553 1429 βασιλεύσαντες
1608 1354 1854 1425 ἔγραψαν
1903 1357 2002 1410 αὺ-

428 1454 507 1525 sq»
567 1452 923 1522 συγχωρῆσαι
958 1451 1166 1513 αὐτοῖς,
1203 1451 1295 1501 καὶ
1330 1448 1565 1517 μάλιστα
1590 1447 1667 1516 τῷ
1700 1447 1997 1518 ’Λρκαδίῳ,

430 1545 569 1617 ὑπὲρ
602 1543 664 1597 οὗ
696 1541 950 1595 ἐϐούλετο
991 1540 1311 1593 ἀποκτεῖναι
1354 1537 1442 1590 διὰ
1473 1535 1775 1607 σπαθαρίου
1816 1536 1997 1588 αὐτόν.

437 1638 498 1691 '0
534 1635 716 1705 μέντοι
776 1632 949 1702 μέγας
1004 1628 1243 1690 ἀκούσας
1277 1632 1371 1682 καὶ
1404 1627 1559 1680 τοῦτο
1581 1643 1597 1660 ο
1658 1643 1676 1678 ι
1701 1626 1848 1680 Λάϐε
1901 1625 1999 1696 δηο

2100 439 2410 504 Theodosio
2440 452 2685 515 mittunt,
2721 464 3037 521 quanquam
3092 455 3335 526 graviter
3396 456 3449 511 id
3484 458 3661 528 ipsum

2099 530 2363 593 ferentem
2395 538 2539 609 quod
2575 555 2633 595 se
2656 530 2977 612 disciplinas
3020 543 3141 601 illas
3205 534 3549 605 orbicularcs
3598 566 3665 605 cx

2098 634 2164 685 eo
2198 640 2465 699 tempore,
2501 646 2612 699 quo
2664 633 2880 687 muneri
2946 648 3048 689 suo
3111 628 3404 702 prml'ectus
3446 639 3663 706 fuisset,

2100 721 2401 792 neglexisse
2429 721 2656 779 diceret.
2690 723 2993 795 Imperator
3025 717 3303 783 hominem
3332 730 3666 802 perbenigne

2102 826 2166 866 ac
2197 811 2442 866 hilariter
2470 812 2711 883 excepit,
2735 814 2900 885 eique
2927 810 3071 870 filios
3127 832 3257 872 suos
3311 820 3665 874 commenda-

2101 902 2181 957 vit
2206 911 2263 958 et
2287 903 2531 971 tradidit,
2554 920 2666 959 non
2703 914 2762 960 ut
2824 905 3181 974 imperatores
3231 908 3326 963 sed
3366 902 3665 965 liberorum

2104 1003 2267 1064 atque
2296 995 2691 1067 discipulorum
2722 997 2846 1052 loco
2876 998 3182 1053 habendos.
3210 999 3460 1071 Cumque
3504 1003 3655 1057 vidis-

2102 1098 2185 1141 set
2206 1085 2501 1156 aliquando
2525 1089 2908 1159 suosgquidem
2942 1090 3085 1146 ﬁlios
3112 1092 3389 1156 sedentes,
3420 1094 3513 1163 qui
3552 1096 3672 1150 dia-

2103 1177 2316 1233 demata
2351 1177 2648 1248 gestarent,
2679 1178 3132 1243 Arseniumvero
3165 1190 3402 1235 stantem
3462 1198 3671 1254 eosque

2104 1268 2411 1334 doc‘en‘tem,
2445 1269 2852 1325 excandescens
2874 1264 2954 1324 ait
2985 1274 2998 1322 ξ
3039 1288 3058 1322 ι
3092 1258 3276 1341 Egone
3299 1272 3379 1326 sic
3408 1262 3676 1342 tibiman-

2106 1359 2265 1414 davi?
2294 1366 2423 1413 num
2450 1361 2508 1414 tu
2540 1376 2636 1415 eos
2670 1359 3032 1431 imperatores
3091 1352 3263 1417 facis“?
3301 1356 3434 1432 Ejus
3463 1364 3542 1417 rei
3575 1380 3674 1432 po-

2106 1455 2274 1505 teStas
2300 1450 2353 1504 in
2414 1447 2585 1505 solius
2644 1459 2730 1507 est
2776 1448 2872 1507 Dei
2940 1469 3104 1507 manu
3176 1454 3374 1523 posita.
3414 1475 3433 1508 ι
3495 1456 3672 1512 Simul

2106 1541 2337 1611 abjectis
2381 1540 2734 1607 diadematis,
2767 1561 2785 1594 ι
2822 1542 3072 1608 Praestat,
3127 1542 3327 1614 inquit,
3387 1546 3478 1617 pie
3533 1548 3673 1603 mori

2107 1644 2270 1698 quant
2302 1628 2469 1698 impie
2529 1645 2780 1700 regnare.
2821 1648 2839 1682 ι
2894 1630 3207 1686 Secundum
3267 1626 3383 1688 haec
3438 1628 3674 1690 ArSenio

432 1728 597 1798 μόσισ.
655 1723 959 1791 Αἰγύπτου,
1019 1720 1113 1772 καὶ
1174 1718 1448 1788 διάκειμαι
1478 1717 1610 1768 ὅπου
1647 1715 1845 1778 θέλεις.
1874 1732 1891 1765 ι
1926 1711 2001 1767 εἷ-

2106 1721 2282 1791 l'ugam
2308 1731 2432 1774 cum
2464 1720 2646 1774 animo
2682 1727 2782 1776 suo
2823 1727 3116 1791 propterea
3148 1721 3491 1791 insiitiiente,
3526 1727 3673 1795 quod

430 1834 563 1872 πενσ
601 1814 787 1885 «Ἐγὼ
837 1812 911 1883 τῷ
959 1812 1145 1879 κόσμῳ
1196 1807 1487 1873 ἀπέθανον,
1515 1808 1607 1859 καὶ
1652 1806 1836 1859 οὐκέτι
1872 1805 1997 1870 ζῶα

2108 1808 2400 1868 Arcadium
2440 1811 2578 1865 ferte
2604 1807 3012 1880 verberaverat,
3034 1814 3189 1885 isque
3244 1826 3470 1887 propter
3528 1817 3674 1874 hanc

430 1911 571 1983 πλὴν
598 1910 627 1962 ὁ
665 1908 795 1971 Θέδς
827 1904 1179 1975 συγχωρήσαι
1208 1901 1356 1971 ὑμῖν.
1384 1915 1403 1952 ι
1968 1958 1972 1963 ⁸

2112 1906 2336 1958 causam
2362 1902 2591 1958 insidias
2620 1905 2669 1958 ei
2705 1912 2967 1969 Struer‘et,
3001 1922 3191 1962 vocem
3222 1902 3533 1980 hujusmodi
3574 1927 3675 1966 au-

430 2002 604 2057 divit:
642 2018 661 2052 ι
698 1999 843 2069 Fuge
877 1996 1157 2057 mortales,
1204 1992 1421 2055 Arseni,
1451 2000 1508 2046 et
1553 1990 1742 2062 salvus
1789 1992 1920 2046 eris.
1969 2010 1990 2045 ι
2043 1992 2154 2049 Hac
2180 1995 2249 2050 de
2271 2010 2432 2051 causa
2472 2006 2599 2051 cam
2662 1995 3096 2068 profugissetfac
3150 1996 3364 2055 Sectam
3424 2018 3483 2056 se
3537 2019 3673 2058 con-

432 2096 672 2163 tulisset,
703 2106 892 2148 rursus
922 2090 1083 2145 aliam
1104 2101 1293 2141 vocem
1326 2082 1587 2140 audivit:
1626 2102 1645 2133 ι
1680 2082 1847 2152 Fuge,
1915 2082 2038 2149 sile,
2075 2086 2315 2155 quiesce.
2358 2105 2376 2139 ›
2449 2086 2719 2157 Deinceps
2779 2087 2869 2142 ubi
2903 2088 2971 2143 ad
3029 2088 3322 2161 imperium
3380 2078 3674 2155 Theodosii

432 2189 528 2245 alii
571 2186 970 2257 pervenissent,
1004 2179 1204 2234 litteris
1239 2177 1305 2232 ad
1331 2192 1456 2231 eum
1503 2176 1827 2248 perscriptis
1874 2184 2105 2230 orarunt
2175 2186 2235 2232 ut
2303 2180 2521 2250 culpam
2593 2182 2676 2235 eis
2725 2180 3086 2246 condonaret,
3156 2182 3392 2240 Arcadio
3438 2203 3674 2256 praeser-

433 2281 551 2345 tim,
574 2256 669 2346 qui
702 2256 1020 2343 magistrum
1058 2266 1369 2323 interﬁcere
1428 2282 1527 2336 per
1596 2264 1889 2321 satellitem
1955 2264 2240 2321 voluisset.
2281 2266 2559 2338 Cumque;
2588 2284 2786 2339 magno
2837 2270 2917 2325 illi
3005 2272 3125 2327 viro
3169 2266 3537 2345 signiﬁcatum
3570 2280 3675 2334 hoc

432 2374 598 2431 etiam
630 2372 697 2426 ab
722 2368 856 2439 ipsis
885 2366 1026 2421 foret
1060 2380 1074 2417 :
1111 2379 1132 2415 ι
1164 2363 1365 2433 Accipe
1395 2363 1642 2432 publicas
1676 2364 1729 2416 in
1757 2359 1993 2430 [Egypto
2031 2363 2313 2431 pecunias,
2338 2373 2393 2417 et
2446 2379 2541 2419 eas
2576 2364 2844 2420 arbitratu
2893 2378 2986 2423 tuo
3023 2359 3364 2451 distribuito,
3392 2391 3410 2424 ι
3462 2392 3479 2426 ι
3505 2362 3673 2446 Equi-

439 2464 589 2533 dem,
651 2458 957 2532 respondit,
1005 2454 1136 2511 huic
1177 2453 1382 2510 mundo
1417 2464 1666 2507 mortuus
1700 2468 1845 2514 sum.
1895 2468 1999 2507 nec
2037 2453 2276 2521 amplius
2311 2452 2437 2508 vivo
2479 2471 2493 2509 :
2537 2452 2685 2509 Deus
2720 2460 2903 2510 tamen
2938 2452 3385 2529 voliisignoscai.
3424 2481 3443 2516 ι

516 2584 585 2638 Ἦ
615 2580 843 2649 δευτέρα
882 2576 1101 2638 σύνοδος
1135 2575 1231 2628 καὶ
1283 2574 1311 2626 ὀ
1357 2573 1529 2642 μέγας
1559 2571 1841 2635 Θεοδόσιος
1888 2570 2000 2625 avt»

2178 2568 2313 2623 Post
2356 2567 2472 2623 haec
2523 2568 2828 2625 secundum
2887 2571 3185 2625 concilium
3219 2581 3275 2627 et
3299 2588 3527 2644 magnus
3581 2578 3675 2634 iile

431 2679 634 2748 δρυσαν
676 2672 756 2743 τῷ
802 2670 976 2739 θρόνῳ
1020 2662 1643 2725 Κωνσταντινουπόλεως
1674 2660 1765 2716 τὸν
1824 2664 2000 2732 μέγαν

2106 2656 2451 2714 Theodosius
2501 2658 2763 2713 eximium
2815 2660 3026 2725 virum,
3084 2660 3405 2739 Gregorium
3466 2681 3673 2736 cogno-

432 2765 750 2836 Γρηγόριον,
787 2760 892 2814 κᾶν
931 2757 991 2822 ἐξ
1016 2755 1293 2823 Δίγύπτου
1323 2754 1466 2813 τινὲς
1501 2755 1605 2805 ὑπὸ
1635 2752 1832 2820 φθόνου
1862 2755 1989 2804 ἐτει-

2102 2760 2290 2805 mento
2309 2749 2665 2836 Theolpgum,
2699 2751 2755 2804 in
2782 2750 2965 2821 Cpolis
2993 2752 3130 2806 solio
3152 2754 3512 2822 collocarunt,
3538 2767 3674 2812 tam-

437 2854 742 2925 ρᾶχθησοιν,
767 2848 851 2917 ἐφ’
880 2841 924 2916 ᾧ
954 2848 1051 2899 καὶ
1075 2846 1219 2896 ἑκὼν
1251 2843 1463 2912 ἐξέστη.
1504 2841 1911 2925 Ἀντεισὰγεται
1939 2840 1997 2893 δέ

2106 2845 2200 2898 etsi
2242 2842 2468 2912 quidam
2500 2842 2777 2898 antistites
2810 2842 3051 2914 Egyptii
3104 2846 3357 2902 nonnihil
3386 2849 3671 2905 turbarum

434 2922 762 3014 Neretum”,
793 2942 854 2994 τὸ
886 2939 983 3007 μέν
1017 2941 1175 3007 γένος
1201 2935 1471 3004 Ταρσεὺς,
1500 2934 1598 3004 τὴν
1628 2922 1684 2986 δὲ
1705 2932 1798 2987 τοῦ
1837 2932 2001 3002 πραί-

434 3052 605 3106 τωρος
629 3034 802 3103 ἀρχὴν
818 3031 1035 3093 διέπων,
1060 3028 1116 3090 ὃς
1144 3027 1234 3080 τὸν
1253 3025 1351 3097 μὲν
1369 3025 1481 3095 βίον
1502 3023 1835 3093 θαυμαστὸς,
1862 3023 1996 3078 ἀσά-

437 3142 658 3188 πτιστος
693 3125 750 3177 δὲ
780 3124 940 3193 μέχρι
976 3121 1120 3174 τότε.
1153 3117 1263 3171 Καὶ
1304 3118 1333 3170 ὁ
1365 3116 1464 3186 μὲν
1491 3114 1851 3184 συγκλητικὸς
1886 3114 1994 3167 Νε-

436 3219 655 3289 κτὰριος
686 3214 1122 3287 προὺχειρίζετο,
1166 3212 1195 3264 ό
1217 3207 1276 3263 δὲ
1304 3208 1633 3271 Μακεδόνιος
1666 3205 1997 3275 ἀναθεματί-

438 3311 579 3372 ζετο.

2101 2948 2200 3004 per
2224 2933 2492 2989 invidiam
2521 2933 2760 2999 darent;
2793 2948 2916 3002 qua:
2966 2951 3055 2989 res
3114 2936 3439 3006 Gregorium
3502 2945 3675 2999 movit

2104 3035 2165 3081 ut
2193 3026 2333 3081 solio
2360 3035 2559 3096 sponte
2591 3041 2687 3081 sua
2717 3026 2954 3081 cederet.
2986 3027 3268 3084 Successit
3316 3031 3371 3085 in
3420 3018 3539 3103 ejus
3594 3036 3673 3089 lo-

2104 3132 2229 3172 cum
2253 3116 2545 3172 Nectarius
2587 3117 2809 3172 natione
2853 3118 3158 3182 Tarsensis,
3214 3122 3479 3193 dignitate
3521 3140 3665 3195 pra:-

2105 3216 2213 3271 tor,
2244 3207 2325 3261 vir
2351 3206 2672 3263 admiranda
2702 3208 2924 3277 quidem
2960 3209 3269 3265 innocentia
3301 3212 3426 3268 vita:
3476 3218 3674 3284 praedi-

2107 3310 2219 3368 tus,
2250 3316 2443 3357 verum
2494 3301 2565 3356 ad
2609 3301 2742 3356 illud
2791 3318 2965 3372 usque
3014 3313 3225 3374 tempus
3284 3306 3529 3361 nondum
3581 3309 3673 3361 ba-

441 3404 704 3471 ptizatus.
742 3398 842 3456 ilic
866 3412 996 3469 ergo
1018 3394 1306 3452 Nectarius
1339 3407 1402 3447 ex
1454 3392 1645 3448 ordine
1692 3390 1973 3446 senatorio
2013 3378 2261 3447 deiectus
2299 3391 2530 3447 antistes
2561 3389 2898 3461 designatur,
2930 3390 3285 3451 Macedonius
3325 3411 3455 3452 vero
3513 3412 3672 3453 exse-
3736 3412 3748 3423 ·

440 3484 703 3549 crationis
730 3492 1015 3547 sententia:
1028 3485 1347 3561 subjicitur.

524 3606 619 3658 Ἐκ
642 3601 1263 3663 Κωνσταντινουπόλεως
1294 3600 1388 3653 τοῦ
1434 3598 1670 3669 μεγάλου
1717 3595 2001 3650 Θεοδοσίου

441 3697 769 3766 ἀπαίροντος
805 3693 900 3747 ἐπὶ
924 3693 991 3747 τὰ
1021 3693 1175 3747 κάτω
1211 3692 1373 3763 μέρη,
1418 3691 1745 3761 στρατιῶται
1774 3691 1833 3743 ὲν
1868 3688 2004 3741 Θεσ·

444 3788 700 3857 σαλονίκῃ
732 3784 1067 3847 εἰσελθόντες
1130 3783 1218 3837 διά
1275 3798 1398 3835 τινα
1452 3780 1643 3851 χρείαν
1711 3777 2003 3849 ἁνταρσίαν

440 3882 726 3950 ἐποίησαν,
754 3877 839 3944 ἐφ’
863 3871 907 3947 ᾧ
934 3875 1271 3943 ἀντέστησαν
1291 3873 1341 3926 οἱ
1365 3872 1462 3941 τῆς
1479 3870 1686 3932 πόλεως
1712 3873 1806 3923 καὶ
1834 3868 2004 3929 λίθοις

443 3970 659 4024 ἓὸσλον.
695 3969 802 4024 Τοῦ
834 3968 964 4036 γοῦν
998 3966 1263 4035 βασιλέως
1294 3963 1555 4026 ζέσαντος
1579 3964 1672 4013 ἐπι
1698 3960 1907 4020 τούτοις
1929 3957 2006 4028 τῷ

443 4062 622 4132 θυμῷ,
663 4063 757 4117 καὶ
800 4059 879 4129 τῷ
911 4061 1092 4112 ἐκεῖσε
1123 4054 1486 4123 ἐπαρχεύοντι
1530 4053 1595 4105 τὰ
1637 4049 2006 4121 περὶτούτων

444 4152 876 4224 ἐπιτρέψαντος,
906 4149 1142 4220 χιλιάδες
1178 4145 1221 4210 ζ’
1252 4144 1620 4216 ἀνῃρέθησαν.
1651 4142 2007 4211 Διερχόμενος

442 4245 497 4297 δὲ
524 4245 551 4296 ὁ
585 4241 839 4313 βασιλεὺς
877 4244 956 4303 εἰς
991 4240 1088 4308 τὴν
1112 4238 1420 4305 ἐπισκοπὴν
1452 4234 1796 4288 Μεδιολὰνων
1826 4233 2007 4302 (πόλις

2176 3592 2338 3663 257
2367 3591 2504 3649 Cum
2542 3601 2728 3649 autem
2756 3593 3056 3666 aliquando
3084 3610 3313 3668 magnus
3350 3599 3453 3657 ille
3494 3600 3674 3660 Ἠιοσο

2106 3684 2299 3741 dosius
2329 3685 2484 3755 Cpoli
2509 3685 2803 3741 discedens
2830 3688 2900 3741 ad
2932 3698 3117 3757 partes
3157 3689 3415 3747 occiduas
3476 3709 3674 3765 perge-

2108 3786 2212 3839 ret,
2266 3777 2468 3831 accidit
2527 3786 2588 3833 ut
2638 3780 2966 3833 necessariae
3034 3779 3321 3848 cujusdam
3370 3784 3448 3837 rei
3513 3800 3676 3842 causa

2107 3865 2560 3922 Thessalonicam
2584 3868 2816 3936 ingressi
2836 3868 3051 3923 milites
3102 3869 3433 3926 seditionem
3488 3876 3679 3930 conci-

2106 3962 2310 4010 tarent.
2384 3955 2544 4010 lisse
2593 3955 2745 4009 cives
2824 3956 3201 4024 apponebant,
3282 3968 3340 4012 et
3398 3959 3677 4027 lapidibus

2107 4045 2313 4100 milites
2353 4045 2637 4113 petebant.
2686 4045 2768 4099 0b
2800 4047 2938 4100 hanc
2960 4061 3182 4100 causam
3216 4062 3342 4102 cum
3378 4048 3680 4116 imperator

2106 4137 2189 4192 ira
2219 4136 2585 4209 eﬂerhuisset,
2632 4137 2963 4192 conniveute
3011 4136 3248 4195 militum
3313 4141 3382 4194 ad
3429 4138 3676 4196 furorem

2108 4227 2216 4282 loci
2251 4236 2486 4296 praetore
2507 4236 2716 4297 septem
2752 4229 3037 4284 hominum
3072 4230 3242 4284 millia
3271 4240 3403 4286 sunt
3446 4231 3676 4288 interfe-

441 4336 496 4390 δέ
523 4334 754 4397 Ἰταλίας
790 4335 858 4391 τὰ
884 4328 1242 4400 Μεδιόλανα),
1267 4328 1330 4381 οὺ
1353 4325 1710 4414 συνεχωρήθη
1733 4324 1888 4391 παρὰ

2112 4325 2221 4371 cta.
2276 4317 2416 4372 liinc
2446 4319 2743 4387 imperator
2775 4320 2971 4375 itinere
2995 4320 3144 4375 facto
3198 4320 3568 4377 Mediolanum
3618 4335 3679 4379 ut

444 4427 723 4482 Θειοτάτου
747 4420 1078 4492 ’Δμόροσίου
1129 4420 1199 4488 τῇ
1239 4414 1539 4485 Ἐκκλησίᾳ
1585 4411 1859 4479 ἐπιϐῆναι,
1891 4409 2006 4462 ἀλλ’

444 4517 657 4587 ἔμεινεν
698 4513 1086 4583 ἀφωρισμένος
1131 4511 1309 4578 μῆνας
1346 4503 1418 4577 η’,
1454 4505 1550 4559 καὶ
1584 4504 1735 4573 μόλις
1778 4502 1869 4555 διὰ
1910 4503 2009 4571 τὴν

442 4607 534 4661 τοῦ
566 4604 804 4676 Χριστοῦ
830 4604 1090 4671 γέννησιν
1121 4598 1289 4668 ἐλύθη
1319 4614 1379 4651 τε
1409 4596 1518 4650 τῶν
1544 4594 1764 4661 δεσμῶν
1810 4594 1905 4644 καὶ
1930 4593 2011 4654 είς

444 4699 728 4753 κοινωνίαν
752 4695 969 4765 ἐδέχθη,
1003 4693 1276 4763 πρότερον
1318 4688 1391 4741 τὰ
1438 4687 1533 4741 τοῦ
1566 4684 1813 4738 λιὸέλλου
1849 4700 2011 4751 νομο-

445 4792 695 4859 θετήσας.
734 4790 893 4843 Ἀλλὰ
919 4787 1017 4839 καὶ
1055 4785 1112 4838 ἐν
1140 4783 1219 4852 τῷ
1259 4779 1638 4848 θυσιαστηρίῳ
1671 4776 1808 4846 μετὰ
1835 4777 2011 4830 ταῦτα

442 4881 707 4951 οΰμενουν
745 4880 1011 4934 εἰσελθεῖν
1046 4875 1404 4945 ἐνεχιυρεῖτοο
1440 4889 1459 4922 ι
1494 4868 1562 4922 Ἦ
1597 4868 1705 4938 γὰρ
1732 4867 2014 4937 ἁλουργὶς.

446 4975 577 5042 ἐφη,
632 4972 869 5043 βασιλεῖς
896 4970 958 5023 οὐ
993 4968 1101 5039 μὴν
1144 4967 1309 5035 ἱερεῖς
1340 4962 1505 5015 ποιεῖ.
1543 4978 1563 5013 ι
1596 4959 1758 5013 Ὅθεν
1788 4957 2015 5011 ἐπανελ-

444 5064 556 5117 θὼν
581 5065 611 5116 ὁ
640 5064 895 5134 βασιλεὺς
935 5063 1031 5114 καὶ
1054 5058 1209 5129 παρὰ
1236 5055 1331 5109 τοῦ
1374 5052 1684 5122 Νεκταρίου
1715 5049 2012 5120 ἐρωτηθεὶς

442 5156 511 5210 δι’
541 5157 607 5227 ἠν
634 5156 807 5209 αἰτίαν
832 5154 935 5206 οὐκ
959 5152 1269 5221 εἰσέρχεται
1297 5150 1355 5199 ἐν
1394 5146 1473 5213 τῷ
1501 5141 1893 5212 θυσιαστηρίῳ,
1935 5137 2010 5196 εἷ-

442 5260 545 5300 ·κεν
570 5264 583 5278 ·
626 5265 644 5298 ι
685 5241 775 5308 Εἷς
810 5245 1112 5304 ἐπίσκοπος
1145 5244 1174 5293 ὁ
1212 5236 1565 5308 Ἀμϐρόσιος.
1601 5253 1621 5286 ι

2112 4410 2384 4477 pervenit,
2420 4411 2614 4465 urbem
2644 4410 2830 4473 Italiae,
2859 4411 3241 4468 divinissimus
3283 4417 3515 4471 antistes
3560 4418 3680 4484 ejus

2112 4500 2266 4555 urbis
2307 4500 2630 4557 Ambrosius
2658 4502 2833 4557 vetuit
2867 4504 3158 4572 quominus
3181 4504 3465 4560 ecclesiam
3498 4506 3681 4575 ingre-

2114 4588 2361 4643 deretur.
2396 4590 2586 4660 Itaque
2617 4599 2910 4646 secretusa
2937 4600 3083 4647 metu
3109 4591 3547 4648 Christianorum
3589 4610 3685 4663 pu-

2114 4679 2262 4735 blico
2340 4689 2488 4736 totos
2538 4690 2664 4737 octo
2708 4696 2925 4738 menses
2997 4681 3122 4747 fuit,
3196 4684 3399 4753 vixque
3458 4695 3685 4755 pr0pler

2116 4771 2323 4827 Christi
2362 4772 2709 4828 nativitatem
2745 4772 2919 4829 sacris
2967 4775 3078 4828 illis
3111 4775 3351 4830 vinculis
3386 4786 3475 4831 est
3526 4778 3683 4833 solu-

2118 4876 2208 4921 tus
2235 4875 2293 4920 et
2322 4867 2376 4921 in
2416 4868 2863 4923 communionem
2901 4867 3198 4933 admissus,
3232 4868 3415 4925 libello
3445 4872 3683 4940 primum

2116 4959 2185 5013 de
2220 4957 2293 5013 50
2324 4958 2522 5014 diebus
2555 4958 2762 5013 dictato
2821 4968 2878 5014 et
2930 4957 3070 5027 legis
3104 4959 3212 5013 vim
3263 4961 3468 5017 habere
3511 4963 3684 5031 iusso.

2114 5048 2453 5125 Quinetiam
2476 5049 2790 5119 prohibitus
2822 5058 2908 5104 est
2941 5050 3137 5107 eodem
3193 5059 3443 5121 tempore
3493 5056 3564 5108 ab
3588 5070 3687 5110 eo-

2109 5140 2237 5195 dem
2270 5141 2586 5209 Ambrosio,
2618 5141 2919 5211 quominus
2969 5144 3025 5197 in
3069 5147 3376 5200 sacraﬂhm
3434 5148 3690 5217 ingrede-

2110 5242 2285 5296 retur,
2314 5247 2439 5288 cum
2468 5233 2739 5300 isdieeret
2766 5250 3064 5304 purpuram
3090 5241 3449 5307 imperatores
3481 5245 3681 5300 lucere,

443 5355 554 5394 non
584 5338 920 5393 sacerdotes.
955 5334 1075 5401 Quo
1111 5331 1317 5389 factum
1367 5336 1454 5384 est
1520 5333 1580 5404 ut
1624 5323 1836 5394 Cpolim
1887 5337 2142 5380 reversus
2184 5325 2505 5394 imperator,
2571 5336 2628 5380 et
2695 5344 2726 5381 a
2777 5327 3034 5383 Nectario
3114 5342 3333 5400 rogatus
3388 5346 3553 5399 quam
3615 5332 3687 5381 ob

445 5449 666 5491 causam
723 5429 1033 5488 sacrarium
1103 5440 1219 5482 non
1283 5423 1686 5499 ingrederetur,
1741 5419 1827 5474 his
1885 5425 2096 5473 tant-um
2136 5419 2322 5476 verbis
2380 5419 2788 5489 responderet:
2836 5441 2856 5474 ι
2925 5424 3076 5480 Unus
3124 5426 3415 5493 cpiscopus
3455 5424 3689 5476 Ambro~

444 5542 578 5585 slus.
609 5545 627 5577 ι

520 5643 651 5695 Ὅτε
683 5641 717 5711 ἡ
750 5641 858 5694 τῶν
892 5642 947 5692 ἐν
964 5638 1263 5709 Ἀντιοχείᾳ
1301 5632 1630 5702 ἀνδριάντων
1665 5629 2015 5701 καταστροφὴ

736 5743 983 5800 Parum.
1047 5742 1161 5795 (in.
1203 5732 1467 5797 CLVHI.

2189 5626 2460 5682 Caeterum
2489 5639 2605 5695 quo
2632 5634 2877 5696 tempore
2907 5642 2935 5679 a
2970 5627 3169 5694 populo
3208 5625 3546 5679 Antiocbcm)
3584 5628 3685 5683 inv

3214 5725 3289 5781 1'6
