4154 6200
508 293 605 364 ΕΕἹ

1767 296 2191 360 MICHAELIS
2229 291 2493 359 GLYCJE

3620 296 3731 361 488

503 422 625 462 rum
655 405 879 463 secludo
902 412 957 459 et
987 416 1166 458 arceo.
1187 403 1457 458 Praeterea
1483 402 1710 460 clericos
1733 419 1942 471 omnes,
1973 407 2059 476 qui

2169 408 2237 460 τὰ
2264 406 2404 460 κατὰ
2438 407 2666 476 ἄγνοιαν
2700 407 2961 477 γινόμενα
2977 404 3101 460 οὔτε
3130 406 3262 471 Θεὸς
3302 402 3425 461 οὔτε
3451 407 3607 476 νόμοι
3635 425 3730 461 κο·

504 515 567 555 ea
599 497 877 553 vobiscum
915 495 1045 549 'ausi
1077 493 1283 549 iuerint
1310 495 1379 549 ab
1407 509 1475 549 eo
1492 504 1734 565 tempore
1757 499 2058 552 communi-

499 604 627 645 care
653 601 763 658 quo
786 584 1188 654 colligationem
1208 592 1265 638 et
1300 584 1578 639 vinculum
1626 586 1730 640 hoc
1758 601 1938 641 meum
1974 601 2061 642 re-

503 677 799 741 sciveritis,
846 676 1042 732 ordine
1075 690 1291 731 moveo.
1328 675 1700 733 Consimiliter
1740 678 2056 744 Arsacium,

498 783 658 839 quem
708 768 764 822 in
795 767 992 822 solium
1032 767 1381 837 episcopatus
1429 767 1554 822 loco
1598 769 1779 839 magni
1833 768 2059 826 Joannis

424 924 427 925 ν
499 862 648 915 illius
684 856 1069 922 substituistis,
1100 856 1267 912 etiam
1314 866 1438 927 post
1466 867 1703 914 mortem
1730 852 1857 914 cum
1882 860 2061 915 omni-

498 952 603 1007 bus
640 950 735 1020 Qui
757 964 888 1006 eum
922 949 1049 1019 ipso
1075 949 1471 1004 commercium
1517 949 1831 1006 habuerunt
1867 951 2061 1008 ordine

499 1057 802 1107 movemus,
836 1057 973 1097 neve
1003 1041 1378 1111 perscribatur
1406 1041 1527 1110 ejus
1572 1050 1770 1097 numen
1802 1044 1976 1099 sacris
2002 1044 2058 1099 in

501 1134 704 1189 tabulis
732 1140 1003 1187 vetamus.
1024 1130 1147 1187 “Hoc
1172 1131 1317 1186 enim
1352 1132 1608 1202 indignus
1627 1141 1711 1188 est
1739 1134 1967 1199 honore,
2001 1139 2062 1189 ut

493 1225 593 1294 qui
613 1222 987 1293 episcopatum
1025 1220 1294 1277 adulterio
1326 1223 1480 1291 Quasi
1500 1223 1808 1279 commisso
1850 1223 2061 1293 pollue-

498 1316 590 1369 rits
622 1317 799 1383 Atque
822 1312 951 1367 huic
979 1321 1180 1367 nostra:
1205 1312 1273 1366 de
1297 1313 1382 1366 his
1407 1308 1602 1368 ordine
1634 1313 1920 1369 movendis
1936 1330 2061 1369 sun-

466 1408 684 1465 tentia;
729 1406 1020 1476 Theophili
1073 1406 1529 1476 segregationem,
1584 1408 2060 1472 exsecrationem,

494 1500 799 1554 absolutam
825 1497 1067 1567 denique
1090 1496 1527 1552 Christianorum
1548 1514 1578 1552 a
1608 1507 1753 1554 cmtu
1788 1499 2060 1554 exclusio-

495 1605 621 1645 nem
657 1589 1027 1660 adiungimus.
1062 1607 1083 1640 ι
1108 1588 1255 1653 Quas
1283 1588 1491 1643 litteras
1520 1590 1610 1644 ubi
1642 1591 1859 1645 recitari
1891 1592 2062 1645 Arca-

497 1683 624 1738 dius
654 1682 973 1747 audivisset,
1001 1680 1057 1734 in
1080 1680 1196 1735 haec
1226 1681 1390 1735 verba
1417 1682 1735 1736 Innocentio
1760 1666 2059 1753 rescripsit:

2168 498 2422 561 λάζουσιν
2449 515 2464 529 ’
2491 499 2606 552 ἀλλ’
2634 499 2754 552 οὐδέ
2782 515 2862 561 τις
2895 499 3034 569 ὑπὲρ
3064 499 3252 569 ἐτέρου
3293 499 3447 569 δίκην
3472 501 3733 568 εἰσπράτ-

2164 607 2340 644 τεται.
2388 589 2555 643 Ὅθεν
2580 589 2754 644 ταῦτα
2784 591 3043 660 γέγραφα
3074 591 3437 661 πληροφορῶν
3474 594 3576 663 τὴν
3598 592 3731 663 ὑμε-

2165 682 2328 753 τέραν
2366 682 2649 753 πραότητα
2712 681 2790 746 ὡς
2832 683 3340 753 ἐπιμαρτυροῦντος
3394 684 3487 736 τοῦ
3539 683 3728 752 φιλαν-

2167 772 2390 844 θρώπου
2420 771 2556 826 Θεοῦ
2618 773 2719 827 οὐκ
2776 772 2946 843 ἔγνων
2977 791 3029 826 τι
3077 774 3188 828 τῶν
3237 773 3563 843 συμϐάντων
3616 776 3729 835 τοῖς
3806 812 3811 815 -
3880 775 3893 785 ’

2165 865 2455 936 ἡμετέροις
2496 863 2817 926 ἐπισκόποις
2881 865 2978 919 καὶ
3036 863 3343 935 κληρικοῐς,
3385 863 3503 917 ἀλλ’
3552 862 3727 926 ἀθῶὁς

2166 951 2284 1020 εἰμι
2312 949 2407 1003 τοῦ
2437 948 2711 1020 κρίματος
2739 949 2922 1004 αὐτῶν
2945 964 2961 980 ”
2992 950 3040 1005 εί
3072 952 3180 1023 γὰρ
3233 952 3385 1022 ἢμην
3448 951 3727 1021 συμμέτοο

2165 1041 2470 1112 χοςναὺτῶν
2507 1042 2589 1106 είς
2617 1040 2799 1107 τοῦτο,
2847 1043 2948 1096 οὐκ
2987 1037 3133 1112 εϊχον
3177 1042 3401 1104 τούτους
3453 1042 3727 1096 κακῶσαι.

2164 1131 2304 1202 Περὶ
2329 1131 2384 1185 δὲ
2406 1132 2507 1203 τῆς
2540 1132 2641 1201 σῆς
2664 1130 2940 1203 θυγατρὸς
2980 1132 3237 1198 Εύδοξίας
3270 1128 3441 1202 γνῶθι
3500 1133 3585 1185 ὅτι
3632 1132 3733 1185 καὶ

2166 1224 2306 1294 αὐτῇ
2337 1222 2701 1277 ἀνταπέδωκα
2741 1224 2884 1277 κατὰ
2912 1223 2973 1276 τὺ
2999 1224 3225 1294 σφάλμα
3280 1224 3455 1293 αὐτῆς
3508 1224 3567 1275 οὐ
3631 1240 3729 1291 με.

2165 1313 2358 1384 τρίως,
2389 1313 2467 1378 ὡς
2497 1316 2560 1367 ἐκ
2603 1315 2704 1384 τῆς
2758 1314 3017 1385 τοιαύτης
3054 1314 3231 1386 λύπης
3283 1315 3375 1368 καὶ
3407 1313 3635 1383 θλίψεως
3671 1315 3730 1365 ἑν

2167 1405 2454 1477 ἀρρωστίᾳ
2487 1406 2765 1483 βαρυτάτῃ
2788 1408 3148 1462 κατακεῖσθαι
3180 1408 3371 1477 αὐτήν.
3420 1405 3728 1476 Παρακαλῶ

2165 1494 2355 1548 λοιπὸν
2385 1497 2473 1549 ἵνα
2503 1496 2598 1549 τοῦ
2620 1494 2933 1566 ἀφορισμοῦ
2982 1496 3154 1568 λύσῃς
3204 1497 3354 1567 ἡμᾶς
3399 1496 3494 1549 καὶ
3530 1495 3605 1566 μὴ
3640 1499 3731 1547 ἐκ·

2165 1586 2398 1661 δικήσῃς
2434 1586 2747 1658 πολλαχῶς·
2776 1589 2836 1641 οὐ
2872 1589 2983 1661 γὰρ
3026 1587 3256 1652 πατάξει
3287 1587 3489 1658 Κύριος
3520 1587 3603 1651 δὶς
3634 1588 3727 1639 ἐπὶ

2165 1679 2229 1733 τὸ
2281 1679 2433 1734 αὑτό.
2477 1697 2497 1731 ι
2554 1680 2698 1750 Πρὸς
2741 1679 2916 1734 ταῦτα
2971 1680 3065 1734 καὶ
3103 1681 3265 1735 πάλιν
3298 1676 3675 1757 ¹ἸννοοιιΞντιπ
3707 1688 3724 1711 υ

498 1793 523 1828 ι
558 1774 774 1829 Norunt
821 1787 1016 1828 omnes
1048 1772 1309 1839 homines
1354 1773 1556 1828 mentis
1597 1784 1878 1844 compotes
1914 1790 2059 1829 com-

2172 1790 2191 1823 ι
2234 1771 2611 1843 Ἀπεδεξάμην
2668 1772 2824 1843 ὑμῶν
2908 1771 3007 1843 τὴν
3065 1772 3213 1827 κατὰ
3273 1771 3409 1826 Θεὸν
3470 1766 3726 1841 σπουδὴν,

494 1865 661 1919 inissa
691 1877 789 1933 per
811 1861 1209 1933 ignorationem
1235 1875 1338 1916 nec
1366 1860 1629 1917 divinitus
1661 1877 1763 1917 nec
1788 1877 1886 1932 per
1913 1862 2063 1934 leges

495 1955 699 2027 puniri,
727 1968 907 2023 neque
924 1953 1061 2008 adeo
1085 1967 1414 2023 quemquam
1434 1953 1659 2008 alterius
1676 1956 1895 2008 nomine
1919 1969 2052 2025 sup-

494 2047 715 2119 plicium
734 2047 908 2104 luere.
936 2045 1099 2118 260
1112 2044 1269 2111 Quod
1292 2044 1511 2115 quidem
1543 2055 1829 2115 propterea
1845 2046 2060 2115 scripsi,

493 2149 555 2193 ut
587 2137 1063 2193 mansuetudinem
1101 2144 1250 2189 tuam
1286 2144 1493 2189 certam
1529 2133 1813 2189 redderem
1853 2149 1952 2188 nos
1984 2134 2065 2189 ni-

494 2228 571 2282 hil
601 2241 793 2281 eorum
826 2225 1110 2295 cognitum
1141 2223 1397 2279 habuisse
1430 2238 1553 2293 quae
1608 2223 1816 2277 nostris
1846 2222 2064 2277 antisti-

2166 1863 2344 1934 ἥνπερ
2371 1863 2460 1917 διὰ
2490 1864 2551 1917 τὸ
2578 1864 2749 1936 ὄνομα
2786 1865 2952 1919 αὑτοῦ
3004 1865 3376 1930 ἀνεδείξασθε.
3409 1863 3575 1918 Ὅθεν
3622 1864 3729 1915 τῶν

2169 1955 2330 2025 ιερῶν
2354 1955 2570 2026 δεσμῶν
2593 1955 2878 2021 ἀνεθέντες
2915 1959 2977 2011 ἐν
3003 1958 3118 2022 τοῖς
3147 1957 3493 2019 δεσποτικοίς
3518 1954 3725 2025 συμῦόι-

2169 2045 2282 2109 λοις
2321 2046 2647 2118 προσέλθετε
2671 2048 2996 2119 ἐρρωμένοι.
3042 2065 3064 2100 r
3118 2047 3303 2116 Ταύτῃ
3359 2063 3442 2099 τοι
3483 2046 3577 2099 καὶ
3638 2044 3727 2097 διὰ

2173 2136 2459 2207 φροντίδος
2485 2139 2513 2190 ό
2543 2137 2827 2209 ’Δρκόιδιος
2854 2140 3092 2192 ποιεῖται
3119 2136 3218 2208 τὴν
3250 2135 3345 2190 τοῦ
3405 2134 3560 2203 ἁγίου
3595 2137 3727 2205 πρ⁷ις

2170 2225 2270 2296 τὴν
2298 2226 2659 2297 μεγαλόπολιν
2688 2228 2973 2285 ἐπάνοδον.
3613 2226 3618 2230 ’

493 2324 643 2379 tibus
671 2330 729 2378 et
758 2322 977 2377 clericis
1002 2318 1344 2385 acciderunt,
1377 2318 1533 2389 cujus
1568 2318 1647 2372 rei
1680 2327 1872 2372 testem
1940 2318 2238 2390 benignum
2305 2320 2459 2376 illum
2491 2322 2662 2377 Deum
2727 2322 3109 2394 imploramus.
3163 2322 3429 2379 Nimirum
3461 2335 3636 2391 purus
3673 2328 3728 2373 et

493 2417 757 2471 innocens
783 2426 927 2478 sum,
993 2411 1141 2481 quod
1207 2410 1451 2481 ipsorum
1486 2409 2002 2465 condemnationem
2073 2410 2300 2479 attinet;
2352 2413 2554 2483 quippe
2599 2426 2723 2467 cum
2776 2429 2971 2469 eorum
3018 2413 3402 2470 communione
3428 2414 3530 2468 sim
3572 2424 3727 2473 usus,

491 2525 671 2567 causa
700 2508 836 2564 nihil
873 2514 993 2565 erat
1023 2503 1380 2576 quamobrem
1443 2516 1542 2557 eos
1594 2502 1914 2573 amigerem.
1979 2501 2133 2567 Quod
2166 2514 2346 2561 autem
2380 2507 2577 2561 attinet
2617 2504 2782 2558 tiliam
2822 2514 2970 2561 tuam
3003 2506 3325 2572 Endoxiam,
3356 2506 3494 2561 scito
3534 2518 3619 2558 me
3650 2501 3729 2555 illi

493 2619 685 2675 parum
712 2601 1109 2670 moderatepro
1133 2597 1345 2653 ratione
1371 2595 1555 2651 delicti
1584 2594 1890 2650 mercedem
1957 2596 2233 2653 retulisse.
2297 2599 2424 2664 Quo
2459 2613 2589 2656 sane
2631 2599 2837 2656 factum
2874 2610 2959 2657 est
3020 2610 3079 2669 ut
3125 2618 3193 2656 ex
3256 2617 3323 2656 eo
3372 2613 3605 2657 mmrore
3664 2612 3729 2650 ac

491 2698 743 2771 angustia
771 2694 977 2751 difficili
1000 2692 1439 2763 gravissimaque
1468 2699 1721 2760 correpta
1740 2689 2061 2761 aegritudine
2102 2689 2413 2748 decumbat.
2450 2692 2651 2763 igitur,
2679 2695 2824 2764 quod
2888 2704 3164 2766 superest,
3196 2694 3358 2750 enixe
3389 2703 3445 2750 te
3496 2692 3731 2746 obsecro

492 2803 553 2847 ut
584 2805 685 2846 nos
719 2803 750 2843 a
781 2788 1152 2859 segregatione
1206 2783 1408 2840 liberes
1438 2798 1535 2839 nec
1569 2782 1947 2854 multipliciter
1975 2786 2207 2855 punias;
2244 2802 2345 2841 nec
2394 2789 2541 2843 enim
2573 2788 2691 2859 ipse
2706 2788 2975 2844 Dominus
3036 2787 3180 2844 idem
3207 2787 3277 2843 ob
3336 2787 3596 2842 delictum
3640 2785 3729 2839 bis

491 2886 769 2944 hominem
801 2883 1058 2955 percutit.
1099 2901 1117 2936 ι
1153 2881 1234 2937 Ad
1304 2882 1470 2939 hasce
1530 2882 1740 2937 litteras
1778 2882 2129 2939 innocentius
2167 2883 2221 2938 in
2249 2883 2397 2941 hunc
2424 2885 2642 2940 modum
2676 2885 2961 2956 respondit
2993 2904 3007 2941 :
3050 2883 3329 2940 «Studium
3357 2883 3724 2954 diligentiam‘

490 2995 602 3052 que
633 2986 868 3034 vestram
897 2976 994 3033 Dei
1032 2976 1351 3048 praescripto
1385 2984 1441 3031 et
1471 2976 1738 3031 voluntati
1802 2985 2252 3042 consentaneam,
2306 2993 2469 3048 quam
2530 2988 2755 3049 propter
2812 2980 2986 3050 ipsius
3041 2994 3239 3034 nomen
3270 2977 3606 3043 declarastis,
3635 2990 3726 3029 ac-

490 3074 739 3145 cepimus
782 3081 838 3127 et
881 3071 1256 3142 probavimus.
1324 3069 1669 3141 Quapropter
1729 3070 1906 3125 sacris
1967 3085 1996 3124 a
2027 3070 2263 3126 vinculis
2295 3073 2459 3128 soluti
2502 3073 2570 3129 ad
2635 3075 2791 3145 signa
2824 3075 3104 3131 Dominica
3145 3073 3482 3131 conﬁrmatis
3525 3073 3724 3126 animis

488 3166 756 3221 aciedite.
797 3182 815 3216 ι
857 3160 1008 3217 lianc
1075 3162 1147 3218 ob
1174 3176 1395 3217 causam
1429 3161 1663 3217 sollicite
1706 3159 1946 3233 cogitare
2015 3162 2185 3233 cmpit
2237 3163 2505 3222 Arcadius
2547 3180 2657 3240 quo
2723 3174 2882 3240 pacto
2927 3167 3106 3223 virum
3165 3176 3414 3223 sanctum
3474 3178 3722 3235 magnam

490 3258 635 3312 hanc
674 3256 730 3310 in
761 3253 952 3308 urbem
980 3250 1291 3310 reduceret.
3754 3260 3773 3269 κ

558 3424 753 3478 Rebus
786 3426 980 3471 autem
1013 3412 1273 3490 humanis
1309 3422 1564 3483 exempto
1611 3412 1881 3481 Arcadio,
1922 3413 2059 3469 titius

2242 3413 2399 3469 Μετὰ
2427 3412 2484 3468 δὲ
2516 3411 2807 3485 Ἀρκάόιον
2861 3415 3181 3470 ἐϐασίλευσε
3220 3416 3498 3484 Θεοδόσιος
3526 3424 3555 3476 ό
3612 3425 3721 3487 υἱὸς

487 3517 608 3588 eius
653 3508 1023 3575 Theodosius,
1048 3508 1142 3579 qui
1182 3507 1248 3563 ab
1295 3504 1567 3576 elegantia
1607 3505 1923 3575 scripturae,
1955 3520 2059 3574 qua

2164 3505 2358 3573 αὑτοῦ,
2384 3507 2413 3560 ὁ
2436 3507 2533 3559 καὶ
2564 3506 2974 3578 Καλλιγράφος,
3002 3507 3096 3578 In]
3132 3508 3243 3579 μβ’.
3268 3503 3437 3574 Οὗτος
3493 3514 3725 3579 ἐξελθὼν

489 3606 859 3680 pulcherrime
898 3603 1068 3658 libros
1115 3597 1397 3667 exarabat,
1428 3596 1807 3668 Cailigraphus
1846 3611 2059 3650 nuncu-

2164 3595 2504 3665 ίππασθῆναι
2532 3598 2627 3650 καὶ
2682 3594 2982 3667 συμπεσὼν
3008 3598 3086 3669 τῷ
3135 3599 3289 3670 ἵππῳ
3325 3602 3417 3656 τὸν
3455 3603 3569 3674 βίον
3632 3623 3721 3659 τεο

490 3709 649 3771 patus
670 3698 812 3763 fuit,
864 3708 1051 3750 annos
1089 3693 1160 3749 53
1210 3689 1522 3761 imperavit.
1571 3687 1709 3744 Cum
1752 3701 1896 3757 equo
1931 3701 2059 3741 con-

2163 3687 2349 3759 λευτᾷ.
2385 3683 2555 3753 Οὗτος
2589 3690 2679 3743 τὸν
2712 3692 2770 3755 ὲν
2796 3691 2909 3754 τοῖς
2936 3691 3412 3763 Χαλκοπρατείοις
3464 3700 3563 3768 τῆς
3590 3698 3723 3752 Θεο-

486 3804 683 3850 scenso
698 3786 1056 3859 profecturus
1084 3784 1268 3856 aliquo
1292 3782 1453 3846 foret,
1472 3795 1579 3835 una
1600 3795 1723 3835 cum
1759 3780 1876 3848 ipso
1901 3778 2059 3833 colla-

2163 3777 2322 3831 τόκου
2362 3778 2488 3832 ναὸν
2520 3780 2727 3845 ἔκτισε,
2758 3781 3031 3851 πρότερον
3065 3782 3195 3838 ὄντα
3229 3788 3550 3858 συναγωγὴν
3588 3790 3723 3842 ἰουο

491 3897 623 3954 psus
669 3893 814 3950 equo
844 3878 1067 3947 fatoque
1102 3874 1323 3930 iunctus
1361 3882 1467 3929 est.
1513 3872 1758 3941 Deipara:
1799 3869 2060 3939 templum

412 3980 417 3985 ’
487 3975 545 4029 in
586 3968 985 4041 Chaicopratiis
1012 3966 1300 4031 exstruxit,
1327 3963 1474 4034 quod
1506 3971 1664 4017 antea
1686 3960 1973 4031 collegium
2005 3968 2061 4013 et

484 4061 927 4121 conventiculum
946 4058 1261 4113 Iudaeorum
1284 4064 1424 4111 erat.
1447 4054 1643 4110 Itidem
1665 4051 1820 4107 urbis
1840 4066 2059 4105 murum

484 4154 705 4225 longius
742 4149 1032 4205 extendit.
1084 4147 1281 4218 ingens
1322 4146 1427 4201 sub
1482 4144 1602 4214 ipso
1663 4152 1823 4197 terrae
1879 4150 2060 4196 motus

485 4244 721 4309 exstitit,
759 4246 951 4311 quoet
981 4237 1127 4292 muri
1158 4244 1215 4291 et
1242 4249 1435 4305 magna
1468 4247 1593 4303 pars
1621 4231 1773 4286 urbis
1802 4245 2056 4285 corrrne-

487 4344 638 4401 runt,
672 4334 898 4387 durante
926 4344 1024 4400 per
1050 4342 1269 4384 omnem
1296 4327 1538 4382 vicinum
1570 4339 1761 4395 agrum
1800 4323 1902 4377 hac
1929 4336 2058 4377 suc-

487 4425 744 4481 cussionc
795 4420 897 4476 soli
928 4427 1072 4474 totos
1098 4427 1210 4473 tres
1250 4429 1488 4472 menses.
1522 4413 1711 4482 itaque
1751 4408 2060 4481 patriarcha

490 4513 684 4567 Proeto
740 4518 797 4566 et
847 4510 1182 4579 imperatore
1234 4503 1579 4560 discalceatis
1634 4498 2061 4571 supplicationes

489 4600 922 4667 instituentibus,
957 4599 1161 4655 accidit
1189 4606 1249 4651 ut
1280 4610 1417 4666 puer
1456 4594 1679 4663 quidam
1714 4592 2060 4660 abriperetur

487 4694 543 4748 in
588 4708 713 4748 aera
743 4701 799 4747 et
838 4692 1112 4745 rationem
1145 4686 1333 4758 hymni
1364 4685 1691 4739 sanctissimi
1732 4679 2058 4736 concinendi

2161 3868 2346 3923 δαίων.
2387 3869 2551 3923 Ἀλλᾶ
2595 3872 2691 3924 καὶ
2722 3870 2784 3923 τὸ
2812 3873 2991 3941 τεῖχος
3021 3872 3123 3943 τῆς
3172 3874 3380 3940 πόλεως
3410 3880 3719 3947 παρεξέῦα-

2160 3959 2269 4014 λεν.
2313 3959 2432 4027 Ἐφ’
2468 3975 2531 4011 on
2568 3960 2789 4030 σεισμὸς
2818 3961 2993 4029 μέγας
3019 3965 3254 4033 ἐγένετο,
3282 3966 3423 4019 ὥστε
3446 3973 3629 4022 πεσεῖν
3658 3972 3725 4022 τὰ

2160 4051 2316 4118 τείχη
2336 4052 2430 4118 τῆς
2453 4050 2661 4113 πόλεως
2685 4054 2779 4104 καὶ
2811 4050 2945 4106 πολὺ
2978 4053 3145 4122 μέρος
3169 4056 3236 4107 αὐ
3248 4057 3363 4125 τῆς.
3399 4056 3724 4128 Ἐπεκράτει

2160 4140 2218 4194 δὲ
2260 4143 2288 4193 ό
2332 4141 2557 4211 σεισμὸς
2596 4145 2693 4195 καὶ
2732 4144 2874 4198 κατὰ
2905 4144 3087 4200 πᾶσαν
3121 4144 3304 4215 χώραν
3348 4148 3524 4218 μῆνας
3551 4152 3721 4218 τρεῖς.

2161 4231 2296 4287 Τότε
2330 4232 2400 4303 δὴ
2437 4233 2558 4286 τότε
2604 4230 2699 4287 τοῦ
2730 4235 3370 4307 πατριάρχουΠρόκλω
3409 4241 3504 4293 καὶ
3557 4241 3725 4294 αὑτοῦ

2159 4322 2254 4376 τοῦ
2280 4322 2544 4392 βασιλέως
2571 4324 2915 4380 ἀνυποδέτων
2938 4326 3349 4395 λιτανευόντων,
3379 4331 3578 4403 συνέϐη
3604 4349 3729 4387 παι-

2158 4414 2271 4469 δίον
2305 4414 2624 4485 ἁρπαγῆναι
2652 4418 2743 4471 καὶ
2784 4416 2878 4471 τδν
2908 4419 3188 4489 τρισάγιον
3224 4420 3393 4490 ὕμνον
3430 4423 3726 4494 μυηθῆναι,

2163 4503 2261 4556 καὶ
2290 4502 2436 4555 οὕτω
2470 4502 2569 4574 τὴν
2622 4503 2773 4559 Θείαν
2805 4506 3000 4575 στῆναι
3029 4506 3218 4577 ὀργήν.
3266 4508 3401 4563 Τότε
3452 4511 3548 4564 καὶ
3592 4512 3728 4564 Ἰου-

2160 4590 2308 4653 δαῖος
2333 4591 2645 4662 παράλυτος
2677 4592 3001 4662 βαπτισθεὶς
3023 4594 3181 4666 ὑγιὴς
3204 4596 3424 4667 εὑρέθη.
3459 4597 3519 4651 '0
3541 4600 3727 4667 μέντοι

2161 4680 2487 4750 διαληφθεὶς
2521 4685 2870 4756 πατριάρχης
2909 4685 3153 4755 Πρόκλος
3185 4688 3242 4741 ἐν
3286 4687 3515 4760 Κυζίκῳ
3545 4705 3730 4759 χειρο-

483 4784 848 4845 edoceretur;
887 4794 998 4848 quo
1038 4778 1183 4831 facto
1226 4776 1307 4830 ira
1355 4774 1539 4827 divina
1576 4772 1760 4827 sedata
1797 4771 1920 4825 iuit.
1955 4772 2059 4825 Eo-

2163 4774 2405 4826 τονεῐται
2442 4775 2708 4843 πρότερον
2740 4775 2835 4829 καὶ
2879 4776 2954 4846 μὴ
2982 4777 3191 4847 δεχθεὶς
3224 4780 3379 4850 παρὰ
3408 4779 3516 4834 τῶν
3543 4782 3728 4834 ἐκεῖσε

484 4883 611 4929 dem
669 4881 916 4939 tempore
971 4869 1108 4924 «Ιυὼ
1128 4882 1194 4922 us
1248 4868 1469 4937 quidam
1530 4865 1884 4936 paralyticus,
1928 4877 2055 4917 eum

487 4968 794 5032 baptizatus
842 4970 1009 5026 esset,
1060 4961 1346 5015 sanitatem
1398 4959 1646 5029 corporis
1690 4954 2056 5024 recuperavit.

487 5054 711 5109 Procius
764 5052 853 5108 ille
906 5051 1258 5121 patriarcha,
1296 5050 1453 5119 cujus
1503 5046 1666 5103 modo
1720 5045 2058 5099 mentionem

487 5145 851 5211 iaciebamus,
876 5144 1057 5215 Cyzici
1084 5146 1318 5213 primum
1345 5142 1637 5213 episcopus
1663 5147 1782 5194 erat
1810 5137 2059 5207 designa-

488 5248 611 5305 tus;
653 5239 816 5310 cujus
858 5239 928 5291 ab
963 5237 1118 5290 urbis
1167 5236 1381 5291 civibus
1426 5249 1537 5289 non
1569 5231 1841 5287 admissus
1871 5228 2057 5298 Cpolis

486 5330 658 5385 laetus
675 5336 760 5384 est
786 5332 1038 5383 antistes.
1056 5326 1274 5381 Exstitit
1298 5326 1383 5399 his
1398 5326 1535 5395 ipsis
1561 5323 1944 5392 annisjmpius
1966 5321 2058 5375 ille

488 5420 792 5487 Nestorius,
821 5418 967 5491 quod
991 5433 1119 5474 cum
1145 5418 1269 5473 aliis
1287 5434 1382 5475 sex
1408 5417 1682 5490 opinionis
1714 5414 2061 5471 consortibus

486 5514 753 5569 aiebatse
800 5510 972 5567 duum
1005 5510 1240 5566 triumve
1288 5510 1560 5567 mensium
1610 5508 1780 5563 Deum
1827 5505 2063 5576 probare

2164 4867 2556 4934 χειροτονεῖται
2612 4864 2868 4919 ἐνταῦθα.
2910 4865 2969 4919 '0
3015 4866 3073 4919 δὲ
3124 4868 3392 4938 δυσσεϐὴς
3435 4869 3728 4939 Νεστόριος

2165 4956 2262 5008 σὺν
2294 4953 2353 5021 ἓξ
2405 4954 2703 5025 όμόφροσιν
2734 4954 2898 5009 αὐτοῦ
2946 4955 3133 5025 ἔλεγεν
3187 4958 3271 5011 ὃτι
3308 4960 3603 5029 Διμηναῐον
3631 4961 3729 5014 καὶ

2163 5047 2490 5115 τριμηναῐον
2518 5047 2581 5099 οὐ
2630 5046 2863 5115 δύναμαι
2921 5049 3103 5115 λέγειν
3141 5050 3296 5105 Θεόν.
3335 5050 3589 5121 Ἰωάννης
3612 5049 3671 5103 δὲ
3699 5052 3727 5102 ὸ

2176 5135 2507 5205 Ἀντιοχείας
2541 5135 2679 5205 μετὰ
2700 5137 2799 5208 τὴν
2822 5136 2917 5191 τοῦ
2949 5138 3250 5209 Νεστορίου
3284 5141 3726 5211 καθαίρεσινκα-

2162 5226 2436 5292 ταλαὸὼν,
2478 5226 2574 5280 καὶ
2605 5226 2869 5297 λυπηθεὶς
2904 5229 2987 5282 ὅτι
3032 5230 3206 5301 χωρὶς
3235 5229 3399 5285 αὐτοῦ
3443 5229 3725 5304 καθῃρέθη

2164 5317 2483 5388 Νεστόριος,
2516 5318 2849 5389 παραλαϐὼν
2878 5322 3003 5385 τοὺς
3054 5322 3154 5375 σὺν
3189 5322 3337 5392 αὐτῷ
3370 5323 3724 5388 ἐπισκόπους,

2166 5413 2222 5464 ὲν
2251 5405 2330 5473 οἷς
2362 5411 2459 5463 καὶ
2483 5409 2827 5482 Θεοδώρητος
2857 5411 3041 5482 Κύρου
3081 5413 3175 5465 καὶ
3208 5412 3359 5477 Ἴδας
3384 5411 3413 5462 ὁ
3448 5412 3723 5482 Ἐδέσσης,

2171 5496 2492 5572 καθαίρεσιν
2515 5500 2847 5571 ὑπαγορεύει
2871 5502 2968 5556 τοῦ
3005 5503 3241 5573 μεγάλου
3269 5503 3563 5573 Κυρίλλου.

487 5620 595 5657 non
625 5616 807 5673 posse.
860 5600 959 5657 llic
1025 5602 1307 5659 Nestorius
1356 5617 1479 5656 cum
1520 5601 1630 5672 jam
1687 5597 1880 5654 ordine
1932 5609 2089 5650 sacro
2127 5592 2323 5648 luisset
2369 5601 2573 5656 motus,
2626 5590 2863 5648 Joannes
2908 5593 3289 5650 Antiochenus
3329 5595 3622 5664 cpiscopus
3656 5593 3723 5647 ad

490 5693 782 5750 conicilium
840 5694 1012 5760 venit,
1065 5695 1416 5767 graviterque
1446 5692 1689 5749 oilensus
1720 5689 1865 5760 quod
1899 5689 2105 5757 absque
2143 5685 2468 5741 auctoritate
2513 5699 2610 5740 sua
2666 5684 2950 5743 Nestorins
2979 5686 3174 5743 ordine
3222 5686 3467 5756 dcjcctus
3508 5684 3700 5741 luisset
