4154 6200
438 295 541 359 439
982 284 983 287 ‘
1655 312 2054 377 ANNALIUM
2105 318 2294 379 rans
2336 304 2453 381 1v;

438 412 713 479 adjunctts
759 413 861 469 sibi
902 402 1229 486 quibusdam
1289 421 1585 493 episcopis,
1625 440 1765 495 quos
1816 442 2004 483 secum
2044 429 2282 485 habebat
2316 424 2554 501 261m
2593 427 2645 482 in
2698 428 2766 484 iis
2797 428 3147 485 Theodoreto
3209 428 3460 499 Cyrensi,
3491 432 3665 489 Edes-

437 518 572 556 scno
599 502 713 568 ilia,
746 520 1002 575 magnum
1034 507 1183 564 illum
1213 508 1473 581 Cyrillum
1504 513 1627 570 loco
1665 517 1995 573 movendum
2031 520 2372 590 pronuntiat.

516 620 583 674 Ἥ
614 620 706 673 τοῦ
742 621 1011 691 βασιλέως
1043 625 1251 699 ἀδελφὴ
1283 632 1589 702 Πουλχερία
1613 634 1799 689 λαϐεῖν
1830 636 1998 708 ἄνδρα

2175 638 2375 693 Habuit
2415 637 2758 692 Theodosius
2804 637 3098 708 imperator
3139 653 3385 695 sororem
3433 643 3666 699 Pulche-

438 716 538 767 οὐκ
578 715 862 786 ἠθέλησεν,
899 718 1035 772 ἀλλὰ
1068 720 1165 792 τὴν
1198 722 1394 794 ἑαυτῆς
1435 728 1733 795 παρθενίαν
1763 734 1830 801 τῇ
1866 731 1998 785 Θεο-

438 806 582 876 τόκῳ
614 807 856 863 ἀνέθετο.
904 809 1053 881 Αὕτη
1121 814 1215 866 καὶ
1255 814 1345 868 τὸν
1390 817 1447 869 ἐν
1493 818 1826 890 Βλαχέρναις
1876 822 2001 875 ναὸν

439 896 541 964 τῆς
569 896 834 951 θεοτόκου
867 899 1138 971 ἐδείματο.
1163 903 1405 961 Γίνωσκε
1434 908 1512 973 δὲ,
1546 911 1819 981 ἀγαπητὲ,
1850 900 1931 966 ὅτι
1965 914 1999 983 ἡ

440 987 535 1039 τοῦ
566 988 834 1057 βασιλέως
872 992 1019 1062 κυρὰ
1057 995 1287 1049 Εύδοκία
1320 998 1566 1070 θυγάτηρ
1603 1002 1816 1068 ἐγένετο
1854 1005 2005 1073 φιλο-

442 1075 609 1142 σόφου
639 1078 784 1140 τινὸς
821 1079 882 1143 ἐξ
921 1079 1164 1146 Ἑλλάδος
1197 1084 1369 1149 ὄντος.
1430 1083 1596 1153 Οὗτος
1650 1090 1705 1144 δὲ
1734 1092 2003 1166 τελευτῶν

448 1442 554 1511 γὰρ
581 1444 717 1514 αὐτῇ
744 1445 777 1512 ἠ
809 1445 946 1515 τύχη
972 1448 1161 1517 αὐτῆς.
1201 1466 1219 1501 ι
1265 1451 1329 1503 Ἢ
1370 1452 1551 1520 μέντοι
1594 1454 1851 1526 ’Δθηναῒς
1870 1457 2006 1526 μηδὲ

442 1532 621 1587 ταῦτα
647 1535 713 1586 τὰ
739 1542 782 1604 p’
811 1535 1163 1606 λαμϐάνουσα
1196 1542 1605 1613 καταλαμϐάνει
1648 1547 1745 1616 τὴν
1772 1548 2005 1615 μεγαλό-

446 1623 622 1685 πολιν,
655 1625 933 1694 ἐκδίκησιν
992 1629 1131 1682 ὥστε
1186 1628 1393 1687 λαϐεῖν.
1437 1636 1548 1689 Καὶ
1602 1636 1745 1691 οὕτω
1790 1637 1879 1691 διὰ
1908 1639 2006 1711 τὴν

442 1714 580 1785 αὐτῇ
605 1715 889 1788 παροῦσαν
915 1719 1255 1789 εὐπρέπειαν
1277 1723 1372 1781 τοῦ
1398 1725 1661 1795 βασιλέως
1690 1727 1825 1799 γυνὴ
1846 1729 2007 1799 ἐχρη-

447 1806 695 1875 μάτισεν.
722 1808 889 1863 Ὅθεν
917 1812 1011 1865 καὶ
1056 1813 1194 1883 πρὸς
1233 1815 1360 1878 τοὺς
1394 1817 1656 1886 ἀδελφοὺς
1692 1819 1884 1889 αὐτῆς,
1918 1821 2005 1873 ἐλι-

445 1897 638 1962 θόντας
672 1899 901 1971 ὕστερον
947 1905 1082 1975 πρὸς
1122 1907 1319 1978 αὐτὴν,
1365 1906 1547 1964 εἶπεν
1584 1929 1603 1963 ι
1641 1912 1700 1963 Ei
1748 1914 1825 1983 μὴ
1849 1914 2007 1984 ὑμεῖς

445 2078 780 2146 βασιλεῦσαι.
817 2101 837 2135 ι
873 2084 1029 2139 Μετὰ
1060 2086 1119 2139 δὲ
1146 2089 1317 2143 ταῦτα
1339 2090 1434 2147 τοῦ
1474 2091 1743 2162 βασιλέως
1780 2095 2010 2149 σκανδα-

444 2167 720 2233 λισθὲντος
748 2173 837 2226 ἐπ’
884 2176 1023 2247 αὐτῇ
1056 2177 1143 2231 διὰ
1180 2179 1272 2232 τὸν
1312 2182 1579 2261 Παυλῖνον
1631 2182 1870 2256 (ἑώρακε
1898 2185 2007 2261 γὰρ

443 2260 527 2324 είς
548 2260 709 2316 αὐτὸν
736 2265 797 2317 τὸ
827 2268 1098 2337 πάμμεγα
1130 2270 1297 2339 μῆλον
1323 2258 1518 2335 ἐκεῖνο,
1552 2274 1688 2345 ὅπερ
1714 2277 1883 2346 πένης
1910 2258 2009 2347 μὲν

445 2354 593 2423 αύτῷ
630 2356 705 2425 τῷ
737 2357 952 2426 βασιλεῖ
988 2362 1159 2433 δῶρον
1196 2363 1411 2436 ἔφερεν,
1443 2366 1470 2418 ὁ
1501 2366 1557 2419 δὲ
1590 2366 1845 2437 βασιλεὺς
1874 2369 2009 2439 πρὸς

445 2446 542 2516 τὴν
567 2447 857 2502 δέσποιναν
876 2451 943 2503 αὖ
978 2456 1358 2527 μετεκόμισεν)
1379 2458 1642 2529 ἐξῄτησεν
1672 2459 1811 2528 αὕτη
1838 2461 2009 2514 ἀπελ-

447 2538 561 2591 θεῖν
598 2543 678 2603 εἰς
717 2542 1093 2615 Ἰεροσόλυμα.
1141 2548 1249 2600 Καὶ
1279 2547 1343 2620 δὴ
1376 2550 1472 2603 καὶ
1507 2551 1714 2619 ἀπῆλθε
1747 2555 1839 2607 καὶ
1867 2553 2011 2620 ἐξαί-

449 2630 541 2683 σιά
568 2650 692 2688 τινα
714 2635 939 2706 ἐποίησε
971 2640 1066 2692 καὶ
1099 2639 1166 2692 τά
1202 2640 1379 2693 ἐκεῖσε
1408 2640 1560 2712 τείχη
1593 2642 1828 2709 ἔκτισεν,
1851 2646 1926 2708 ὠς
1952 2647 2009 2698 ἐν

445 2723 584 2791 αὐτῇ
625 2725 799 2795 πέρας
824 2727 1009 2781 λαϐεῖν
1035 2727 1094 2782 τὸ
1123 2732 1407 2785 Δαυῖτικὸν
1430 2734 1604 2787 ἐκεῖνο
1629 2736 1793 2805 ῥητὸν
1822 2736 1881 2788 τὸ
1912 2736 2009 2790 λέ-

443 2828 541 2885 γον
559 2832 573 2845 ν
611 2834 629 2866 ι
652 2817 967 2884 Ἀγάθυνον,
989 2821 1180 2891 Κύριε,
1195 2825 1253 2875 ἐν
1276 2827 1339 2894 τῇ
1372 2825 1587 2896 εὐδοκία
1607 2843 1698 2879 σου
1727 2826 1824 2898 τὴν
1847 2826 2009 2893 Σιὼν,

449 2904 543 2961 καὶ
583 2906 991 2985 οἶκοδομηθήτιρ
1042 2912 1111 2966 τὰ
1145 2914 1298 2991 τείχη
1345 2915 1723 2988 Ἰερουσαλήμ.
1784 2936 1802 2969 ι
1851 2918 2011 2974 Ἀλλὰ

448 3001 541 3053 καὶ
568 3002 878 3058 τελευτῶσα
908 3003 1061 3077 ἔλεγε
1125 3006 1292 3078 μηδὲν
1338 3007 1414 3080 τῷ
1458 3007 1709 3079 Παυλίνῳ
1756 3010 2007 3076 συνιδεῖν,

445 3098 496 3149 εί
531 3097 625 3151 καὶ
657 3098 957 3169 φιλοτίμως
1000 3092 1113 3169 εἶχε
1168 3101 1307 3171 πρὸς
1359 3101 1521 3155 αὐτὸν
1556 3101 1618 3155 οὐ
1670 3099 1881 3171 μικρῶς
1914 3102 2010 3155 ἅτε

446 3195 887 3265 συνεργήσαντα,
922 3195 1083 3265 ἡνίκα
1110 3194 1415 3264 Πουλχερξα
1439 3194 1515 3263 τῷ
1537 3193 1804 3263 Θεοδοσὲῳ
1824 3192 2012 3248 δοῦναι

446 3282 651 3356 ταύτην
677 3285 814 3354 πρὸς
841 3287 1028 3355 λέχους
1051 3288 1337 3347 κοινωνίαν
1366 3286 1702 3357 ἐφρόντιζεν.

2102 728 2264 793 riam,
2316 744 2438 798 qua!
2483 729 2693 784 nubere
2735 728 2853 783 viro
2900 730 3095 791 noluit,
3144 729 3239 784 sed
3299 732 3662 802 virginitatem

2102 835 2257 875 suam
2338 820 2583 888 Deipara:
2637 819 2995 874 consecravit.
3076 820 3279 875 Eadem
3367 823 3652 879 Pulclteria

2103 912 2343 980 Deiparae
2393 910 2656 980 templum
2708 909 2762 963 in
2814 908 3130 965 Blachernis
3181 911 3445 967 condidit.
3517 914 3666 968 Scito

2103 1014 2312 1068 autem,
2356 1002 2551 1057 dilecte
2578 1001 2674 1067 fili,
2721 1000 2998 1055 dominam
3032 1000 3350 1067 Eudociam,
3380 1005 3665 1076 conjugem

2104 1094 2270 1163 hujus
2315 1092 2680 1162 imperatoris.
2727 1092 3008 1161 cujusdam
3043 1106 3074 1145 e
3113 1091 3316 1147 ϐαθεῖα
3359 1094 3667 1163 pltilOSOplti

2104 1186 2270 1240 filiam
2300 1184 2491 1238 fuisse.
2519 1182 2656 1239 Cum
2690 1181 2735 1236 is
2774 1183 2881 1236 vita
2921 1182 3249 1247 decederet,
3281 1185 3564 1238 universas
3594 1185 3671 1238 ia-

2096 1277 2334 1332 cultates
2362 1274 2536 1329 tribus
2562 1273 2687 1329 filiis
2710 1274 2929 1342 legavit,
2958 1273 3026 1328 de
3058 1273 3159 1328 hac
3184 1288 3314 1326 vero
3346 1273 3453 1333 filia
3487 1275 3623 1333 dixit
3656 1295 3666 1328 :

2110 1388 2129 1421 ι
2168 1365 2456 1424 Athenaidi
2484 1365 2607 1419 filia:
2636 1380 2767 1419 mea:
2796 1364 3123 1419 dulcissimae
3158 1365 3256 1421 100
3274 1380 3472 1419 aureos
3507 1356 3672 1422 relin-

2105 1475 2216 1530 quo
2250 1478 2264 1515 :
2294 1474 2420 1513 nam
2454 1458 2503 1512 ei
2536 1456 2751 1511 fortuna
2783 1471 2883 1511 sua
2916 1456 3166 1511 sufﬁciet.
3209 1476 3227 1509 ι
3266 1458 3466 1513 Verum
3509 1457 3674 1515 Athe-

2105 1551 2245 1619 nais,
2278 1566 2344 1605 ne
2373 1549 2474 1603 160
2503 1549 2721 1619 quidem
2749 1548 2856 1601 illis
2884 1546 3065 1601 aureis
3100 1540 3357 1615 acceptis,
3379 1545 3587 1616 Cpolim
3615 1563 3697 1607 se.

2105 1642 2338 1705 confert,
2376 1650 2436 1696 ut
2473 1641 2735 1696 adversus
2768 1639 2963 1693 fratres
3014 1636 3349 1700 haereditatis
3388 1653 3552 1692 causa
3584 1639 3674 1705 jus

2105 1748 2267 1793 suum
2312 1740 2749 1802 persequeretur.
2780 1731 2956 1801 Atque
2987 1730 3091 1784 hac
3125 1732 3417 1787 occasione
3447 1729 3697 1791 tandem.

2108 1825 2424 1895 imperatori
2460 1831 2685 1893 prepter
2714 1822 2901 1876 forma:
2935 1830 3298 1886 wnustatem,
3334 1835 3441 1888 qua
3472 1819 3671 1889 insigni

2108 1915 2418 1987 prestabat,
2452 1915 2657 1984 nupsit.
2682 1913 2927 1983 Cumque
2945 1912 3208 1982 deinceps
3239 1911 3439 1966 fratres
3459 1910 3524 1966 ad
3553 1927 3699 1973 eam.

442 1988 737 2060 ἠδικήσατᾶ
773 2009 862 2062 με,
894 1995 996 2049 οὐκ
1028 1998 1425 2071 ἠναγκαζόμην
1448 2002 1621 2057 ἐλθεῖν
1650 2003 1883 2059 ἐνταῦθα
1916 2006 2011 2059 καὶ

2112 2008 2393 2065 venissent
2425 2025 2439 2061 :
2480 2025 2498 2058 ι
2536 2006 2655 2063 Nisi
2687 2000 2805 2069 vos,
2837 2006 3033 2075 inquit,
3069 2005 3325 2075 iniuriam
3347 2021 3432 2059 me
3462 2004 3678 2058 ali‘eris-
3750 2039 3759 2048 ι

2107 2098 2261 2164 sctis,
2289 2114 2399 2154 non
2430 2098 2655 2154 fuissem
2680 2107 2865 2153 coacta
2893 2112 2980 2153 me
3007 2097 3115 2153 huc
3135 2098 3386 2152 conferre
3410 2110 3475 2151 ac
3507 2096 3678 2164 impe-

2106 2188 2191 2244 rio
2225 2188 2413 2261 potiri.
2462 2207 2481 2240 ι
2519 2188 2735 2254 Accidit
2774 2186 2973 2243 deinde
3007 2197 3075 2241 ut
3100 2187 3186 2242 vir
3216 2187 3441 2256 quidam
3472 2201 3678 2256 pauper

2107 2279 2428 2349 imperatori
2455 2295 2675 2350 pomum
2710 2278 2907 2349 insigni
2931 2277 3307 2349 magnitudine
3336 2278 3457 2349 loco
3484 2291 3679 2343 mune-

2108 2370 2187 2426 ris
2217 2369 2459 2427 oll‘erret.
2494 2370 2609 2427 Hoc
2643 2371 2945 2442 imperator
2965 2370 3031 2425 ad
3066 2369 3345 2435 dominam
3374 2385 3498 2425 cum
3523 2369 3680 2433 dctu—

2106 2461 2262 2517 lisset
2304 2461 2466 2533 eique
2507 2461 2789 2528 donasset,
2833 2478 2941 2519 non
2974 2462 3147 2518 multo
3180 2472 3303 2532 post
3328 2462 3571 2517 oblatum
3608 2461 3677 2515 ab

2107 2570 2169 2610 ea
2196 2554 2424 2619 Paulino
2450 2556 2760 2624 conspexit.
2792 2556 2869 2612 Ea
2896 2554 2965 2609 de
2996 2569 3159 2610 causa
3184 2570 3307 2609 cum
3342 2554 3675 2622 imperatrici

2107 2646 2351 2703 oﬂ'ensus
2377 2655 2543 2713 esset,
2578 2662 2643 2703 ea
2666 2646 2776 2703 sibi
2800 2647 2920 2702 fieri
2950 2656 3275 2717 potestatem
3305 2644 3677 2714 Hierosolyma

2108 2735 2494 2805 proficiscendi
2524 2738 2704 2807 petiit,
2732 2747 2789 2794 et
2816 2738 3105 2808 impetrata
3135 2753 3192 2793 re
3220 2738 3495 2794 discessit.
3529 2736 3680 2791 Fecit

2110 2827 2235 2883 istic
2257 2828 2506 2897 quredam
2534 2829 2767 2899 insignia
2792 2838 2848 2883 et
2873 2829 3211 2896 admiranda,
3232 2829 3505 2885 mmnibus
3530 2827 3681 2882 urbis

2111 2919 2256 2974 inter
2284 2927 2477 2975 caetera
2512 2921 2823 2985 exstructis,
2845 2921 3093 2992 adeoque
3121 2922 3175 2976 in
3208 2921 3324 2989 ipsa
3355 2919 3679 2975 Davidicum

2111 3007 2244 3065 illud
2272 3009 2575 3074 _oraculum
2605 3010 2767 3065 finem
2796 3010 3029 3068 habuit:
3067 3029 3086 3062 ι
3130 3010 3384 3078 Benefac,
3420 3010 3674 3073 Domine,

2112 3118 2209 3172 per
2242 3102 2540 3157 Eudociam
2586 3102 2804 3172 (Latine
2841 3104 3218 3173 benignitatem
3243 3102 3479 3170 dixeris)
3524 3110 3672 3155 tuam

2112 3193 2284 3261 Sioni,
2314 3202 2368 3249 et
2396 3194 2538 3246 muri
2572 3194 2958 3265 llierosolymae
2984 3198 3377 3250 instaurentur.
3400 3193 3535 3248 Cum
3567 3206 3681 3246 mo-

2113 3293 2352 3349 reretur,
2384 3284 2519 3338 nihil
2554 3298 2611 3339 se
2642 3284 2749 3339 sibi
2775 3284 2843 3341 de
2870 3285 3102 3341 Paulino
3133 3288 3407 3342 consciam
3437 3298 3559 3339 esse
3593 3283 3680 3337 di-

448 3381 547 3447 xit,
580 3382 683 3436 nisi
715 3380 863 3450 quod
915 3381 1194 3437 hominem
1225 3381 1602 3453 magnifecerit
1647 3391 1701 3437 et
1740 3381 1829 3437 .in
1873 3381 2050 3452 pretio
2089 3381 2343 3437 habuerit
2403 3389 2693 3452 propterea
2724 3383 2869 3453 quod
2917 3399 3026 3439 non
3074 3398 3268 3453 parum
3320 3382 3374 3443 id
3422 3384 3683 3462 temporis

447 3478 1090 3556 adjumenti~attulisset',
1132 3493 1257 3535 cum
1286 3492 1345 3533 se
1376 3477 1666 3535 Pulcheria
1702 3477 2019 3541 Theodosio,
2047 3477 2202 3535 fratri
2233 3477 2365 3533 dare
2401 3477 2507 3538 tori
2536 3486 2848 3533 consortem
2880 3477 3189 3538 moliretur.

523 3594 698 3665 Ὀσην
729 3595 788 3648 δέ
818 3596 845 3649 ὁ
872 3593 1150 3657 Θεοδόσιος
1184 3585 1339 3657 οὗτος
1368 3593 1767 3664 κεκρυμμένην
1810 3594 2011 3663 ἀρετὴν

2181 3593 2455 3649 Caeterum
2489 3593 2543 3647 in
2574 3593 2681 3648 hoc
2709 3593 3022 3649 Theodosio
3066 3603 3335 3663 quantum
3369 3594 3594 3655 latentis
3625 3609 3683 3659 et

450 3686 737 3755 ἐκέκτητο,
771 3685 931 3755 δῆλον
958 3684 1230 3740 ἐντεῦθεν.
1262 3685 1514 3756 Μοναχός
1542 3702 1622 3749 τις
1666 3684 1765 3754 ἔτη
1799 3691 1851 3754 μ’
1889 3685 2014 3738 δου-

451 3777 650 3840 λεύσας
679 3777 756 3840 ὡς
800 3778 881 3833 δεῖ
911 3777 990 3848 τῷ
1036 3775 1156 3847 Θεῷ
1186 3776 1426 3835 ὑπέλαϐε
1459 3792 1508 3833 τι
1547 3776 1692 3847 μέγα
1729 3779 1860 3847 περὶ
1885 3776 2014 3831 ἐαυ-

451 3868 570 3931 τοῦ,
605 3869 702 3922 καὶ
735 3869 891 3938 ζητεῖ
924 3867 1116 3936 μαθεῖν
1138 3870 1196 3920 ἐν
1229 3867 1360 3938 ποίᾳ
1381 3867 1533 3931 τάξει
1565 3867 1830 3937 κέκτηται
1852 3868 2016 3922 αὐτὸν

449 3964 479 4016 ὁ
507 3961 665 4023 Θεὸς,
694 3962 791 4014 καὶ
822 3959 1084 4029 μανθάνει
1108 3960 1294 4028 ὅμοιος
1333 3954 1476 4013 εἶναι
1513 3958 1781 4030 Θεοδοσίῳ
1813 3959 1890 4031 τῷ
1922 3959 2018 4029 βα·

455 4053 599 4111 σιλιῖ
636 4053 891 4121 ’Δπαίρει
918 4051 1109 4105 λοιπὸν
1137 4052 1275 4120 πρὸς
1305 4049 1491 4115 αὐτὸν,
1519 4051 1615 4105 καὶ
1645 4050 1801 4120 ζητεῖ
1826 4051 2018 4121 μαθεῖν

451 4146 553 4214 τὴν
578 4143 778 4213 ἀρετὴν
816 4143 1004 4198 αὑτοῦ.
1039 4143 1197 4197 Καὶό
1240 4142 1495 4213 βασιλεὺς
1530 4142 1701 4196 πολλὰ
1738 4142 1837 4212 μὲν
1871 4142 2020 4213 αύτῷ

452 4234 808 4305 ἀπεκάλυψεν
838 4235 1023 4304 ἕτερα,
1051 4229 1160 4287 οἷον
1184 4233 1528 4305 ξηροκοιτίαν
1546 4234 2020 4305 (81),ἐνδυμενίαν

454 4329 714 4399 τρίχινον,
738 4328 954 4397 ἀποχην
994 4327 1272 4395 γυναικὸς,
1303 4327 1580 4396 νηστείαν,
1622 4326 2017 4399 ἐλεημοσύνην,

454 4419 896 4490 δικαιοπραγίαν,
952 4420 1050 4473 καὶ
1108 4419 1209 4472 ὅσα
1263 4417 1511 4473 τοιαῦτα.
1556 4418 1617 4471 Ὀ
1673 4420 1731 4472 δὲ
1785 4419 2021 4489 μοναχδς

455 4511 905 4583 άπαρεσκόμενος
932 4509 1094 4579 δῆθεν
1118 4511 1233 4573 τοῖς
1257 4509 1741 4580 ἁπαριθμηθεῖσιν,
1771 4510 2020 4574 ἐϐιάζετο

454 4605 545 4657 τὸν
584 4602 807 4672 βασιλέα
838 4602 1013 4655 εἰπεῖν
1054 4601 1150 4653 καὶ
1184 4602 1346 4665 ειπερ
1377 4617 1431 4655 τι
1471 4600 1659 4671 ἕτερον
1693 4600 1878 4671 μεῖζον
1910 4601 2019 4659 τῶν

455 4697 765 4765 εἰρημένων
788 4693 1077 4761 κέκτηται.
1111 4692 1220 4745 Καὶ
1246 4691 1305 4753 ὃς
1333 4691 1521 4758 ἔλεγεν
1558 4692 1616 4745 ἐν
1649 4690 1832 4761 ἡμέρᾳ
1864 4694 2019 4750 inm,-

454 4784 555 4836 κού
586 4784 813 4855 θεάτρου
850 4782 1121 4850 κλθῆσθαι
1153 4780 1253 4851 μὲν
1281 4784 1337 4834 ἐν
1374 4780 1452 4851 τῷ
1485 4784 1706 4851 συνήθει
1740 4786 1888 4853 τόπῳ
1923 4785 2020 4836 ad-

455 4874 577 4937 τοῦ,
607 4874 683 4943 μὴ
712 4874 1046 4937 ἐνατενίζειν
1080 4872 1136 4925 δέ
1166 4872 1244 4941 τῷ
1277 4871 1512 4941 θεάτρῳ,
1544 4874 1936 4944 καλλιγραςεῖν
1963 4874 2019 4931 δὲ

457 4968 594 5036 πρὸς
624 4967 855 5032 τούτοις,
889 4967 982 5019 καὶ
1015 4965 1160 5019 οὕτω
1192 4966 1291 5035 τὴν
1335 4965 1479 5034 ζωὴν
1506 4965 1671 5018 αὐτοῦ
1714 4964 1837 5029 ταῖς
1862 4966 2018 5029 ἰδίαις

457 5061 613 5129 χερσὶ
680 5062 1029 5128 συγκρατεῖ).
1067 5058 1286 5113 Τούτων
1316 5059 1553 5120 ἀκούσας
1593 5061 1621 5111 ὁ
1665 5058 1893 5127 μοναχδς
1932 5077 2019 5123 το-

460 5148 663 5220 σαύτην
688 5151 903 5215 ἐδέξατο
946 5149 1205 5219 ἔκπληξιν
1230 5150 1302 5213 ὡς
1333 5151 1430 5202 καὶ
1472 5150 1661 5203 ἑαυτὸν
1698 5151 2011 5220 ἀγαπῆσαι,

456 5242 542 5296 δτι
570 5242 811 5312 τοσούτῳ
839 5243 937 5305 τὴν
966 5243 1168 5310 ἀρετὴν
1195 5240 1467 5311 ἀνθρώπῳ
1495 5241 1876 5302 συντέτακται.

2114 3685 2342 3739 occultae
2378 3686 2601 3739 virtutis
2641 3684 2938 3749 exstiterit,
2962 3685 3048 3749 vel
3095 3686 3225 3741 hinc
3251 3686 3433 3759 colligi
3478 3698 3678 3759 potest.

2114 3776 2246 3831 Erat
2275 3776 2498 3846 quidam
2528 3776 2788 3832 solitariae
2829 3778 2952 3833 vitae
2981 3786 3239 3845 sectator,
3270 3781 3364 3850 qui
3395 3797 3519 3837 cum
3572 3782 3682 3838 Deo

2115 3867 2186 3922 40
2210 3877 2353 3923 ιοιοε
2384 3883 2560 3924 annos
2585 3869 2661 3923 ita
2705 3870 2987 3928 serviissct
3030 3879 3093 3927 ut
3119 3871 3300 3936 decet,
3332 3888 3579 3941 magnam
3613 3880 3681 3927 dc

2117 3975 2175 4017 se
2205 3959 2496 4029 quamdam
2538 3960 2852 4029 opinionem
2885 3970 3235 4029 conceperat.
3271 3962 3456 4031 Itaque
3476 3978 3682 4033 cogno-

2117 4066 2278 4107 scere
2309 4052 2566 4120 cupicbat
2593 4065 2829 4119 quonam
2866 4065 2924 4105 se
2958 4050 3080 4105 loco
3126 4052 3277 4109 Deus
3296 4051 3545 4115 haberet.

2118 4143 2408 4216 gniﬁcatur
2436 4142 2487 4197 ei
2521 4142 2788 4197 divinitus
2821 4142 3147 4211 imperatori.
3161 4141 3473 4209 Theodosio
3493 4157 3681 4212 parent

2118 4250 2259 4290 esse.
2291 4234 2638 4304 Quapropter
2667 4234 2735 4289 ad
2760 4235 3147 4304 imperatorem
3181 4250 3240 4290 se
3266 4235 3499 4299 confert,
3539 4236 3687 4301 illius

2120 4336 2324 4400 quanta
2351 4327 2529 4381 virtus
2558 4326 2700 4383 foret
2727 4327 3013 4396 explorare
3041 4325 3257 4386 nititutt.
3315 4326 3375 4387 Ei
3411 4328 3683 4394 peunulta

2122 4417 2376 4489 patefacit
2412 4418 2727 4487 imperator,
2771 4416 2925 4472 verbi
2954 4416 3129 4487 gratia
3176 4416 3323 4487 quod
3359 4417 3530 4483 aridis
3568 4425 3688 4477 tau-

2120 4519 2235 4567 tum
2266 4510 2406 4565 cibis
2434 4510 2734 4578 degustatis
2761 4509 3011 4574 cubaret,
3038 4509 3186 4578 quod
3210 4524 3407 4579 aspera
3436 4520 3687 4567 uteretur

2121 4607 2378 4665 interula.
2430 4606 2577 4675 quod
2624 4606 2924 4665 abstineret
2968 4605 3038 4660 ab
3086 4608 3276 4675 uxoris
3320 4607 3684 4676 amplexibus,

2120 4699 2264 4768 quod
2306 4697 2613 4769 jejunaret‘.
2654 4696 2801 4764 quod
2854 4696 3271 4768 benignitatem,
3305 4708 3590 4758 exerceret
3632 4699 3683 4751 in

2121 4805 2411 4860 pauperes,
2462 4788 2607 4857 quod
2664 4788 2904 4858 justitia
2938 4789 3211 4847 rationem.
3270 4789 3337 4851 in,
3372 4789 3688 4855 actionibus

2123 4885 2238 4937 suis
2294 4881 2540 4945 haberet,
2569 4879 2786 4949 aliaque
2839 4880 2988 4943 talia.
3032 4880 3172 4941 Cum
3218 4881 3333 4937 hmc
3370 4890 3695 4945 enumerata.

2123 4988 2314 5043 parum
2348 4972 2619 5026 monacho
2657 4971 3059 5035 satisfacerent,
3094 4972 3479 5041 imperatorem
3528 4973 3688 5033 fateri

2118 5065 2278 5135 262
2299 5065 2497 5135 coegit,
2534 5079 2663 5124 num
2686 5064 2815 5133 mild
2838 5064 2922 5118 his
2949 5064 3127 5134 majus
3148 5066 3215 5119 ab
3248 5066 3367 5134 ipso
3403 5075 3690 5135 prmstarc-

2125 5167 2233 5211 tur.
2259 5153 2399 5207 Tum
2433 5155 2731 5224 imperator
2761 5168 2776 5205 :
2814 5171 2834 5204 ι
2870 5153 3101 5219 Quibus,
3134 5155 3230 5220 ait,
3280 5154 3478 5209 diebus
3520 5171 3689 5224 eque-

2124 5244 2326 5304 strium
2349 5244 2714 5309 certaminum
2732 5245 3041 5314 Spectacula
3058 5245 3410 5313 exhibentur,
3432 5246 3685 5315 equidem

457 5341 722 5388 consueto
759 5333 880 5387 loco
913 5334 1100 5395 sedeo,
1135 5347 1325 5387 verum
1354 5332 1547 5387 oculos
1586 5333 1643 5386 in
1668 5332 1786 5402 ipsa
1813 5332 2122 5402 spectacula
2159 5333 2368 5389 deﬁxos
2407 5350 2514 5387 non
2545 5334 2745 5389 habeo.
2778 5351 2800 5389 ι
2843 5330 3114 5389 Praeterea
3157 5335 3336 5400 fassus
3404 5344 3490 5387 est
3527 5347 3586 5386 se
3626 5331 3692 5382 li-

460 5428 590 5488 bros
644 5429 924 5499 eleganter
973 5442 1037 5483 ac
1070 5428 1276 5482 munde
1325 5428 1662 5493 describere,
1705 5438 1867 5499 atque
1918 5430 2024 5485 hoc
2056 5439 2217 5500 pacto
2242 5430 2471 5492 suismet
2488 5429 2827 5487 laborantem
2893 5430 3148 5493 manibus
3196 5431 3361 5483 vitam
3392 5427 3690 5483 sustinuere.

534 5613 647 5679 (8|)
679 5604 1042 5668 Leunclavins
1073 5613 1237 5667 vertit
1270 5613 1635 5683 ξηροκοιτίαν,
1683 5616 1851 5670 aridis
1884 5624 2008 5668 lan—

464 5696 575 5739 ιυνι
623 5684 747 5737 cibis
796 5685 1083 5753 degustatis
1140 5684 1466 5739 cubationcm
1500 5702 1517 5738 :
1549 5687 1679 5757 quid
1725 5687 1769 5745 si
1821 5686 1892 5752 ad,
1922 5704 2017 5756 χα-

2123 5616 2354 5678 μευνίας
2406 5615 2590 5684 potius
2612 5616 2938 5685 respexerit,
2972 5618 3085 5667 'aut
3130 5613 3359 5685 du_ram__
3383 5610 3437 5663 in
3475 5624 3691 5670 assere.

2127 5680 2546 5753 store3,_m—a_tta,
2592 5698 2681 5747 aut
2707 5680 2887 5747 ἰιιιὰέῖ
2933 5688 3097 5739 humo
3125 5680 3375 5749 cubandi
3402 5691 3688 5750 rationem,

3556 322 3689 385 490-
