4154 6200
419 272 524 337 693

1654 285 2059 346 ANNALIUAI
2102 286 2296 348 PARS
2336 286 2449 349 IV.

3545 289 3650 353 4M

419 389 512 443 τοῦ
544 387 800 460 Χριστοῦ,
825 389 921 445 καὶ
956 390 1086 459 μίαν
1120 394 1287 462 φύσιν
1311 394 1472 450 αὐτὸν
1503 395 1625 451 ὅλον
1651 392 1814 451 εἶναι.
1841 398 1979 453 Καθ’

2092 399 2289 468 synodo
2332 399 2535 455 Christi
2572 412 2773 470 corpus
2827 400 3061 465 alterius
3109 409 3166 456 et
3200 400 3431 456 diversa:
3464 402 3649 470 perhi-

418 474 480 533 ob
511 480 779 550 πεποίηκε
809 481 1039 553 τοπικὴν
1080 483 1295 540 σύνοδον
1322 486 1350 538 6
1384 488 1655 557 μακάριος
1684 489 1982 554 Φλαὸιανδς

417 574 721 637 ἐπίσκοπος
749 571 824 626 ὢν
842 574 1257 629 Κωνσταντίνου
1292 577 1520 645 πόλεως,
1548 578 1795 633 καθελὼν
1820 580 1983 635 αὑτὸν

420 668 513 721 καὶ
539 666 731 736 ὁρίσας
770 666 1053 736 δμοούσιον
1101 671 1233 740 ἡμῖν
1267 664 1410 724 εἶναι
1438 673 1498 725 τὸ
1531 671 1693 741 σῶμα
1720 672 1813 728 τοῦ
1844 672 1982 744 Χρι-

418 758 567 813 στοῦ.
596 756 726 813 Εἶτα
756 760 941 832 δέησιν
976 763 1004 815 6
1042 762 1289 835 Εὐτυχὴς
1324 764 1666 830 ιπιδεδωκὼς
1708 767 1785 837 τῷ
1832 767 1986 837 βασι-

414 852 502 905 λεῖ
532 851 853 922 μετέπεισεν
886 854 1070 919 αύτδν,
1102 858 1196 908 καὶ
1233 856 1737 927 μεταστειλάμενος
1761 858 1985 911 Διόσκο-

424 959 515 1012 ρον
543 944 634 994 τὸν
660 941 755 995 τοῦ
779 945 1019 1011 μεγάλου
1051 944 1322 1014 Κυρίλλου
1353 945 1598 1015 διάδοχον
1628 942 1854 1015 ἐποίησε
1887 945 1986 1017 τὴν

421 1035 480 1086 ἐν
536 1033 746 1102 Ἐρέςῳ
794 1034 855 1086 τὸ
907 1033 1163 1106 δεύτερον
1220 1036 1440 1092 σύνοδον
1490 1040 1633 1093 κατά
1683 1037 1986 1092 Φλωσιανοῦ

421 1124 519 1195 τὴν
584 1124 881 1195 λεγομένην
936 1125 1266 1197 ληστρικὴν,
1326 1128 1385 1181 ἐν
1528 1128 1825 1191 κυλλωθεῖς
1880 1128 1989 1181 ἀπὸ

424 1215 646 1283 πληγῶν
699 1215 727 1267 δ
771 1215 1071 1279 exclama;
1126 1217 1397 1271 ἀπέθανεν
1448 1217 1509 1284 ιε
1542 1218 1744 1273 αὐτῶν.
1785 1219 1901 1289 Ἐφ’
1945 1212 1989 1288 ᾦ

423 1311 518 1361 καὶ
563 1309 790 1377 γέγονεν
834 1309 867 1380 ὴ
898 1310 956 1361 ἐν
989 1308 1293 1377 Χαλκηδόνι
1328 1312 1564 1383 τετάρτη
1599 1310 1819 1375 σύνοδος
1846 1311 1990 1367 κατά

424 1401 693 1472 Εύτυχοῦς
725 1401 818 1457 καὶ
850 1400 1166 1471 Διοσκόρου,
1192 1402 1422 1457 είποῦσα
1470 1404 1564 1457 καὶ
1594 1401 1774 1471 τοῦτο,
1807 1422 1826 1457 ι
1874 1405 1989 1457 Ku-

421 1490 606 1561 ρίλ).ου
638 1490 891 1561 αίωνίαή
935 1491 1150 1562 μνήμη.
1184 1510 1204 1545 ι
1243 1491 1343 1546 Διά
1392 1492 1578 1561 μέντοι
1625 1492 1687 1545 τὸ
1730 1492 1991 1562 καθαιρε-

418 1583 581 1653 Θῆναι
611 1584 704 1637 τὸν
736 1584 1026 1653 Διόσκορον
1056 1583 1443 1654 διεσχίσθησαν
1470 1586 1566 1640 ἀπ’
1598 1584 1899 1656 ἀλλήλωνῆ
1929 1602 1988 1639 τε

424 1672 835 1727 Κωνσταντίνου
872 1676 1028 1737 πόλις
1070 1674 1165 1727 καὶ
1198 1675 1229 1743 ὴ
1272 1674 1673 1747 Ἀλεξάνδρεια.

2085 490 2248 546 bebat
2276 510 2304 545 a
2333 501 2517 547 nostro
2551 509 2671 549 esse
2706 494 3049 561 substantiae,
3085 494 3331 565 adeoque
3367 492 3644 549 Christum

2088 593 2258 639 totum
2292 587 2453 639 unius
2479 601 2597 641 esse
2627 585 3081 661 naturaa.‘Cocgit
3118 587 3378 641 adversus
3411 602 3536 642 eum
3570 586 3653 639 lo-

2084 674 2255 729 calem
2286 676 2553 746 synodum
2591 677 2785 734 beatus
2827 677 2918 733 ille
2955 676 3264 743 Flavianus,
3296 675 3479 748 Cpolis
3511 677 3652 731 anti-

2085 773 2216 831 stes,
2243 765 2297 820 in
2334 783 2443 836 quo
2472 767 2773 838 Eutychem
2800 766 2993 823 ordine
3022 770 3195 823 movit
3220 778 3275 823 et
3299 781 3421 823 esse
3446 765 3647 821 Christi

2086 870 2287 927 corpus
2316 857 2558 928 ejusdem
2592 874 2716 914 cum
2756 867 2947 914 nostro
2980 858 3304 914 substantia:
3333 868 3650 925 natumque

2087 949 2353 1005 decrevit.
2408 949 2623 1015 Quibus
2668 949 2825 1013 setis,
2868 948 3141 1020 Eutyches
3182 949 3415 1019 supplici
3460 948 3655 1007 libelio.

2091 1039 2406 1107 imperatori
2447 1039 2633 1095 oblato
2678 1040 2733 1093 in
2781 1040 2941 1094 aliam
2989 1056 3114 1094 cum
3157 1041 3485 1097 sententiam
3523 1058 3651 1110 per-

2088 1130 2263 1185 duxit.
2300 1131 2433 1185 Nam
2462 1131 2729 1186 arcessito
2763 1116 3044 1191 Dioscoro,
3084 1131 3261 1200 magni
3293 1129 3480 1201 Cyrilli
3520 1145 3650 1186 suc-

2090 1235 2342 1287 cessore,
2408 1236 2602 1276 rursus
2657 1221 2819 1276 aliam
2879 1220 3147 1293 synodum
3205 1219 3400 1290 Ephesi
3459 1231 3651 1275 contra

2090 1302 2411 1365 Flavianum
2448 1310 2711 1373 instituit.
2746 1326 2869 1381 quas
2918 1311 3195 1367 latronum
3226 1310 3521 1367 concilium
3554 1326 3654 1379 ap-

2091 1401 2350 1473 pellatur.
2380 1402 2598 1459 Etenim
2624 1402 2759 1458 istic'
2781 1402 3074 1459 Flavianus
3106 1401 3434 1459 verberibus
3462 1402 3658 1456 multa-

2092 1506 2181 1549 tus
2214 1505 2449 1550 mortem
2480 1493 2638 1550 obiit.
2667 1494 2819 1550 Hauc
2849 1494 2919 1550 ob
2945 1509 3163 1551 causam
3192 1492 3657 1550 Chalcedonensis

2091 1596 2285 1657 quarta
2316 1588 2561 1659 synodus
2594 1588 2859 1644 adversus
2905 1586 3208 1659 Eutychen]
3232 1595 3297 1646 et
3332 1586 3654 1640 Dioscorqu

2095 1690 2180 1736 est
2204 1690 2526 1735 convocata.
2558 1676 2616 1735 in
2652 1678 2755 1733 hac
2783 1677 2876 1734 illa
2906 1692 3126 1749 quoque
3159 1675 3327 1732 verba
3366 1686 3492 1730 sunt
3526 1691 3655 1744 pror

421 1764 675 1822 numiata
704 1783 719 1820 :
762 1784 782 1818 ι
817 1765 1047 1825 ,λΕιεηιε
1080 1765 1387 1824 recordatio
1416 1765 1602 1838 Cyrilli
1625 1775 1765 1824 esto.
1798 1785 1817 1819 ι
1850 1765 1989 1833 Quia
2027 1782 2159 1825 vero
2184 1768 2479 1826 Dioscorus
2508 1768 2713 1827 ibidem
2740 1769 2936 1825 ordine
2990 1783 3145 1824 sacro
3204 1767 3654 1831 submovebatur,

421 1855 650 1913 divulsa:
700 1866 831 1911 sunt
869 1872 899 1911 a
931 1873 990 1914 se
1030 1857 1265 1913 invicem
1305 1856 1490 1926 Cpolis
1529 1867 1585 1914 et
1632 1856 1985 1913 Alexandria.

494 1904 648 1911 ---τη
700 1904 831 1911 --.η
869 1904 899 1911 _
931 1904 990 1914 ,ν
1030 1904 1265 1913 ...-.-----
1311 1904 1490 1926 ηπ-.-
1530 1904 1585 1914 ν-
1632 1904 1985 1913 ---η--.-ηπ

494 1945 649 1999 Μετά
672 1945 727 1998 δὲ
753 1945 852 2016 τὴν
882 1945 1144 2016 τοιαύτην
1168 1944 1439 2018 τετάρτην
1479 1946 1699 2001 σύνοδον
1727 1945 1990 2001 ἔσπευδον

2164 1944 2293 2001 Post
2330 1945 2575 2002 habitam
2611 1954 2862 2017 quartam
2900 1946 3168 2017 synodum
3200 1960 3395 2000 rursus
3430 1944 3659 2015 quidam

426 2036 580 2100 αὖθίς
608 2054 754 2101 τινες
783 2040 953 2110 ίερεῖς
1000 2056 1059 2092 τε
1112 2040 1207 2093 καὶ
1238 2037 1467 2109 μοναχοὶ
1497 2038 1558 2092 τὸ
1583 2038 1677 2092 τοῦ
1713 2036 1990 2110 Εὑτυχοῦς

420 2130 603 2199 δόγμα
662 2132 953 2203 συνιστᾷν·
1005 2131 1129 2186 ὅθεν
1194 2133 1223 2186 ό
1279 2130 1583 2203 τηνικαῦτα
1637 2130 2001 2202 χρηματίζων

426 2222 773 2291 πατριάρχης
816 2220 1124 2287 ’Δνατόλιος
1155 2220 1515 2295 συμϐουλεύει
1551 2224 1827 2294 γραφῆναι
1868 2223 1991 2277 δυσὶ

426 2314 652 2389 χάρταις
688 2315 783 2369 καὶ
828 2315 1157 2387 ἀμφοτέρων
1206 2316 1313 2370 τῶν
1368 2315 1550 2386 μερῶν
1602 2314 1670 2370 τὰ
1722 2314 1989 2385 δόγματα,

426 2410 522 2464 καὶ
572 2409 639 2477 τῇ
702 2406 934 2476 λάρνακι
987 2409 1085 2478 τῆς
1143 2408 1629 2479 μεγαλομάρτυρος
1703 2407 1992 2478 Εὐφημίας

426 2497 799 2569 ἐμϐληθῆναι,
861 2499 957 2553 καὶ
1006 2500 1148 2554 οὕτω
1199 2501 1507 2571 δηλωθῆναι
1554 2501 1653 2571 τὴν
1704 2500 1989 2570 ἀλήθειαν.

428 2588 639 2642 Γίνεται
668 2588 862 2656 ταῦτα,
882 2590 976 2644 καὶ
1001 2589 1189 2660 θαῦμα
1215 2592 1519 2663 παράδοξον
1546 2586 1615 2663 ἦν
1643 2592 1772 2645 ίδεῖν
1796 2608 1810 2621 ·
1839 2590 1991 2659 παρά

427 2682 536 2749 γὰρ
568 2683 693 2745 τοὺς
716 2682 885 2746 πόδας
912 2684 1009 2752 τῆς
1044 2683 1207 2751 ἁγίας
1234 2684 1564 2756 ἐρριμμένος
1591 2683 1788 2752 εὑρέθη
1826 2683 1853 2734 6
1882 2682 1991 2734 τῶν

427 2772 843 2835 ἀντιδικούντων
868 2776 934 2845 τῇ
971 2774 1202 2845 ἀληθείᾳ
1231 2776 1456 2846 χάρτης,
1487 2776 1514 2828 6
1545 2773 1601 2827 δὲ
1625 2775 1810 2842 ἔτερος
1841 2772 1993 2841 παρά

425 2866 494 2934 τῇ
524 2866 670 2936 χειρὶ
697 2865 890 2936 αὐτῆς.

508 3048 633 3103 Ἐπὶ
687 3048 872 3118 μέντοι
917 3050 1110 3103 τούτου
1150 3047 1246 3107 τοῦ
1278 3046 1602 3120 Μαρκιανοῦ
1643 3049 1739 3107 καὶ
1765 3050 1990 3121 Συμεὼν

426 3139 458 3201 6
484 3138 653 3208 μέγας
684 3140 854 3210 ἐπέϐη
902 3140 995 3199 τοῦ
1022 3139 1216 3195 στύλου
1243 3158 1258 3173 ·
1292 3140 1657 3209 ἀκοινώνητος
1684 3140 1794 3211 γάρ
1826 3141 1991 3211 μέχρι

430 3228 625 3281 πολλοῦ
650 3229 815 3300 ἔμενε
841 3231 929 3283 διὰ
956 3232 1015 3285 τὸ
1041 3230 1322 3303 καταρχὴν
1346 3231 1603 3303 τοιαύτην
1632 3231 1989 3296 ἐνδείξασθαι·

430 3320 616 3375 πολλοὶ
643 3321 754 3393 γὰρ
785 3322 836 3375 οἱ
872 3323 1254 3395 μεμψίμοιροι.

502 3594 656 3650 Μετὰ
703 3596 761 3649 δὲ
809 3597 1129 3668 Μαρκιανὸν
1160 3597 1311 3654 Δίων
1336 3599 1365 3653 6
1395 3600 1568 3671 μέγας
1617 3601 1714 3671 ἔτη
1759 3609 1832 3674 ιη’
1861 3621 1994 3675 κρα-

430 3688 602 3756 τήσας
632 3688 859 3760 τελευτᾷ
889 3690 1272 3761 δυσεντερικός
1296 3706 1310 3721 ⁸
1339 3691 1427 3761 ἐφ’
1454 3684 1515 3745 οὗ
1556 3695 1783 3764 σημεῖον
1815 3694 1993 3766 ἐφάνη

429 3779 491 3832 ιν
557 3779 636 3849 τῷ
689 3781 926 3851 σύρανῷ,
962 3782 1159 3853 νεφέλη
1218 3783 1637 3857 σαλπιγγοειδὴς
1704 3788 1796 3839 ἐπὶ
1853 3788 1991 3858 me-

433 3888 538 3940 ρας
585 3871 661 3940 μ’,
698 3873 795 3926 καὶ
824 3872 1014 3943 ἔϐρεξε
1061 3874 1255 3930 σποδὸν
1292 3877 1352 3930 ιν
1397 3878 1990 3944 Κωνσταντινουπόλει,

431 3960 713 4032 σπιθαμὴν
774 3963 835 4016 τδ
878 3964 1048 4034 πάχος
1089 3966 1340 4036 ἔχουσαν.
1395 3967 1507 4021 Καὶ
1561 3968 1763 4032 πάντες
1819 3968 1995 4022 ἑλιτά-

430 4068 604 4122 νευον,
634 4055 883 4124 λέγοντες
931 4057 1013 4111 ὅτι
1078 4056 1194 4128 πῦρ
1243 4054 1312 4130 ἢν
1353 4059 1448 4113 καὶ
1496 4062 1561 4131 τῇ
1611 4060 1995 4133 φιλανθρωπίᾳ

428 4143 526 4205 τοῦ
552 4145 689 4199 Θεοῦ
716 4147 968 4218 ἐσϐέσθη.
1000 4150 1131 4203 Τότε
1166 4151 1259 4205 καὶ
1301 4151 1500 4222 Δανιὴλ
1534 4154 1563 4205 6
1600 4153 1773 4223 μέγας
1818 4146 1991 4224 δ’πέϐη

429 4237 529 4299 τοῦ
561 4239 753 4294 στύλου
795 4241 853 4293 ἐν
882 4240 959 4310 τῷ
1007 4242 1279 4311 Ἀνάπλῳ.
1327 4241 1458 4296 Τότε
1484 4245 1580 4298 καὶ
1621 4245 1653 4314 ἡ
1684 4243 1805 4298 Θεία
1833 4243 1994 4315 ἐσθὴς

431 4329 531 4397 τῆς
564 4332 656 4385 τοῦ
690 4333 894 4404 Κυρίου
917 4334 1136 4401 Μητρὸς
1179 4332 1543 4405 ἀνεκομίσθη.-
1565 4326 1731 4398 Οὗτος
1759 4337 1787 4388 ὁ
1820 4337 1993 4406 μέγας

432 4423 589 4475 Λέων
611 4423 864 4477 ἐκέλευσε
891 4426 987 4487 τὰς
1010 4426 1299 4497 Κυριακὰς
1346 4425 1661 4496 ἀπράκτους
1705 4420 1848 4479 εἷναι
1897 4428 1995 4479 καὶ

436 4513 570 4580 μήτε
609 4512 833 4567 ἱππικὸν
883 4514 1152 4570 τελεῖσθαι
1205 4517 1343 4587 μήτε
1408 4517 1644 4590 μουσικὰ
1694 4518 1849 4587 ἠχεῖν
1898 4518 1993 4586 δρ-

2092 2035 2409 2093 saecrdmes
2460 2046 2515 2093 et
2570 2038 2822 2094 monachi
2858 2052 3075 2093 summo
3125 2038 3310 2093 studio
3346 2037 3653 2093 doctrinam

2093 2122 2357 2200 Eutychis
2399 2129 2648 2186 stabilire
2679 2129 3017 2185 nitebantur.
3054 2129 3419 2196 Quamobrem
3448 2129 3654 2182 Anato-

2091 2214 2218 2288 lius,
2249 2222 2344 2293 qui
2381 2231 2494 2277 tum
2529 2223 2855 2293 patriarcha:
2890 2238 3119 2278 munere
3163 2222 3511 2293 fungebatur,
3552 2221 3657 2275 hoc

2092 2313 2309 2369 consilii
2340 2312 2511 2375 dedit,
2545 2320 2606 2366 ut
2647 2311 2784 2366 duas
2819 2310 2873 2366 in
2904 2310 3123 2367 chartas
3165 2311 3454 2380 utriusque
3485 2309 3656 2379 partis

2092 2405 2341 2475 dogmata
2366 2402 2842 2473 perscriberentnr
2879 2412 2935 2457 et
2962 2403 3015 2457 in
3053 2419 3245 2457 urnam
3270 2403 3484 2458 eximias
3514 2418 3656 2457 mar-

2094 2492 2585 2566 tyrisiEuphemize
2634 2493 3062 2563 conﬁcerentur,
3121 2508 3231 2562 quo
3291 2493 3497 2548 veritas
3551 2491 3657 2545 hoc

2093 2565 2250 2656 ρει)ιὸ
2272 2585 2630 2665 elucescerct.
2650 2583 2791 2639 Huic
2812 2583 3041 2638 consilio
3067 2598 3189 2637 cum
3214 2583 3650 2652 obtemperatum

2093 2676 2305 2738 fuisset.
2337 2676 2644 2746 prodigium
2679 2674 2956 2745 quoddam
2987 2689 3191 2728 novum
3219 2682 3274 2728 et
3304 2673 3647 2742 in0pinatum

2092 2775 2208 2819 erat
2240 2779 2501 2819 cernere:
2542 2778 2666 2817 nam
2701 2761 3147 2817 adversariorum
3185 2758 3436 2815 veritatis
3463 2757 3653 2813 charta

2092 2856 2173 2910 sic
2204 2864 2417 2925 reperta
2442 2865 2544 2918 est,
2572 2862 2631 2908 ut
2661 2853 2727 2907 ad
2753 2836 2955 2909 san'ctaa
2977 2850 3235 2922 martyris
3255 2848 3423 2920 pedes
3445 2848 3653 2919 abjecta

2087 2947 2315 3019 jaceret,
2348 2945 2517 2999 altera
2552 2958 2679 2999 vero
2712 2945 2777 2998 ad
2806 2954 3026 2998 manum
3058 2943 3198 3011 eius.

2162 3036 2438 3098 Marciano
2473 3043 2736 3105 regnante
2772 3034 3009 3105 Symeon
3046 3033 3139 3088 ille
3178 3045 3408 3104 magnus
3438 3030 3655 3088 colum-

2092 3144 2216 3188 nam
2242 3127 2510 3184 ascendit.
2544 3127 2595 3184 ls
2631 3127 2793 3197 longo
2829 3135 3077 3197 tempore
3107 3123 3246 3180 nihil
3276 3124 3499 3180 omnino
3527 3138 3651 3179 cum

2095 3219 2407 3276 hominibus
2433 3217 2626 3274 habuit
2657 3217 2995 3284 commercii,
3022 3224 3313 3288 propterea
3336 3215 3481 3287 quod
3510 3214 3658 3286 ejus-

2093 3314 2239 3369 modi
2298 3328 2413 3368 rem
2466 3327 2663 3368 novam
2712 3313 2922 3382 primus
2966 3309 3323 3366 ostendisset.
3365 3308 3456 3365 Sic
3508 3309 3654 3364 enim

2092 3416 2468 3476 comparatum
2504 3413 2588 3459 est
2624 3404 2679 3458 in
2735 3403 2902 3459 rebus
2949 3402 3211 3458 humanis
3258 3410 3319 3457 ut
3355 3400 3511 3456 multi
3546 3400 3657 3456 sint

2095 3500 2543 3568 reprehensores.

2162 3591 2292 3645 Post
2322 3588 2655 3644 Marcianum
2689 3588 2800 3644 Leo
2827 3603 3055 3660 magnus
3081 3588 3315 3658 imperio
3348 3602 3444 3658 per
3471 3586 3534 3641 18
3564 3600 3660 3639 an-

2094 3696 2195 3735 nos
2245 3678 2474 3750 potitus,
2496 3695 2561 3735 ex
2609 3679 2997 3735 intestinorum
3047 3676 3212 3752 264
3246 3677 3435 3735 morbo
3490 3676 3654 3728 vitam

2095 3757 2254 3827 lﬁliit.
2306 3770 2383 3828 Eo
2435 3783 2697 3844 regnante
2732 3764 3041 3846 prodigium
3077 3772 3132 3826 in
3189 3771 3332 3827 caalo
3377 3768 3653 3839 quoddam

2093 3864 2366 3933 apparuit,
2418 3865 2676 3920 nimirum
2735 3863 2911 3919 nubes
2965 3863 3107 3917 tuba:
3160 3860 3488 3925 consimilis,
3537 3873 3674 3928 quae.

2095 3964 2239 4010 totos
2288 3954 2358 4009 40
2404 3956 2521 4010 dies
2566 3954 2804 4010 duravit.
2842 3954 3034 4012 Itidem
3080 3953 3233 4023 Cpoli
3272 3952 3459 4006 cinere
3500 3949 3659 4019 pluit,

2094 4043 2253 4115 cujus
2284 4043 2565 4099 crassities
2597 4044 2837 4115 palmum
2882 4042 3155 4114 zequabat.
3197 4041 3409 4096 idcirco
3446 4038 3659 4108 suppli-

2094 4145 2276 4193 catum
2326 4138 2395 4193 ab
2446 4136 2726 4202 omnibus,
2774 4134 2920 4207 quod
2972 4135 3221 4190 dicerent
3275 4134 3454 4205 ignem
3512 4131 3662 4185 hunc

2097 4228 2283 4295 fuisse,
2316 4244 2504 4285 verum
2534 4227 2872 4300 benignitate
2916 4227 3101 4283 divina
3145 4226 3478 4283 exstinctum
3513 4237 3656 4279 esse.

2095 4322 2251 4377 Tunc
2274 4329 2327 4377 et
2354 4336 2583 4392 magnus
2615 4321 2704 4376 ille
2732 4321 2993 4377 Danielus
3018 4319 3330 4375 columnam
3366 4317 3419 4371 in
3452 4315 3661 4385 Anaplo

2096 4414 2440 4480 conscendit,
2476 4425 2533 4470 et
2567 4412 2753 4468 Matris
2800 4413 3014 4468 Domini
3050 4428 3203 4468 sacra
3235 4411 3403 4467 vestis
3447 4409 3659 4479 Cpolim

2095 4514 2179 4561 est
2207 4506 2389 4561 allata.
2421 4505 2532 4562 Leo
2562 4520 2793 4577 magnus
2818 4505 3001 4567 edicto
3031 4505 3175 4561 cavit
3207 4519 3275 4559 ne
3309 4501 3439 4573 quid
3473 4501 3660 4569 Domi-

434 4618 596 4667 γανα,
632 4601 768 4655 ἀλλὰ
795 4602 1003 4665 πάντας
1032 4607 1143 4667 τοῖς
1178 4605 1340 4669 θείοις
1374 4605 1784 4675 ὲνασχολεῖσθαι
1816 4608 1990 4671 ναοῖς.

2097 4598 2237 4653 nicis
2259 4596 2456 4654 diebus
2481 4598 2665 4669 operis
2693 4596 2868 4663 ﬁeret,
2890 4612 3029 4653 neve
3058 4596 3172 4652 ludi
3198 4597 3474 4651 circenses
3499 4607 3660 4662 pera-

433 4693 568 4746 Τότε
613 4694 700 4764 δὴ,
740 4695 858 4747 τότε
890 4694 1039 4764 καὶὴ
1084 4695 1192 4748 τῶν
1238 4694 1525 4765 Ῥωμαίων
1564 4697 1802 4752 παύεται
1832 4697 1993 4767 βασι-

431 4785 567 4838 λεία.
592 4786 907 4854 Σημείωσαι
929 4786 987 4839 δὲ
1015 4787 1098 4840 ὃτι
1134 4787 1240 4841 ἀπὸ
1279 4786 1559 4857 Ῥωμύλου
1593 4787 1798 4861 ἧρξατο
1823 4787 1988 4858 αὕτη,

432 4878 526 4930 καὶ
561 4877 699 4946 μετά
722 4875 819 4948 ,ατ’
856 4877 949 4930 καὶ
975 4882 1022 4944 γ’
1056 4877 1150 4947 ἔτη
1183 4878 1239 4930 ἐν
1284 4875 1545 4948 Ῥωμύλῳ
1566 4877 1731 4932 πάλιν
1772 4878 1990 4934 πέπαυ-

430 4983 544 5031 ται,
597 4966 942 5038 κρατούντων
995 4970 1175 5022 ὲκείσε
1225 4970 1369 5039 μετά
1420 4970 1595 5024 ταῦτα
1649 4971 1833 5043 ρηγῶν
1898 4989 1994 5041 με·

430 5056 703 5125 γιστάνων
775 5058 869 5111 καὶ
946 5058 1061 5112 ὅσοι
1128 5058 1362 5114 τοιοῦτοι
1433 5061 1724 5132 χωράρχαι
1784 5062 1993 5133 βάρόα-

433 5165 519 5220 ροι
546 5148 682 5222 (89)-

510 5490 621 5564 (82)
670 5489 1017 5565 llicudesinit
1070 5492 1205 5565 alter
1253 5507 1288 5565 _e
1330 5493 1764 5549 Claromontanis
1811 5494 1993 5565 Glyca:

434 5560 565 5617 mss.
600 5560 911 5632 codicibus,
957 5577 1065 5629 quo
1124 5562 1421 5632 plurimum
1480 5565 1561 5617 usi
1611 5579 1842 5628 sumus;
1880 5560 1991 5618 'scd

437 5633 704 5702 nonnulla
751 5631 915 5702 habet
962 5634 1029 5685 de
1083 5631 1291 5702 septem
1327 5633 1551 5702 synodis
1586 5634 1994 5689 universalihus

433 5717 535 5763 suo
569 5701 828 5771 deinceps
873 5700 991 5757 loco
1032 5700 1155 5758 non
1186 5700 1503 5758 omittenda.
1555 5703 1776 5760 Interim
1809 5720 1997 5761 mone-

2094 4698 2376 4761 gereutur,
2400 4705 2538 4745 neve
2565 4689 2774 4745 musica
2806 4690 3166 4745 instrumenta
3200 4694 3541 4746 resonarcnt,
3567 4684 3661 4737 sed

2097 4796 2290 4837 omnes
2335 4780 2505 4836 rebus
2542 4779 2746 4836 divinis
2794 4780 3047 4851 occupati
3096 4786 3301 4834 essent.
3351 4777 3660 4831 Romanum

2097 4874 2390 4946 imperium
2423 4873 2478 4929 id
2511 4873 2769 4945 temporis
2813 4887 3045 4945 prorsus
3072 4872 3401 4928 exstinctum
3436 4878 3492 4923 et
3526 4867 3661 4921 abo-

2093 4968 2254 5023 litum
2305 4975 2411 5021 est.
2456 4965 2635 5035 Atque
2684 4964 2777 5020 hic
2833 4963 2970 5019 mihi
3021 4961 3261 5027 notabis,
3306 4959 3437 5015 illud
3484 4960 3661 5028 ipsum

2097 5057 2389 5129 imperium
2426 5072 2458 5113 a
2491 5056 2726 5113 Romulo
2754 5055 2968 5111 initium
2994 5055 3253 5111 habuisse
3282 5068 3347 5109 ac
3372 5058 3497 5123 post
3526 5049 3665 5104 I305

2099 5167 2276 5223 armos
2304 5151 2495 5206 itidem
2517 5148 2622 5206 sub
2651 5148 2888 5210 Romulo
2927 5147 3174 5218 principe
3207 5146 3496 5201 deiecisse.
3522 5142 3657 5196 Nam

2101 5243 2358 5312 deinceps
2383 5241 2510 5296 istic
2537 5254 2717 5311 reges,
2744 5240 3023 5313 principes
3044 5238 3249 5309 aliique
3276 5236 3413 5295 tales
3443 5228 3661 5290 barbari

2099 5340 2376 5389 certorum
2408 5330 2658 5389 locorum
2687 5330 2894 5388 domini
2925 5345 3108 5387 rerum
3141 5328 3300 5402 potiti
3334 5335 3483 5382 sunt.

2101 5494 2280 5548 bimus
2328 5493 2381 5548 in
2432 5492 2623 5549 codice
2656 5493 2698 5549 F
2729 5509 2837 5549 non
2885 5494 2951 5549 l8
3006 5495 3102 5549 sed
3151 5494 3217 5546 l7
3248 5490 3419 5546 Leoni
3454 5485 3658 5543 seniori

2098 5579 2275 5636 annos
2324 5564 2512 5636 tribui,
2558 5564 2677 5634 ejus
2729 5579 2962 5636 veroex
3030 5563 3140 5636 lilia
3186 5561 3371 5629 nepoti
3414 5558 3664 5636 ΔΖςιιρηῑε

2105 5634 2214 5712 lilio
2247 5634 2436 5710 Leoni,
2474 5630 2603 5689 non'
2634 5649 2809 5691 annos
2856 5633 3015 5698 duos,
3051 5633 3143 5687 sed
3197 5646 3366 5686 unum
3397 5630 3660 5689 duntaxat

2101 5717 2390 5775 assrguart.
