4154 6200
527 324 627 390 697

1758 334 2169 398 ANNALIUM
2208 336 2404 396 PARS
2442 337 2524 396 ιν
2543 381 2558 396 .

3648 343 3767 407 408

553 439 902 503 Λναστάσιον,
934 439 1114 509 ἕτερἰ
1154 441 1209 494 δὲ
1240 440 1464 510 Ζήνωνα
1495 441 1715 513 κατόχῳ
1753 445 2086 515 συσχεθῆναι

2195 444 2341 499 hunc
2393 443 2781 509 Anastasium,
2838 442 2976 498 alios
3022 442 3115 512 qui
3169 443 3446 501 Zenonem
3503 446 3769 503 comitiali

523 530 789 598 \ooﬁgutt
852 530 1094 599 λέγουσι,
1148 532 1240 584 καὶ⁸
1296 531 1439 585 οὕτω
1486 533 1748 603 ταφῆναι,
1807 535 1904 587 καὶ
1956 534 2093 603 μετὰ

522 620 697 673 ταῦτα
749 622 934 691 φωνὴν
979 624 1044 674 ἐκ
1091 623 1185 675 τοῦ
1243 623 1418 693 τάφου
1472 626 1741 696 προϊέναι,
1775 620 1878 678 εἷθ’
1920 624 2095 689 οὕτως

527 716 838 781 ἁνοιγέντος
871 715 968 767 τοῦ
1006 716 1285 785 μνήματος
1311 717 1609 786 εὑρεθῆναι
1638 719 1766 781 τοὺς
1799 718 2093 788 βραχίονας

524 805 686 858 αὐτοῦ
718 806 1100 875 βεδρωμένους
1129 809 1231 859 ὑπο
1263 810 1457 878 πείνης
1488 810 1620 876 ’έτπιρ⁹
1660 810 1850 863 αὒτοῦ.
1896 811 1983 863 Ἑν
2010 812 2088 879 τῷ

524 899 644 949 κατ’
687 898 982 966 ἀκρόπολιν
1037 899 1177 967 άγίιι)
1226 902 1390 969 Μηνᾷ
1433 900 1633 970 εὑρέθη
1671 900 1891 970 ὄρυγμα
1941 902 1999 953 ὲν
2051 896 2094 968 ᾧ

522 989 657 1042 ιστᾶ
692 990 965 1057 γιγάντων
1016 990 1219 1042 πολλάν
1259 992 1430 1043 ταῦτα
1466 993 1494 1045 ὁ
1531 992 1790 1061 βασιλεὺς
1830 993 2094 1046 ’Δναστά-

525 1096 638 1143 σιος
665 1081 824 1150 χάριν
856 1078 1136 1147 θαύματος
1164 1082 1221 1132 ἐν
1248 1080 1327 1149 τῷ
1355 1081 1603 1151 παλατίῳ
1631 1082 1917 1135 κατέθετο.
1935 1082 2094 1135 Οὕτω

528 1172 627 1239 μὲν
659 1171 752 1224 οὖν
786 1171 927 1223 κατὰ
974 1170 1064 1223 τὸν
1113 1171 1267 1234 ἅγιον
1307 1171 1585 1240 Μάμαντα
1641 1173 1857 1241 γέφυρα
1904 1169 1973 1244 ἦν
2002 1171 2095 1225 ἐπὶ

529 1264 748 1335 μεγάλῳ
802 1264 1055 1333 ποταμῷ.
1100 1264 1312 1316 Ἐκεῖσε
1346 1260 1438 1318 οὖν
1472 1263 1562 1318 διὰ
1612 1266 1675 1317 τὸ
1708 1265 1918 1318 οἴεσθαι
1966 1264 2097 1334 δρά-

526 1374 688 1410 κοντα
721 1358 1015 1422 κατοικείν,
1044 1356 1105 1409 ἐν
1131 1359 1197 1427 τῇ
1235 1356 1452 1427 γεφύρᾳ
1496 1357 1762 1425 δηλονότι,
1790 1357 2094 1428 παρθένους

526 1449 619 1503 καὶ
674 1448 865 1513 θυσίας
927 1449 1290 1519 προσέφερον.
1342 1446 1530 1501 Ταῦτα
1576 1448 1634 1502 δὲ
1695 1450 1886 1519 Ζήνων
1933 1448 2097 1502 κατέ-

527 1541 753 1612 στρεψε.

597 1635 836 1689 Γίνωσκε
873 1634 930 1688 δὲ
982 1634 1065 1688 ὄτι
1117 1634 1147 1687 ό
1204 1634 1458 1704 βασιλεὺς
1501 1634 1852 1697 Ἀναστάσιος
1900 1633 1995 1687 καί
2041 1650 2094 1686 τι

524 1727 810 1781 κάλλιστον
832 1722 944 1795 εἶχε
974 1729 1089 1787 τοῖς
1116 1724 1283 1779 αὐτοῦ
1316 1725 1820 1794 παραμεμιγμένον
1856 1724 2048 1784 κακοῖς
2073 1736 2090 1751 ⁸

2192 535 2388 589 morbo
2441 546 2753 605 correptum
2800 543 2967 603 atque
3015 535 3089 591 ita
3138 535 3393 604 sepulcro
3447 537 3768 591 mandatum

2191 622 2362 679 fuisse
2392 625 2632 678 tradant.
2660 624 2791 679 Inde
2828 640 3016 680 vocem
3047 624 3115 679 de
3146 628 3401 693 sepulcro
3426 628 3769 693 exauditam,

2191 732 2301 786 quo
2336 718 2556 773 recluso
2602 718 2883 772 inventum
2925 718 3180 779 cadaver,
3213 717 3301 771 cui
3352 718 3575 774 brachia
3610 721 3772 776 dces-

2191 817 2315 863 sent
2344 810 2412 864 ab
2440 810 2675 878 ipsomet
2700 809 2957 862 nimirum
2991 824 3101 878 prta
3136 808 3275 863 fame
3299 808 3582 865 devorata.
3608 813 3765 880 Apud

2192 908 2443 956 sanctum
2478 901 2689 955 Menam
2724 900 2778 953 in
2815 914 2964 963 arce,
2999 900 3118 953 solo
3152 900 3375 963 eﬂ‘osso,
3409 902 3768 958 subterranea

2192 992 2506 1051 concavitas
2539 992 2761 1045 inventa
2796 999 2897 1055 est,
2941 1004 3047 1058 qua
3093 991 3261 1043 multa
3310 993 3588 1061 gigantum
3637 1007 3763 1047 ossa

2193 1082 2647 1139 continebantur.
2679 1082 2753 1137 Ea
2784 1081 2949 1153 jussit
2981 1082 3280 1150 imperator
3307 1080 3631 1139 Anastasius
3660 1083 3760 1138 ad-

2192 1175 2509 1237 mirationis
2543 1189 2708 1230 causa
2744 1175 2798 1229 in
2832 1173 3058 1257 palatioﬁ
3073 1172 3359 1228 collocari.
3394 1172 3768 1231 Consimiliter
3858 1218 3875 1232 .

2193 1265 2337 1336 apud
2361 1276 2611 1321 sanctum
2640 1264 2967 1319 Mamantem
2993 1264 3171 1333 magni
3201 1262 3444 1318 ﬂuminis
3470 1279 3606 1333 pons
3628 1275 3767 1330 erat,

2194 1357 2298 1412 sub
2333 1369 2446 1425 quo
2493 1366 2655 1425 ponte
2691 1356 2837 1431 quod
2890 1354 3303 1410 existimaretur
3336 1353 3501 1408 draco
3546 1353 3767 1423 quidam

2194 1447 2415 1516 degere,
2447 1447 2689 1515 virgines
2724 1447 2870 1503 inter
2901 1447 3038 1501 alias
3074 1445 3280 1499 hostias
3316 1445 3766 1503 immolabantur.

2194 1540 2321 1595 Haec
2349 1554 2503 1594 sacra
2535 1538 2684 1593 Zeno
2712 1538 3014 1610 imperator
3044 1537 3322 1609 prohibita
3354 1538 3596 1591 sustulit.

2265 1632 2443 1687 Debes
2471 1639 2654 1685 autem
2694 1628 3133 1685 animadvertere
3166 1628 3425 1697 quiddam
3462 1629 3619 1697 longe
3649 1629 3770 1697 pul-

2195 1719 2533 1775 cberrimum
2554 1718 2610 1772 in
2633 1718 2739 1771 hoc
2764 1717 3093 1786 imperatore
3111 1715 3424 1782 Anastasio,
3442 1718 3766 1785 permistum

525 1820 621 1873 καὶ
649 1818 696 1871 εί
748 1817 823 1887 μὴ
858 1789 989 1886 περὶ
1034 1816 1096 1868 τὺ
1140 1816 1283 1869 θεῖον
1314 1789 1486 1877 σέέας
1518 1789 1838 1883 ἐσφάλλετο,
1873 1813 2092 1882 ἴσχυσεν

2195 1811 2344 1866 vitiis
2376 1811 2517 1881 ejus,
2542 1809 2853 1874 exstitisse;
2892 1807 3040 1877 quod
3077 1809 3256 1877 ipsum
3283 1824 3415 1862 sane
3447 1808 3766 1877 pra-clarum

525 1909 591 1963 ἂν
644 1908 706 1961 τὸ
753 1908 993 1961 τοιοῦτον
1047 1906 1213 1961 καλὸν
1277 1907 1497 1961 πάντων
1558 1907 1940 1975 περιγενέσθαι
1987 1907 2095 1961 τῶν

2195 1902 2411 1957 facinus
2440 1902 2659 1956 elevare
2706 1900 2847 1955 mala
2881 1906 3079 1953 extera
3116 1899 3405 1967 potuisset,
3440 1899 3484 1951 si
3520 1899 3656 1952 nihil
3710 1899 3764 1954 in

527 2001 738 2060 ἐκείνου
782 1999 993 2052 κακῶν.
1040 1998 1348 2068 Πρόρῤιζον
1392 1999 1501 2069 γὰρ
1536 1999 1813 2053 ἀνέσπασε
1848 2001 1946 2069 τὴν
1992 2016 2095 2051 κα-

527 2091 720 2159 κίστην
768 2091 972 2159 ταύτην
1023 2089 1332 2161 εἴσπραξιν,
1400 2091 1466 2161 ἦν
1522 2090 1811 2160 ίστορῆσαι
1860 2092 1887 2143 ὁ
1938 2090 2096 2158 λόγος

528 2184 828 2251 ἐπείγεται.
878 2184 1056 2242 ’Δπας
1116 2182 1253 2254 ἀνὴρ
1309 2183 1403 2236 καί
1449 2182 1610 2252 γυνὴ.
1652 2183 1813 2251 κόρη,
1842 2185 1967 2243 παῖς
2000 2184 2095 2235 καλ⁸

530 2277 748 2348 βρέφος,
790 2275 1002 2344 πτωχὸς
1046 2274 1331 2342 ἐλεύθερος
1360 2275 1453 2326 καὶ
1498 2272 1683 2334 δοῦλος
1719 2272 1858 2341 ὑπὲρ
1890 2271 2095 2324 σκυσάο

526 2369 634 2425 λων
677 2369 984 2437 κοπρηντῦν,
1032 2367 1259 2434 προσέτι
1306 2366 1363 2419 δὲ
1424 2367 1520 2419 καὶ
1582 2364 1781 2435 οὔρων,
1817 2363 2094 2434 ἅργυροῦν

528 2461 605 2533 τῷ
636 2459 845 2530 ταμείῳ
874 2459 1219 2530 προσέφερον
1258 2460 1528 2527 νόμισμα.
1564 2456 1730 2510 Τουτὶ
1757 2456 1813 2507 δὲ
1842 2455 1902 2507 τὸ
1930 2454 2095 2524 βάρος

530 2555 620 2614 καὶ
656 2555 765 2613 τοῖς
801 2553 1052 2620 κτήνεσιν
1098 2552 1284 2613 αὐτοῖς
1318 2552 1568 2603 ἐπέκειτο
1590 2566 1602 2581 ο
1644 2547 1784 2617 ὑπὲρ
1824 2550 1930 2618 γὰρ
1965 2547 2094 2599 ἑκά-

533 2662 659 2697 στου
690 2644 919 2713 κτήνους
969 2642 1183 2710 φόλλεες
1234 2640 1291 2705 ἓξ
1327 2642 1353 2692 ὁ
1396 2638 1671 2702 δεσπόζων
1704 2637 2090 2692 κατεϐάλλετο.

538 2737 602 2788 '0
624 2736 800 2788 τοίνυν
847 2733 1200 2795 Ἀναστάσιος
1235 2732 1499 2801 μοναχοϋς
1547 2731 1746 2797 ἄνδρας
1774 2729 2096 2799 εὐλαϐηθεὶς

532 2827 802 2892 ἐντεύξεις
836 2822 1239 2894 ποιησαμένους
1268 2822 1404 2890 πρὸς
1452 2820 1614 2872 αὑτὸν
1643 2820 1704 2871 es
1735 2819 1898 2890 βάρος
1939 2818 2095 2871 τοῦτο

533 2920 880 2972 παντάπασιν
928 2913 1179 2972 ἐντεῦθεν
1226 2911 1504 2983 ἀπήλασε.
1546 2909 1759 2978 Κοάδης
1790 2908 1846 2961 δὲ
1885 2909 1912 2961 ὁ
1958 2908 2098 2976 Περ-

532 3013 641 3064 σῶν
682 3009 933 3081 βασιλεὺς
980 3007 1041 3060 εν
1084 3023 1189 3058 τινι
1242 3005 1487 3073 φριυρίῳ
1529 3001 1712 3064 λίθους
1747 2999 1963 3069 τιμίους
1996 3016 2097 3062 μα-

531 3105 640 3156 θὼν
663 3100 1007 3161 ἀποκεῖσθαι,
1042 3099 1133 3151 καὶ
1162 3098 1506 3163 κωλυόμενος
1538 3093 1689 3162 παρὰ
1720 3092 1827 3144 τῶν
1865 3091 1921 3141 ὲν
1946 3087 2096 3157 αὑτῷ
2123 3120 2164 3178 c

530 3193 933 3251 κατοικούντων
976 3190 1245 3261 δαιμόνων
1281 3183 1646 3242 ἀναλαϐέσθαι
1690 3184 1908 3248 αὐτοὺς,
1944 3183 2094 3256 πάσῃ

533 3286 845 3365 μαγγανεία
904 3284 1196 3354 ἐχρήσατο,
1266 3279 1556 3341 Ἰουδαίους
1615 3294 1675 3329 τε
1733 3277 1828 3330 καὶ
1888 3276 2098 3337 πάντας

529 3381 723 3442 ἄλλους
752 3375 1291 3449 προσκαλεσάμενος.
1318 3374 1414 3425 καὶ
1442 3371 1618 3435 οὐδεὶς
1649 3369 1708 3436 ἐξ
1755 3368 1934 3423 αὐτῶν
1972 3367 2100 3436 ἡδυ-

529 3472 669 3540 νήθη
715 3469 937 3538 ποιῆσαί
979 3485 1054 3531 τι,
1100 3466 1258 3535 μόνος
1313 3465 1368 3517 δὲ
1400 3465 1428 3516 ὁ
1468 3465 1646 3519 ἐκεῖσε
1693 3459 2095 3522 ὲπισκοπεύων,

529 3563 609 3634 τῷ
650 3561 858 3632 σημείῳ
886 3559 977 3613 τοῦ
1014 3557 1249 3628 σταυροῦ
1286 3556 1545 3621 ἑκδιώξας
1580 3552 1798 3615 αὐτούς.
1825 3554 1934 3606 Καὶ
1966 3552 2099 3623 περὶ⁵

534 3656 639 3727 μὲν
670 3654 874 3709 τούτων
904 3652 1097 3716 οὕτως.

600 3892 755 3972 Μετὰ
807 3889 865 3944 δὲ
924 3890 1283 3945 Ἀναστάσιον
1330 3890 1615 3952 ’1ουστῖνος
1662 3891 1689 3943 ὁ
1719 3887 1866 3960 Θρᾲξ
1904 3890 1998 3956 ἔτη
2029 3887 2094 3942 0'.

543 3985 658 4053 Ἐφ’
682 3978 742 4039 οὗ
769 3982 948 4054 ἀστὴρ
978 3984 1153 4053 ἐφάνη
1180 3983 1238 4035 ἐν
1264 3982 1344 4052 τῷ
1372 3982 1588 4052 οὐρανῷ
1616 3981 1803 4035 ἐπάνω
1841 3984 1938 4050 τῆς
1972 3981 2101 4050 χαλε»

530 4076 633 4144 κῆς
664 4075 839 4143 πύλης
868 4074 963 4129 τοῦ
995 4075 1297 4141 παλατίου,
1332 4073 1425 4124 ἐπὶ
1459 4073 1674 4142 ἡμέρας
1720 4077 1838 4135 κς’,
1879 4074 1977 4126 καὶ
2003 4071 2097 4139 γέ-

529 4185 653 4236 γονε
711 4169 936 4239 σεισμὸς
993 4168 1391 4237 φοϐερώτατος.
1424 4167 1534 4220 Καὶ
1584 4168 1615 4235 ἡ
1672 4163 1770 4233 μὲν
1810 4166 2101 4217 Κωνσταν-

528 4258 838 4321 τινούπολις
866 4259 924 4310 ιν
947 4258 1229 4326 διαφόροις
1257 4256 1445 4318 τόποις
1476 4253 1835 4322 συμπτώσεις
1862 4254 2096 4321 ὑπέμει-

528 4368 636 4414 νεν,
669 4351 703 4420 η
728 4349 786 4403 δὲ
812 4348 1023 4419 μεγάλη
1071 4348 1377 4417 Ἀντιόχεια
1415 4346 1566 4399 πᾶσα
1602 4345 1788 4415 σχεδὸν
1815 4345 2091 4415 κατεπόθη

2193 1995 2344 2048 cultu
2379 1992 2755 2063 religioneque
2780 1990 2967 2044 divina
2996 1991 3202 2043 erroris
3228 1989 3473 2044 favisset.
3503 1989 3636 2044 Nam
3665 1990 3764 2047 tri-

2194 2087 2387 2141 butum
2461 2083 2740 2154 quoddam
2801 2081 3209 2151 iniquissimum
3275 2081 3534 2145 sustulit,
3608 2081 3767 2149 cujus

2195 2174 2465 2228 rationem
2518 2185 2791 2241 exponere
2849 2170 3001 2227 libet.
3058 2169 3266 2237 Singuli
3320 2169 3600 2230 mortales,
3628 2170 3764 2235 viri,

2195 2267 2472 2331 mulieres,
2490 2265 2704 2333 puellae,
2731 2264 2905 2334 pueri.
2937 2263 3194 2328 infantes,
3216 2261 3475 2325 mendici,
3513 2261 3765 2330 ingenui,

2193 2354 2357 2416 SBI'Vi,
2389 2362 2870 2409 excrementorunt
2916 2362 3325 2407 stercoreorum
3378 2360 3434 2409 Bt
3481 2351 3764 2404 urinarum

2195 2446 2413 2500 nomine
2440 2459 2725 2498 nummum
2745 2453 3060 2514 argenteum
3082 2443 3275 2496 aerario
3307 2442 3636 2511 pendebant.
3673 2441 3766 2496 At-

2194 2553 2302 2609 que
2338 2537 2483 2591 idcm
2516 2537 2619 2590 hoc
2642 2550 2782 2589 onus
2812 2535 2945 2603 ipsis
2970 2533 3134 2588 etiam
3161 2532 3422 2601 iumentis
3448 2532 3763 2599 impositum

2197 2634 2364 2681 erat:
2401 2626 2566 2701 266
2613 2641 2741 2679 nam
2789 2624 3059 2693 cujusque
3107 2622 3343 2693 jumenti
3405 2622 3623 2677 nomine
3672 2635 3765 2674 sex

2195 2714 2369 2778 oboli,
2392 2731 2530 2784 quos
2555 2715 2714 2769 folles
2746 2715 3046 2783 appellant,
3071 2728 3100 2766 a
3129 2712 3353 2765 domino
3375 2710 3762 2780 exigebantur.

2194 2806 2366 2876 Igitur
2398 2806 2718 2860 Anastasius
2747 2805 2896 2859 viros
2927 2804 3191 2873 quosdam
3228 2802 3487 2855 solitariae
3516 2802 3640 2855 vita:
3667 2800 3766 2855 de-

2195 2898 2340 2952 ditos
2371 2894 2669 2958 reveritus,
2703 2893 2797 2963 qui
2847 2893 2992 2963 apud
3045 2893 3223 2962 ipsum
3259 2892 3399 2945 hanc
3431 2892 3502 2945 ob
3540 2905 3761 2945 causam

2196 2989 2643 3052 intercesserant,
2682 3000 2824 3040 onus
2865 2985 2970 3039 huc
3029 2984 3084 3038 in
3136 2985 3457 3037 universum
3522 2982 3762 3037 sustulit.

2197 3080 2329 3135 Erat
2377 3078 2465 3133 his
2519 3077 2862 3147 temporibus
2913 3091 3007 3130 rex
3059 3077 3346 3130 Persarum
3390 3073 3624 3139 Coades,
3670 3073 3763 3143 qui

2198 3184 2326 3226 cum
2358 3170 2415 3225 in
2447 3167 2676 3226 castello
2706 3168 2943 3239 quodam
2972 3182 3214 3240 gemmas
3238 3181 3359 3222 esse
3394 3167 3571 3238 magni
3602 3161 3767 3236 pretii

2197 3262 2501 3328 didicisset,
2546 3277 2610 3315 ac
2652 3261 2951 3331 quominus
3007 3260 3090 3314 eis
3172 3257 3441 3328 pOIirelur
3476 3257 3543 3309 ab
3574 3253 3768 3309 incolis

2196 3354 2302 3411 loci
2331 3355 2508 3425 geniis
2535 3352 2919 3423 impediretur,
2944 3349 3094 3404 omni
3138 3362 3338 3418 genere
3370 3346 3763 3416 praestigiarum

2198 3461 2333 3502 usus
2358 3455 2461 3500 est.
2498 3445 2632 3500 Nam
2658 3454 2714 3500 et
2740 3444 2959 3499 Jndreos
2984 3449 3039 3496 et
3064 3440 3287 3511 quosvis
3314 3440 3450 3494 alios
3474 3438 3768 3493 arcessitos

2197 3538 2526 3602 adhibebat;
2555 3552 2733 3606 neque
2765 3544 2949 3589 tamen
2978 3535 3199 3589 illorum
3228 3531 3516 3602 quisquam
3556 3529 3762 3599 aliquid

2198 3629 2415 3686 edicere
2458 3636 2694 3699 poterat.
2744 3627 2987 3681 Tandem
3045 3626 3275 3687 antistes
3322 3623 3441 3693 ejus
3496 3622 3602 3675 loci
3651 3621 3766 3675 solo

2197 3724 2385 3777 erucis
2418 3722 2574 3792 signo
2601 3720 2790 3790 genios
2827 3719 3060 3789 expulit.
3091 3717 3169 3772 Ac
3198 3715 3267 3771 de
3293 3715 3381 3770 bis
3410 3714 3629 3785 quidem
3664 3714 3766 3768 hoc

2199 3813 2360 3867 modo
2386 3811 2592 3866 dictum
2627 3821 2766 3865 esto.
3486 3860 3493 3865 ,

2268 3904 2393 3958 Post
2420 3902 2766 3956 Anastasium
2794 3914 2970 3954 annos
2995 3915 3188 3953 novem
3216 3897 3469 3955 Justinus
3497 3895 3765 3952 oriundus

2197 4008 2228 4049 e
2264 3992 2499 4047 Thracia
2538 3991 2807 4061 regnavit,
2847 3990 2952 4045 sub
2984 4003 3094 4058 quo
3137 3988 3293 4044 sidus
3341 3990 3396 4043 in
3431 3987 3572 4043 coelo
3603 4000 3767 4055 pecu-

2194 4085 2330 4139 liare
2363 4093 2714 4152 conspectum
2745 4091 2830 4136 est
2893 4096 3059 4150 supra
3090 4090 3302 4150 portam
3329 4094 3526 4134 aeream
3559 4077 3765 4148 palatii,

2198 4181 2346 4226 totos
2367 4172 2438 4225 26
2463 4171 2605 4225 dies.
2631 4170 2808 4225 Simul
2837 4179 2998 4225 terra:
3030 4180 3212 4223 motus
3240 4169 3475 4224 maxime
3506 4167 3768 4223 formida.

2196 4264 2324 4319 bilis
2360 4261 2580 4317 accidit.
2621 4260 2779 4331 Cpoli
2827 4261 3051 4331 quidem
3082 4260 3251 4315 variis
3288 4262 3344 4315 in
3372 4258 3509 4315 locis
3540 4259 3768 4315 aedilicia

2200 4364 2553 4418 corruerunt,
2586 4354 2718 4409 urbs
2742 4370 2874 4408 vero
2902 4354 2993 4408 illa
3027 4368 3224 4422 magna
3258 4353 3547 4408 Antiochia
3573 4367 3771 4422 prope-

527 4444 621 4495 καὶ
668 4443 841 4511 τάφος
897 4440 1009 4495 τῶν
1061 4442 1366 4512 οἰκητόρων
1421 4440 1676 4507 ιγένετο·
1724 4440 1853 4502 τοὺς
1898 4439 1956 4491 δὲ
2015 4438 2096 4492 ἔτι

2201 4446 2424 4501 modum
2456 4456 2567 4501 tota
2605 4456 2763 4501 terra:
2791 4446 2945 4500 hiatu
2972 4445 3230 4516 absorpta
3260 4455 3347 4500 est
3371 4455 3426 4500 et
3456 4444 3766 4515 sepulcrum

528 4531 886 4604 ζῶντας,πῦρ
918 4532 1164 4588 κάτωθεν
1208 4532 1572 4603 ἀνερχόμενον
1618 4530 1975 4600 κατέφλεγεν.
2030 4531 2097 4583 Ἡ

526 4625 583 4677 iii
644 4624 1092 4695 Πομπηῑούπολις
1143 4625 1308 4693 μέσον
1353 4624 1601 4694 ἐρράγη,
1660 4623 1757 4676 καὶ
1812 4622 1872 4675 τὸ
1925 4623 2097 4691 ἥμισυ

528 4717 696 4786 αὐτῆς
722 4715 999 4785 κατεπόθη
1033 4713 1172 4784 μετὰ
1209 4714 1319 4765 τῶν
1347 4713 1668 4783 οίκητόρων.
1709 4710 1945 4764 Ἐσείετο
1975 4710 2033 4763 δὲ
2064 4711 2097 4780 ἡ

528 4808 599 4876 γῆ
630 4807 875 4861 ἐνιαυτὸν
904 4806 1048 4861 ὃλον.
1074 4806 1193 4860 ’Καὶ
1225 4803 1365 4875 γυνὴ
1404 4804 1462 4857 δὲ
1494 4804 1667 4874 ἐφάνη
1704 4805 1813 4856 ἀπὸ
1842 4801 2098 4864 Κιλικίας

527 4902 936 4971 γιγαντογενὴς,
963 4901 1311 4971 ὑπερέχουσα
1338 4896 1537 4953 πάντα.
1552 4896 1845 4969 ἄνθρωπον
1886 4894 2098 4967 μακρὸν

528 4991 708 5060 πῆχυν
738 4991 864 5049 ἕνα·
898 4988 968 5063 ἦν
992 4992 1050 5045 δὲ
1075 4990 1173 5045 καὶ
1203 4990 1435 5044 πλατεῖα
1473 4987 1702 5059 σφόδρα.

594 5266 746 5320 Μετὰ
797 5265 853 5318 δὲ
907 5263 1100 5318 τοῦτον
1139 5262 1519 5325 ’ῐουστινιανδς
1567 5262 1597 5314 ὁ
1655 5261 1829 5331 μέγας
1862 5259 1958 5327 ἐτη
1985 5257 2088 5313 λθ’.

525 5352 692 5420 οὗτος
724 5358 753 5409 ό
782 5355 1038 5428 βασιλεὺς
1073 5356 1168 5409 καὶ
1198 5357 1308 5424 (πρὸ
1350 5355 1452 5425 τῆς
1500 5352 1779 5422 βασιλείας
1807 5351 1971 5406 αὑτοῦ
2002 5369 2094 5419 φι-

523 5451 652 5513 λίως
687 5452 921 5504 διέκειτο
946 5449 1084 5520 πρὸς
1120 5450 1415 5519 ’ῐνδέριχον
1444 5449 1591 5519 ρῆγα
1611 5448 1723 5501 τῶν
1746 5446 2090 5500 Οὺανδάλων.

524 5540 859 5604 Βασιλεύσας
887 5540 1002 5605 οὖν,
1027 5542 1123 5594 καὶ
1155 5541 1463 5610 γράμματα
1500 5539 1796 5609 δεξάμενος
1843 5538 1926 5592 ὅτι
1972 5538 2093 5591 κατ’

524 5636 691 5685 αὐτοῦ
730 5636 757 5687 ὁ
805 5633 1037 5704 Γελίμερ
1093 5634 1367 5703 ἐπανέστη
1429 5632 1525 5686 καὶ
1576 5630 1869 5702 κατασχὼν
1930 5631 2103 5685 αὑτὸν-

532 5727 623 5778 σὺν
655 5729 870 5796 γαμετῇ
930 5727 1021 5780 καὶ
1080 5726 1290 5788 τέκνοις
1352 5726 1410 5779 ὲν
1474 5724 1690 5794 φυλακῇ
1751 5724 2088 5785 κατέκλεισε,

2200 4539 2502 4594 incolarum
2538 4537 2703 4592 facta.
2746 4535 2801 4592 Si
2832 4537 2925 4606 qui
2955 4536 3236 4591 restabant
3265 4536 3399 4599 vivi,
3430 4550 3527 4592 ens
3558 4549 3590 4592 e
3622 4546 3769 4591 terra

2197 4644 2563 4701 prorumpens
2596 4628 2737 4698 ignis
2771 4628 3103 4699 absumpsit.
3142 4628 3548 4698 Pompeiopolis
3592 4627 3770 4683 media

2196 4720 2409 4776 divulsa
2440 4729 2546 4785 est,
2595 4734 2831 4791 parsque
2863 4720 3035 4776 altera
3067 4736 3191 4775 cum
3226 4719 3635 4775 habitatoribus
3675 4718 3771 4773 ab-

2196 4821 2402 4881 sorpta.
2432 4812 2661 4869 Duravit
2693 4814 2807 4868 haec
2836 4822 2995 4869 terrae
3017 4813 3302 4871 succussio
3334 4821 3509 4867 totum
3539 4825 3766 4867 annum.

2196 4906 2275 4962 Ex
2305 4904 2495 4962 Glicia
2525 4918 2746 4973 quoque
2780 4903 2981 4959 mulier
3009 4904 3262 4974 quaedam
3296 4903 3539 4969 advenit,
3569 4918 3769 4974 genere

2197 5000 2479 5069 gigantum
2509 5008 2654 5060 orta,
2681 5011 2804 5064 qua:
2833 4996 3014 5049 virum
3044 4997 3319 5065 quemvis,
3341 4996 3506 5052 etiam
3535 4996 3768 5051 maxime

2196 5104 2511 5160 procerum.
2553 5102 2663 5141 uno
2705 5086 2895 5140 cubito
2943 5086 3263 5156 superabat,
3297 5086 3386 5141 cui
3438 5084 3765 5157 longitudini

2196 5180 2481 5236 crassities
2506 5193 2728 5248 quoque
2756 5176 3144 5247 respondebat.

2270 5267 2508 5323 Secutus
2550 5276 2637 5323 est
2681 5267 2961 5322 Justinqu
3016 5268 3071 5321 in
3125 5269 3356 5333 imperio
3390 5280 3627 5338 «magnus
3672 5264 3767 5322 ille

2193 5361 2560 5425 Justinianus,
2594 5374 2772 5429 eoque
2800 5359 2870 5413 59
2902 5360 3064 5413 annis
3100 5368 3184 5414 est
3214 5359 3440 5428 potitus.
3470 5357 3567 5410 llic
3596 5355 3764 5410 etiam

2197 5459 2325 5505 ante
2353 5465 2521 5520 quam
2552 5457 2829 5521 regnaret,
2860 5464 3049 5505 amore
3073 5446 3539 5517 complectebatur
3564 5443 3765 5499 llinde—

2195 5541 2411 5595 ricltutn
2444 5540 2816 5596 Vandalorum
2851 5552 3055 5607 regem.
3089 5535 3438 5603 Quapropter
3472 5530 3764 5600 imperium

2195 5633 2444 5701 adeptus,
2479 5646 2604 5687 cum
2629 5631 2846 5685 litteras
2869 5626 3176 5695 accepisset
3206 5624 3408 5694 quibus
3431 5622 3768 5691 signiﬁcare.

2199 5733 2286 5778 tur
2333 5722 2663 5779 Geiimcrem
2697 5721 2957 5776 adversus
3004 5718 3157 5777 illum
3208 5714 3530 5773 scditittztcm
3582 5717 3767 5776 conci.
