4154 6200
388 264 500 332 499

1656 269 2073 331 Μιειῑιιςιιδ
2104 272 2365 333 GLYCE

3528 273 3628 334 5οθ

390 384 535 431 tasse
569 375 1135 446 comprehensumque
1176 391 1298 441 cum
1347 392 1517 433 uxore
1552 393 1615 434 ac
1657 380 1844 436 liberis
1898 381 1952 434 in

2072 380 2300 451 πόλεμον
2332 378 2698 450 συνεκρότησε
2728 379 2869 434 κατὰ
2894 380 3001 435 τῶν
3029 380 3352 435 Οὖανδάλων
3396 382 3489 436 uel.
3529 388 3626 440 τοῦ

390 479 669 521 carcerem
710 467 1065 531 conclusisse,
1102 464 1356 522 Vandalis
1392 455 1589 529 bellum
1622 470 1827 534 intulit,
1860 470 1956 525 atl-

389 570 585 610 versus
627 555 952 611 Gelimerem
988 557 1232 625 ipsorum
1286 575 1468 629 regem
1504 562 1739 617 infinitis
1775 562 1956 617 homi-

394 663 525 702 num
555 647 726 716 copiis
749 662 873 701 cum
905 651 1079 703 classe
1108 650 1313 715 missis,
1341 654 1540 721 quibus
1571 656 1960 724 praestantissi-

395 753 543 791 mum
591 736 783 792 durem
821 737 1143 793 Belisarium
1180 741 1442 810 praefecit.
1494 744 1544 799 ls
1592 746 1868 814 profectus
1903 748 1960 803 in

393 827 631 882 Africam
658 826 885 899 Libyam
922 831 1236 887 universam
1278 834 1516 902 subegit,
1551 847 1603 890 et
1642 840 1696 892 in
1725 838 1959 896 sublime

394 920 639 974 cervices
678 921 995 983 attollentes
1031 921 1301 979 Vandalos
1347 925 1642 983 admodum
1692 930 1963 987 demissos

394 1008 576 1067 effecit
607 1031 621 1065 :
660 1028 783 1071 nam
818 1013 935 1082 ipsa
970 1029 1186 1084 quoque
1216 1015 1692 1088 Carthaginiensis
1731 1020 1862 1076 urbs
1910 1022 1961 1077 ei

395 1112 584 1169 portas
616 1101 854 1171 aperuit.
886 1100 1157 1157 Nimirum
1187 1114 1247 1158 ut
1277 1104 1436 1161 liberi
1468 1117 1705 1177 patrem,
1737 1110 1816 1166 sic
1844 1126 1965 1166 om-

292 1202 302 1211 '
396 1205 497 1244 nes
547 1188 865 1247 Belisarium
913 1188 1243 1264 diligebant;
1289 1197 1383 1268 qui
1437 1199 1649 1271 magnis
1706 1200 1762 1257 in
1813 1204 1962 1274 regia

396 1280 687 1337 Gelimeris
710 1283 908 1353 opibus
938 1285 1192 1356 repertis,
1225 1303 1318 1343 eas
1348 1289 1744 1349 liberalissime
1775 1294 1965 1353 militi.-

398 1373 501 1427 bus
532 1372 839 1437 distribuit.
863 1375 1113 1447 Cumque
1143 1377 1468 1437 Gelimerem
1500 1391 1554 1438 et
1584 1400 1810 1441 uxorem
1844 1388 1964 1457 ejus

394 1468 452 1517 et
479 1463 687 1520 liberos
718 1480 870 1524 suam
898 1467 952 1529 in
981 1478 1301 1537 potestatem
1331 1471 1653 1544 redegisset,
1688 1477 1967 1535 sexcentis

397 1553 642 1609 victoriis
670 1555 897 1627 insignis
926 1558 993 1613 ad
1024 1560 1409 1630 imperatorem
1439 1576 1523 1621 est
1550 1582 1822 1630 reversus.
1845 1568 1965 1636 Quo

2065 473 2232 543 ρηγίις
2284 472 2464 527 αὐτῶν
2519 472 2838 542 Γελίμερος,
2885 473 3070 527 στόλον
3114 473 3401 544 ἐκπέμψας
3451 476 3625 529 ἐκεῖσε

2065 563 2413 633 μυρίανδρον,
2444 563 2521 633 τῷ
2557 564 3060 634 στρατηγικωτάτῳ
3107 564 3413 638 Βελισαρίῳ
3444 584 3623 637 παρα-

2061 654 2181 718 δοὺς
2217 656 2402 708 αὐτόν.
2447 655 2775 726 Ἆπέρχεται
2802 653 2899 709 οῦν
2930 657 3131 722 ἐκεῖσε,
3166 658 3263 711 καὶ
3315 660 3495 712 πᾶσαν
3531 660 3631 713 At-

2064 746 2210 801 ϐύων
2273 748 2584 818 φυλαρχίαν
2630 748 2952 817 τροποῦται,
3004 750 3097 802 καὶ
3149 752 3278 814 τοὺς
3323 752 3629 822 ὑψαύχενας

2063 839 2403 901 Οὑανδάλους
2467 838 2562 892 καὶ
2618 838 2738 891 λίαν
2788 839 3090 905 ἐπικλινεϊς
3140 842 3442 898 δείκνυσιν.
3475 846 3547 897 Ἦ
3570 862 3630 897 τε

2062 929 2172 981 τῶν
2202 929 2588 999 Καρχηδονίων
2626 929 2776 993 πόλις
2812 933 2911 992 τὰς
2954 930 3126 994 πύλας
3174 933 3325 1002 αὺτῷ
3356 934 3629 988 ἀνεπέτα-

2064 1037 2155 1074 σεν
2183 1035 2196 1048 ·
2230 1020 2304 1082 ὡς
2335 1025 2446 1091 γὰρ
2492 1021 2708 1092 πατέρα
2736 1023 2948 1085 παῖδες,
2974 1022 3148 1086 οὓτως
3201 1025 3420 1091 ἐφίλουν
3454 1025 3630 1079 ἄϊιαν-⁹

2062 1126 2153 1171 τες
2185 1108 2518 1179 Βελισαριον.
2565 1111 2655 1163 Ἐν
2681 1109 2737 1164 δέ
2783 1127 2848 1178 γε
2887 1112 2998 1171 τοῖς
3024 1110 3317 1181 βασιλείοις
3345 1113 3634 1183 Γελίμερος

2064 1203 2296 1258 πλοῦτον
2347 1203 2524 1275 εὑρὼν
2580 1206 2665 1258 ὅτι
2729 1206 2898 1259 πολὺν
2937 1205 3017 1276 τῷ
3071 1207 3287 1276 στρατῷ
3335 1207 3631 1277 φιλοτίμως

2062 1296 2320 1371 διένειμε.
2354 1297 2459 1350 Τὸν
2504 1298 2689 1365 μέντοι
2728 1296 3003 1367 Γελίμερα
3042 1298 3142 1351 σὺν
3172 1300 3389 1368 γαμετῇ
3423 1299 3517 1352 καὶ
3545 1299 3635 1349 τέ-

2063 1406 2215 1452 κνοις
2276 1389 2458 1443 λαϐὼν
2514 1389 2894 1461 δορυαλώτους
2947 1391 3260 1462 μυριόνικος
3303 1391 3632 1461 ὑποστρέφει

2064 1481 2199 1551 πρδς
2224 1480 2314 1533 τὸν
2352 1479 2754 1551 αὐτοκράτορα.
2789 1482 2984 1535 Ἔνθεν
3019 1498 3104 1534 τοι
3155 1482 3249 1534 καὶ
3278 1481 3442 1547 ἀξίως
3470 1481 3633 1534 αὑτὶν

2063 1570 2427 1641 ἀμειϐόμενος
2469 1572 2498 1625 6
2542 1572 2796 1642 βασιλεὺς
2843 1572 2999 1633 ἰδίοις
3030 1575 3090 1627 ἐν
3136 1572 3460 1643 νομίσμασι,
3496 1589 3630 1642 χρυ-

402 1643 608 1699 factum
643 1653 703 1699 ut
756 1646 1053 1719 imperator
1099 1667 1222 1707 eum
1269 1655 1483 1711 meritis
1517 1660 1757 1727 praemiis
1790 1659 1963 1716 hone—

2072 1662 2210 1725 σέοις
2239 1662 2548 1734 ἀργυρέοις,
2569 1663 2798 1732 ὁπλίτην
2827 1663 3124 1733 ἐνεχάραξε
3152 1663 3428 1733 ῥομφαίαν
3464 1663 3634 1714 ἐσπα-

408 1742 559 1791 stans
584 1739 822 1807 propriis
865 1740 919 1794 in
947 1743 1207 1808 nummis,
1231 1754 1339 1799 tam
1375 1749 1559 1803 aureis
1582 1764 1749 1819 quam
1769 1767 1964 1822 argen-

2072 1722 2291 1825 sps'vov:
2320 1722 2646 1809 ”Α’λλὰ”και
2686 1722 2957 1827 θριαμεοῖρ
2996 1722 3163 1825 αὐτῷ.
3190 1722 3441 1824 λαμπρὸν
3486 1755 3605 1823 ἡτοί

401 1830 521 1894 teis,
544 1830 722 1886 virum
746 1845 1015 1890 armatum
1040 1836 1372 1909 insculperet
1392 1857 1518 1896 cum
1540 1844 1719 1914 gladio
1740 1847 1969 1903 stricto..

402 1920 545 1987 Quin
590 1925 756 1979 etiam
790 1927 1128 1999 triumphum
1160 1932 1211 1985 ei
1261 1934 1609 2001 splendidum
1657 1941 1964 2005 apparavit,

397 2013 455 2069 in
492 2029 602 2083 quo
635 2014 797 2087 267
832 2017 1071 2075 Gelimer
1098 2030 1223 2078 ante
1252 2023 1429 2093 ipsum
1464 2026 1712 2097 captivus
1740 2029 1966 2085 incede-

402 2103 515 2158 bat.
591 2106 737 2162 Idem
789 2110 1087 2169 Belisarius
1130 2113 1360 2171 Romam
1410 2130 1654 2174 veterem
1704 2136 1735 2175 a
1776 2121 1971 2177 Gothis

401 2206 613 2264 Captam
650 2198 912 2256 Romanis
943 2208 1324 2274 recuperavit;
1374 2218 1429 2263 et
1464 2211 1643 2279 ipsum
1677 2211 1970 2281 imperato-

405 2300 520 2338 rem
546 2300 612 2340 eo
640 2288 729 2343 die
756 2292 1152 2357 periclitantem
1177 2312 1287 2366 quo
1307 2310 1561 2368 equestre
1591 2304 1968 2370 spectaculum

403 2372 692 2445 edebatur,
724 2377 1019 2451 adjuvante
1043 2384 1238 2448 Narse.
1270 2391 1524 2457 prazsenti
1548 2391 1742 2448 mortis
1771 2408 1802 2447 e
1829 2392 1973 2462 peri-
2020 2448 2021 2451 η

403 2463 527 2518 culo
562 2466 788 2536 eripuit.
836 2464 949 2526 Hoc
992 2475 1157 2530 modo
1200 2492 1513 2548 quanquam
1561 2497 1621 2537 se
1674 2482 1971 2538 Belisarius

396 2557 658 2645 gesserit,
698 2576 804 2615 non
848 2572 1027 2621 tamen
1060 2582 1187 2622 eum
1222 2569 1456 2626 tolerare
1490 2582 1707 2641 poterat
1739 2574 1969 2642 invidia,

399 2662 508 2709 nec
536 2664 623 2706 res
660 2651 730 2708 ab
762 2669 829 2709 eo
873 2658 1132 2725 praeclare
1165 2671 1346 2729 gestas
1387 2678 1546 2735 aequo
1600 2665 1785 2720 animo
1833 2650 1968 2735 pati.

403 2735 769 2803 Quamobrem
818 2744 866 2801 is
908 2749 1003 2817 qui
1048 2749 1275 2807 Chosroi
1327 2754 1524 2808 terrori
1569 2754 1750 2810 fuerat
1782 2764 1973 2825 totque

406 2828 593 2903 Libyas
621 2837 854 2906 populos
884 2839 938 2894 in
968 2840 1231 2897 ditionem
1269 2846 1574 2916 redegerat,
1611 2848 1767 2901 ruina
1808 2850 1973 2904 mise-

2072 1862 2266 1914 μασεν,
2302 1847 2359 1898 ἐν
2397 1837 2441 1913 ᾧ
2470 1846 2945 1916 προπορευόμενος
2974 1840 3042 1915 ἦν
3073 1842 3236 1897 αὐτοῦ
3264 1844 3357 1896 καὶ
3381 1842 3633 1911 Γελίμερ.

2074 1939 2195 1991 Ἐτι
2244 1938 2301 1991 δὲ
2343 1940 2437 1991 καὶ
2475 1936 2694 2008 Ῥώμην
2737 1937 2836 2005 τὴν
2878 1936 3218 2005 παλαιτάτην
3271 1935 3375 1989 ὑπὸ
3422 1935 3630 1988 Γότθων

2074 2027 2308 2080 ἁλοῦσαν
2348 2025 2639 2096 Ῥωμαίοις
2673 2023 3077 2083 ἐπανεσώσατο.
3120 2023 3280 2076 Ἀλλὰ
3330 2020 3422 2075 καὶ
3472 2020 3635 2074 αὑτὸν

2070 2117 2160 2169 τὸν
2186 2116 2563 2186 αὐτοκράτορα
2617 2111 2992 2175 κινδυνεύοντα
3032 2113 3155 2167 καθ’
3202 2113 3268 2183 ἥν
3298 2111 3511 2182 ἡμέραν
3543 2111 3635 2161 ir:-

2069 2208 2229 2261 πικδν
2261 2208 2559 2265 ἐκτελείται
2601 2206 2852 2277 θέατρον,
2887 2206 2915 2259 6
2944 2204 3263 2275 Βελισάριος
3295 2203 3515 2272 σύναμα
3546 2200 3623 2270 τῷ

2071 2296 2267 2365 Ναρσῇ
2325 2292 2421 2346 τοῦ
2474 2294 2844 2363 προκειμένου
2901 2292 3150 2346 κινδύνου
3212 2290 3471 2355 ἐξείλετο.
3526 2288 3636 2343 Καὶ

2071 2385 2214 2440 οὕτω
2268 2386 2366 2454 μὲν
2395 2388 2422 2443 6
2456 2384 2793 2455 Βελισάριος.
2847 2384 2989 2440 Ἀλλ’
3040 2385 3140 2437 οὐκ
3182 2383 3384 2437 ἀνεκτὰ
3423 2382 3518 2436 καὶ
3558 2380 3637 2449 τῷ

2074 2481 2253 2551 φθόνῳ
2307 2481 2455 2535 δοκεῖ
2521 2478 2592 2533 τὰ
2654 2480 2773 2533 κατ’
2834 2480 3064 2532 ἐκεῖνον.
3137 2474 3416 2529 Ἐντεῦθεν
3464 2476 3492 2527 6
3545 2473 3637 2526 τὸν

2072 2573 2321 2643 Χοσρόην
2352 2571 2624 2641 ἐκφοϐῶν,
2660 2572 2689 2625 6
2717 2572 2850 2625 τόσα
2888 2570 3104 2625 Λιϐύων
3137 2568 3262 2637 ἔθνη
3295 2566 3637 2637 χειρωσάμεξ

2071 2682 2182 2731 νος,
2212 2663 2415 2732 πτῶμα
2470 2664 2759 2716 πέπτωκεν
2812 2660 3063 2725 ἐλεεινὸν,
3129 2658 3337 2717 πολλῶν
3383 2656 3635 2726 δακρύων

2073 2753 2221 2818 ἄξιον
2243 2770 2258 2786 ο
2283 2753 2519 2822 ἐκάθητο
2552 2752 2659 2821 γὰρ
2705 2750 2992 2820 ἀναμένων
3023 2747 3113 2805 τὸν
3138 2747 3332 2818 δήμιον
3361 2744 3633 2813 ἀποκόψαι

2071 2848 2170 2916 τὴν
2202 2845 2365 2901 αὐτοῦ
2398 2845 2662 2915 κεφαλήν.

402 2928 565 3000 rabili
593 2933 890 3004 multisque
910 2935 1529 3013 deplorandalacrymis
1551 2953 1637 2998 est
1693 2958 2010 3014 oppressus.
2050 2942 2184 3005 Nam
2253 2940 2536 3011 conjectus
2573 2941 2628 2994 in
2673 2938 2979 3001 custodiam
3029 2934 3274 3009 quotidie
3322 2933 3635 2990 carnifice"-

395 3022 818 3103 ppperiebatur,
849 3028 940 3097 qui
978 3029 1250 3087 cervicem
1279 3033 1328 3086 ei
1364 3034 1708 3103 praecideret.

434 3098 441 3110 ’
471 3115 624 3171 Sci:o
654 3127 863 3184 autem,
898 3119 1100 3176 dilecte
1128 3122 1225 3189 fili,
1260 3098 1508 3195 Magnam
1537 3128 1635 3181 Dei
1658 3127 1972 3194 ecclesiam,

2149 3124 2391 3180 Γίνωσκε
2424 3123 2501 3188 δὲ,
2536 3124 2812 3193 ἀγαπητὲ,
2850 3122 2933 3175 ὅτι
2964 3121 3062 3192 τὴν
3101 3118 3196 3173 τοῦ
3229 3119 3362 3172 Θεοῦ
3394 3116 3637 3187 μεγάλην

394 3223 527 3277 ,ηυτε
564 3210 781 3263 trullam
813 3210 1049 3280 ligneam
1084 3220 1140 3267 et
1179 3216 1492 3271 versatilem
1530 3218 1785 3284 habebat,
1821 3219 1976 3289 prius

391 3312 435 3370 la
462 3296 823 3353 Constantino
850 3301 1149 3369 conditam,
1184 3302 1573 3372 imperatorem
1601 3306 1975 3371 Iustinianum

392 3388 473 3459 Qad
505 3403 625 3443 eam
653 3390 1121 3459 pulchritudinem
1140 3397 1630 3465 etamplitudinem
1650 3400 1975 3470 perduxisse

393 3495 514 3550 ,qua
545 3496 693 3537 nunc
733 3484 1097 3552 conspicitur.
1150 3485 1354 3556 Estque
1398 3499 1681 3561 permotus
1727 3496 1796 3549 ad
1835 3509 1976 3565 opus

400 3571 517 3641 hoc
559 3572 881 3629 admirabile
919 3576 1323 3646 perliciundum
1365 3592 1656 3651 propterea
1692 3585 1838 3655 quod
1876 3602 1976 3657 per

398 3661 624 3739 ﬁypatii
648 3666 977 3722 seditionem
1005 3672 1325 3740 compulsus
1352 3673 1567 3740 fuisset,
1595 3685 1654 3731 ut
1676 3679 1971 3734 maximam

398 3753 696 3821 hominum
729 3758 1136 3815 multitudinem
1161 3764 1460 3820 occideret.
1483 3767 1806 3838 Quanquam
1826 3772 1974 3828 enim

394 3846 692 3915 ,coujectus
720 3846 789 3902 ab
820 3847 976 3904 initio
1003 3849 1182 3906 fuerat
1206 3853 1505 3923 imperator
1532 3858 1589 3912 in
1617 3858 1825 3928 fugam,
1848 3876 1973 3917 eum

412 3937 575 3993 factio
604 3939 958 3995 Prasinorum
1001 3943 1287 4013 Hypatium
1322 3947 1709 4017 imperatorem
1739 3955 1977 4011 salutas-

399 4038 515 4096 -sct,
538 4030 605 4086 ab
629 4047 796 4088 uxore
820 4042 995 4089 tamen
1029 4034 1317 4093 Theodore
1343 4041 1585 4097 vicissim
1619 4046 1977 4106 confirmatus

400 4134 469 4189 ,ει
518 4133 738 4180 erectus
784 4134 887 4190 est,
921 4142 1041 4196 quae
1089 4142 1317 4198 regnum
1374 4131 1583 4188 diceret
1635 4137 1981 4204 sepulturam

412 4229 544 4270 sane
577 4217 893 4285 praeclaram
936 4234 1080 4275 esse.
1129 4220 1475 4292 Quapropter
1507 4239 1687 4294 pugna
1720 4240 1975 4282 conserta

415 4303 719 4371 hominum,
758 4314 817 4359 ut
860 4311 1034 4375 aiunt,
1085 4310 1156 4365 35
1204 4311 1370 4366 millia
1405 4327 1532 4375 cum
1581 4315 1698 4383 ipso
1747 4314 1977 4387 Hypatio

2073 3218 2407 3289 ἐκκλησίαν,
2467 3214 2821 3286 ξυλότρουλον
2886 3212 2981 3268 καὶ
3051 3211 3319 3282 δρομικὴν
3373 3210 3637 3279 πρότερον

2073 3308 2385 3360 κτισθεῖσαν
2416 3306 2520 3360 ὑπὸ
2555 3305 2649 3359 τοῦ
2693 3305 2928 3375 μεγάλου
2955 3302 3394 3364 Κωνσταντίνου,
3429 3303 3457 3353 6
3487 3300 3641 3369 βασις

2073 3399 2197 3460 λεὺς
2241 3397 2622 3460 Ἰουστινιανδς
2650 3399 2728 3460 εἰς
2762 3397 2789 3449 ὃ
2820 3396 2915 3448 νῦν
2946 3395 3059 3465 ἔχει
3104 3394 3296 3455 κάλλος
3326 3410 3383 3445 τε
3414 3394 3509 3445 καὶ
3544 3391 3636 3459 μέ-

2073 3490 2231 3558 γεθος
2277 3491 2488 3559 ῆγειρε.
2528 3487 2802 3559 Διηγὲρθη
2832 3488 2889 3540 δέ
2920 3489 3000 3551 εἰς
3033 3486 3094 3539 τδ
3120 3485 3436 3554 θαυμαστὸν
3482 3483 3640 3536 τοῦτο

2074 3582 2234 3651 ἔργον
2281 3582 2368 3634 διὰ
2412 3581 2501 3634 τὸν
2557 3579 2874 3648 πολυπληθῆ
2923 3580 3084 3649 φόνον
3131 3580 3360 3643 ἐκεῖνον,
3387 3578 3447 3631 ὃν
3476 3579 3509 3646 ἠ
3542 3577 3634 3628 ἀν-

2074 3674 2323 3727 τιστασία
2378 3673 2471 3726 τοῦ
2527 3673 2788 3727 ’Υπατίου
2840 3672 3237 3744 προύξένησεν.
3283 3671 3346 3723 Εί
3400 3670 3510 3738 γὰρ
3544 3668 3637 3723 καὶ
3708 3706 3725 3723 ι.

2075 3766 2155 3827 είς
2216 3766 2397 3834 φυγὴν
2467 3764 2677 3833 ἐτράπη
2754 3763 3019 3834 πρότερον
3066 3764 3094 3815 6
3150 3761 3404 3831 βασιλεὺς
3457 3759 3634 3822 οὗτος,

2076 3858 2240 3927 ἡνίκα
2267 3859 2314 3909 οί
2358 3855 2454 3909 τοῦ
2483 3856 2762 3923 Πρασίνου
2791 3855 2966 3926 δήμου
2994 3854 3086 3907 τὸν
3129 3852 3389 3907 ’Υπάτιον
3436 3853 3636 3922 ἁνηγόφ

2078 3965 2256 4018 psum,
2288 3947 2403 4002 ἀλλ’
2434 3950 2468 4017 ἡ
2506 3949 2645 4016 γυνὴ
2676 3947 2845 4018 αὐτοῦ
2895 3944 3148 4015 Θιοόώρα
3190 3946 3497 4017 ἐκράτησεν
3544 3943 3640 3999 αὖ·

2073 4039 2186 4102 τὸν,
2246 4057 2265 4091 ι
2302 4039 2499 4117 Καλὸν,
2545 4057 2564 4090 ι
2604 4038 2852 4104 είποῦσα,
2882 4057 2901 4095 ι
2959 4036 3213 4106 ἐντάφιον
3242 4037 3277 4107 ἡ
3312 4034 3580 4105 βασιλεία.
3614 4049 3636 4084 ι

2078 4131 2239 4195 Ὅθεν
2269 4132 2360 4183 καὶ
2384 4131 2622 4199 πολέμου
2657 4130 3129 4201 συγκροτηθέντος
3150 4128 3192 4180 λ’
3222 4127 3316 4180 καὶ
3337 4134 3377 4179 ε⁴
3404 4126 3634 4179 πίπτου·

2078 4237 2181 4281 σιν,
2208 4219 2283 4281 ὥς
2316 4237 2471 4287 φασι,
2503 4220 2765 4289 χιλιάδες,
2807 4221 2904 4274 καὶ
2958 4220 3122 4281 αὑτὺς
3149 4221 3177 4272 6
3224 4218 3503 4283 Ύπάτιος,
3536 4216 3633 4271 τοῦ

2075 4309 2395 4381 Βελισαρίου
2421 4313 2516 4363 καὶ
2551 4311 2719 4363 αὐτοῦ
2749 4308 2844 4363 τοῦ
2876 4310 3092 4379 Ναρσῆ,
3123 4309 3376 4378 καθάπερ
3401 4308 3631 4378 ἔφημεν,

413 4410 553 4450 caesa
600 4408 748 4461 sunt,
782 4398 1064 4466 Bt-lisario,
1100 4417 1201 4458 ceu
1247 4402 1509 4473 diximus,
1542 4417 1601 4461 et
1643 4407 1816 4467 Narse
1859 4424 1972 4463 rem

2081 4400 2517 4471 ἀριστευσάντων
2563 4402 2658 4455 ἐπὶ
2727 4400 2935 4465 τούτοις
2998 4403 3068 4454 τὰ
3119 4402 3373 4472 μέγιστα.
3412 4402 3641 4454 Ἐκτοτε

411 4486 731 4567 felicissime
759 4493 1099 4561 gerentibus.
1134 4495 1350 4550 Etenim
1382 4498 1451 4559 ab
1479 4512 1546 4552 eo
1580 4508 1825 4569 tempore
1852 4517 1981 4571 pars

408 4579 616 4657 μισσιιὶ
650 4585 924 4652 equesuis
960 4586 1211 4651 dimidia,
1243 4588 1388 4643 sella:
1434 4590 1696 4647 nimirum
1738 4592 1977 4662 impera-

409 4674 553 4743 ,turis
578 4676 846 4744 opposita,
884 4686 1098 4733 mortua
1126 4678 1235 4733 diei
1260 4680 1447 4748 cmpit,
1479 4682 1626 4748 quod
1656 4682 1781 4737 istic
1810 4697 1974 4753 repo-

409 4764 520 4841 sita
561 4766 826 4820 cadavera
859 4767 1087 4823 fuerint.
1124 4768 1313 4838 Itaque
1358 4768 1702 4827 Jyustiuianus
1734 4773 1831 4835 Dei
1863 4776 1983 4843 plao

410 4856 577 4929 pandi
597 4873 761 4910 causa
784 4858 1009 4927 dignum
1036 4860 1139 4915 hoc
1159 4859 1524 4916 admiratione
1545 4862 1794 4921 condidit
1815 4877 1985 4934 opus,

416 4948 617 5021 litteris
653 4949 706 5002 in
754 4965 945 5006 omnes
991 4951 1143 5008 orbis
1184 4963 1453 5008 terrarum
1487 4961 1669 5023 partes
1711 4953 1977 5024 dimissis,

413 5040 622 5116 quibus
646 5042 984 5111 signiﬁcabat
1011 5042 1221 5114 Cpolim
1253 5044 1651 5114 deportandum
1677 5060 1797 5102 esse
1819 5047 1984 5117 quid-

416 5134 551 5205 quid
605 5143 846 5189 exstaret
904 5137 1108 5206 ubique
1160 5138 1403 5208 gentium
1460 5138 1543 5194 vel
1598 5138 1839 5209 lapidum
1894 5139 1983 5196 vel

415 5228 801 5306 pulumnarum
862 5229 951 5289 vel
1007 5230 1241 5285 aliarum
1304 5246 1488 5286 rerum
1546 5230 1977 5300 splendidarum.

422 5321 647 5389 Materia
678 5329 826 5389 totos
856 5333 1066 5391 septem
1094 5338 1266 5379 annos
1287 5323 1687 5393 congerebatur
1708 5337 1762 5379 ct
1785 5323 1985 5395 Cyzico

419 5398 613 5487 majori
643 5429 710 5479 ex
751 5424 908 5485 parte
932 5414 1328 5470 advehebatur.
1365 5415 1635 5471 Praeterea
1665 5416 1709 5471 si
1741 5431 1862 5486 quae
1896 5416 1981 5470 vi-

414 5504 556 5577 pinaa
588 5515 742 5561 erant
789 5503 1055 5571 ecclesiae,
1089 5504 1287 5562 domus
1328 5516 1389 5561 et
1416 5508 1667 5571 ardilicia,
1720 5521 1981 5577 perquam

420 5610 577 5665 teque
614 5599 794 5665 pretio
828 5599 1230 5655 vendebantur.
1270 5599 1431 5654 Forte
1471 5599 1669 5654 mulier
1705 5599 1977 5667 quasdam,

426 5688 513 5741 cui
547 5704 745 5744 nomen
775 5701 920 5753 esset
954 5693 1142 5760 Annae,
1176 5693 1399 5749 domum
1437 5690 1668 5746 habebat
1698 5705 1858 5761 quam
1898 5706 1980 5745 re-

2007 4447 2059 4511 ι)

2086 4494 2193 4561 γὰρ
2241 4494 2335 4545 καὶ
2367 4492 2427 4545 τδ
2458 4492 2630 4562 ἥμισυ
2666 4491 2835 4562 μέρος
2863 4492 2958 4546 τοῦ
3013 4493 3263 4556 ἱππικοῦ,
3297 4492 3358 4546 τὸ
3388 4510 3642 4546 καταντι-

2086 4584 2190 4652 κρὺ
2218 4582 2311 4635 τοῦ
2343 4580 2620 4652 βασιλικοῦ
2645 4581 3003 4647 καθίσματος,
3032 4582 3198 4650 νεκρὰ
3229 4580 3644 4651 προσηγορεύθη

2085 4674 2174 4729 διὰ
2202 4674 2262 4726 τὸ
2298 4676 2367 4727 τὰ
2390 4674 2561 4743 νεκρὰ
2590 4675 2818 4741 σώματα
2855 4673 3034 4725 ἐκεῖσε
3071 4675 3459 4742 κατατεθῆναι.
3480 4674 3646 4727 Ὅθεν

2086 4766 2179 4819 καὶ
2208 4766 2299 4819 τὸν
2328 4766 2459 4818 θίδν
2485 4765 2677 4818 τούτου
2713 4764 2902 4817 ἕνεκεν
2938 4764 3322 4833 ἐξιλεοΰμενος
3350 4766 3379 4817 6
3419 4765 3644 4818 Ἰουστι-

2086 4859 2266 4925 νιανέις
2320 4858 2381 4910 τὸ
2442 4856 2756 4925 θαυμαστὸν
2811 4856 2967 4909 τοῦτο
3018 4857 3181 4926 εργον
3236 4858 3644 4927 ἀνῳκοδόμησε,

2086 4950 2302 5019 γράψας
2342 4947 2619 5017 πανταχοῦ
2660 4948 2788 5016 γῆς.
2817 4948 2953 5001 ὅπου
2986 4947 3033 4999 δ’
3077 4946 3145 5000 ἂν
3182 4946 3384 5017 εὑρεθῇ
3433 4945 3579 5009 λίθος
3608 4947 3642 5017 ἢ

2085 5041 2221 5097 κίων
2256 5043 2288 5111 ἢ
2332 5042 2459 5096 ἄλλο
2488 5059 2540 5094 τι
2567 5040 2813 5094 τοιοῦτον
2842 5039 3116 5111 λαμπρὸν,
3145 5039 3380 5092 ἐνταῦθα
3412 5056 3646 5106 μετακοη

2088 5132 2366 5205 μίσεσθαι.
2405 5133 2578 5185 Ἑπτὰ.
2607 5131 2701 5202 ἐτη
2736 5130 3005 5202 συνήγετο
3036 5130 3071 5200 ἡ
3122 5128 3222 5198 ὕλη
3270 5129 3378 5181 ἀπὸ
3403 5129 3645 5194 Κυζίκου

2087 5226 2121 5295 ἡ
2152 5226 2374 5279 πλείων.
2418 5224 2576 5278 ’Δλλὰ
2604 5226 2700 5280 ttat
2726 5223 2795 5277 τὰ
2827 5224 3108 5293 οίκήματα
3152 5222 3223 5274 τὰ
3265 5224 3334 5292 τῇ
3378 5220 3647 5290 ἐκκλησίᾳ

2085 5319 2179 5372 τοῦ
2247 5318 2383 5372 Θεοῦ
2437 5316 2809 5385 πλησιάζοντα
2873 5317 2971 5369 καὶ
3045 5314 3188 5367 πάνυ
3251 5313 3477 5377 δικαίως
3532 5315 3652 5366 ἐπι·

2075 5414 2384 5481 ,πρόσκετα
2436 5410 2570 5464 Ἰδοὺ
2633 5410 2743 5479 γὰρ
2795 5409 2936 5479 γυνή
3007 5424 3093 5471 τις
3151 5408 3323 5461 ’Δννα
3381 5405 3644 5474 τοῦνομα,

2084 5504 2288 5573 οἰκημά
2348 5520 2400 5556 τι
2452 5501 2673 5572 ἔχουσα,
2712 5501 2816 5555 οὐκ
2877 5500 3133 5554 ἐϐούλετο
3191 5498 3447 5569 πωλῆσαι
3491 5497 3644 5561 αὐτὸ,

2054 5597 2221 5666 ηπρδς
2249 5598 2317 5667 ἢν
2347 5598 2374 5649 6
2403 5596 2653 5664 βασιλεὺς
2702 5596 3013 5663 ἀφικνεῖται
3064 5593 3247 5655 αὑτός.
3283 5593 3445 5655 "litt;
3485 5590 3647 5643 αῦτδν

2088 5690 2269 5747 ἰδοῦσα
2300 5689 2428 5758 ἔφη·
2471 5708 2488 5739 ι
2535 5689 2691 5742 Κατὰ
2734 5688 2946 5756 δωρεὰν
2992 5686 3120 5739 αὐτὸ
3150 5684 3417 5755 βούλομαι
3464 5681 3647 5736 δοῦναι
