4154 6200
377 283 485 345 503

1670 278 2095 342 MICHAELIS
2132 282 2396 342 GLYt‘JR

3516 275 3620 338 504

381 402 525 445 tuam
568 388 880 446 Solomonis
910 390 1292 459 respicientem
1328 386 1384 442 in
1425 394 1759 443 exstructam
1818 390 1886 444 ab
1922 404 1981 444 se
2019 389 2268 461 Magnam
2306 385 2604 445 Ecclesiam
2674 390 2768 445 Dei
2819 389 3204 456 maxillamque
3265 387 3430 459 269
3465 404 3618 447 suam

380 482 865 553 comprimentem;
909 480 1075 552 269
1099 496 1206 547 quo
1254 477 1655 550 signiﬁcaretur
1731 479 1836 535 hoc
1882 479 2115 535 aedilicio
2159 497 2314 536 novae
2337 481 2727 553 Hierosolyma:
2759 480 3106 535 Solomonem
3135 492 3256 532 esse
3280 486 3618 547 superatum-

447 576 716 632 (λειω-ατη
755 574 997 629 ecclesiae
1019 583 1334 629 sanctorum
1359 572 1750 642 Apostolorum
1782 573 1947 628 trulla
1976 579 2025 635 Α

380 670 558 737 lignea
591 665 861 721 versatilis
890 681 921 718 a
953 680 1148 734 magno
1176 665 1399 733 quidem
1434 664 1791 719 Constantino
1835 664 1950 733 pri-

2134 575 2195 630 Ἦ
2243 577 2300 630 δὲ
2329 579 2440 631 τῶν
2473 578 2644 646 ἁγίων
2688 575 3029 630 Ἀποστόλων
3062 572 3328 643 ἐκκλησία
3381 573 3619 643 δρομικὴ

2056 669 2412 739 ξυλότρουλος
2447 668 2673 736 ἐκτίσθη
2723 666 2786 720 τδ
2813 667 3078 736 πρότερον
3113 663 3267 732 παρὰ
3312 662 3407 715 τοῦ
3440 663 3616 732 μεγά-

386 770 531 809 mum
579 761 663 808 est
707 752 963 811 condita:
1003 769 1191 807 verum
1223 763 1278 808 et
1310 753 1544 822 amplior
1574 752 1714 806 facta
1768 762 1823 806 et
1876 752 1950 806 ita

2097 779 2151 813 συ
2199 759 2639 823 Κωνσταντίνου,
2676 756 3021 828 ἐμεγαλύνθη
3042 756 3098 807 δὲ
3139 752 3236 807 καὶ
3288 754 3361 815 ὠς
3387 753 3498 821 ἔχει
3526 752 3620 805 νῦν

382 854 659 902 exstructa
704 853 811 909 est,
850 847 925 898 uti
966 845 1125 899 modo
1189 845 1551 914 conspicitur,
1599 859 1629 897 a
1663 843 1705 896 Τ
1714 844 1951 898 beodora

384 936 675 992 Justiniani
704 936 956 1006 conjuge.
1002 936 1168 991 Sacra
1195 947 1375 990 tamen
1410 950 1504 989 ara
1555 946 1841 1005 propterea
1871 951 1956 991 re-

388 1029 516 1082 licta
550 1026 674 1089 fuit,
713 1029 858 1095 quod
890 1026 1020 1080 istic
1042 1025 1384 1080 venerabiles
1414 1026 1846 1094 patriarcharum
1898 1035 1956 1080 et

388 1118 762 1189 apostolorum
786 1115 1029 1184 reliquiae
1053 1115 1163 1169 sint
1188 1115 1445 1171 conditae.

459 1203 608 1259 Scito
636 1204 827 1266 etiam,
864 1201 1064 1281 dilecte
1100 1202 1197 1266 ﬁli,
1229 1203 1428 1277 festum
1464 1204 1609 1274 quod
1638 1205 1957 1275 Hypapanta

390 1296 594 1349 dicitur
628 1293 735 1349 illis
760 1294 996 1364 primum
1040 1296 1380 1365 temporibus
1421 1297 1733 1353 institutum
1765 1295 1956 1361 fuisse,

2056 850 2477 919 κατεσκευάσθη
2526 852 2676 920 παρὰ
2726 849 3028 918 Θεοὸὡρας,
3073 845 3335 915 γυναικὸς
3399 845 3622 897 ’1ουστι-

2056 942 2262 997 νιανοῦ.
2299 941 2373 995 Τὸ
2420 942 2479 995 δὲ
2512 942 2668 1009 ἆγιον
2710 939 2864 1010 βῆμα
2914 940 3091 997 ἐκεῖσε
3135 937 3292 1003 εἰάθη
3326 933 3415 987 διὰ
3445 933 3515 985 τὰ
3563 933 3622 984 ὲν

2058 1033 2205 1103 αύτῷ
2233 1034 2469 1103 κείμενα
2506 1032 2667 1103 τίμια
2708 1030 2940 1099 λείψανα
2997 1027 3361 1098 πατριαρχῶν
3409 1041 3470 1077 τε
3526 1023 3620 1076 καὶ

2057 1126 2166 1178 ἀπο
2174 1126 2390 1180 στόλων.

2131 1212 2370 1263 Γίνωσκε
2393 1210 2470 1274 δὲ,
2496 1210 2771 1279 ἀγαπητὲ,
2804 1209 2885 1261 ὅτι
2926 1206 3048 1261 κατ’
3094 1207 3269 1259 ὲκείνο
3301 1203 3493 1273 καιροῦ
3526 1204 3622 1258 καὶ

2060 1304 2094 1373 ὴ
2145 1302 2471 1372 ⁹Υτταπαντὴ
2522 1300 2873 1375 ἐορτάζεσθαι
2904 1299 3128 1381 ἤρξατο,
3183 1299 3306 1367 ἥτις
3348 1297 3491 1349 κατὰ
3532 1294 3625 1347 τδν

392 1388 538 1457 quod
567 1388 861 1456 caeteroqui
915 1387 983 1441 de
1022 1387 1252 1443 Joannis
1289 1387 1664 1458 Chrysostomi
1690 1391 1961 1443 sententia

2104 1397 2489 1468 ρυσορῤήμονα
2534 1393 2785 1463 Ἰωάννην
2816 1394 2916 1445 οὐκ
2973 1391 3123 1444 ἔστιν
3162 1389 3480 1457 ἐναρίθμιος
3500 1388 3623 1449 ταῖς

391 1478 537 1537 inter
560 1478 698 1532 festa
735 1478 946 1531 Domini
976 1493 1086 1531 non
1118 1489 1454 1534 recensetur.
1489 1478 1958 1546 Quemadmodum

2097 1489 2420 1547 conectunt;
2452 1485 2683 1553 ἑορταῖς.
2701 1484 2788 1545 Ὠς
2811 1483 2921 1551 γὰρ
2938 1482 2995 1534 ἐν
3024 1481 3081 1546 ἓξ
3106 1480 3341 1551 ἡμέραις
3364 1476 3432 1530 τὰ
3449 1477 3626 1531 πάντα

389 1571 539 1626 enim
589 1584 684 1623 sex
736 1567 936 1622 diebus
967 1569 1151 1622 omnia
1206 1570 1475 1636 condidit,
1530 1571 1608 1626 sic
1652 1571 1816 1625 etiam
1867 1585 1962 1624 sex

2099 1580 2344 1647 ποίησεν,
2377 1576 2522 1629 οὕτω
2551 1575 2646 1629 καὶ
2675 1576 2733 1628 ὲν
2759 1572 2819 1639 ἒξ
2853 1573 3073 1643 ἑορταῖς
3104 1571 3173 1624 τὰ
3198 1571 3301 1637 τῆς
3356 1569 3625 1636 ὲνσάρκου

400 1660 553 1713 festis
584 1673 649 1712 ea
684 1658 972 1728 complecti
1008 1659 1153 1713 Deus
1186 1660 1379 1726 voluit,
1435 1676 1556 1730 quae
1583 1660 1834 1717 Christus
1867 1678 1964 1731 per

2097 1668 2371 1737 ίκονομίας
2396 1665 2702 1735 ἐπλήρωσε,
2728 1669 2794 1733 τῇ
2824 1663 3099 1732 Γεννήσει,
3132 1662 3211 1729 τῷ
3255 1659 3625 1726 Βαπτίσματι,

396 1750 924 1805 administrationem
955 1750 1005 1803 in
1038 1766 1200 1805 carne
1222 1767 1315 1806 sua
1348 1752 1550 1809 etl‘ecit.
1578 1754 1652 1807 Ea
1682 1769 1812 1809 vero
1837 1764 1967 1810 sunt

2098 1761 2143 1831 ᾧ
2172 1758 2416 1829 Σταυρῷ,
2471 1760 2539 1827 τῇ
2579 1756 2919 1821 Ἀναστάσει,
2958 1756 3023 1824 τῇ
3075 1751 3364 1821 ’Δναλήψει
3416 1751 3509 1802 καὶ
3557 1751 3622 1816 τῇ
3658 1752 3661 1755 “

398 1840 679 1903 Nativitas,
722 1839 1049 1908 Baptismus.
1084 1841 1251 1904 Crux,
1289 1842 1692 1909 Ressurrectio,
1744 1845 1968 1899 Assum-

2097 1850 2442 1917 Ιεντηκοστῇ.
2467 1847 2727 1902 Δείπεται
2767 1844 2860 1902 οὖν
2887 1846 2922 1917 ἡ
2953 1843 3175 1913 ἑϐδόμη,
3206 1843 3264 1894 ὲν
3360 1840 3506 1894 πᾶσα
3533 1854 3631 1890 κα-

399 1932 510 1997 ptio
546 1938 601 1984 et
656 1906 1132 2000 Quinquagesima.
1194 1932 1381 1988 Restat
1418 1935 1613 1989 festum
1656 1906 1972 2005 septimum,
2003 1906 2046 1961 Β
2072 1906 2369 2003 τάπαύσις.

394 2020 545 2090 quod
569 2035 786 2076 omnem
819 2021 1125 2091 requietem
1164 2023 1411 2079 habebit.

472 2114 572 2167 His
604 2114 764 2167 annis
794 2113 957 2167 etiam
1009 2129 1159 2169 mare
1212 2129 1342 2170 suos
1370 2131 1646 2187 egressum
1682 2117 1885 2175 limites
1904 2118 1973 2174 ad

2147 2112 2281 2168 Τότε
2310 2112 2406 2164 καὶ
2438 2111 2471 2180 ἡ
2505 2108 2753 2163 θάλασσα
2795 2106 3091 2174 ἐξελθοῦσα
3136 2106 3246 2161 τῶν
3277 2106 3438 2178 ὁρίων
3465 2105 3634 2176 αὐτῆς

401 2201 505 2255 tria
534 2201 789 2256 milliaria
824 2217 1014 2255 versus
1043 2202 1353 2270 Thraciam,
1404 2207 1547 2276 agris
1585 2219 1639 2265 et
1663 2208 1977 2266 hominibus

2097 2204 2166 2257 πὶ
2208 2202 2358 2273 μίλια
2386 2200 2513 2272 τρία
2539 2199 2675 2267 πρὸς
2700 2200 2770 2251 τὰ
2801 2199 2943 2269 μέρη
2968 2200 3068 2267 τῆς
3100 2196 3345 2268 Θρᾴκης,
3378 2197 3473 2250 καὶ
3502 2196 3635 2250 πολ-

403 2290 590 2343 multis
623 2291 920 2359 oppressis,
952 2292 1018 2345 ad
1044 2292 1161 2346 loca
1192 2295 1420 2361 pristina
1448 2296 1629 2352 rediit.
1656 2298 1865 2354 Secuta
1891 2309 1978 2356 est

2097 2296 2174 2358 ιᾶς
2205 2294 2387 2365 χώρας
2419 2292 2514 2345 καὶ
2566 2290 2891 2361 ἀνθρώπους
2919 2288 3267 2352 ἀποπνίξασα
3305 2286 3631 2357 ὑπέστρεψε.

400 2382 559 2447 Cpoli
598 2390 745 2436 tanta
778 2390 997 2453 tamque
1042 2383 1160 2440 dira
1193 2387 1361 2456 pestis
1391 2397 1450 2442 ut
1503 2390 1702 2445 mortui
1735 2390 1975 2446 triduum

2097 2388 2209 2441 Γότε
2231 2387 2285 2439 δὲ
2315 2386 2412 2439 καὶ
2434 2383 2719 2437 θανατικὸν
2745 2380 3049 2451 ἀνθρώπων
3090 2383 3145 2434 ὲν
3188 2382 3638 2436 Κωνσταντινου-

407 2474 662 2543 insepulti
700 2485 1024 2539 manerent;
1058 2492 1159 2533 nec
1191 2477 1337 2533 enim
1389 2479 1495 2534 ulla
1538 2494 1598 2536 se
1630 2481 1718 2536 via
1770 2483 1979 2539 ratiove

2097 2479 2232 2532 [πόλει
2254 2476 2463 2547 γέγονε.
2494 2460 2759 2527 Τοσοῦτον
2785 2473 2841 2527 δὲ
2873 2467 2945 2541 ἦν
2974 2471 3116 2525 ὥστε
3178 2471 3361 2540 μένειν
3388 2471 3632 2539 ἀτάφους

408 2564 710 2635 sepeliendi
754 2581 851 2622 eos
879 2566 1149 2627 oﬂcrebat
1182 2570 1253 2624 ob
1291 2572 1639 2627 morientium
1674 2574 1983 2631 multitudi-

2097 2573 2205 2633 τοὺς
2243 2568 2684 2641 ἀποθνήσκοντας
2714 2567 2933 2636 ἡμέρας
2972 2562 3040 2631 γη
3095 2561 3217 2616 οὐδὲ
3246 2561 3357 2633 γὰρ
3392 2557 3462 2634 ἦν
3518 2562 3672 2623 ὁδὸς.

410 2670 555 2711 nem.
589 2655 840 2712 Grassata
864 2668 947 2714 est
976 2661 1257 2716 continuis
1285 2659 1435 2719 Julio
1463 2672 1519 2719 et
1548 2664 1981 2735 Augusto’men-

2097 2661 2169 2715 ἰιὰ
2230 2658 2292 2712 τὸ
2358 2656 2561 2726 πλῆθος
2619 2655 2946 2711 θάπτεσθαι.
3004 2652 3337 2724 Ἐπεκράτει
3369 2652 3425 2705 δὲ
3464 2655 3643 2723 μῆνας

409 2748 583 2805 sibus.
610 2748 748 2806 llinc
784 2748 986 2807 factum
1020 2760 1321 2822 utpropter
1363 2754 1633 2811 cadavera
1664 2764 1778 2812 tota
1829 2758 1981 2828 regio

2097 2750 2312 2807 Ἰούλιον
2347 2750 2442 2805 καὶ
2468 2747 2799 2816 Αῦγουστον.
2843 2743 3129 2799 Ἐντεῦθεν
3169 2746 3263 2799 καὶ
3295 2745 3445 2798 πᾶσα
3500 2748 3535 2815 ἡ
3568 2744 3641 2814 γῆ

413 2842 649 2899 t‘teteret.
674 2841 807 2895 Tam
834 2844 1054 2911 copiose
1082 2854 1263 2900 autem
1291 2846 1542 2902 homines
1564 2850 1762 2917 passim
1779 2851 1985 2905 exstin-

2097 2843 2331 2906 ἑπώζεσε
2364 2840 2455 2893 διὰ
2485 2839 2554 2894 τὰ
2588 2838 2885 2907 πτώματα.
2918 2836 3187 2891 Τοσοῦτον
3217 2836 3276 2891 δὲ
3322 2838 3383 2890 τὸ
3434 2837 3643 2905 πλῆθος
3702 2874 3703 2877 η

415 2934 739 3001 gueliantur,
781 2944 842 2988 ut
883 2936 1177 3004 imperator
1215 2939 1364 2993 mille
1402 2939 1656 3008 grabatos
1697 2956 1760 2996 ac
1784 2941 1983 2997 teretra

2097 2934 2191 2989 τῶν
2217 2931 2669 3006 ἀποθνησκόντων
2687 2924 2755 2998 ἦν
2778 2927 2921 2982 ὥστε
2941 2927 3146 2998 χιλίους
3174 2927 3520 2997 κριὸϐάτους
3551 2927 3645 2981 τὸν

420 3025 535 3079 ﬁeri
558 3034 793 3088 curaret,
828 3026 1030 3095 quibus
1059 3027 1323 3082 cadavera
1357 3038 1800 3096 exportarentur.
1831 3031 1983 3086 Prae-

2097 3025 2312 3093 βασιλέα
2342 3023 2566 3089 ποιῆσαι
2600 3022 2761 3090 χάριν
2789 3018 2885 3071 τοῦ
2916 3016 3354 3087 ἀποκομίζεσθαι
3422 3016 3645 3080 αύτούς.

421 3125 566 3170 terea
609 3117 889 3170 mandavit
927 3126 986 3171 ut
1017 3118 1240 3186 plurimi
1272 3134 1468 3173 currus
1493 3134 1557 3175 ac
1596 3121 1726 3174 muli
1753 3121 1985 3176 cadave-

2097 3120 2195 3172 Ka‘:
2222 3119 2279 3171 οὐ
2307 3116 2462 3171 τοῦτο
2485 3114 2665 3185 μόνον,
2695 3115 2832 3167 ἀλλὰ
2856 3112 2951 3167 καὶ
2980 3111 3196 3182 ἁμάξας
3231 3113 3490 3175 πλείστας
3543 3112 3638 3163 καὶ

420 3206 572 3259 ribus
598 3207 790 3259 iisdem
818 3207 1115 3261 eti'erendis
1146 3210 1442 3263 servirent.
1476 3210 1673 3265 Verum
1700 3220 1852 3280 peste
1874 3226 1988 3266 ma-

2097 3211 2344 3278 ἡμιόνους
2401 3206 2663 3270 ὡσαύτως
2709 3206 2997 3259 ἐκέλευσεν
3041 3204 3137 3258 ἐπὶ
3193 3207 3260 3274 τῇ
3302 3204 3639 3273 μετακομιδῇ

421 3296 505 3363 gis
537 3299 702 3350 etiam
744 3300 1112 3352 invalescente
1142 3300 1456 3368 complures
1490 3300 1545 3353 in
1611 3300 1769 3359 littus
1800 3302 1989 3371 ejicie-

420 3384 573 3441 bant.
608 3384 677 3440 Ut
728 3401 838 3439 uno
890 3387 1129 3457 denique
1178 3388 1348 3443 verbo
1385 3404 1499 3442 rem
1539 3390 1988 3459 complectamur,

424 3476 609 3531 nullus
631 3469 868 3532 restabat
898 3479 1053 3532 locus
1092 3478 1146 3533 in
1171 3495 1280 3548 quo
1306 3479 1567 3534 cadavera
1596 3490 1705 3536 tam
1748 3482 1992 3538 {calentia

427 3582 534 3620 non
552 3568 816 3637 iacerent.
844 3566 1016 3622 Simul
1041 3569 1301 3624 exstitere
1326 3579 1431 3625 tam
1455 3570 1727 3626 horrenda
1753 3572 1994 3629 tonitrua

428 3658 772 3728 fulguraque,
822 3668 881 3714 ut
918 3660 1083 3714 etiam
1131 3662 1380 3717 nonnulli
1413 3663 1751 3719 dormientes
1780 3679 1996 3722 crema-

430 3760 644 3805 rentur.
674 3750 917 3807 Accessit
968 3760 1129 3808 terrai
1163 3763 1344 3808 motus
1370 3768 1465 3822 per
1502 3768 1695 3809 omnes
1720 3761 1780 3810 se
1816 3764 1997 3826 partes

429 3841 579 3898 orbis
605 3843 939 3910 extendens;
963 3860 1071 3915 quo
1093 3844 1323 3899 durante
1344 3845 1596 3901 civitates
1619 3861 1810 3903 omnes
1833 3857 1998 3917 atque

431 3935 679 4002 regiones
730 3934 786 3988 in
839 3943 987 3990 metu
1033 3948 1191 3991 erant
1234 3951 1305 3991 ne
1362 3937 1810 3993 absorberentur.
1861 3938 2001 3995 Hinc

431 4041 647 4080 rursum
687 4026 753 4081 ad
784 4027 894 4081 duo
921 4028 1168 4082 milliaria
1195 4043 1326 4083 suos
1350 4038 1506 4083 extra
1539 4030 1674 4085 ﬁnes
1699 4045 1847 4086 mare
1878 4045 2003 4100 pro-

428 4118 626 4181 currit,
661 4117 908 4187 alterque
937 4126 1098 4173 terrte
1124 4130 1306 4173 motus
1332 4118 1523 4176 urbem
1557 4118 1674 4177 dies
1712 4122 1902 4175 decem
1928 4121 2002 4176 ita

427 4208 701 4264 succussit
727 4218 785 4263 ut
832 4209 1128 4277 imperator
1160 4210 1275 4277 ipse
1316 4208 1589 4268 Natalitiis
1633 4208 1838 4264 Christi
1886 4209 2004 4266 sine

424 4314 634 4353 .corona
661 4315 755 4367 per
778 4299 966 4354 urbem
999 4299 1503 4357 incederet.Secuta
1543 4302 1710 4370 pestis
1733 4302 1860 4365 alia,
1885 4317 2007 4371 qua:
2056 4302 2066 4311 ’

437 4391 563 4444 totis
600 4400 836 4460 quatuor
874 4391 1159 4446 mensibus
1188 4392 1359 4449 nihilo
1394 4392 1586 4449 mitius
1614 4408 1714 4462 per
1761 4393 2005 4451 bubones

437 4483 637 4550 passim
676 4481 960 4539 universos
1000 4483 1309 4554 perimebat
1348 4499 1413 4538 ac
1458 4483 1608 4553 prior
1645 4484 1734 4537 illa
1774 4483 2001 4538 fecerat.

2091 3301 2269 3356 αὐτῶν
2296 3299 2612 3369 ὑπηρετεῖν.
2682 3296 3125 3367 Ἐπιτεινομένης
3155 3296 3214 3349 δὲ
3247 3295 3349 3363 τῆς
3403 3294 3649 3363 Mam;

2092 3393 2169 3453 εἰς
2205 3391 2293 3443 τὸν
2321 3389 2563 3458 αἰγιαλὸν
2589 3392 2710 3455 τοὺς
2752 3391 2963 3452 πλείους
2992 3388 3266 3459 ἔρριπτον.
3305 3388 3417 3440 Καὶ
3454 3386 3644 3447 ἁπλως
3732 3388 3743 3397 ’

2094 3486 2287 3548 εἰπεῖν,
2318 3484 2483 3542 τόπος
2519 3482 2621 3535 οὐκ
2658 3478 2726 3549 ἦν
2760 3484 2816 3534 ὲν
2844 3474 2889 3549 ᾧ
2923 3482 3022 3534 οὐκ
3052 3481 3260 3559 ἔκειντο
3289 3478 3475 3547 νεκροὶ
3505 3474 3641 3529 ἁπό-

2095 3576 2300 3641 ζοντες.
2328 3576 2563 3645 Βρονταὶ
2594 3575 2649 3632 δὲ
2675 3575 2767 3629 καὶ
2797 3574 3081 3644 ἀστραπαὶ
3112 3571 3369 3626 τοσοῦτον
3395 3570 3657 3640 γεγόνασι

2097 3666 2327 3738 φοϐεραὶ
2359 3669 2499 3720 ὥστε
2531 3666 2627 3718 καὶ
2652 3665 3017 3727 καθεύδοντας
3043 3680 3196 3725 τινας
3231 3662 3524 3730 καυθῆναι.
3563 3661 3601 3713 Γ
3604 3661 3659 3712 ἐ·

2097 3776 2221 3827 γονε
2254 3758 2350 3812 καὶ
2389 3757 2613 3826 σεισμὸς
2646 3757 3026 3825 παγκόσμιος’
3073 3756 3245 3807 πᾶσαι
3282 3756 3418 3821 γὰρ
3473 3752 3659 3812 πόλεις

2098 3852 2194 3904 καὶ
2228 3850 2402 3918 χῶραι
2422 3847 2795 3917 καταποθῆναι
2823 3847 3184 3901 ἐκινδύνευον.
3218 3846 3383 3915 Kal!)
3415 3844 3660 3897 θάλασσα

2105 3940 2256 4008 μίλια
2288 3938 2331 4007 β’
2353 3937 2654 4008 παρεξέὸη.
2689 3940 2954 4006 Δεύτερος
3002 3932 3161 3999 αὖθις
3195 3936 3417 4004 σεισμὸς
3446 3934 3663 4004 ἡμέρας

2100 4032 2254 4095 δέκα,
2283 4032 2352 4083 δι’
2386 4031 2508 4084 ὅλου
2577 4029 2761 4091 σείων,
2808 4028 2882 4091 ὡς
2932 4028 3153 4082 καὶτὸν
3213 4026 3443 4095 βασιλέα
3492 4025 3664 4095 χωρὶς

2105 4121 2417 4190 στέμματος
2445 4118 2671 4172 διελθεῖν
2692 4120 2793 4186 τὴν
2811 4116 2903 4170 τοῦ
2932 4117 3170 4187 Χριστοῦ
3192 4118 3400 4183 γέννων
3428 4117 3663 4185 ἡμέραν.

2108 4211 2338 4279 Ἕτερον
2355 4210 2644 4264 θανατικδν
2673 4211 2736 4263 ὲκ
2766 4208 3042 4278 βουϐῶνος
3056 4209 3369 4280 διαφθεῖρον
3395 4209 3667 4270 ἅπαντας,

2105 4299 2203 4369 οὐχ
2252 4293 2415 4370 ἦττον
2463 4298 2557 4352 τοῦ
2612 4298 2905 4369 προτέρου,
2978 4299 3159 4368 -μῆνας
3223 4299 3286 4352 δ’.
3346 4300 3456 4351 Καὶ
3507 4297 3669 4352 πάλιν

2108 4391 2164 4439 ὲν
2216 4387 2516 4456 Ἀντιοχείᾳ
2569 4385 2791 4455 σεισμὸς
2849 4386 2944 4438 tul
3003 4385 3157 4457 ὥραν
3220 4385 3375 4455 μίαν,
3443 4387 3537 4439 καὶ
3587 4403 3673 4453 χι-

2110 4477 2287 4531 λιάδες
2326 4482 2365 4528 ε’
2407 4475 2803 4546 συνεπόθησαν.
2858 4476 2972 4529 Καὶ
3019 4478 3068 4529 εί
3112 4477 3187 4547 μὴ
3219 4477 3361 4529 κατὰ
3399 4476 3491 4528 τὸν
3528 4475 3675 4528 ὄνει-

438 4575 634 4629 lterum
668 4591 886 4645 quoque
916 4584 1075 4631 terra:
1105 4585 1287 4632 motus
1335 4574 1681 4629 Antiochiam
1732 4573 1997 4642 corripuit

2112 4586 2202 4639 ρον
2276 4568 2336 4620 ὃν
2396 4562 2506 4623 εἶδέ
2559 4542 2673 4630 τις..
2747 4566 2996 4637 ἔγραψαν
3059 4542 3125 4620 ὲν⁷
3175 4542 3293 4630 τοις
3349 4566 3669 4636 προθύροις,

437 4667 504 4721 ad
539 4668 700 4723 ttnius
732 4668 879 4722 hora:
910 4668 1166 4737 spatium,
1196 4682 1308 4735 quo
1335 4666 1576 4734 quinque
1608 4665 1775 4717 millia
1822 4664 1999 4717 homi-

439 4774 568 4811 num
599 4773 704 4812 una
730 4767 856 4812 sunt
887 4757 1169 4823 absorpta.
1201 4753 1408 4819 Quodsi
1455 4754 1523 4807 de
1562 4752 1760 4807 somnii
1808 4752 2001 4820 cujus-

2114 4679 2131 4712 ι
2178 4660 2409 4729 Χριστὸς
2454 4657 2575 4725 μεθ’
2608 4656 2787 4727 ἡμῶν,
2829 4659 3047 4728 στῆτε,ι
3083 4659 3230 4712 πᾶσα
3258 4658 3292 4727 ἠ
3331 4658 3486 4720 πόλις
3537 4673 3673 4710 συν-
3746 4652 3751 4656 ’

2113 4750 2314 4821 εχώθη.

440 4855 565 4906 dam
612 4851 911 4910 sententia.
963 4849 1110 4919 quod
1154 4848 1401 4905 oblatum
1467 4847 1633 4902 alicui
1668 4860 1766 4915 per
1831 4845 2071 4915 quietem
2115 4845 2318 4909 fuerat,
2354 4843 2409 4900 in
2442 4842 2642 4899 aedium
2692 4844 2978 4901 vestibulis
3030 4844 3148 4901 haec
3196 4844 3359 4901 verba
3405 4861 3517 4902 non
3550 4859 3680 4916 per-

440 4945 827 5015 scripsissent:
870 4964 889 4996 ‹
926 4945 1179 4999 Christus
1210 4944 1519 5006 nobiscum,
1550 4949 1712 5002 state,
1751 4959 1769 4992 I
1805 4939 2005 4995 civitas
2044 4939 2300 4994 universa
2332 4939 2508 4998 ruinis
2536 4954 2799 5010 oppressa
2832 4938 3043 4995 fuisset.

511 5044 675 5114 27o
703 5041 1040 5111 Conspectus
1083 5048 1169 5096 est
1206 5048 1262 5096 et
1316 5048 1560 5095 cometes
1595 5037 1660 5092 ad
1691 5036 1997 5091 vicesimum

2202 5021 2407 5106 Ἐφάνη
2443 5035 2538 5088 καὶ
2571 5034 2819 5106 κομήτης
2849 5034 3064 5104 ἡμέρας
3101 5020 3169 5095 κ’,
3200 5034 3299 5087 καὶ
3332 5034 3468 5102 μετὰ
3491 5033 3682 5104 χρόνον

448 5152 617 5207 usque
644 5135 815 5198 diem,
844 5149 1022 5203 neque
1047 5148 1244 5205 magno
1279 5131 1542 5201 temporis
1572 5129 1863 5199 interiecto
1885 5141 1997 5197 spa«

2117 5126 2240 5180 τινὶ
2293 5126 2519 5193 γέγονεν
2579 5125 2828 5193 ἀστέρων
2889 5125 3089 5196 δρόμος
3145 5122 3241 5194 ἀφ’
3293 5124 3534 5193 ἑσπέρας
3578 5122 3685 5185 ἕως

446 5229 526 5289 tio
558 5226 738 5282 sidera
766 5224 881 5280 visa
907 5232 1037 5280 sunt
1065 5239 1094 5278 a
1125 5238 1354 5293 vespera
1390 5236 1565 5292 usque
1595 5219 1661 5276 ad
1687 5218 1997 5274 matutinun

2121 5216 2289 5286 πρωῒ,
2340 5217 2417 5279 ὡς
2462 5217 2670 5279 πάντας
2697 5215 2877 5283 λέγειν
2913 5216 2994 5269 ὃτι
3020 5216 3316 5269 πίπτουσιν
3349 5214 3402 5268 οί
3428 5215 3681 5284 ἀστέρες.

453 5331 669 5389 tempus
694 5315 1072 5378 discursitare,
1124 5316 1197 5371 ita
1228 5324 1288 5370 ut
1324 5330 1516 5370 onmes
1551 5329 1616 5370 ea
1647 5311 1905 5367 decidere
1933 5310 2019 5365 di-

448 5420 660 5471 cerent.
690 5408 897 5464 Deinde
923 5410 1003 5462 sol
1035 5407 1243 5476 absque
1276 5408 1443 5462 radiis
1468 5407 1640 5463 instar
1667 5407 1812 5462 lunae
1844 5405 2019 5460 fulsit.

454 5502 615 5560 Venit
638 5502 694 5556 id
740 5498 1006 5569 temporis
1059 5498 1129 5552 ab
1163 5496 1449 5553 occidente
1496 5498 1583 5552 vir
1630 5497 1891 5566 quidam,
1928 5494 2024 5565 qui

451 5594 656 5666 passim
689 5607 855 5663 pagos
877 5589 1281 5662 percursitabat
1312 5599 1368 5644 et
1396 5604 1588 5644 canem
1616 5588 1823 5642 fulvum
1858 5596 2025 5656 atque

454 5696 661 5741 amcam
705 5682 959 5748 habebat,
994 5680 1289 5753 quijussus
1323 5696 1352 5736 a
1399 5679 1724 5736 circulatore
1774 5677 2022 5748 quaedam

2125 5305 2256 5361 Εἶτα
2292 5310 2321 5361 ὁ
2358 5308 2512 5377 ἥλιος
2549 5307 2760 5378 ἔλαμψε
2785 5309 2957 5377 χωρὶς
2990 5307 3251 5373 ἀκτίνων,
3274 5305 3468 5378 ὥσπερ
3498 5309 3594 5361 καὶ
3649 5307 3686 5375 ἡ

2126 5398 2343 5466 σελήνη.
2378 5399 2512 5451 Τότε
2549 5397 2614 5467 δὴ
2656 5397 2748 5450 καὶ
2793 5396 3080 5466 ἄνθρωπος
3122 5390 3289 5466 ἦλθεν
3345 5395 3453 5448 ἀπὸ
3480 5393 3690 5455 δύσεως

2128 5490 2504 5561 κωμοδρόμος,
2557 5490 2694 5559 ἔχων
2743 5488 2883 5543 κύνα
2943 5489 3138 5555 ξανθὴν
3187 5488 3283 5540 καὶ
3334 5486 3556 5556 τυφλὸν,
3626 5484 3689 5547 ὃς

2127 5584 2280 5651 παρὰ
2306 5581 2402 5635 τοῦ
2434 5581 2797 5651 κωμοδρόμου
2856 5582 3217 5650 κελευόμενος
3261 5579 3436 5632 ἐποίει
3474 5576 3691 5646 θαυμά-

2130 5676 2217 5728 σιὰ
2281 5691 2427 5727 τινα.
2501 5672 2611 5727 Καὶ
2680 5672 3069 5742 ἁθεσμοκοῖταί
3145 5688 3290 5733 τινες
3378 5668 3688 5740 εύρεθέντες
