4154 6200
480 251 585 317 505

1712 253 2109 313 ANNALIUM
2156 254 2346 313 PARS
2385 256 2496 318 ιν.

3611 259 3714 322 506

480 356 963 434 ωριαμϐεύοησαν
997 360 1527 431 καυλοτομηθέντες,
1560 362 1890 429 μεγιστᾶνες
1908 358 2046 429 ὁμοῦ

2150 361 2269 415 dam
2331 362 2642 432 prodigiosa
2703 362 2955 417 faciebat.
3008 365 3279 420 Praeterea
3331 380 3453 419 cum
3508 370 3707 434 reperti

480 463 569 509 καὶ
593 455 893 523 ἀρχιερεῖς,
925 453 1017 505 καὶ
1040 452 1185 505 οὓτω
1207 451 1601 523 περιαγόμενοι
1646 450 1880 522 οἰκτρῶς
1925 451 2045 501 ἑτε-

479 546 766 616 λεύτησαν.
800 544 936 597 Κατ’
970 546 1147 598 ἐκεῖνο
1170 544 1228 596 δὲ
1254 543 1466 611 καιροῦ
1491 543 1586 595 καὶ
1608 541 1669 595 τδ
1701 543 1843 612 μέγα
1872 541 2043 610 κῆτος

479 640 624 692 ἑάλω
655 637 720 690 τὸ
764 636 842 699 εἰς
878 635 1161 699 ἐνιαυτοὺς
1189 634 1289 704 τὴν
1342 634 1646 699 Βυζαντίδα
1693 632 2044 703 κατατρῦχον

496 730 862 798 πεντήκοντα·
913 728 1014 790 τὰς
1078 726 1216 795 νῆάς
1279 742 1342 779 τε
1401 727 1512 794 γὰρ
1582 723 1907 788 κατεὸύθιζε
1949 724 2045 775 καὶ

477 822 606 881 τοὺς
642 818 966 889 ἀνθρώπους
1003 816 1334 887 διέφθειρεν,
1372 810 1417 884 ᾧ
1491 816 1663 883 ὄνομα
1714 814 2042 883 Πορφύριος.

478 913 612 965 [lett
640 910 769 980 γοῦν
795 910 1049 980 δελφῖνας
1079 898 1294 963 διώκων
1335 910 1396 962 ὲν
1427 906 1681 977 παραλίῳ
1736 904 2044 975 κατεσχέθη

477 1003 728 1073 τέλματι,
758 1002 869 1058 τῶν
921 1002 1190 1070 δελφίνων
1221 1001 1347 1069 περὶ
1403 999 1501 1070 τὴν
1550 998 1656 1068 γῆν
1700 996 2045 1068 ὲκπηδησαν·

478 1110 606 1147 των.
643 1092 752 1147 Καὶ
776 1093 952 1158 οὕτως
984 1092 1261 1163 ἁλώσιμος
1298 1090 1504 1160 γίνεται
1545 1093 1575 1144 ὁ
1617 1091 1799 1160 πάσης
1841 1088 2046 1144 ἀνώτε-

481 1199 574 1253 ρος
607 1183 858 1254 μηχανῆς
895 1183 1173 1253 ὁρώμενος
1204 1182 1268 1236 τὸ
1288 1182 1395 1252 πρὸ
1418 1180 1538 1235 τοῦ.
1572 1181 1760 1250 Μῆκος
1807 1181 1907 1251 μὲν
1937 1180 2044 1250 πή-

478 1290 593 1341 χεις
621 1273 941 1343 τριάκοντα,
972 1273 1131 1345 εὖρος
1161 1273 1217 1327 δὲ
1242 1275 1439 1343 πήχεις
1462 1272 1596 1326 δέκα
1628 1271 1771 1325 κατὰ
1798 1271 1890 1324 τὸν
1909 1270 2046 1325 Και-

442 1358 453 1367 ’
477 1363 647 1431 σαρέα
679 1364 1008 1435 Προκόπιον.

2144 452 2367 521 quidam
2397 464 2579 508 essent
2606 453 2809 508 illic-itis
2838 466 3053 512 utentes
3075 458 3436 526 amplexibus,
3459 467 3713 525 tanquam

2147 542 2203 597 in
2235 544 2513 614 triumpho
2544 560 2645 614 per
2676 546 2892 611 urbem,
2924 548 3158 602 veretris
3205 550 3359 617 prius
3400 551 3713 619 amputatis,

2146 632 2295 688 ducti
2323 645 2471 689 sunt.
2514 636 2718 691 Horum
2755 637 2808 690 in
2839 653 3068 693 numero
3093 641 3316 708 quidam
3351 649 3627 708 magnetes
3658 650 3715 694 et

2146 725 2433 793 pontiﬁces
2462 736 2639 789 erant,
2670 728 2762 797 qui
2792 728 2895 783 hoc
2937 731 3097 784 modo
3125 732 3485 784 circumducti
3518 732 3716 786 misere

2152 816 2316 879 vitam
2346 816 2629 885 ﬁniebant.
2664 817 2865 873 Eodem
2891 827 3136 889 tempore
3176 830 3369 890 captus
3396 831 3479 876 est
3528 825 3718 891 ingens

2151 905 2244 961 ille
2284 917 2454 971 cetus,
2483 909 2577 977 qui
2599 924 2749 963 orum
2787 907 3133 979 Byzantinam
3179 922 3325 966 totos
3353 927 3526 966 annos
3554 914 3717 982 quin-

2143 999 2403 1069 quaginta
2437 1009 2761 1063 vexaverat;
2790 1016 2915 1054 nam
2942 1010 2996 1056 et
3022 1018 3189 1056 naves
3223 1005 3537 1073 demergere
3581 1020 3719 1058 con-

2145 1099 2402 1145 sueverat
2436 1099 2490 1144 et
2537 1090 2789 1146 homines
2847 1094 3100 1161 perdere.
3160 1095 3354 1148 Datum
3412 1097 3462 1150 ei
3518 1112 3716 1151 nomen

2142 1190 2263 1236 erat
2311 1181 2618 1251 Porphyrii.
2676 1182 2814 1236 Cum
2866 1192 3044 1237 autem
3075 1184 3368 1253 delphinos
3419 1183 3718 1255 aliquando

2146 1282 2589 1341 persequeretur,
2623 1272 2678 1327 in
2714 1275 2919 1343 uligine
2946 1275 3084 1329 mari
3115 1275 3322 1339 vicina,
3357 1275 3632 1344 delphinis
3659 1292 3720 1331 se

2145 1363 2212 1417 ad
2264 1372 2464 1417 terram
2496 1362 2865 1433 ejiciéntibus,
2923 1366 3116 1431 haesit;
3157 1378 3494 1437 quapropter
3522 1375 3718 1436 captus

475 1467 581 1525 est,
610 1471 920 1528 quanquam
955 1465 1083 1513 ante
1145 1458 1197 1511 id
1259 1458 1523 1527 temporis
1560 1459 1711 1512 visus
1748 1456 1939 1512 fuisset
1966 1456 2116 1511 omni
2155 1465 2355 1511 conatu
2388 1466 2445 1511 et
2474 1458 2883 1513 machinatione
2928 1460 3179 1528 superior
3204 1464 3350 1515 esse.
3396 1458 3720 1529 Longitndi-

477 1563 600 1602 nem
631 1548 825 1604 habuit
876 1549 1096 1619 triginta
1127 1548 1395 1613 cubitum,
1440 1548 1786 1613 latitudinem
1829 1548 2040 1614 decem,
2081 1547 2541 1617 quemadmodum
2584 1548 2885 1617 Procopius
2914 1549 3005 1603 ille
3027 1547 3382 1604 Caesariensis
3406 1550 3649 1618 scripsit.

546 1666 683 1722 Τότε
714 1668 778 1739 δὴ
801 1668 895 1722 καὶ
919 1668 988 1722 τὰ
1029 1668 1139 1721 τῶν
1168 1668 1359 1739 Σηρῶν
1396 1668 1636 1739 νήματα,
1701 1668 1849 1722 τοῦτ’
1893 1668 2041 1721 ἔστιν

2217 1664 2371 1721 Tunc
2392 1676 2446 1722 et
2478 1668 2674 1722 Serum
2705 1669 2844 1732 telae,
2881 1669 3140 1723 nimirum
3182 1679 3417 1733 metaxa,
3454 1674 3720 1736 ceperunt

477 1758 511 1833 ὴ
543 1761 771 1830 μετάξα,
802 1752 953 1830 παρὰ
1005 1758 1301 1830 Ῥωμαίοις
1327 1761 1530 1830 ἧρξατο
1591 1761 1857 1828 γίνεσθαι.
1888 1761 2043 1815 Κατά

476 1852 586 1920 γὰρ
622 1854 714 1904 τὸν
744 1851 1108 1921 διαληφθέντα
1147 1852 1456 1921 Προκόπιον
1505 1852 1671 1922 ἤγετο
1720 1851 1819 1916 μὲν
1866 1854 1899 1921 ἡ
1948 1868 2045 1920 με·

475 1948 612 2011 τάξα
656 1946 724 1999 δι’
754 1947 1009 2017 ἐμπόρων
1034 1944 1289 2009 ἐνταῦθα,
1328 1945 1427 1997 οὐκ
1458 1944 1789 2014 ἐγινώσκετο
1843 1943 1901 1996 δὲ
1924 1941 2041 1997 οὗθ’

481 2040 626 2103 ὅπως
654 2038 865 2105 γίνεται
898 2036 1012 2091 οὗθ’
1042 2038 1125 2090 δτι
1163 2035 1348 2107 σηρῶν
1377 2035 1597 2105 νήματὰ
1636 2036 1773 2090 ἐστι.
1803 2035 2046 2104 Μοναχοὶ

478 2128 534 2182 δὲ
559 2128 654 2181 δύο
685 2127 831 2190 τινὲς
863 2127 922 2193 ἐξ
964 2126 1156 2189 Ἰνδίας
1210 2125 1457 2189 ἐλθόντες
1494 2124 1595 2196 τὴν
1629 2126 1844 2199 γένεσιν
1877 2126 2045 2195 αὐτῆς

478 2218 833 2291 διηγήσαντο,
855 2219 949 2272 καὶ
980 2215 1341 2288 ὑπισχνοῦντο
1376 2216 1605 2287 κομίσαι
1643 2215 1736 2269 τὸν
1762 2216 1872 2269 τῶν
1904 2231 2046 2268 σκω-

481 2310 665 2380 λήκων
692 2312 917 2366 ἐκείνων
944 2311 1124 2379 γόνον,
1167 2308 1251 2363 ὠά
1304 2307 1435 2362 δντα
1473 2308 1570 2361 καὶ⁸
1624 2308 1767 2363 πάνυ
1813 2306 2042 2377 σμικρὰ,

480 2402 651 2470 δεῖξαί
689 2420 749 2456 τε
773 2402 1071 2472 Ῥωμαίοις
1097 2401 1249 2464 ὅπως
1273 2401 1460 2454 ἐκεῖνα
1482 2400 1879 2468 ζωογονοῦνται
1920 2399 2046 2453 θαλ-

480 2496 692 2567 πόμενα
716 2496 810 2548 καὶ
835 2496 915 2555 εἰς
948 2492 1243 2563 σκώληκας
1283 2490 1737 2563 μεταϐάλλονται,
1764 2491 1863 2543 καὶ
1896 2491 2046 2551 ὅπως

481 2585 875 2657 δημιουργοῦσι
904 2584 1004 2655 τὴν
1047 2584 1309 2654 μετὰξαν.
1349 2585 1415 2637 '0
1444 2583 1509 2653 δὴ
1550 2583 1647 2636 καὶ
1682 2583 2043 2653 πεποιήκασι,

483 2679 652 2734 πολλὰ
685 2680 833 2751 παρὰ
861 2677 953 2731 τοῦ
982 2677 1248 2751 βασιλέως
1288 2675 1769 2745 εὐεργετηθέντες.

558 2881 685 2937 Ἐπὶ
711 2881 914 2953 ταύτης
951 2880 1053 2952 τῆς
1080 2878 1357 2951 βασιλείας
1383 2878 1476 2931 καὶ
1502 2879 1535 2947 ὴ
1566 2876 1796 2946 πέμπτη
1826 2872 2046 2938 σύνοδος

482 2976 728 3043 γέγονεν,
762 2972 1216 3042 ἅναΘεματίσασα
1245 2971 1334 3023 τὸν
1381 2970 1689 3041 Ὠριγένην,
1723 2969 1771 3019 εἰ
1802 2967 1894 3019 καὶ
1943 2966 2048 3018 πά-

484 3069 572 3122 λαι
621 3067 839 3138 ἧκμαζε
900 3064 970 3119 τὰ
1017 3063 1192 3133 ἀσεὸῆ
1240 3062 1431 3116 τούτου
1497 3062 1766 3130 δόγματα,
1817 3059 2045 3127 προσέτι

481 3160 540 3214 δι
573 3160 668 3213 καὶ
710 3157 808 3221 τὰς
849 3156 990 3227 ὑπὲρ
1034 3156 1130 3209 τοῦ
1186 3153 1484 3225 Νεστορίου
1541 3151 1637 3207 τσῦ
1694 3144 2045 3220 Θεοδωρίγτου

487 3247 856 3319 συνηγορίας,
915 3245 1012 3299 καὶ
1070 3245 1171 3317 τὴν
1246 3242 1340 3298 τοῦ
1394 3243 1517 3295 Ἴδα
1595 3239 1919 3310 ἐπιστολὴν,
1985 3237 2051 3308 ἢν

488 3341 625 3410 πρὸς
676 3340 879 3410 Μάρην
929 3338 1022 3393 τὸν
1089 3339 1304 3407 Πέρσην
1377 3334 1587 3405 ἔγραψε
1660 3332 1924 3402 λέγουσαν
1977 3330 2052 3401 μὴ

484 3431 575 3485 τὸν
603 3430 736 3484 Θεὸν
764 3430 935 3499 Λόγον
967 3429 1031 3483 ἐκ
1059 3427 1157 3499 τῆς
1205 3424 1589 3494 Ἀειπαρθένου
1636 3422 1985 3493 γεννηθῆναι.

564 3618 809 3673 Γίνωσκε
838 3616 918 3683 δὲ,
961 3615 1241 3687 ἀγαπητὲ,
1275 3614 1357 3668 ὅτι
1388 3615 1466 3683 τῷ
1511 3609 1744 3680 είκοστῴ
1782 3609 1892 3662 ἔτει
1952 3607 2053 3679 τῆς

493 3710 775 3780 βασιλείας
797 3708 892 3763 τοῦ
931 3708 1172 3779 μεγάλου
1209 3702 1624 3777 Κωνσταντίνου
1665 3704 1887 3771 γέγονεν
1929 3703 1962 3770 ἡ
1994 3701 2054 3753 ἐν

490 3800 695 3872 Νικαίᾳ
720 3800 911 3871 πρώτη
949 3797 1164 3859 σύνοδος
1255 3796 1359 3849 ὑπὸ
1405 3793 1632 3865 Πατρῶν
1692 3792 1864 3858 ἁγίων
1923 3796 2049 3859 τιη’.

502 3889 786 3959 ’Υπῆρχον
849 3887 906 3939 δὲ
957 3884 1395 3956 προεξάρχοντες
1436 3884 1534 3953 τῆς
1587 3882 1806 3936 συνόδου
1849 3881 2054 3947 ταύτης

492 3982 810 4051 Σίλδεστρος
829 3980 1061 4042 πάππας
1099 3978 1339 4048 Ῥώμης,
1366 3976 1738 4047 Μητροφάνης
1764 3977 2055 4028 Κωνσταν-

491 4071 872 4135 τινουπόλεως,
932 4067 1285 4140 Ἀλέξανδρος
1354 4066 1791 4139 ’Δλεξανδρείας,
1849 4065 2055 4117 Εὑστά-

492 4162 606 4226 θιος
656 4160 994 4231 ’Δντιοχείας
1028 4160 1123 4213 καὶ
1143 4158 1432 4229 Μακάριος
1467 4158 1885 4228 Ἱεροσολύμων.
1926 4156 2057 4207 Συν-

491 4253 655 4323 ἧλϐον
714 4254 770 4307 δὶ
836 4253 977 4306 κατὰ
1020 4252 1234 4322 ’Δρείου
1293 4250 1745 4322 βλασφημοῦντος
1793 4249 1885 4301 τὸν
1921 4249 2054 4300 Θεὸν

2145 1756 2288 1825 apud
2345 1756 2619 1811 Romanos
2658 1757 2949 1811 elaborari.
2995 1757 3129 1811 Nam
3164 1764 3224 1810 ut
3258 1757 3350 1811 ille
3395 1757 3535 1825 ipse,
3566 1756 3722 1821 cujus

2146 1846 2483 1901 mentionem
2519 1847 2855 1903 faciebamus
2903 1847 3087 1912 modo,
3124 1846 3426 1915 Proc0pius
3491 1846 3718 1909 indicat,

2145 1936 2526 1991 advehebatur
2552 1937 2774 2006 quidem
2828 1946 3037 1992 metaxa
3072 1952 3169 2006 per
3213 1948 3551 1994 mercatores
3578 1939 3722 2008 Cpo-

2145 2014 2263 2089 lim,
2297 2025 2391 2080 sed
2430 2026 2787 2096 ignorabatur
2815 2028 3095 2097 quomodo
3122 2027 3299 2092 ﬁeret,
3332 2030 3551 2083 nemine
3585 2044 3716 2098 prae-

2148 2123 2296 2171 terea
2349 2117 2559 2171 sciente
2613 2118 2882 2172 vermium
2939 2118 3063 2174 illas
3100 2119 3235 2173 telas
3268 2132 3413 2173 esse.
3468 2116 3721 2173 Monachi

2148 2216 2332 2261 autem
2363 2206 2474 2262 duo
2498 2223 2564 2262 ex
2598 2208 2748 2262 India
2788 2223 2913 2263 cum
2944 2210 3245 2273 venissent,
3300 2208 3571 2278 originem
3602 2224 3721 2263 me-

2148 2305 2285 2351 taxae
2314 2297 2687 2365 declararunt,
2723 2300 2953 2369 polliciti
2980 2315 3040 2355 se
3092 2300 3285 2355 laetum
3336 2300 3556 2355 illorum
3596 2315 3723 2353 ver-

2147 2386 2339 2449 mium,
2388 2402 2488 2441 ova
2521 2388 2812 2459 perexigua
2858 2389 3089 2454 scilicet,
3120 2390 3404 2455 allaturos,
3431 2390 3723 2447 Romanis-

2148 2494 2256 2548 que
2307 2488 2708 2535 monstraturos
2742 2481 3201 2549 quemadmodum
3234 2482 3324 2535 illa
3349 2481 3584 2537 fovendo
3612 2482 3727 2537 ani-

2148 2579 2296 2623 mata
2326 2569 2383 2623 in
2418 2585 2636 2625 vermes
2660 2580 2942 2625 mutentur
2968 2580 3354 2642 metaxamque
3376 2582 3578 2627 texant.
3607 2571 3720 2627 lloc

2149 2659 2240 2713 ubi
2276 2660 2697 2726 praestitissent,
2752 2662 2963 2730 magnis
3006 2663 3075 2716 ab
3111 2663 3440 2733 imperatore
3477 2664 3721 2718 muneri-

2148 2749 2253 2805 bus
2291 2766 2356 2804 ac
2378 2752 2662 2808 beneﬁciis
2694 2755 2877 2813 allecti
2914 2772 3064 2811 sunt.

2221 2863 2299 2919 Eo
2326 2874 2586 2934 regnante
2619 2868 2873 2936 quintum
2898 2884 3117 2939 quoque
3143 2872 3435 2926 concilium
3471 2883 3724 2927 coactum

2149 2955 2592 3025 celebratumque
2631 2957 2755 3022 fuit,
2809 2959 2864 3012 in
2893 2976 3005 3030 quo
3045 2962 3187 3016 facta
3228 2975 3313 3018 est
3352 2964 3599 3034 Origcnis
3629 2980 3725 3018 ex-

2154 3046 2413 3111 secratio,
2443 3062 2756 3118 quanquam
2795 3051 2958 3119 impia
2996 3051 3143 3106 illius
3164 3054 3412 3123 dogmata
3453 3056 3563 3125 jam
3594 3055 3727 3107 olim

2154 3136 2420 3207 vigerent.
2464 3138 2667 3193 Eodem
2720 3139 2884 3195 modo
2911 3141 3180 3197 damnata:
3236 3153 3362 3198 sunt
3394 3141 3726 3199 Theodoreti

2154 3244 2251 3297 pro
2278 3228 2527 3283 Nestorio
2555 3229 2928 3309 defensiones,
2960 3240 3015 3288 et
3044 3216 3159 3288 lbaa‘
3195 3234 3261 3288 ad
3296 3235 3478 3289 Maren
3504 3235 3726 3289 Persam

2153 3321 2371 3389 scripta:
2429 3319 2686 3385 Litterae,
2740 3323 2943 3392 quibus
2988 3324 3133 3379 inter
3179 3325 3285 3379 alia
3341 3326 3728 3382 continebatur

2154 3411 2325 3467 Deum
2375 3411 2696 3467 Sermonem
2727 3429 2793 3468 ex
2826 3412 3045 3485 Virgine
3071 3425 3332 3486 perpetua
3380 3427 3567 3472 natum
3615 3433 3728 3474 non

2155 3517 2299 3557 esse.

2228 3618 2363 3673 Volo
2396 3626 2447 3673 te
2495 3630 2676 3674 autem
2717 3621 2882 3683 scire,
2908 3620 3107 3675 dilecte
3152 3621 3247 3686 fili,
3278 3636 3424 3677 anno
3454 3621 3729 3677 Constano

2155 3706 2741 3777 tiniMagnivicesimo
2801 3711 3030 3779 primam
3073 3711 3264 3766 Nicaea:
3314 3711 3580 3783 synodum
3610 3713 3727 3768 eoi-

2155 3798 2319 3858 visse.
2359 3798 2426 3853 ad
2480 3814 2642 3868 quam
2675 3800 2780 3855 518
2821 3801 2967 3855 sacri
3006 3801 3196 3855 Patres
3240 3802 3618 3857 convenerint.
3656 3803 3728 3860 Et

2155 3887 2421 3958 praefuere
2476 3888 2742 3945 Silvester
2794 3906 2933 3960 papa
2981 3891 3300 3955 Romanus,
3339 3892 3728 3962 Metrophanes

2153 3978 2516 4048 Cpolitanus,
2565 3980 2871 4034 Alexander
2915 3980 3352 4042 Alexandrinus.
3406 3982 3725 4037 Eustathius

2154 4069 2567 4134 Antiochenus,
2619 4077 2676 4123 et
2718 4068 2988 4123 Macarius
3039 4070 3543 4139 Hierosolymorum
3579 4072 3727 4125 anti-

2154 4168 2287 4215 stes.
2313 4158 2653 4214 Conventum
2709 4157 2814 4213 fuit
2843 4159 2956 4213 Arii
2990 4176 3173 4225 causa,
3208 4160 3377 4214 Deum
3414 4175 3721 4216 sermonem

2156 4246 2443 4302 aﬂicientis
2491 4246 2810 4316 ignominia,
2855 4248 3013 4317 2'71
3055 4263 3215 4318 quem
3270 4259 3510 4305 creatum
3551 4250 3728 4320 quod—

491 4347 684 4425 Λόγον,
716 4346 815 4400 καὶ
847 4344 1054 4414 κτίσμα
1099 4344 1351 4412 λέγοντος
1403 4343 1569 4397 αὐτὸν
1605 4344 1699 4397 καὶ
1750 4341 2049 4411 ὲτερούσιον

2157 4337 2280 4392 dam
2322 4352 2445 4391 esse
2484 4336 2717 4402 diceret,
2744 4344 2799 4391 et
2836 4352 2866 4389 a
2935 4347 3129 4391 natura
3156 4340 3501 4409 essentiaque
3549 4341 3733 4397 Patrio

492 4438 584 4491 τοῦ
635 4436 868 4505 Πατρὸς,
905 4435 1000 4488 καὶ
1045 4434 1126 4487 ὅτι
1158 4429 1226 4504 ἦν
1252 4450 1381 4485 ποτε
1417 4434 1505 4486 ὅτε
1548 4432 1650 4487 ούκ
1703 4429 1792 4501 ἦν.
1826 4432 1921 4483 Ὃν
1953 4445 2055 4482 κα-

493 4527 725 4582 θελοῦσα
752 4528 789 4598 ἡ
810 4526 944 4597 ἁγία
975 4524 1192 4588 σύνοδος
1219 4526 1319 4594 τὴν
1344 4523 1628 4594 όρθόδοξον
1686 4521 1868 4575 πίστιν
1890 4521 2057 4592 ἐκρά-

489 4635 670 4674 τυνεν.

563 4810 652 4863 Ἐν
686 4808 743 4863 δὲ
765 4808 843 4879 τῷ
866 4807 1111 4878 δευτέρῳ
1141 4805 1251 4859 ἔτει
1302 4804 1403 4872 τῆς
1460 4800 1740 4873 βασιλείας
1768 4798 2056 4855 Θεοδοσίου

496 4901 590 4955 τοῦ
629 4902 871 4971 μεγάλου
932 4900 1154 4967 γέγονεν
1183 4898 1216 4965 ὴ
1263 4894 1490 4962 δευτέρα
1526 4891 1741 4955 σύνοδος
1791 4893 1852 4943 ὲν
1903 4891 2059 4942 Κων-

497 4988 941 5045 σταντινουπόλει
1003 4987 1108 5041 ὑπὸ
1135 4986 1363 5054 Πατρῶν
1403 4983 1572 5051 ἁγίων
1604 4981 1679 5054 py’
1749 4982 1891 5036 κατὰ
1915 4980 2060 5050 ,Μα-

499 5080 738 5136 κεδονίου
774 5080 867 5134 τοῦ
922 5048 1409 5149 Πνευματομαχου,
1440 5048 1529 5127 fit:
1564 5048 1661 5127 κάξ
1696 5072 1734 5125 Γ
1738 5048 1992 5143 ρηγόριος
2032 5071 2060 5123 ὁ

498 5172 758 5241 Θεολόγος
806 5172 907 5241 τῆς
965 5170 1293 5241 Ἐκκλησίας
1338 5167 1623 5238 ἐξεϐλήθη.
1691 5164 1966 5235 ’Υπῆρχον
2002 5163 2058 5217 δὲ

498 5262 929 5333 προεξαρχοντες
958 5264 1060 5331 τῆς
1098 5261 1320 5315 συνόδου
1356 5260 1560 5328 ταύτης
1600 5255 1866 5327 Τιμόθεος
1900 5256 2052 5308 Ἀλε-

500 5353 811 5423 ξανδρείας,
860 5355 1124 5417 Μελέτιος
1162 5351 1523 5422 Ἀντιοχείας,
1581 5348 1847 5418 Κύριλλος
1889 5348 2058 5419 Ἰερο-

499 5441 771 5514 σολύμων,
821 5443 860 5495 Γ
865 5443 1120 5514 ρηγόριος
1170 5442 1198 5493 ὀ
1234 5442 1496 5508 Θεολόγος
1543 5438 2058 5503 Κωνσταντινουπό-

494 5531 629 5595 λεως
664 5536 757 5587 καί
804 5535 1056 5604 Δάμασος
1088 5534 1318 5596 πάπποις
1350 5530 1592 5602 Ῥώμης,
1635 5532 1832 5596 οἵτινες
1871 5532 2057 5585 aveo;-

500 5624 735 5692 μάτισαν
766 5626 1184 5680 Μακεδόνιοντὸ
1230 5623 1456 5695 Πνεῦμα
1489 5626 1550 5678 τὸ
1604 5623 1759 5690 ειγιον
1814 5630 1859 5673 ’³7
1914 5641 2052 5697 σφη-

2155 4426 2417 4479 alienum.
2458 4424 2707 4479 Addebat
2738 4426 2905 4481 fuisse
2944 4435 3157 4497 tempus
3190 4444 3313 4483 cum
3342 4430 3436 4486 ille
3491 4447 3599 4485 non
3628 4447 3724 4485 ex—

2152 4514 2388 4568 sisteret.
2446 4512 2632 4582 itaque
2677 4529 2892 4568 sacrum
2948 4516 3050 4571 hoc
3082 4516 3374 4571 concilium
3443 4521 3574 4576 Ario
3628 4522 3727 4575 de-

2149 4604 2293 4673 jecto
2341 4617 2395 4657 et
2445 4603 2697 4658 abdicato
2744 4615 2948 4660 rectam
2993 4604 3119 4661 ﬁdei
3156 4608 3481 4663 sententiam
3526 4611 3728 4664 contir-

2155 4696 2342 4749 tnuvit.

2228 4806 2439 4861 Rursus
2484 4823 2630 4863 anno
2674 4809 2889 4879 imperii
2915 4813 3209 4873 Theodosii
3259 4816 3435 4887 Magni
3483 4819 3729 4874 secundo

2156 4900 2397 4968 synodus
2450 4898 2622 4952 altera
2656 4899 2812 4969 Cpoli
2875 4919 2905 4957 a
2960 4904 3061 4958 l50
3110 4906 3314 4961 sanctis
3362 4908 3617 4963 Patribus
3645 4921 3730 4964 est

2156 4990 2429 5045 celebrata
2486 5002 2676 5046 contra
2727 4992 3108 5049 Macedonium
3163 4999 3337 5054 sancti
3372 5000 3607 5070 Spiritus
3635 5018 3730 5071 op-

2154 5092 2533 5149 pugnalorem.
2586 5081 2665 5136 Eo
2722 5083 2958 5138 durante
3006 5088 3245 5142 concilio
3306 5089 3603 5161 Gregorius
3638 5093 3731 5146 ille

2157 5169 2465 5240 Tlieologus
2506 5172 2607 5226 hac
2657 5174 2882 5228 ecclesia
2937 5178 3203 5245 spoliatus
3256 5189 3307 5234 et
3363 5182 3574 5250 eiectus
3626 5190 3730 5235 est.

2156 5262 2525 5317 Praesidebant
2551 5264 2870 5320 Timotheus
2898 5269 3320 5336 Alexandrinus,
3346 5272 3593 5329 Meletius
3612 5274 3728 5326 An-

2158 5355 2491 5417 t'toclienus,
2542 5356 2775 5425 Cyrillns
2831 5356 3377 5431 llierosolymitanus,
3430 5362 3730 5432 Gregorius

2162 5442 2474 5513 Tlieologus
2501 5441 2839 5513 Cpohtanus,
2868 5456 2923 5502 et
2956 5448 3235 5505 Romanus
3267 5466 3405 5520 papa
3435 5454 3729 5517 Damasus;

2158 5534 2255 5603 qui
2282 5534 2665 5590 Macedoniam
2689 5539 2962 5593 exsecrati
2982 5550 3130 5604 sunt,
3160 5542 3435 5593 hominem
3464 5540 3732 5596 adversus

2159 5626 2421 5698 Spiritum
2455 5638 2706 5685 sanctum
2737 5632 3127 5687 contumeliose
3167 5646 3229 5686 ac
3264 5631 3426 5699 impie
3462 5633 3728 5703 locutum,
