4154 6200
26 5652 31 5719 ῑ

26 5748 31 5779 ε

26 5788 33 5833 l

26 5906 35 5983 ξ

389 283 496 345 50)
1683 280 1994 342 MICHAEI

2095 284 2106 342 ἱ
2144 284 2407 344 GLYC/Ft
3527 277 3631 340 504

393 402 537 446 tuam
580 388 892 447 Solomonis
922 391 1305 460 respicientem
1340 387 1395 443 in
1436 395 1772 445 exstructam
1830 392 1898 446 ab
1935 406 1994 445 se
2031 391 2280 462 Magnam
2318 387 2617 447 Ecclesiam
2685 392 2779 448 Dei
2831 392 3216 458 maxillamque
3276 390 3440 461 269
3476 406 3629 451 suam

392 482 876 553 comprimentem;
920 481 1086 552 269
1111 497 1217 548 quo
1266 479 1667 551 significaretur
1743 481 1849 536 hoc
1894 480 2126 537 aedilicio
2171 498 2325 538 novae
2349 483 2738 555 Hierosolyma:
2770 482 3117 539 Solomonem
3147 495 3268 535 esse
3292 489 3630 550 superatum-

459 576 728 631 Cazterum
767 574 1008 630 ecclesiae
1030 584 1346 629 sanctorum
1370 573 1761 644 Apostolorum
1794 574 1959 629 trulla
1987 580 2036 637 Α

393 670 569 737 lignea
603 666 872 722 versatilis
902 681 932 719 a
964 681 1159 735 magno
1188 666 1410 734 quidem
1445 666 1802 720 Constantino
1846 665 1961 735 pri-

2146 577 2207 632 Ἦ
2254 579 2312 632 δὲ
2340 581 2451 632 τῶν
2485 580 2656 648 ἁγίων
2700 578 3041 633 Ἀποστόλων
3074 575 3339 645 ἐκκλησία
3392 575 3630 646 δρομικὴ

2068 671 2423 741 ξυλότρουλος
2459 670 2685 738 ἐκτίσθη
2735 668 2797 722 τὸ
2824 669 3089 738 πρότερον
3125 666 3278 735 παρὰ
3323 664 3417 718 τοῦ
3451 666 3627 735 μεγά-

398 771 543 809 mum
590 762 674 808 est
718 754 974 811 condita:
1013 770 1202 808 verum
1234 764 1289 808 et
1321 754 1556 823 amplior
1584 753 1726 808 facta
1780 763 1835 808 et
1888 753 1962 808 ita

2098 780 2162 815 ου
2210 761 2650 825 Κωνσταντίνου,
2687 758 3031 831 ἑμεγαλύνθη
3054 758 3109 810 δὲ
3150 755 3247 810 καὶ
3299 756 3373 818 ὡς
3398 756 3509 824 ἔχει
3537 755 3631 808 νῦν

394 854 670 902 exstructa
716 853 822 910 est,
861 848 937 899 uti
977 846 1137 900 modo
1201 846 1563 915 conspicitur,
1610 860 1640 898 a
1674 844 1963 900 Theodora

396 937 687 992 Justiniani
715 936 969 1007 conjuge.
1014 936 1180 992 Sacra
1206 948 1387 991 tamen
1422 951 1515 990 ara
1566 948 1852 1006 propterea
1883 952 1968 992 re-

399 1030 527 1082 licta
561 1027 685 1090 fuit,
724 1030 869 1096 quod
901 1027 1031 1080 istic
1054 1025 1395 1080 venerabiles
1425 1027 1857 1095 patriarcharum
1910 1036 1967 1082 et.

399 1118 774 1189 apostolorum
798 1115 1041 1184 reliquiae
1064 1116 1175 1170 siut
1200 1116 1456 1171 conditae.

470 1204 619 1259 Scito
646 1204 838 1266 etiam,
875 1201 1075 1256 dilecte
1112 1202 1209 1267 fili,
1240 1204 1441 1278 festum
1476 1206 1621 1274 quod
1649 1206 1969 1277 Hypapanta

401 1296 605 1349 dicitur
638 1294 746 1349 illis
770 1278 1013 1365 primum~
1053 1297 1391 1365 temporibus
1432 1299 1744 1353 institutum
1777 1297 1967 1362 fuisse,

403 1388 549 1457 quod
577 1388 873 1457 caeteroqui
926 1387 993 1442 de
1034 1388 1263 1444 Joannis
1300 1389 1676 1459 Chrysostomi
1701 1393 1972 1445 sententia

402 1478 549 1537 inter
571 1479 709 1533 festa
745 1478 957 1531 Domini
987 1494 1097 1532 non
1129 1490 1465 1535 recensetur.
1499 1480 1969 1547 Quemadmodum

400 1571 551 1626 enim
600 1584 696 1623 sex
748 1568 947 1622 diebus
978 1569 1162 1623 otnnia
1217 1570 1485 1637 condidit,
1541 1573 1619 1627 sic
1663 1572 1827 1626 etiam
1878 1586 1973 1626 sex

411 1660 564 1712 festis
595 1674 659 1712 ea
694 1659 983 1729 complecti
1018 1659 1163 1714 Deus
1196 1661 1390 1727 voluit,
1446 1677 1566 1731 quae
1594 1662 1845 1719 Christus
1878 1679 1975 1733 per

407 1750 935 1806 administrationem
965 1750 1016 1804 in
1048 1767 1210 1805 carne
1233 1768 1325 1806 sua
1359 1752 1561 1809 ell‘ecit.
1588 1755 1662 1808 Ea
1693 1770 1823 1810 vero
1847 1765 1977 1811 sunt

408 1840 690 1903 Nativitas,
732 1839 1059 1909 Baptismus,
1095 1842 1261 1905 Crux,
1300 1843 1703 1910 Ressurrectio,
1755 1846 1978 1901 Assum-

2067 852 2488 921 κατεσκευάσθη
2538 853 2687 922 παρά
2737 851 3039 921 Θεοδὼρας,
3085 848 3347 917 γυναικὸς
3410 848 3633 900 ’1ουστι-

2067 944 2273 998 νιανοῦ.
2310 943 2383 997 Τδ
2432 943 2490 997 δὲ
2523 944 2679 1010 ἀγιον
2722 941 2875 1012 βῆμα
2925 942 3103 1000 ἐκεῖσε
3146 939 3303 1006 εἰάθη
3337 936 3424 989 διὰ
3456 936 3526 988 τὰ
3574 936 3633 986 ὲν

2070 1035 2216 1104 αὐτῷ
2245 1036 2480 1104 κείμενα
2518 1035 2679 1105 τίμια
2719 1032 2951 1101 λείψανα
3008 1029 3371 1100 πατριαρχῶν
3420 1044 3481 1080 τε
3536 1026 3631 1078 καὶ

2068 1127 2402 1182 ἀποστόλων.

2142 1214 2382 1265 Γίνωσκε
2404 1212 2482 1277 δὲ,
2507 1212 2782 1280 ἀγαπητὲ.
2815 1211 2895 1263 ὅτι
2936 1209 3059 1263 κατ’
3105 1210 3281 1261 ὲκεῑνο
3313 1206 3504 1276 καιροῦ
3537 1207 3633 1261 καὶ

2070 1306 2105 1374 ή
2157 1303 2482 1374 ’Υπαπαντὴ
2533 1303 2884 1377 ἑορτάζεσθαι
2915 1302 3138 1383 ἧρξατο,
3194 1302 3317 1370 ἣτις
3359 1299 3502 1352 κατά
3543 1297 3636 1350 τδν

2074 1399 2501 1469 χρυσορρήμονα
2545 1395 2796 1466 Ἰωάννην
2827 1395 2927 1448 οὒκ
2984 1393 3134 1446 εστιν
3173 1390 3491 1460 ἐναρίθμιος
3511 1391 3634 1451 ταῖς

2072 1490 2431 1549 Δεσποτικαῖς
2462 1487 2693 1554 ἑορταῖς.
2712 1486 2799 1548 Ὠς
2822 1485 2931 1554 γὰρ
2948 1485 3006 1536 ἐν
3035 1483 3092 1549 ἓξ
3116 1482 3352 1554 ήμέραις
3374 1479 3442 1533 τὰ
3459 1480 3638 1533 πάντα

2076 1582 2355 1648 ἐποίησεν,
2388 1578 2533 1631 οὕτω
2562 1576 2657 1630 καί
2686 1578 2744 1631 ὲν
2770 1574 2830 1641 ἓξ
2863 1576 3084 1646 ἑορταῖς
3115 1574 3183 1626 τὰ
3209 1574 3311 1639 τῆς
3367 1571 3635 1639 ἑνσάρκου

2075 1670 2381 1739 οἰκονομίας
2406 1668 2713 1737 ἐπλήρωσε,
2738 1672 2805 1736 τῇ
2834 1666 3110 1735 Γεννήσει,
3144 1663 3222 1732 τῷ
3266 1662 3637 1729 Βαπτίσματε,

2075 1763 2153 1832 τῷ
2182 1760 2427 1830 Σταυρῷ,
2482 1762 2551 1829 τῇ
2589 1758 2930 1823 Ἀναστᾶσα,
2967 1759 3033 1827 τῇ
3085 1754 3375 1824 ’Δναλήψει
3427 1754 3520 1804 καὶ
3568 1753 3633 1819 τῇ
3672 1756 3675 1759 ’

2084 1852 2452 1919 Πεντηκοστῇ.
2478 1849 2737 1903 Λείπεται
2776 1846 2871 1905 οὖν
2898 1849 2932 1919 ἡ
2963 1846 3185 1916 ἑϐδόμη,
3218 1845 3274 1896 ὲν
3370 1842 3517 1896 πᾶσα
3544 1856 3642 1893 καο

410 1932 520 1997 ptio
557 1938 611 1984 et
666 1907 1143 2001 Quinquagesima.
1204 1934 1391 1989 Restat
1428 1935 1623 1990 festum
1667 1907 1983 2006 septimum,
2014 1907 2056 1963 Β
2083 1907 2380 2005 τάπαύσις.

405 2020 555 2090 quod
580 2036 797 2076 omnem
829 2022 1135 2091 requietem
1174 2024 1421 2079 habebit.

482 2113 583 2167 His
614 2114 775 2167 annis
804 2114 967 2168 etiam
1019 2130 1169 2169 mare
1223 2130 1352 2171 suos
1380 2132 1656 2188 egressum
1691 2118 1895 2176 limites
1914 2119 1983 2176 ad

411 2200 516 2255 tria
545 2200 799 2256 milliaria
835 2217 1024 2256 versus
1054 2202 1364 2270 Thraciam,
1414 2209 1557 2278 agris
1595 2220 1650 2267 et
1674 2210 1988 2268 hominibus

413 2290 601 2343 multis
634 2292 1028 2363 oppressis,.ad
1054 2292 1171 2347 loca
1202 2296 1430 2361 pristina
1458 2298 1640 2353 rediit.
1666 2299 1876 2356 Secuta
1901 2310 1988 2357 est

411 2382 569 2447 Cpoli
609 2390 755 2436 tanta
790 2391 1008 2453 tamque
1052 2384 1170 2440 dira
1203 2388 1372 2457 pestis
1402 2398 1461 2443 ut
1513 2391 1713 2446 mortui
1746 2392 1985 2447 triduum

418 2474 672 2543 insepulti
710 2486 1034 2540 manerent;
1068 2493 1170 2534 nec
1200 2478 1348 2534 enim
1400 2480 1505 2535 ulla
1548 2496 1608 2537 se
1641 2483 1728 2537 via
1781 2484 1989 2541 ratiove

418 2564 719 2635 sepeliendi
765 2581 861 2623 eos
890 2567 1159 2627 oﬂerebat
1192 2570 1263 2625 ob
1300 2573 1649 2629 morientium
1684 2576 1993 2633 multitudi-

420 2670 565 2711 nem.
598 2655 850 2713 Grassata
875 2668 957 2714 est
985 2661 1267 2716 continuis
1296 2660 1446 2719 Julio
1473 2674 1528 2719 et
1558 2665 1991 2737 Augusto’men-

419 2748 593 2805 sibus.
620 2748 758 2807 llinc
794 2749 995 2807 factum
1030 2761 1331 2823 utpropter
1373 2755 1643 2812 cadavera
1674 2765 1788 2813 tota
1839 2759 1991 2830 regio

422 2842 659 2899 fmteret.
684 2841 817 2895 Tam
845 2844 1063 2911 copiose
1092 2855 1272 2901 autem
1301 2847 1552 2902 homines
1574 2851 1772 2918 passim
1789 2852 1995 2906 exstin-

424 2934 749 3001 guebantur,
791 2944 852 2989 ut
893 2936 1187 3005 imperator
1224 2939 1373 2993 mille
1411 2940 1666 3009 grabatos
1706 2957 1770 2997 ac
1793 2943 1992 2999 feretra

430 3024 544 3078 fieri
568 3034 803 3088 curaret,
838 3025 1040 3095 quibus
1069 3027 1332 3082 cadavera
1366 3039 1810 3097 exportarentur.
1841 3032 1992 3088 Prae-

431 3124 576 3170 terea
618 3116 899 3170 mandavit
937 3126 995 3171 ut
1025 3118 1249 3186 plurimi
1282 3134 1478 3174 currus
1502 3135 1567 3176 ac
1605 3122 1735 3176 muli
1763 3122 1995 3177 cadave-

2157 2114 2291 2169 Τότε
2320 2113 2416 2165 καὶ
2448 2112 2481 2182 ἡ
2515 2110 2763 2165 θάλασσα
2806 2108 3101 2177 ἐξελθοῦσα
3146 2108 3256 2163 τῶν
3287 2108 3449 2180 όρίων
3475 2108 3646 2179 αὐτῆς

2086 2205 2177 2260 ἐπὶ
2218 2203 2369 2274 μίλια
2396 2203 2523 2274 τρία
2549 2202 2685 2271 πρὸς
2711 2202 2780 2254 τά
2811 2201 2953 2272 μέρη
2978 2203 3079 2269 τῆς
3110 2198 3354 2271 Θρᾴκης,
3388 2200 3483 2253 καὶ
3514 2199 3646 2252 πολ-

2084 2298 2185 2360 λᾶς
2215 2297 2397 2367 χώρας
2429 2294 2525 2348 καὶ
2577 2292 2901 2363 ἀνθρώπους
2930 2290 3277 2355 ἀποπνίξασα
3314 2290 3643 2360 ὑπέστρεψε.

2088 2390 2219 2443 Τότε
2242 2390 2295 2441 δὲ
2325 2388 2422 2441 καὶ
2444 2385 2729 2439 θανατικδν
2755 2382 3059 2454 ἀνθρώπων
3100 2385 3155 2436 ὲν
3197 2384 3648 2438 Κωνσταντινου-

2092 2480 2243 2533 πόλει
2263 2478 2473 2548 γέγονε.
2504 2462 2769 2529 Τοσοῦτον
2795 2475 2851 2529 δὲ
2883 2469 2954 2544 ἦν
2984 2473 3125 2527 ὥστε
3188 2473 3371 2543 μένειν
3398 2474 3643 2542 ἀτάφους

2090 2574 2214 2635 τοὺς
2253 2570 2695 2645 ἀποθνήσκοντας
2724 2569 2943 2638 ἡμέρας
2982 2564 3050 2633 γ’·
3105 2564 3227 2619 οὐδὲ
3256 2564 3367 2635 γὰρ
3402 2560 3472 2636 ἦν
3528 2565 3682 2626 ὁδὸς.

2091 2662 2179 2717 διά
2240 2660 2301 2714 τὸ
2367 2659 2571 2729 πλῆθος
2629 2657 2955 2713 θάπτεσθαι.
3014 2655 3347 2726 Ἐπεκράτει
3379 2655 3435 2707 δὲ
3475 2657 3653 2725 μῆνας

2105 2752 2322 2809 Ἰούλιον
2356 2753 2452 2807 καὶ
2478 2750 2809 2818 Αίιγουστον.
2853 2745 3138 2802 Ἐντεῦθεν
3179 2748 3273 2801 καὶ
3305 2748 3455 2800 πᾶσα
3511 2751 3545 2817 η
3578 2747 3652 2817 γῆ

2080 2823 2342 2907 ’ἑπώζεσε
2373 2842 2464 2895 διὰ
2495 2841 2564 2896 τὰ
2598 2840 2894 2910 πτώματα.
2928 2838 3196 2893 Τοσοῦτον
3227 2839 3286 2893 δὲ
3332 2841 3393 2893 τὸ
3445 2840 3653 2909 πλῆθος

2092 2936 2200 2991 τῶν
2227 2933 2679 3007 ἀποθνησκόντων
2697 2927 2765 3000 ἦν
2788 2930 2931 2984 ὥστε
2950 2929 3155 3000 χιλίους
3184 2930 3530 2999 κραϐὅάτους
3561 2929 3655 2984 τὸν

2096 3026 2322 3097 βασιλέα
2352 3025 2575 3091 ποιῆσαι
2609 3024 2771 3092 χάριν
2798 3020 2894 3074 τοῦ
2925 3019 3364 3090 ἀποκομίζεσθαι
3432 3020 3655 3083 αὐτούς.

2098 3122 2204 3173 Καὶ
2231 3121 2289 3173 ού
2317 3118 2471 3173 τοῦτο
2494 3116 2674 3187 μόνον,
2705 3116 2841 3170 ἀλλά
2865 3114 2959 3169 καὶ
2989 3114 3206 3185 ἁμάξας
3240 3115 3501 3177 πλείστας
3553 3114 3647 3166 καὶ

430 3205 581 3261 ribus
607 3207 800 3259 iisdem
828 3207 1124 3262 ell‘erendis
1155 3211 1452 3264 servirent.
1485 3211 1683 3266 Verum
1710 3222 1861 3281 peste
1883 3228 1994 3267 ma-

2100 3212 2354 3280 ἡμιόνους
2410 3207 2672 3272 ὡσαύτως
2719 3207 3006 3261 ἐκέλευσεν
3051 3207 3147 3260 ἐπὶ
3202 3209 3269 3277 τῇ
3311 3207 3649 3275 μετακομιδῇ

430 3295 514 3363 gis
547 3299 711 3350 etiam
754 3299 1122 3352 invalescente
1152 3300 1465 3369 complures
1500 3301 1554 3355 in
1620 3301 1778 3360 littus
1810 3303 1999 3372 ejicie-

430 3384 582 3441 bant.
618 3384 687 3440 Ut
738 3401 848 3439 uno
900 3387 1138 3457 denique
1187 3389 1358 3443 verbo
1395 3405 1509 3443 rem
1549 3391 1998 3461 complectamur,

434 3476 618 3530 nullus
641 3468 879 3531 restabat
909 3479 1063 3533 locus
1102 3479 1156 3533 in
1181 3495 1290 3549 quo
1315 3480 1577 3534 cadavera
1605 3490 1715 3536 tam
1757 3483 2001 3539 fostentia

435 3582 543 3620 non
562 3568 826 3637 jacerent.
854 3566 1027 3622 Simul
1051 3570 1311 3625 exstitere
1336 3580 1441 3625 tam
1465 3571 1736 3627 horrenda
1762 3573 2005 3630 tonitrua

438 3658 781 3728 fulguraque,
831 3667 890 3713 ut
927 3660 1093 3715 etiam
1141 3662 1389 3718 nonnulli
1423 3664 1761 3720 dormientes
1788 3680 2005 3723 crema-

440 3760 653 3805 rentur.
683 3751 926 3806 Accessit
978 3760 1139 3807 ιρι-ναι
1172 3764 1354 3808 motus
1380 3769 1475 3823 per
1512 3769 1704 3810 omnes
1729 3762 1789 3811 se
1825 3766 2007 3826 partes

438 3841 588 3897 orbis
614 3842 949 3910 extendens;
972 3860 1081 3914 quo
1102 3844 1332 3900 durante
1354 3846 1605 3902 civitates
1628 3862 1818 3904 omnes
1842 3858 2007 3918 atque

442 3935 688 4002 regiones
740 3934 795 3988 in
849 3943 997 3990 metu
1042 3949 1202 3991 erant.
1243 3952 1314 3991 ne
1371 3937 1819 3995 absorberentur.
1870 3939 2011 3996 Hinc

441 4040 656 4079 rursum
696 4026 763 4081 ad
794 4026 904 4081 duo
930 4028 1178 4082 milliaria
1204 4043 1336 4083 suos
1360 4038 1514 4084 extra
1548 4030 1684 4086 lines
1708 4046 1857 4087 mare
1887 4046 2012 4101 pro-

438 4117 635 4180 currit,
670 4116 917 4187 alterque
946 4126 1107 4173 terrae
1134 4130 1315 4174 motus
1342 4118 1532 4176 urbem
1566 4119 1684 4178 dies
1721 4123 1911 4176 decem
1936 4122 2012 4177 ita

438 4208 710 4264 succussit
737 4218 794 4262 ut
840 4209 1137 4278 imperator
1170 4210 1284 4276 ipse
1326 4208 1599 4269 Natalitiis
1642 4209 1847 4265 Christi
1895 4210 2013 4267 sine

2101 3303 2279 3357 αὐτῶν
2305 3301 2622 3370 ὑπηρετεῖν.
2692 3298 3135 3369 Ἐπιτεινομένης
3164 3298 3223 3351 δὲ
3257 3297 3359 3365 τῆς
3414 3297 3658 3366 θνήσεως

2101 3394 2179 3455 είς
2214 3392 2302 3445 τὸν
2330 3391 2572 3459 αίγιαλὸν
2598 3393 2720 3455 τοὺς
2761 3393 2972 3453 πλείους
3001 3390 3276 3461 ἔρριπτον.
3314 3390 3427 3442 Καὶ
3464 3388 3654 3450 ἀπλως
3743 3392 3754 3401 ⁸

2103 3487 2297 3550 εἰπεῖν,
2327 3485 2493 3543 τόπος
2529 3485 2631 3537 οὐκ
2668 3480 2736 3551 ἦν
2769 3485 2825 3536 ὲν
2853 3476 2899 3551 ᾧ
2931 3484 3031 3535 οὐκ
3061 3483 3269 3561 ἔκειντο
3298 3481 3484 3550 νεκροὶ
3514 3477 3651 3532 dud-

2104 3578 2310 3643 ζοντες.
2338 3578 2572 3647 Βρονταὶ
2602 3576 2659 3633 δὲ
2684 3577 2776 3630 καὶ
2806 3576 3091 3645 ἀστραπαὶ
3121 3573 3378 3628 τοσοῦτον
3405 3573 3666 3642 γεγόνασι

2106 3668 2337 3739 φοϐεραὶ
2369 3671 2509 3721 ὥστε
2540 3667 2636 3720 καὶ
2661 3666 3026 3728 καθεύδοντας
3052 3682 3205 3727 τινας
3240 3664 3533 3733 καυθῆναι.
3572 3663 3668 3715 Γέ-

2106 3776 2230 3828 γονε
2264 3759 2359 3812 καὶ
2399 3759 2622 3827 σεισμὸς
2655 3758 3036 3827 παγκόσμιοςο
3082 3758 3254 3810 πᾶσαι
3318 3758 3428 3824 γὰρ
3482 3754 3668 3814 πόλεις

2108 3853 2202 3905 καὶ
2238 3851 2411 3919 χῶραι
2431 3849 2805 3919 καταποθῆναι
2832 3848 3194 3903 ίικινδύνευον.
3227 3849 3392 3917 Καὶή
3425 3847 3670 3900 θάλασσα

2114 3941 2265 4010 μίλια
2297 3939 2341 4008 β’
2363 3938 2663 4009 παρεξέὸη.
2699 3941 2963 4009 Δεύτερος
3012 3935 3169 4001 αὖθις
3204 3939 3427 4007 σεισμδς
3455 3937 3672 4007 ἡμέρας

2109 4033 2264 4095 δέκα,
2293 4033 2361 4085 δι’
2394 4032 2518 4085 ὅλου
2587 4030 2770 4092 σείων.
2818 4030 2891 4093 ὡς
2942 4031 3162 4084 καὶτὸν
3222 4029 3451 4098 βασιλέα
3499 4028 3673 4097 χωρὶς

2114 4122 2426 4191 στέμματος
2454 4120 2681 4174 διελθεῖν
2702 4122 2802 4188 τὴν
2820 4119 2912 4172 τοῦ
2941 4119 3179 4189 Χριστοῦ
3201 4120 3408 4186 γέννων
3436 4119 3672 4188 ⁴ἡμέραν.

2117 4213 2346 4281 Ἕτερον
2365 4211 2653 4265 θανατικδν
2682 4213 2745 4265 ὲκ
2774 4210 3052 4279 βουϐῶνος
3065 4211 3378 4283 διαφθεῖρον
3403 4211 3677 4273 ἅπαντας,

433 4315 643 4354 .corona
670 4315 765 4368 per
786 4299 975 4354 urbem
1008 4299 1512 4357 incederet.Sccuta
1553 4303 1719 4371 pestis
1742 4304 1869 4367 alia,
1894 4319 1994 4373 qua

2114 4300 2211 4370 οὐχ
2261 4295 2424 4372 ἦττον
2473 4300 2566 4353 τοῦ
2621 4300 2914 4371 προτέρου,
2987 4301 3168 4370 μῆνας
3232 4302 3294 4354 δ’.
3354 4302 3465 4354 Καὶ
3516 4300 3679 4355 πάλιν

446 4392 572 4444 totis
609 4400 845 4461 quatuor
883 4391 1168 4446 mensibus
1198 4392 1369 4449 nihilo
1404 4392 1595 4449 mitius
1623 4409 1722 4463 per
1770 4395 2015 4453 bubones

445 4483 646 4550 passim
685 4482 969 4539 universos
1007 4483 1317 4554 perimebat
1357 4499 1422 4539 ac
1467 4485 1617 4554 prior
1654 4485 1743 4538 illa
1782 4485 2009 4539 fecerat.

2116 4392 2173 4440 ὲν
2226 4388 2526 4457 Ἀντιοχείᾳ
2578 4387 2799 4457 σεισμὸς
2858 4388 2953 4440 ἰπὶ
3012 4387 3166 4459 ὥραν
3229 4387 3384 4457 μίαν,
3451 4390 3546 4442 καὶ
3595 4405 3682 4456 χι-

2118 4479 2296 4533 λιάδες
2336 4483 2375 4529 ε’
2416 4477 2812 4548 συνεπόθησαν.
2868 4478 2980 4531 Καὶ
3028 4480 3076 4531 εί
3120 4478 3370 4549 μὴκατὰ
3408 4479 3499 4531 τὸν
3536 4478 3684 4530 ὄνει-

445 4575 643 4629 lterum
677 4592 894 4646 quoque
925 4584 1084 4632 terrae
1114 4586 1295 4633 motus
1344 4574 1689 4630 Antiochiam
1740 4575 1994 4643 corripuit

2121 4588 2211 4640 ρον
2285 4569 2345 4623 δν
2405 4564 2514 4625 εἶδέ
2568 4543 2682 4631 τις,
2756 4568 3004 4638 ἔγραψαν
3068 4543 3134 4622 ιιέ
3183 4543 3301 4632 τοῖς
3357 4568 3678 4638 προθύροις,

446 4667 513 4722 ad
547 4668 709 4724 unius
741 4669 888 4723 horae
918 4669 1174 4738 spatium,
1205 4682 1316 4736 quo
1344 4667 1585 4735 quinque
1618 4666 1784 4719 millia
1830 4665 2008 4719 homi-

449 4774 577 4811 num
608 4773 713 4813 una
738 4768 865 4813 sunt
896 4757 1177 4824 absorpta.
1210 4754 1416 4820 Quodsi
1463 4754 1532 4808 de
1571 4754 1769 4808 somnii
1817 4753 2009 4822 cujus-

2122 4680 2140 4713 ι
2186 4660 2418 4731 Χριστὸς
2463 4659 2583 4726 μεθ’
2618 4658 2796 4728 ἡμῶν,
2837 4660 3056 4730 «ﬁte,»
3092 4661 3239 4714 πίσα
3266 4660 3301 4729 ἡ
3339 4660 3497 4723 πόλις
3545 4676 3681 4713 συν-
3758 4656 3763 4661 ’

2121 4751 2322 4822 εχώθη.

449 4855 573 4907 dam
621 4852 920 4911 sententia.
971 4850 1118 4919 quod
1163 4849 1409 4906 oblatum
1476 4848 1642 4902 alicui
1676 4862 1775 4917 per
1839 4846 2079 4916 quietem
2124 4846 2327 4910 fuerat,
2363 4845 2417 4902 in
2451 4844 2650 4900 aedium
2701 4846 2986 4902 vestibulis
3038 4846 3155 4902 hate
3205 4847 3367 4903 verba
3413 4863 3524 4903 non
3558 4861 3689 4919 per-

449 4946 835 5014 scripsissent:
879 4965 898 4997 ‹
935 4945 1188 5000 Christus
1219 4945 1527 5006 nobiscum,
1559 4951 1721 5003 state,
1759 4960 1777 4993 ι
1815 4940 2013 4996 civitas
2053 4940 2309 4996 universa
2341 4941 2518 4998 ruinis
2544 4956 2808 5011 oppressa
2840 4940 3052 4996 fuisset.

519 5044 683 5114 27o
711 5042 1048 5111 Conspectus
1092 5049 1178 5097 est
1214 5048 1271 5096 et
1324 5048 1568 5095 cometes
1604 5038 1669 5093 ad
1700 5037 2020 5092 vicesimum

457 5152 626 5207 usque
652 5135 823 5199 diem,
853 5150 1030 5203 neque
1056 5148 1253 5205 magno
1288 5132 1550 5201 temporis
1581 5130 1871 5199 interiecto
1893 5142 2022 5198 spa-

2210 5022 2415 5107 Ἐφάνη
2451 5036 2546 5089 καὶ
2579 5036 2827 5108 κομήτης
2857 5036 3072 5106 ἡμέρας
3109 5034 3177 5097 κ’,
3208 5035 3306 5089 καὶ
3340 5036 3476 5104 μετὰ
3498 5035 3689 5106 χρόνον

2125 5127 2249 5181 τινὶ
2301 5127 2527 5195 γέγονεν
2587 5126 2837 5196 ἀστέρων
2897 5127 3097 5198 δρόμος
3153 5124 3249 5196 ἀφ’
3300 5126 3543 5195 ἑσπέρας
3586 5125 3692 5187 ἕως

455 5230 535 5289 tio
566 5226 746 5283 sidera
774 5225 889 5280 visa
915 5233 1046 5280 sunt
1074 5240 1102 5279 a
1133 5239 1362 5293 vespera
1398 5236 1574 5292 usque
1603 5220 1670 5276 ad
1695 5218 1994 5275 matutinum

2129 5217 2297 5288 πρωῒ,
2348 5218 2424 5281 ὡς
2470 5218 2679 5282 πάντας
2706 5218 2885 5286 λέγειν
2921 5218 3002 5271 ὅτι
3028 5218 3324 5272 πίπτουσιν
3357 5217 3410 5270 oi
3436 5217 3688 5285 ἀστέρες.

462 5331 677 5390 tempus
702 5316 1081 5379 discursitare,
1132 5316 1205 5371 ita
1236 5324 1297 5371 ut
1332 5330 1524 5371 omnes
1559 5329 1625 5370 ea
1655 5311 1913 5367 decidere
1941 5311 2027 5365 di-

456 5420 667 5472 cerem.
697 5409 905 5464 Deinde
931 5410 1011 5463 sol
1043 5407 1251 5477 absque
1285 5408 1451 5463 radiis
1476 5407 1649 5464 instar
1676 5407 1821 5463 lunae
1852 5406 2027 5461 fulsit.

2132 5306 2265 5363 Εἶτα
2300 5311 2328 5363 ό
2366 5310 2520 5379 ἥλιος
2557 5309 2768 5380 ἔλαμψε
2793 5311 2965 5379 χωρὶς
2998 5310 3258 5375 ἀκτίνων,
3282 5308 3475 5380 ὥσπερ
3504 5312 3601 5363 καὶ
3655 5309 3692 5377 ἠ

2135 5399 2351 5467 σελήνη.
2386 5401 2520 5453 Τότε
2558 5399 2622 5470 δὴ
2664 5400 2756 5452 καὶ
2801 5398 3087 5469 ἄνθρωπος
3130 5392 3296 5469 ἦλθεν
3353 5397 3460 5450 ἀπὸ
3487 5395 3696 5457 δύσεως

462 5503 623 5560 Venit
646 5502 701 5556 id
747 5499 1014 5570 temporis
1067 5498 1137 5553 ab
1171 5497 1457 5553 occidente
1505 5498 1591 5552 vir
1638 5498 1899 5567 quidam,
1936 5512 1994 5565 (ιι

2136 5492 2512 5562 κωμοδρόμος,
2565 5492 2702 5562 ἔχων
2751 5490 2891 5546 κύνα
2950 5491 3146 5558 ξανθὸν
3195 5491 3291 5543 καὶ
3342 5488 3562 5558 τυφλὸν,
3632 5486 3695 5549 ὃς

460 5595 664 5666 passim
695 5607 862 5664 pagos
884 5589 1288 5663 percursitabat
1320 5599 1377 5644 ct
1405 5604 1596 5644 canem
1625 5589 1831 5642 fulvum
1867 5598 1994 5656 atqu

2135 5585 2288 5651 παρά
2314 5582 2410 5636 τοῦ
2443 5583 2806 5654 κωμοδρόμου
2864 5584 3224 5653 κελευόμενος
3268 5582 3443 5634 ἐποίει
3481 5578 3698 5648 θαυμά-

462 5696 668 5741 cmcum
713 5683 966 5748 habebat,
1002 5680 1297 5754 qnijussus
1331 5696 1359 5736 a
1406 5680 1733 5738 circulatorc
1783 5678 1994 5749 quasdat

2138 5677 2225 5729 σιὲι
2289 5692 2435 5729 τινα.
2508 5674 2619 5727 Καὶ
2688 5675 3076 5745 ἀθεσμιλκοῖταί
3152 5690 3297 5735 τινες
3384 5671 3695 5743 εὖρεθέντες
