4154 6200
488 259 591 325 ίισὸ

1718 259 2115 320 ANNALIUM
2161 260 2353 320 PARS
2392 262 2502 325 IV.

3618 265 3721 328 506

486 368 968 442 ἐθριαμῢεύθησαν
1004 367 1533 439 καυλοτομηθέντες,
1565 369 1896 437 μεγιστᾶνες
1913 365 2051 436 όμοῦ

2158 368 2275 421 dam
2337 368 2649 438 prodigiosa
2709 368 2961 423 faciebat.
3014 371 3285 426 Praeterea
3338 386 3459 424 cum
3514 376 3714 440 reperti

487 471 575 517 κα)⁸
599 463 900 531 ἀρχιερεῖς,
931 461 1023 513 καὶ
1047 459 1191 513 οὕτω
1213 458 1607 530 περιαγόμενοι
1652 457 1886 529 οίκτρῶς
1930 458 2051 509 ἐτε-

485 554 772 625 λεύτησαν.
806 552 943 605 Κατ’
976 553 1154 605 ἑκεῐνο
1177 551 1234 604 δὲ
1262 550 1472 618 -καιροῦ
1497 550 1592 603 καὶ
1614 548 1675 602 τδ
1706 550 1849 619 μέγα
1878 548 2049 617 κῆτος

486 648 629 701 ἑάλω
661 645 726 698 τὸ
770 644 849 707 si;
885 643 1167 707 ινιαυτοὺς
1195 642 1296 712 τὴν
1348 641 1652 707 Βυζαντίδα
1699 640 2051 710 κατατρῦχον

502 738 869 807 πεντήκονταο
919 736 1021 799 τᾶς
1085 734 1223 803 νῆάς
1286 750 1349 787 τι
1407 735 1518 802 γὰρ
1588 731 1914 795 κατεὸύθιζε
1955 732 2052 783 καὶ

484 830 611 890 τοὺς
648 827 973 898 ἀνθρώπους
1010 824 1341 895 διέφθειρεν,
1378 818 1423 893 ᾧ
1498 824 1669 891 δνομα
1720 821 2048 891 Πορφύριος.

485 921 619 975 [lett
646 919 776 988 γοῦν
800 919 1055 989 δελφῖνας
1086 915 1301 971 διώκων
1343 918 1402 969 ιν
1433 914 1687 985 παραλίῳ
1743 910 2051 983 κατεσχέθη

483 1011 736 1081 τιλματι,
765 1011 876 1066 τῶν
928 1010 1198 1078 δελφίνων
1228 1010 1355 1077 περὶ
1410 1007 1508 1078 τὴν
1557 1006 1663 1076 γῆν
1708 1005 2052 1076 ἐκπηδησάν-

486 1118 612 1156 των.
650 1100 759 1155 Καὶ
782 1101 959 1166 οὕτως
992 1100 1269 1171 ἁλώσιμος
1305 1098 1511 1169 γίνεται
1552 1100 1581 1151 ὁ
1623 1099 1807 1168 πάσης
1847 1096 2053 1151 ἀνώτε-

487 1208 581 1260 ρος
614 1191 864 1261 μηχανῆς
903 1191 1181 1261 ὁρώμενος
1211 1190 1275 1244 τὸ
1295 1190 1402 1260 πρὸ
1425 1188 1545 1243 τοῦ.
1579 1189 1768 1257 Μῆκος
1814 1189 1913 1258 μὲν
1944 1188 2051 1257 τιή-

485 1297 600 1350 χιις
628 1281 949 1351 τριάκοντα,
980 1281 1139 1353 εὖρος
1169 1282 1225 1335 δι
1250 1283 1446 1351 πήχεις
1468 1280 1603 1334 δέκα
1635 1279 1778 1333 κατὰ
1805 1278 1897 1331 τὸν
1916 1277 2053 1332 Και-

456 1368 461 1373 ’
486 1371 654 1440 σαρέα
686 1373 1016 1443 Προκόπιον.

2150 459 2373 529 quidam
2402 469 2585 515 essent
2613 460 2815 515 illic-itis
2844 472 3059 517 utentes
3081 464 3442 532 amplexibus,
3465 472 3719 531 tanquam

2152 550 2209 605 in
2241 551 2519 621 triumpho
2551 567 2651 621 per
2684 552 2899 618 urbem,
2931 554 3165 608 verctris
3212 555 3365 623 prius
3406 557 3718 625 amputatis,

2151 640 2302 696 ducti
2328 652 2478 697 sunt.
2519 643 2724 697 [lorum
2763 643 2814 697 in
2846 659 3075 699 numero
3099 646 3323 713 quidam
3357 655 3633 714 iuagiiates
3665 655 3721 699 et

2152 732 2440 801 pontiﬁces
2468 743 2645 795 erant.
2677 734 2769 804 qui
2799 735 2901 789 hoc
2944 737 3104 790 modo
3131 737 3493 789 circumducti
3525 737 3722 791 misere

2157 824 2323 887 vitam
2352 824 2636 891 ﬁniebant.
2670 824 2871 879 Eodem
2898 833 3143 895 tempore
3182 835 3376 895 captus
3404 836 3487 880 est
3535 830 3724 895 ingens

2157 913 2250 969 ille
2291 925 2462 978 cetus,
2489 915 2583 984 qui
2605 931 2756 970 oram
2793 914 3140 986 Byzantinam
3186 927 3332 971 totos
3360 933 3533 971 annos
3562 919 3723 986 quiu-

2150 1006 2410 1077 quaginta
2444 1016 2769 1070 vexaverat;
2797 1022 2922 1060 nam
2948 1016 3003 1062 et
3029 1023 3196 1062 naves
3230 1012 3545 1078 demergere
3587 1026 3726 1062 cou-

2151 1106 2409 1152 sueverat
2442 1106 2497 1151 et
2544 1097 2796 1152 homines
2854 1100 3106 1167 perdere.
3167 1100 3361 1153 Datum
3419 1102 3469 1155 ei
3526 1116 3723 1156 nomen

2149 1198 2270 1244 erat
2318 1188 2625 1258 Porphyrii.
2683 1188 2821 1242 Cum
2872 1198 3051 1243 autem
3082 1189 3375 1259 delphinos
3427 1188 3725 1261 aliquando

2154 1289 2596 1348 persequeretur,
2629 1279 2685 1333 in
2720 1280 2925 1349 uligine
2953 1281 3091 1334 mari
3122 1280 3329 1345 vicina,
3364 1280 3639 1349 delphinis
3667 1297 3727 1335 se

2152 1370 2219 1424 ad
2271 1379 2470 1424 terram
2503 1369 2872 1440 ejiciéntibus,
2930 1372 3122 1437 haesit;
3164 1383 3501 1441 quapropter
3530 1380 3725 1441 captus

483 1476 589 1534 est,
618 1480 928 1537 quanquam
963 1474 1091 1521 ante
1153 1466 1205 1519 id
1267 1466 1530 1534 temporis
1567 1467 1719 1520 visus
1755 1464 1947 1520 luisset
1973 1462 2124 1518 omni
2162 1472 2361 1518 conatu
2395 1473 2451 1518 et
2482 1464 2890 1519 machinatione
2935 1466 3186 1534 superior
3211 1481 3357 1520 esse.
3404 1463 3727 1533 Longitudi~

486 1573 608 1611 nem
638 1557 832 1612 habuit
884 1557 1104 1628 triginta
1135 1556 1403 1621 cubitum,
1450 1556 1793 1611 latitudinem
1837 1556 2047 1621 decem,
2088 1554 2549 1624 quemadmodum
2591 1554 2892 1623 Procopius
2922 1555 3012 1609 ille
3035 1553 3390 1610 Caesariensis
3413 1555 3656 1622 scripsit.

554 1675 690 1731 Τότε
721 1677 786 1747 δὴ
808 1676 995 1730 καὶτὰ
1037 1676 1147 1729 τῶν
1175 1676 1367 1746 Σηρῶν
1403 1675 1644 1746 νήματα,
1709 1675 1857 1729 τοῦτ’
1900 1676 2049 1729 ἔστιν

2224 1670 2378 1729 Tunc
2399 1683 2454 1729 et
2486 1674 2681 1729 Serum
2712 1676 2851 1739 telae,
2888 1675 3147 1729 nimirum
3189 1684 3424 1737 metaxa,
3462 1679 3728 1741 ceperunt

486 1768 520 1841 ἡ
551 1770 778 1839 μετάξα,
809 1762 959 1838 napi
1012 1766 1310 1837 Ῥωμαίοις
1335 1768 1538 1837 ἢρξατο
1599 1769 1866 1835 γίνεσθαι.
1896 1770 2050 1822 Κατὰ

486 1862 594 1929 γὰρ
630 1862 721 1913 τὸν
751 1859 1117 1929 διαληφθέντα
1155 1860 1464 1929 Προκόπιον
1513 1860 1681 1930 ἤγετο
1730 1860 1827 1925 μὲν
1874 1862 1907 1929 ἠ
1956 1875 2053 1928 με·

484 1957 621 2020 τάξα
663 1954 731 2008 δι’
761 1955 1016 2026 ἐμπόρων
1041 1952 1297 2018 ἐνταῦθα,
1336 1953 1435 2005 οὐκ
1466 1952 1798 2022 ἐγινώσκετο
1852 1951 1909 2004 δὲ
1932 1949 2049 2004 οὗθ’

490 2049 634 2112 ὅπως
661 2048 873 2114 γίνεται
904 2045 1020 2100 οὗθ’
1050 2046 1133 2099 ὅτι
1172 2044 1356 2115 σηρῶν
1385 2044 1605 2114 νήματά
1645 2045 1782 2098 ἐστι.
1811 2042 2053 2110 Μοναχοὶ

487 2137 543 2191 δὲ
568 2137 662 2190 δύο
692 2136 838 2199 τινὲς
870 2136 930 2202 ἐξ
971 2135 1165 2199 Ἰνδίας
1219 2133 1466 2197 ἐλθόντες
1502 2133 1603 2204 τὴν
1638 2135 1851 2207 γένεσιν
1885 2132 2052 2201 αὐτῆς

487 2228 840 2300 διηγήσαντο,
862 2229 957 2281 καὶ
988 2224 1349 2297 ὑπισχνοῦντο
1384 2224 1613 2295 κομίσαι
1652 2223 1744 2276 τὸν
1770 2222 1881 2276 τῶν
1913 2238 2054 2275 σκω-

491 2320 673 2390 λήκων
699 2321 924 2374 ἐκείνων
952 2319 1132 2387 γόνον,
1175 2316 1259 2371 ὼὰ
1312 2316 1443 2371 δντα
1481 2317 1578 2369 καὶ
1632 2317 1775 2371 πάνυ
1822 2313 2051 2384 σμικρὰ,

489 2411 659 2479 δεῖξαί
696 2430 757 2465 τε
780 2410 1079 2481 Ῥωμαίοις
1106 2409 1257 2473 ὅπως
1281 2409 1468 2462 ἐκεῖνα
1490 2407 1887 2476 ζωογονοῦνται
1928 2406 2053 2459 θαλ-

490 2505 699 2575 πόμενα
723 2505 819 2557 καὶ
843 2505 923 2564 είς
956 2501 1251 2572 σκώληκας
1292 2499 1745 2571 μεταϐάλλονται,
1772 2498 1872 2551 καὶ
1905 2498 2054 2558 ὅπως

490 2593 883 2665 δημιουργοῦσι
912 2593 1013 2664 τὴν
1055 2593 1317 2663 μετὰξαν.
1357 2593 1423 2645 Ὃ
1452 2591 1517 2661 δὴ
1558 2591 1655 2644 καὶ
1690 2590 2051 2661 πεποιήκασι,

492 2688 661 2742 πολλὰ
693 2688 842 2758 παρὰ
869 2686 961 2740 τοῦ
991 2685 1256 2756 βασιλέως
1296 2683 1777 2753 εὐεργετηθέντες.

566 2890 694 2946 Ἐπὶ
720 2889 923 2961 ταύτης
960 2888 1062 2960 τῆς
1089 2885 1366 2958 βασιλείας
1392 2886 1485 2939 καὶ
1510 2886 1544 2955 ἡ
1575 2884 1805 2953 πέμπτη
1834 2879 2054 2945 σύνοδος

491 2984 737 3053 γέγονεν,
770 2980 1225 3050 ἁναθεματίσασα
1254 2979 1343 3031 τὸν
1390 2977 1698 3047 Ὠριγένην,
1732 2976 1781 3026 εί
1811 2974 1903 3026 καὶ
1952 2973 2056 3025 πά-
2084 3016 2129 3074 c

493 3078 581 3131 λαι
630 3075 848 3147 ἧκμαζε
908 3073 979 3128 τὰ
1027 3070 1202 3140 ἀσεϐῆ
1250 3069 1440 3124 τούτου
1506 3069 1775 3137 δόγματα,
1826 3066 2053 3134 προσέτι

490 3169 549 3223 at
582 3168 678 3221 καὶ
719 3165 818 3229 τὰς
858 3164 999 3235 ὑπὲρ
1044 3164 1139 3218 τοῦ
1196 3161 1494 3233 Νεστορίου
1550 3159 1646 3214 τοῦ
1703 3156 2053 3227 Θεοδωρήτου

496 3255 866 3327 συνηγορίας,
924 3253 1021 3308 καὶ
1079 3253 1180 3324 την
1256 3249 1349 3306 τοῦ
1403 3250 1527 3303 Ἴδα
1604 3246 1927 3317 ἐπιστολὴν,
1994 3243 2060 3315 ἦν

498 3349 635 3419 πρὸς
686 3348 887 3418 Miiqu
939 3346 1032 3401 τὸν
1098 3347 1314 3415 Πέρσην
1386 3342 1596 3412 ἔγραψε
1669 3340 1932 3409 λέγουσαν
1986 3337 2061 3408 μὴ

495 3440 586 3493 τὸν
613 3439 746 3492 Θεὸν
775 3438 945 3508 Λόγον
976 3437 1040 3491 ὲκ
1069 3435 1167 3507 τῆς
1215 3432 1598 3501 Ἀειπαρθινου
1646 3429 1994 3500 γεννηθῆναι.

574 3626 818 3680 Γίνωσκε
847 3625 927 3690 δὲ,
970 3622 1251 3695 ἀγαπητὲ,
1285 3622 1367 3676 ὅτι
1398 3622 1475 3690 τῷ
1520 3617 1754 3687 εἰκοστῷ
1791 3616 1901 3669 ἔτει
1961 3614 2062 3685 τῆς

503 3718 785 3789 βασιλείας
807 3716 902 3771 τοῦ
940 3716 1182 3788 μεγάλου
1218 3710 1634 3785 Κωνσταντίνου
1675 3711 1896 3778 γέγονεν
1938 3709 1972 3776 η
2003 3708 2063 3759 ἐν

501 3808 705 3879 Νικαίᾳ
730 3808 921 3878 πρώτη
959 3805 1173 3867 σύνοδος
1264 3803 1368 3857 ὑπὸ
1415 3801 1641 3872 Πατρῶν
1702 3798 1873 3864 ἁγίων
1932 3802 2058 3865 τιη⁹.

512 3897 797 3967 ’ϊπῆρχον
859 3895 915 3947 δὲ
967 3892 1405 3964 προεξάρχοντες
1446 3892 1544 3960 τῆς
1597 3889 1815 3943 συνόδου
1858 3888 2063 3953 ταύτης

502 3989 820 4060 Σίλὸεστρος
839 3988 1070 4051 πάππας
1109 3986 1349 4056 Ῥώμης,
1376 3983 1747 4054 Μητροφάνης
1774 3983 2064 4035 Κώνσταν-

501 4080 882 4142 τινουπόλεως,
942 4075 1294 4147 Ἀλέξανδρος
1364 4073 1801 4145 ’Δλεξανδριίας,
1859 4071 2065 4124 Εὑστά-

502 4170 616 4235 θιος
666 4168 1004 4239 ’Δντιοχείας
1037 4167 1134 4221 καί⁸
1153 4165 1442 4236 Μακάριος
1478 4165 1894 4234 Ἱεροσολύμων.
1937 4162 2066 4213 Συν-

501 4262 665 4331 ῆλθον
724 4261 781 4314 δι
847 4261 987 4314 κατὰ
1030 4259 1244 4330 ’Δρείου
1303 4257 1755 4329 βλασφημοῦντος
1803 4256 1895 4307 τὸν
1931 4254 2064 4306 Θεὸν

2152 1762 2296 1833 apud
2352 1763 2626 1817 Romanos
2665 1763 2956 1817 elaborari.
3003 1763 3137 1817 Nam
3170 1770 3231 1815 ut
3266 1763 3358 1817 ille
3402 1762 3543 1830 ipse,
3574 1761 3729 1826 cujus

2154 1854 2490 1908 mentionem
2526 1854 2863 1909 faciebamus
2911 1853 3095 1918 modo,
3132 1852 3434 1921 Prompius
3498 1851 3725 1913 indicat,

2153 1943 2533 1997 advehebatur
2559 1944 2781 2013 quidem
2835 1951 3045 1998 metaxa
3079 1958 3176 2012 per
3221 1953 3558 1999 mercatores
3585 1944 3730 2013 Cpo—

2153 2021 2271 2095 lim,
2305 2032 2399 2087 sed
2437 2033 2795 2103 ignorabatur
2822 2035 3103 2104 quomodo
3130 2033 3306 2097 ﬁeret,
3340 2036 3559 2089 nemine
3591 2050 3723 2103 prac-

2156 2129 2304 2178 terea
2357 2123 2567 2177 sciente
2620 2124 2890 2179 vermium
2947 2125 3071 2180 illas
3107 2125 3243 2179 tetas
3277 2139 3421 2179 esse.
3475 2123 3727 2178 Monachi

2156 2223 2340 2267 autem
2371 2212 2482 2268 duo
2506 2229 2572 2268 ex
2606 2214 2755 2268 ludia
2796 2229 2920 2269 cum
2952 2216 3253 2278 venissent,
3307 2213 3578 2283 originem
3610 2230 3728 2268 me-

2156 2311 2293 2357 taxae
2321 2303 2695 2370 declararunt,
2730 2305 2961 2374 polliciti
2988 2320 3048 2360 se
3100 2305 3292 2359 fretum
3345 2305 3564 2359 illorum
3604 2321 3729 2359 νει-ο

2155 2393 2347 2455 mium,
2396 2407 2496 2447 ova
2528 2394 2820 2464 perexigua
2866 2394 3096 2459 scilicet,
3128 2395 3412 2459 allaturos,
3439 2396 3730 2451 Romanis-

2155 2500 2264 2555 que
2315 2495 2715 2541 monstraturos
2750 2486 3209 2555 quemadmodum
3242 2487 3333 2541 iﬂa
3357 2486 3593 2542 lovcndo
3620 2488 3734 2541 ani-

2156 2585 2304 2630 mata
2334 2576 2392 2630 in
2427 2591 2644 2631 vermes
2668 2586 2950 2631 mutentur
2976 2586 3361 2647 metaxamque
3384 2588 3587 2632 texant.
3616 2577 3727 2631 Hoc

2157 2666 2248 2721 ubi
2284 2667 2665 2733 prasitilissent
2690 2709 2705 2733 ,
2759 2668 2971 2737 magnis
3014 2669 3083 2722 ab
3120 2668 3449 2738 imperatore
3486 2668 3731 2722 muneri-

2157 2756 2261 2812 bus
2300 2773 2365 2810 ac
2386 2759 2670 2815 beneﬁciis
2702 2762 2886 2818 allecti
2922 2777 3071 2818 sunt.

2230 2870 2308 2926 Eo
2334 2880 2595 2941 regnante
2628 2873 2880 2943 quintum
2906 2890 3126 2945 quoque
3152 2877 3445 2932 concilium
3480 2888 3732 2932 coactum

2158 2961 2601 3031 celebratamque
2640 2963 2763 3028 fuit,
2819 2964 2872 3018 in
2901 2982 3013 3035 quo
3054 2967 3195 3022 facta
3238 2980 3323 3023 est
3362 2969 3608 3039 Origenis
3638 2985 3733 3023 ex-

2162 3052 2423 3119 secratio,
2453 3068 2766 3124 quanquam
2804 3056 2966 3124 impia
3006 3054 3152 3113 illius
3173 3059 3422 3129 degmata
3463 3061 3572 3129 jam
3604 3060 3735 3113 olim

2162 3143 2429 3214 vigerent.
2473 3144 2676 3199 Eodem
2729 3145 2893 3201 modo
2920 3147 3189 3203 damnata:
3245 3159 3372 3204 sunt
3404 3146 3735 3204 Theodoreti

2162 3250 2260 3304 pro
2287 3234 2537 3290 Ncsmrio
2564 3235 2937 3314 defensiones,
2970 3246 3024 3294 ct
3053 3221 3167 3294 [hae
3205 3240 3270 3294 ad
3305 3241 3489 3295 Maren
3515 3241 3735 3295 Persam

2162 3327 2380 3395 scripta:
2439 3325 2696 3391 Litterae,
2750 3329 2953 3398 quibus
2998 3330 3143 3385 inter
3188 3331 3295 3385 alia
3350 3332 3737 3387 continebatur

2162 3418 2334 3473 Deum
2385 3417 2706 3474 Sermonem
2736 3435 2802 3474 ex
2835 3418 3055 3492 Virgine
3081 3430 3342 3492 perpetua
3389 3434 3577 3478 natum
3625 3438 3737 3479 non

2164 3524 2308 3563 esse.

2237 3624 2373 3679 Volo
2406 3632 2457 3679 te
2505 3636 2685 3680 autem
2727 3627 2892 3690 seire,
2917 3626 3117 3682 dilecte
3162 3628 3257 3692 liii,
3288 3643 3434 3683 anno
3464 3627 3739 3682 Constante

2164 3713 2751 3783 tiniMagnivicesimo
2811 3718 3039 3785 primam
3082 3717 3274 3771 Niczea:
3324 3717 3591 3788 synodum
3620 3718 3737 3773 eoi-

2164 3805 2329 3864 visse.
2369 3804 2436 3859 ad
2490 3820 2651 3875 quam
2685 3806 2789 3861 318
2831 3807 2977 3861 sacri
3017 3807 3206 3861 Patres
3250 3808 3629 3863 convenerint.
3667 3809 3738 3865 Et

2165 3893 2431 3964 praefuere
2486 3894 2752 3951 Silvester
2804 3911 2945 3965 papa
2991 3897 3310 3961 Romanus,
3350 3897 3739 3966 Metrophanes

2162 3984 2526 4054 Cpolitanus,
2574 3985 2881 4039 Alexander
2925 3985 3363 4047 Alexandrinus,
3417 3988 3736 4043 Eustathius

2118 4090 2121 4095 λ
2163 4075 2577 4138 Antiochenus,
2629 4082 2686 4128 et
2728 4074 2999 4127 Macarius
3050 4075 3553 4143 Hierosolymormn
3590 4077 3738 4130 auti-

2164 4174 2297 4221 stcs.
2323 4164 2662 4220 Conventum
2719 4163 2824 4218 fuit
2854 4164 2966 4218 Arii
3000 4180 3184 4228 causa,
3220 4164 3388 4219 Deum
3426 4180 3733 4221 sermonem

2165 4252 2453 4309 aiiicientis
2501 4252 2820 4322 ignominia,
2866 4253 3023 4322 27],
3066 4267 3227 4322 quem
3282 4263 3522 4309 creatum
3563 4257 3740 4324 quod-

502 4355 694 4423 Λόγον,
727 4353 826 4406 καὶ
858 4352 1064 4422 κτίσμα
1109 4351 1361 4419 λέγοντος
1414 4349 1579 4404 αὑτὸν
1615 4350 1709 4404 καὶ
1760 4347 2059 4417 ἑτερούσιον

2168 4344 2290 4398 dam
2332 4357 2455 4398 esse
2494 4342 2727 4408 diceret,
2755 4350 2810 4396 et
2847 4357 2877 4395 a
2945 4352 3140 4396 natura
3167 4344 3513 4414 essentiaque
3561 4346 3745 4403 Patris

503 4446 593 4498 τοῦ
644 4443 879 4513 Πατρδς,
916 4442 1010 4495 καὶ
1055 4441 1135 4494 ὅτι
1167 4435 1236 4511 ἦν
1262 4456 1392 4492 ποτε
1427 4441 1515 4494 ὅτε
1558 4439 1660 4493 οὐκ
1713 4435 1802 4508 ἧν.
1836 4438 1931 4490 ’ον
1963 4451 2065 4489 κα-

505 4534 736 4589 θελοῦσα
764 4536 800 4606 η
821 4533 954 4604 ἁγία
986 4531 1202 4595 σύνοδος
1230 4532 1329 4602 τὴν
1355 4530 1639 4601 όρθόδοξον
1696 4528 1878 4582 πίστιν
1901 4527 2067 4599 ὲκρὰο

501 4644 531 4680 τ
538 4642 681 4682 υνεν.

574 4819 664 4872 Ἐν
697 4816 754 4871 δὲ
776 4815 854 4887 τῷ
876 4814 1121 4886 δευτέρῳ
1152 4812 1262 4865 ἔτει
1314 4810 1414 4879 τῆς
1471 4807 1751 4880 βασιλείας
1778 4804 2067 4861 Θεοδοσίου

508 4911 602 4963 τοῦ
640 4910 881 4979 μεγάλου
942 4905 1227 4976 γέγονενή
1274 4901 1501 4969 δευτέρα
1537 4899 1752 4961 σύνοδος
1802 4900 1862 4949 ὲν
1914 4898 2069 4949 Κων-

509 4997 952 5054 σταντινουπόλει
1014 4995 1119 5049 ὑπὸ
1145 4992 1375 5061 Πατρῶν
1414 4990 1584 5058 ἁγίων
1615 4988 1690 5061 py’
1760 4990 1902 5042 κατὰ
1926 4988 2070 5057 ,Μα-

511 5089 749 5144 κεδονίου
784 5089 878 5142 τοῦ
931 5054 1421 5156 Πνευματομαχου,
1451 5054 1540 5133 ότι
1576 5054 1672 5133 καῖ
1708 5078 1745 5131 Γ
1751 5054 2003 5150 ρηγόριος
2043 5079 2072 5131 ό

509 5180 769 5249 Θεολόγος
817 5180 917 5249 τῆς
976 5177 1304 5248 Ἐκκλησίας
1350 5173 1634 5245 ἐξιδληθη.
1702 5170 1977 5241 ’Υπῆρχον
2012 5170 2069 5224 δὲ

510 5271 941 5342 προεξάρχοντες
969 5272 1071 5338 τῆς
1109 5269 1330 5322 συνόδου
1367 5266 1572 5335 ταύτης
1612 5261 1879 5334 Τιμόθεος
1912 5264 2063 5315 Ἀλε-

511 5361 822 5431 ξανδρείας,
871 5361 1136 5424 Μελέτιος
1174 5358 1534 5429 ’Δντιοχείας,
1592 5355 1859 5425 Κύριλλος
1902 5354 2069 5425 Ἰερο-

510 5449 783 5521 σολύμων,
833 5449 1132 5520 Γρηγόριος
1182 5449 1210 5500 ό
1247 5448 1508 5515 Θεολόγος
1554 5445 2070 5509 Κωνσταντινουπό-

505 5539 640 5602 λεως
675 5544 769 5594 καί
815 5542 1068 5611 Δάμασος
1100 5541 1331 5603 πάππας
1364 5537 1604 5610 Ῥώμης,
1647 5538 1844 5601 οἵτινες
1883 5538 2070 5591 ἀνεθε-

512 5632 746 5701 μάτισαν
778 5634 1109 5687 Μακεδόνων
1136 5633 1197 5685 τὸ
1243 5631 1468 5702 Πνεῦμα
1501 5633 1561 5684 τὸ
1616 5629 1771 5696 ἅγιον
1826 5636 1871 5680 οἱ
1925 5647 2065 5703 σφη-

2166 4432 2427 4485 alicnum.
2468 4430 2717 4485 Addebat
2749 4431 2915 4486 fuisse
2954 4441 3169 4503 tempus
3201 4449 3324 4489 cum
3355 4435 3448 4491 ille
3503 4451 3611 4490 non
3641 4452 3737 4491 ex-

2163 4519 2384 4573 sisteret
2456 4518 2642 4589 ltaque
2688 4535 2902 4574 sacrum
2958 4522 3061 4577 hoc
3094 4522 3386 4577 concilium
3455 4527 3587 4581 Ario
3641 4527 3739 4581 de-

2159 4609 2303 4679 jecto
2352 4623 2415 4664 et
2456 4610 2708 4665 abdicato
2754 4621 2960 4665 rectam
3004 4610 3130 4668 fidei
3168 4613 3493 4669 sententiam
3538 4616 3740 4670 contir-

2166 4702 2353 4756 mavit.

2239 4813 2450 4868 llursus
2496 4830 2640 4870 anno
2685 4816 2900 4885 imperii
2926 4819 3220 4877 Theodosii
3270 4821 3447 4892 Magni
3496 4823 3740 4879 secundo

2166 4907 2409 4975 synodus
2462 4905 2633 4959 altera
2666 4906 2823 4975 Cpoli
2886 4925 2917 4963 a
2972 4909 3073 4963 l50
3121 4912 3326 4966 sanctis
3374 4914 3630 4968 Patrihus
3657 4925 3742 4969 est

2168 4997 2441 5052 celebrata
2497 5008 2686 5052 contra
2738 4998 3119 5055 Macedoniam
3174 5005 3348 5059 sancti
3384 5006 3619 5075 Spiritus
3648 5023 3742 5075 op-

2166 5099 2544 5157 puguatorem.
2598 5087 2676 5142 Eo
2733 5089 2970 5144 durante
3017 5093 3256 5147 concilio
3317 5094 3615 5165 Gregorius
3650 5098 3742 5150 ille

2168 5176 2476 5247 Tlieologus
2517 5178 2619 5232 hae
2668 5180 2895 5234 coclesia
2949 5184 3215 5251 spoliatus
3266 5194 3318 5239 et
3375 5187 3586 5254 ejectns
3638 5193 3742 5239 est.

2167 5269 2536 5324 Pmsidcbant
2562 5270 2882 5326 Timotheus
2912 5276 3332 5342 Alexandrinus,
3357 5278 3605 5333 Meletius
3624 5278 3740 5330 Anc

2170 5361 2502 5424 tioeheuus,
2554 5363 2788 5432 Cyrillus
2845 5362 3388 5437 Hierosolymitanus,
3441 5366 3741 5435 Gregorius

2174 5448 2486 5519 Theologus
2513 5448 2851 5520 Cpolztanus,
2880 5462 2935 5508 et
2968 5454 3247 5510 Romanus
3280 5471 3416 5524 papa
3446 5458 3741 5522 Damasus;

2170 5540 2267 5609 qui
2294 5540 2677 5596 Macedoniam
2702 5545 2973 5598 exsecrati
2994 5555 3142 5609 sunt,
3172 5546 3446 5599 hominem
3476 5545 3745 5601 adversus

2172 5632 2434 5704 Spiritum
2468 5644 2718 5690 sanctum
2749 5637 3139 5692 contumeliose
3179 5651 3240 5691 ac.
3275 5634 3439 5703 impie
3474 5636 3742 5707 locutum,
