4154 6200
460 264 563 328 509

1683 259 2088 324 ANNALIUM
2131 259 2322 322 PARS
2361 259 2446 322 IV
2465 307 2478 322 .

3609 263 3718 333 5'10

459 383 912 458 προσκυνεῖσθαι,
949 369 1076 447 τοὺς
1105 382 1163 438 δὲ
1209 381 1617 454 Εἰκονομάχους
1655 381 1689 452 ἦ
1723 382 2023 454 Χριστομά·

2138 380 2247 436 rari
2269 381 2492 448 debere,
2530 395 2594 437 ac
2626 379 2929 454 imaginum
2955 380 3276 455 Christique
3301 397 3712 456 oppugnatores

452 495 585 550 χους
618 480 682 532 ὲκ
711 478 880 549 μέσου
902 477 1256 550 ποιήσαντες.

518 571 766 623 Γίνωσκε
804 569 883 633 δὲ,
917 568 1197 639 ἀγαπητὴ,
1229 569 1312 622 ὅτι
1333 565 1433 639 τὴν
1483 566 1580 621 τοῦ
1609 565 1744 622 Θεοῦ
1787 566 2036 637 μεγάλην

455 661 756 732 ἐκκλησίαν
785 663 812 716 6
843 659 1229 724 ’Ῑουστινιανὺς
1258 657 1554 728 ἀνεγείρας
1577 657 1777 728 ἔστησε
1809 660 1903 712 καὶ
1933 659 2033 730 τὴν

454 753 657 824 στήλην
681 750 849 806 αὐτοῦ
874 752 933 806 ἐν
954 750 1144 823 ὑψηλῷ
1172 750 1336 814 κίονι,
1357 751 1422 822 τῇ
1452 751 1554 820 μὲν
1581 750 1853 820 ἀριστερᾷ
1885 749 2032 819 χειρὶ

453 843 766 915 κρατοῦσαν
809 846 1051 913 σφαῖραν
1086 843 1226 914 μετὰ
1249 840 1516 913 σταυροῦ,
1549 840 1644 912 ἀφ’
1677 833 1740 894 οὗ
1772 839 2030 912 δηλοῦται

451 937 536 990 ὅτι
563 936 653 989 διὰ
700 934 802 1006 τὴν
841 937 922 998 είς
974 935 1214 1004 Χριστὸν
1263 935 1450 988 πίστιν
1503 933 1787 1005 ἐγκρατὴς
1831 933 2030 1001 γέγονε

452 1028 549 1098 τῆς
575 1028 679 1098 γῆς
713 1026 1093 1098 (σφαιροειδὴς
1126 1029 1222 1082 καὶ
1249 1027 1360 1097 γὰρ
1393 1027 1428 1097 ἡ
1463 1024 1584 1096 γῆ),
1632 1026 1732 1096 τὴν
1765 1024 1822 1080 δὲ
1845 1023 2028 1092 δεξιάν

452 1121 614 1190 χεῖρα
642 1119 785 1170 κατὰ
831 1117 1100 1187 ἀνατολὴν
1155 1118 1570 1188 ἀνατεταμινην
1628 1117 1885 1186 ἔχουσαν,
1930 1113 2027 1167 καὶ

453 1211 867 1266 ὲπαπειλοῦσαν
907 1210 1101 1281 ὥσπερ
1135 1212 1250 1275 τοῖς
1298 1211 1540 1282 Πέρσαις
1568 1213 1664 1265 καὶ
1695 1208 2027 1280 παρεγγυῶ-

451 1316 552 1354 σαν
577 1299 754 1370 ἡσυχῆ
793 1298 976 1368 μένειν
1018 1300 1116 1351 καὶ
1161 1300 1239 1369 μὴ
1300 1301 1502 1370 χωρεῖν
1543 1299 1682 1360 ὅλως
1733 1296 1972 1351 ἐνταῦθα
2008 1312 2021 1328 ·

450 1391 570 1444 οὐδὲ
600 1389 710 1460 γὰρ
735 1387 1010 1460 συμφέρει
1041 1389 1248 1452 αὐτοῖς.
1294 1389 1386 1444 Ἐν
1439 1388 1497 1443 δὲ
1527 1389 1618 1462 τῷ·
1651 1386 1736 1459 λη’
1791 1386 2026 1459 ἐνιαυτῷ

448 1484 550 1554 τῆς
608 1479 888 1552 βασιλείας
945 1479 1116 1534 αὐτοῦ
1171 1482 1198 1534 6
1239 1480 1497 1552 βασιλεὺς
1549 1463 1706 1545 οὗτος
1737 1480 2024 1551 ἄφθαρτον

446 1576 509 1627 τδ
535 1572 631 1628 τοῦ
668 1571 878 1644 Κυρίου
915 1572 1078 1642 σῶμα
1118 1572 1310 1641 ἔλεγεν
1354 1571 1500 1628 εἶναιι
1543 1575 1639 1628 καὶ
1693 1573 1804 1628 τῶν
1861 1589 2030 1646 φυσιδ

451 1666 562 1720 κῶν
611 1664 802 1722 παθῶν
856 1665 1238 1730 ἀνεπίδεκτον,
1297 1666 1393 1720 καὶ
1439 1664 1613 1729 οὕτως
1673 1663 1878 1719 ἐσθίειν
1915 1662 2022 1734 πρδ

2135 473 2569 542 compescendos
2601 485 2745 532 esse.

2193 561 2465 621 Ceterum
2519 567 2607 625 bis
2649 571 2889 642 cognitis
2930 571 3067 628 illud
3101 572 3267 628 etiam
3311 571 3471 637 scito,
3511 569 3711 625 dilecte

2133 654 2232 723 illi,
2264 659 2410 728 quod
2445 660 2702 718 videlicet
2730 662 3079 721 Justiniunus
3107 663 3299 736 Magna
3335 664 3424 719 illa
3462 664 3555 719 Dei
3607 663 3712 718 Ec-

2132 745 2299 803 clesia
2330 751 2549 807 condita
2588 767 2743 808 suam
2791 770 3011 826 quoque
3053 763 3287 810 statuam
3323 755 3577 810 columna
3613 769 3707 808 su-

2134 837 2287 894 blimi
2334 841 2708 910 collocaverit,
2745 845 2877 899 laeva
2910 861 3075 901 manu
3128 847 3348 916 globum
3385 844 3705 916 insignitum

2130 947 2294 986 cruce
2321 934 2722 1000 continentem,
2749 951 2858 1006 quo
2882 935 3226 1006 signiﬁcatur
3259 953 3384 992 eum
3411 953 3511 1008 per
3541 937 3705 992 ﬁdem

2132 1021 2186 1076 in
2217 1021 2498 1078 Christum
2523 1025 2694 1081 totius
2730 1034 3000 1082 terrarum
3032 1027 3182 1083 orbis
3209 1027 3440 1099 imperio
3471 1029 3704 1100 potitum

2128 1127 2272 1180 esse,
2324 1115 2509 1185 quiet
2547 1116 2664 1185 ipse
2713 1115 2859 1186 globi
2913 1116 3147 1172 formam
3195 1118 3398 1184 refert;
3455 1120 3705 1175 dextram

2128 1217 2262 1259 vero
2311 1206 2578 1260 orientem
2632 1223 2825 1263 versus
2871 1209 3284 1276 estendentem,
3327 1212 3486 1280 quasi
3520 1212 3707 1267 Persis

2129 1296 2419 1352 minitetur
2454 1312 2662 1368 eosque
2709 1299 2903 1368 jubeat
2953 1313 3075 1355 esse
3120 1299 3448 1375 tranquillos
3495 1307 3596 1364 nec
3637 1301 3704 1355 ad

2127 1389 2323 1444 urbem
2371 1388 2603 1460 propius
2651 1391 2955 1458 accedere,
2984 1392 3129 1462 quod
3164 1392 3300 1448 illud
3357 1392 3490 1462 ipsis
3538 1393 3707 1446 detri-

2126 1488 2315 1536 mento
2359 1480 2432 1536 sit
2476 1478 2743 1536 futurum.
2779 1481 2914 1538 Cum
2967 1489 3151 1538 autem
3204 1484 3501 1552 imperator
3532 1497 3708 1537 annos

2121 1571 2232 1643 jam
2265 1572 2334 1628 38
2367 1587 2554 1628 rerum
2602 1575 2810 1644 potitus
2851 1575 3065 1640 fuisset,
3107 1574 3350 1645 profiteri
3403 1578 3569 1644 coepit
3608 1575 3708 1629 Do-

2126 1662 2268 1718 mini
2315 1678 2518 1738 corpus
2560 1665 2817 1721 interitus
2859 1681 2924 1721 ac
2974 1666 3306 1721 naturalium
3352 1665 3700 1722 aiicctionum

447 1757 542 1812 τοῦ
589 1758 798 1822 πάθους
829 1759 922 1813 καὶ
948 1760 1134 1811 πίνειν
1179 1755 1326 1810 καθὰ
1370 1755 1439 1827 δὴ
1491 1759 1585 1809 καὶ
1642 1756 1782 1826 μετὰ
1827 1755 1890 1808 τδ
1920 1757 2023 1809 πά·

2128 1769 2355 1824 prorsus
2387 1769 2584 1824 expers
2632 1757 2832 1825 fuisse;
2889 1758 3074 1829 itaque
3113 1759 3251 1815 cibis
3299 1775 3363 1814 ac
3393 1769 3524 1829 potu
3562 1755 3702 1815 ante

450 1853 560 1914 θος.
606 1849 770 1904 Ἀλλὰ
799 1851 896 1904 καὶ
942 1850 1038 1904 τὸν
1065 1849 1412 1922 πατριάρχην
1440 1846 1705 1917 Εὐτύχιον
1743 1845 1819 1918 μή
1849 1863 2023 1902 κατα-ε

446 1942 741 2013 δεχόμενον
775 1941 951 1996 ταῦτα
1011 1940 1249 2013 ἐξορίζει
1301 1941 1361 1994 ὲν
1407 1939 1699 2010 Ἀμασείᾳ,
1754 1939 1879 1993 ὅθεν
1927 1941 2024 1994 καὶ

447 2034 696 2106 ὥρμητο.

517 2212 674 2267 Μετὰ
711 2212 767 2266 δὲ
807 2212 1189 2267 ἰουσιίινιανδν
1238 2212 1532 2276 ’ίουστῐνος
1586 2213 1614 2265 6
1667 2209 1888 2293 ἀνεψιὸς
1924 2207 2023 2262 αύ-

446 2303 544 2357 τοῦ
565 2303 660 2372 ἐτη
699 2301 788 2372 ιγ’.
822 2298 992 2368 Οὗτος
1019 2305 1213 2368 κτίσας
1244 2303 1508 2359 παλάτιον
1533 2303 1640 2371 ἔξω
1670 2303 1771 2374 τῆς
1813 2301 2022 2367 πόλεως

446 2400 538 2448 καὶ
564 2395 761 2464 λιμένα
801 2397 861 2448 ὲν
891 2395 1030 2465 αὐτῇ
1076 2397 1144 2468 τῇ
1173 2395 1358 2461 πόλει,
1386 2395 1463 2448 τὰ
1508 2393 1608 2464 μὲν
1634 2393 1843 2462 Σοφίας
1887 2393 2022 2468 ἑκά-

446 2491 592 2553 λεσε,
624 2488 696 2542 τὰ
725 2488 784 2542 δὲ
821 2489 1109 2558 Σοφιανὰς,
1142 2489 1218 2551 είς
1237 2487 1408 2558 ὄνομα
1438 2488 1537 2558 τῆς
1567 2484 1831 2554 γυναικὸς
1853 2484 2025 2539 αὐτοῦ·

445 2584 668 2651 Σοφιας.
734 2583 798 2638 Ἦ
825 2583 1120 2654 θαυμαστὴ
1151 2580 1293 2653 αὕτη
1335 2581 1506 2653 Σοφία
1539 2580 1917 2646 ἑπισυνάξασα
1971 2581 2025 2634 εί

446 2693 550 2728 που
581 2672 721 2747 ἦσαν
784 2677 1020 2748 ἐνέχυρα
1069 2676 1305 2746 κείμενα
1347 2676 1466 2737 τοῖς
1509 2673 1799 2736 δεσπόταις
1849 2672 2022 2726 ταῦτα

445 2767 671 2834 δέδωκε,
707 2767 775 2822 τὰ
802 2768 860 2822 δὲ
891 2768 1078 2823 δάνεια
1113 2769 1226 2831 τοῖς
1253 2765 1574 2820 δανείσασιν
1629 2764 2022 2818 ἑπανεσώσατο

445 2857 680 2913 οἴκοθεν.
710 2860 850 2913 Κατ’
873 2861 1053 2914 ἐκεῖνο
1095 2858 1290 2930 καιροῦ
1326 2856 1571 2929 ἀνεφάνη
1603 2857 1700 2910 καὶ
1731 2857 1760 2910 6
1792 2855 2021 2926 ὑελεψδς

445 2950 698 3019 Ἰουδαῖος
722 2952 750 3005 6
779 2951 841 3004 τὸ
871 2950 1084 3005 παιδίον
1113 2949 1280 3005 αὐτοῦ
1311 2949 1402 3004 διὰ
1459 2949 1519 3002 τὸ
1549 2947 1820 3018 ἑνωθῆναι
1880 2948 2016 3018 λρι·

447 3045 682 3105 σειανοῖς
723 3040 960 3104 παιδίοις
996 3041 1093 3096 καὶ
1154 3044 1350 3112 φαγεῖν
1419 3038 1530 3095 άπὸ
1583 3039 1684 3112 τῆς
1747 3037 2016 3142 μυστικῆς
2046 3082 2088 3142 C

445 3132 724 3200 τραπέζης
768 3131 958 3201 βαλὼν
977 3133 1060 3196 είς
1083 3133 1180 3204 τὴν
1213 3135 1466 3204 κάμινον,
1523 3134 1573 3186 εἰ
1602 3133 1695 3187 καὶ
1723 3132 1824 3186 οὐκ
1851 3129 2013 3200 ἐφλέ-

445 3222 568 3294 χθηΙ
615 3224 711 3293 τῆς
772 3222 1038 3277 Θεοτόκου
1081 3223 1395 3296 φυλαξάσης
1451 3224 1606 3293 αὐτὸ,
1660 3224 1803 3280 καθὰ
1851 3225 1916 3298 δὴ
1958 3226 2015 3280 τὸ

443 3315 657 3370 παιδίον
685 3314 1085 3371 διεϐεϐαιοῦτο.
1147 3317 1338 3388 Ταύτῃ
1364 3334 1449 3371 τοι
1487 3318 1582 3372 καὶ
1633 3318 1730 3373 τοῦ
1766 3318 2013 3373 τοιούτου

440 3405 720 3476 θαύματος
752 3406 846 3460 διὰ
891 3407 989 3461 τοῦ
1029 3408 1372 3478 πατριάρχου
1419 3408 1584 3479 Μηνᾶ
1617 3409 2015 3482 γνωρισθέντος

438 3497 517 3567 τῷ
605 3497 856 3568 βασιλεῖ,
921 3502 1321 3571 μετακαλεῖται
1381 3503 1410 3555 6
1489 3501 1762 3566 Ἰουδαῖος.
1836 3504 2014 3557 Πολλὰ

437 3591 621 3644 τοίνυν
667 3592 1023 3664 παραινεθεὶς
1087 3593 1184 3647 καὶ
1229 3593 1304 3664 μὴ
1354 3592 1605 3658 πεισθεὶς
1644 3594 1746 3664 τῆς
1803 3595 2012 3659 οἰκείας

439 3683 822 3752 ἀποστερεῖται
863 3683 1009 3757 ζωῆς
1031 3684 1105 3747 ὡς
1131 3701 1200 3754 φο
1227 3686 1351 3750 νεὺς
1385 3684 1480 3740 τοῦ
1521 3685 1656 3739 ίδίου
1685 3686 1897 3750 παιδός.

511 3865 752 3920 Γίνωσκε
771 3866 826 3919 δὲ
866 3866 1176 3932 καὶτοῦτο,
1224 3867 1306 3920 ὅτι
1361 3868 1420 3920 ἐν
1471 3865 1550 3938 τῷ
1618 3866 1866 3938 δευτέρῳ
1898 3866 2008 3920 ἔτει

435 3958 537 4027 τῆς
568 3957 840 4026 βασιλείας
901 3957 996 4011 τοῦ
1034 3956 1425 4030 διαληφθέντος
1465 3957 1736 4030 βασιλέως
1788 3959 2011 4012 Ἰουστί·

434 4065 530 4103 νου
553 4049 618 4118 δὴ
673 4049 768 4100 τοῦ
824 4047 1061 4120 Θρᾳκὸς,
1125 4051 1312 4121 ἡμέρα
1376 4047 1424 4116 γ’
1472 4047 1594 4122 ὥρᾳ
1623 4055 1689 4117 ε’,
1744 4051 1937 4104 πίπτει
1984 4051 2011 4102 6

434 4138 662 4212 τροῦλος
686 4139 791 4208 τῆς
823 4138 918 4192 τοῦ
947 4139 1082 4193 Θεοῦ
1109 4139 1355 4210 μεγάλης
1395 4139 1719 4208 ἐκκλησίας,
1762 4141 1857 4193 καὶ
1887 4158 2012 4194 συν-

435 4229 626 4303 ετρίόη
645 4232 672 4284 6
700 4230 1134 4300 ἁξιοθαύμαστος
1164 4231 1376 4302 ἄμϐων,
1412 4233 1444 4302 ἡ
1475 4232 1772 4303 πολύτιμος
1805 4231 2011 4286 σωλαία

437 4324 632 4377 καὶτὸ
669 4322 1054 4378 πολυποίκιλον
1111 4323 1331 4392 ἔδαφος.
1387 4325 1557 4393 Ζητεί
1617 4324 1717 4394 τὴν
1773 4324 2010 4377 αἰτίανό

435 4415 714 4486 βασιλεύς.
737 4415 1020 4470 Move-avsi.
1049 4416 1186 4486 πρὸς
1210 4418 1324 4479 τοῖς
1345 4416 1524 4478 ἄλλοις
1557 4417 1653 4468 καὶ
1701 4415 1900 4479 τοῦτο,.
1927 4415 2009 4469 ὅτι
2044 4445 2087 4501 D

431 4507 518 4561 διὰ
541 4511 601 4561 τὸ
629 4509 930 4580 ὑπερμήκη
963 4508 1221 4578 γενέσθαι
1257 4508 1349 4562 τὸν
1379 4506 1625 4579 ¹ἰςροῦλον
1655 4509 1748 4562 ἐπὶ
1770 4509 1830 4562 τὸ
1872 4527 2011 4568 παν-

433 4598 601 4670 ταχοῦ
620 4597 855 4670 ὁρᾶσθαι
891 4601 1055 4662 αὐτὸς
1090 4600 1284 4652 ἑαυτὸν
1310 4599 1604 4670 βαστάζειν
1629 4601 1728 4653 οὐκ
1755 4600 2007 4670 ἠδύνατοι

439 4688 602 4744 Ὀθεν
629 4689 976 4760 άνεγείρεται
1013 4688 1161 4751 αὖθις
1175 4723 1208 4753 ,ν
1225 4690 1509 4754 πεδι-νὸς-δδ
1531 4689 1854 4760 λειπόμενος
1875 4691 2010 4765 πρὸς

432 4783 492 4835 τὸ
514 4781 708 4853 πρώην
740 4781 895 4853 ὕψος,
927 4783 1166 4855 ὀργυιῶν
1204 4777 1284 4837 ιε’.

2127 1849 2589 1904 resurrectionem
2623 1865 2805 1915 usum,
2834 1849 2913 1905 uti
2938 1859 3063 1920 post
3101 1850 3272 1922 ipsam
3309 1865 3529 1922 quoque
3577 1865 3706 1920 pas-‘

2125 1937 2336 1994 sionem
2368 1941 2514 1995 vesci
2560 1941 2931 1998 consueverit.
2975 1941 3224 2014 Cumque
3277 1958 3389 1998 non
3445 1943 3702 2014 probaret

2127 2029 2241 2085 haec
2289 2031 2589 2102 Eutycltius
2622 2033 2952 2103 patriarcha,
3002 2035 3345 2090 Justinianus
3374 2051 3498 2090 eum
3532 2035 3709 2088 Amtia

2125 2121 2262 2176 siam
2297 2123 2584 2193 relegavit,
2619 2123 2766 2180 unde
2793 2122 3008 2195 Cpoiim
3036 2132 3285 2180 venerat.

2196 2213 2323 2268 Post
2348 2212 2716 2268 Justinianum
2770 2213 3059 2278 Justinus,
3105 2214 3225 2284 ejus
3273 2229 3459 2270 sorore
3494 2224 3655 2270 natus
3681 2255 3696 2280 ,

2125 2303 2390 2359 tredecim
2423 2319 2598 2360 annos
2634 2305 2942 2375 imperavit.
2973 2306 3026 2362 is
3075 2315 3226 2361 extra
3263 2305 3454 2362 urbem
3495 2308 3709 2377 palatio

2123 2404 2180 2452 et
2223 2391 2340 2466 ipsa
2377 2397 2430 2452 in
2471 2397 2626 2492 uri“
2651 2408 2814 2468 portu
2851 2399 3094 2466 condito,
3147 2399 3282 2454 illud
3327 2401 3550 2471 quidem
3601 2401 3703 2455 So-

2123 2486 2325 2558 phiana
2359 2486 2721 2560 nuncnﬁivit,
2754 2490 2902 2548 hunc
2923 2507 3056 2548 vero
3095 2492 3320 2564 Sephia:
3359 2501 3599 2563 portum,
3629 2493 3700 2550 de

2123 2579 2346 2650 SOpbiaa
2398 2582 2650 2656 conjugis
2701 2585 2958 2649 nomine;
3018 2600 3139 2654 quae
3183 2599 3315 2640 sane
3367 2584 3703 2641 admiranda

2121 2673 2345 2729 virtutis
2406 2676 2608 2730 tnuiicr
2660 2676 2866 2731 coactis
2919 2676 3283 2747 undecunque
3330 2678 3654 2748 pignoribus
3681 2701 3707 2743 ,ε

2121 2779 2248 2821 cum
2285 2781 2482 2822 usuras
2514 2767 2585 2821 de
2637 2783 2739 2822 suo
2767 2757 3174 2824 feneratoribus
3204 2783 3570 2834 numerasset,
3599 2771 3698 2824 tio-

2123 2857 2292 2912 tninis
2323 2873 2387 2912 ea
2416 2859 2531 2912 suis
2575 2859 2840 2914 reStituit.
2890 2860 3024 2916 Erat
3080 2860 3134 2916 id
3185 2862 3449 2932 temporis
3479 2861 3712 2918 intimus

2123 2948 2348 3019 quidam
2382 2949 2509 3003 vitri
2545 2948 2836 3016 coniiator,
2866 2954 2957 3021 qui
2989 2954 3160 3007 tilium
3205 2967 3365 3010 suum
3407 2958 3707 3025 propterea“

2123 3038 2269 3110 quod
2305 3037 2632 3094 Christianis
2661 3055 2719 3094 se
2743 3041 2930 3110 pueris
2957 3043 3336 3115 conjunxisset
3369 3045 3549 3115 deque
3579 3061 3696 3116 my.

2123 3129 2255 3185 stica
2280 3145 2466 3186 mensa
2495 3130 2842 3195 comedisset,
2878 3130 2932 3184 in
2960 3131 3239 3188 fornacem
3279 3135 3536 3207 conjecit.
3559 3136 3702 3191 Puer

2125 3227 2304 3276 tamen
2337 3219 2500 3290 273
2528 3221 2953 3290 haudquaquam
2977 3221 3212 3278 ilatnmis
3243 3225 3568 3295 absumptus
3591 3237 3696 3297 est,

2123 3313 2240 3385 ipsa
2279 3327 2403 3368 cum
2443 3312 2674 3382 Deipara
2705 3321 3068 3369 conservante
3089 3312 3440 3384 incolumem,
3475 3317 3552 3373 uti
3579 3321 3699 3390 qui-

2121 3407 2245 3463 dem
2278 3406 2602 3462 afilrmabat.
2651 3404 2840 3478 Itaque
2874 3415 3028 3464 tanto
3067 3409 3320 3481 prodigio
3356 3426 3455 3482 per
3484 3411 3712 3468 Menanr

2121 3499 2488 3570 patriarcham
2519 3499 2842 3571 imperatori
2895 3501 3166 3572 exposito,
3220 3501 3443 3559 Judaeus
3470 3511 3715 3561 arcessi-'

2122 3597 2246 3655 tur;
2274 3605 2510 3660 cumque
2536 3591 2724 3646 multis
2761 3592 3240 3648 exhortationibus
3279 3593 3443 3650 factis
3483 3596 3549 3650 ad
3588 3610 3712 3652 τηε-⁸

2120 3680 2315 3736 liorem
2351 3691 2593 3736 mentem
2625 3683 2874 3739 revocari
2908 3700 3014 3739 non
3042 3693 3248 3754 posset,
3283 3695 3541 3756 tanquam
3584 3694 3718 3745 sua!

2119 3772 2326 3829 sobolis
2349 3773 2673 3830 interfector
2707 3775 2819 3830 vita
2847 3775 3118 3846 privatur.

2189 3866 2328 3922 illud
2370 3867 2537 3922 etiam
2581 3867 2744 3922 velim
2786 3868 3222 3933 animadvertas,
3272 3883 3418 3924 anno
3456 3869 3720 3925 secundu‘

2119 3959 2488 4029 imperatoris,
2542 3959 2704 4028 cujus
2748 3971 2898 4013 nunc
2930 3960 3264 4014 mentionem
3311 3959 3562 4024 facimus,
3605 3961 3701 4015 Ju-

2118 4047 2251 4103 stini
2291 4048 2542 4113 Thracis,
2585 4049 2674 4104 die
2706 4049 2894 4116 tertio,
2920 4049 3056 4106 hora
3081 4053 3294 4122 quinta,
3340 4051 3558 4108 trullam
3584 4052 3720 4108 Ma-"

2118 4157 2235 4210 gnua
2262 4139 2356 4196 Dei
2389 4142 2647 4197 Ecclesia:
2673 4142 3011 4211 jcollapsam,
3050 4159 3161 4213 quo
3193 4159 3324 4199 casu
3359 4144 3545 4199 attrita
3577 4143 3698 4198 fue-

2118 4234 2229 4287 rint
2263 4233 2490 4302 dignutn
2539 4233 2674 4288 illud
2725 4233 3110 4289 admirationis
3154 4245 3494 4306 suggestum,
3548 4235 3719 4291 solca'

2118 4325 2558 4394 maximi-pretii
2616 4335 2674 4382 et
2734 4327 2946 4383 varium
3011 4328 3249 4400 denique
3299 4331 3694 4402 pavimentum.

2117 4415 2250 4486 Ejus
2287 4417 2368 4472 rei
2407 4434 2627 4475 causam
2678 4436 2803 4476 cum
2863 4421 3164 4492 imperator
3223 4425 3544 4495 indagaret,
3595 4423 3720 4478 hoe"

2117 4508 2282 4563 etiam
2315 4509 2460 4566 inter
2485 4522 2684 4568 cetera
2725 4513 3115 4585 deprehendit.
3143 4513 3363 4570 trullam
3405 4523 3708 4589 propterea

2117 4601 2263 4672 quod
2299 4602 2540 4674 ingentis
2586 4603 2894 4661 altitudinis
2937 4613 3109 4672 esset,
3147 4615 3205 4661 ut
3235 4605 3415 4662 ubivis
3447 4607 3707 4662 locorunr

2117 4695 2582 4766 conspiceretur,
2657 4713 2715 4754 se
2765 4697 2939 4768 ipsam
2993 4707 3210 4769 gestare
3254 4715 3364 4755 non
3425 4700 3702 4772 potuisse;

2116 4786 2467 4860 Quapropter
2487 4805 2712 4860 operam
2738 4789 3207 4862 deditimpcrator
3245 4803 3302 4848 ut
3323 4791 3390 4848 de
3416 4810 3560 4849 novo
3602 4808 3706 4848 ev

434 4886 764 4941 strueretur,
815 4879 887 4932 ita
957 4887 1138 4932 tamen
1193 4887 1252 4932 ut
1336 4877 1538 4947 prioris
1621 4880 1978 4936 sublimitatis
2029 4892 2293 4952 respectu
2335 4891 2547 4940 tantum
2585 4899 2712 4939 non
2738 4896 3046 4957 campestre
3124 4885 3305 4943 solum
3357 4902 3575 4960 aequare
3620 4889 3717 4942 vi-I'

433 4972 681 5037 deretur,
711 4972 779 5026 ad
803 4988 1000 5045 orgyas
1025 4972 1092 5028 i5
1113 4975 1370 5042 excitata.
3493 5045 3498 5050 λ

502 5070 660 5126 Μετὰ
691 5069 749 5124 δὲ
783 5069 1066 5124 Ἰουστῖνον
1101 5071 1350 5143 Τισέριος
1387 5071 1416 5126 6
1449 5069 1600 5141 Θρᾲξ
1631 5055 1728 5142 ἐτη
1758 5071 1832 5136 δ’,
1872 5071 2014 5144 μετά

2191 5072 2321 5128 Post
2365 5071 2646 5130 Iustinum
2687 5072 2965 5140 'Piberius,
3010 5073 3246 5130 Thracia
3277 5081 3333 5131 et
3353 5061 3469 5147 ipse
3511 5075 3710 5132 orion”

430 5162 489 5216 δὲ
519 5163 708 5220 τοῦτον
743 5162 1048 5232 Μαυρίκιος
1086 5163 1114 5214 6
1150 5162 1403 5234 γαμϐρὸς
1449 5162 1616 5217 αὑτοῦ
1653 5165 1748 5217 καὶ
1791 5165 2011 5234 Καῖσαρ

2123 5162 2244 5231 dus,
2275 5174 2518 5236 quatuor
2559 5167 2719 5221 annis
2763 5164 2934 5222 rebus
2969 5167 3210 5238 praefuit.
3245 5167 3469 5224 Tiberio
3502 5169 3719 5224 Mauri:

435 5255 531 5326 ἔτη
560 5261 631 5310 κ’.
664 5249 830 5318 υἶοτος
863 5252 1042 5308 ἔκτισε
1073 5253 1160 5305 τὸν
1191 5256 1250 5307 ὲν
1281 5253 1850 5310 Κωνσταντινουπόλει
1881 5257 2010 5309 ναὸν

2123 5255 2237 5310 eius
2265 5269 2435 5326 gener
2452 5255 2738 5322 successit,
2774 5257 2958 5312 Caesar
2982 5266 3110 5314 ante
3141 5256 3471 5323 declaratus,
3503 5257 3698 5312 annis‘

431 5348 540 5400 τῶν
567 5345 739 5416 ἁγίων
767 5352 842 5418 μ’.
872 5345 989 5414 Ἐφ’
1013 5339 1073 5398 οὗ
1102 5345 1310 5398 παιδίον
1336 5343 1601 5417 ἐγεννήθη
1634 5347 1690 5398 ὲν
1717 5347 2023 5402 Κωνστανο·

2123 5360 2226 5416 que
2279 5345 2473 5418 viginti
2521 5347 2652 5404 totis
2687 5349 3003 5420 imperavit.
3053 5350 3106 5406 ls
3149 5351 3414 5422 templum
3455 5349 3700 5420 quadrat

431 5439 735 5492 τινουπόλει
762 5438 930 5510 χωρὶς
959 5437 1378 5508 ὀφθαλμῶννκαὶ
1408 5439 1608 5511 χειρῶν
1632 5451 1647 5467 ·
1679 5438 1816 5510 πρὸς
1845 5439 1899 5494 δὲ
1929 5438 2006 5509 τῷ

2123 5437 2265 5508 ginta
2311 5447 2631 5496 sanctorum
2674 5440 2828 5511 Cpoli
2861 5442 3126 5499 condidit.
3181 5443 3358 5499 Natus
3397 5450 3484 5496 est.
3529 5439 3715 5494 ctianr‘

434 5526 593 5598 ισχίῳ
619 5525 800 5599 ίχθύος
825 5527 962 5596 οὐρὰ
985 5525 1265 5597 προσφυὴς
1292 5527 1440 5596 αὐτῷ
1465 5528 1696 5598 ὑπῆρχε.
1725 5527 1836 5582 Καὶ
1859 5528 2006 5582 κύων

2123 5526 2241 5598 ipso
2287 5537 2552 5602 regnante
2591 5543 2730 5600 puer
2755 5531 2932 5601 Cpoli,
2971 5534 3067 5604 qui
3107 5532 3282 5588 oculis
3331 5529 3714 5598 manibusun

431 5617 694 5679 ὡσαύτως
729 5617 962 5684 ἑξάπους
994 5617 1436 5685 λεοντοκέφαλος.
1474 5619 1585 5672 Καὶ
1623 5620 1684 5673 ἐν
1715 5622 1779 5691 τῇ
1815 5618 2004 5691 Θρᾴκῃ

2123 5621 2363 5684 carebat,
2404 5621 2578 5679 cauda
2625 5623 2834 5692 piscina
2866 5623 2936 5678 ad
2993 5623 3322 5680 coxendices
3372 5619 3714 5678 naturalitet’

427 5709 522 5762 δυο
550 5709 742 5764 παιδία
772 5710 1168 5782 ἐγεννήθησαν,
1201 5703 1276 5764 ὧν
1305 5709 1365 5763 τὸ
1397 5709 1494 5780 μὲν
1517 5711 1840 5782 τετράπουν,
1863 5713 1922 5766 τὺ
1951 5712 2012 5765 δὲ

2123 5710 2459 5772 adhzcrente.
2491 5714 2764 5773 Praeterea
2805 5715 2960 5773 canis
2984 5730 3078 5772 sex
3101 5716 3270 5787 pedes
3322 5724 3380 5773 et
3411 5712 3706 5771 leonit'tum-
