4154 6200
442 217 542 282 511

1693 204 2111 266 MlCll.\ELlS
2150 202 2411 263 οιΥεΑξ

3578 206 3683 268 5i?

428 344 594 406 caput
627 335 856 389 habens.
884 334 1017 388 Item
1048 327 1160 386 duo
1183 329 1238 387 in
1282 326 1513 381 Thracia
1563 324 1819 385 infantes.
1873 340 1998 392 quo-

2110 323 2421 392 δικέφαλον.
2452 320 2684 388 Λέγουσι
2719 319 2774 372 δὲ
2812 318 2888 389 μὴ
2921 316 3317 401 προσημαίνειν
3350 318 3530 385 ἁγαθὰ
3565 324 3686 380 ταῖς

429 444 551 483 rum
579 442 721 481 unus
756 424 1069 495 quadrupes
1107 430 1249 485 erat,
1303 419 1443 473 alter
1475 416 1681 485 biceps.
1709 415 2007 472 Perhibent

427 529 610 574 autem
634 519 703 573 iis
728 514 957 570 urbibus
982 554 996 578 ,
1042 514 1096 567 in
1127 511 1329 581 quibus
1371 506 1683 580 bujusmodi
1722 506 1887 562 {unus
1909 522 2007 561 na-

427 621 673 673 scantur,
721 607 954 660 minime
995 603 1178 658 lausta
1224 600 1502 671 portendi.
1531 597 1836 667 Conspecta
1876 606 2007 653 sunt

427 702 593 754 etiam
640 698 693 750 in
731 709 891 749 amne
914 693 1039 747 Nilo
1066 691 1181 746 sole
1214 691 1449 760 primum
1478 688 1693 743 oriente
1722 686 1835 741 duo
1852 702 2003 756 quae-

424 790 546 843 dam
578 783 852 846 animalia,
903 781 1135 835 formam
1187 780 1482 833 humanam
1534 775 1865 843 referentia,
1894 774 2001 829 viri

425 892 619 941 unum,
653 874 902 930 mulieris
923 873 1197 927 alterum:
1241 870 1468 925 Sirenes
1504 867 1769 938 appellari
1799 867 2000 932 solent,

424 968 641 1024 blandis
666 966 888 1039 quidem
937 964 1032 1018 illa
1065 962 1297 1019 vocibus
1332 959 1563 1025 utentia,
1611 958 1707 1014 sed
1738 959 1900 1029 plane
1923 959 2002 1013 le-

429 1058 653 1123 tliil'era,
688 1056 927 1127 speciem
973 1051 1270 1122 quamdam
1307 1051 1564 1105 humanae
1610 1064 1675 1105 ac
1713 1049 2000 1105 volucrum

422 1165 491 1205 ex
527 1164 685 1218 aequo
710 1145 1055 1203 consimilem
1100 1142 1424 1214 praebentia.
1462 1140 1595 1209 Quae
1629 1142 1723 1196 ubi
1757 1141 1999 1212 conspici

424 1238 747 1307 coepissent,
778 1235 1015 1305 populus
1038 1248 1143 1287 una
1165 1248 1288 1287 cum
1317 1232 1571 1301 praefecto
1593 1242 1823 1301 stupore
1859 1249 1999 1304 quo-

2109 416 2332 469 πόλεσιν
2374 418 2430 466 ὲν
2474 412 2561 477 αἷς
2594 414 2661 466 τὰ
2696 412 2917 466 τοιαῦτα
2955 412 3250 465 τίκτονται.
3290 412 3596 481 Ἐφάνησαν
3628 413 3683 466 δὲ

2106 509 2202 558 καὶ
2237 508 2292 558 ἐν
2326 504 2403 575 τῷ
2437 506 2614 575 Νείλῳ
2649 503 2911 575 ποταμῷ,
2946 504 3099 574 ἡλίου
3135 492 3552 567 ἀνατέλλοντος,
3589 506 3683 557 ἀνα

2107 596 2481 667 θρωπόμορφα
2514 596 2605 648 δύο
2641 596 2787 659 ζῶα,
2821 598 2958 665 ἁνήρ
2990 613 3048 649 τε
3086 596 3179 648 καὶ
3212 596 3377 663 γυνὴ,
3411 598 3553 665 άπερ
3585 598 3681 649 καὶ

2105 680 2361 759 Σειρῆνες
2389 690 2911 759 προσαγορεύονται,
2941 687 3260 758 ήδύφθογγα
3292 688 3431 742 πάνυ
3461 691 3555 741 καὶ
3584 688 3679 741 θα-

2104 781 2422 851 νατηφόρα,
2463 780 3146 850 άνθρωποπετεινόμορφα.
3191 780 3252 834 '0
3286 781 3342 832 δὲ
3378 780 3505 842 λαὸς
3545 767 3683 851 μετὰ

2102 871 2196 925 τοῦ
2229 872 2472 939 ἐπάρχου
2507 870 2879 940 θαυμάζοντες
2911 869 3148 941 ὥρκιζον
3179 869 3317 922 αὐτὰ
3352 868 3430 939 μὴ
3463 871 3681 939 ἀναχω-

2111 963 2294 1034 ρῆσαι,
2327 967 2457 1035 πρὶν
2487 964 2551 1017 ἂν
2579 962 2821 1025 ἅπαντες
2849 960 3205 1033 ὲμφορηθῶσι
3236 961 3336 1031 τῆς
3369 962 3676 1031 παραδόξου

2102 1054 2230 1118 θέας
2257 1056 2461 1109 αὐτῶν.
2491 1055 2651 1110 Ὀθεν
2699 1057 2793 1108 καὶ
2824 1055 3085 1123 μείναντα
3118 1054 3309 1123 μέχρις
3336 1044 3485 1123 ὥρας
3516 1053 3563 1105 0'
3584 1071 3682 1106 me

2100 1144 2327 1201 τέδυσαν
2372 1142 2451 1205 είς
2502 1142 2593 1195 τὸν
2639 1142 2907 1211 ποταμόν.
2952 1134 3194 1194 Ἐκεῖθεν
3241 1131 3297 1193 δὲ
3346 1141 3677 1211 κροκόδειλοι

2099 1236 2360 1305 ἐξῆλθον,
2405 1236 2503 1288 καὶ
2554 1234 2782 1297 πολλοὺς
2829 1234 2937 1287 τῶν
2985 1233 3289 1304 ἀνθρώπων
3338 1232 3673 1302 διέφθειραν.

423 1330 546 1385 dam
612 1328 850 1394 correpti
891 1342 987 1395 per
1027 1324 1425 1395 adiurationem
1475 1324 1871 1387 astrinxerunt,
1929 1338 1998 1378 ne

2113 1326 2173 1379 '0
2206 1326 2263 1379 δὲ
2297 1326 2638 1395 κροκόδειλος
2673 1323 2943 1394 δχθυόθηρ
2980 1325 3154 1393 μέγας
3189 1315 3306 1376 ἐστὶ
3334 1323 3674 1392 τετράπους,

423 1420 579 1488 prius
609 1418 1146 1484 discederentquain
1184 1412 1425 1469 universi
1466 1422 1573 1468 tam
1622 1428 1748 1468 raro
1790 1429 1848 1469 se
1877 1428 1998 1483 spe-

2099 1418 2195 1489 τὴν
2221 1418 2320 1487 μὲν
2344 1418 2503 1488 ῥάχιν
2525 1417 2715 1488 μέλας,
2739 1415 2835 1487 τὴν
2855 1416 2911 1469 δὲ
2931 1417 3174 1486 γαστέρα
3194 1415 3482 1478 λευκδςμεὸ
3505 1414 3679 1481 στόμα

424 1508 642 1563 ctaculo
692 1514 1128 1561 exsaturassent.
1172 1504 1250 1560 lta
1316 1504 1519 1559 factum
1580 1513 1639 1558 ut
1686 1504 1754 1560 ad
1797 1520 1997 1558 nonam

2101 1506 2305 1575 φθάνον
2340 1506 2466 1577 ἄχρι
2501 1507 2607 1559 τῶν
2642 1507 2842 1576 ὤμων,
2877 1504 2974 1577 τὴν
3006 1506 3042 1559 ά
3073 1524 3118 1558 ω
3149 1498 3309 1573 γένυν
3342 1507 3507 1559 κινῶν
3529 1546 3545 1570 ,
3582 1506 3677 1557 καὶ

426 1613 599 1668 usque
637 1600 824 1651 horam
851 1605 1186 1651 commorata
1212 1594 1475 1665 deinceps
1498 1594 1666 1650 ﬂuvio
1690 1610 1750 1650 se
1780 1610 1998 1665 merge—

2099 1599 2197 1670 τὴν
2244 1598 2412 1668 οὐράν
2459 1598 2684 1668 τραχύς.
2723 1598 2961 1666 Ἀναιρεῖ
3009 1597 3066 1650 δὲ
3109 1597 3296 1650 τοῦτον
3342 1598 3599 1658 πολλάκις
3642 1596 3676 1665 ὴ

424 1698 570 1744 rent.
625 1688 763 1743 Hinc
811 1687 1069 1743 crocodili
1113 1686 1317 1757 egressi
1368 1694 1533 1752 sunt,
1605 1682 1987 1756 plurimosque

2099 1683 2244 1751 ίδρὺς
2290 1684 2583 1752 λεγομένη,
2626 1684 2683 1736 ὲν
2731 1681 2809 1752 τῷ
2858 1680 3005 1752 αὐτῷ
3055 1682 3287 1753 ποταμῷ
3331 1682 3674 1753 τυγχάνουσα

424 1778 685 1833 mortales
710 1779 830 1833 neci
866 1777 1157 1834 dederunt.
1195 1777 1294 1832 Est
1320 1786 1503 1832 autem
1539 1778 1847 1832 crocodilus
1875 1777 1995 1832 bel-

2099 1775 2191 1828 καὶ
2246 1775 2465 1843 μορφὴν
2515 1775 2712 1843 ἔχουσα
2758 1772 2955 1837 κυνὸς,
3001 1774 3428 1842 τοιουτοτρόπως
3472 1771 3553 1825 δέ.
3604 1768 3676 1823 Τὸ

424 1868 517 1924 lua
550 1868 796 1939 qua-dam
847 1868 985 1937 pisci
1022 1867 1325 1924 consimilis
1351 1907 1366 1932 ,
1404 1866 1619 1937 ingens,
1661 1868 1997 1936 quadrupes,

2103 1865 2279 1935 στόμα
2298 1865 2583 1933 διανοίγων
2600 1866 2627 1917 6
2648 1864 2988 1935 κροκόδειλος
3009 1861 3152 1916 οὕτω
3175 1862 3444 1916 καθεύδει.
3460 1861 3526 1913 Ἦ
3546 1858 3675 1930 γοῦν

423 1961 571 2016 dorsi
601 1960 810 2030 spinam
841 1960 1051 2029 nigram
1084 1959 1316 2024 habens,
1352 1958 1476 2014 albo
1516 1967 1728 2024 ventre,
1777 1956 1998 2012 diducto

2104 1956 2251 2026 ίδρὺς
2287 1955 2687 2026 ὲγκυλισαμένη
2720 1953 2874 2023 πηλῷ
2907 1954 3000 2007 καὶ
3029 1954 3117 2007 διὰ
3146 1950 3242 2007 τοῦ
3280 1953 3545 2022 στόματος
3579 1951 3673 2003 αὺ-

384 2063 479 2107 -et
510 2052 680 2105 hianti
739 2066 963 2121 prorsus
1009 2065 1103 2105 ore
1143 2051 1210 2103 ad
1258 2048 1520 2104 humeros
1545 2063 1738 2118 usque,
1791 2046 1998 2100 maxilla

2101 2046 2198 2100 τοῦ
2224 2047 2361 2119 πρὸς
2385 2046 2484 2118 τὴν
2512 2046 2757 2116 γαστέρα
2784 2047 3082 2116 χωρήσασα
3109 2046 3203 2097 καὶ
3225 2044 3426 2113 ταύτην
3449 2043 3675 2114 mappae

426 2144 715 2213 superiore
774 2142 1010 2205 mobili,
1066 2140 1241 2194 cauda
1286 2139 1576 2209 insigniter
1630 2153 1842 2207 aspera.
1884 2136 1998 2191 Non

2104 2138 2241 2205 ξασα
2266 2137 2352 2190 διὰ
2376 2138 2472 2207 τῆς
2500 2137 2661 2208 ἕδρας
2688 2136 2998 2208 ἐξέρχεται,
3026 2136 3215 2206 νεκρὸν
3240 2135 3403 2188 αὐτὸν
3426 2134 3674 2187 ιντεῦθεν

426 2250 552 2289 raro
580 2235 650 2289 ab
686 2233 908 2288 animali
942 2231 1176 2301 quodam
1211 2230 1564 2291 interﬁcitur,
1594 2229 1738 2298 quod
1792 2228 1998 2298 hidrym

2104 2228 2297 2282 καταλι
2304 2232 2514 2299 μπάνου
2522 2247 2609 2282 σα.

424 2335 624 2381 vocant
668 2335 724 2379 et
768 2324 820 2378 in
855 2323 1047 2378 eodem
1088 2322 1253 2378 ﬂuvio
1292 2321 1438 2391 degit
1466 2319 1727 2389 cauisque
1769 2319 1999 2372 formam
2042 2329 2418 2389 repraesentat.
2485 2321 2542 2375 ln
2610 2320 2757 2376 hunc
2782 2330 2962 2375 autem
2987 2320 3207 2375 modum
3235 2318 3423 2391 hidrys
3447 2320 3671 2375 exitium

414 2402 704 2476 crocodilo
767 2418 951 2473 amart.
983 2415 1089 2472 Ore
1156 2414 1320 2487 274
1376 2394 1686 2471 σιόεοθιιιε
1718 2424 1907 2484 aperto
1965 2416 2249 2471 consuevit
2310 2414 2572 2472 dormire.
2626 2415 2990 2484 Quamobrem
3026 2418 3213 2489 hidrys
3257 2433 3324 2472 eo
3372 2427 3669 2488 conspecto

425 2520 481 2573 in
511 2530 669 2573 anno
697 2530 756 2571 se
790 2514 1015 2580 volutat,
1050 2528 1115 2568 ac
1172 2528 1269 2582 per
1316 2527 1378 2568 os
1416 2511 1676 2567 crocodili
1713 2510 1781 2565 ad
1819 2522 2064 2567 ventrem
2109 2528 2279 2568 usuue
2314 2529 2599 2584 progressa
2649 2528 2747 2584 per
2796 2530 2964 2568 anum
3026 2514 3174 2584 ejus,
3232 2527 3392 2569 eroso
3435 2518 3621 2566 ventre
3648 2546 3666 2579 ,

425 2624 619 2665 rursus
649 2610 781 2673 exit,
803 2618 859 2663 et
888 2607 1225 2662 crocodilum
1249 2615 1527 2660 mortuum
1559 2604 1839 2676 relinquit.

496 2708 767 2761 Caeterum
815 2702 1109 2758 Mauricius
1164 2702 1252 2757 hic
1301 2703 1597 2772 imperator
1646 2701 1998 2756 instituitut

430 2795 519 2850 die
542 2792 956 2864 praeparationis
977 2790 1407 2860 supplicationes
1439 2789 1492 2843 in
1520 2789 1839 2844 Blacbernis
1867 2790 1997 2844 ﬁant

428 2898 484 2941 et
513 2886 579 2939 ad
604 2884 999 2953 Clialcopratea
1023 2895 1192 2951 usque
1223 2882 1572 2950 procedatur.
1603 2879 1817 2935 Accidit
1845 2880 1999 2934 dein-

430 2992 561 3045 ceps
592 2985 650 3029 ut
682 2976 789 3029 dux
834 2972 1080 3028 Mauricii
1115 2972 1333 3042 quidam
1360 2984 1536 3028 castra
1569 2971 1810 3027 Romana
1840 2972 2000 3027 fossis

427 3070 637 3122 munita
664 3066 918 3120 Barbaris
947 3064 1224 3134 proderet,
1258 3064 1309 3117 iu
1350 3064 1553 3133 quibus
1576 3073 1733 3118 erant
1755 3062 1822 3117 ad
1855 3062 2000 3117 duo-

427 3160 605 3214 decim
652 3158 823 3212 millia
863 3156 1151 3221 militum,
1190 3155 1284 3223 qui
1334 3166 1624 3225 propterea
1671 3156 1753 3209 sie
1803 3156 2004 3209 multa-

432 3251 639 3307 bantur
694 3250 838 3321 quod
868 3248 1192 3306 seditionem
1226 3248 1614 3306 concitassent.
1652 3240 1788 3303 Cum
1815 3256 1999 3303 autem

429 3342 728 3411 postularet
755 3356 786 3394 a
803 3340 1061 3396 Mauricio
1083 3341 1389 3410 Chaganus,
1410 3338 1736 3409 Scytharum
1762 3348 2001 3408 septem-

428 3432 739 3488 trionalium
774 3446 887 3494 rex,
920 3442 980 3485 ut
1011 3447 1109 3501 pro
1133 3431 1365 3501 singulis
1389 3430 1726 3499 redimendis
1744 3445 1814 3499 ex
1841 3444 1999 3500 aequo

429 3522 718 3578 dimidium
748 3537 975 3576 aureum
1006 3522 1294 3593 penderet.
1321 3533 1380 3575 ut
1422 3521 1527 3575 hoc
1552 3529 1835 3591 praestaret
1878 3536 2002 3589 per-

430 3613 649 3670 suaderi
687 3628 793 3667 non
830 3613 1028 3682 potuit.
1070 3612 1415 3682 Quapropter
1461 3626 1705 3667 omnesa
1744 3611 1998 3667 Barbaris

429 3715 556 3759 sunt
589 3702 883 3757 interfecti.
921 3704 1059 3757 Tum
1089 3719 1218 3758 vero
1262 3703 1525 3758 delictum
1574 3719 1732 3758 suum
1766 3704 1999 3773 impera-

431 3799 516 3845 tor
562 3803 879 3860 agnoscere.
914 3791 1284 3861 solitariazque
1333 3791 1457 3846 vita:
1485 3791 1702 3847 deditos
1740 3793 1998 3847 omnibus

432 3879 488 3934 in
519 3879 655 3934 locis
688 3895 848 3934 orare
879 3887 935 3933 ut
970 3881 1090 3949 ejus
1122 3880 1334 3935 veniam
1370 3880 1475 3935 sini
1527 3882 1781 3950 precibus
1826 3884 1998 3952 impe-

434 3975 665 4023 trarent.
720 3967 1031 4024 Secundum
1064 3968 1179 4024 haec
1210 3970 1453 4039 profecto
1502 3971 1569 4025 ad
1619 3966 1792 4041 ipsum
1835 3971 1998 4041 Magi-

427 4060 677 4126 striano,
731 4059 800 4114 de
855 4059 1001 4114 illius
1056 4058 1382 4115 indicatione
1430 4062 1712 4131 cognoscit
1759 4061 1993 4119 animam

427 4151 647 4220 quidem
682 4149 915 4206 salutem
959 4160 1398 4217 consecuturam,
1449 4152 1545 4207 sed
1576 4155 1752 4222 ipsum
1803 4169 1994 4221 magna

428 4259 551 4298 cum
581 4258 822 4299 aerumna
849 4250 905 4297 et
956 4242 1252 4298 amictione
1311 4244 1603 4313 imperium
1638 4244 1988 4298 amissurum.

428 4331 616 4401 Neque
644 4331 906 4401 temporis
943 4333 1173 4385 multum
1208 4331 1540 4400 intercessit,
1570 4348 1693 4386 cum
1725 4349 1819 4402 per
1840 4334 1996 4402 quie-

430 4431 538 4475 tem
562 4421 613 4476 ei
636 4420 908 4475 somnium
929 4421 1169 4475 terroris
1193 4421 1416 4491 plenum
1455 4420 1702 4476 oﬂ‘ertur.
1737 4418 1870 4476 Nam
1915 4423 1993 4477 vi-

426 4512 554 4568 dere
580 4512 686 4567 sibi
709 4506 1001 4568 videbatur
1017 4512 1197 4582 ipsum
1241 4513 1527 4566 Dominum
1568 4513 1622 4567 in
1646 4514 1785 4568 solio
1810 4514 1994 4568 consi-

428 4597 649 4653 dentem
708 4607 764 4653 et
825 4599 1139 4669 hujusmodi
1196 4616 1253 4655 se
1300 4599 1484 4654 verbis
1529 4600 1993 4671 compellantem;

431 4708 451 4742 ι
483 4689 713 4746 Ubinam
752 4705 940 4761 pmnas
974 4690 1125 4743 luere
1177 4690 1366 4754 mavis,
1398 4691 1452 4743 in
1486 4691 1588 4745 hac
1620 4709 1687 4746 an
1724 4695 1775 4747 in
1825 4696 1996 4750 altera

426 4780 581 4833 vita?
622 4798 639 4831 ι
678 4779 813 4834 Cum
848 4778 1221 4847 respondisset
1257 4776 1309 4830 iu
1361 4778 1463 4832 hac
1491 4793 1547 4832 se
1580 4780 1763 4849 puniri
1794 4783 1952 4835 malle
1978 4823 1994 4849 ,

428 4882 616 4925 Vocem
646 4870 810 4924 aliam
842 4870 1081 4923 audivit:
1120 4886 1137 4919 ι
1174 4868 1404 4922 Tradite
1451 4870 1612 4938 igitur
1640 4884 1761 4924 eum
1803 4873 1996 4927 Plini-se

428 4966 679 5029 tyranno.
719 4975 739 5009 ι
775 4957 913 5011 Tum
948 4967 1302 5025 experrectus
1340 4956 1656 5023 Mauricius,
1687 4959 1997 5017 intellecto-

425 5065 531 5121 quc
563 5052 796 5107 Phocam
829 5052 981 5105 illum
1006 5053 1184 5121 ipsum
1215 5067 1336 5107 esse
1366 5055 1459 5121 qui
1496 5053 1819 5124 Dyrrhachii
1856 5054 1996 5111 foret

426 5144 481 5197 in
513 5142 784 5212 praesidio,
821 5159 923 5198 nec
959 5144 1029 5197 ita
1088 5145 1299 5213 pridem
1349 5144 1416 5198 ad
1466 5147 1851 5214 imperatorem
1900 5164 1996 5203 vc-

424 5234 597 5289 nisset
628 5243 686 5287 ut
720 5244 996 5289 menstrua
1040 5235 1315 5303 congiaria
1364 5235 1831 5291 commilitonibus
1882 5237 1996 5293 suis

426 5328 766 5399 impetraret,
800 5327 1000 5397 illaque
1033 5326 1101 5381 de
1125 5342 1286 5382 causa
1340 5328 1579 5397 graviter
1633 5329 1899 5398 vapulans
1928 5340 1998 5385 eo

426 5434 680 5475 reversus
706 5419 900 5476 luisset
948 5418 1093 5475 unde
1118 5428 1360 5484 venerat,
1380 5420 1532 5491 justo
1566 5419 1657 5475 Dei
1684 5435 1742 5475 se
1788 5421 1997 5491 judicio

426 5520 614 5579 pmnas
658 5510 924 5566 luiturum
956 5511 1196 5581 agnovit,
1249 5510 1342 5579 qui
1396 5527 1425 5564 a
1464 5510 1691 5585 Domino
1739 5511 1831 5563 tali
1879 5511 1996 5565 viro

427 5602 757 5657 traderetur.
821 5602 1006 5673 Itaque
1067 5602 1326 5658 continuo
1363 5598 1725 5671 Philippicum
1779 5615 1875 5670 per
1908 5617 1995 5658 ae-

2172 2691 2340 2761 υῦτος
2377 2699 2405 2751 6
2436 2698 2738 2769 Μαυρίκιος
2773 2700 3052 2765 διετάξατο
3083 2699 3181 2771 τὴν
3206 2700 3670 2772 -Βλαχερνίτισσαν

2103 2790 2403 2843 λιτανεύειν
2436 2792 2577 2843 κατὰ
2612 2792 2976 2862 Παρασκευὴν
3010 2793 3102 2845 καὶ
3136 2794 3214 2855 εἰς
3244 2794 3314 2847 τά
3347 2792 3671 2866 Χαλκοπραο

2103 2886 2224 2937 τεῖα
2261 2883 2542 2953 ἔρχεσθαι.
2577 2884 2637 2937 ’0
2670 2885 2765 2937 τοῦ
2805 2886 3116 2955 Μαυρικίου
3158 2888 3460 2958 στρατηγὸς
3498 2887 3671 2958 nupta

2103 2975 2244 3028 δωκε
2274 2976 2333 3027 τὸ
2365 2974 2669 3045 Ῥωμαϊκὸν
2699 2978 2967 3045 φοσσάτον
2994 2978 3107 3042 τοῖς
3138 2978 3432 3051 βαρσάροις
3459 2979 3547 3033 διά
3571 2978 3668 3050 τὴν

2102 3067 2400 3136 ἁνταρσίαν
2430 3062 2592 3138 δῆθεν
2623 3069 2802 3121 αὐτῶν
2824 3109 2837 3130 ,
2869 3068 3001 3121 ὡσεὶ
3033 3070 3277 3139 χιλιάδας
3312 3070 3379 3140 ιβ’
3401 3087 3415 3101 ·
3452 3073 3546 3125 καὶ
3575 3070 3671 3140 ζη-

2100 3157 2280 3227 τηθεὶς
2313 3159 2340 3210 ό
2370 3158 2677 3228 Μαυρίκιος
2711 3159 2850 3229 ὑπὲρ
2883 3161 3013 3228 μιᾶς
3043 3161 3280 3230 ἑκάστης
3309 3161 3486 3231 ψυχῆς
3519 3164 3670 3232 παρὰ

2101 3249 2357 3319 Χαγάνου
2386 3250 2480 3304 τοῦ
2509 3250 2617 3305 τῶν
2647 3251 2993 3322 προσακτίων
3023 3251 3539 3323 Σκυθῶνβασιλέως
3566 3255 3668 3309 ἀνὰ

2102 3342 2437 3412 νομίσματος
2463 3342 2524 3396 τὸ
2554 3342 2752 3412 ἦμισυ,
2782 3344 2965 3396 δοῦναι
2994 3345 3094 3397 οὐκ
3120 3345 3367 3413 ἐπείσθη,
3402 3346 3497 3397 καὶ
3525 3345 3667 3397 οὓτω

2102 3433 2301 3494 πάντες
2326 3431 2431 3485 ὑπὸ
2452 3432 2558 3485 τῶν
2584 3432 2875 3502 βαρϐάρων
2897 3435 3335 3503 ἀπεκτάνθησαν.
3365 3436 3479 3504 Ἐφ’
3497 3429 3541 3502 ᾧ
3560 3435 3667 3487 τῶν

2101 3522 2241 3575 κατὰ.
2264 3522 2465 3586 τόπους
2494 3520 2745 3592 μοναχῶν
2768 3525 2795 3575 6
2824 3521 3077 3591 βασιλεὺς
3106 3524 3279 3577 ἐδέετο
3301 3525 3388 3578 διὰ
3410 3525 3471 3580 τὸ
3494 3527 3670 3596 ἀμάρο

2101 3632 2270 3686 τημα.
2300 3616 2569 3670 Κάκεῖθεν
2591 3612 2684 3670 οὖν
2711 3616 2952 3679 ἐλθόντος
2976 3616 3071 3668 τοῦ
3099 3617 3507 3687 Μαγιστριανοῦ
3535 3617 3671 3687 lua-

2101 3706 2191 3761 θεν
2223 3710 2304 3760 ὅτι
2339 3709 2372 3777 ἠ
2414 3707 2512 3778 μὲν
2542 3706 2689 3778 ψυχὴ
2727 3708 2891 3761 αὐτοῦ
2931 3704 3195 3772 σώζεται,
3236 3710 3373 3777 μετὰ
3409 3710 3571 3761 πόνου
3610 3708 3668 3761 δι
3742 3736 3749 3741 -

2100 3800 2193 3854 καὶ
2228 3799 2457 3868 θλίψεως
2491 3800 2589 3869 τῆς
2624 3798 2900 3869 βασιλείας
2935 3800 3212 3854 ἐκπίπτει.
3244 3803 3317 3854 Οὐ
3354 3801 3488 3854 πολὺ
3518 3802 3579 3853 τὸ
3609 3802 3666 3854 ἑν

2102 3892 2282 3960 μέσῳ,
2320 3891 2413 3945 καὶ
2446 3890 2579 3961 ὄναρ
2613 3891 2715 3961 δρᾷ
2748 3891 2951 3960 φρίκης
2987 3891 3203 3960 μεστόν.
3239 3893 3409 3945 Αὑτὸν
3440 3892 3542 3962 δρᾷ
3576 3892 3667 3944 τὸν

2101 3980 2305 4051 Κύριον
2348 3982 2439 4033 ἐπὶ
2486 3980 2675 4051 θρόνου
2726 3980 3057 4051 καθήμενον,
3108 3983 3203 4034 καὶ
3251 3981 3392 4035 οὕτω
3442 3982 3667 4050 λέγοντα

2098 4073 2235 4142 πρὸς
2265 4072 2447 4126 αὐτόν·
2486 4089 2504 4124 ι
2540 4072 2647 4125 Ποῦ
2678 4071 2851 4137 θέλεις
2877 4074 3280 4144 τιμωρηθῆναι,
3305 4070 3406 4131 ἅδε
3430 4074 3467 4146 ἦ
3485 4077 3663 4141 ὲκείςι

2098 4162 2211 4215 Καὶ
2240 4160 2299 4224 ὃς
2324 4201 2339 4224 ,
2369 4154 2523 4214 «Ὧδε
2545 4160 2805 4234 βούλομαι
2836 4164 3256 4233 τιμωρηθῆναι»
3283 4162 3452 4217 εἰπὼν
3483 4164 3669 4218 ἀκούει

2095 4251 2421 4318 τηνικαῦτα,
2468 4252 2777 4321 ιῐιαρὰδοτε
2820 4253 2983 4306 αὐτὸν
3017 4256 3181 4326 Φωκᾷ
3213 4255 3292 4325 τῷ
3327 4257 3595 4325 τυράννῳ.
3642 4277 3661 4309 ι

2027 4356 2069 4409 ο
2101 4342 2208 4392 Καὶ
2236 4343 2264 4394 6
2292 4338 2597 4413 Μαυρίκιος
2623 4344 3012 4411 άςρυπνισθεὶς,
3044 4346 3140 4400 καὶ⁵
3171 4346 3359 4416 μαθὼν
3390 4342 3528 4402 εἶναι
3554 4350 3670 4401 Φω-

2104 4431 2209 4482 κᾶν
2238 4430 2329 4482 τὶν
2360 4432 2416 4482 ὲν
2447 4431 2736 4501 Δυρραχίῳ
2772 4432 3117 4500 φυλάσσοντα
3139 4475 3153 4498 ,
3186 4435 3406 4489 ἐλθόντα
3441 4438 3497 4491 δὲ
3532 4440 3666 4508 πρὸς

2099 4521 2262 4573 αὑτὸν
2291 4521 2381 4573 τὸν
2414 4521 2636 4590 βασιλέα
2672 4525 2831 4593 χάριν
2858 4523 2953 4578 τοῦ
2988 4524 3174 4580 λαϐεῖν
3201 4528 3268 4578 τὰ
3307 4532 3666 4599 μηναιορόγια

2097 4610 2206 4664 τῶν
2245 4608 2663 4682 συστρατιωτῶν
2701 4614 2864 4666 αὑτοῦ
2906 4617 2999 4668 καὶ
3035 4617 3307 4685 τυφθέντα
3344 4618 3531 4682 δεινῶς
3574 4622 3667 4673 καὶ

2098 4699 2271 4763 οὕτως
2310 4701 2433 4754 ὅθεν
2469 4697 2632 4771 ἦλθεν
2672 4703 3106 4774 ὑποστρέψαντα,
3144 4702 3303 4770 ἀξίαν
3339 4707 3480 4775 ἔγνω
3519 4727 3667 4779 τηνι-

2099 4793 2275 4847 καῦτα
2303 4794 2402 4864 τὴν
2441 4795 2600 4865 δίκην
2638 4794 2853 4861 δοῦναι,
2893 4798 2945 4850 εἰ
2972 4813 3034 4865 γε
3064 4800 3290 4868 τοιούτῳ
3319 4799 3422 4851 ὑπὸ
3462 4801 3663 4871 Κυρίου

2101 4885 2371 4955 παρεδόθη
2402 4884 2575 4955 ἀνδρί.
2614 4885 2739 4939 Ἐπὶ
2768 4886 2980 4949 τούτοις
3008 4884 3101 4940 οὖν
3135 4890 3550 4956 μεταστέλλεται
3580 4890 3665 4941 διὰ

2100 4969 2190 5023 τοῦ
2238 4974 2738 5044 παρακοιμωμένου
2782 4974 2874 5025 τὸν
2915 4972 3240 5027 Φιλιππικόν
3265 4992 3279 5005 ·
3318 4974 3517 5045 ἔφθασε
3559 4980 3665 5049 γὰρ

2100 5057 2310 5113 πολλῶν
2335 5060 2495 5113 αὑτὸν
2519 5060 2751 5127 ἀξιῶσαι
2779 5060 2988 5116 δεινῶν.
3019 5062 3450 5135 ιὐναικάδελφος
3479 5062 3549 5137 ἦν
3573 5068 3662 5120 τοῦ

2098 5150 2408 5221 Μαυρικίου
2444 5152 2473 5204 6
2509 5151 2837 5215 Φιλιππικδς
2875 5146 3030 5211 οὗτος
3063 5155 3146 5216 είς
3184 5155 3539 5225 ἐκστρατείαν
3574 5161 3665 5212 ἐκ.

2102 5244 2411 5312 πεμφθεὶς,
2458 5246 2554 5296 καὶ
2594 5244 2820 5314 νικητής
2868 5246 3239 5313 ὲπαναζεύξας
3289 5250 3481 5319 φθόνου
3528 5268 3663 5321 πυρ-

2103 5334 2263 5385 καϊάν
2299 5335 2487 5402 ἤγειρε
2528 5333 2652 5386 καθ’
2678 5334 2892 5399 ἑαυτοῦ,
2931 5335 2984 5388 el
3016 5353 3076 5404 γε
3104 5338 3196 5390 καὶ
3227 5339 3428 5407 μᾶλλον
3463 5340 3661 5410 ἔφθασε

2102 5424 2292 5494 μαθεῖν
2319 5427 2347 5477 ὁ
2376 5425 2679 5494 Μαυρίκιος
2707 5426 2790 5478 δτι
2820 5426 3115 5494 διαδέξεταί
3144 5447 3224 5493 τις
3250 5433 3412 5485 αὐτὸν
3439 5434 3576 5504 ἔχων
3603 5437 3662 5489 rb

2097 5516 2143 5566 Φ
2167 5518 2426 5584 στοιχεῖον
2452 5520 2511 5569 ιν
2537 5519 2677 5589 ἀρχῇ
2704 5518 2803 5587 τῆς
2832 5519 2997 5572 αὐτοῦ
3025 5521 3288 5592 κλήσεως,
3314 5525 3388 5587 ὡς
3415 5526 3663 5579 ἐντεῦθεν

2099 5608 2274 5663 εἰπεῖν
2300 5611 2389 5663 τὸν
2417 5611 2756 5682 Μαυρίκιον,
2784 5612 2853 5675 ὥς
2890 5629 3053 5681 φασι,
3086 5618 3225 5685 μετὰ
3248 5616 3308 5670 τὸ
3336 5618 3549 5687 ὅραμα,
3580 5622 3659 5673 ὃτί
