4154 6200
382 294 487 361 512

1613 285 2014 348 ANNAIJUM
2057 283 2248 344 PARS
2289 281 2384 340 IV.

3523 276 3552 335 5
3566 273 3583 344 Ῑ,
3593 274 3626 334 4

378 414 474 466 καὶ
496 410 586 463 τὸν
607 403 934 461 Φιλιππικὸν
959 401 1382 472 ἀπεκτείναμεν,
1409 404 1501 456 καί
1523 400 1614 454 τὸν
1635 401 1766 454 Θεὸν
1787 401 1829 452 Φ
1852 401 1950 454 οὐκ

2074 398 2361 451 :ubitorem
2395 406 2553 448 suum
2597 388 2847 450 arcessit,
2881 400 3043 456 quem
3086 396 3241 443 antea
3274 383 3512 456 graviter
3543 389 3634 442 l:e~

380 503 583 572 ελειψε.
615 496 1130 566 Μεταστελλόμενος
1161 489 1253 547 οὖν
1284 494 1312 547 6
1343 490 1668 554 Φιλιππικδς
1697 490 1953 544 τοσοῦτον

380 592 620 661 ἐπτοήθη
652 589 794 643 ὥστε
824 587 920 640 καὶ
947 584 1233 647 κοινωνίας
1265 583 1560 654 μετασχεῖν
1587 581 1680 633 καὶ
1707 581 1836 643 τοὺς
1863 577 1956 632 ὑπ’

383 684 544 739 αὐτὸν
583 681 679 735 ἐπὶ
727 679 922 733 σποδοῦ
965 677 1059 730 καὶ
1103 676 1306 729 σάκκου
1348 673 1689 744 καθημένους
1734 672 1962 725 καταλι-

385 776 528 828 πεῖν.
562 771 1013 824 Καταλλάσσεται
1043 762 1136 820 οὖν
1163 769 1192 820 6
1220 763 1472 836 βασιλεὺς
1500 763 1650 834 αὑτῷ
1668 805 1683 829 ,
1711 765 1807 818 καὶ
1835 781 1962 831 συγ-

383 861 610 932 γνώμην
626 857 711 927 ὲφ⁹
729 855 808 920 οἷς
831 857 1111 909 ἐκάκωσεν
1127 855 1291 906 αὐτὸν
1308 851 1533 916 ἐξαιτεῖ.
1553 845 1771 902 Τούτων
1787 843 1959 910 οὕτως

388 952 622 1024 ἑχόντων
643 949 1000 1018 ἐπανέρχεται
1023 945 1129 1000 ἀπὸ
1151 945 1244 998 τοῦ
1267 944 1571 1015 Δυρραχίου
1595 943 1622 996 6
1648 939 1962 1010 διαληφθεὶς

387 1045 601 1108 Φωκεῖς,
640 1045 737 1097 καὶ
772 1041 880 1095 τῶν
915 1037 1149 1094 πολιτῶν
1187 1039 1245 1091 ὲν
1276 1037 1354 1107 τῷ
1387 1035 1630 1106 Ἑϐδόμῳ
1671 1033 1964 1103 συναχθέν-

390 1153 497 1189 των
523 1133 778 1205 βασιλεὺς
809 1128 1226 1200 ἀναγορεύεται.
1256 1129 1468 1195 Κρατεῖ
1493 1121 1585 1177 οὖν
1610 1125 1638 1176 ὁ
1665 1123 1964 1176 Καππαδό-

388 1243 489 1294 κης
524 1217 677 1286 οὗτος
711 1223 904 1285 Φωκᾶς
943 1223 1037 1290 ἐτη
1071 1227 1142 1290 η’.
1170 1219 1325 1273 Μετὰ
1358 1217 1415 1270 δὲ
1443 1215 1613 1269 ταῦτα
1643 1214 1749 1267 τῶν
1776 1213 1964 1284 δήμων
2013 1279 2016 1284 _

389 1313 799 1369 στασιασάντων
829 1313 926 1365 καὶ
954 1312 1225 1378 λεγόντων
1252 1310 1334 1363 ὅτι
1361 1305 1671 1376 Μαυρίκιος
1699 1306 1798 1358 οὐκ
1829 1304 1966 1357 3mi-

390 1402 571 1467 θανεν,
601 1401 694 1452 ἐπὶ
719 1401 809 1452 τὸν
834 1395 999 1451 αὑτοῦ
1030 1397 1186 1464 φόνον
1215 1397 1242 1448 6
1266 1395 1457 1457 Φωκὶς
1483 1394 1737 1446 κινεῖται.
1766 1389 1876 1444 Καὶ
1902 1389 1965 1458 δὴ

387 1495 447 1544 ὲν
481 1492 559 1562 τῷ
600 1490 694 1543 τοῦ
738 1488 1039 1558 Εὖτροπίου
1082 1487 1263 1555 λιμένι
1305 1485 1496 1555 πρῶτα
1542 1482 1643 1552 μὲν
1667 1481 1968 1551 ’ἀναιροῦσι

391 1581 517 1642 τοὺς
545 1584 586 1630 ε’
607 1577 804 1637 παῖδας
831 1572 1021 1640 αὑτοῦ,
1052 1574 1217 1644 μηδὲν
1243 1571 1370 1626 ἄλλο
1393 1569 1696 1642 τηνικαῦτα
1720 1569 1969 1636 λέγοντος

403 1675 437 1746 ἢ
474 1673 634 1728 τοῦτο
682 1693 699 1724 ι
748 1672 963 1732 Δίκαιος
1005 1667 1073 1735 εἴ,
1117 1668 1308 1738 Κύριε,
1349 1666 1444 1718 καὶ
1488 1664 1673 1718 δικαία
1714 1664 1747 1733 ἡ
1788 1663 1970 1731 κρίσις

2060 497 2226 543 serat.
2255 487 2320 540 Et
2338 484 2525 540 uxoris
2548 483 2793 537 Mauricii
2816 481 2983 537 frater
3003 491 3123 536 erat
3147 481 3235 534 hic
3261 478 3628 549 Pltiiippit‘tts,

2059 580 2154 650 qui
2180 579 2442 634 adversus
2478 577 2665 631 hostes
2696 590 2819 630 cum
2855 575 3028 644 copiis
3058 575 3359 642 ablegatus,
3396 573 3487 626 ubi
3547 570 3628 624 vi-

2061 671 2232 726 ctoria
2255 670 2460 740 potitus
2488 669 2822 730 revertisset,
2877 676 3066 719 contra
3099 680 3154 719 sc
3187 663 3455 716 ﬂammam
3489 662 3636 716 iuvi—

2062 761 2167 816 dixe
2193 762 2580 815 concitaverat.
2614 755 2883 813 Praeterea
2915 755 3168 825 quiddam
3206 753 3352 809 aliud
3385 763 3626 808 anteces-

2063 859 2228 906 serat.
2265 843 2398 904 Nam
2434 850 2677 903 futurum
2737 847 3026 901 Mauricius
3081 847 3426 900 intellexerat
3473 851 3532 897 ut
3582 843 3637 896 iu

2064 941 2298 1012 imperio
2351 941 2572 1010 quidam
2622 940 2669 993 ci
2727 938 3045 994 succederet
3078 939 3232 1007 cujus
3273 953 3472 992 nomen
3527 937 3642 1005 pri-

2065 1045 2208 1085 mam
2242 1033 2285 1083 Φ
2322 1031 2560 1084 litteram
2610 1029 2858 1082 haberet.
2917 1027 3128 1081 Idcirco
3165 1036 3281 1095 post
3320 1026 3453 1080 illud
3497 1041 3644 1080 som-

2067 1122 2218 1176 nium
2273 1120 2419 1189 quod
2473 1119 2844 1181 narravimus,
2887 1116 3089 1171 dixisse
3143 1115 3543 1185 perhibeturn
3585 1115 3642 1169 Si

2078 1212 2313 1265 maxime
2354 1207 2720 1278 Philippicum
2778 1211 3206 1270 occidissemus,
3261 1207 3403 1260 Deus
3465 1213 3644 1260 tamen

2068 1302 2175 1356 alio
2203 1303 2244 1354 Φ
2277 1318 2386 1356 non
2415 1301 2703 1356 caruisset.
2743 1319 2762 1354 ›
2799 1301 3162 1366 Quamobrem
3192 1297 3280 1351 tibi
3311 1297 3648 1366 Philippicus

2069 1389 2480 1453 arcessebatur,
2513 1398 2664 1444 tanto
2717 1400 2924 1443 terrore
2981 1387 3270 1457 perculsus
3289 1395 3374 1441 est
3405 1397 3466 1440 ut
3496 1400 3648 1440 sacra

2071 1482 2317 1553 symbola
2346 1483 2650 1551 perciperet
2706 1498 2768 1538 ac
2799 1497 2928 1535 suos
2961 1482 3134 1537 saccis
3174 1480 3396 1535 indutos
3438 1479 3648 1533 cinere-

2072 1590 2177 1645 que
2205 1589 2532 1643 conspersos
2557 1575 2917 1642 relinqueret.
2953 1573 3151 1627 Verum
3194 1572 3490 1640 imperator
3522 1583 3645 1622 cum

2075 1683 2140 1722 eo
2165 1665 2327 1722 rediit
2355 1667 2407 1720 in
2447 1667 2700 1736 gratiam,
2727 1666 2940 1737 sibique
2967 1664 3265 1720 condonari
3297 1663 3453 1733 petiit
3501 1663 3645 1728 quod

397 1783 489 1821 σου
509 1805 526 1832 ,
565 1785 584 1816 ι
616 1764 926 1818 τελευταῖον
954 1763 1010 1814 δὲ
1043 1761 1137 1814 καὶ
1167 1761 1330 1813 αὐτὸν
1360 1757 1672 1828 ἀναιροῦσι.
1703 1755 1814 1826 Τὴν
1845 1755 1972 1823 μέν·

2077 1773 2201 1812 eum
2261 1765 2367 1811 tam
2408 1757 2631 1826 indigne
2667 1765 2975 1810 tractasset.
3021 1755 3182 1824 275
3215 1755 3272 1807 1η
3319 1754 3422 1806 hoc
3463 1763 3646 1804 rerum

387 1874 472 1911 τοι
496 1857 733 1928 γυναῖκα
763 1853 928 1908 αὐτοῦ
965 1853 1060 1904 σὺν
1085 1854 1205 1913 ταῖς
1235 1849 1574 1918 θυγατράσιν
1605 1848 1661 1899 ὲν
1695 1862 1961 1914 μοναστη-

392 1931 854 2022 ρίῳκατακλείει.
887 1945 1270 2013 Καλλιγράφος
1296 1940 1390 1996 οὖν
1418 1942 1526 1996 ἀπὸ
1556 1940 1876 2010 παννυχίδος
1905 1940 1963 1990 ὲν

404 2039 784 2110 Ἀλεξανδρεία
818 2039 1180 2109 στρεφόμενος
1211 2036 1452 2104 ἑσπέρας
1483 2035 1604 2088 καθ’
1630 2035 1695 2105 ἣν
1723 2033 1963 2106 ἀνῃρέθη

391 2131 721 2200 Μαυρίκιος,
763 2129 962 2199 1ἤκουσε
1000 2128 1124 2188 τοὺς
1163 2126 1488 2196 ἀνδριάντας
1525 2125 1588 2177 ὲκ
1622 2123 1729 2176 τῶν
1766 2122 1966 2192 βωμῶν

387 2221 646 2288 λέγοντας
676 2219 776 2288 τὴν
805 2219 1013 2271 ἐκείνου
1041 2219 1324 2286 ἀναίρεσιν
1348 2256 1362 2280 ,
1394 2216 1490 2269 καὶ
1519 2215 1968 2286 σημειωσάμενος

391 2312 480 2363 τδν
507 2311 700 2380 καιρὸν
727 2312 970 2380 εὑρίσκει
995 2309 1052 2362 τὸ
1081 2310 1313 2378 πρᾶγμα
1344 2307 1516 2372 οὕτως
1548 2308 1692 2377 ἕχον.
1721 2308 1801 2360 Τὰ
1830 2306 1972 2358 αὐτὰ

391 2403 447 2454 δὲ
489 2405 582 2455 καὶ
625 2404 716 2455 ἐπὶ
750 2403 861 2464 τοῖς
898 2401 1106 2463 λοιποῖς
1147 2398 1310 2452 αὐτοῦ
1350 2399 1674 2466 συγγενέσιν
1707 2399 1734 2450 6
1777 2398 1971 2458 Φωκᾶς

393 2495 741 2565 διεπράξατο.

2069 1859 2212 1904 s'atu
2231 1849 2461 1912 Phocas,
2480 1850 2546 1905 de
2571 1865 2678 1919 quo
2698 1847 3308 1918 diximus,_D;.-rrhachio
3331 1857 3388 1898 re
3425 1843 3646 1900 ertitur,

2071 1955 2305 2010 cumque
2355 1940 2504 1994 cives
2537 1941 2592 1994 in
2649 1941 2932 1995 Hebdomo
2972 1940 3290 2002 coivissent,
3349 1938 3647 2004 imperator

2072 2031 2448 2085 renuntiatur.
2482 2031 2747 2101 Regnavit
2792 2044 2972 2086 autem
3007 2019 3214 2086 Phocus
3266 2032 3376 2093 hic,
3427 2029 3649 2081 natione

2078 2124 2394 2193 Cappadox,
2421 2109 2606 2178 annos.
2624 2135 2767 2179 octo.
2800 2125 3046 2193 Cumque
3067 2125 3167 2178 sub
3204 2123 3378 2190 ipsmn
3430 2120 3647 2172 initium

2075 2213 2292 2284 imperii
2349 2215 2615 2270 factiones
2659 2217 2843 2286 populi
2895 2218 3136 2288 graviter
3181 2214 3649 2270 tumulturrcntur

2077 2309 2508 2379 Mauriciumque
2542 2311 2775 2364 necdum
2806 2327 2835 2364 e
2872 2311 3010 2364 vivis
3057 2310 3360 2364 excessisse
3405 2305 3650 2360 clamita-

2075 2407 2217 2462 rent,
2248 2399 2349 2453 hac
2378 2401 2491 2469 ipsa
2525 2417 2658 2456 voce
2695 2400 2901 2456 Phocas
2930 2401 2994 2454 ad
3029 2402 3146 2471 ejus
3168 2415 3355 2454 necem
3382 2398 3650 2450 rx‘cita'tts

2075 2502 2178 2546 cst.
2217 2491 2565 2563 Quapropter
2596 2491 2832 2563 ablegati
2896 2493 3117 2562 quidam
3169 2494 3292 2560 ejus
3354 2491 3429 2542 rei
3486 2490 3649 2558 perii-

391 2587 602 2642 cienda:
635 2601 800 2641 causa
847 2584 1080 2656 primum
1119 2585 1171 2638 in
1235 2594 1395 2654 portu
1449 2583 1694 2652 Eutropo
1759 2584 2002 2653 quinque
2044 2584 2185 2640 filios
2248 2586 2369 2657 ejus
2394 2587 2690 2653 trucidant,
2719 2585 2853 2640 nihil
2880 2597 2990 2640 tum
3021 2587 3165 2640 aliud
3188 2588 3456 2654 prolrwut:
3486 2603 3647 2654 quam

395 2679 508 2733 haec
533 2678 732 2733 verba:
770 2695 789 2729 ι
830 2679 1018 2734 Justus
1037 2693 1116 2742 es,
1139 2676 1384 2739 Domine,
1414 2692 1477 2730 ac
1500 2675 1772 2746 judicium
1808 2686 1961 2730 tuum
1999 2679 2207 2747 justum
2233 2689 2336 2733 est.
2370 2698 2388 2731 ι
2455 2680 2770 2735 Postremus
2808 2688 2990 2733 autem
3036 2679 3150 2749 ipse
3194 2690 3438 2733 netatur.
3505 2680 3650 2736 Uxor

393 2789 518 2830 cum
553 2774 768 2828 filiabus
799 2774 852 2827 in
914 2772 1311 2827 monasterium
1366 2772 1547 2826 Phoca
1599 2773 1826 2842 jubeute
1853 2774 2224 2830 concluditur.
2258 2775 2476 2830 Accidit
2520 2777 2710 2832 eodem
2762 2789 3004 2847 tempore
3059 2788 3118 2832 ut
3169 2777 3389 2848 quidam
3446 2781 3650 2848 peritus

393 2869 662 2940 elegantis
683 2884 747 2923 ac
799 2884 950 2939 purae
995 2869 1264 2923 librorum
1330 2865 1740 2935 descriptionis,
1785 2877 2001 2922 noctem
2043 2868 2097 2922 in
2170 2870 2468 2940 pervigiliis
2498 2885 2685 2939 agens,
2719 2871 2912 2925 eodem
2954 2888 3178 2942 vespere
3210 2889 3319 2943 quo
3352 2871 3650 2928 Mauricius

392 2971 478 3016 est
543 2960 884 3026 interfectus,
931 2969 1143 3015 statuas
1213 2958 1269 3012 in
1353 2958 1465 3011 aris
1521 2957 1727 3012 caedem
1805 2959 1953 3014 illius
2023 2963 2340 3017 nuntiantes
2412 2963 2651 3019 audiret.
2709 2963 3056 3034 QuaprOpter
3101 2962 3204 3018 hoc
3251 2976 3498 3033 teniporc
3550 2983 3652 3020 no-

393 3067 508 3114 tato
547 3071 664 3112 rem
697 3057 770 3110 ita
796 3067 1001 3128 gestam
1027 3055 1290 3124 deinceps
1327 3053 1620 3110 intellexit.
1653 3055 1926 3126 Cognatos
1951 3056 2116 3111 etiam
2155 3056 2402 3112 Mauricii
2447 3058 2656 3114 Phocas
2697 3058 2886 3114 eodem
2929 3060 3091 3113 modo
3150 3073 3260 3129 quo
3319 3059 3498 3128 ipsum
3539 3071 3647 3116 tra-

396 3151 586 3208 ctavit.

466 3243 600 3299 Τότε
635 3242 816 3296 τοίνυν
849 3237 1091 3308 Χοσρόης
1129 3237 1156 3290 6
1192 3234 1420 3307 Περσῶν
1455 3235 1709 3306 βασιλεὺς
1743 3234 1968 3305 ὥρμησε

2149 3241 2254 3296 Sed
2277 3243 2421 3296 enim
2461 3241 2724 3296 continuo
2751 3252 2862 3296 tum
2898 3243 3170 3300 Chosroes
3202 3245 3492 3300 Persarum
3529 3263 3644 3307 rex.

393 3337 535 3391 κατὰ
561 3334 869 3402 Ῥωμαίων,
896 3334 1094 3400 ὁμοίως
1125 3331 1221 3382 καὶ
1241 3328 1502 3398 Ἀὅαρε;,
1530 3327 1622 3381 διὰ
1645 3328 1706 3381 τὸ
1733 3328 1818 3380 τὸν
1851 3327 1974 3382 ἀνό-

396 3447 508 3482 σιον
551 3429 847 3497 προκρῖναι
885 3423 977 3476 τοῦ
1023 3422 1251 3490 ἐννόμου
1298 3421 1586 3488 βασιλέως.
1618 3420 1740 3474 Ἔτι
1781 3421 1836 3474 δὲ
1879 3424 1974 3474 καὶ

397 3521 584 3589 Θνῆσις
633 3515 941 3586 ἀνθρώπων
982 3515 1076 3567 καὶ
1125 3512 1338 3582 κτηνῶν
1382 3513 1576 3580 γέγονε
1627 3515 1722 3566 καὶ
1772 3513 1974 3581 ἀφορία

396 3616 497 3684 γῆς
525 3613 619 3665 καὶ
647 3609 852 3680 χειμὼν
885 3606 1211 3677 βαρύτατος,
1245 3606 1318 3667 ὡς
1353 3605 1442 3658 καὶ
1476 3605 1722 3673 παγῆναι
1754 3605 1850 3676 τὴν
1883 3607 1976 3660 θά-

395 3704 604 3759 λασσαν
644 3703 740 3756 καὶ
782 3700 1010 3764 πολλοὺς
1055 3699 1245 3770 ἰχθύας
1287 3698 1563 3753 τεθνάναι.
1607 3697 1744 3751 Τότε
1785 3698 1875 3751 καὶ
1917 3699 1975 3750 ὲν

397 3797 581 3867 ἡμέρᾳ
621 3794 716 3849 τοῦ
760 3791 985 3846 ἱππικοῦ
1030 3791 1346 3860 ἀτακτήσας
1392 3787 1623 3858 ὑϐρίσθη
1669 3788 1822 3857 παρὰ
1865 3789 1974 3841 τῶν

395 3887 682 3957 δημοτῶν,
720 3871 1010 3952 λεγόντων,
1053 3899 1071 3932 ι
1103 3879 1268 3934 Πάλιν
1303 3879 1384 3940 είς
1418 3879 1507 3932 τὸν
1542 3878 1749 3932 καῦκον
1783 3880 1970 3945 ἔπιες,
2002 3877 2008 3883 ’

397 3979 558 4031 πάλιν
587 3979 678 4028 τὸν
709 3973 835 4026 νοῦν
865 3972 1186 4035 ἀπώλεσας,
1229 3988 1248 4021 ι
1286 3968 1372 4037 ἐφ’
1397 3962 1441 4036 ᾧ
1471 3971 1564 4021 καὶ
1595 3969 1824 4032 πολλοὺς
1854 3969 1978 4021 ἐθα-

397 4071 629 4122 νάτωσε.
659 4067 958 4126 Βλέποντες
989 4062 1080 4115 οὖν
1110 4062 1160 4113 οἱ
1190 4062 1248 4114 ὲν
1275 4061 1418 4113 τέλει
1444 4058 1505 4112 τὸ
1531 4060 1641 4112 τῶν
1669 4059 1974 4130 ἀνθρώπων

396 4162 600 4226 πλῆθος
636 4158 809 4211 πολλὰ
843 4157 1058 4227 πάσχον
1091 4153 1262 4218 κακὰ,
1309 4153 1681 4222 δημευόμενον
1706 4189 1722 4216 ,
1752 4152 1853 4214 τὰς
1889 4168 1976 4204 κε-

399 4251 575 4320 φαλὰς
607 4247 1036 4318 ἀφαιρούμενον,
1067 4244 1339 4314 γράφουσι
1372 4243 1508 4312 πρὸς
1536 4242 1625 4294 τὸν
1653 4241 1754 4311 τῆς
1790 4241 1977 4310 Ἀφρι-

397 4344 501 4414 κῆς
540 4341 847 4412 στρατηγὸν
893 4337 1246 4408 Ἡράκλειον,
1281 4338 1372 4389 καὶ
1406 4334 1465 4396 ὃς
1501 4333 1700 4388 αὐτίκα
1735 4333 1976 4402 κινηθεὶς

400 4431 589 4484 στόλον
617 4427 898 4499 ἐτοιμάζει
925 4427 1020 4478 καὶ
1045 4428 1186 4478 κατὰ
1210 4423 1304 4476 τοῦ
1331 4424 1495 4475 Φωκᾶ
1521 4422 1764 4493 ἔρχεται,
1795 4423 1977 4490 φέρων

403 4524 496 4576 καὶ
517 4523 619 4592 τὴν
641 4518 1061 4590 ἀχειροποίητον
1085 4517 1269 4569 εἰκόνα
1289 4513 1383 4566 τοῦ
1407 4514 1664 4583 Χριστοῦ.
1686 4515 1799 4582 Ἐφ’
1817 4507 1859 4580 ᾧ
1883 4515 1978 4566 καὶ

2078 3341 2190 3385 tum
2242 3333 2446 3389 Avares
2502 3333 2764 3389 Romanis
2818 3334 3018 3389 bellum
3072 3337 3306 3392 intulere
3333 3348 3647 3406 propterea.

2075 3422 2222 3490 quod
2248 3423 2471 3492 impium
2506 3425 2785 3478 hominem
2822 3425 3063 3493 legitimo
3099 3428 3417 3496 imperatori
3445 3437 3648 3498 prmtu-

2075 3514 2288 3570 lisscnt.
2324 3517 2593 3571 Praeterea
2641 3517 2810 3587 pestis
2838 3518 3089 3572 homines
3119 3530 3282 3588 atque
3305 3521 3542 3588 pecudes
3563 3521 3647 3574 in-

2078 3609 2236 3671 vasit,
2255 3623 2486 3675 quacum
2506 3619 2562 3662 et
2596 3617 2752 3663 terra:
2771 3611 3026 3665 sterilitas
3051 3621 3105 3666 et
3123 3612 3298 3665 hiems
3317 3612 3454 3667 adeo
3472 3615 3652 3681 gravis

2074 3697 2363 3764 conjuncta
2385 3697 2506 3760 fuit,
2543 3707 2601 3750 ut
2625 3699 2804 3767 ipsum
2832 3717 2980 3755 mare
3025 3704 3341 3770 congelarrt
3381 3703 3650 3772 multique

2077 3790 2253 3856 pisces
2284 3803 2654 3844 morerentur.
2683 3792 2986 3861 Imperator
3027 3810 3151 3847 eum
3188 3811 3254 3849 eo
3287 3796 3374 3849 die
3401 3813 3509 3864 quo
3535 3797 3646 3849 ludi

2077 3887 2365 3948 equestres
2389 3881 2813 3950 peragebantur,
2853 3882 2905 3935 in
2933 3883 3148 3936 edendo
3170 3899 3233 3936 ac
3261 3884 3501 3938 bibendo
3535 3901 3651 3937 mo-

2081 3970 2208 4023 dum
2261 3971 2621 4036 excessisset,
2670 3987 2699 4025 a
2740 3972 2892 4039 plebe
2942 3988 3036 4039 per
3081 3972 3430 4040 ignominiam
3468 3976 3651 4026 verbis

2079 4061 2390 4130 hujusmodi
2431 4072 2686 4116 notatus:
2731 4081 2748 4111 ι
2784 4061 2999 4114 Rursus
3026 4077 3056 4115 e
3085 4077 3251 4115 rauco
3287 4063 3498 4128 bibisti,
3526 4081 3648 4116 rnr-

2077 4168 2169 4207 sus
2191 4162 2426 4206 mentem
2447 4151 2718 4207 amisisti?
2747 4172 2762 4204 ι
2805 4153 2874 4206 ob
2911 4153 2960 4207 id
2985 4153 3292 4207 convicium
3337 4156 3650 4223 compluris

2082 4251 2256 4296 morte
2319 4243 2591 4299 tuultavit.
2625 4243 2812 4312 Itaque
2843 4258 2966 4297 cum
2999 4245 3246 4297 viderent
3279 4259 3534 4313 proceres
3588 4261 3651 4299 ac
3683 4305 3688 4310 _

2081 4335 2426 4402 magistratus
2459 4332 2535 4386 rei
2593 4334 2824 4403 publica
2859 4348 3110 4404 magnam
3149 4335 3430 4388 hominum
3463 4338 3650 4390 lllllili-

2079 4423 2320 4477 tudinem
2364 4423 2550 4477 multis
2595 4425 2733 4479 afllei
2769 4427 2948 4489 malis,
3005 4425 3149 4480 bona
3203 4443 3299 4494 per
3323 4429 3650 4496 publicatio-

2079 4531 2204 4570 nem
2264 4515 2454 4580 adimi,
2499 4516 2678 4586 capita
2730 4517 2975 4586 pra‘cidi,
3022 4517 3087 4571 ad
3121 4518 3316 4574 Africa:
3362 4531 3648 4588 praetorem

403 4569 496 4576 ”’““
529 4569 610 4592 “Ἱ’
645 4569 790 4590 ⁷“Α”Ί“
813 4569 824 4571 ἡ
860 4569 920 4570 ““⁷
951 4569 962 4586 Ι
1459 4569 1471 4583 ι
1757 4569 1770 4582 ο
1832 4569 1844 4580 υ

401 4616 655 4683 νενίκηκε
679 4613 771 4665 τὸν
795 4611 1012 4663 Φωκᾶν.
1042 4609 1150 4660 Καὶ
1175 4607 1368 4659 τούτου
1398 4608 1684 4673 γεγονότος
1709 4606 1972 4668 Φωτεινός

2079 4605 2392 4659 lleraclium
2445 4607 2658 4661 litteras
2712 4608 2961 4674 mittunt,
3013 4607 3105 4676 qui
3161 4608 3412 4678 precibus
3459 4625 3648 4664 eorum

400 4725 482 4769 τις
517 4711 580 4758 ἐκ
612 4705 720 4757 τῶν
758 4702 1104 4770 μεγιστάνων
1141 4697 1654 4767 προεπισουλευοεὶς
1692 4697 1842 4764 παρὰ
1877 4695 1970 4748 τοῦ

401 4799 562 4850 Φωκᾶ
591 4797 670 4858 εἰς
704 4797 801 4866 τὴν
835 4793 1066 4858 σύζυγον
1098 4789 1261 4840 αὐτοῦ
1300 4789 1544 4857 εἰσῆλθεν
1577 4787 1774 4856 ἁθρόον
1803 4789 1882 4849 εἰς
1911 4785 1972 4838 τὸ

405 4889 687 4950 παλάτιον,
717 4886 810 4937 καὶ
835 4889 926 4936 τὸν
953 4882 1180 4949 βασιλέα
1203 4881 1394 4931 Φωκᾶν
1421 4879 1623 4945 μέλανα
1649 4879 1970 4946 χιτωνίσκον

403 4980 628 5040 evocant;
661 4978 858 5029 αὐτίκα.
886 4975 964 5043 τῷ
993 4971 1298 5040 Ἡρακλείῳ
1329 4971 1609 5040 προσάγει.
1642 4970 1750 5022 Καὶ
1777 4969 1834 5031 6;
1866 4971 1968 5037 ἔφη

407 5073 542 5141 πρὸς
562 5070 747 5122 αὐτόν·
782 5065 1018 5130 «Οὕτως,
1041 5062 1327 5133 ἄϋλιε,τὴν
1354 5060 1787 5131 πόλινδιῲκησας
1807 5077 1854 5123 ;ι
1887 5060 1979 5112 καὶ

404 5166 432 5213 ὁ
460 5165 675 5224 Φωκᾶς,
713 5161 817 5214 «Σὺ
856 5159 1076 5212 κάλλιον
1106 5156 1380 5223 διοικῆσαι
1409 5154 1571 5223 ἔχεις.
1614 5172 1632 5204 ι
1675 5150 1792 5218 Ἐφ’
1813 5145 1854 5218 ᾧ
1887 5153 1979 5204 καὶ

405 5259 588 5325 χεῖρας
635 5254 839 5314 εὐθέως
878 5251 1140 5319 τέμνεται
1182 5248 1276 5300 καὶ⁸
1320 5247 1518 5309 πόδας,
1563 5245 1623 5297 τὸ
1665 5245 1840 5314 δέρμα
1879 5244 1978 5310 τῆς

411 5345 644 5414 ῥάχεως,
671 5341 741 5392 τά
773 5339 971 5400 αἰδοῖα,
1002 5337 1096 5389 καὶ
1123 5334 1296 5402 κοντῷ
1323 5334 1645 5402 ἁναρτᾱται,
1673 5337 1766 5386 καὶ
1793 5331 1978 5384 τελευ-

406 5439 560 5506 ταῖον
592 5434 692 5503 τὴν
727 5431 972 5500 κεφαλὴν
1007 5430 1327 5498 ἀφαιρεῖται
1371 5425 1642 5495 μαχαίρᾳ.
1677 5423 1750 5476 Τδ
1794 5424 1978 5492 μέντοι

408 5528 573 5596 σῶμα
612 5523 780 5578 αὐτοῦ
829 5524 1130 5592 συρόμενον
1165 5520 1306 5572 κατὰ
1340 5517 1438 5587 τὴν
1474 5517 1563 5569 τοῦ
1611 5515 1730 5584 βοὸς
1774 5517 1978 5586 ἀγορὰν

409 5619 543 5687 πυρὶ
577 5616 950 5686 παραδίδοται.

2077 4707 2257 4752 motus
2287 4698 2548 4752 continuo
2595 4700 2824 4753 classem
2871 4710 3026 4769 parat
3077 4710 3133 4754 et
3161 4712 3353 4756 contra
3412 4703 3648 4757 Phocmn

2076 4787 2465 4858 proficiscitur,
2491 4789 2732 4844 afl'ereus
2763 4806 2949 4845 secum
2979 4791 3124 4845 illaut
3161 4791 3448 4862 imaginem
3493 4792 3653 4845 Chri-

2076 4879 2144 4934 sti
2177 4896 2298 4948 qua:
2331 4881 2582 4934 manibus
2613 4879 2752 4933 facta
2785 4895 2892 4934 non
2938 4891 3076 4934 erat.
3112 4881 3222 4936 lloc
3258 4882 3419 4936 modo
3469 4882 3648 4936 Phoca

2078 4983 2360 5040 superato,
2399 4967 2669 5026 Photinus
2722 4971 2945 5039 quidam
2973 5011 2990 5035 ,
3041 4989 3180 5027 unus
3223 4990 3288 5028 cx
3341 4983 3650 5042 magnatum

2088 5079 2338 5128 numero,
2372 5065 2527 5132 cujus
2563 5064 2748 5118 uxoris
2774 5065 3048 5132 pudicitiae
3083 5065 3294 5120 Phocas
3321 5075 3480 5120 antea
3505 5078 3652 5120 stru-

2085 5163 2237 5208 xerat
2259 5154 2509 5219 insidias,
2535 5156 2718 5208 subito
2744 5156 2797 5208 in
2822 5156 3082 5225 palatium
3113 5158 3312 5228 irrupit
3339 5169 3393 5212 ct
3413 5159 3649 5212 Phoeam

2086 5246 2471 5312 imperatorem
2517 5246 2663 5314 pulla
2700 5255 2849 5300 veste
2901 5246 3148 5302 indutum
3208 5265 3330 5303 mox
3379 5248 3446 5302 ad
3482 5248 3651 5301 [lera-

2083 5339 2248 5393 clium
2277 5338 2520 5393 deducit.
2552 5339 2656 5404 Qui
2687 5355 2810 5393 eum
2848 5339 3086 5394 Phocam
3127 5340 3308 5393 verbis
3333 5339 3480 5392 hisce
3502 5353 3652 5392 com-

2081 5431 2337 5499 pelleret:
2380 5431 2581 5495 rltane,
2619 5430 2805 5494 miser,
2840 5446 2952 5484 rem
2985 5430 3254 5500 publicam
3302 5428 3648 5482 administra-

2081 5519 2190 5572 sti?
2228 5537 2246 5570 ι
2287 5521 2568 5591 respondit
2608 5517 2850 5574 Phocas:
2899 5537 2916 5570 ι
2955 5517 3074 5572 Tibi
3104 5531 3231 5570 vero
3261 5531 3358 5585 per
3387 5529 3470 5567 me
3519 5514 3650 5570 licet

2083 5622 2141 5664 ut
2168 5613 2372 5666 rectius
2423 5629 2545 5667 eam
2578 5627 2756 5682 geras.
2800 5632 2818 5662 ι
2881 5610 3018 5666 llinc
3068 5609 3117 5661 ei
3176 5616 3320 5660 recta
3358 5620 3550 5659 manus
3593 5619 3651 5661 et

412 5709 582 5780 pedes
625 5710 913 5776 amputati,
949 5707 1090 5762 cutis
1134 5706 1299 5760 dorso
1331 5704 1597 5771 detracta,
1646 5712 1860 5758 exsecta
1930 5704 2169 5758 verenda
2243 5715 2296 5758 et
2330 5705 2498 5760 hasta:
2561 5706 2737 5772 afllxa,
2796 5713 2958 5773 caput
2998 5693 3228 5770 denique
3281 5697 3460 5769 gladio
3508 5701 3642 5756 reci-

658 5803 926 5862 Ρηιιοι..
967 5803 1082 5858 (in.
1124 5796 1387 5857 CLl'lil.

3261 5793 3330 5850 l't'
