4154 6200
569 275 674 346 515

1860 280 2279 345 ΜΙΟῘΙᾹΕΙᾸΞ
2317 284 2569 343 (ΠΧΩῈ

3698 277 3801 349 516

569 414 709 451 sitm.
751 385 1012 466 Reliquus
1042 395 1289 464 corporis
1323 408 1548 450 truncus
1573 396 1621 448 in
1657 395 1791 461 foro,
1825 397 1972 465 ιιιιοίΙ
2040 395 2291 450 Boarium
2360 405 2698 467 nuncupant,
2742 412 2839 469 per
2898 399 3286 455 contumeliam
3348 396 3479 454 hinc
3522 396 3650 452 inde
3695 408 3802 451 tra-

568 500 688 544 cius
715 490 926 543 tandem
955 488 1060 557 igni
1104 488 1352 539 traditur.

639 587 801 655 276
833 585 1017 653 itaque
1064 592 1184 649 post
1221 581 1456 637 Phocam
1510 585 1792 639 lleraelius
1842 603 2015 641 annos
2067 580 2131 639 '50

2313 581 2522 651 Κρατεῖ
2549 576 2641 635 οὖν
2671 582 2697 634 6
2730 579 3049 651 Ἡράκλειος
3084 583 3223 651 μετὰ
3252 580 3567 651 Φωκᾶνέτη
3600 580 3666 639 λ’.
3702 577 3803 636 Οὔ·-

567 691 745 728 rerum
780 672 1006 741 potitur.
1052 670 1150 725 [lie
1183 672 1249 725 ad
1294 688 1552 740 generum
1596 674 1788 728 l‘hoca:
1833 675 2129 743 Crispum,

560 764 659 830 uni
687 772 843 817 antea
871 771 1060 816 contra
1092 762 1326 815 Pbocam
1381 778 1504 816 cum
1536 764 1654 833 ipso
1694 765 2131 833 conspira'vcrat,

569 870 754 908 verum
788 854 1050 923 deinceps
1088 853 1394 908 Heraclium
1439 857 1727 911 maledicto
1781 858 2010 919 Luserat,
2048 854 2132 909 di-

566 948 710 1000 ’xisse
743 945 947 999 fertur:
1014 963 1031 996 ι
1089 946 1219 1011 Qua:
1264 960 1454 1000 socero
1496 963 1601 1000 non
1653 946 1951 1016 prteslitisti
1982 988 1996 1013 ,
2041 946 2133 1016 qui

562 1039 740 1091 amico
772 1035 1132 1105 praestares?)
1158 1036 1346 1105 itaque
1367 1035 1642 1090 hominem
1664 1038 1716 1089 in
1737 1037 1915 1091 locum
1941 1053 2135 1106 quem-

570 1129 691 1182 dam
727 1129 1007 1197 relegavit.
1042 1127 1095 1180 id
1146 1129 1405 1196 temporis
1457 1127 1729 1183 Cltosroes
1769 1130 1976 1198 magnis
2008 1146 2131 1182 cum

488 1226 491 1227 ⁷
564 1219 744 1287 copiis
774 1217 982 1271 ’Saitetn
1014 1227 1199 1272 contra
1243 1218 1514 1272 Romanos
1565 1219 1730 1282 misit,
1781 1224 1872 1289 qui
1911 1219 2135 1274 Chalce-

566 1312 712 1365 done
737 1326 860 1363 cutn
886 1311 1130 1363 exercitu
1169 1310 1485 1379 aliquandiu
1523 1320 1891 1366 commoratus
1920 1322 2027 1376 est,
2057 1313 2134 1366 fa-

570 1413 764 1472 ctaque
789 1417 885 1472 per
917 1401 1318 1456 simulationem
1346 1419 1468 1456 cum
1503 1401 1750 1455 lleraciio
1782 1418 1935 1472 pace,
1986 1403 2133 1471 lcga-

568 1497 641 1550 tis
676 1512 740 1549 ex
775 1495 1095 1563 Optimatum
1149 1510 1375 1548 numero
1431 1495 1499 1548 ’ἰο
1533 1496 1773 1563 acceptis
1796 1534 1811 1559 ,
1862 1493 2134 1549 discessit.

571 1587 671 1643 Ubi
708 1589 1046 1648 revertisset,
1088 1601 1117 1638 a
1160 1583 1403 1640 Chosroe
1436 1596 1726 1655 propterea
1760 1584 1901 1640 cutis
1945 1584 1993 1639 ei
2041 1585 2137 1639 de-

570 1686 742 1733 tracta
780 1684 883 1738 est,
917 1677 1061 1746 quod
1090 1678 1231 1731 inter
1266 1676 1400 1731 alios
1432 1676 1740 1731 Iieraclium
1773 1677 1951 1745 ipsum
1980 1675 2136 1745 Cpoli

568 1786 752 1825 secum
787 1786 894 1823 non
932 1769 1266 1821 adduxisset.
1299 1767 1481 1835 Legati
1507 1783 1723 1837 quoque
1753 1768 1904 1822 diros
1933 1768 1985 1820 in
2015 1780 2137 1821 car-

568 1874 743 1924 ceres,
784 1875 850 1913 ne
908 1867 1130 1927 possent
1176 1858 1429 1922 evadere,
1462 1859 1695 1928 (εοιῄιιςιί
1746 1868 1892 1913 sunt.
1944 1858 2139 1928 ingens

470 1996 473 1999 ,
572 1959 682 2005 tum
716 1967 947 2006 annona:
978 1950 1217 2005 Charitas
1246 1961 1301 2004 et
1350 1951 1519 2020 pestis
1551 1964 1738 2006 exorta
1788 1960 1892 2013 est,
1946 1951 2137 2019 solque

568 2043 914 2112 splendorem
956 2058 1116 2096 suum
1155 2043 1380 2109 amisit,
1413 2051 1468 2097 et
1497 2042 1720 2112 pulvere
1764 2042 1918 2111 pluit.
1959 2043 2136 2098 Chos-

573 2149 697 2188 roes
757 2150 976 2203 quoque
1029 2135 1276 2203 ablegato
1309 2151 1430 2189 cum
1467 2135 1709 2189 exercitu
1756 2134 1980 2189 Salbaro
2018 2150 2138 2203 pas-

569 2226 672 2278 sim
705 2227 884 2279 omnia
920 2241 1017 2294 per
1046 2224 1322 2279 Orientem
1379 2240 1568 2279 eversa
1613 2223 1835 2277 delevit.
1885 2223 2000 2290 Qua
2056 2224 2139 2278 in-

562 2316 710 2384 juria
746 2306 927 2369 motus
956 2315 1239 2370 lleraciius
1273 2314 1677 2384 expeditionem
1710 2315 1974 2369 adversus
2008 2314 2137 2368 Per-

568 2408 742 2461 sidem
789 2407 1034 2475 suscipit,
1089 2422 1260 2476 eaque
1297 2422 1392 2461 sex
1438 2407 1597 2461 annis
1648 2422 1859 2470 eversa,
1890 2405 2136 2462 Chosroe

568 2498 638 2550 de
670 2496 849 2550 medio
881 2497 1118 2560 sublato,
1171 2496 1263 2565 qui
1295 2495 1456 2550 deum
1498 2510 1554 2550 se
1594 2495 1817 2558 fecerat,
1849 2506 2137 2565 praeterea-

566 2606 674 2661 que
706 2590 1013 2646 venerando
1036 2589 1182 2659 ligno
1209 2598 1555 2657 ret-operato.
1587 2589 1729 2657 quod
1762 2589 1937 2642 Persa:
1962 2588 2136 2657 captis

570 2682 959 2753 Hierosolymis
990 2697 1115 2736 cum
1151 2682 1358 2751 reliqua
1394 2688 1572 2750 pra-da
1605 2682 1786 2735 secum
1813 2688 2131 2747 avexerant,

566 2775 853 2843 splendide
884 2769 1094 2843 Cpolim
1153 2774 1467 2828 revertitur.
1507 2772 1819 2827 Secundum
1862 2772 1977 2827 haec
2024 2784 2135 2841 'per

567 2866 923 2920 Athanasium
972 2864 1342 2920 Jacobitarmn
1391 2875 1445 2919 et
1506 2863 1757 2933 Sergium
1808 2863 1993 2933 Cpolis
2038 2873 2135 2933 pa-

567 2958 861 3019 triarchas,
894 2956 1020 3010 dolo
1046 2955 1519 3023 circumscriptus,
1557 2954 1609 3007 in
1644 2943 2133 3009 Monotiteletarum

564 3059 768 3101 sectam
808 3046 1096 3116 prolapsus
1148 3056 1251 3099 est.
1302 3045 1543 3114 Denique
1597 3044 1787 3099 morbo
1852 3044 2134 3099 confectus

565 3139 646 3203 (is
668 3150 785 3191 erat
822 3153 885 3191 ex
932 3152 1071 3206 aqua
1121 3137 1415 3203 intercute)
1445 3135 1703 3205 gravibus
1730 3135 2015 3204 suppliciis
2048 3134 2132 3187 af-

2238 691 2328 735 τος
2371 675 2397 725 ὁ
2436 671 2749 742 Ἡράκλειος
2794 673 2928 743 πρός
2970 688 3033 742 γε
3076 674 3167 726 τὸν
3206 672 3302 726 τοῦ
3344 674 3507 726 Φωκᾶ
3552 675 3801 745 γαμϐρὸν

2242 763 2490 833 Κρίσπον
2510 803 2526 828 ,
2558 764 2823 833 πρότερον
2859 763 2957 832 μὲν
2986 766 3095 825 τοῖς
3126 760 3269 816 κατὰ
3300 763 3395 816 τοῦ
3425 765 3589 817 Φωκᾶ
3617 781 3804 819 συνευο

2239 853 2521 918 δοκοῦντα,
2556 855 2849 925 ὕστερονδὲ
2882 854 3205 931 Ἡράκλειον
3238 854 3604 925 λοιδοροῦντα,
3626 849 3801 931 εἶπεν,

2246 964 2264 997 ι
2299 947 2552 1018 Γαμόρὸν
2581 948 2679 1001 οὐκ
2705 948 2991 1019 ἐποίησας,
3018 928 3353 1018 ταλαίπωρε,
3386 950 3477 1001 καὶ
3508 947 3658 1016 φίλον
3685 928 3801 1008 πῶς

2238 1039 2303 1091 ἂν
2344 1030 2608 1110 Rodium;
2652 1055 2671 1091 ι
2713 1041 2803 1092 καὶ
2851 1040 3180 1110 περιώρισεν
3216 1039 3382 1124 αὐτὸν
3420 1041 3478 1090 ὲν
3517 1042 3582 1108 τῇ
3628 1037 3797 1107 χώρᾳ.

2239 1132 2373 1184 Τότε
2416 1135 2444 1184 6
2487 1131 2730 1201 Χοσρόης
2778 1133 2913 1198 μετὰ
2962 1132 3195 1201 πλήθους
3241 1130 3436 1184 πολλοῦ
3476 1126 3569 1183 τὸν
3614 1131 3804 1182 Σάῖτον

2240 1221 2579 1275 ἀπέστειλεν.
2622 1220 2902 1274 Ἐκάθισεν
2942 1217 3035 1273 οὖν
3079 1223 3137 1272 ἐν
3181 1219 3503 1287 Χαλκηδόνι,
3546 1219 3642 1271 καὶ
3684 1215 3802 1285 μεθ’

2240 1311 2581 1381 ὑποκρίσεως
2614 1312 2935 1383 είρηνεύσας
2975 1304 3115 1381 μετὰ
3148 1309 3244 1363 τοῦ
3281 1304 3607 1379 Ἡρακλείου
3643 1305 3802 1360 ἔλαϐε

2243 1404 2501 1473 πρέσϐεις
2546 1405 2880 1474 μεγιστᾶνας
2925 1401 2988 1467 0',
3031 1405 3126 1455 καὶ
3168 1402 3428 1471 ἀπῆλθεν.
3454 1401 3575 1452 Ὅτι
3618 1398 3675 1451 δὲ
3714 1397 3805 1450 τδν

2254 1497 2574 1567 Ἡράκλειον
2608 1496 2777 1549 αὑτὸν
2811 1496 2912 1549 οὐκ
2950 1494 3255 1565 ἀπεκόμισε
3301 1494 3438 1562 πρὸς
3474 1494 3588 1555 τοῖς
3624 1489 3805 1551 ἄλλοις

2241 1590 2441 1652 ἐκεῖσε,
2482 1588 2578 1657 τὴν
2620 1587 2783 1641 αὑτοῦ
2823 1586 2985 1657 δορὰν
3025 1586 3292 1641 ἐκδύεται.
3336 1583 3402 1639 Ol
3445 1584 3500 1636 δὲ
3534 1581 3804 1653 ’πρέσϐεις

2240 1675 2438 1736 δειναῖς
2477 1677 2723 1746 εἱρκταῖς
2761 1676 3172 1745 άσφαλίζονται.
3206 1675 3342 1730 Τότε
3382 1674 3446 1744 δὴ
3486 1675 3581 1727 καὶ
3618 1671 3804 1741 λοιμὸς

2244 1768 2419 1838 μέγας
2460 1771 2552 1821 καὶ
2597 1767 2908 1831 θανατικὺν.
2949 1769 3043 1822 καὶ
3086 1772 3114 1822 6
3154 1768 3303 1839 ἥλιος
3344 1765 3671 1837 ἠμαυρὼθη,
3714 1764 3805 1816 καὶ

2242 1859 2389 1912 κόνιν
2416 1858 2654 1925 ἔδρεξεν.
2690 1859 2749 1912 '0
2775 1858 2831 1913 δὲ
2858 1859 3106 1928 Χοσρόης
3132 1856 3531 1929 τδννΣάρδαρον
3555 1854 3805 1907 άποστείδ

2242 1950 2340 2013 λας
2379 1951 2447 2003 τὰ
2486 1953 2585 2020 τῆς
2633 1950 2897 2021 ἀνατολῆς
2941 1951 3119 2004 πάντα
3164 1947 3445 2018 ἠφάνιζεν.
3481 1937 3666 2013 Ἐφἰἶ)
3714 1944 3805 1997 καὶ

2244 2042 2385 2095 κατὰ
2426 2040 2685 2111 Περσίδος
2726 2040 3077 2113 ὲκστρατεύει
3116 2039 3467 2109 Ἡράκλειος,
3512 2038 3608 2089 καὶ
3648 2037 3706 2088 ἐν
3748 2033 3807 2097 ἓξ

2244 2134 2390 2188 ἔτεσι
2436 2137 2615 2188 πᾶσαν
2659 2132 2908 2188 καθελὼν
2958 2132 3047 2204 τὴν
3092 2131 3331 2204 Περσίδα
3375 2131 3467 2184 καὶ
3510 2128 3671 2182 αὐτὸν
3714 2127 3806 2179 τὸν

2243 2226 2487 2296 Χοσρόην
2509 2268 2525 2293 ,
2557 2227 2615 2291 ὃς
2648 2226 2841 2279 ἑαυτὸν
2872 2226 3150 2280 ἀπεθέωσε
3172 2266 3187 2291 ,
3217 2225 3353 2296 πρὶς
3382 2222 3593 2282 τούτοις
3623 2220 3680 2273 δὲ
3713 2218 3806 2271 καὶ

2242 2318 2303 2370 τὸ
2327 2317 2505 2387 τίμιον
2532 2317 2685 2381 ξύλον
2710 2317 3068 2379 ὲπανασὼσας
3098 2316 3288 2387 (ἔτυχε
3314 2313 3422 2384 γάρ
3447 2312 3554 2365 ἀπὸ
3577 2310 3805 2381 ἰεροσοο

2242 2407 2430 2477 λύμων
2459 2408 2860 2479 σκυλευθῆναι)
2890 2406 3161 2477 λαμπρῶς
3191 2404 3537 2467 ἐπανέζειιξε.
3570 2401 3722 2454 Μετὰ
3749 2399 3803 2451 δὲ

2239 2499 2416 2553 ταῦτα
2445 2499 2549 2553 ύπδ
2583 2500 2901 2554 ’Δθανασίου
2932 2500 3025 2551 τοῦ
3055 2499 3164 2552 τῶν
3199 2496 3524 2551 Ἰακωόιτῶν
3553 2494 3645 2547 καὶ
3675 2493 3805 2562 Σερο

2241 2590 2363 2659 γίου
2390 2592 3011 2653 Κωνσταντινουπόλεως
3035 2590 3377 2659 πατριάρχου
3400 2583 3698 2654 ἀπατηθεὶς
3728 2584 3804 2641 εἰς

2239 2682 2339 2755 τὴν
2381 2681 2489 2735 τῶν
2528 2680 2919 2749 Μονοθελητῶν
2960 2677 3279 2747 ἐξεκυλίσθη
3312 2670 3556 2746 ⁴αἵρεσιν.
3596 2672 3704 2725 Καὶ
3741 2671 3805 2741 δὴ

2241 2774 2380 2845 νόσῳ
2412 2772 2551 2843 μετὰ
2576 2771 2752 2827 ταῦτα
2787 2769 3098 2842 περιπεσὼν
3129 2768 3338 2840 (ὕδερος
3367 2766 3423 2819 δὲ
3454 2762 3618 2835 αὕτη)
3647 2762 3715 2816 δι’
3735 2756 3803 2833 ἧς

2240 2866 2333 2918 κοιλ⁸
2353 2864 2603 2935 τέθνηκε,
2641 2863 2829 2927 δεινῶς
2849 2864 3173 2932 ἐτιμωρεῖτο
3194 2875 3208 2888 ·
3238 2857 3401 2929 ήνίκα
3433 2857 3539 2926 γὰρ
3570 2854 3802 2925 οὐρῆσαι

2240 2953 2456 3023 ἔμελλε,
2484 2950 2674 3006 σανίδα
2701 2952 2842 3006 κατὰ
2868 2949 2963 3003 τοῦ
2990 2949 3157 3019 ήτρου
3187 2945 3373 3001 ἐτίθει.
3405 2945 3559 3007 Τίνος
3583 2943 3797 3003 ἒνεκενς

2239 3046 2320 3099 ὅτι
2343 3044 2437 3098 τοῦ
2464 3043 2669 3098 αἰδοίου
2692 3042 2995 3114 τηνικαῦτα
3020 3042 3388 3111 στρεφομένου
3412 3038 3481 3090 τὰ.
3503 3031 3638 3108 οὖρα
3663 3033 3802 3087 κατὰ

2238 3136 2333 3189 τοῦ
2367 3139 2661 3206 προσώπου
2693 3135 2972 3204 ἐφέροντο.
3002 3130 3263 3201 Ἔλεγχος
3294 3129 3350 3182 δί
3376 3127 3566 3181 τούτου
3596 3139 3802 3195 προφα-

565 3228 866 3281 liciebatur.
902 3226 1036 3281 Nam
1069 3228 1262 3281 lolium
1310 3227 1622 3281 redditurus
1652 3226 1898 3280 inferiori
1957 3227 2130 3281 ventri

2241 3229 2337 3291 νὴς
2364 3229 2463 3297 τῆς
2492 3226 2653 3280 αὑτοῦ
2684 3217 3134 3294 παρανομίαςδῖμ,
3159 3224 3227 3295 ἦν
3250 3220 3420 3275 ἐποίει
3438 3216 3514 3292 τῇ
3547 3218 3653 3288 ἰδίᾳ
3684 3232 3803 3269 συν-

566 3318 803 3375 tabulam
836 3319 1169 3386 imponebat.
1207 3318 1316 3371 Cur
1339 3318 1511 3373 istuc?
1540 3317 1691 3382 Quod
1716 3327 1987 3371 veretrum
2010 3318 2130 3386 ejus

2237 3319 2429 3382 ευναζό
2437 3335 2592 3388 μενος
2621 3316 2836 3389 άνεψιᾷ.

565 3417 841 3469 inversum
867 3417 1078 3469 urinam
1108 3430 1322 3470 sursum
1345 3413 1397 3465 in
1429 3412 1622 3467 faciem
1677 3412 1846 3481 ipsam
1871 3410 2185 3468 emitteret.”
2202 3415 2317 3469 Hoc
2383 3423 2500 3471 erat
2550 3421 2929 3485 argumentum
2980 3414 3049 3470 lla
3088 3412 3168 3469 itii
3212 3409 3557 3467 manifestum
3585 3448 3601 3477 ,
3651 3406 3797 3477 quod

562 3514 747 3569 fratris
778 3509 885 3563 lilia
919 3511 1022 3566 sibi
1052 3513 1241 3581 juncta
1273 3517 1703 3577 perpetraverat.

634 3607 866 3679 Imperio
916 3615 1039 3675 post
1091 3607 1269 3675 ipsum
1320 3603 1714 3658 Constantinus
1786 3603 1930 3658 filius
1970 3619 2131 3658 anno

2309 3604 2463 3658 Μετὰ
2486 3604 2543 3658 δὲ
2572 3602 2763 3657 τοῦτον
2786 3604 3192 3665 Κωνσταντῖνος
3224 3602 3338 3664 υίὸς
3364 3601 3527 3656 αὑτοῦ
3553 3600 3672 3665 ἔτος
3697 3602 3756 3655 ἓν
3779 3619 3795 3634 ο

561 3703 753 3759 saltem
780 3714 889 3751 uno
916 3696 1154 3765 praefuit.
1186 3696 1401 3750 Etenim
1427 3695 1651 3749 Martina
1679 3710 1913 3749 noverca
1937 3696 2131 3765 ethr-

2237 3701 2268 3761 ἡ
2300 3697 2406 3767 γάρ
2436 3697 2600 3749 αὑτοῦ
2632 3696 2872 3766 μητρυιά
2905 3694 3157 3763 Μαρτῖνα
3184 3693 3282 3746 σὺν
3308 3692 3456 3763 αὐτῷ
3489 3692 3795 3765 τῷῐῖύρῤῳ

564 3792 697 3843 rhus
729 3790 929 3843 iethale
968 3803 1238 3842 venenum
1273 3788 1323 3840 ei
1371 3787 1763 3856 propinaruut.
1790 3788 2131 3855 Quapropter

2237 3788 2610 3857 θανατηφόρον
2675 3785 2822 3855 αύτῷ
2880 3782 3240 3854 κεραννύουσι
3290 3781 3599 3851 φάρμακον.
3635 3783 3797 3835 Ὅθεν

559 3881 924 3935 (Σοιιειιιηιίιιο
962 3880 1125 3933 rebus
1157 3878 1415 3931 humanis
1439 3886 1716 3947 exempto.
1739 3876 1971 3931 Martina
2007 3892 2131 3931 mox

2237 3876 2324 3929 τοῦ
2379 3876 2785 3930 Κωνσταντίνου
2841 3873 2934 3927 τὸν
2965 3874 3101 3944 βίον,
3139 3873 3214 3935 ὡς
3254 3873 3491 3943 εἴρηται,
3531 3873 3797 3941 καταλιμ-

563 3972 779 4040 imperii
825 3970 1275 4039 procurationem
1310 3968 1565 4037 suscipit,
1602 3968 1865 4038 adjuncto
1889 3967 1992 4021 sibi
2026 3965 2131 4020 He-

2237 3970 2493 4031 πάνοντος
2527 3969 2623 4037 τῆς
2659 3967 2938 4038 βασιλείας
2967 3966 3166 4018 αὐτίκα
3196 3967 3229 4036 ἡ
3266 3966 3514 4032 Μαρτῖνα
3543 3966 3796 4035 ὲπιδράσ-

560 4064 778 4117 raelona
831 4062 959 4116 lilio.
1009 4061 1209 4115 Verum
1268 4060 1624 4129 perexiguum
1690 4058 1757 4112 ad
1799 4067 2017 4127 tempus
2064 4072 2131 4112 eo

2237 4079 2408 4125 σεται,
2440 4060 2534 4113 καὶ
2582 4058 2702 4129 μετ’
2748 4057 2920 4127 αὐτῆς
2962 4056 3319 4128 Ἠρακλωνᾶς
3353 4060 3380 4111 6
3428 4060 3557 4120 παῖς
3601 4058 3791 4127 αὐτῆς.

561 4155 719 4223 potiti
772 4148 921 4224 justo
961 4152 1054 4207 Dei
1097 4152 1308 4222 judicio
1356 4152 1664 4220 perierunt,
1718 4149 1929 4203 nullum
1984 4149 2131 4204 aliud

2242 4151 2382 4204 Ἀλλ’
2410 4149 2496 4203 ἔπ’
2522 4150 2700 4217 ὀλίγον
2723 4148 3081 4219 τοῦκράτους
3115 4149 3557 4217 ἀπογευσάμενοι
3578 4150 3644 4218 τῇ
3678 4147 3796 4216 θεία

558 4244 846 4298 consecuti
897 4243 1112 4296 lucrum
1144 4256 1307 4308 quam
1348 4240 1496 4310 quod
1530 4238 1817 4309 improbos
1865 4252 1923 4292 se
1953 4237 2131 4293 decla-

2237 4242 2353 4312 δίκῃ
2397 4243 2841 4313 περιπίπτουσιν,
2882 4241 3011 4295 ἄλλο
3050 4240 3411 4309 κερδάναντες
3448 4240 3616 4310 μηδὲν
3663 4240 3695 4308 ἢ
3734 4237 3796 4292 τὸ

560 4339 771 4384 rarunt.
820 4330 956 4383 Nam
997 4329 1328 4384 lieraclonas
1375 4328 1593 4383 amissis
1622 4326 1869 4391 naribus,
1901 4325 2131 4380 Martina

2237 4336 2395 4387 κακοὶ
2443 4335 2717 4403 φανῆναισ
2754 4335 2876 4404 ῥῖνα
2920 4334 3157 4404 μὲνγὰρ
3216 4330 3596 4403 Ἡρακλωνᾶς,
3658 4332 3690 4401 ἡ
3737 4331 3793 4385 δὲ

559 4423 743 4491 lingua
774 4420 998 4490 praecisa
1034 4419 1090 4472 in
1128 4418 1385 4473 exsilium
1421 4418 1574 4472 missi
1608 4424 1758 4473 sunt.
1797 4415 2006 4471 Accidit
2042 4416 2126 4470 bis

2237 4429 2488 4497 Μαρτῖνα
2530 4427 2779 4493 γλῶτταν
2815 4425 3189 4493 ζημιωθέντες
3216 4425 3299 4485 είς
3351 4424 3449 4493 τὴν
3496 4420 3795 4493 ὑπερορίαν

562 4511 903 4580 temporibus
949 4518 1008 4563 ut
1041 4518 1163 4563 eum
1218 4507 1481 4576 pestilens
1535 4506 1763 4560 morbus
1800 4505 2131 4574 Carthagine

555 4611 906 4671 grassaretur
960 4615 1024 4655 ac
1073 4600 1231 4653 multi
1268 4597 1521 4653 homines
1566 4605 1938 4658 morerentur,
1972 4596 2131 4650 miles

556 4693 779 4760 quidam
813 4706 1006 4760 parum
1036 4689 1330 4743 continens
1365 4694 1581 4755 sumpta
1606 4701 1794 4741 secum
1829 4672 1999 4739 usore
2029 4702 2129 4747 sua

557 4787 610 4836 in
656 4782 984 4837 suburbium
1033 4794 1091 4832 se
1126 4778 1427 4832 conferret.
1465 4776 1541 4829 lbi
1579 4791 1704 4829 cum
1744 4776 1800 4829 in
1845 4776 2130 4845 amplexus

556 4871 805 4926 mulieris
835 4869 1143 4940 cujusdam,
1175 4882 1296 4937 quae
1338 4865 1591 4937 agricola:
1624 4867 1827 4933 coniux
1853 4877 1993 4932 erat,
2020 4882 2119 4920 ve.

555 4960 749 5025 nissct,
780 4974 906 5013 mox
946 4958 1112 5012 vitam
1149 4956 1353 5011 amisit.
1400 4957 1588 5011 Altero
1631 4965 1815 5010 autem
1855 4952 1945 5011 die
1973 4957 2120 5025 psal-

559 5065 677 5105 mos
708 5049 1009 5104 concinens
1043 5049 1151 5103 alta
1198 5062 1332 5101 vere
1383 5046 1688 5101 clamabat:
1733 5065 1750 5099 ι
1790 5045 2123 5101 Miseremini

556 5141 686 5193 mei.
740 5158 759 5190 ι
813 5137 1019 5193 Deinde
1087 5152 1321 5207 surgens
1375 5136 1638 5190 narrabat
1679 5152 1790 5205 quo
1849 5145 2007 5204 pacto
2044 5137 2126 5190 'ab

553 5212 714 5300 277
750 5229 963 5299 angelis
1001 5228 1069 5282 ad
1108 5228 1465 5283 scortationis
1498 5243 1671 5299 usque
1709 5229 1974 5282 telonium
2027 5228 2124 5281 de-

552 5325 698 5376 latus
745 5320 965 5385 fuisset,
998 5334 1061 5372 ac
1094 5333 1287 5373 rursus
1333 5317 1486 5371 illinc
1535 5332 1565 5371 a
1618 5317 1777 5372 malis
1828 5318 2006 5386 geniis
2056 5317 2123 5371 ad

552 5428 743 5468 orcum
781 5427 954 5480 usque
996 5411 1343 5480 deportatus,
1389 5416 1635 5478 quasque
1683 5426 1770 5463 res
1818 5410 1941 5464 istic
1986 5424 2123 5463 eon—

551 5507 841 5574 spexisset.
877 5501 991 5556 lloe
1020 5502 1182 5554 modo
1212 5512 1334 5554 cum
1366 5500 1471 5554 sibi
1504 5516 1568 5554 ac
1606 5502 1795 5556 multis
1825 5502 1947 5555 aliis
1971 5502 2120 5554 imii-

553 5594 770 5646 catioue
808 5606 905 5643 sua
939 5589 1257 5660 profuisset,
1309 5599 1516 5641 natura:
1546 5589 1792 5642 debitum
1829 5590 2113 5656 persolvit.

623 5682 753 5735 Post
802 5678 1160 5735 Heraclonam
1200 5680 1495 5745 Constans,
1540 5678 1888 5734 Constantini
1947 5679 2112 5743 filius,

2229 4519 2496 4590 ἤχθησαν.
2539 4517 2677 4570 Κατ’
2705 4518 2883 4570 ικεῖνο
2914 4516 2971 4569 δὲ
3022 4506 3217 4585 καιροῦ
3269 4515 3328 4567 ἑν
3368 4512 3703 4583 Καθαργένη
3728 4516 3792 4583 τῇ

2230 4609 2382 4662 πόλει
2410 4606 2683 4677 ’λοιμικῆς
2742 4608 2899 4660 νόσου
2943 4607 3230 4675 συμϐάσης
3269 4605 3364 4659 καὶ
3412 4604 3625 4659 πολλῶν
3671 4606 3795 4673 9w.-

2229 4700 2490 4763 σχόντων,
2518 4698 2858 4766 στρατιώτης
2905 4715 2989 4759 τις
3043 4698 3254 4759 ἄσωτος
3308 4696 3490 4751 λαϐὼν
3520 4696 3621 4767 τὴν
3660 4696 3794 4749 ίδίαν

2230 4792 2467 4860 γυναῖκα
2523 4788 2745 4857 ἐξῆλθεν
2793 4791 2851 4842 ἂν
2905 4790 3212 4858 προαστείῳ
3245 4827 3261 4853 ,
3317 4790 3539 4840 κάκεῖσε
3587 4790 3652 4858 τῇ
3698 4787 3793 4839 τοῦ

2228 4881 2477 4952 γεωργοῦ
2505 4883 2639 4950 γονῇ
2678 4876 2995 4949 περιπεσὼν
3026 4878 3371 4947 ἐτελεύτησε.
3413 4879 3492 4948 Τῇ
3523 4879 3579 4931 δὲ
3625 4877 3796 4930 ἐπαύ-

2229 4990 2341 5044 ριον
2380 4970 2717 5042 ψαλλόμενος
2741 4972 2892 5041 φωνῇ
2928 4966 3138 5039 μεγάλῃ
3166 4968 3394 5039 ἔκραξεν
3416 4984 3430 4997 '
3464 4987 3482 5020 ι
3505 4968 3793 5038 Ἐλεήσατέ

2228 5079 2318 5133 με,
2357 5081 2374 5114 ι
2410 5063 2499 5115 καὶ
2538 5061 2779 5124 ἀναστάς
2820 5060 3124 5130 διηγήσατο
3159 5059 3278 5123 πῶς
3310 5075 3371 5111 τε
3423 5058 3515 5111 ὐπ’
3541 5057 3793 5126 άγγέλων

2227 5152 2393 5222 μέχρι
2424 5150 2519 5205 τοῦ
2548 5151 2646 5220 τῆς
2677 5149 2933 5220 πορνείας
2959 5148 3216 5202 τελωνίου
3245 5149 3497 5218 ἐφέρετο,
3528 5148 3622 5201 καὶ
3645 5146 3794 5208 ὅπως

2223 5242 2433 5294 ἐκεῖθεν
2468 5240 2575 5293 ὑπὸ
2611 5239 2886 5308 δαιμόνων
2915 5239 3222 5310 κατηνέχθη
3260 5240 3343 5301 εἰς
3391 5236 3486 5290 τὸν
3514 5236 3671 5307 ᾅδην,
3697 5239 3792 5288 xz‘:

2227 5333 2388 5387 τίνων
2437 5334 2618 5385 ἐκεῖσε
2650 5333 2841 5401 γέγονε
2878 5331 3101 5401 θεατής.
3136 5330 3448 5385 Κάντεῦθεν
3481 5329 3676 5383 ἑαυτὸν
3702 5327 3793 5381 καὶ

2228 5422 2457 5486 πολλοὺς
2487 5422 2779 5493 ὠφελήσας
2802 5421 3067 5475 ἀπέθανε.

2292 5679 2444 5731 Matii
2483 5680 2535 5732 δὲ
2575 5677 2931 5748 Ἦρτικλωνᾶν
2960 5676 3220 5738 Κώνστας
3272 5677 3299 5731 6
3353 5675 3467 5739 υίὸς
3503 5676 3793 5728 Κωνσταν-
