4154 6200
381 435 492 504 517

1616 431 2021 500 ANNALIUM
2060 434 2257 498 PARS
2299 430 2397 498 ιν.

3510 416 3611 479 ξιὸ

381 556 534 608 τίνου
593 553 687 606 καὶ
722 551 940 620 ἔγγονος
981 550 1304 622 Ἡρακλείου
1362 549 1456 620 ἔτη
1493 550 1596 614 κζ’.
1631 551 1767 603 Τότε
1798 552 1948 623 καὶίὸ

2068 552 2285 608 [lcraclli
2304 563 2495 621 nepos,
2511 545 2669 604 annis
2683 540 2748 602 ΞἿ
2770 542 3080 615 imperarit.
3096 539 3249 594 Tunc
3270 548 3321 591 et
3339 536 3507 591 falsus
3524 534 3615 588 ille

382 643 838 715 ψευδοπροφήτης
874 641 1118 713 Μωάμεθ
1159 643 1354 713 ἐφάνη.
1396 643 1460 695 Oi
1518 628 1626 711 γάρ
1666 642 1945 712 Ἰσμαηλῖ-

2050 652 2203 698 vates
2233 641 2573 696 Moamethus
2600 636 2833 693 exstitit.
2862 635 2996 689 Nam
3024 629 3313 685 lsrnaelita:
3345 626 3411 681 ad
3439 624 3615 679 llera-

380 751 473 788 ται
499 733 694 805 μέχρις
733 731 1064 802 Ἡρακλείου
1100 731 1549 800 είδωλολάτρουν,
1589 732 1685 801 τὴν
1718 732 1965 799 Ἀστάρ-“

2068 733 2218 788 :lium
2271 746 2445 801 usque
2494 728 2786 785 simulacra
2832 724 3107 787 colebant,
3156 724 3412 774 Astarten
3470 716 3614 786 (qua:

380 842 506 895 την,
534 824 704 895 ῆγουν
728 824 829 894 τὴν
869 823 1122 893 σελήνην,
1155 821 1615 892 προσκυνοῦντες*
1634 821 1701 891 ῆν
1717 821 1809 874 καὶ
1839 823 1950 874 Χα-

385 917 484 989 ϐὶρ
539 915 845 987 ὠνόμαζον,
880 913 1024 968 τοῦτ’
1072 914 1474 985 ἔστιμεγάλην.
1524 912 1836 983 Τηνικαῦτα
1892 910 1949 965 δὲ

383 1009 586 1076 ἀνέστη
627 1002 809 1069 αὐτοῖς
831 1006 1097 1077 Μωάμεθ.
1130 1001 1300 1070 Οὗτος
1322 1007 1565 1079 Θητεύων
1595 1008 1819 1073 γυναικί
1843 1022 1948 1057 τινι

390 1100 622 1171 πλουσίᾳ
661 1097 890 1168 ῦστερον
921 1098 1114 1151 ἔλαϐεν
1145 1099 1316 1169 αὐτὴν
1347 1101 1425 1160 είς
1453 1099 1709 1168 γυναῖκα.
1746 1092 1873 1166 Εἶχε
1895 1096 1952 1149 δὲ

388 1194 483 1243 καὶ
514 1190 789 1260 ἐπίληψιν,
819 1191 913 1243 καὶ
970 1190 1140 1243 Θέλων
1187 1190 1453 1261 κρύπτειν
1506 1190 1566 1242 τὸ
1605 1190 1775 1251 πάθος
1800 1189 1953 1256 ἔλεγε

390 1283 479 1334 τὸν
509 1282 754 1352 Γαϐριὴλ
784 1284 917 1352 ὀρᾷν
949 1282 1180 1350 ἄγγελον
1213 1282 1308 1335 καὶ
1336 1281 1411 1351 μὴ
1449 1282 1630 1352 φέρων
1653 1281 1821 1336 αὐτοῦ
1856 1281 1953 1348 τὴν

386 1375 520 1428 θέαν
558 1374 844 1444 ὀλιγωρεῖν
874 1375 969 1427 καὶ
1010 1375 1252 1428 πίπτειν.
1292 1374 1611 1439 ’Δξιὸπιστα
1641 1375 1696 1427 δὲ
1728 1372 1797 1427 τὰ
1832 1371 1953 1426 κατ’

389 1463 558 1516 αὑτὸν
612 1460 790 1528 ἔδοξεν
818 1464 928 1517 ἀπὸ
960 1465 1197 1533 μοναχοῦ
1247 1482 1391 1527 τινος
1431 1463 1709 1535 Ἀρειανοῦ
1761 1463 1956 1529 ψευδο-

390 1555 801 1625 μαρτυροῦντος
855 1555 1007 1629 αύτῷ
1066 1555 1137 1609 δι’
1185 1557 1656 1626 αἰσχροκέρδειαν.
1706 1546 1876 1615 Οὗτος
1929 1556 1957 1606 6

391 1643 746 1712 Μωάμεθεὶς
793 1643 1156 1714 Παλαιστίνην
1189 1645 1380 1711 ὲλοὼν,
1424 1645 1516 1698 καὶ
1546 1644 1785 1716 ἐντυχὼν
1824 1642 1958 1697 ἰουὲ

384 1734 582 1800 δαίοις,
619 1736 942 1804 ’Δρειανοίς,
1000 1736 1136 1805 πρὸς
1162 1735 1219 1790 δὲ
1268 1737 1366 1795 καὶ
1412 1736 1818 1808 Νεστοριανοτς,
1849 1733 1958 1788 ἀπὸ

393 1823 614 1875 πάντων
644 1823 897 1892 ἠράνικε,
940 1822 1032 1876 καὶ
1082 1823 1382 1893 θρησκείαν
1429 1822 1566 1876 ίδίαν
1614 1821 1953 1891 παρέδωκεν.

2055 823 2187 877 luna
2216 822 2325 891 est)
2354 821 2680 882 adorantes;
2717 830 2879 884 quam
2909 821 2963 865 et
2985 810 3295 865 Chaberam
3333 819 3588 872 num-upa
3608 806 3643 844 -‘

2056 914 2218 979 bant,
2277 916 2380 968 hoc
2427 920 2511 968 est
2545 922 2817 981 magnam.
2854 904 2967 959 Hoc
3004 917 3135 955 vero
3175 910 3424 968 tempore
3478 896 3621 949 Mau-

2057 1008 2280 1064 methus
2331 1005 2473 1077 apud
2533 1005 2679 1072 ipsos
2731 985 2958 1054 exortu's
3014 1004 3133 1055 est,
3167 993 3416 1061 quicum
3462 985 3612 1057 apud

2055 1100 2282 1156 divitem
2309 1093 2601 1166 quamdam
2634 1090 2919 1145 mulierem
2959 1083 3212 1145 serviret,
3240 1083 3462 1134 tandem
3498 1095 3617 1131 eam

2057 1185 2582 1261 uxorempaccepit.
2653 1178 2965 1234 Laborabat
3028 1174 3073 1228 is
3142 1174 3305 1225 forte.
3355 1167 3618 1221 comitiali

2060 1280 2272 1343 morbo,
2305 1259 2467 1349 quem
2502 1276 2584 1330 uti
2620 1281 2849 1343 tegeret,
2888 1268 3149 1338 angelum
3190 1280 3248 1319 se
3302 1259 3620 1317 Gabrielum

2043 1373 2381 1442 conspicere
2420 1366 2753 1431 dictitabat;
2803 1364 2961 1433 cujus
3000 1368 3279 1429 aspectum
3315 1352 3443 1423 quia
3486 1350 3622 1403 tole-

2062 1480 2183 1518 rare
2228 1462 2505 1532 nequiret,
2535 1459 2653 1514 ﬁeri
2691 1469 2751 1512 ut
2783 1458 2967 1511 animo
2996 1448 3210 1522 dejecto
3232 1449 3622 1504 collabcretur.

2061 1558 2138 1612 Ea
2173 1572 2262 1611 res
2303 1555 2461 1608 tidem
2510 1550 2711 1607 mereri
2746 1549 2862 1603 visa
2897 1548 3001 1601 fuit
3030 1555 3254 1616 propter
3289 1539 3621 1596 monachum

2062 1648 2356 1719 quemdam
2397 1646 2686 1708 Arianum,
2718 1641 2812 1711 qui
2847 1638 2988 1693 lucri
3018 1640 3101 1691 sui
3143 1650 3304 1690 causa
3350 1632 3543 1684 falsum
3576 1627 3624 1699 ei

2063 1738 2441 1795 testimonium
2489 1733 2838 1805 perhibebat.
2882 1729 3025 1784 Idem
3056 1726 3395 1782 Moamethns
3428 1721 3480 1775 in
3523 1721 3625 1774 Pa-

2062 1816 2331 1886 lmstinam
2382 1826 2662 1898 profectus
2713 1837 2838 1878 cum
2895 1820 2949 1873 in
2997 1817 3237 1881 Iudaeos,
3293 1814 3529 1867 Arianos
3567 1819 3623 1863 et

398 1913 471 1965 Οῦ
508 1914 824 1967 παντάπασι
853 1913 907 1965 δὲ
936 1914 1137 1982 χρᾶται
1169 1912 1248 1982 τῷ
1288 1913 1468 1983 νόμῳο
1503 1911 1808 1983 περιτομὴν
1848 1910 1957 1979 γὰρ

2068 1893 2418 1977 Nestorianos
2466 1916 2770 1980 incidisset,
2814 1912 2970 1983 quasi
3017 1911 3298 1964 collectam
3331 1903 3623 1975 quamdam

398 2002 654 2071 ἐδίδαξεν,
689 2005 749 2057 οῦ
790 2005 896 2074 μὴν
934 2004 990 2057 δὲ
1033 2005 1128 2058 καὶ
1175 2003 1544 2065 σαϐϐατίζειν.
1577 2002 1741 2071 Λέγει
1777 2002 1833 2055 δὲ
1864 2002 1959 2055 καὶ

396 2097 589 2150 ἑαυτὸν
627 2094 937 2166 κλειδοῦχον
992 2089 1133 2149 εἶναι
1176 2094 1272 2150 τοῦ
1306 2092 1663 2162 παραδείσου,
1704 2094 1853 2165 τρεῖς
1898 2092 1958 2146 δὲ

398 2190 679 2257 ποταμοὺς
714 2187 979 2257 φέρεσθαι
1002 2188 1060 2239 ὲν
1084 2185 1252 2253 αὐτῷ,
1293 2184 1530 2254 μέλιτος,
1556 2184 1700 2237 οῐνου
1731 2185 1825 2238 καὶ
1857 2185 1959 2253 γά-

395 2277 813 2345 λακπμΛέγει
848 2279 941 2332 καλ⁸
979 2278 1146 2347 αὐτὴν
1194 2277 1354 2329 σκιὰν
1382 2274 1476 2328 τοῦ
1527 2277 1765 2348 Χριστοῦ
1795 2294 1961 2331 σταυ-

2062 2012 2133 2068 ab
2176 2011 2433 2067 omnibus
2465 2006 2762 2077 congessit,
2811 2002 3258 2073 peculiaremque
3307 1997 3627 2065 religionem

2062 2103 2183 2159 suis
2216 2101 2462 2156 tradidit.
2497 2099 2639 2168 Lege
2661 2113 2759 2168 per
2789 2093 2972 2151 omnia
3018 2107 3122 2145 non
3160 2091 3357 2143 utitur.
3377 2087 3627 2142 Circum-

2062 2197 2329 2251 cisionem
2371 2193 2721 2248 retinendam
2750 2189 2941 2251 tradit,
2972 2184 3199 2240 Sabbati
3238 2179 3629 2235 observatione
3676 2200 3681 2201 ν

2061 2287 2295 2345 sublata.
2348 2286 2589 2342 Paradisi
2643 2299 2702 2338 se
2750 2282 3239 2353 claxﬁgerumessc
3282 2274 3517 2347 jaetitat,
3573 2271 3630 2326 in

394 2369 639 2439 ρωθῆναι
671 2369 757 2423 διὰ
792 2367 993 2438 φθόνον
1012 2368 1181 2437 παρὰ.
1193 2367 1301 2429 τῶν
1329 2367 1592 2423 Ἰουδαίων
1615 2384 1629 2399 ⁸
1656 2369 1819 2424 αὐτὸν
1852 2368 1960 2442 γὰρ

2068 2392 2173 2449 quo
2205 2384 2318 2434 tres
2365 2375 2480 2432 sint
2524 2384 2737 2437 amnes,
2784 2373 2968 2436 melle,
3000 2369 3150 2433 vino,
3186 2368 3349 2432 lacte,
3377 2366 3624 2418 ﬂuentes.

395 2459 689 2514 ἁνελάὸετο
724 2459 815 2513 διὰ
863 2462 923 2512 τὸ
955 2459 1129 2529 φιλεῖν
1166 2461 1193 2511 6
1239 2458 1395 2523 Θεός.
1433 2456 1507 2514 Οῦ
1537 2462 1631 2515 καὶ
1668 2463 1917 2526 εἰπόντος
1940 2478 1955 2495 ⁸

396 2571 422 2605 η
457 2553 530 2606 Σὺ
577 2556 605 2606 6
644 2552 848 2623 Ἰησοῦς
877 2551 1061 2621 ἔλεγες
1113 2552 1306 2606 ἑαυτὸν
1344 2553 1478 2607 Θεόν
1509 2570 1523 2585 ο
1557 2573 1576 2606 ι
1627 2556 1962 2629 ἀπεκρίνατο

359 2658 372 2671 δ
392 2640 468 2703 ὡς
503 2641 606 2694 ούκ
636 2642 796 2705 αὐτὸς
829 2641 1022 2694 ἑαυτὸν
1052 2640 1304 2710 ὠνόμασε
1339 2640 1494 2708 Θεὸν,
1522 2641 1638 2694 ἀλλ’
1667 2643 1715 2694 οἱ
1750 2642 1961 2712 ἀνθρω-

398 2754 513 2790 ποι.
563 2732 799 2801 Ἐδίδαξε
823 2736 878 2789 δὲ
906 2734 974 2788 τὰ
1021 2734 1202 2788 πάντα
1230 2733 1512 2803 ὡρισμένα
1556 2735 1651 2788 καὶ
1680 2733 1787 2787 ἀπὸ
1824 2734 1959 2787 Θεοῦ

395 2826 651 2895 γενέσθαι
686 2828 799 2889 τοῖς
832 2826 1163 2894 ἀνθρώποις.
1197 2825 1300 2877 Τὸν
1322 2825 1378 2877 δὲ
1414 2824 1618 2877 Μωσέα
1643 2825 1737 2877 κα)⁴
1752 2824 1963 2895 Ἀαρὼν

396 2915 753 2984 παραστῆναι
807 2914 905 2983 μὲν
944 2914 1002 2966 ὲν
1025 2916 1092 2984 τῇ
1140 2913 1316 2983 κρίσει
1358 2911 1453 2964 τοῦ
1484 2910 1747 2982 Χριστοῦ,
1778 2928 1961 2981 παρα-

396 3005 717 3077 πεμφϐῆναι
740 3005 797 3059 δὲ
824 3007 890 3075 τῇ
922 3004 1139 3057 κολάσει
1168 3003 1244 3065 ὡς
1272 3002 1593 3073 ἀνθρώπους
1624 3001 1959 3070 ἁπατηλούς.

394 3091 594 3161 Ἔλεγε
631 3093 728 3148 καὶ
758 3092 855 3162 τὴν
878 3091 1022 3162 ζωὴν
1045 3089 1390 3159 ἔχειν’ἐκεῖσε
1429 3089 1515 3143 διὰ
1548 3089 1793 3159 φθαρτῆς
1822 3088 1963 3160 βρώ-

2062 2466 2276 2522 Asserit
2311 2466 2559 2519 umbram
2585 2462 2791 2518 Christi
2821 2470 3030 2514 tantum
3064 2474 3094 2512 a
3125 2456 3329 2513 Juda-is
3362 2469 3457 2524 per
3486 2454 3630 2506 invi-

2063 2560 2211 2615 diam
2256 2557 2572 2614 cruciﬁxam
2610 2569 2753 2618 esse,
2786 2568 2910 2607 curn
2951 2550 3235 2606 Christum
3269 2547 3447 2617 ipsum
3488 2547 3631 2601 Deus

2065 2653 2132 2708 ad
2170 2666 2229 2707 se
2283 2649 2574 2718 receperit,
2622 2648 2701 2701 uti
2734 2658 2899 2714 quem
2950 2642 3226 2710 diligeret.
3261 2638 3530 2708 Rogatnm
3577 2637 3631 2689 id

2064 2740 2332 2810 temporis
2380 2737 2566 2792 .lesum
2604 2750 2635 2789 a
2675 2735 2783 2789 Deo
2818 2734 3007 2803 ipsene
3042 2733 3213 2786 Deum
3249 2744 3372 2784 Sese
3419 2742 3633 2781 nuncu-

2064 2838 2266 2903 passet,
2287 2826 2637 2895 respondisse
2670 2839 3015 2894 nequaquam
3048 2823 3100 2877 id
3126 2838 3183 2877 se
3209 2820 3450 2876 nominis
3472 2835 3634 2873 usur-

2058 2934 2256 2991 passe,
2289 2931 2481 2971 verum
2518 2915 2773 2968 homines
2818 2913 2951 2967 illud
2988 2913 3092 2967 sibi
3130 2912 3413 2966 tribuisse.
3464 2912 3632 2963 Docet

2065 3010 2231 3067 etiam
2280 3007 2361 3063 sic
2405 3006 2632 3060 evenire
2672 3012 2867 3058 cuncta
2914 3004 3244 3057 mortalibus
3294 3011 3353 3055 ut
3405 2999 3633 3054 definita

2070 3105 2181 3159 sint
2223 3100 2510 3156 divinitus.
2544 3098 2751 3153 Mosem
2794 3108 2850 3153 et
2878 3098 3152 3152 Aaronem
3198 3096 3460 3150 astituros
3507 3092 3635 3161 qui-

400 3185 539 3247 σεὼς
574 3201 634 3238 τε
671 3184 766 3238 καὶ
798 3185 1033 3243 πόσεως.
1078 3182 1241 3236 Ἀλλὰ
1264 3182 1357 3236 καλ⁸
1383 3182 1484 3251 τὴν
1520 3180 1844 3252 Ἀφροδίτην
1871 3198 1965 3233 κε-

2069 3196 2189 3251 dem
2221 3195 2343 3249 illos
2372 3194 2424 3247 in
2456 3190 2660 3246 Christi
2686 3191 3116 3275 judicio,verum
3152 3188 3349 3243 deinde
3384 3188 3630 3241 futurum

397 3276 732 3346 κρυμμινω;
766 3274 1032 3337 σέβονται.
1063 3274 1173 3328 Καὶ
1205 3273 1365 3344 δῆλον
1410 3274 1474 3326 ἐκ
1511 3276 1607 3342 τῆς
1656 3273 1963 3343 προσευχῆς

2068 3297 2127 3342 ut
2166 3296 2425 3356 tanquam
2477 3284 2899 3353 praestigiatores
2946 3272 3021 3336 ad.
3049 3297 3238 3353 punias
3282 3280 3631 3348 aldegentnr.

394 3367 579 3421 αὐτῶν
600 3384 616 3400 ο
652 3366 872 3434 λέγουσι
902 3367 1007 3436 γὰρ
1037 3364 1208 3429 οὕτως
1230 3381 1247 3398 ο
1279 3383 1299 3417 ι
1339 3363 1599 3421 Ἀλὰὰλὰ
1626 3364 1727 3417 ούὰ
1756 3365 1962 3434 κούὸἁρ

398 3462 520 3524 ἀλα,
557 3477 575 3512 ι
605 3460 748 3512 τοῦτ’
774 3458 940 3522 ἔστιν,
974 3460 1002 3511 6
1042 3456 1175 3519 Θεὸς
1210 3457 1240 3510 6
1287 3456 1417 3518 Θεὸς
1454 3453 1656 3520 μείζων
1684 3457 1777 3510 καὶ
1802 3456 1835 3526 ἡ
1864 3472 1961 3527 με-

400 3552 565 3621 γάλη,
602 3552 721 3623 ῆτοι
761 3550 982 3619 σελήνη,
1029 3547 1319 3619 Ἀφροδίτη
1341 3546 1496 3611 Θεός.

399 3648 713 3718 precatione
776 3645 1209 3716 deprehendere,
1282 3646 1442 3715 cujus
1485 3645 1604 3700 hac
1637 3644 1807 3700 verba
1848 3654 2016 3702 sunt:

2068 3378 2159 3432 Ait
2217 3377 2274 3430 in
2320 3384 2580 3431 secuturo
2615 3388 2837 3443 quoque
2887 3374 3085 3427 saeculo
3140 3388 3239 3426 nos
3283 3372 3449 3425 vitam
3502 3379 3634 3438 potu

2067 3465 2300 3534 ciboque
2326 3461 2683 3533 corruptibili
2708 3470 3135 3516 sustentaturos.
3158 3462 3421 3516 Venerem
3456 3469 3637 3514 secta-

2063 3560 2210 3608 tores
2257 3557 2377 3624 ejus
2406 3554 2623 3609 occulte
2671 3552 2883 3607 colunt.
2916 3551 3071 3606 Licet
3118 3554 3223 3606 hoc
3267 3568 3333 3607 ex
3385 3552 3628 3620 ipsorum

2093 3666 2112 3699 ι
2154 3649 2272 3704 Alla
2322 3651 2427 3706 alia
2484 3666 2587 3717 ua,
2639 3650 2811 3705 eubar
2858 3649 2993 3713 alla,
3045 3666 3065 3701 ι
3120 3647 3226 3702 hoc
3269 3655 3393 3713 est,
3455 3647 3635 3709 Dens,

404 3746 547 3799 Deus
592 3744 786 3814 major,
841 3752 899 3797 et
947 3754 1165 3811 magna,
1212 3739 1474 3795 nimirum
1516 3740 1680 3804 luna,
1732 3754 1856 3809 qua:
1900 3749 1958 3795 et
1997 3740 2184 3798 Venus
2212 3742 2335 3799 dea.

473 3909 626 3965 Μετὰ
653 3907 837 3977 μέντοι
858 3905 954 3959 τοῦ
978 3903 1241 3975 θεηλάτου
1270 3902 1517 3974 Μωάμεο
1546 3902 1773 3958 θάνατον
1793 3906 1964 3976 ἐφάνη

404 4000 578 4071 ἀστὴρ
609 4000 702 4052 ἐπὶ
740 3995 1089 4068 μεσημϐρίαν
1123 3994 1363 4064 δοκιτης,
1408 3995 1500 4047 ἐπὶ
1527 3996 1739 4066 ἡμέρας
1767 3996 1836 4062 λ’,
1869 4014 1967 4067 ση-

408 4092 618 4162 μαίνων
654 4090 756 4160 τὴν
792 4089 897 4143 τῶν
935 4086 1180 4159 Ἀράϐων
1212 4088 1428 4156 ἔφοδον
1484 4090 1605 4141 τότε
1650 4090 1759 4160 γὰρ
1806 4092 1968 4143 κατέ-

408 4200 535 4253 σχον
554 4183 651 4246 τὴν
672 4180 966 4251 Δαμασκὸν
987 4179 1083 4233 καὶ
1112 4179 1246 4232 ἄλλα
1276 4178 1466 4233 πολλά.
1493 4178 1826 4234 Ἐπαινεῖται
1851 4182 1906 4233 δὲ
1933 4183 1966 4253 ή

405 4275 480 4344 γῆ
509 4274 688 4327 αὐτῶν
709 4288 727 4305 ο
761 4271 969 4341 σφόδρα
990 4271 1487 4341 γὰρ’πολύκαρπός
1516 4273 1639 4324 ἔστι
1672 4271 1741 4325 δι’
1770 4272 1971 4343 εῦκρτ-

408 4382 499 4417 τον
537 4363 703 4431 ἀέρα..
740 4362 905 4415 ’Λλλά
932 4363 1028 4415 καὶ
1053 4362 1115 4415 τὸ
1146 4363 1393 4431 πήγανον
1421 4362 1572 4414 οὐδὲν
1599 4362 1844 4433 διαφέρει
1873 4366 1974 4433 τῆς

412 4454 582 4523 συκῆς
606 4454 749 4507 κατὰ
796 4454 858 4506 τὸ
890 4456 1085 4524 μῆκος.
1106 4455 1233 4508 ’Καὶ
1283 4453 1341 4506 ὲν
1368 4452 1699 4524 Παλαιστίνῃ
1735 4454 1789 4506 δὲ
1822 4457 1973 4526 πηγὴ

390 4547 584 4609 ’ἰάσεις
612 4548 947 4615 παρέχουσα,
982 4549 1039 4599 ἐν
1121 4544 1210 4597 τὸν
1245 4543 1451 4615 Κύριον
1478 4545 1857 4615 ὁδοιποροῦντα
1888 4548 1977 4599 λέ-

412 4654 567 4704 γουσι
606 4637 889 4707 νίψασθαι.
947 4637 1058 4691 Καὶ
1081 4637 1299 4707 δένδρον
1346 4636 1559 4691 ἵσταται
1594 4636 1775 4706 πάσης
1798 4639 1978 4709 666w-

2143 3908 2273 3965 Post
2322 3908 2519 3980 hujus:
2540 3909 2728 3978 rejecti
2765 3908 3052 3978 punitique
3099 3923 3131 3962 a
3182 3909 3293 3962 Deo
3341 3908 3637 3964 Maomethi

2074 4011 2308 4057 mortem
2341 4002 2495 4056 sidus
2526 4002 2800 4071 quoddam
2827 4017 3042 4055 ~versus
3090 4001 3375 4053 meridiem
3412 4016 3641 4069 conspu-

2072 4106 2222 4147 ctum
2255 4101 2362 4155 est,
2398 4092 2566 4148 trabis
2612 4092 2839 4167 ﬁguram
2868 4090 3136 4151 referens,
3181 4091 3247 4143 ad
3298 4092 3639 4143 trices‘muru

2075 4198 2251 4253 usque
2280 4183 2425 4237 diem
2455 4198 2469 4247 ;
2502 4198 2613 4251 quo
2642 4182 2881 4236 Arabum
2917 4181 2970 4234 in
3004 4181 3310 4235 Romanum
3349 4180 3640 4249 imperium

2077 4274 2290 4329 invasio
2314 4273 2641 4328 denuntiata
2677 4273 2800 4326 fuit.
2827 4273 2961 4328 Nam
2985 4281 3041 4327 et
3071 4274 3392 4327 Damascum
3424 4273 3478 4327 id
3508 4283 3644 4326 tern-

2074 4368 2226 4436 poris
2257 4382 2409 4420 suam
2440 4366 2491 4419 in
2528 4373 2854 4433 potestatem
2897 4366 3228 4436 redegerunt
3257 4376 3312 4419 et
3346 4364 3480 4418 alias
3509 4365 3665 4417 ruul-.

2080 4464 2164 4509 tas
2199 4456 2386 4509 urbes.
2421 4457 2597 4522 Atque
2644 4454 2840 4506 horum
2874 4468 3005 4506 sane
3056 4453 3294 4507 Arabum
3349 4454 3501 4522 regio
3536 4468 3647 4505 rna-

2078 4560 2317 4614 gnopere
2344 4546 2696 4613 praedicatur,
2726 4545 2803 4598 uti
2835 4556 2956 4613 qua:
2982 4545 3137 4614 cepia
3168 4545 3441 4599 {rm-tuum
3474 4545 3650 4597 adun-

2080 4635 2170 4688 det
2202 4636 2589 4704 proptcraeris
2614 4636 3064 4703 temperationern
3100 4636 3252 4689 valde
3281 4638 3643 4690 commodam.

413 4728 566 4789 στεας
598 4726 938 4795 ἀλεξίκακον,
963 4726 992 4780 6
1012 4727 1225 4795 δένδρον
1247 4727 1326 4790 είς
1346 4727 1448 4798 γῆν
1471 4728 1659 4799 ἐκλίοη
1690 4730 1785 4782 καὶ
1809 4747 1965 4802 προσ-

2084 4727 2224 4780 Ruta
2262 4726 2383 4779 istic
2416 4742 2445 4780 a
2476 4726 2578 4778 ticu
2617 4727 2950 4794 proceritate
2979 4741 3085 4779 non
3122 4727 3646 4795 superaturJtideur

412 4818 643 4888 εκύνησε
680 4820 841 4890 δῆθεν
882 4818 972 4873 τὸν
997 4818 1203 4889 Κύριον
1235 4819 1316 4882 εἰς
1357 4820 1632 4886 Αἴγυπτον
1680 4821 1974 4890 φεύγοντα,

416 4910 597 4974 σώζει
624 4911 681 4964 δὲ
737 4913 831 4964 καὶ
862 4911 1030 4964 εἰσέτι
1073 4911 1133 4963 τὸ
1183 4910 1367 4980 σχῆμα
1399 4910 1501 4980 τῆς
1530 4913 1984 4982 προσκυνήσεως.

426 5000 575 5054 Ἐκεῖ
632 5002 752 5054 ἐστὶ
803 5002 898 5054 καὶ
946 5002 980 5071 ἡ
1016 5000 1299 5070 βαταρῖτις
1331 4999 1456 5069 ῥίζα
1499 5002 1532 5070 ἡ
1582 4996 1984 5074 φλογοειδὴςνῇ

418 5090 784 5161 προσεγγίσαι
811 5107 898 5153 τις
939 5090 998 5142 ού
1030 5089 1230 5159 τολμᾷ,
1269 5090 1581 5142 ἀνασπᾶται
1606 5090 1666 5144 δὲ
1702 5090 1861 5152 κυνὸς
1889 5091 1987 5157 τῆς

416 5179 670 5248 τοιαύτης
721 5178 879 5249 ῥίζης
940 5178 1167 5247 πλησίον
1197 5177 1481 5241 δεθέντοςο
1529 5179 1563 5246 ὴ
1619 5180 1806 5246 μέντοι
1853 5180 1977 5251 ῥίζα

415 5270 828 5341 περιαπτομένη
844 5269 1274 5339 δαιμονιζομένῳ
1291 5268 1583 5338 φυγαδεύει
1613 5269 1704 5322 τὸν
1722 5270 1973 5339 δαίμονα.

413 5361 749 5430 Γεωργείται
770 5360 826 5412 δὲ
863 5361 956 5414 καὶ
981 5359 1258 5414 ὀποϐάλσα
1267 5378 1364 5429 μον
1390 5362 1571 5414 ἐκεῖσε
1603 5362 1758 5416 πολύ.
1789 5360 1978 5431 Ταύτῃ

409 5466 493 5504 τοι
523 5451 621 5503 καὶ
643 5451 745 5520 τὴν
764 5450 869 5521 γῆν
893 5450 1100 5517 ταύτην
1124 5450 1199 5513 ὡς
1230 5451 1506 5520 ἐξαίρετον
1536 5451 1615 5521 τῷ
1641 5453 1983 5521 ἠγαπημένῳ

408 5539 643 5593 δέδωκεν
668 5542 696 5593 6
727 5539 862 5602 Θεὸς
906 5540 1145 5609 Ἰσραήλ.
1191 5540 1280 5592 Ἐν
1310 5541 1448 5609 αὑτῇ
1491 5542 1587 5593 καὶ
1616 5543 1644 5593 6
1676 5542 1878 5612 Κύριος
1913 5544 1980 5595 τὰ

410 5631 590 5684 πάντα
624 5632 943 5700 εἰργάσατο.
979 5630 1200 5701 Ταύτην
1233 5630 1326 5685 οὖν
1352 5634 1449 5685 καὶ
1486 5634 1536 5685 οἱ
1569 5632 1835 5704 ἐξηγηταὶ
1858 5637 1978 5705 ’τῆς

410 5723 513 5791 γῆς
545 5723 824 5793 ὀφθαλμὸν
855 5724 1330 5793 προσηγόρευσαν.

2082 4817 2136 4870 in
2167 4817 2451 4871 Palaestina
2486 4817 2655 4887 278
2692 4817 2814 4871 fons
2849 4819 3063 4889 cst,qui
3093 4818 3317 4872 morbos
3352 4828 3507 4872 sanat
3536 4835 3548 4870 :
3594 4820 3647 4873 in

2079 4924 2146 4964 eo
2180 4907 2475 4963 Dominum
2529 4908 2637 4963 iter
2665 4908 2963 4977 aliquando
2991 4909 3281 4963 facientem
3316 4908 3557 4965 abluisse
3590 4926 3651 4966 se

2084 5002 2397 5071 perhibent.
2456 5001 2635 5056 Etiam
2690 5000 2857 5055 arbor
2909 5000 2985 5055 ibi
3059 5001 3306 5070 quaedam
3361 5012 3463 5068 est,
3530 5018 3652 5071 qua:

2082 5093 2306 5162 quasvis
2347 5091 2700 5146 inﬁrmitates
2729 5092 2907 5162 pellit.
2944 5092 3018 5146 Ea
3053 5107 3111 5147 se
3139 5091 3205 5145 ad
3246 5101 3446 5146 terram
3480 5109 3649 5160 usque.

2086 5182 2300 5238 inﬂexit
2344 5184 2749 5253 Dominumque
2797 5182 3070 5241 submisse
3099 5191 3353 5237 venerata
3391 5193 3497 5244 est,
3525 5196 3647 5235 Clllll

2086 5275 2139 5329 in
2170 5273 2465 5347 Egyptum
2501 5275 2733 5346 fugeret.
2775 5272 2906 5346 Ejus
2938 5274 3248 5329 inﬂexionis
3278 5272 3649 5328 adorabnnda:

2090 5365 2319 5422 fortnam
2374 5367 2653 5436 hodieque
2698 5368 2922 5422 retinet.
2976 5367 3105 5422 Istic
3153 5375 3210 5422 et
3242 5366 3491 5421 bataritis
3539 5372 3646 5426 est,

2089 5456 2246 5511 radix
2275 5458 2524 5526 quaedam
2550 5457 2902 5525 ﬂammea,ad
2937 5473 3099 5526 quam
3133 5458 3358 5526 prepius
3390 5453 3649 5508 accedere

2088 5564 2252 5603 nemo
2281 5549 2489 5613 audet;
2525 5548 2620 5603 sed
2659 5564 2757 5619 per
2790 5565 2978 5603 canem
3014 5549 3268 5604 evellitur
3296 5560 3462 5615 prope
3500 5545 3649 5598 radi-

2084 5653 2202 5692 cem
2261 5638 2564 5706 alligatum.
2614 5636 2739 5693 11ωο
2791 5639 2941 5691 radix
2987 5637 3197 5691 homini
3248 5651 3275 5686 a
3315 5635 3454 5687 man
3488 5638 3649 5706 genio

2083 5738 2281 5783 vexato
2313 5730 2529 5782 admota
2567 5731 2785 5798 genium
2827 5731 3004 5798 ipsum
3056 5729 3205 5798 fugat
3233 5736 3288 5779 et
3326 5727 3513 5797 abigit.
3550 5726 3653 5781 lis-

410 5813 532 5867 dem
578 5815 636 5869 in
683 5816 822 5871 locis
890 5824 948 5871 et
1014 5815 1429 5885 opobalsamum
1474 5815 1697 5886 copiose
1748 5816 2046 5872 admodum
2090 5820 2452 5891 agricultionc
2508 5819 2751 5871 adhibita
2816 5819 3086 5885 provenit.
3150 5819 3441 5885 Propterea
3507 5817 3650 5873 Deus
