4154 6200
545 346 655 409 ὗῖΩ

1806 349 2227 416 MlCli.\El.lS
2269 355 2525 417 GLl'CxE

3676 345 3796 426 520'

548 461 690 513 hanc
726 469 922 514 terram
961 461 1108 513 velut
1139 459 1391 514 eximiam
1425 455 1772 516 lsraclo‘sibi
1845 465 2168 519 charissinto
2197 465 2454 526 ,tlonavit.
2507 468 2563 521 ln
2625 465 2815 523 eadem
2878 477 2933 523 et
2977 467 3242 524 Dominus
3294 467 3475 524 omnia
3533 473 3778 541 perfecit.

546 556 781 625 Ideoque
832 555 1086 609 doctores
1138 555 1286 609 illam
1347 556 1571 610 oculum
1629 558 1782 612 orbis
1837 568 2108 614 terrarum
2151 545 2562 628 nuncuparunt.

615 649 885 703 Csrterum
918 648 1191 704 Constans
1219 650 1680 721 impcrator.cum
1712 654 1890 706 navali
1926 655 2110 724 prmlio
2143 668 2184 718 Α

543 741 844 794 tle-eernere
894 739 1058 794 vellet
1107 739 1372 795 adversus
1411 741 1620 796 Arabes
1649 785 1664 807 ,
1703 743 2107 802 Thessalonica:

532 832 654 886 'sibi
704 848 802 900 per
831 833 1072 901 quietem
1105 847 1225 886 esse
1260 833 1412 886 visus
1446 843 1547 888 est.
1583 834 1640 888 Id
1681 837 1952 888 somnium
2012 837 2106 890 ubi

529 925 760 978 'cn'idam
813 925 1094 994 interpreti
1151 940 1331 983 rerum
1383 925 1696 996 hujusmodi
1739 929 2106 997 exposuisset,

529 1017 731 1071 'infelix
763 1031 886 1069 esse.
913 1014 1144 1075 didicit;
1184 1031 1306 1068 nam
1340 1031 1406 1070 eo
1441 1017 1735 1086 signiﬁcari
1767 1021 2110 1074 t'l‘hcssallc-

527 1110 726 1171 ‘nicen,
760 1126 777 1158 ι
817 1107 924 1162 hoc
949 1113 1052 1170 est,
1101 1106 1272 1160 Alteri
1299 1105 1430 1161 cede
1459 1109 1762 1162 victoriam.
1809 1111 1990 1165 Altero
2021 1112 2108 1166 die

541 1201 730 1272 lit-adio
760 1193 884 1254 eu'm
918 1200 1074 1254 hoste
1113 1216 1443 1269 congressus
1472 1212 1526 1254 et
1568 1212 1856 1270 superatus
1890 1203 2105 1257 cuidam

526 1305 766 1343 suorum
802 1305 1097 1358 purpuram
1149 1289 1348 1354 induit,
1391 1289 1608 1358 sibique
1642 1291 1950 1343 clanculum
1982 1290 2106 1361 fuga

537 1383 799 1437 consulit.
826 1383 1070 1436 lsautcm
1097 1382 1149 1433 in
1185 1397 1369 1450 pugna
1399 1397 1572 1435 caesus
1600 1397 1788 1451 reapse
1809 1382 2112 1451 promeruit

534 1485 603 1528 ‘ut
636 1475 739 1528 hoc
768 1473 834 1528 de
883 1474 1000 1542 ipSo
1051 1473 1278 1526 verbum
1315 1473 1680 1542 praedicetur:
1724 1494 1741 1524 ‹
1789 1473 1961 1545 Major
1991 1488 2110 1530 esse

544 1569 750 1638 nequit
784 1577 939 1620 amor
991 1568 1042 1618 in
1088 1567 1373 1620 hominum
1421 1567 1532 1618 ullo
1575 1582 1737 1636 quam
1786 1569 1828 1621 si
1870 1569 2106 1621 animam

539 1669 696 1713 snam
725 1659 846 1728 quis
881 1657 1041 1711 amici
1072 1673 1236 1712 causa
1283 1667 1447 1725 ponat
1485 1658 1526 1711 ¹.
1573 1675 1590 1706 ι
1639 1657 1950 1712 Secundum
1995 1659 2110 1712 haec

534 1749 810 1802 Constans
843 1745 897 1800 in
930 1747 1173 1800 biciliam
1208 1760 1327 1799 sese
1358 1744 1614 1811 contulit,
1660 1745 1875 1815 imperii
1920 1744 2106 1798 sedem

538 1835 766 1895 Romam
837 1837 1139 1892 transferre
1204 1839 1469 1906 cogitans.
1528 1837 1895 1890 Vehementer
1958 1837 2107 1908 enipi

533 1928 813 2004 Byzantiis
857 1930 1067 1984 invisus
1107 1938 1246 1992 erat,
1277 1929 1426 1998 quod
1457 1928 1748 1982 Martinum
1793 1929 1979 1994 Romae
2010 1943 2106 1997 pa-

2299 657 2357 709 Ὀ
2384 657 2573 726 μέντοι
2621 657 2887 720 Κώνστας
2934 655 3107 709 θέλων
3162 655 3395 726 συνάψαι
3445 658 3783 729 ναυμαχικὺν

2211 749 2446 816 πόλεμον
2474 749 2614 818 μετὰ
2645 749 2754 802 τῶν
2797 749 2848 800 Ἀ
2861 749 3040 820 ράὸων
3074 748 3220 814 ἔδοξε
3264 751 3384 803 κατ’
3411 749 3548 822 ὄναρ
3577 752 3782 813 διάγειν

2209 839 2267 890 ἐν
2299 837 2690 908 Θεσσαλονίκῃ.
2725 839 2902 909 Ὅπερ
2936 838 3293 909 ἀποκαλύψας
3337 841 3450 894 τινὶ
3489 841 3777 910 γνωστικῷ

2209 928 2441 996 ἤκουσεν
2474 929 2555 981 ὅτι
2605 929 2775 982 κακὸν
2809 929 3097 982 ἐνύπνιονθ
3142 931 3234 982 καὶ
3263 931 3372 1000 γάρ
3398 945 3411 960 ·
3447 947 3467 980 ί
3499 931 3603 993 Θές
3635 930 3669 984 ἄ
3703 932 3779 1000 λῳ

2209 1019 2308 1086 τὴν
2335 1018 2490 1087 νίκην
2513 1037 2532 1068 ι
2557 1019 2830 1086 σημαίνει.
2861 1019 2937 1088 Τῇ
2957 1019 3086 1087 γοῦν
3112 1020 3372 1089 ἐπαύριον
3401 1022 3776 1090 συγκροτήσας

2212 1108 2447 1179 πόλεμον
2497 1111 2590 1164 καὶ
2621 1111 2874 1181 ἡττηθεὶς
2924 1113 3140 1164 ἐνέδυσε
3192 1114 3292 1180 μὲν
3341 1113 3438 1182 τὴν
3488 1112 3778 1183 ἁλουργίδα

2209 1201 2331 1252 τινὰ
2379 1200 2486 1253 τῶν
2531 1201 2746 1254 οἰκείων
2794 1201 2979 1268 αὐτοῦ,
3029 1202 3186 1266 αὐτὸς
3236 1203 3292 1256 δέ
3329 1203 3505 1274 λάθρα
3557 1205 3780 1272 ἔφυγεν.

2223 1289 2344 1343 Ἐπ’
2373 1293 2567 1362 ἐκείνῳ
2593 1293 2778 1346 λοιπὸν
2809 1293 3074 1362 σφαγέντι
3103 1294 3242 1347 κατὰ
3277 1295 3367 1348 τὸν
3401 1295 3642 1364 πόλεμον
3686 1311 3780 1346 πε-

2211 1382 2516 1452 πλήρωται’
2559 1385 2826 1448 ιΜεὶξονα
2856 1387 3058 1453 ταύτης
3085 1386 3302 1454 ἀγάπην
3331 1384 3504 1448 οὐδεὶς
3531 1385 3664 1456 ἔχει,
3692 1385 3781 1439 ἵνα

2210 1491 2291 1537 τις
2329 1475 2428 1544 τὴν
2453 1474 2629 1546 ψυχὴν
2660 1475 2826 1528 αὑτοῦ
2858 1475 3002 1548 θήσῃ
3037 1475 3176 1546 ὑπὲρ
3220 1474 3314 1529 τοῦ
3343 1475 3498 1543 φίλου
3529 1475 3714 1530 αὐτοῦ.
3755 1494 3775 1527 ι

2222 1565 2281 1618 Ὀ
2307 1563 2361 1615 δέ
2399 1563 2658 1628 Κώνστας
2709 1563 3102 1635 κατῆλθενέίς
3155 1565 3423 1631 Σικελίαν,
3459 1564 3780 1635 βουλόμενος

2212 1657 2269 1709 ἐν
2306 1657 2490 1727 Ῥώμῃ
2526 1660 2864 1728 καταστῆσαι
2895 1657 2954 1710 τὸ
2990 1657 3286 1726 βασίλειον·
3318 1657 3521 1726 σφόδρα
3542 1657 3650 1727 γὰρ
3675 1656 3781 1709 ὑπὸ

2214 1744 2322 1797 τῶν
2349 1743 2656 1807 Βυζαντίων
2688 1745 2951 1813 ἐμισεῖτο,
2973 1745 3054 1798 ὃτι
3083 1761 3138 1797 τε
3179 1745 3456 1815 Μαρτῖνον
3482 1744 3573 1797 τὸν
3596 1743 3782 1798 πάπαν

2225 1833 2443 1905 Ῥώμης
2516 1834 2739 1902 ἀγαγὼν
2810 1835 3021 1904 ἀτίμως
3083 1836 3140 1888 ἐν
3181 1835 3768 1898 Κωνσταντινουπόλει,

2210 1921 2470 1994 ἐξώρισεν
2499 1926 2577 1988 εἰς
2605 1925 2886 1995 Χερσῶνα,
2934 1928 3120 1996 χεῖράς
3153 1943 3210 1979 τε
3258 1927 3352 1979 καὶ
3389 1926 3638 1993 γλῶτταν
3686 1927 3780 1979 τοῦ

534 2037 659 2093 pani
705 2023 1102 2078 etmtumeliosc
1143 2021 1356 2090 Cpolim
1395 2021 1724 2090 perductum
1772 2020 2107 2075 Chersont-m

2216 2015 2458 2084 μεγάλου
2505 2017 2760 2086 Μαξίμου
2818 2016 3062 2086 ἀπέτεμε
3110 2018 3183 2087 μὴ
3238 2017 3622 2088 συντιθεμένου
3669 2019 3781 2075 τοῖς

537 2115 592 2167 in
622 2114 873 2168 exsilium
903 2113 1126 2182 egisset,
1154 2127 1217 2166 ac
1245 2112 1447 2165 eximio
1480 2113 1604 2165 viro
1637 2112 1868 2165 Maximo
1893 2126 2115 2164 manum

536 2220 659 2257 eum
701 2205 884 2270 lingua
939 2201 1303 2270 przecidisset,
1353 2216 1514 2253 unam
1566 2202 1637 2254 ob
1683 2215 1926 2260 causam,
1961 2201 2109 2271 quod

537 2295 1034 2351 Monotheletarum
1069 2301 1277 2346 sectam
1314 2306 1420 2344 non
1458 2291 1732 2360 probaret.
1763 2292 1898 2346 Cum
1927 2303 2111 2348 autem

536 2404 630 2442 rex
679 2401 854 2440 annos
902 2386 954 2438 in
1009 2383 1195 2439 Sicilia
1237 2383 1486 2446 vixisset,
1524 2382 1711 2452 ibique
1746 2383 1948 2438 liberos
1982 2399 2114 2440 suos

533 2479 688 2547 Cpoli
736 2487 1001 2532 venturos
1054 2483 1464 2543 exspectasset,
1521 2475 1740 2529 tandem
1798 2476 1851 2529 in
1909 2476 2110 2531 balneo

535 2573 767 2618 net-atus
817 2575 923 2617 est.
973 2563 1196 2616 Exstitit
1233 2563 1302 2618 iis
1349 2563 1509 2616 anuis
1555 2562 1974 2630 Constantinus,
2015 2567 2110 2636 qui

531 2664 588 2709 et
639 2654 859 2724 Sylvani
917 2668 1118 2708 nomen
1155 2652 1370 2716 habuit,
1407 2653 1561 2708 Pauli
1592 2653 1934 2709 Samosateni
1981 2671 2108 2710 suc-

2215 2107 2643 2177 Μονοθελήταις.
2675 2108 2772 2172 Ἓξ
2806 2106 2898 2160 οὖν
2927 2110 3155 2178 ποιήσας
3189 2107 3283 2176 ἐτη
3312 2108 3369 2160 ἐν
3393 2105 3614 2178 Σικελίᾳ
3640 2107 3782 2176 (ἀνέ-

2215 2217 2343 2269 μενε
2379 2200 2488 2272 γάρ
2523 2200 2649 2263 τοὺς
2673 2199 2840 2252 αὑτοῦ
2871 2200 3066 2262 παῖδας
3102 2199 3274 2252 ἐλθεῖν
3299 2199 3404 2252 ἀπὸ
3436 2201 3778 2251 Κωνσταντι-

2213 2291 2541 2359 νουπόλεως)
2595 2291 2834 2363 ἀνῃρέθη
2887 2293 2943 2344 ἐν
2988 2290 3286 2362 βαλανείῳ.
3321 2290 3456 2344 Κατ’
3491 2291 3669 2343 ἐκεῖνο
3719 2289 3776 2341 δὲ

2212 2383 2406 2452 καιροῦ
2438 2383 2613 2452 ἐφάνη
2644 2385 3053 2446 Κωνσταντῖνος
3102 2383 3130 2436 ὁ
3183 2384 3278 2437 καὶ
3309 2382 3597 2444 Σιλουανδς
3621 2379 3777 2448 λεγό-

2215 2488 2397 2544 μενος,
2427 2475 2454 2527 ὁ
2483 2473 2699 2527 Παύλου
2725 2472 2817 2527 τοῦ
2857 2475 3219 2543 Σαμοσατέως
3255 2474 3525 2542 διάδοχος,
3573 2471 3633 2534 6-;
3671 2470 3776 2521 ἐδί-

2211 2566 2374 2620 δασκε
2409 2565 2593 2636 μόνοις
2631 2569 2744 2629 τοῖς
2771 2566 3180 2634 εὐαγγελιστατς
3219 2567 3314 2617 καὶ
3344 2565 3422 2634 τῷ
3464 2561 3778 2632 Ἀποστόλῳ

2212 2659 2523 2728 προσέχειν,
2550 2660 2642 2711 καὶ
2671 2657 2884 2722 τούτοις
2919 2657 3396 2728 διεστραμμένως.

534 2761 741 2804 cesset.
779 2747 975 2804 Docuit
1004 2749 1098 2802 ille
1131 2749 1265 2803 solis
1333 2749 1664 2820 evangelii-ae
1727 2749 1976 2806 historia:
2039 2753 2406 2824 scriptoribus
2479 2766 2534 2811 et
2585 2757 2677 2810 uni
2725 2755 2987 2826 Apostolo
3030 2755 3190 2810 fidem
3242 2753 3572 2818 habendam,
3617 2751 3781 2820 idque

536 2843 749 2895 ratione
780 2855 1005 2908 prorsus
1039 2855 1315 2909 perversa.

601 2934 728 2987 Post
759 2933 1118 2987 Constantem
1149 2933 1384 3002 imperio
1427 2933 1638 3003 potitus
1684 2942 1768 2989 est
1795 2935 2106 2991 Constanti-

537 3041 640 3080 nus
670 3025 842 3096 ipsius
880 3024 1046 3088 filins,
1083 3034 1449 3094 Cognt-mento
1481 3027 1799 3097 Pogonatus
1827 3027 1943 3082 sive
1972 3027 2109 3080 Bar-

535 3123 907 3181 batus,annos
941 3118 1026 3170 l7.
1060 3117 1110 3171 ls
1139 3116 1354 3170 Barbati
1384 3117 1807 3186 appellationem
1840 3133 1905 3172 ex
1939 3133 2103 3172 causa

532 3209 770 3277 quadam
816 3205 1133 3276 hujusmodi
1179 3206 1412 3275 accepit.
1448 3206 1584 3260 Cum
1630 3207 1685 3260 in
1736 3207 1922 3262 Sicilia
1958 3207 2104 3262 Con-

536 3308 779 3351 stantem
815 3309 1024 3365 patrem
1062 3306 1342 3351 mortuum
1375 3297 1778 3366 accepisset,eo
1826 3299 2107 3366 profectus

534 3399 656 3442 est:
691 3387 818 3441 inde
861 3402 1116 3441 reversus
1149 3387 1416 3440 Barbatus
1448 3399 1736 3456 propterea
1768 3387 1875 3441 dici
1911 3387 2104 3456 cmpit,

535 3477 682 3548 quod
726 3491 924 3546 expers
977 3479 1158 3531 barbae
1203 3476 1356 3546 prius
1410 3477 1465 3530 in
1509 3478 1688 3530 reditu
1740 3477 1965 3531 barbam
2019 3478 2107 3530 in-

539 3582 750 3638 tegram
778 3567 1053 3636 justazque
1079 3565 1472 3636 magnitudinis
1507 3565 1755 3620 haberet.
1784 3565 1861 3620 Ex
1895 3567 2111 3620 intesti-

543 3681 742 3720 norum
771 3663 966 3718 dolore
997 3662 1164 3716 vitam
1195 3676 1319 3716 cum
1349 3674 1526 3716 morte
1567 3663 1946 3716 commutavit.

613 3755 978 3812 Constantino
1014 3761 1236 3806 mortuo
1257 3752 1606 3807 Justinianus
1639 3752 1800 3808 annis
1829 3753 1896 3806 16
1927 3768 2108 3808 rerum

539 3849 750 3919 petitus
777 3857 882 3912 est,
911 3862 940 3899 a
968 3845 1198 3902 naribus
1227 3844 1455 3899 resectis
1486 3845 1650 3914 279
1689 3829 1948 3912 deinceps
1976 3844 2112 3900 Rhi-

539 3938 768 3992 notmeti
802 3951 1000 3990 nomen
1033 3949 1384 3990 consecutus.
1404 3934 1502 3986 Hic
1533 3934 1830 4003 imperator
1850 3935 2110 3989 universo

541 4030 744 4100 populo
779 4043 944 4096 supra
978 4026 1203 4081 modum
1236 4026 1448 4093 invisus
1479 4034 1620 4088 erat,
1652 4026 1820 4080 homo
1848 4026 2020 4080 durus
2049 4042 2112 4081 ac

537 4121 726 4183 ferox,
757 4119 992 4172 aliorum
1045 4126 1419 4186 contemptor,
1465 4116 1759 4186 omniaque
1800 4130 1859 4169 se
1907 4116 2111 4171 habere

537 4212 758 4281 cognita
805 4219 1026 4280 putans.
1060 4207 1177 4274 Qua
1204 4208 1270 4261 da.-
1300 4223 1466 4262 causa
1501 4207 1706 4262 factum
1743 4215 1802 4259 ut
1849 4203 2145 4275 Lcontiusf

537 4304 828 4373 patricius,
859 4301 1134 4362 seditione
1181 4301 1458 4355 concitata
1496 4310 1660 4353 noctu
1711 4315 1741 4354 a
1772 4300 2110 4354 Venetorum

472 4397 490 4413 '
541 4395 804 4456 factione,
838 4393 1139 4462 imperator
1165 4391 1598 4446 renuntiaretur.
1623 4391 1676 4445 ls
1713 4391 1801 4445 ubi
1837 4391 1958 4446 dies
1993 4391 2118 4444 illu-

539 4487 711 4541 xisset
757 4485 1130 4541 Justiulanum
1200 4483 1346 4552 cepit
1415 4496 1652 4551 euntque
1705 4483 1934 4551 praeciso
1985 4497 2116 4536 naso

2197 2991 2200 2994 λ
2292 2934 2448 2990 Μετὰ
2477 2935 2535 2989 δέ
2583 2934 2906 2989 Κώνσταντα
2949 2935 3355 2998 Κωνσταντϊνος
3401 2937 3430 2989 6
3477 2933 3594 3000 υἰδς
3618 2937 3781 2990 αὐτοῦ

2218 3029 2246 3080 ὁ
2281 3031 2619 3096 Πωγωνᾶτος
2662 3028 2754 3097 ἔτη
2791 3027 2876 3090 ιζ’.
2915 3031 3251 3096 Πωγωιᾶτος
3281 3028 3336 3081 δὲ
3362 3028 3578 3095 ἐλέγετο
3607 3030 3677 3082 δι’
3701 3031 3786 3083 αξη

2222 3121 2344 3174 τίαν
2385 3119 2666 3188 τοιαύτην.
2699 3117 2805 3172 Τὸν
2853 3121 2910 3172 ἐν
2951 3120 3170 3190 Σικελίᾳ
3204 3121 3390 3190 μαθὼν
3432 3120 3660 3173 θάνατον
3687 3121 3784 3173 τοῦ

2215 3212 2423 3282 πατρὸς
2478 3209 2646 3263 αὐτοῦ
2703 3210 3055 3276 Κώνσταντος
3087 3214 3264 3265 ἐκεῖσε
3318 3213 3569 3281 κατάγει.
3617 3214 3784 3268 Πάλιν

2213 3299 2306 3356 οὖν
2362 3303 2673 3372 ἀνέρχεται.
2721 3302 2836 3373 Ἐφ’
2890 3297 2932 3370 ᾧ
2974 3305 3070 3356 καὶ
3126 3303 3463 3372 Πωγωνᾶτος
3520 3306 3737 3368 λέγεται
3763 3320 3788 3352 ’-

2211 3393 2457 3460 άγένειος
2507 3395 2616 3463 γὰρ
2667 3395 2846 3448 ἐκεῖσε
2900 3395 3175 3449 κατελθὼν
3233 3395 3610 3465 τελειοπὼγων
3654 3397 3783 3449 ὑπέ-

2216 3488 2439 3556 στρεψε.
2475 3486 2716 3558 Τελευτᾷ
2754 3487 2808 3540 δὲ
2836 3485 2925 3540 τὸν
2957 3487 3070 3555 βίον
3096 3488 3496 3558 δυσεντερικός.

2288 3749 2398 3801 Καὶ
2423 3747 2615 3818 κρατεῖ
2634 3747 2770 3818 μετὰ
2788 3745 2974 3801 τοῦτον
2989 3747 3358 3811 Ἵουστινιανδς
3382 3749 3409 3800 ό
3437 3746 3788 3819 Ῥινότμητος

2219 3840 2313 3909 ἐτη
2348 3838 2450 3903 ις’.
2483 3832 2652 3902 Οὗτος
2682 3841 2710 3892 6
2750 3837 3001 3908 βασιλεὺς
3046 3838 3168 3892 καθ’
3195 3839 3503 3908 ὑπερϐολὴν
3533 3841 3778 3908 ἐμισεῖτο

2218 3929 2368 4000 παρὰ
2386 3930 2585 3990 παντὸς
2602 3927 2752 3994 λαοῦ,
2768 3929 3000 3998 σκληρδς
3026 3927 3100 3982 ὢν
3123 3929 3214 3982 καὶ
3237 3931 3549 4000 ὑπερόπτης
3571 3930 3664 3982 καὶ
3681 3932 3786 3984 πᾶ-

2218 4038 2317 4074 σαν
2335 4024 2435 4090 τὴν
2451 4021 2650 4088 γνῶσιν
2675 4001 2817 4090 ἔχειν
2841 4019 3201 4074 δοκῶν.”Οθεν
3227 4020 3476 4084 Λεόντιος
3496 4021 3784 4091 πατρίκιος

2221 4111 2514 4173 στασιάσας
2538 4110 2929 4180 ἀναγορεύεται
2955 4111 3143 4175 νυκτὸς
3169 4111 3272 4164 ὑπὸ
3295 4111 3465 4182 δήμου
3497 4112 3604 4165 τῶν
3631 4112 3787 4165 Βενέ-

2218 4220 2326 4256 των
2365 4203 2620 4274 βασιλεὺς
2640 4243 2655 4268 ,
2683 4204 2896 4275 ἡμέρας
2918 4204 2974 4256 δέ
3001 4207 3296 4275 γενομένης
3325 4207 3520 4274 κρατεῖ
3547 4207 3638 4258 τὸν
3658 4203 3788 4258 ’1ου-

2219 4297 2508 4358 στινιανὶν,
2533 4295 2626 4347 καὶ
2667 4295 3028 4365 ῥινοτομήσας
3057 4296 3219 4348 αὑτὸν
3243 4297 3322 4358 εἰς
3361 4296 3628 4366 Χερσῶνα
3653 4296 3788 4360 ἐξώ-

2219 4403 2357 4454 ρισε.
2389 4387 2598 4454 Κρατεί
2617 4385 2800 4438 λοιπὸν
2825 4387 2852 4438 6
2876 4371 3124 4446 Λεόντιος
3153 4385 3246 4456 ἐτη
3279 4387 3429 4454 τρία,
3462 4385 3560 4438 καὶ
3583 4387 3786 4453 πάσχει

2213 4475 2516 4547 τηνςκαῦτα
2546 4476 2612 4528 τὰ
2642 4477 2733 4530 τσα
2775 4475 2854 4544 τῷ
2895 4475 3256 4546 Ἰουστινιανῷ
3279 4492 3294 4508 ·
3329 4479 3357 4529 6
3392 4477 3500 4546 γάρ
3526 4473 3659 4543 παρ’
3689 4476 3790 4528 αὒ-

539 4577 880 4630 Chersonem
937 4575 1192 4629 exsulare
1237 4572 1421 4643 jussit.
1473 4571 1586 4625 lloc
1646 4572 1808 4626 modo
1856 4571 2113 4626 Leontius

2216 4568 2311 4619 τοῦ
2352 4568 2491 4619 κατὰ
2535 4567 2786 4636 ’Λράσων
2836 4567 3051 4630 σταλεὶς
3084 4569 3413 4638 μυρίανδρος
3462 4569 3660 4632 στόλος
3690 4568 3787 4621 καὶ

546 4667 846 4722 triennium
895 4665 1162 4736 regnavit,
1210 4678 1319 4731 quo
1373 4673 1568 4716 exacto
1609 4662 1752 4715 idem
1810 4661 1910 4730 ipsi
1967 4662 2114 4730 quod

541 4760 858 4814 Justiniano
903 4754 1126 4809 accidit.
1175 4753 1308 4805 Nam
1343 4753 1544 4806 missus
1579 4752 1646 4806 ab
1682 4753 1800 4821 ipso
1852 4751 2116 4806 adversus

545 4849 756 4904 Arabas
777 4848 1054 4903 exercitus
1095 4861 1225 4900 sane
1261 4845 1550 4907 maximus,
1587 4860 1711 4899 cum
1743 4845 1908 4898 semel
1951 4855 2116 4915 atque

548 4942 747 4993 iterum
796 4937 1076 4992 sinistram
1124 4937 1400 4990 fortunam
1450 4935 1639 5006 iniquo
1685 4934 1854 4988 ferret
1907 4937 2112 5001 animo,

547 5031 834 5100 Apsitnaro
889 5029 1126 5097 quodam
1159 5027 1263 5081 sibi
1317 5013 1575 5096 pra'fecto
1611 5025 1928 5096 Byzantium
1965 5035 2112 5080 recta

546 5119 854 5174 Contendit.
901 5117 1247 5187 Quapropter
1282 5118 1626 5187 Apsitnarus,
1669 5132 1832 5186 quem
1877 5116 1984 5171 alio
2019 5131 2116 5170 no-

553 5211 699 5266 mine
727 5209 1014 5264 Tiberium
1045 5208 1322 5270 dixerunt.
1350 5207 1577 5261 Leontio
1609 5223 1763 5262 suam
1794 5207 1848 5260 in
1880 5215 2117 5276 potesta-

552 5314 661 5356 tem
693 5301 917 5355 redacto
949 5315 1110 5354 nares
1142 5297 1412 5368 prmcidit,
1447 5297 1838 5365 hominemque
1877 5295 2116 5349 carceri-

553 5394 656 5448 bus
709 5391 956 5445 inclusit.
987 5391 1107 5461 lpsc
1162 5405 1330 5460 regno
1377 5388 1443 5442 ad
1485 5405 1543 5443 sc
1594 5389 1858 5442 translato
1909 5397 2116 5456 septem

551 5490 712 5542 annis
759 5486 998 5557 praefuit.
1067 5485 1355 5541 Leontium
1421 5484 1652 5543 mirifice
1725 5481 2121 5554 perturbabaut

553 5581 772 5635 illorum
799 5580 1187 5650 praedicuones
1209 5580 1300 5649 qui
1333 5595 1399 5633 ex
1433 5580 1595 5633 astris
1627 5577 1810 5631 futura
1837 5591 1892 5630 se
1922 5573 2123 5628 habere

629 5759 644 5788 ⁸
680 5757 836 5812 Joau.
875 5772 962 5830 sv,
1005 5755 1086 5809 1⁸5.

2222 4661 2372 4724 ἅπαξ
2393 4665 2485 4714 καὶ
2513 4662 2594 4724 δίς
2619 4662 2692 4732 μὴ
2718 4661 2978 4733 φέροντες
2997 4661 3094 4732 τὴν
3111 4662 3360 4716 ἐντεῦθεν
3388 4664 3783 4728 κακοπάθειαν,

2234 4754 2532 4824 Ἀψίμαρόν
2554 4773 2675 4807 τινα
2697 4753 3028 4822 προῖστῶσιν
3049 4755 3261 4810 ἑαυτῶν
3280 4757 3373 4809 καὶ
3399 4756 3540 4809 κατὰ
3559 4759 3656 4826 τῆς
3681 4757 3786 4809 Βυ-

2221 4845 2460 4908 ζαντίδυς
2493 4845 2782 4914 χωρεῦσιν.
2800 4847 3099 4918 ’Λψίμαρος
3119 4845 3210 4902 οὖν
3234 4851 3261 4902 ό
3292 4850 3387 4902 καὶ
3405 4846 3654 4916 Τιϐέριος
3687 4863 3786 4915 με-

2218 4935 2571 5003 τονομασθεὶς
2595 4941 2785 5005 κρατεῖ
2805 4937 3056 4990 Λεόντιον
3076 4940 3167 4992 καὶ
3191 4939 3466 5008 ρινοτομετ
3493 4939 3657 4991 αὐτὸν
3690 4942 3786 4990 καὶ

2225 5029 2437 5099 φρουρᾷ
2461 5027 2834 5098 καθείργνυσι.
2855 5030 3066 5101 Κρατεῖ
3093 5029 3508 5102 οὖν’Λψίμαχος
3541 5031 3660 5099 μετ’
3688 5033 3788 5085 αἶ-

2224 5121 2314 5170 τον
2331 5118 2423 5190 ἐτη
2439 5117 2616 5180 ζ’.Τδν
2636 5119 2815 5187 μέντοι
2829 5121 3080 5174 Λεόντιον
3097 5121 3272 5174 αἰτῶν
3286 5121 3789 5191 ἀστρολεσχοιῖντων

2227 5211 2562 5278 προρρήσεις
2591 5209 2905 5280 ἐτάραττον.
2933 5209 3097 5264 Ὅθεν
3115 5211 3206 5265 καὶ
3237 5213 3415 5264 πᾶσαν
3440 5211 3606 5265 ἐκίνει
3643 5212 3787 5262 κατὰ

2234 5299 2610 5352 Ἰουστινιανοῦ
2661 5302 2926 5370 μηχανήν.
2955 5301 3160 5372 Γράφει
3195 5304 3300 5372 γάρ
3317 5303 3552 5373 Χαγάνῳ
3575 5304 3652 5372 τῷ
3675 5302 3787 5353 τῶν

2224 5387 2492 5458 Χαζάρων
2528 5391 2767 5460 ἄρχοντι,
2807 5393 3064 5463 χρήματα
3099 5392 3439 5464 ὑπισχνεῖται
3466 5396 3512 5446 ει
3543 5397 3633 5445 τὸν
3656 5393 3788 5446 ἰου-

2225 5485 2491 5534 στινιανὸν
2537 5484 2812 5553 κρατήσας
2843 5485 2876 5553 ἦ
2911 5485 2986 5547 ὡς
3022 5477 3300 5554 τρίδουλον
3341 5485 3715 5555 ἀπεμπολήσει
3753 5485 3787 5553 ἢ

2223 5573 2320 5643 τὴν
2354 5574 2596 5644 κεφαλὴν
2628 5575 2850 5645 ἐκκόψει
2883 5575 3066 5630 αὑτοῦ.
3114 5576 3392 5632 Μανθάνει
3441 5577 3614 5630 ταῦτα
3659 5575 3791 5627 ἰου-
