  <div class='ocr_page' id='page_1' title='image "/cluster/home/n/w/nwhite01/storage/ocr_20150623/158/hvd.32044073502676/316.png"; bbox 0 0 4154 6200; ppageno 0'>
   <div class='ocr_carea' id='block_1_1' title="bbox 327 279 424 344">
    <p class='ocr_par' dir='ltr' id='par_1_1' title="bbox 327 279 424 344">
     <span class='ocr_line' id='line_1_1' title="bbox 327 279 424 344; baseline -0.01 -1"><span class='ocrx_word' id='word_1_1' title='bbox 327 279 424 344; x_wconf 76' lang='lat'><strong>521</strong></span> 
     </span>
    </p>
   </div>
   <div class='ocr_carea' id='block_1_2' title="bbox 1554 280 2334 343">
    <p class='ocr_par' dir='ltr' id='par_1_2' title="bbox 1554 280 2334 343">
     <span class='ocr_line' id='line_1_2' title="bbox 1554 280 2334 343; baseline 0 -3"><span class='ocrx_word' id='word_1_2' title='bbox 1554 280 1955 343; x_wconf 70' lang='lat' dir='ltr'><strong>ANNALlUM</strong></span> <span class='ocrx_word' id='word_1_3' title='bbox 2001 283 2189 343; x_wconf 77' lang='lat' dir='ltr'><strong>PARS</strong></span> <span class='ocrx_word' id='word_1_4' title='bbox 2232 283 2334 343; x_wconf 83' lang='lat' dir='ltr'><strong>IV.</strong></span> 
     </span>
    </p>
   </div>
   <div class='ocr_carea' id='block_1_3' title="bbox 3454 281 3565 345">
    <p class='ocr_par' dir='ltr' id='par_1_3' title="bbox 3454 281 3565 345">
     <span class='ocr_line' id='line_1_3' title="bbox 3454 281 3565 345; baseline 0.036 -3"><span class='ocrx_word' id='word_1_5' title='bbox 3454 281 3565 345; x_wconf 69' lang='lat'>52&#39;}</span> 
     </span>
    </p>
   </div>
   <div class='ocr_carea' id='block_1_4' title="bbox 330 389 1909 472">
    <p class='ocr_par' dir='ltr' id='par_1_4' title="bbox 330 390 1898 472">
     <span class='ocr_line' id='line_1_4' title="bbox 330 390 1898 472; baseline -0.001 -25"><span class='ocrx_word' id='word_1_6' title='bbox 330 391 619 472; x_wconf 69' lang='grc' dir='ltr'><strong>στινιανὸς2</strong></span> <span class='ocrx_word' id='word_1_7' title='bbox 657 390 979 459; x_wconf 79' lang='grc' dir='ltr'><strong>δραπετεύει</strong></span> <span class='ocrx_word' id='word_1_8' title='bbox 1010 391 1241 454; x_wconf 70' lang='grc' dir='ltr'>ἐκεῖθεν,</span> <span class='ocrx_word' id='word_1_9' title='bbox 1270 394 1382 454; x_wconf 81' lang='grc' dir='ltr'>τοῖς</span> <span class='ocrx_word' id='word_1_10' title='bbox 1415 392 1743 461; x_wconf 79' lang='grc' dir='ltr'>ηουλγάροις</span> <span class='ocrx_word' id='word_1_11' title='bbox 1765 411 1898 460; x_wconf 84' lang='grc' dir='ltr'>προ-</span> 
     </span>
    </p>
   </div>
   <div class='ocr_carea' id='block_1_5' title="bbox 2011 389 3560 472">
    <p class='ocr_par' dir='ltr' id='par_1_5' title="bbox 2011 389 3560 464">
     <span class='ocr_line' id='line_1_5' title="bbox 2011 389 3560 464; baseline 0 -20"><span class='ocrx_word' id='word_1_12' title='bbox 2011 396 2213 463; x_wconf 73' lang='lat' dir='ltr'><strong>rognita</strong></span> <span class='ocrx_word' id='word_1_13' title='bbox 2272 394 2479 464; x_wconf 81' lang='lat' dir='ltr'><strong>garrire</strong></span> <span class='ocrx_word' id='word_1_14' title='bbox 2536 399 2961 449; x_wconf 65' lang='lat' dir='ltr'><strong>consueverunt.</strong></span> <span class='ocrx_word' id='word_1_15' title='bbox 3014 392 3202 462; x_wconf 82' lang='lat' dir='ltr'><strong>Itaque</strong></span> <span class='ocrx_word' id='word_1_16' title='bbox 3264 389 3401 444; x_wconf 85' lang='lat' dir='ltr'><strong>nibil</strong></span> <span class='ocrx_word' id='word_1_17' title='bbox 3453 408 3560 444; x_wconf 86' lang='lat' dir='ltr'><strong>non</strong></span> 
     </span>
    </p>
   </div>
   <div class='ocr_carea' id='block_1_6' title="bbox 331 484 1888 555">
    <p class='ocr_par' dir='ltr' id='par_1_6' title="bbox 331 484 1888 555">
     <span class='ocr_line' id='line_1_6' title="bbox 331 484 1888 555; baseline 0.002 -17"><span class='ocrx_word' id='word_1_18' title='bbox 331 486 607 554; x_wconf 78' lang='grc' dir='ltr'>σέρχεται,</span> <span class='ocrx_word' id='word_1_19' title='bbox 668 484 859 555; x_wconf 78' lang='grc' dir='ltr'><strong>ἁδραῖς</strong></span> <span class='ocrx_word' id='word_1_20' title='bbox 920 484 1118 547; x_wconf 78' lang='grc' dir='ltr'>αὑτοὺς</span> <span class='ocrx_word' id='word_1_21' title='bbox 1164 485 1490 554; x_wconf 77' lang='grc' dir='ltr'><strong>ὑποσχέσεσι</strong></span> <span class='ocrx_word' id='word_1_22' title='bbox 1535 487 1888 553; x_wconf 81' lang='grc' dir='ltr'>καταδεσμεῖ.</span> 
     </span>
    </p>
   </div>
   <div class='ocr_carea' id='block_1_7' title="bbox 318 560 1896 645">
    <p class='ocr_par' dir='ltr' id='par_1_7' title="bbox 318 560 1896 645">
     <span class='ocr_line' id='line_1_7' title="bbox 318 560 1896 645; baseline 0.002 -19"><span class='ocrx_word' id='word_1_23' title='bbox 318 560 495 627; x_wconf 13' lang='grc' dir='ltr'>ν”Οθεν</span> <span class='ocrx_word' id='word_1_24' title='bbox 536 572 630 626; x_wconf 75' lang='grc' dir='ltr'><strong>καὶ</strong></span> <span class='ocrx_word' id='word_1_25' title='bbox 670 576 807 642; x_wconf 84' lang='grc' dir='ltr'><strong>μετά</strong></span> <span class='ocrx_word' id='word_1_26' title='bbox 846 573 1085 642; x_wconf 75' lang='grc' dir='ltr'><strong>πλήθους</strong></span> <span class='ocrx_word' id='word_1_27' title='bbox 1113 575 1341 645; x_wconf 76' lang='grc' dir='ltr'><strong>ἀπείρου</strong></span> <span class='ocrx_word' id='word_1_28' title='bbox 1392 575 1528 645; x_wconf 77' lang='grc' dir='ltr'>πρὸς</span> <span class='ocrx_word' id='word_1_29' title='bbox 1564 579 1666 643; x_wconf 67' lang='grc' dir='ltr'><strong>¹τὴν</strong></span> <span class='ocrx_word' id='word_1_30' title='bbox 1690 578 1896 641; x_wconf 76' lang='grc' dir='ltr'>Βυζαν-</span> 
     </span>
    </p>
   </div>
   <div class='ocr_carea' id='block_1_8' title="bbox 328 661 1896 734">
    <p class='ocr_par' dir='ltr' id='par_1_8' title="bbox 328 661 1896 734">
     <span class='ocr_line' id='line_1_8' title="bbox 328 661 1896 734; baseline 0.004 -20"><span class='ocrx_word' id='word_1_31' title='bbox 328 663 446 715; x_wconf 80' lang='grc' dir='ltr'>τίδα</span> <span class='ocrx_word' id='word_1_32' title='bbox 482 661 727 732; x_wconf 77' lang='grc' dir='ltr'>ἔρχεται,</span> <span class='ocrx_word' id='word_1_33' title='bbox 767 662 867 715; x_wconf 71' lang='grc' dir='ltr'><strong>καὶ</strong></span> <span class='ocrx_word' id='word_1_34' title='bbox 908 662 996 715; x_wconf 79' lang='grc' dir='ltr'>διὰ</span> <span class='ocrx_word' id='word_1_35' title='bbox 1039 662 1276 730; x_wconf 80' lang='grc' dir='ltr'>σωλῆνος</span> <span class='ocrx_word' id='word_1_36' title='bbox 1326 664 1624 734; x_wconf 83' lang='grc' dir='ltr'>ὑδροφόρου</span> <span class='ocrx_word' id='word_1_37' title='bbox 1674 666 1896 720; x_wconf 78' lang='grc' dir='ltr'><strong>κλέπτει</strong></span> 
     </span>
    </p>
   </div>
   <div class='ocr_carea' id='block_1_9' title="bbox 326 738 1907 826">
    <p class='ocr_par' dir='ltr' id='par_1_9' title="bbox 326 738 1907 826">
     <span class='ocr_line' id='line_1_9' title="bbox 326 738 1907 826; baseline 0.003 -23"><span class='ocrx_word' id='word_1_38' title='bbox 326 753 427 820; x_wconf 80' lang='grc' dir='ltr'><strong>τὴν</strong></span> <span class='ocrx_word' id='word_1_39' title='bbox 452 752 680 817; x_wconf 73' lang='grc' dir='ltr'>εἴσοδον,</span> <span class='ocrx_word' id='word_1_40' title='bbox 704 754 801 805; x_wconf 72' lang='grc' dir='ltr'><strong>καὶ</strong></span> <span class='ocrx_word' id='word_1_41' title='bbox 820 750 962 805; x_wconf 87' lang='grc' dir='ltr'>οῦτω</span> <span class='ocrx_word' id='word_1_42' title='bbox 987 752 1086 821; x_wconf 84' lang='grc' dir='ltr'>τῆς</span> <span class='ocrx_word' id='word_1_43' title='bbox 1105 752 1381 822; x_wconf 74' lang='grc' dir='ltr'><strong>βασιλείας</strong></span> <span class='ocrx_word' id='word_1_44' title='bbox 1402 755 1467 807; x_wconf 77' lang='grc' dir='ltr'><strong>αὖ</strong></span> <span class='ocrx_word' id='word_1_45' title='bbox 1489 738 1907 826; x_wconf 50' lang='grc' dir='ltr'>ὲπιδράσσεταιί</span> 
     </span>
    </p>
   </div>
   <div class='ocr_carea' id='block_1_10' title="bbox 330 842 1895 915">
    <p class='ocr_par' dir='ltr' id='par_1_10' title="bbox 330 842 1895 915">
     <span class='ocr_line' id='line_1_10' title="bbox 330 842 1895 915; baseline 0.004 -21"><span class='ocrx_word' id='word_1_46' title='bbox 330 843 425 894; x_wconf 84' lang='grc' dir='ltr'><strong>τοῦ</strong></span> <span class='ocrx_word' id='word_1_47' title='bbox 456 842 766 913; x_wconf 76' lang='grc' dir='ltr'>Ἀψιμάρου</span> <span class='ocrx_word' id='word_1_48' title='bbox 801 845 881 906; x_wconf 88' lang='grc' dir='ltr'><strong>είς</strong></span> <span class='ocrx_word' id='word_1_49' title='bbox 914 844 1277 897; x_wconf 75' lang='grc' dir='ltr'>Ἀπολλωνίδα</span> <span class='ocrx_word' id='word_1_50' title='bbox 1314 847 1596 914; x_wconf 81' lang='grc' dir='ltr'><strong>φυγόντος.</strong></span> <span class='ocrx_word' id='word_1_51' title='bbox 1630 848 1764 915; x_wconf 84' lang='grc' dir='ltr'><strong>Ἐτη</strong></span> <span class='ocrx_word' id='word_1_52' title='bbox 1805 847 1895 900; x_wconf 78' lang='grc' dir='ltr'><strong>οὖν</strong></span> 
     </span>
    </p>
   </div>
   <div class='ocr_carea' id='block_1_11' title="bbox 334 934 1899 1011">
    <p class='ocr_par' dir='ltr' id='par_1_11' title="bbox 334 934 1899 1011">
     <span class='ocr_line' id='line_1_11' title="bbox 334 934 1899 1011; baseline 0.003 -25"><span class='ocrx_word' id='word_1_53' title='bbox 334 934 475 988; x_wconf 65' lang='lat' dir='ltr'><strong>em</strong></span> <span class='ocrx_word' id='word_1_54' title='bbox 507 936 791 1003; x_wconf 82' lang='grc' dir='ltr'>κρατήσας</span> <span class='ocrx_word' id='word_1_55' title='bbox 837 936 928 988; x_wconf 76' lang='grc' dir='ltr'><strong>τὸν</strong></span> <span class='ocrx_word' id='word_1_56' title='bbox 965 935 1064 1011; x_wconf 82' lang='grc' dir='ltr'>μὲν</span> <span class='ocrx_word' id='word_1_57' title='bbox 1116 934 1420 1006; x_wconf 79' lang='grc' dir='ltr'>’Ᾱψίμαρον</span> <span class='ocrx_word' id='word_1_58' title='bbox 1479 937 1619 1009; x_wconf 84' lang='grc' dir='ltr'>μέσῃ</span> <span class='ocrx_word' id='word_1_59' title='bbox 1650 940 1715 1005; x_wconf 80' lang='grc' dir='ltr'>τῇ</span> <span class='ocrx_word' id='word_1_60' title='bbox 1748 938 1899 990; x_wconf 84' lang='grc' dir='ltr'>πόλει</span> 
     </span>
    </p>
   </div>
   <div class='ocr_carea' id='block_1_12' title="bbox 335 1021 1898 1091">
    <p class='ocr_par' dir='ltr' id='par_1_12' title="bbox 335 1021 1898 1091">
     <span class='ocr_line' id='line_1_12' title="bbox 335 1021 1898 1091; baseline 0.003 -17"><span class='ocrx_word' id='word_1_61' title='bbox 335 1021 715 1091; x_wconf 78' lang='grc' dir='ltr'>θριαμὸεύσας</span> <span class='ocrx_word' id='word_1_62' title='bbox 741 1022 971 1089; x_wconf 78' lang='grc' dir='ltr'><strong>ἀνεῖλεν,</strong></span> <span class='ocrx_word' id='word_1_63' title='bbox 997 1021 1261 1086; x_wconf 83' lang='grc' dir='ltr'>ὡσαύτως</span> <span class='ocrx_word' id='word_1_64' title='bbox 1286 1025 1381 1078; x_wconf 70' lang='grc' dir='ltr'>καὶ</span> <span class='ocrx_word' id='word_1_65' title='bbox 1408 1025 1659 1079; x_wconf 79' lang='grc' dir='ltr'>Λεόντιον</span> <span class='ocrx_word' id='word_1_66' title='bbox 1678 1042 1691 1055; x_wconf 90' lang='grc'><strong>·</strong></span> <span class='ocrx_word' id='word_1_67' title='bbox 1718 1026 1808 1078; x_wconf 80' lang='grc' dir='ltr'><strong>τὸν</strong></span> <span class='ocrx_word' id='word_1_68' title='bbox 1842 1026 1898 1078; x_wconf 81' lang='grc' dir='ltr'>δὲ</span> 
     </span>
    </p>
   </div>
   <div class='ocr_carea' id='block_1_13' title="bbox 334 1111 1901 1184">
    <p class='ocr_par' dir='ltr' id='par_1_13' title="bbox 334 1111 1901 1184">
     <span class='ocr_line' id='line_1_13' title="bbox 334 1111 1901 1184; baseline 0.004 -23"><span class='ocrx_word' id='word_1_69' title='bbox 334 1111 690 1181; x_wconf 82' lang='grc' dir='ltr'>’πατριάρχην</span> <span class='ocrx_word' id='word_1_70' title='bbox 722 1112 1070 1177; x_wconf 80' lang='grc' dir='ltr'>Καλλίνικον,</span> <span class='ocrx_word' id='word_1_71' title='bbox 1098 1114 1396 1184; x_wconf 73' lang='grc' dir='ltr'>ἐπειδήπερ</span> <span class='ocrx_word' id='word_1_72' title='bbox 1437 1114 1666 1184; x_wconf 81' lang='grc' dir='ltr'><strong>ἀντέστη</strong></span> <span class='ocrx_word' id='word_1_73' title='bbox 1699 1113 1901 1184; x_wconf 87' lang='grc' dir='ltr'>προλα-</span> 
     </span>
    </p>
   </div>
   <div class='ocr_carea' id='block_1_14' title="bbox 333 1200 1902 1273">
    <p class='ocr_par' dir='ltr' id='par_1_14' title="bbox 333 1200 1902 1273">
     <span class='ocr_line' id='line_1_14' title="bbox 333 1200 1902 1273; baseline 0.004 -22"><span class='ocrx_word' id='word_1_74' title='bbox 333 1200 444 1253; x_wconf 81' lang='grc' dir='ltr'><strong>ϐὼν</strong></span> <span class='ocrx_word' id='word_1_75' title='bbox 481 1201 631 1270; x_wconf 85' lang='grc' dir='ltr'>αὑτῷ</span> <span class='ocrx_word' id='word_1_76' title='bbox 662 1206 985 1272; x_wconf 81' lang='grc' dir='ltr'><strong>πειρωμένῳ</strong></span> <span class='ocrx_word' id='word_1_77' title='bbox 1025 1203 1349 1273; x_wconf 75' lang='grc' dir='ltr'>Ἐκκλησίαν</span> <span class='ocrx_word' id='word_1_78' title='bbox 1401 1205 1655 1273; x_wconf 85' lang='grc' dir='ltr'>χαλάσαι,</span> <span class='ocrx_word' id='word_1_79' title='bbox 1686 1205 1902 1273; x_wconf 81' lang='grc' dir='ltr'>τυφλῶ-</span> 
     </span>
    </p>
   </div>
   <div class='ocr_carea' id='block_1_15' title="bbox 336 1290 1901 1366">
    <p class='ocr_par' dir='ltr' id='par_1_15' title="bbox 336 1290 1901 1366">
     <span class='ocr_line' id='line_1_15' title="bbox 336 1290 1901 1366; baseline 0.004 -24"><span class='ocrx_word' id='word_1_80' title='bbox 336 1309 438 1355; x_wconf 88' lang='grc' dir='ltr'><strong>σας</strong></span> <span class='ocrx_word' id='word_1_81' title='bbox 469 1290 726 1362; x_wconf 80' lang='grc' dir='ltr'>ὲξὼριζεν</span> <span class='ocrx_word' id='word_1_82' title='bbox 752 1296 811 1346; x_wconf 85' lang='grc' dir='ltr'>ὲν</span> <span class='ocrx_word' id='word_1_83' title='bbox 848 1294 1063 1366; x_wconf 81' lang='grc' dir='ltr'>Ῥώμῃ,</span> <span class='ocrx_word' id='word_1_84' title='bbox 1096 1296 1189 1346; x_wconf 79' lang='grc' dir='ltr'>καὶ</span> <span class='ocrx_word' id='word_1_85' title='bbox 1224 1294 1337 1347; x_wconf 78' lang='grc' dir='ltr'>ἀντ’</span> <span class='ocrx_word' id='word_1_86' title='bbox 1385 1294 1550 1348; x_wconf 87' lang='grc' dir='ltr'>αὑτοῦ</span> <span class='ocrx_word' id='word_1_87' title='bbox 1600 1295 1901 1366; x_wconf 79' lang='grc' dir='ltr'>προϐάλλε-</span> 
     </span>
    </p>
   </div>
   <div class='ocr_carea' id='block_1_16' title="bbox 336 1386 1893 1459">
    <p class='ocr_par' dir='ltr' id='par_1_16' title="bbox 336 1386 1893 1459">
     <span class='ocr_line' id='line_1_16' title="bbox 336 1386 1893 1459; baseline 0.004 -23"><span class='ocrx_word' id='word_1_88' title='bbox 336 1402 427 1438; x_wconf 85' lang='grc' dir='ltr'><strong>ται</strong></span> <span class='ocrx_word' id='word_1_89' title='bbox 456 1386 735 1455; x_wconf 67' lang='grc' dir='ltr'>κυριακὸν</span> <span class='ocrx_word' id='word_1_90' title='bbox 760 1386 851 1439; x_wconf 76' lang='grc' dir='ltr'>τὸν</span> <span class='ocrx_word' id='word_1_91' title='bbox 879 1389 938 1439; x_wconf 75' lang='grc' dir='ltr'>ἐν</span> <span class='ocrx_word' id='word_1_92' title='bbox 968 1391 1029 1457; x_wconf 81' lang='grc' dir='ltr'>τῇ</span> <span class='ocrx_word' id='word_1_93' title='bbox 1064 1389 1209 1458; x_wconf 83' lang='grc' dir='ltr'>νήσῳ</span> <span class='ocrx_word' id='word_1_94' title='bbox 1232 1388 1552 1459; x_wconf 84' lang='grc' dir='ltr'>Ἀμάστριδι</span> <span class='ocrx_word' id='word_1_95' title='bbox 1577 1388 1893 1457; x_wconf 74' lang='grc' dir='ltr'>ἐγκλειστον</span> 
     </span>
    </p>
   </div>
   <div class='ocr_carea' id='block_1_17' title="bbox 335 1479 1900 1552">
    <p class='ocr_par' dir='ltr' id='par_1_17' title="bbox 335 1479 1900 1552">
     <span class='ocr_line' id='line_1_17' title="bbox 335 1479 1900 1552; baseline 0.003 -22"><span class='ocrx_word' id='word_1_96' title='bbox 335 1479 501 1531; x_wconf 77' lang='grc' dir='ltr'>ὄντα·</span> <span class='ocrx_word' id='word_1_97' title='bbox 542 1479 921 1551; x_wconf 82' lang='grc' dir='ltr'>προηγόρευσε</span> <span class='ocrx_word' id='word_1_98' title='bbox 980 1481 1087 1551; x_wconf 71' lang='grc' dir='ltr'><strong>γάρ</strong></span> <span class='ocrx_word' id='word_1_99' title='bbox 1128 1482 1277 1551; x_wconf 88' lang='grc' dir='ltr'>αὑτῷ</span> <span class='ocrx_word' id='word_1_100' title='bbox 1325 1483 1423 1550; x_wconf 80' lang='grc' dir='ltr'><strong>τὴν</strong></span> <span class='ocrx_word' id='word_1_101' title='bbox 1478 1483 1578 1551; x_wconf 77' lang='grc' dir='ltr'>τῆς</span> <span class='ocrx_word' id='word_1_102' title='bbox 1616 1482 1900 1552; x_wconf 85' lang='grc' dir='ltr'>βασιλείας</span> 
     </span>
    </p>
   </div>
   <div class='ocr_carea' id='block_1_18' title="bbox 337 1571 1901 1644">
    <p class='ocr_par' dir='ltr' id='par_1_18' title="bbox 337 1571 1901 1644">
     <span class='ocr_line' id='line_1_18' title="bbox 337 1571 1901 1644; baseline 0.004 -24"><span class='ocrx_word' id='word_1_103' title='bbox 337 1571 806 1625; x_wconf 83' lang='grc' dir='ltr'>ἀποκατάστασιν.</span> <span class='ocrx_word' id='word_1_104' title='bbox 849 1571 954 1623; x_wconf 84' lang='grc' dir='ltr'><strong>Καὶ</strong></span> <span class='ocrx_word' id='word_1_105' title='bbox 994 1573 1180 1636; x_wconf 80' lang='grc' dir='ltr'>ἁπλῶς</span> <span class='ocrx_word' id='word_1_106' title='bbox 1238 1575 1433 1639; x_wconf 72' lang='grc' dir='ltr'>εἰπεῖν,</span> <span class='ocrx_word' id='word_1_107' title='bbox 1488 1574 1645 1644; x_wconf 85' lang='grc' dir='ltr'>δίκην</span> <span class='ocrx_word' id='word_1_108' title='bbox 1700 1575 1901 1644; x_wconf 81' lang='grc' dir='ltr'>βοσκη-</span> 
     </span>
    </p>
   </div>
   <div class='ocr_carea' id='block_1_19' title="bbox 340 1660 1902 1737">
    <p class='ocr_par' dir='ltr' id='par_1_19' title="bbox 340 1660 1902 1737">
     <span class='ocr_line' id='line_1_19' title="bbox 340 1660 1902 1737; baseline 0.004 -25"><span class='ocrx_word' id='word_1_109' title='bbox 340 1660 529 1728; x_wconf 85' lang='grc' dir='ltr'>μάτων</span> <span class='ocrx_word' id='word_1_110' title='bbox 557 1660 766 1724; x_wconf 85' lang='grc' dir='ltr'>πάντας</span> <span class='ocrx_word' id='word_1_111' title='bbox 800 1663 1087 1717; x_wconf 81' lang='grc' dir='ltr'>ἀπέκτεινε</span> <span class='ocrx_word' id='word_1_112' title='bbox 1112 1680 1126 1694; x_wconf 74' lang='grc' dir='ltr'><strong>ο</strong></span> <span class='ocrx_word' id='word_1_113' title='bbox 1156 1666 1479 1734; x_wconf 82' lang='grc' dir='ltr'>μαινόμενος</span> <span class='ocrx_word' id='word_1_114' title='bbox 1502 1667 1608 1736; x_wconf 71' lang='grc' dir='ltr'><strong>γὰρ</strong></span> <span class='ocrx_word' id='word_1_115' title='bbox 1638 1662 1902 1737; x_wconf 81' lang='grc' dir='ltr'>ἧν.”0οεν</span> 
     </span>
    </p>
   </div>
   <div class='ocr_carea' id='block_1_20' title="bbox 339 1750 1907 1825">
    <p class='ocr_par' dir='ltr' id='par_1_20' title="bbox 339 1750 1907 1825">
     <span class='ocr_line' id='line_1_20' title="bbox 339 1750 1907 1825; baseline 0.004 -25"><span class='ocrx_word' id='word_1_116' title='bbox 339 1750 433 1802; x_wconf 77' lang='grc' dir='ltr'>καὶ</span> <span class='ocrx_word' id='word_1_117' title='bbox 465 1750 552 1803; x_wconf 77' lang='grc' dir='ltr'>διὰ</span> <span class='ocrx_word' id='word_1_118' title='bbox 598 1751 799 1819; x_wconf 79' lang='grc' dir='ltr'>μικροῦ</span> <span class='ocrx_word' id='word_1_119' title='bbox 845 1753 1086 1821; x_wconf 76' lang='grc' dir='ltr'>σκάφους</span> <span class='ocrx_word' id='word_1_120' title='bbox 1125 1754 1232 1807; x_wconf 80' lang='grc' dir='ltr'><strong>ἀπὸ</strong></span> <span class='ocrx_word' id='word_1_121' title='bbox 1281 1754 1571 1823; x_wconf 79' lang='grc' dir='ltr'>Χερσῶνος</span> <span class='ocrx_word' id='word_1_122' title='bbox 1606 1756 1907 1825; x_wconf 69' lang='grc' dir='ltr'>ὲπανερχξ-</span> 
     </span>
    </p>
   </div>
   <div class='ocr_carea' id='block_1_21' title="bbox 341 1840 1908 1915">
    <p class='ocr_par' dir='ltr' id='par_1_21' title="bbox 341 1840 1908 1915">
     <span class='ocr_line' id='line_1_21' title="bbox 341 1840 1908 1915; baseline 0.007 -27"><span class='ocrx_word' id='word_1_123' title='bbox 341 1855 502 1903; x_wconf 83' lang='grc' dir='ltr'>μενος</span> <span class='ocrx_word' id='word_1_124' title='bbox 548 1840 644 1892; x_wconf 73' lang='grc' dir='ltr'>καὶ</span> <span class='ocrx_word' id='word_1_125' title='bbox 691 1840 922 1894; x_wconf 84' lang='grc' dir='ltr'>κλύδωνι</span> <span class='ocrx_word' id='word_1_126' title='bbox 986 1843 1297 1911; x_wconf 86' lang='grc' dir='ltr'>περιπεσὼν</span> <span class='ocrx_word' id='word_1_127' title='bbox 1350 1846 1448 1913; x_wconf 83' lang='grc' dir='ltr'><strong>τὴν</strong></span> <span class='ocrx_word' id='word_1_128' title='bbox 1510 1845 1908 1915; x_wconf 79' lang='grc' dir='ltr'>ὲνδομυχοῦσαν</span> 
     </span>
    </p>
   </div>
   <div class='ocr_carea' id='block_1_22' title="bbox 334 1928 1908 2008">
    <p class='ocr_par' dir='ltr' id='par_1_22' title="bbox 334 1928 1908 2008">
     <span class='ocr_line' id='line_1_22' title="bbox 334 1928 1908 2008; baseline 0.005 -27"><span class='ocrx_word' id='word_1_129' title='bbox 334 1928 490 1998; x_wconf 85' lang='grc' dir='ltr'>αὑτῷ</span> <span class='ocrx_word' id='word_1_130' title='bbox 530 1930 730 1983; x_wconf 83' lang='grc' dir='ltr'>κακίαν</span> <span class='ocrx_word' id='word_1_131' title='bbox 766 1932 933 2002; x_wconf 82' lang='grc' dir='ltr'>δήλην</span> <span class='ocrx_word' id='word_1_132' title='bbox 982 1934 1325 2004; x_wconf 86' lang='grc' dir='ltr'>καθίστησιν.</span> <span class='ocrx_word' id='word_1_133' title='bbox 1370 1935 1592 2006; x_wconf 81' lang='grc' dir='ltr'>Ἐπειδὴ</span> <span class='ocrx_word' id='word_1_134' title='bbox 1631 1936 1744 2008; x_wconf 88' lang='grc' dir='ltr'><strong>γάρ</strong></span> <span class='ocrx_word' id='word_1_135' title='bbox 1800 1938 1908 1989; x_wconf 88' lang='grc' dir='ltr'><strong>τῶν</strong></span> 
     </span>
    </p>
   </div>
   <div class='ocr_carea' id='block_1_23' title="bbox 339 2021 1911 2096">
    <p class='ocr_par' dir='ltr' id='par_1_23' title="bbox 339 2021 1911 2096">
     <span class='ocr_line' id='line_1_23' title="bbox 339 2021 1911 2096; baseline 0.006 -25"><span class='ocrx_word' id='word_1_136' title='bbox 339 2021 553 2073; x_wconf 76' lang='grc' dir='ltr'>οἰκείων</span> <span class='ocrx_word' id='word_1_137' title='bbox 590 2040 675 2084; x_wconf 86' lang='grc' dir='ltr'><strong>τις</strong></span> <span class='ocrx_word' id='word_1_138' title='bbox 719 2024 868 2095; x_wconf 84' lang='grc' dir='ltr'>αὑτῷ</span> <span class='ocrx_word' id='word_1_139' title='bbox 913 2024 1101 2091; x_wconf 78' lang='grc' dir='ltr'>ἔλεγεν</span> <span class='ocrx_word' id='word_1_140' title='bbox 1126 2043 1141 2059; x_wconf 75' lang='grc' dir='ltr'><strong><em>ο</em></strong></span> <span class='ocrx_word' id='word_1_141' title='bbox 1176 2028 1346 2079; x_wconf 80' lang='grc' dir='ltr'>«Ἰδοὺ</span> <span class='ocrx_word' id='word_1_142' title='bbox 1388 2027 1781 2096; x_wconf 77' lang='grc' dir='ltr'>ἀποθνήσκεις,</span> <span class='ocrx_word' id='word_1_143' title='bbox 1826 2022 1911 2081; x_wconf 60' lang='lat'><em>66-</em></span> 
     </span>
    </p>
   </div>
   <div class='ocr_carea' id='block_1_24' title="bbox 343 2114 1910 2191">
    <p class='ocr_par' dir='ltr' id='par_1_24' title="bbox 343 2114 1910 2191">
     <span class='ocr_line' id='line_1_24' title="bbox 343 2114 1910 2191; baseline 0.006 -27"><span class='ocrx_word' id='word_1_144' title='bbox 343 2130 541 2181; x_wconf 79' lang='grc' dir='ltr'>σποτα,</span> <span class='ocrx_word' id='word_1_145' title='bbox 578 2114 672 2167; x_wconf 75' lang='grc' dir='ltr'>καὶ</span> <span class='ocrx_word' id='word_1_146' title='bbox 703 2115 939 2185; x_wconf 80' lang='grc' dir='ltr'>ὑπόσχου</span> <span class='ocrx_word' id='word_1_147' title='bbox 972 2116 1051 2187; x_wconf 83' lang='grc' dir='ltr'>τῷ</span> <span class='ocrx_word' id='word_1_148' title='bbox 1078 2117 1216 2187; x_wconf 83' lang='grc' dir='ltr'>Θεῷ,</span> <span class='ocrx_word' id='word_1_149' title='bbox 1250 2119 1345 2172; x_wconf 83' lang='grc' dir='ltr'>ἐάν</span> <span class='ocrx_word' id='word_1_150' title='bbox 1377 2136 1458 2171; x_wconf 91' lang='grc' dir='ltr'><strong>σοι</strong></span> <span class='ocrx_word' id='word_1_151' title='bbox 1497 2117 1645 2191; x_wconf 83' lang='grc' dir='ltr'><strong>δὼσῃ</strong></span> <span class='ocrx_word' id='word_1_152' title='bbox 1678 2120 1776 2191; x_wconf 81' lang='grc' dir='ltr'>τὴν</span> <span class='ocrx_word' id='word_1_153' title='bbox 1816 2120 1910 2187; x_wconf 89' lang='grc' dir='ltr'><strong>βα-</strong></span> 
     </span>
    </p>
   </div>
   <div class='ocr_carea' id='block_1_25' title="bbox 346 2206 1909 2281">
    <p class='ocr_par' dir='ltr' id='par_1_25' title="bbox 346 2206 1909 2281">
     <span class='ocr_line' id='line_1_25' title="bbox 346 2206 1909 2281; baseline 0.004 -23"><span class='ocrx_word' id='word_1_154' title='bbox 346 2206 571 2271; x_wconf 81' lang='grc' dir='ltr'>σιλείαν,</span> <span class='ocrx_word' id='word_1_155' title='bbox 611 2208 815 2278; x_wconf 78' lang='grc' dir='ltr'>μηδένα</span> <span class='ocrx_word' id='word_1_156' title='bbox 846 2209 951 2261; x_wconf 87' lang='grc' dir='ltr'><strong>τῶν</strong></span> <span class='ocrx_word' id='word_1_157' title='bbox 999 2208 1206 2278; x_wconf 80' lang='grc' dir='ltr'>ἐχθρῶν</span> <span class='ocrx_word' id='word_1_158' title='bbox 1254 2227 1346 2262; x_wconf 91' lang='grc' dir='ltr'><strong>σου</strong></span> <span class='ocrx_word' id='word_1_159' title='bbox 1383 2209 1660 2279; x_wconf 72' lang='grc' dir='ltr'><strong>λυπῆσαι⁹</strong></span> <span class='ocrx_word' id='word_1_160' title='bbox 1696 2230 1715 2262; x_wconf 75' lang='grc' dir='ltr'><strong>ι</strong></span> <span class='ocrx_word' id='word_1_161' title='bbox 1768 2211 1909 2281; x_wconf 80' lang='grc' dir='ltr'>ἔφη’</span> 
     </span>
    </p>
   </div>
   <div class='ocr_carea' id='block_1_26' title="bbox 349 2297 1911 2373">
    <p class='ocr_par' dir='ltr' id='par_1_26' title="bbox 349 2297 1911 2373">
     <span class='ocr_line' id='line_1_26' title="bbox 349 2297 1911 2373; baseline 0.006 -26"><span class='ocrx_word' id='word_1_162' title='bbox 349 2315 369 2346; x_wconf 74' lang='grc' dir='ltr'><strong>ι</strong></span> <span class='ocrx_word' id='word_1_163' title='bbox 416 2297 784 2369; x_wconf 81' lang='grc' dir='ltr'>Ἐνταῦθά-με</span> <span class='ocrx_word' id='word_1_164' title='bbox 807 2300 1261 2355; x_wconf 83' lang='grc' dir='ltr'>καταποντισάτω</span> <span class='ocrx_word' id='word_1_165' title='bbox 1290 2302 1512 2371; x_wconf 84' lang='grc' dir='ltr'>Κύριος.</span> <span class='ocrx_word' id='word_1_166' title='bbox 1553 2305 1603 2356; x_wconf 87' lang='grc' dir='ltr'><strong>εί</strong></span> <span class='ocrx_word' id='word_1_167' title='bbox 1650 2303 1911 2373; x_wconf 81' lang='grc' dir='ltr'>φείσομαί</span> 
     </span>
    </p>
   </div>
   <div class='ocr_carea' id='block_1_27' title="bbox 344 2386 1912 2460">
    <p class='ocr_par' dir='ltr' id='par_1_27' title="bbox 344 2386 1912 2460">
     <span class='ocr_line' id='line_1_27' title="bbox 344 2386 1912 2460; baseline 0.008 -26"><span class='ocrx_word' id='word_1_168' title='bbox 344 2400 490 2446; x_wconf 87' lang='grc' dir='ltr'>τινος</span> <span class='ocrx_word' id='word_1_169' title='bbox 520 2386 579 2449; x_wconf 74' lang='grc' dir='ltr'>ἐξ</span> <span class='ocrx_word' id='word_1_170' title='bbox 606 2386 807 2440; x_wconf 85' lang='grc' dir='ltr'>αὐτῶν.</span> <span class='ocrx_word' id='word_1_171' title='bbox 851 2406 870 2439; x_wconf 73' lang='grc' dir='ltr'><strong>ι</strong></span> <span class='ocrx_word' id='word_1_172' title='bbox 904 2388 1047 2458; x_wconf 82' lang='grc' dir='ltr'>Πρὸς</span> <span class='ocrx_word' id='word_1_173' title='bbox 1073 2389 1287 2453; x_wconf 84' lang='grc' dir='ltr'>τούτοις</span> <span class='ocrx_word' id='word_1_174' title='bbox 1327 2391 1383 2443; x_wconf 87' lang='grc' dir='ltr'>δὲ</span> <span class='ocrx_word' id='word_1_175' title='bbox 1413 2392 1506 2444; x_wconf 79' lang='grc' dir='ltr'><strong>καὶ</strong></span> <span class='ocrx_word' id='word_1_176' title='bbox 1538 2391 1721 2460; x_wconf 85' lang='grc' dir='ltr'>βαλὼν</span> <span class='ocrx_word' id='word_1_177' title='bbox 1750 2395 1778 2446; x_wconf 98' lang='lat'><strong>6</strong></span> <span class='ocrx_word' id='word_1_178' title='bbox 1815 2393 1912 2446; x_wconf 89' lang='grc' dir='ltr'>τύ-</span> 
     </span>
    </p>
   </div>
   <div class='ocr_carea' id='block_1_28' title="bbox 352 2469 1913 2550">
    <p class='ocr_par' dir='ltr' id='par_1_28' title="bbox 352 2469 1913 2550">
     <span class='ocr_line' id='line_1_28' title="bbox 352 2469 1913 2550; baseline 0.008 -24"><span class='ocrx_word' id='word_1_179' title='bbox 352 2492 540 2542; x_wconf 87' lang='grc' dir='ltr'>ραννος</span> <span class='ocrx_word' id='word_1_180' title='bbox 578 2469 731 2539; x_wconf 71' lang='grc' dir='ltr'>οὗτος</span> <span class='ocrx_word' id='word_1_181' title='bbox 765 2479 903 2531; x_wconf 87' lang='grc' dir='ltr'><strong>κατά</strong></span> <span class='ocrx_word' id='word_1_182' title='bbox 924 2479 1048 2532; x_wconf 93' lang='grc' dir='ltr'>νοῦν</span> <span class='ocrx_word' id='word_1_183' title='bbox 1071 2480 1172 2533; x_wconf 85' lang='grc' dir='ltr'>ὅσα</span> <span class='ocrx_word' id='word_1_184' title='bbox 1201 2484 1251 2535; x_wconf 80' lang='grc' dir='ltr'>οἱ</span> <span class='ocrx_word' id='word_1_185' title='bbox 1289 2484 1630 2550; x_wconf 81' lang='grc' dir='ltr'>Χερσωνῖται</span> <span class='ocrx_word' id='word_1_186' title='bbox 1671 2485 1792 2539; x_wconf 85' lang='grc' dir='ltr'>κατ’</span> <span class='ocrx_word' id='word_1_187' title='bbox 1815 2487 1913 2539; x_wconf 87' lang='grc' dir='ltr'>αὑ-</span> 
     </span>
    </p>
   </div>
   <div class='ocr_carea' id='block_1_29' title="bbox 349 2565 1913 2646">
    <p class='ocr_par' dir='ltr' id='par_1_29' title="bbox 349 2565 1913 2646">
     <span class='ocr_line' id='line_1_29' title="bbox 349 2565 1913 2646; baseline 0.009 -29"><span class='ocrx_word' id='word_1_188' title='bbox 349 2565 442 2619; x_wconf 88' lang='grc' dir='ltr'><strong>τοῦ</strong></span> <span class='ocrx_word' id='word_1_189' title='bbox 493 2567 767 2634; x_wconf 74' lang='grc' dir='ltr'>ἐμελέτων</span> <span class='ocrx_word' id='word_1_190' title='bbox 820 2570 898 2639; x_wconf 76' lang='grc' dir='ltr'>τῷ</span> <span class='ocrx_word' id='word_1_191' title='bbox 932 2570 1225 2644; x_wconf 78' lang='grc' dir='ltr'>Ἀψιμάρῳ</span> <span class='ocrx_word' id='word_1_192' title='bbox 1270 2576 1645 2645; x_wconf 75' lang='grc' dir='ltr'>χαριζόμενοι,</span> <span class='ocrx_word' id='word_1_193' title='bbox 1705 2578 1913 2646; x_wconf 80' lang='grc' dir='ltr'>πέμπει</span> 
     </span>
    </p>
   </div>
   <div class='ocr_carea' id='block_1_30' title="bbox 353 2659 1912 2738">
    <p class='ocr_par' dir='ltr' id='par_1_30' title="bbox 353 2659 1912 2738">
     <span class='ocr_line' id='line_1_30' title="bbox 353 2659 1912 2738; baseline 0.011 -31"><span class='ocrx_word' id='word_1_194' title='bbox 353 2659 582 2727; x_wconf 80' lang='grc' dir='ltr'>στρατὸν</span> <span class='ocrx_word' id='word_1_195' title='bbox 611 2661 734 2713; x_wconf 84' lang='grc' dir='ltr'>κατ’</span> <span class='ocrx_word' id='word_1_196' title='bbox 791 2662 990 2716; x_wconf 82' lang='grc' dir='ltr'>αὐτῶν.</span> <span class='ocrx_word' id='word_1_197' title='bbox 1023 2666 1131 2717; x_wconf 72' lang='grc' dir='ltr'>Καὶ</span> <span class='ocrx_word' id='word_1_198' title='bbox 1161 2661 1228 2735; x_wconf 77' lang='grc' dir='ltr'>ἦν</span> <span class='ocrx_word' id='word_1_199' title='bbox 1268 2668 1395 2720; x_wconf 79' lang='grc' dir='ltr'>ίδείν</span> <span class='ocrx_word' id='word_1_200' title='bbox 1442 2670 1620 2738; x_wconf 87' lang='grc' dir='ltr'>θέαμα</span> <span class='ocrx_word' id='word_1_201' title='bbox 1658 2671 1912 2726; x_wconf 73' lang='grc' dir='ltr'>ἐλεεινόν.</span> 
     </span>
    </p>
   </div>
   <div class='ocr_carea' id='block_1_31' title="bbox 354 2747 1914 2827">
    <p class='ocr_par' dir='ltr' id='par_1_31' title="bbox 354 2747 1914 2827">
     <span class='ocr_line' id='line_1_31' title="bbox 354 2747 1914 2827; baseline 0.012 -30"><span class='ocrx_word' id='word_1_202' title='bbox 354 2747 539 2799; x_wconf 81' lang='grc' dir='ltr'>Πᾶσαν</span> <span class='ocrx_word' id='word_1_203' title='bbox 573 2748 788 2818; x_wconf 80' lang='grc' dir='ltr'>ἡλικίαν</span> <span class='ocrx_word' id='word_1_204' title='bbox 830 2753 1116 2807; x_wconf 77' lang='grc' dir='ltr'>ἐκέλευσεν</span> <span class='ocrx_word' id='word_1_205' title='bbox 1166 2757 1406 2824; x_wconf 80' lang='grc' dir='ltr'>ἀ·.ηλεῶς</span> <span class='ocrx_word' id='word_1_206' title='bbox 1445 2759 1914 2827; x_wconf 77' lang='grc' dir='ltr'>ἀποσφάττεσθαι.</span> 
     </span>
    </p>
   </div>
   <div class='ocr_carea' id='block_1_32' title="bbox 351 2840 1914 2920">
    <p class='ocr_par' dir='ltr' id='par_1_32' title="bbox 351 2840 1914 2920">
     <span class='ocr_line' id='line_1_32' title="bbox 351 2840 1914 2920; baseline 0.01 -30"><span class='ocrx_word' id='word_1_207' title='bbox 351 2840 460 2892; x_wconf 72' lang='grc' dir='ltr'><strong>Καὶ</strong></span> <span class='ocrx_word' id='word_1_208' title='bbox 474 2841 538 2910; x_wconf 82' lang='grc' dir='ltr'>δὴ</span> <span class='ocrx_word' id='word_1_209' title='bbox 570 2844 662 2893; x_wconf 76' lang='grc' dir='ltr'>καὶ</span> <span class='ocrx_word' id='word_1_210' title='bbox 691 2843 1129 2912; x_wconf 79' lang='grc' dir='ltr'>ἀποσφάττονται</span> <span class='ocrx_word' id='word_1_211' title='bbox 1164 2849 1437 2917; x_wconf 79' lang='grc' dir='ltr'>γέροντες,</span> <span class='ocrx_word' id='word_1_212' title='bbox 1474 2852 1609 2915; x_wconf 78' lang='grc' dir='ltr'>νέοι,</span> <span class='ocrx_word' id='word_1_213' title='bbox 1636 2854 1914 2920; x_wconf 81' lang='grc' dir='ltr'>γυναῖκες,</span> 
     </span>
    </p>
   </div>
   <div class='ocr_carea' id='block_1_33' title="bbox 352 2930 1917 3012">
    <p class='ocr_par' dir='ltr' id='par_1_33' title="bbox 352 2930 1917 3012">
     <span class='ocr_line' id='line_1_33' title="bbox 352 2930 1917 3012; baseline 0.012 -33"><span class='ocrx_word' id='word_1_214' title='bbox 352 2930 538 2992; x_wconf 78' lang='grc' dir='ltr'>παῖδες</span> <span class='ocrx_word' id='word_1_215' title='bbox 577 2932 670 2984; x_wconf 83' lang='grc' dir='ltr'>καὶ</span> <span class='ocrx_word' id='word_1_216' title='bbox 702 2935 900 2995; x_wconf 85' lang='grc' dir='ltr'>πάντες</span> <span class='ocrx_word' id='word_1_217' title='bbox 944 2938 1150 3001; x_wconf 85' lang='grc' dir='ltr'>ἅπλῶς.</span> <span class='ocrx_word' id='word_1_218' title='bbox 1195 2937 1329 2993; x_wconf 78' lang='grc' dir='ltr'>Εἶτά</span> <span class='ocrx_word' id='word_1_219' title='bbox 1368 2960 1424 2993; x_wconf 76' lang='grc' dir='ltr'><strong>τι</strong></span> <span class='ocrx_word' id='word_1_220' title='bbox 1457 2944 1643 3012; x_wconf 84' lang='grc' dir='ltr'>μαθὼν</span> <span class='ocrx_word' id='word_1_221' title='bbox 1691 2944 1917 2997; x_wconf 83' lang='grc' dir='ltr'>Ἰουστι-</span> 
     </span>
    </p>
   </div>
   <div class='ocr_carea' id='block_1_34' title="bbox 2000 481 3563 539">
    <p class='ocr_par' dir='ltr' id='par_1_34' title="bbox 2000 481 3563 539">
     <span class='ocr_line' id='line_1_34' title="bbox 2000 481 3563 539; baseline -0.002 -2"><span class='ocrx_word' id='word_1_222' title='bbox 2000 488 2263 539; x_wconf 72' lang='lat' dir='ltr'><strong>adwrsds</strong></span> <span class='ocrx_word' id='word_1_223' title='bbox 2322 484 2694 539; x_wconf 82' lang='lat' dir='ltr'><strong>Justinianum</strong></span> <span class='ocrx_word' id='word_1_224' title='bbox 2760 484 3144 537; x_wconf 85' lang='lat' dir='ltr'><strong>moliebatur:</strong></span> <span class='ocrx_word' id='word_1_225' title='bbox 3204 481 3417 535; x_wconf 78' lang='lat' dir='ltr'><strong>litteras</strong></span> <span class='ocrx_word' id='word_1_226' title='bbox 3494 481 3563 534; x_wconf 81' lang='lat' dir='ltr'><strong>ad</strong></span> 
     </span>
    </p>
   </div>
   <div class='ocr_carea' id='block_1_35' title="bbox 1998 570 3565 645">
    <p class='ocr_par' dir='ltr' id='par_1_35' title="bbox 1998 570 3565 645">
     <span class='ocr_line' id='line_1_35' title="bbox 1998 570 3565 645; baseline -0.003 -17"><span class='ocrx_word' id='word_1_227' title='bbox 1998 574 2338 644; x_wconf 79' lang='lat' dir='ltr'><strong>Cbagauum,</strong></span> <span class='ocrx_word' id='word_1_228' title='bbox 2379 575 2751 631; x_wconf 79' lang='lat' dir='ltr'><strong>Cliazarorum</strong></span> <span class='ocrx_word' id='word_1_229' title='bbox 2787 574 3346 645; x_wconf 83' lang='lat' dir='ltr'><strong>principcm,dabat;</strong></span> <span class='ocrx_word' id='word_1_230' title='bbox 3382 570 3565 626; x_wconf 85' lang='lat' dir='ltr'><strong>cidem</strong></span> 
     </span>
    </p>
   </div>
   <div class='ocr_carea' id='block_1_36' title="bbox 1998 663 3565 737">
    <p class='ocr_par' dir='ltr' id='par_1_36' title="bbox 1998 663 3565 737">
     <span class='ocr_line' id='line_1_36' title="bbox 1998 663 3565 737; baseline -0.002 -18"><span class='ocrx_word' id='word_1_231' title='bbox 1998 682 2223 735; x_wconf 86' lang='lat' dir='ltr'><strong>magnas</strong></span> <span class='ocrx_word' id='word_1_232' title='bbox 2250 668 2512 736; x_wconf 77' lang='lat' dir='ltr'><strong>pecunias</strong></span> <span class='ocrx_word' id='word_1_233' title='bbox 2542 668 2927 737; x_wconf 74' lang='lat' dir='ltr'><strong>pollicebatur,</strong></span> <span class='ocrx_word' id='word_1_234' title='bbox 2956 666 3002 721; x_wconf 92' lang='lat' dir='ltr'><strong>si</strong></span> <span class='ocrx_word' id='word_1_235' title='bbox 3046 675 3267 736; x_wconf 85' lang='lat' dir='ltr'><strong>captum</strong></span> <span class='ocrx_word' id='word_1_236' title='bbox 3298 663 3565 718; x_wconf 84' lang='lat' dir='ltr'><strong>Justinia-</strong></span> 
     </span>
    </p>
   </div>
   <div class='ocr_carea' id='block_1_37' title="bbox 2000 740 3567 825">
    <p class='ocr_par' dir='ltr' id='par_1_37' title="bbox 2000 740 3567 825">
     <span class='ocr_line' id='line_1_37' title="bbox 2000 740 3567 825; baseline 0.001 -20"><span class='ocrx_word' id='word_1_237' title='bbox 2000 768 2130 805; x_wconf 90' lang='lat' dir='ltr'><strong>num</strong></span> <span class='ocrx_word' id='word_1_238' title='bbox 2181 756 2269 808; x_wconf 85' lang='lat' dir='ltr'><strong>vel</strong></span> <span class='ocrx_word' id='word_1_239' title='bbox 2318 756 2489 809; x_wconf 88' lang='lat' dir='ltr'><strong>instar</strong></span> <span class='ocrx_word' id='word_1_240' title='bbox 2541 756 2800 825; x_wconf 83' lang='lat' dir='ltr'><strong>mancipii</strong></span> <span class='ocrx_word' id='word_1_241' title='bbox 2856 740 3110 810; x_wconf 80' lang='lat' dir='ltr'><strong>vilissimi</strong></span> <span class='ocrx_word' id='word_1_242' title='bbox 3164 754 3432 809; x_wconf 89' lang='lat' dir='ltr'><strong>venderet</strong></span> <span class='ocrx_word' id='word_1_243' title='bbox 3480 752 3567 806; x_wconf 79' lang='lat' dir='ltr'><strong>vel</strong></span> 
     </span>
    </p>
   </div>
   <div class='ocr_carea' id='block_1_38' title="bbox 2000 846 3568 917">
    <p class='ocr_par' dir='ltr' id='par_1_38' title="bbox 2000 846 3568 917">
     <span class='ocr_line' id='line_1_38' title="bbox 2000 846 3568 917; baseline 0.002 -21"><span class='ocrx_word' id='word_1_244' title='bbox 2000 846 2178 913; x_wconf 88' lang='lat' dir='ltr'><strong>capite</strong></span> <span class='ocrx_word' id='word_1_245' title='bbox 2209 847 2495 914; x_wconf 74' lang='lat' dir='ltr'><strong>plecteret.</strong></span> <span class='ocrx_word' id='word_1_246' title='bbox 2525 849 2595 902; x_wconf 91' lang='lat' dir='ltr'><strong>lis</strong></span> <span class='ocrx_word' id='word_1_247' title='bbox 2631 849 2869 917; x_wconf 88' lang='lat' dir='ltr'><strong>cognitis</strong></span> <span class='ocrx_word' id='word_1_248' title='bbox 2897 846 3248 902; x_wconf 82' lang='lat' dir='ltr'><strong>Justinianus</strong></span> <span class='ocrx_word' id='word_1_249' title='bbox 3289 849 3342 901; x_wconf 91' lang='lat' dir='ltr'><strong>in</strong></span> <span class='ocrx_word' id='word_1_250' title='bbox 3384 847 3568 911; x_wconf 77' lang='lat' dir='ltr'><strong>fugam</strong></span> 
     </span>
    </p>
   </div>
   <div class='ocr_carea' id='block_1_39' title="bbox 2000 935 3574 1007">
    <p class='ocr_par' dir='ltr' id='par_1_39' title="bbox 2000 935 3574 1007">
     <span class='ocr_line' id='line_1_39' title="bbox 2000 935 3574 1007; baseline 0.001 -18"><span class='ocrx_word' id='word_1_251' title='bbox 2000 949 2059 989; x_wconf 87' lang='lat' dir='ltr'><strong>se</strong></span> <span class='ocrx_word' id='word_1_252' title='bbox 2094 935 2339 1005; x_wconf 70' lang='lat' dir='ltr'><strong>coniicit,</strong></span> <span class='ocrx_word' id='word_1_253' title='bbox 2385 936 2452 989; x_wconf 90' lang='lat' dir='ltr'><strong>ad</strong></span> <span class='ocrx_word' id='word_1_254' title='bbox 2504 937 2770 1005; x_wconf 78' lang='lat' dir='ltr'><strong>Bulgaros</strong></span> <span class='ocrx_word' id='word_1_255' title='bbox 2808 936 3202 1007; x_wconf 80' lang='lat' dir='ltr'><strong>proficiscitur,</strong></span> <span class='ocrx_word' id='word_1_256' title='bbox 3254 937 3574 1007; x_wconf 80' lang='lat' dir='ltr'><strong>ingentibus</strong></span> 
     </span>
    </p>
   </div>
   <div class='ocr_carea' id='block_1_40' title="bbox 2002 1027 3571 1095">
    <p class='ocr_par' dir='ltr' id='par_1_40' title="bbox 2002 1027 3571 1095">
     <span class='ocr_line' id='line_1_40' title="bbox 2002 1027 3571 1095; baseline 0.001 -15"><span class='ocrx_word' id='word_1_257' title='bbox 2002 1042 2100 1080; x_wconf 91' lang='lat' dir='ltr'><strong>eos</strong></span> <span class='ocrx_word' id='word_1_258' title='bbox 2130 1027 2420 1095; x_wconf 87' lang='lat' dir='ltr'><strong>promissis</strong></span> <span class='ocrx_word' id='word_1_259' title='bbox 2458 1028 2560 1082; x_wconf 87' lang='lat' dir='ltr'><strong>sibi</strong></span> <span class='ocrx_word' id='word_1_260' title='bbox 2596 1028 2863 1084; x_wconf 73' lang='lat' dir='ltr'><strong>devincit.</strong></span> <span class='ocrx_word' id='word_1_261' title='bbox 2897 1028 3015 1094; x_wconf 87' lang='lat' dir='ltr'><strong>Quo</strong></span> <span class='ocrx_word' id='word_1_262' title='bbox 3048 1029 3193 1083; x_wconf 81' lang='lat' dir='ltr'><strong>facto</strong></span> <span class='ocrx_word' id='word_1_263' title='bbox 3220 1038 3431 1083; x_wconf 90' lang='lat' dir='ltr'><strong>tantum</strong></span> <span class='ocrx_word' id='word_1_264' title='bbox 3462 1045 3571 1082; x_wconf 88' lang='lat' dir='ltr'><strong>nou</strong></span> 
     </span>
    </p>
   </div>
   <div class='ocr_carea' id='block_1_41' title="bbox 2003 1116 3576 1188">
    <p class='ocr_par' dir='ltr' id='par_1_41' title="bbox 2003 1116 3576 1188">
     <span class='ocr_line' id='line_1_41' title="bbox 2003 1116 3576 1188; baseline 0.001 -20"><span class='ocrx_word' id='word_1_265' title='bbox 2003 1116 2231 1170; x_wconf 81' lang='lat' dir='ltr'><strong>inﬁnitis</strong></span> <span class='ocrx_word' id='word_1_266' title='bbox 2294 1132 2417 1170; x_wconf 90' lang='lat' dir='ltr'><strong>cum</strong></span> <span class='ocrx_word' id='word_1_267' title='bbox 2480 1116 2653 1185; x_wconf 82' lang='lat' dir='ltr'><strong>COpiis</strong></span> <span class='ocrx_word' id='word_1_268' title='bbox 2722 1116 3044 1188; x_wconf 79' lang='lat' dir='ltr'><strong>Byzantium</strong></span> <span class='ocrx_word' id='word_1_269' title='bbox 3100 1119 3430 1181; x_wconf 81' lang='lat' dir='ltr'><strong>contendit,</strong></span> <span class='ocrx_word' id='word_1_270' title='bbox 3480 1134 3576 1185; x_wconf 88' lang='lat' dir='ltr'><strong>per</strong></span> 
     </span>
    </p>
   </div>
   <div class='ocr_carea' id='block_1_42' title="bbox 2001 1207 3576 1279">
    <p class='ocr_par' dir='ltr' id='par_1_42' title="bbox 2001 1207 3576 1279">
     <span class='ocr_line' id='line_1_42' title="bbox 2001 1207 3576 1279; baseline 0 -18"><span class='ocrx_word' id='word_1_271' title='bbox 2001 1209 2382 1275; x_wconf 71' lang='lat' dir='ltr'><strong>aqureductum</strong></span> <span class='ocrx_word' id='word_1_272' title='bbox 2433 1207 2487 1261; x_wconf 90' lang='lat' dir='ltr'><strong>in</strong></span> <span class='ocrx_word' id='word_1_273' title='bbox 2549 1210 2740 1263; x_wconf 86' lang='lat' dir='ltr'><strong>urbem</strong></span> <span class='ocrx_word' id='word_1_274' title='bbox 2788 1210 3119 1279; x_wconf 71' lang='lat' dir='ltr'><strong>ingreditur,</strong></span> <span class='ocrx_word' id='word_1_275' title='bbox 3171 1208 3576 1277; x_wconf 85' lang='lat' dir='ltr'><strong>imperiumque</strong></span> 
     </span>
    </p>
   </div>
   <div class='ocr_carea' id='block_1_43' title="bbox 2001 1298 3574 1369">
    <p class='ocr_par' dir='ltr' id='par_1_43' title="bbox 2001 1298 3574 1369">
     <span class='ocr_line' id='line_1_43' title="bbox 2001 1298 3574 1369; baseline -0.002 -18"><span class='ocrx_word' id='word_1_276' title='bbox 2001 1308 2316 1367; x_wconf 86' lang='lat' dir='ltr'><strong>recuperat.</strong></span> <span class='ocrx_word' id='word_1_277' title='bbox 2368 1299 2506 1353; x_wconf 85' lang='lat' dir='ltr'><strong>llinc</strong></span> <span class='ocrx_word' id='word_1_278' title='bbox 2539 1299 2887 1368; x_wconf 88' lang='lat' dir='ltr'><strong>Apsimarum</strong></span> <span class='ocrx_word' id='word_1_279' title='bbox 2942 1315 3041 1369; x_wconf 90' lang='lat' dir='ltr'><strong>per</strong></span> <span class='ocrx_word' id='word_1_280' title='bbox 3084 1299 3319 1353; x_wconf 90' lang='lat' dir='ltr'><strong>mediam</strong></span> <span class='ocrx_word' id='word_1_281' title='bbox 3383 1298 3574 1351; x_wconf 88' lang='lat' dir='ltr'><strong>urbem</strong></span> 
     </span>
    </p>
   </div>
   <div class='ocr_carea' id='block_1_44' title="bbox 2000 1374 3576 1461">
    <p class='ocr_par' dir='ltr' id='par_1_44' title="bbox 2000 1374 3576 1461">
     <span class='ocr_line' id='line_1_44' title="bbox 2000 1374 3576 1461; baseline -0.001 -19"><span class='ocrx_word' id='word_1_282' title='bbox 2000 1390 2153 1444; x_wconf 90' lang='lat' dir='ltr'><strong>velut</strong></span> <span class='ocrx_word' id='word_1_283' title='bbox 2184 1390 2237 1443; x_wconf 91' lang='lat' dir='ltr'><strong>in</strong></span> <span class='ocrx_word' id='word_1_284' title='bbox 2292 1390 2574 1459; x_wconf 86' lang='lat' dir='ltr'><strong>triumpho</strong></span> <span class='ocrx_word' id='word_1_285' title='bbox 2618 1400 2674 1445; x_wconf 90' lang='lat' dir='ltr'><strong>et</strong></span> <span class='ocrx_word' id='word_1_286' title='bbox 2720 1407 2917 1461; x_wconf 84' lang='lat' dir='ltr'><strong>pompa</strong></span> <span class='ocrx_word' id='word_1_287' title='bbox 2965 1374 3422 1446; x_wconf 81' lang='lat' dir='ltr'><strong>circumductum</strong></span> <span class='ocrx_word' id='word_1_288' title='bbox 3466 1404 3576 1441; x_wconf 85' lang='lat' dir='ltr'><strong>una</strong></span> 
     </span>
    </p>
   </div>
   <div class='ocr_carea' id='block_1_45' title="bbox 2003 1472 3577 1552">
    <p class='ocr_par' dir='ltr' id='par_1_45' title="bbox 2003 1472 3577 1552">
     <span class='ocr_line' id='line_1_45' title="bbox 2003 1472 3577 1552; baseline -0.004 -15"><span class='ocrx_word' id='word_1_289' title='bbox 2003 1496 2126 1537; x_wconf 93' lang='lat' dir='ltr'><strong>cum</strong></span> <span class='ocrx_word' id='word_1_290' title='bbox 2179 1480 2410 1535; x_wconf 82' lang='lat' dir='ltr'><strong>Leontio</strong></span> <span class='ocrx_word' id='word_1_291' title='bbox 2456 1482 2759 1547; x_wconf 88' lang='lat' dir='ltr'><strong>interficit;</strong></span> <span class='ocrx_word' id='word_1_292' title='bbox 2799 1481 3171 1552; x_wconf 83' lang='lat' dir='ltr'><strong>patriarcbam</strong></span> <span class='ocrx_word' id='word_1_293' title='bbox 3223 1472 3577 1541; x_wconf 77' lang='lat' dir='ltr'><strong>Callinicum.</strong></span> 
     </span>
    </p>
   </div>
   <div class='ocr_carea' id='block_1_46' title="bbox 2004 1571 3578 1643">
    <p class='ocr_par' dir='ltr' id='par_1_46' title="bbox 2004 1571 3578 1643">
     <span class='ocr_line' id='line_1_46' title="bbox 2004 1571 3578 1643; baseline 0 -19"><span class='ocrx_word' id='word_1_294' title='bbox 2004 1573 2152 1643; x_wconf 90' lang='lat' dir='ltr'><strong>quod</strong></span> <span class='ocrx_word' id='word_1_295' title='bbox 2196 1573 2324 1631; x_wconf 89' lang='lat' dir='ltr'><strong>olim</strong></span> <span class='ocrx_word' id='word_1_296' title='bbox 2364 1574 2468 1642; x_wconf 90' lang='lat' dir='ltr'><strong>ipsi</strong></span> <span class='ocrx_word' id='word_1_297' title='bbox 2522 1582 2715 1627; x_wconf 86' lang='lat' dir='ltr'><strong>contra</strong></span> <span class='ocrx_word' id='word_1_298' title='bbox 2750 1573 3052 1631; x_wconf 84' lang='lat' dir='ltr'><strong>Ecclesiam</strong></span> <span class='ocrx_word' id='word_1_299' title='bbox 3079 1572 3289 1641; x_wconf 84' lang='lat' dir='ltr'><strong>aliquid</strong></span> <span class='ocrx_word' id='word_1_300' title='bbox 3328 1571 3578 1625; x_wconf 80' lang='lat' dir='ltr'><strong>molienti</strong></span> 
     </span>
    </p>
   </div>
   <div class='ocr_carea' id='block_1_47' title="bbox 2006 1662 3578 1734">
    <p class='ocr_par' dir='ltr' id='par_1_47' title="bbox 2006 1662 3578 1734">
     <span class='ocr_line' id='line_1_47' title="bbox 2006 1662 3578 1734; baseline -0.003 -15"><span class='ocrx_word' id='word_1_301' title='bbox 2006 1664 2336 1719; x_wconf 82' lang='lat' dir='ltr'><strong>adversatus</strong></span> <span class='ocrx_word' id='word_1_302' title='bbox 2392 1665 2611 1729; x_wconf 89' lang='lat' dir='ltr'><strong>fuisset,</strong></span> <span class='ocrx_word' id='word_1_303' title='bbox 2665 1664 2843 1720; x_wconf 83' lang='lat' dir='ltr'><strong>oculis</strong></span> <span class='ocrx_word' id='word_1_304' title='bbox 2895 1666 3193 1734; x_wconf 91' lang='lat' dir='ltr'><strong>spoliatum</strong></span> <span class='ocrx_word' id='word_1_305' title='bbox 3248 1664 3477 1734; x_wconf 79' lang='lat' dir='ltr'><strong>Romam</strong></span> <span class='ocrx_word' id='word_1_306' title='bbox 3524 1662 3578 1715; x_wconf 94' lang='lat' dir='ltr'><strong>in</strong></span> 
     </span>
    </p>
   </div>
   <div class='ocr_carea' id='block_1_48' title="bbox 2008 1732 3585 1827">
    <p class='ocr_par' dir='ltr' id='par_1_48' title="bbox 2008 1732 3585 1827">
     <span class='ocr_line' id='line_1_48' title="bbox 2008 1732 3585 1827; baseline -0.001 -17"><span class='ocrx_word' id='word_1_307' title='bbox 2008 1756 2263 1810; x_wconf 76' lang='lat' dir='ltr'><strong>exsilium</strong></span> <span class='ocrx_word' id='word_1_308' title='bbox 2298 1756 2509 1821; x_wconf 91' lang='lat' dir='ltr'><strong>mittit;</strong></span> <span class='ocrx_word' id='word_1_309' title='bbox 2538 1757 2658 1825; x_wconf 82' lang='lat' dir='ltr'><strong>ejus</strong></span> <span class='ocrx_word' id='word_1_310' title='bbox 2707 1757 2832 1811; x_wconf 85' lang='lat' dir='ltr'><strong>loco</strong></span> <span class='ocrx_word' id='word_1_311' title='bbox 2882 1732 3174 1827; x_wconf 52' lang='lat' dir='ltr'><strong>Cvriacum</strong></span> <span class='ocrx_word' id='word_1_312' title='bbox 3208 1732 3585 1824; x_wconf 53' lang='lat' dir='ltr'><strong>pa‘ii&#39;iareliam</strong></span> 
     </span>
    </p>
   </div>
   <div class='ocr_carea' id='block_1_49' title="bbox 2008 1845 3591 1916">
    <p class='ocr_par' dir='ltr' id='par_1_49' title="bbox 2008 1845 3591 1916">
     <span class='ocr_line' id='line_1_49' title="bbox 2008 1845 3591 1916; baseline -0.003 -13"><span class='ocrx_word' id='word_1_313' title='bbox 2008 1847 2160 1911; x_wconf 82' lang='lat' dir='ltr'><strong>facit,</strong></span> <span class='ocrx_word' id='word_1_314' title='bbox 2200 1846 2293 1916; x_wconf 89' lang='lat' dir='ltr'><strong>qui</strong></span> <span class='ocrx_word' id='word_1_315' title='bbox 2350 1845 2405 1899; x_wconf 89' lang='lat' dir='ltr'><strong>in</strong></span> <span class='ocrx_word' id='word_1_316' title='bbox 2457 1847 2766 1901; x_wconf 81' lang='lat' dir='ltr'><strong>Amastride</strong></span> <span class='ocrx_word' id='word_1_317' title='bbox 2822 1847 3002 1901; x_wconf 89' lang='lat' dir='ltr'><strong>insula</strong></span> <span class='ocrx_word' id='word_1_318' title='bbox 3063 1847 3369 1902; x_wconf 83' lang='lat' dir='ltr'><strong>solitariam</strong></span> <span class='ocrx_word' id='word_1_319' title='bbox 3411 1846 3591 1899; x_wconf 84' lang='lat' dir='ltr'><strong>vitam.</strong></span> 
     </span>
    </p>
   </div>
   <div class='ocr_carea' id='block_1_50' title="bbox 2009 1928 3583 2011">
    <p class='ocr_par' dir='ltr' id='par_1_50' title="bbox 2009 1928 3583 2011">
     <span class='ocr_line' id='line_1_50' title="bbox 2009 1928 3583 2011; baseline -0.003 -20"><span class='ocrx_word' id='word_1_320' title='bbox 2009 1938 2259 1993; x_wconf 87' lang='lat' dir='ltr'><strong>inclusus</strong></span> <span class='ocrx_word' id='word_1_321' title='bbox 2309 1938 2545 2007; x_wconf 85' lang='lat' dir='ltr'><strong>agebat:</strong></span> <span class='ocrx_word' id='word_1_322' title='bbox 2583 1952 2708 1990; x_wconf 89' lang='lat' dir='ltr'><strong>nam</strong></span> <span class='ocrx_word' id='word_1_323' title='bbox 2755 1938 2801 1991; x_wconf 87' lang='lat' dir='ltr'><strong>is</strong></span> <span class='ocrx_word' id='word_1_324' title='bbox 2840 1937 3155 1992; x_wconf 79' lang='lat' dir='ltr'><strong>Justiniano</strong></span> <span class='ocrx_word' id='word_1_325' title='bbox 3203 1928 3583 2011; x_wconf 79' lang='lat' dir='ltr'><strong>recuperatio-</strong></span> 
     </span>
    </p>
   </div>
   <div class='ocr_carea' id='block_1_51' title="bbox 2009 2018 3586 2105">
    <p class='ocr_par' dir='ltr' id='par_1_51' title="bbox 2009 2018 3586 2105">
     <span class='ocr_line' id='line_1_51' title="bbox 2009 2018 3586 2105; baseline -0.002 -23"><span class='ocrx_word' id='word_1_326' title='bbox 2009 2045 2135 2083; x_wconf 88' lang='lat' dir='ltr'><strong>nem</strong></span> <span class='ocrx_word' id='word_1_327' title='bbox 2185 2028 2401 2098; x_wconf 86' lang='lat' dir='ltr'><strong>imperii</strong></span> <span class='ocrx_word' id='word_1_328' title='bbox 2434 2027 2785 2097; x_wconf 65' lang='lat' dir='ltr'><strong>pratdixerat.</strong></span> <span class='ocrx_word' id='word_1_329' title='bbox 2819 2028 2892 2082; x_wconf 91' lang='lat' dir='ltr'><strong>Ut</strong></span> <span class='ocrx_word' id='word_1_330' title='bbox 2920 2027 3186 2105; x_wconf 78' lang='lat' dir='ltr'><strong>brevibus</strong></span> <span class='ocrx_word' id='word_1_331' title='bbox 3218 2018 3399 2081; x_wconf 75' lang='lat' dir='ltr'><strong>omnia</strong></span> <span class='ocrx_word' id='word_1_332' title='bbox 3429 2027 3586 2081; x_wconf 90' lang='lat' dir='ltr'><strong>deni-</strong></span> 
     </span>
    </p>
   </div>
   <div class='ocr_carea' id='block_1_52' title="bbox 2008 2116 3589 2188">
    <p class='ocr_par' dir='ltr' id='par_1_52' title="bbox 2008 2116 3589 2188">
     <span class='ocr_line' id='line_1_52' title="bbox 2008 2116 3589 2188; baseline -0.004 -15"><span class='ocrx_word' id='word_1_333' title='bbox 2008 2135 2115 2188; x_wconf 91' lang='lat' dir='ltr'><strong>que</strong></span> <span class='ocrx_word' id='word_1_334' title='bbox 2147 2120 2507 2188; x_wconf 88' lang='lat' dir='ltr'><strong>complectar,</strong></span> <span class='ocrx_word' id='word_1_335' title='bbox 2528 2120 2754 2188; x_wconf 89' lang='lat' dir='ltr'><strong>quosvis</strong></span> <span class='ocrx_word' id='word_1_336' title='bbox 2782 2118 3059 2188; x_wconf 90' lang='lat' dir='ltr'><strong>pecudum</strong></span> <span class='ocrx_word' id='word_1_337' title='bbox 3094 2119 3267 2172; x_wconf 88' lang='lat' dir='ltr'><strong>instar</strong></span> <span class='ocrx_word' id='word_1_338' title='bbox 3296 2116 3589 2187; x_wconf 84' lang='lat' dir='ltr'><strong>jugulabat</strong></span> 
     </span>
    </p>
   </div>
   <div class='ocr_carea' id='block_1_53' title="bbox 2013 2214 3591 2284">
    <p class='ocr_par' dir='ltr' id='par_1_53' title="bbox 2013 2214 3591 2284">
     <span class='ocr_line' id='line_1_53' title="bbox 2013 2214 3591 2284; baseline 0.001 -18"><span class='ocrx_word' id='word_1_339' title='bbox 2013 2214 2175 2268; x_wconf 86' lang='lat' dir='ltr'><strong>homo</strong></span> <span class='ocrx_word' id='word_1_340' title='bbox 2203 2215 2364 2284; x_wconf 82' lang='lat' dir='ltr'><strong>plane</strong></span> <span class='ocrx_word' id='word_1_341' title='bbox 2397 2215 2613 2269; x_wconf 85' lang='lat' dir='ltr'><strong>furens.</strong></span> <span class='ocrx_word' id='word_1_342' title='bbox 2643 2214 2823 2282; x_wconf 84' lang='lat' dir='ltr'><strong>Atque</strong></span> <span class='ocrx_word' id='word_1_343' title='bbox 2852 2214 2994 2269; x_wconf 88' lang='lat' dir='ltr'><strong>banc</strong></span> <span class='ocrx_word' id='word_1_344' title='bbox 3022 2215 3077 2268; x_wconf 93' lang='lat' dir='ltr'><strong>in</strong></span> <span class='ocrx_word' id='word_1_345' title='bbox 3102 2214 3227 2269; x_wconf 87' lang='lat' dir='ltr'><strong>imis</strong></span> <span class='ocrx_word' id='word_1_346' title='bbox 3260 2214 3427 2268; x_wconf 87' lang='lat' dir='ltr'><strong>animi</strong></span> <span class='ocrx_word' id='word_1_347' title='bbox 3465 2214 3591 2267; x_wconf 87' lang='lat' dir='ltr'><strong>lati-</strong></span> 
     </span>
    </p>
   </div>
   <div class='ocr_carea' id='block_1_54' title="bbox 2012 2303 3591 2374">
    <p class='ocr_par' dir='ltr' id='par_1_54' title="bbox 2012 2303 3591 2374">
     <span class='ocr_line' id='line_1_54' title="bbox 2012 2303 3591 2374; baseline -0.002 -14"><span class='ocrx_word' id='word_1_348' title='bbox 2012 2315 2219 2360; x_wconf 82' lang='lat' dir='ltr'><strong>tantem</strong></span> <span class='ocrx_word' id='word_1_349' title='bbox 2268 2304 2487 2374; x_wconf 83' lang='lat' dir='ltr'><strong>angulis</strong></span> <span class='ocrx_word' id='word_1_350' title='bbox 2537 2303 2958 2372; x_wconf 89' lang='lat' dir='ltr'><strong>improbitatem</strong></span> <span class='ocrx_word' id='word_1_351' title='bbox 3002 2305 3113 2373; x_wconf 84' lang='lat' dir='ltr'><strong>jam</strong></span> <span class='ocrx_word' id='word_1_352' title='bbox 3165 2314 3325 2358; x_wconf 83' lang='lat' dir='ltr'><strong>antea</strong></span> <span class='ocrx_word' id='word_1_353' title='bbox 3367 2318 3591 2372; x_wconf 85' lang='lat' dir='ltr'><strong>quoque</strong></span> 
     </span>
    </p>
   </div>
   <div class='ocr_carea' id='block_1_55' title="bbox 2010 2393 3594 2467">
    <p class='ocr_par' dir='ltr' id='par_1_55' title="bbox 2010 2393 3594 2467">
     <span class='ocr_line' id='line_1_55' title="bbox 2010 2393 3594 2467; baseline -0.001 -18"><span class='ocrx_word' id='word_1_354' title='bbox 2010 2396 2372 2467; x_wconf 82' lang='lat' dir='ltr'><strong>patefecerat,</strong></span> <span class='ocrx_word' id='word_1_355' title='bbox 2410 2410 2535 2450; x_wconf 89' lang='lat' dir='ltr'><strong>cum</strong></span> <span class='ocrx_word' id='word_1_356' title='bbox 2568 2395 2766 2465; x_wconf 81' lang='lat' dir='ltr'><strong>exigua</strong></span> <span class='ocrx_word' id='word_1_357' title='bbox 2802 2394 3055 2448; x_wconf 88' lang='lat' dir='ltr'><strong>navicula</strong></span> <span class='ocrx_word' id='word_1_358' title='bbox 3082 2393 3365 2449; x_wconf 88' lang='lat' dir='ltr'><strong>Cbersone</strong></span> <span class='ocrx_word' id='word_1_359' title='bbox 3406 2410 3594 2448; x_wconf 78' lang='lat' dir='ltr'><strong>rever~</strong></span> 
     </span>
    </p>
   </div>
   <div class='ocr_carea' id='block_1_56' title="bbox 2015 2468 3605 2557">
    <p class='ocr_par' dir='ltr' id='par_1_56' title="bbox 2015 2468 3605 2557">
     <span class='ocr_line' id='line_1_56' title="bbox 2015 2468 3605 2557; baseline -0.003 -14"><span class='ocrx_word' id='word_1_360' title='bbox 2015 2496 2226 2543; x_wconf 89' lang='lat' dir='ltr'><strong>teretur</strong></span> <span class='ocrx_word' id='word_1_361' title='bbox 2278 2497 2334 2543; x_wconf 89' lang='lat' dir='ltr'><strong>et</strong></span> <span class='ocrx_word' id='word_1_362' title='bbox 2382 2495 2709 2557; x_wconf 85' lang='lat' dir='ltr'><strong>tempestate</strong></span> <span class='ocrx_word' id='word_1_363' title='bbox 2753 2486 2992 2555; x_wconf 87' lang='lat' dir='ltr'><strong>quadam</strong></span> <span class='ocrx_word' id='word_1_364' title='bbox 3044 2486 3412 2555; x_wconf 81' lang='lat' dir='ltr'><strong>exciperetur.</strong></span> <span class='ocrx_word' id='word_1_365' title='bbox 3453 2468 3605 2539; x_wconf 38' lang='lat' dir='ltr'><strong>Nam.</strong></span> 
     </span>
    </p>
   </div>
   <div class='ocr_carea' id='block_1_57' title="bbox 2014 2576 3590 2647">
    <p class='ocr_par' dir='ltr' id='par_1_57' title="bbox 2014 2576 3590 2647">
     <span class='ocr_line' id='line_1_57' title="bbox 2014 2576 3590 2647; baseline -0.004 -14"><span class='ocrx_word' id='word_1_366' title='bbox 2014 2594 2138 2633; x_wconf 90' lang='lat' dir='ltr'><strong>eum</strong></span> <span class='ocrx_word' id='word_1_367' title='bbox 2166 2579 2216 2634; x_wconf 91' lang='lat' dir='ltr'><strong>ei</strong></span> <span class='ocrx_word' id='word_1_368' title='bbox 2252 2578 2607 2633; x_wconf 89' lang='lat' dir='ltr'><strong>familiarium</strong></span> <span class='ocrx_word' id='word_1_369' title='bbox 2645 2577 2850 2647; x_wconf 89' lang='lat' dir='ltr'><strong>aliquis</strong></span> <span class='ocrx_word' id='word_1_370' title='bbox 2880 2577 3092 2631; x_wconf 90' lang='lat' dir='ltr'><strong>diceret</strong></span> <span class='ocrx_word' id='word_1_371' title='bbox 3120 2595 3132 2629; x_wconf 91' lang='lat'>:</span> <span class='ocrx_word' id='word_1_372' title='bbox 3171 2595 3187 2627; x_wconf 87' lang='grc' dir='ltr'><strong>ι</strong></span> <span class='ocrx_word' id='word_1_373' title='bbox 3220 2576 3295 2629; x_wconf 86' lang='lat' dir='ltr'><strong>Eu</strong></span> <span class='ocrx_word' id='word_1_374' title='bbox 3334 2576 3590 2635; x_wconf 85' lang='lat' dir='ltr'><strong>moreris,</strong></span> 
     </span>
    </p>
   </div>
   <div class='ocr_carea' id='block_1_58' title="bbox 2015 2664 3588 2739">
    <p class='ocr_par' dir='ltr' id='par_1_58' title="bbox 2015 2664 3588 2739">
     <span class='ocr_line' id='line_1_58' title="bbox 2015 2664 3588 2739; baseline -0.004 -15"><span class='ocrx_word' id='word_1_375' title='bbox 2015 2670 2259 2734; x_wconf 88' lang='lat' dir='ltr'><strong>domine,</strong></span> <span class='ocrx_word' id='word_1_376' title='bbox 2309 2669 2667 2739; x_wconf 81' lang='lat' dir='ltr'><strong>quamobrem</strong></span> <span class='ocrx_word' id='word_1_377' title='bbox 2710 2669 2821 2721; x_wconf 85' lang='lat' dir='ltr'><strong>Deo</strong></span> <span class='ocrx_word' id='word_1_378' title='bbox 2869 2667 3149 2736; x_wconf 85' lang='lat' dir='ltr'><strong>promitte,</strong></span> <span class='ocrx_word' id='word_1_379' title='bbox 3202 2666 3246 2720; x_wconf 90' lang='lat' dir='ltr'><strong>si</strong></span> <span class='ocrx_word' id='word_1_380' title='bbox 3274 2664 3588 2719; x_wconf 87' lang='lat' dir='ltr'><strong>restituerit</strong></span> 
     </span>
    </p>
   </div>
   <div class='ocr_carea' id='block_1_59' title="bbox 2017 2756 3599 2837">
    <p class='ocr_par' dir='ltr' id='par_1_59' title="bbox 2017 2756 3599 2837">
     <span class='ocr_line' id='line_1_59' title="bbox 2017 2756 3599 2837; baseline -0.003 -23"><span class='ocrx_word' id='word_1_381' title='bbox 2017 2760 2309 2829; x_wconf 89' lang='lat' dir='ltr'><strong>imperium</strong></span> <span class='ocrx_word' id='word_1_382' title='bbox 2343 2760 2468 2819; x_wconf 84' lang='lat' dir='ltr'><strong>tibi,</strong></span> <span class='ocrx_word' id='word_1_383' title='bbox 2502 2759 2780 2813; x_wconf 90' lang='lat' dir='ltr'><strong>neminem</strong></span> <span class='ocrx_word' id='word_1_384' title='bbox 2812 2768 2863 2813; x_wconf 89' lang='lat' dir='ltr'><strong>te</strong></span> <span class='ocrx_word' id='word_1_385' title='bbox 2900 2760 3396 2837; x_wconf 42' lang='lat' dir='ltr'><strong>Imstium‘tuorum</strong></span> <span class='ocrx_word' id='word_1_386' title='bbox 3426 2756 3599 2810; x_wconf 83' lang='lat' dir='ltr'><strong>l:esu-.</strong></span> 
     </span>
    </p>
   </div>
   <div class='ocr_carea' id='block_1_60' title="bbox 2017 2845 3591 2917">
    <p class='ocr_par' dir='ltr' id='par_1_60' title="bbox 2017 2845 3591 2917">
     <span class='ocr_line' id='line_1_60' title="bbox 2017 2845 3591 2917; baseline -0.004 -12"><span class='ocrx_word' id='word_1_387' title='bbox 2017 2866 2140 2905; x_wconf 91' lang='lat' dir='ltr'><strong>rum</strong></span> <span class='ocrx_word' id='word_1_388' title='bbox 2163 2868 2194 2904; x_wconf 62' lang='grc' dir='ltr'>νε</span> <span class='ocrx_word' id='word_1_389' title='bbox 2242 2870 2258 2902; x_wconf 77' lang='grc' dir='ltr'><strong>ι</strong></span> <span class='ocrx_word' id='word_1_390' title='bbox 2302 2869 2321 2901; x_wconf 74' lang='grc' dir='ltr'><strong>ι</strong></span> <span class='ocrx_word' id='word_1_391' title='bbox 2358 2851 2474 2904; x_wconf 91' lang='lat' dir='ltr'><strong>lmo</strong></span> <span class='ocrx_word' id='word_1_392' title='bbox 2508 2865 2660 2913; x_wconf 88' lang='lat' dir='ltr'><strong>vero,</strong></span> <span class='ocrx_word' id='word_1_393' title='bbox 2693 2851 2798 2914; x_wconf 88' lang='lat' dir='ltr'><strong>ait,</strong></span> <span class='ocrx_word' id='word_1_394' title='bbox 2857 2850 2961 2904; x_wconf 90' lang='lat' dir='ltr'><strong>hoc</strong></span> <span class='ocrx_word' id='word_1_395' title='bbox 3006 2851 3124 2917; x_wconf 87' lang='lat' dir='ltr'><strong>ipso</strong></span> <span class='ocrx_word' id='word_1_396' title='bbox 3158 2849 3211 2901; x_wconf 89' lang='lat' dir='ltr'><strong>in</strong></span> <span class='ocrx_word' id='word_1_397' title='bbox 3247 2849 3369 2903; x_wconf 79' lang='lat' dir='ltr'><strong>loco</strong></span> <span class='ocrx_word' id='word_1_398' title='bbox 3406 2845 3591 2899; x_wconf 73' lang='lat' dir='ltr'><strong>flueti-</strong></span> 
     </span>
    </p>
   </div>
   <div class='ocr_carea' id='block_1_61' title="bbox 2018 2929 3586 3008">
    <p class='ocr_par' dir='ltr' id='par_1_61' title="bbox 2018 2929 3586 3008">
     <span class='ocr_line' id='line_1_61' title="bbox 2018 2929 3586 3008; baseline -0.006 -11"><span class='ocrx_word' id='word_1_399' title='bbox 2018 2944 2122 2997; x_wconf 88' lang='lat' dir='ltr'><strong>bus</strong></span> <span class='ocrx_word' id='word_1_400' title='bbox 2147 2957 2233 2996; x_wconf 91' lang='lat' dir='ltr'><strong>me</strong></span> <span class='ocrx_word' id='word_1_401' title='bbox 2264 2941 2533 2997; x_wconf 89' lang='lat' dir='ltr'><strong>Dominus</strong></span> <span class='ocrx_word' id='word_1_402' title='bbox 2564 2942 2787 3006; x_wconf 86' lang='lat' dir='ltr'><strong>obruat,</strong></span> <span class='ocrx_word' id='word_1_403' title='bbox 2805 2941 2850 2995; x_wconf 89' lang='lat' dir='ltr'><strong>si</strong></span> <span class='ocrx_word' id='word_1_404' title='bbox 2892 2955 3082 2995; x_wconf 91' lang='lat' dir='ltr'><strong>eorum</strong></span> <span class='ocrx_word' id='word_1_405' title='bbox 3112 2940 3205 2993; x_wconf 80' lang='lat' dir='ltr'><strong>ulli</strong></span> <span class='ocrx_word' id='word_1_406' title='bbox 3234 2929 3545 3008; x_wconf 74' lang='lat' dir='ltr'><strong>pepercere.</strong></span> <span class='ocrx_word' id='word_1_407' title='bbox 3566 2955 3586 2987; x_wconf 73' lang='grc' dir='ltr'><strong>ι</strong></span> 
     </span>
    </p>
   </div>
   <div class='ocr_carea' id='block_1_62' title="bbox 354 3020 1909 3107">
    <p class='ocr_par' dir='ltr' id='par_1_62' title="bbox 354 3020 1909 3100">
     <span class='ocr_line' id='line_1_62' title="bbox 354 3020 1909 3100; baseline 0.011 -31"><span class='ocrx_word' id='word_1_408' title='bbox 354 3020 532 3083; x_wconf 80' lang='grc' dir='ltr'>νιανὸς</span> <span class='ocrx_word' id='word_1_409' title='bbox 560 3021 643 3074; x_wconf 85' lang='grc' dir='ltr'><strong>ὅτι</strong></span> <span class='ocrx_word' id='word_1_410' title='bbox 670 3022 779 3075; x_wconf 87' lang='grc' dir='ltr'><strong>τῶν</strong></span> <span class='ocrx_word' id='word_1_411' title='bbox 814 3040 1052 3092; x_wconf 88' lang='grc' dir='ltr'>νεογνων</span> <span class='ocrx_word' id='word_1_412' title='bbox 1078 3028 1256 3099; x_wconf 80' lang='grc' dir='ltr'>πάντη</span> <span class='ocrx_word' id='word_1_413' title='bbox 1302 3029 1519 3100; x_wconf 83' lang='grc' dir='ltr'>βρεφῶν</span> <span class='ocrx_word' id='word_1_414' title='bbox 1550 3034 1596 3085; x_wconf 80' lang='lat' dir='ltr'><strong>oi</strong></span> <span class='ocrx_word' id='word_1_415' title='bbox 1628 3033 1909 3097; x_wconf 86' lang='grc' dir='ltr'>σταλέντες</span> 
     </span>
    </p>
   </div>
   <div class='ocr_carea' id='block_1_63' title="bbox 2011 3020 3592 3107">
    <p class='ocr_par' dir='ltr' id='par_1_63' title="bbox 2017 3030 3592 3099">
     <span class='ocr_line' id='line_1_63' title="bbox 2017 3030 3592 3099; baseline -0.005 -11"><span class='ocrx_word' id='word_1_416' title='bbox 2017 3032 2291 3088; x_wconf 66' lang='lat' dir='ltr'><strong>Praeterea</strong></span> <span class='ocrx_word' id='word_1_417' title='bbox 2324 3048 2449 3088; x_wconf 91' lang='lat' dir='ltr'><strong>cum</strong></span> <span class='ocrx_word' id='word_1_418' title='bbox 2501 3032 2569 3087; x_wconf 89' lang='lat' dir='ltr'><strong>ad</strong></span> <span class='ocrx_word' id='word_1_419' title='bbox 2622 3031 2869 3085; x_wconf 88' lang='lat' dir='ltr'><strong>animum</strong></span> <span class='ocrx_word' id='word_1_420' title='bbox 2919 3037 3234 3086; x_wconf 87' lang='lat' dir='ltr'><strong>revocasset</strong></span> <span class='ocrx_word' id='word_1_421' title='bbox 3282 3030 3371 3083; x_wconf 86' lang='lat' dir='ltr'><strong>hic</strong></span> <span class='ocrx_word' id='word_1_422' title='bbox 3403 3038 3592 3099; x_wconf 82' lang='lat' dir='ltr'><strong>tyran-</strong></span> 
     </span>
    </p>
   </div>
   <div class='ocr_carea' id='block_1_64' title="bbox 355 3111 1917 3192">
    <p class='ocr_par' dir='ltr' id='par_1_64' title="bbox 355 3111 1917 3192">
     <span class='ocr_line' id='line_1_64' title="bbox 355 3111 1917 3192; baseline 0.01 -32"><span class='ocrx_word' id='word_1_423' title='bbox 355 3111 548 3163; x_wconf 77' lang='grc' dir='ltr'>ἐκεῖνοι</span> <span class='ocrx_word' id='word_1_424' title='bbox 576 3112 866 3180; x_wconf 78' lang='grc' dir='ltr'>ἐφείδοντο,</span> <span class='ocrx_word' id='word_1_425' title='bbox 903 3116 1164 3185; x_wconf 81' lang='grc' dir='ltr'>καχλάζει</span> <span class='ocrx_word' id='word_1_426' title='bbox 1212 3120 1302 3171; x_wconf 75' lang='grc' dir='ltr'>ἐπὶ</span> <span class='ocrx_word' id='word_1_427' title='bbox 1335 3119 1494 3172; x_wconf 85' lang='grc' dir='ltr'>πλέον</span> <span class='ocrx_word' id='word_1_428' title='bbox 1528 3120 1605 3191; x_wconf 81' lang='grc' dir='ltr'><strong>τῷ</strong></span> <span class='ocrx_word' id='word_1_429' title='bbox 1639 3122 1795 3192; x_wconf 79' lang='grc' dir='ltr'>θυμῷ</span> <span class='ocrx_word' id='word_1_430' title='bbox 1822 3124 1917 3175; x_wconf 78' lang='grc' dir='ltr'><strong>καὶ</strong></span> 
     </span>
    </p>
   </div>
   <div class='ocr_carea' id='block_1_65' title="bbox 358 3201 1917 3281">
    <p class='ocr_par' dir='ltr' id='par_1_65' title="bbox 358 3201 1917 3281">
     <span class='ocr_line' id='line_1_65' title="bbox 358 3201 1917 3281; baseline 0.008 -28"><span class='ocrx_word' id='word_1_431' title='bbox 358 3201 539 3253; x_wconf 86' lang='grc' dir='ltr'>στόλον</span> <span class='ocrx_word' id='word_1_432' title='bbox 563 3202 647 3254; x_wconf 74' lang='grc' dir='ltr'>ἓτε</span> <span class='ocrx_word' id='word_1_433' title='bbox 659 3221 749 3273; x_wconf 92' lang='grc' dir='ltr'><strong>ρον</strong></span> <span class='ocrx_word' id='word_1_434' title='bbox 773 3204 1074 3274; x_wconf 79' lang='grc' dir='ltr'>ἐκπέμπει,</span> <span class='ocrx_word' id='word_1_435' title='bbox 1099 3209 1172 3270; x_wconf 82' lang='grc' dir='ltr'>ὡς</span> <span class='ocrx_word' id='word_1_436' title='bbox 1195 3211 1523 3279; x_wconf 82' lang='grc' dir='ltr'>κολασθῆναι</span> <span class='ocrx_word' id='word_1_437' title='bbox 1550 3213 1649 3281; x_wconf 78' lang='grc' dir='ltr'>μὲν</span> <span class='ocrx_word' id='word_1_438' title='bbox 1671 3215 1766 3265; x_wconf 77' lang='grc' dir='ltr'><strong>καὶ</strong></span> <span class='ocrx_word' id='word_1_439' title='bbox 1789 3212 1917 3276; x_wconf 80' lang='grc' dir='ltr'>τοὺς</span> 
     </span>
    </p>
   </div>
   <div class='ocr_carea' id='block_1_66' title="bbox 359 3294 1917 3373">
    <p class='ocr_par' dir='ltr' id='par_1_66' title="bbox 359 3294 1917 3373">
     <span class='ocr_line' id='line_1_66' title="bbox 359 3294 1917 3373; baseline 0.009 -31"><span class='ocrx_word' id='word_1_440' title='bbox 359 3294 894 3361; x_wconf 79' lang='grc' dir='ltr'>τροαποσταλέντας,</span> <span class='ocrx_word' id='word_1_441' title='bbox 922 3299 1277 3370; x_wconf 79' lang='grc' dir='ltr'>ἀναιρεθῆναι</span> <span class='ocrx_word' id='word_1_442' title='bbox 1308 3302 1362 3353; x_wconf 80' lang='grc' dir='ltr'>δὲ</span> <span class='ocrx_word' id='word_1_443' title='bbox 1392 3304 1485 3355; x_wconf 72' lang='grc' dir='ltr'><strong>καὶ</strong></span> <span class='ocrx_word' id='word_1_444' title='bbox 1520 3305 1701 3356; x_wconf 83' lang='grc' dir='ltr'>πᾶσαν</span> <span class='ocrx_word' id='word_1_445' title='bbox 1726 3304 1917 3373; x_wconf 65' lang='grc' dir='ltr'>βρεφιφ</span> 
     </span>
    </p>
   </div>
   <div class='ocr_carea' id='block_1_67' title="bbox 358 3385 1918 3465">
    <p class='ocr_par' dir='ltr' id='par_1_67' title="bbox 358 3385 1918 3465">
     <span class='ocr_line' id='line_1_67' title="bbox 358 3385 1918 3465; baseline 0.01 -31"><span class='ocrx_word' id='word_1_446' title='bbox 358 3385 459 3451; x_wconf 75' lang='grc' dir='ltr'>κὴν</span> <span class='ocrx_word' id='word_1_447' title='bbox 497 3385 734 3453; x_wconf 76' lang='grc' dir='ltr'>ἡλικίαν.</span> <span class='ocrx_word' id='word_1_448' title='bbox 777 3390 1081 3459; x_wconf 83' lang='grc' dir='ltr'>Καθῐστησι</span> <span class='ocrx_word' id='word_1_449' title='bbox 1116 3392 1171 3443; x_wconf 84' lang='grc' dir='ltr'><strong>δὲ</strong></span> <span class='ocrx_word' id='word_1_450' title='bbox 1206 3393 1295 3444; x_wconf 84' lang='grc' dir='ltr'><strong>τοῦ</strong></span> <span class='ocrx_word' id='word_1_451' title='bbox 1332 3394 1521 3447; x_wconf 80' lang='grc' dir='ltr'>στόλου</span> <span class='ocrx_word' id='word_1_452' title='bbox 1552 3396 1796 3465; x_wconf 83' lang='grc' dir='ltr'>ἡγεμόνα</span> <span class='ocrx_word' id='word_1_453' title='bbox 1824 3398 1918 3449; x_wconf 82' lang='grc' dir='ltr'><strong>Φι-</strong></span> 
     </span>
    </p>
   </div>
   <div class='ocr_carea' id='block_1_68' title="bbox 358 3474 1918 3557">
    <p class='ocr_par' dir='ltr' id='par_1_68' title="bbox 358 3474 1918 3557">
     <span class='ocr_line' id='line_1_68' title="bbox 358 3474 1918 3557; baseline 0.012 -33"><span class='ocrx_word' id='word_1_454' title='bbox 358 3474 617 3529; x_wconf 63' lang='grc' dir='ltr'>λιππικὸν</span> <span class='ocrx_word' id='word_1_455' title='bbox 663 3478 756 3531; x_wconf 84' lang='grc' dir='ltr'>τὸν</span> <span class='ocrx_word' id='word_1_456' title='bbox 813 3482 905 3532; x_wconf 71' lang='grc' dir='ltr'><strong>καὶ</strong></span> <span class='ocrx_word' id='word_1_457' title='bbox 958 3482 1235 3552; x_wconf 74' lang='grc' dir='ltr'>Βαρδάνην</span> <span class='ocrx_word' id='word_1_458' title='bbox 1285 3484 1599 3553; x_wconf 86' lang='grc' dir='ltr'>λεγόμενον.</span> <span class='ocrx_word' id='word_1_459' title='bbox 1647 3488 1918 3557; x_wconf 73' lang='grc' dir='ltr'>Ἀπῆλθον</span> 
     </span>
    </p>
   </div>
   <div class='ocr_carea' id='block_1_69' title="bbox 359 3568 1917 3649">
    <p class='ocr_par' dir='ltr' id='par_1_69' title="bbox 359 3568 1917 3649">
     <span class='ocr_line' id='line_1_69' title="bbox 359 3568 1917 3649; baseline 0.011 -32"><span class='ocrx_word' id='word_1_460' title='bbox 359 3569 535 3619; x_wconf 71' lang='grc' dir='ltr'>ἐκεῖσε</span> <span class='ocrx_word' id='word_1_461' title='bbox 566 3568 777 3639; x_wconf 78' lang='grc' dir='ltr'>λοιπὸν,</span> <span class='ocrx_word' id='word_1_462' title='bbox 810 3573 902 3626; x_wconf 76' lang='grc' dir='ltr'>καὶ</span> <span class='ocrx_word' id='word_1_463' title='bbox 929 3573 1026 3644; x_wconf 84' lang='grc' dir='ltr'><strong>τήν</strong></span> <span class='ocrx_word' id='word_1_464' title='bbox 1057 3575 1152 3627; x_wconf 85' lang='grc' dir='ltr'><strong>τοῦ</strong></span> <span class='ocrx_word' id='word_1_465' title='bbox 1183 3578 1513 3646; x_wconf 74' lang='grc' dir='ltr'>κρατοῦντος</span> <span class='ocrx_word' id='word_1_466' title='bbox 1550 3581 1917 3649; x_wconf 82' lang='grc' dir='ltr'>μυσαχθέντες</span> 
     </span>
    </p>
   </div>
   <div class='ocr_carea' id='block_1_70' title="bbox 362 3663 1919 3740">
    <p class='ocr_par' dir='ltr' id='par_1_70' title="bbox 362 3663 1919 3740">
     <span class='ocr_line' id='line_1_70' title="bbox 362 3663 1919 3740; baseline 0.007 -24"><span class='ocrx_word' id='word_1_467' title='bbox 362 3663 778 3733; x_wconf 79' lang='grc' dir='ltr'>ἀπανθρωπίαν,</span> <span class='ocrx_word' id='word_1_468' title='bbox 806 3668 899 3721; x_wconf 78' lang='grc' dir='ltr'><strong>καὶ</strong></span> <span class='ocrx_word' id='word_1_469' title='bbox 926 3669 998 3739; x_wconf 81' lang='grc' dir='ltr'>μὴ</span> <span class='ocrx_word' id='word_1_470' title='bbox 1034 3669 1289 3737; x_wconf 78' lang='grc' dir='ltr'>φέροντες</span> <span class='ocrx_word' id='word_1_471' title='bbox 1321 3671 1548 3740; x_wconf 84' lang='grc' dir='ltr'>αἴμασιν</span> <span class='ocrx_word' id='word_1_472' title='bbox 1590 3673 1796 3736; x_wconf 85' lang='grc' dir='ltr'>ἀδίκοις</span> <span class='ocrx_word' id='word_1_473' title='bbox 1822 3693 1919 3727; x_wconf 87' lang='grc' dir='ltr'>κα-</span> 
     </span>
    </p>
   </div>
   <div class='ocr_carea' id='block_1_71' title="bbox 359 3750 1922 3830">
    <p class='ocr_par' dir='ltr' id='par_1_71' title="bbox 359 3750 1922 3830">
     <span class='ocr_line' id='line_1_71' title="bbox 359 3750 1922 3830; baseline 0.009 -26"><span class='ocrx_word' id='word_1_474' title='bbox 359 3754 753 3823; x_wconf 81' lang='grc' dir='ltr'>ταχρανθῆναι,</span> <span class='ocrx_word' id='word_1_475' title='bbox 807 3759 888 3821; x_wconf 83' lang='grc' dir='ltr'><strong>είς</strong></span> <span class='ocrx_word' id='word_1_476' title='bbox 932 3759 1117 3813; x_wconf 77' lang='grc' dir='ltr'>στάσιν</span> <span class='ocrx_word' id='word_1_477' title='bbox 1152 3750 1448 3830; x_wconf 75' lang='grc' dir='ltr'>χωροῦσιν,</span> <span class='ocrx_word' id='word_1_478' title='bbox 1489 3762 1697 3815; x_wconf 80' lang='grc' dir='ltr'>ἄνακτα</span> <span class='ocrx_word' id='word_1_479' title='bbox 1737 3763 1794 3816; x_wconf 82' lang='grc' dir='ltr'>δὲ</span> <span class='ocrx_word' id='word_1_480' title='bbox 1826 3766 1922 3818; x_wconf 74' lang='grc' dir='ltr'><strong>καὶ</strong></span> 
     </span>
    </p>
   </div>
   <div class='ocr_carea' id='block_1_72' title="bbox 361 3843 1920 3922">
    <p class='ocr_par' dir='ltr' id='par_1_72' title="bbox 361 3843 1920 3922">
     <span class='ocr_line' id='line_1_72' title="bbox 361 3843 1920 3922; baseline 0.01 -29"><span class='ocrx_word' id='word_1_481' title='bbox 361 3843 608 3914; x_wconf 75' lang='grc' dir='ltr'>κράτορα</span> <span class='ocrx_word' id='word_1_482' title='bbox 646 3847 971 3901; x_wconf 69' lang='grc' dir='ltr'>Φιλιππικὸν</span> <span class='ocrx_word' id='word_1_483' title='bbox 1015 3850 1252 3905; x_wconf 87' lang='grc' dir='ltr'>ποιοῦσι.</span> <span class='ocrx_word' id='word_1_484' title='bbox 1296 3853 1503 3922; x_wconf 73' lang='grc' dir='ltr'>Καιρδς</span> <span class='ocrx_word' id='word_1_485' title='bbox 1556 3854 1771 3922; x_wconf 82' lang='grc' dir='ltr'>διῆλθεν</span> <span class='ocrx_word' id='word_1_486' title='bbox 1826 3854 1920 3908; x_wconf 76' lang='grc' dir='ltr'>ἐπὶ</span> 
     </span>
    </p>
   </div>
   <div class='ocr_carea' id='block_1_73' title="bbox 361 3931 1922 4008">
    <p class='ocr_par' dir='ltr' id='par_1_73' title="bbox 361 3931 1922 4008">
     <span class='ocr_line' id='line_1_73' title="bbox 361 3931 1922 4008; baseline 0.01 -28"><span class='ocrx_word' id='word_1_487' title='bbox 361 3931 575 3995; x_wconf 85' lang='grc' dir='ltr'>τούτοις</span> <span class='ocrx_word' id='word_1_488' title='bbox 611 3935 813 3997; x_wconf 81' lang='grc' dir='ltr'>ἱκανός.</span> <span class='ocrx_word' id='word_1_489' title='bbox 840 3935 1090 4007; x_wconf 80' lang='grc' dir='ltr'>Θροετται</span> <span class='ocrx_word' id='word_1_490' title='bbox 1120 3939 1146 3990; x_wconf 90' lang='grc' dir='ltr'><strong>ό</strong></span> <span class='ocrx_word' id='word_1_491' title='bbox 1176 3938 1452 4005; x_wconf 77' lang='grc' dir='ltr'>βασιλεὺς,</span> <span class='ocrx_word' id='word_1_492' title='bbox 1484 3942 1746 4008; x_wconf 85' lang='grc' dir='ltr'>μανθάνει</span> <span class='ocrx_word' id='word_1_493' title='bbox 1779 3945 1922 3996; x_wconf 75' lang='grc' dir='ltr'>ἐκεῖ-</span> 
     </span>
    </p>
   </div>
   <div class='ocr_carea' id='block_1_74' title="bbox 363 4023 1924 4107">
    <p class='ocr_par' dir='ltr' id='par_1_74' title="bbox 363 4023 1924 4107">
     <span class='ocr_line' id='line_1_74' title="bbox 363 4023 1924 4107; baseline 0.008 -32"><span class='ocrx_word' id='word_1_494' title='bbox 363 4023 454 4075; x_wconf 81' lang='grc' dir='ltr'><strong>θεν</strong></span> <span class='ocrx_word' id='word_1_495' title='bbox 483 4026 655 4090; x_wconf 74' lang='grc' dir='ltr'>οὐδὲν,</span> <span class='ocrx_word' id='word_1_496' title='bbox 694 4028 974 4107; x_wconf 79' lang='grc' dir='ltr'>ἐξέρχεται</span> <span class='ocrx_word' id='word_1_497' title='bbox 1028 4031 1255 4099; x_wconf 76' lang='grc' dir='ltr'>στρατὸν</span> <span class='ocrx_word' id='word_1_498' title='bbox 1305 4031 1404 4084; x_wconf 83' lang='grc' dir='ltr'><strong>οὑκ</strong></span> <span class='ocrx_word' id='word_1_499' title='bbox 1452 4032 1629 4097; x_wconf 83' lang='grc' dir='ltr'>ὀλίγον</span> <span class='ocrx_word' id='word_1_500' title='bbox 1668 4035 1924 4104; x_wconf 78' lang='grc' dir='ltr'>ἐπισυρό-</span> 
     </span>
    </p>
   </div>
   <div class='ocr_carea' id='block_1_75' title="bbox 366 4119 1924 4195">
    <p class='ocr_par' dir='ltr' id='par_1_75' title="bbox 366 4119 1924 4195">
     <span class='ocr_line' id='line_1_75' title="bbox 366 4119 1924 4195; baseline 0.006 -28"><span class='ocrx_word' id='word_1_501' title='bbox 366 4134 545 4185; x_wconf 74' lang='grc' dir='ltr'>μενος.</span> <span class='ocrx_word' id='word_1_502' title='bbox 577 4119 771 4170; x_wconf 81' lang='grc' dir='ltr'>Φθάνει</span> <span class='ocrx_word' id='word_1_503' title='bbox 799 4119 901 4181; x_wconf 72' lang='grc' dir='ltr'><strong>ἕως</strong></span> <span class='ocrx_word' id='word_1_504' title='bbox 924 4121 1169 4193; x_wconf 83' lang='grc' dir='ltr'>Σινώπης</span> <span class='ocrx_word' id='word_1_505' title='bbox 1199 4123 1389 4190; x_wconf 84' lang='grc' dir='ltr'>αὑτῆς,</span> <span class='ocrx_word' id='word_1_506' title='bbox 1415 4126 1516 4195; x_wconf 82' lang='grc' dir='ltr'>ὁρᾷ</span> <span class='ocrx_word' id='word_1_507' title='bbox 1541 4124 1626 4178; x_wconf 72' lang='grc' dir='ltr'><strong>διὰ</strong></span> <span class='ocrx_word' id='word_1_508' title='bbox 1654 4125 1924 4195; x_wconf 82' lang='grc' dir='ltr'>θαλάττης</span> 
     </span>
    </p>
   </div>
   <div class='ocr_carea' id='block_1_76' title="bbox 364 4209 1923 4281">
    <p class='ocr_par' dir='ltr' id='par_1_76' title="bbox 364 4209 1923 4281">
     <span class='ocr_line' id='line_1_76' title="bbox 364 4209 1923 4281; baseline 0.007 -23"><span class='ocrx_word' id='word_1_509' title='bbox 364 4209 636 4276; x_wconf 73' lang='grc' dir='ltr'>ἐρχόμενα</span> <span class='ocrx_word' id='word_1_510' title='bbox 681 4209 862 4265; x_wconf 71' lang='grc' dir='ltr'>πλοῖα.</span> <span class='ocrx_word' id='word_1_511' title='bbox 903 4211 1078 4274; x_wconf 70' lang='grc' dir='ltr'>Εὐθὺς</span> <span class='ocrx_word' id='word_1_512' title='bbox 1130 4213 1568 4281; x_wconf 82' lang='grc' dir='ltr'>ἀνθυποστρέφει</span> <span class='ocrx_word' id='word_1_513' title='bbox 1611 4216 1705 4268; x_wconf 80' lang='grc' dir='ltr'>καὶ</span> <span class='ocrx_word' id='word_1_514' title='bbox 1739 4216 1923 4278; x_wconf 89' lang='grc' dir='ltr'>αὑτός.</span> 
     </span>
    </p>
   </div>
   <div class='ocr_carea' id='block_1_77' title="bbox 376 4300 1925 4370">
    <p class='ocr_par' dir='ltr' id='par_1_77' title="bbox 376 4300 1925 4370">
     <span class='ocr_line' id='line_1_77' title="bbox 376 4300 1925 4370; baseline 0.003 -18"><span class='ocrx_word' id='word_1_515' title='bbox 376 4300 539 4352; x_wconf 77' lang='grc' dir='ltr'>Ἀλλὰ</span> <span class='ocrx_word' id='word_1_516' title='bbox 572 4300 787 4367; x_wconf 84' lang='grc' dir='ltr'>πρῶτος</span> <span class='ocrx_word' id='word_1_517' title='bbox 827 4300 856 4353; x_wconf 86' lang='lat'><strong>6</strong></span> <span class='ocrx_word' id='word_1_518' title='bbox 899 4300 1227 4364; x_wconf 80' lang='grc' dir='ltr'>Φιλιππικδς</span> <span class='ocrx_word' id='word_1_519' title='bbox 1270 4304 1336 4354; x_wconf 78' lang='grc' dir='ltr'><strong>τὰ</strong></span> <span class='ocrx_word' id='word_1_520' title='bbox 1373 4301 1617 4370; x_wconf 80' lang='grc' dir='ltr'>βασίλεια</span> <span class='ocrx_word' id='word_1_521' title='bbox 1645 4304 1925 4368; x_wconf 77' lang='grc' dir='ltr'>καταλαμ-</span> 
     </span>
    </p>
   </div>
   <div class='ocr_carea' id='block_1_78' title="bbox 2017 3119 3593 3193">
    <p class='ocr_par' dir='ltr' id='par_1_78' title="bbox 2017 3119 3593 3193">
     <span class='ocr_line' id='line_1_78' title="bbox 2017 3119 3593 3193; baseline -0.004 -15"><span class='ocrx_word' id='word_1_522' title='bbox 2017 3139 2123 3178; x_wconf 90' lang='lat' dir='ltr'><strong>nus</strong></span> <span class='ocrx_word' id='word_1_523' title='bbox 2152 3139 2274 3193; x_wconf 74' lang='lat' dir='ltr'><strong>qua:</strong></span> <span class='ocrx_word' id='word_1_524' title='bbox 2308 3123 2486 3177; x_wconf 84' lang='lat' dir='ltr'><strong>moliti</strong></span> <span class='ocrx_word' id='word_1_525' title='bbox 2538 3123 2777 3177; x_wconf 84' lang='lat' dir='ltr'><strong>fuissent</strong></span> <span class='ocrx_word' id='word_1_526' title='bbox 2827 3122 3091 3177; x_wconf 87' lang='lat' dir='ltr'><strong>adversus</strong></span> <span class='ocrx_word' id='word_1_527' title='bbox 3125 3122 3303 3191; x_wconf 89' lang='lat' dir='ltr'><strong>ipsum</strong></span> <span class='ocrx_word' id='word_1_528' title='bbox 3345 3121 3396 3173; x_wconf 94' lang='lat' dir='ltr'><strong>in</strong></span> <span class='ocrx_word' id='word_1_529' title='bbox 3432 3119 3593 3187; x_wconf 83' lang='lat' dir='ltr'><strong>Apsi—</strong></span> 
     </span>
    </p>
   </div>
   <div class='ocr_carea' id='block_1_79' title="bbox 2017 3207 3589 3281">
    <p class='ocr_par' dir='ltr' id='par_1_79' title="bbox 2017 3207 3589 3281">
     <span class='ocr_line' id='line_1_79' title="bbox 2017 3207 3589 3281; baseline -0.005 -15"><span class='ocrx_word' id='word_1_530' title='bbox 2017 3212 2155 3266; x_wconf 88' lang='lat' dir='ltr'><strong>mari</strong></span> <span class='ocrx_word' id='word_1_531' title='bbox 2203 3210 2438 3281; x_wconf 82' lang='lat' dir='ltr'><strong>gratiam</strong></span> <span class='ocrx_word' id='word_1_532' title='bbox 2491 3209 2871 3274; x_wconf 73' lang='lat' dir='ltr'><strong>Chersonitze,</strong></span> <span class='ocrx_word' id='word_1_533' title='bbox 2902 3210 3091 3279; x_wconf 86' lang='lat' dir='ltr'><strong>copias</strong></span> <span class='ocrx_word' id='word_1_534' title='bbox 3138 3209 3190 3261; x_wconf 91' lang='lat' dir='ltr'><strong>in</strong></span> <span class='ocrx_word' id='word_1_535' title='bbox 3221 3224 3318 3262; x_wconf 89' lang='lat' dir='ltr'><strong>eos</strong></span> <span class='ocrx_word' id='word_1_536' title='bbox 3355 3207 3589 3260; x_wconf 83' lang='lat' dir='ltr'><strong>militu-u</strong></span> 
     </span>
    </p>
   </div>
   <div class='ocr_carea' id='block_1_80' title="bbox 2017 3300 3589 3372">
    <p class='ocr_par' dir='ltr' id='par_1_80' title="bbox 2017 3300 3589 3372">
     <span class='ocr_line' id='line_1_80' title="bbox 2017 3300 3589 3372; baseline -0.007 -15"><span class='ocrx_word' id='word_1_537' title='bbox 2017 3302 2313 3372; x_wconf 81' lang='lat' dir='ltr'><strong>ablegavit.</strong></span> <span class='ocrx_word' id='word_1_538' title='bbox 2359 3302 2492 3356; x_wconf 86' lang='lat' dir='ltr'><strong>Erat</strong></span> <span class='ocrx_word' id='word_1_539' title='bbox 2542 3302 2635 3356; x_wconf 88' lang='lat' dir='ltr'><strong>hic</strong></span> <span class='ocrx_word' id='word_1_540' title='bbox 2669 3301 2860 3356; x_wconf 87' lang='lat' dir='ltr'><strong>videre</strong></span> <span class='ocrx_word' id='word_1_541' title='bbox 2895 3300 3271 3370; x_wconf 88' lang='lat' dir='ltr'><strong>spectaculum</strong></span> <span class='ocrx_word' id='word_1_542' title='bbox 3326 3312 3589 3367; x_wconf 87' lang='lat' dir='ltr'><strong>perquam</strong></span> 
     </span>
    </p>
   </div>
   <div class='ocr_carea' id='block_1_81' title="bbox 2017 3387 3594 3461">
    <p class='ocr_par' dir='ltr' id='par_1_81' title="bbox 2017 3387 3594 3461">
     <span class='ocr_line' id='line_1_81' title="bbox 2017 3387 3594 3461; baseline -0.004 -14"><span class='ocrx_word' id='word_1_543' title='bbox 2017 3392 2360 3448; x_wconf 61' lang='lat' dir='ltr'><strong>miserabile.</strong></span> <span class='ocrx_word' id='word_1_544' title='bbox 2394 3392 2644 3447; x_wconf 86' lang='lat' dir='ltr'><strong>Jusserat</strong></span> <span class='ocrx_word' id='word_1_545' title='bbox 2684 3402 2901 3447; x_wconf 71' lang='lat' dir='ltr'><strong>aetatem</strong></span> <span class='ocrx_word' id='word_1_546' title='bbox 2939 3390 3192 3461; x_wconf 82' lang='lat' dir='ltr'><strong>quamvis</strong></span> <span class='ocrx_word' id='word_1_547' title='bbox 3245 3389 3453 3457; x_wconf 82' lang='lat' dir='ltr'><strong>absque</strong></span> <span class='ocrx_word' id='word_1_548' title='bbox 3487 3387 3594 3440; x_wconf 82' lang='lat' dir='ltr'><strong>ulla</strong></span> 
     </span>
    </p>
   </div>
   <div class='ocr_carea' id='block_1_82' title="bbox 2019 3479 3597 3553">
    <p class='ocr_par' dir='ltr' id='par_1_82' title="bbox 2019 3479 3597 3553">
     <span class='ocr_line' id='line_1_82' title="bbox 2019 3479 3597 3553; baseline -0.006 -13"><span class='ocrx_word' id='word_1_549' title='bbox 2019 3484 2186 3553; x_wconf 75' lang='lat'><strong>280</strong></span> <span class='ocrx_word' id='word_1_550' title='bbox 2228 3483 2710 3539; x_wconf 86' lang='lat' dir='ltr'><strong>commiseratione</strong></span> <span class='ocrx_word' id='word_1_551' title='bbox 2760 3483 3066 3545; x_wconf 86' lang='lat' dir='ltr'><strong>trucidari;</strong></span> <span class='ocrx_word' id='word_1_552' title='bbox 3113 3496 3225 3550; x_wconf 89' lang='lat' dir='ltr'><strong>quo</strong></span> <span class='ocrx_word' id='word_1_553' title='bbox 3277 3479 3479 3533; x_wconf 85' lang='lat' dir='ltr'><strong>factum</strong></span> <span class='ocrx_word' id='word_1_554' title='bbox 3536 3487 3597 3531; x_wconf 86' lang='lat' dir='ltr'><strong>ut</strong></span> 
     </span>
    </p>
   </div>
   <div class='ocr_carea' id='block_1_83' title="bbox 2014 3570 3596 3645">
    <p class='ocr_par' dir='ltr' id='par_1_83' title="bbox 2014 3570 3596 3645">
     <span class='ocr_line' id='line_1_83' title="bbox 2014 3570 3596 3645; baseline -0.004 -17"><span class='ocrx_word' id='word_1_555' title='bbox 2014 3575 2405 3645; x_wconf 80' lang='lat' dir='ltr'><strong>jugularentur</strong></span> <span class='ocrx_word' id='word_1_556' title='bbox 2436 3590 2619 3639; x_wconf 87' lang='lat' dir='ltr'><strong>senes,</strong></span> <span class='ocrx_word' id='word_1_557' title='bbox 2653 3575 2902 3645; x_wconf 86' lang='lat' dir='ltr'><strong>juvenes,</strong></span> <span class='ocrx_word' id='word_1_558' title='bbox 2942 3574 3178 3636; x_wconf 69' lang='lat' dir='ltr'><strong>feuiinaz,</strong></span> <span class='ocrx_word' id='word_1_559' title='bbox 3212 3571 3390 3641; x_wconf 85' lang='lat' dir='ltr'><strong>pueri,</strong></span> <span class='ocrx_word' id='word_1_560' title='bbox 3428 3570 3596 3625; x_wconf 86' lang='lat' dir='ltr'><strong>adeo-</strong></span> 
     </span>
    </p>
   </div>
   <div class='ocr_carea' id='block_1_84' title="bbox 2020 3664 3597 3734">
    <p class='ocr_par' dir='ltr' id='par_1_84' title="bbox 2020 3664 3597 3734">
     <span class='ocr_line' id='line_1_84' title="bbox 2020 3664 3597 3734; baseline -0.001 -16"><span class='ocrx_word' id='word_1_561' title='bbox 2020 3680 2125 3734; x_wconf 86' lang='lat' dir='ltr'><strong>que</strong></span> <span class='ocrx_word' id='word_1_562' title='bbox 2159 3681 2353 3720; x_wconf 81' lang='lat' dir='ltr'><strong>omnes</strong></span> <span class='ocrx_word' id='word_1_563' title='bbox 2383 3666 2716 3734; x_wconf 85' lang='lat' dir='ltr'><strong>promiscue.</strong></span> <span class='ocrx_word' id='word_1_564' title='bbox 2750 3666 2893 3731; x_wconf 85' lang='lat' dir='ltr'><strong>Quin</strong></span> <span class='ocrx_word' id='word_1_565' title='bbox 2929 3667 3096 3719; x_wconf 89' lang='lat' dir='ltr'><strong>etiam</strong></span> <span class='ocrx_word' id='word_1_566' title='bbox 3132 3680 3257 3720; x_wconf 89' lang='lat' dir='ltr'><strong>cum</strong></span> <span class='ocrx_word' id='word_1_567' title='bbox 3288 3664 3597 3732; x_wconf 76' lang='lat' dir='ltr'><strong>accepisset</strong></span> 
     </span>
    </p>
   </div>
   <div class='ocr_carea' id='block_1_85' title="bbox 2020 3754 3596 3823">
    <p class='ocr_par' dir='ltr' id='par_1_85' title="bbox 2020 3754 3596 3823">
     <span class='ocr_line' id='line_1_85' title="bbox 2020 3754 3596 3823; baseline -0.003 -15"><span class='ocrx_word' id='word_1_568' title='bbox 2020 3754 2369 3809; x_wconf 84' lang='lat' dir='ltr'><strong>Justinianus</strong></span> <span class='ocrx_word' id='word_1_569' title='bbox 2423 3755 2571 3823; x_wconf 66' lang='lat' dir='ltr'><strong>qmul</strong></span> <span class='ocrx_word' id='word_1_570' title='bbox 2629 3754 2865 3823; x_wconf 77' lang='lat' dir='ltr'><strong>ablegati</strong></span> <span class='ocrx_word' id='word_1_571' title='bbox 2918 3754 3124 3809; x_wconf 86' lang='lat' dir='ltr'><strong>milites</strong></span> <span class='ocrx_word' id='word_1_572' title='bbox 3174 3754 3429 3809; x_wconf 84' lang='lat' dir='ltr'><strong>mandato</strong></span> <span class='ocrx_word' id='word_1_573' title='bbox 3492 3768 3596 3805; x_wconf 84' lang='lat' dir='ltr'><strong>sun</strong></span> 
     </span>
    </p>
   </div>
   <div class='ocr_carea' id='block_1_86' title="bbox 2025 3846 3597 3916">
    <p class='ocr_par' dir='ltr' id='par_1_86' title="bbox 2025 3846 3597 3916">
     <span class='ocr_line' id='line_1_86' title="bbox 2025 3846 3597 3916; baseline -0.002 -15"><span class='ocrx_word' id='word_1_574' title='bbox 2025 3847 2404 3916; x_wconf 85' lang='lat' dir='ltr'><strong>pepercissent</strong></span> <span class='ocrx_word' id='word_1_575' title='bbox 2427 3847 2654 3900; x_wconf 86' lang='lat' dir='ltr'><strong>omnino</strong></span> <span class='ocrx_word' id='word_1_576' title='bbox 2675 3846 3004 3907; x_wconf 86' lang='lat' dir='ltr'><strong>infantibus,</strong></span> <span class='ocrx_word' id='word_1_577' title='bbox 3022 3849 3382 3901; x_wconf 82' lang='lat' dir='ltr'><strong>vehementer</strong></span> <span class='ocrx_word' id='word_1_578' title='bbox 3399 3861 3597 3899; x_wconf 75' lang='lat' dir='ltr'><strong>excan-</strong></span> 
     </span>
    </p>
   </div>
   <div class='ocr_carea' id='block_1_87' title="bbox 2023 3934 3599 4004">
    <p class='ocr_par' dir='ltr' id='par_1_87' title="bbox 2023 3934 3599 4004">
     <span class='ocr_line' id='line_1_87' title="bbox 2023 3934 3599 4004; baseline 0 -15"><span class='ocrx_word' id='word_1_579' title='bbox 2023 3937 2166 4001; x_wconf 88' lang='lat' dir='ltr'><strong>duit,</strong></span> <span class='ocrx_word' id='word_1_580' title='bbox 2208 3938 2483 4003; x_wconf 85' lang='lat' dir='ltr'><strong>aliamque</strong></span> <span class='ocrx_word' id='word_1_581' title='bbox 2531 3937 2767 3990; x_wconf 86' lang='lat' dir='ltr'><strong>classem</strong></span> <span class='ocrx_word' id='word_1_582' title='bbox 2819 3934 3133 3998; x_wconf 78' lang='lat' dir='ltr'><strong>instruxit,</strong></span> <span class='ocrx_word' id='word_1_583' title='bbox 3174 3949 3270 4004; x_wconf 79' lang='lat' dir='ltr'><strong>per</strong></span> <span class='ocrx_word' id='word_1_584' title='bbox 3325 3948 3489 4002; x_wconf 88' lang='lat' dir='ltr'><strong>quam</strong></span> <span class='ocrx_word' id='word_1_585' title='bbox 3542 3941 3599 3989; x_wconf 83' lang='lat' dir='ltr'><strong>et</strong></span> 
     </span>
    </p>
   </div>
   <div class='ocr_carea' id='block_1_88' title="bbox 2024 4023 3594 4098">
    <p class='ocr_par' dir='ltr' id='par_1_88' title="bbox 2024 4023 3594 4098">
     <span class='ocr_line' id='line_1_88' title="bbox 2024 4023 3594 4098; baseline -0.004 -17"><span class='ocrx_word' id='word_1_586' title='bbox 2024 4028 2175 4098; x_wconf 88' lang='lat' dir='ltr'><strong>prius</strong></span> <span class='ocrx_word' id='word_1_587' title='bbox 2206 4028 2401 4081; x_wconf 86' lang='lat' dir='ltr'><strong>missos</strong></span> <span class='ocrx_word' id='word_1_588' title='bbox 2436 4042 2503 4079; x_wconf 88' lang='lat' dir='ltr'><strong>eo</strong></span> <span class='ocrx_word' id='word_1_589' title='bbox 2545 4027 2767 4078; x_wconf 88' lang='lat' dir='ltr'><strong>nomine</strong></span> <span class='ocrx_word' id='word_1_590' title='bbox 2820 4026 3045 4094; x_wconf 86' lang='lat' dir='ltr'><strong>puniret</strong></span> <span class='ocrx_word' id='word_1_591' title='bbox 3084 4034 3137 4079; x_wconf 89' lang='lat' dir='ltr'><strong>ct</strong></span> <span class='ocrx_word' id='word_1_592' title='bbox 3185 4039 3376 4078; x_wconf 90' lang='lat' dir='ltr'><strong>omnes</strong></span> <span class='ocrx_word' id='word_1_593' title='bbox 3417 4023 3594 4079; x_wconf 85' lang='lat' dir='ltr'><strong>Cher-</strong></span> 
     </span>
    </p>
   </div>
   <div class='ocr_carea' id='block_1_89' title="bbox 2025 4111 3593 4178">
    <p class='ocr_par' dir='ltr' id='par_1_89' title="bbox 2025 4111 3593 4178">
     <span class='ocr_line' id='line_1_89' title="bbox 2025 4111 3593 4178; baseline -0.004 -8"><span class='ocrx_word' id='word_1_594' title='bbox 2025 4118 2327 4170; x_wconf 88' lang='lat' dir='ltr'><strong>sonitarum</strong></span> <span class='ocrx_word' id='word_1_595' title='bbox 2366 4115 2608 4169; x_wconf 79' lang='lat' dir='ltr'><strong>infantes</strong></span> <span class='ocrx_word' id='word_1_596' title='bbox 2658 4124 2903 4168; x_wconf 82' lang='lat' dir='ltr'><strong>necaret.</strong></span> <span class='ocrx_word' id='word_1_597' title='bbox 2937 4114 2995 4166; x_wconf 81' lang='lat' dir='ltr'><strong>Ei</strong></span> <span class='ocrx_word' id='word_1_598' title='bbox 3034 4111 3193 4169; x_wconf 85' lang='lat' dir='ltr'><strong>classi</strong></span> <span class='ocrx_word' id='word_1_599' title='bbox 3225 4112 3419 4166; x_wconf 81' lang='lat' dir='ltr'><strong>ducem</strong></span> <span class='ocrx_word' id='word_1_600' title='bbox 3453 4124 3593 4178; x_wconf 76' lang='lat' dir='ltr'><strong>pra:-</strong></span> 
     </span>
    </p>
   </div>
   <div class='ocr_carea' id='block_1_90' title="bbox 2024 4201 3593 4276">
    <p class='ocr_par' dir='ltr' id='par_1_90' title="bbox 2024 4201 3593 4276">
     <span class='ocr_line' id='line_1_90' title="bbox 2024 4201 3593 4276; baseline -0.006 -16"><span class='ocrx_word' id='word_1_601' title='bbox 2024 4206 2155 4260; x_wconf 83' lang='lat' dir='ltr'><strong>l&#39;ecit</strong></span> <span class='ocrx_word' id='word_1_602' title='bbox 2185 4206 2551 4276; x_wconf 80' lang='lat' dir='ltr'><strong>Pliilippieum</strong></span> <span class='ocrx_word' id='word_1_603' title='bbox 2584 4214 2953 4273; x_wconf 80' lang='lat' dir='ltr'><strong>cognomento</strong></span> <span class='ocrx_word' id='word_1_604' title='bbox 2986 4201 3432 4268; x_wconf 84' lang='lat' dir='ltr'><strong>Bardanem.Qui</strong></span> <span class='ocrx_word' id='word_1_605' title='bbox 3468 4216 3593 4255; x_wconf 74' lang='lat' dir='ltr'><strong>cum</strong></span> 
     </span>
    </p>
   </div>
   <div class='ocr_carea' id='block_1_91' title="bbox 2026 4292 3596 4357">
    <p class='ocr_par' dir='ltr' id='par_1_91' title="bbox 2026 4292 3596 4357">
     <span class='ocr_line' id='line_1_91' title="bbox 2026 4292 3596 4357; baseline -0.005 -6"><span class='ocrx_word' id='word_1_606' title='bbox 2026 4301 2131 4353; x_wconf 88' lang='lat' dir='ltr'><strong>iter</strong></span> <span class='ocrx_word' id='word_1_607' title='bbox 2158 4299 2490 4353; x_wconf 87' lang='lat' dir='ltr'><strong>Chersonem</strong></span> <span class='ocrx_word' id='word_1_608' title='bbox 2522 4297 2868 4357; x_wconf 85' lang='lat' dir='ltr'><strong>instituisset.</strong></span> <span class='ocrx_word' id='word_1_609' title='bbox 2906 4297 3106 4350; x_wconf 86' lang='lat' dir='ltr'><strong>milites</strong></span> <span class='ocrx_word' id='word_1_610' title='bbox 3139 4292 3596 4348; x_wconf 85' lang='lat' dir='ltr'><strong>inhumanitatem</strong></span> 
     </span>
    </p>
   </div>
   <div class='ocr_carea' id='block_1_92' title="bbox 367 4373 1909 4460">
    <p class='ocr_par' dir='ltr' id='par_1_92' title="bbox 367 4390 1909 4460">
     <span class='ocr_line' id='line_1_92' title="bbox 367 4390 1909 4460; baseline 0.003 -20"><span class='ocrx_word' id='word_1_611' title='bbox 367 4390 539 4443; x_wconf 82' lang='grc' dir='ltr'>ϐἀνει.</span> <span class='ocrx_word' id='word_1_612' title='bbox 572 4390 736 4442; x_wconf 85' lang='grc' dir='ltr'>Ὂοεν</span> <span class='ocrx_word' id='word_1_613' title='bbox 780 4390 876 4443; x_wconf 75' lang='grc' dir='ltr'>καὶ</span> <span class='ocrx_word' id='word_1_614' title='bbox 904 4391 1214 4460; x_wconf 85' lang='grc' dir='ltr'>ὑστερήσας</span> <span class='ocrx_word' id='word_1_615' title='bbox 1239 4394 1267 4445; x_wconf 89' lang='lat'><strong>6</strong></span> <span class='ocrx_word' id='word_1_616' title='bbox 1304 4392 1683 4456; x_wconf 79' lang='grc' dir='ltr'>Ἰουστινιανὸς</span> <span class='ocrx_word' id='word_1_617' title='bbox 1716 4396 1776 4447; x_wconf 86' lang='grc' dir='ltr'>ὲν</span> <span class='ocrx_word' id='word_1_618' title='bbox 1808 4397 1909 4457; x_wconf 78' lang='grc' dir='ltr'>τοῖς</span> 
     </span>
    </p>
   </div>
   <div class='ocr_carea' id='block_1_93' title="bbox 2011 4373 3594 4460">
    <p class='ocr_par' dir='ltr' id='par_1_93' title="bbox 2028 4382 3594 4458">
     <span class='ocr_line' id='line_1_93' title="bbox 2028 4382 3594 4458; baseline -0.009 -11"><span class='ocrx_word' id='word_1_619' title='bbox 2028 4407 2092 4447; x_wconf 90' lang='lat' dir='ltr'><strong>ac</strong></span> <span class='ocrx_word' id='word_1_620' title='bbox 2114 4390 2386 4444; x_wconf 86' lang='lat' dir='ltr'><strong>diritatem</strong></span> <span class='ocrx_word' id='word_1_621' title='bbox 2425 4389 2773 4458; x_wconf 85' lang='lat' dir='ltr'><strong>imperatoris</strong></span> <span class='ocrx_word' id='word_1_622' title='bbox 2806 4387 3101 4449; x_wconf 78' lang='lat' dir='ltr'><strong>exsecrati,</strong></span> <span class='ocrx_word' id='word_1_623' title='bbox 3128 4401 3252 4441; x_wconf 88' lang='lat' dir='ltr'><strong>cum</strong></span> <span class='ocrx_word' id='word_1_624' title='bbox 3278 4400 3337 4439; x_wconf 88' lang='lat' dir='ltr'><strong>sc</strong></span> <span class='ocrx_word' id='word_1_625' title='bbox 3368 4382 3594 4439; x_wconf 76' lang='lat' dir='ltr'><strong>innoxia</strong></span> 
     </span>
    </p>
   </div>
   <div class='ocr_carea' id='block_1_94' title="bbox 365 4476 1909 4559">
    <p class='ocr_par' dir='ltr' id='par_1_94' title="bbox 365 4481 1909 4559">
     <span class='ocr_line' id='line_1_94' title="bbox 365 4481 1909 4559; baseline 0.005 -27"><span class='ocrx_word' id='word_1_626' title='bbox 365 4481 458 4533; x_wconf 87' lang='grc' dir='ltr'><strong>τοῦ</strong></span> <span class='ocrx_word' id='word_1_627' title='bbox 481 4482 802 4551; x_wconf 83' lang='grc' dir='ltr'>Δαμάτρυος</span> <span class='ocrx_word' id='word_1_628' title='bbox 831 4482 984 4551; x_wconf 84' lang='grc' dir='ltr'>δρεσι</span> <span class='ocrx_word' id='word_1_629' title='bbox 1016 4484 1113 4536; x_wconf 79' lang='grc' dir='ltr'><strong>σὺν</strong></span> <span class='ocrx_word' id='word_1_630' title='bbox 1142 4483 1290 4554; x_wconf 84' lang='grc' dir='ltr'>αὑτῷ</span> <span class='ocrx_word' id='word_1_631' title='bbox 1322 4487 1611 4552; x_wconf 86' lang='grc' dir='ltr'>συνάγεται</span> <span class='ocrx_word' id='word_1_632' title='bbox 1655 4485 1731 4556; x_wconf 80' lang='grc' dir='ltr'>τῷ</span> <span class='ocrx_word' id='word_1_633' title='bbox 1762 4504 1909 4559; x_wconf 85' lang='grc' dir='ltr'>στρα-</span> 
     </span>
    </p>
   </div>
   <div class='ocr_carea' id='block_1_95' title="bbox 2011 4476 3599 4559">
    <p class='ocr_par' dir='ltr' id='par_1_95' title="bbox 2029 4476 3599 4551">
     <span class='ocr_line' id='line_1_95' title="bbox 2029 4476 3599 4551; baseline -0.008 -13"><span class='ocrx_word' id='word_1_634' title='bbox 2029 4482 2294 4551; x_wconf 76' lang='lat' dir='ltr'><strong>sanguine</strong></span> <span class='ocrx_word' id='word_1_635' title='bbox 2334 4480 2505 4549; x_wconf 84' lang='lat' dir='ltr'><strong>pollui</strong></span> <span class='ocrx_word' id='word_1_636' title='bbox 2576 4481 2809 4543; x_wconf 89' lang='lat' dir='ltr'><strong>nollent,</strong></span> <span class='ocrx_word' id='word_1_637' title='bbox 2857 4479 3186 4533; x_wconf 86' lang='lat' dir='ltr'><strong>seditionem</strong></span> <span class='ocrx_word' id='word_1_638' title='bbox 3231 4476 3496 4537; x_wconf 82' lang='lat' dir='ltr'><strong>excitant,</strong></span> <span class='ocrx_word' id='word_1_639' title='bbox 3540 4481 3599 4525; x_wconf 84' lang='lat' dir='ltr'><strong>et</strong></span> 
     </span>
    </p>
   </div>
   <div class='ocr_carea' id='block_1_96' title="bbox 366 4564 1909 4643">
    <p class='ocr_par' dir='ltr' id='par_1_96' title="bbox 366 4564 1909 4643">
     <span class='ocr_line' id='line_1_96' title="bbox 366 4564 1909 4643; baseline 0.005 -20"><span class='ocrx_word' id='word_1_640' title='bbox 366 4572 465 4641; x_wconf 76' lang='grc' dir='ltr'>τῷ.</span> <span class='ocrx_word' id='word_1_641' title='bbox 503 4574 851 4626; x_wconf 80' lang='grc' dir='ltr'>Ἀποστέλλει</span> <span class='ocrx_word' id='word_1_642' title='bbox 885 4575 1019 4643; x_wconf 77' lang='grc' dir='ltr'>πρὸς</span> <span class='ocrx_word' id='word_1_643' title='bbox 1069 4564 1230 4627; x_wconf 73' lang='grc' dir='ltr'>αὑτὸν</span> <span class='ocrx_word' id='word_1_644' title='bbox 1272 4579 1299 4628; x_wconf 90' lang='lat'><strong>6</strong></span> <span class='ocrx_word' id='word_1_645' title='bbox 1328 4577 1655 4640; x_wconf 83' lang='grc' dir='ltr'>Φιλιππικδς</span> <span class='ocrx_word' id='word_1_646' title='bbox 1700 4578 1909 4630; x_wconf 74' lang='grc' dir='ltr'>ἀντιπα-</span> 
     </span>
    </p>
   </div>
   <div class='ocr_carea' id='block_1_97' title="bbox 2011 4564 3593 4643">
    <p class='ocr_par' dir='ltr' id='par_1_97' title="bbox 2030 4564 3593 4641">
     <span class='ocr_line' id='line_1_97' title="bbox 2030 4564 3593 4641; baseline -0.007 -14"><span class='ocrx_word' id='word_1_647' title='bbox 2030 4572 2397 4641; x_wconf 86' lang='lat' dir='ltr'><strong>Philippicum</strong></span> <span class='ocrx_word' id='word_1_648' title='bbox 2426 4586 2607 4639; x_wconf 74' lang='lat' dir='ltr'><strong>regem</strong></span> <span class='ocrx_word' id='word_1_649' title='bbox 2641 4571 3059 4638; x_wconf 83' lang='lat' dir='ltr'><strong>principemque</strong></span> <span class='ocrx_word' id='word_1_650' title='bbox 3091 4582 3249 4621; x_wconf 91' lang='lat' dir='ltr'><strong>suum</strong></span> <span class='ocrx_word' id='word_1_651' title='bbox 3284 4564 3593 4634; x_wconf 88' lang='lat' dir='ltr'><strong>designant.</strong></span> 
     </span>
    </p>
   </div>
   <div class='ocr_carea' id='block_1_98' title="bbox 370 4655 1909 4737">
    <p class='ocr_par' dir='ltr' id='par_1_98' title="bbox 370 4662 1909 4737">
     <span class='ocr_line' id='line_1_98' title="bbox 370 4662 1909 4737; baseline 0.003 -20"><span class='ocrx_word' id='word_1_652' title='bbox 370 4662 613 4732; x_wconf 80' lang='grc' dir='ltr'>ράταξιν.</span> <span class='ocrx_word' id='word_1_653' title='bbox 647 4664 923 4717; x_wconf 86' lang='grc' dir='ltr'>Πλανῶσιν</span> <span class='ocrx_word' id='word_1_654' title='bbox 963 4664 1145 4730; x_wconf 80' lang='grc' dir='ltr'>αὑτὸν,</span> <span class='ocrx_word' id='word_1_655' title='bbox 1178 4665 1460 4735; x_wconf 80' lang='grc' dir='ltr'>κρατοῦσι,</span> <span class='ocrx_word' id='word_1_656' title='bbox 1497 4668 1589 4719; x_wconf 84' lang='grc' dir='ltr'><strong>καὶ</strong></span> <span class='ocrx_word' id='word_1_657' title='bbox 1632 4667 1730 4737; x_wconf 81' lang='grc' dir='ltr'>τὴν</span> <span class='ocrx_word' id='word_1_658' title='bbox 1760 4668 1909 4721; x_wconf 87' lang='grc' dir='ltr'>αὑτοί</span> 
     </span>
    </p>
   </div>
   <div class='ocr_carea' id='block_1_99' title="bbox 2011 4655 3599 4737">
    <p class='ocr_par' dir='ltr' id='par_1_99' title="bbox 2036 4655 3599 4733">
     <span class='ocr_line' id='line_1_99' title="bbox 2036 4655 3599 4733; baseline -0.007 -16"><span class='ocrx_word' id='word_1_659' title='bbox 2036 4665 2247 4718; x_wconf 87' lang='lat' dir='ltr'><strong>Interea</strong></span> <span class='ocrx_word' id='word_1_660' title='bbox 2294 4679 2403 4717; x_wconf 85' lang='lat' dir='ltr'><strong>non</strong></span> <span class='ocrx_word' id='word_1_661' title='bbox 2474 4679 2665 4732; x_wconf 88' lang='lat' dir='ltr'><strong>parum</strong></span> <span class='ocrx_word' id='word_1_662' title='bbox 2719 4661 2982 4733; x_wconf 87' lang='lat' dir='ltr'><strong>temporis</strong></span> <span class='ocrx_word' id='word_1_663' title='bbox 3046 4657 3383 4721; x_wconf 88' lang='lat' dir='ltr'><strong>intercedit;</strong></span> <span class='ocrx_word' id='word_1_664' title='bbox 3432 4655 3599 4708; x_wconf 82' lang='lat' dir='ltr'><strong>rebus</strong></span> 
     </span>
    </p>
   </div>
   <div class='ocr_carea' id='block_1_100' title="bbox 366 4746 1909 4825">
    <p class='ocr_par' dir='ltr' id='par_1_100' title="bbox 366 4756 1909 4825">
     <span class='ocr_line' id='line_1_100' title="bbox 366 4756 1909 4825; baseline 0.003 -20"><span class='ocrx_word' id='word_1_665' title='bbox 366 4756 606 4824; x_wconf 74' lang='grc' dir='ltr'>κεφαλὴν</span> <span class='ocrx_word' id='word_1_666' title='bbox 635 4756 1025 4825; x_wconf 85' lang='grc' dir='ltr'>ἀποτέμνουσι.</span> <span class='ocrx_word' id='word_1_667' title='bbox 1063 4757 1271 4825; x_wconf 79' lang='grc' dir='ltr'>Κρατεῖ</span> <span class='ocrx_word' id='word_1_668' title='bbox 1315 4756 1500 4809; x_wconf 85' lang='grc' dir='ltr'>λοιπὸν</span> <span class='ocrx_word' id='word_1_669' title='bbox 1530 4759 1557 4809; x_wconf 83' lang='grc' dir='ltr'>ὁ</span> <span class='ocrx_word' id='word_1_670' title='bbox 1604 4757 1909 4819; x_wconf 66' lang='grc' dir='ltr'>Φιλιππικδε</span> 
     </span>
    </p>
   </div>
   <div class='ocr_carea' id='block_1_101' title="bbox 2011 4746 3600 4825">
    <p class='ocr_par' dir='ltr' id='par_1_101' title="bbox 2035 4746 3600 4823">
     <span class='ocr_line' id='line_1_101' title="bbox 2035 4746 3600 4823; baseline -0.008 -14"><span class='ocrx_word' id='word_1_671' title='bbox 2035 4756 2150 4809; x_wconf 88' lang='lat' dir='ltr'><strong>suis</strong></span> <span class='ocrx_word' id='word_1_672' title='bbox 2172 4754 2470 4823; x_wconf 87' lang='lat' dir='ltr'><strong>imperator</strong></span> <span class='ocrx_word' id='word_1_673' title='bbox 2494 4754 2689 4809; x_wconf 87' lang='lat' dir='ltr'><strong>metuit</strong></span> <span class='ocrx_word' id='word_1_674' title='bbox 2711 4754 2886 4820; x_wconf 85' lang='lat' dir='ltr'><strong>;nihil</strong></span> <span class='ocrx_word' id='word_1_675' title='bbox 2915 4752 3039 4807; x_wconf 87' lang='lat' dir='ltr'><strong>inde</strong></span> <span class='ocrx_word' id='word_1_676' title='bbox 3071 4752 3313 4806; x_wconf 89' lang='lat' dir='ltr'><strong>locorum</strong></span> <span class='ocrx_word' id='word_1_677' title='bbox 3344 4746 3421 4801; x_wconf 86' lang='lat' dir='ltr'><strong>rei</strong></span> <span class='ocrx_word' id='word_1_678' title='bbox 3446 4760 3600 4800; x_wconf 76' lang='lat' dir='ltr'><strong>nova:</strong></span> 
     </span>
    </p>
   </div>
   <div class='ocr_carea' id='block_1_102' title="bbox 365 4838 1909 4916">
    <p class='ocr_par' dir='ltr' id='par_1_102' title="bbox 365 4846 1909 4915">
     <span class='ocr_line' id='line_1_102' title="bbox 365 4846 1909 4915; baseline 0.002 -17"><span class='ocrx_word' id='word_1_679' title='bbox 365 4846 458 4915; x_wconf 77' lang='grc' dir='ltr'>ἔτη</span> <span class='ocrx_word' id='word_1_680' title='bbox 481 4847 593 4901; x_wconf 75' lang='grc' dir='ltr'>δύο.</span> <span class='ocrx_word' id='word_1_681' title='bbox 627 4846 791 4900; x_wconf 85' lang='grc' dir='ltr'>Ἀλλά</span> <span class='ocrx_word' id='word_1_682' title='bbox 836 4848 929 4901; x_wconf 65' lang='grc' dir='ltr'>καὶ</span> <span class='ocrx_word' id='word_1_683' title='bbox 961 4846 1154 4901; x_wconf 88' lang='grc' dir='ltr'>τοῦτον</span> <span class='ocrx_word' id='word_1_684' title='bbox 1210 4846 1373 4901; x_wconf 87' lang='grc' dir='ltr'>πάλιν</span> <span class='ocrx_word' id='word_1_685' title='bbox 1415 4847 1745 4913; x_wconf 72' lang='grc' dir='ltr'>εἰσελθόντες</span> <span class='ocrx_word' id='word_1_686' title='bbox 1782 4849 1909 4912; x_wconf 66' lang='grc' dir='ltr'>τινὲς</span> 
     </span>
    </p>
   </div>
   <div class='ocr_carea' id='block_1_103' title="bbox 2011 4838 3596 4916">
    <p class='ocr_par' dir='ltr' id='par_1_103' title="bbox 2036 4838 3596 4916">
     <span class='ocr_line' id='line_1_103' title="bbox 2036 4838 3596 4916; baseline -0.008 -15"><span class='ocrx_word' id='word_1_687' title='bbox 2036 4847 2303 4916; x_wconf 87' lang='lat' dir='ltr'><strong>percipit;</strong></span> <span class='ocrx_word' id='word_1_688' title='bbox 2343 4860 2452 4899; x_wconf 90' lang='lat' dir='ltr'><strong>non</strong></span> <span class='ocrx_word' id='word_1_689' title='bbox 2497 4846 2713 4915; x_wconf 80' lang='lat' dir='ltr'><strong>exiguis</strong></span> <span class='ocrx_word' id='word_1_690' title='bbox 2744 4843 3042 4908; x_wconf 81' lang='lat' dir='ltr'><strong>contractis</strong></span> <span class='ocrx_word' id='word_1_691' title='bbox 3072 4843 3248 4913; x_wconf 84' lang='lat' dir='ltr'><strong>cepiis</strong></span> <span class='ocrx_word' id='word_1_692' title='bbox 3271 4838 3596 4911; x_wconf 78' lang='lat' dir='ltr'><strong>egreditur;</strong></span> 
     </span>
    </p>
   </div>
   <div class='ocr_carea' id='block_1_104' title="bbox 362 4927 1909 5009">
    <p class='ocr_par' dir='ltr' id='par_1_104' title="bbox 362 4938 1092 5009">
     <span class='ocr_line' id='line_1_104' title="bbox 362 4938 1092 5009; baseline 0.004 -19"><span class='ocrx_word' id='word_1_693' title='bbox 362 4939 469 4991; x_wconf 52' lang='grc' dir='ltr'><strong>ἀπὸ</strong></span> <span class='ocrx_word' id='word_1_694' title='bbox 494 4938 715 5009; x_wconf 82' lang='grc' dir='ltr'>Θρᾴκης</span> <span class='ocrx_word' id='word_1_695' title='bbox 747 4940 1092 5008; x_wconf 67' lang='grc' dir='ltr'>ἐκτυφλοῦσι.</span> 
     </span>
    </p>
   </div>
   <div class='ocr_carea' id='block_1_105' title="bbox 2011 4927 3598 5009">
    <p class='ocr_par' dir='ltr' id='par_1_105' title="bbox 2034 4927 3598 5007">
     <span class='ocr_line' id='line_1_105' title="bbox 2034 4927 3598 5007; baseline -0.006 -16"><span class='ocrx_word' id='word_1_696' title='bbox 2034 4937 2292 5007; x_wconf 83' lang='lat' dir='ltr'><strong>Sinopcm</strong></span> <span class='ocrx_word' id='word_1_697' title='bbox 2326 4953 2496 5006; x_wconf 83' lang='lat' dir='ltr'><strong>usque</strong></span> <span class='ocrx_word' id='word_1_698' title='bbox 2522 4938 2813 5006; x_wconf 82' lang='lat' dir='ltr'><strong>pervenit;</strong></span> <span class='ocrx_word' id='word_1_699' title='bbox 2852 4936 3086 4990; x_wconf 88' lang='lat' dir='ltr'><strong>classem</strong></span> <span class='ocrx_word' id='word_1_700' title='bbox 3117 4934 3413 4989; x_wconf 87' lang='lat' dir='ltr'><strong>adventare</strong></span> <span class='ocrx_word' id='word_1_701' title='bbox 3460 4927 3598 4982; x_wconf 89' lang='lat' dir='ltr'><strong>mari</strong></span> 
     </span>
    </p>
   </div>
   <div class='ocr_carea' id='block_1_106' title="bbox 361 5021 3598 5101">
    <p class='ocr_par' dir='ltr' id='par_1_106' title="bbox 361 5021 3598 5101">
     <span class='ocr_line' id='line_1_106' title="bbox 361 5021 3598 5101; baseline -0.002 -18"><span class='ocrx_word' id='word_1_702' title='bbox 361 5031 579 5096; x_wconf 85' lang='lat' dir='ltr'><strong>cernit;</strong></span> <span class='ocrx_word' id='word_1_703' title='bbox 625 5047 691 5086; x_wconf 91' lang='lat' dir='ltr'><strong>eo</strong></span> <span class='ocrx_word' id='word_1_704' title='bbox 741 5047 867 5086; x_wconf 81' lang='lat' dir='ltr'><strong>mox</strong></span> <span class='ocrx_word' id='word_1_705' title='bbox 920 5030 1308 5086; x_wconf 87' lang='lat' dir='ltr'><strong>animadverso</strong></span> <span class='ocrx_word' id='word_1_706' title='bbox 1335 5030 1550 5101; x_wconf 86' lang='lat' dir='ltr'><strong>Cpolim</strong></span> <span class='ocrx_word' id='word_1_707' title='bbox 1599 5029 1917 5085; x_wconf 86' lang='lat' dir='ltr'><strong>revertitur.</strong></span> <span class='ocrx_word' id='word_1_708' title='bbox 1959 5028 2163 5083; x_wconf 83' lang='lat' dir='ltr'><strong>Verum</strong></span> <span class='ocrx_word' id='word_1_709' title='bbox 2229 5028 2566 5097; x_wconf 85' lang='lat' dir='ltr'><strong>Philippicus</strong></span> <span class='ocrx_word' id='word_1_710' title='bbox 2630 5028 2893 5095; x_wconf 89' lang='lat' dir='ltr'><strong>princeps</strong></span> <span class='ocrx_word' id='word_1_711' title='bbox 2916 5025 3123 5095; x_wconf 80' lang='lat' dir='ltr'><strong>regiam</strong></span> <span class='ocrx_word' id='word_1_712' title='bbox 3156 5032 3409 5091; x_wconf 84' lang='lat' dir='ltr'><strong>occupat,</strong></span> <span class='ocrx_word' id='word_1_713' title='bbox 3442 5021 3598 5076; x_wconf 80' lang='lat' dir='ltr'><strong>ideo-</strong></span> 
     </span>
    </p>
   </div>
   <div class='ocr_carea' id='block_1_107' title="bbox 362 5118 3600 5197">
    <p class='ocr_par' dir='ltr' id='par_1_107' title="bbox 362 5118 3600 5197">
     <span class='ocr_line' id='line_1_107' title="bbox 362 5118 3600 5197; baseline -0.002 -19"><span class='ocrx_word' id='word_1_714' title='bbox 362 5132 469 5197; x_wconf 82' lang='lat' dir='ltr'><strong>que</strong></span> <span class='ocrx_word' id='word_1_715' title='bbox 542 5126 753 5180; x_wconf 85' lang='lat' dir='ltr'><strong>tardius</strong></span> <span class='ocrx_word' id='word_1_716' title='bbox 802 5124 1104 5181; x_wconf 87' lang='lat' dir='ltr'><strong>adveniens</strong></span> <span class='ocrx_word' id='word_1_717' title='bbox 1174 5126 1518 5180; x_wconf 84' lang='lat' dir='ltr'><strong>Justinianus</strong></span> <span class='ocrx_word' id='word_1_718' title='bbox 1565 5125 1619 5178; x_wconf 92' lang='lat' dir='ltr'><strong>in</strong></span> <span class='ocrx_word' id='word_1_719' title='bbox 1672 5125 1995 5193; x_wconf 83' lang='lat' dir='ltr'><strong>Damatryos</strong></span> <span class='ocrx_word' id='word_1_720' title='bbox 2035 5132 2250 5178; x_wconf 88' lang='lat' dir='ltr'><strong>montes</strong></span> <span class='ocrx_word' id='word_1_721' title='bbox 2282 5138 2383 5179; x_wconf 90' lang='lat' dir='ltr'><strong>suo</strong></span> <span class='ocrx_word' id='word_1_722' title='bbox 2411 5138 2471 5178; x_wconf 89' lang='lat' dir='ltr'><strong>se</strong></span> <span class='ocrx_word' id='word_1_723' title='bbox 2505 5139 2628 5177; x_wconf 85' lang='lat' dir='ltr'><strong>cum</strong></span> <span class='ocrx_word' id='word_1_724' title='bbox 2660 5121 2907 5184; x_wconf 80' lang='lat' dir='ltr'><strong>exercitu</strong></span> <span class='ocrx_word' id='word_1_725' title='bbox 2957 5120 3175 5191; x_wconf 89' lang='lat' dir='ltr'><strong>recipit.</strong></span> <span class='ocrx_word' id='word_1_726' title='bbox 3216 5118 3297 5173; x_wconf 89' lang='lat' dir='ltr'><strong>Eo</strong></span> <span class='ocrx_word' id='word_1_727' title='bbox 3334 5118 3600 5187; x_wconf 72' lang='lat' dir='ltr'><strong>Philippi-</strong></span> 
     </span>
    </p>
   </div>
   <div class='ocr_carea' id='block_1_108' title="bbox 362 5207 3598 5286">
    <p class='ocr_par' dir='ltr' id='par_1_108' title="bbox 362 5207 3598 5286">
     <span class='ocr_line' id='line_1_108' title="bbox 362 5207 3598 5286; baseline -0.003 -14"><span class='ocrx_word' id='word_1_728' title='bbox 362 5234 459 5272; x_wconf 82' lang='lat' dir='ltr'><strong>cus</strong></span> <span class='ocrx_word' id='word_1_729' title='bbox 495 5216 756 5270; x_wconf 84' lang='lat' dir='ltr'><strong>adversas</strong></span> <span class='ocrx_word' id='word_1_730' title='bbox 783 5216 969 5286; x_wconf 88' lang='lat' dir='ltr'><strong>copias</strong></span> <span class='ocrx_word' id='word_1_731' title='bbox 992 5216 1364 5285; x_wconf 69' lang='lat' dir='ltr'><strong>ablegat,quaa</strong></span> <span class='ocrx_word' id='word_1_732' title='bbox 1382 5215 1695 5270; x_wconf 70' lang='lat' dir='ltr'><strong>Iustiniano</strong></span> <span class='ocrx_word' id='word_1_733' title='bbox 1726 5212 1920 5268; x_wconf 86' lang='lat' dir='ltr'><strong>fraude</strong></span> <span class='ocrx_word' id='word_1_734' title='bbox 1960 5214 2340 5268; x_wconf 90' lang='lat' dir='ltr'><strong>circumvento</strong></span> <span class='ocrx_word' id='word_1_735' title='bbox 2405 5214 2636 5271; x_wconf 70' lang='lat' dir='ltr'><strong>victoria</strong></span> <span class='ocrx_word' id='word_1_736' title='bbox 2692 5212 2978 5283; x_wconf 83' lang='lat' dir='ltr'><strong>potiuntur</strong></span> <span class='ocrx_word' id='word_1_737' title='bbox 3010 5214 3170 5281; x_wconf 82' lang='lat' dir='ltr'><strong>eique</strong></span> <span class='ocrx_word' id='word_1_738' title='bbox 3204 5216 3370 5279; x_wconf 89' lang='lat' dir='ltr'><strong>caput</strong></span> <span class='ocrx_word' id='word_1_739' title='bbox 3406 5207 3598 5276; x_wconf 68' lang='lat' dir='ltr'><strong>praeci-</strong></span> 
     </span>
    </p>
   </div>
   <div class='ocr_carea' id='block_1_109' title="bbox 363 5305 3595 5383">
    <p class='ocr_par' dir='ltr' id='par_1_109' title="bbox 363 5305 3595 5383">
     <span class='ocr_line' id='line_1_109' title="bbox 363 5305 3595 5383; baseline -0.003 -18"><span class='ocrx_word' id='word_1_740' title='bbox 363 5315 520 5367; x_wconf 83' lang='lat' dir='ltr'><strong>dunt.</strong></span> <span class='ocrx_word' id='word_1_741' title='bbox 562 5314 674 5369; x_wconf 86' lang='lat' dir='ltr'><strong>lloe</strong></span> <span class='ocrx_word' id='word_1_742' title='bbox 705 5316 848 5370; x_wconf 88' lang='lat' dir='ltr'><strong>facto</strong></span> <span class='ocrx_word' id='word_1_743' title='bbox 885 5314 1166 5370; x_wconf 88' lang='lat' dir='ltr'><strong>biennium</strong></span> <span class='ocrx_word' id='word_1_744' title='bbox 1195 5311 1534 5383; x_wconf 87' lang='lat' dir='ltr'><strong>Philippicus</strong></span> <span class='ocrx_word' id='word_1_745' title='bbox 1565 5311 1837 5380; x_wconf 87' lang='lat' dir='ltr'><strong>imperat;</strong></span> <span class='ocrx_word' id='word_1_746' title='bbox 1902 5324 1966 5375; x_wconf 79' lang='lat' dir='ltr'><strong>ac</strong></span> <span class='ocrx_word' id='word_1_747' title='bbox 2004 5309 2247 5367; x_wconf 84' lang='lat' dir='ltr'><strong>vicissim</strong></span> <span class='ocrx_word' id='word_1_748' title='bbox 2312 5325 2341 5364; x_wconf 91' lang='lat' dir='ltr'><strong>a</strong></span> <span class='ocrx_word' id='word_1_749' title='bbox 2377 5309 2741 5381; x_wconf 84' lang='lat' dir='ltr'><strong>quibusdam,</strong></span> <span class='ocrx_word' id='word_1_750' title='bbox 2788 5324 2819 5364; x_wconf 90' lang='lat' dir='ltr'><strong>e</strong></span> <span class='ocrx_word' id='word_1_751' title='bbox 2883 5308 3116 5369; x_wconf 81' lang='lat' dir='ltr'><strong>Thracia</strong></span> <span class='ocrx_word' id='word_1_752' title='bbox 3164 5305 3261 5376; x_wconf 90' lang='lat' dir='ltr'><strong>qui</strong></span> <span class='ocrx_word' id='word_1_753' title='bbox 3310 5311 3595 5361; x_wconf 74' lang='lat' dir='ltr'><strong>venerant,</strong></span> 
     </span>
    </p>
   </div>
   <div class='ocr_carea' id='block_1_110' title="bbox 363 5407 855 5474">
    <p class='ocr_par' dir='ltr' id='par_1_110' title="bbox 363 5407 855 5474">
     <span class='ocr_line' id='line_1_110' title="bbox 363 5407 855 5474; baseline -0.004 -14"><span class='ocrx_word' id='word_1_754' title='bbox 363 5407 539 5460; x_wconf 79' lang='lat' dir='ltr'><strong>oculis</strong></span> <span class='ocrx_word' id='word_1_755' title='bbox 569 5407 855 5474; x_wconf 79' lang='lat' dir='ltr'><strong>spoliatur.</strong></span> 
     </span>
    </p>
   </div>
   <div class='ocr_carea' id='block_1_111' title="bbox 436 5485 1909 5567">
    <p class='ocr_par' dir='ltr' id='par_1_111' title="bbox 436 5493 1909 5567">
     <span class='ocr_line' id='line_1_111' title="bbox 436 5493 1909 5567; baseline -0.004 -17"><span class='ocrx_word' id='word_1_756' title='bbox 436 5498 548 5550; x_wconf 75' lang='grc' dir='ltr'><strong>Καὶ</strong></span> <span class='ocrx_word' id='word_1_757' title='bbox 596 5497 869 5567; x_wconf 70' lang='grc' dir='ltr'>βασιλεύει</span> <span class='ocrx_word' id='word_1_758' title='bbox 904 5495 1188 5567; x_wconf 79' lang='grc' dir='ltr'>Ἀρτὲμιος</span> <span class='ocrx_word' id='word_1_759' title='bbox 1230 5499 1257 5550; x_wconf 89' lang='lat'><strong>6</strong></span> <span class='ocrx_word' id='word_1_760' title='bbox 1308 5499 1401 5551; x_wconf 66' lang='lat' dir='ltr'><strong>xui.</strong></span> <span class='ocrx_word' id='word_1_761' title='bbox 1441 5494 1793 5556; x_wconf 80' lang='grc' dir='ltr'>Ἀναστάσιος</span> <span class='ocrx_word' id='word_1_762' title='bbox 1838 5493 1909 5546; x_wconf 61' lang='grc' dir='ltr'><strong>ἐτη</strong></span> 
     </span>
    </p>
   </div>
   <div class='ocr_carea' id='block_1_112' title="bbox 2011 5485 3600 5567">
    <p class='ocr_par' dir='ltr' id='par_1_112' title="bbox 2107 5485 3600 5558">
     <span class='ocr_line' id='line_1_112' title="bbox 2107 5485 3600 5558; baseline -0.001 -13"><span class='ocrx_word' id='word_1_763' title='bbox 2107 5488 2387 5545; x_wconf 79' lang='lat' dir='ltr'><strong>Successit</strong></span> <span class='ocrx_word' id='word_1_764' title='bbox 2432 5488 2730 5555; x_wconf 80' lang='lat' dir='ltr'><strong>Artemius,</strong></span> <span class='ocrx_word' id='word_1_765' title='bbox 2764 5495 3131 5558; x_wconf 84' lang='lat' dir='ltr'><strong>cognomento</strong></span> <span class='ocrx_word' id='word_1_766' title='bbox 3162 5485 3508 5549; x_wconf 84' lang='lat' dir='ltr'><strong>Anastasius,</strong></span> <span class='ocrx_word' id='word_1_767' title='bbox 3542 5495 3600 5543; x_wconf 74' lang='lat' dir='ltr'><strong>et</strong></span> 
     </span>
    </p>
   </div>
   <div class='ocr_carea' id='block_1_113' title="bbox 362 5576 1909 5658">
    <p class='ocr_par' dir='ltr' id='par_1_113' title="bbox 362 5585 1909 5658">
     <span class='ocr_line' id='line_1_113' title="bbox 362 5585 1909 5658; baseline -0.003 -17"><span class='ocrx_word' id='word_1_768' title='bbox 362 5587 478 5651; x_wconf 82' lang='grc' dir='ltr'>δύο,</span> <span class='ocrx_word' id='word_1_769' title='bbox 508 5588 604 5641; x_wconf 70' lang='grc' dir='ltr'><strong>καὶ</strong></span> <span class='ocrx_word' id='word_1_770' title='bbox 631 5588 770 5658; x_wconf 82' lang='grc' dir='ltr'>μετὰ</span> <span class='ocrx_word' id='word_1_771' title='bbox 797 5587 987 5642; x_wconf 89' lang='grc' dir='ltr'>τοῦτον</span> <span class='ocrx_word' id='word_1_772' title='bbox 1030 5589 1309 5651; x_wconf 81' lang='grc' dir='ltr'>Θεοδόσιος</span> <span class='ocrx_word' id='word_1_773' title='bbox 1352 5587 1461 5641; x_wconf 85' lang='grc' dir='ltr'><strong>τῶν</strong></span> <span class='ocrx_word' id='word_1_774' title='bbox 1491 5588 1640 5641; x_wconf 88' lang='grc' dir='ltr'>κάτω</span> <span class='ocrx_word' id='word_1_775' title='bbox 1679 5586 1777 5656; x_wconf 80' lang='grc' dir='ltr'>ἔτη</span> <span class='ocrx_word' id='word_1_776' title='bbox 1819 5585 1909 5637; x_wconf 87' lang='grc' dir='ltr'><strong>δύο</strong></span> 
     </span>
    </p>
   </div>
   <div class='ocr_carea' id='block_1_114' title="bbox 2011 5576 3598 5658">
    <p class='ocr_par' dir='ltr' id='par_1_114' title="bbox 2034 5576 3598 5649">
     <span class='ocr_line' id='line_1_114' title="bbox 2034 5576 3598 5649; baseline -0.006 -12"><span class='ocrx_word' id='word_1_777' title='bbox 2034 5581 2250 5637; x_wconf 90' lang='lat' dir='ltr'><strong>duobus</strong></span> <span class='ocrx_word' id='word_1_778' title='bbox 2272 5579 2432 5633; x_wconf 89' lang='lat' dir='ltr'><strong>annis</strong></span> <span class='ocrx_word' id='word_1_779' title='bbox 2455 5580 2762 5649; x_wconf 76' lang='lat' dir='ltr'><strong>imperavit.</strong></span> <span class='ocrx_word' id='word_1_780' title='bbox 2787 5580 2926 5635; x_wconf 89' lang='lat' dir='ltr'><strong>Eum</strong></span> <span class='ocrx_word' id='word_1_781' title='bbox 2957 5582 3285 5635; x_wconf 89' lang='lat' dir='ltr'><strong>subsecutus</strong></span> <span class='ocrx_word' id='word_1_782' title='bbox 3309 5587 3394 5632; x_wconf 87' lang='lat' dir='ltr'><strong>est</strong></span> <span class='ocrx_word' id='word_1_783' title='bbox 3421 5576 3598 5629; x_wconf 85' lang='lat' dir='ltr'><strong>Theo-</strong></span> 
     </span>
    </p>
   </div>
   <div class='ocr_carea' id='block_1_115' title="bbox 369 5667 1909 5753">
    <p class='ocr_par' dir='ltr' id='par_1_115' title="bbox 369 5678 1907 5753">
     <span class='ocr_line' id='line_1_115' title="bbox 369 5678 1907 5753; baseline -0.005 -18"><span class='ocrx_word' id='word_1_784' title='bbox 369 5687 539 5743; x_wconf 77' lang='grc' dir='ltr'>υυτος</span> <span class='ocrx_word' id='word_1_785' title='bbox 577 5681 669 5753; x_wconf 73' lang='grc' dir='ltr'>καὶ</span> <span class='ocrx_word' id='word_1_786' title='bbox 710 5682 856 5736; x_wconf 73' lang='grc' dir='ltr'>ἄκων</span> <span class='ocrx_word' id='word_1_787' title='bbox 887 5680 1078 5749; x_wconf 63' lang='grc' dir='ltr'>ἐξέστη</span> <span class='ocrx_word' id='word_1_788' title='bbox 1103 5682 1198 5751; x_wconf 77' lang='grc' dir='ltr'>τῆς</span> <span class='ocrx_word' id='word_1_789' title='bbox 1222 5680 1500 5750; x_wconf 71' lang='grc' dir='ltr'>βασιλείας</span> <span class='ocrx_word' id='word_1_790' title='bbox 1537 5679 1626 5733; x_wconf 77' lang='grc' dir='ltr'>καὶ</span> <span class='ocrx_word' id='word_1_791' title='bbox 1657 5678 1777 5732; x_wconf 73' lang='grc' dir='ltr'>ἀντὶ</span> <span class='ocrx_word' id='word_1_792' title='bbox 1804 5693 1907 5748; x_wconf 87' lang='grc' dir='ltr'><strong>πορ</strong></span> 
     </span>
    </p>
   </div>
   <div class='ocr_carea' id='block_1_116' title="bbox 2011 5667 3597 5753">
    <p class='ocr_par' dir='ltr' id='par_1_116' title="bbox 2035 5667 3597 5742">
     <span class='ocr_line' id='line_1_116' title="bbox 2035 5667 3597 5742; baseline -0.002 -15"><span class='ocrx_word' id='word_1_793' title='bbox 2035 5672 2247 5737; x_wconf 83' lang='lat' dir='ltr'><strong>dusius,</strong></span> <span class='ocrx_word' id='word_1_794' title='bbox 2283 5672 2447 5726; x_wconf 84' lang='lat' dir='ltr'><strong>homo</strong></span> <span class='ocrx_word' id='word_1_795' title='bbox 2478 5671 2751 5741; x_wconf 63' lang='lat' dir='ltr'><strong>plebeius,</strong></span> <span class='ocrx_word' id='word_1_796' title='bbox 2788 5671 2879 5742; x_wconf 91' lang='lat' dir='ltr'><strong>qui</strong></span> <span class='ocrx_word' id='word_1_797' title='bbox 2914 5680 2970 5726; x_wconf 93' lang='lat' dir='ltr'><strong>et</strong></span> <span class='ocrx_word' id='word_1_798' title='bbox 3001 5672 3111 5740; x_wconf 88' lang='lat' dir='ltr'><strong>ipse</strong></span> <span class='ocrx_word' id='word_1_799' title='bbox 3157 5667 3438 5724; x_wconf 85' lang='lat' dir='ltr'><strong>biennium</strong></span> <span class='ocrx_word' id='word_1_800' title='bbox 3470 5682 3597 5725; x_wconf 79' lang='lat' dir='ltr'><strong>cum</strong></span> 
     </span>
    </p>
   </div>
  </div>
