  <div class='ocr_page' id='page_1' title='image "/cluster/home/n/w/nwhite01/storage/ocr_20150623/158/hvd.32044073502676/318.png"; bbox 0 0 4154 6200; ppageno 0'>
   <div class='ocr_carea' id='block_1_1' title="bbox 326 257 427 320">
    <p class='ocr_par' dir='ltr' id='par_1_1' title="bbox 326 257 427 320">
     <span class='ocr_line' id='line_1_1' title="bbox 326 257 427 320; baseline -0.02 0"><span class='ocrx_word' id='word_1_1' title='bbox 326 257 427 320; x_wconf 75' lang='lat'><strong>535</strong></span> 
     </span>
    </p>
   </div>
   <div class='ocr_carea' id='block_1_2' title="bbox 1559 278 2327 347">
    <p class='ocr_par' dir='ltr' id='par_1_2' title="bbox 1559 278 2327 347">
     <span class='ocr_line' id='line_1_2' title="bbox 1559 278 2327 347; baseline 0.008 -7"><span class='ocrx_word' id='word_1_2' title='bbox 1559 278 1962 342; x_wconf 77' lang='lat' dir='ltr'><strong>ANNALIUM</strong></span> <span class='ocrx_word' id='word_1_3' title='bbox 1998 283 2195 344; x_wconf 81' lang='lat' dir='ltr'><strong>PARS</strong></span> <span class='ocrx_word' id='word_1_4' title='bbox 2236 286 2327 347; x_wconf 78' lang='grc' dir='ltr'><strong>ιν.</strong></span> 
     </span>
    </p>
   </div>
   <div class='ocr_carea' id='block_1_3' title="bbox 3459 285 3559 344">
    <p class='ocr_par' dir='ltr' id='par_1_3' title="bbox 3459 285 3559 344">
     <span class='ocr_line' id='line_1_3' title="bbox 3459 285 3559 344; baseline 0.04 -3"><span class='ocrx_word' id='word_1_5' title='bbox 3459 285 3559 344; x_wconf 70' lang='lat'><strong>528</strong></span> 
     </span>
    </p>
   </div>
   <div class='ocr_carea' id='block_1_4' title="bbox 326 373 1908 478">
    <p class='ocr_par' dir='ltr' id='par_1_4' title="bbox 326 373 1891 475">
     <span class='ocr_line' id='line_1_4' title="bbox 326 373 1891 475; baseline 0.015 -52"><span class='ocrx_word' id='word_1_6' title='bbox 326 374 418 475; x_wconf 51' lang='grc' dir='ltr'><strong>καὶ</strong></span> <span class='ocrx_word' id='word_1_7' title='bbox 439 373 563 436; x_wconf 80' lang='grc' dir='ltr'>τοὺς</span> <span class='ocrx_word' id='word_1_8' title='bbox 592 374 831 444; x_wconf 81' lang='grc' dir='ltr'><strong>βασιλεῖς</strong></span> <span class='ocrx_word' id='word_1_9' title='bbox 861 380 1027 450; x_wconf 79' lang='grc' dir='ltr'>μηδέν</span> <span class='ocrx_word' id='word_1_10' title='bbox 1057 400 1107 436; x_wconf 86' lang='grc' dir='ltr'><strong>τι</strong></span> <span class='ocrx_word' id='word_1_11' title='bbox 1131 387 1391 454; x_wconf 64' lang='grc' dir='ltr'>πράττειν</span> <span class='ocrx_word' id='word_1_12' title='bbox 1423 390 1550 443; x_wconf 75' lang='grc' dir='ltr'>ἄνευ</span> <span class='ocrx_word' id='word_1_13' title='bbox 1587 392 1792 446; x_wconf 81' lang='grc' dir='ltr'>αὐτῶν.</span> <span class='ocrx_word' id='word_1_14' title='bbox 1833 393 1891 446; x_wconf 91' lang='lat'><strong>&#39;0</strong></span> 
     </span>
    </p>
   </div>
   <div class='ocr_carea' id='block_1_5' title="bbox 2007 373 3561 478">
    <p class='ocr_par' dir='ltr' id='par_1_5' title="bbox 2007 396 3561 467">
     <span class='ocr_line' id='line_1_5' title="bbox 2007 396 3561 467; baseline 0.001 -19"><span class='ocrx_word' id='word_1_15' title='bbox 2007 399 2200 466; x_wconf 70' lang='lat' dir='ltr'><strong>ibsquc</strong></span> <span class='ocrx_word' id='word_1_16' title='bbox 2229 397 2479 451; x_wconf 85' lang='lat' dir='ltr'><strong>mercede</strong></span> <span class='ocrx_word' id='word_1_17' title='bbox 2504 414 2569 452; x_wconf 87' lang='lat' dir='ltr'><strong>ac</strong></span> <span class='ocrx_word' id='word_1_18' title='bbox 2597 398 2819 467; x_wconf 66' lang='lat' dir='ltr'><strong>prwmio</strong></span> <span class='ocrx_word' id='word_1_19' title='bbox 2851 398 3158 465; x_wconf 79' lang='lat' dir='ltr'><strong>disciplinis</strong></span> <span class='ocrx_word' id='word_1_20' title='bbox 3187 396 3410 466; x_wconf 82' lang='lat' dir='ltr'><strong>Optimis</strong></span> <span class='ocrx_word' id='word_1_21' title='bbox 3436 413 3561 451; x_wconf 86' lang='lat' dir='ltr'><strong>eru-</strong></span> 
     </span>
    </p>
   </div>
   <div class='ocr_carea' id='block_1_6' title="bbox 326 466 1908 558">
    <p class='ocr_par' dir='ltr' id='par_1_6' title="bbox 326 466 1889 551">
     <span class='ocr_line' id='line_1_6' title="bbox 326 466 1889 551; baseline 0.014 -37"><span class='ocrx_word' id='word_1_22' title='bbox 326 466 455 529; x_wconf 85' lang='grc' dir='ltr'>γοῦν</span> <span class='ocrx_word' id='word_1_23' title='bbox 501 466 763 531; x_wconf 83' lang='grc' dir='ltr'>κάκιστος</span> <span class='ocrx_word' id='word_1_24' title='bbox 798 473 1073 527; x_wconf 69' lang='grc' dir='ltr'>κοινοῦται</span> <span class='ocrx_word' id='word_1_25' title='bbox 1109 478 1204 529; x_wconf 74' lang='grc' dir='ltr'>καὶ</span> <span class='ocrx_word' id='word_1_26' title='bbox 1239 481 1450 544; x_wconf 84' lang='grc' dir='ltr'>τούτοις</span> <span class='ocrx_word' id='word_1_27' title='bbox 1500 482 1569 533; x_wconf 78' lang='grc' dir='ltr'>τὰ</span> <span class='ocrx_word' id='word_1_28' title='bbox 1597 483 1694 551; x_wconf 81' lang='grc' dir='ltr'>τῆς</span> <span class='ocrx_word' id='word_1_29' title='bbox 1726 484 1889 536; x_wconf 81' lang='grc' dir='ltr'>ἀθέου</span> 
     </span>
    </p>
   </div>
   <div class='ocr_carea' id='block_1_7' title="bbox 2007 466 3561 558">
    <p class='ocr_par' dir='ltr' id='par_1_7' title="bbox 2007 466 3561 558">
     <span class='ocr_line' id='line_1_7' title="bbox 2007 466 3561 558; baseline 0 -16"><span class='ocrx_word' id='word_1_30' title='bbox 2007 489 2245 542; x_wconf 77' lang='lat' dir='ltr'><strong>diebaut.</strong></span> <span class='ocrx_word' id='word_1_31' title='bbox 2277 493 2450 558; x_wconf 79' lang='lat' dir='ltr'><strong>Atque</strong></span> <span class='ocrx_word' id='word_1_32' title='bbox 2482 466 2676 544; x_wconf 91' lang='lat' dir='ltr'><strong>borum</strong></span> <span class='ocrx_word' id='word_1_33' title='bbox 2708 490 2778 543; x_wconf 90' lang='lat' dir='ltr'><strong>ob</strong></span> <span class='ocrx_word' id='word_1_34' title='bbox 2800 489 3059 545; x_wconf 89' lang='lat' dir='ltr'><strong>virtutem</strong></span> <span class='ocrx_word' id='word_1_35' title='bbox 3092 497 3236 542; x_wconf 82' lang='lat' dir='ltr'><strong>tanta</strong></span> <span class='ocrx_word' id='word_1_36' title='bbox 3268 487 3561 542; x_wconf 73' lang='lat' dir='ltr'><strong>celebritas</strong></span> 
     </span>
    </p>
   </div>
   <div class='ocr_carea' id='block_1_8' title="bbox 325 555 1894 642">
    <p class='ocr_par' dir='ltr' id='par_1_8' title="bbox 325 555 1894 642">
     <span class='ocr_line' id='line_1_8' title="bbox 325 555 1894 642; baseline 0.015 -36"><span class='ocrx_word' id='word_1_37' title='bbox 325 555 549 625; x_wconf 79' lang='grc' dir='ltr'><strong>γνώμης</strong></span> <span class='ocrx_word' id='word_1_38' title='bbox 583 560 773 624; x_wconf 78' lang='grc' dir='ltr'>αὐτοῦ,</span> <span class='ocrx_word' id='word_1_39' title='bbox 804 564 897 619; x_wconf 72' lang='grc' dir='ltr'><strong>καὶ</strong></span> <span class='ocrx_word' id='word_1_40' title='bbox 930 565 1008 636; x_wconf 80' lang='grc' dir='ltr'>μὴ</span> <span class='ocrx_word' id='word_1_41' title='bbox 1037 567 1177 637; x_wconf 79' lang='grc' dir='ltr'><strong>ἔχων</strong></span> <span class='ocrx_word' id='word_1_42' title='bbox 1207 574 1558 636; x_wconf 77' lang='grc' dir='ltr'><strong>καταπειθεῖς</strong></span> <span class='ocrx_word' id='word_1_43' title='bbox 1590 575 1771 642; x_wconf 79' lang='grc' dir='ltr'>εὑρεῖν</span> <span class='ocrx_word' id='word_1_44' title='bbox 1798 578 1894 629; x_wconf 77' lang='grc' dir='ltr'>αύο</span> 
     </span>
    </p>
   </div>
   <div class='ocr_carea' id='block_1_9' title="bbox 324 647 1886 735">
    <p class='ocr_par' dir='ltr' id='par_1_9' title="bbox 324 647 1886 735">
     <span class='ocr_line' id='line_1_9' title="bbox 324 647 1886 735; baseline 0.016 -38"><span class='ocrx_word' id='word_1_45' title='bbox 324 648 449 709; x_wconf 79' lang='grc' dir='ltr'>τοὺς</span> <span class='ocrx_word' id='word_1_46' title='bbox 479 647 1017 727; x_wconf 36' lang='grc' dir='ltr'>ὕλην-περισωρεύει</span> <span class='ocrx_word' id='word_1_47' title='bbox 1063 660 1360 725; x_wconf 83' lang='grc' dir='ltr'>εύέξαπτον</span> <span class='ocrx_word' id='word_1_48' title='bbox 1391 664 1577 735; x_wconf 86' lang='grc' dir='ltr'>κύκλῳ</span> <span class='ocrx_word' id='word_1_49' title='bbox 1614 666 1706 719; x_wconf 87' lang='grc' dir='ltr'><strong>τοῦ</strong></span> <span class='ocrx_word' id='word_1_50' title='bbox 1743 667 1886 722; x_wconf 80' lang='grc' dir='ltr'>θείου</span> 
     </span>
    </p>
   </div>
   <div class='ocr_carea' id='block_1_10' title="bbox 324 738 1888 828">
    <p class='ocr_par' dir='ltr' id='par_1_10' title="bbox 324 738 1888 828">
     <span class='ocr_line' id='line_1_10' title="bbox 324 738 1888 828; baseline 0.015 -39"><span class='ocrx_word' id='word_1_51' title='bbox 324 738 480 803; x_wconf 71' lang='grc' dir='ltr'>ναοῦ,</span> <span class='ocrx_word' id='word_1_52' title='bbox 525 740 758 813; x_wconf 77' lang='grc' dir='ltr'>καὶπῦρ</span> <span class='ocrx_word' id='word_1_53' title='bbox 796 746 1031 816; x_wconf 77' lang='grc' dir='ltr'>ὐφάπτει</span> <span class='ocrx_word' id='word_1_54' title='bbox 1082 750 1330 823; x_wconf 64' lang='grc' dir='ltr'>λιπαρδν,</span> <span class='ocrx_word' id='word_1_55' title='bbox 1384 742 1493 809; x_wconf 13' lang='grc' dir='ltr'>καὶν</span> <span class='ocrx_word' id='word_1_56' title='bbox 1525 758 1703 817; x_wconf 78' lang='grc' dir='ltr'>πάντα</span> <span class='ocrx_word' id='word_1_57' title='bbox 1750 760 1888 828; x_wconf 83' lang='grc' dir='ltr'>ὁμοῦ</span> 
     </span>
    </p>
   </div>
   <div class='ocr_carea' id='block_1_11' title="bbox 328 830 1891 921">
    <p class='ocr_par' dir='ltr' id='par_1_11' title="bbox 328 830 1891 921">
     <span class='ocr_line' id='line_1_11' title="bbox 328 830 1891 921; baseline 0.015 -41"><span class='ocrx_word' id='word_1_58' title='bbox 328 830 690 899; x_wconf 74' lang='grc' dir='ltr'>καταφλέγει,</span> <span class='ocrx_word' id='word_1_59' title='bbox 715 834 842 899; x_wconf 88' lang='grc' dir='ltr'>τούς</span> <span class='ocrx_word' id='word_1_60' title='bbox 871 855 931 891; x_wconf 83' lang='grc' dir='ltr'><strong>τε</strong></span> <span class='ocrx_word' id='word_1_61' title='bbox 962 840 1141 904; x_wconf 82' lang='grc' dir='ltr'><strong>θείους</strong></span> <span class='ocrx_word' id='word_1_62' title='bbox 1167 843 1409 909; x_wconf 77' lang='grc' dir='ltr'><strong>ἐκείνους</strong></span> <span class='ocrx_word' id='word_1_63' title='bbox 1438 846 1637 918; x_wconf 84' lang='grc' dir='ltr'>ἄνδρας</span> <span class='ocrx_word' id='word_1_64' title='bbox 1667 853 1761 902; x_wconf 71' lang='grc' dir='ltr'><strong>καὶ</strong></span> <span class='ocrx_word' id='word_1_65' title='bbox 1793 852 1891 921; x_wconf 73' lang='grc' dir='ltr'><strong>σὺν</strong></span> 
     </span>
    </p>
   </div>
   <div class='ocr_carea' id='block_1_12' title="bbox 326 920 910 994">
    <p class='ocr_par' dir='ltr' id='par_1_12' title="bbox 326 920 910 994">
     <span class='ocr_line' id='line_1_12' title="bbox 326 920 910 994; baseline 0.019 -23"><span class='ocrx_word' id='word_1_66' title='bbox 326 920 513 983; x_wconf 75' lang='grc' dir='ltr'>αὐτοῖς</span> <span class='ocrx_word' id='word_1_67' title='bbox 539 923 638 983; x_wconf 83' lang='grc' dir='ltr'><strong>τὰς</strong></span> <span class='ocrx_word' id='word_1_68' title='bbox 671 924 910 994; x_wconf 76' lang='grc' dir='ltr'><strong>βίϐλους.</strong></span> 
     </span>
    </p>
   </div>
   <div class='ocr_carea' id='block_1_13' title="bbox 327 1017 1923 1102">
    <p class='ocr_par' dir='ltr' id='par_1_13' title="bbox 327 1017 1923 1102">
     <span class='ocr_line' id='line_1_13' title="bbox 327 1017 1923 1102; baseline 0.016 -39"><span class='ocrx_word' id='word_1_69' title='bbox 327 1024 648 1069; x_wconf 83' lang='lat' dir='ltr'><strong>coacervata</strong></span> <span class='ocrx_word' id='word_1_70' title='bbox 706 1017 897 1088; x_wconf 83' lang='lat' dir='ltr'><strong>cingit,</strong></span> <span class='ocrx_word' id='word_1_71' title='bbox 942 1036 1063 1090; x_wconf 62' lang='lat' dir='ltr'><strong>qua:</strong></span> <span class='ocrx_word' id='word_1_72' title='bbox 1136 1026 1316 1096; x_wconf 92' lang='lat' dir='ltr'><strong>ignem</strong></span> <span class='ocrx_word' id='word_1_73' title='bbox 1363 1028 1522 1085; x_wconf 83' lang='lat' dir='ltr'><strong>facile</strong></span> <span class='ocrx_word' id='word_1_74' title='bbox 1585 1031 1923 1102; x_wconf 74' lang='lat' dir='ltr'><strong>conciperet.</strong></span> 
     </span>
    </p>
   </div>
   <div class='ocr_carea' id='block_1_14' title="bbox 326 1102 1784 1191">
    <p class='ocr_par' dir='ltr' id='par_1_14' title="bbox 326 1102 1784 1191">
     <span class='ocr_line' id='line_1_14' title="bbox 326 1102 1784 1191; baseline 0.017 -39"><span class='ocrx_word' id='word_1_75' title='bbox 326 1102 531 1165; x_wconf 69' lang='lat' dir='ltr'><strong>exurit,</strong></span> <span class='ocrx_word' id='word_1_76' title='bbox 572 1113 681 1160; x_wconf 86' lang='lat' dir='ltr'><strong>tam</strong></span> <span class='ocrx_word' id='word_1_77' title='bbox 713 1108 931 1166; x_wconf 85' lang='lat' dir='ltr'><strong>divinos</strong></span> <span class='ocrx_word' id='word_1_78' title='bbox 960 1115 1094 1170; x_wconf 92' lang='lat' dir='ltr'><strong>istos</strong></span> <span class='ocrx_word' id='word_1_79' title='bbox 1122 1115 1375 1176; x_wconf 76' lang='lat' dir='ltr'><strong>homines</strong></span> <span class='ocrx_word' id='word_1_80' title='bbox 1400 1136 1563 1191; x_wconf 88' lang='lat' dir='ltr'><strong>quam</strong></span> <span class='ocrx_word' id='word_1_81' title='bbox 1593 1123 1784 1178; x_wconf 89' lang='lat' dir='ltr'><strong>libros.</strong></span> 
     </span>
    </p>
   </div>
   <div class='ocr_carea' id='block_1_15' title="bbox 403 1224 1895 1314">
    <p class='ocr_par' dir='ltr' id='par_1_15' title="bbox 403 1224 1895 1314">
     <span class='ocr_line' id='line_1_15' title="bbox 403 1224 1895 1314; baseline 0.015 -39"><span class='ocrx_word' id='word_1_82' title='bbox 403 1224 539 1277; x_wconf 80' lang='grc' dir='ltr'>Κατ’</span> <span class='ocrx_word' id='word_1_83' title='bbox 564 1227 742 1280; x_wconf 82' lang='grc' dir='ltr'>ἐκεῖνο</span> <span class='ocrx_word' id='word_1_84' title='bbox 770 1228 827 1282; x_wconf 79' lang='grc' dir='ltr'>δὲ</span> <span class='ocrx_word' id='word_1_85' title='bbox 860 1232 1054 1303; x_wconf 80' lang='grc' dir='ltr'>καιροῦ</span> <span class='ocrx_word' id='word_1_86' title='bbox 1088 1237 1185 1290; x_wconf 73' lang='grc' dir='ltr'>καὶ</span> <span class='ocrx_word' id='word_1_87' title='bbox 1233 1238 1489 1305; x_wconf 78' lang='grc' dir='ltr'>πλούσιός</span> <span class='ocrx_word' id='word_1_88' title='bbox 1530 1260 1614 1305; x_wconf 86' lang='grc' dir='ltr'><strong>τις</strong></span> <span class='ocrx_word' id='word_1_89' title='bbox 1645 1238 1713 1314; x_wconf 79' lang='grc' dir='ltr'><strong>ἦν</strong></span> <span class='ocrx_word' id='word_1_90' title='bbox 1740 1244 1895 1313; x_wconf 80' lang='grc' dir='ltr'>ἐλεη-</span> 
     </span>
    </p>
   </div>
   <div class='ocr_carea' id='block_1_16' title="bbox 339 1315 1902 1405">
    <p class='ocr_par' dir='ltr' id='par_1_16' title="bbox 339 1315 1902 1405">
     <span class='ocr_line' id='line_1_16' title="bbox 339 1315 1902 1405; baseline 0.019 -40"><span class='ocrx_word' id='word_1_91' title='bbox 339 1315 596 1384; x_wconf 86' lang='grc' dir='ltr'>μοσύναις</span> <span class='ocrx_word' id='word_1_92' title='bbox 611 1320 746 1388; x_wconf 80' lang='grc' dir='ltr'>ὁμοῦ</span> <span class='ocrx_word' id='word_1_93' title='bbox 772 1325 868 1401; x_wconf 77' lang='grc' dir='ltr'>καὶ</span> <span class='ocrx_word' id='word_1_94' title='bbox 899 1328 1182 1397; x_wconf 73' lang='grc' dir='ltr'>πορνείαις</span> <span class='ocrx_word' id='word_1_95' title='bbox 1215 1333 1417 1398; x_wconf 75' lang='grc' dir='ltr'>συζῶν,</span> <span class='ocrx_word' id='word_1_96' title='bbox 1444 1338 1541 1391; x_wconf 79' lang='grc' dir='ltr'>καὶ</span> <span class='ocrx_word' id='word_1_97' title='bbox 1569 1337 1711 1391; x_wconf 78' lang='grc' dir='ltr'>οὕτω</span> <span class='ocrx_word' id='word_1_98' title='bbox 1736 1356 1902 1405; x_wconf 70' lang='grc' dir='ltr'>κατα-</span> 
     </span>
    </p>
   </div>
   <div class='ocr_carea' id='block_1_17' title="bbox 335 1408 1901 1498">
    <p class='ocr_par' dir='ltr' id='par_1_17' title="bbox 335 1408 1901 1498">
     <span class='ocr_line' id='line_1_17' title="bbox 335 1408 1901 1498; baseline 0.013 -37"><span class='ocrx_word' id='word_1_99' title='bbox 335 1408 587 1498; x_wconf 73' lang='grc' dir='ltr'>γηράσας</span> <span class='ocrx_word' id='word_1_100' title='bbox 618 1411 880 1471; x_wconf 83' lang='grc' dir='ltr'>ἀπέθανε.</span> <span class='ocrx_word' id='word_1_101' title='bbox 914 1417 1130 1474; x_wconf 80' lang='grc' dir='ltr'><strong>Γίνεται</strong></span> <span class='ocrx_word' id='word_1_102' title='bbox 1160 1417 1256 1476; x_wconf 83' lang='grc' dir='ltr'><strong>οὖν</strong></span> <span class='ocrx_word' id='word_1_103' title='bbox 1283 1424 1475 1489; x_wconf 79' lang='grc' dir='ltr'>στάσις</span> <span class='ocrx_word' id='word_1_104' title='bbox 1514 1430 1644 1498; x_wconf 78' lang='grc' dir='ltr'>περὶ</span> <span class='ocrx_word' id='word_1_105' title='bbox 1667 1429 1765 1482; x_wconf 87' lang='grc' dir='ltr'>τοῦ</span> <span class='ocrx_word' id='word_1_106' title='bbox 1795 1430 1901 1482; x_wconf 88' lang='grc' dir='ltr'>ποῦ</span> 
     </span>
    </p>
   </div>
   <div class='ocr_carea' id='block_1_18' title="bbox 331 1495 1906 1591">
    <p class='ocr_par' dir='ltr' id='par_1_18' title="bbox 331 1495 1906 1591">
     <span class='ocr_line' id='line_1_18' title="bbox 331 1495 1906 1591; baseline 0.018 -42"><span class='ocrx_word' id='word_1_107' title='bbox 331 1500 386 1591; x_wconf 38' lang='grc' dir='ltr'><strong>ὁ-</strong></span> <span class='ocrx_word' id='word_1_108' title='bbox 417 1495 658 1566; x_wconf 84' lang='grc' dir='ltr'>τοιοῦτος</span> <span class='ocrx_word' id='word_1_109' title='bbox 686 1505 985 1584; x_wconf 72' lang='grc' dir='ltr'>τέτακταιο</span> <span class='ocrx_word' id='word_1_110' title='bbox 1037 1513 1087 1565; x_wconf 83' lang='lat' dir='ltr'><strong>ol</strong></span> <span class='ocrx_word' id='word_1_111' title='bbox 1150 1513 1251 1585; x_wconf 78' lang='grc' dir='ltr'><strong>μέν</strong></span> <span class='ocrx_word' id='word_1_112' title='bbox 1280 1517 1386 1588; x_wconf 84' lang='grc' dir='ltr'>γὰρ</span> <span class='ocrx_word' id='word_1_113' title='bbox 1432 1495 1619 1587; x_wconf 77' lang='grc' dir='ltr'>ἔλεγον</span> <span class='ocrx_word' id='word_1_114' title='bbox 1671 1521 1906 1591; x_wconf 77' lang='grc' dir='ltr'>ἄμωμον</span> 
     </span>
    </p>
   </div>
   <div class='ocr_carea' id='block_1_19' title="bbox 334 1584 1897 1681">
    <p class='ocr_par' dir='ltr' id='par_1_19' title="bbox 334 1584 1897 1681">
     <span class='ocr_line' id='line_1_19' title="bbox 334 1584 1897 1681; baseline 0.017 -40"><span class='ocrx_word' id='word_1_115' title='bbox 334 1584 476 1643; x_wconf 84' lang='grc' dir='ltr'>εἶναι</span> <span class='ocrx_word' id='word_1_116' title='bbox 506 1591 587 1644; x_wconf 82' lang='grc' dir='ltr'><strong>δεῖ</strong></span> <span class='ocrx_word' id='word_1_117' title='bbox 613 1594 712 1665; x_wconf 76' lang='grc' dir='ltr'>τὴν</span> <span class='ocrx_word' id='word_1_118' title='bbox 740 1597 1134 1674; x_wconf 70' lang='grc' dir='ltr'><strong>ἐλεημοσύνην,</strong></span> <span class='ocrx_word' id='word_1_119' title='bbox 1171 1584 1220 1663; x_wconf 75' lang='lat' dir='ltr'><strong>oi</strong></span> <span class='ocrx_word' id='word_1_120' title='bbox 1250 1606 1306 1660; x_wconf 76' lang='grc' dir='ltr'>δὲ</span> <span class='ocrx_word' id='word_1_121' title='bbox 1330 1584 1505 1680; x_wconf 77' lang='grc' dir='ltr'>ταύτῃ</span> <span class='ocrx_word' id='word_1_122' title='bbox 1534 1584 1897 1681; x_wconf 75' lang='grc' dir='ltr'>καθαίρεσθαι</span> 
     </span>
    </p>
   </div>
   <div class='ocr_carea' id='block_1_20' title="bbox 333 1682 1898 1772">
    <p class='ocr_par' dir='ltr' id='par_1_20' title="bbox 333 1682 1898 1772">
     <span class='ocr_line' id='line_1_20' title="bbox 333 1682 1898 1772; baseline 0.019 -41"><span class='ocrx_word' id='word_1_123' title='bbox 333 1682 401 1732; x_wconf 75' lang='grc' dir='ltr'>τὰ</span> <span class='ocrx_word' id='word_1_124' title='bbox 432 1682 813 1755; x_wconf 79' lang='grc' dir='ltr'>ἁμαρτήματα</span> <span class='ocrx_word' id='word_1_125' title='bbox 864 1690 1283 1765; x_wconf 78' lang='grc' dir='ltr'>διισχυρίζοντο.</span> <span class='ocrx_word' id='word_1_126' title='bbox 1329 1701 1645 1772; x_wconf 72' lang='grc' dir='ltr'>Δεηθέντων</span> <span class='ocrx_word' id='word_1_127' title='bbox 1678 1704 1771 1759; x_wconf 77' lang='grc' dir='ltr'>οὖν</span> <span class='ocrx_word' id='word_1_128' title='bbox 1804 1707 1898 1760; x_wconf 85' lang='grc' dir='ltr'>τοῦ</span> 
     </span>
    </p>
   </div>
   <div class='ocr_carea' id='block_1_21' title="bbox 335 1773 1902 1862">
    <p class='ocr_par' dir='ltr' id='par_1_21' title="bbox 335 1773 1902 1862">
     <span class='ocr_line' id='line_1_21' title="bbox 335 1773 1902 1862; baseline 0.019 -40"><span class='ocrx_word' id='word_1_129' title='bbox 335 1773 675 1844; x_wconf 76' lang='grc' dir='ltr'><strong>πατριάρχου</strong></span> <span class='ocrx_word' id='word_1_130' title='bbox 698 1795 758 1831; x_wconf 88' lang='grc' dir='ltr'><strong>τε</strong></span> <span class='ocrx_word' id='word_1_131' title='bbox 798 1779 1080 1852; x_wconf 84' lang='grc' dir='ltr'>Ῥωμανοῦ</span> <span class='ocrx_word' id='word_1_132' title='bbox 1112 1788 1208 1842; x_wconf 81' lang='grc' dir='ltr'>καὶ</span> <span class='ocrx_word' id='word_1_133' title='bbox 1240 1790 1349 1845; x_wconf 89' lang='grc' dir='ltr'><strong>τῶν</strong></span> <span class='ocrx_word' id='word_1_134' title='bbox 1386 1792 1650 1862; x_wconf 86' lang='grc' dir='ltr'>θεοφιλῶν</span> <span class='ocrx_word' id='word_1_135' title='bbox 1678 1796 1902 1857; x_wconf 82' lang='grc' dir='ltr'>ἐπισκό-</span> 
     </span>
    </p>
   </div>
   <div class='ocr_carea' id='block_1_22' title="bbox 338 1864 1905 1958">
    <p class='ocr_par' dir='ltr' id='par_1_22' title="bbox 338 1864 1905 1958">
     <span class='ocr_line' id='line_1_22' title="bbox 338 1864 1905 1958; baseline 0.019 -44"><span class='ocrx_word' id='word_1_136' title='bbox 338 1864 577 1958; x_wconf 68' lang='grc' dir='ltr'>πωντωῖ</span> <span class='ocrx_word' id='word_1_137' title='bbox 617 1867 752 1923; x_wconf 84' lang='grc' dir='ltr'>Θεοῦ</span> <span class='ocrx_word' id='word_1_138' title='bbox 791 1876 920 1943; x_wconf 74' lang='grc' dir='ltr'>περὶ</span> <span class='ocrx_word' id='word_1_139' title='bbox 968 1876 1181 1942; x_wconf 84' lang='grc' dir='ltr'>τούτου,</span> <span class='ocrx_word' id='word_1_140' title='bbox 1235 1884 1604 1958; x_wconf 81' lang='grc' dir='ltr'><strong>ἀπεκαλύφθη</strong></span> <span class='ocrx_word' id='word_1_141' title='bbox 1657 1890 1765 1942; x_wconf 76' lang='grc' dir='ltr'>τινὶ</span> <span class='ocrx_word' id='word_1_142' title='bbox 1814 1892 1905 1955; x_wconf 81' lang='grc' dir='ltr'><strong>ἐγ·-</strong></span> 
     </span>
    </p>
   </div>
   <div class='ocr_carea' id='block_1_23' title="bbox 335 1956 1905 2046">
    <p class='ocr_par' dir='ltr' id='par_1_23' title="bbox 335 1956 1905 2046">
     <span class='ocr_line' id='line_1_23' title="bbox 335 1956 1905 2046; baseline 0.018 -40"><span class='ocrx_word' id='word_1_143' title='bbox 335 1956 591 2029; x_wconf 75' lang='grc' dir='ltr'>κλείστῳ.</span> <span class='ocrx_word' id='word_1_144' title='bbox 610 1960 788 2033; x_wconf 83' lang='grc' dir='ltr'>Ἐώρα</span> <span class='ocrx_word' id='word_1_145' title='bbox 819 1966 928 2035; x_wconf 83' lang='grc' dir='ltr'><strong>γὰρ</strong></span> <span class='ocrx_word' id='word_1_146' title='bbox 959 1969 1211 2024; x_wconf 86' lang='grc' dir='ltr'>ἐντεῦθεν</span> <span class='ocrx_word' id='word_1_147' title='bbox 1247 1974 1347 2042; x_wconf 83' lang='grc' dir='ltr'><strong>μὲν</strong></span> <span class='ocrx_word' id='word_1_148' title='bbox 1378 1956 1735 2046; x_wconf 74' lang='grc' dir='ltr'>παράδεισον,</span> <span class='ocrx_word' id='word_1_149' title='bbox 1763 1982 1905 2034; x_wconf 79' lang='grc' dir='ltr'><strong>ἐκεί-</strong></span> 
     </span>
    </p>
   </div>
   <div class='ocr_carea' id='block_1_24' title="bbox 335 2045 1902 2133">
    <p class='ocr_par' dir='ltr' id='par_1_24' title="bbox 335 2045 1902 2133">
     <span class='ocr_line' id='line_1_24' title="bbox 335 2045 1902 2133; baseline 0.017 -33"><span class='ocrx_word' id='word_1_150' title='bbox 335 2045 427 2100; x_wconf 84' lang='grc' dir='ltr'><strong>θεν</strong></span> <span class='ocrx_word' id='word_1_151' title='bbox 457 2050 517 2105; x_wconf 54' lang='grc' dir='ltr'><strong>δὲ¹</strong></span> <span class='ocrx_word' id='word_1_152' title='bbox 554 2051 729 2121; x_wconf 85' lang='grc' dir='ltr'>φλόγα</span> <span class='ocrx_word' id='word_1_153' title='bbox 769 2058 944 2127; x_wconf 76' lang='grc' dir='ltr'>πυρὸς</span> <span class='ocrx_word' id='word_1_154' title='bbox 981 2062 1268 2132; x_wconf 80' lang='grc' dir='ltr'>μεγίστην,</span> <span class='ocrx_word' id='word_1_155' title='bbox 1305 2065 1470 2133; x_wconf 83' lang='grc' dir='ltr'>μέσον</span> <span class='ocrx_word' id='word_1_156' title='bbox 1492 2068 1548 2122; x_wconf 81' lang='grc' dir='ltr'><strong>δὲ</strong></span> <span class='ocrx_word' id='word_1_157' title='bbox 1585 2070 1677 2123; x_wconf 75' lang='grc' dir='ltr'>τὸν</span> <span class='ocrx_word' id='word_1_158' title='bbox 1712 2045 1902 2124; x_wconf 78' lang='grc' dir='ltr'>τελευ-</span> 
     </span>
    </p>
   </div>
   <div class='ocr_carea' id='block_1_25' title="bbox 334 2140 1905 2231">
    <p class='ocr_par' dir='ltr' id='par_1_25' title="bbox 334 2140 1905 2231">
     <span class='ocr_line' id='line_1_25' title="bbox 334 2140 1905 2231; baseline 0.017 -41"><span class='ocrx_word' id='word_1_159' title='bbox 334 2140 584 2209; x_wconf 79' lang='grc' dir='ltr'>τήσαντα</span> <span class='ocrx_word' id='word_1_160' title='bbox 636 2145 850 2202; x_wconf 81' lang='grc' dir='ltr'>ἑστῶτα</span> <span class='ocrx_word' id='word_1_161' title='bbox 908 2152 1003 2205; x_wconf 73' lang='grc' dir='ltr'>καὶ</span> <span class='ocrx_word' id='word_1_162' title='bbox 1058 2154 1204 2222; x_wconf 85' lang='grc' dir='ltr'>μέγα</span> <span class='ocrx_word' id='word_1_163' title='bbox 1262 2160 1798 2231; x_wconf 68' lang='grc' dir='ltr'>στενάζονταθπρδς</span> <span class='ocrx_word' id='word_1_164' title='bbox 1845 2164 1905 2216; x_wconf 80' lang='grc' dir='ltr'><strong>δν</strong></span> 
     </span>
    </p>
   </div>
   <div class='ocr_carea' id='block_1_26' title="bbox 336 2231 1905 2326">
    <p class='ocr_par' dir='ltr' id='par_1_26' title="bbox 336 2231 1905 2326">
     <span class='ocr_line' id='line_1_26' title="bbox 336 2231 1905 2326; baseline 0.017 -44"><span class='ocrx_word' id='word_1_165' title='bbox 336 2231 569 2299; x_wconf 78' lang='grc' dir='ltr'>ἄγγελος</span> <span class='ocrx_word' id='word_1_166' title='bbox 604 2235 777 2311; x_wconf 86' lang='grc' dir='ltr'>ἐλθὼν</span> <span class='ocrx_word' id='word_1_167' title='bbox 807 2237 960 2294; x_wconf 76' lang='grc' dir='ltr'>εἷπε·</span> <span class='ocrx_word' id='word_1_168' title='bbox 1004 2263 1023 2296; x_wconf 86' lang='grc' dir='ltr'><strong>ι</strong></span> <span class='ocrx_word' id='word_1_169' title='bbox 1060 2244 1126 2299; x_wconf 85' lang='grc' dir='ltr'><strong>Τί</strong></span> <span class='ocrx_word' id='word_1_170' title='bbox 1160 2248 1305 2316; x_wconf 85' lang='grc' dir='ltr'><strong>μέγα</strong></span> <span class='ocrx_word' id='word_1_171' title='bbox 1340 2250 1623 2316; x_wconf 77' lang='grc' dir='ltr'>στενάζεις</span> <span class='ocrx_word' id='word_1_172' title='bbox 1645 2270 1660 2317; x_wconf 91' lang='lat'><strong>;</strong></span> <span class='ocrx_word' id='word_1_173' title='bbox 1686 2255 1719 2324; x_wconf 81' lang='grc' dir='ltr'>ἠ</span> <span class='ocrx_word' id='word_1_174' title='bbox 1748 2254 1905 2326; x_wconf 86' lang='grc' dir='ltr'>ἐλεη-</span> 
     </span>
    </p>
   </div>
   <div class='ocr_carea' id='block_1_27' title="bbox 342 2328 1905 2420">
    <p class='ocr_par' dir='ltr' id='par_1_27' title="bbox 342 2328 1905 2420">
     <span class='ocr_line' id='line_1_27' title="bbox 342 2328 1905 2420; baseline 0.018 -45"><span class='ocrx_word' id='word_1_175' title='bbox 342 2328 551 2420; x_wconf 61' lang='grc' dir='ltr'>μοσύνη</span> <span class='ocrx_word' id='word_1_176' title='bbox 594 2346 687 2382; x_wconf 90' lang='grc' dir='ltr'><strong>σου</strong></span> <span class='ocrx_word' id='word_1_177' title='bbox 723 2333 991 2403; x_wconf 80' lang='grc' dir='ltr'>ἐρῤύσατό</span> <span class='ocrx_word' id='word_1_178' title='bbox 1018 2356 1076 2392; x_wconf 92' lang='grc' dir='ltr'><strong>σε</strong></span> <span class='ocrx_word' id='word_1_179' title='bbox 1109 2342 1208 2410; x_wconf 83' lang='grc' dir='ltr'><strong>τῆς</strong></span> <span class='ocrx_word' id='word_1_180' title='bbox 1232 2343 1451 2413; x_wconf 82' lang='grc' dir='ltr'>φλογός.</span> <span class='ocrx_word' id='word_1_181' title='bbox 1494 2366 1511 2397; x_wconf 75' lang='grc' dir='ltr'><strong>ι</strong></span> <span class='ocrx_word' id='word_1_182' title='bbox 1544 2348 1905 2420; x_wconf 85' lang='grc' dir='ltr'>Μανθάνομεν</span> 
     </span>
    </p>
   </div>
   <div class='ocr_carea' id='block_1_28' title="bbox 336 2414 1906 2509">
    <p class='ocr_par' dir='ltr' id='par_1_28' title="bbox 336 2414 1906 2509">
     <span class='ocr_line' id='line_1_28' title="bbox 336 2414 1906 2509; baseline 0.018 -41"><span class='ocrx_word' id='word_1_183' title='bbox 336 2414 431 2470; x_wconf 79' lang='grc' dir='ltr'>οὖν</span> <span class='ocrx_word' id='word_1_184' title='bbox 463 2421 714 2475; x_wconf 83' lang='grc' dir='ltr'>ἐντεῦθεν</span> <span class='ocrx_word' id='word_1_185' title='bbox 740 2425 822 2479; x_wconf 71' lang='grc' dir='ltr'><strong>ὅτι</strong></span> <span class='ocrx_word' id='word_1_186' title='bbox 851 2428 913 2481; x_wconf 82' lang='grc' dir='ltr'><strong>οὐ</strong></span> <span class='ocrx_word' id='word_1_187' title='bbox 945 2432 1202 2486; x_wconf 84' lang='grc' dir='ltr'>τοσοῦτον</span> <span class='ocrx_word' id='word_1_188' title='bbox 1226 2434 1506 2505; x_wconf 70' lang='grc' dir='ltr'><strong>ὠφελήσει⁸</strong></span> <span class='ocrx_word' id='word_1_189' title='bbox 1537 2438 1597 2491; x_wconf 85' lang='grc' dir='ltr'><strong>τὸ</strong></span> <span class='ocrx_word' id='word_1_190' title='bbox 1638 2439 1906 2509; x_wconf 75' lang='grc' dir='ltr'>ἀργύριον</span> 
     </span>
    </p>
   </div>
   <div class='ocr_carea' id='block_1_29' title="bbox 274 2511 1905 2599">
    <p class='ocr_par' dir='ltr' id='par_1_29' title="bbox 274 2511 1905 2599">
     <span class='ocr_line' id='line_1_29' title="bbox 274 2511 1905 2599; baseline 0.014 -38"><span class='ocrx_word' id='word_1_191' title='bbox 274 2515 293 2529; x_wconf 72' lang='lat'>“</span> <span class='ocrx_word' id='word_1_192' title='bbox 339 2511 404 2565; x_wconf 78' lang='grc' dir='ltr'><strong>ἐκ</strong></span> <span class='ocrx_word' id='word_1_193' title='bbox 437 2514 695 2586; x_wconf 78' lang='grc' dir='ltr'>ρυπαρᾶς</span> <span class='ocrx_word' id='word_1_194' title='bbox 740 2520 923 2589; x_wconf 75' lang='grc' dir='ltr'>χειρὸς</span> <span class='ocrx_word' id='word_1_195' title='bbox 950 2523 1249 2594; x_wconf 80' lang='grc' dir='ltr'><strong>διδόμενον.</strong></span> <span class='ocrx_word' id='word_1_196' title='bbox 1286 2527 1450 2582; x_wconf 82' lang='grc' dir='ltr'>Ἀλλὰ</span> <span class='ocrx_word' id='word_1_197' title='bbox 1506 2531 1601 2582; x_wconf 73' lang='grc' dir='ltr'>καὶ</span> <span class='ocrx_word' id='word_1_198' title='bbox 1645 2531 1833 2599; x_wconf 85' lang='grc' dir='ltr'>Ζήνων</span> <span class='ocrx_word' id='word_1_199' title='bbox 1876 2531 1905 2584; x_wconf 87' lang='grc' dir='ltr'><strong>ό</strong></span> 
     </span>
    </p>
   </div>
   <div class='ocr_carea' id='block_1_30' title="bbox 341 2602 1907 2695">
    <p class='ocr_par' dir='ltr' id='par_1_30' title="bbox 341 2602 1907 2695">
     <span class='ocr_line' id='line_1_30' title="bbox 341 2602 1907 2695; baseline 0.013 -40"><span class='ocrx_word' id='word_1_200' title='bbox 341 2602 617 2671; x_wconf 77' lang='grc' dir='ltr'>βασιλεὺς,</span> <span class='ocrx_word' id='word_1_201' title='bbox 649 2610 725 2673; x_wconf 82' lang='grc' dir='ltr'><strong>ὥς</strong></span> <span class='ocrx_word' id='word_1_202' title='bbox 750 2614 853 2666; x_wconf 77' lang='grc' dir='ltr'><strong>πού</strong></span> <span class='ocrx_word' id='word_1_203' title='bbox 890 2632 1079 2684; x_wconf 85' lang='grc' dir='ltr'>φησιν,</span> <span class='ocrx_word' id='word_1_204' title='bbox 1107 2618 1274 2689; x_wconf 83' lang='grc' dir='ltr'>ἐμίγη</span> <span class='ocrx_word' id='word_1_205' title='bbox 1300 2622 1527 2686; x_wconf 76' lang='grc' dir='ltr'>γυναικὶ</span> <span class='ocrx_word' id='word_1_206' title='bbox 1556 2622 1809 2694; x_wconf 77' lang='grc' dir='ltr'>παρθένῳ</span> <span class='ocrx_word' id='word_1_207' title='bbox 1837 2617 1907 2695; x_wconf 77' lang='grc' dir='ltr'><strong>ἧς</strong></span> 
     </span>
    </p>
   </div>
   <div class='ocr_carea' id='block_1_31' title="bbox 338 2698 1906 2784">
    <p class='ocr_par' dir='ltr' id='par_1_31' title="bbox 338 2698 1906 2784">
     <span class='ocr_line' id='line_1_31' title="bbox 338 2698 1906 2784; baseline 0.007 -27"><span class='ocrx_word' id='word_1_208' title='bbox 338 2698 373 2767; x_wconf 76' lang='grc' dir='ltr'><strong>ἡ</strong></span> <span class='ocrx_word' id='word_1_209' title='bbox 434 2699 620 2771; x_wconf 82' lang='grc' dir='ltr'>μήτηρ</span> <span class='ocrx_word' id='word_1_210' title='bbox 671 2702 745 2773; x_wconf 77' lang='grc' dir='ltr'>μὴ</span> <span class='ocrx_word' id='word_1_211' title='bbox 794 2704 1038 2775; x_wconf 76' lang='grc' dir='ltr'>φέρουσα</span> <span class='ocrx_word' id='word_1_212' title='bbox 1085 2708 1145 2761; x_wconf 84' lang='grc' dir='ltr'><strong>τὸ</strong></span> <span class='ocrx_word' id='word_1_213' title='bbox 1178 2710 1396 2777; x_wconf 78' lang='grc' dir='ltr'>συμδὰν</span> <span class='ocrx_word' id='word_1_214' title='bbox 1448 2712 1547 2781; x_wconf 80' lang='grc' dir='ltr'>τὴν</span> <span class='ocrx_word' id='word_1_215' title='bbox 1603 2714 1906 2784; x_wconf 78' lang='grc' dir='ltr'>ἀειπάρθε-</span> 
     </span>
    </p>
   </div>
   <div class='ocr_carea' id='block_1_32' title="bbox 339 2792 1910 2877">
    <p class='ocr_par' dir='ltr' id='par_1_32' title="bbox 339 2792 1910 2877">
     <span class='ocr_line' id='line_1_32' title="bbox 339 2792 1910 2877; baseline 0.012 -36"><span class='ocrx_word' id='word_1_216' title='bbox 339 2805 428 2842; x_wconf 88' lang='grc' dir='ltr'>νον</span> <span class='ocrx_word' id='word_1_217' title='bbox 481 2792 692 2848; x_wconf 70' lang='grc' dir='ltr'>ἱκέτευε</span> <span class='ocrx_word' id='word_1_218' title='bbox 733 2797 994 2851; x_wconf 79' lang='grc' dir='ltr'>Θεοτόκον</span> <span class='ocrx_word' id='word_1_219' title='bbox 1017 2800 1255 2865; x_wconf 83' lang='grc' dir='ltr'>ἐκτενῶς</span> <span class='ocrx_word' id='word_1_220' title='bbox 1283 2800 1426 2856; x_wconf 84' lang='grc' dir='ltr'>ὥστε</span> <span class='ocrx_word' id='word_1_221' title='bbox 1475 2803 1659 2857; x_wconf 74' lang='grc' dir='ltr'>λαϐεῖν</span> <span class='ocrx_word' id='word_1_222' title='bbox 1691 2806 1910 2877; x_wconf 82' lang='grc' dir='ltr'>ἐκδικη-</span> 
     </span>
    </p>
   </div>
   <div class='ocr_carea' id='block_1_33' title="bbox 342 2883 1909 2965">
    <p class='ocr_par' dir='ltr' id='par_1_33' title="bbox 342 2883 1909 2965">
     <span class='ocr_line' id='line_1_33' title="bbox 342 2883 1909 2965; baseline 0.013 -33"><span class='ocrx_word' id='word_1_223' title='bbox 342 2896 446 2933; x_wconf 73' lang='grc' dir='ltr'>σιν.</span> <span class='ocrx_word' id='word_1_224' title='bbox 472 2883 585 2937; x_wconf 78' lang='grc' dir='ltr'>Καὶ</span> <span class='ocrx_word' id='word_1_225' title='bbox 613 2886 813 2954; x_wconf 74' lang='grc' dir='ltr'>ἤκουσε</span> <span class='ocrx_word' id='word_1_226' title='bbox 846 2887 999 2952; x_wconf 83' lang='grc' dir='ltr'>θείας</span> <span class='ocrx_word' id='word_1_227' title='bbox 1019 2890 1232 2944; x_wconf 79' lang='grc' dir='ltr'>ἐκεῖθεν</span> <span class='ocrx_word' id='word_1_228' title='bbox 1257 2894 1443 2963; x_wconf 79' lang='grc' dir='ltr'>φωνῆς</span> <span class='ocrx_word' id='word_1_229' title='bbox 1472 2894 1621 2949; x_wconf 77' lang='grc' dir='ltr'>οὓτω</span> <span class='ocrx_word' id='word_1_230' title='bbox 1641 2896 1909 2965; x_wconf 75' lang='grc' dir='ltr'><strong>λεγούσης</strong></span> 
     </span>
    </p>
   </div>
   <div class='ocr_carea' id='block_1_34' title="bbox 346 2973 1907 3057">
    <p class='ocr_par' dir='ltr' id='par_1_34' title="bbox 346 2973 1907 3057">
     <span class='ocr_line' id='line_1_34' title="bbox 346 2973 1907 3057; baseline 0.014 -34"><span class='ocrx_word' id='word_1_231' title='bbox 346 2973 481 3042; x_wconf 74' lang='grc' dir='ltr'>πρὸς</span> <span class='ocrx_word' id='word_1_232' title='bbox 515 2976 685 3046; x_wconf 83' lang='grc' dir='ltr'>αὐτήν</span> <span class='ocrx_word' id='word_1_233' title='bbox 705 2993 720 3009; x_wconf 80' lang='grc'><strong>’</strong></span> <span class='ocrx_word' id='word_1_234' title='bbox 752 2997 771 3030; x_wconf 80' lang='grc' dir='ltr'><strong>ι</strong></span> <span class='ocrx_word' id='word_1_235' title='bbox 805 2978 1044 3050; x_wconf 74' lang='grc' dir='ltr'>Θέλομεν</span> <span class='ocrx_word' id='word_1_236' title='bbox 1068 2984 1355 3052; x_wconf 83' lang='grc' dir='ltr'>ἐκδικῆσαι</span> <span class='ocrx_word' id='word_1_237' title='bbox 1381 3003 1464 3050; x_wconf 82' lang='grc' dir='ltr'><strong>σε,</strong></span> <span class='ocrx_word' id='word_1_238' title='bbox 1490 2981 1535 3041; x_wconf 83' lang='grc' dir='ltr'><strong>ὦ</strong></span> <span class='ocrx_word' id='word_1_239' title='bbox 1561 2988 1722 3057; x_wconf 88' lang='grc' dir='ltr'>γύναι</span> <span class='ocrx_word' id='word_1_240' title='bbox 1749 3007 1764 3022; x_wconf 75' lang='grc' dir='ltr'><strong>ο</strong></span> <span class='ocrx_word' id='word_1_241' title='bbox 1794 2992 1907 3045; x_wconf 84' lang='grc' dir='ltr'>ἀλλ’</span> 
     </span>
    </p>
   </div>
   <div class='ocr_carea' id='block_1_35' title="bbox 2000 577 3563 648">
    <p class='ocr_par' dir='ltr' id='par_1_35' title="bbox 2000 577 3563 648">
     <span class='ocr_line' id='line_1_35' title="bbox 2000 577 3563 648; baseline 0.001 -19"><span class='ocrx_word' id='word_1_242' title='bbox 2000 586 2143 642; x_wconf 89' lang='lat' dir='ltr'><strong>erat,</strong></span> <span class='ocrx_word' id='word_1_243' title='bbox 2183 586 2241 631; x_wconf 92' lang='lat' dir='ltr'><strong>ut</strong></span> <span class='ocrx_word' id='word_1_244' title='bbox 2284 593 2350 633; x_wconf 82' lang='lat' dir='ltr'><strong>ne</strong></span> <span class='ocrx_word' id='word_1_245' title='bbox 2393 579 2494 647; x_wconf 88' lang='lat' dir='ltr'><strong>ipsi</strong></span> <span class='ocrx_word' id='word_1_246' title='bbox 2543 578 2765 648; x_wconf 86' lang='lat' dir='ltr'><strong>quidem</strong></span> <span class='ocrx_word' id='word_1_247' title='bbox 2822 577 3185 647; x_wconf 81' lang='lat' dir='ltr'><strong>imperatores</strong></span> <span class='ocrx_word' id='word_1_248' title='bbox 3239 578 3445 647; x_wconf 80' lang='lat' dir='ltr'><strong>aliquid</strong></span> <span class='ocrx_word' id='word_1_249' title='bbox 3496 578 3563 631; x_wconf 88' lang='lat' dir='ltr'><strong>iis</strong></span> 
     </span>
    </p>
   </div>
   <div class='ocr_carea' id='block_1_36' title="bbox 1996 670 3564 741">
    <p class='ocr_par' dir='ltr' id='par_1_36' title="bbox 1996 670 3564 741">
     <span class='ocr_line' id='line_1_36' title="bbox 1996 670 3564 741; baseline 0.002 -19"><span class='ocrx_word' id='word_1_250' title='bbox 1996 685 2106 723; x_wconf 91' lang='lat' dir='ltr'><strong>non</strong></span> <span class='ocrx_word' id='word_1_251' title='bbox 2135 671 2403 725; x_wconf 86' lang='lat' dir='ltr'><strong>consultis</strong></span> <span class='ocrx_word' id='word_1_252' title='bbox 2430 682 2678 741; x_wconf 78' lang='lat' dir='ltr'><strong>agerent.</strong></span> <span class='ocrx_word' id='word_1_253' title='bbox 2702 670 2838 724; x_wconf 87' lang='lat' dir='ltr'><strong>Cum</strong></span> <span class='ocrx_word' id='word_1_254' title='bbox 2878 671 2963 723; x_wconf 88' lang='lat' dir='ltr'><strong>bis</strong></span> <span class='ocrx_word' id='word_1_255' title='bbox 2992 686 3123 739; x_wconf 83' lang='lat' dir='ltr'><strong>ergo</strong></span> <span class='ocrx_word' id='word_1_256' title='bbox 3153 671 3237 724; x_wconf 85' lang='lat' dir='ltr'><strong>vir</strong></span> <span class='ocrx_word' id='word_1_257' title='bbox 3266 670 3564 738; x_wconf 83' lang='lat' dir='ltr'><strong>improbis-</strong></span> 
     </span>
    </p>
   </div>
   <div class='ocr_carea' id='block_1_37' title="bbox 1995 762 3566 831">
    <p class='ocr_par' dir='ltr' id='par_1_37' title="bbox 1995 762 3566 831">
     <span class='ocr_line' id='line_1_37' title="bbox 1995 762 3566 831; baseline -0.001 -17"><span class='ocrx_word' id='word_1_258' title='bbox 1995 762 2169 815; x_wconf 91' lang='lat' dir='ltr'><strong>simus</strong></span> <span class='ocrx_word' id='word_1_259' title='bbox 2201 762 2527 817; x_wconf 87' lang='lat' dir='ltr'><strong>sententiam</strong></span> <span class='ocrx_word' id='word_1_260' title='bbox 2556 777 2710 816; x_wconf 89' lang='lat' dir='ltr'><strong>suam</strong></span> <span class='ocrx_word' id='word_1_261' title='bbox 2739 762 2961 831; x_wconf 83' lang='lat' dir='ltr'><strong>impiam</strong></span> <span class='ocrx_word' id='word_1_262' title='bbox 2997 762 3387 822; x_wconf 75' lang='lat' dir='ltr'><strong>communicat,</strong></span> <span class='ocrx_word' id='word_1_263' title='bbox 3416 776 3566 813; x_wconf 77' lang='lat' dir='ltr'><strong>cuni-</strong></span> 
     </span>
    </p>
   </div>
   <div class='ocr_carea' id='block_1_38' title="bbox 1997 852 3565 924">
    <p class='ocr_par' dir='ltr' id='par_1_38' title="bbox 1997 852 3565 924">
     <span class='ocr_line' id='line_1_38' title="bbox 1997 852 3565 924; baseline 0.002 -20"><span class='ocrx_word' id='word_1_264' title='bbox 1997 869 2105 921; x_wconf 91' lang='lat' dir='ltr'><strong>que</strong></span> <span class='ocrx_word' id='word_1_265' title='bbox 2151 868 2340 920; x_wconf 88' lang='lat' dir='ltr'><strong>parum</strong></span> <span class='ocrx_word' id='word_1_266' title='bbox 2380 868 2477 906; x_wconf 90' lang='lat' dir='ltr'><strong>eos</strong></span> <span class='ocrx_word' id='word_1_267' title='bbox 2538 853 2656 907; x_wconf 91' lang='lat' dir='ltr'><strong>suis</strong></span> <span class='ocrx_word' id='word_1_268' title='bbox 2710 852 3021 907; x_wconf 80' lang='lat' dir='ltr'><strong>rationibus</strong></span> <span class='ocrx_word' id='word_1_269' title='bbox 3077 854 3322 908; x_wconf 90' lang='lat' dir='ltr'><strong>tribuere</strong></span> <span class='ocrx_word' id='word_1_270' title='bbox 3370 855 3565 924; x_wconf 89' lang='lat' dir='ltr'><strong>deprc-</strong></span> 
     </span>
    </p>
   </div>
   <div class='ocr_carea' id='block_1_39' title="bbox 1997 941 3566 1011">
    <p class='ocr_par' dir='ltr' id='par_1_39' title="bbox 1997 941 3566 1011">
     <span class='ocr_line' id='line_1_39' title="bbox 1997 941 3566 1011; baseline 0.001 -15"><span class='ocrx_word' id='word_1_271' title='bbox 1997 943 2308 1006; x_wconf 89' lang='lat' dir='ltr'><strong>benderet,</strong></span> <span class='ocrx_word' id='word_1_272' title='bbox 2344 944 2588 1011; x_wconf 85' lang='lat' dir='ltr'><strong>undique</strong></span> <span class='ocrx_word' id='word_1_273' title='bbox 2633 941 2875 995; x_wconf 82' lang='lat' dir='ltr'><strong>divinam</strong></span> <span class='ocrx_word' id='word_1_274' title='bbox 2927 942 3070 996; x_wconf 87' lang='lat' dir='ltr'><strong>banc</strong></span> <span class='ocrx_word' id='word_1_275' title='bbox 3114 945 3286 997; x_wconf 64' lang='grc' dir='ltr'>τωρωι</span> <span class='ocrx_word' id='word_1_276' title='bbox 3339 945 3566 998; x_wconf 70' lang='grc' dir='ltr'>ηιθιιτὶε</span> 
     </span>
    </p>
   </div>
   <div class='ocr_carea' id='block_1_40' title="bbox 2002 1017 3567 1105">
    <p class='ocr_par' dir='ltr' id='par_1_40' title="bbox 2002 1017 3567 1105">
     <span class='ocr_line' id='line_1_40' title="bbox 2002 1017 3567 1105; baseline -0.002 -17"><span class='ocrx_word' id='word_1_277' title='bbox 2002 1034 2134 1090; x_wconf 79' lang='lat' dir='ltr'><strong>inde</strong></span> <span class='ocrx_word' id='word_1_278' title='bbox 2183 1034 2412 1105; x_wconf 84' lang='lat' dir='ltr'><strong>pingues</strong></span> <span class='ocrx_word' id='word_1_279' title='bbox 2478 1033 2528 1087; x_wconf 85' lang='lat' dir='ltr'><strong>ci</strong></span> <span class='ocrx_word' id='word_1_280' title='bbox 2576 1017 2725 1088; x_wconf 84' lang='lat' dir='ltr'><strong>faces</strong></span> <span class='ocrx_word' id='word_1_281' title='bbox 2769 1032 3013 1103; x_wconf 70' lang='lat' dir='ltr'><strong>subiicit,</strong></span> <span class='ocrx_word' id='word_1_282' title='bbox 3062 1033 3356 1102; x_wconf 89' lang='lat' dir='ltr'><strong>omniaque</strong></span> <span class='ocrx_word' id='word_1_283' title='bbox 3402 1031 3567 1087; x_wconf 63' lang='lat' dir='ltr'><strong>simul</strong></span> 
     </span>
    </p>
   </div>
   <div class='ocr_carea' id='block_1_41' title="bbox 2068 1238 3567 1310">
    <p class='ocr_par' dir='ltr' id='par_1_41' title="bbox 2068 1238 3567 1310">
     <span class='ocr_line' id='line_1_41' title="bbox 2068 1238 3567 1310; baseline -0.001 -13"><span class='ocrx_word' id='word_1_284' title='bbox 2068 1242 2292 1297; x_wconf 78' lang='lat' dir='ltr'><strong>Exstitit</strong></span> <span class='ocrx_word' id='word_1_285' title='bbox 2321 1240 2515 1296; x_wconf 85' lang='lat' dir='ltr'><strong>iisdem</strong></span> <span class='ocrx_word' id='word_1_286' title='bbox 2548 1240 2985 1310; x_wconf 88' lang='lat' dir='ltr'><strong>temporibusvir</strong></span> <span class='ocrx_word' id='word_1_287' title='bbox 2999 1238 3221 1310; x_wconf 89' lang='lat' dir='ltr'><strong>quidam</strong></span> <span class='ocrx_word' id='word_1_288' title='bbox 3251 1241 3567 1310; x_wconf 84' lang='lat' dir='ltr'><strong>opulentus,</strong></span> 
     </span>
    </p>
   </div>
   <div class='ocr_carea' id='block_1_42' title="bbox 1997 1331 3573 1406">
    <p class='ocr_par' dir='ltr' id='par_1_42' title="bbox 1997 1331 3573 1406">
     <span class='ocr_line' id='line_1_42' title="bbox 1997 1331 3573 1406; baseline 0.001 -19"><span class='ocrx_word' id='word_1_289' title='bbox 1997 1334 2093 1404; x_wconf 89' lang='lat' dir='ltr'><strong>qui</strong></span> <span class='ocrx_word' id='word_1_290' title='bbox 2117 1342 2173 1388; x_wconf 89' lang='lat' dir='ltr'><strong>et</strong></span> <span class='ocrx_word' id='word_1_291' title='bbox 2198 1331 2625 1387; x_wconf 82' lang='lat' dir='ltr'><strong>beneficentiam</strong></span> <span class='ocrx_word' id='word_1_292' title='bbox 2653 1332 2706 1385; x_wconf 93' lang='lat' dir='ltr'><strong>in</strong></span> <span class='ocrx_word' id='word_1_293' title='bbox 2735 1346 3008 1406; x_wconf 76' lang='lat' dir='ltr'><strong>pauperes</strong></span> <span class='ocrx_word' id='word_1_294' title='bbox 3032 1331 3256 1400; x_wconf 80' lang='lat' dir='ltr'><strong>largiter</strong></span> <span class='ocrx_word' id='word_1_295' title='bbox 3284 1334 3573 1389; x_wconf 80' lang='lat' dir='ltr'><strong>exercebat</strong></span> 
     </span>
    </p>
   </div>
   <div class='ocr_carea' id='block_1_43' title="bbox 1999 1422 3573 1493">
    <p class='ocr_par' dir='ltr' id='par_1_43' title="bbox 1999 1422 3573 1493">
     <span class='ocr_line' id='line_1_43' title="bbox 1999 1422 3573 1493; baseline -0.001 -12"><span class='ocrx_word' id='word_1_296' title='bbox 1999 1430 2056 1481; x_wconf 91' lang='lat' dir='ltr'><strong>et</strong></span> <span class='ocrx_word' id='word_1_297' title='bbox 2109 1426 2233 1493; x_wconf 88' lang='lat' dir='ltr'><strong>plus</strong></span> <span class='ocrx_word' id='word_1_298' title='bbox 2283 1440 2443 1493; x_wconf 67' lang='lat' dir='ltr'><strong>aequo</strong></span> <span class='ocrx_word' id='word_1_299' title='bbox 2504 1422 2722 1477; x_wconf 83' lang='lat' dir='ltr'><strong>deditus</strong></span> <span class='ocrx_word' id='word_1_300' title='bbox 2776 1432 2897 1477; x_wconf 90' lang='lat' dir='ltr'><strong>erat</strong></span> <span class='ocrx_word' id='word_1_301' title='bbox 2962 1423 3421 1481; x_wconf 85' lang='lat' dir='ltr'><strong>scortationibus.</strong></span> <span class='ocrx_word' id='word_1_302' title='bbox 3470 1426 3573 1481; x_wconf 82' lang='lat' dir='ltr'><strong>Ubi</strong></span> 
     </span>
    </p>
   </div>
   <div class='ocr_carea' id='block_1_44' title="bbox 2000 1514 3570 1584">
    <p class='ocr_par' dir='ltr' id='par_1_44' title="bbox 2000 1514 3570 1584">
     <span class='ocr_line' id='line_1_44' title="bbox 2000 1514 3570 1584; baseline -0.001 -13"><span class='ocrx_word' id='word_1_303' title='bbox 2000 1516 2405 1578; x_wconf 87' lang='lat' dir='ltr'><strong>consenuisset,</strong></span> <span class='ocrx_word' id='word_1_304' title='bbox 2451 1514 2671 1569; x_wconf 88' lang='lat' dir='ltr'><strong>tandem</strong></span> <span class='ocrx_word' id='word_1_305' title='bbox 2724 1522 2934 1568; x_wconf 74' lang='lat' dir='ltr'><strong>naturze</strong></span> <span class='ocrx_word' id='word_1_306' title='bbox 2982 1514 3232 1569; x_wconf 80' lang='lat' dir='ltr'><strong>debitum</strong></span> <span class='ocrx_word' id='word_1_307' title='bbox 3283 1515 3570 1584; x_wconf 80' lang='lat' dir='ltr'><strong>persolvit.</strong></span> 
     </span>
    </p>
   </div>
   <div class='ocr_carea' id='block_1_45' title="bbox 2001 1608 3573 1678">
    <p class='ocr_par' dir='ltr' id='par_1_45' title="bbox 2001 1608 3573 1678">
     <span class='ocr_line' id='line_1_45' title="bbox 2001 1608 3573 1678; baseline -0.001 -13"><span class='ocrx_word' id='word_1_308' title='bbox 2001 1611 2081 1665; x_wconf 89' lang='lat' dir='ltr'><strong>lbi</strong></span> <span class='ocrx_word' id='word_1_309' title='bbox 2122 1610 2189 1665; x_wconf 89' lang='lat' dir='ltr'><strong>de</strong></span> <span class='ocrx_word' id='word_1_310' title='bbox 2230 1610 2335 1664; x_wconf 92' lang='lat' dir='ltr'><strong>hoc</strong></span> <span class='ocrx_word' id='word_1_311' title='bbox 2383 1608 2517 1663; x_wconf 90' lang='lat' dir='ltr'><strong>oriri</strong></span> <span class='ocrx_word' id='word_1_312' title='bbox 2575 1609 2946 1664; x_wconf 79' lang='lat' dir='ltr'><strong>dissensiones</strong></span> <span class='ocrx_word' id='word_1_313' title='bbox 2977 1619 3287 1678; x_wconf 73' lang='lat' dir='ltr'><strong>cmperunt,</strong></span> <span class='ocrx_word' id='word_1_314' title='bbox 3331 1625 3573 1678; x_wconf 76' lang='lat' dir='ltr'><strong>quonaru</strong></span> 
     </span>
    </p>
   </div>
   <div class='ocr_carea' id='block_1_46' title="bbox 1935 1700 3572 1790">
    <p class='ocr_par' dir='ltr' id='par_1_46' title="bbox 1935 1700 3572 1790">
     <span class='ocr_line' id='line_1_46' title="bbox 1935 1700 3572 1790; baseline 0 -34"><span class='ocrx_word' id='word_1_315' title='bbox 1935 1735 1975 1790; x_wconf 70' lang='grc' dir='ltr'><strong>Β</strong></span> <span class='ocrx_word' id='word_1_316' title='bbox 2005 1701 2331 1756; x_wconf 89' lang='lat' dir='ltr'><strong>referendus</strong></span> <span class='ocrx_word' id='word_1_317' title='bbox 2356 1710 2527 1755; x_wconf 88' lang='lat' dir='ltr'><strong>esset.</strong></span> <span class='ocrx_word' id='word_1_318' title='bbox 2565 1700 2776 1769; x_wconf 87' lang='lat' dir='ltr'><strong>Quippe</strong></span> <span class='ocrx_word' id='word_1_319' title='bbox 2808 1701 3059 1755; x_wconf 91' lang='lat' dir='ltr'><strong>nonnulli</strong></span> <span class='ocrx_word' id='word_1_320' title='bbox 3103 1701 3328 1756; x_wconf 85' lang='lat' dir='ltr'><strong>aiebant</strong></span> <span class='ocrx_word' id='word_1_321' title='bbox 3366 1702 3572 1757; x_wconf 66' lang='lat' dir='ltr'><strong>benefio</strong></span> 
     </span>
    </p>
   </div>
   <div class='ocr_carea' id='block_1_47' title="bbox 2005 1791 3575 1861">
    <p class='ocr_par' dir='ltr' id='par_1_47' title="bbox 2005 1791 3575 1861">
     <span class='ocr_line' id='line_1_47' title="bbox 2005 1791 3575 1861; baseline 0.001 -15"><span class='ocrx_word' id='word_1_322' title='bbox 2005 1793 2243 1847; x_wconf 89' lang='lat' dir='ltr'><strong>centiam</strong></span> <span class='ocrx_word' id='word_1_323' title='bbox 2280 1792 2443 1861; x_wconf 76' lang='lat'><strong>282</strong></span> <span class='ocrx_word' id='word_1_324' title='bbox 2492 1791 2546 1843; x_wconf 91' lang='lat' dir='ltr'><strong>in</strong></span> <span class='ocrx_word' id='word_1_325' title='bbox 2584 1806 2861 1860; x_wconf 89' lang='lat' dir='ltr'><strong>pauperes</strong></span> <span class='ocrx_word' id='word_1_326' title='bbox 2912 1801 3192 1861; x_wconf 83' lang='lat' dir='ltr'><strong>expertem</strong></span> <span class='ocrx_word' id='word_1_327' title='bbox 3250 1792 3388 1846; x_wconf 84' lang='lat' dir='ltr'><strong>labis</strong></span> <span class='ocrx_word' id='word_1_328' title='bbox 3435 1801 3493 1847; x_wconf 90' lang='lat' dir='ltr'><strong>et</strong></span> <span class='ocrx_word' id='word_1_329' title='bbox 3544 1811 3575 1848; x_wconf 86' lang='lat' dir='ltr'><strong>a</strong></span> 
     </span>
    </p>
   </div>
   <div class='ocr_carea' id='block_1_48' title="bbox 2002 1868 3571 1953">
    <p class='ocr_par' dir='ltr' id='par_1_48' title="bbox 2002 1868 3571 1953">
     <span class='ocr_line' id='line_1_48' title="bbox 2002 1868 3571 1953; baseline -0.001 -15"><span class='ocrx_word' id='word_1_330' title='bbox 2002 1884 2154 1940; x_wconf 78' lang='lat' dir='ltr'><strong>vitiis</strong></span> <span class='ocrx_word' id='word_1_331' title='bbox 2179 1868 2495 1938; x_wconf 52' lang='lat' dir='ltr'><strong>&#39;immunem</strong></span> <span class='ocrx_word' id='word_1_332' title='bbox 2529 1898 2651 1949; x_wconf 78' lang='lat' dir='ltr'><strong>esse</strong></span> <span class='ocrx_word' id='word_1_333' title='bbox 2697 1883 2922 1938; x_wconf 89' lang='lat' dir='ltr'><strong>debere.</strong></span> <span class='ocrx_word' id='word_1_334' title='bbox 2972 1884 3075 1938; x_wconf 81' lang='lat' dir='ltr'><strong>Alii</strong></span> <span class='ocrx_word' id='word_1_335' title='bbox 3128 1892 3320 1938; x_wconf 90' lang='lat' dir='ltr'><strong>contra</strong></span> <span class='ocrx_word' id='word_1_336' title='bbox 3351 1887 3571 1953; x_wconf 84' lang='lat' dir='ltr'><strong>purgari</strong></span> 
     </span>
    </p>
   </div>
   <div class='ocr_carea' id='block_1_49' title="bbox 2002 1974 3577 2045">
    <p class='ocr_par' dir='ltr' id='par_1_49' title="bbox 2002 1974 3577 2045">
     <span class='ocr_line' id='line_1_49' title="bbox 2002 1974 3577 2045; baseline -0.001 -15"><span class='ocrx_word' id='word_1_337' title='bbox 2002 1985 2059 2030; x_wconf 88' lang='lat' dir='ltr'><strong>et</strong></span> <span class='ocrx_word' id='word_1_338' title='bbox 2087 1977 2299 2045; x_wconf 80' lang='lat' dir='ltr'><strong>expiari</strong></span> <span class='ocrx_word' id='word_1_339' title='bbox 2344 1974 2546 2030; x_wconf 89' lang='lat' dir='ltr'><strong>delicta</strong></span> <span class='ocrx_word' id='word_1_340' title='bbox 2573 1990 2670 2044; x_wconf 84' lang='lat' dir='ltr'><strong>per</strong></span> <span class='ocrx_word' id='word_1_341' title='bbox 2701 1975 2845 2029; x_wconf 89' lang='lat' dir='ltr'><strong>hanc</strong></span> <span class='ocrx_word' id='word_1_342' title='bbox 2888 1975 3309 2030; x_wconf 83' lang='lat' dir='ltr'><strong>beneficentiam</strong></span> <span class='ocrx_word' id='word_1_343' title='bbox 3360 1990 3577 2031; x_wconf 76' lang='lat' dir='ltr'><strong>asserc-</strong></span> 
     </span>
    </p>
   </div>
   <div class='ocr_carea' id='block_1_50' title="bbox 2003 2066 3576 2136">
    <p class='ocr_par' dir='ltr' id='par_1_50' title="bbox 2003 2066 3576 2136">
     <span class='ocr_line' id='line_1_50' title="bbox 2003 2066 3576 2136; baseline -0.001 -14"><span class='ocrx_word' id='word_1_344' title='bbox 2003 2068 2156 2123; x_wconf 88' lang='lat' dir='ltr'><strong>bant.</strong></span> <span class='ocrx_word' id='word_1_345' title='bbox 2176 2067 2357 2133; x_wconf 85' lang='lat' dir='ltr'><strong>Quare</strong></span> <span class='ocrx_word' id='word_1_346' title='bbox 2380 2082 2504 2120; x_wconf 90' lang='lat' dir='ltr'><strong>cum</strong></span> <span class='ocrx_word' id='word_1_347' title='bbox 2528 2067 2672 2120; x_wconf 88' lang='lat' dir='ltr'><strong>banc</strong></span> <span class='ocrx_word' id='word_1_348' title='bbox 2691 2066 2762 2121; x_wconf 92' lang='lat' dir='ltr'><strong>ob</strong></span> <span class='ocrx_word' id='word_1_349' title='bbox 2789 2081 3008 2120; x_wconf 91' lang='lat' dir='ltr'><strong>causam</strong></span> <span class='ocrx_word' id='word_1_350' title='bbox 3037 2067 3319 2121; x_wconf 85' lang='lat' dir='ltr'><strong>Romanus</strong></span> <span class='ocrx_word' id='word_1_351' title='bbox 3344 2068 3576 2136; x_wconf 89' lang='lat' dir='ltr'><strong>patriar-</strong></span> 
     </span>
    </p>
   </div>
   <div class='ocr_carea' id='block_1_51' title="bbox 2003 2155 3574 2226">
    <p class='ocr_par' dir='ltr' id='par_1_51' title="bbox 2003 2155 3574 2226">
     <span class='ocr_line' id='line_1_51' title="bbox 2003 2155 3574 2226; baseline -0.001 -16"><span class='ocrx_word' id='word_1_352' title='bbox 2003 2157 2104 2210; x_wconf 90' lang='lat' dir='ltr'><strong>cba</strong></span> <span class='ocrx_word' id='word_1_353' title='bbox 2127 2164 2185 2210; x_wconf 90' lang='lat' dir='ltr'><strong>et</strong></span> <span class='ocrx_word' id='word_1_354' title='bbox 2215 2155 2456 2224; x_wconf 82' lang='lat' dir='ltr'><strong>religiosi</strong></span> <span class='ocrx_word' id='word_1_355' title='bbox 2494 2156 2771 2210; x_wconf 86' lang='lat' dir='ltr'><strong>antistites</strong></span> <span class='ocrx_word' id='word_1_356' title='bbox 2818 2156 2989 2210; x_wconf 91' lang='lat' dir='ltr'><strong>Deum</strong></span> <span class='ocrx_word' id='word_1_357' title='bbox 3045 2166 3325 2226; x_wconf 79' lang='lat' dir='ltr'><strong>rogarent,</strong></span> <span class='ocrx_word' id='word_1_358' title='bbox 3358 2157 3574 2211; x_wconf 86' lang='lat' dir='ltr'><strong>tandem</strong></span> 
     </span>
    </p>
   </div>
   <div class='ocr_carea' id='block_1_52' title="bbox 2007 2246 3580 2318">
    <p class='ocr_par' dir='ltr' id='par_1_52' title="bbox 2007 2246 3580 2318">
     <span class='ocr_line' id='line_1_52' title="bbox 2007 2246 3580 2318; baseline -0.001 -17"><span class='ocrx_word' id='word_1_359' title='bbox 2007 2247 2301 2318; x_wconf 85' lang='lat' dir='ltr'><strong>patefactio</strong></span> <span class='ocrx_word' id='word_1_360' title='bbox 2332 2247 2580 2315; x_wconf 56' lang='lat' dir='ltr'><strong>quasdam</strong></span> <span class='ocrx_word' id='word_1_361' title='bbox 2606 2247 2725 2302; x_wconf 88' lang='lat' dir='ltr'><strong>viro</strong></span> <span class='ocrx_word' id='word_1_362' title='bbox 2754 2246 2810 2300; x_wconf 90' lang='lat' dir='ltr'><strong>in</strong></span> <span class='ocrx_word' id='word_1_363' title='bbox 2842 2246 3197 2302; x_wconf 81' lang='lat' dir='ltr'><strong>solitudinem</strong></span> <span class='ocrx_word' id='word_1_364' title='bbox 3234 2246 3421 2301; x_wconf 89' lang='lat' dir='ltr'><strong>abdito</strong></span> <span class='ocrx_word' id='word_1_365' title='bbox 3448 2264 3580 2302; x_wconf 86' lang='lat' dir='ltr'><strong>con-</strong></span> 
     </span>
    </p>
   </div>
   <div class='ocr_carea' id='block_1_53' title="bbox 2006 2337 3579 2410">
    <p class='ocr_par' dir='ltr' id='par_1_53' title="bbox 2006 2337 3579 2410">
     <span class='ocr_line' id='line_1_53' title="bbox 2006 2337 3579 2410; baseline -0.003 -16"><span class='ocrx_word' id='word_1_366' title='bbox 2006 2340 2146 2410; x_wconf 86' lang='lat' dir='ltr'><strong>tigit.</strong></span> <span class='ocrx_word' id='word_1_367' title='bbox 2185 2339 2398 2393; x_wconf 87' lang='lat' dir='ltr'><strong>Etenim</strong></span> <span class='ocrx_word' id='word_1_368' title='bbox 2432 2337 2654 2393; x_wconf 81' lang='lat' dir='ltr'><strong>videbat</strong></span> <span class='ocrx_word' id='word_1_369' title='bbox 2688 2340 2758 2393; x_wconf 93' lang='lat' dir='ltr'><strong>ab</strong></span> <span class='ocrx_word' id='word_1_370' title='bbox 2791 2353 2898 2392; x_wconf 90' lang='lat' dir='ltr'><strong>una</strong></span> <span class='ocrx_word' id='word_1_371' title='bbox 2946 2346 3101 2406; x_wconf 88' lang='lat' dir='ltr'><strong>parte</strong></span> <span class='ocrx_word' id='word_1_372' title='bbox 3142 2338 3477 2406; x_wconf 86' lang='lat' dir='ltr'><strong>paradisum,</strong></span> <span class='ocrx_word' id='word_1_373' title='bbox 3509 2340 3579 2391; x_wconf 89' lang='lat' dir='ltr'><strong>ab</strong></span> 
     </span>
    </p>
   </div>
   <div class='ocr_carea' id='block_1_54' title="bbox 2008 2430 3581 2501">
    <p class='ocr_par' dir='ltr' id='par_1_54' title="bbox 2008 2430 3581 2501">
     <span class='ocr_line' id='line_1_54' title="bbox 2008 2430 3581 2501; baseline -0.001 -16"><span class='ocrx_word' id='word_1_374' title='bbox 2008 2432 2179 2485; x_wconf 87' lang='lat' dir='ltr'><strong>altera</strong></span> <span class='ocrx_word' id='word_1_375' title='bbox 2210 2430 2482 2485; x_wconf 85' lang='lat' dir='ltr'><strong>ﬂammam</strong></span> <span class='ocrx_word' id='word_1_376' title='bbox 2514 2430 2655 2501; x_wconf 81' lang='lat' dir='ltr'><strong>ignis</strong></span> <span class='ocrx_word' id='word_1_377' title='bbox 2685 2430 3000 2493; x_wconf 74' lang='lat' dir='ltr'><strong>maximam,</strong></span> <span class='ocrx_word' id='word_1_378' title='bbox 3030 2430 3084 2483; x_wconf 90' lang='lat' dir='ltr'><strong>in</strong></span> <span class='ocrx_word' id='word_1_379' title='bbox 3128 2431 3310 2485; x_wconf 91' lang='lat' dir='ltr'><strong>medio</strong></span> <span class='ocrx_word' id='word_1_380' title='bbox 3341 2440 3581 2485; x_wconf 84' lang='lat' dir='ltr'><strong>stantem</strong></span> 
     </span>
    </p>
   </div>
   <div class='ocr_carea' id='block_1_55' title="bbox 2006 2521 3578 2592">
    <p class='ocr_par' dir='ltr' id='par_1_55' title="bbox 2006 2521 3578 2592">
     <span class='ocr_line' id='line_1_55' title="bbox 2006 2521 3578 2592; baseline 0.001 -16"><span class='ocrx_word' id='word_1_381' title='bbox 2006 2536 2072 2576; x_wconf 91' lang='lat' dir='ltr'><strong>ac</strong></span> <span class='ocrx_word' id='word_1_382' title='bbox 2100 2521 2260 2577; x_wconf 83' lang='lat' dir='ltr'><strong>valde</strong></span> <span class='ocrx_word' id='word_1_383' title='bbox 2292 2522 2737 2592; x_wconf 85' lang='lat' dir='ltr'><strong>ingemiscentem</strong></span> <span class='ocrx_word' id='word_1_384' title='bbox 2763 2538 2889 2576; x_wconf 91' lang='lat' dir='ltr'><strong>eum</strong></span> <span class='ocrx_word' id='word_1_385' title='bbox 2925 2523 3018 2591; x_wconf 90' lang='lat' dir='ltr'><strong>qui</strong></span> <span class='ocrx_word' id='word_1_386' title='bbox 3050 2523 3218 2576; x_wconf 89' lang='lat' dir='ltr'><strong>vitam</strong></span> <span class='ocrx_word' id='word_1_387' title='bbox 3255 2522 3578 2590; x_wconf 86' lang='lat' dir='ltr'><strong>reliquera&#39;.</strong></span> 
     </span>
    </p>
   </div>
   <div class='ocr_carea' id='block_1_56' title="bbox 2009 2612 3581 2685">
    <p class='ocr_par' dir='ltr' id='par_1_56' title="bbox 2009 2612 3581 2685">
     <span class='ocr_line' id='line_1_56' title="bbox 2009 2612 3581 2685; baseline -0.002 -18"><span class='ocrx_word' id='word_1_388' title='bbox 2009 2615 2154 2670; x_wconf 84' lang='lat' dir='ltr'><strong>Hinc</strong></span> <span class='ocrx_word' id='word_1_389' title='bbox 2178 2613 2435 2685; x_wconf 89' lang='lat' dir='ltr'><strong>angelum</strong></span> <span class='ocrx_word' id='word_1_390' title='bbox 2472 2612 2851 2678; x_wconf 86' lang='lat' dir='ltr'><strong>accedentem,</strong></span> <span class='ocrx_word' id='word_1_391' title='bbox 2884 2615 2977 2683; x_wconf 90' lang='lat' dir='ltr'><strong>qui</strong></span> <span class='ocrx_word' id='word_1_392' title='bbox 3012 2614 3212 2668; x_wconf 87' lang='lat' dir='ltr'><strong>talibus</strong></span> <span class='ocrx_word' id='word_1_393' title='bbox 3242 2613 3419 2680; x_wconf 87' lang='lat' dir='ltr'><strong>ipsum</strong></span> <span class='ocrx_word' id='word_1_394' title='bbox 3456 2628 3581 2666; x_wconf 88' lang='lat' dir='ltr'><strong>ver-</strong></span> 
     </span>
    </p>
   </div>
   <div class='ocr_carea' id='block_1_57' title="bbox 2009 2703 3584 2776">
    <p class='ocr_par' dir='ltr' id='par_1_57' title="bbox 2009 2703 3584 2776">
     <span class='ocr_line' id='line_1_57' title="bbox 2009 2703 3584 2776; baseline -0.002 -14"><span class='ocrx_word' id='word_1_395' title='bbox 2009 2706 2094 2762; x_wconf 90' lang='lat' dir='ltr'><strong>bis</strong></span> <span class='ocrx_word' id='word_1_396' title='bbox 2143 2707 2573 2776; x_wconf 89' lang='lat' dir='ltr'><strong>alloqueretur:</strong></span> <span class='ocrx_word' id='word_1_397' title='bbox 2629 2724 2648 2758; x_wconf 85' lang='grc' dir='ltr'><strong>ι</strong></span> <span class='ocrx_word' id='word_1_398' title='bbox 2705 2705 2817 2761; x_wconf 91' lang='lat' dir='ltr'><strong>Cur</strong></span> <span class='ocrx_word' id='word_1_399' title='bbox 2868 2712 3157 2773; x_wconf 87' lang='lat' dir='ltr'><strong>tantopere</strong></span> <span class='ocrx_word' id='word_1_400' title='bbox 3220 2703 3584 2775; x_wconf 75' lang='lat' dir='ltr'><strong>ingemiscis?</strong></span> 
     </span>
    </p>
   </div>
   <div class='ocr_carea' id='block_1_58' title="bbox 2006 2796 3551 2867">
    <p class='ocr_par' dir='ltr' id='par_1_58' title="bbox 2006 2796 3551 2867">
     <span class='ocr_line' id='line_1_58' title="bbox 2006 2796 3551 2867; baseline -0.003 -13"><span class='ocrx_word' id='word_1_401' title='bbox 2006 2798 2371 2854; x_wconf 80' lang='lat' dir='ltr'><strong>beneficentia</strong></span> <span class='ocrx_word' id='word_1_402' title='bbox 2406 2797 2459 2851; x_wconf 91' lang='lat' dir='ltr'><strong>in</strong></span> <span class='ocrx_word' id='word_1_403' title='bbox 2491 2813 2761 2867; x_wconf 88' lang='lat' dir='ltr'><strong>pauperes</strong></span> <span class='ocrx_word' id='word_1_404' title='bbox 2788 2807 2878 2852; x_wconf 89' lang='lat' dir='ltr'><strong>tua</strong></span> <span class='ocrx_word' id='word_1_405' title='bbox 2909 2805 2960 2851; x_wconf 90' lang='lat' dir='ltr'><strong>te</strong></span> <span class='ocrx_word' id='word_1_406' title='bbox 2988 2796 3226 2851; x_wconf 84' lang='lat' dir='ltr'><strong>ﬂammis</strong></span> <span class='ocrx_word' id='word_1_407' title='bbox 3254 2796 3407 2851; x_wconf 87' lang='lat' dir='ltr'><strong>hisce</strong></span> <span class='ocrx_word' id='word_1_408' title='bbox 3440 2796 3551 2850; x_wconf 89' lang='lat' dir='ltr'><strong>Iibe</strong></span> 
     </span>
    </p>
   </div>
   <div class='ocr_carea' id='block_1_59' title="bbox 2012 2887 3581 2959">
    <p class='ocr_par' dir='ltr' id='par_1_59' title="bbox 2012 2887 3581 2959">
     <span class='ocr_line' id='line_1_59' title="bbox 2012 2887 3581 2959; baseline -0.003 -16"><span class='ocrx_word' id='word_1_409' title='bbox 2012 2890 2173 2944; x_wconf 89' lang='lat' dir='ltr'><strong>ravit.</strong></span> <span class='ocrx_word' id='word_1_410' title='bbox 2212 2909 2230 2942; x_wconf 74' lang='grc' dir='ltr'><strong>ι</strong></span> <span class='ocrx_word' id='word_1_411' title='bbox 2275 2888 2353 2944; x_wconf 90' lang='lat' dir='ltr'><strong>De</strong></span> <span class='ocrx_word' id='word_1_412' title='bbox 2381 2904 2493 2959; x_wconf 91' lang='lat' dir='ltr'><strong>quo</strong></span> <span class='ocrx_word' id='word_1_413' title='bbox 2521 2889 2774 2959; x_wconf 81' lang='lat' dir='ltr'><strong>exemplo</strong></span> <span class='ocrx_word' id='word_1_414' title='bbox 2802 2887 3071 2942; x_wconf 90' lang='lat' dir='ltr'><strong>discimus</strong></span> <span class='ocrx_word' id='word_1_415' title='bbox 3096 2889 3385 2956; x_wconf 85' lang='lat' dir='ltr'><strong>pecuniam</strong></span> <span class='ocrx_word' id='word_1_416' title='bbox 3416 2903 3581 2941; x_wconf 85' lang='lat' dir='ltr'><strong>manu</strong></span> 
     </span>
    </p>
   </div>
   <div class='ocr_carea' id='block_1_60' title="bbox 2016 2979 3585 3051">
    <p class='ocr_par' dir='ltr' id='par_1_60' title="bbox 2016 2979 3585 3051">
     <span class='ocr_line' id='line_1_60' title="bbox 2016 2979 3585 3051; baseline -0.003 -15"><span class='ocrx_word' id='word_1_417' title='bbox 2016 2981 2304 3051; x_wconf 88' lang='lat' dir='ltr'><strong>inquinata</strong></span> <span class='ocrx_word' id='word_1_418' title='bbox 2345 2982 2720 3050; x_wconf 87' lang='lat' dir='ltr'><strong>sordenteque</strong></span> <span class='ocrx_word' id='word_1_419' title='bbox 2758 2979 3016 3033; x_wconf 85' lang='lat' dir='ltr'><strong>donatam</strong></span> <span class='ocrx_word' id='word_1_420' title='bbox 3067 2994 3178 3033; x_wconf 90' lang='lat' dir='ltr'><strong>non</strong></span> <span class='ocrx_word' id='word_1_421' title='bbox 3234 2994 3411 3047; x_wconf 90' lang='lat' dir='ltr'><strong>usque</strong></span> <span class='ocrx_word' id='word_1_422' title='bbox 3445 2980 3585 3032; x_wconf 86' lang='lat' dir='ltr'><strong>adeo</strong></span> 
     </span>
    </p>
   </div>
   <div class='ocr_carea' id='block_1_61' title="bbox 344 3064 1908 3149">
    <p class='ocr_par' dir='ltr' id='par_1_61' title="bbox 344 3064 1908 3149">
     <span class='ocr_line' id='line_1_61' title="bbox 344 3064 1908 3149; baseline 0.013 -33"><span class='ocrx_word' id='word_1_423' title='bbox 344 3064 375 3132; x_wconf 78' lang='grc' dir='ltr'><strong>ἡ</strong></span> <span class='ocrx_word' id='word_1_424' title='bbox 412 3066 561 3130; x_wconf 76' lang='grc' dir='ltr'>δεξιὰ</span> <span class='ocrx_word' id='word_1_425' title='bbox 587 3069 797 3122; x_wconf 78' lang='grc' dir='ltr'>ἐκείνου</span> <span class='ocrx_word' id='word_1_426' title='bbox 826 3072 1049 3140; x_wconf 79' lang='grc' dir='ltr'>ποιῆσαί</span> <span class='ocrx_word' id='word_1_427' title='bbox 1085 3091 1152 3144; x_wconf 89' lang='grc' dir='ltr'><strong>με</strong></span> <span class='ocrx_word' id='word_1_428' title='bbox 1182 3076 1357 3138; x_wconf 79' lang='grc' dir='ltr'>οὕτως</span> <span class='ocrx_word' id='word_1_429' title='bbox 1398 3079 1500 3132; x_wconf 82' lang='grc' dir='ltr'><strong>οὐκ</strong></span> <span class='ocrx_word' id='word_1_430' title='bbox 1542 3079 1761 3149; x_wconf 74' lang='grc' dir='ltr'>ἀφίησι.</span> <span class='ocrx_word' id='word_1_431' title='bbox 1793 3100 1810 3134; x_wconf 73' lang='grc' dir='ltr'><strong>ι</strong></span> <span class='ocrx_word' id='word_1_432' title='bbox 1848 3082 1908 3135; x_wconf 88' lang='lat'><strong>&#39;0</strong></span> 
     </span>
    </p>
   </div>
   <div class='ocr_carea' id='block_1_62' title="bbox 2007 3064 3585 3149">
    <p class='ocr_par' dir='ltr' id='par_1_62' title="bbox 2014 3069 3585 3143">
     <span class='ocr_line' id='line_1_62' title="bbox 2014 3069 3585 3143; baseline -0.004 -14"><span class='ocrx_word' id='word_1_433' title='bbox 2014 3074 2376 3143; x_wconf 83' lang='lat' dir='ltr'><strong>largientibus</strong></span> <span class='ocrx_word' id='word_1_434' title='bbox 2430 3072 2800 3143; x_wconf 77' lang='lat' dir='ltr'><strong>profuturam,</strong></span> <span class='ocrx_word' id='word_1_435' title='bbox 2833 3082 2894 3129; x_wconf 88' lang='lat' dir='ltr'><strong>ut</strong></span> <span class='ocrx_word' id='word_1_436' title='bbox 2944 3069 3198 3124; x_wconf 80' lang='lat' dir='ltr'><strong>nonnulli</strong></span> <span class='ocrx_word' id='word_1_437' title='bbox 3237 3069 3585 3135; x_wconf 65' lang='lat' dir='ltr'><strong>existimant,</strong></span> 
     </span>
    </p>
   </div>
   <div class='ocr_carea' id='block_1_63' title="bbox 341 3154 1908 3237">
    <p class='ocr_par' dir='ltr' id='par_1_63' title="bbox 341 3154 1908 3237">
     <span class='ocr_line' id='line_1_63' title="bbox 341 3154 1908 3237; baseline 0.01 -31"><span class='ocrx_word' id='word_1_438' title='bbox 341 3154 396 3206; x_wconf 78' lang='grc' dir='ltr'>δὲ</span> <span class='ocrx_word' id='word_1_439' title='bbox 437 3155 701 3224; x_wconf 83' lang='grc' dir='ltr'>Θεολόγος</span> <span class='ocrx_word' id='word_1_440' title='bbox 745 3159 1047 3231; x_wconf 85' lang='grc' dir='ltr'>Γρηγόριος</span> <span class='ocrx_word' id='word_1_441' title='bbox 1092 3162 1231 3233; x_wconf 75' lang='grc' dir='ltr'>πρὸς</span> <span class='ocrx_word' id='word_1_442' title='bbox 1260 3164 1550 3234; x_wconf 75' lang='grc' dir='ltr'>ἀκρίϐειαν</span> <span class='ocrx_word' id='word_1_443' title='bbox 1598 3168 1908 3237; x_wconf 86' lang='grc' dir='ltr'>νομοθετῶν</span> 
     </span>
    </p>
   </div>
   <div class='ocr_carea' id='block_1_64' title="bbox 2007 3154 3590 3237">
    <p class='ocr_par' dir='ltr' id='par_1_64' title="bbox 2012 3161 3590 3235">
     <span class='ocr_line' id='line_1_64' title="bbox 2012 3161 3590 3235; baseline -0.005 -13"><span class='ocrx_word' id='word_1_444' title='bbox 2012 3167 2207 3222; x_wconf 91' lang='lat' dir='ltr'><strong>ltidem</strong></span> <span class='ocrx_word' id='word_1_445' title='bbox 2253 3165 2568 3235; x_wconf 86' lang='lat' dir='ltr'><strong>accepimus</strong></span> <span class='ocrx_word' id='word_1_446' title='bbox 2612 3165 2890 3219; x_wconf 82' lang='lat' dir='ltr'><strong>Zenonem</strong></span> <span class='ocrx_word' id='word_1_447' title='bbox 2952 3163 3341 3233; x_wconf 82' lang='lat' dir='ltr'><strong>imperatorem</strong></span> <span class='ocrx_word' id='word_1_448' title='bbox 3381 3161 3590 3230; x_wconf 71' lang='lat' dir='ltr'><strong>virgini.</strong></span> 
     </span>
    </p>
   </div>
   <div class='ocr_carea' id='block_1_65' title="bbox 342 3244 1908 3327">
    <p class='ocr_par' dir='ltr' id='par_1_65' title="bbox 342 3244 1908 3327">
     <span class='ocr_line' id='line_1_65' title="bbox 342 3244 1908 3327; baseline 0.01 -30"><span class='ocrx_word' id='word_1_449' title='bbox 342 3244 514 3307; x_wconf 79' lang='grc' dir='ltr'>οὕτως</span> <span class='ocrx_word' id='word_1_450' title='bbox 542 3246 773 3318; x_wconf 75' lang='grc' dir='ltr'>εὕρηται</span> <span class='ocrx_word' id='word_1_451' title='bbox 800 3250 974 3320; x_wconf 85' lang='grc' dir='ltr'>λέγων</span> <span class='ocrx_word' id='word_1_452' title='bbox 992 3267 1007 3283; x_wconf 89' lang='grc'><strong>·</strong></span> <span class='ocrx_word' id='word_1_453' title='bbox 1057 3270 1076 3302; x_wconf 84' lang='grc' dir='ltr'><strong>ι</strong></span> <span class='ocrx_word' id='word_1_454' title='bbox 1114 3252 1388 3324; x_wconf 78' lang='grc' dir='ltr'>Μισθωμα</span> <span class='ocrx_word' id='word_1_455' title='bbox 1416 3256 1617 3327; x_wconf 85' lang='grc' dir='ltr'>πόρνης</span> <span class='ocrx_word' id='word_1_456' title='bbox 1646 3259 1816 3327; x_wconf 78' lang='grc' dir='ltr'>ἁγνὸς</span> <span class='ocrx_word' id='word_1_457' title='bbox 1844 3260 1908 3317; x_wconf 77' lang='grc' dir='ltr'>οὐ</span> 
     </span>
    </p>
   </div>
   <div class='ocr_carea' id='block_1_66' title="bbox 2007 3244 3585 3327">
    <p class='ocr_par' dir='ltr' id='par_1_66' title="bbox 2012 3255 3585 3327">
     <span class='ocr_line' id='line_1_66' title="bbox 2012 3255 3585 3327; baseline -0.004 -14"><span class='ocrx_word' id='word_1_458' title='bbox 2012 3260 2233 3314; x_wconf 90' lang='lat' dir='ltr'><strong>cuidam</strong></span> <span class='ocrx_word' id='word_1_459' title='bbox 2272 3258 2469 3313; x_wconf 87' lang='lat' dir='ltr'><strong>vitium</strong></span> <span class='ocrx_word' id='word_1_460' title='bbox 2499 3258 2806 3322; x_wconf 86' lang='lat' dir='ltr'><strong>obtulisse;</strong></span> <span class='ocrx_word' id='word_1_461' title='bbox 2839 3257 2998 3327; x_wconf 85' lang='lat' dir='ltr'><strong>cujus</strong></span> <span class='ocrx_word' id='word_1_462' title='bbox 3044 3263 3220 3310; x_wconf 88' lang='lat' dir='ltr'><strong>mater</strong></span> <span class='ocrx_word' id='word_1_463' title='bbox 3264 3255 3457 3324; x_wconf 85' lang='lat' dir='ltr'><strong>iniquo</strong></span> <span class='ocrx_word' id='word_1_464' title='bbox 3492 3268 3585 3307; x_wconf 84' lang='lat' dir='ltr'><strong>ca-</strong></span> 
     </span>
    </p>
   </div>
   <div class='ocr_carea' id='block_1_67' title="bbox 348 3337 1908 3415">
    <p class='ocr_par' dir='ltr' id='par_1_67' title="bbox 348 3337 804 3405">
     <span class='ocr_line' id='line_1_67' title="bbox 348 3337 804 3405; baseline 0.015 -18"><span class='ocrx_word' id='word_1_465' title='bbox 348 3337 650 3405; x_wconf 79' lang='grc' dir='ltr'>μερίζεται.</span> <span class='ocrx_word' id='word_1_466' title='bbox 685 3359 704 3393; x_wconf 78' lang='grc' dir='ltr'><strong>ι</strong></span> <span class='ocrx_word' id='word_1_467' title='bbox 798 3372 804 3378; x_wconf 92' lang='grc'><strong><em>-</em></strong></span> 
     </span>
    </p>
   </div>
   <div class='ocr_carea' id='block_1_68' title="bbox 2007 3337 3585 3415">
    <p class='ocr_par' dir='ltr' id='par_1_68' title="bbox 2012 3347 3585 3415">
     <span class='ocr_line' id='line_1_68' title="bbox 2012 3347 3585 3415; baseline -0.004 -10"><span class='ocrx_word' id='word_1_468' title='bbox 2012 3366 2134 3405; x_wconf 89' lang='lat' dir='ltr'><strong>sum</strong></span> <span class='ocrx_word' id='word_1_469' title='bbox 2179 3349 2327 3404; x_wconf 85' lang='lat' dir='ltr'><strong>hunc</strong></span> <span class='ocrx_word' id='word_1_470' title='bbox 2364 3350 2549 3404; x_wconf 87' lang='lat' dir='ltr'><strong>animo</strong></span> <span class='ocrx_word' id='word_1_471' title='bbox 2594 3347 2795 3413; x_wconf 86' lang='lat' dir='ltr'><strong>ferens,</strong></span> <span class='ocrx_word' id='word_1_472' title='bbox 2844 3348 3262 3403; x_wconf 88' lang='lat' dir='ltr'><strong>continentibus</strong></span> <span class='ocrx_word' id='word_1_473' title='bbox 3306 3354 3585 3415; x_wconf 75' lang='lat' dir='ltr'><strong>perpetua:</strong></span> 
     </span>
    </p>
   </div>
   <div class='ocr_carea' id='block_1_69' title="bbox 346 3429 3587 3510">
    <p class='ocr_par' dir='ltr' id='par_1_69' title="bbox 346 3429 3587 3510">
     <span class='ocr_line' id='line_1_69' title="bbox 346 3429 3587 3510; baseline 0.005 -28"><span class='ocrx_word' id='word_1_474' title='bbox 346 3429 418 3483; x_wconf 93' lang='lat' dir='ltr'><strong>illi</strong></span> <span class='ocrx_word' id='word_1_475' title='bbox 458 3431 808 3501; x_wconf 75' lang='lat' dir='ltr'><strong>Deiparaeque</strong></span> <span class='ocrx_word' id='word_1_476' title='bbox 835 3433 1045 3505; x_wconf 74' lang='lat' dir='ltr'><strong>Virgini</strong></span> <span class='ocrx_word' id='word_1_477' title='bbox 1083 3438 1341 3506; x_wconf 89' lang='lat' dir='ltr'><strong>precibus</strong></span> <span class='ocrx_word' id='word_1_478' title='bbox 1373 3440 1788 3510; x_wconf 83' lang='lat' dir='ltr'><strong>supplicaverit,</strong></span> <span class='ocrx_word' id='word_1_479' title='bbox 1842 3449 1904 3496; x_wconf 93' lang='lat' dir='ltr'><strong>ut</strong></span> <span class='ocrx_word' id='word_1_480' title='bbox 1937 3442 2150 3497; x_wconf 89' lang='lat' dir='ltr'><strong>facinus</strong></span> <span class='ocrx_word' id='word_1_481' title='bbox 2183 3443 2327 3496; x_wconf 90' lang='lat' dir='ltr'><strong>istuc</strong></span> <span class='ocrx_word' id='word_1_482' title='bbox 2384 3440 2718 3509; x_wconf 90' lang='lat' dir='ltr'><strong>impunitum</strong></span> <span class='ocrx_word' id='word_1_483' title='bbox 2757 3456 2864 3495; x_wconf 93' lang='lat' dir='ltr'><strong>non</strong></span> <span class='ocrx_word' id='word_1_484' title='bbox 2932 3441 3297 3509; x_wconf 79' lang='lat' dir='ltr'><strong>relinqueret.</strong></span> <span class='ocrx_word' id='word_1_485' title='bbox 3334 3439 3587 3497; x_wconf 86' lang='lat' dir='ltr'><strong>Tandem</strong></span> 
     </span>
    </p>
   </div>
   <div class='ocr_carea' id='block_1_70' title="bbox 345 3522 3584 3608">
    <p class='ocr_par' dir='ltr' id='par_1_70' title="bbox 345 3522 3584 3608">
     <span class='ocr_line' id='line_1_70' title="bbox 345 3522 3584 3608; baseline 0.004 -33"><span class='ocrx_word' id='word_1_486' title='bbox 345 3522 414 3576; x_wconf 89' lang='lat' dir='ltr'><strong>ab</strong></span> <span class='ocrx_word' id='word_1_487' title='bbox 436 3538 500 3577; x_wconf 88' lang='lat' dir='ltr'><strong>ea</strong></span> <span class='ocrx_word' id='word_1_488' title='bbox 540 3525 780 3581; x_wconf 84' lang='lat' dir='ltr'><strong>divinam</strong></span> <span class='ocrx_word' id='word_1_489' title='bbox 809 3530 1101 3598; x_wconf 87' lang='lat' dir='ltr'><strong>quamdam</strong></span> <span class='ocrx_word' id='word_1_490' title='bbox 1132 3548 1349 3602; x_wconf 84' lang='lat' dir='ltr'><strong>vocem,</strong></span> <span class='ocrx_word' id='word_1_491' title='bbox 1418 3535 1735 3606; x_wconf 72' lang='lat' dir='ltr'><strong>huiusmodi</strong></span> <span class='ocrx_word' id='word_1_492' title='bbox 1800 3536 1970 3592; x_wconf 83' lang='lat' dir='ltr'><strong>verba</strong></span> <span class='ocrx_word' id='word_1_493' title='bbox 2010 3537 2402 3607; x_wconf 89' lang='lat' dir='ltr'><strong>proferentem,</strong></span> <span class='ocrx_word' id='word_1_494' title='bbox 2428 3536 2672 3591; x_wconf 90' lang='lat' dir='ltr'><strong>auditam</strong></span> <span class='ocrx_word' id='word_1_495' title='bbox 2695 3551 2815 3593; x_wconf 88' lang='lat' dir='ltr'><strong>esse</strong></span> <span class='ocrx_word' id='word_1_496' title='bbox 2844 3551 2858 3588; x_wconf 88' lang='lat'><strong>:</strong></span> <span class='ocrx_word' id='word_1_497' title='bbox 2895 3554 2914 3588; x_wconf 86' lang='grc' dir='ltr'><strong>ι</strong></span> <span class='ocrx_word' id='word_1_498' title='bbox 2944 3537 3210 3608; x_wconf 88' lang='lat' dir='ltr'><strong>Cupimus</strong></span> <span class='ocrx_word' id='word_1_499' title='bbox 3234 3551 3335 3591; x_wconf 90' lang='lat' dir='ltr'><strong>nos</strong></span> <span class='ocrx_word' id='word_1_500' title='bbox 3360 3536 3584 3605; x_wconf 89' lang='lat' dir='ltr'><strong>quidem</strong></span> 
     </span>
    </p>
   </div>
   <div class='ocr_carea' id='block_1_71' title="bbox 349 3617 3583 3699">
    <p class='ocr_par' dir='ltr' id='par_1_71' title="bbox 349 3617 3583 3699">
     <span class='ocr_line' id='line_1_71' title="bbox 349 3617 3583 3699; baseline 0.004 -29"><span class='ocrx_word' id='word_1_501' title='bbox 349 3617 604 3684; x_wconf 71' lang='lat' dir='ltr'><strong>iniuriam</strong></span> <span class='ocrx_word' id='word_1_502' title='bbox 672 3620 768 3675; x_wconf 90' lang='lat' dir='ltr'><strong>tibi</strong></span> <span class='ocrx_word' id='word_1_503' title='bbox 810 3621 1006 3677; x_wconf 89' lang='lat' dir='ltr'><strong>factam</strong></span> <span class='ocrx_word' id='word_1_504' title='bbox 1072 3625 1286 3689; x_wconf 79' lang='lat' dir='ltr'><strong>ulcisci,</strong></span> <span class='ocrx_word' id='word_1_505' title='bbox 1346 3627 1570 3693; x_wconf 45' lang='lat' dir='ltr'><strong>mulier»,</strong></span> <span class='ocrx_word' id='word_1_506' title='bbox 1607 3642 1798 3682; x_wconf 84' lang='lat' dir='ltr'><strong>verum</strong></span> <span class='ocrx_word' id='word_1_507' title='bbox 1830 3628 2070 3684; x_wconf 85' lang='lat' dir='ltr'><strong>Zenonis</strong></span> <span class='ocrx_word' id='word_1_508' title='bbox 2102 3628 2294 3685; x_wconf 82' lang='lat' dir='ltr'><strong>dextra</strong></span> <span class='ocrx_word' id='word_1_509' title='bbox 2336 3645 2438 3685; x_wconf 91' lang='lat' dir='ltr'><strong>nos</strong></span> <span class='ocrx_word' id='word_1_510' title='bbox 2468 3628 2521 3682; x_wconf 91' lang='lat' dir='ltr'><strong>id</strong></span> <span class='ocrx_word' id='word_1_511' title='bbox 2593 3628 2779 3684; x_wconf 86' lang='lat' dir='ltr'><strong>facere</strong></span> <span class='ocrx_word' id='word_1_512' title='bbox 2809 3644 3155 3699; x_wconf 84' lang='lat' dir='ltr'><strong>nequaquam</strong></span> <span class='ocrx_word' id='word_1_513' title='bbox 3206 3628 3359 3683; x_wconf 90' lang='lat' dir='ltr'><strong>sinit.</strong></span> <span class='ocrx_word' id='word_1_514' title='bbox 3393 3647 3412 3680; x_wconf 76' lang='grc' dir='ltr'><strong>ι</strong></span> <span class='ocrx_word' id='word_1_515' title='bbox 3447 3628 3583 3684; x_wconf 88' lang='lat' dir='ltr'><strong>Gre-</strong></span> 
     </span>
    </p>
   </div>
   <div class='ocr_carea' id='block_1_72' title="bbox 346 3711 3586 3791">
    <p class='ocr_par' dir='ltr' id='par_1_72' title="bbox 346 3711 3586 3791">
     <span class='ocr_line' id='line_1_72' title="bbox 346 3711 3586 3791; baseline 0.006 -29"><span class='ocrx_word' id='word_1_516' title='bbox 346 3711 531 3779; x_wconf 87' lang='lat' dir='ltr'><strong>gorius</strong></span> <span class='ocrx_word' id='word_1_517' title='bbox 576 3721 779 3773; x_wconf 85' lang='lat' dir='ltr'><strong>autem.</strong></span> <span class='ocrx_word' id='word_1_518' title='bbox 822 3726 1187 3784; x_wconf 89' lang='lat' dir='ltr'><strong>cognomento</strong></span> <span class='ocrx_word' id='word_1_519' title='bbox 1242 3717 1589 3788; x_wconf 81' lang='lat' dir='ltr'><strong>Theologus,</strong></span> <span class='ocrx_word' id='word_1_520' title='bbox 1645 3730 1931 3776; x_wconf 87' lang='lat' dir='ltr'><strong>accuratas</strong></span> <span class='ocrx_word' id='word_1_521' title='bbox 1970 3713 2191 3791; x_wconf 87' lang='lat' dir='ltr'><strong>pietatis</strong></span> <span class='ocrx_word' id='word_1_522' title='bbox 2239 3722 2407 3791; x_wconf 81' lang='lat' dir='ltr'><strong>leges</strong></span> <span class='ocrx_word' id='word_1_523' title='bbox 2444 3720 2654 3783; x_wconf 89' lang='lat' dir='ltr'><strong>ferens,</strong></span> <span class='ocrx_word' id='word_1_524' title='bbox 2686 3721 2890 3777; x_wconf 90' lang='lat' dir='ltr'><strong>alicubi</strong></span> <span class='ocrx_word' id='word_1_525' title='bbox 2921 3721 3144 3779; x_wconf 74' lang='lat' dir='ltr'><strong>locutus</strong></span> <span class='ocrx_word' id='word_1_526' title='bbox 3170 3721 3226 3778; x_wconf 91' lang='lat' dir='ltr'><strong>in</strong></span> <span class='ocrx_word' id='word_1_527' title='bbox 3267 3722 3383 3778; x_wconf 67' lang='lat' dir='ltr'><strong>haec</strong></span> <span class='ocrx_word' id='word_1_528' title='bbox 3415 3722 3586 3781; x_wconf 81' lang='lat' dir='ltr'><strong>verba</strong></span> 
     </span>
    </p>
   </div>
   <div class='ocr_carea' id='block_1_73' title="bbox 348 3802 2761 3886">
    <p class='ocr_par' dir='ltr' id='par_1_73' title="bbox 348 3802 2761 3886">
     <span class='ocr_line' id='line_1_73' title="bbox 348 3802 2761 3886; baseline 0.004 -28"><span class='ocrx_word' id='word_1_529' title='bbox 348 3802 658 3872; x_wconf 67' lang='lat' dir='ltr'><strong>reperitur:</strong></span> <span class='ocrx_word' id='word_1_530' title='bbox 695 3823 713 3857; x_wconf 83' lang='grc' dir='ltr'><strong>ι</strong></span> <span class='ocrx_word' id='word_1_531' title='bbox 752 3805 918 3872; x_wconf 89' lang='lat' dir='ltr'><strong>Deus,</strong></span> <span class='ocrx_word' id='word_1_532' title='bbox 944 3807 1038 3877; x_wconf 90' lang='lat' dir='ltr'><strong>qui</strong></span> <span class='ocrx_word' id='word_1_533' title='bbox 1072 3824 1243 3877; x_wconf 87' lang='lat' dir='ltr'><strong>purus</strong></span> <span class='ocrx_word' id='word_1_534' title='bbox 1280 3818 1399 3876; x_wconf 88' lang='lat' dir='ltr'><strong>est,</strong></span> <span class='ocrx_word' id='word_1_535' title='bbox 1438 3826 1544 3866; x_wconf 90' lang='lat' dir='ltr'><strong>non</strong></span> <span class='ocrx_word' id='word_1_536' title='bbox 1586 3813 1705 3869; x_wconf 87' lang='lat' dir='ltr'><strong>vult</strong></span> <span class='ocrx_word' id='word_1_537' title='bbox 1735 3814 1903 3869; x_wconf 87' lang='lat' dir='ltr'><strong>scorti</strong></span> <span class='ocrx_word' id='word_1_538' title='bbox 1947 3816 2221 3871; x_wconf 82' lang='lat' dir='ltr'><strong>mercedis</strong></span> <span class='ocrx_word' id='word_1_539' title='bbox 2245 3815 2527 3886; x_wconf 87' lang='lat' dir='ltr'><strong>particeps</strong></span> <span class='ocrx_word' id='word_1_540' title='bbox 2559 3830 2703 3870; x_wconf 88' lang='lat' dir='ltr'><strong>esse.</strong></span> <span class='ocrx_word' id='word_1_541' title='bbox 2741 3833 2761 3867; x_wconf 73' lang='grc' dir='ltr'><strong>ι</strong></span> 
     </span>
    </p>
   </div>
   <div class='ocr_carea' id='block_1_74' title="bbox 428 3937 1908 4019">
    <p class='ocr_par' dir='ltr' id='par_1_74' title="bbox 428 3937 1908 4015">
     <span class='ocr_line' id='line_1_74' title="bbox 428 3937 1908 4015; baseline 0.007 -25"><span class='ocrx_word' id='word_1_542' title='bbox 428 3937 679 4006; x_wconf 81' lang='grc' dir='ltr'><strong>Ἐγένετο</strong></span> <span class='ocrx_word' id='word_1_543' title='bbox 720 3938 775 3993; x_wconf 79' lang='grc' dir='ltr'>δὲ</span> <span class='ocrx_word' id='word_1_544' title='bbox 811 3940 905 3992; x_wconf 77' lang='grc' dir='ltr'>καὶ</span> <span class='ocrx_word' id='word_1_545' title='bbox 949 3940 1008 3994; x_wconf 77' lang='grc' dir='ltr'>ἐν</span> <span class='ocrx_word' id='word_1_546' title='bbox 1036 3943 1101 4013; x_wconf 76' lang='grc' dir='ltr'>τῇ</span> <span class='ocrx_word' id='word_1_547' title='bbox 1136 3941 1321 4015; x_wconf 83' lang='grc' dir='ltr'><strong>Ῥώμῃ</strong></span> <span class='ocrx_word' id='word_1_548' title='bbox 1353 3944 1598 4001; x_wconf 86' lang='grc' dir='ltr'>τοιοῦτόν</span> <span class='ocrx_word' id='word_1_549' title='bbox 1626 3964 1701 4000; x_wconf 87' lang='grc' dir='ltr'>τι.</span> <span class='ocrx_word' id='word_1_550' title='bbox 1729 3948 1908 4001; x_wconf 73' lang='grc' dir='ltr'>Μονα-</span> 
     </span>
    </p>
   </div>
   <div class='ocr_carea' id='block_1_75' title="bbox 2007 3937 3588 4019">
    <p class='ocr_par' dir='ltr' id='par_1_75' title="bbox 2081 3947 3588 4019">
     <span class='ocr_line' id='line_1_75' title="bbox 2081 3947 3588 4019; baseline 0.003 -18"><span class='ocrx_word' id='word_1_551' title='bbox 2081 3947 2382 4003; x_wconf 88' lang='lat' dir='ltr'><strong>Perhibent</strong></span> <span class='ocrx_word' id='word_1_552' title='bbox 2402 3948 2566 4003; x_wconf 88' lang='lat' dir='ltr'><strong>etiam</strong></span> <span class='ocrx_word' id='word_1_553' title='bbox 2590 3948 2779 4004; x_wconf 80' lang='lat' dir='ltr'><strong>Roma:</strong></span> <span class='ocrx_word' id='word_1_554' title='bbox 2805 3947 3067 4017; x_wconf 88' lang='lat' dir='ltr'><strong>quiddam</strong></span> <span class='ocrx_word' id='word_1_555' title='bbox 3103 3948 3418 4019; x_wconf 84' lang='lat' dir='ltr'><strong>hujusmodi</strong></span> <span class='ocrx_word' id='word_1_556' title='bbox 3441 3953 3588 4007; x_wconf 67' lang='lat' dir='ltr'><strong>acci—</strong></span> 
     </span>
    </p>
   </div>
   <div class='ocr_carea' id='block_1_76' title="bbox 348 4031 1908 4109">
    <p class='ocr_par' dir='ltr' id='par_1_76' title="bbox 348 4031 1908 4106">
     <span class='ocr_line' id='line_1_76' title="bbox 348 4031 1908 4106; baseline 0.007 -24"><span class='ocrx_word' id='word_1_557' title='bbox 348 4031 441 4099; x_wconf 80' lang='grc' dir='ltr'><strong>χός</strong></span> <span class='ocrx_word' id='word_1_558' title='bbox 485 4049 570 4092; x_wconf 89' lang='grc' dir='ltr'><strong>τις</strong></span> <span class='ocrx_word' id='word_1_559' title='bbox 614 4031 932 4103; x_wconf 75' lang='grc' dir='ltr'>ἀφορισθεὶς</span> <span class='ocrx_word' id='word_1_560' title='bbox 981 4032 1085 4087; x_wconf 79' lang='grc' dir='ltr'>ὑπὸ</span> <span class='ocrx_word' id='word_1_561' title='bbox 1138 4034 1442 4106; x_wconf 78' lang='grc' dir='ltr'>Γρηγορίου</span> <span class='ocrx_word' id='word_1_562' title='bbox 1500 4038 1593 4092; x_wconf 84' lang='grc' dir='ltr'>τοῦ</span> <span class='ocrx_word' id='word_1_563' title='bbox 1644 4039 1801 4092; x_wconf 80' lang='grc' dir='ltr'>πάπα</span> <span class='ocrx_word' id='word_1_564' title='bbox 1837 4040 1908 4103; x_wconf 85' lang='grc' dir='ltr'><strong>ὡς</strong></span> 
     </span>
    </p>
   </div>
   <div class='ocr_carea' id='block_1_77' title="bbox 2007 4031 3597 4109">
    <p class='ocr_par' dir='ltr' id='par_1_77' title="bbox 2013 4037 3597 4109">
     <span class='ocr_line' id='line_1_77' title="bbox 2013 4037 3597 4109; baseline 0.003 -16"><span class='ocrx_word' id='word_1_565' title='bbox 2013 4037 2180 4093; x_wconf 90' lang='lat' dir='ltr'><strong>disse.</strong></span> <span class='ocrx_word' id='word_1_566' title='bbox 2219 4037 2451 4104; x_wconf 90' lang='lat' dir='ltr'><strong>Quidam</strong></span> <span class='ocrx_word' id='word_1_567' title='bbox 2498 4038 2760 4092; x_wconf 85' lang='lat' dir='ltr'><strong>solitariae</strong></span> <span class='ocrx_word' id='word_1_568' title='bbox 2792 4038 2917 4093; x_wconf 71' lang='lat' dir='ltr'><strong>vita:</strong></span> <span class='ocrx_word' id='word_1_569' title='bbox 2957 4047 3200 4093; x_wconf 81' lang='lat' dir='ltr'><strong>sectator</strong></span> <span class='ocrx_word' id='word_1_570' title='bbox 3260 4054 3289 4092; x_wconf 90' lang='lat' dir='ltr'><strong>a</strong></span> <span class='ocrx_word' id='word_1_571' title='bbox 3320 4039 3597 4109; x_wconf 79' lang='lat' dir='ltr'><strong>Gregorio.</strong></span> 
     </span>
    </p>
   </div>
   <div class='ocr_carea' id='block_1_78' title="bbox 349 4122 1908 4203">
    <p class='ocr_par' dir='ltr' id='par_1_78' title="bbox 349 4124 1908 4203">
     <span class='ocr_line' id='line_1_78' title="bbox 349 4124 1908 4203; baseline 0.005 -27"><span class='ocrx_word' id='word_1_572' title='bbox 349 4125 501 4192; x_wconf 66' lang='grc' dir='ltr'>παρὰ</span> <span class='ocrx_word' id='word_1_573' title='bbox 552 4124 778 4203; x_wconf 78' lang='grc' dir='ltr'>γνώμην</span> <span class='ocrx_word' id='word_1_574' title='bbox 817 4124 913 4177; x_wconf 88' lang='grc' dir='ltr'>τοῦ</span> <span class='ocrx_word' id='word_1_575' title='bbox 951 4125 1255 4196; x_wconf 77' lang='grc' dir='ltr'>ἡγουμένου</span> <span class='ocrx_word' id='word_1_576' title='bbox 1287 4128 1453 4181; x_wconf 84' lang='grc' dir='ltr'>αὐτοῦ</span> <span class='ocrx_word' id='word_1_577' title='bbox 1503 4131 1599 4183; x_wconf 78' lang='grc' dir='ltr'><strong>καὶ</strong></span> <span class='ocrx_word' id='word_1_578' title='bbox 1643 4129 1796 4200; x_wconf 73' lang='grc' dir='ltr'>παρὰ</span> <span class='ocrx_word' id='word_1_579' title='bbox 1824 4131 1908 4184; x_wconf 75' lang='grc' dir='ltr'><strong>τὸν</strong></span> 
     </span>
    </p>
   </div>
   <div class='ocr_carea' id='block_1_79' title="bbox 2007 4122 3586 4203">
    <p class='ocr_par' dir='ltr' id='par_1_79' title="bbox 2014 4129 3586 4199">
     <span class='ocr_line' id='line_1_79' title="bbox 2014 4129 3586 4199; baseline 0.003 -16"><span class='ocrx_word' id='word_1_580' title='bbox 2014 4144 2153 4199; x_wconf 89' lang='lat' dir='ltr'><strong>papa</strong></span> <span class='ocrx_word' id='word_1_581' title='bbox 2188 4130 2723 4194; x_wconf 83' lang='lat' dir='ltr'><strong>excommunicatus,</strong></span> <span class='ocrx_word' id='word_1_582' title='bbox 2758 4129 2939 4199; x_wconf 87' lang='lat' dir='ltr'><strong>utqui</strong></span> <span class='ocrx_word' id='word_1_583' title='bbox 2994 4139 3187 4185; x_wconf 89' lang='lat' dir='ltr'><strong>contra</strong></span> <span class='ocrx_word' id='word_1_584' title='bbox 3245 4131 3586 4187; x_wconf 90' lang='lat' dir='ltr'><strong>voluntatem</strong></span> 
     </span>
    </p>
   </div>
   <div class='ocr_carea' id='block_1_80' title="bbox 348 4214 1908 4294">
    <p class='ocr_par' dir='ltr' id='par_1_80' title="bbox 348 4214 1908 4292">
     <span class='ocr_line' id='line_1_80' title="bbox 348 4214 1908 4292; baseline 0.006 -26"><span class='ocrx_word' id='word_1_585' title='bbox 348 4216 552 4284; x_wconf 72' lang='grc' dir='ltr'>θεσμὸν</span> <span class='ocrx_word' id='word_1_586' title='bbox 576 4214 668 4268; x_wconf 85' lang='grc' dir='ltr'><strong>τοῦ</strong></span> <span class='ocrx_word' id='word_1_587' title='bbox 702 4217 1067 4285; x_wconf 81' lang='grc' dir='ltr'>μοναστηρίου</span> <span class='ocrx_word' id='word_1_588' title='bbox 1099 4217 1192 4270; x_wconf 89' lang='grc' dir='ltr'>τοῦ</span> <span class='ocrx_word' id='word_1_589' title='bbox 1227 4218 1393 4272; x_wconf 68' lang='grc' dir='ltr'>αὐτοῦ</span> <span class='ocrx_word' id='word_1_590' title='bbox 1424 4221 1736 4292; x_wconf 79' lang='grc' dir='ltr'>Γρηγορίου,</span> <span class='ocrx_word' id='word_1_591' title='bbox 1758 4222 1908 4292; x_wconf 84' lang='grc' dir='ltr'>ποιή-</span> 
     </span>
    </p>
   </div>
   <div class='ocr_carea' id='block_1_81' title="bbox 2007 4214 3590 4294">
    <p class='ocr_par' dir='ltr' id='par_1_81' title="bbox 2018 4220 3590 4294">
     <span class='ocr_line' id='line_1_81' title="bbox 2018 4220 3590 4294; baseline 0.004 -21"><span class='ocrx_word' id='word_1_592' title='bbox 2018 4220 2266 4289; x_wconf 68' lang='lat' dir='ltr'><strong>praesidis</strong></span> <span class='ocrx_word' id='word_1_593' title='bbox 2294 4230 2350 4275; x_wconf 92' lang='lat' dir='ltr'><strong>et</strong></span> <span class='ocrx_word' id='word_1_594' title='bbox 2377 4221 2727 4290; x_wconf 57' lang='lat' dir='ltr'><strong>praescriptas</strong></span> <span class='ocrx_word' id='word_1_595' title='bbox 2763 4222 3100 4277; x_wconf 88' lang='lat' dir='ltr'><strong>monasterio</strong></span> <span class='ocrx_word' id='word_1_596' title='bbox 3128 4222 3276 4292; x_wconf 85' lang='lat' dir='ltr'><strong>leges</strong></span> <span class='ocrx_word' id='word_1_597' title='bbox 3309 4239 3339 4277; x_wconf 90' lang='lat' dir='ltr'><strong>a</strong></span> <span class='ocrx_word' id='word_1_598' title='bbox 3376 4223 3590 4294; x_wconf 83' lang='lat' dir='ltr'><strong>Grego-</strong></span> 
     </span>
    </p>
   </div>
   <div class='ocr_carea' id='block_1_82' title="bbox 350 4308 1908 4385">
    <p class='ocr_par' dir='ltr' id='par_1_82' title="bbox 350 4309 1908 4385">
     <span class='ocr_line' id='line_1_82' title="bbox 350 4309 1908 4385; baseline 0.004 -23"><span class='ocrx_word' id='word_1_599' title='bbox 350 4328 449 4372; x_wconf 75' lang='grc' dir='ltr'><strong>σας</strong></span> <span class='ocrx_word' id='word_1_600' title='bbox 478 4329 553 4371; x_wconf 85' lang='grc' dir='ltr'><strong>τι,</strong></span> <span class='ocrx_word' id='word_1_601' title='bbox 588 4310 706 4380; x_wconf 82' lang='grc' dir='ltr'>μετ’</span> <span class='ocrx_word' id='word_1_602' title='bbox 751 4309 936 4378; x_wconf 80' lang='grc' dir='ltr'>ὀλίγας</span> <span class='ocrx_word' id='word_1_603' title='bbox 988 4311 1340 4381; x_wconf 78' lang='grc' dir='ltr'>ἐτελεύτησεν</span> <span class='ocrx_word' id='word_1_604' title='bbox 1373 4314 1606 4384; x_wconf 76' lang='grc' dir='ltr'>ἡμέρας.</span> <span class='ocrx_word' id='word_1_605' title='bbox 1638 4315 1816 4385; x_wconf 83' lang='grc' dir='ltr'>’Θπερ</span> <span class='ocrx_word' id='word_1_606' title='bbox 1856 4317 1908 4369; x_wconf 88' lang='grc' dir='ltr'><strong>ἁ-</strong></span> 
     </span>
    </p>
   </div>
   <div class='ocr_carea' id='block_1_83' title="bbox 2007 4308 3592 4385">
    <p class='ocr_par' dir='ltr' id='par_1_83' title="bbox 2019 4308 3592 4384">
     <span class='ocr_line' id='line_1_83' title="bbox 2019 4308 3592 4384; baseline 0.004 -22"><span class='ocrx_word' id='word_1_607' title='bbox 2019 4308 2103 4363; x_wconf 88' lang='lat' dir='ltr'><strong>rio</strong></span> <span class='ocrx_word' id='word_1_608' title='bbox 2138 4311 2392 4365; x_wconf 90' lang='lat' dir='ltr'><strong>nonnihil</strong></span> <span class='ocrx_word' id='word_1_609' title='bbox 2424 4310 2771 4381; x_wconf 84' lang='lat' dir='ltr'><strong>deliquisset,</strong></span> <span class='ocrx_word' id='word_1_610' title='bbox 2809 4311 3003 4380; x_wconf 89' lang='lat' dir='ltr'><strong>paucis</strong></span> <span class='ocrx_word' id='word_1_611' title='bbox 3034 4310 3233 4368; x_wconf 88' lang='lat' dir='ltr'><strong>diebus</strong></span> <span class='ocrx_word' id='word_1_612' title='bbox 3282 4312 3592 4384; x_wconf 74' lang='lat' dir='ltr'><strong>interiectis</strong></span> 
     </span>
    </p>
   </div>
   <div class='ocr_carea' id='block_1_84' title="bbox 348 4396 1908 4475">
    <p class='ocr_par' dir='ltr' id='par_1_84' title="bbox 348 4401 1908 4475">
     <span class='ocr_line' id='line_1_84' title="bbox 348 4401 1908 4475; baseline 0.002 -20"><span class='ocrx_word' id='word_1_613' title='bbox 348 4401 554 4463; x_wconf 81' lang='grc' dir='ltr'>κούσας</span> <span class='ocrx_word' id='word_1_614' title='bbox 586 4403 614 4454; x_wconf 87' lang='grc' dir='ltr'>ὁ</span> <span class='ocrx_word' id='word_1_615' title='bbox 641 4402 826 4465; x_wconf 82' lang='grc' dir='ltr'>πάπας</span> <span class='ocrx_word' id='word_1_616' title='bbox 858 4402 1110 4470; x_wconf 75' lang='grc' dir='ltr'><strong>μεγάλως</strong></span> <span class='ocrx_word' id='word_1_617' title='bbox 1133 4402 1402 4475; x_wconf 78' lang='grc' dir='ltr'>ἐλυπήθη,</span> <span class='ocrx_word' id='word_1_618' title='bbox 1448 4403 1581 4457; x_wconf 81' lang='grc' dir='ltr'>διότι</span> <span class='ocrx_word' id='word_1_619' title='bbox 1614 4403 1857 4471; x_wconf 81' lang='grc' dir='ltr'>ἀπῆλθεν</span> <span class='ocrx_word' id='word_1_620' title='bbox 1887 4406 1908 4458; x_wconf 81' lang='grc' dir='ltr'><strong>ό</strong></span> 
     </span>
    </p>
   </div>
   <div class='ocr_carea' id='block_1_85' title="bbox 2007 4396 3599 4475">
    <p class='ocr_par' dir='ltr' id='par_1_85' title="bbox 2023 4397 3599 4459">
     <span class='ocr_line' id='line_1_85' title="bbox 2023 4397 3599 4459; baseline 0.005 -8"><span class='ocrx_word' id='word_1_621' title='bbox 2023 4397 2188 4453; x_wconf 87' lang='lat' dir='ltr'><strong>vitam</strong></span> <span class='ocrx_word' id='word_1_622' title='bbox 2240 4415 2364 4455; x_wconf 92' lang='lat' dir='ltr'><strong>cum</strong></span> <span class='ocrx_word' id='word_1_623' title='bbox 2416 4411 2592 4455; x_wconf 92' lang='lat' dir='ltr'><strong>morte</strong></span> <span class='ocrx_word' id='word_1_624' title='bbox 2643 4400 3023 4455; x_wconf 88' lang='lat' dir='ltr'><strong>commutavit.</strong></span> <span class='ocrx_word' id='word_1_625' title='bbox 3088 4400 3162 4455; x_wconf 83' lang='lat' dir='ltr'><strong>Ea</strong></span> <span class='ocrx_word' id='word_1_626' title='bbox 3218 4417 3279 4456; x_wconf 92' lang='lat' dir='ltr'><strong>re</strong></span> <span class='ocrx_word' id='word_1_627' title='bbox 3338 4404 3599 4459; x_wconf 79' lang='lat' dir='ltr'><strong>nuntiata</strong></span> 
     </span>
    </p>
   </div>
   <div class='ocr_carea' id='block_1_86' title="bbox 348 4489 1908 4565">
    <p class='ocr_par' dir='ltr' id='par_1_86' title="bbox 348 4489 1908 4565">
     <span class='ocr_line' id='line_1_86' title="bbox 348 4489 1908 4565; baseline -0.001 -16"><span class='ocrx_word' id='word_1_628' title='bbox 348 4494 578 4562; x_wconf 65' lang='grc' dir='ltr'>ἀδελφός</span> <span class='ocrx_word' id='word_1_629' title='bbox 644 4489 902 4562; x_wconf 76' lang='grc' dir='ltr'><strong>ἐξαίφνης</strong></span> <span class='ocrx_word' id='word_1_630' title='bbox 941 4493 1224 4563; x_wconf 81' lang='grc' dir='ltr'>δεδεμένος</span> <span class='ocrx_word' id='word_1_631' title='bbox 1264 4494 1360 4547; x_wconf 78' lang='grc' dir='ltr'><strong>ὢν.</strong></span> <span class='ocrx_word' id='word_1_632' title='bbox 1417 4489 1531 4548; x_wconf 66' lang='lat' dir='ltr'><strong>Kal.</strong></span> <span class='ocrx_word' id='word_1_633' title='bbox 1577 4495 1812 4565; x_wconf 80' lang='grc' dir='ltr'>’γράψας</span> <span class='ocrx_word' id='word_1_634' title='bbox 1861 4496 1908 4547; x_wconf 63' lang='grc' dir='ltr'>ἐκ</span> 
     </span>
    </p>
   </div>
   <div class='ocr_carea' id='block_1_87' title="bbox 2007 4489 3588 4565">
    <p class='ocr_par' dir='ltr' id='par_1_87' title="bbox 2021 4493 3588 4563">
     <span class='ocr_line' id='line_1_87' title="bbox 2021 4493 3588 4563; baseline 0.001 -16"><span class='ocrx_word' id='word_1_635' title='bbox 2021 4508 2354 4563; x_wconf 84' lang='lat' dir='ltr'><strong>magnopere</strong></span> <span class='ocrx_word' id='word_1_636' title='bbox 2385 4494 2681 4563; x_wconf 72' lang='lat' dir='ltr'><strong>Gregorius</strong></span> <span class='ocrx_word' id='word_1_637' title='bbox 2710 4493 3211 4555; x_wconf 87' lang='lat' dir='ltr'><strong>indoluit,fratrem</strong></span> <span class='ocrx_word' id='word_1_638' title='bbox 3238 4494 3389 4548; x_wconf 91' lang='lat' dir='ltr'><strong>illum</strong></span> <span class='ocrx_word' id='word_1_639' title='bbox 3423 4510 3453 4549; x_wconf 87' lang='lat' dir='ltr'><strong>e</strong></span> <span class='ocrx_word' id='word_1_640' title='bbox 3478 4495 3588 4549; x_wconf 86' lang='lat' dir='ltr'><strong>vita</strong></span> 
     </span>
    </p>
   </div>
   <div class='ocr_carea' id='block_1_88' title="bbox 349 4584 1908 4658">
    <p class='ocr_par' dir='ltr' id='par_1_88' title="bbox 349 4584 1908 4658">
     <span class='ocr_line' id='line_1_88' title="bbox 349 4584 1908 4658; baseline 0 -19"><span class='ocrx_word' id='word_1_641' title='bbox 349 4587 532 4658; x_wconf 72' lang='grc' dir='ltr'>χάρτῃ</span> <span class='ocrx_word' id='word_1_642' title='bbox 582 4586 745 4655; x_wconf 77' lang='grc' dir='ltr'>εὐχὴν</span> <span class='ocrx_word' id='word_1_643' title='bbox 778 4584 1012 4639; x_wconf 85' lang='grc' dir='ltr'>λύουσαν</span> <span class='ocrx_word' id='word_1_644' title='bbox 1064 4585 1174 4640; x_wconf 83' lang='grc' dir='ltr'><strong>τῶν</strong></span> <span class='ocrx_word' id='word_1_645' title='bbox 1231 4588 1446 4656; x_wconf 84' lang='grc' dir='ltr'>δεσμῶν</span> <span class='ocrx_word' id='word_1_646' title='bbox 1500 4587 1590 4640; x_wconf 72' lang='grc' dir='ltr'>τὸν</span> <span class='ocrx_word' id='word_1_647' title='bbox 1647 4586 1908 4639; x_wconf 84' lang='grc' dir='ltr'>τεθνεῶτα</span> 
     </span>
    </p>
   </div>
   <div class='ocr_carea' id='block_1_89' title="bbox 2007 4584 3603 4658">
    <p class='ocr_par' dir='ltr' id='par_1_89' title="bbox 2022 4584 3603 4654">
     <span class='ocr_line' id='line_1_89' title="bbox 2022 4584 3603 4654; baseline 0.003 -15"><span class='ocrx_word' id='word_1_648' title='bbox 2022 4584 2205 4641; x_wconf 89' lang='lat' dir='ltr'><strong>subito</strong></span> <span class='ocrx_word' id='word_1_649' title='bbox 2234 4585 2498 4654; x_wconf 86' lang='lat' dir='ltr'><strong>migrasse</strong></span> <span class='ocrx_word' id='word_1_650' title='bbox 2527 4586 2701 4640; x_wconf 85' lang='lat' dir='ltr'><strong>sacris</strong></span> <span class='ocrx_word' id='word_1_651' title='bbox 2731 4585 2913 4639; x_wconf 89' lang='lat' dir='ltr'><strong>adhuc</strong></span> <span class='ocrx_word' id='word_1_652' title='bbox 2934 4585 3173 4641; x_wconf 88' lang='lat' dir='ltr'><strong>vinculis</strong></span> <span class='ocrx_word' id='word_1_653' title='bbox 3204 4588 3603 4654; x_wconf 41' lang='lat' dir='ltr'><strong>constrictum.</strong></span> 
     </span>
    </p>
   </div>
   <div class='ocr_carea' id='block_1_90' title="bbox 351 4674 1908 4749">
    <p class='ocr_par' dir='ltr' id='par_1_90' title="bbox 351 4678 1908 4749">
     <span class='ocr_line' id='line_1_90' title="bbox 351 4678 1908 4749; baseline 0 -18"><span class='ocrx_word' id='word_1_654' title='bbox 351 4679 517 4731; x_wconf 77' lang='grc' dir='ltr'>ἐδωκὲ</span> <span class='ocrx_word' id='word_1_655' title='bbox 544 4696 647 4731; x_wconf 88' lang='grc' dir='ltr'>τινι</span> <span class='ocrx_word' id='word_1_656' title='bbox 672 4679 905 4749; x_wconf 87' lang='grc' dir='ltr'>διακόνῳ</span> <span class='ocrx_word' id='word_1_657' title='bbox 930 4678 1103 4732; x_wconf 79' lang='grc' dir='ltr'>ειπὼν</span> <span class='ocrx_word' id='word_1_658' title='bbox 1126 4695 1142 4711; x_wconf 78' lang='grc' dir='ltr'><strong><em>ο</em></strong></span> <span class='ocrx_word' id='word_1_659' title='bbox 1179 4698 1198 4731; x_wconf 84' lang='grc' dir='ltr'><strong>ι</strong></span> <span class='ocrx_word' id='word_1_660' title='bbox 1240 4679 1478 4734; x_wconf 79' lang='grc' dir='ltr'>Ἀπελθε</span> <span class='ocrx_word' id='word_1_661' title='bbox 1503 4678 1596 4732; x_wconf 58' lang='grc' dir='ltr'><strong>ἐπὶ¹</strong></span> <span class='ocrx_word' id='word_1_662' title='bbox 1625 4678 1717 4732; x_wconf 82' lang='grc' dir='ltr'><strong>τὸν</strong></span> <span class='ocrx_word' id='word_1_663' title='bbox 1749 4680 1908 4747; x_wconf 54' lang='grc' dir='ltr'>τάφοι</span> 
     </span>
    </p>
   </div>
   <div class='ocr_carea' id='block_1_91' title="bbox 2007 4674 3595 4749">
    <p class='ocr_par' dir='ltr' id='par_1_91' title="bbox 2021 4674 3595 4745">
     <span class='ocr_line' id='line_1_91' title="bbox 2021 4674 3595 4745; baseline 0.001 -17"><span class='ocrx_word' id='word_1_664' title='bbox 2021 4674 2212 4744; x_wconf 80' lang='lat' dir='ltr'><strong>Itaque</strong></span> <span class='ocrx_word' id='word_1_665' title='bbox 2245 4675 2505 4743; x_wconf 86' lang='lat' dir='ltr'><strong>scriptam</strong></span> <span class='ocrx_word' id='word_1_666' title='bbox 2548 4674 2603 4728; x_wconf 89' lang='lat' dir='ltr'><strong>in</strong></span> <span class='ocrx_word' id='word_1_667' title='bbox 2638 4674 2825 4729; x_wconf 90' lang='lat' dir='ltr'><strong>charta</strong></span> <span class='ocrx_word' id='word_1_668' title='bbox 2858 4675 3256 4743; x_wconf 88' lang='lat' dir='ltr'><strong>precationem,</strong></span> <span class='ocrx_word' id='word_1_669' title='bbox 3289 4691 3396 4745; x_wconf 84' lang='lat' dir='ltr'><strong>qua</strong></span> <span class='ocrx_word' id='word_1_670' title='bbox 3446 4693 3595 4732; x_wconf 83' lang='lat' dir='ltr'><strong>mor-</strong></span> 
     </span>
    </p>
   </div>
   <div class='ocr_carea' id='block_1_92' title="bbox 349 4767 1916 4838">
    <p class='ocr_par' dir='ltr' id='par_1_92' title="bbox 349 4767 1916 4838">
     <span class='ocr_line' id='line_1_92' title="bbox 349 4767 1916 4838; baseline -0.002 -15"><span class='ocrx_word' id='word_1_671' title='bbox 349 4768 447 4823; x_wconf 84' lang='grc' dir='ltr'>τοῦ</span> <span class='ocrx_word' id='word_1_672' title='bbox 480 4768 733 4838; x_wconf 78' lang='grc' dir='ltr'>ἀδελφοῦ,</span> <span class='ocrx_word' id='word_1_673' title='bbox 793 4768 905 4823; x_wconf 78' lang='grc' dir='ltr'><strong>Καὶ</strong></span> <span class='ocrx_word' id='word_1_674' title='bbox 941 4768 1215 4837; x_wconf 78' lang='grc' dir='ltr'>ἀνάγνωθι</span> <span class='ocrx_word' id='word_1_675' title='bbox 1265 4769 1457 4838; x_wconf 78' lang='grc' dir='ltr'>αὑτήν.</span> <span class='ocrx_word' id='word_1_676' title='bbox 1507 4786 1525 4820; x_wconf 78' lang='grc' dir='ltr'><strong>ι</strong></span> <span class='ocrx_word' id='word_1_677' title='bbox 1559 4769 1668 4822; x_wconf 77' lang='grc' dir='ltr'><strong>Καὶ</strong></span> <span class='ocrx_word' id='word_1_678' title='bbox 1720 4767 1916 4821; x_wconf 87' lang='grc' dir='ltr'>τούτου</span> 
     </span>
    </p>
   </div>
   <div class='ocr_carea' id='block_1_93' title="bbox 350 4860 1923 4932">
    <p class='ocr_par' dir='ltr' id='par_1_93' title="bbox 350 4860 1923 4932">
     <span class='ocr_line' id='line_1_93' title="bbox 350 4860 1923 4932; baseline -0.001 -18"><span class='ocrx_word' id='word_1_679' title='bbox 350 4861 649 4930; x_wconf 80' lang='grc' dir='ltr'>γενομένου</span> <span class='ocrx_word' id='word_1_680' title='bbox 682 4861 883 4930; x_wconf 70' lang='grc' dir='ltr'>θεωρεῖ</span> <span class='ocrx_word' id='word_1_681' title='bbox 907 4864 932 4914; x_wconf 83' lang='grc' dir='ltr'>ὁ</span> <span class='ocrx_word' id='word_1_682' title='bbox 969 4860 1272 4930; x_wconf 78' lang='grc' dir='ltr'>ἡγούμενος</span> <span class='ocrx_word' id='word_1_683' title='bbox 1314 4861 1438 4914; x_wconf 82' lang='grc' dir='ltr'>κατ’</span> <span class='ocrx_word' id='word_1_684' title='bbox 1480 4860 1617 4932; x_wconf 78' lang='grc' dir='ltr'>δναρ</span> <span class='ocrx_word' id='word_1_685' title='bbox 1646 4861 1738 4913; x_wconf 81' lang='grc' dir='ltr'><strong>τὸν</strong></span> <span class='ocrx_word' id='word_1_686' title='bbox 1770 4860 1923 4914; x_wconf 80' lang='grc' dir='ltr'>ἀδελ-</span> 
     </span>
    </p>
   </div>
   <div class='ocr_carea' id='block_1_94' title="bbox 353 4950 1924 5022">
    <p class='ocr_par' dir='ltr' id='par_1_94' title="bbox 353 4950 1924 5022">
     <span class='ocr_line' id='line_1_94' title="bbox 353 4950 1924 5022; baseline 0.001 -17"><span class='ocrx_word' id='word_1_687' title='bbox 353 4954 477 5021; x_wconf 79' lang='grc' dir='ltr'>φὸν,</span> <span class='ocrx_word' id='word_1_688' title='bbox 513 4952 611 5005; x_wconf 75' lang='grc' dir='ltr'><strong>καὶ</strong></span> <span class='ocrx_word' id='word_1_689' title='bbox 634 4952 786 5020; x_wconf 73' lang='grc' dir='ltr'>λέγει</span> <span class='ocrx_word' id='word_1_690' title='bbox 814 4950 962 5021; x_wconf 83' lang='grc' dir='ltr'>αύτῷ</span> <span class='ocrx_word' id='word_1_691' title='bbox 985 4968 1000 4984; x_wconf 90' lang='grc'><strong>·</strong></span> <span class='ocrx_word' id='word_1_692' title='bbox 1037 4970 1059 5005; x_wconf 79' lang='grc' dir='ltr'><strong>ι</strong></span> <span class='ocrx_word' id='word_1_693' title='bbox 1088 4951 1281 5021; x_wconf 82' lang='grc' dir='ltr'>Δύπην</span> <span class='ocrx_word' id='word_1_694' title='bbox 1305 4951 1521 5022; x_wconf 77' lang='grc' dir='ltr'>ἔχομεν,</span> <span class='ocrx_word' id='word_1_695' title='bbox 1551 4951 1765 5019; x_wconf 81' lang='grc' dir='ltr'>ἀδελφέ,</span> <span class='ocrx_word' id='word_1_696' title='bbox 1796 4954 1924 5022; x_wconf 72' lang='grc' dir='ltr'>περὶ</span> 
     </span>
    </p>
   </div>
   <div class='ocr_carea' id='block_1_95' title="bbox 356 5042 1919 5115">
    <p class='ocr_par' dir='ltr' id='par_1_95' title="bbox 356 5042 1919 5115">
     <span class='ocr_line' id='line_1_95' title="bbox 356 5042 1919 5115; baseline -0.003 -17"><span class='ocrx_word' id='word_1_697' title='bbox 356 5044 478 5111; x_wconf 77' lang='grc' dir='ltr'>σοῦ,</span> <span class='ocrx_word' id='word_1_698' title='bbox 514 5045 597 5098; x_wconf 82' lang='grc' dir='ltr'><strong>ὅτι</strong></span> <span class='ocrx_word' id='word_1_699' title='bbox 626 5044 908 5113; x_wconf 81' lang='grc' dir='ltr'>δεδεμένος</span> <span class='ocrx_word' id='word_1_700' title='bbox 933 5043 1293 5115; x_wconf 86' lang='grc' dir='ltr'>ἐτελεύτησας</span> <span class='ocrx_word' id='word_1_701' title='bbox 1312 5061 1326 5075; x_wconf 77' lang='grc' dir='ltr'><strong>ο</strong></span> <span class='ocrx_word' id='word_1_702' title='bbox 1364 5043 1487 5097; x_wconf 79' lang='grc' dir='ltr'>εἰπὲ</span> <span class='ocrx_word' id='word_1_703' title='bbox 1509 5042 1600 5097; x_wconf 84' lang='grc' dir='ltr'><strong>οῦν</strong></span> <span class='ocrx_word' id='word_1_704' title='bbox 1632 5044 1764 5114; x_wconf 74' lang='grc' dir='ltr'><strong>ἡμῖν</strong></span> <span class='ocrx_word' id='word_1_705' title='bbox 1806 5044 1919 5107; x_wconf 77' lang='grc' dir='ltr'><strong>πῶς</strong></span> 
     </span>
    </p>
   </div>
   <div class='ocr_carea' id='block_1_96' title="bbox 354 5132 1920 5205">
    <p class='ocr_par' dir='ltr' id='par_1_96' title="bbox 354 5132 1920 5205">
     <span class='ocr_line' id='line_1_96' title="bbox 354 5132 1920 5205; baseline 0 -18"><span class='ocrx_word' id='word_1_706' title='bbox 354 5134 472 5204; x_wconf 73' lang='grc' dir='ltr'>ἔχει</span> <span class='ocrx_word' id='word_1_707' title='bbox 505 5135 573 5190; x_wconf 82' lang='grc' dir='ltr'>τὰ</span> <span class='ocrx_word' id='word_1_708' title='bbox 595 5136 737 5190; x_wconf 81' lang='grc' dir='ltr'>κατά</span> <span class='ocrx_word' id='word_1_709' title='bbox 761 5151 855 5201; x_wconf 86' lang='grc' dir='ltr'>σε;</span> <span class='ocrx_word' id='word_1_710' title='bbox 904 5135 1002 5189; x_wconf 75' lang='grc' dir='ltr'>καὶ</span> <span class='ocrx_word' id='word_1_711' title='bbox 1025 5133 1083 5197; x_wconf 79' lang='grc' dir='ltr'><strong>ὃς</strong></span> <span class='ocrx_word' id='word_1_712' title='bbox 1108 5134 1429 5205; x_wconf 74' lang='grc' dir='ltr'>ἀποκριθεὶς</span> <span class='ocrx_word' id='word_1_713' title='bbox 1459 5132 1615 5188; x_wconf 75' lang='grc' dir='ltr'>εἷπεν</span> <span class='ocrx_word' id='word_1_714' title='bbox 1637 5152 1651 5166; x_wconf 78' lang='grc' dir='ltr'><strong>ο</strong></span> <span class='ocrx_word' id='word_1_715' title='bbox 1683 5135 1782 5187; x_wconf 82' lang='grc' dir='ltr'><strong>’ον</strong></span> <span class='ocrx_word' id='word_1_716' title='bbox 1793 5151 1920 5197; x_wconf 89' lang='grc' dir='ltr'>τως,</span> 
     </span>
    </p>
   </div>
   <div class='ocr_carea' id='block_1_97' title="bbox 355 5225 1923 5298">
    <p class='ocr_par' dir='ltr' id='par_1_97' title="bbox 355 5225 1923 5298">
     <span class='ocr_line' id='line_1_97' title="bbox 355 5225 1923 5298; baseline 0.002 -20"><span class='ocrx_word' id='word_1_717' title='bbox 355 5226 558 5297; x_wconf 71' lang='grc' dir='ltr'>πάτερ,</span> <span class='ocrx_word' id='word_1_718' title='bbox 616 5228 698 5289; x_wconf 86' lang='grc' dir='ltr'><strong>εἰς</strong></span> <span class='ocrx_word' id='word_1_719' title='bbox 731 5225 981 5297; x_wconf 73' lang='grc' dir='ltr'>φυλακὴν</span> <span class='ocrx_word' id='word_1_720' title='bbox 1033 5227 1180 5297; x_wconf 74' lang='grc' dir='ltr'>ἢμην</span> <span class='ocrx_word' id='word_1_721' title='bbox 1229 5227 1337 5291; x_wconf 78' lang='grc' dir='ltr'><strong>ἓως</strong></span> <span class='ocrx_word' id='word_1_722' title='bbox 1385 5226 1540 5297; x_wconf 83' lang='grc' dir='ltr'>χθές·</span> <span class='ocrx_word' id='word_1_723' title='bbox 1595 5228 1833 5298; x_wconf 85' lang='grc' dir='ltr'>σήμερον</span> <span class='ocrx_word' id='word_1_724' title='bbox 1865 5229 1923 5281; x_wconf 82' lang='grc' dir='ltr'>δὲ</span> 
     </span>
    </p>
   </div>
   <div class='ocr_carea' id='block_1_98' title="bbox 354 5318 1923 5392">
    <p class='ocr_par' dir='ltr' id='par_1_98' title="bbox 354 5318 1923 5392">
     <span class='ocr_line' id='line_1_98' title="bbox 354 5318 1923 5392; baseline 0.004 -22"><span class='ocrx_word' id='word_1_725' title='bbox 354 5318 721 5388; x_wconf 80' lang='grc' dir='ltr'>ἁπολέλυμαι.</span> <span class='ocrx_word' id='word_1_726' title='bbox 757 5339 775 5371; x_wconf 78' lang='grc' dir='ltr'><strong>ι</strong></span> <span class='ocrx_word' id='word_1_727' title='bbox 809 5321 921 5376; x_wconf 77' lang='grc' dir='ltr'>Καὶ</span> <span class='ocrx_word' id='word_1_728' title='bbox 944 5318 1195 5391; x_wconf 80' lang='grc' dir='ltr'>ἐγνώσθη</span> <span class='ocrx_word' id='word_1_729' title='bbox 1225 5323 1392 5376; x_wconf 77' lang='grc' dir='ltr'>πᾶσιν</span> <span class='ocrx_word' id='word_1_730' title='bbox 1417 5322 1500 5376; x_wconf 84' lang='grc' dir='ltr'><strong>δτι</strong></span> <span class='ocrx_word' id='word_1_731' title='bbox 1529 5322 1653 5377; x_wconf 82' lang='grc' dir='ltr'>καθ’</span> <span class='ocrx_word' id='word_1_732' title='bbox 1678 5321 1745 5391; x_wconf 82' lang='grc' dir='ltr'><strong>ἢν</strong></span> <span class='ocrx_word' id='word_1_733' title='bbox 1773 5322 1923 5392; x_wconf 84' lang='grc' dir='ltr'>ὥραν</span> 
     </span>
    </p>
   </div>
   <div class='ocr_carea' id='block_1_99' title="bbox 356 5409 1921 5483">
    <p class='ocr_par' dir='ltr' id='par_1_99' title="bbox 356 5409 1921 5483">
     <span class='ocr_line' id='line_1_99' title="bbox 356 5409 1921 5483; baseline 0.002 -22"><span class='ocrx_word' id='word_1_734' title='bbox 356 5409 571 5478; x_wconf 83' lang='grc' dir='ltr'>ἀνέγνω</span> <span class='ocrx_word' id='word_1_735' title='bbox 603 5411 631 5462; x_wconf 84' lang='grc' dir='ltr'>ὁ</span> <span class='ocrx_word' id='word_1_736' title='bbox 669 5411 914 5476; x_wconf 78' lang='grc' dir='ltr'>διάκονος</span> <span class='ocrx_word' id='word_1_737' title='bbox 942 5411 1041 5483; x_wconf 81' lang='grc' dir='ltr'><strong>τὴν</strong></span> <span class='ocrx_word' id='word_1_738' title='bbox 1093 5413 1258 5483; x_wconf 79' lang='grc' dir='ltr'>εὐχὴν</span> <span class='ocrx_word' id='word_1_739' title='bbox 1308 5414 1400 5467; x_wconf 70' lang='grc' dir='ltr'><strong>ἐπὶ</strong></span> <span class='ocrx_word' id='word_1_740' title='bbox 1438 5415 1533 5468; x_wconf 86' lang='grc' dir='ltr'><strong>τοῦ</strong></span> <span class='ocrx_word' id='word_1_741' title='bbox 1586 5414 1921 5480; x_wconf 59' lang='grc' dir='ltr'>τάφου,αοῦ</span> 
     </span>
    </p>
   </div>
   <div class='ocr_carea' id='block_1_100' title="bbox 355 5499 1924 5575">
    <p class='ocr_par' dir='ltr' id='par_1_100' title="bbox 355 5499 1924 5575">
     <span class='ocr_line' id='line_1_100' title="bbox 355 5499 1924 5575; baseline 0.003 -23"><span class='ocrx_word' id='word_1_742' title='bbox 355 5499 559 5570; x_wconf 79' lang='grc' dir='ltr'>δεσμοῦ</span> <span class='ocrx_word' id='word_1_743' title='bbox 616 5501 938 5571; x_wconf 80' lang='grc' dir='ltr'>παραδόξως</span> <span class='ocrx_word' id='word_1_744' title='bbox 969 5506 997 5557; x_wconf 79' lang='grc' dir='ltr'><strong>ό</strong></span> <span class='ocrx_word' id='word_1_745' title='bbox 1045 5503 1272 5573; x_wconf 68' lang='grc' dir='ltr'>ἁδελφὸς</span> <span class='ocrx_word' id='word_1_746' title='bbox 1303 5504 1662 5575; x_wconf 79' lang='grc' dir='ltr'>ἠλευθέρωτο.</span> <span class='ocrx_word' id='word_1_747' title='bbox 1693 5506 1834 5557; x_wconf 82' lang='grc' dir='ltr'>Ὅσοι</span> <span class='ocrx_word' id='word_1_748' title='bbox 1867 5504 1924 5557; x_wconf 78' lang='grc' dir='ltr'>δὲ</span> 
     </span>
    </p>
   </div>
   <div class='ocr_carea' id='block_1_101' title="bbox 357 5590 1928 5667">
    <p class='ocr_par' dir='ltr' id='par_1_101' title="bbox 357 5590 1928 5667">
     <span class='ocr_line' id='line_1_101' title="bbox 357 5590 1928 5667; baseline 0.004 -24"><span class='ocrx_word' id='word_1_749' title='bbox 357 5590 582 5659; x_wconf 63' lang='grc' dir='ltr'>δύναται</span> <span class='ocrx_word' id='word_1_750' title='bbox 611 5594 639 5646; x_wconf 81' lang='grc' dir='ltr'><strong>ό</strong></span> <span class='ocrx_word' id='word_1_751' title='bbox 674 5595 825 5662; x_wconf 68' lang='grc' dir='ltr'>παρὰ</span> <span class='ocrx_word' id='word_1_752' title='bbox 854 5593 961 5647; x_wconf 83' lang='grc' dir='ltr'><strong>τῶν</strong></span> <span class='ocrx_word' id='word_1_753' title='bbox 997 5595 1188 5667; x_wconf 79' lang='grc' dir='ltr'>ἱερέων</span> <span class='ocrx_word' id='word_1_754' title='bbox 1212 5596 1551 5665; x_wconf 85' lang='grc' dir='ltr'>ἐπαγόμενος</span> <span class='ocrx_word' id='word_1_755' title='bbox 1581 5595 1802 5666; x_wconf 70' lang='grc' dir='ltr'>δεσμὸς,</span> <span class='ocrx_word' id='word_1_756' title='bbox 1831 5595 1928 5665; x_wconf 81' lang='grc' dir='ltr'><strong>δῆο</strong></span> 
     </span>
    </p>
   </div>
   <div class='ocr_carea' id='block_1_102' title="bbox 360 5679 1923 5759">
    <p class='ocr_par' dir='ltr' id='par_1_102' title="bbox 360 5679 1923 5759">
     <span class='ocr_line' id='line_1_102' title="bbox 360 5679 1923 5759; baseline 0.007 -26"><span class='ocrx_word' id='word_1_757' title='bbox 360 5679 449 5735; x_wconf 82' lang='grc' dir='ltr'><strong>λον</strong></span> <span class='ocrx_word' id='word_1_758' title='bbox 489 5682 763 5739; x_wconf 76' lang='grc' dir='ltr'>ἐντεῦθεν.</span> <span class='ocrx_word' id='word_1_759' title='bbox 808 5684 895 5741; x_wconf 84' lang='grc' dir='ltr'>Ἐν</span> <span class='ocrx_word' id='word_1_760' title='bbox 930 5688 993 5759; x_wconf 72' lang='grc' dir='ltr'>τῇ</span> <span class='ocrx_word' id='word_1_761' title='bbox 1018 5687 1447 5758; x_wconf 72' lang='grc' dir='ltr'>ἐκκλησιαστικῇ</span> <span class='ocrx_word' id='word_1_762' title='bbox 1487 5688 1722 5759; x_wconf 67' lang='grc' dir='ltr'><strong>Ἰςτορέᾳ</strong></span> <span class='ocrx_word' id='word_1_763' title='bbox 1753 5686 1923 5745; x_wconf 78' lang='grc' dir='ltr'>Φίλω-</span> 
     </span>
    </p>
   </div>
   <div class='ocr_carea' id='block_1_103' title="bbox 2026 4764 3591 4831">
    <p class='ocr_par' dir='ltr' id='par_1_103' title="bbox 2026 4764 3591 4831">
     <span class='ocr_line' id='line_1_103' title="bbox 2026 4764 3591 4831; baseline 0.001 -11"><span class='ocrx_word' id='word_1_764' title='bbox 2026 4774 2179 4820; x_wconf 91' lang='lat' dir='ltr'><strong>tuum</strong></span> <span class='ocrx_word' id='word_1_765' title='bbox 2214 4764 2449 4820; x_wconf 88' lang='lat' dir='ltr'><strong>vinculis</strong></span> <span class='ocrx_word' id='word_1_766' title='bbox 2475 4764 2592 4819; x_wconf 91' lang='lat' dir='ltr'><strong>istis</strong></span> <span class='ocrx_word' id='word_1_767' title='bbox 2620 4764 2906 4831; x_wconf 78' lang='lat' dir='ltr'><strong>eximeret,</strong></span> <span class='ocrx_word' id='word_1_768' title='bbox 2935 4765 3191 4821; x_wconf 87' lang='lat' dir='ltr'><strong>ministro</strong></span> <span class='ocrx_word' id='word_1_769' title='bbox 3219 4766 3435 4821; x_wconf 90' lang='lat' dir='ltr'><strong>cuidam</strong></span> <span class='ocrx_word' id='word_1_770' title='bbox 3465 4784 3591 4823; x_wconf 91' lang='lat' dir='ltr'><strong>cum</strong></span> 
     </span>
    </p>
   </div>
   <div class='ocr_carea' id='block_1_104' title="bbox 2024 4849 3680 4926">
    <p class='ocr_par' dir='ltr' id='par_1_104' title="bbox 2024 4849 3680 4926">
     <span class='ocr_line' id='line_1_104' title="bbox 2024 4849 3680 4926; baseline 0.004 -18"><span class='ocrx_word' id='word_1_771' title='bbox 2024 4855 2177 4910; x_wconf 87' lang='lat' dir='ltr'><strong>hisce</strong></span> <span class='ocrx_word' id='word_1_772' title='bbox 2209 4855 2396 4915; x_wconf 89' lang='lat' dir='ltr'><strong>verbis</strong></span> <span class='ocrx_word' id='word_1_773' title='bbox 2443 4854 2704 4909; x_wconf 88' lang='lat' dir='ltr'><strong>tradidit:</strong></span> <span class='ocrx_word' id='word_1_774' title='bbox 2755 4873 2772 4906; x_wconf 85' lang='grc' dir='ltr'><strong>ι</strong></span> <span class='ocrx_word' id='word_1_775' title='bbox 2806 4854 2906 4909; x_wconf 83' lang='lat' dir='ltr'><strong>Abi</strong></span> <span class='ocrx_word' id='word_1_776' title='bbox 2939 4854 3005 4909; x_wconf 91' lang='lat' dir='ltr'><strong>ad</strong></span> <span class='ocrx_word' id='word_1_777' title='bbox 3041 4856 3353 4926; x_wconf 89' lang='lat' dir='ltr'><strong>sepulcrum</strong></span> <span class='ocrx_word' id='word_1_778' title='bbox 3407 4858 3610 4915; x_wconf 87' lang='lat' dir='ltr'><strong>fratris.</strong></span> <span class='ocrx_word' id='word_1_779' title='bbox 3672 4849 3680 4858; x_wconf 79' lang='grc'><strong>’</strong></span> 
     </span>
    </p>
   </div>
   <div class='ocr_carea' id='block_1_105' title="bbox 2025 4946 3592 5017">
    <p class='ocr_par' dir='ltr' id='par_1_105' title="bbox 2025 4946 3592 5017">
     <span class='ocr_line' id='line_1_105' title="bbox 2025 4946 3592 5017; baseline 0 -16"><span class='ocrx_word' id='word_1_780' title='bbox 2025 4947 2194 5012; x_wconf 86' lang='lat' dir='ltr'><strong>illius,</strong></span> <span class='ocrx_word' id='word_1_781' title='bbox 2235 4957 2291 5001; x_wconf 91' lang='lat' dir='ltr'><strong>et</strong></span> <span class='ocrx_word' id='word_1_782' title='bbox 2343 4946 2715 5016; x_wconf 88' lang='lat' dir='ltr'><strong>precationem</strong></span> <span class='ocrx_word' id='word_1_783' title='bbox 2762 4946 2905 5000; x_wconf 88' lang='lat' dir='ltr'><strong>banc</strong></span> <span class='ocrx_word' id='word_1_784' title='bbox 2955 4946 3190 5017; x_wconf 89' lang='lat' dir='ltr'><strong>pellege.</strong></span> <span class='ocrx_word' id='word_1_785' title='bbox 3226 4964 3245 4999; x_wconf 72' lang='grc' dir='ltr'><strong>ο</strong></span> <span class='ocrx_word' id='word_1_786' title='bbox 3300 4947 3454 5013; x_wconf 89' lang='lat' dir='ltr'><strong>Quod</strong></span> <span class='ocrx_word' id='word_1_787' title='bbox 3499 4950 3592 5004; x_wconf 89' lang='lat' dir='ltr'><strong>ubi</strong></span> 
     </span>
    </p>
   </div>
   <div class='ocr_carea' id='block_1_106' title="bbox 2026 5037 3603 5109">
    <p class='ocr_par' dir='ltr' id='par_1_106' title="bbox 2026 5037 3603 5109">
     <span class='ocr_line' id='line_1_106' title="bbox 2026 5037 3603 5109; baseline -0.001 -14"><span class='ocrx_word' id='word_1_788' title='bbox 2026 5042 2229 5096; x_wconf 86' lang='lat' dir='ltr'><strong>factum</strong></span> <span class='ocrx_word' id='word_1_789' title='bbox 2284 5039 2513 5104; x_wconf 88' lang='lat' dir='ltr'><strong>fuisset,</strong></span> <span class='ocrx_word' id='word_1_790' title='bbox 2579 5037 2902 5093; x_wconf 83' lang='lat' dir='ltr'><strong>monasterii</strong></span> <span class='ocrx_word' id='word_1_791' title='bbox 2948 5053 3151 5106; x_wconf 76' lang='lat' dir='ltr'><strong>praeses</strong></span> <span class='ocrx_word' id='word_1_792' title='bbox 3202 5054 3301 5108; x_wconf 87' lang='lat' dir='ltr'><strong>per</strong></span> <span class='ocrx_word' id='word_1_793' title='bbox 3350 5041 3603 5109; x_wconf 19' lang='lat' dir='ltr'><strong>quietem,</strong></span> 
     </span>
    </p>
   </div>
   <div class='ocr_carea' id='block_1_107' title="bbox 2026 5128 3591 5199">
    <p class='ocr_par' dir='ltr' id='par_1_107' title="bbox 2026 5128 3591 5199">
     <span class='ocr_line' id='line_1_107' title="bbox 2026 5128 3591 5199; baseline -0.001 -14"><span class='ocrx_word' id='word_1_794' title='bbox 2026 5130 2251 5186; x_wconf 88' lang='lat' dir='ltr'><strong>fratrem</strong></span> <span class='ocrx_word' id='word_1_795' title='bbox 2302 5130 2455 5185; x_wconf 88' lang='lat' dir='ltr'><strong>hunc</strong></span> <span class='ocrx_word' id='word_1_796' title='bbox 2513 5129 2804 5199; x_wconf 66' lang='lat' dir='ltr'><strong>conspicit.</strong></span> <span class='ocrx_word' id='word_1_797' title='bbox 2848 5128 2971 5184; x_wconf 73' lang='lat' dir='ltr'><strong>Mox</strong></span> <span class='ocrx_word' id='word_1_798' title='bbox 3024 5143 3149 5183; x_wconf 87' lang='lat' dir='ltr'><strong>eum</strong></span> <span class='ocrx_word' id='word_1_799' title='bbox 3205 5130 3544 5199; x_wconf 88' lang='lat' dir='ltr'><strong>compellans</strong></span> <span class='ocrx_word' id='word_1_800' title='bbox 3576 5171 3591 5192; x_wconf 90' lang='lat'><strong>,</strong></span> 
     </span>
    </p>
   </div>
   <div class='ocr_carea' id='block_1_108' title="bbox 2032 5222 3593 5292">
    <p class='ocr_par' dir='ltr' id='par_1_108' title="bbox 2032 5222 3593 5292">
     <span class='ocr_line' id='line_1_108' title="bbox 2032 5222 3593 5292; baseline -0.001 -16"><span class='ocrx_word' id='word_1_801' title='bbox 2032 5243 2049 5276; x_wconf 84' lang='grc' dir='ltr'><strong>ι</strong></span> <span class='ocrx_word' id='word_1_802' title='bbox 2084 5224 2199 5278; x_wconf 86' lang='lat' dir='ltr'><strong>Tua</strong></span> <span class='ocrx_word' id='word_1_803' title='bbox 2240 5238 2406 5278; x_wconf 88' lang='lat' dir='ltr'><strong>causa</strong></span> <span class='ocrx_word' id='word_1_804' title='bbox 2462 5223 2643 5278; x_wconf 71' lang='lat' dir='ltr'><strong>Incesti</strong></span> <span class='ocrx_word' id='word_1_805' title='bbox 2698 5238 2919 5289; x_wconf 90' lang='lat' dir='ltr'><strong>sumus,</strong></span> <span class='ocrx_word' id='word_1_806' title='bbox 2952 5238 2985 5278; x_wconf 93' lang='lat' dir='ltr'><strong>o</strong></span> <span class='ocrx_word' id='word_1_807' title='bbox 3036 5222 3225 5284; x_wconf 86' lang='lat' dir='ltr'><strong>frater,</strong></span> <span class='ocrx_word' id='word_1_808' title='bbox 3290 5223 3389 5285; x_wconf 87' lang='lat' dir='ltr'><strong>ait,</strong></span> <span class='ocrx_word' id='word_1_809' title='bbox 3446 5222 3593 5292; x_wconf 86' lang='lat' dir='ltr'><strong>quod</strong></span> 
     </span>
    </p>
   </div>
   <div class='ocr_carea' id='block_1_109' title="bbox 2025 5313 3594 5386">
    <p class='ocr_par' dir='ltr' id='par_1_109' title="bbox 2025 5313 3594 5386">
     <span class='ocr_line' id='line_1_109' title="bbox 2025 5313 3594 5386; baseline 0 -21"><span class='ocrx_word' id='word_1_810' title='bbox 2025 5316 2264 5371; x_wconf 87' lang='lat' dir='ltr'><strong>vinculis</strong></span> <span class='ocrx_word' id='word_1_811' title='bbox 2308 5315 2482 5371; x_wconf 87' lang='lat' dir='ltr'><strong>sacris</strong></span> <span class='ocrx_word' id='word_1_812' title='bbox 2530 5315 2733 5386; x_wconf 87' lang='lat' dir='ltr'><strong>ligatus</strong></span> <span class='ocrx_word' id='word_1_813' title='bbox 2785 5313 3013 5369; x_wconf 89' lang='lat' dir='ltr'><strong>obieris.</strong></span> <span class='ocrx_word' id='word_1_814' title='bbox 3058 5314 3423 5378; x_wconf 85' lang='lat' dir='ltr'><strong>Quamobrem</strong></span> <span class='ocrx_word' id='word_1_815' title='bbox 3474 5314 3594 5372; x_wconf 85' lang='lat' dir='ltr'><strong>dic,</strong></span> 
     </span>
    </p>
   </div>
   <div class='ocr_carea' id='block_1_110' title="bbox 2025 5400 3589 5476">
    <p class='ocr_par' dir='ltr' id='par_1_110' title="bbox 2025 5400 3589 5476">
     <span class='ocr_line' id='line_1_110' title="bbox 2025 5400 3589 5476; baseline -0.008 -15"><span class='ocrx_word' id='word_1_816' title='bbox 2025 5407 2281 5468; x_wconf 85' lang='lat' dir='ltr'><strong>obsecro,</strong></span> <span class='ocrx_word' id='word_1_817' title='bbox 2301 5406 2461 5461; x_wconf 89' lang='lat' dir='ltr'><strong>nobis</strong></span> <span class='ocrx_word' id='word_1_818' title='bbox 2486 5421 2723 5476; x_wconf 90' lang='lat' dir='ltr'><strong>quonam</strong></span> <span class='ocrx_word' id='word_1_819' title='bbox 2756 5405 2811 5459; x_wconf 91' lang='lat' dir='ltr'><strong>in</strong></span> <span class='ocrx_word' id='word_1_820' title='bbox 2848 5413 2993 5459; x_wconf 90' lang='lat' dir='ltr'><strong>statu</strong></span> <span class='ocrx_word' id='word_1_821' title='bbox 3018 5413 3074 5459; x_wconf 91' lang='lat' dir='ltr'><strong>et</strong></span> <span class='ocrx_word' id='word_1_822' title='bbox 3103 5402 3424 5458; x_wconf 87' lang='lat' dir='ltr'><strong>conditione</strong></span> <span class='ocrx_word' id='word_1_823' title='bbox 3460 5400 3553 5454; x_wconf 86' lang='lat' dir='ltr'><strong>sis.</strong></span> <span class='ocrx_word' id='word_1_824' title='bbox 3572 5417 3589 5449; x_wconf 78' lang='grc' dir='ltr'><strong>ι</strong></span> 
     </span>
    </p>
   </div>
   <div class='ocr_carea' id='block_1_111' title="bbox 2026 5491 3594 5566">
    <p class='ocr_par' dir='ltr' id='par_1_111' title="bbox 2026 5491 3594 5566">
     <span class='ocr_line' id='line_1_111' title="bbox 2026 5491 3594 5566; baseline -0.009 -14"><span class='ocrx_word' id='word_1_825' title='bbox 2026 5497 2164 5552; x_wconf 89' lang='lat' dir='ltr'><strong>Tum</strong></span> <span class='ocrx_word' id='word_1_826' title='bbox 2215 5498 2305 5552; x_wconf 90' lang='lat' dir='ltr'><strong>ille</strong></span> <span class='ocrx_word' id='word_1_827' title='bbox 2340 5501 2714 5566; x_wconf 90' lang='lat' dir='ltr'><strong>respondens,</strong></span> <span class='ocrx_word' id='word_1_828' title='bbox 2759 5516 2777 5547; x_wconf 82' lang='grc' dir='ltr'><strong>ι</strong></span> <span class='ocrx_word' id='word_1_829' title='bbox 2820 5494 3049 5559; x_wconf 83' lang='lat' dir='ltr'><strong>Revera,</strong></span> <span class='ocrx_word' id='word_1_830' title='bbox 3101 5491 3299 5562; x_wconf 90' lang='lat' dir='ltr'><strong>inquit,</strong></span> <span class='ocrx_word' id='word_1_831' title='bbox 3350 5505 3383 5544; x_wconf 81' lang='grc' dir='ltr'><strong>ο</strong></span> <span class='ocrx_word' id='word_1_832' title='bbox 3417 5497 3594 5557; x_wconf 75' lang='lat' dir='ltr'><strong>pater,</strong></span> 
     </span>
    </p>
   </div>
   <div class='ocr_carea' id='block_1_112' title="bbox 2026 5576 3595 5658">
    <p class='ocr_par' dir='ltr' id='par_1_112' title="bbox 2026 5576 3595 5658">
     <span class='ocr_line' id='line_1_112' title="bbox 2026 5576 3595 5658; baseline -0.009 -13"><span class='ocrx_word' id='word_1_833' title='bbox 2026 5576 2445 5645; x_wconf 79' lang='lat' dir='ltr'><strong>adbeSIernum</strong></span> <span class='ocrx_word' id='word_1_834' title='bbox 2479 5604 2652 5658; x_wconf 88' lang='lat' dir='ltr'><strong>usque</strong></span> <span class='ocrx_word' id='word_1_835' title='bbox 2679 5588 2825 5643; x_wconf 85' lang='lat' dir='ltr'><strong>diem</strong></span> <span class='ocrx_word' id='word_1_836' title='bbox 2853 5600 3077 5642; x_wconf 85' lang='lat' dir='ltr'><strong>carcere</strong></span> <span class='ocrx_word' id='word_1_837' title='bbox 3107 5583 3345 5654; x_wconf 76' lang='lat' dir='ltr'><strong>quodam</strong></span> <span class='ocrx_word' id='word_1_838' title='bbox 3374 5582 3595 5635; x_wconf 88' lang='lat' dir='ltr'><strong>clausus</strong></span> 
     </span>
    </p>
   </div>
   <div class='ocr_carea' id='block_1_113' title="bbox 2027 5666 3583 5741">
    <p class='ocr_par' dir='ltr' id='par_1_113' title="bbox 2027 5666 3583 5741">
     <span class='ocr_line' id='line_1_113' title="bbox 2027 5666 3583 5741; baseline -0.007 -3"><span class='ocrx_word' id='word_1_839' title='bbox 2027 5683 2147 5741; x_wconf 87' lang='lat' dir='ltr'><strong>fui:</strong></span> <span class='ocrx_word' id='word_1_840' title='bbox 2187 5696 2378 5738; x_wconf 83' lang='lat' dir='ltr'><strong>verum</strong></span> <span class='ocrx_word' id='word_1_841' title='bbox 2420 5681 2581 5737; x_wconf 89' lang='lat' dir='ltr'><strong>hodic</strong></span> <span class='ocrx_word' id='word_1_842' title='bbox 2615 5680 2831 5740; x_wconf 89' lang='lat' dir='ltr'><strong>solutus</strong></span> <span class='ocrx_word' id='word_1_843' title='bbox 2884 5666 3136 5735; x_wconf 39' lang='lat' dir='ltr'><strong>ac&#39;libcr</strong></span> <span class='ocrx_word' id='word_1_844' title='bbox 3173 5676 3350 5733; x_wconf 56' lang='lat' dir='ltr'><strong>fictus</strong></span> <span class='ocrx_word' id='word_1_845' title='bbox 3381 5686 3521 5732; x_wconf 82' lang='lat' dir='ltr'><strong>sum.</strong></span> <span class='ocrx_word' id='word_1_846' title='bbox 3565 5691 3583 5727; x_wconf 75' lang='grc' dir='ltr'><strong>ι</strong></span> 
     </span>
    </p>
   </div>
  </div>
