4154 6200
520 267 628 333 5'29
1775 272 2184 332 ANNAIJUll.
2219 275 2402 334 PARS
2446 277 2534 338 lV.
3647 267 3752 329 530

517 379 692 441 ζῶντα
731 381 824 431 καὶ
853 379 1160 448 ὀφθαλμοὺς
1200 381 1498 452 ἐξορύττει,
1532 381 1627 435 καὶ
1660 383 1883 452 κράτωρ
1925 379 2078 447 αὖθις

2194 386 2353 438 basdu
2402 385 2662 444 etmserit,
2716 382 2942 435 victoria
3005 381 3055 434 vi
3111 379 3336 450 potitur,
3388 380 3751 434 Artabasdum

517 468 944 522 ἀποκαθίσταται
997 471 1024 521 6
1081 470 1330 542 δεύτερος
1383 471 1550 534 ὅντως
1607 472 1937 536 ’ῐουλιανόςο
1992 477 2084 526 ἁν-

519 559 768 629 Θρώτιους
812 563 905 614 καὶ
945 558 1051 628 γὰρ
1085 560 1206 613 ἔθυε
1234 565 1298 632 τῇ
1336 563 1648 636 Ἀφροδίτῃ.
1682 563 1848 616 ’Ὅθεν
1887 567 1980 616 καὶ
2027 567 2084 617 ὲν

515 650 633 705 ταῖς
663 647 897 716 ἡμέραις
946 648 1110 701 αὐτοῦ
1154 651 1437 719 νοσήματα
1465 651 1677 719 χαλεπὰ
1712 652 1850 705 κατὰ
1881 653 2084 721 θεομη-

517 738 636 789 νίαν
683 737 1014 800 συνέϐαινον,
1045 740 1338 792 κάντεῦθεν
1389 741 1680 793 θανατικδν
1731 740 1952 808 γέγονεν
1987 741 2086 814 ἆρ-

517 832 700 898 ρητον.
732 829 909 899 Φθορὰ
955 830 1064 899 γὰρ
1118 832 1417 901 ἀνθρώπων
1468 831 1768 901 τηνικαῦτα
1816 833 2085 885 ἐπέπεσεν

516 921 676 974 ὁποία
724 921 789 992 δὴ
839 923 931 974 καὶ
975 923 1031 974 ὲν
1079 925 1195 985 ταῖς
1229 924 1462 992 ἡμέραις
1512 924 1892 978 ἰουστινιανοῦ
1922 942 1936 956 ⁸
1969 925 2087 977 ὀλο⁸

517 1009 706 1078 κληροῑ
756 1009 864 1080 γὰρ
916 1010 1273 1079 ἐκλείσθησαν
1320 1008 1479 1066 οἶκοι.
1515 1012 1676 1066 Ἀλλὰ
1729 1015 1821 1065 καὶ
1852 1013 2084 1083 δείματα

518 1101 725 1170 φοϐερὰ
754 1100 941 1170 ἑώρων
965 1102 1014 1154 οἱ
1050 1101 1324 1167 ἄνθρωποι
1343 1119 1358 1134 ο
1385 1104 1459 1166 ὡς
1493 1107 1549 1157 ὲν
1578 1105 1831 1159 ἐκστάσει
1853 1105 1948 1158 καὶ
1977 1105 2085 1175 γὰρ

517 1192 790 1259 γινόμενοι
835 1193 1052 1246 ἐδόκουν
1104 1195 1460 1264 ἐντυγχάνειν
1509 1197 1735 1268 ἀνδράσι
1769 1199 1880 1250 τισὶ⁵
1928 1198 2088 1266 βρια-

521 1287 652 1351 ροῖς.
695 1283 826 1336 Τότε
879 1287 972 1337 καὶ
1020 1285 1190 1355 ψῦχος
1245 1286 1456 1354 γίνεται
1516 1286 1657 1356 μέγα
1715 1290 1808 1340 καὶ
1869 1291 2084 1356 πικρλιν,

517 1378 656 1430 ὥστε
711 1381 803 1433 καὶ
850 1379 946 1449 τὴν
992 1380 1245 1450 ἀρκτῴαν
1289 1379 1384 1434 τοῦ
1436 1381 1637 1432 Πόντου
1679 1379 1946 1449 παράλιον
1995 1378 2086 1430 ἐπὶ

523 1471 673 1538 μίλια
721 1478 767 1540 ρ’
814 1471 1216 1542 ἀπολιθωθῆναι
1259 1473 1318 1525 τδ
1361 1457 1595 1538 πέλαγος
1642 1473 1705 1524 ἐκ
1735 1471 1827 1523 τοῦ
1862 1471 2082 1541 κρύους,

521 1563 599 1620 είς
656 1560 711 1612 δὲ
766 1560 928 1629 βάθος
985 1562 1076 1613 ἐπὶ
1129 1561 1328 1630 πήχεσι
1379 1561 1445 1627 λ’,
1477 1560 1504 1613 6
1557 1559 1652 1612 καὶ
1716 1557 2081 1628 ὲπιχιονισθὲν

521 1651 729 1722 ηὐξήθη
786 1653 980 1722 πήχεις
1030 1652 1249 1722 ἐτέρους
1309 1649 1378 1707 κ’.
1428 1653 1582 1705 Κατὰ
1639 1651 1695 1704 δὲ
1760 1650 1906 1719 μῆνα
1951 1648 2086 1701 Φεϐ-

526 1744 774 1814 ρουάριον
817 1745 896 1805 εἰς
937 1743 1165 1813 διάφορα
1220 1743 1487 1814 τμήματα
1533 1741 1804 1812 διαιρεθὲν
1850 1740 1943 1794 ἐπὶ
1991 1741 2088 1809 τὴν

521 1834 674 1888 πόλιν
703 1835 874 1904 αὐτὴν
907 1835 1002 1887 καὶ
1032 1834 1190 1904 μέχρι
1212 1834 1312 1904 τῆς
1355 1833 1580 1888 Ἀϐύδου
1621 1833 1915 1902 κατῆλθεν,
1966 1829 2088 1901 ἔχον

521 1933 578 1980 ἑν
611 1925 787 1997 ἑαυτῷ
840 1930 933 1980 καὶ
979 1927 1094 1990 ζῶα
1152 1926 1447 1991 πάμπολλα
1496 1924 1850 1995 πεπηγμένα.
1894 1923 2026 1975 Τότε
2061 1922 2090 1974 6

523 2018 694 2070 θέλων
748 2019 1120 2088 πεζοπορῆσαι
1168 2019 1276 2070 ἀπὸ
1323 2017 1670 2087 ἀκροπόλεως
1708 2019 1790 2079 είς
1839 2014 2088 2085 Χρυσού-

524 2109 678 2161 πολιν
720 2109 821 2161 οὐκ
862 2108 1152 2162 ἐκωλύετο.
1187 2108 1320 2162 Τότε
1359 2108 1448 2161 ὑπ’
1482 2109 1661 2163 αὐτῶν
1693 2110 2088 2177 συντριϐόμενα

521 2199 590 2252 τὰ
629 2200 781 2269 τείχη
820 2200 1072 2269 μεγάλως
1111 2199 1460 2270 ὲδονὴθησαν.
1497 2200 1628 2253 Τότε
1667 2200 1734 2270 ιβ’
1768 2199 2084 2269 νομίσματα

522 2290 737 2360 ἐπράθη
765 2292 792 2343 6
823 2291 1004 2360 μόδιος
1047 2293 1079 2360 ἡ
1133 2291 1320 2361 κριθή.
1355 2292 1489 2345 Τότε
1521 2293 1620 2360 τῆς
1656 2293 1798 2346 κατὰ
1829 2292 2086 2345 Μεσοπο-

522 2384 724 2449 ταμίαν
774 2381 878 2448 γῆς
918 2379 1228 2451 σχισθεέσης
1279 2381 1502 2451 ἡμίονος
1549 2381 1771 2449 ἀνεδόθη
1815 2379 2091 2449 πολεμίων

524 2473 706 2540 ἔφοδον
741 2471 1057 2542 ἀνθρωπίνῃ
1106 2475 1256 2543 φωνῇ
1311 2471 1781 2542 προσημαίνουσα.
1825 2473 1934 2524 Καὶ
1966 2471 2088 2523 τότε

524 2565 768 2634 Νικὴτας
815 2581 898 2627 τις
936 2565 1208 2634 εὐνοῦχος,
1241 2565 1308 2618 τὰ
1354 2564 1547 2633 πρῶτα
1580 2567 1760 2633 φέρων
1807 2563 1958 2632 παρὰ
2010 2562 2089 2632 τῷ

525 2655 882 2725 Κοπρωνύμῳ
902 2695 916 2718 ,
941 2656 1106 2726 μηδὲν
1135 2655 1261 2708 ἄλλο
1291 2656 1444 2716 εἰδὼς
1478 2655 1510 2724 ἢ
1542 2655 1740 2708 ἐσθίειν
1767 2655 1861 2708 καὶ
1891 2656 2086 2718 πίνειν,

523 2751 906 2817 χειροτονεῖται
954 2746 1319 2818 πατριάρχης.
1359 2741 1526 2808 Οὗτός
1574 2731 1704 2800 ποτε
1739 2747 1800 2799 1:6
1841 2747 2090 2813 Εὐαγγέ-

525 2838 639 2891 λιον
693 2838 1080 2907 ἀναγινώσκων
1133 2842 1191 2892 ὲν
1238 2838 1336 2916 τῷι
1370 2833 1565 2908 κελλίίρ
1615 2837 1802 2902 αὑτοῦ,
1833 2840 1954 2891 ἀντὶ
1996 2836 2090 2890 τοῦ

525 2931 700 2982 εἰπεῖν
735 2931 799 2982 ἐκ
829 2929 922 2983 τοῦ
965 2931 1106 2983 κατὰ
1137 2929 1432 2996 Ματθαῖον,
1472 2947 1490 2981 ι
1524 2930 1621 2983 Ἐκ
1647 2929 1738 2982 τοῦ
1770 2929 1914 2982 κατὰ
1941 2929 2093 2981 Ματ-

2190 479 2372 531 vivum
2437 478 2605 546 capit,
2659 475 2850 527 oculos
2903 473 3082 527 cidem
3144 473 3310 536 eruit,
3361 488 3539 540 eoque
3592 480 3754 538 pacto

2189 584 2382 636 reap.~c
2407 567 2660 622 Julianus
2691 565 2826 618 alter
2861 562 3148 631 imperium
3184 570 3498 630 recuperat.
3531 561 3757 616 Solebat

2184 660 2330 713 enim
2361 668 2414 713 et
2447 660 2561 725 ipse
2591 657 2783 711 Veneri
2817 656 3054 709 victimis
3085 655 3343 708 humanis
3393 655 3572 707 litare.
3609 652 3755 718 Qua-

2187 761 2410 819 propter
2460 765 2526 803 eo
2577 759 2838 817 regnante
2895 746 3000 799 diri
3055 746 3276 814 quidam
3332 743 3506 797 morbi
3555 759 3620 797 ex
3673 743 3752 796 ira

2187 845 2370 896 divina
2415 841 2614 910 passim
2646 839 2872 904 grassati
2913 847 3061 896 sunt,
3092 837 3341 904 adeoque
3374 835 3542 904 pestis
3567 833 3756 887 ineffa-

2187 934 2325 989 biles
2369 934 2653 986 hominum
2711 929 2896 998 copias
2957 928 3198 988 sustulit,
3239 940 3599 997 nequaquam
3663 924 3756 977 illa

2188 1025 2369 1080 minor
2412 1040 2532 1093 qua:
2585 1021 2877 1076 Justiniani
2927 1019 3270 1086 temporibus
3335 1019 3580 1071 exstitit:
3630 1031 3754 1068 nam

2188 1118 2384 1171 domus
2443 1116 2668 1182 integra:
2721 1126 2948 1181 prorsus
2988 1109 3442 1163 occludebantur.
3491 1106 3756 1160 Pranerea

2187 1224 2246 1262 se
2298 1205 2748 1261 terr’iculamcnta
2797 1201 3044 1270 quaedam
3106 1198 3380 1253 horrenda
3435 1196 3758 1254 mortalibus

2191 1299 2520 1356 offerebant,
2570 1311 2692 1348 cum
2749 1295 2816 1348 de
2869 1302 3138 1362 potestate
3193 1291 3409 1345 scilicet
3455 1287 3658 1355 egressi
3703 1297 3760 1339 et

2189 1399 2339 1446 extra
2364 1404 2422 1442 se
2443 1388 2577 1456 rapti
2608 1396 2862 1455 putarent
2890 1386 2943 1438 in
2976 1385 3224 1460 homines
3251 1398 3309 1436 se
3336 1371 3567 1435 terribili
3604 1380 3757 1433 vultu

2191 1479 2446 1550 pneditos
2492 1478 2751 1532 incidere.
2796 1478 2950 1531 Tunc
2997 1479 3064 1530 et
3128 1476 3320 1545 ingens
3387 1473 3762 1539 acerbumque

2188 1570 2327 1623 adeo
2358 1569 2529 1639 frigus
2556 1569 2856 1630 exstitit,ut
2883 1582 2912 1620 a
2948 1567 3099 1635 ponti
3149 1574 3301 1634 parte
3337 1561 3760 1632 septentrionali

2190 1678 2299 1731 pra:
2338 1660 2540 1730 frigore
2573 1661 2856 1730 glacieque
2889 1658 3112 1728 pelagus
3157 1657 3223 1710 ad
3253 1664 3474 1710 centum
3505 1670 3532 1707 a
3573 1653 3761 1706 littore

2193 1752 2448 1806 milliaria
2479 1752 2867 1821 lapidesceret,
2914 1752 3070 1820 cujus
3101 1747 3294 1817 glaciei
3341 1744 3616 1800 crassities
3661 1742 3763 1796 tri-

2191 1844 2338 1914 ginta
2371 1842 2586 1898 cubitos
2616 1839 3155 1910 :equabat.Cumque
3194 1838 3344 1906 larga
3377 1834 3637 1902 deinceps
3669 1831 3762 1884 nix

2191 1952 2353 2004 supra
2384 1935 2611 2005 glaciem
2645 1934 2786 1987 hanc
2813 1933 3031 2001 delapsa
3064 1930 3277 1989 fuisset,
3305 1927 3370 1981 ad
3401 1927 3540 1980 alios
3566 1923 3764 1993 viginti

2193 2025 2411 2079 cubitos
2455 2039 2520 2078 ea
2553 2023 2829 2076 crassities
2860 2020 3124 2075 excrevit.
3175 2016 3419 2072 Tandem
3457 2011 3764 2067 Februario

2193 2099 2383 2170 niense
2420 2114 2622 2184 glacies
2653 2113 2868 2166 diversa
2927 2112 2981 2164 in
3032 2108 3301 2180 fragmina
3347 2107 3560 2160 divulsa
3591 2117 3764 2171 usque

2190 2210 2260 2262 ab
2293 2208 2484 2262 urbem
2513 2207 2683 2275 ipsam
2716 2213 2769 2258 et
2793 2204 3045 2273 Abydum
3083 2202 3260 2255 delata
3289 2208 3390 2253 est.
3425 2200 3485 2251 In
3516 2197 3584 2250 iis
3613 2196 3764 2262 frag-

2194 2301 2434 2356 minibus
2473 2308 2588 2353 erat
2621 2297 2806 2351 videre
2843 2295 3156 2364 complures
3190 2292 3312 2361 gelu
3370 2292 3625 2344 astrictas
3674 2287 3768 2340 be-

2192 2395 2347 2449 stias.
2368 2390 2573 2456 Quodsi
2607 2389 2732 2458 quis
2765 2388 2833 2440 ab
2861 2403 2986 2441 arce
3017 2383 3401 2455 Chrysopolim
3436 2395 3608 2450 usque
3640 2393 3769 2448 pro-

2195 2485 2360 2540 ficisci
2397 2483 2562 2552 pedes
2595 2480 2836 2539 volebat,
2867 2478 3093 2531 omnino
3128 2475 3179 2528 id
3213 2475 3391 2528 facere
3424 2473 3572 2526 nulla
3602 2470 3770 2538 impe-

2193 2578 2342 2632 ditus
2397 2592 2453 2628 re
2503 2580 2732 2643 poterat.
2790 2571 2964 2637 Atque
3015 2569 3129 2621 haec
3192 2564 3459 2634 fragmina
3501 2563 3555 2616 in
3611 2561 3768 2616 urbis

2193 2683 2382 2723 muros
2415 2666 2650 2735 impacta
2689 2662 3045 2717 vehementer
3072 2674 3168 2713 eos
3199 2663 3610 2711 succusserunt.
3653 2651 3768 2705 Eo-

2194 2760 2320 2813 dem
2355 2757 2709 2826 Copronymo
2747 2753 3053 2821 imperante
3091 2748 3306 2803 modius
3343 2746 3533 2800 hordei
3571 2743 3637 2797 l2
3664 2757 3769 2794 au-

2195 2852 2306 2905 reis
2329 2849 2522 2904 veniit.
2566 2846 2815 2914 Cumque
2847 2853 2992 2897 terra
3037 2841 3354 2896 dehisceret
3381 2839 3435 2892 in
3462 2837 3771 2904 Mesopota-

2195 2940 2328 3004 mia,
2365 2938 2546 2991 mulus
2572 2934 2740 2996 exiit,
2779 2933 3128 2999 humanaque
3185 2944 3318 2985 voce
3343 2937 3629 2982 secuturos
3672 2926 3771 2978 ho-

525 3016 696 3082 θάῖον,
740 3037 758 3070 ι
799 3019 1159 3088 ἐξεφώνησεν.
1198 3005 1315 3086 Ἐφ’*
1355 3013 1398 3086 ᾧ
1448 3018 1540 3072 καί
1575 3035 1659 3080 τις
1690 3017 1798 3070 τῶν
1828 3034 2089 3088 παριστα-

2198 3030 2362 3085 stium
2394 3029 2648 3081 incursus
2669 3021 3200 3077 denuntiavit/fune
3221 3029 3277 3074 et
3303 3020 3522 3073 Nicetas
3541 3017 3768 3086 quidam

530 3110 706 3178 μένων
737 3105 884 3162 εἰπε*
923 3129 941 3162 ι
970 3111 1063 3180 Μὴ
1094 3109 1292 3178 διαίρει
1337 3110 1438 3178 τὴν
1475 3127 1531 3163 αι
1579 3108 1914 3176 δίφθογγον.»
1949 3107 2090 3177 Πρὸς

523 3200 582 3251 ὃν
615 3201 818 3263 ὲκείνος
875 3199 976 3268 ἔφη
1041 3201 1179 3270 μετὰ
1209 3200 1380 3268 θυμοῦ
1411 3215 1426 3229 ·
1479 3217 1499 3250 ι
1534 3200 1794 3269 Φλυαρεῐς
1819 3217 1832 3231 ·
1866 3199 1935 3254 τὰ
1979 3197 2089 3270 γὰρ

530 3291 795 3359 δίφθογγα
824 3293 918 3344 καὶ
951 3291 1256 3360 τρίφθογγα
1288 3291 1459 3360 πολλὰ
1491 3293 1638 3360 μισεῖ
1666 3292 1698 3361 ἡ
1731 3291 1879 3362 ψυχή
1913 3307 2036 3361 μου.
2063 3309 2083 3343 ι

538 3385 596 3437 Ὀ
625 3385 679 3436 δὲ
709 3383 971 3453 τύραννος
1025 3384 1131 3436 ἀπὸ
1185 3385 1544 3453 ἐκστρατείας
1593 3383 1954 3452 ὑποστρέφων
1993 3382 2092 3434 ἀν-

529 3474 820 3546 θρακοῦται
853 3473 920 3526 τὰ
954 3472 1141 3543 σκέλη,
1174 3473 1269 3525 καὶ
1307 3473 1435 3542 περὶ
1475 3473 1536 3526 τδ
1604 3472 1936 3542 στρογγύλον
1967 3471 2093 3542 θνή-

529 3583 647 3618 σκει
697 3564 880 3634 λάϐρῳ
912 3563 1130 3633 πυρετῷ
1165 3564 1462 3631 συσχεθεὶς,
1489 3562 1646 3618 τοῦτο
1675 3564 1769 3618 καὶ
1804 3564 1962 3632 μόνον
2000 3564 2092 3616 ἐπὶ

528 3654 736 3716 τούτοις
788 3652 978 3715 εἰπὼν,
1019 3654 1098 3705 ὅτι
1123 3652 1238 3704 Ζῶν
1272 3652 1519 3722 scema
1553 3653 1685 3722 πυρὶ
1730 3652 2092 3722 παραδίδομαι

528 3745 616 3799 διὰ
667 3746 764 3812 τὴν
821 3743 1071 3813 Μαρίαν
1113 3743 1228 3794 ἀλλ’
1258 3741 1364 3794 ἀπὸ
1407 3740 1501 3794 τοῦ
1549 3741 1643 3794 νῦν
1696 3741 1966 3809 τιμάσθω.
2005 3741 2095 3794 Γί-

528 3853 702 3890 νωσκε
731 3835 809 3900 δὲ,
842 3835 1118 3904 ἀγαπητὲ,
1151 3835 1234 3886 ὃτι
1287 3833 1458 3886 πολλὰ
1486 3833 1581 3886 καὶ
1621 3833 1882 3897 πολλάκις
1930 3833 2096 3903 ζητὴ-

532 3944 720 3990 σαντες
769 3926 891 3980 ὅθεν
940 3927 1141 3988 ὲκετνος
1199 3925 1403 3996 ἐκλήθη
1466 3924 1878 3996 Κοπρὼνυμος,
1939 3925 2094 3976 ούδὲν

530 4021 657 4075 ἄλλο
689 4020 720 4088 ἢ
756 4019 913 4072 τοῦτο
945 4017 1104 4088 μόνον
1131 4016 1384 4088 εὕρομεν.
1414 4018 1581 4089 Χώρα
1607 4019 1686 4080 τίς
1715 4021 1831 4072 ἐστι
1868 4018 2096 4072 Κάσαλα

530 4111 669 4166 οὕτω
696 4111 985 4180 λεγομένη.
1017 4111 1079 4162 Ol
1115 4104 1206 4162 οὖν
1251 4110 1466 4162 ἐκεῖθεν
1504 4111 1817 4180 ὁρμώμενοι
1852 4109 2096 4162 Καόαλῖ-

532 4223 610 4257 νοι
660 4207 874 4264 πάντως
916 4201 1181 4269 ἐλέγοντο.
1223 4201 1466 4254 Ἐκεῖθεν
1511 4202 1604 4254 οὗν
1650 4201 1744 4254 καὶ
1795 4201 1955 4264 αὐτὸς
1996 4201 2096 4271 τὴν

531 4296 783 4364 γέννησιν
828 4296 1050 4364 ἔσχηκε,
1085 4295 1178 4348 καὶ
1223 4294 1409 4364 ἐπειδὴ
1442 4295 1585 4347 κατά
1634 4311 1756 4347 τινα
1805 4295 2096 4367 συνήθειαν

2191 3119 2503 3181 eunuchus,
2553 3114 2800 3186 principe
2847 3112 2990 3182 apud
3025 3111 3433 3181 Copronymum
3480 3110 3625 3168 loco.
3668 3106 3766 3176 qui

2194 3211 2334 3266 nihil
2367 3210 2516 3263 aliud
2550 3209 2715 3262 sciret
2741 3220 2905 3276 quam
2935 3205 3099 3258 edere
3133 3212 3187 3257 et
3216 3203 3425 3265 bibere,
3458 3199 3769 3268 patriarcha

2191 3308 2408 3354 creatus
2447 3307 2551 3353 est.
2581 3295 2716 3351 Cum
2747 3293 3043 3364 aliquando
3074 3291 3429 3361 Evangelium
3473 3291 3526 3343 in
3571 3289 3766 3344 cellula

2195 3407 2294 3445 sua
2350 3392 2630 3454 recitaret,
2667 3404 2766 3458 pro
2801 3404 2866 3442 eo
2910 3385 3056 3454 quod
3096 3383 3392 3437 dicendum
3429 3391 3588 3437 erat:
3627 3400 3646 3432 ι
3693 3381 3770 3434 Ex

2197 3481 2486 3551 Evangelio
2551 3479 2855 3534 secundum
2925 3475 3260 3536 Matth-xum,
3298 3492 3317 3524 ι
3353 3471 3766 3542 pronuntiavit:

2201 3593 2219 3626 ι
2240 3574 2318 3630 Ex
2342 3571 2634 3641 Evangelio
2669 3569 2972 3626 secundum
2997 3568 3388 3622 Matthaeuma
3420 3564 3500 3618 lbi
3529 3563 3768 3632 quodam

2195 3681 2260 3720 ex
2303 3665 2610 3718 astantibus
2651 3661 3022 3732 subjiciente:
3057 3679 3075 3710 ι
3128 3658 3249 3714 Noli
3285 3673 3333 3711 ,ε
3359 3657 3764 3725 diphthongum

2197 3754 2419 3824 (gemini
2471 3753 2587 3806 soni
2625 3755 2838 3820 vocem)
2867 3750 3133 3814 dividere,
3174 3768 3192 3799 ο
3238 3767 3256 3800 ι
3298 3748 3550 3818 Nugaris,
3583 3766 3602 3798 ι
3663 3745 3765 3806 ait,

2195 3845 2434 3916 quadam
2471 3860 2594 3899 cum
2646 3845 2974 3898 iracundia:
3012 3861 3029 3894 ι
3072 3857 3198 3896 nam
3251 3856 3374 3910 qua:
3421 3838 3670 3909 geminos
3701 3845 3760 3890 et

2197 3938 2369 3990 trinos
2391 3951 2556 3991 sonos
2593 3935 3014 3999 habent,anima
3043 3947 3161 3984 mea
3189 3931 3547 3984 vehementer
3582 3925 3758 3980 odit.»

2197 4024 2439 4079 Tandem
2480 4025 2568 4078 hic
2607 4033 2868 4092 tyrannus
2904 4023 2971 4076 ab
3005 4020 3353 4090 expeditione
3393 4017 3627 4086 quadam
3677 4030 3769 4069 re-

2201 4125 2424 4170 vertens
2456 4115 2780 4170 carbunculi
2815 4115 3066 4168 morbum
3120 4113 3174 4166 in
3225 4110 3458 4179 pedibus
3488 4107 3772 4172 sensit._et

2198 4205 2509 4259 vehementi
2541 4204 2691 4258 febre
2729 4205 2874 4257 circa
2915 4200 3251 4271 strongylum
3281 4207 3567 4266 correptus
3599 4195 3768 4248 vitam

2200 4295 2374 4356 finiit,
2430 4310 2554 4349 cum
2611 4297 2787 4350 solum
2858 4296 2960 4347 hoc
3045 4293 3275 4346 verbum
3341 4287 3778 4359 pronuntiasset,

533 4389 812 4442 Καϐαλίνα
870 4389 903 4458 ἡ
962 4387 1166 4455 κοπρία
1211 4386 1454 4454 λέγεται,
1481 4385 1705 4447 δικαίως
1756 4387 1783 4438 6
1836 4387 2089 4450 κάκιστος

2209 4405 2225 4435 ‹
2255 4387 2484 4454 Propter
2513 4385 2786 4440 insaniam
2819 4385 3175 4452 furoremque
3212 4397 3394 4435 meum
3423 4377 3579 4432 vivus
3613 4375 3772 4429 inex-

532 4481 737 4541 ἐκεῖνος
783 4476 1060 4548 ἐπεκλήθη
1098 4477 1496 4546 Κοπρώνυμος,
1528 4475 1603 4539 ὡς
1654 4477 1826 4547 ὄνομα
1864 4477 2097 4547 κοπρίας

533 4571 589 4622 ἐν
616 4567 792 4637 ἐαυτῷ
818 4566 976 4636 δῆθεν
1008 4565 1422 4635 ἐπιφερόμενος.

2213 4475 2417 4529 stincto
2454 4474 2566 4544 igni
2619 4473 2822 4529 trador.
2858 4473 3124 4541 Deinceps
3175 4487 3308 4525 vero
3362 4469 3495 4539 quin
3550 4482 3611 4521 ea
3646 4479 3770 4534 qua:

2209 4568 2468 4637 prohibui
2517 4581 2640 4620 cum
2701 4567 2931 4618 honoris
2989 4564 3262 4618 delatione
3319 4563 3486 4623 fiant,
3542 4557 3774 4612 minimo

533 4673 678 4718 veto.
729 4684 747 4716 ι
786 4663 958 4734 \felim
991 4670 1173 4716 autem
1219 4659 1658 4714 animadvertere
1703 4667 1757 4714 te
1794 4659 1899 4715 hoc
1945 4660 2087 4725 loco,
2129 4659 2326 4716 dilecte
2379 4662 2490 4727 fili,
2539 4677 2637 4716 nos
2707 4661 2939 4714 multum
2983 4669 3038 4714 et
3088 4658 3290 4727 saepius
3336 4655 3630 4725 inquisitos
3671 4669 3773 4707 cur

535 4755 624 4809 hic
652 4758 952 4825 imperator
979 4752 1358 4822 Copronymus
1389 4757 1703 4814 vocaretur,
1772 4751 1878 4806 hoc
1947 4759 2160 4807 tantum
2200 4754 2473 4824 reperisse
2498 4795 2514 4817 ,
2547 4753 2826 4822 regionem
2859 4750 3154 4822 quamdam
3206 4764 3327 4804 esse
3381 4764 3502 4817 qua:
3546 4746 3770 4801 Caballa

533 4849 778 4916 dicatur;
812 4864 877 4903 ex
911 4862 974 4902 ea
1024 4853 1294 4915 quotquot
1333 4843 1558 4898 oriundi
1601 4844 1734 4909 sint,
1775 4844 2090 4901 Caballinos
2125 4845 2294 4902 fuisse
2318 4855 2560 4901 vocatos.
2619 4846 2783 4916 285
2842 4844 3354 4910 Quamobremeum
3376 4837 3774 4896 Constantinus

537 4942 624 4995 hic
665 4940 790 4993 inde
833 4937 1099 5004 originem
1137 4934 1386 4998 traxerit,
1432 4949 1496 4988 ac
1537 4949 1689 4988 more
1747 4934 2038 4992 inoleverit
2093 4945 2154 4991 ut
2191 4946 2406 4996 stercus
2444 4938 2776 4993 caballinum
2817 4936 3087 4997 dicamus,
3124 4950 3232 4988 non
3266 4935 3366 4988 abs
3395 4949 3452 4988 re
3487 4933 3569 4986 vir
3600 4931 3776 4988 scele-

536 5032 842 5091 ratissimus
890 5045 921 5082 a
981 5037 1259 5082 stcrcoreo
1320 5025 1545 5082 nomine
1595 5025 1972 5098 Copronymus
2018 5039 2102 5085 est
2140 5042 2513 5102 nuncupatus,
2585 5038 2645 5086 ut
2681 5029 2775 5099 qui
2838 5035 3182 5084 stercoreum
3231 5042 3430 5082 nonnon
3475 5027 3530 5081 in
3579 5043 3639 5084 se
3667 5027 3775 5081 cir.

535 5125 855 5182 cumferret.

603 5221 757 5274 Μετὰ
799 5219 857 5272 δὲ
906 5217 1095 5271 τοῦτον
1143 5217 1340 5288 κρατεῖ
1379 5219 1406 5270 6
1449 5219 1514 5271 ὲκ
1566 5217 1665 5286 τῆς
1696 5218 1954 5291 Χαζάρας
1988 5223 2089 5286 υίὸς

2268 5224 2398 5279 Post
2428 5221 2839 5292 Copronymum
2868 5235 2989 5294 eius
3015 5234 3081 5275 ex
3102 5223 3334 5292 conjuge
3361 5219 3603 5276 Chazara
3630 5216 3775 5270 tilias

531 5312 695 5365 αὑτοῦ
735 5311 886 5365 Λέων
936 5297 1033 5378 ἔτη
1087 5309 1147 5374 ε’,
1189 5309 1418 5378 εὐσεϐὴς
1471 5309 1573 5380 μὲν
1625 5308 1700 5364 ὢν
1741 5311 1862 5365 κατ’
1899 5313 2099 5384 ἀρχάςο

531 5407 726 5456 ἐπειτα
772 5403 830 5455 δὲ
878 5403 937 5455 1:6
991 5403 1089 5472 τῆς
1123 5400 1464 5471 Ἐκκλησίας
1521 5401 1742 5471 στέμμα
1774 5406 1950 5472 φορεῖ,
1979 5404 2102 5458 ὅθεν

531 5493 986 5561 ἀπανθρακωθεὶς
1039 5494 1229 5560 ὥσπερ
1281 5491 1384 5546 ὑπὸ
1445 5493 1650 5562 λαϐροῦ
1713 5495 1948 5565 πυρετοῦ
2014 5513 2101 5548 τε-

533 5587 717 5653 λευτᾷ.
751 5586 881 5636 Τότε
927 5585 1020 5637 καὶ
1051 5587 1077 5637 6
1124 5586 1272 5637 κύων
1303 5587 1504 5646 ἐκεῖνος
1534 5582 1601 5653 ἦν
1629 5585 1657 5637 6
1688 5591 1779 5640 τὸν
1815 5588 1976 5654 φονέα
2005 5587 2095 5640 τοῦ

537 5680 726 5752 κυρίου
785 5676 943 5732 αὐττῦ
1007 5678 1277 5744 γνωρίσας
1337 5679 1391 5729 ἐν
1452 5678 1733 5753 καπηλείῳ
1781 5678 2095 5731 simillima.

2201 5316 2313 5372 Leo
2361 5315 2523 5369 annis
2547 5313 2796 5384 quinque
2844 5313 3161 5382 imperavit,
3217 5311 3507 5382 religiosus
3553 5323 3617 5361 ac
3651 5306 3776 5375 pius

2209 5405 2434 5475 quidem
2482 5404 2571 5459 ille
2613 5403 2684 5459 ab
2722 5403 2905 5467 initio,
2940 5417 3129 5457 verum
3167 5401 3260 5456 ubi
3292 5412 3548 5456 coronam
3577 5394 3773 5448 Eccle-

2207 5498 2301 5551 siae
2331 5497 2588 5551 donatam
2629 5505 2917 5566 gestasset,
2944 5491 3265 5548 carbunculi
3300 5488 3489 5546 inorbo
3523 5495 3765 5548 vexatus

2205 5587 2420 5642 ardenti
2459 5585 2610 5641 febre
2642 5585 2860 5640 tandem
2894 5582 3287 5650 exstinguitur.
3342 5577 3568 5632 Exstitit
3615 5577 3770 5633 hisce

2209 5677 2559 5748 t-mpnribns
2587 5676 2742 5730 canis
2794 5675 2881 5728 ille
2916 5675 3008 5742 qui
3057 5672 3174 5726 bcri
3229 5670 3312 5722 sui
3361 5669 3768 5724 interfectorem
