4154 6200
355 157 453 224 531
1590 153 2008 216 MICHAELIS
2049 156 2307 219 cum
3477 164 3577 227 ωε

356 267 564 322 indicio
595 282 694 321 suo
729 266 988 336 prodidit,
1016 281 1138 319 cum
1170 265 1278 318 vini
1312 265 1537 319 bibendi
1575 282 1740 320 causa
1775 281 1913 319 cau—

2045 266 2113 318 ὀῦ
2152 272 2296 322 πιεῖν
2330 267 2493 326 οἶνον.
2532 274 2593 325 '0
2631 272 2737 341 γὰρ
2791 272 2936 325 κύων
2968 271 3105 341 μετά
3166 270 3223 323 τὸ
3256 272 3581 340 φονευθῆναι

359 373 556 428 ponam
606 357 885 425 ingressus
929 365 1092 411 esset.
1140 354 1272 408 Nam
1305 356 1657 426 domino.suo
1704 368 1917 420 necato,

2045 362 2111 417 τὸν
2163 363 2350 433 κύριον
2403 364 2755 418 συνοδεύοντά
2800 382 2906 417 τινι
2952 363 3246 434 κακούργῳ
3290 363 3409 417 καθ’
3464 365 3583 416 ὁδὸν

360 448 454 514 qui
510 462 632 501 cum
681 446 903 499 homine
955 444 1207 498 malefico
1262 445 1364 498 iter
1397 446 1619 510 fecerat,
1648 447 1919 515 quoddam

2045 452 2353 524 τροσήλυτος
2418 457 2473 508 έν
2530 456 2834 525 πανδοκείῳ
2884 455 3127 523 γέγονεν.
3188 455 3404 507 Ἒκείσε
3454 472 3584 523 you;

363 537 419 589 in
449 534 812 589 diversorium
857 549 976 586 sese
1006 535 1277 600 contulit;
1313 550 1422 605 quo
1457 552 1579 590 cum
1628 537 1767 592 forte
1813 538 1927 591 for-

2045 544 2258 613 τυχαίως
2311 546 2568 599 εἰσελθὼν
2613 550 2641 600 6
2694 548 2888 615 φονεὺς
2938 544 3244 614 ἐγνωρίσθη
3300 548 3446 613 παρά
3488 564 3583 598 του

365 634 498 678 tuna
536 625 775 677 venisset
813 622 1087 676 homicida
1136 623 1251 690 ille,
1280 639 1404 678 mox
1447 640 1477 679 a
1529 640 1664 681 cane
1707 632 1926 696 agnitus

2045 637 2206 701 ιυνὸς,
2232 636 2329 689 καὶ
2377 635 2630 690 τοσοῦτον
2660 633 2728 707 ἦν
2763 639 2967 701 ἐκεῖνος
3004 636 3096 693 ὑπῗ
3151 634 3302 704 αὑτῷ
3335 636 3585 688 ὑλακτῶν

364 714 487 768 fuit.
539 712 726 781 Neque
757 711 909 767 canis
960 712 1251 783 insigniter
1300 715 1475 784 ipsius
1512 733 1674 772 causa
1721 718 1926 773 latrare

2045 712 2162 801 am
2195 725 2431 795 ὑποψίαν
2454 727 2551 779 οὑκ
2586 726 2794 796 ἀγαθὴν
2829 727 3010 779 δοῦναι
3044 725 3173 794 περὶ
3215 724 3402 780 αὑτοῦ.
3439 728 3589 795 Κρα-

367 801 674 866 desinebat,
707 800 781 856 ita
814 812 872 856 ut
904 803 1122 858 tandem
1175 803 1412 861 infausta
1455 808 1705 876 quaedam
1744 812 1930 882 couje~

362 906 516 951 ctura
551 894 620 950 de
661 896 870 951 latrone
898 897 1304 966 conciperetur.
1348 901 1540 971 Itaque
1566 905 1777 959 carceri
1822 906 1925 959 ho-

368 987 564 1041 micida
602 988 961 1056 mancipatur,
987 988 1053 1042 ad
1092 1001 1379 1059 praetorem
1412 994 1724 1060 deducitur,
1763 1013 1930 1051 accu-

370 1085 484 1131 rate
523 1077 919 1146 quaastionibus
963 1078 1273 1147 subjicitur,
1324 1083 1407 1136 vel
1464 1084 1668 1141 invitus
1717 1085 1931 1142 facinus

368 1184 529 1221 suum
566 1168 786 1233 fatetur,
813 1185 877 1223 ac
901 1172 1117 1225 tandem
1149 1174 1381 1228 malefici
1408 1191 1559 1231 more
1601 1187 1854 1233 necatur.

439 1258 623 1313 Leone
654 1270 870 1314 mortuo
901 1262 1046 1316 ﬁlius
1096 1264 1211 1333 ejus
1238 1264 1633 1323 Constantinus
1663 1269 1730 1321 i7
1768 1271 1931 1325 annis

371 1362 553 1400 rerum
606 1349 837 1417 potitur,
899 1351 999 1405 sub
1050 1354 1207 1422 cujus
1272 1354 1504 1425 imperio
1545 1366 1601 1412 et
1646 1357 1930 1423 dominatu

374 1436 563 1505 religio
598 1432 811 1493 radices
834 1440 1026 1509 agebat
1058 1451 1114 1496 et
1145 1446 1597 1501 monasteriorum
1633 1450 1931 1511 multitudo

372 1526 763 1597 adaugebatur.
794 1531 998 1586 Eodem
1030 1533 1331 1603 imperante
1362 1539 1585 1603 quidam
1615 1541 1667 1594 in
1699 1542 1930 1595 Thracia

375 1626 573 1671 terram
631 1620 846 1678 fodiens
888 1626 1079 1679 cistam
1115 1627 1347 1694 invenit,
1385 1631 1437 1684 in
1470 1647 1578 1701 qua
1614 1634 1931 1705 huju~modi

376 1708 538 1763 verba
584 1712 788 1781 scripta
832 1717 1302 1782 reperiebantur:
1338 1720 1592 1779 Christus
1638 1740 1670 1779 e
1722 1727 1933 1798 virgine

373 1800 539 1855 Maria
591 1815 865 1870 nascetur,
902 1806 956 1860 in
999 1824 1162 1878 quem
1210 1827 1310 1883 ego
1355 1815 1541 1870 credo.
1575 1815 1934 1876 Constantino

375 1899 429 1945 ct
469 1892 623 1948 lrena
675 1896 928 1964 religiose
981 1898 1378 1969 imperantibus
1434 1921 1653 1961 rursum
1681 1923 1791 1976 me,
1826 1912 1934 1977 sol,

380 1981 610 2038 videbis.
651 2003 669 2036 ι
710 1985 979 2043 Cmterum
1014 1992 1127 2046 haec
1173 1993 1331 2048 lrena
1369 1997 1643 2067 particeps
1673 2009 1794 2053 erat
1832 2001 1937 2055 im-

377 2073 517 2138 perii
569 2073 911 2134 Constantini
960 2081 1075 2145 filii,
1130 2098 1233 2137 nec
1259 2099 1381 2153 qua:
1411 2086 1479 2139 ab
1510 2087 1629 2157 ipso
1679 2089 1937 2161 designa-

378 2165 577 2217 bantur
610 2181 769 2234 τρηυο
798 2170 905 2236 pati
939 2171 1124 2225 animo
1156 2183 1395 2240 poterat.
1428 2177 1563 2231 Nam
1600 2188 1653 2233 et
1704 2191 1935 2237 matrem

375 2253 671 2321 aliquando
699 2256 975 2312 submovit
996 2259 1062 2315 ab
1087 2260 1298 2331 imperii
1327 2265 1731 2335 gubernaculis.
1763 2286 1939 2339 quan-

377 2356 539 2409 quam
584 2346 843 2414 deinceps
875 2362 994 2402 eam
1025 2351 1369 2419 paenitudine
1413 2355 1610 2413 ductus
1657 2359 1711 2413 in
1757 2362 1938 2416 aulam

381 2429 637 2498 reduxit;
669 2441 724 2488 et
761 2436 993 2508 conjuge
1030 2454 1150 2504 sua,
1200 2440 1401 2497 femina
1432 2446 1591 2503 valde
1638 2460 1811 2515 casta,
1847 2468 1939 2507 re-

348 2519 929 2593 ‘pudiata,quamdam
958 2528 1121 2584 aliam
1152 2532 1272 2604 ejus
1304 2534 1424 2591 loco
1449 2552 1674 2594 uxorem
1704 2544 1935 2613 accepit.

381 2608 566 2680 Itaque
597 2611 769 2668 [ilium
799 2625 983 2685 mater.
1006 2621 1355 2690 consopitum
1387 2626 1565 2683 oculis
1590 2630 1806 2703 spoliat,
1831 2608 1940 2702 quo

381 2699 586 2756 factum
617 2712 701 2758 est
729 2713 790 2760 ut
828 2706 908 2762 sol
943 2711 1253 2780 complures
1279 2714 1400 2772 dies
1436 2717 1619 2775 radios
1646 2700 1776 2777 suos
1806 2699 1943 2793 pure

382 2806 490 2844 non
542 2794 839 2851 emitteret.
895 2797 1001 2854 Sed
1033 2802 1180 2856 enim
1242 2803 1397 2861 lrena
1446 2807 1767 2878 imperati-ix
1811 2812 1939 2870 facti

2023 818 2197 870 τεῖται
2247 817 2437 871 λοιπὸν
2484 818 2512 870 6
2551 820 2767 889 φονεὺς,
2819 818 3162 889 προσάγεται
3210 818 3289 887 τῷ
3340 818 3585 885 ἄρχοντι,

2026 907 2279 972 ὲτάζεται
2329 909 2594 979 ἀκριϐῶς,
2629 910 2884 977 ὁμολογεῖ
2918 910 3012 963 καὶ
3056 909 3225 974 ἄκων,
3275 908 3589 961 καὶντελευ·

2026 1000 2179 1051 ταϊον
2210 1000 2287 1064 ὼς
2322 999 2629 1073 κακοῦργος
2654 1001 2980 1071 ἀναιρεῖται.

2098 1259 2253 1312 Μετά
2280 1259 2336 1313 δὲ
2362 1259 2551 1314 τοῦτον
2578 1262 2776 1331 κρατεῖ
2795 1262 2823 1317 6
2850 1262 2964 1327 υίὸς
2990 1262 3154 1317 αὑτοῦ
3183 1263 3590 1325 Κωνστανττνος

2033 1349 2131 1402 σῦν
2158 1353 2222 1421 τῇ
2269 1351 2435 1404 αὐτοῦ
2464 1352 2629 1424 μητρὶΙ
2660 1353 2865 1424 Είρήνῃ
2892 1352 2986 1425 ἔτη
3023 1352 3108 1418 ιζ’,
3139 1353 3229 1422 ὑφ’
3276 1353 3337 1405 οῦ
3379 1354 3411 1421 ή
3440 1354 3595 1406 εὐσέ-

2032 1441 2155 1494 ϐεια
2194 1443 2519 1512 κρατύνεται
2570 1442 2665 1499 καὶ
2723 1443 2791 1498 τά
2836 1445 3179 1515 μοναστήρια
3210 1444 3594 1499 πλατύνονται.

2035 1536 2291 1593 Τότεκαὶ
2339 1536 2396 1587 ὲν
2424 1537 2489 1604 τῇ
2533 1534 2725 1608 Θρᾴκῃ
2764 1534 3015 1604 ὀρύσσων
3065 1551 3151 1611 τις
3194 1528 3320 1606 εὗρε
3352 1536 3596 1606 λάρνακα

2036 1628 2091 1678 ὲν
2217 1624 2609 1699 γεγραμμένον
2643 1621 2733 1701 ἦν’
2776 1644 2803 1695 (ν
2833 1626 3068 1701 Χριστὸς
3089 1627 3383 1695 γεννᾶσθαι
3416 1626 3598 1695 μέλλει

2036 1721 2098 1795 ὲκ
2130 1718 2348 1795 Μαρίας
2378 1718 2479 1790 τῆς
2526 1710 2818 1790 παρθένου,
2854 1718 2950 1791 καὶ
3002 1717 3243 1787 πιστεύω
3289 1718 3371 1780 είς
3415 1717 3596 1795 αὑτόν.

2048 1792 2171 1863 Ἐπὶ
2211 1792 2742 1883 Κίωνσταντίνουμκαὶ
2766 1809 3000 1879 Εἰρήνης
3032 1808 3142 1879 τῶν
3171 1807 3423 1879 εὐσεϐῶν
3446 1792 3601 1878 βασι-

2035 1899 2171 1957 λέων
2204 1899 2327 1967 ὄψει
2368 1915 2434 1968 με
2468 1898 2651 1964 πάλιν,
2682 1891 2727 1951 ὦ
2766 1898 2908 1968 ἥλιε,
2952 1917 2975 1969 ι,
3014 1898 3076 1951 Ἥ
3115 1898 3321 1969 Είρήνη
3356 1896 3497 1969 αῦτη
3525 1893 3602 1963 τῷ

2038 1990 2137 2059 υίῷ
2181 1990 2349 2057 αὑτῆς
2396 1989 2795 2059 Κωνσταντίνῳ
2848 1988 3346 2065 ωμὸασιλεύουσα,
3383 1992 3480 2060 καὶ
3527 1985 3601 2056 μὴ

2036 2064 2343 2155 ἀνεχομένη
2374 2078 2483 2153 τῶν
2540 2080 2692 2151 παρά
2720 2078 2911 2139 ἀὑτοῦ
2964 2081 3267 2151 γινομένων
3299 2077 3493 2155 (αὑτήν
3541 2091 3602 2127 τε

2037 2172 2145 2242 γὰρ
2172 2171 2270 2240 τῆς
2296 2154 2573 2240 βασιλείας
2607 2169 2863 2241 ἐποίησεν
2893 2170 3204 2249 έκπτωτον,
3230 2169 3279 2222 εί
3306 2168 3400 2223 καὶ
3432 2185 3604 2237 μετα-

2043 2262 2293 2335 μεληθεὶς
2349 2261 2511 2323 πάλιν
2563 2261 2652 2315 ἐπὶ
2702 2261 2769 2316 τὰ
2812 2261 3063 2330 βασίλεια
3093 2259 3299 2331 ταύτην
3338 2260 3604 2330 ἀνήγαγε,

2041 2339 2134 2429 καὶ
2173 2356 2272 2429 τὴν
2325 2355 2600 2425 ὁμόζυγον
2654 2356 2823 2431 αὑτοῦ
2860 2356 3120 2426 σώφρονα
3166 2355 3263 2407 καὶ
3292 2355 3411 2408 λίαν
3439 2350 3606 2408 οὖσαν

2040 2428 2247 2513 ἐξάγει,
2282 2444 2427 2515 μίξιν
2450 2444 2517 2507 δὲη
2540 2428 2801 2521 γυναικὸς
2837 2444 3006 2517 ἄλλης
3029 2441 3387 2513 ἀντεισάγει),
3411 2443 3603 2496 τούτου

2040 2536 2484 2612 χάρινὲκτυφλοϊ
2514 2535 2675 2588 αὑτὸν
2701 2535 3072 2609 ὑπνώττοντα,
3104 2535 3180 2597 ὡς
3217 2533 3468 2588 ἐντεῦθεν
3511 2536 3606 2605 καὶ

2038 2632 2132 2695 τὸν
2162 2630 2313 2701 ἥλιον
2344 2627 2435 2689 ἐπὶ
2483 2625 2744 2689 πλείστας
2784 2626 3001 2699 ἡμέρας
3038 2628 3119 2699 μὴν
3141 2626 3326 2699 δοῦναι
3361 2625 3607 2695 καθαρὰς

2040 2722 2142 2784 τὰς
2180 2722 2406 2783 ἀκτῖνας
2442 2716 2631 2772 αὑτοῦ.
2688 2719 2832 2773 Ἀλλ’
2874 2721 2908 2791 ή
2948 2718 3159 2801 βασιλὶς
3200 2718 3404 2788 Εἰρήνη
3439 2716 3605 2787 μετὰο

2046 2812 2205 2882 μελον
2256 2810 2341 2881 ἐφ’
2391 2803 2472 2871 οἷς
2533 2810 2762 2881 δέδρακε
2825 2808 3048 2878 σχοῦσα,
3091 2808 3188 2882 καὶ,
3235 2807 3465 2881 θέλουσαν
3511 2804 3619 2875 τοῦ

382 2878 470 2932 sui
513 2882 809 2951 paenitens,
843 2895 904 2940 ut
949 2888 1311 2948 odium‘inde
1341 2907 1669 2967 conceptum
1703 2902 1934 2969 clueret,

2045 2878 2233 2972 μίσους
2287 2878 2485 2975 ἑαυτὴν
2543 2878 2875 2962 ἀποπλῦναι,
2931 2878 3234 2968 χρημάτων
3295 2878 3605 2969 θησαυροὺς

381 2983 573 3025 omnes
602 2987 764 3042 opum
797 2976 1087 3035 thesauros
1117 2981 1478 3041 exhauriebat
1506 2997 1561 3043 et
1589 2989 1711 3044 urbi
1742 2990 1943 3062 largie-

382 3060 566 3125 batur,
602 3068 897 3134 persolutis
925 3072 1293 3128 obaeratorum
1325 3075 1550 3135 debitis.
1573 3080 1777 3135 Verum
1806 3060 1942 3138 ocu-

381 3151 469 3208 ius
519 3156 629 3217 ille.
663 3159 759 3227 qui
793 3172 1023 3218 cunctas
1055 3179 1145 3219 res
1198 3167 1510 3222 mortalium
1564 3170 1811 3240 inspicit,
1847 3189 1945 3229 ne-

383 3258 660 3313 quaquam
692 3250 902 3317 sopitus
930 3252 1252 3308 obdormiit.
1285 3255 1420 3310 Nam
1450 3256 1554 3312 hac
1599 3260 1816 3331 imperii
1846 3277 1944 3319 vo-

380 3332 593 3401 luptate
643 3337 1003 3408 perexiguum
1048 3342 1117 3396 ad
1152 3353 1367 3414 tempus
1406 3346 1689 3417 degustata
1723 3352 1945 3408 tandem

382 3421 536 3477 lrena
588 3434 857 3505 craterem
906 3431 1187 3487 absinthio
1225 3433 1465 3491 dilutum
1519 3437 1679 3495 bibit.
1726 3441 1946 3519 Etenim

382 3512 604 3582 quidam
620 3530 690 3571 ex
713 3517 907 3573 ordine
924 3522 1224 3589 senatorio,
1241 3525 1331 3580 cui
1352 3541 1555 3584 nomen
1581 3514 1944 3602 Nicephorus,

383 3601 648 3672 dignitate
696 3606 960 3674 patricius
997 3618 1054 3665 et
1101 3627 1244 3669 unus
1291 3630 1355 3670 ex
1386 3601 1760 3687 generalibus,
1794 3635 1945 3680 motu

383 3694 649 3751 adversus
672 3711 791 3753 eam
820 3701 1091 3759 concitato
1127 3720 1234 3761 non
1266 3706 1385 3764 sine
1414 3708 1683 3767 dedecore
1717 3729 1947 3784 regnum

384 3784 486 3852 ipsi
521 3785 749 3855 eripuit.
798 3789 1145 3862 Quapropter
1187 3796 1421 3865 imperio
1467 3798 1811 3870 Nicephorus
1852 3805 1949 3862 hic

384 3889 584 3931 novem
620 3879 779 3935 annis
812 3881 1053 3948 praefuit,
1087 3885 1250 3940 homo
1274 3887 1503 3943 caedium
1534 3894 1945 3962 cupidissimus,

385 3968 508 4022 auri
538 3970 891 4040 mancipium,
921 3989 1148 4044 prorsus
1181 3978 1321 4033 alter
1355 3980 1551 4037 Midas.
1580 3984 1744 4056 286
1778 3987 1949 4060 Magi-

383 4069 594 4117 stratus
621 4070 676 4115 et
708 4063 1065 4131 praefecturas
1095 4069 1319 4124 venales
1364 4070 1621 4139 habebat,
1652 4085 1707 4129 et
1736 4078 1950 4134 tristior

382 4153 606 4221 quidem
657 4155 816 4226 vulgo
877 4156 1205 4214 videbatur:
1260 4175 1450 4215 verum
1508 4163 1553 4218 si
1603 4165 1695 4234 qui
1750 4182 1945 4225 aurum

2043 2984 2124 3067 τῇ,
2158 2992 2310 3047 πόλει
2338 2994 2550 3067 ἐκκενοῖ
2577 2992 2673 3045 καὶ
2701 2989 2821 3063 λύει
2862 2986 2931 3042 τὰ
2978 2989 3137 3058 χρέα.
3174 2988 3320 3063 Πλὴν
3357 2987 3457 3040 οὑκ
3488 2987 3612 3037 ἐπε-

2045 3082 2304 3148 νύσταξεν
2350 3086 2378 3138 6
2427 3081 2824 3149 παντεπόπτης
2880 3078 3191 3153 ὀφθαλμός’
3240 3077 3377 3151 πρὸς
3434 3076 3609 3146 βραχὺ

2045 3174 2141 3227 καὶ
2172 3176 2280 3244 γὰρ
2313 3174 2415 3242 τῆς
2448 3173 2660 3249 ,ήδονῆς
2694 3172 2788 3231 τοῦ
2826 3170 3065 3241 κράτους
3110 3166 3253 3237 α’ύτη
3289 3165 3609 3236 γευσαμένη

2044 3265 2433 3335 ἀψινθιάζοντα
2488 3264 2634 3323 πίνει
2679 3263 2950 3337 κρατῆρα,
3001 3259 3305 3330 Ἐπανέστη
3366 3258 3461 3337 κα).
3503 3258 3611 3328 γάρ

2044 3374 2128 3421 τις
2157 3355 2266 3418 τῶν
2297 3355 2626 3429 συγκλήτου,
2656 3354 2902 3424 τοῦνομα
2939 3352 3277 3423 Νικηφόρος,
3316 3349 3415 3420 τήν
3456 3349 3612 3412 ἀξίαν

2046 3448 2332 3518 πατρίκιος
2375 3446 2484 3501 ἀπὸ
2528 3446 2787 3515 γενικῶν,
2817 3445 2915 3498 καὶ
2964 3444 3061 3515 τῆς
3111 3440 3390 3513 βασιλείας
3441 3439 3612 3509 αὑτὴν

2046 3536 2258 3608 ἀτίμως
2294 3537 2557 3609 ἐξίστησι.
2598 3538 2811 3608 Κρατεῖ
2839 3534 3021 3588 τοίνυν
3048 3535 3076 3587 6
3111 3532 3426 3604 Νικηφόρος
3458 3530 3612 3589 οὗτος

2046 3629 2143 3700 ἔτη
2174 3628 2239 3696 θ’,
2269 3627 2555 3699 ἄνθρωπος
2602 3625 2995 3707 φονικώτατος,
3021 3622 3211 3684 δοῦλος
3243 3621 3471 3692 χρυσοῦ,
3504 3621 3614 3693 Μί-

2046 3714 2324 3791 δαςάλλος
2355 3720 2635 3791 ἄντικρυς,
2668 3716 2863 3781 ὠνίους
2903 3714 3007 3777 τὰς
3052 3714 3225 3787 ἀρχάς
3261 3711 3611 3782 ποιούμενος.

2049 3803 2219 3873 Οὗτος
2250 3790 2389 3863 πᾶσι»
2421 3790 2541 3879 μὲν
2578 3805 2741 3877 ἐῴκει
2776 3803 3030 3875 κατηφής
3062 3798 3228 3871 εῖναι,
3260 3804 3353 3857 τὸν
3392 3803 3449 3856 δὲ
3479 3820 3615 3873 χρυ-

2051 3890 2141 3954 σὺν
2184 3898 2334 3969 αὑτῷ
2389 3895 2726 3969 προσάγουσι
2774 3894 2873 3949 καὶ⁵
2906 3895 3051 3953 πάνυ
3091 3894 3305 3966 χαρίεις
3339 3892 3613 3963 ἐφαίνετο.

2061 3992 2224 4048 Ἀλλά
2276 3990 2372 4044 καὶ
2418 3988 2557 4060 βαρὺ
2597 3988 2710 4051 τοῖς
2762 3986 3082 4051 Βυζαντίοις
3140 3985 3307 4056 ἄχθος
3352 3984 3616 4054 ἐπέθηκε,

2049 4084 2207 4155 χάριν
2230 4082 2339 4145 τῶν
2371 4078 2734 4151 γηρασάντων
2758 4077 2954 4147 τειχῶν
2997 4076 3347 4155 ἀπαιτεῖσθαι
3377 4075 3439 4129 τὸ
3460 4075 3616 4143 λεγόσ

2057 4172 2217 4242 μενον
2237 4171 2521 4239 δικέρατον
2549 4169 2825 4222 ἐκέλευσε.
2850 4168 2992 4237 Πρὸς
3015 4166 3225 4228 τούτοις
3244 4165 3300 4217 δὲ
3324 4164 3619 4236 ἐπεκράτει

383 4244 670 4310 alferrcnt,
705 4247 858 4302 valde
885 4263 944 4302 se
985 4250 1286 4318 gratiosum
1317 4260 1481 4321 atque
1508 4268 1716 4309 comem
1743 4261 1941 4325 pratbe-

2055 4261 2149 4315 καὶ
2178 4262 2247 4312 τὰ
2274 4258 2351 4327 τῷ
2380 4256 2597 4341 στρατῷ
2630 4255 3055 4325 ὲποφειλόμενα.
3298 4347 3311 4360 .
3352 4347 3365 4360 ⁸
3477 4292 3491 4303 .
3570 4345 3581 4358 ι

384 4342 495 4395 bal.
528 4341 703 4397 Grave
746 4343 1021 4413 Byzantiis
1055 4360 1195 4400 onus
1236 4348 1520 4416 imposuit,
1589 4351 1691 4404 sub
1751 4365 2016 4421 praetextu
2059 4352 2543 4421 instaurandorum
2587 4361 2839 4405 veterum
2885 4363 3168 4450 murorum
3226 4347 3369 4450 exigi
3424 4345 3620 4450 praeci-

386 4434 543 4502 piens
574 4434 625 4487 id
661 4437 805 4504 quod
838 4435 1143 4493 diceratum
1176 4437 1229 4508 (a
1257 4439 1473 4495 duobus
1517 4441 1761 4512 eeratiis)
1804 4457 2175 4518 nuncupatur.
2246 4446 2524 4499 Prazterea
2587 4456 2711 4512 quae
2772 4440 3046 4497 militibus
3104 4440 3469 4506 debebantur,
3504 4439 3621 4509 ipse

384 4525 486 4580 sibi
517 4528 758 4585 retinuit.

457 4619 553 4676 llis
575 4623 734 4677 annis
764 4624 927 4677 etiam
962 4625 1208 4694 reliquiae
1239 4636 1440 4680 sanctae
1463 4625 1955 4699 Euphemiae,quas

387 4713 771 4786 Copruuymus
804 4717 857 4769 in
894 4732 1044 4770 mare
1071 4717 1407 4797 projecerat,
1429 4716 1495 4770 ad
1531 4715 1767 4772 Lesbum
1802 4719 1956 4773 insu-

390 4806 498 4861 lam
526 4817 759 4876 recepta:
779 4817 1117 4877 servataque
1144 4813 1295 4861 sunt.
1331 4805 1422 4861 Sic
1444 4806 1590 4861 enim
1622 4824 1721 4863 nos
1752 4808 1951 4863 factum

389 4899 725 4969 accepimus.
752 4899 991 4954 Zonaras
1021 4900 1077 4953 in
1110 4898 1405 4954 Annalium
1446 4899 1602 4955 libris
1638 4900 1950 4969 hujusmodi

389 4990 639 5058 quaedam
671 4998 1083 5044 commemorat.
1136 4990 1366 5061 Duplex,
1418 4990 1617 5058 inquit,
1651 4990 1754 5046 hac
1787 4990 1856 5045 de
1891 5005 1953 5045 re

392 5097 585 5137 rumor
610 5093 715 5137 est.
747 5082 881 5137 Nam
919 5082 1011 5138 alii
1053 5083 1276 5137 tradunt
1314 5092 1556 5138 sanctam
1588 5082 1949 5153 Euphemiam

396 5188 425 5227 a
455 5173 802 5243 Cepronymo
834 5172 942 5241 igni
975 5171 1143 5227 fuisse
1180 5172 1457 5238 traditam,
1493 5186 1804 5242 quanquam
1856 5187 1952 5241 spe

394 5281 499 5321 sua
537 5276 800 5337 tyrannus
824 5264 1065 5321 excidit:
1116 5263 1319 5333 quippe
1350 5262 1499 5319 illius
1559 5262 1682 5317 loco
1721 5263 1957 5318 cadaver

395 5358 543 5411 aliud
599 5366 902 5412 crematum
958 5355 1082 5411 fuit.
1118 5354 1221 5408 Alii
1257 5353 1547 5423 perhibent
1570 5368 1691 5407 eam
1719 5352 1772 5406 in
1805 5366 1958 5409 mare

396 5449 699 5518 projectum
733 5448 924 5505 divino
957 5446 1226 5505 beneﬂcio
1263 5446 1410 5503 circa
1444 5444 1680 5501 Lesbum
1725 5458 1958 5514 recupe-

403 5552 572 5595 ratam
607 5542 793 5599 fuisse.

2122 4624 2259 4680 Κατ’
2305 4625 2484 4693 έκεῖνο
2527 4621 2585 4675 δὲ
2639 4619 2835 4691 καιροῦ
2871 4619 2966 4672 καὶ
3012 4619 3073 4672 τὸ
3099 4619 3198 4690 τῆς
3232 4621 3396 4689 ἁγίας
3432 4621 3619 4692 Εὐφη-

2054 4717 2183 4787 μίας
2215 4702 2466 4789 λείψανον
2497 4711 2649 4791 κατάι
2678 4711 2955 4780 Θαλάττης
2995 4711 3153 4787 ρνιφὲν
3201 4712 3354 4783 παρὰ
3386 4715 3480 4765 τοῦ
3511 4715 3621 4767 Κο-

2052 4806 2344 4877 πρωνύμου
2384 4805 2440 4858 ὲν
2471 4797 2763 4873 Λέσϐῳτῇ
2796 4803 2946 4873 νήσῳ
2969 4801 3315 4873 ὲπανεσὼθη.
3348 4803 3460 4864 Καὶ
3496 4804 3622 4872 περὶ

2054 4898 2154 4969 μὲν
2198 4895 2403 4952 τούτων
2450 4893 2647 4958 οὑτως.
2683 4893 2743 4947 '0
2770 4892 2831 4946 δὲ
2879 4893 3141 4979 Ζωναρᾶς
3175 4893 3235 4945 ὲν
3270 4892 3349 4965 τῷ
3381 4893 3620 4963 χρονικῷ

2065 4988 2230 5045 αὑτοῦ
2280 4987 2622 5057 συντάγματι
2660 4984 2755 5038 καὶ
2787 4984 2915 5038 τάδε
2948 4986 3080 5054 περὶ
3117 4983 3309 5037 τούτου
3340 4984 3493 5053 φησι.
3519 4984 3622 5037 Δύο

2062 5078 2212 5146 λόγοι
2239 5076 2529 5146 φέρονται’
2564 5074 2592 5126 6
2624 5071 2725 5143 μὲν
2758 5071 2867 5155 γὰρ
2899 5069 3048 5138 λέγει
3083 5072 3219 5142 πυρὶ
3250 5071 3623 5143 παραδοθῆναι

2064 5168 2217 5235 παρὰ
2266 5165 2360 5219 τοῦ
2409 5162 2790 5232 Κοπρωνύμου
2845 5163 2946 5231 τήν
2997 5161 3161 5230 ἁγίαν
3220 5161 3535 5231 Εὑφημίαν,
3570 5162 3624 5213 εί

2063 5260 2160 5314 καὶ
2186 5261 2284 5329 τῆς
2320 5256 2535 5319 ἐλπίδος
2573 5256 2780 5316 ὲκείνος
2810 5254 3110 5337 διήμαρτεν
3146 5254 3282 5325 (ἀντ’
3310 5253 3483 5324 αὑτῆς
3514 5252 3625 5325 γὰρ

2063 5344 2491 5417 ἕτερονὲκαύθη
2538 5345 2743 5417 σῶμα),
2776 5348 2804 5399 6
2848 5346 2907 5398 δὲ
2958 5345 3109 5413 λέγει
3145 5344 3287 5398 κατὰ
3330 5345 3495 5414 βυθοῦ
3547 5346 3629 5415 ῥι-

2064 5438 2231 5507 φῆναι
2261 5437 2451 5503 αὐτὴν,
2484 5435 2604 5506 θείᾳ
2663 5435 2850 5506 χάριτι
2900 5435 3028 5506 περὶ
3070 5435 3170 5505 τήν
3206 5434 3415 5491 Λέσϐον
3462 5434 3625 5504 νῆσον

2064 5528 2506 5595 ὲπανατωθῆναι.
