4154 6200
493 199 599 263 533

1727 199 2127 261 ANNALIUM
2172 200 2365 263 PARS
2410 206 2507 268 IV.

3178 126 3221 173 f

3626 221 3728 282 574

557 313 692 363 Τότε
721 312 805 393 δὴ,
838 310 955 365 τότε
998 310 1463 383 XGXLB;IOBW10§
1495 311 1813 382 Νικηερόρου
1846 315 1913 365 τὰ
1945 315 2048 381 τῆς

2220 319 2356 373 tium
2399 330 2581 374 autem
2635 319 2985 392 Nicephorus
3021 327 3161 379 male
3207 325 3496 395 imperium
3552 329 3729 384 admi-

490 404 768 473 βασιλείας
802 392 1084 465 διέποντος
1141 404 1300 473 θρόος
1351 406 1589 468 ἄτακτος
1630 404 1780 473 παρὰ
1831 403 1908 473 τῷ
1940 404 2057 474 λαῷ

489 497 581 550 καὶ
638 496 830 556 στάσις
882 496 965 548 ὅτι
1024 493 1220 563 πολλή.
1264 495 1401 549 Τότε
1466 496 1563 550 καὶ
1625 496 1911 567 Βαρδάνην
1968 497 2061 550 τὸν

491 580 839 654 στρατάρχην
887 586 949 638 τὸ
997 587 1096 655 τῆς
1141 586 1419 654 βασιλείας
1454 588 1660 658 κράτος
1709 589 2061 653 ἐκϐιάζουσιν

487 672 879 742 ἀναδήσασθαι.
917 673 1083 726 Ὅθεν
1111 674 1207 726 καὶ⁵
1249 675 1311 726 τὺ
1335 675 1434 744 τῆς
1465 676 1638 745 τύχης
1675 670 1830 739 οὗτος
1865 676 2062 744 ἄδηλον

487 764 673 829 δεδιὼς
729 765 1020 835 διορατεκῷ
1069 783 1179 820 τινι
1225 768 1594 838 προσέρχεται
1641 770 1797 838 ἀνδρὶ
1833 770 1901 822 τὰ
1934 770 2061 839 μέλ-

488 857 650 910 λοντα
685 859 1091 928 μαθησόμενος,
1130 861 1225 912 καί⁸
1275 859 1339 930 δὴ
1378 862 1474 914 καὶ
1508 859 1834 930 μεμάθηκεν
1886 860 2063 915 ἀπλα-

488 949 591 1012 νῶς
620 951 794 1003 πάντα
826 950 896 1003 τὰ
929 950 1344 1020 συμϐησόμενα.
1366 951 1471 1003 Τὸν
1508 951 1691 1021 μέντοι
1718 951 2058 1022 Νικηφόρον,

491 1042 578 1095 διά
612 1058 675 1109 γε
702 1042 763 1094 τὸ
791 1043 876 1094 τὸν
916 1042 1091 1111 μέγαν
1112 1042 1387 1111 Θεόδωρον
1422 1042 1513 1094 τὸν
1555 1042 1843 1114 Στουδίτην
1888 1045 2054 1115 ὑπερ·

488 1135 636 1205 όριον
686 1135 910 1203 ποιῆσαι
940 1136 1033 1189 τοῦ
1062 1137 1278 1191 δικαίου
1330 1138 1425 1191 καὶ
1455 1137 1564 1191 τῶν
1614 1139 1859 1192 κανόνων
1889 1138 2062 1210 ὑπερ-

488 1226 770 1295 λαλοῦντα,
804 1230 837 1296 ὴ
880 1226 999 1279 θεία
1058 1228 1181 1297 δίκη
1225 1230 1587 1300 μετέρχεται⁸
1624 1232 1763 1282 κατὰ
1816 1231 2059 1298 Βουλγά-

493 1337 600 1391 ρων
619 1321 725 1389 γὰρ
745 1321 1153 1391 ἐκστρατεύσας
1180 1323 1235 1372 ὲν
1266 1321 1343 1389 τῷ
1369 1322 1591 1392 πολέμῳ
1622 1323 1809 1374 πίπτει
1840 1327 1930 1376 καὶ
1962 1326 2059 1395 τὴν

490 1412 733 1482 κειραλὴν
803 1415 1143 1483 ἀφαιρεῖται.
1209 1413 1298 1484 Τῷ
1366 1414 1521 1468 παιδὶ
1599 1416 1927 1487 Σταυρακίῳ
1990 1421 2058 1473 τὰ

491 1504 743 1574 σκῆπτρα
806 1504 1239 1575 καταλιμπάνει,
1275 1505 1439 1559 Ἀλλὰ
1483 1507 1575 1560 καὶ
1620 1508 1959 1578 Σταυράκιος
1995 1512 2058 1564 ἐκ

493 1596 657 1665 μέσου
686 1597 872 1666 τάχιον
894 1597 1103 1666 γίνεται
1136 1600 1276 1652 κατὰ
1307 1599 1515 1667 ταύτην
1543 1600 1644 1671 τὴν
1675 1602 1856 1672 μάχην
1899 1603 2058 1675 δορα·
2093 1638 2135 1693 Β

491 1691 758 1759 τότρωτο;
782 1689 1046 1760 γεγονὼς,
1079 1693 1362 1765 κρατήσας
1403 1693 1584 1763 μῆνας
1617 1694 1730 1752 δύο.

559 1954 714 2008 Μετά
738 1953 793 2008 δὲ
827 1954 1015 2009 τοῦτον
1051 1958 1247 2025 κρατεῖ
1278 1956 1499 2027 Μιχαὴλ
1526 1959 1554 2011 ό
1592 1958 1869 2026 Ῥαγγαςδ
1902 1962 1930 2014 ό
1969 1961 2060 2014 ἐπὶ

491 2044 719 2115 θυγατρὶ
755 2046 1037 2118 Προκοπὶα
1079 2048 1173 2100 τοῦ
1206 2048 1524 2118 Νικηφόρου
1556 2052 1807 2121 ᾑμὸρὸς
1841 2052 1935 2120 ἔτη
1994 2053 2057 2117 δ’,

496 2137 666 2205 μῆνας
719 2135 783 2201 θ’,
834 2140 863 2190 ό
911 2138 1005 2193 καὶ
1039 2138 1321 2207 βασιλείας
1379 2140 1565 2205 ἄξιος·
1616 2143 1752 2211 πρὸς
1791 2143 1899 2212 γὰρ
1948 2147 2060 2206 τοῖς

493 2229 674 2293 ἄλλοις
730 2231 822 2283 καὶ
865 2234 990 2293 τοὺς
1021 2234 1077 2284 ὲν
1112 2232 1299 2303 ὲξορίᾳ
1348 2233 1509 2296 ὄντας
1564 2234 1750 2301 ἁγίους
1785 2236 2063 2289 επανεσώ-

491 2336 622 2372 σατο
663 2322 865 2374 Τοῦτον
893 2322 1075 2389 μέντοι
1117 2322 1207 2376 τὸν
1243 2324 1461 2395 Μιχαὴλ
1493 2326 1667 2395 ἀρχὴν
1696 2329 1725 2379 ὁ
1746 2328 2061 2399 Σκυλίτξης

490 2410 593 2475 τοῦ,
619 2412 868 2481 χρονικοῦ
920 2414 1086 2466 αὐτοῦ
1127 2416 1361 2467 ποιεῖται
1412 2417 1819 2483 συντάγματος.
1860 2419 1921 2471 '0
1948 2417 2062 2472 δια-

491 2496 717 2565 ληφθεὶς
746 2498 1044 2569 Βαρδάνης,
1079 2501 1241 2569 ἡνίκα
1299 2503 1578 2572 προσῆλθε
1618 2506 1695 2573 τῷ
1745 2507 1887 2561 κατά
1912 2508 2061 2576 γετὸ

488 2588 800 2657 Φιλομελιον
833 2591 1127 2663 διορατικῷ
1162 2595 1402 2664 μοναχῷ,
1440 2599 1918 2666 συνεφεπομένους
1946 2595 2061 2668 εἶχε

490 2677 695 2730 Λέοντα
742 2680 836 2732 τὸν
891 2679 1208 2750 Ἀρμένιον,
1249 2683 1469 2751 Μιχαὴλ
1523 2684 1616 2735 τὸν
1655 2686 1900 2753 Τραυλὸν
1967 2688 2062 2740 καὶ

490 2767 693 2839 Θωμᾶν
744 2788 889 2829 τινα.
924 2773 1031 2824 Καὶ
1085 2775 1113 2825 6
1166 2773 1266 2843 μὲν
1303 2775 1589 2844 Βαρδάνης
1646 2777 1788 2828 κατὰ
1833 2777 1935 2847 τὴν
1965 2777 2061 2831 τοῦ

494 2862 731 2932 μοναχοῦ
785 2864 1097 2934 πρόρρησιν
1145 2864 1513 2935 ἑκτυφλοῦται
1564 2868 1883 2939 τυραννίδος
1912 2871 2059 2938 ἐφιέ-

2165 410 2441 476 nistraret,
2497 428 2686 466 rumor
2728 414 2781 467 in
2825 415 3027 484 populo
3069 416 3352 471 turbarum
3402 418 3595 488 plenus
3642 429 3729 474 est

2162 500 2372 556 diditus
2420 503 2764 571 excitataque
2796 505 2996 560 seditio
3042 508 3591 578 gravissimazcnjus
3635 523 3730 564 0c-

2163 594 2387 648 casione
2419 597 2640 663 quidam
2675 599 2975 653 Bardancm
3010 602 3293 670 copiarum
3324 603 3521 657 ducem
3556 605 3732 673 impe-

2161 687 2303 740 rium
2330 688 2435 743 sibi
2466 690 2747 745 vindicare
2777 703 2998 763 cogunt.
3029 694 3123 748 llle
3157 710 3287 749 vero
3316 696 3548 751 fortunae
3574 713 3728 750 reve—

2162 778 2303 831 ritus
2353 779 2802 847 inconstantiam,
2832 786 3009 837 virum
3050 784 3343 853 quemdam
3392 785 3506 838 adit
3541 786 3727 841 futura

2161 868 2535 937 prospiciendi
2564 871 2613 923 vi
2647 871 2958 940 praeditum,
2987 874 3200 942 utquid
3231 883 3554 928 eventurum
3586 883 3733 928 esset

2164 970 2557 1025 cognosceret;
2612 961 2663 1013 id
2711 962 2860 1031 quod
2893 962 3030 1017 citra
3070 980 3287 1019 omnem
3315 981 3557 1019 errorem
3596 980 3730 1019 con-

2164 1061 2386 1105 secutus
2436 1050 2557 1105 fuit.
2610 1053 2879 1123 Deinceps
2918 1055 3287 1124 Nicephorum
3343 1057 3729 1126 imperatorem

2163 1151 2450 1210 propterea
2510 1143 2658 1212 quod
2726 1145 2985 1199 eximium
3051 1145 3316 1200 Studiano
3387 1162 3417 1200 e
3499 1147 3731 1216 collegio

2162 1232 2339 1284 virum
2370 1232 2717 1286 Theodorum
2753 1236 2807 1287 in
2840 1236 3096 1289 exsilium
3121 1237 3343 1305 egisset,
3376 1236 3605 1304 justitize
3642 1252 3730 1290 sa-

2169 1324 2385 1388 crisque
2432 1325 2735 1378 canonibus
2776 1328 3231 1394 patrocinantcm,
3264 1326 3507 1381 vindicta
3549 1326 3730 1380 divina

2163 1415 2416 1481 persequi
2451 1415 2640 1483 cmpit.
2675 1416 2810 1469 Nam
2845 1428 3037 1471 contra
3084 1417 3348 1486 Bulgaros
3381 1415 3731 1485 expeditione

2160 1510 2414 1573 suscepta
2462 1505 2696 1574 quodam
2760 1506 2813 1560 in
2865 1508 3051 1576 praelio
3111 1506 3335 1571 cecidit,
3375 1506 3627 1560 hostibus
3677 1506 3729 1559 ei

2163 1603 2325 1658 caput
2358 1596 3021 1664 amputantitrusdmperii
3043 1596 3412 1665 gubernacula
3446 1594 3732 1648 Stauracio

2161 1683 2273 1735 lilio
2305 1684 2546 1753 reliquit.
2578 1686 2779 1740 Verum
2816 1687 2860 1740 is
2899 1703 3117 1756 quoque
3148 1686 3402 1741 celeriter
3434 1685 3728 1741 admodum

2159 1787 2191 1827 e
2216 1774 2395 1827 medio
2424 1776 2675 1831 sublatus
2707 1786 2814 1843 est,
2839 1778 2870 1831 h
2912 1793 2942 1832 c
2976 1778 3091 1847 ipsa
3124 1779 3177 1831 in
3212 1793 3390 1846 pugna
3417 1776 3526 1830 ictu
3565 1776 3732 1831 hasta;

2163 1866 2501 1922 vulneratus.

2232 1954 2512 2010 Successit
2545 1955 2598 2009 in
2630 1957 2858 2026 imperio
2890 1958 3185 2012 Michaelus
3217 1959 3526 2026 Rangabes,
3565 1957 3730 2013 Nice-

2162 2046 2319 2113 phori
2351 2064 2540 2115 gener,
2574 2059 2632 2101 ut
2662 2049 2749 2102 cui
2800 2058 3031 2118 nuptum
3066 2050 3157 2103 ille
3209 2050 3372 2104 filiam
3402 2051 3730 2120 Procopiam

2162 2137 2413 2193 dederat.
2450 2138 2635 2192 Rebus
2665 2138 2890 2192 omnino
2921 2155 3019 2207 per
3052 2154 3225 2193 annos
3250 2150 3487 2208 quatuor
3515 2155 3755 2212 menses

2162 2241 2359 2281 novem
2398 2226 2647 2296 praafuit,
2711 2228 2798 2282 vir
2840 2228 2996 2297 plane
3046 2228 3245 2299 dignus
3295 2230 3545 2298 imperio.
3595 2231 3732 2285 Nam

2163 2328 2361 2389 prmter
2385 2320 2490 2374 alia
2517 2336 2636 2391 quae
2661 2322 2923 2391 praeclara
2957 2322 3109 2385 fecit,
3142 2322 3308 2375 etiam
3341 2324 3490 2377 viros
3514 2334 3734 2377 sanctos

2162 2411 2231 2466 ab
2264 2410 2462 2465 exsilio
2497 2421 2785 2467 revocatos
2820 2413 2873 2465 in
2902 2411 3179 2481 integrum
3210 2412 3473 2466 restituit.
3520 2411 3602 2465 Ab
3631 2411 3735 2464 hoc

2162 2500 2428 2559 Michaelo
2455 2515 2681 2557 suorum
2700 2501 2988 2556 Annalium
3007 2503 3263 2555 volumen
3286 2501 3550 2572 Scylitzcs
3570 2517 3735 2556 orsus

2156 2602 2268 2647 est.
2308 2592 2555 2647 Diximus
2598 2602 2755 2647 antea
2792 2592 2859 2647 de
2915 2590 3183 2645 Bardane.
3224 2591 3343 2657 Quo
3386 2601 3633 2658 tempore
3688 2593 3735 2645 is

2165 2683 2497 2737 monachum
2524 2683 2675 2736 illum
2706 2682 2892 2735 futura
2913 2681 3287 2751 prospiciendi
3316 2681 3574 2734 facultate
3598 2697 3736 2749 pra:-

2163 2775 2373 2837 ditum,
2421 2774 2514 2841 qui
2557 2773 2788 2841 degebat
2834 2773 2890 2826 in
2944 2773 3294 2835 l’hilomilio,
3346 2770 3731 2834 conveniebat,

2163 2862 2392 2917 comites
2430 2860 2669 2915 habebat
2707 2875 2895 2915 secum
2947 2859 3186 2914 Leonem
3231 2856 3737 2921 Armenium,'Mi-

495 2970 676 3022 μενος,
707 2956 735 3006 6
767 2954 824 3007 δὲ
849 2954 1002 3009 Λέων
1046 2955 1276 3026 ὕστερον
1309 2957 1402 3011 καὶ
1440 2960 1469 3011 6
1516 2958 1734 3031 Μιχαὴλ
1773 2950 2060 3031 ἐγκρατεῖς

2163 2953 2417 3008 chaelum
2452 2952 2678 3007 Balbum
2726 2960 2783 3007 et
2814 2953 2981 3006 alium
3014 2951 3306 3022 quemdam
3358 2958 3730 3021 cognomento

491 3044 594 3114 τῆς
647 3045 923 3115 βασιλείας
977 3047 1241 3116 γίνονται.
1296 3050 1387 3118 Τῷ
1445 3050 1637 3119 μέντοι
1691 3052 1915 3123 Μιχαὴλ
1982 3053 2060 3124 τῷ

2162 3044 2453 3100 Thomam.
2499 3046 2574 3100 Ex
2614 3045 2700 3099 his
2732 3054 2972 3115 quatuor
3022 3043 3235 3114 primus
3282 3042 3560 3097 Bardanes
3595 3040 3733 3096 σσσ-

501 3134 779 3204 Ῥαγγαόὲ
825 3139 859 3208 ὴ
896 3139 995 3210 τῆς
1034 3137 1319 3208 βασιλείας
1369 3141 1610 3213 ἀποδολὴ
1660 3144 1753 3201 καὶ
1799 3143 1943 3199 οὕτω
1978 3145 2063 3199 δε-

491 3224 749 3294 δήλωται.
804 3228 1071 3301 Παιδίσκη
1119 3248 1207 3295 τις
1248 3231 1535 3302 οίκογενὴς
1578 3228 1647 3305 ἧν
1691 3234 1770 3306 τῷ
1799 3238 2091 3308 Μιχαήλν

496 3315 632 3386 αὕτη
682 3319 824 3373 κατά
863 3336 927 3387 γε
975 3321 1073 3383 τὰς
1112 3323 1404 3391 σεληνικὰς
1450 3325 1704 3390 συνόδους
1768 3328 1931 3382 πάθει
1965 3348 2064 3398 μαρ

496 3409 614 3475 νίας
657 3411 933 3480 ἡλίσκετο.
978 3411 1171 3467 Ἦνίκα
1229 3414 1360 3480 γοῦν
1407 3417 1488 3488 τῷ
1535 3417 1702 3472 πάθει
1756 3420 2056 3492 συνείχετο,

494 3503 635 3556 κατά
662 3520 725 3570 γε
767 3503 860 3557 τὸν
903 3503 1266 3561 Βουκολέοντα
1294 3510 1519 3578 ἧρχετο,
1552 3510 1651 3567 καὶ
1686 3514 2060 3585 γεγωνότερον

495 3594 621 3647 ἐϐόα
652 3598 788 3665 πρὸς
838 3596 929 3649 τὸν
964 3598 1189 3667 βασιλέα
1254 3618 1273 3652 ι
1318 3600 1589 3667 Κάτελθε,
1628 3602 1854 3658 κάτελοε
1878 3621 1892 3635 ο
1927 3607 2064 3659 ὑπο-ι

497 3686 661 3757 χώρει
704 3690 813 3743 τῶν
863 3691 1162 3760 ἀλλοτρίων
1198 3708 1212 3723 ο
1257 3709 1277 3742 ι
1322 3693 1538 3747 Γίνεται
1572 3692 1729 3748 τοῦτο
1776 3695 2058 3762 πολλάκις.

507 3781 905 3851 Ἐκπλήττεται
948 3784 977 3835 6
1030 3782 1305 3853 βασιλεύς.
1346 3785 1755 3856 Κοινολογεῐται
1810 3788 1880 3843 τὰ
1931 3790 2062 3859 περὶ

494 3872 683 3926 τούτου
728 3874 915 3944 οἰκείῳ
958 3875 1066 3928 τινὶ
1102 3874 1343 3947 Θεοδότῳ
1391 3878 1655 3947 τοῦνομα.
1688 3881 1800 3934 Καὶ
1851 3881 1911 3944 ὃς
1942 3881 2062 3951 ἅμα

495 3960 571 4030 τῷ
600 3962 853 4030 γενέσθαι
880 3964 943 4017 τὸ
981 3965 1241 4036 κοράσιον
1289 3967 1368 4038 τῷ
1418 3968 1633 4038 δαίμονι
1673 3970 1908 4039 κάτοχον
1950 3971 2060 4024 διες

498 4055 645 4126 ρωτᾷ
666 4073 725 4110 τε
754 4056 887 4110 αὐτὸ
912 4058 1006 4110 καὶ
1040 4057 1302 4127 μανθάνει
1332 4058 1439 4114 τίνι
1469 4063 1739 4130 προσήκει
1783 4062 1844 4116 τὸ
1886 4063 2062 4117 παλά-

494 4159 607 4197 τιον
653 4146 747 4198 καὶ
806 4146 968 4199 όποτα
1015 4145 1086 4200 τὰ
1136 4146 1330 4200 τούτου
1373 4150 1755 4219 γνωρίσματα.
1797 4151 1857 4204 '0
1898 4153 1952 4206 δὲ
1991 4148 2061 4224 ἦν

496 4233 646 4287 Λέων
701 4237 730 4287 6
782 4235 1089 4305 ’Δρμένιος.
1126 4238 1268 4293 Πολὺ
1324 4241 1384 4292 τδ
1442 4240 1500 4292 ὲν
1563 4241 1713 4311 μέσῳ
1756 4245 1852 4297 καὶ
1906 4244 2059 4312 παρὰ

2159 3145 2306 3192 ctato
2373 3134 2607 3204 imperio
2660 3133 2963 3189 secundum
2995 3134 3251 3188 monachi
3318 3131 3732 3201 prazdictionem

2159 3227 2351 3283 oculos
2382 3228 2586 3294 amisit,
2610 3228 2748 3282 alter
2782 3227 2894 3281 Leo
2939 3226 3197 3295 idemque
3234 3224 3529 3280 Michaclus
3562 3223 3736 3291 impe-

2160 3322 2245 3377 rio
2292 3320 2557 3390 deinceps
2618 3321 2777 3390 potiti
2826 3328 2979 3375 sunt.
3037 3319 3214 3377 Etiam
3275 3318 3406 3372 huic
3456 3315 3729 3371 Michaelo

2160 3413 2405 3484 Rangabi
2474 3413 2578 3467 hoc
2625 3412 2863 3482 quodam
2917 3410 3081 3467 modo
3144 3408 3363 3480 imperii
3413 3405 3733 3462 denuntiata

2160 3505 2267 3563 fuit
2304 3504 2555 3560 amissio.
2583 3503 2821 3559 Vernam
2854 3501 3149 3572 quamdam
3183 3500 3440 3555 ancillam
3470 3497 3732 3563 habebat,

2161 3613 2283 3669 quae
2314 3598 2418 3653 sub
2444 3598 2588 3650 luna:
2617 3611 2743 3651 cum
2772 3596 2888 3650 sole
2924 3594 3087 3664 287
3114 3593 3263 3649 coitu
3313 3591 3501 3647 furore
3550 3587 3736 3645 corri-

2163 3670 2443 3760 piebatur.
2480 3687 2707 3754 Quoties
2744 3685 2910 3757 igitur
2948 3685 3052 3739 hoc
3102 3682 3247 3737 malo
3301 3680 3627 3743 vexabatur,
3662 3676 3731 3731 ad

2160 3780 2550 3835 Bucoleontem
2611 3780 2739 3847 (loci
2793 3779 2899 3832 hoc
2948 3790 3145 3831 nomen
3196 3784 3301 3839 est,
3364 3788 3394 3827 a
3448 3771 3737 3828 collocatis

2161 3873 2236 3927 ibi
2278 3870 2434 3925 bovis
2463 3869 2752 3939 leonisque
2807 3870 3030 3932 statuis)
3072 3865 3536 3928 se'conl'erebat,
3571 3873 3627 3918 et
3662 3866 3735 3917 ad

2162 3964 2549 4033 imperatorem
2614 3959 2947 4014 contentiori
2997 3972 3131 4012 voce
3202 3955 3515 4010 clamabat:
3554 3972 3573 4004 ι
3624 3954 3732 4006 Dc-

2161 4053 2403 4119 scende,
2447 4050 2742 4114 descende,
2794 4059 2959 4119 mue
2997 4047 3192 4103 alienis
3221 4046 3375 4102 cede.
3426 4063 3441 4096 ι
3490 4045 3627 4099 Cum
3673 4042 3733 4095 id

2161 4145 2363 4214 saepius
2409 4141 2706 4205 accideret,
2743 4142 3045 4211 imperator
3081 4149 3227 4193 metu
3284 4137 3569 4207 perculsus
3609 4151 3723 4187 rem

2162 4245 2332 4291 totam
2356 4250 2481 4289 eum
2514 4233 2767 4287 familiari
2799 4232 3035 4302 quodam
3068 4247 3193 4297 suo,
3222 4228 3310 4285 cui
3351 4244 3549 4282 nomen
3585 4236 3735 4281 esset

495 4325 714 4397 Μιχαὴλ
754 4327 1034 4398 πέμπεται
1068 4331 1203 4402 πρὸς
1259 4330 1357 4399 τῆς
1402 4330 1478 4383 ἕω
1531 4335 1832 4402 στρατηγὸς
1864 4337 1891 4387 6
1933 4335 2057 4405 Ἄρ·

2161 4326 2458 4406 Theodoti,
2519 4324 2913 4379 communicat.
2974 4322 3021 4376 Is
3075 4336 3199 4376 cum
3250 4320 3488 4399 primum
3549 4317 3730 4388 puclla

497 4417 696 4481 μένιος.
734 4416 867 4472 Εἶτα
908 4421 1237 4491 μετέρχεται
1268 4421 1327 4474 τὸ
1358 4422 1776 4491 στρατιωτικὸν,
1804 4424 2053 4495 ἀνταίρει

496 4503 634 4559 κατὰ
678 4507 920 4577 Μιχαὴλ.
962 4507 1215 4579 Τρίχινον
1251 4508 1443 4563 λοιπὸν
1483 4504 1638 4574 οὗτος
1670 4511 1933 4579 ἐνδύεται,
1962 4515 2058 4567 καὶ

496 4595 595 4663 τῆς
629 4597 906 4665 βασιλείας
938 4599 1079 4652 ἑκὼν
1112 4601 1491 4665 ὑπεξίσταται.

2166 4420 2309 4474 malo
2357 4433 2391 4472 at
2444 4417 2604 4486 genio
2668 4415 3067 4484 corriperetur,
3118 4413 3321 4483 quibus
3382 4427 3447 4466 ex
3512 4408 3738 4463 indiciis

2160 4511 2387 4583 agnosci
2428 4519 2614 4579 posset
2650 4507 3002 4578 imperatoris
3048 4520 3360 4570 successor,
3401 4505 3728 4571 interrogat.

2160 4601 2565 4661 Animadvertit
2617 4601 2724 4655 illis
2775 4598 3042 4668 expositis
3109 4597 3350 4652 Leonem
3407 4593 3737 4650 Armenium

496 4690 826 4760 signiﬁcari;
854 4692 948 4761 qui
971 4706 1128 4747 exeo
1158 4701 1403 4763 tempore
1428 4694 1529 4750 sibi
1563 4696 1873 4752 conciliatis
1901 4697 2242 4761 exercitibus
2300 4704 2490 4749 contra
2550 4691 2879 4747 Michaelum
2919 4705 3071 4745 arma
3113 4690 3302 4745 sumit.
3338 4689 3415 4743 Eo
3446 4686 3741 4757 Rangabes

494 4764 708 4854 cognito
738 4800 989 4854 asperam
1020 4795 1226 4840 vestem
1263 4786 1459 4853 induit,
1487 4799 1544 4843 et
1580 4790 1812 4860 imperio
1857 4802 2054 4862 sponte
2094 4806 2193 4848 sua
2217 4788 2385 4845 cedit.

565 4879 770 4948 Κρατεί
822 4877 918 4930 οὖν
974 4881 1114 4946 μετὰ
1169 4880 1264 4937 τὸν
1320 4879 1595 4949 Ῥαγγαδὲ
1672 4886 1701 4936 6
1770 4884 2058 4957 Ἀρμένιος

494 4970 588 5039 ἐτη
644 4972 708 5034 ζ’,
754 4971 929 5039 μῆνας
984 4977 1044 5026 ε’.
1104 4972 1217 5027 Καὶ
1273 4972 1577 5041 τηνικαῦτα
1619 4974 1681 5027 τὸ
1747 4976 1905 5043 γένος
1970 4995 2063 5045 φιη

493 5060 746 5115 λονεικῶν
794 5061 1049 5132 ἐπιτρίψαι
1080 5062 1175 5117 τοῦ
1224 5063 1467 5135 Μιχαὴλ,
1503 5065 1573 5120 τὰ
1622 5068 1915 5134 παιδογόνα
1960 5068 2055 5121 τοῦ

495 5149 685 5213 παιδὸς
737 5148 902 5203 αὐτοῦ
947 5151 1137 5221 μόρια,
1167 5142 1212 5218 ᾧ
1248 5151 1422 5221 ὄνομα
1478 5152 1744 5222 Νικήτας,
1780 5156 2054 5225 ἐκτέμνει.

496 5240 571 5309 μή
604 5257 733 5294 ποτε
771 5242 1049 5313 τεκνώσας
1083 5241 1357 5313 ἀμύνηται
1384 5232 1572 5315 αὐτόν.
1609 5244 1702 5309 Είς
1731 5246 1931 5316 ἄνδρας
1962 5243 2055 5301 οὖν

493 5329 521 5380 6
561 5332 690 5394 παῖς
728 5330 895 5395 οὗτος
934 5331 1177 5405 ἔρχεται,
1208 5333 1303 5385 καὶ
1349 5334 1447 5403 τῆς
1476 5336 1604 5407 νέας
1647 5337 1883 5406 ταυτησὶ
1921 5336 2056 5390 Ῥώ-

498 5434 605 5487 μης
652 5418 944 5490 ἀρχιερεὺς
994 5421 1350 5490 χρηματίζει,
1384 5424 1753 5494 μετακληθεὶς
1796 5426 2060 5494 Ἰγνάτιος

493 5514 550 5561 ὲν
600 5512 888 5578 μεταθέσει
934 5510 1069 5579 βίου.
1118 5512 1177 5564 ὐ
1222 5514 1278 5565 δὲ
1328 5513 1479 5566 Λέων
1538 5517 1679 5569 κατὰ
1727 5518 1836 5569 τῶν
1887 5519 2057 5583 ἁγίων

497 5601 1040 5677 είκόνωνόῖὰλζεται.
1083 5602 1148 5657 'H
1175 5603 1229 5657 δὲ
1256 5606 1400 5657 αἰτία
1433 5607 1677 5679 τοιαύτη.
1724 5607 1780 5661 '0
1820 5627 2053 5681 προορχ-

2237 4882 2351 4937 lloc
2407 4878 2570 4935 modo
2635 4887 2760 4948 post
2818 4874 3133 4947 Rangabem
3174 4874 3468 4930 Armenius
3505 4873 3599 4930 hic
3646 4889 3743 4930 se-

2165 4982 2312 5044 ptem
2348 4986 2521 5045 annos
2572 4970 2814 5039 quinque
2860 4981 3077 5021 menses
3127 4981 3318 5021 rerum.
3369 4966 3573 5037 potitus
3627 4977 3734 5023 est.

2164 5064 2302 5119 Ante
2324 5063 2509 5115 omnia
2531 5059 2773 5114 studiose
2790 5057 2939 5112 dedit
2959 5072 3180 5127 operam
3210 5066 3269 5112 ut
3286 5057 3536 5114 Michaeli
3563 5071 3745 5129 genus

2163 5151 2541 5209 exscinderet.
2578 5152 2931 5219 Quapmpter
2980 5149 3236 5219 genitalia
3289 5149 3385 5204 lilii
3440 5152 3581 5220 ejus,
3634 5148 3739 5218 qui

2158 5245 2365 5300 Nicctze
2396 5258 2595 5298 nomen
2622 5240 2878 5301 habebat,
2898 5241 3161 5299 resecuit,
3203 5255 3272 5294 ne
3307 5240 3447 5295 forte
3474 5254 3731 5309 procrea-

2164 5337 2233 5391 tis
2263 5335 2558 5405 aliquando
2589 5333 2782 5387 liberis
2811 5332 3113 5386 vindictam
3145 5331 3213 5386 de
3249 5331 3435 5386 Lcouc
3467 5339 3728 5383 sumeret.

2162 5428 2211 5482 Is
2244 5442 2381 5496 puer
2427 5426 2520 5479 ubi
2555 5424 2769 5491 virilem
2807 5422 2874 5476 ad
2923 5434 3139 5478 mtatem
3178 5422 3538 5491 pervenisset,
3575 5419 3744 5471 urbis

2163 5522 2325 5588 hujus
2361 5520 2521 5574 Novae
2565 5519 2748 5572 “nunc
2783 5516 3027 5585 pontifex
3065 5526 3283 5569 creatus
3317 5523 3418 5572 est,
3454 5527 3576 5562 cum
3613 5511 3733 5579 ipsa

2162 5614 2284 5669 vitae
2340 5612 2643 5667 mutatione
2701 5608 2919 5665 tli\Cl‘SO
2989 5608 3153 5661 etiam
3211 5621 3238 5658 a
3290 5604 3457 5674 priori
3512 5604 3735 5659 nomine
