4154 6200
509 267 610 352 537

1746 282 2027 343 ANNALI
2045 279 2151 338 [XM
2197 279 2384 337 PARS
2431 279 2522 337 IV.

3635 273 3738 333 533

498 407 635 456 λεων
691 399 937 470 Τοσαύ.η
971 399 1024 452 δὲ
1053 398 1280 467 δύναμις
1307 392 1375 464 ἦν
1409 395 1550 449 ὥστε
1587 394 1679 448 καί
1713 394 1810 463 τὴν
1853 392 2063 444 ἀπαιω-

2173 386 2578 452 expeditionem
2618 384 2877 453 suseepit.
2913 383 3118 437 Tantas
3165 390 3348 436 autem
3389 380 3538 435 vires
3571 381 3742 434 habe-

502 493 758 564 ρηοεϊταν
786 494 844 544 ὲν
885 490 1176 559 ἀκροπόλει
1232 489 1424 543 ἅλυσιν
1474 485 1763 540 διακλάσαι
1807 485 1902 537 καὶ
1935 483 2072 550 πρὸς

504 584 810 652 Ιὶλαχέρνας
851 581 1129 634 ἀπελθεῖν.
1160 579 1252 632 Ἐν
1295 580 1439 642 ὅλοις
1472 579 1660 631 λοιπὸν
1715 573 1900 646 τρισὶν
1924 572 2074 624 ἔτεσι

499 675 570 725 τὰ
601 671 693 724 τοῦ
720 670 956 738 πολέμου
984 669 1333 740 κεκρὸτηται.
1368 665 1503 722 Εἶτα
1525 670 1554 720 6
1582 666 1786 735 Θωμᾶς
1814 663 2072 734 ἡττᾶται,

501 761 712 829 φεύγει,
756 764 834 822 εἰς
875 759 1321 828 Ἀδριανούτιολιν
1359 759 1604 830 ἔρχεται.
1647 755 1853 826 Καιρὸν
1887 753 2076 806 ἱκανὸν

502 853 681 903 ἐκεῖσε
718 851 868 920 παρὰ
917 850 1011 903 τοῦ
1045 851 1266 920 Μιχαὴλ
1291 851 1478 920 κύκλῳ
1517 849 1839 918 τετήρηται.
1879 841 2075 912 Προδί-

501 942 632 993 δωσι
668 943 758 994 καὶ
800 941 969 1005 ἄκων,
1030 943 1338 1011 κρατεῖται,
1388 943 1580 1011 χεῖρας
1625 939 1720 993 καὶ
1779 935 1944 996 πέδας
1992 931 2078 984 τὲ-

511 1047 727 1098 μνετιι,
761 1032 846 1082 ἐπ’
898 1031 1020 1082 ὄνου
1076 1031 1332 1097 κάθηται,
1379 1031 1536 1084 τοῦτο
1581 1032 1675 1083 καὶ
1709 1027 1871 1100 μόνον
1901 1026 2075 1092 λέγων

509 1139 529 1172 ι
567 1121 817 1192 Ἐλέησόν
846 1139 934 1192 με,
967 1122 1181 1192 ἀληθῶς
1215 1121 1502 1193 βασιλεῦ.»
1677 1109 1681 1111 ’

574 1386 729 1439 Μετὰ
753 1385 808 1436 δὲ
831 1387 920 1437 τὸν
944 1386 1166 1457 Μιχαὴλ
1199 1385 1458 1455 Θεόφιλος
1478 1387 1506 1437 6
1532 1385 1646 1445 υἱὸς
1671 1385 1864 1448 αὐτοῦ,
1886 1384 1980 1453 ἔτη
2010 1383 2075 1453 ιβ’

505 1482 676 1548 μῆνας
712 1475 780 1545 γ’.
833 1478 944 1531 Καὶ
989 1477 1292 1548 τηνικαῦτα
1333 1476 1567 1544 ἐκλογὴν
1621 1477 1860 1528 ποιεῖται
1902 1459 2072 1545 κορα-

503 1571 656 1633 σίων,
689 1565 762 1622 ὧν
795 1569 892 1639 μία
931 1568 1080 1640 καὶὴ
1115 1570 1316 1630 Κασία,
1354 1570 1420 1639 ἢν
1449 1569 1512 1639 δὴ
1545 1569 1638 1622 καὶ
1682 1568 2076 1636 ἀποπέμπεται.

499 1661 588 1715 διὰ
626 1661 726 1730 τὴν
766 1661 948 1730 πλήρη
1005 1661 1272 1724 συνέσεως
1323 1661 1620 1728 ἀπόκρισιν
1658 1659 1828 1728 αὐτῆς
1855 1676 1869 1690 ·
1905 1658 2074 1728 μῆλον

501 1753 610 1822 γὰρ
640 1753 978 1815 ἐπιδεδωκὼς
1033 1751 1170 1821 αὐτῇ
1228 1753 1304 1814 ὡς
1355 1752 1610 1821 ἐρασθεὶς
1654 1749 1814 1820 δῆθεν
1859 1748 1951 1800 ἐπὶ
1999 1747 2076 1817 τῷ

500 1845 684 1899 κάλλει
723 1845 913 1909 αὐτῆς,
956 1845 1049 1896 καὶ
1079 1841 1251 1896 εἰπὼν
1302 1862 1319 1894 ι
1360 1844 1457 1897 Ἐκ
1496 1840 1753 1910 γυναικὸς
1801 1839 1973 1910 ἐρρύη
2009 1841 2078 1892 τὰ

499 1930 699 1998 φαῦλα,
732 1949 751 1981 ι
798 1932 1031 2000 ηκουσεν
1095 1931 1153 1994 ἐξ
1201 1931 1374 2000 αὐτῆς
1429 1931 1509 1983 ὅτι
1549 1931 1642 1983 καὶ
1676 1930 1784 1981 ἀπὸ
1811 1928 2077 1997 γυναικὸς

500 2022 738 2091 πηγάζει
787 2025 857 2074 τὰ
909 2023 1217 2093 κρείττονα.
1255 2023 1372 2091 Ἐφ’
1426 2017 1468 2090 ᾧ
1501 2023 1594 2075 καὶ
1623 2023 1721 2091 τὴν
1750 2021 2078 2089 Παφλαγόνα

498 2110 780 2180 Θεοδὼραν
829 2112 1092 2180 ἠγάγετο.
1122 2111 1295 2175 Οὗτος
1339 2111 1462 2164 καθ’
1494 2111 1733 2180 ἑκάστην
1803 2109 2078 2178 ἑϐδομάδα

496 2203 586 2257 διὰ
618 2205 718 2272 τῆς
751 2205 958 2273 ἀγορᾶς
987 2204 1224 2272 ἔφιππος
1257 2206 1336 2267 εἰς
1364 2205 1456 2256 τὸν
1486 2204 1544 2256 ὲν
1577 2203 1912 2272 Βλαχέρναις
1946 2202 2075 2254 ναὸν

499 2295 814 2364 ἀπήρχετοο
847 2298 894 2348 εί
928 2298 1037 2366 γὰρ
1089 2296 1183 2348 καὶ
1238 2295 1408 2366 τιμὴν
1464 2298 1585 2358 ταῖς
1623 2295 1812 2361 ἁγίαις
1871 2294 2076 2347 εἰκόσιν

499 2388 598 2439 οὐκ
627 2387 838 2454 ἔνεμεν,
875 2387 1007 2440 ἀλλὰ
1032 2388 1109 2454 τῷ
1138 2389 1349 2458 Σωτῆρι
1378 2388 1472 2440 καὶ
1506 2389 1643 2456 αὐτῇ
1674 2389 1740 2456 τῇ
1773 2386 2076 2455 Θεομήτορι

500 2477 685 2530 πίστιν
719 2478 929 2546 ἐτήρει,
968 2477 1043 2539 ὡς
1076 2477 1282 2544 ἔλεγεν.
1317 2476 1485 2538 Οὗτος
1545 2477 1640 2528 καὶ
1706 2477 1834 2546 περὶ
1877 2476 1986 2528 τῶν
2019 2477 2076 2526 ἐν

497 2569 566 2638 τῇ
607 2568 782 2636 ἀγορᾷ
817 2567 1198 2636 προκειμένων
1233 2565 1412 2636 ὠνίων
1442 2564 1654 2634 ἠρώτα,
1678 2566 1773 2618 καὶ
1799 2567 1846 2617 εί
1871 2565 2071 2617 πολλοῦ

499 2661 926 2730 ἐπιπράσκοντο,
967 2659 1110 2711 κατά
1142 2657 1236 2710 τοῦ
1273 2657 1522 2733 ἐπάρχοέι
1567 2655 1857 2726 ὠργίζετο.
1886 2657 2074 2726 Τούτῳ

499 2751 778 2821 προσήλοέ
810 2768 894 2813 τις
924 2750 1064 2820 γυνὴ
1099 2751 1256 2819 παρά
1289 2749 1383 2802 τοῦ
1431 2748 1534 2818 τῆς
1581 2748 1910 2818 Αὐγούστης
1948 2765 2074 2816 συγ⁴

498 2842 658 2909 τόνου
722 2842 983 2910 ιιετρωνᾶ
1039 2840 1401 2909 ἀδικουμένη·
1442 2838 1649 2908 οἴκημα
1713 2839 1804 2890 καὶ
1855 2839 1964 2909 γάρ
2021 2856 2074 2892 τι

500 2930 723 2998 ὑψὼσας
776 2929 1013 2982 ἔϐλαπτε
1054 2928 1403 2998 γειτονοῦσαν
1442 2928 1634 2999 αὐτήν.
1693 2929 1752 2981 '0
1785 2927 1916 2996 γοῦν
1968 2929 2073 2980 Πε-

499 3021 714 3090 τρωνᾶς
740 3021 1066 3090 ὲπεφωνήοη
1112 3023 1233 3088 μὲν,
1267 3022 1328 3074 οὐ
1387 3020 1733 3090 διωρθώσατο
1763 3021 1842 3074 δέ.
1879 3019 1997 3088 Ἐφ’
2029 3014 2072 3088 ᾧ

499 3112 770 3176 αἰκίζεται
801 3113 1008 3174 δεινῶς,
1041 3111 1134 3164 καὶ
1181 3111 1274 3164 τοῦ
1333 3112 1632 3183 οίκήματος
1663 3113 2072 3181 ἀνατραπέντος

499 3205 534 3272 ὴ
573 3202 673 3274 ὕλη
707 3203 856 3255 πᾶσα
885 3205 952 3274 τῇ
987 3203 1210 3270 γυναικὶ
1243 3203 1464 3256 δίδοται.
1499 3201 1690 3255 Ἡνίκα
1715 3203 1772 3256 δὲ
1804 3204 1896 3256 καὶ
1939 3221 2072 3272 προ-

501 3293 680 3364 κύψας
741 3295 802 3347 τὸ
855 3295 955 3362 τῆς
1021 3295 1309 3363 δεσποίνης
1368 3291 1508 3347 οἶδεν
1564 3294 1803 3364 ἔγγομον
1863 3295 2070 3357 πλοῖον,

499 3385 867 3456 πυρίκαυστον
904 3386 1116 3440 κελεύει
1154 3387 1428 3453 γενέσθαι,
1462 3387 1636 3453 λέγων
1676 3405 1693 3437 ι
1733 3388 1972 3441 Βασιλέα
2002 3404 2070 3458 με

497 3478 594 3532 τοῦ
647 3478 783 3530 Θεοῦ
840 3479 1242 3542 ἀναδείξαντος,
1309 3479 1374 3531 σὺ
1441 3478 1652 3548 βιάζεις
1714 3480 1940 3549 ποιῆσαί
2003 3495 2070 3548 με

500 3571 823 3639 ναύκληρον.
889 3573 1098 3634 Ἀλλως
1167 3589 1226 3624 τε
1295 3575 1343 3625 εί
1405 3574 1546 3637 μετὰ
1615 3572 1716 3640 τῆς
1783 3572 2072 3642 βασιλικῆς

499 3664 786 3732 εὐετηρίας
836 3664 940 3714 καὶ·
981 3667 1048 3716 τὰ
1099 3664 1157 3729 ἐξ
1192 3663 1461 3734 ἐμπορίας
1498 3665 1713 3726 ἑαυτοῖς
1758 3668 2070 3730 περιποιεέ-

501 3753 626 3805 σσαι
661 3754 990 3822 σπεύδομεν,
1037 3755 1200 3806 πόθεν
1233 3755 1300 3806 ἂν
1337 3757 1403 3805 τὰ
1461 3754 1595 3822 πρὸς
1651 3753 1794 3822 ζωὴν
1844 3756 1892 3805 οἱ
1930 3755 2074 3806 ἰδιῶ-

499 3862 587 3897 ται
621 3845 962 3915 πορίζοιντο;
1004 3863 1022 3897 ι
1060 3845 1330 3898 Τοσοῦτον
1347 3823 1416 3896 Ιδὲ
1453 3845 1884 3915 μεγαλοπρεπὴς
1920 3847 2074 3915 βασι-

499 3936 622 3999 λεὺς
653 3940 682 3989 6
718 3938 978 4006 Θεόφιλος
1032 3934 1118 4008 ἦν
1149 3937 1291 3988 ὥστε
1319 3937 1410 3988 καὶ
1445 3937 1738 4005 θαυμαστά
1764 3955 1884 3989 τινα
1918 3939 2073 4004 φιλο-

500 4027 866 4098 τεχνήσασοαι
922 4031 1154 4097 ὄργανα.
1191 4029 1417 4097 Πνεῦμα
1477 4029 1572 4081 καὶ
1626 4030 1735 4098 γὰρ
1775 4029 1986 4081 ἐκεῖθεν
2014 4032 2073 4086 ἐν

507 4097 723 4192 μηχανῇ
757 4139 860 4174 τινι
891 4121 1351 4190 ἀναπεμπόμενον
1374 4120 1640 4188 μελῳδίαν
1662 4097 1782 4179 ’ἀπή
1795 4137 1874 4189 χει
1905 4137 2072 4188 τερπ-

501 4212 598 4280 νὴν
629 4214 722 4265 καὶ
768 4213 1074 4266 εύκέλαδον.
1113 4211 1274 4265 Ἀλλά
1339 4213 1432 4265 καὶ
1476 4212 1655 4280 χρυσᾶ
1701 4211 2073 4264 κατεσκεύασε

500 4301 716 4370 δένδρα,
748 4304 803 4354 ὲν
833 4297 912 4364 οἷς
944 4303 1280 4354 παντοδαποὶ
1329 4301 1582 4371 στρουοοὶ
1641 4301 1944 4370 καθήμενοι
1975 4318 2072 4370 με·

500 4390 728 4462 λῷὃημα
763 4393 1010 4462 μελιτόεν
1041 4394 1276 4463 ἐξέχεον.

2179 473 2288 533 bat,
2328 483 2382 526 ιιι
2439 489 2759 542 suspensam
2809 489 2873 526 ex
2908 488 3033 526 arce
3081 485 3330 526 catenam
3382 472 3745 541 perfringeret

2177 578 2239 617 ac
2282 564 2610 616 illacheruas
2641 579 2812 632 usque
2847 564 3227 618 contenderet.
3272 563 3460 632 Itaque
3488 563 3750 633 deinceps

2180 657 2308 708 totis
2335 654 2510 708 tribus
2535 656 2696 730 annis
2733 655 2936 708 bellum
2977 655 3210 723 geritur,
3241 669 3351 724 quo
3383 663 3575 708 exacto
3605 653 3751 708 Tho-

2179 760 2296 799 mas
2336 747 2596 810 vincitur,
2637 748 2689 800 in
2724 747 2904 818 fugam
2953 763 3010 802 se
3045 749 3286 816 conjicit,
3335 746 3747 816 AdrianOpolim

2177 839 2449 908 pervenit,
2503 855 2610 892 non
2661 838 2860 907 exiguo
2918 848 3162 907 tempore
3215 839 3336 892 istic
3378 838 3666 892 obsidione
3720 852 3748 889 a

2177 931 2442 984 Michaelo
2467 930 2725 998 cingitur,
2779 929 2846 982 ab
2899 929 3093 982 ineohs
3129 929 3314 997 oppidi
3351 930 3610 995 'deditur,
3664 931 3748 983 in-

2177 1020 2324 1073 vitus
2361 1021 2413 1072 in
2473 1019 2648 1072 hostis
2703 1029 3026 1087 potestatem
3085 1019 3256 1083 venit,
3293 1020 3546 1072 manibus
3586 1031 3750 1090 atque

2179 1110 2411 1180 pedibus
2440 1118 2746 1173 truncatur,
2782 1111 2937 1162 asino
2993 1109 3338 1163 contumeliae
3384 1125 3546 1162 causa
3575 1111 3750 1179 impo-

2179 1202 2351 1268 nitur,
2403 1201 2515 1254 haec
2566 1209 2775 1253 tantum
2828 1199 2992 1253 verba
3048 1199 3334 1268 proferens
3385 1215 3453 1252 ιι
3495 1199 3752 1254 Miserere

2178 1291 2308 1351 mei.
2345 1292 2438 1362 qui
2472 1308 2661 1361 reapse
2691 1293 2987 1360 imperator
3016 1307 3096 1345 es.
3137 1311 3155 1342 ι

2248 1384 2378 1438 Post
2431 1383 2754 1437 Michaelqu
2802 1383 3140 1450 Theophilus
3186 1382 3330 1437 titius
3391 1385 3511 1454 ejus
3573 1398 3747 1437 annos

2177 1475 2468 1530 duodecim
2528 1491 2744 1529 menses
2795 1484 2904 1527 tres
2945 1474 3256 1540 imperavit.
3315 1475 3433 1528 Mox
3487 1477 3554 1529 ab
3613 1475 3752 1528 inito

2180 1567 2410 1636 imperio
2455 1565 2732 1619 delectum
2789 1565 3095 1634 puellarum
3156 1565 3345 1638 haberi
3398 1567 3575 1632 iussit,
3608 1567 3753 1619 inter

2178 1673 2316 1728 quas
2345 1657 2508 1710 etiam
2534 1656 2720 1711 Cassia
2748 1656 3076 1724 comparuit.
3109 1655 3240 1708 Eam
3271 1665 3493 1724 propter
3523 1672 3753 1724 respon-

2180 1765 2301 1804 sum
2336 1749 2642 1818 prudentiae
2669 1748 2889 1816 plenum
2924 1748 3141 1800 missam
3172 1747 3301 1801 fecit
3325 1763 3388 1801 ac
3417 1748 3752 1816 repudiavit.

2177 1843 2313 1897 Nam
2347 1857 2470 1895 cum
2528 1841 2577 1896 ei
2620 1840 2822 1894 malum
2872 1840 3212 1902 tradidisset,
3257 1841 3336 1893 uti
3392 1841 3484 1908 qui
3528 1850 3750 1910 ιιι-ομιτ

2179 1936 2452 2004 insignem
2491 1933 2666 2003 ipsius
2715 1931 3185 2001 pulchritudinem
3231 1947 3419 1985 amore
3463 1942 3753 1999 correptus

2178 2035 2343 2088 esset,
2377 2026 2654 2094 simulque
2698 2024 2929 2078 dixisset
2971 2038 2988 2078 :
3022 2042 3039 2074 ι
3073 2024 3117 2077 Α
3152 2025 3383 2077 muliere
3438 2025 3576 2077 mala
3627 2040 3754 2093 pro-

2180 2125 2492 2182 manarunt,
2528 2135 2544 2167 ι
2590 2115 2831 2171 vicissim
2871 2115 2960 2168 illa
3015 2115 3299 2182 respondit
3335 2131 3348 2167 :
3396 2133 3413 2164 ι
3446 2116 3487 2166 Α
3524 2116 3754 2168 muliere

2177 2209 2320 2263 bona
2375 2220 2596 2276 quoque
2651 2205 3009 2272 proveniunt.
3048 2221 3066 2254 ι
3118 2204 3309 2272 Itaque
3357 2213 3565 2258 mutata
3621 2221 3750 2257 sen-

2181 2299 2350 2353 tentia
2383 2297 2730 2350 Theodoram
2765 2294 3190 2364 Paphlagoniam
3253 2295 3606 2347 matrimonio
3649 2295 3755 2348 sibi

2172 2391 2375 2461 junxit.
2413 2388 2663 2442 Ilabebat
2698 2387 2750 2439 in
2789 2402 2939 2440 ntere
2967 2385 3132 2455 239
3157 2384 3515 2456 Theophilus.
3555 2399 3612 2439 ut
3643 2391 3758 2440 sin-

2175 2480 2318 2550 gulis
2348 2477 2668 2546 septimana:
2700 2476 2896 2530 diebus
2927 2491 3024 2544 per
3071 2476 3250 2530 forum
3303 2492 3470 2545 eques
3525 2478 3576 2530 iu
3631 2478 3754 2531 Bia-

2176 2571 2464 2625 cheruit'ttn
2521 2570 2786 2638 templum
2828 2567 2954 2621 iret.
2999 2567 3322 2634 Quanquam
3381 2567 3529 2620 enim
3583 2569 3758 2621 sacris

2179 2663 2515 2730 imaginibus
2563 2661 2826 2714 honorem
2864 2658 3073 2711 nullum
3123 2657 3429 2717 deferebat,
3486 2659 3522 2713 S
3560 2660 3754 2713 lvatori

2179 2763 2358 2806 tamen
2385 2768 2447 2805 ac
2474 2753 2718 2822 Deiparze
2749 2751 2909 2804 {idem
2961 2749 3238 2811 servabat,
3277 2758 3335 2802 ut
3370 2749 3599 2816 ipsemet
3632 2767 3757 2820 pro-

2177 2844 2451 2897 ﬁtebatur.
2489 2843 2758 2897 Praaterea
2797 2823 3069 2895 de'r'erum
3120 2842 3174 2894 in
3208 2841 3328 2896 foro
3363 2858 3559 2895 venum
3590 2857 3757 2911 expo-

2176 2935 2405 2988 sitarum
2448 2934 2640 3002 pretiis
2674 2934 2958 3001 inquirere
2991 2933 3226 2996 solebat,
3260 2941 3310 2986 et
3336 2935 3396 2986 .si
3435 2950 3628 3003 magno
3661 2953 3755 2987 t-as

2101 3063 2143 3120 ο
2177 3026 2340 3078 vendi
2384 3025 2846 3094 deprehenderet,
2897 3024 3156 3092 pra-lecto
3205 3026 3587 3079 succensebat.
3641 3028 3748 3078 Ar.-

2175 3113 2310 3167 cidit
2353 3111 2648 3180 aliquando
2707 3125 2766 3164 ιιι
2799 3112 2996 3164 femina
3038 3111 3286 3180 qua-dam
3334 3113 3512 3180 ipsum
3549 3127 3754 3167 σθω-οι

2173 3203 2339 3266 niret,
2392 3203 2460 3256 ab
2519 3202 2776 3270 Augustae
2835 3204 3005 3255 fratre
3062 3199 3296 3256 l’etroua
3351 3218 3447 3271 per
3497 3203 3749 3273 injur7am

2175 3297 2322 3349 laesa.
2353 3293 2486 3347 Nam
2523 3308 2644 3346 eum
2687 3293 2732 3346 is
2773 3292 3065 3345 aedilicium
3115 3293 3169 3344 in
3225 3294 3398 3346 altuut
3443 3293 3746 3353 eduxisset,

2173 3387 2370 3440 domus
2413 3385 2625 3448 vicinzr,
2677 3398 2798 3451 qua:
2831 3384 3078 3436 mulieris
3109 3393 3250 3442 erat.
3299 3384 3602 3437 luminibus
3649 3386 3751 3438 ob-

2175 3484 2478 3532 struxerat.
2533 3474 2682 3528 Ilanc
2728 3475 2798 3528 ob
2849 3489 3072 3527 causam
3123 3473 3390 3528 Petrouas
3425 3475 3750 3544 objurgatus

2176 3571 2348 3624 nihilo
2397 3569 2570 3637 magis
2635 3555 2684 3620 id
2753 3567 3069 3635 corrigebat
3123 3566 3178 3619 itt
3243 3580 3354 3634 quo
3419 3566 3751 3635 deliquerat.

2173 3662 2362 3730 Itaque
2420 3661 2568 3727 gravi
2626 3674 2752 3711 cum
2803 3658 3138 3711 contumelia
3194 3657 3494 3726 imperator
3541 3658 3750 3720 alfeeit,

2173 3755 2492 3819 aedibusque
2529 3750 2762 3819 dejectis
2811 3764 3032 3802 omnem
3077 3749 3364 3802 materiem
3411 3749 3628 3802 mulieri
3666 3760 3748 3801 ιιι-

2175 3845 2387 3899 tribuit.
2419 3845 2606 3896 Itidem
2635 3856 2758 3895 cum
2792 3855 2822 3894 e
2882 3841 3086 3909 palatio
3122 3850 3482 3908 prospectans
3513 3840 3752 3892 domina:

2175 3937 2357 3990 navim
2418 3943 2643 4003 portum
2715 3931 3018 3998 ingressam
3086 3930 3354 3993 vidisset,
3412 3940 3472 3982 ut
3523 3929 3631 4000 igni
3671 3948 3751 3984 -ea

2174 4031 2630 4081 eoncremaretur
2658 4019 2969 4082 mandavit,
3008 4018 3327 4091 hujusmodi
3363 4019 3525 4071 verba
3575 4019 3747 4088 subji-

2173 4118 2329 4171 ciens
2358 4134 2371 4169 :
2406 4133 2424 4166 ι
2455 4115 2532 4166 Τιι
2559 4127 2684 4168 cum
2719 4113 3110 4180 imperatorem
3143 4125 3230 4164 me
3257 4111 3396 4164 Deus
3424 4110 3747 4180 desigua:it,

2175 4207 2498 4261 nauclerqu
2528 4217 2651 4257 esse
2683 4200 2885 4271 coges?
2913 4198 3070 4266 Quod
3097 4199 3277 4259 si,nos
3318 4209 3517 4268 praeter
3554 4199 3750 4252 uberes

2175 4297 2393 4367 itnperii
2427 4299 2640 4348 fruetus
2661 4293 2828 4347 etiam
2885 4300 3218 4344 mercatura:
3252 4290 3624 4344 emolumenta
3659 4304 3756 4343 co-

2103 4389 2430 4446 Dnabimur
2488 4388 2838 4453 intercipere,
2890 4383 3166 4437 undenatu
3216 4384 3444 4450 privatae
3507 4383 3746 4436 fortuna-

501 4488 752 4543 ltomines
805 4488 872 4542 ad
924 4489 1091 4541 vitam
1149 4488 1529 4542 sustinendam
1584 4487 1688 4542 sibi
1743 4489 2049 4542 necessaria
2089 4482 2525 4555 comparabunt?
2564 4499 2582 4531 ι
2654 4479 2860 4533 Praeter
2907 4477 3022 4531 haec
3095 4486 3203 4530 tam
3265 4477 3586 4545 ntaguitieus
3628 4487 3747 4530 erat

503 4576 801 4649 imperator
875 4579 966 4635 hic
1003 4580 1363 4649 Theophilus,
1428 4591 1486 4635 ut
1537 4583 1700 4636 etiam
1787 4580 2135 4634 admirabilia
2176 4577 2424 4648 quzedam
2479 4577 2844 4628 instrutnenta
2917 4570 3165 4625 studiose
3241 4569 3614 4637 excogitaret,
3677 4570 3746 4620 de

501 4678 704 4748 quibus
776 4677 1028 4730 machina
1109 4676 1345 4745 quadam
1417 4677 1653 4732 emissus
1700 4677 1932 4746 spiritus
1981 4676 2281 4746 jucundam
2355 4672 2711 4740 suaviterque
2787 4679 3137 4723 resonantem
3219 4668 3510 4720 melodiam
3559 4665 3746 4719 eliirit.

504 4771 695 4825 Itidem
751 4769 982 4822 arbores
1029 4782 1226 4822 aureas
1277 4768 1525 4836 parabat,
1566 4767 1622 4820 in
1686 4767 1887 4836 quibus
1953 4764 2141 4820 omnis
2181 4762 2400 4835 generis
2455 4763 2684 4816 aviculae
2742 4760 3096 4816 considetttes
3148 4759 3402 4812 melleum
3453 4758 3747 4827 quemdam

501 4873 720 4917 cantum
750 4861 1127 4916 eli'undebent.

585 4954 918 5024 ’Δνορώπιόν
988 4969 1041 5005 τι
1092 4954 1150 5005 ὲν
1223 4952 1548 5022 ἀνακτόροις
1621 4955 2070 5024 περιεστρέφετο,

501 5046 834 5116 παρακοπὴν
892 5047 1107 5114 φρενῶν
1165 5046 1308 5116 ἔχον,
1379 5045 1636 5115 Δὲνδερις
1708 5045 2066 5114 καλούμενον.

503 5137 636 5188 [Iove
661 5137 792 5205 γοῦν
827 5137 856 5188 6
896 5136 1152 5205 βασιλεὺς
1193 5135 1478 5205 ipset-ﬁcu;
1511 5135 1643 5188 αὐτὸ
1701 5134 1866 5186 πόθεν
1919 5135 2066 5204 ἥκει,

501 5229 652 5298 παρά
707 5231 773 5298 τῇ
833 5230 1027 5298 Μάννᾳ
1092 5227 1430 5298 πορευθῆναι
1493 5227 1726 5294 ἔλεγεν·
1761 5225 1905 5280 οὕτω
1960 5227 2068 5295 γὰρ

501 5321 680 5373 ἐκάλει
709 5321 810 5389 τὴν
842 5321 1148 5373 δέσποιναν.
1198 5321 1354 5373 Ἀλλὰ
1406 5320 1499 5372 καὶ
1551 5320 1694 5371 νινία
1722 5319 1861 5371 καλὰ
1898 5319 2070 5370 διεδε-

502 5409 719 5462 εαιοῦτο
753 5411 896 5480 ἔχειν
937 5409 1130 5478 αὐτήν.
1163 5407 1394 5470 Εἰκόνας
1446 5405 1538 5461 οὖν
1567 5410 1596 5460 6
1646 5407 1901 5477 βασιλεὺς
1935 5407 2066 5460 ὑπο-

497 5505 744 5565 τοπάσας
801 5502 940 5556 εἶναι
973 5502 1042 5554 τὰ
1081 5503 1222 5554 νινία
1257 5502 1400 5554 κατᾶ
1432 5500 1532 5568 τῆς
1587 5500 1853 5570 βασιλίδος
1895 5499 2064 5567 temp.

499 5611 676 5662 γιστο.
750 5595 813 5648 Ἦ
873 5596 930 5648 δὲ
1001 5594 1182 5660 σοφῶς
1247 5593 1338 5646 τὸν
1397 5594 1571 5662 ἄνδρα
1628 5595 2068 5660 κατεσοφίσατο’

375 5717 390 5740 ι
471 5681 529 5742 it
577 5685 708 5739 om
742 5687 851 5759 γὰρ
907 5686 1123 5748 εἰκόνας
1185 5681 1324 5737 εἶδεν
1376 5687 1403 5737 6
1459 5684 1728 5754 Δένδερις,
1780 5701 1796 5733 ι
1861 5683 2072 5749 ἔλεγεν,

2207 4936 2513 5006 Ὀωιει-ιιιιι
2555 4948 2607 5000 in
2647 4947 2769 5002 aula
2811 4947 3035 5015 quidam
3079 4945 3404 5000 verSabatur
3447 4944 3750 4998 homuncio

2172 5057 2366 5112 parutn
2397 5041 2596 5094 mentis
2631 5053 2876 5107 compos.
2915 5038 3049 5090 Eum
3087 5053 3212 5091 cum
3249 5036 3546 5106 aliquando
3583 5038 3752 5090 inter-

2173 5143 2421 5203 rogasset
2455 5135 2757 5201 imperator
2789 5130 2935 5184 unde
2971 5130 3222 5196 veniret,
3260 5145 3288 5182 a
3327 5129 3522 5182 Manna
3568 5143 3627 5181 se
3663 5127 3749 5186 di-_

2178 5239 2425 5294 gressum
2473 5223 2798 5291 reSpondit:
2847 5223 2951 5276 hoc
2999 5222 3144 5276 enim
3193 5221 3417 5276 nomine
3466 5217 3745 5273 dominam

2175 5313 2504 5381 appellabat.
2538 5311 2741 5367 Deinde
2771 5311 3060 5366 alIirmavtt
3089 5312 3232 5365 illam
3265 5311 3538 5378 perbellas
3570 5320 3743 5375 papas

2175 5406 2400 5460 habere.
2455 5404 2571 5469 Qua
2626 5419 2758 5458 voce
2819 5405 3118 5473 imperator
3157 5404 3386 5466 audita,
3428 5402 3739 5464 auspicatius"

2172 5499 2345 5566 I‘iupzls
2377 5511 2496 5550 esse
2530 5496 2796 5566 imagines
2817 5536 2832 5561 ,
2870 5507 3062 5550 contra
3098 5494 3499 5562 imperatrieem
3533 5501 3740 5540 excan-

2170 5589 2312 5644 tluit.
2370 5588 2464 5641 Illa
2521 5604 2652 5642 vero
2695 5589 2952 5642 maritum
2995 5589 3231 5640 solerter
3271 5580 3504 5650 dect-pit.
3553 5597 3572 5630 ι
3625 5578 3742 5630 Nm

2175 5681 2366 5746 enim,
2444 5682 2560 5745 ait,
2615 5681 2878 5748 inuigiues
2938 5677 3199 5730 DCIMIITIS
3264 5674 3400 5725 vidit
3459 5673 3604 5742 (hoc
3661 5670 3741 5723 uti
