4154 6200
423 292 522 361 541
1659 305 2075 370 ANNALIUM
2119 308 2314 371 PARS
2356 310 2455 372 IV.
3577 318 3683 382 552

419 413 527 482 ἄρα
572 412 665 466 καὶ
697 413 729 484 ἡ
767 414 905 485 πρὸς
954 416 1090 471 Θεὸν
1130 417 1327 488 γέγονε
1378 414 1585 489 δέησις.
1621 416 1826 473 Ἦνίκα
1870 420 2002 488 γοῦν

2118 423 2287 492 iugem
2333 439 2491 476 suum
2536 422 2591 476 in
2639 423 2948 491 paradisum
2993 424 3325 480 iutroduvit.
3384 425 3455 479 Et
3508 426 3575 481 de
3625 445 3684 481 re
3738 468 3741 469 ν

418 505 763 578 ἑφιλοφρόνει
788 509 1007 573 αὐτοὺς,
1041 512 1345 582 συμπαρῆν
1394 514 1487 565 καὶ
1519 514 1547 564 6
1582 513 1826 582 γραπτδς
1870 513 1999 565 Θεο-

419 596 599 668 φάνης
651 599 905 664 Νικαίας.
951 601 1170 673 Ταύτης
1232 601 1327 656 οὖν
1385 602 1816 674 ἐνατενιζούσης.
1849 602 2001 673 αὑτῷ

417 693 514 743 καὶ
540 691 609 743 τὰ
632 690 906 762 στί-(ματα
932 694 1322 767 θαυμαζούσης
1354 694 1533 763 ἔλεγε*
1565 695 1662 748 «Τί
1688 712 1756 762 με
1792 694 2004 765 σύχνῶς

416 781 587 852 ὁρᾷςς
645 782 779 836 Τότε
840 784 1229 857 διαδικάσομαι
1291 786 1422 858 περὶ
1466 790 1659 840 τούτου
1710 786 1788 858 τῷ
1845 785 2001 857 ἀνδρί

422 886 541 925 σου.
585 889 604 922 ι
673 872 779 925 Ἦν
836 874 900 945 δὴ
957 876 1048 929 καὶ
1111 877 1282 933 πολλὰ
1341 877 1752 946 δυσχεράνασαν
1806 876 1998 930 τούτου

418 958 605 1012 ἕνεκεν
638 963 667 1015 6
700 963 1047 1035 πατριάρχης
1076 966 1454 1036 παρεμυθεῖτο
1486 963 1775 1027 Μεθόδιος.

2106 528 2231 566 cum
2281 513 2489 568 certior
2534 513 2675 567 facta
2720 513 2951 581 fuisset,
2982 517 3220 588 benigne
3250 526 3475 573 sanctos
3516 518 3684 573 hosce

2113 593 2306 655 Patres
2353 602 2606 670 excepit,
2657 602 2749 672 qui
2798 603 2965 658 etiam
3014 621 3116 673 pro
3151 605 3467 676 Theophilo
3507 606 3684 661 Deum

2112 692 2323 762 precati
2370 703 2518 747 sunt.
2556 691 2694 749 Cum
2741 705 2925 750 autem
2979 696 3105 754 illos
3135 700 3452 769 exciperet,
3488 699 3685 753 aderat

2109 781 2253 836 inter
2306 782 2444 837 alios
2486 782 2854 853 Theophanes
2896 784 3150 842 Nicmuus
3193 787 3482 858 pontifex,
3528 789 3686 858 cujus

2109 871 2268 928 faciei
2304 862 2447 929 notae
2480 874 2763 943 impressae
2795 885 2972 930 erant.
3008 876 3060 932 Is
3092 879 3449 949 imperatrice
3483 879 3684 934 defixis

2111 966 2290 1020 oculis
2313 981 2370 1019 se
2402 966 2677 1029 intuente,
2714 982 2775 1020 ac
2807 976 2965 1021 notas
3000 968 3295 1038 impressas
3324 972 3637 1025 admirante
3668 992 3680 1024 :

429 1074 448 1107 ι
482 1055 616 1117 Cur.
666 1055 879 1125 inquit,
917 1067 1027 1111 tam
1069 1059 1266 1113 crebro
1313 1074 1399 1113 me
1465 1058 1707 1127 aspicis?
1742 1057 1796 1111 in
1843 1052 2015 1111 altera
2092 1059 2203 1112 vita
2259 1074 2383 1112 cum
2441 1059 2643 1111 marito
2711 1067 2801 1111 tuo
2853 1057 3260 1129 disceptaturas
3311 1077 3453 1114 sum.
3497 1080 3514 1111 ι
3567 1061 3684 1116 Hoc

426 1151 655 1203 verbum
690 1150 1098 1221 imperatricem
1127 1152 1368 1222 graviter
1398 1150 1695 1206 admodum
1731 1150 1984 1220 pupugit,
2024 1166 2189 1219 quam
2242 1160 2421 1203 tamen
2465 1146 2667 1203 deinde
2737 1148 3047 1205 Methodius
3118 1152 3430 1220 patriarcha
3489 1169 3688 1206 conso-

424 1245 569 1299 latus
601 1254 706 1300 est.

496 1343 739 1397 Γίνωσκε
772 1344 851 1408 δὲ,
887 1346 1161 1417 ἁγαπητὲ,
1198 1346 1280 1401 ὅτι
1333 1348 1425 1401 ἐπὶ
1468 1349 1570 1419 τῆς
1604 1348 1698 1402 τοῦ
1740 1347 2002 1417 Θεοφίλου
2076 1400 2082 1407 ,

427 1431 704 1502 βασιλείας
739 1436 893 1491 Λέων
936 1440 965 1491 6
1010 1438 1303 1509 φιλόσοφος
1342 1435 1433 1511 ἦν,
1474 1441 1865 1511 κεκρυμμένος
1903 1440 2002 1510 μὲν

420 1524 518 1578 τοῦ
552 1525 770 1595 πρώτου
814 1528 909 1583 καὶ
935 1529 1115 1600 πάντη
1152 1531 1430 1597 ἄγνωστος
1478 1529 1577 1594 ὢν,
1604 1530 1781 1601 τούτῳ
1819 1531 1874 1583 δὲ
1905 1548 1999 1599 γε·

2186 1340 2344 1411 291
2397 1339 2550 1394 Scito
2592 1350 2775 1395 autem
2797 1381 2812 1405 ,
2860 1338 3057 1393 dilecte
3090 1338 3164 1393 ﬁli
3188 1379 3202 1400 ,
3236 1338 3545 1408 Thcophilo
3580 1340 3688 1393 im-

2108 1444 2339 1505 perante
2369 1434 2610 1487 Leonem
2643 1432 2975 1502 philos0phu
3002 1448 3032 1484 ιι
3061 1430 3363 1494 exstitisse,
3396 1432 3491 1500 qui
3525 1448 3688 1501 pror-

2107 1542 2204 1581 sus
2239 1536 2401 1580 antea
2434 1526 2691 1579 latitabat
2719 1534 2775 1579 et
2807 1526 3032 1593 ignotus
3059 1533 3176 1578 erat
3207 1542 3219 1577 :
3254 1524 3349 1578 sed
3382 1524 3489 1579 boc
3524 1528 3685 1579 modo

423 1615 596 1683 γοιιὼς
622 1616 700 1686 τῷ
730 1618 917 1689 τρόπῳ
946 1620 1269 1691 κατάδηλος.
1298 1621 1538 1684 Νεανίας
1571 1640 1655 1685 τις
1694 1639 1999 1692 γεωμετρι-

2118 1630 2313 1670 nomen
2369 1612 2593 1697 aliquod
2647 1622 2732 1667 est
2788 1622 3149 1667 consecutus.
3209 1612 3442 1677 Quidam
3499 1614 3687 1668 adole-

421 1708 525 1776 κῆς
570 1708 884 1779 ἐπιστήμης
938 1710 1205 1783 ἔμπειρος
1256 1712 1331 1765 ὢν
1379 1713 1730 1783 αίχμάλωτος
1780 1715 1995 1781 ἄγεται.

418 1791 554 1847 Εἶτα
587 1799 737 1865 παρᾶ
766 1798 861 1848 τοῦ
897 1797 1223 1868 κατέχοντος
1261 1798 1428 1853 αὐτὸν
1467 1800 1873 1871 Ἀρμεμούμνη
1910 1800 2004 1871 ζή-

418 1902 579 1956 τησις
621 1887 834 1954 γίνεται
866 1890 1260 1961 γεωμετρικῶν
1290 1889 1690 1963 θεωρημὰιτων.
1721 1891 1998 1962 Παρίστα-

423 1993 515 2031 ται
544 1978 937 2046 καὶὸνεανίας,
962 1982 1061 2052 τὴν
1087 1980 1255 2035 αὐτοῦ
1281 1981 1474 2051 σοφίαν
1500 1984 1764 2047 δείκνυσι,
1792 1984 2003 2054 Θαυμά-

421 2069 596 2134 ζεται.
637 2066 941 2141 Ἐρωτᾶται
981 2073 1029 2125 εί
1062 2073 1156 2127 καί
1191 2091 1336 2138 τινες
1365 2076 1543 2146 ἕτεροι
1579 2076 1812 2130 tom-37m
1851 2075 2005 2147 παρὰ

420 2166 490 2234 τῇ
539 2162 901 2238 βασιλευούσῃ
943 2166 1316 2236 εὑρίσκονται.
1357 2168 1467 2221 Καὶ
1514 2169 1542 2220 6
1576 2166 2004 2238 Ἀρμεμούμνης

425 2254 613 2323 μαθὼν
643 2248 771 2325 περὶ
797 2256 890 2310 τοῦ
931 2252 1098 2326 σοφοῦ
1130 2258 1381 2324 Λέοντος,
1419 2259 1502 2323 τίς
1539 2276 1598 2312 τε
1627 2254 1696 2331 ἦν
1731 2261 1826 2313 καὶ
1854 2262 2004 2324 ὅπως

422 2349 501 2405 είς
539 2346 709 2416 ἄκρον
743 2346 997 2417 ὲληλάκει
1041 2355 1224 2418 πάσης
1265 2352 1459 2420 σοφίας
1520 2353 1614 2403 καὶ
1669 2353 2001 2422 ἐπιστήμης,

421 2437 626 2507 γράφει
656 2439 790 2508 πρὸς
822 2441 915 2493 τὸν
937 2428 1171 2510 ’βασιλέα
1202 2442 1465 2512 Θεόφιλον
1491 2444 1565 2506 ὡς
1593 2443 1658 2495 ἂν
1701 2444 2001 2497 ἀποστελοί

420 2527 513 2578 τὸν
565 2527 855 2597 φιλόσοφον
908 2530 1042 2599 πρὸς
1094 2533 1301 2585 αὐτόν’
1350 2534 1472 2588 ἀντὶ
1506 2534 1563 2587 δὲ
1614 2538 1806 2587 τοᾶτου
1841 2535 1997 2605 8001';—

423 2636 578 2673 σεται
610 2622 771 2692 χάρις
819 2623 1046 2692 χρυσίου
1099 2624 1429 2698 κεντηνάρια
1468 2632 1514 2696 ρ’
1543 2627 1636 2679 καὶ
1675 2629 1827 2697 φιλία
1879 2627 2007 2680 αἰώ-

421 2729 556 2773 νιος.
586 2714 695 2765 Καὶ
739 2715 767 2766 6
825 2714 1082 2782 Θεόφιλος
1141 2716 1345 2769 ἄτοπον
1398 2718 1593 2787 κρίνας
1644 2721 1692 2771 εί
1750 2719 1849 2785 τὴν
1894 2719 2002 2771 τῶν

422 2799 596 2853 ὄντων
631 2802 855 2869 γνῶσιν,
896 2803 963 2856 δι’
1007 2806 1073 2874 ἣν
1101 2805 1160 2856 τὸ
1200 2806 1310 2858 τῶν
1349 2805 1639 2874 Ῥωμαίων
1680 2808 2009 2874 γένος’θαυ-

429 2887 683 2954 μάζεται,
714 2891 933 2945 ἔκδοτον
963 2910 1033 2945 πο
1059 2890 1179 2964 ήσει
1214 2896 1325 2956 τοῖς
1356 2895 1557 2961 ἔθνεσι,
1589 2896 1721 2964 πρὸς
1750 2898 1817 2948 τά
1852 2900 2007 2966 αίτη-

427 2974 591 3031 θέντα
620 2979 721 3031 οὐκ
766 2982 1051 3034 ἐπένευσε.
1088 2982 1425 3053 Γνωρὶζεται
1471 2983 1566 3036 οὖν
1610 2984 1855 3041 ἐντεῦθεν
1882 2986 1911 3037 6
1942 2985 2009 3037 τὰ
2039 3014 2081 3069 c

427 3070 606 3122 πάντα
640 3074 952 3140 σοφώτατος
996 3073 1169 3138 Λέων,
1196 3074 1522 3138 διδάσκαλος
1568 3076 2004 3147 προχειρίζεται,

427 3162 735 3217 τελευταῖον
765 3166 843 3228 εἰς
877 3169 970 3218 τὸν
1013 3154 1113 3236 τῆς
1156 3158 1781 3239 Θεσσαλονίκηςθρὸνον
1812 3173 2009 3239 ἀνάγε-

430 3268 519 3303 ται
564 3253 715 3322 παρὰ
766 3255 1109 3326 πατριάρχου
1145 3250 1391 3309 Ἰωάννου
1449 3257 1544 3309 τού
1596 3260 1859 3328 μεγάλου.
1890 3263 2011 3313 Τιῖιν

430 3342 816 3414 Εξκονομάχων
866 3346 1172 3415 τηνικαῦτα
1239 3348 1680 3418 καθαιρεθέντων
1736 3355 2016 3425 συγκαθη-

433 3435 561 3507 ρέθη
603 3438 699 3489 καὶ
747 3438 927 3501 αὐτός.
962 3438 1246 3509 Μεγίστην
1302 3440 1358 3492 δὲ
1399 3440 1563 3513 τιμὴν
1613 3445 1765 3513 παρά
1800 3461 1862 3513 γε
1899 3448 2014 3508 τοῖς

434 3527 923 3583 Θεσσαλοπθικεῦσιν
980 3530 1142 3600 ἔφερε
1197 3532 1290 3585 καὶ
1342 3533 1411 3586 δι’
1461 3535 1596 3588 ἄλλα
1659 3537 1759 3604 μὲν
1818 3538 2010 3601 πολλὰ,

440 3621 675 3688 μάλιστα
724 3621 780 3673 δὲ
826 3622 894 3675 δι’
941 3623 1006 3693 ἥν
1058 3624 1330 3693 ἐπήνεγκε
1364 3626 1458 3676 τοῦ
1499 3626 1663 3695 λιμοῦ
1708 3626 1883 3691 λύσιν,
1915 3630 2013 3699 τὴν

431 3712 541 3766 τῶν
594 3714 838 3786 ἀστέρων
893 3716 1147 3787 ἐπιτολὴν
1220 3719 1656 3789 διασκεψάμενος
1723 3722 2011 3785 κάκείνους

372 3804 379 3811 ’
432 3805 735 3869 ἀναπείσας
760 3806 830 3860 τὰ
869 3812 1164 3881 σπέρματα
1199 3810 1507 3879 τηνικαῦτα
1547 3811 1900 3866 καταϐαλεῖν.

2112 1722 2275 1762 scens
2304 1704 2659 1776 geometrica:
2690 1703 2940 1759 scientia:
2970 1704 3183 1773 peritus
3219 1704 3272 1757 in
3307 1704 3549 1759 hosﬁum
3585 1720 3687 1773 po-

2115 1808 2370 1855 testatem
2404 1808 2655 1853 venerat.
2688 1797 2904 1852 Accidit
2937 1807 3119 1851 autem
3156 1808 3215 1852 ut
3244 1800 3691 1864 Armemumues,

2110 1889 2201 1959 qui
2237 1904 2362 1943 eum
2394 1891 2671 1956 captivqu
2709 1886 2982 1952 habebat,
3021 1886 3322 1955 aliquando
3356 1888 3423 1942 de
3462 1904 3687 1957 geome-

2112 1983 2268 2037 tricis
2300 1980 2662 2036 theorematis
2692 1979 3021 2049 disputaret.
3053 1978 3129 2034 lbi
3158 1980 3383 2051 juvenis
3417 1981 3506 2034 ille
3545 1974 3697 2049 praei

2110 2090 2239 2130 scus
2268 2072 2507 2129 dotrinte
2535 2087 2650 2127 suae
2680 2072 2961 2139 specimen
2992 2072 3142 2136 edit,
3173 2079 3227 2124 et
3256 2071 3401 2140 apud
3433 2072 3695 2124 homines

2111 2166 2538 2222 admirationem
2571 2163 2657 2219 sui
2706 2164 2979 2225 concitat.
3024 2162 3394 2228 Quamobrem
3443 2162 3678 2215 interro-

2112 2265 2275 2328 gatur
2302 2272 2370 2310 an
2402 2256 2495 2309 alii
2529 2268 2752 2325 quoque
2786 2254 2946 2322 Cpoli
2979 2253 3329 2322 reperiantur
3359 2252 3454 2321 qui
3503 2262 3714 2307 artem.

2115 2348 2255 2401 hanc
2295 2353 2537 2400 teneant.
2563 2344 2710 2399 Cum
2750 2343 3125 2412 respondente
3159 2344 3362 2413 juvene
3395 2342 3691 2413 cognovis-

2113 2449 2198 2492 set
2225 2440 2645 2491 Armemumnes
2672 2436 2740 2490 de
2772 2435 2957 2489 Leone
2986 2436 3107 2489 viro
3141 2435 3376 2504 sapienti
3409 2450 3473 2489 ac
3501 2435 3693 2499 docto.

2114 2526 2369 2594 quisnam
2407 2524 2587 2590 foret,
2623 2533 2677 2578 et
2709 2523 2855 2593 quod
2893 2538 3166 2578 Summam
3202 2523 3382 2578 omnis
3417 2524 3689 2578 doctrina:

2124 2625 2503 2693 scientiaequze
2556 2622 2810 2692 peritiam
2872 2632 3200 2675 consecutus
3257 2631 3435 2683 esset,
3490 2620 3694 2675 litteris

2116 2714 2180 2766 ad
2222 2714 2614 2784 imperatorem
2650 2710 3021 2779 The0philum
3054 2710 3197 2763 datis
3242 2710 3378 2779 petit
3425 2721 3483 2764 ut
3527 2710 3592 2762 ad
3626 2725 3687 2763 se

2116 2804 2357 2859 Leonem
2408 2808 2628 2868 mittat,
2678 2820 2774 2873 pro
2821 2819 2931 2872 quo
2984 2803 3306 2857 derlarandi
3353 2803 3522 2856 animi
3556 2802 3697 2872 grati

2116 2912 2287 2949 causa
2320 2896 2557 2950 vicissim
2588 2896 2638 2949 ei
2669 2895 2903 2949 daturus
2930 2894 3003 2947 sit
3029 2903 3253 2948 centum
3282 2895 3404 2947 auri
3435 2904 3698 2947 centena-

2116 2987 2228 3042 rios
2266 2998 2641 3057 aeternamque
2680 3000 2874 3057 pacem
2920 2999 3311 3040 concessurus.
3357 2986 3699 3054 Theophilus

2117 3090 2339 3144 autem,
2371 3079 2470 3149 qui
2504 3079 2800 3134 absurdum
2836 3077 3099 3148 quiddam
3134 3093 3191 3134 se
3221 3079 3496 3134 facturum
3530 3080 3702 3133 duce.

2116 3180 2242 3247 ret,
2286 3170 2333 3225 si
2382 3186 2567 3225 rerum
2613 3170 3019 3240 cognitionem,
3063 3180 3289 3240 propter
3326 3186 3490 3239 quam
3542 3170 3701 3222 natio

2123 3263 2500 3317 Romanorum
2548 3261 2603 3315 in
2647 3262 3017 3316 admiratione
3065 3261 3168 3326 sit,
3217 3262 3434 3331 populis
3482 3263 3700 3315 exteris

2125 3353 2421 3422 proderet,
2450 3354 2745 3422 postulatis
2769 3356 3177 3409 Armemumure
3220 3351 3476 3406 assentiri
3507 3351 3703 3405 noluit.

2125 3444 2202 3498 Ex
2231 3457 2298 3498 eo
2331 3451 2579 3511 tempore
2611 3442 2723 3498 Leo
2750 3444 3110 3499 doctissimus
3140 3445 3194 3498 in
3226 3444 3502 3498 universis
3528 3442 3696 3496 disci-

2126 3536 2297 3607 plinis
2344 3537 2658 3590 clarescere
2701 3538 2887 3606 cmpit.
2941 3536 3190 3605 Cumque
3232 3535 3474 3589 doctoris
3503 3550 3706 3593 munus

2123 3627 2442 3697 aliquandiu
2472 3628 2520 3682 ei
2556 3630 2874 3682 tuandatum
2904 3627 3117 3688 fuisset,
3146 3627 3367 3681 tandem
3394 3642 3561 3695 opera
3589 3641 3702 3679 ιιιιιο

2122 3721 2213 3790 gui
2246 3720 2572 3790 patriarcha:
2611 3720 2837 3775 Joannis
2866 3721 2934 3774 ad
2970 3719 3464 3774 Thessalonicensc
3503 3719 3706 3772 soliun

2125 3822 2357 3870 evectus
2407 3824 2511 3868 cst.
2574 3813 2707 3867 lutle
2759 3828 2883 3867 cum
2935 3821 3344 3882 oppugnatores
3397 3812 3701 3879 imaguum

433 3893 556 3949 loco
607 3908 984 3966 moverentur,
1068 3901 1237 3954 etiam
1285 3902 1402 3971 ipse
1469 3903 1610 3958 solio
1657 3920 1759 3960 suo
1808 3905 2057 3977 dejectus
2133 3915 2236 3961 est.
2288 3906 2446 3975 Apud
2501 3904 3022 3958 Thessalonicenses
3080 3904 3132 3955 in
3192 3902 3401 3955 honore
3457 3902 3706 3953 maxime

435 3989 541 4045 fuit
591 4009 719 4047 cum
775 3995 911 4049 alias
958 3995 1147 4066 plures
1196 3996 1266 4051 ob
1320 4014 1560 4068 causas,
1607 4010 1721 4055 tum
1772 4002 2009 4055 maxime
2049 4010 2343 4072 propterea
2387 4000 2535 4069 quod
2573 4014 2669 4053 eos
2737 4013 2969 4051 annona:
3040 3996 3273 4064 penuria
3326 3995 3706 4053 sublevasset.

431 4086 679 4142 siderum
720 4091 1086 4157 quorumdam
1132 4098 1260 4145 ortu
1310 4093 1700 4149 considerato:
1746 4101 2100 4163 persuaserat
2138 4094 2287 4149 enim
2358 4092 2494 4163 ipsis
2562 4101 2620 4147 ut
2661 4088 2904 4144 iudicato
2942 4090 3010 4143 ab
3051 4101 3110 4143 se
3184 4095 3433 4155 tempore
3488 4085 3707 4140 sentina

434 4189 595 4237 terra:
630 4182 940 4237 crederent.

516 4278 578 4329 '0
614 4279 802 4348 μέντοι
854 4279 1115 4348 Θεόφιλος
1168 4280 1419 4352 γαμϐρὸν
1463 4277 1611 4352 εἶχεν
1669 4281 1936 4347 Ἀλέξιον,
1965 4280 2012 4334 οἰ

2201 4277 2283 4331 Ad
2319 4274 2692 4344 Theophilum
2734 4284 2791 4328 ut
2825 4272 3151 4335 redeamus,
3191 4270 3432 4325 habebat
3464 4272 3508 4326 is
3541 4288 3710 4340 getic-

436 4373 672 4442 Μωσηλὲ
716 4374 778 4426 τὸ
831 4374 1161 4444 ἐπώνυμον·
1202 4378 1298 4428 καὶ
1338 4377 1600 4445 Μανουήλ
1636 4394 1720 4440 τις
1770 4380 1830 4430 ἐν
1877 4377 2012 4445 αὐτᾷ

2128 4385 2250 4424 rutn
2309 4368 2603 4432 Alesium,
2661 4376 3029 4435 cognomento
3085 4364 3363 4419 Moseletn.
3424 4365 3705 4419 Prii-terea

438 4466 938 4535 παραδυναστεύων
968 4464 1060 4539 ἧν.
1103 4469 1338 4536 Ὁμοίως
1370 4471 1467 4523 καὶ
1496 4468 1771 4537 Θεόφοϐός
1822 4485 1926 4530 τις,
1957 4468 2012 4521 ὃν

2124 4460 2414 4515 Mauuelus
2450 4459 2677 4528 quidam
2723 4457 2868 4527 apud
2904 4456 3084 4526 ipsum
3125 4456 3420 4527 potestatis
3465 4458 3702 4527 impera.

438 4557 501 4627 δὴ
546 4561 642 4613 καὶ
686 4560 904 4631 θανάτῳ
962 4561 1451 4633 καθυποὸληθῆναι
1501 4562 1742 4628 κελεύει,
1779 4563 2019 4633 μήποτε

439 4649 706 4721 νεώτερόν
740 4670 794 4705 τι
831 4654 1181 4725 είργάσηται.
1217 4656 1565 4726 Ἀφαιρείται
1595 4655 1689 4709 οὖν
1735 4658 1767 4725 ἡ
1806 4654 2020 4710 ἐκείνου

439 4744 653 4813 κεφαλὴ
682 4744 780 4796 καὶ
808 4744 887 4813 τῷ
917 4742 1165 4813 Θεοφίλῳ
1208 4748 1571 4815 προσάγεται.
1613 4746 1737 4799 Τῶν
1771 4743 1867 4801 οὖν
1897 4764 2020 4819 τριτ-

437 4835 547 4904 χῶν
574 4836 750 4906 αὐτῆς
766 4836 1043 4907 ἁψάμενος
1072 4835 1200 4908 ἔφη·
1234 4856 1252 4889 ι
1280 4837 1407 4891 Οὓτ⁹
1429 4838 1541 4907 ἐγὼ
1569 4837 1853 4908 Θεόφιλος,
1897 4839 2022 4893 οὔτε

442 4929 507 4981 σὺ
556 4927 850 4995 Θεὸφοεος.
911 4946 931 4980 ι
966 4927 1093 4982 Ἐπὶ
1146 4928 1359 4993 τούτοις
1416 4929 1509 4983 οὗν
1564 4931 1893 5002 ὲξηρεύξςιτο
1923 4932 2022 5001 τὴν

441 5017 620 5087 ψυχὴν
652 5016 971 5088 δυσεντερίξι
995 5018 1264 5090 πρότερον
1296 5017 1579 5089 συσχεθείς
1600 5032 1616 5048 ·
1645 5019 1705 5071 τὸ
1732 5019 1789 5073 δὲ
1813 5021 2022 5090 ταύτης

402 5102 405 5103 ⁷
443 5112 617 5165 αἴτιον
653 5108 1019 5182 ψυχροποσία.

512 5289 669 5341 Μετά
700 5289 758 5342 δὲ
789 5286 982 5341 τοῦτον
1014 5289 1211 5359 κρατεῖ
1247 5284 1469 5360 Μιχαὴλ
1515 5291 1543 5344 6
1598 5288 1875 5362 μεθυστὴς
1924 5289 2023 5343 σίον

439 5383 508 5452 τῇ
538 5387 710 5451 μητρὶ
745 5381 914 5436 αὑτοῦ
945 5382 1199 5454 Θεοδώρᾳ
1226 5382 1322 5454 ἔτη
1356 5381 1440 5449 ιδ’,
1465 5384 1560 5438 καὶ
1595 5382 1759 5453 μόνος
1793 5383 1888 5452 ἔτη
1927 5383 2018 5439 ια’.

439 5473 689 5541 Κατάγει
729 5474 785 5527 δὲ
816 5476 988 5546 αὐτὴν
1015 5478 1109 5529 καὶ
1141 5476 1427 5547 ἀποκείρει
1451 5492 1465 5507 ⁸
1526 5476 1686 5546 μόνος
1722 5477 1831 5546 γὰρ
1862 5476 2020 5547 ήθελε

442 5564 704 5634 σκῆπτρα
756 5567 824 5619 τὰ
891 5568 1183 5638 Ῥωμαίων
1244 5568 1468 5631 ἰθύνειν,
1500 5569 1550 5621 εί
1606 5572 1700 5620 καὶ
1759 5569 1835 5637 μὴ
1885 5569 2022 5637 πρὸς

440 5650 607 5705 καλὸν
642 5651 921 5706 ἀπέϐλεπε
948 5655 1016 5707 τὰ
1049 5654 1285 5709 ἐκείνου.
1319 5656 1384 5708 Τί
1436 5656 1544 5725 γὰρ
1577 5655 1679 5707 οὐκ
1731 5656 1884 5723 ἔλεγε
1913 5675 1927 5720 ;
1956 5658 2022 5709 Τί

439 5728 963 5832 δὲήούκθὲπραττη
1002 5746 1272 5811 Πολλάκις
1320 5747 1412 5802 καὶ
1451 5746 1587 5818 μηδέ
1626 5761 1772 5808 τινος
1831 5746 2023 5816 χρείας

2126 4552 2283 4608 ῑοτὶτθ
2320 4553 2601 4621 particeps
2630 4561 2749 4605 erat
2770 4588 2784 4613 ,
2816 4551 3060 4618 itemque
3085 4548 3462 4618 'l‘lteophobus
3488 4588 3502 4613 ,
3529 4566 3693 4617 quem

2126 4653 2303 4701 morte
2333 4643 2470 4699 allici
2504 4643 2707 4714 jussit,
2745 4659 2813 4696 ue
2855 4640 3085 4710 quando
3130 4656 3218 4695 res
3265 4656 3436 4695 novas
3480 4642 3705 4696 moliri-

2126 4745 2260 4799 tur;
2293 4744 2487 4805 estque
2514 4743 2679 4800 caput
2708 4733 2759 4787 ei
2798 4734 3093 4803 praecisum
3131 4743 3186 4787 et
3222 4735 3285 4787 ad
3320 4734 3697 4802 Theophilum

2125 4827 2377 4881 allatum.
2413 4828 2582 4897 Cujus
2616 4826 2705 4880 ilic
2740 4823 2991 4880 crinibus
3025 4826 3335 4880 attrectatis
3366 4843 3377 4878 :
3409 4844 3426 4876 ι
3454 4826 3565 4881 Nec
3597 4845 3705 4897 ego

2123 4934 2244 4974 sum
2291 4919 2663 4988 Theophilus,
2713 4918 2927 4987 inquit,
2988 4932 3092 4970 nec
3146 4925 3202 4969 tu
3252 4917 3640 4985 Theojihobus.
3680 4939 3700 4970 ι

2124 5011 2278 5065 llaud
2313 5010 2485 5064 multo
2514 5019 2638 5080 post
2669 5012 2908 5064 animam
2936 5008 3245 5071 exhalavit,
3277 5024 3399 5062 cum
3435 5011 3590 5079 prius
3620 5014 3699 5063 in—

2127 5103 2460 5157 testinorum
2514 5101 2708 5155 morbo
2759 5102 3105 5166 laborasset,
3157 5115 3321 5169 quem
3379 5118 3446 5155 ex
3503 5104 3703 5158 haustu

2124 5194 2340 5265 frigida:
2371 5210 2525 5265 aquae
2557 5194 2662 5248 sibi
2696 5195 3077 5263 arcessiverat.

2194 5285 2504 5357 Theophilo
2538 5286 2845 5351 exstincto,
2884 5286 3186 5343 Michaclus
3222 5304 3346 5344 cum
3407 5281 3701 5339 Τιιοοιίοι·.ι

2124 5391 2299 5436 matre
2332 5381 2395 5433 14
2429 5379 2592 5434 annis
2622 5378 2944 5449 imperavit,
2983 5396 3217 5451 eatuque
3246 5379 3467 5434 tandem
3502 5375 3570 5428 ab
3600 5374 3705 5425 im-

2126 5472 2264 5541 perii
2313 5469 2703 5540 gubernaculis
2750 5472 2987 5527 removit
3023 5482 3078 5528 et
3124 5473 3297 5536 rasit,
3342 5468 3490 5538 quod
3539 5468 3695 5520 solus

2128 5562 2429 5618 Romanam
2466 5581 2580 5619 rem
2616 5564 2890 5635 publicam
2922 5562 3313 5616 administrare
3350 5559 3535 5613 vellet.
3575 5559 3697 5612 Non

2128 5666 2306 5711 tamen
2339 5657 2405 5709 ad
2440 5658 2728 5711 utilitatem
2767 5656 3041 5725 publicam
3074 5669 3137 5705 ea
3166 5668 3286 5721 qua:
3316 5650 3544 5722 gerebat
3575 5665 3703 5718 Spe-

2128 5750 2371 5805 ctahaut.
2414 5748 2558 5814 Quid
2591 5750 2736 5803 cnim
2771 5763 2879 5802 non
2913 5746 3002 5800 ille
3037 5744 3220 5799 dicere
3243 5784 3259 5813 ,
3290 5742 3421 5813 quid
3457 5760 3568 5799 ttou
3600 5762 3701 5797 au-
