4154 6200
476 270 579 334 543

1745 274 2166 338 ItilCllAELlS
2205 279 2460 344 GLYCrE

3598 291 3704 356 544

469 404 566 443 sus
591 397 676 443 est
705 385 930 448 facere?
962 387 1349 456 Srpenumero
1381 381 1526 437 nulla
1562 393 1792 454 urgente
1835 400 2024 440 neces-

2134 393 2593 462 κατεπειγούσης,
2635 393 2802 463 χωρὶς
2840 393 3093 463 φυλάκων
3137 397 3230 452 καὶ
3281 403 3555 471 φρουρᾶς,
3585 406 3716 459 άτει

469 480 635 535 sitate
697 481 904 548 absque
965 476 1320 542 custodibus,
1371 473 1664 542 prmsidio,
1727 475 2028 529 satellitum

467 569 762 631 comitatu,
800 568 855 620 in
889 567 1051 636 292
1087 565 1204 635 ipsa
1231 579 1290 619 se
1319 565 1480 618 trivia
1509 565 1848 619 conferebat.
1889 565 2031 630 Quid

465 660 636 713 multa
667 657 896 726 proferri
933 671 1068 721 opus
1102 655 1224 710 est?
1251 653 1386 708 Cum
1416 653 1664 723 quotidie
1697 653 2030 709 deteriorem

461 747 529 800 ad
567 746 732 799 vitam
766 743 1171 814 prolaberetur,
1204 744 1421 797 tandem
1455 743 1538 796 vir
1567 742 2033 797 sceleratissimus

464 839 726 892 adversus
759 838 874 906 ipsa
909 851 1127 907 quoque
1165 833 1426 904 mysteria
1462 833 1666 888 furiose
1700 833 2031 889 debacchari

461 931 650 999 cmpit.
687 930 821 984 Nam
857 929 911 982 in
944 941 1209 982 craterem
1244 926 1416 980 indito
1456 927 1636 995 sinapi,
1673 927 2034 982 acerbissimo

467 1023 755 1094 mysticum
788 1020 915 1074 inde
947 1034 1159 1073 sacrum
1192 1021 1484 1086 peragebat
1506 1057 1520 1080 ,
1554 1017 1749 1070 ludens
1785 1017 1952 1071 miser
1981 1018 2032 1071 in

467 1116 537 1168 iis
571 1129 694 1183 quae
731 1111 890 1165 ludos
931 1110 1113 1163 nullos
1153 1110 1486 1174 admittunt,
1531 1119 1585 1162 ct
1626 1109 1809 1162 ridens
1853 1109 2036 1163 infelix

465 1207 519 1260 in
549 1204 772 1258 minime
801 1202 1072 1256 ridiculis.
1101 1201 1426 1254 Tradiderat
1451 1201 1498 1254 ei
1537 1201 1824 1254 Theodoro
1861 1211 2037 1254 mater

461 1296 582 1349 auri
616 1311 721 1348 ιιςο
748 1293 1125 1353 centenarias,
1159 1291 1369 1358 argenti
1399 1291 1462 1344 ad
1502 1291 1602 1345 tria
1635 1284 1823 1344 millia.
1859 1291 1930 1343 Ex
1969 1290 2034 1343 iis

461 1387 756 1442 Michaelus
792 1385 1030 1437 moriens
1073 1383 1176 1436 tria
1232 1383 1440 1434 tantum
1494 1381 1747 1450 reliquit,
1804 1381 2035 1449 imperio

460 1494 583 1549 pos‘t
607 1479 995 1532 discessionem
1024 1491 1087 1527 ex
1115 1474 1233 1526 aula
1259 1472 1560 1526 Theodoro:
1591 1473 1747 1526 annis
1778 1471 2034 1524 undecim

457 1570 683 1638 potitus.
720 1568 861 1623 Solis
893 1567 1391 1634 compotationibus
1425 1576 1479 1620 ct
1514 1563 1854 1618 circensibus
1889 1555 2034 1617 ludis

457 1676 680 1730 operam
737 1659 939 1723 dabat,
991 1657 1192 1726 quibus
1242 1673 1371 1711 sane
1422 1654 1748 1723 spectaculis
1784 1663 1888 1706 tam
1931 1653 2034 1706 im-

459 1766 623 1819 pense
648 1749 1026 1802 delectabatur
1055 1756 1110 1800 ut
1141 1749 1368 1813 ips-emet
1397 1745 1737 1799 extrinsecus
1770 1742 2030 1795 amictum

461 1842 730 1895 Venetum
767 1849 990 1908 gestans
1023 1854 1197 1906 equos
1239 1839 1503 1907 agitaret.
1567 1835 1843 1904 logotheta
1894 1835 2027 1888 Pra-

455 1934 578 1988 sino
611 1932 798 1985 habitu
835 1931 1051 1984 induto.
1091 1929 1305 1984 Accidit
1345 1927 1642 1997 aliquando
1687 1935 1744 1979 ut
1781 1925 2032 1994 equestri

455 2025 759 2080 certamine
819 2023 932 2092 jam
997 2022 1318 2076 imminente
1380 2019 1792 2089 protonOtarius
1852 2018 2032 2072 dromi

457 2116 732 2172 accedens
762 2115 972 2169 diceret
1004 2114 1058 2167 in
1091 2111 1405 2181 Melangeis,
1431 2126 1549 2179 qure
1579 2110 1840 2178 Melagina
1871 2110 2032 2178 vulgo

457 2213 869 2274 nuncupantur,
917 2203 1222 2256 Saracenos
1259 2203 1471 2254 adesse.
1510 2199 1649 2252 Tum
1691 2201 2027 2267 imperator:

462 2317 482 2350 ι
509 2297 656 2350 Tene
691 2310 844 2358 vero,
897 2294 1112 2361 inquit,
1167 2291 1444 2344 hominem
1478 2290 1894 2344 stolidissimum
1930 2304 2031 2342 au-

455 2388 590 2444 dere
620 2386 753 2440 mihi
785 2385 876 2439 tali
904 2393 1170 2452 occupato
1198 2382 1520 2446 certamine,
1556 2397 1620 2434 ae
1646 2381 1697 2435 in
1728 2381 1832 2436 hoc
1860 2396 2028 2434 unum

457 2478 800 2541 iucumbenti
835 2486 894 2530 ut
927 2477 982 2530 in
1019 2476 1208 2529 lzrvam
1242 2486 1451 2544 partem
1482 2474 1720 2527 medium
1751 2483 2026 2536 avertam,

457 2574 526 2628 de
555 2571 955 2626 Saracenorum
990 2569 1219 2622 incursu
1250 2545 1502 2622 nuntium
1530 2567 1770 2622 alTerre?
1798 2586 1816 2619 ι
1846 2567 2030 2620 Rebus

458 2662 625 2734 igitur
675 2659 992 2730 huiusmodi
1035 2658 1332 2712 Michaelus
1378 2667 1680 2726 occupatus
1730 2657 2028 2725 imperato-

457 2755 611 2820 rios,
665 2767 768 2806 ceu
803 2750 1080 2815 diximus,
1128 2750 1417 2804 thesauros
1455 2749 1836 2804 exhauriebat.
1890 2748 2027 2802 Nam

2136 478 2607 550 δορυφορούντων,
2650 485 2743 544 ἐπὶ
2792 489 2974 556 μέσων
3021 490 3227 554 ἐκεῖνος
3257 495 3487 562 τριόδων
3527 502 3712 564 παρὼ-

2135 569 2290 657 δευε..
2320 572 2428 624 Καὶ
2459 573 2512 624 τί
2555 575 2659 646 χρὴ
2702 576 2873 630 πολλὰ
2903 578 3122 644 λέγεινς
3173 581 3266 633 ἐπὶ
3319 583 3543 651 χείρονα
3587 587 3712 639 καθ’

2138 655 2373 725 ἑκάστην
2409 661 2735 726 προκόπτων
2767 659 2930 733 ζωὴν,
2963 665 3056 717 καὶ
3082 666 3202 719 κατ’
3235 669 3419 722 αὐτῶν
3449 669 3712 741 ὲλύττησε

2136 744 2244 797 τῶν
2294 750 2608 817 μυστηρῗων
2659 752 2687 804 6
2741 753 3021 816 κάκιστος.
3065 757 3250 811 Βιλὼν
3298 759 3406 830 γὰρ
3454 763 3534 823 εἰς
3572 779 3711 832 κρα-

2137 839 2277 907 τῆρα
2337 841 2665 909 δριμύτατον
2736 845 2926 916 σίνηπι
2988 848 3086 917 τὴν
3143 850 3434 917 ἀγιστείαν
3493 854 3712 908 ἐκεῖθεν

2139 933 2314 985 ἐτέλει
2340 935 2434 1001 τὴν
2471 938 2760 1007 μυστικὴν,
2787 941 2996 1004 παίζων
3023 945 3051 995 ὁ
3081 943 3246 1008 τάλας
3269 947 3325 998 ὲν
3352 947 3414 998 οὐ
3458 952 3712 1013 παικτοῖς
3741 979 3749 986 -

2138 1022 2234 1074 καὶ
2272 1023 2445 1090 γελῶν
2507 1026 2564 1078 ὲν
2618 1028 2942 1093 ἀγελάστοις
2995 1033 3024 1083 ὁ
3079 1031 3335 1096 δείλαιος.
3405 1034 3469 1086 Ἦ
3525 1037 3710 1104 μέντοι
3765 1039 3773 1044 ’

2140 1114 2389 1186 Θεοδώροι
2429 1120 2766 1188 παραδίδωσι
2812 1122 2946 1188 πρὸς
3003 1123 3169 1176 αὐτὸν
3218 1127 3421 1194 χρυσοῦ
3453 1101 3713 1196 κεντηκνά-

2142 1219 2234 1270 ρια
2263 1209 2317 1266 ς’
2359 1205 2452 1256 καὶ
2478 1206 2746 1275 ἀργυρίου
2801 1207 2930 1260 ὡσεὶ
2960 1216 3044 1281 ιγ’.
3085 1211 3224 1263 Ἀλλ’
3257 1215 3284 1264 ὁ
3317 1213 3539 1284 Μιχαὴλ
3586 1217 3711 1286 τρία

2138 1295 2232 1347 καὶ
2271 1297 2405 1364 μόνα
2451 1298 2720 1350 τελευτῶν
2763 1302 2963 1370 ἀφῆκε,
3003 1304 3283 1372 κρατήσας
3327 1306 3420 1374 ἔτη
3472 1313 3540 1358 ια’
3571 1312 3710 1373 μετᾶ

2137 1382 2236 1452 τὴν
2266 1383 2547 1453 Θεοδώρας
2581 1387 2892 1450 διάζευξινο
2930 1391 3058 1460 περὶ
3107 1391 3216 1458 γὰρ
3257 1393 3425 1460 μέθας
3470 1391 3564 1448 καὶ
3606 1395 3708 1446 ἱπ-

2137 1476 2439 1546 ποδρομίας
2498 1479 2788 1547 κατήγετο.
2847 1478 3114 1533 Τοσοῦτον
3183 1480 3239 1533 δὲ
3293 1484 3398 1536 τῶν
3452 1485 3708 1537 τοιούτων

2138 1560 2378 1631 ὲξείχετο
2415 1563 2657 1631 θεάτρων
2691 1567 2764 1627 ὡς
2816 1567 2983 1629 αὐτὸς
3031 1569 3128 1638 μὲν
3171 1574 3359 1640 φορεῖν
3389 1571 3449 1625 τδ
3483 1572 3702 1626 Βένετον

2139 1656 2230 1705 καὶ
2270 1655 2618 1724 ἱππηλατεῖν,
2652 1659 2679 1710 6
2711 1658 2764 1710 δὲ
2818 1659 3108 1732 λογοθέτης
3161 1661 3221 1715 τὸ
3269 1666 3565 1732 Πράσινον.
3597 1666 3706 1721 Καί

2063 1728 2108 1786 Β
2140 1763 2268 1799 ποτε
2325 1748 2458 1815 γοῦν
2510 1749 2603 1800 τοῦ
2645 1751 2873 1803 ἱππικοῦ
2930 1753 3220 1816 ἐνστάντος
3273 1757 3485 1823 ἀγῶνος
3535 1760 3564 1809 6
3605 1761 3700 1810 τοῦ

2136 1833 2340 1903 δρόμου
2377 1837 2814 1907 πρωτονοτάριος
2859 1839 3145 1907 ἐφίσταται
3190 1842 3364 1910 λέγων
3397 1845 3476 1897 ὅτι
3511 1848 3566 1897 ὲν
3595 1849 3704 1908 τοῖς

2137 1920 2530 1988 Μελαγγείοις,
2571 1923 2730 1975 ἅτινα
2775 1926 3067 1994 Μελάγυνα
3114 1931 3396 1996 ἰδιωτικῶς
3433 1933 3699 2000 λέγονται,

2133 2011 2442 2082 Σαρακηνοὶ
2467 2015 2827 2084 προσέϐαλον·
2854 2016 2945 2071 καὶ
2970 2024 2997 2074 ὁ
3023 2020 3300 2091 βασιλεὺς,
3324 2043 3341 2075 ι
3366 2025 3454 2078 Ἑν
3480 2026 3702 2096 τοιούτῳ

2138 2119 2250 2171 μοι,
2289 2122 2306 2152 ι
2337 2104 2461 2174 ἔφη,
2513 2107 2738 2175 «ἀγῶνι,
2775 2111 2870 2162 καὶ
2903 2111 2994 2164 τὸν
3041 2113 3205 2182 μέσον
3238 2115 3516 2186 εὐώνυμον
3541 2134 3703 2170 κατα-

2139 2190 2338 2258 στῆσαι
2390 2192 2696 2261 σπεύδοντι,
2731 2197 2914 2262 αὐτὸς,
2945 2201 3160 2267 μάταιε,
3199 2203 3327 2272 περὶ
3369 2201 3702 2277 Σαρακηνῶν

2137 2282 2440 2353 ἐπιδρομῆς
2496 2286 2759 2352 ἀγγελίαν
2809 2289 3033 2354 ἐπάγεις
3085 2309 3204 2360 μοι,
3247 2311 3264 2343 ι
3303 2294 3578 2358 Τοιούτοις
3611 2293 3702 2351 οὖν

2135 2375 2164 2425 6
2189 2374 2409 2444 Μιχαὴλ
2442 2376 2895 2448 ἐνασχολούμενος
2918 2382 3044 2444 τοὺς
3073 2383 3384 2452 βασιλικοὺς
3411 2387 3702 2454 ἐκένωσεν,

2131 2465 2206 2528 ὼς
2233 2469 2472 2536 εἴρηται,
2511 2468 2822 2541 θησαυρούς
2848 2487 2861 2502 ·
2898 2474 2991 2527 καὶ
3019 2475 3218 2539 αὐτοὺς
3251 2478 3359 2546 γὰρ
3397 2479 3522 2540 τοὺς
3555 2481 3701 2549 ἠνιο-

2133 2580 2243 2632 χων
2299 2562 2496 2625 παῖδας
2548 2564 2612 2614 ὲκ
2663 2564 2762 2634 τῆς
2817 2565 2971 2635 ἱερᾶς
3029 2567 3419 2638 κολυμϐήθρας
3465 2570 3704 2638 ἀναλαμ-

2133 2654 2424 2724 ϐανομενος
2474 2655 2645 2709 ἐδίδου
2696 2658 2913 2727 ἑκάστῳ
2957 2660 3138 2714 αύτῶν
3179 2663 3282 2715 ἀνά
3335 2663 3560 2732 χρυσίου
3617 2663 3698 2714 λί-

2133 2763 2268 2816 τρας
2308 2752 2373 2816 ph

454 2850 676 2916 quotes
732 2847 977 2916 ipsorum
1018 2843 1186 2899 etiam
1225 2844 1541 2914 aurigarum
1587 2841 1727 2897 ﬁlios
1762 2859 1826 2896 ex
1866 2857 2025 2896 sacro
2066 2830 2217 2897 fonte
2287 2842 2663 2911 suscipiebat,
2701 2842 2933 2914 singulis
2995 2847 3114 2900 auri
3154 2835 3318 2904 libras
3357 2861 3575 2906 centum
3607 2852 3704 2907 do-

459 2943 648 2996 nabat.

524 3034 680 3089 Licet
726 3036 856 3088 hinc
894 3032 1092 3100 etiam,
1128 3039 1188 3086 ut
1222 3031 1542 3110 omittamus
1587 3030 1692 3084 alia
1717 3072 1729 3096 ,
1779 3029 2025 3084 Michaeli

2205 3027 2350 3096 Πρὸς
2406 3030 2518 3090 τοῖς
2572 3027 2756 3092 ἄλλοις
2809 3032 2904 3084 καὶ
2961 3031 3120 3086 τοῦτο
3174 3033 3272 3105 τὴν
3332 3033 3426 3088 τοῦ
3486 3036 3703 3110 Μιχαὴλ

451 3127 765 3182 vecordiam
799 3141 1116 3192 agnoscere.
1151 3125 1194 3178 A
1230 3107 1401 3177 Tarso
1453 3123 1521 3177 ad
1555 3122 1817 3192 palatium
1855 3137 2026 3190 usque

451 3221 623 3275 certis
663 3221 716 3273 in
754 3219 890 3272 locis
929 3219 1085 3287 ignes
1126 3214 1388 3269 succendi
1429 3223 1867 3276 consueverant,
1905 3213 2028 3281 qui—

447 3314 556 3366 bus
588 3311 710 3363 aliis
738 3309 874 3362 alios
903 3305 1308 3375 excipientibns
1336 3303 1733 3357 Saracenorum
1764 3302 2025 3354 incursus

450 3395 948 3451 denuntiabantur.
978 3394 1114 3446 Cum
1145 3395 1308 3460 igitur
1337 3390 1635 3460 aliquando
1665 3404 1862 3444 currus
1896 3405 2026 3460 age-

454 3498 647 3544 rentur
687 3487 754 3540 ad
795 3486 981 3539 eximii
1021 3487 1277 3552 martyris
1318 3483 1606 3536 Mamantis
1643 3481 1816 3535 rudem
1845 3521 1858 3546 ,
1902 3498 2025 3548 quae

451 3583 507 3636 in
565 3582 735 3635 Steno
789 3576 1272 3645 σει,’1ιιιι)ἱιιι‹·ιιιο
1307 3574 1514 3628 Veneto
1563 3573 1862 3642 imperator
1910 3571 2025 3640 ipse

448 3683 678 3727 ornatus
718 3679 906 3727 esset,
951 3669 1166 3736 signum
1217 3665 1490 3718 adventus
1550 3661 1762 3716 hostilis
1813 3662 2023 3716 editum

451 3773 536 3818 cst
575 3778 671 3833 per
703 3761 880 3830 ignem
915 3759 981 3812 de
1015 3759 1213 3812 Pharo.
1250 3761 1377 3820 tgna:
1417 3769 1503 3806 res
1533 3753 1866 3822 permolesta
1897 3769 2021 3806 cum

453 3851 774 3923 imperatori
813 3849 1125 3910 accideret,
1167 3846 1318 3916 ignes
1358 3845 1480 3900 illos
1529 3844 1837 3898 admirabili
1887 3839 2022 3898 eon-

454 3944 584 3999 silio
634 3942 974 4012 excogitatos
1028 3939 1286 4002 sustulit,
1338 3953 1404 3991 ne
1459 3937 1720 4005 deinceps
1774 3951 2014 4004 unquam

453 4052 551 4107 per
609 4033 882 4103 ejusmodi
947 4033 1170 4085 nuntios
1229 4031 1426 4084 animis
1493 4039 1702 4083 terrore
1759 4028 2026 4097 perculsis

450 4130 727 4183 theatrum
769 4135 1111 4196 spectatores
1143 4124 1481 4178 desererent.

413 4239 442 4259 κ
523 4223 667 4275 idem
708 4219 1010 4274 Micharlus
1057 4232 1184 4270 cum
1233 4216 1373 4268 forte
1427 4213 1674 4283 pecuniis
1715 4212 2021 4281 indigeret,

450 4314 616 4367 etiam
654 4313 905 4382 platanos
939 4311 1058 4364 illas
1089 4324 1285 4362 aureas
1307 4350 1320 4371 ,
1354 4308 1525 4360 factas
1555 4323 1581 4358 a
1624 4306 1805 4359 Leone
1840 4304 2018 4373 philo-

447 4407 650 4474 sopho,
685 4405 751 4456 de
781 4417 890 4472 quo
919 4415 1081 4470 supra
1113 4399 1282 4453 locuti
1311 4411 1502 4451 sumus
1528 4435 1542 4458 ,
1573 4395 1627 4447 in
1661 4395 1866 4462 quibus
1899 4392 2020 4445 avi-

451 4499 588 4552 Cttla:
624 4500 880 4553 sedentes
915 4491 1013 4564 per
1066 4493 1378 4547 machinam
1431 4487 1723 4558 quamdam
1773 4485 2022 4544 cantilla-

441 4573 615 4650 haut,
669 4587 909 4655 itemque
961 4584 1148 4637 leones
1194 4595 1428 4640 aureos,
1479 4578 1573 4648 qui
1625 4587 1677 4631 et
1735 4577 1837 4646 ipsi
1885 4591 2014 4628 tum

451 4680 732 4732 hominum
765 4675 1131 4730 admiratione
1167 4674 1401 4725 maxima
1441 4683 1835 4736 nonnunquam
1869 4670 2021 4735 rugi-

450 4782 562 4823 tum
614 4771 880 4832 edebant,
929 4781 1092 4834 opera
1137 4773 1286 4817 certe
1327 4763 1588 4831 praeclara
1632 4773 1689 4814 et
1737 4775 1902 4813 unam
1944 4761 2016 4812 ob

2057 4371 2097 4424 D

2131 3118 2462 3190 ἀδελτηρίαν
2519 3121 2874 3190 παρίστησιν.
2926 3123 3059 3176 Ἀπὸ
3115 3127 3329 3198 Ταρσοῦ
3383 3131 3547 3199 μέχρι
3605 3133 3703 3185 καὶ

2130 3212 2293 3266 αὐτοῦ
2354 3211 2446 3264 τοῦ
2501 3211 2768 3265 παλατίου
2821 3214 3060 3285 φρυκτοὶ
3107 3216 3248 3269 κατά
3299 3234 3452 3280 τινας
3503 3221 3701 3284 τόπους

2130 3305 2492 3370 ἁνειρλέγοντο
2554 3305 2696 3359 κατὰ
2751 3305 2994 3361 διάδοσιν
3047 3309 3147 3371 τὰς
3208 3310 3313 3362 τῶν
3366 3311 3700 3382 Σνροικηνῶν

2131 3392 2434 3462 ἐπιδρομὰς
2495 3393 2928 3462 προμηνύοντες.
3003 3395 3307 3467 Ἠνιοχείας
3367 3398 3459 3452 οὖν
3520 3400 3703 3453 τελου-

2133 3483 2302 3552 μένης
2334 3484 2476 3537 κοιτὰ
2509 3501 2570 3551 γε
2595 3484 2688 3536 τὸν
2719 3486 2776 3538 ὲν
2809 3483 2885 3556 τῷ
2917 3487 3087 3556 στενῴ
3133 3490 3225 3541 τοῦ
3274 3492 3700 3560 μεγαλομάρῑυ-

2133 3591 2225 3644 ρος
2250 3575 2376 3627 ναὸν
2402 3577 2719 3644 Μάμσιντος,
2745 3579 2838 3629 καὶ
2867 3580 2927 3630 τὸ
2963 3579 3186 3632 Βένετον
3218 3581 3567 3650 ἐνδεδυμένον
3601 3585 3694 3635 τοῦ

2131 3665 2396 3734 βασιλέως
2422 3667 2610 3732 αὑτοῦ,
2651 3670 2879 3737 ἀγγελία
2914 3670 3142 3738 γέγονεν
3170 3671 3278 3723 ἀπὸ
3322 3689 3384 3739 γε
3418 3674 3510 3725 τοῦ
3554 3678 3696 3726 κατᾶ

2128 3755 2218 3806 τὸν
2251 3755 2430 3825 Φάρον
2481 3756 2745 3824 φρυκτοῦ.
2783 3753 2935 3826 ’Λνίᾳ
2979 3757 3114 3825 γοῦν
3153 3760 3244 3809 ἐπὶ
3287 3760 3461 3829 τούτῳ
3496 3778 3701 3830 συσχε-

2130 3846 2242 3908 θεὶς
2273 3849 2300 3898 ὀ
2336 3847 2590 3914 βασιλεὺς
2643 3849 2705 3900 ἐκ
2766 3849 2933 3916 μέσου
2984 3851 3131 3902 ποιεῖ
3175 3851 3299 3913 τοὺς
3353 3851 3698 3920 θαυμαστοὺς

2128 3939 2366 4002 ἐκείνους
2399 3941 2698 4008 φρυκτοὺς,
2735 3941 2809 4000 ὡς
2863 3945 3060 4011 μηκέτι
3095 3944 3371 4006 τοιαύταις
3414 3943 3696 4011 ἀγγελίαις

2128 4032 2175 4082 οἱ
2204 4029 2393 4084 Οεαταὶ
2419 4032 2810 4102 δειλαινύμενοι
2836 4036 2896 4088 τὸ
2931 4037 3152 4108 θέατρον
3180 4037 3544 4092 καταλύωσιν.

2199 4212 2370 4275 Οὗτος
2422 4217 2448 4267 6
2499 4215 2717 4285 Μιχαὴλ
2765 4217 3062 4287 χρημάτων
3122 4219 3407 4292 ἁπορῆσας
3457 4222 3550 4273 καὶ
3599 4219 3695 4282 τὰς

2127 4307 2335 4374 χρυσᾶς
2387 4307 2598 4367 ἐκείνας
2663 4310 2982 4370 πλατάνους,
3036 4309 3104 4372 ἃς
3166 4311 3194 4361 ὁ
3253 4314 3544 4378 φιλόσορος
3599 4331 3698 4364 κλ-

2129 4398 2428 4448 τεσκεύασε
2460 4399 2630 4464 Λέων,
2665 4399 2738 4461 ὡς
2771 4400 2977 4452 ἄνωθεν
3027 4400 3258 4469 ἔφημεν,
3289 4406 3344 4454 ἐν
3383 4399 3470 4465 αἷς
3501 4400 3696 4472 στρουσ

2131 4487 2214 4538 Οοὶ
2242 4487 2543 4556 καοήμενοι
2595 4489 2680 4540 διὰ
2728 4491 2980 4558 μηχανῆς
3014 4492 3320 4553 ἐκελάδουν,
3348 4493 3608 4556 ὡσαύτως
3640 4482 3694 4545 δὲ

2129 4581 2223 4629 καὶ
2255 4582 2379 4640 τοὺς
2398 4577 2697 4642 ’>.έοντοις,δ.
2725 4585 2860 4650 πρεις
2888 4583 3152 4648 ἔκπληξιν
3182 4584 3288 4634 τῶν
3320 4585 3489 4636 ἐθνῶν
3517 4601 3689 4653 μεμη-

2128 4671 2359 4737 χάνηται
2390 4673 2503 4737 (καὶ
2530 4670 2677 4724 οῦτοι
2707 4674 2815 4743 γὰρ
2862 4675 3010 4725 ἐστιν
3043 4676 3132 4726 ὅτε
3166 4675 3507 4744 βρυχώμενοι
3541 4675 3670 4726 ἑθεν

2130 4763 2408 4830 μάζοντο),
2449 4766 2765 4830 κατακύψας
2797 4767 3097 4818 ἀνάλωσεν.

445 4877 664 4913 ιτςιιιεηιιι
707 4863 881 4921 facta,
926 4867 986 4910 ut
1025 4867 1225 4909 extera:
1290 4851 1544 4905 nationes
1615 4850 1684 4902 ad
1745 4863 1936 4901 eorum
2007 4863 2363 4920 conspectum
2440 4854 2932 4924 obstupescerent,
2975 4856 3212 4911 minutas
3253 4857 3306 4910 in
3351 4867 3531 4925 partes
3569 4872 3670 4910 ron

448 4951 585 5005 cidit
617 4960 670 5004 et
704 4965 899 5004 aurum
929 4947 1210 5016 expendit.

517 5047 662 5110 Quas
694 5044 764 5096 ob
800 5058 889 5095 res
918 5039 1209 5094 Theodora
1243 5036 1562 5090 Michaelqu
1600 5034 1811 5088 crebris
1838 5033 2026 5086 admo-

449 5137 756 5191 nitionibus
803 5134 1076 5212 castigans
1121 5142 1171 5185 et
1221 5130 1482 5184 erudiens
1535 5143 1565 5181 e
1608 5127 1753 5196 regia
1803 5127 2022 5181 tandem

450 5227 1016 5300 cxpellitur._Etenim
1047 5223 1298 5279 Michaeli
1330 5221 1636 5276 avunculus
1658 5261 1673 5285 ,
1705 5221 1793 5274 cui
1831 5221 2020 5274 Barda:

449 5339 650 5379 nomen
685 5329 802 5375 erat
827 5361 840 5381 ,
878 5319 1022 5372 nulla
1055 5333 1165 5370 non
1201 5314 1612 5368 machinatione
1651 5329 1783 5367 usus
1814 5322 1868 5365 et
1901 5329 2020 5366 om~

447 5414 612 5469 nibus
659 5412 935 5464 hominem
989 5407 1167 5461 modis
1217 5419 1543 5474 aggressus,
1593 5415 1651 5456 ut
1695 5403 2013 5471 impcratrix

444 5507 670 5576 quidem
717 5506 877 5574 longe
918 5518 946 5555 a
994 5502 1140 5570 regia
1185 5500 1609 5552 submoveretur
1636 5495 1821 5549 etl'eeit
1849 5533 1862 5557 ,
1900 5496 2016 5563 ipse

449 5616 582 5650 ιρι-υ
610 5599 792 5651 Ctesar
823 5597 891 5648 ab
925 5596 1261 5662 imperatore
1294 5590 1698 5659 designarclur.
1735 5593 1920 5656 Itaque
1949 5589 2017 5640 ab

446 5690 542 5743 illo
585 5700 830 5758 tempore
872 5695 1070 5742 cuncta
1109 5684 1186 5737 sic
1215 5697 1376 5752 agere
1399 5725 1411 5747 ,
1447 5680 1604 5751 quasi
1640 5680 1801 5748 293
1834 5682 1876 5730 si
1915 5680 2014 5732 im-

2209 5038 2330 5090 Ἐπὶ
2381 5037 2592 5102 τούτοις
2628 5040 2722 5094 οὖν
2771 5043 2802 5112 ἡ
2846 5040 3100 5109 Θεοδὼρα
3155 5041 3324 5095 πολλὰ
3357 5042 3694 5113 παραινοῦσ.

2122 5125 2214 5175 τὴν
2243 5126 2460 5197 Μιχαὴλ
2489 5129 2598 5180 τῶν
2625 5129 2918 5197 βασιλείων
2954 5129 3233 5194 έκπτωτος
3258 5132 3469 5199 γίνεται
3491 5147 3504 5162 ⁸
3537 5135 3565 5187 6
3586 5133 3697 5204 γὰρ

2127 5217 2192 5269 ἐκ
2228 5221 2433 5289 μητρὸς
2463 5222 2608 5290 αύτῴ
2643 5225 2807 5284 θεῖος,
2841 5217 2884 5291 ᾧ
2914 5223 3124 5293 Βάρδας
3156 5224 3354 5292 ὄνομα.
3388 5228 3565 5280 πάντα
3600 5244 3696 5278 κλ-

2127 5309 2235 5360 λων
2269 5315 2499 5381 κινήσας
2533 5316 2625 5366 καὶ
2678 5317 2942 5379 παντοίως
2973 5317 3221 5369 ὑπελθὼν
3252 5317 3436 5381 αὐτὸν,
3469 5322 3566 5384 τὴν
3595 5327 3697 5385 μὲν

2127 5402 2450 5471 βασίλισσαν
2498 5408 2687 5476 π’ρρω
2739 5409 2993 5474 γενέσθαι
3027 5409 3132 5460 τῶν
3165 5407 3456 5478 βασιλείων
3489 5409 3695 5460 οἴκονοο

2129 5496 2244 5562 μεῖ,
2293 5496 2486 5547 ἑαυτὸν
2533 5499 2589 5550 δὲ
2646 5502 3093 5569 προχειρισῦῆνοιι
3150 5502 3424 5570 Καίσαρα.
3461 5491 3692 5553 δΕκτοτε

2125 5581 2220 5638 οὖν
2249 5587 2426 5637 πάντα
2459 5586 2627 5637 ποιῶν
2659 5588 2733 5649 ὡς
2777 5589 3013 5653 ἀντάναξ
3043 5589 3104 5641 ού
3141 5590 3366 5645 διέλιπε.
3407 5591 3542 5658 11ρ⁵ις
3572 5591 3697 5640 τού-

2125 5696 2237 5741 τοις
2290 5675 2347 5729 δὲ
2403 5681 2496 5730 καὶ
2557 5682 2908 5748 παρανομίαν
2941 5681 3160 5754 Erillum,
3191 5683 3306 5734 υἱοῦ
3339 5685 3560 5751 γνησίου
3593 5699 3696 5748 γα-
