4154 6200
438 273 542 336 319
1669 276 2072 340 ANNAUUM
2112 279 2302 340 PARS
2335 279 2431 341 IV.
3541 291 3643 354 550

441 393 540 448 καὶ·
555 391 630 463 τῷ
648 387 778 462 ’Θεῷ
811 393 1041 463 χάριτας
1073 394 1365 464 ὡμολόγει,
1392 397 1506 465 ετγε
1529 396 1785 466 κατὰτὴν
1829 396 1990 450 αὑτοῦ

2096 396 2322 452 aﬂ'ertos
2349 398 2530 468 aliquo
2556 397 2718 454 modo
2751 398 3002 470 impediri
3038 411 3144 473 Quo
3171 404 3352 459 minus
3375 405 3441 460 ad
3467 408 3644 476 ipSttm

441 483 718 554 βασιλείαν
752 483 1027 558 οὐκέστιν
1060 487 1088 538 ὁ
1121 483 1496 558 ἀδικούμενος.

2101 488 2444 554 accederent,
2470 488 2729 544 satellites
2758 507 2853 559 per
2885 492 3072 546 orbem
3101 494 3395 560 dimisisse,
3430 500 3523 568 qui
3554 501 3646 554 ubi

434 577 643 631 reversi
702 578 960 644 fuissent,
1021 594 1200 650 neque
1251 595 1309 634 se
1369 596 1701 652 quemquam
1745 579 2020 636 invenisse
2057 576 2302 635 dicerent
2330 582 2422 650 qui
2475 584 2825 651 querelarum
2858 581 3063 655 aliquid
3103 585 3352 654 haberet,
3385 605 3495 659 prae
3519 607 3650 661 gau-

423 669 527 732 dio
549 673 815 746 lacrymas
839 675 1068 742 fudisse,
1098 678 1319 748 Deoque
1355 679 1558 748 gratias
1611 667 1788 750 egisse
1833 677 1979 748 quod
2019 692 2079 732 se
2115 678 2417 754 imperante
2481 677 2771 736 accidisset
2807 691 2868 734 ut
2929 696 3092 737 nemo
3119 697 3176 738 se
3221 684 3420 755 injuste
3452 695 3648 742 tracta-

432 774 546 821 tum
576 781 1006 838 oppressumque
1039 769 1268 826 diceret.

516 859 574 909 Ὀ
606 859 687 920 εἰς
716 855 932 922 ἀδοξίαν
974 859 1082 913 ἀπὸ
1122 860 1279 934 δόξης
1341 863 1658 934 περιπεσὼν
1721 877 1989 933 παραμυ-

435 948 934 1016 ῡὶαςάπολαυέτω,
969 949 1067 1022 τὴν
1101 951 1214 1008 άνω
1278 953 1373 1006 καὶ
1437 955 1588 1010 κάτω
1644 952 1818 1022 φοράν
1877 951 1990 1006 τῶν

435 1042 532 1111 τῆς
560 1041 774 1112 ἀμάξης
811 1043 1024 1111 τροχῶν
1092 1047 1408 1115 συστρὲφων
1459 1047 1583 1101 καθ’
1622 1047 1815 1102 ἑαυτόν
1843 1062 1856 1075 °
1889 1045 1992 1116 τῆς

439 1134 546 1203 γάρ
603 1121 839 1188 άστάτου
904 1152 1012 1187 των
1068 1136 1368 1206 ἀνθρώπων
1421 1139 1769 1208 εὐδαιμονίας
1828 1138 1991 1191 εἰκὼν

435 1224 573 1295 αὕτη
609 1225 725 1278 ἐστὶ
788 1229 1096 1298 προφανής.
1142 1229 1355 1284 Ὀποῖον
1395 1231 1460 1301 δὴ
1503 1232 1670 1286 πάλαι
1717 1230 1988 1301 πεποίηκε

435 1317 528 1370 καὶ
571 1317 599 1368 ὁ
633 1302 918 1382 σουλέάνος
975 1324 1182 1388 ἐκεῖνος
1234 1323 1262 1375 ὁ
1322 1323 1616 1395 βάρϐαρος.
1669 1319 1836 1388 Οὗτος
1879 1327 1988 1394 γάρ

412 1409 539 1472 ,ὑπὸ
570 1410 663 1462 τοῦ
699 1411 800 1480 τῆς
845 1413 1129 1494 Φραγγίας
1184 1416 1443 1486 ἄρχοντος
1494 1419 1850 1487 κατασχεθεὶς
1895 1420 1990 1471 καὶ

427 1502 630 1553 διετίαν
680 1504 736 1556 ἐν
793 1507 854 1573 τῇ
890 1507 1102 1578 φρουρᾷ
1151 1509 1382 1576 ποιήσας
1433 1509 1531 1564 οὐκ
1565 1507 1721 1581 ὦλεοη
1756 1511 1992 1575 γελάσας

430 1596 584 1649 ποτέ.
642 1595 788 1658 Μετᾶ
834 1597 889 1648 δὲ
945 1598 1118 1652 ταῦτα
1167 1593 1391 1666 γελάσαι
1445 1601 1633 1654 τοῦτον
1667 1603 1694 1655 ὁ
1743 1604 1992 1672 Φράγγος

429 1682 771 1752 μεμαθηκὼς
815 1684 993 1756 ἐρωτᾷ
1023 1687 1122 1758 τὴν
1153 1689 1350 1744 αἰτίαν.
1392 1691 1500 1743 Καὶ
1518 1691 1575 1754 ὃς
1619 1692 1768 1759 ἔλεγε
1800 1693 1991 1763 τροχὸν

432 1775 566 1826 ἰδεῖν
597 1775 812 1844 ἁμάξης
843 1779 971 1829 ποτὲ
1004 1779 1116 1832 ἄνω
1181 1781 1314 1833 ποτὲ
1351 1781 1407 1834 δὲ
1464 1785 1616 1842 κάτω
1669 1785 1991 1855 φερόμενον,

427 1863 523 1916 καὶ
548 1864 722 1934 τούτῳ
740 1866 806 1917 τὰ
823 1866 940 1919 κατ’
963 1867 1124 1920 αὑτὸν
1145 1870 1484 1939 παρεικάσας
1503 1871 1561 1926 τὸ
1579 1873 1672 1926 τοῦ
1695 1873 1811 1942 βίου
1831 1873 1994 1942 γελά·

430 1971 520 2006 σαι
557 1955 864 2025 ἀνώμαλον.
895 1957 986 2026 Τῷ
1010 1959 1246 2030 Φράγγῳ
1275 1960 1462 2014 λοιπὸν
1503 1961 1746 2033 ᾠκείωτο
1785 1963 1990 2032 ἔκτοτε,

428 2046 528 2099 καὶ
569 2043 873 2115 σύμϐουλος
928 2043 995 2119 ἦν
1045 2049 1240 2119 ἐκείνῳ
1288 2050 1378 2104 διά
1425 2051 1525 2124 τὴν
1563 2052 1728 2107 αὐτοῦ
1757 2054 1992 2112 σύνεσιν.

2167 855 2432 910 Caeterum
2468 858 2512 910 si
2539 859 2662 926 quis
2707 867 2796 913 est
2845 861 2937 929 qui
2984 877 3050 916 ex
3088 863 3291 933 ingenti
3338 869 3511 938 gloria
3551 887 3648 941 per

2089 962 2276 1002 casum
2307 949 2541 1018 aliquem
2591 949 2880 1004 adversum
2929 952 2998 1007 ad
3029 956 3404 1013 conditionem
3447 964 3647 1018 obseu-

2090 1040 2761 1116 ramignomiuiosamque
2792 1046 3066 1111 pervenit,
3097 1046 3142 1100 is
3169 1062 3293 1101 cum
3323 1053 3504 1106 animo
3550 1073 3650 1109 suo

2088 1131 2436 1202 perpendens
2458 1147 2567 1200 quo
2597 1143 2756 1202 pacto
2791 1144 2924 1188 rotae
2977 1137 3198 1191 curules
3242 1155 3458 1211 sursum
3490 1145 3651 1198 deor-

2088 1239 2321 1292 sumque
2356 1223 2624 1286 ferantur,
2675 1239 2733 1278 se
2780 1225 2956 1292 ipsum
3006 1228 3343 1282 consoletur.
3398 1231 3531 1285 Nam
3585 1251 3651 1290 ea

2088 1317 2354 1373 volutatio
2391 1332 2652 1386 perquam
2683 1317 2883 1371 illustri
2919 1317 3160 1373 declarat
3195 1322 3432 1391 imagine
3485 1342 3649 1394 quam

2093 1409 2366 1465 instabilis
2399 1408 2471 1462 sit
2495 1408 2734 1460 humana
2768 1408 3022 1463 felicitas.
3080 1410 3194 1464 Tali
3230 1424 3376 1467 certe
3399 1419 3653 1485 superio-

2089 1505 2244 1559 ribus
2272 1503 2422 1556 hisce
2457 1499 2796 1567 temporibus
2829 1502 3080 1570 exemplo
3112 1503 3379 1560 barbarus
3415 1508 3506 1564 ille
3531 1513 3650 1566 sul-

2089 1599 2266 1652 danus
2295 1593 2588 1664 aliquando
2613 1603 2694 1648 est
2718 1609 2877 1647 usus.
2927 1595 3061 1648 Nam
3090 1611 3213 1652 cum
3248 1614 3274 1651 a
3307 1599 3648 1657 Francorum

2091 1688 2342 1759 principe
2371 1685 2622 1756 captivus
2656 1683 3015 1747 detineretur,
3051 1673 3337 1758 totumque
3364 1689 3651 1748 biennium

2092 1781 2146 1836 in
2182 1779 2417 1834 vinculis
2445 1777 2740 1848 exegisset,
2768 1792 3062 1845 nunquam
3081 1793 3207 1832 eum
3234 1781 3506 1838 ridentem
3550 1786 3654 1854 aii-

2093 1874 2218 1944 quis
2249 1872 2559 1942 conspexit.
2591 1867 2830 1926 Tandem
2864 1871 3108 1926 Francus
3144 1872 3424 1930 intellecto
3472 1879 3655 1933 sulda-

2093 1980 2224 2022 num
2262 1964 2479 2025 risisse,
2508 1963 2576 2017 de
2605 1963 2840 2032 ipsemet
2884 1963 3030 2017 risus
3069 1953 3216 2019 illius
3247 1979 3468 2022 causam
3500 1986 3655 2040 qua!-

2095 2058 2186 2112 rit.
2215 2055 2354 2111 Tum
2379 2055 2472 2110 ille
2496 2069 2553 2108 se
2581 2054 2807 2123 plaustri
2840 2063 3012 2108 rotam
3037 2053 3298 2111 intuitum
3335 2061 3652 2127 respondet,

424 2151 546 2224 quae
575 2137 736 2192 modo
761 2155 977 2195 sursum
1013 2140 1173 2195 modo
1199 2140 1452 2197 deorsum
1478 2142 1733 2200 ferretur.
1762 2146 1826 2201 Ei
1856 2162 1916 2202 se
1947 2164 2106 2205 casus
2129 2163 2258 2206 suos
2281 2145 2810 2210 accommodantem,
2841 2161 2948 2200 non
2983 2148 3222 2216 potuisse
3255 2165 3362 2206 non
3397 2152 3652 2224 inaequa-

397 2223 565 2302 ‘biles
597 2247 780 2287 rerum
841 2232 1203 2288 humanarum
1239 2235 1388 2290 vices
1407 2236 1612 2292 ridere.
1652 2237 1772 2302 Quo
1801 2239 1972 2294 verbo
2003 2249 2183 2296 motus
2210 2240 2453 2296 Francus
2478 2237 2766 2292 suldanum
2798 2237 2865 2293 ab
2904 2252 2969 2292 eo
3005 2241 3250 2310 tempore
3289 2258 3442 2298 suam
3480 2223 3539 2300 in
3568 2247 3654 2301 fa-

429 2323 798 2395 miliaritatem
829 2325 1068 2391 admisit,
1101 2327 1448 2401 hominisque
1472 2331 1815 2400 prudentiam
1835 2333 2135 2390 admiratus
2167 2349 2293 2390 eum
2320 2334 2375 2387 in
2401 2331 2838 2386 consiliariorum
2865 2345 3087 2387 suorum
3127 2347 3414 2390 numerum
3446 2315 3654 2408 retulit,

511 2416 566 2470 '0
588 2417 865 2480 όασξλειος
888 2417 944 2470 δὲ
978 2420 1118 2489 μετὰ
1157 2419 1216 2473 τὺ
1275 2422 1546 2492 κρατῆσαι
1577 2422 1722 2476 κατὰ
1781 2425 1982 2497 Συρίας

2157 2427 2294 2480 Cum
2325 2421 2564 2496 primum
2590 2419 2788 2478 autem
2816 2423 3055 2478 Basilius
3081 2423 3377 2493 imperium
3405 2432 3653 2498 occepis~

426 2507 689 2580 ὥρμησε*
735 2510 831 2564 καὶ
863 2511 1350 2582 -Γερμανικόπολιν
1399 2514 1455 2567 δέ
1509 2533 1632 2569 τινα
1681 2516 1984 2588 λεγομένην

2086 2529 2189 2583 set,
2249 2520 2302 2573 in
2355 2517 2568 2587 Syriam
2613 2516 3020 2584 expeditionem
3071 2517 3354 2585 suscepit;
3414 2535 3653 2590 cumque

430 2601 638 2656 Ἀδατα
664 2600 991 2674 πολιορκῶν,
1029 2606 1121 2657 καὶ
1159 2604 1366 2674 ταύτην
1406 2607 1549 2673 ὁρῶν
1618 2608 1720 2677 τῆς
1768 2611 1987 2681 πολιορ-

2086 2606 2346 2676 Oppidum
2372 2604 2646 2674 quoddam
2680 2602 3372 2674 Germanicopolim,-quod
3408 2606 3519 2660 alio
3555 2623 3654 2662 no-

425 2692 552 2755 κξας
618 2694 990 2763 ὀλιγωροῦσαν
1041 2696 1144 2766 ἔφη
1176 2713 1190 2728 ο
1239 2714 1258 2749 ι
1316 2697 1432 2766 Ἐφ’
1479 2697 1609 2767 ,ὅτῳ
1665 2701 1987 2764 πεποιθότες

2086 2699 2232 2753 mine
2273 2698 2444 2751 Adata
2479 2704 2914 2764 nuncuparetur,
2950 2694 3233 2750 obsidione
3272 2697 3542 2768 cingeret,
3589 2715 3653 2752 ac

425 2786 750 2855 ἀμερίμνως
776 2785 964 2851 οὕτως
989 2788 1207 2857 ἔχουσις
1262 2806 1281 2841 ι
1343 2789 1528 2860 Γέρων
1560 2790 1618 2844 δέ
1661 2809 1744 2855 τις
1778 2793 1987 2846 ἐκεῖθεν

2086 2790 2336 2844 homines
2382 2787 2636 2842 obsessos
2690 2787 3041 2856 imperatoris
3109 2795 3364 2842 conatum
3417 2787 3656 2850 floccifa-

426 2879 761 2949 ἀπεκρίνατο
788 2897 804 2914 ο
851 2899 870 2932 ι
907 2882 980 2935 Οὐ
1005 2882 1158 2951 παρὰ
1196 2881 1312 2950 σοῦ,
1355 2876 1400 2936 ὧ
1445 2883 1692 2952 βασιλεῦ,
1744 2889 1778 2956 ὴ
1837 2884 1989 2947 πόλις

427 2969 584 3039 ἡμῶν
612 2970 815 3024 ἁλῶναι
846 2973 964 3023 νυνὶ
1000 2971 1308 3040 πέπρωται,
1346 2973 1498 3042 παρὰ
1527 2971 1584 3025 δέ
1617 2990 1711 3025 του
1741 2974 1849 3025 τῶν
1882 2973 1990 3025 σῶν

426 3052 470 3125 ᾧ
505 3061 910 3124 Κωνσταντῖνος
935 3061 1126 3129 ὄνομα.
1165 3081 1182 3112 ι
1223 3062 1327 3115 Καὶ
1357 3061 1414 3126 ὃς
1447 3062 1728 3126 ὑποδείξας
1750 3063 1841 3115 τὸν
1879 3061 1994 3114 υἱὸν

427 3150 597 3204 αὑτοῦ
642 3150 1090 3218 Κωνσταντῖνον,
1131 3148 1364 3223 ἤκουσεν
1417 3155 1491 3216 ὡς
1548 3154 1660 3206 Οὐκ
1714 3153 1860 3206 ἐστιν
1897 3155 1992 3206 αὐ·

425 3243 540 3306 τὸς,
573 3243 688 3296 ἀλλ’
727 3244 911 3312 ἕτερός
960 3262 1044 3306 τις
1103 3243 1242 3314 μετὰ
1292 3244 1482 3314 χρόνον
1529 3245 1720 3315 συχνὸν
1767 3247 1831 3298 ὲκ
1885 3244 1982 3297 σοῦ

429 3325 664 3404 ἀναιρῦς.
713 3337 818 3388 Καὶ
858 3339 885 3390 ὁ
936 3336 1213 3398 Βασίλειος
1266 3337 1354 3390 ἵνα
1382 3335 1481 3406 τὴν
1535 3338 1836 3408 πρόρρησιν
1870 3337 1985 3406 διη-

435 3413 790 3495 μαρτημένην
828 3427 1044 3497 ἐλέγξῃ,
1096 3427 1188 3480 ἐπὶ
1237 3427 1400 3480 πλέον
1417 3430 1484 3498 τῇ
1517 3428 1802 3498 πολιορκίᾳ
1825 3443 1988 3496 προσ-

435 3519 632 3572 έκειτος
701 3519 863 3574 ’Δλλὰ
918 3519 1086 3590 μηδὲν
1135 3505 1340 3583 ἀνύσας
1401 3519 1554 3582 κενὸς
1601 3519 1808 3572 ἐκεῖθεν
1857 3521 1987 3573 ὺπέ-

432 3612 683 3677 στρεψεν.

2089 2897 2212 2936 cere
2240 2881 2469 2940 videret,
2501 2880 2670 2948 qumri
2707 2880 2871 2948 jussit
2916 2893 3154 2949 quonam
3216 2880 3470 2948 prazsidio
3519 2881 3650 2936 freti

2100 2985 2208 3026 tam
2237 2986 2428 3040 secure
2456 2972 2739 3041 degerent.
2781 2971 2920 3025 Tum
2969 2971 3192 3040 quidam
3249 2989 3313 3026 ex
3357 2972 3652 3042 oppidanis

2091 3077 2278 3125 senex,
2308 3060 2706 3131 «Nequaquam,
2725 3081 2742 3112 ι
2766 3061 2862 3124 ait,
2888 3062 2970 3115 «in
2989 3063 3231 3126 fatiscet,
3254 3063 3569 3132 imperator,
3592 3073 3654 3118 ut

2092 3154 2188 3208 abs
2221 3161 2272 3208 te
2295 3139 2542 3208 nostrum
2582 3153 2687 3207 hoc
2736 3151 2998 3223 oppidum
3027 3154 3188 3223 296
3221 3155 3508 3222 capiatur:
3543 3153 3641 3208 sed

2093 3243 2148 3298 in
2177 3245 2406 3316 alicujus
2433 3255 2674 3309 tuorum,
2733 3246 2823 3314 qui
2857 3245 3200 3300 Consmntini
3250 3261 3444 3299 nomen
3480 3246 3652 3300 habe-

2090 3336 2190 3398 bit,
2224 3331 2549 3406 poteSta'tem
2587 3337 2883 3406 aliquando
2917 3338 3156 3391 veniet.)
3196 3339 3267 3392 lis
3312 3339 3520 3392 auditis
3553 3338 3654 3390 im-

2087 3440 2340 3500 peratore
2371 3428 2539 3483 filium
2566 3444 2725 3483 suum
2749 3427 3170 3484 Constantinum
3205 3430 3337 3499 ipsis
3368 3444 3653 3484 common-

2086 3529 2293 3575 strante
2329 3536 2658 3591 responsum
2696 3530 2780 3575 est
2803 3535 2912 3574 non
2945 3521 3088 3575 hunc
3137 3522 3560 3575 Constantinum
3579 3521 3650 3575 ilo

2084 3610 2194 3665 lum
2221 3607 2372 3676 esse,
2405 3613 2498 3667 sed
2531 3613 2694 3668 alium
2745 3615 3035 3675 quemdam
3095 3630 3161 3668 ex
3221 3615 3392 3683 ipsius
3416 3614 3652 3683 posteris

429 3703 536 3757 hoc
563 3705 802 3769 unn'tine,
839 3705 1026 3762 multis
1068 3696 1227 3762 annis
1279 3705 1772 3776 intercedentibus,
1809 3706 2164 3760 exstiturum.
2225 3707 2341 3761 Hoc
2405 3707 2722 3761 vaticinium
2782 3707 3016 3761 Basilius
3047 3717 3102 3761 ut
3154 3708 3350 3762 falsum
3405 3707 3651 3761 irritum-

427 3812 533 3865 que
563 3793 884 3866 declararet,
925 3800 1126 3868 majore
1188 3800 1371 3855 studio
1406 3815 1568 3870 quant
1629 3800 1784 3869 prius
1839 3799 2086 3854 intentus
2117 3799 2512 3872 Oppugnatioui
2573 3806 2710 3852 erat.
2777 3799 2973 3854 Verum
3036 3801 3237 3855 infecta
3313 3815 3372 3854 re
3439 3814 3650 3868 suaque

428 3910 524 3963 spe
549 3895 846 3960 frustratus
878 3896 1214 3952 obsidionem
1241 3895 1424 3950 solvit.

494 3987 664 4052 οὗτος
710 3991 738 4041 ὁ
765 3990 1062 4056 Βασίλειος,
1100 3991 1182 4052 ὃτι
1206 3989 1424 4060 Μιχαὴλ
1455 3989 1628 4042 ἀνεῖλε
1675 3990 1766 4042 τὸν
1801 3989 1986 4044 Μεθυ-

2158 3980 2424 4048 Quoniam
2469 3994 2596 4034 vero
2626 3979 2855 4034 Basilius
2900 3978 3222 4033 Michaelum
3268 3980 3418 4034 illum
3450 3981 3650 4039 Temu-

429 4083 584 4147 στὴν,
617 4077 728 4134 οἷον
787 4083 1202 4156 ἐξιλασκόμενος
1233 4082 1322 4134 τὸν
1368 4081 1522 4144 Θεὸν,
1573 4079 1840 4150 πολλαχοῦ
1884 4075 1982 4148 τῆς

428 4175 638 4246 πόλεως
663 4175 740 4244 τῷ
774 4175 1199 4246 ἀρχιστρατήγῳ
1250 4174 1470 4244 Μιχαὴλ
1517 4173 1683 4236 ναοὺς
1731 4157 1984 4240 ἐδείματο

428 4270 492 4319 ἐκ
519 4267 734 4334 καινῆς,
769 4261 844 4318 ὧν
871 4262 948 4328 εἷς
998 4268 1096 4320 καὶ
1144 4269 1176 4336 ἡ
1222 4267 1280 4318 ἐν
1317 4267 1394 4336 τῷ
1425 4265 1672 4334 παλατίῳ
1716 4263 1982 4332 λεγομένη

426 4357 560 4412 Νέα.
587 4358 873 4428 Ἐδείματο
920 4359 974 4414 δὲ
1010 4360 1111 4412 κάν
1145 4358 1222 4427 τῷ
1273 4360 1420 4430 φόρῳ
1465 4357 1591 4410 ναὸν
1641 4355 1727 4408 ἐπ’
1760 4355 1984 4424 ὀνόματι

427 4453 523 4520 τῆς
551 4452 840 4517 Θεοτόκου,
882 4451 956 4513 ὡς
1006 4450 1072 4503 ἂν
1117 4449 1392 4520 Exorare!
1464 4445 1982 4519 πραγματευόμενοι

430 4538 580 4596 οἶκον
623 4543 953 4614 προσευχῆς.
995 4539 1168 4595 Πολλὰ
1195 4541 1292 4609 μὲν
1313 4539 1407 4594 οὖν
1433 4543 1529 4593 καὶ
1562 4541 1699 4594 ἄλλα
1733 4553 1985 4604 καινουρτ

432 4631 609 4700 γήσας
644 4632 670 4682 ὁ
695 4631 972 4691 Βασίλειος
997 4630 1094 4681 καὶ
1126 4626 1447 4697 κινστέρναν
1479 4625 1802 4696 diremit)qu
1837 4639 1978 4688 τινα,

429 4719 498 4784 ῆν
525 4717 553 4768 ὁ
598 4717 852 4786 βασιλεὺς
891 4717 1207 4784 Ἡράκλειος
1274 4716 1544 4784 ἀπέχωσε,
1595 4714 1773 4778 κῆπον
1811 4711 1982 4782 αὐτὴν

429 4810 665 4878 ποιήσας
721 4809 988 4878 λαχάνων.
1048 4807 1218 4860 Τοῦτο
1251 4805 1307 4858 δὲ
1363 4805 1580 4875 ἐποίησε
1635 4806 1732 4858 καὶ
1777 4806 1836 4856 ὲν
1864 4806 1979 4866 ταῖς

427 4899 622 4964 οὔσαις
651 4901 804 4963 ἐντὸς
835 4902 929 4954 τοῦ
961 4899 1245 4960 παλατῐου,
1280 4898 1348 4968 τῇ
1400 4913 1456 4948 τι
1495 4899 1634 4965 πρὸς
1679 4896 1778 4964 τῆς
1830 4896 1982 4950 Μαν-

433 4992 638 5062 ναύρας
661 4991 754 5044 καὶ
785 4994 851 5061 τῇ
891 4991 1091 5060 μεταξὺ
1157 4987 1537 5042 Ἰουστινιανοῦ
1569 4988 1666 5039 καὶ
1705 4984 1801 5038 τοῦ
1834 4987 1983 5039 Λαυ-

432 5083 631 5138 σακοῦ.
698 5083 758 5135 '0
785 5084 896 5153 γὰρ
964 5083 1287 5152 Ἡράκλειος
1354 5080 1504 5150 παρὰ
1559 5077 1833 5146 Στεφάνου
1885 5074 1981 5128 τοῦ

430 5176 718 5244 φιλοσόφου
770 5177 868 5245 τὴν
923 5175 1136 5242 γένεσιν
1192 5171 1356 5226 αὐτοῦ
1416 5171 1983 5242 πολυπραγμονήσαν-

427 5286 519 5330 τος
550 5249 735 5338 μαθῷν
755 5267 831 5332 ὡς
854 5267 912 5334 ἐξ
943 5267 1132 5330 ὓδατος
1154 5267 1318 5319 αὐτὸν
1340 5266 1551 5343 ἀνάγκη
1577 5263 1856 5332 τελευτᾷν,
1880 5259 1980 5322 τὰς

2087 4074 2293 4130 lentum
2337 4074 2711 4136 interfecerat,
2740 4071 2988 4140 placandi
3023 4070 3116 4124 Dei
3149 4085 3312 4125 causa
3343 4071 3528 4126 multis
3550 4089 3648 4143 per

2085 4165 2276 4218 urbem
2306 4163 2442 4218 locis
2481 4177 2650 4216 novas
2699 4160 2842 4215 aedes
2892 4159 3158 4214 Michaelo
3189 4159 3424 4229 principi
3456 4165 3646 4232 copia-

2087 4271 2206 4309 rum
2241 4255 2545 4311 cmlesdum
2575 4251 2700 4308 duci
2735 4252 3024 4307 exstruxit.
3089 4251 3166 4305 Ex
3189 4253 3192 4256 ’
3215 4251 3284 4306 iis
3317 4267 3422 4306 uua
3472 4265 3556 4308 est
3587 4255 3644 4310 in

2085 4343 2531 4415 palatio,.'quam
2584 4343 2788 4398 Novam
2847 4342 3141 4412 appellant.
3196 4344 3388 4399 itidem
3426 4347 3479 4400 in
3519 4347 3643 4401 foro

2088 4438 2350 4506 templum
2415 4437 2622 4492 nomini
2655 4436 2898 4504 Deiparze
2949 4435 3189 4505 dicatum
3264 4437 3533 4500 condidit,
3584 4449 3647 4493 ut

2083 4532 2228 4583 ades
2258 4529 2381 4585 Istic
2405 4529 2585 4599 aliqua
2613 4527 2752 4582 foret
2776 4528 2829 4582 in
2853 4543 2959 4597 qua
2993 4539 3325 4583 mercatores
3351 4543 3644 4598 precaren-

2087 4627 2197 4674 tur.
2229 4619 2500 4676 Praaterea
2540 4622 2808 4690 reparatis
2841 4621 3266 4690 instauratisque
3302 4622 3489 4676 multis
3514 4637 3644 4691 op.-

2039 4715 2044 4719 '
2086 4708 2243 4765 ribus
2269 4711 2432 4765 etiam
2461 4711 2754 4780 quamdam
2791 4713 3084 4766 cisternam
3111 4714 3452 4782 expurgavit,
3480 4728 3644 4783 quam

2085 4799 2370 4856 Heraclius
2409 4803 2706 4880 imperator
2725 4799 2889 4858 humo
2921 4805 3130 4873 ingesta
3155 4803 3474 4874 Oppleverat
3497 4805 3646 4875 ejus—

2084 4905 2192 4959 que
2218 4892 2338 4948 loco
2378 4893 2598 4947 hortum
2627 4893 2838 4949 olerum
2869 4895 3145 4949 effecerat.
3205 4895 3352 4949 Idem
3389 4896 3645 4965 praestitit

2084 4981 2140 5034 in
2173 4981 2243 5038 iis
2278 4984 2530 5038 cisternis
2567 5003 2686 5055 qua:
2712 4995 2841 5040 sunt
2868 4989 3011 5040 intra
3045 4988 3329 5056 palatium,
3389 4997 3444 5042 et
3492 4987 3545 5040 in
3581 5003 3642 5042 ea

2084 5088 2207 5140 qua:
2235 5086 2317 5130 est
2344 5076 2411 5129 ad
2443 5077 2776 5140 Mannaram,
2810 5089 2864 5132 et
2895 5079 2948 5132 in
2983 5075 3089 5132 alia
3127 5091 3248 5148 quze
3306 5083 3450 5133 inter
3475 5076 3644 5132 Justi-

2084 5162 2344 5218 nianeum
2378 5179 2443 5218 ac
2471 5165 2773 5220 Lausacum
2831 5169 2934 5220 sita
2967 5177 3070 5220 est.
3127 5166 3260 5220 Nam
3295 5181 3420 5219 cum
3471 5166 3640 5218 Hera-

2084 5253 2228 5308 clius
2281 5270 2348 5309 ex
2407 5255 2690 5325 Stephano
2749 5241 3099 5326 philosopho,
3151 5257 3245 5326 qui
3300 5255 3639 5309 nativitatem

427 5327 562 5409 των,
586 5327 940 5427 map-3.5.9,
969 5356 1044 5417 ὡς
1065 5327 1299 5426 εἴρηται,
1332 5327 1673 5426 προσχώσεις
1697 5327 1977 5416 ἐποίησεν.

2086 5349 2207 5429 ejus
2245 5351 2463 5404 curiose
2490 5362 2867 5419 perscrutatus
2893 5355 3090 5416 fuerat,
3153 5367 3246 5420 per
3306 5362 3500 5418 aquam
3534 5345 3640 5398 sibi

425 5453 765 5507 moriendum
793 5465 915 5506 esse
941 5450 1304 5520 cognovisset,
1334 5431 1622 5515 cisternas,
1645 5455 1705 5501 ut
1722 5443 1979 5508 diximus,
2005 5455 2208 5510 passum
2240 5443 2611 5500 obstruxerat.
2772 5506 2779 5513 _
3093 5461 3096 5464 ⁴

509 5544 574 5597 ὐ
603 5545 781 5614 μέντοι
820 5543 916 5597 τοῦ
955 5543 1217 5614 βασιλέως
1258 5543 1373 5605 υἱὸς
1427 5543 1838 5602 Κωνσταντϊνος
1889 5555 1982 5590 νο-

2151 5535 2466 5592 secundum
2498 5539 2612 5593 haec
2639 5540 2823 5595 evenit
2873 5549 2934 5594 ut
2963 5539 3357 5594 Constantinus
3409 5540 3643 5607 impera-

423 5627 603 5706 δήσας
637 5636 892 5690 ἀπέθανε.
927 5636 1035 5689 Καὶ
1065 5636 1094 5688 ὁ
1147 5637 1506 5706 αὐτοκράτωρ
1538 5636 1628 5688 τὸν
1664 5632 1830 5686 αὐτοῦ
1886 5633 1981 5685 θά-

2086 5631 2215 5684 toris
2249 5629 2432 5684 Basilii
2468 5629 2610 5686 filius
2635 5633 2827 5687 morbo
2856 5641 3142 5700 correptus
3192 5629 3411 5684 tandem
3461 5645 3643 5684 more-

433 5741 596 5779 νατον
621 5725 681 5777 οὗ
703 5725 878 5794 φέρων
913 5723 1095 5793 ἐζήτει
1127 5723 1302 5788 ζῶντα
1345 5723 1531 5778 τοῦτον
1579 5719 1988 5791 ἐμφανισθῆναι

2098 5731 2274 5776 retur.
2310 5722 2436 5779 Eam
2471 5724 2567 5778 ﬁlii
2597 5731 2827 5779 mortem
2864 5738 2986 5778 cum
3021 5727 3314 5792 imperator
3349 5723 3641 5778 admodum
