4154 6200
542 281 650 353 ἶλῗιί

1800 277 2213 357 ΜῖίῖῐῘΑΕΙᾸεῖ
2250 277 2503 338 suos

3662 260 3766 323 5%

554 420 698 472 :rgro
765 401 1076 470 dolentique
1128 399 1292 451 ferret
1339 395 1542 457 animo,
1604 392 2106 462 percupii-batcum

2222 392 2382 462 αὐτῷ.
2411 387 2656 459 Μοναχδς
2697 386 2753 439 δέ
2785 402 2865 448 τις
2910 379 3191 453 Εὑχαῖτῶν
3225 375 3508 449 πρόεδρος,
3539 368 3583 443 ᾧ
3632 374 3765 426 Σαν-

542 498 661 552 ηςὶὺὶ
695 497 811 549 viva
845 496 1022 561 specie
1051 490 1257 546 offerri.
1294 489 1430 543 'l'um
1481 502 1613 540 vero
1654 486 1955 540 monachus
1989 484 2109 554 qui-

557 590 702 646 dam.
737 585 1123 642 Euc‘ha’itarum
1173 596 1390 652 pra‘ses,
1434 580 1522 633 cui
1562 594 1865 649 cognomen
1919 576 2110 632 Santa-

558 683 745 737 bareni
782 690 917 744 erat,
979 677 1297 747 imperatori
1367 675 1535 729 lilium
1586 673 1694 727 vita
1740 671 1982 725 functum
2039 670 2109 723 ita

556 755 1009 829 commonstrasso
1035 770 1212 823 fertur
1245 784 1305 820 ac
1357 767 1399 819 si
1456 767 1610 818 vivus
1641 763 1907 833 quispiam
1949 761 2108 816 foret.

558 864 754 918 Elii-cit
784 863 929 916 enim
997 871 1055 915 ut
1102 860 1284 928 specie
1350 857 1669 927 imaginaria
1720 854 2112 909 Constantinus

555 971 725 1022 eques
756 956 890 1021 patri
915 950 1151 1019 quadam
1188 950 1242 1002 in
1291 948 1427 1001 silva
1462 947 1678 1000 obviam
1733 945 1919 1009 ﬁeret;
1950 959 2110 1014 quem

557 1047 649 1099 ubi
682 1047 831 1099 visus
870 1043 971 1096 sibi
1004 1041 1198 1095 fuisset
1233 1041 1531 1107 imperator
1584 1049 1638 1092 et
1694 1037 2012 1105 complexus
2057 1044 2113 1089 et

556 1138 835 1192 osculatus
864 1144 1029 1195 esset,
1062 1147 1184 1185 mox
1225 1138 1651 1184 evanescentem
1676 1144 1739 1181 ex
1770 1127 1946 1181 oculis
1975 1126 2111 1180 ami-

556 1234 645 1285 sit.
682 1230 813 1283 llinc
843 1228 1140 1294 imperator
1172 1238 1418 1293 magnam
1451 1202 1517 1275 de
1545 1221 1649 1273 hoc
1685 1221 1949 1272 monacho
1979 1233 2111 1271 con-

558 1322 705 1389 cepit
738 1318 1106 1390 epionionem,
1166 1331 1290 1370 cum
1343 1314 1559 1367 interim
1597 1313 1734 1367 alter
1760 1312 1988 1364 filiorum
2005 1309 2113 1363 Leo

557 1411 915 1484 pltil030pbus
938 1423 1062 1462 eum
1100 1406 1403 1461 veneﬁcum
1435 1404 1776 1474 appellaret,
1825 1416 1853 1455 a
1887 1416 1996 1471 quo
2019 1416 2115 1470 per

560 1508 889 1575 imposturas
922 1499 1220 1569 imperator
1258 1497 1625 1566 deciperetur.
1677 1495 1751 1548 Ea
1797 1494 1956 1547 verba
1990 1508 2112 1546 cum

557 1597 799 1650 animum
874 1588 1230 1647 Santabareni
1303 1588 1731 1651 vulnerassent,
1801 1583 2112 1654 huiusmodi

558 1689 815 1759 quiddam
849 1683 1197 1754 excogitavit.
1232 1682 1439 1736 Auctor
1479 1679 1648 1734 Leoni
1686 1677 1811 1741 fuit,
1866 1679 2114 1746 adeoque

2210 481 2513 551 ταϐαρηνὸς
2541 479 2601 531 τὸ
2637 477 2945 545 ἐπώνυμον,
2988 474 3159 539 δεῖξαι
3202 472 3419 536 λέγεται
3458 468 3534 537 τῷ
3558 466 3768 534 βασιλεί

2209 571 2512 641 τεθνηκότα
2553 569 2666 622 υἱὸν
2696 565 2860 620 αὐτοῦ
2914 564 3167 633 καθάπερ
3194 560 3371 627 ζῶντὰ
3416 574 3570 612 τιναο
3626 559 3767 609 κατὰ

2211 669 2318 736 γὰρ
2345 664 2550 735 λόχμην
2588 663 2713 716 τινὰ
2742 661 2832 715 τὸν
2871 660 3283 712 Κωνσταντῖνον
3313 656 3551 724 ἔεριππον
3575 665 3767 706 συναν-

2211 757 2468 825 τῆσαιτῷ
2504 755 2677 822 πατρὶ
2726 752 2890 807 αὐτοῦ
2926 752 3066 804 κατὰ
3127 748 3429 818 φαντασίαν
3494 744 3768 814 ἐποίησεν,

2211 837 2256 911 ᾧ
2285 844 2347 914 δή
2381 844 2476 894 καὶ
2507 839 2918 911 περιπλακῆναι
2941 837 3101 901 δόξας
3133 839 3159 887 6
3184 833 3442 905 βασιλεὺς
3474 833 3569 885 καὶ
3600 846 3768 881 κατα-

2214 936 2447 1003 φιλήσας
2479 932 2663 985 οὐκέτι
2696 930 2885 983 τοῦτον
2924 929 3093 997 ἑώρα.
3140 925 3251 977 Καὶ
3289 925 3317 977 6
3374 922 3472 991 μὲν
3520 918 3770 989 βασιλεὺς

2218 1028 2467 1098 μεγάλως
2505 1044 2568 1078 πε
2582 1026 2636 1095 pi.
2664 1024 2757 1077 τὸν
2793 1022 3027 1094 μοναχὴν
3053 1019 3410 1089 ὲφαντάζετο,
3442 1017 3468 1067 6
3498 1016 3555 1067 δὲ
3583 1013 3768 1080 ἔτερος

2215 1122 2329 1181 υἱὸς
2357 1117 2521 1170 αὐτοῦ
2555 1115 2706 1169 Λέων
2735 1116 2762 1167 6
2790 1115 3079 1182 φιλόσοφος
3115 1106 3406 1179 φαρμακὸν
3462 1103 3644 1156 ἐκάλει
3674 1098 3766 1151 τὸν

2219 1211 2453 1282 μοναχὸν
2482 1210 2575 1263 καὶ
2615 1208 2909 1262 ἀπατῶντα
2951 1206 3041 1257 τὸν
3074 1200 3475 1272 αὐτοκράτορα.
3536 1190 3769 1261 Πληγεὶς

2214 1298 2305 1357 οὖν
2334 1305 2425 1355 ἐπι
2458 1300 2668 1363 τούτοις
2691 1300 2789 1370 τήν
2826 1297 3006 1367 ψυχὴν
3033 1297 3060 1348 6
3094 1288 3509 1360 Σανταὸαρηνὸς
3536 1283 3771 1337 τοιοῦτόν

2216 1413 2271 1448 τι
2300 1396 2617 1447 ἐπινοεῖται.
2650 1393 2833 1444 “aliis:
2866 1391 2959 1443 τὸν
2995 1389 3223 1447 Λέοντα,
3278 1384 3375 1436 καὶ
3413 1378 3639 1451 ξιφίδιον
3687 1376 3772 1427 ὲν-

2214 1490 2304 1551 τὸς
2328 1489 2423 1541 τοῦ
2455 1486 2803 1556 ὑποδήματος
2841 1481 3029 1552 φέρειν
3062 1474 3476 1547 παρασκευάζει
3530 1467 3769 1538 ὁπηνίκα

2220 1579 2294 1649 τῷ
2326 1580 2494 1647 πατρὶ
2537 1574 2888 1644 συνθηρεύων
2914 1568 3004 1642 ἦν.
3041 1569 3175 1623 Οὐδὲ
3206 1567 3316 1636 γὰρ
3346 1564 3440 1616 τὸν
3468 1560 3619 1614 δόλον
3654 1559 3771 1609 ἐνόο

2216 1688 2372 1740 ησεν.
2414 1668 2531 1736 Ἐφ’
2570 1661 2613 1736 ᾧ
2642 1667 2736 1720 καὶ
2790 1663 3075 1742 ἐπίϐουλον
3136 1656 3537 1730 προσαγγέλλει
3588 1650 3771 1705 αὐτόν.

563 1778 854 1851 persuasit,
884 1785 944 1831 ut
968 1790 1094 1829 cum
1129 1783 1285 1843 patre
1344 1785 1644 1825 venaturus
1694 1786 1878 1825 secum
1910 1768 2115 1840 gladio-

2222 1762 2513 1831 Δεσμεϊται
2560 1760 2774 1823 λοιπὸν,
2823 1756 2916 1809 καὶ
2956 1758 3012 1807 ὲν
3054 1753 3136 1807 ἐνὶ
3188 1752 3298 1805 τῶν
3342 1745 3639 1819 βασιλικῶν
3669 1759 3769 1794 κα-

566 1875 674 1927 lum
696 1872 798 1925 sub
833 1877 982 1924 veste
1013 1875 1268 1938 gestaret.
1303 1864 1438 1918 Eum
1474 1864 1583 1919 Leo
1634 1863 1817 1918 dolum
1873 1878 1980 1916 non
2037 1862 2122 1913 iu-

566 1965 865 2032 telligebat.
908 1962 1253 2031 Quapropter
1305 1970 1335 2013 a
1367 1957 1745 2012 Santabareno
1790 1954 1859 2011 ad
1909 1962 2120 2023 patrem

566 2061 714 2113 velut
744 2054 1027 2111 insidiator
1053 2052 1317 2115 defertur,
1369 2066 1493 2105 mox
1551 2049 1788 2105 vinculis
1846 2048 2122 2102 constrin-

568 2149 735 2216 gitur,
766 2144 1001 2212 quodam
1040 2143 1092 2195 in
1136 2140 1377 2193 thalamo
1410 2137 1557 2209 regio
1588 2136 1968 2199 concluditur;
2027 2134 2125 2188 im-

560 2234 835 2305 peratoria
893 2233 1047 2301 signa
1114 2231 1163 2284 ei
1221 2230 1561 2283 adimuntur.
1623 2227 1935 2281 Secundum
2007 2226 2122 2279 ha-c

569 2332 820 2383 usuvemt
864 2333 923 2376 ut
976 2336 1074 2390 pro
1126 2335 1275 2374 more
1330 2319 1499 2372 veteri
1530 2319 1838 2372 convivium
1893 2318 2124 2387 impera-

570 2432 653 2473 tor
692 2432 814 2470 eum
859 2412 1264 2484 magistratibus
1314 2411 1638 2465 celebraret.
1693 2409 1773 2464 ibi
1824 2424 2122 2480 suspensus

567 2509 785 2581 quidam
813 2504 971 2576 297
1010 2504 1295 2575 psittacus,
1341 2502 1655 2571 frequenter
1684 2499 1884 2556 Leonis
1921 2517 2121 2557 nomen

567 2602 857 2670 repetitum
878 2596 1262 2667 ingeminabat.
1308 2592 1516 2663 Quippe
1538 2592 1923 2649 consuefactus
1945 2594 2124 2649 fuerat

568 2705 627 2748 nt
656 2708 842 2747 vocem
878 2689 1159 2761 cujusdam
1200 2686 1435 2741 Leonem
1466 2686 1803 2755 deplorantis
1855 2686 2122 2741 imitando

564 2786 917 2853 exprimeret.
976 2780 1087 2834 llac
1145 2787 1332 2848 patres
1381 2778 1678 2847 conscripti
1720 2776 2009 2830 occasione
2034 2791 2123 2853 ar-

569 2891 717 2945 repta
760 2891 856 2945 pro
900 2873 1079 2927 Leone
1122 2871 1262 2938 apud
1319 2871 1705 2937 imperatorem
1754 2868 2122 2937 deprecantur

2226 1856 2540 1909 τακλεέεται
2572 1853 2854 1921 θαλάμων,
2885 1852 2981 1903 καὶ
3009 1849 3079 1901 τὰ
3106 1846 3202 1901 τοῦ
3232 1845 3469 1914 κράτους
3525 1838 3775 1907 ἁιξαιρεῖ·

2217 1965 2309 2001 ται
2344 1947 2673 2014 παράσημα.
2692 1942 2847 1997 Μετὰ
2877 1942 2935 1995 δὲ
2963 1941 3135 1995 ταῦτα
3170 1935 3476 2009 συμπόσιον
3507 1932 3645 2002 μετὰ
3666 1927 3771 1980 τῶν

2220 2043 2276 2095 ἐν
2306 2040 2450 2094 τέλει
2503 2040 2738 2090 ποιεῖται
2766 2038 2794 2090 6
2812 2034 3030 2107 κρατῶν
3059 2033 3201 2087 κατὰ
3252 2029 3349 2100 τὴν
3377 2025 3617 2079 παλαιὰν
3649 2039 3774 2075 συν-

2221 2128 2733 2207 ήθειαν.¹1ξιττακδς
2779 2123 2870 2182 οὖν
2917 2127 3095 2179 ὶκεῖσε
3147 2120 3572 2196 ἀπῃωρημὲνος,
3620 2115 3775 2176 Δέον,

2229 2225 2386 2288 Δέον,
2420 2204 2547 2277 ὲὸόα
2572 2221 2770 2275 *πτυκνὰ⁶
2801 2216 3128 2291 ὀδυρομένου
3192 2215 3287 2267 καὶ
3336 2212 3442 2280 γάρ
3494 2223 3635 2267 τινος
3689 2204 3778 2257 τὸν

2234 2315 2442 2368 Λέοντα
2477 2313 2575 2383 τὴν
2626 2310 2807 2382 φωνὴν
2863 2308 3194 2379 ἐμιμήσατο.
3248 2301 3528 2373 Ἀφορμῆς
3579 2292 3671 2349 οὖν
3698 2297 3782 2346 ὲν-

2226 2408 2413 2462 τεῦθεν
2443 2407 2771 2477 δραξάμενοι
2810 2402 3019 2456 δέονται
3077 2399 3172 2454 τοῦ
3223 2396 3483 2465 βασιλέως
3518 2394 3649 2463 περὶ
3681 2388 3774 2442 τοῦ

2229 2498 2480 2563 Λέοντος,
2518 2499 2768 2566 λέγοντες
2805 2495 2879 2558 ὼς
2903 2496 2984 2557 εἰς
3015 2491 3355 2576 κατηγορίαν
3414 2484 3573 2557 ήμῶν
3628 2486 3772 2537 ἔσται

2221 2594 2370 2646 τουτὶ
2396 2591 2457 2645 τὸ
2487 2591 2647 2656 ζῶον,
2700 2589 2860 2657 εἰπερ
2907 2586 3039 2641 αὐτὸ
3089 2586 3191 2651 μὶν
3232 2598 3323 2637 τον
3353 2584 3553 2635 οἰκεῖον
3586 2582 3776 2631 ἀνεκα-

2221 2684 2363 2738 λεῖτο
2403 2684 2691 2752 δεσπότην,
2754 2680 2917 2751 ἡμεῖς
2973 2678 3028 2730 δὲ
3078 2679 3301 2748 ἀμνημο
3335 2673 3504 2744 οὗμεν
3553 2672 3643 2724 ἐπὶ
3694 2685 3780 2721 το-

2230 2777 2420 2830 σοῦτον
2455 2775 2644 2829 αὐτοῦ.
2676 2774 2864 2845 Ταότη
2900 2789 2983 2826 τοι
3046 2771 3143 2823 καλ
3193 2770 3293 2822 οὐκ
3340 2769 3779 2835 ἀποτυγχάνουσι

2219 2869 2314 2924 τοῦ
2340 2867 2563 2923 σκοποῦ.

558 2982 618 3022 et
649 2963 1015 3019 intercedunt.
1051 2961 1281 3023 Aiebant
1328 2959 1472 3013 enim
1525 2957 1626 3011 hoc
1688 2956 1863 3026 ipsum
1905 2958 2105 3011 animal
2145 2959 2526 3028 negligentiam
2576 2972 2730 3013 suam
2768 2955 2945 3012 videri
2999 2971 3278 3020 accusare,
3330 2954 3475 3025 quod
3518 2952 3635 3006 heri
3688 2952 3776 3003 sui

567 3073 765 3113 nomen
798 3058 957 3112 teties
982 3055 1322 3116 inclamaret,
1352 3050 1511 3121 cujus
1566 3050 1671 3121 ipsi
1703 3059 1811 3104 tam
1870 3050 2033 3120 longo
2079 3051 2189 3121 jam
2228 3060 2472 3122 tempore
2510 3052 2845 3107 mentionem
2868 3050 3080 3105 'nullam
3108 3050 3383 3105 fecissent.
3406 3048 3574 3115 Quam
3606 3045 3781 3099 inter-

563 3156 866 3210 cessionem
901 3150 1195 3218 imperatur
1220 3162 1342 3201 cum
1374 3144 1693 3207 audivisset,
1723 3142 1835 3197 voti
1864 3158 1957 3198 eos
1993 3132 2077 3197 sui
2107 3154 2385 3215 compotes
2414 3146 2564 3202 fecit.

627 3246 900 3301 Caeterum
931 3241 1035 3294 hoc
1073 3240 1193 3294 loco
1244 3237 1408 3292 velim
1460 3234 1884 3296 animadvertas,
1926 3234 2124 3289 dilecte

2298 3238 2539 3309 Πρόσεχε
2574 3238 2652 3302 δὲ,
2695 3237 2972 3307 ἁγαπητὲ,
3022 3236 3105 3291 ὅτι
3152 3233 3518 3304 διαφωνοῦσιν
3550 3231 3779 3286 ενταῦθα

570 3338 664 3399 ﬁli,
695 3334 988 3402 scriptores
1019 3328 1302 3383 annalium
1345 3328 1487 3380 inter
1514 3341 1572 3381 se
1625 3325 1940 3379 dissentire.
1990 3325 2125 3379 Nam

570 3427 831 3497 Scylitzes
856 3423 1019 3477 tradit
1040 3420 1365 3475 Michaelum
1396 3419 1782 3488 imperatorem
1816 3417 2004 3473 sobole
2036 3432 2129 3470 na-

568 3518 728 3573 turali
756 3516 1019 3572 caruisse.
1049 3513 1333 3586 Qnicnim
1375 3511 1630 3566 ebrietati
1659 3520 1927 3580 perpetuo
1956 3509 2128 3565 dediti

572 3619 720 3669 sunt.
772 3606 1231 3678 quemadmodum
1266 3603 1581 3675 perhibent
1633 3601 1883 3656 homines
1935 3602 2125 3655 harum

572 3717 756 3758 rerum
790 3699 972 3771 periti,
1004 3712 1350 3769 nequaquam
1386 3710 1570 3751 semen
1601 3694 1667 3750 ad
1708 3710 1903 3748 arcana
1947 3694 2128 3750 Vene-

536 3798 649 3854 .ris
688 3795 941 3849 idoneum
978 3792 1204 3845 habent.
1261 3788 1375 3844 Hoc
1429 3788 1473 3843 si
1508 3804 1696 3842 verum
1728 3795 1831 3848 est,
1874 3786 1965 3856 qui
1994 3801 2128 3840 con-

574 3897 893 3941 sentaneum
920 3883 1249 3953 putabimus,
1285 3881 1428 3950 quod
1480 3880 1633 3933 aiunt
1665 3878 1853 3949 aliqui,
1892 3877 2126 3931 Leonem

574 3975 821 4030 Michaeli
858 3973 1027 4028 fuisse
1050 3971 1263 4027 tilium?
1320 3970 1561 4025 Zonaras
1593 3969 1812 4039 quidem
1847 3970 2130 4025 memoriae

574 4065 818 4135 prodidit
863 4063 1102 4119 Leonem
1162 4077 1352 4133 reapse
1400 4060 1648 4119 Michaeli
1707 4060 1877 4115 ﬁlium
1906 4044 1909 4047 5
1940 4062 2128 4129 fuisse,

573 4157 856 4212 hominum
888 4165 1071 4210 autem
1102 4154 1363 4224 opinione
1419 4153 1628 4209 Basilii.
1681 4153 1892 4221 Quippe
1937 4153 2130 4208 Leonis

572 4259 764 4311 mater,
797 4247 884 4302 cui
910 4260 1112 4301 nomen
1151 4256 1272 4301 erat
1294 4245 1559 4312 Eudocia,
1593 4243 1799 4314 lngeris
1829 4242 1965 4303 lilia,
2005 4259 2128 4297 cum

572 4339 726 4408 prius
760 4352 958 4393 arcano
991 4337 1284 4394 concubitu
1330 4352 1454 4391 cum
1506 4337 1836 4416 imperatore
1867 4334 2131 4389 Michaelo

573 4434 967 4496 consucvisset,
998 4447 1283 4503 praegnans
1312 4431 1511 4485 Basilio
1549 4439 1798 4499 nuptum
1843 4427 1969 4482 data
2024 4436 2128 4494 est,

572 4539 736 4594 quem
767 4522 901 4577 adeo
928 4522 1030 4579 sibi
1058 4523 1382 4577 latitiliarem
1431 4522 1728 4577 Michaelus
1782 4520 2007 4585 fecerat,
2072 4529 2131 4574 ut

2230 3330 2365 3399 πρὸς
2404 3328 2666 3398 ἀλλήλους
2700 3330 2749 3382 οῑ
2785 3327 3171 3398 χρονογρόαροι.
3218 3326 3278 3379 '0
3314 3325 3421 3395 γὰρ
3478 3324 3778 3393 Σκυλιτζης

2231 3406 2503 3489 maniam
2540 3420 2705 3491 γονῆς
2741 3420 2942 3491 ἠπόρει
2966 3418 3206 3489 φυσικῆς
3234 3420 3263 3471 6
3286 3418 3508 3488 Μιχαήλ
3538 3431 3554 3447 ο
3594 3419 3643 3471 οἱ
3673 3417 3781 3487 γὰρ

2232 3512 2425 3580 μέθαις
2456 3512 2543 3565 ἀεὶ
2581 3512 3052 3583 ἐνασχολούμενοι,
3091 3511 3235 3566 καθά
3265 3525 3430 3579 φάτιν
3456 3511 3509 3563 οἱ
3559 3510 3685 3579 περὶ
3711 3511 3782 3563 τὰ

2226 3603 2451 3657 τοιαῦτα
2500 3603 2683 3669 δεινοὶ,
2710 3605 2932 3673 γόνιμον
2966 3603 3234 3675 οῡμενουν
3266 3605 3451 3674 ἔχουσι
3475 3603 3536 3656 τὸ
3560 3602 3780 3671 σπέρμα

2229 3700 2366 3765 πρός
2395 3712 2459 3764 γε
2491 3696 2559 3749 τὰ
2604 3698 2705 3764 τῆς
2745 3695 3063 3769 Ἀφροδίτης
3087 3697 3390 3767 μυστήρια.
3438 3696 3499 3748 Εἰ
3524 3695 3578 3749 δὲ
3600 3693 3785 3754 τοῦτο,

2218 3787 2347 3865 gub;
2378 3788 2562 3841 λοιπὸν
2587 3788 2616 3840 6
2649 3787 2802 3841 Λέων
2867 3788 2980 3853 υἱὸς
3030 3788 3127 3842 τοῦ
3180 3788 3440 3859 Μιχαήλ;
3475 3786 3535 3839 '0
3582 3786 3639 3839 δὲ
3669 3782 3786 3840 Ζω-

2229 3882 2397 3953 ναρᾶς
2432 3898 2596 3951 φησιν
2624 3881 2706 3934 ὅτι
2739 3883 2803 3952 τῇ
2860 3881 2958 3952 μὲν
3005 3880 3236 3952 ἀληθεία
3275 3881 3389 3939 υἱὸς
3434 3877 3528 3933 τοῦ
3564 3877 3786 3950 Μιχαὴλ

2228 3968 2315 4042 ἦν,
2356 3971 2449 4025 τοῦ
2488 3971 2772 4026 Βασιλείου
2793 3973 2849 4024 δὲ
2878 3971 2955 4042 τῷ
2987 3972 3167 4026 δοκεῖν
3192 3987 3207 4003 '
3238 3972 3271 4041 ή
3306 3973 3415 4043 γὰρ
3470 3970 3658 4043 μήτηρ
3689 3970 3785 4023 τοῦ

2229 4067 2454 4128 Λέοντος
2509 4065 2764 4134 (Εὑδοκία
2794 4066 2849 4119 δὲ
2882 4061 2949 4138 ἦν
2994 4065 3156 4138 αὕτη,
3205 4066 3298 4118 τοῦ
3332 4067 3591 4135 Ἰγκηρος
3626 4063 3789 4130 θυγά-

2228 4158 2354 4226 τηρ)
2382 4157 2827 4228 συμφθειρομένη
2858 4158 3125 4229 πρότερον
3178 4158 3255 4228 τῷ
3285 4157 3525 4228 Μιχαὴλ,
3589 4157 3786 4224 ἔγκυος

2231 4248 2310 4319 τῷ
2340 4246 2609 4318 Βχσιλείῳ
2655 4247 2789 4317 παρ’
2864 4246 3031 4303 αὐτοῦ
3093 4248 3509 4316 συνεζεύγνυτο.
3581 4246 3788 4299 Τοσοῦ-

2230 4354 2319 4391 τον
2369 4342 2479 4410 γὰρ
2543 4339 2708 4394 αὑτὸν
2757 4342 2787 4394 6
2841 4339 3063 4411 Μιχαὴλ
3119 4340 3438 4412 ᾠκειώσατο
3492 4340 3635 4393 ὣστε
3691 4341 3788 4393 καὶ

2229 4430 2465 4502 διάδημα
2498 4430 2829 4503 περιθεῖναι,
2867 4432 2970 4503 τὴν
3000 4430 3260 4504 ἀφορμὴν
3311 4435 3375 4485 ἐκ
3406 4428 3503 4485 τοῦ
3552 4431 3789 4502 θρασέος

2236 4522 2401 4575 ἵππου
2451 4521 2652 4588 λαϐὼν,
2703 4515 2747 4591 ᾧ
2807 4510 2999 4587 οὐδεὶς¹
3049 4525 3305 4594 δπιὸἦναι
3360 4524 3586 4594 ἐτόλμα.
3641 4521 3788 4575 Θαν-

573 4590 738 4669 etiam
770 4615 932 4685 capiti
955 4616 1075 4685 ejus
1104 4614 1355 4669 diadema
1388 4614 1696 4683 imponeret
1732 4629 1829 4684 per
1879 4612 2124 4667 occasio-

2236 4614 2437 4683 μαστὸς
2492 4614 2602 4685 γὰρ
2650 4609 2719 4682 ἧν
2752 4613 3034 4679 Βασίλειος
3086 4590 3229 4680 κατᾷ
3260 4632 3325 4685 γε
3375 4590 3512 4679 εἷδοξ
3544 4615 3640 4668 καὶ
3665 4613 3791 4665 τόλο

577 4723 700 4765 nem
729 4707 854 4776 equi
888 4706 1087 4760 ferocis
1118 4720 1147 4758 a
1190 4704 1390 4759 Basilio
1437 4705 1654 4770 domiti,
1679 4720 1842 4775 quem
1870 4718 2131 4758 conscen-

2236 4721 2366 4775 μαν.

573 4803 705 4859 dere
739 4799 921 4853 nullus
967 4798 1197 4851 aliorum
1237 4797 1511 4853 audebat:
1540 4806 1660 4853 erat
1707 4796 1854 4852 enim
1890 4795 2123 4850 Basilius
2160 4797 2469 4871 admirabili
2540 4798 2729 4855 formae
2776 4808 3065 4857 venustate
3135 4802 3470 4873 audaciaque
3525 4798 3787 4871 singulari

575 4892 857 4962 praeditus.

646 4984 860 5039 Accidit
889 4989 1072 5036 autem
1101 4982 1395 5053 aliquando
1461 4994 1519 5038 ut
1546 4982 1636 5037 hic
1674 4982 1789 5053 ipse
1838 4982 2133 5052 imperator

578 5075 811 5130 Basilius
834 5076 887 5128 in
918 5074 1203 5128 venatione
1236 5076 1467 5144 quadam
1499 5075 1716 5128 obvium
1766 5073 1994 5128 haberet
2051 5075 2132 5128 in-

575 5166 713 5237 signi
753 5165 1077 5235 proceritate
1107 5181 1353 5220 cervum.
1413 5165 1490 5220 lbi
1521 5179 1647 5218 cum
1687 5180 1906 5218 manum
1954 5180 2134 5219 arma-

580 5269 686 5313 tam
719 5258 894 5328 gladio
923 5268 1110 5311 contra
1142 5257 1312 5311 feram
1345 5258 1677 5319 sustulisset,
1705 5273 1902 5311 cervus
1928 5257 2130 5313 reatitit

575 5361 631 5405 et
666 5351 1043 5419 insequentem
1092 5349 1413 5420 propulsare
1451 5350 1713 5404 cornibus
1763 5360 1995 5404 conatus
2024 5358 2130 5404 est.

579 5444 692 5498 lloc
722 5444 883 5497 modo
915 5443 1114 5497 factum
1172 5451 1231 5496 ut
1276 5442 1508 5509 quodam
1542 5457 1810 5496 cornuum
1867 5457 2018 5494 ramo
2074 5441 2128 5501 in

578 5551 767 5590 zonam
802 5533 1149 5603 imperatoris
1188 5533 1386 5597 deﬁxo,
1417 5535 1528 5604 ipse
1570 5536 1837 5590 cornibus
1875 5534 2129 5589 sublimis

579 5628 861 5682 adhaerens
888 5643 917 5680 a
943 5642 1105 5681 cervo
1131 5627 1510 5698 abriperetur;
1566 5630 1843 5693 vitamque
1881 5626 2128 5679 fortassis

580 5719 873 5781 amisisset,
929 5720 981 5772 ni
1017 5717 1238 5787 quidam
1295 5720 1469 5789 ipsum
1521 5719 1753 5774 dlSSL‘Clil
1790 5718 1968 5788 gladio
1994 5734 2130 5771 zona

2322 4982 2380 5037 '0
2443 4982 2698 5051 βασιλεὺς
2750 5000 2903 5047 ουτος
2965 4982 3243 5046 Βασιλειός
3294 5000 3423 5036 ποτε
3470 4983 3790 5054 κυνηγετῶν

2236 5075 2525 5145 εὐμεγέθει
2576 5075 2894 5144 ὶντυγχάνει
2941 5075 3148 5144 ἐλάφῳ.
3210 5073 3401 5127 Ὶινίκα
3442 5073 3574 5142 γοῦν
3630 5075 3788 5145 χεῖρα

2237 5169 2442 5240 ξιφήρη
2467 5170 2608 5222 κατὰ
2636 5168 2734 5238 τῆς
2756 5167 2955 5235 ἐλάφου
2986 5161 3142 5238 ἦρεν,
3172 5166 3405 5237 ἀντέστη
3433 5168 3494 5220 τὸ
3523 5152 3662 5231 ζῶον
3686 5167 3784 5218 καὶ

2232 5264 2344 5325 τοῖς
2376 5262 2607 5333 κέρασιν
2638 5261 2885 5330 ἠμύνατο
2930 5262 3020 5314 τὸν
3057 5259 3342 5314 διώκοντα.
3377 5262 3487 5314 Καὶ
3540 5263 3608 5330 τῇ
3639 5258 3789 5330 ζώνῃ

2231 5349 2288 5402 δὲ
2321 5349 2415 5402 τοῦ
2448 5348 2712 5419 βασιλέως
2760 5348 3103 5418 ἐμπαρέντος
3160 5347 3308 5410 τινὸς
3362 5351 3467 5402 τῶν
3500 5365 3791 5417 παραφυο-

2238 5443 2419 5510 μένων
2477 5443 2728 5512 κεράτων
2791 5440 3067 5510 μετέωρος
3125 5442 3334 5504 ἐκεῖνος
3383 5444 3495 5504 τοῖς
3554 5443 3785 5510 κέρασιν

2235 5536 2483 5604 ὲφέρετο’
2519 5535 2613 5587 καὶ
2650 5535 2788 5604 τάχα
2809 5534 2873 5588 ἂν
2895 5534 3161 5603 ήνάλωτο,
3192 5536 3241 5587 εἰ
3284 5536 3357 5605 μή
3389 5552 3474 5600 τις
3521 5535 3666 5604 ξίφει
3697 5551 3790 5586 τε-

2237 5626 2355 5695 μὼν
2386 5625 2481 5695 τὴν
2504 5625 2681 5694 ζώνην
2706 5626 2865 5679 αὐτὸν
2887 5626 3208 5681 διεσώσατο.
3261 5622 3332 5697 ᾯ
3357 5626 3421 5697 δή
3451 5630 3545 5680 καὶ
3569 5630 3792 5694 σῶστρα

2236 5718 2375 5770 καλὰ
2408 5716 2638 5770 δέδωκεν
2668 5717 2695 5769 6
2730 5717 2821 5769 ὑπ’
2879 5718 3089 5772 ἐκείνου
3117 5719 3331 5782 ςωθεὶς,
3368 5720 3466 5775 τὴν
3490 5719 3588 5784 τῆς
3617 5735 3790 5787 nga-
