4154 6200
347 300 453 364 553

1567 309 1964 370 ANNALIUM
2008 310 2195 369 PARS
2238 312 2327 372 ιν.

3449 276 3553 365 Sat

347 414 445 480 λῆς
476 414 735 487 ἐκτομὴν,
762 415 931 485 λέγων
961 419 1041 476 ὅτι
1092 420 1233 475 κατὰ
1274 421 1534 494 βασιλέως
1582 424 1733 493 ξίφος
1771 428 1897 493 ἐγύ-

2014 434 2297 479 servasset.
2367 424 2426 477 Ei
2479 423 2672 477 deinde
2732 421 2985 491 praeclara
3035 419 3239 474 sr-ilicet
3279 434 3306 472 a
3341 428 3552 472 servato

348 522 581 575 μνωσεν.

428 776 556 830 Ἐπὶ
584 778 792 842 τούτοις
835 777 928 834 οὖν
959 785 987 836 6
1020 784 1163 849 θεῖος
1218 784 1480 855 Ἰγνάτιος
1530 788 1635 842 τῶν
1667 783 1767 844 ὦδέ
1805 809 1903 845 με·

351 868 627 925 θίσταται.
672 871 733 924 ’0
765 873 951 940 μέντοι
975 875 1181 940 oena;
1217 877 1305 931 dei
1335 878 1505 949 διψῶν
1544 879 1637 933 τοῦ
1688 879 1899 953 θρόνου,

351 959 446 1013 καὶ
489 961 790 1015 σπουδεύων
818 964 1203 1033 ὲπιτεῦξασθαι
1234 967 1394 1022 πάλιν
1417 968 1520 1039 τῆς
1552 970 1899 1043 Ἐκκλησίας,

352 1050 554 1103 τοιόνδε
573 1066 625 1103 τι
658 1051 997 1124 βαθύτροπον
1044 1059 1135 1111 καὶ
1192 1058 1405 1113 σκολιὸν
1457 1064 1734 1131 τεχνᾶται.
1780 1064 1902 1117 Τῶν

353 1141 384 1191 ὁ
417 1141 633 1209 ομὰτων
662 1143 760 1206 τὰς
789 1146 963 1215 ἀρχὰς
994 1147 1369 1218 ἀπολαμϐάνει
1417 1153 1587 1224 μόνας
1619 1155 1713 1210 τοῦ
1752 1158 1905 1226 βασι-

356 1231 513 1294 λέως,
544 1234 650 1285 τῶν
673 1234 823 1300 υἱῶν,
872 1236 1006 1289 ἀλλὰ
1044 1240 1257 1308 καὶτῆς
1314 1242 1649 1311 Δὺγούστας,
1700 1249 1792 1301 καὶ
1842 1242 1903 1302 τδ

355 1322 560 1386 sum;
610 1326 907 1396 συντίθησι.
972 1327 1076 1381 Καὶ
1145 1329 1302 1384 τοῦτο
1368 1316 1672 1405 σαφηνίσας
1723 1339 1902 1404 ἔδοξεν

350 1413 493 1468 εἶναι
524 1414 738 1484 βασιλεῖ
772 1418 945 1487 μέγας
976 1419 1071 1472 ἰπὶ
1104 1421 1287 1493 σοφίᾳ,
1340 1428 1434 1477 καὶ
1490 1428 1650 1482 πάλιν
1681 1431 1775 1483 τὸν
1805 1449 1904 1486 πο-

348 1501 584 1572 λύξηλον
618 1506 1057 1575 κατακληροῦται
1087 1510 1295 1580 θρόνον.
1344 1513 1455 1567 Καὶ
1492 1518 1618 1587 περὶ
1657 1519 1755 1588 μὲν
1783 1523 1904 1576 τού-

348 1609 460 1644 των
484 1591 688 1656 οὕτως’
722 1596 770 1648 οἱ
822 1595 878 1648 δὲ
913 1596 1104 1652 Ῥωσοὶ
1136 1600 1226 1652 ἐπὶ
1265 1601 1455 1656 τούτου
1502 1606 1597 1657 τοῦ
1639 1606 1903 1676 βασιλέως

350 1686 434 1746 είς
472 1684 572 1753 τὴν
611 1686 826 1755 ἀπλανῆ
871 1686 1169 1757 θρησκείαν
1199 1687 1385 1762 ἦλθον.
1441 1696 1755 1765 Τηνικαῡτα
1806 1702 1901 1754 καὶ

351 1775 616 1845 ἀρχιερέα
685 1753 929 1847 δέχονται
948 1753 972 1841 ,⁷
1029 1753 1356 1850 θεοσημείας
1410 1753 1673 1857 πρδτερον
1744 1807 1901 1861 γεγο-
1935 1753 1976 1811 Β

351 1867 528 1930 νυίας.
586 1868 659 1921 T6
686 1870 791 1939 γὰρ
822 1871 973 1939 ἅγιον
1004 1871 1342 1942 Εὑαγγέλιον
1388 1880 1521 1947 πυρὶ
1578 1881 1679 1949 μιν
1727 1900 1905 1954 παρα-

353 1959 580 2026 δίδοται,
616 1961 678 2013 οὐ
722 1965 1085 2018 κατακαίεται
1121 1966 1197 2019 δέ.
1248 1968 1399 2022 Μετὰ
1454 1971 1627 2026 ταῦτα
1659 1974 1905 2049 διαῤῥοέᾳ

359 2053 499 2122 νόσῳ
568 2054 855 2124 συσχεθεὶς
926 2059 955 2110 6
1014 2058 1296 2123 Βασίλειος
1348 2065 1571 2136 τελευτᾷ
1632 2067 1723 2121 τὸν
1769 2069 1903 2138 βίον,

350 2144 444 2243 τὸν
472 2145 592 2245 υἱὸν
621 2144 788 2200 αὐτοῦ
833 2147 1039 2204 Λέοντα
1089 2151 1180 2205 τὸν
1232 2152 1395 2223 σοφὸν
1442 2156 1683 2228 διάδοχον
1737 2178 1906 2215 κατα-

354 2246 550 2286 λιπων.

427 2404 639 2475 Κριτεῖ
682 2406 776 2461 οὖν
800 2410 828 2462 6
874 2409 1025 2465 Λέων
1066 2413 1207 2481 μετὰ
1240 2412 1331 2467 τὸν
1363 2414 1531 2469 αὐτοῦ
1562 2419 1775 2489 πατέρα
1808 2419 1904 2489 ἐτη

355 2502 477 2559 ις’.
508 2497 685 2552 Θέλων
734 2495 829 2554 οὖν
876 2502 1185 2572 ἀμύνασθαι
1219 2506 1312 2559 τὸν
1344 2508 1756 2581 Σανταδαρηνδν
1784 2513 1907 2583 βου-

351 2587 573 2643 λεύεται
635 2592 905 2665 πρότερον
948 2596 1042 2649 τὸν
1073 2596 1276 2653 Φώτιον
1332 2601 1603 2667 καθελεῖν,
1661 2606 1907 2674 οἰόμενος

354 2680 521 2735 αὑτὸν
549 2683 803 2752 μεγάλως
855 2687 1269 2756 προστήσασθαι
1301 2688 1393 2742 τοῦ
1443 2692 1860 2763 Σανταϐαρηνοῦ
1888 2710 1903 2727 ο

354 2778 516 2847 λόγος
548 2781 658 2853 γὰρ
689 2783 910 2854 δφέρετο
931 2782 1004 2849 ὡς
1034 2789 1062 2839 6
1090 2786 1292 2849 Φώτιός
1331 2804 1437 2840 τινι
1486 2788 1594 2841 τῶν
1626 2789 1789 2843 αὐτοῦ
1810 2792 1909 2863 τὴν

358 2872 639 2941 βασιλείαν
674 2879 1111 2947 μνηστευόμενος
1138 2870 1535 2947 κοινολογείται
1581 2880 1658 2951 τῷ
1706 2884 1910 2937 Σαντα-

361 2964 581 3037 δαρηνῷ
610 2969 739 3039 περὶ
767 2969 961 3024 τούτου
987 2975 1080 3031 καὶ
1117 2972 1291 3035 οὕτως
1316 2974 1407 3025 τὶν
1426 2974 1591 3028 δόλον
1632 2977 1776 3029 κατὰ
1814 2975 1908 3030 τοῦ

2005 513 2331 586 imperatore
2356 518 2475 569 data
2505 526 2633 569 sunt
2654 512 3088 569 conservationis
3131 510 3352 581 praemia
3386 528 3398 562 :
3428 524 3550 562 nam

2003 615 2167 676 caput
2198 606 2405 661 homini
2435 606 2657 675 praecidi
2678 605 2861 676 jussit,
2887 605 3045 658 allata
3073 617 3257 666 causa,
3287 599 3432 672 quod
3455 598 3552 653 ad-

2002 713 2193 753 versus
2221 698 2608 766 imperatorem
2635 697 2872 767 gladium
2902 695 3186 751 nudasset.

2078 787 2174 844 His
2204 789 2539 859 temporibus
2571 788 2796 843 divinus
2840 787 2929 842 ille
2972 786 3215 855 lgnatius
3263 784 3426 837 hasce
3471 796 3556 834 res

2005 883 2204 937 inferas
2240 882 2481 951 reliquit.
2511 880 2647 936 Cum
2674 878 2857 933 autem
2896 877 3124 933 Photius
3154 884 3416 945 perpetuo
3436 871 3556 926 solii

2004 973 2358 1042 recuperandi
2393 972 2666 1027 desiderio
2696 977 2994 1031 teneretur,
3020 966 3423 1034 Ecclesiamque
3474 979 3556 1016 re.

2004 1078 2265 1132 cuperare
2294 1073 2609 1121 conaretur,
2643 1057 2955 1130 hujusmodi
2979 1056 3236 1126 quiddam
3255 1055 3320 1109 ab
3347 1054 3559 1109 occulta

2002 1154 2306 1225 profectum
2388 1153 2627 1207 versutia
2704 1151 3029 1218 vafritieque
3104 1145 3556 1201 comminiscitur.

2004 1243 2213 1299 Primas
2255 1242 2323 1298 de
2373 1242 2836 1314 appellationibus
2879 1237 3226 1310 imperatoris
3253 1277 3267 1300 .
3322 1236 3557 1291 ﬁliorum

2003 1336 2365 1405 Angustaque
2415 1336 2623 1390 litteras
2675 1333 2864 1398 sumit,
2935 1332 3170 1400 indeque
3220 1346 3380 1384 suum
3427 1329 3557 1383 illud

2003 1427 2189 1483 Beclas
2226 1425 2537 1495 componit;
2564 1439 2675 1495 quo
2713 1423 2991 1478 declarato
3020 1422 3174 1476 visus
3201 1429 3282 1473 est
3323 1420 3559 1487 impera-

2004 1518 2108 1572 tori
2138 1519 2218 1571 vir
2250 1517 2495 1586 apprime
2524 1516 2742 1585 sapiens
2765 1529 2907 1568 esse.
2958 1512 3070 1566 llac
3101 1512 3313 1565 ratione
3360 1509 3557 1562 solium

2005 1610 2135 1665 illud
2165 1610 2679 1665 excellentissimum
2708 1608 2870 1678 298
2893 1606 3115 1675 recepit.
3146 1605 3219 1659 Ac
3240 1603 3308 1658 de
3338 1603 3419 1656 his
3443 1602 3563 1670 qui-

2004 1704 2124 1757 dem
2158 1703 2418 1755 hactenus
2446 1700 2650 1755 dictum
2705 1707 2846 1753 esto.
2906 1696 3021 1751 Sub
3073 1696 3176 1749 hoc
3231 1695 3562 1764 imperatore

2005 1792 2160 1849 Βοεεί
2186 1792 2250 1845 ad
2282 1791 2598 1861 religionem
2636 1788 2842 1844 erroris
2881 1779 3163 1858 expertem
3211 1792 3564 1839 accesserunt

2003 1895 2059 1941 et
2088 1884 2396 1955 pontiﬁcem
2427 1892 2779 1951 acceperunt,
2848 1896 2970 1937 cum
3009 1880 3252 1935 divinum
3287 1874 3561 1946 quoddam

2004 1974 2309 2045 prodigium
2342 1973 2773 2030 antecessisset:
2805 1987 2929 2027 nam
2958 1978 3365 2025 sacrosanctum
3392 1967 3565 2021 Eran-

2004 2064 2280 2133 geliumin
2317 2064 2495 2135 ignem
2551 2063 2860 2133 conjectum
2913 2060 3152 2117 cremari
3193 2076 3302 2114 non
3359 2060 3561 2127 potuit.

2004 2157 2242 2212 Tandem
2278 2156 2506 2210 Basilius
2537 2170 2604 2210 ex
2636 2155 2741 2209 alvi
2768 2153 3039 2223 proﬂuvio
3066 2152 3230 2207 vitam
3260 2150 3423 2215 finiit,
3452 2150 3565 2203 filio

2006 2247 2209 2312 Leone,
2244 2250 2361 2303 viro
2387 2232 2631 2317 sapiente
2671 2262 2733 2300 ac
2755 2245 2936 2310 docto,
2986 2257 3307 2301 successore
3352 2250 3475 2312 post
3506 2257 3564 2295 se

2008 2338 2221 2393 relicto.

2078 2427 2268 2497 Itaque
2318 2429 2449 2487 Leo,
2502 2435 2653 2495 patre
2708 2427 2871 2480 rebus
2905 2422 3162 2479 humanis
3185 2429 3461 2490 exempto,
3496 2418 3565 2471 26

2010 2520 2173 2578 annis
2195 2523 2497 2592 imperavit.
2524 2521 2661 2577 Cum
2692 2519 3127 2576 Santabarcnum
3157 2516 3345 2570 ulcisci
3382 2514 3564 2577 vellet,

2008 2616 2160 2686 prius
2222 2615 2291 2669 de
2345 2614 2538 2669 Photio
2584 2614 2702 2668 loco
2764 2611 3035 2667 movendo
3081 2607 3370 2663 consilium
3420 2604 3566 2670 iniit,

2007 2711 2150 2780 quod
2185 2710 2334 2762 illum
2367 2688 2721 2763 Santabareui
2754 2702 3119 2773 patrocinium
3166 2698 3413 2755 studiose
3440 2711 3566 2750 sus-

2008 2810 2295 2871 cepturum
2352 2808 2591 2868 putaret.
2628 2796 2761 2851 Nam
2797 2809 2987 2848 rumor
3017 2793 3225 2848 diditus
3256 2800 3394 2848 erat.
3427 2789 3570 2844 Pho-

2010 2892 2144 2943 tium
2173 2888 2386 2944 cuidam
2409 2902 2631 2941 suorum
2655 2885 2944 2955 imperium
2967 2892 3178 2937 tantum
3204 2896 3312 2934 non
3335 2880 3569 2948 despon-

2010 2983 2226 3037 dentem
2254 2981 2355 3035 hac
2383 2980 2497 3049 ipsa
2526 2980 2592 3033 de
2620 2994 2783 3033 causa
2845 2992 2969 3032 cum
3008 2974 3385 3031 Santabareno
3429 2986 3565 3025 con-

362 3062 580 3126 Λέοντος
614 3066 901 3137 ῥάπτουσι.
938 3068 1046 3121 Καὶ
1078 3070 1268 3140 πρῶτα
1299 3071 1400 3137 μὲν
1436 3070 1726 3142 ὑπερόριον
1746 3074 1909 3126 αὐτὸν

2014 3075 2131 3130 silia
2198 3071 2659 3135 communicasse,
2719 3076 3022 3139 contraque
3058 3067 3297 3121 Leonem
3358 3063 3567 3132 aliquid

356 3155 384 3205 6
430 3156 582 3208 Λέων
610 3160 791 3231 ποιεῖ,
823 3155 925 3214 εἷθ’
966 3159 1139 3224 οὕτως
1178 3161 1399 3225 αίκίσας
1443 3164 1569 3226 τοὺς
1600 3165 1908 3233 ὀφθαλμοὺς

354 3244 521 3297 αὖτοῦ
572 3247 852 3300 ἐκκόπτει.
914 3249 1070 3301 Κατὰ
1098 3248 1285 3302 τοῦτον
1344 3251 1529 3320 μέντοι
1587 3252 1679 3303 τὸν
1713 3252 1908 3319 καιρὸν

354 3340 582 3404 γέγονεν
608 3339 761 3409 ήλίου
794 3338 1034 3410 ἔκλειψις
1081 3343 1209 3413 περὶ
1258 3341 1408 3412 ὥραν
1455 3343 1644 3410 ἕκτην,
1695 3343 1770 3406 ὡς
1817 3344 1910 3396 καὶ

352 3429 533 3495 ἄστρα
568 3430 823 3500 φανῆναι,
859 3432 1072 3502 ἀνέμων
1105 3452 1163 3487 τε
1229 3435 1378 3505 βιαία
1430 3438 1587 3503 πνοὴ,
1634 3439 1909 3506 ἀστραπαὶ

355 3520 456 3571 καὶ
490 3519 709 3589 βρονταὶ
732 3524 1051 3591 φρικώδεις,
1088 3543 1325 3595 σκηπτοι
1353 3526 1678 3595 καυσώδεις,
1713 3528 1803 3598 ὑφ’
1835 3526 1911 3584 ὢν

354 3610 551 3683 ἄνδρες
588 3614 724 3669 ἑπτὰ
757 3619 897 3677 κατά
924 3633 987 3684 γε
1037 3617 1129 3671 τὸν
1181 3619 1346 3689 φόρον
1397 3619 1798 3691 ὲνεκρώθησαν.
1850 3620 1910 3676 '0

360 3710 546 3773 μέντοι
578 3709 730 3763 Λέων
757 3711 1051 3781 ἀνεγείρας
1076 3714 1203 3766 ναὸν
1241 3713 1329 3766 ἐπ’
1368 3713 1596 3783 ὀνόματι
1628 3715 1721 3768 τοῦ
1756 3714 1908 3784 ἁγίου

356 3799 636 3868 Λαζάρου,
700 3802 1167 3872 μετακομίζειῚν
1232 3804 1383 3873 αὐτῷ
1429 3805 1491 3859 τὸ
1521 3804 1617 3858 τοῦ
1666 3805 1821 3869 ἁγίου
1853 3822 1912 3859 τε

354 3889 609 3958 λείψανον
638 3894 732 3945 καὶ
789 3893 887 3958 τῆς
942 3894 1311 3968 Μαγδαληνῆς
1354 3898 1593 3967 Μαρίας.
1643 3898 1914 3968 Συνήθους

365 3983 729 4052 προελεύσεως
754 3986 1044 4055 γενομένης
1078 3988 1219 4041 κατά
1264 3987 1366 4060 τὴν
1394 3989 1602 4059 ἡμέραν
1628 3988 1727 4056 τῆς
1784 3989 1917 4041 Πεν-

360 4080 629 4147 τηκοστῆς
681 4082 740 4130 ἐν
769 4079 848 4149 τῷ
894 4080 1052 4146 ἁγίου
1082 4079 1309 4133 Μωκίου
1338 4080 1474 4150 ναῷ,
1535 4080 1738 4150 ἐπῆλθε
1779 4081 1918 4149 μετὰ

368 4172 582 4236 προόδου
616 4171 709 4224 καὶ
737 4173 886 4225 Λέων
915 4174 943 4224 6
973 4172 1225 4241 βασιλεύς
1246 4189 1261 4204 ⁸
1290 4173 1350 4225 ὲν
1372 4173 1428 4226 δὲ
1453 4172 1530 4242 τῷ
1560 4173 1775 4242 μέλλειν
1798 4174 1915 4228 εἰσ-

357 4260 559 4315 οδεύειν
603 4262 697 4314 καὶ
749 4261 977 4330 πλησίον
1042 4262 1297 4329 γενέσθαι
1350 4261 1460 4315 τῶν
1516 4262 1687 4329 ἁγίων
1736 4262 1918 4332 θυρῶν

355 4351 644 4419 ἄνθρωπός
678 4368 759 4414 τις
796 4352 860 4404 ὲκ
908 4352 1002 4405 τοῦ
1032 4350 1285 4421 ἄμϐωνας
1316 4351 1714 4423 ὲκπεπηδηκὼς
1738 4354 1920 4427 ῥάϐδῳ

2009 3165 2218 3223 fraudis
2244 3164 2413 3220 fuisse
2433 3163 2826 3219 machinatum.
2857 3161 3025 3232 Igitur
3041 3175 3166 3216 eum
3198 3159 3307 3213 Leo
3333 3158 3567 3227 primum

2011 3261 2063 3316 in
2094 3259 2344 3316 exsilium
2377 3258 2507 3330 agit,
2542 3255 2741 3311 deinde
2774 3252 3127 3311 contumeliis
3145 3251 3400 3307 affectum
3425 3249 3565 3312 aliis,

2013 3352 2227 3407 tandem
2259 3351 2434 3406 oculis
2459 3350 2675 3420 spoliat.
2705 3346 2923 3402 Exstitit
2950 3346 3020 3401 iis
3053 3343 3395 3414 temporibus
3419 3350 3570 3399 tanta

2011 3445 2143 3500 Solis
2180 3445 2283 3498 sub
2315 3443 2504 3498 horam
2534 3442 2641 3496 diei
2672 3448 2879 3496 sextam
2907 3439 3151 3509 eclipsis,
3187 3446 3244 3491 ut
3270 3437 3385 3506 ip:a
3406 3436 3591 3490 etiam.

2012 3536 2189 3591 sidera
2240 3535 2713 3603 conspicerentur.
2784 3531 3132 3587 Accedebant
3188 3527 3571 3582 violentissimi

2012 3636 2301 3681 ventorum
2333 3625 2513 3690 ﬂatus,
2574 3622 2789 3694 fulgura
2847 3622 3205 3687 tonitrusque
3246 3617 3404 3671 valde
3438 3618 3572 3670 hor-

2015 3710 2203 3779 renda.
2245 3727 2299 3771 et
2328 3716 2572 3770 ardentia
2608 3714 2860 3776 fulmina,
2896 3712 3100 3783 quibus
3130 3711 3183 3763 in
3219 3708 3340 3763 fore
3364 3718 3573 3777 septem

2012 3809 2117 3863 viri
2145 3806 2571 3861 suntexstincti.
2627 3806 2894 3859 Caeterum
2948 3801 3080 3862 Leo,
3130 3814 3253 3870 cum
3310 3796 3573 3863 templum

2013 3898 2370 3955 exstruxisset
2399 3898 2450 3949 in
2476 3898 2737 3949 honorem
2764 3891 3006 3946 nominis
3026 3889 3198 3943 sancti
3228 3887 3441 3948 Lazari,
3466 3897 3572 3937 tam

2015 3992 2189 4063 ipsius
2212 4004 2373 4059 quam
2407 3988 2586 4042 Marize
2624 3984 2954 4055 Magdalenze
2998 3980 3254 4049 reliquias
3284 3992 3352 4031 eo
3397 3987 3577 4030 trans.-

2019 4083 2165 4138 tulit.
2194 4081 2295 4137 Ubi
2328 4079 2523 4133 deinde
2552 4078 2608 4132 in
2663 4077 2781 4145 ipso
2811 4073 2899 4128 die
2941 4069 3404 4143 quinquagesimae
3451 4080 3578 4136 pro-

2018 4190 2203 4231 cessus
2233 4172 2300 4228 de
2327 4186 2477 4227 more
2516 4169 2772 4239 publicus
2825 4165 3209 4220 institueretur
3279 4160 3344 4214 ad
3399 4158 3574 4213 sancti

2018 4269 2178 4326 Mocii
2206 4267 2415 4330 fanum,
2446 4267 2609 4320 etiam
2653 4263 2770 4333 ipse
2805 4261 3103 4329 imperator
3125 4272 3229 4310 una
3265 4271 3389 4309 cum
3417 4263 3578 4307 caete-

2020 4361 2098 4415 ris
2124 4357 2428 4414 incedebat.
2483 4357 2730 4424 Cumque
2784 4352 3044 4422 templum
3096 4349 3342 4420 jamjam,
3404 4346 3578 4401 sacris

356 4445 555 4515 βαρείᾳ
576 4449 670 4500 καὶ
720 4447 916 4518 ἰσχυρᾷ
944 4447 1080 4500 κατὰ
1110 4447 1351 4517 κεφαλῆς
1380 4446 1542 4500 αὑτὸν
1574 4448 1790 4514 ἔπαισε,
1818 4449 1916 4502 καὶ

2016 4452 2196 4523 januis
2226 4449 2459 4510 vicinus,
2490 4445 2700 4516 ingredi
2739 4446 2923 4507 vellet,
2965 4444 3187 4512 quidam
3228 4457 3294 4495 ex
3342 4438 3578 4493 amboue

355 4536 702 4592 tﬂavdtwasv
729 4537 796 4591 ἂν
822 4539 984 4591 αὑτὸν
1006 4540 1227 4607 αὐτίκα,
1286 4542 1334 4593 εί
1371 4539 1447 4611 μὴ
1500 4539 1562 4593 τὸ
1607 4541 1779 4612 ἄκρον
1817 4540 1919 4612 τῆς

355 4628 560 4701 ῥάϐδου
610 4629 689 4699 τῷ
715 4630 1105 4701 ἀπῃωρημένῳ
1138 4629 1317 4701 λύχνῳ
1366 4632 1465 4700 τῆς
1504 4634 1764 4702 ἡμισείας
1787 4634 1911 4686 ἀνε-

352 4721 532 4790 σχέθη
557 4723 747 4791 φορᾶς.
788 4722 1038 4793 Αἵματος
1067 4718 1161 4775 οὖν
1189 4720 1419 4791 σφοδροῦ
1454 4723 1552 4791 τῆς
1586 4724 1796 4777 ἐκείνου
1826 4741 1920 4779 κε-

351 4813 536 4882 φαλῆς
564 4814 1041 4884 καταρρεύσαντος
1086 4800 1230 4883 φυγὴ
1281 4813 1512 4885 κατέσχε
1568 4815 1693 4879 τοὺς
1727 4815 1920 4887 ἄρχονο

347 4919 483 4965 τας.
526 4905 586 4955 '0
608 4900 663 4957 δέ
726 4904 818 4957 τὸν
880 4903 1107 4973 βασιλέα
1159 4903 1373 4973 πλήξας
1428 4903 1788 4972 κατασχεθεὶς
1828 4905 1921 4959 καὶ

350 4995 563 5056 πολλὰ(
591 4995 859 5064 βασάνους
885 4993 1209 5063 ὑπομείνας,
1249 4993 1325 5053 ὡς
1364 4993 1564 5064 μηδένα
1606 4993 1795 5061 ἔλεγεν
1841 4990 1921 5048 εἷο

350 5103 453 5139 ναι
486 5085 586 5154 τῆς
642 5085 852 5153 τόλμης
911 5086 1123 5154 ἐκείνης
1176 5084 1551 5153 ίσυμμέτοχον,
1595 5083 1706 5139 κᾶν
1752 5087 1782 5137 6
1826 5081 1921 5137 τοῦ

354 5177 629 5246 βασιλέως
698 5176 927 5245 ἀδελφὸς
994 5176 1348 5246 ’Λλέξανδρος
1428 5173 1511 5246 ’μὴ
1594 5175 1923 5246 παρατυχὼν

359 5270 547 5320 ἐκεῖσε
577 5268 664 5319 διὰ
708 5267 770 5320 τὸ
823 5268 963 5336 νόσῳ
1032 5267 1358 5337 συσχεθῆναι
1417 5268 1673 5320 ὑπόνοιαν
1733 5267 1922 5334 ἔδωκε,

356 5361 535 5420 πόδας
566 5359 702 5428 ὁμοῦ
734 5362 827 5413 καὶ
852 5362 1046 5430 χεῖρας
1090 5360 1292 5417 ἐκεῖνος
1324 5360 1671 5430 ἐκτέμνεται,
1715 5360 1809 5414 καὶ
1856 5364 1921 5431 τῇ

352 5451 462 5506 τοῦ
496 5450 719 5505 ἱππικοῦ
757 5451 1027 5525 Σφενδόνῃ
1078 5451 1250 5519 πυρὸς
1282 5450 1445 5521 Ξρτον
1500 5451 1735 5521 γίνεται.
1793 5454 1924 5523 Σχο-

354 5544 523 5600 ldis:
561 5546 861 5615 τηνικαῦτα
891 5544 987 5598 καὶ
1012 5546 1045 5614 ἡ
1072 5541 1298 5613 τοιαύτη
1341 5542 1685 5613 προέλευσις,
1740 5546 1845 5599 κᾶν
1893 5548 1922 5599 6

361 5636 684 5708 σοφώτατος
719 5637 954 5709 μοναχὸς
994 5637 1216 5704 Μάρκος
1261 5635 1356 5688 καὶ
1408 5636 1504 5704 τῆς
1549 5636 1803 5708 τοιαύτης
1835 5655 1927 5705 μο-

359 5730 460 5798 νῆς
485 5728 795 5801 οἰκονόμος,
825 5731 853 5783 6
893 5729 988 5783 καὶ
1014 5727 1074 5781 τὸ
1123 5724 1447 5797 τετραῴδιον
1495 5723 1787 5795 πληρώσας
1826 5728 1925 5780 τοῦ

2020 4542 2134 4596 sive
2161 4549 2413 4609 suggestu
2442 4536 2732 4607 prosiliens
2752 4534 3005 4605 gravioac
3030 4532 3208 4586 valida
3239 4532 3389 4585 clava
3415 4540 3580 4598 caput

2020 4633 2135 4704 ejus
2164 4630 2513 4694 verberavit;
2553 4626 3017 4697 adeoque‘subito
3049 4624 3231 4694 ipsum
3273 4620 3580 4676 interfecis-

2022 4733 2127 4789 set,
2162 4725 2214 4779 ni
2245 4739 2371 4793 pars
2392 4731 2634 4779 extrema
2671 4720 2839 4773 clavae
2872 4719 2927 4773 in
2957 4730 3286 4786 suspensum
3325 4713 3581 4769 candela-

2021 4817 2182 4872 brum
2216 4816 2450 4885 impacta
2479 4813 2563 4868 vel
2591 4810 2873 4866 dimidiam
2897 4810 3132 4877 impetus
3154 4808 3261 4860 vim
3286 4806 3578 4861 amisisset.

2020 4909 2159 4963 Tum
2192 4908 2257 4963 de
2287 4907 2488 4961 Leonis
2512 4905 2691 4973 capite
2719 4901 2992 4972 proﬂuere
3031 4899 3255 4968 sanguis
3302 4898 3580 4966 cepiosus,

2020 5011 2077 5056 et
2105 5002 2207 5056 viri
2244 5001 2523 5071 principes
2563 5000 2616 5053 in
2652 4998 2833 5066 fugam
2866 5008 2989 5048 sese
3020 4992 3319 5061 conjicere.
3366 4988 3469 5057 Qui
3497 5006 3583 5044 ce-

2021 5092 2233 5149 ciderat
2256 5093 2665 5161 imperatorem,
2707 5094 2901 5155 captus
2956 5093 3077 5148 cst,
3120 5082 3420 5152 multisque
3471 5090 3585 5135 tor-

2023 5183 2225 5239 mentis
2252 5182 2559 5253 subjectus,
2614 5194 2738 5234 cum
2791 5175 3052 5233 facinoris
3101 5174 3247 5229 illius
3277 5174 3490 5229 nullum
3522 5185 3586 5226 se

2025 5273 2225 5326 habere
2249 5273 2457 5326 socium
2510 5269 2881 5338 proﬁteretur,
2940 5279 3251 5335 quanquam
3285 5262 3456 5317 frater
3485 5260 3587 5314 im-

2026 5364 2290 5433 peratoris
2320 5360 2650 5422 Alexander,
2696 5357 2793 5427 qui
2822 5356 2924 5412 sub
2967 5355 3142 5409 morbi
3177 5361 3439 5424 praztextu
3473 5365 3584 5404 non

2025 5456 2233 5517 aderat,
2292 5451 2585 5522 quamdam
2625 5447 2695 5503 de
2752 5463 2812 5503 se
2866 5447 3229 5517 suspicionem
3294 5443 3583 5513 praeberet,

2027 5544 2246 5598 tandem
2297 5542 2549 5597 manibus
2609 5555 2675 5595 ac
2710 5538 2946 5609 pedibus
3003 5533 3301 5606 amputatis
3339 5533 3394 5586 in
3448 5529 3584 5584 circi

2029 5634 2216 5689 Fuuda
2249 5646 2545 5689 crematur.
2600 5631 2678 5686 Eo
2713 5640 2959 5699 tempore
2987 5627 3151 5682 desiit
3200 5634 3255 5678 et
3290 5636 3607 5693 processus

2030 5727 2153 5793 iste,
2180 5740 2487 5796 quanquam
2516 5724 2618 5778 hoc
2646 5719 2865 5777 nomine
2910 5715 3291 5773 sanctissimus
3327 5713 3415 5768 ille
3446 5712 3587 5770 Mar.
3656 5730 3661 5735 '
