4154 6200
548 214 645 277 561

555 335 796 397 σχνείται
832 335 931 400 τὴν

546 425 638 473 τὸν
662 428 1032 496 πατριάρχην.
1083 434 1280 501 Λέγειο
1332 456 1351 488 ι
1389 439 1563 511 Πολλὴ
1600 444 1721 511 μὲν,
1769 438 1813 497 ὦ
1842 445 2099 515 δέσποτα,

480 558 487 565 .
548 516 687 608 κατά
737 516 832 569 σοῦ
866 520 899 589 ἡ
931 520 1026 575 τοῦ
1076 523 1342 593 βασιλέως
1394 531 1679 597 έπὶθεσις·
1742 536 1883 608 πλὴν
1933 539 2103 608 μηδὲν

549 605 895 674 εὑρίσκςντες
926 615 1155 686 αἰτίαμα
1182 618 1389 691 ἕτερον,
1432 627 1505 694 μὴ
1552 626 1750 680 εἰδέναι
1786 605 1847 679 σε
1879 605 2100 697 λέγουσι

548 700 867 769 γράμματα.
922 706 1344 782 Πληροςρόρησον
1374 713 1467 767 οὖν
1517 718 1717 781 αὐτοὺς
1762 720 1830 772 δι’
1862 722 2099 791 ἐπιγρα-

548 793 655 858 φῆς
675 795 768 847 τοῦ
794 795 1053 866 ὀνόματός
1085 818 1201 867 σου,
1242 807 1337 857 καὶ
1361 807 1534 871 οὕτως
1561 810 1741 863 αὐτῶν
1764 811 2100 882 ἁποφράξεις

547 884 615 935 τὰ
660 885 922 954 στόματα.
957 908 975 942 ι
1011 892 1265 948 Πείθεται
1294 900 1322 949 6
1358 900 1717 971 πατριάρχης,
1778 903 1873 958 καὶ
1924 921 2102 975 γραμ-

552 979 772 1042 ματεῖον
801 980 1049 1050 ἄγραφον
1100 986 1359 1056 είληφὼς,
1391 991 1480 1042 ἐπ’
1501 992 1621 1061 ὄψει
1647 994 1828 1060 πάσης
1852 994 1952 1064 τῆς
1978 1013 2100 1048 συν-

545 1070 574 1119 6
592 1073 667 1120 ‘ou
709 1070 1023 1143 ὑπέγραψεν
1048 1076 1249 1141 οὕτως·
1289 1098 1307 1130 ι
1339 1080 1573 1151 Τρύφων
1601 1083 1735 1152 ἰλέῳ
1757 1084 1893 1137 θεοῦ
1915 1087 2099 1155 ἀρχιε-

546 1163 815 1225 πίτκοπος
883 1166 1505 1233 Κωνσταντινουπόλεως
1545 1175 1668 1237 νέας
1717 1173 1958 1247 Ῥώμης,
2004 1179 2097 1231 καὶ

546 1254 923 1319 οἱκουμενικὸς
947 1259 1315 1331 πατριάρχης.
1352 1281 1372 1315 ι
1432 1264 1539 1316 Καὶ
1569 1266 1789 1335 γράψας
1818 1270 2095 1337 ἐκπέμπει

542 1346 631 1397 δή
657 1348 748 1400 τοῦ
783 1350 1166 1419 πρωτοθρόνου
1192 1351 1269 1423 τῷ
1303 1354 1535 1423 βασιλεῖ.
1567 1356 1746 1429 Ὅπερ
1778 1359 1959 1412 λαϐὼν
1992 1361 2094 1414 ἀνὰ

542 1441 728 1507 χεῖρας
758 1433 928 1505 οὗτος,
956 1442 1052 1494 καὶ
1094 1444 1343 1514 ἄγραφον
1387 1440 1574 1516 ἕτερον
1622 1448 1828 1519 χάρτην
1887 1450 2095 1504 ἀνωθεν

496 1533 954 1597 οπρτιανυφάνας,
1018 1534 1353 1604 παραίτησιν
1412 1536 1675 1606 ἔγραψεν,
1744 1539 1819 1602 ὡς
1876 1540 2094 1604 ἀνάξιος

1796 240 2199 307 ANXALIUM
2244 247 2437 310 PARS
2483 253 2582 312 iV.

975 340 1068 392 τοῦ
1100 342 1391 411 Τρύςωνος
1429 349 1748 404 κατάϐασιν.
1782 354 2077 424 ’Υπὲρχετσ

2175 401 2178 416 .
2206 362 2328 430 jure
2357 362 2477 417 loco
2507 363 2713 416 moveri
2752 373 2956 434 posset.
2979 362 3108 418 Eam
3141 369 3253 418 rem
3280 362 3608 434 imperatam
3640 383 3765 435 per-

3654 254 3762 318 562

2204 459 2429 513 moleste
2445 458 2675 522 ferente,
2698 458 3058 528 Theophanes
3080 473 3205 513 eum
3232 459 3492 514 Caesarea:
3519 461 3760 529 pontifex

2203 548 2436 612 accedit,
2465 564 2625 619 quem
2654 558 2707 602 ct
2742 550 3037 605 Poreinum
3094 549 3477 618 appellabant;
3527 550 3760 603 effectu-

2202 651 2430 707 rutnque
2465 654 2522 691 se
2559 639 2845 707 pollicetur
2879 650 2935 691 ut
2961 638 3236 708 Tryphoni
3257 638 3455 691 solium
3489 638 3761 694 adimere-

2204 737 2311 783 tur.
2365 729 2571 785 Deinde
2636 731 2779 799 apud
2836 731 3203 796 patriarcham
3277 729 3564 783 insinuans
3638 747 3759 785 sese

2201 819 2578 874 fraudulenter
2613 837 2627 874 :
2666 838 2685 871 ι
2716 820 2901 885 Multa,
2950 821 3151 887 inquit,
3204 836 3238 875 ο
3281 820 3435 882 here,
3485 830 3675 875 contra
3706 830 3759 874 te

2199 911 2422 967 molitur
2472 912 2795 981 imperator.
2824 912 3023 965 Verum
3059 911 3175 981 ipse
3214 927 3338 966 cum
3384 911 3501 965 suis
3536 927 3754 966 causam

2199 1001 2252 1055 in
2280 1014 2333 1059 te
2364 1004 2605 1070 querelae
2625 1001 3140 1069 erituinationisque
3168 1003 3374 1056 nullam
3400 1003 3558 1056 aliaat
3605 1016 3760 1071 repe-

2197 1093 2421 1155 rientes.
2463 1093 2765 1147 litterarum
2817 1102 2868 1146 te
2901 1091 3090 1146 rudem
3127 1108 3248 1147 esse
3290 1092 3567 1160 dictitant.
3609 1093 3762 1158 Qua-

2196 1194 2418 1254 prepter
2474 1196 2623 1241 recte
2674 1186 2893 1248 feceris,
2944 1184 2993 1239 si
3047 1200 3145 1254 per
3204 1184 3620 1253 inscriptionem
3675 1184 3759 1237 tui

2197 1274 2433 1329 nominis
2461 1277 2605 1343 ipsos
2641 1276 2742 1330 hac
2767 1274 2837 1330 de
2878 1289 2935 1328 re
2968 1273 3238 1329 certiores
3277 1274 3495 1338 feceris,
3548 1288 3758 1341 oraque

2197 1373 2414 1419 tuorum
2448 1366 2895 1423 adversariorum
2944 1380 3006 1419 ea
3058 1365 3268 1419 ratione
3322 1364 3692 1418 obturaveris.
3733 1382 3751 1412 ι

2194 1455 2429 1511 Adhibet
2451 1456 2660 1511 homini
2683 1456 2841 1510 fidem
2868 1456 3197 1525 patriarcha,
3215 1464 3542 1524 sumptaque
3566 1454 3755 1508 charta

2196 1564 2354 1617 pura,
2381 1550 2435 1603 in
2462 1564 2567 1619 qua
2598 1549 2733 1603 nihil
2767 1550 3131 1618 perscriptum
3165 1558 3306 1613 erat,
3342 1549 3395 1601 in
3454 1558 3753 1614 conspectu

538 1621 614 1673 ὦν
647 1621 944 1691 ἀφίσταται
975 1627 1054 1695 τῷ
1102 1626 1415 1697 βουλομένῳ
1441 1627 1536 1681 τοῦ
1579 1629 1769 1698 θρόνου
1829 1647 2077 1701 παραχω-

2197 1640 2362 1696 totius
2375 1637 2567 1711 syhodi
2594 1641 2905 1709 hujusmodi
2931 1642 3095 1697 verba
3114 1639 3327 1694 suhscri
3338 1639 3442 1708 psit
3462 1658 3505 1691 ε(
3533 1638 3632 1707 Τι’)
3644 1637 3754 1706 pho

540 1713 667 1784 ρῶν.
724 1710 893 1780 Οὗτος
929 1721 959 1771 6
1013 1719 1217 1793 τρόπος
1264 1720 1336 1776 δι’
1380 1717 1441 1776 οὗ
1504 1723 1755 1779 καθεῖλον
1810 1724 1904 1779 τὸν
1947 1726 2077 1796 Τρύ-

2198 1747 2293 1797 per
2351 1731 2446 1786 Dei
2505 1732 2941 1787 misericordiam
3010 1730 3460 1801 archiepiscopus
3523 1730 3750 1797 Cpolis,

535 1823 707 1875 φωνα.
1648 1818 1655 1829 ⁸
2196 1817 2358 1874 Nova:
2387 1820 2592 1884 Roma,
2630 1821 2941 1889 patriarcha
2995 1820 3338 1875 universalis.
3367 1839 3384 1871 ι
3425 1818 3530 1874 Eas
3576 1818 3643 1871 ab
3693 1833 3751 1872 se

536 1904 869 1975 perscriptas
919 1906 1132 1965 litteras
1179 1908 1249 1964 ad
1302 1909 1691 1981 imperatorem
1767 1926 1932 1982 opera
1979 1912 2127 1967 illius
2154 1927 2324 1981 quem
2391 1915 2813 1981 protothronutn
2853 1916 2903 1984 (a
2943 1914 3073 1969 sede
3119 1912 3384 1984 principe)
3435 1917 3753 1978 nuncupant

536 2001 723 2063 ιι.ἰιιίι,
757 2005 955 2071 quibus
980 1986 1067 2059 ille
1094 2007 1333 2076 acceptis
1378 2008 1621 2063 chartam
1653 2009 1813 2063 aliam
1846 2008 2080 2064 necdum
2117 2009 2317 2063 litteris
2344 2021 2622 2064 exaratam
2660 2010 2904 2081 praefigit,
2940 2020 2997 2065 et
3038 2009 3091 2065 in
3119 2024 3183 2064 ea
3248 2010 3472 2063 neruine
3504 2004 3751 2077 Trypho-

535 2096 618 2147 nis
654 2094 1052 2151 abdicationem
1087 2099 1422 2166 perscribit:
1488 2102 1749 2156 nimirum
1812 2101 1971 2156 fateri
1999 2101 2349 2172 Tryphonem
2393 2117 2476 2167 se,
2529 2103 2675 2172 quod
2731 2102 2988 2173 indignus
3036 2109 3203 2165 esset,
3270 2101 3360 2155 alii
3430 2100 3498 2154 de
3546 2101 3751 2155 throno

530 2188 709 2242 cuivis
757 2190 979 2244 cedere.
1018 2187 1133 2244 Hoc
1187 2192 1349 2245 modo
1394 2191 1742 2264 Tryphonem
1799 2192 1921 2247 loco
1971 2203 2282 2247 moverunt.

603 2281 758 2334 Κατά
794 2281 1001 2343 ταύτας
1033 2280 1131 2342 τὰς
1161 2282 1375 2350 ἡμέρας
1394 2282 1452 2346 ἑξ
1488 2282 1783 2355 Ἀρμενίας
1828 2282 2087 2352 ὲςροίτησε

530 2374 693 2439 τέρας
724 2374 783 2426 ἐν
814 2374 879 2443 τῇ
910 2371 1290 2447 βασιλευούσῃ,
1347 2373 1536 2437 παῖδες
1565 2374 1796 2445 ἄρρενες
1821 2374 2088 2443 συμφυεῖς

531 2467 594 2518 ἐκ
650 2467 779 2536 μιᾶς
840 2464 1231 2530 προσελθόντες
1290 2468 1542 2537 γαστρός.
1603 2464 1982 2536 Ἐξηλάθησαν
2024 2463 2083 2516 δὲ

527 2560 623 2625 τῆς
643 2557 850 2616 πόλεως
872 2554 947 2616 ὦς
982 2554 1219 2622 πονηρὸς
1253 2556 1461 2619 οἰωνὸς,
1496 2556 1589 2609 ἐπὶ
1626 2556 1682 2608 δὲ
1737 2554 2085 2609 Κωνσταντί-

525 2661 615 2696 νου
651 2644 808 2697 πάλιν
835 2642 1107 2712 εἰσῆλθον.
1144 2643 1298 2696 Ἐπεὶ
1323 2643 1382 2696 δὲ
1420 2643 1621 2713 συνέϐη
1645 2641 1738 2695 τὸν
1767 2643 1863 2695 ἕνα
1897 2640 2085 2695 τελευ-

502 2738 710 2807 τῆσαι,
743 2735 1152 2807 ἐπειράσθησαν
1180 2737 1227 2788 oi
1282 2734 1672 2806 ἐμπειρότατοι
1728 2734 1836 2787 τῶν
1877 2734 2078 2802 ἰατρῶν

520 2830 582 2882 τὸ
612 2828 884 2899 νεκρωθὲν
911 2830 1209 2898 ἀποτεμεῖν
1244 2830 1439 2899 μέρος*
1466 2820 1528 2881 οὗ
1557 2826 1854 2899 τμηθέντος
1878 2825 1939 2880 τὸ
1970 2825 2076 2891 ζῶν

521 2924 881 2987 έπιδεδιωκδς
915 2923 1292 2995 ἐτελεύτησεν.

598 3191 662 3249 ’0
692 3193 878 3263 μέντοι
922 3191 1200 3261 Ῥωμανὶις
1238 3191 1702 3260 φρικωδεστάτοις
1741 3195 1924 3263 ὅρκοις
1941 3196 2076 3250 ἑαυ-

515 3287 607 3339 τὶν
637 3285 1059 3354 καταδεσμήσας
1090 3284 1165 3347 ὡς
1191 3284 1369 3351 φύλαξ
1422 3284 1519 3354 μὲν
1546 3286 1750 3340 basim
1804 3287 1901 3341 τοῦ
1937 3306 2074 3359 πορ-

518 3379 917 3447 φυρογεννήτον
948 3378 1388 3438 Κωνσταντίνου,
1415 3376 1699 3446 βασιλείας
1748 3378 1806 3432 δὲ
1857 3380 1959 3433 οὐκ
2005 3381 2072 3433 ἀν

519 3469 772 3538 ἐρασθείη
805 3468 961 3530 ποτὲ,
996 3469 1099 3521 οὐκ
1144 3468 1391 3538 ἐνέμεινε
1434 3468 1671 3534 τούτοις,
1702 3470 1840 3524 ἀλλά
1892 3471 2073 3525 πάντα

521 3560 654 3612 κατά
684 3558 852 3612 νῶτον
869 3557 1097 3626 θέμενος
1164 3558 1387 3629 βασιλέα
1441 3559 1635 3614 ἑαυτὸν
1681 3561 2070 3631 ἀνηγόρευσεν,

517 3647 636 3702 εἶτα
668 3651 760 3705 τὸν
794 3649 1332 3720 πορφυρογέννητον.
1368 3649 1564 3703 Ἔνθεν
1596 3668 1683 3705 τοι
1733 3653 1828 3704 καὶ
1866 3653 1897 3704 6
1940 3652 2075 3705 Ῥω-

519 3742 684 3810 μανὸς
733 3741 795 3794 τὸ
836 3741 989 3802 τέλος
1034 3740 1183 3804 ἀξιον
1223 3739 1455 3811 εὕρατοο.
1489 3741 1791 3809 κατάγεται
1821 3742 1930 3812 γὰρ
1971 3746 2074 3806 τῆς

514 3834 814 3903 βασιλείας,
889 3832 984 3885 καὶ
1030 3830 1123 3884 επὶ
1199 3829 1300 3900 τὴν
1369 3831 1538 3901 νῆσον
1606 3832 1841 3903 Πρώτην
1885 3832 2072 3899 ἀχθεὶς

515 3918 891 3994 ἀποκείρεται,
960 3922 1325 3992 δρουγγάριος
1396 3925 1662 3996 πρότερον
1719 3924 1828 3978 τῶν
1903 3923 2071 3977 πλωϊ-

516 4035 633 4088 μων
662 4016 757 4073 ὢν.

594 4199 657 4257 Ὀ
695 4200 879 4270 μέντοι
904 4198 1019 4261 uio;
1044 4197 1209 4251 αὐτοῦ
1244 4197 1338 4251 τοῦ
1391 4199 1622 4255 Λέοντος
1663 4198 2067 4259 Κωνσταντῖ·.ος

508 4293 539 4344 6
594 4289 1106 4359 πορφυρογένντβος
1171 4291 1449 4357 κρατήσας
1539 4288 1636 4354 ἔτη
1700 4287 1757 4345 ιδ’
1833 4286 2067 4349 ἀναξίως

2268 2282 2370 2338 Per
2396 2297 2494 2339 eos
2516 2284 2634 2341 dies
2662 2299 2729 2339 ex
2760 2282 3014 2337 Armenia
3048 2290 3353 2337 monstrum
3375 2282 3647 2352 quoddam
3677 2285 3747 2338 ad

2192 2375 2383 2430 urbem
2410 2376 2814 2445 imperatoriam
2844 2376 3018 2439 venit,
3052 2376 3161 2429 duo
3205 2374 3427 2430 masculi
3472 2391 3502 2429 a
3552 2385 3745 2431 natura

2189 2465 2548 2530 cohaerentes,
2581 2465 2672 2534 qui
2720 2481 2886 2520 unum
2935 2464 3097 2519 modo
3151 2476 3393 2520 ventrem
3449 2464 3742 2521 habebant.

2188 2553 2436 2625 Curaque
2475 2554 2625 2609 velut
2654 2544 2814 2608 omen
2858 2553 3156 2607 infaustum
3197 2552 3331 2605 urbe
3359 2561 3483 2616 ,tutn
3513 2552 3746 2606 fuissent

2180 2645 2367 2713 eiecti,
2407 2645 2510 2701 sub
2531 2644 2891 2700 Constantino
2920 2658 3109 2696 rursus
3150 2657 3269 2695 eam
3326 2640 3556 2709 ingrcssi
3593 2652 3740 2695 sunt.

2179 2734 2317 2790 Cum
2368 2746 2548 2789 autent
2608 2734 2901 2789 accidisset
2938 2742 2994 2788 ut
3031 2750 3173 2788 unus
3224 2733 3391 2787 vitam
3446 2732 3741 2796 amitteret,

2179 2825 2643 2896 experientissitni
2676 2826 2923 2896 quinque
2959 2826 3152 2879 medici
3200 2835 3412 2895 partem
3467 2833 3738 2878 mortuam

2181 2917 2500 2974 abscindere
2547 2919 2728 2973 conati
2759 2928 2886 2972 sunt
2916 2932 2945 2970 a
2978 2917 3142 2981 viva;
3175 2932 3283 2986 qua
3342 2924 3573 2981 reseCta,
3608 2930 3732 2969 cum

2101 3035 2145 3096 ο
2182 3008 2578 3078 aliquantulum
2605 3008 2783 3079 altera.
2806 3016 3087 3077 superstes
3122 3006 3334 3072 fuisset,
3380 3006 3494 3076 ipsa
3517 3019 3735 3074 quoque

2178 3100 2394 3154 vivendi
2438 3100 2597 3155 linem
2630 3100 2778 3154 fecit.

2220 3190 2511 3265 Caeterum
2567 3189 2778 3244 tametsi
2833 3189 3113 3244 Romanus
3163 3187 3452 3243 horrendis
3502 3188 3735 3240 maxime

2175 3280 2537 3338 sacramentis
2582 3296 2640 3335 se
2685 3281 2860 3349 ipsum
2914 3280 3310 3340 obstrinxerat.
3346 3278 3735 3348 pollicitusque

2173 3375 2351 3431 fuerat
2377 3372 2721 3428 Constantini
2758 3388 2817 3427 se
2846 3372 3231 3442 Purpttrigetne
3259 3370 3544 3425 custodem
3581 3368 3735 3423 futu-

2174 3480 2317 3530 rum,
2363 3477 2464 3518 nec
2525 3476 2766 3532 unquam
2815 3461 3105 3531 imperium
3159 3458 3569 3528 appetiturum,
3625 3471 3734 3509 non

2174 3566 2354 3610 tamen
2406 3555 2669 3624 promissa
2727 3553 3001 3624 praestitit.
3053 3551 3213 3622 302
3259 3549 3352 3605 sed
3408 3549 3733 3623 posthabitis

2171 3650 2429 3705 omnibus
2457 3651 2841 3719 imperatorem
2886 3664 2945 3703 se
2999 3646 3337 3702 renuntiavit
3400 3644 3727 3716 principem,

2172 3742 2548 3813 Purpurigena
2593 3740 2897 3796 secundum
2936 3738 3003 3795 ad
3047 3738 3226 3793 locum
3274 3737 3521 3793 detruso.
3582 3737 3729 3803 Qua-

2171 3844 2393 3904 propter
2420 3834 2643 3906 dignum
2694 3833 2850 3888 factis
2901 3833 3017 3887 suis
3064 3832 3271 3885 exitum
3310 3833 3518 3886 invenit
3552 3848 3566 3883 :
3599 3846 3724 3883 nam

2173 3926 2401 3994 imperio
2424 3927 2673 3995 dejectus
2700 3935 2755 3978 et
2784 3925 2839 3978 iu
2871 3924 3092 3977 Protatn
3144 3924 3373 3975 insulam
3412 3922 3765 4001 deportatus,

2173 4018 2404 4071 raditur.
2437 4016 2743 4085 Antequam
2781 4014 3012 4083 imperio
3057 4012 3350 4083 potiretur,
3410 4012 3488 4064 rei
3521 4011 3732 4064 navalis

2171 4107 2504 4176 Drungarius
2532 4107 2733 4162 fuerat.

2239 4201 2505 4271 Deinceps
2522 4198 2911 4255 Constantinus
2940 4200 3084 4255 tilius
3116 4198 3408 4269 imperavit
3440 4214 3611 4253 annos
3638 4198 3725 4263 14,

2170 4310 2335 4364 seque
2361 4296 2415 4349 in
2443 4294 2923 4349 administratione
2953 4310 3143 4364 parum
3189 4292 3349 4363 digne
3376 4291 3563 4360 gessit.
3590 4291 3723 4345 Nam

511 4382 658 4435 ῐθυνι
704 4382 804 4452 τὴν
859 4384 1054 4450 ἀρχὴνο
1096 4380 1295 4449 χαῦνός
1342 4396 1401 4432 τε
1456 4380 1563 4449 γὰρ
1610 4379 1883 4449 ἐφαίνετο,
1919 4378 2063 4431 οἴνου

2175 4388 2388 4442 mollem
2432 4402 2491 4447 se
2538 4385 2872 4450 declarabat.
2918 4384 3265 4442 tumulentize
3322 4365 3721 4448 deditus'erat,

505 4476 731 4543 ἥττητο,
793 4473 1122 4542 ἀσυμπαθὴς
1163 4475 1277 4535 τοῖς
1346 4473 1629 4525 πταίουσιν
1694 4467 1783 4542 ἦν,
1827 4470 2066 4542 χυδαίοις

507 4565 619 4617 τισὶ
647 4565 742 4625 τάς
772 4563 943 4634 ἀρχὰς
1004 4562 1381 4625 ὲνεπίστευσε,
1440 4564 1537 4631 τῆς
1602 4561 1847 4630 γαμετῆς
1899 4558 2061 4612 αὐτοῦ

521 4655 739 4726 ⁹ῐίλένης
766 4655 863 4708 καὶ
894 4654 1177 4708 Βασιλείου
1228 4655 1733 4725 παρακοιμωμένου
1760 4653 1859 4715 τὰς
1889 4655 1921 4705 ἀ
1932 4669 1960 4722 ρ
1968 4652 2064 4719 [ἀς

508 4748 703 4812 ὠνίους
734 4747 1269 4818 παρασκευαζόντων
1314 4750 1513 4802 ποιεῖν.
1565 4741 1737 4809 Οὗτος
1776 4748 1877 4815 μὲν
1920 4741 2012 4798 οὖν
2036 4746 2064 4797 ὀ

508 4842 786 4904 Βασίλειος
819 4843 883 4893 ὲκ
916 4840 1202 4908 παλλακῆς
1254 4842 1513 4908 γεννᾶται
1554 4838 1820 4909 Ῥωμανῷ
1848 4838 1925 4907 τῷ
1951 4839 2063 4891 Λα-

508 4933 759 5004 καπηνῷ,
806 4934 864 4985 ὃν
891 4932 953 5000 δὴ
984 4934 1077 4986 καὶ
1109 4932 1395 5003 πατρίκιον
1421 4930 1922 5001 Μρακοιμιῦμενον
1953 4929 2066 4981 ἐτί-

510 5041 682 5095 μησεν
714 5028 743 5078 6
769 5024 1079 5092 διαληφθεὶς
1100 5018 1255 5085 οὗτος
1290 5026 1721 5087 Κωνσταντῖνος,
1752 5023 1811 5086 ὃς
1862 5022 1926 5093 δὴ
1971 5022 2064 5075 καὶ

508 5117 761 5185 πράξεων
793 5115 1017 5184 ἀγαθῶν
1048 5116 1107 5169 οὐ
1144 5117 1497 5170 παντάπασιν
1546 5116 1773 5185 ἄμοιρος
1827 5110 1918 5185 ἦν·
1964 5115 2063 5177 τὰς

504 5209 608 5277 γὰρ
624 5207 952 5277 ἐπιστήμας,
965 5206 1355 5277 ἀριθμητικὴν,
1370 5207 1655 5275 μουσικὴν,
1672 5204 2059 5275 ἀστρονομίαν,

503 5298 851 5369 γεωμετρίαν
882 5299 976 5352 καὶ
1012 5298 1195 5351 πᾶσαν
1229 5298 1412 5358 ἁπλῶς
1448 5294 1787 5364 φιλοσοφίαν,
1840 5298 1903 5348 ἐκ
1958 5314 2063 5363 μα-

505 5391 638 5457 κροῦ
667 5392 861 5461 χρόνου
899 5393 964 5460 τῇ
1000 5389 1241 5460 ἁμαθείᾳ
1275 5390 1370 5442 καὶ
1392 5388 1621 5458 ἀμελείᾳ
1656 5390 1763 5441 τῶν
1795 5390 2061 5457 κρατούν-

501 5500 611 5533 των
646 5482 987 5546 ἀπολωλυίας
1034 5481 1215 5551 οἰκεία
1248 5479 1455 5550 σπουδῇ
1499 5482 1857 5551 ἀνεκτήσατο.
1888 5477 2060 5541 Οὗτος

2166 4479 2550 4548 delinquentes
2619 4478 2754 4532 citra
2838 4477 3371 4532 commiseratiouetn
3455 4476 3726 4531 tractabat

2163 4570 2396 4636 duriter,
2424 4570 2629 4640 plebeis
2654 4568 2982 4641 quibusdam
3031 4571 3382 4639 magistratus
3437 4567 3718 4632 credebat,

2162 4661 2531 4732 eum‘quidem
2556 4677 2692 4715 uxor
2719 4659 2921 4716 Helena
2945 4660 3287 4730 Basiliusque
3348 4660 3723 4714 cubicularius

2163 4753 2305 4820 apud
2344 4753 2521 4823 ipsum
2564 4753 2843 4807 ctlicerent
2878 4762 2937 4807 ut
2983 4752 3195 4821 publica
3247 4768 3473 4805 munera
3511 4752 3723 4807 venalia

2165 4841 2379 4895 fierent.
2437 4841 2691 4903 llasiliutn
2750 4853 2930 4896 autem
2963 4840 3114 4895 illum
3160 4842 3403 4895 Romano
3438 4840 3725 4909 Lacapeno

2161 4949 2227 4987 ex
2256 4934 2562 4988 concubina
2595 4943 2781 4986 natum
2833 4933 3229 4988 Constantinus
3270 4933 3487 5001 patricii
3538 4941 3593 4986 et
3627 4947 3726 4987 cu-

2162 5024 2414 5079 bicularii
2450 5022 2713 5094 dignitate
2741 5032 3047 5078 ornaverat.
3081 5023 3211 5077 Erat
3243 5033 3423 5078 tamen
3453 5021 3722 5078 Conslan-

2162 5119 2310 5171 tinus
2334 5116 2424 5170 hic
2478 5131 2585 5170 non
2637 5132 2863 5179 prorsus
2898 5131 3098 5186 expers
3132 5116 3519 5184 praeclarorum
3583 5114 3721 5168 fati-

2160 5222 2380 5261 norum.
2414 5206 2745 5275 Disciplinas
2781 5208 2950 5268 enim,
2987 5207 3243 5262 videlicet
3287 5205 3712 5264 arithmeticam,

2160 5298 2448 5361 musicam,
2477 5300 2890 5362 astronomiam,
2920 5298 3276 5367 geometriam
3322 5307 3382 5351 et
3408 5296 3718 5349 universam

2157 5390 2480 5459 simpliciter
2514 5388 2931 5459 philosophiam,
2967 5382 3088 5459 qua}.
3136 5386 3321 5441 multis
3371 5385 3529 5438 anuis
3554 5398 3719 5449 smn--

2158 5480 2366 5535 riorutn
2420 5481 2812 5551 imperatorum
2862 5480 3079 5535 inscitia
3131 5474 3568 5546 negligentiaque
3626 5490 3721 5543 pc.

500 5578 529 5625 ὀ
568 5575 979 5635 Κωνσταντίνος
1009 5571 1087 5644 τῷ
1133 5570 1233 5642 υἱῷ
1264 5568 1429 5624 αὑτοῦ
1489 5569 1752 5639 Ῥωμανῷ
1783 5569 2057 5638 νυμφεύε-

2175 5571 2382 5635 'icrant,
2420 5571 2603 5626 studio
2658 5586 2760 5625 suo
2794 5570 3049 5625 restituit.
3106 5567 3245 5622 Filio
3302 5579 3403 5618 suo
3448 5563 3712 5623 llomano,

503 5680 588 5719 ται
630 5668 861 5738 γυναῖκα
904 5665 1182 5739 δευτέραν,
1225 5664 1320 5719 an
1352 5664 1446 5734 τῆς
1484 5661 1708 5737 πρώτης
1753 5660 2083 5721 ἀποθανούμ.

2161 5664 2390 5738 conjuge
2426 5665 2606 5736 priore
2638 5675 2877 5732 mortua,
2899 5662 3047 5719 dcdit
3086 5661 3336 5725 alteram,
3370 5671 3477 5713 non
3511 5656 3711 5716 illustri
