4154 6200
414 229 513 288 567
1673 231 1727 291 Μ
1740 230 1999 290 ICHAEI

2128 226 2385 290 oues
3205 208 3215 221 '
3524 232 3635 294 εδδ

414 340 679 394 adversus
694 339 988 396 Cretenses
1006 340 1310 397 Saracenos
1337 357 1460 397 eum
1486 341 1659 412 copiis
1682 343 1973 413 ablegavit.

2100 340 2142 411 ῖὴ
2196 341 2305 394 τῶν
2352 344 2411 395 εν
2469 343 2662 415 Κρήτῃ
2721 343 3053 415 Σαρακηνῶν
3104 341 3380 408 ἐκπέμπει
3409 358 3420 370 ’
3454 343 3546 395 καὶ
3581 345 3638 407 δς

410 429 753 490 Nicephorus
775 432 961 487 multis
984 432 1149 487 rebus
1172 432 1448 495 iudicatis,
1473 433 1726 503 pluribus
1745 434 1974 489 consilio

411 536 514 576 suo
543 522 957 583 administratis,
990 538 1116 578 cum
1164 535 1530 596 expugnatam
1576 526 1807 580 insulam
1854 536 1979 581 tan-

415 620 527 665 tum
572 627 682 666 non
733 613 848 667 suis
884 612 936 667 in
973 614 1228 669 manibus
1259 615 1511 682 haberet,
1553 618 1783 673 ulterius
1822 618 1875 672 in
1911 632 1974 673 ea

412 702 709 770 subigenda
744 702 1131 775 domandaque
1163 722 1562 778 progressurus
1605 720 1745 765 erat.
1775 710 1979 766 Verum

411 793 556 863 quod
591 794 869 849 Obtineret
900 795 1040 850 fama
1083 796 1333 853 futurum
1386 808 1447 854 ut
1483 800 1648 856 homo
1678 803 1976 868 Romanus,

411 889 506 957 qui
538 903 657 942 eam
692 898 1039 959 occupasset,
1076 891 1227 948 haud
1268 892 1432 950 dubie
1473 895 1845 951 Romanorum
1879 897 1982 952 im-

412 980 567 1046 perio
603 966 891 1050 potiretur,
925 984 1111 1037 statim
1139 987 1499 1055 occupatione
1525 988 1718 1044 insulae
1740 991 1978 1060 cognita,

409 1071 650 1141 Josepho
683 1083 940 1129 monente
977 1076 1124 1131 misit
1151 1076 1452 1147 imperator
1482 1082 1573 1150 qui
1612 1082 1983 1151 Nicephorum

416 1162 549 1216 inde
598 1175 947 1221 revocarent.
980 1166 1136 1222 Tunc
1178 1179 1238 1225 et
1282 1170 1394 1226 Leo
1424 1172 1657 1245 Phocas,
1691 1173 1985 1245 Nicephori

413 1251 609 1316 frater,
657 1253 726 1307 ab
767 1254 1104 1324 imperatore
1134 1272 1326 1313 versus
1376 1260 1648 1317 orientem
1703 1264 1987 1336 ablegatus

413 1350 517 1395 est.
556 1344 603 1397 ls
644 1352 794 1399 tanto
832 1360 956 1400 cum
997 1348 1199 1418 impetu
1228 1348 1530 1406 Saracenos
1564 1353 1763 1408 invasit
1788 1371 1851 1408 ac
1891 1370 1987 1409 ve-

416 1434 586 1498 xavit,
621 1445 839 1507 tamque
874 1439 1133 1506 praeclara
1170 1441 1222 1494 iu
1249 1440 1398 1511 ipsus
1432 1443 1674 1500 facinora
1707 1446 1902 1510 edidit,
1932 1456 1991 1502 ut

420 1542 490 1581 ne
546 1528 726 1583 verbis
773 1530 996 1597 quidem
1030 1547 1094 1585 ea
1144 1534 1277 1588 satis
1319 1537 1514 1604 exponi
1566 1536 1814 1606 possint;
1866 1555 1991 1593 nam

419 1616 686 1671 orientem
719 1633 891 1689 prope
933 1622 1261 1677 universum.
1295 1623 1350 1678 in
1397 1634 1720 1693 potestatem
1758 1629 1988 1699 redegit.

420 1712 765 1781 Quapropter
798 1714 1100 1783 imperator
1138 1716 1416 1772 hominem
1452 1718 1713 1792 deinceps
1756 1722 1992 1778 redeuno

421 1813 528 1857 tem
568 1805 853 1872 splendido
878 1798 1001 1863 eum
1032 1809 1310 1879 triumpho
1334 1813 1568 1883 excepit.

489 1891 594 1950 Per
620 1896 761 1952 idem
806 1908 1020 1970 tempus
1051 1902 1135 1956 vir
1165 1903 1382 1970 quidam
1426 1906 1639 1961 exstitit
1687 1905 1993 1966 Pbiloraeus

420 1988 660 2055 nomine,
698 1993 929 2061 stipator
978 1994 1208 2050 Romani
1241 1995 1459 2053 Moselis
1501 1997 1767 2069 magistri,
1800 2015 1831 2054 a
1860 2000 1980 2055 Ro-

424 2096 590 2135 mano
618 2084 839 2139 seniore
872 2086 1146 2156 prognati.
1182 2086 1231 2142 Is
1256 2098 1409 2144 veste
1444 2090 1683 2161 stragula
1710 2090 1762 2145 iu
1786 2107 1988 2162 equum

421 2172 834 2229 velocissimum
864 2176 1062 2245 injecta
1096 2186 1279 2232 rectus
1320 2178 1373 2232 in
1399 2193 1463 2234 ea
1491 2180 1691 2245 stabat,
1726 2193 1871 2251 equo
1908 2183 1996 2238 in-

428 2265 587 2318 terim
649 2265 778 2320 totis
821 2265 1034 2321 viribus
1078 2281 1376 2332 currente,
1429 2278 1595 2339 atque
1648 2271 1721 2325 ita
1770 2271 1994 2328 Circum

425 2366 731 2426 equestrem
765 2373 981 2414 sursum
1006 2358 1375 2432 deorsumque
1397 2362 1607 2418 obibat.
1636 2363 1792 2420 Tunc
1818 2373 1874 2419 et
1904 2381 1997 2436 pe-

425 2449 527 2502 stis
557 2448 646 2502 illa
680 2447 747 2504 de
781 2449 994 2520 integro
1029 2451 1221 2507 saevire
1280 2452 1446 2522 coepit
1475 2469 1539 2510 ac
1578 2454 1743 2511 boves
1786 2456 1997 2511 exstin-

425 2554 616 2608 guere,
646 2555 767 2611 qua:
791 2539 966 2598 Craba
1000 2554 1373 2614 nuncupatur.
1406 2544 1538 2600 Eam
1571 2546 1867 2616 perhibent
1892 2547 1999 2603 ini—

426 2630 566 2685 tium
611 2630 870 2688 habuisse
900 2633 1001 2688 sub
1033 2634 1265 2691 Romani
1300 2637 1539 2692 senioris
1574 2638 1824 2709 imperio.
1859 2638 1996 2695 Cum

426 2722 577 2777 enim
629 2722 876 2791 proxime
919 2724 1053 2779 Boni
1097 2726 1391 2782 cisternam
1427 2728 1707 2784 Romanus
1734 2729 1995 2800 palatium

426 2813 711 2879 conderet,
750 2815 804 2870 iu
836 2832 945 2887 quo
980 2832 1039 2873 se
1071 2818 1140 2873 ab
1170 2820 1366 2875 ardore
1393 2820 1525 2877 Solis
1554 2824 1742 2877 aestivo
1776 2824 1998 2896 refrigeo

432 2914 601 2985 raret.
632 2906 761 2961 dum
791 2907 1142 2965 fundamenta
1169 2912 1472 2983 jaciuntur,
1520 2914 1780 2971 effossum
1815 2916 1998 2973 ferunt

2077 433 2246 488 πολλὰ
2284 434 2382 505 μὲν
2436 435 2606 488 εἰπὼν
2654 435 2826 491 πλείω
2882 436 2937 489 δὲ
2985 436 3371 504 οἰκονομήσας.
3418 437 3512 489 καὶ
3542 437 3640 507 τὴν

2075 527 2237 596 νῆσον
2284 527 2456 599 αὐτὴν
2489 528 2796 597 πολιορκῶν
2848 529 2945 581 καὶ
3000 528 3080 590 είς
3126 528 3313 597 χεῖρας
3354 525 3455 596 ἤδη
3503 528 3643 595 ἔχων

2076 618 2301 686 ἔμελλεν
2332 618 2399 673 ἂν
2437 610 2531 673 ἰπὶ
2586 618 2751 674 πλέον
2774 620 2947 687 αὐτὴν
2977 616 3391 679 καταδουλῶσαι
3438 634 3498 669 τε
3547 618 3642 671 καὶ

2076 710 2614 782 καταχειρώσασθαι.
2648 712 2844 781 Φήμης
2886 710 2945 764 δὲ
2990 708 3302 783 κρατούσης
3341 709 3423 761 ὅτι
3468 708 3498 762 ὁ
3542 726 3643 764 κα·

2080 801 2301 871 τασχὼν
2354 801 2524 871 αὐτὴν
2571 801 2840 873 Ῥωμαῖος
2901 804 2961 869 ἐξ
3031 803 3283 871 ἀνάγκης
3337 801 3644 872 βασιλεύσει

2090 893 2407 964 Ῥωμαίων,
2451 893 2569 964 ἅμα
2598 894 2676 965 τῷ
2712 893 3022 964 γνωσθῆναι
3073 894 3172 963 τὴν
3213 892 3309 959 τῆς
3358 894 3522 964 νήσου
3550 911 3647 947 καο

2080 985 2361 1055 τάσχεσιν.
2403 988 2524 1048 ταῖς
2567 983 2663 1038 τοῦ
2700 984 2900 1055 Ἰωσὴφ
2933 984 3233 1056 ὑποθήκαις
3264 985 3591 1048 ἀποστείλας
3619 986 3648 1039 δ

2095 1074 2372 1147 Ῥωμανδς
2436 1076 2529 1131 τδν
2579 1075 2894 1148 Νικηφόρον
2949 1075 3158 1157 ἐκεῖθεν
3228 1076 3644 1146 μετεκαλέσατο.

2084 1166 2403 1237 Τηνικαῦτα
2455 1170 2551 1224 καὶ
2612 1169 2818 1223 Λέοντα
2847 1169 3042 1223 Φωκᾶν
3070 1168 3164 1222 τὸν
3208 1168 3303 1222 τοῦ
3330 1168 3645 1237 Νικηφόρον

2085 1261 2313 1330 ἀδελφὸν
2358 1259 2740 1326 ἐξαπέστειλεν
2789 1261 2872 1323 είς
2912 1259 3202 1330 ἀνατολὴν,
3242 1259 3334 1312 καὶ
3364 1259 3423 1321 ὃς
3456 1257 3650 1312 τοσαύ-

2088 1371 2188 1421 την
2237 1352 2589 1424 καταδρομὴν
2653 1352 2950 1421 ἐποιήσατο
3004 1352 3113 1405 τῶν
3171 1350 3504 1423 Σαρακηνῶν
3556 1352 3650 1408 καὶ

2088 1445 2357 1507 τοσαύτας
2391 1444 2671 1515 ἀριστείας
2718 1442 2835 1497 κατ’
2866 1444 3087 1497 ἐκείνων
3124 1441 3356 1512 ἔστησεν
3394 1443 3469 1505 ὡς
3519 1441 3651 1512 μηδὲ

2090 1536 2233 1603 λόγῳ
2274 1535 2535 1591 δύνασθαι
2588 1537 2791 1599 ταύτας
2841 1535 3116 1589 διαλαϐεῖν
3142 1547 3159 1563 ⁸
3202 1536 3387 1587 πᾶσαν
3419 1534 3527 1604 γὰρ
3556 1533 3652 1605 τὴν

2095 1628 2359 1698 ἀνατολὴν
2389 1628 2574 1699 σχεδὸν
2599 1627 2952 1698 ἐχειρώσατο.
2982 1628 3098 1697 Ἐφ’
3121 1623 3165 1698 ᾧ
3182 1628 3274 1682 καὶ
3298 1626 3436 1698 μετὰ
3458 1626 3656 1699 θριάμο

2100 1718 2197 1772 σου
2225 1718 2481 1792 λαμπροῦ
2511 1722 2539 1774 6
2571 1720 2827 1791 βασιλεὺς
2874 1720 3037 1775 αὑτὸν
3076 1719 3422 1791 ὕποδέχεται.

2166 1899 2323 1954 Κατὰ
2363 1898 2567 1964 ταύτας
2604 1900 2663 1953 δὲ
2716 1900 2815 1965 τὰς
2870 1898 3087 1971 ἡμέρας
3132 1899 3274 1970 ἀνήρ
3304 1916 3387 1962 τις
3416 1899 3655 1969 ἀνεφάνη

2092 1992 2390 2062 Φιλώραιος
2446 1993 2817 2062 καλούμενος,
2877 1991 3224 2063 ὑπασπιστὴς
3261 1991 3338 2045 ὢν
3376 1992 3657 2062 Ῥωμανοΰ

2098 2086 2397 2157 μαγίστρου
2433 2086 2526 2140 τοῦ
2558 2086 2793 2156 Μωσηλὲ
2846 2085 2941 2139 τοῦ
2978 2088 3200 2154 ἑγγόνου
3254 2084 3538 2155 Ῥωμανοῦ
3566 2084 3657 2137 τοῦ

2095 2179 2381 2250 γέροντος.
2411 2172 2581 2241 Οὗτος
2628 2178 2836 2234 ἄνωθεν
2869 2180 3039 2232 ἵππου
3093 2178 3373 2233 ὠκυτάτου
3429 2178 3521 2230 ἐπὶ
3563 2177 3659 2242 τῆς

2095 2271 2407 2343 ὲφεστρίδος
2447 2272 2729 2341 ἱστάμενος
2771 2270 2980 2339 ὄρθιος,
3014 2269 3107 2323 τοῦ
3157 2272 3328 2324 ἵππου
3379 2269 3659 2340 τρέχοντος

2098 2362 2222 2416 ὅσον
2253 2361 2507 2432 ἠδύνατο,
2549 2362 2693 2415 κατὰ
2722 2362 2822 2430 τὴν
2864 2360 3230 2433 ἱπποδρομίαν
3255 2361 3366 2415 am
3392 2362 3488 2414 καὶ
3513 2360 3666 2414 κάτω

2096 2452 2342 2522 ἐφέρετο.
2375 2451 2509 2505 Τότε
2539 2450 2625 2523 δὴ,
2659 2454 2778 2503 τότε
2808 2452 2901 2506 καὶ
2933 2451 2993 2504 τὸ
3024 2451 3271 2520 λοιμικὸν
3296 2451 3529 2503 ἐπέδωκε
3564 2450 3667 2502 πά-

2098 2544 2211 2609 θος,
2264 2544 2417 2598 ἐπιόν
2447 2560 2508 2597 τε
2561 2543 2720 2606 αὖθις
2771 2543 2865 2597 καὶ
2908 2542 3223 2611 διαφθεῖρον
3276 2541 3403 2605 τοὶς
3458 2540 3665 2611 βόαςοδ

2096 2635 2287 2708 Κράσα
2310 2637 2757 2706 κατονομάζεται.
2792 2634 3007 2695 Φασὶδὲ
3037 2634 3135 2705 τὴν
3167 2635 3342 2706 ἀρχὴν
3366 2637 3527 2687 τοῦτο
3570 2635 3666 2688 λα-

2099 2728 2215 2781 ϐεῖν
2254 2727 2349 2781 ἐπὶ
2411 2727 2520 2781 τῶν
2584 2726 2811 2798 ήμερῶν
2874 2727 3153 2796 Ῥωμανοῦ
3215 2725 3309 2778 τοῦ
3385 2727 3661 2796 γέροντος.

2103 2820 2370 2889 Ἔγγιστα
2388 2822 2497 2889 γὰρ
2529 2818 2628 2889 τῆς
2650 2819 2813 2872 Βόνου
2838 2819 3157 2889 κινστέρνης
3174 2817 3454 2890 ἀναψυχήν
3480 2818 3660 2886 ἑαυτῷ

2099 2914 2197 2982 τῆς
2224 2911 2440 2984 θερινῆς
2475 2909 2683 2980 θέρμης
2714 2910 2975 2964 παλάτιον
3004 2909 3098 2963 τοῦ
3141 2908 3423 2979 Ῥωμανού
3452 2908 3664 2977 ἀνατεί-

432 2998 589 3053 bovis
619 2992 1123 3072 marmorei'caput,
1147 3003 1293 3074 quod
1320 3004 1357 3059 ii
1379 3004 1473 3076 qui
1504 3016 1843 3076 repererant,
1871 3023 1999 3062 con-

2109 3021 2320 3075 ραντος,
2363 3003 2458 3057 καὶ
2508 3002 2619 3056 τῶν
2675 3001 2944 3071 θεμελίων
2995 3001 3512 3069 καταϐαλλομένων,
3547 3002 3663 3072 βοᾶς

435 3090 669 3144 fractum
699 3095 1057 3165 attritumque
1091 3096 1378 3151 calcariam
1420 3099 1473 3152 in
1506 3098 1785 3154 fornacem
1807 3100 2001 3169 c‘uuje-

433 3183 629 3237 cerint.
667 3183 742 3238 Ex
782 3201 847 3240 eo
877 3195 1120 3258 tempore
1157 3189 1209 3243 in
1260 3189 1409 3245 hunc
1456 3206 1631 3261 usque
1662 3192 1805 3247 diem
1836 3191 2005 3262 pestis

432 3288 678 3333 armenta
717 3278 880 3332 boum
916 3296 1013 3349 per
1038 3283 1326 3338 universos
1358 3281 1572 3353 imperii
1604 3283 1837 3338 Romani
1868 3283 2005 3339 linea

438 3369 699 3425 infestare
734 3388 1013 3443 nunquam
1044 3373 1228 3429 desiit.

504 3640 846 3711 Nicephorus
867 3652 1047 3697 autem
1080 3644 1315 3713 Phocas,
1347 3647 1427 3702 uti
1460 3647 1717 3714 diximus,
1741 3648 1827 3706 sic
1846 3649 2007 3707 Creta

429 3735 617 3807 jussus
654 3746 738 3791 est
773 3735 1059 3805 decedere,
1101 3747 1163 3793 ut
1192 3738 1320 3794 inde
1368 3740 1437 3795 ad
1469 3741 1878 3815 imperatoriam
1916 3758 2009 3797 ur-

437 3832 565 3882 bem
600 3829 865 3884 redeundi
898 3840 1139 3900 potestas
1161 3832 1212 3888 ei
1247 3850 1353 3889 non
1374 3834 1549 3899 ﬁeret,
1573 3836 1667 3891 sed
1691 3837 2004 3893 mandatum

434 3930 517 3971 est
547 3928 610 3972 ut
649 3932 775 3973 cum
807 3920 1067 3977 omnibus
1096 3921 1274 3993 copiis
1316 3923 1371 3979 in
1412 3926 1685 3981 orientem
1732 3927 2010 3999 trajiceret

433 4021 660 4081 prOpter
686 4013 1099 4084 Apochaudam,
1145 4017 1239 4087 qui
1272 4028 1447 4073 semet
1490 4018 1559 4073 ab
1586 4029 1809 4089 accepta
1854 4017 2010 4075 clade

435 4104 609 4171 magis
635 4119 697 4158 ac
741 4105 912 4173 magis
951 4105 1321 4178 recolligebat.
1350 4106 1539 4179 Itaque
1567 4109 1781 4165 Phocas
1807 4116 2008 4166 iterum

434 4194 594 4264 305
630 4195 838 4267 Syriam
875 4211 1072 4253 versus
1114 4199 1298 4271 ductis
1342 4202 1540 4271 cepiis,
1572 4202 1782 4271 ingenti
1829 4209 2009 4272 strage

2106 3113 2270 3166 φασιν
2297 3093 2589 3166 εὑρεθῆναι
2622 3093 2970 3165 μαρμαρίνου
3022 3093 3287 3162 κεφαλὴν,
3317 3092 3664 3164 ήνιεύρδντις

2107 3189 2204 3241 καὶ
2233 3186 2626 3256 συντρίψαντες
2656 3187 2735 3250 είς
2770 3185 2872 3256 τήν
2898 3185 2995 3238 τοῦ
3030 3183 3246 3238 τιτάνου
3280 3185 3510 3255 κάμινον
3540 3184 3668 3254 βάλ-

2103 3278 2307 3331 λουσιν.
2344 3274 2433 3341 Ἐξ
2479 3274 2690 3328 ἐκείνου
2723 3274 2778 3327 δὲ
2821 3274 2914 3329 καὶ
2956 3273 3121 3345 μέχρι
3151 3274 3261 3327 τῶν
3305 3274 3431 3343 τῇδε
3462 3272 3668 3343 χρόνων

2105 3369 2207 3422 οὐκ
2243 3367 2521 3420 επαύσατο
2579 3364 2856 3437 πανταχοῦ
2912 3365 3011 3430 τῆς
3071 3364 3196 3435 γῆς,
3231 3365 3437 3435 ὁπόσην
3474 3368 3507 3435 ὴ
3560 3364 3668 3417 τῶν

2118 3458 2403 3525 Ῥωμαίων
2434 3456 2681 3529 περιέχει
2702 3456 3013 3523 δυναστεία,
3038 3454 3109 3509 τά
3130 3456 3239 3509 τῶν
3265 3455 3404 3527 βοῶν
3429 3454 3673 3525 διαφθεί-

2111 3552 2298 3624 ρεσθαι
2339 3550 2494 3621 γένη.

2185 3641 2249 3699 '0
2279 3643 2463 3713 μέντοι
2495 3642 2691 3703 Φῶκας
2741 3640 3056 3710 Νικηφόρος
3081 3676 3097 3703 ,
3127 3640 3203 3704 ὡς
3252 3638 3562 3710 ἔμπροσθεν
3588 3638 3668 3692 εί-

2112 3746 2299 3810 ρηται,
2335 3734 2704 3807 προσταχθεὶς
2726 3734 2834 3788 ἀπὸ
2861 3732 3087 3804 Κρήτης
3117 3733 3434 3786 ἐπανελθεῖν
3454 3734 3515 3787 οὗ
3545 3750 3639 3786 συν
3662 3762 3671 3771 ε

2108 3827 2368 3902 εχωρήθη
2409 3829 2545 3898 πρός
2577 3842 2641 3895 γε
2674 3826 2773 3898 τήν
2802 3824 3199 3897 βασιλεύουσαν
3238 3824 3528 3889 εἰσελθεῖν,
3559 3823 3671 3879 ἀλλ’

2107 3927 2165 3981 tv
2190 3927 2257 3997 τῇ
2291 3922 2525 3993 ἀνατολῇ
2556 3919 2855 3992 ἐκελεύσθη
2898 3916 3310 3989 παραγενέσθαι
3347 3918 3489 3987 μετὰ
3538 3931 3673 3970 πανο

2106 4024 2198 4088 τὸς
2251 4021 2347 4077 τοῦ
2393 4019 2629 4091 στρατοῦ
2701 4017 2789 4073 διὰ
2829 4017 2919 4071 τὸν
2970 4014 3307 4085 ’Δποχαυδᾶν
3355 4013 3676 4083 καὶμᾶλλον

2108 4113 2209 4184 τὴν
2263 4111 2457 4168 ἑαυτοῦ
2520 4107 2691 4184 ἧτταν
2738 4108 2924 4179 ὥσπερ
2982 4105 3447 4176 ἀνακαλούμενον.
3507 4105 3676 4159 Πάλιν

2110 4198 2205 4258 οὖν
2237 4202 2379 4257 κατὰ
2408 4201 2608 4272 Συρίας
2637 4199 2889 4270 ὁρμήσας
2918 4197 2947 4249 ὁ
2974 4195 3167 4253 Φωκᾶς
3204 4194 3347 4248 κατὰ
3375 4194 3581 4265 κράτος
3617 4208 3675 4244 τε

433 4289 634 4341 atleetu
663 4308 690 4340 ιι
724 4288 1113 4357 Apochaudam
1145 4297 1447 4360 superavit,
1488 4308 1849 4364 magnamque
1877 4309 1999 4363 pra:-

2112 4296 2276 4351 αὐτδν
2300 4294 2503 4368 ἥττησε
2524 4336 2538 4358 ,
2571 4293 2667 4348 καὶ
2698 4293 2853 4347 λείαν
2906 4289 3110 4360 πολλὴν
3158 4288 3371 4343 ἐκεῖθεν
3404 4287 3676 4355 ἀφείλετο,

440 4378 564 4433 dam
597 4396 783 4435 secum
827 4380 955 4437 inde
988 4382 1235 4451 abstulit,
1265 4386 1518 4455 plurimis
1549 4386 1714 4441 etiam
1743 4385 2010 4443 Christia-

440 4473 550 4537 nis,
586 4474 680 4541 qui
708 4475 909 4544 captivi
946 4476 1352 4544 detinebantur,
1380 4478 1649 4534 liberatis.

510 4565 823 4621 Secundum
873 4567 989 4623 haec
1033 4569 1315 4624 Romanus
1348 4570 1649 4640 imperatur
1678 4581 1888 4627 naturae
1918 4571 2015 4627 de-

440 4652 619 4709 bitum
651 4656 942 4726 persolvit,
983 4674 1157 4713 annos
1189 4658 1260 4713 24
1306 4669 1489 4716 natus.
1531 4659 1930 4718 Successerunt
1959 4659 2013 4715 in

439 4746 673 4815 imperio
702 4748 938 4805 Basilius
976 4757 1033 4803 et
1078 4748 1476 4806 Constantinus
1506 4751 1741 4809 Romani
1788 4752 1924 4816 lilii,
1961 4758 2018 4806 et

440 4854 566 4892 cum
631 4849 806 4894 matre
857 4838 1272 4910 Theophauone
1319 4842 1567 4914 quinque
1622 4843 2015 4915 prapemodum

445 4930 727 4985 mensibus
745 4947 812 4987 eo
846 4931 1003 5001 potiti
1035 4941 1184 4986 sunt.
1210 4933 1421 4990 Phocas
1449 4944 1630 4991 autem
1655 4937 2019 5006 imperatricis

445 5026 603 5096 jussu
628 5024 839 5094 Cpolim
870 5023 976 5079 hoc
998 5033 1242 5095 tempore
1273 5026 1551 5097 ingressus
1571 5034 1673 5092 est,
1703 5043 2016 5097 quanquam

446 5116 740 5186 Josephus,
787 5115 880 5187 qui
930 5115 1233 5187 principem
1283 5120 1424 5189 apud
1458 5119 1814 5188 imperatores
1839 5118 2017 5177 locum

452 5208 755 5273 obtinebat,
790 5224 857 5263 ne
890 5207 945 5263 id
985 5207 1142 5263 ﬂeret
1165 5209 1325 5265 enixe
1348 5210 1589 5266 vetabat.
1610 5210 1669 5265 in
1704 5210 1893 5266 urbem
1924 5211 2019 5268 ubi

449 5303 711 5366 venisset,
736 5300 802 5355 ad
830 5301 1212 5373 Josephum'se
1240 5302 1551 5359 clanculum
1582 5302 1821 5368 confert,
1854 5305 2020 5376 eique

452 5407 660 5451 vestem
694 5411 761 5448 ex
807 5395 934 5464 pilis
980 5405 1318 5457 contextam,
1351 5410 1457 5465 qua
1512 5395 1747 5452 interius
1795 5397 2020 5455 indutus

449 5497 591 5549 erat,
620 5478 885 5553 ostendit;
918 5486 1194 5557 simulque
1227 5486 1390 5542 ﬁdem
1415 5487 1465 5542 ei
1492 5496 1698 5543 certam
1723 5487 1851 5545 facit
1877 5491 2021 5561 jam-

456 5579 664 5633 dudum
698 5595 759 5635 se
794 5581 954 5636 lazccs
992 5591 1048 5636 et
1083 5579 1415 5650 quisquilias
1446 5580 1611 5651 hujus
1639 5581 1765 5636 vitat
1796 5584 2021 5638 relictuo

464 5682 585 5722 rum
618 5668 785 5726 fuisse
820 5681 1046 5742 propter
1072 5684 1318 5726 amorem
1344 5670 1604 5728 solitaria:
1640 5672 1783 5737 vitm,
1818 5671 1872 5727 ui
1905 5681 2021 5728 stu-

2033 4347 2088 4409 D

2112 4390 2205 4445 καὶ
2242 4388 2353 4443 τῶν
2398 4385 2759 4459 αἰχμαλώτων
2802 4381 3148 4456 ηλευθέρωσε
3206 4381 3551 4452 Χριστιανῶν
3598 4381 3679 4433 ὅτι

2114 4481 2363 4546 πολλούς.

2195 4572 2320 4627 Ἐπὶ
2352 4571 2567 4635 τούτοις
2596 4570 2625 4624 ὁ
2657 4567 2908 4640 βασιλεὺς
2938 4566 3165 4635 τελευτᾷ
3208 4563 3515 4631 Ῥωμανδς,
3547 4558 3680 4614 ἑτῶν

2113 4663 2217 4730 κδ’,
2246 4662 2341 4716 καὶ
2369 4660 2708 4731 διαδέχονται
2741 4656 2840 4728 τὴν
2886 4655 3052 4712 αὐτοῦ
3086 4653 3367 4726 βασιλείαν
3401 4652 3682 4713 Βασίλειος

2074 4816 2077 4817 ν
2114 4757 2211 4811 καὶ
2240 4755 2648 4817 Κωνσταντῖνος
2682 4751 2732 4806 oi
2764 4753 2952 4815 παῖδες
2984 4748 3149 4804 αὑτοῦ
3185 4746 3283 4801 σὺν
3316 4744 3588 4814 Θεοφανοί
3613 4744 3680 4812 τῇ

2118 4845 2291 4916 μητρὶ
2337 4844 2540 4909 αὐτῶν,
2573 4843 2673 4897 καὶ
2703 4842 2999 4912 κρατοῦσιν
3039 4839 3176 4894 ὡσεὶ
3210 4838 3389 4910 μῆνας
3412 4835 3475 4891 ε’.
3518 4836 3579 4890 '0
3627 4835 3684 4889 δὲ

2115 4938 2311 5001 Φωιιᾶς
2364 4936 2679 5007 εἰσέρχεται
2715 4938 2775 4989 tv
2824 4930 3394 4989 Κωνσταντινουπόλει
3439 4928 3686 4982 κελεύσει

2118 5027 2220 5098 τῆς
2250 5026 2595 5100 βασιλίσσης,
2634 5026 2685 5078 εί
2714 5025 2901 5079 καὶτὰ
2936 5021 3162 5078 τοιαῦτα
3184 5019 3410 5075 κωλύων
3442 5014 3510 5090 ἦν
3549 5021 3577 5072 ὀ
3619 5018 3687 5070 τὰ

2121 5119 2315 5192 πρῶτα
2345 5118 2650 5187 τηνικαῦτα
2695 5115 2991 5187 παραιτοῖς
3033 5112 3299 5186 κρατοῦσι
3352 5113 3537 5183 φέρων
3583 5109 3689 5164 Ἰω-

2124 5209 2255 5276 σήφ.
2318 5204 2516 5269 Δεδιὼς
2571 5203 2665 5259 οὖν
2727 5204 2823 5257 ἐπὶ
2866 5202 3077 5266 τούτοις
3107 5203 3138 5256 ὁ
3168 5203 3360 5264 ⁴Ῑιωκᾶς
3384 5202 3688 5277 εἰσέρχεται

2119 5300 2297 5370 λάθρα
2349 5289 2486 5371 πρὸς
2536 5297 2630 5351 τὸν
2669 5295 2888 5368 Ἰωσὴφ,
2949 5295 3046 5349 καὶ
3089 5294 3328 5348 δεικνύει
3376 5292 3525 5362 αὐτῷ
3553 5292 3691 5359 ὅπερ

2124 5393 2275 5456 me;
2317 5392 2593 5447 ἑνεδέδυτο
2654 5391 2925 5463 τρίχινον,
2974 5388 3337 5463 πληροφορῶν
3376 5385 3564 5449 αὐτὸν,
3595 5384 3691 5439 καὶ

2121 5487 2301 5553 λέγων
2325 5484 2403 5547 ὡς
2439 5483 2608 5537 πάλαι
2637 5482 2705 5538 ἂν
2732 5482 2929 5551 ἐξέστη
2955 5482 3067 5535 τῶν
3099 5480 3371 5552 βιωτικῶν
3410 5478 3692 5546 συρφιτῶν

2123 5579 2190 5634 δι’
2231 5579 2409 5648 ἔρωτα
2461 5577 2775 5648 μοναχικον,
2804 5576 2854 5629 εί
2901 5577 2976 5646 μή
3008 5591 3071 5608 ν·
3095 5575 3158 5628 τὸ
3208 5572 3314 5627 τῶν
3344 5571 3688 5643 κρατούντων

2128 5671 2350 5743 φίλτρον
2402 5670 2726 5743 συνεκράτει
2767 5668 2929 5725 αὐτόν
2993 5668 3186 5723 nam
3233 5662 3325 5721 οὖν
3372 5666 3400 5717 ό
3434 5665 3685 5737 Βρύγγας
