4154 6200
442 254 547 317 εδδ

1688 260 2105 337 ‘ANNALIUM
2142 276 2330 336 PARS
2377 279 2474 341 tv.

3564 286 3693 359 δεῦε

3112 354 3145 373 \

439 368 583 423 κατὰ
619 371 680 424 τὸ
705 372 766 425 ὲν
798 371 876 444 τῷ
909 376 1133 446 μεγάλῳ
1162 378 1408 451 παλατίῳ
1441 381 1742 450 βαλανεῖον,
1770 388 1862 439 καὶ
1892 390 1994 441 sla-

2096 405 2234 444 ‘nam
2261 405 2387 445 cum
2411 406 2479 447 eo
2502 391 2961 449 consuetudinem
2988 368 3292 461 habuisset,
3321 410 3543 466 Operam
3575 400 3691 473 ἀει-Δ

437 463 608 517 ελθὼν
654 468 892 537 οἰκτρῶς
922 469 1291 540 ἀποπνίγεται
1336 474 1441 528 ὑπὸ
1468 475 1578 530 τῶν
1607 479 1738 548 περὶ
1765 477 1856 532 τδν
1896 480 2005 533 Μι-

438 554 579 624 χαὴλ
610 556 670 607 ἐν
691 560 755 627 τῇ
791 557 1151 633 κολυμϐήθρα
1185 562 1281 616 τοῦ
1316 564 1563 634 λουτροῦ.
1614 567 1768 620 Κατὰ
1799 566 2005 638 ταύτην

444 645 543 712 μὲν
569 645 662 699 οῦν
685 645 781 717 τὴν
806 649 977 703 νύκτα
1018 652 1288 722 μηνύεται
1333 657 1361 708 6
1392 656 1734 727 πατριάρχης
1767 658 2005 725 Ἀλέξιος

437 733 546 787 ὑπὸ
570 735 664 788 τοῦ
697 736 961 805 βασιλέως
988 742 1152 813 δῆθεν
1178 744 1483 816 Ῥωμανοῦ.
1515 747 1658 801 Ἀλλ’
1679 748 1706 800 ὁ
1735 751 2005 820 πατριάρ-

436 843 538 895 χης
563 828 735 882 ἐλθὼν
761 831 924 884 αὑτὶν
965 833 1066 902 μὲν
1095 834 1344 904 εὖρίσκει
1377 836 1591 906 νεκρὸν,
1638 839 1671 905 ἡ
1706 838 1762 891 δὲ
1791 838 2004 906 βασιλὶς

432 919 554 989 Zeti;
583 920 640 972 ἐν
680 921 758 990 τῷ
797 925 1253 995 χρυσοτρικλινίῳ
1287 927 1668 997 προκαθίσασα
1697 928 1880 996 ἐξάγει
1912 931 2003 985 τὸν

431 1009 667 1080 Μιχαὴλ,
699 1014 793 1066 καὶ
829 1015 1237 1083 καταναγκάζει
1270 1018 1361 1069 τὸν
1398 1019 1743 1089 πατριάρχην
1782 1019 1993 1089 ἱερολο-

429 1103 599 1168 γῆσαι
638 1103 827 1157 τοῦτον
852 1106 1013 1177 αὐτῇ.
1046 1108 1105 1161 ’0
1129 1107 1187 1159 δὲ
1233 1110 1577 1179 πατριάρχης
1608 1111 1698 1163 ἐπὶ
1742 1112 1821 1181 τῷ
1851 1110 1996 1180 πρά-

431 1208 605 1260 γματι
640 1196 937 1264 ἐκπλαγεὶς
967 1199 1065 1270 τὴν
1097 1200 1421 1270 ίερολογίαν,
1450 1203 1523 1265 ὡς
1557 1203 1726 1268 εἰκὸς,
1762 1205 2000 1258 ἐνεδοία-

429 1284 543 1347 ζεν.
574 1288 765 1339 Ἔνθεν
800 1306 885 1342 τοι
921 1292 1016 1342 καὶ
1050 1294 1077 1343 ὁ
1116 1292 1371 1362 Ἰωάννης
1404 1295 1502 1346 σὺν
1554 1297 1620 1363 τῇ
1665 1296 1783 1365 Ζιυῇ
1821 1294 1861 1347 ν’
1900 1295 1999 1363 μὲν

429 1376 633 1445 χρυσοῦ
655 1378 841 1449 λίτρας
862 1378 939 1450 τῷ
960 1383 1299 1455 πατριάρχῃ,
1325 1381 1370 1437 ν’
1395 1384 1452 1437 δὲ
1481 1386 1682 1454 ὁμοίως
1712 1387 1788 1454 τῷ
1809 1386 1999 1455 κλήρῳ

427 1464 645 1531 ὲπιδοῦς
690 1469 875 1524 ἔπεισε
914 1474 1217 1544 ίερολογίσς
1267 1475 1499 1539 ἀξιῶσαι
1550 1479 1767 1540 αὐτούς.
1818 1479 1925 1531 Καὶ
1969 1481 1998 1532 6

429 1559 532 1625 μὲν
570 1559 847 1631 Ῥωμανὸς
879 1566 936 1619 ἐν
965 1568 1032 1635 τῇ
1061 1566 1156 1619 ὑπ’
1182 1567 1351 1621 αὐτοῦ
1381 1570 1774 1641 νεουργηθείσῃ
1800 1571 1998 1639 ἐκκλη-

356 1660 377 1669 ί
426 1649 520 1718 σία
548 1652 817 1708 θάπτεται
841 1655 938 1721 τῆς
974 1656 1368 1725 περιϐλέπτου.
1782 1675 1803 1685 ’”

2107 481 2189 537 dit
2210 492 2269 538 ut
2292 484 2590 554 imperator
2627 500 2657 541 e
2687 485 2869 542 medio
2916 487 3220 553 tolleretur,
3258 488 3312 543 in
3343 489 3447 544 hoc
3492 492 3697 559 solum.

2107 571 2339 638 intenta,
2370 585 2429 631 ut
2451 574 2773 635 Michaelum
2796 577 2864 631 ad
2899 576 3307 648 imperatoriam
3347 581 3668 651 dignitatem

2105 665 2385 722 eveheret.
2425 667 2708 724 Romanus
2738 669 2964 725 venenis
3012 670 3225 725 lentum
3270 672 3495 726 exitium
3534 673 3670 728 afl‘eo

2106 753 2358 812 rentibus
2379 757 2684 825 confectus,
2710 759 2803 814 ubi
2823 761 3086 815 diuturno
3117 771 3362 832 tempore
3381 764 3437 819 in
3464 764 3668 819 lectulo

2078 842 2503 914 deeubuisset,
2560 857 2675 904 toto
2705 859 2931 919 pectore
2984 852 3453 922 nihilexpetebat
3519 855 3668 911 aliud

2104 952 2268 1007 quam
2291 949 2352 993 ut
2376 938 2481 994 hac
2505 940 2617 995 vita
2646 940 2986 1012 fungeretur.
3004 942 3251 1014 Denique
3268 962 3462 1017 magna
3476 948 3669 1017 quinta

2104 1029 2242 1086 feria
2273 1030 2587 1087 distributis
2614 1031 2671 1086 in
2703 1041 2887 1102 patres
2917 1034 3258 1105 conscriptos
3307 1039 3667 1104 muneribus,

2101 1135 2239 1190 quas
2299 1136 2460 1193 rogas
2506 1132 2736 1185 vocant,
2768 1138 2894 1179 eum
2929 1126 3109 1196 magni
3153 1127 3350 1182 Palatii
3409 1130 3666 1186 balneum

2101 1212 2315 1267 lavandi
2354 1227 2518 1267 causa
2548 1214 2826 1284 ingressus
2875 1214 3105 1282 fuisset,
3147 1205 3460 1274 aMichaeli
3502 1222 3669 1277 sociis

2102 1301 2155 1355 in
2187 1302 2372 1356 balnei
2425 1303 2583 1358 labro
2637 1304 3030 1361 miserabiliter
3081 1306 3404 1362 sull‘ocatur.
3468 1308 3667 1365 Eadem

2100 1402 2263 1447 nocte
2312 1393 2539 1450 Alexius
2567 1396 2883 1465 patriarcha
2917 1396 3148 1452 Romani
3183 1398 3528 1465 imperatoris
3572 1415 3668 1454 no-

2100 1486 2248 1541 mine
2291 1487 2346 1541 in
2380 1488 2583 1558 regiam
2622 1489 2944 1554 arcessitur,
2974 1506 3136 1559 quam
3187 1490 3468 1561 ingressus
3493 1492 3667 1561 impe-

2100 1586 2336 1633 ratorem
2363 1580 2694 1634 exstinctum
2730 1580 2975 1646 invenit;
3005 1580 3113 1636 Zoe
3162 1597 3294 1637 vero
3348 1581 3665 1652 imperatrix

2099 1667 2153 1720 in
2182 1681 2350 1724 aureo
2398 1669 2639 1724 triclinio
2690 1670 2886 1726 sedens
2933 1671 3257 1727 hiichaelum
3291 1671 3574 1741 producit,
3610 1681 3667 1726 et

425 1742 795 1807 patriarcbam
851 1747 1021 1819 adigit
1074 1757 1135 1803 ut
1184 1765 1310 1805 cum
1366 1753 1473 1807 sibi
1518 1755 1778 1808 maritum
1819 1756 1993 1811 sacris
2026 1759 2287 1827 precibus
2342 1762 2630 1832 conceptis
2662 1763 2936 1834 iungeret.
3010 1764 3325 1819 Patriarcha
3389 1764 3467 1819 rei
3508 1763 3662 1819 novi-

425 1843 534 1889 tate
570 1838 882 1905 perculsus,
914 1856 1172 1896 sacrasne
1203 1859 1398 1913 preces
1458 1846 1579 1901 illas
1632 1848 1713 1902 eis
1780 1849 2173 1919 impertiretur,
2203 1869 2311 1907 non
2352 1853 2451 1908 abs
2484 1868 2542 1909 re
2606 1852 2917 1911 dubitabat.
2961 1855 3305 1926 Quapropter
3335 1856 3574 1910 Joannes
3605 1862 3662 1907 et

422 1927 533 1982 Zoe
564 1930 961 2003 quinquaginta
997 1936 1155 1992 libris
1195 1938 1315 1992 auri
1371 1939 1696 2007 patriarchas
1767 1940 2106 2011 totidemque
2140 1944 2289 1999 clero
2351 1945 2570 2001 donatis
2639 1956 3034 2016 persuaserunt
3083 1947 3289 2001 homini
3346 1955 3406 2001 ut
3466 1949 3659 2001 matri-

425 2022 670 2078 monium
717 2024 959 2094 ipsorum
1016 2042 1391 2086 consecraret.
1430 2033 1709 2089 Romanus
1742 2037 1797 2091 in
1834 2035 2084 2091 dedicata
2118 2038 2185 2093 ab
2206 2055 2263 2093 sc
2288 2040 2700 2109 spectatissima:
2729 2042 2960 2096 ecclesia
2986 2042 3274 2110 sepelitur.

492 2116 698 2185 Κρατεί
730 2117 787 2171 δὲ
813 2121 842 2171 6
880 2120 1100 2191 Μιχαὴλ
1133 2123 1231 2175 σὺν
1264 2125 1331 2192 τῇ
1364 2125 1481 2194 Ζωῇ
1520 2125 1614 2198 ἔτη
1666 2128 1730 2191 ζ’.
1772 2128 1914 2181 Ἀλλ’
1948 2130 1981 2198 ή

2160 2131 2292 2202 Ejus
2316 2132 2437 2188 loco
2468 2133 2762 2188 Michaelus
2800 2132 3070 2202 imperare
3101 2134 3405 2201 cmpiteum
3431 2134 3665 2205 conjuge

416 2206 541 2275 Ζωὴ
588 2207 725 2277 αὕτη
762 2208 1059 2274 ἐλπίζουσα
1110 2213 1191 2281 τῷ
1234 2215 1454 2283 Μιχαὴλ
1501 2218 1621 2269 ἀντὶ
1669 2219 1858 2272 δούλου
1903 2237 1994 2273 κε-

418 2296 655 2365 χρῆσθαι
712 2298 933 2369 ἀστοχει
990 2302 1085 2355 τοῦ
1146 2304 1374 2359 σκοποῦ.
1445 2303 1504 2360 Ὀ
1555 2306 1662 2375 γάρ
1742 2307 1993 2378 Ἰωάννης

418 2385 750 2456 δραστήριος
778 2389 877 2454 ὢν,
910 2393 1005 2445 καὶ
1038 2394 1227 2456 δεδιὼς
1261 2398 1389 2466 περὶ
1413 2396 1504 2449 τοῦ
1529 2397 1762 2465 ἀδελφοῦ
1800 2398 1991 2464 αὑτοῦ,

422 2477 635 2540 πάντας
694 2480 793 2547 μὲν
844 2482 973 2545 τοὺς
1019 2487 1320 2555 προσόντας
1372 2489 1512 2557 αὑτῇ
1548 2489 1992 2560 θαλαμηπόλους,

422 2570 513 2619 ναὶ
551 2569 658 2639 μὴν
688 2573 783 2626 καὶ
817 2573 915 2649 τὰς
945 2577 1286 2641 οίκειοτάτας
1318 2577 1709 2647 θεραπαινίδας
1735 2582 1792 2647 ἐξ
1822 2582 1993 2653 αὐτῆς

418 2659 675 2729 ἀποσπᾷ,
705 2663 803 2715 καλ⁵
851 2664 971 2717 οὐδὲ
1008 2667 1069 2717 τὺ
1099 2667 1262 2735 τυχὸν
1297 2669 1431 2738 παρ’
1476 2670 1644 2740 αὐτῆς
1687 2673 1992 2740 ἐνεργεῖται

421 2752 470 2801 εί
504 2751 578 2821 μή
615 2768 677 2821 γε
702 2756 841 2807 κατά
877 2755 1102 2825 γνώμην
1138 2759 1411 2813 Ἰωάννου.
1437 2753 1604 2823 Οὗτος
1638 2761 1738 2831 μὲν
1765 2759 1859 2814 οὖν
1897 2767 1993 2815 καὶ

416 2843 479 2894 τὸ
507 2843 747 2911 ὑπήκοον
778 2844 1048 2916 ὲξημέρσυ
1090 2852 1362 2911 παντοίως
1404 2853 1499 2904 καὶ
1531 2850 1707 2904 πάντα
1748 2870 1995 2924 μετεχει-

420 2933 623 3003 ρίζετο.
662 2938 785 2990 ὀτι
815 2938 871 2991 δὲ
898 2942 965 2991 τά
991 2943 1249 3008 γεγονότα
1279 2943 1382 2995 οὐκ
1407 2945 1611 3013 ἀρεστά
1639 2940 1708 3015 ἦν
1742 2946 1818 3015 τῷ
1851 2948 1991 3017 Θεῷ,

418 3025 691 3080 δέδεικται
734 3030 827 3081 καὶ
862 3031 924 3082 ἐκ
957 3033 1263 3102 προοιμίων
1293 3034 1476 3087 αὐτῶν
1497 3053 1511 3068 ⁸
1568 3035 1710 3090 κατά
1756 3038 1865 3109 γάρ
1895 3039 1993 3108 τὴν

420 3116 492 3169 ια’
512 3119 662 3199 ὤραν
690 3122 791 3190 τῆς
818 3123 980 3192 ἁγίας
1006 3126 1251 3196 μεγάλης
1289 3130 1573 3199 Κυριικῆς
1604 3131 1814 3199 χάλαζα
1861 3149 1992 3185 κατ·

417 3211 623 3281 ηνέχθη
670 3213 943 3285 ἀφόρητος
990 3220 1084 3271 καὶ
1119 3218 1364 3285 γενναία,
1410 3220 1486 3284 ὡς
1531 3223 1884 3293 συντριϐῆναι
1917 3222 1992 3292 μὴ

420 3305 560 3372 μόνα
618 3309 686 3361 τὰ
717 3308 934 3378 δένδρα,
964 3310 1032 3363 τά
1084 3328 1144 3364 τε
1203 3312 1460 3383 κάρπιμα
1504 3315 1601 3369 καὶ
1642 3315 1711 3368 τὰ
1744 3317 1990 3385 ἄκαρπα,

2095 2220 2203 2273 Zoe
2234 2221 2393 2275 annis
2442 2229 2674 2290 septem,
2708 2239 2830 2292 quas
2859 2238 2982 2277 cum
3017 2238 3075 2277 se
3110 2223 3374 2277 Micltaelo
3407 2226 3662 2295 mancipii

2094 2311 2217 2365 loco
2244 2322 2489 2380 speraret
2519 2326 2765 2375 usuram,
2801 2313 3051 2370 instituto
3080 2330 3143 2368 ac
3160 2330 3254 2384 spe
3281 2330 3377 2368 sua
3403 2314 3663 2371 frustrata

2094 2403 2462 2459 est..loanncs
2489 2404 2635 2457 enim
2676 2402 2920 2459 Michaeli
2944 2404 3131 2468 frater,
3164 2406 3247 2458 vir
3280 2406 3581 2461 industrius
3607 2416 3665 2461 et

2096 2504 2280 2543 rerum
2309 2489 2672 2560 gerendarum
2696 2493 2927 2560 peritus,
2960 2494 3055 2563 qui
3082 2494 3266 2548 fratris
3290 2496 3658 2551 incolumitati

2093 2582 2256 2653 315
2309 2592 2600 2647 metueret,
2630 2599 2821 2639 omnes
2842 2585 2966 2639 Zoac
2995 2585 3362 2640 cubicularios
3398 2602 3503 2639 una
3534 2603 3659 2641 eum

2093 2675 2430 2745 ancillisipsi
2453 2676 2687 2731 maxime
2724 2675 3084 2731 familiaribus
3115 2676 3184 2731 ab
3214 2692 3276 2731 ea
3306 2679 3559 2742 removit,
3594 2696 3660 2732 ne

2096 2766 2385 2821 minimum
2418 2768 2640 2837 quidem
2676 2769 2883 2837 aliquid
2923 2770 3058 2823 citra
3109 2771 3441 2825 voluntatem
3479 2782 3533 2825 et
3573 2786 3663 2824 ar-

2094 2855 2321 2910 bitrium
2363 2870 2522 2910 suum
2554 2857 2622 2911 ab
2646 2873 2709 2911 ea
2741 2856 2855 2926 geri
2885 2856 3226 2925 permittens.
3266 2858 3412 2911 Idem
3468 2859 3663 2913 subdi-

2096 2955 2276 3001 torum
2305 2946 2519 3001 animos
2549 2947 2717 3001 tariis
2746 2948 2922 3002 modis
2965 2949 3159 3003 blande
3196 2949 3476 3004 tractando
3502 2951 3660 3005 fratri

2094 3038 2471 3102 conciliabat,
2520 3049 2577 3093 et
2620 3039 2864 3092 omnium
2922 3039 3452 3095 administrationem
3500 3042 3551 3094 in
3603 3058 3663 3096 se

2094 3128 2450 3196 suscipiebat.
2483 3129 2600 3183 Non
2636 3138 2815 3182 tamen
2845 3144 2907 3183 ea
2942 3145 3061 3198 qua:
3098 3129 3150 3183 in
3183 3130 3485 3184 Romanum
3514 3145 3666 3185 com-

2095 3216 2261 3271 missa
2300 3217 2540 3280 fuerant,
2575 3230 2724 3288 grata
2764 3218 2877 3272 Deo
2930 3218 3119 3281 fuisse,
3178 3219 3246 3273 de
3299 3220 3432 3289 ipsis
3489 3220 3663 3277 initiis

2095 3307 2312 3377 imperii
2347 3308 2596 3362 Michaeli
2632 3310 2797 3363 certis
2826 3310 3159 3377 argumentis
3192 3310 3372 3380 colligi
3426 3322 3659 3380 poterat.

416 3398 645 3469 ἀλλὰδὴ
670 3399 765 3454 καὶ
799 3402 980 3463 οἰκίας
1010 3406 1342 3457 καταπεσεῖν
1374 3406 1464 3459 καὶ
1503 3406 1684 3469 ναούς.
1719 3406 1913 3474 Γέγονε
1934 3405 1991 3458 δὲ

2097 3398 2233 3473 Nam
2275 3399 2407 3453 hora
2450 3399 2739 3453 undecima
2779 3412 3138 3455 sacrosanctae
3188 3416 3393 3471 magmc
3421 3403 3662 3457 Domini-

420 3492 517 3544 καὶ
565 3491 721 3560 χύσις
768 3495 996 3561 ἀστέρος
1057 3496 1199 3548 κατὰ
1236 3495 1334 3567 τὴν
1389 3498 1523 3567 μετᾶ
1553 3498 1612 3550 τὸ
1654 3498 1843 3567 Πάσχα
1875 3500 1987 3552 Κυ-

419 3582 640 3651 ριακὴν,
678 3583 805 3652 περὶ
837 3584 987 3654 ὥραν
1013 3587 1202 3656 τρίτην
1237 3588 1338 3657 τῆς
1361 3586 1574 3653 νυκτὸς,
1611 3591 1673 3657 τῇ
1706 3587 1984 3660 ὑπερϐολῇ

418 3674 518 3742 τῆς
546 3675 930 3747 λαμπρότητος
954 3680 1079 3741 τοὺς
1113 3678 1349 3749 ἀστέρας
1379 3679 1582 3742 πάντας
1605 3680 1987 3749 ἀποκαλύψαν-

417 3781 509 3824 τος
542 3763 615 3827 ὡς
667 3766 765 3817 καὶ
798 3765 947 3836 ἥλιον
975 3767 1253 3819 ἀνατεῖλαι
1298 3767 1473 3820 δοκεῖν
1494 3784 1508 3798 ’
1543 3770 1570 3820 6
1598 3768 1778 3837 μέντοι
1832 3766 1987 3837 βασι-

358 3858 383 3875 ’
415 3852 542 3914 λεὺς
576 3854 783 3923 ἐλήφθη
811 3856 1093 3926 δαιμονίῳ,
1124 3858 1151 3909 ὃ
1182 3860 1277 3923 καὶ
1301 3858 1753 3927 σεμνολογοῦντες
1778 3859 1826 3911 οἱ
1858 3860 1987 3927 περὶ

2097 3503 2174 3541 cae
2200 3488 2467 3558 grandine
2500 3498 2609 3542 tam
2643 3488 2975 3543 intolerabili
3006 3490 3165 3558 pluit,
3201 3502 3259 3543 ut
3291 3507 3399 3545 non
3435 3493 3662 3547 arbores

2098 3586 2307 3633 tantum
2343 3580 2621 3645 frugiferae
2667 3579 2991 3648 sterilesque
3038 3581 3537 3651 confringerentur,
3566 3583 3662 3636 sed

2094 3672 2291 3725 domus
2355 3672 2520 3725 etiam
2590 3687 2716 3727 cum
2776 3673 2995 3743 templis
3054 3674 3277 3743 dejectze
3317 3684 3662 3729 corruerent.

2094 3762 2365 3817 Prmterea
2400 3764 2597 3818 sideris
2617 3764 2885 3835 traiectio,
2923 3765 3201 3820 Dominica
3233 3774 3352 3835 post
3382 3767 3662 3820 Paschalis

2093 3854 2318 3917 festum,
2354 3855 2486 3908 hora
2523 3856 2680 3908 tertia
2726 3857 2899 3910 noczis
2930 3857 3162 3919 accidit;
3199 3872 3321 3910 cum
3353 3858 3573 3924 quidem
3609 3859 3660 3909 ιςι

414 3943 607 3996 τοῦτον
640 3946 868 4015 μανικὸν
912 3948 1224 4000 ἀπεκάλουν
1264 3950 1500 4019 νόσημα.
1540 3951 1649 4003 Καὶ
1688 3947 1989 4019 παρέμεινε

2096 3944 2240 4015 sidus
2267 3946 2631 4014 amplitudine
2684 3945 2910 4014 fulgoris
2954 3946 3036 3998 sui
3069 3956 3391 3999 cunctorum
3427 3946 3659 3999 aliorum

414 4036 477 4085 τὸ
513 4034 755 4087 τοιοῦτον
782 4036 910 4105 ἄχρι
936 4038 1123 4100 τέλους
1153 4041 1248 4105 τῆς
1288 4038 1455 4091 αὑτοῦ
1481 4039 1687 4109 βιοτῆς.

413 4138 588 4182 retur.
627 4128 815 4182 itidem
849 4130 1148 4198 imperator
1182 4131 1324 4185 malo
1353 4143 1640 4201 correptus
1706 4140 1791 4187 est
1831 4129 2014 4200 genio,
2056 4144 2219 4199 quam
2270 4143 2383 4182 rem
2446 4126 2745 4181 familiares
2792 4126 2967 4195 ipsius
3041 4127 3352 4181 honestiore
3395 4126 3675 4181 vocabulo

332 4228 335 4229 ⁷
416 4233 669 4294 tegentes
710 4225 977 4281 insaniam
1029 4229 1324 4296 quamdam
1361 4228 1529 4281 animi
1595 4226 1885 4281 vocabant.
1952 4225 2145 4297 Neque
2204 4225 2407 4280 malum
2447 4223 2555 4278 hoc
2617 4222 2794 4292 ipsum
2860 4229 2987 4276 ante
3038 4221 3201 4275 finem
3260 4221 3381 4276 rita:
3434 4220 3669 4277 missum

411 4313 568 4368 Ῐυοῖι.

488 4403 622 4455 Κατ’
652 4405 829 4458 ἐκεῖνο
872 4406 936 4474 δὴ
970 4406 1161 4477 καιροῦ
1209 4408 1303 4459 καὶ
1334 4407 1577 4459 τοιοῦτόν
1611 4426 1662 4459 τι
1704 4408 1899 4479 συνέϐη
1932 4409 1991 4461 ὲν

410 4492 494 4562 τῷ
513 4493 711 4562 θέματι
736 4494 845 4548 τῶν
868 4495 1215 4566 Θρᾳκησίων.
1242 4480 1545 4566 Βαράγγων
1573 4498 1990 4568 διεσπαρμένων

2096 4496 2411 4566 hujusmodi
2446 4494 2737 4566 quiddam.
2781 4495 3055 4565 Dispersis
3083 4511 3181 4566 per
3203 4496 3348 4553 illam
3383 4497 3671 4566 regionem

414 4586 651 4651 γυναῖκά
680 4603 762 4647 τις
806 4587 1080 4657 ἐγχωρίαν
1113 4589 1290 4657 εὑρὼν
1318 4590 1406 4641 ἐπ’
1436 4590 1675 4659 ἐρημίας
1725 4591 1990 4660 ἐπειρᾶτο

2096 4590 2149 4644 in
2190 4589 2422 4643 hiberna
2454 4587 2736 4659 Barangis,
2772 4588 2909 4644 forte
2946 4588 3167 4658 quidam
3200 4587 3486 4643 mulierem
3516 4589 3663 4642 indi-

416 4676 522 4743 τῆς
562 4678 923 4748 σωφροσύνης
956 4679 1147 4748 αὐτῆς,
1190 4680 1262 4742 ὡς
1293 4680 1347 4732 δὲ
1377 4682 1475 4734 οὐκ
1509 4680 1712 4743 ἔπειθε,
1746 4682 1837 4735 καὶ
1865 4681 1990 4751 βίαν

2096 4694 2292 4749 genam
2319 4677 2374 4732 in
2409 4677 2712 4733 solitudine
2748 4687 2941 4733 nactus
2969 4678 3019 4732 ei
3049 4688 3299 4746 stuprum
3336 4677 3539 4734 inferre
3572 4694 3667 4732 co-

412 4768 515 4837 ηδη
564 4769 792 4837 ἐπῆγεν.
830 4771 894 4822 Ἥ
946 4769 1001 4822 δὲ
1046 4772 1139 4822 τὸν
1194 4773 1466 4840 ἀκινάκην
1512 4773 1837 4841 σπασαμένη
1892 4770 1985 4824 τοῦ

2096 4784 2258 4827 natus
2284 4782 2391 4827 est.
2437 4772 2512 4826 Ea
2552 4787 2683 4826 vero
2731 4771 3020 4840 ipsiusmet
3060 4771 3275 4826 acinace
3320 4780 3576 4840 correpto
3611 4772 3663 4825 in

411 4860 607 4927 ἀνδρὸς
641 4862 793 4914 παίει
835 4864 979 4914 κατὰ
1019 4863 1245 4934 καρδίαν
1288 4864 1381 4917 τὸν
1417 4866 1728 4935 Βάραγγειν,
1776 4869 1867 4919 καὶ
1897 4866 1985 4917 εὑ-

2096 4880 2193 4920 cor
2219 4864 2526 4934 Barangum
2580 4862 2707 4916 ferit
2736 4876 2801 4917 ac
2824 4862 3011 4917 statim
3051 4861 3335 4916 interficit.
3393 4861 3548 4927 Quod
3589 4861 3668 4916 ia-

350 5000 355 5001 ,
410 4953 515 5015 θὺς
544 4952 779 5022 ἀναιρεῖ.
814 4953 921 5006 Τοῦ
949 4953 1005 5006 δὲ
1036 4955 1201 5025 ἔργου
1245 4955 1580 5017 διαδοθέντος
1626 4960 1682 5009 ὲν
1721 4960 1787 5026 τῇ
1830 4975 1986 5026 περι-

2096 4965 2243 5010 ctum
2280 4954 2372 5009 ubi
2401 4969 2496 5024 per
2525 4954 2781 5008 viciniam
2807 4953 3402 5045 innotuisset,.coivere
3432 4954 3663 5024 Βαναηεί

412 5044 599 5115 χώρῳ,
627 5045 1110 5115 συναθροισθέντες
1136 5049 1184 5101 oi
1217 5048 1495 5118 Βάραγγοι
1526 5050 1624 5119 τήν
1657 5066 1715 5101 τε
1747 5054 1981 5117 γυναῖκα

2096 5046 2296 5110 caeteri,
2324 5047 2651 5115 mulierique
2674 5054 2949 5101 coronata:
2968 5044 3255 5101 facultates
3278 5047 3422 5101 illius
3446 5061 3659 5112 omnes,

414 5134 745 5201 στεφανοῦσι
789 5137 886 5189 καὶ
934 5137 1031 5206 τὴν
1077 5135 1298 5189 ἅπασαν
1348 5138 1541 5192 οὐσίαν
1596 5138 1693 5192 τοῦ
1764 5139 1986 5209 βιαστοῦ

2096 5139 2183 5209 qui
2225 5138 2506 5208 pudicitiae
2561 5137 2735 5204 ipsius
2775 5136 2971 5192 afferre
3022 5138 3131 5192 vim
3164 5138 3453 5203 voluerat,
3490 5138 3661 5191 dona-

415 5220 592 5294 ταύτῃ
615 5224 844 5292 διδόασι,
874 5225 1128 5278 κάκεῖνον
1159 5225 1367 5293 ἄταφον
1400 5228 1674 5296 ῥίπτουσι.

2096 5241 2243 5293 runt,
2294 5229 2563 5286 cadavere
2600 5230 2791 5285 militis
2845 5230 2986 5291 citra
3045 5232 3340 5301 sepultura:
3397 5230 3668 5285 honorem.

2086 5322 2318 5393 abiecto.

2162 5402 2401 5467 Tunedet
2445 5411 2815 5483 Hierosolyma
2854 5422 3012 5467 terrm
3044 5423 3195 5467 motu
3228 5412 3422 5464 misere
3464 5411 3659 5463 afflicta

2093 5503 2195 5558 fuit
2222 5544 2235 5567 ,
2270 5502 2414 5573 quod
2475 5503 2535 5557 in
2592 5503 2724 5571 ipsis
2761 5503 3088 5573 templorum
3123 5502 3433 5567 :ediumquc
3486 5500 3663 5554 ruinis

2097 5594 2289 5664 ingens
2344 5594 2628 5648 hominum
2690 5595 2982 5649 multitudo
3036 5592 3460 5662 opprimeretur,
3515 5600 3658 5644 terra

2094 5687 2237 5745 diem
2276 5687 2340 5741 ad
2402 5686 2880 5755 quadragesimum
2946 5699 3117 5755 usque
3176 5694 3453 5735 succussu.
3504 5681 3665 5739 Auno

2168 4403 2383 4461 Accidit
2436 4419 2503 4459 eo
2554 4404 2857 4475 imperante
2905 4403 3300 4461 Thracensium
3351 4406 3408 4461 in
3456 4406 3673 4459 ﬁnibus-

484 5382 621 5453 Τότε
652 5402 721 5473 δὴ
756 5405 851 5456 καὶ
887 5403 1112 5473 σεισμοῦ
1158 5405 1453 5475 γενομένου
1502 5405 1689 5470 κακῶς
1716 5405 1883 5459 ἔπαθε
1919 5407 1988 5461 τὰ

424 5492 799 5566 Ἰεροσόλυμα,
832 5497 1175 5566 τεθνηκότων
1208 5498 1509 5568 ἀνθρώπιον
1539 5500 1750 5552 πολλῶν
1783 5502 1840 5552 ὲν
1872 5503 1989 5563 τοῖς

418 5585 530 5639 τῶν
558 5587 865 5657 ἐκκλησιῶν
902 5590 992 5642 καὶ
1039 5590 1225 5643 οἰκιῶν
1260 5592 1650 5660 ουμπτὼμςσι,
1698 5594 1986 5662 σειομένης

415 5679 516 5749 τῆς
552 5664 652 5751 γῆς
710 5681 867 5751 ἄχρις
903 5685 1124 5755 ἡμερῶν
1170 5691 1241 5754 μ’.
1302 5685 1392 5756 Τῷ
1437 5685 1490 5738 δέ
1529 5704 1587 5753 γε
1629 5686 1989 5759 Σεπτεμϐρίῳ

2087 4036 2337 4091 siderum
2375 4035 2676 4091 luminibus
2704 4036 2950 4087 officeret
2979 4050 3041 4088 ac
3076 4036 3155 4089 sol
3188 4036 3302 4103 ipse
3336 4035 3467 4089 oriri
3511 4035 3663 4089 vidc-
3750 4080 3751 4083 η
