  <div class='ocr_page' id='page_1' title='image "/cluster/home/n/w/nwhite01/storage/ocr_20150623/158/hvd.32044073502676/352.png"; bbox 0 0 4154 6200; ppageno 0'>
   <div class='ocr_carea' id='block_1_1' title="bbox 380 276 481 338">
    <p class='ocr_par' dir='ltr' id='par_1_1' title="bbox 380 276 481 338">
     <span class='ocr_line' id='line_1_1' title="bbox 380 276 481 338; baseline -0.04 0"><span class='ocrx_word' id='word_1_1' title='bbox 380 276 481 338; x_wconf 68' lang='lat'><strong>533</strong></span> 
     </span>
    </p>
   </div>
   <div class='ocr_carea' id='block_1_2' title="bbox 1638 285 2415 348">
    <p class='ocr_par' dir='ltr' id='par_1_2' title="bbox 1638 285 2415 348">
     <span class='ocr_line' id='line_1_2' title="bbox 1638 285 2415 348; baseline 0.008 -6"><span class='ocrx_word' id='word_1_2' title='bbox 1638 285 2034 347; x_wconf 68' lang='lat' dir='ltr'><strong>ANNALIUM</strong></span> <span class='ocrx_word' id='word_1_3' title='bbox 2084 287 2276 347; x_wconf 81' lang='lat' dir='ltr'><strong>PARS</strong></span> <span class='ocrx_word' id='word_1_4' title='bbox 2316 287 2415 348; x_wconf 79' lang='lat' dir='ltr'><strong>iV.</strong></span> 
     </span>
    </p>
   </div>
   <div class='ocr_carea' id='block_1_3' title="bbox 3508 289 3613 352">
    <p class='ocr_par' dir='ltr' id='par_1_3' title="bbox 3508 289 3613 352">
     <span class='ocr_line' id='line_1_3' title="bbox 3508 289 3613 352; baseline 0.029 -3"><span class='ocrx_word' id='word_1_5' title='bbox 3508 289 3613 352; x_wconf 62' lang='lat'><strong>591</strong></span> 
     </span>
    </p>
   </div>
   <div class='ocr_carea' id='block_1_4' title="bbox 382 389 1946 468">
    <p class='ocr_par' dir='ltr' id='par_1_4' title="bbox 382 389 1939 467">
     <span class='ocr_line' id='line_1_4' title="bbox 382 389 1939 467; baseline 0.007 -27"><span class='ocrx_word' id='word_1_6' title='bbox 382 390 518 457; x_wconf 70' lang='grc' dir='ltr'>μετὰ</span> <span class='ocrx_word' id='word_1_7' title='bbox 547 389 664 450; x_wconf 76' lang='grc' dir='ltr'>ἔτος</span> <span class='ocrx_word' id='word_1_8' title='bbox 689 390 747 442; x_wconf 72' lang='grc' dir='ltr'>ἓν</span> <span class='ocrx_word' id='word_1_9' title='bbox 769 394 864 459; x_wconf 77' lang='grc' dir='ltr'>τῆς</span> <span class='ocrx_word' id='word_1_10' title='bbox 898 393 1060 447; x_wconf 71' lang='grc' dir='ltr'><strong>αὖτοῦ</strong></span> <span class='ocrx_word' id='word_1_11' title='bbox 1099 393 1373 464; x_wconf 70' lang='grc' dir='ltr'><strong>βασιλείας</strong></span> <span class='ocrx_word' id='word_1_12' title='bbox 1421 398 1614 463; x_wconf 80' lang='grc' dir='ltr'>φανεὶς</span> <span class='ocrx_word' id='word_1_13' title='bbox 1677 399 1776 460; x_wconf 63' lang='grc' dir='ltr'>τᾶς</span> <span class='ocrx_word' id='word_1_14' title='bbox 1812 398 1939 467; x_wconf 84' lang='grc' dir='ltr'>μελ-</span> 
     </span>
    </p>
   </div>
   <div class='ocr_carea' id='block_1_5' title="bbox 2046 389 3615 468">
    <p class='ocr_par' dir='ltr' id='par_1_5' title="bbox 2046 395 3615 468">
     <span class='ocr_line' id='line_1_5' title="bbox 2046 395 3615 468; baseline 0.001 -16"><span class='ocrx_word' id='word_1_15' title='bbox 2046 414 2162 453; x_wconf 84' lang='lat' dir='ltr'><strong>runt</strong></span> <span class='ocrx_word' id='word_1_16' title='bbox 2198 398 2367 454; x_wconf 79' lang='lat' dir='ltr'><strong>fuisse</strong></span> <span class='ocrx_word' id='word_1_17' title='bbox 2398 395 2713 468; x_wconf 86' lang='lat' dir='ltr'><strong>perhibent,</strong></span> <span class='ocrx_word' id='word_1_18' title='bbox 2754 397 2850 453; x_wconf 85' lang='lat' dir='ltr'><strong>sed</strong></span> <span class='ocrx_word' id='word_1_19' title='bbox 2887 408 3065 453; x_wconf 90' lang='lat' dir='ltr'><strong>tamen</strong></span> <span class='ocrx_word' id='word_1_20' title='bbox 3094 398 3376 454; x_wconf 85' lang='lat' dir='ltr'><strong>liberalem</strong></span> <span class='ocrx_word' id='word_1_21' title='bbox 3410 407 3468 452; x_wconf 90' lang='lat' dir='ltr'><strong>ut</strong></span> <span class='ocrx_word' id='word_1_22' title='bbox 3497 416 3615 453; x_wconf 78' lang='lat' dir='ltr'><strong>om—</strong></span> 
     </span>
    </p>
   </div>
   <div class='ocr_carea' id='block_1_6' title="bbox 380 480 1940 558">
    <p class='ocr_par' dir='ltr' id='par_1_6' title="bbox 380 480 1940 558">
     <span class='ocr_line' id='line_1_6' title="bbox 380 480 1940 558; baseline 0.007 -29"><span class='ocrx_word' id='word_1_23' title='bbox 380 480 578 542; x_wconf 78' lang='grc' dir='ltr'>λούσας</span> <span class='ocrx_word' id='word_1_24' title='bbox 608 482 855 546; x_wconf 68' lang='grc' dir='ltr'>γενέσθαι</span> <span class='ocrx_word' id='word_1_25' title='bbox 886 487 1159 550; x_wconf 76' lang='grc' dir='ltr'><strong>κοσμικὰς</strong></span> <span class='ocrx_word' id='word_1_26' title='bbox 1194 488 1506 555; x_wconf 75' lang='grc' dir='ltr'>συμφοράς.</span> <span class='ocrx_word' id='word_1_27' title='bbox 1555 488 1697 556; x_wconf 69' lang='lat' dir='ltr'><strong>&quot;Op:</strong></span> <span class='ocrx_word' id='word_1_28' title='bbox 1723 490 1830 558; x_wconf 83' lang='grc' dir='ltr'><strong>γὰρ</strong></span> <span class='ocrx_word' id='word_1_29' title='bbox 1859 489 1940 541; x_wconf 82' lang='grc' dir='ltr'><strong>δτι</strong></span> 
     </span>
    </p>
   </div>
   <div class='ocr_carea' id='block_1_7' title="bbox 385 570 1943 647">
    <p class='ocr_par' dir='ltr' id='par_1_7' title="bbox 385 570 1943 647">
     <span class='ocr_line' id='line_1_7' title="bbox 385 570 1943 647; baseline 0.005 -26"><span class='ocrx_word' id='word_1_30' title='bbox 385 570 507 638; x_wconf 76' lang='grc' dir='ltr'>μετ’</span> <span class='ocrx_word' id='word_1_31' title='bbox 537 572 598 622; x_wconf 67' lang='grc' dir='ltr'><strong>οὐ</strong></span> <span class='ocrx_word' id='word_1_32' title='bbox 633 573 770 623; x_wconf 77' lang='grc' dir='ltr'>πολὺ</span> <span class='ocrx_word' id='word_1_33' title='bbox 801 574 987 635; x_wconf 82' lang='grc' dir='ltr'>στάσις</span> <span class='ocrx_word' id='word_1_34' title='bbox 1014 574 1072 627; x_wconf 79' lang='grc' dir='ltr'>ἐν</span> <span class='ocrx_word' id='word_1_35' title='bbox 1096 576 1297 644; x_wconf 76' lang='grc' dir='ltr'>Σερὸία</span> <span class='ocrx_word' id='word_1_36' title='bbox 1329 578 1540 644; x_wconf 78' lang='grc' dir='ltr'>γέγονε.</span> <span class='ocrx_word' id='word_1_37' title='bbox 1598 578 1805 647; x_wconf 65' lang='grc' dir='ltr'>Γράφει</span> <span class='ocrx_word' id='word_1_38' title='bbox 1848 574 1943 632; x_wconf 80' lang='grc' dir='ltr'><strong>οὖν</strong></span> 
     </span>
    </p>
   </div>
   <div class='ocr_carea' id='block_1_8' title="bbox 379 662 1942 737">
    <p class='ocr_par' dir='ltr' id='par_1_8' title="bbox 379 662 1942 737">
     <span class='ocr_line' id='line_1_8' title="bbox 379 662 1942 737; baseline 0.006 -24"><span class='ocrx_word' id='word_1_39' title='bbox 379 663 408 713; x_wconf 85' lang='lat'><strong>6</strong></span> <span class='ocrx_word' id='word_1_40' title='bbox 439 663 692 730; x_wconf 75' lang='grc' dir='ltr'>βασιλεὺς</span> <span class='ocrx_word' id='word_1_41' title='bbox 727 662 804 731; x_wconf 83' lang='grc' dir='ltr'>τῷ</span> <span class='ocrx_word' id='word_1_42' title='bbox 831 666 1051 734; x_wconf 73' lang='grc' dir='ltr'>ἄρχοντι</span> <span class='ocrx_word' id='word_1_43' title='bbox 1092 668 1421 737; x_wconf 73' lang='grc' dir='ltr'>Δυρραχίου.</span> <span class='ocrx_word' id='word_1_44' title='bbox 1451 670 1560 722; x_wconf 75' lang='grc' dir='ltr'><strong>Καὶ</strong></span> <span class='ocrx_word' id='word_1_45' title='bbox 1590 669 1649 732; x_wconf 79' lang='grc' dir='ltr'>ὃς</span> <span class='ocrx_word' id='word_1_46' title='bbox 1679 670 1942 724; x_wconf 66' lang='grc' dir='ltr'>ἐπισυνά-</span> 
     </span>
    </p>
   </div>
   <div class='ocr_carea' id='block_1_9' title="bbox 381 752 1943 828">
    <p class='ocr_par' dir='ltr' id='par_1_9' title="bbox 381 752 1943 828">
     <span class='ocr_line' id='line_1_9' title="bbox 381 752 1943 828; baseline 0.007 -27"><span class='ocrx_word' id='word_1_47' title='bbox 381 752 475 813; x_wconf 82' lang='grc' dir='ltr'><strong>ξα;</strong></span> <span class='ocrx_word' id='word_1_48' title='bbox 527 752 658 804; x_wconf 77' lang='grc' dir='ltr'>ὡσεὶ</span> <span class='ocrx_word' id='word_1_49' title='bbox 694 754 942 821; x_wconf 73' lang='grc' dir='ltr'><strong>χιλιάδας</strong></span> <span class='ocrx_word' id='word_1_50' title='bbox 988 755 1027 818; x_wconf 79' lang='grc' dir='ltr'><strong>ξ’</strong></span> <span class='ocrx_word' id='word_1_51' title='bbox 1077 757 1156 818; x_wconf 76' lang='grc' dir='ltr'><strong>εἰς</strong></span> <span class='ocrx_word' id='word_1_52' title='bbox 1208 756 1494 827; x_wconf 74' lang='grc' dir='ltr'>Τριϐαλῶν</span> <span class='ocrx_word' id='word_1_53' title='bbox 1540 759 1781 828; x_wconf 78' lang='grc' dir='ltr'>ἔρχεται,</span> <span class='ocrx_word' id='word_1_54' title='bbox 1847 760 1943 812; x_wconf 72' lang='grc' dir='ltr'><strong>καὶ</strong></span> 
     </span>
    </p>
   </div>
   <div class='ocr_carea' id='block_1_10' title="bbox 381 843 1945 917">
    <p class='ocr_par' dir='ltr' id='par_1_10' title="bbox 381 843 1945 917">
     <span class='ocr_line' id='line_1_10' title="bbox 381 843 1945 917; baseline 0.005 -24"><span class='ocrx_word' id='word_1_55' title='bbox 381 843 828 911; x_wconf 71' lang='grc' dir='ltr'><strong>ἀνεπιστημόνως</strong></span> <span class='ocrx_word' id='word_1_56' title='bbox 864 846 1004 897; x_wconf 82' lang='grc' dir='ltr'>πάνυ</span> <span class='ocrx_word' id='word_1_57' title='bbox 1036 848 1150 907; x_wconf 78' lang='grc' dir='ltr'>τοῖς</span> <span class='ocrx_word' id='word_1_58' title='bbox 1203 845 1429 917; x_wconf 62' lang='grc' dir='ltr'>Σέρῶις</span> <span class='ocrx_word' id='word_1_59' title='bbox 1456 849 1781 916; x_wconf 76' lang='grc' dir='ltr'>προσϐαλὼν</span> <span class='ocrx_word' id='word_1_60' title='bbox 1809 848 1945 902; x_wconf 79' lang='grc' dir='ltr'>ὡσεὶ</span> 
     </span>
    </p>
   </div>
   <div class='ocr_carea' id='block_1_11' title="bbox 381 933 1939 1005">
    <p class='ocr_par' dir='ltr' id='par_1_11' title="bbox 381 933 1939 1005">
     <span class='ocr_line' id='line_1_11' title="bbox 381 933 1939 1005; baseline 0.005 -23"><span class='ocrx_word' id='word_1_61' title='bbox 381 933 626 1001; x_wconf 78' lang='grc' dir='ltr'>χιλιάδας</span> <span class='ocrx_word' id='word_1_62' title='bbox 659 951 698 996; x_wconf 82' lang='grc' dir='ltr'><strong>μ</strong></span> <span class='ocrx_word' id='word_1_63' title='bbox 773 937 919 986; x_wconf 74' lang='grc' dir='ltr'>ποιεῖ</span> <span class='ocrx_word' id='word_1_64' title='bbox 947 936 1125 987; x_wconf 69' lang='grc' dir='ltr'>ἐκεῖσε</span> <span class='ocrx_word' id='word_1_65' title='bbox 1165 938 1356 988; x_wconf 77' lang='grc' dir='ltr'>πεσεῖν</span> <span class='ocrx_word' id='word_1_66' title='bbox 1379 937 1474 989; x_wconf 66' lang='grc' dir='ltr'><strong>καὶ</strong></span> <span class='ocrx_word' id='word_1_67' title='bbox 1503 938 1842 1005; x_wconf 76' lang='grc' dir='ltr'>στρατηγοὺς</span> <span class='ocrx_word' id='word_1_68' title='bbox 1871 937 1939 1000; x_wconf 80' lang='grc' dir='ltr'><strong>ζ’.</strong></span> 
     </span>
    </p>
   </div>
   <div class='ocr_carea' id='block_1_12' title="bbox 393 1024 1945 1098">
    <p class='ocr_par' dir='ltr' id='par_1_12' title="bbox 393 1024 1945 1098">
     <span class='ocr_line' id='line_1_12' title="bbox 393 1024 1945 1098; baseline 0.002 -22"><span class='ocrx_word' id='word_1_69' title='bbox 393 1024 566 1076; x_wconf 65' lang='grc' dir='ltr'>Ἀλλὰ</span> <span class='ocrx_word' id='word_1_70' title='bbox 588 1026 679 1075; x_wconf 73' lang='grc' dir='ltr'>καὶ</span> <span class='ocrx_word' id='word_1_71' title='bbox 715 1024 744 1075; x_wconf 83' lang='lat'><strong>6</strong></span> <span class='ocrx_word' id='word_1_72' title='bbox 793 1025 1079 1094; x_wconf 78' lang='grc' dir='ltr'>Μανιάκης</span> <span class='ocrx_word' id='word_1_73' title='bbox 1107 1024 1382 1095; x_wconf 82' lang='grc' dir='ltr'>Γεώργιος</span> <span class='ocrx_word' id='word_1_74' title='bbox 1409 1028 1466 1079; x_wconf 70' lang='grc' dir='ltr'>ἐν</span> <span class='ocrx_word' id='word_1_75' title='bbox 1505 1027 1709 1098; x_wconf 78' lang='grc' dir='ltr'><strong>Ἰταλίᾳ</strong></span> <span class='ocrx_word' id='word_1_76' title='bbox 1735 1028 1945 1094; x_wconf 76' lang='grc' dir='ltr'>διάγων</span> 
     </span>
    </p>
   </div>
   <div class='ocr_carea' id='block_1_13' title="bbox 383 1120 1943 1191">
    <p class='ocr_par' dir='ltr' id='par_1_13' title="bbox 383 1120 1943 1191">
     <span class='ocr_line' id='line_1_13' title="bbox 383 1120 1943 1191; baseline 0.001 -22"><span class='ocrx_word' id='word_1_77' title='bbox 383 1120 557 1187; x_wconf 81' lang='grc' dir='ltr'>(παρὰ</span> <span class='ocrx_word' id='word_1_78' title='bbox 589 1121 694 1186; x_wconf 71' lang='grc' dir='ltr'>γὰρ</span> <span class='ocrx_word' id='word_1_79' title='bbox 732 1120 823 1173; x_wconf 76' lang='grc' dir='ltr'><strong>τοῦ</strong></span> <span class='ocrx_word' id='word_1_80' title='bbox 855 1121 1136 1173; x_wconf 82' lang='grc' dir='ltr'>Βασιλείου</span> <span class='ocrx_word' id='word_1_81' title='bbox 1168 1123 1349 1173; x_wconf 81' lang='grc' dir='ltr'>ἐκεῖσε</span> <span class='ocrx_word' id='word_1_82' title='bbox 1405 1124 1785 1191; x_wconf 69' lang='grc' dir='ltr'>προπεμφθεὶς</span> <span class='ocrx_word' id='word_1_83' title='bbox 1817 1122 1943 1174; x_wconf 70' lang='lat' dir='ltr'><strong>Ern-</strong></span> 
     </span>
    </p>
   </div>
   <div class='ocr_carea' id='block_1_14' title="bbox 382 1208 1945 1281">
    <p class='ocr_par' dir='ltr' id='par_1_14' title="bbox 382 1208 1945 1281">
     <span class='ocr_line' id='line_1_14' title="bbox 382 1208 1945 1281; baseline 0.003 -25"><span class='ocrx_word' id='word_1_84' title='bbox 382 1217 525 1274; x_wconf 74' lang='grc' dir='ltr'>χεν),</span> <span class='ocrx_word' id='word_1_85' title='bbox 568 1209 647 1267; x_wconf 78' lang='grc' dir='ltr'><strong>είς</strong></span> <span class='ocrx_word' id='word_1_86' title='bbox 687 1208 1026 1260; x_wconf 69' lang='grc' dir='ltr'>ἀποστασίαν</span> <span class='ocrx_word' id='word_1_87' title='bbox 1050 1211 1219 1277; x_wconf 81' lang='grc' dir='ltr'>χωρεῖ</span> <span class='ocrx_word' id='word_1_88' title='bbox 1266 1210 1357 1261; x_wconf 75' lang='grc' dir='ltr'><strong>καὶ</strong></span> <span class='ocrx_word' id='word_1_89' title='bbox 1395 1212 1462 1262; x_wconf 86' lang='grc' dir='ltr'><strong>τὰ</strong></span> <span class='ocrx_word' id='word_1_90' title='bbox 1489 1213 1795 1280; x_wconf 79' lang='grc' dir='ltr'><strong>παράσημα</strong></span> <span class='ocrx_word' id='word_1_91' title='bbox 1843 1209 1945 1281; x_wconf 81' lang='grc' dir='ltr'>τῆς</span> 
     </span>
    </p>
   </div>
   <div class='ocr_carea' id='block_1_15' title="bbox 384 1297 1941 1371">
    <p class='ocr_par' dir='ltr' id='par_1_15' title="bbox 384 1297 1941 1371">
     <span class='ocr_line' id='line_1_15' title="bbox 384 1297 1941 1371; baseline 0.002 -23"><span class='ocrx_word' id='word_1_92' title='bbox 384 1298 662 1365; x_wconf 79' lang='grc' dir='ltr'>βασιλείας</span> <span class='ocrx_word' id='word_1_93' title='bbox 698 1297 944 1351; x_wconf 77' lang='grc' dir='ltr'>ἐνδύεται</span> <span class='ocrx_word' id='word_1_94' title='bbox 979 1301 1070 1352; x_wconf 70' lang='grc' dir='ltr'><strong>καὶ</strong></span> <span class='ocrx_word' id='word_1_95' title='bbox 1102 1302 1184 1363; x_wconf 86' lang='grc' dir='ltr'><strong>είς</strong></span> <span class='ocrx_word' id='word_1_96' title='bbox 1230 1300 1464 1370; x_wconf 74' lang='grc' dir='ltr'>Σερϐίαν</span> <span class='ocrx_word' id='word_1_97' title='bbox 1514 1301 1757 1371; x_wconf 79' lang='grc' dir='ltr'>ἔρχεται.</span> <span class='ocrx_word' id='word_1_98' title='bbox 1786 1303 1941 1356; x_wconf 84' lang='grc' dir='ltr'>Μαν-</span> 
     </span>
    </p>
   </div>
   <div class='ocr_carea' id='block_1_16' title="bbox 384 1391 1945 1463">
    <p class='ocr_par' dir='ltr' id='par_1_16' title="bbox 384 1391 1945 1463">
     <span class='ocr_line' id='line_1_16' title="bbox 384 1391 1945 1463; baseline 0.003 -23"><span class='ocrx_word' id='word_1_99' title='bbox 384 1392 529 1442; x_wconf 62' lang='lat' dir='ltr'><strong>ﬂius:</strong></span> <span class='ocrx_word' id='word_1_100' title='bbox 560 1391 687 1458; x_wconf 77' lang='grc' dir='ltr'>περὶ</span> <span class='ocrx_word' id='word_1_101' title='bbox 716 1391 909 1444; x_wconf 87' lang='grc' dir='ltr'>τούτου</span> <span class='ocrx_word' id='word_1_102' title='bbox 935 1394 963 1444; x_wconf 90' lang='lat'><strong>6</strong></span> <span class='ocrx_word' id='word_1_103' title='bbox 1009 1392 1285 1459; x_wconf 80' lang='grc' dir='ltr'>βασιλεὺς,</span> <span class='ocrx_word' id='word_1_104' title='bbox 1320 1395 1416 1445; x_wconf 65' lang='grc' dir='ltr'><strong>καλ⁸</strong></span> <span class='ocrx_word' id='word_1_105' title='bbox 1446 1394 1520 1462; x_wconf 80' lang='grc' dir='ltr'>μὴ</span> <span class='ocrx_word' id='word_1_106' title='bbox 1572 1393 1821 1463; x_wconf 71' lang='grc' dir='ltr'>δυνηθεὶς</span> <span class='ocrx_word' id='word_1_107' title='bbox 1856 1394 1945 1445; x_wconf 79' lang='grc' dir='ltr'>διὰ</span> 
     </span>
    </p>
   </div>
   <div class='ocr_carea' id='block_1_17' title="bbox 384 1470 1947 1554">
    <p class='ocr_par' dir='ltr' id='par_1_17' title="bbox 384 1470 1947 1554">
     <span class='ocr_line' id='line_1_17' title="bbox 384 1470 1947 1554; baseline 0.003 -20"><span class='ocrx_word' id='word_1_108' title='bbox 384 1470 729 1551; x_wconf 66' lang='grc' dir='ltr'>γραμμάτων</span> <span class='ocrx_word' id='word_1_109' title='bbox 759 1487 1123 1553; x_wconf 79' lang='grc' dir='ltr'>μεταποιῆσαι</span> <span class='ocrx_word' id='word_1_110' title='bbox 1152 1484 1336 1550; x_wconf 69' lang='grc' dir='ltr'>αὑτὸν,</span> <span class='ocrx_word' id='word_1_111' title='bbox 1376 1489 1530 1554; x_wconf 77' lang='grc' dir='ltr'>χεῖρα</span> <span class='ocrx_word' id='word_1_112' title='bbox 1560 1486 1784 1554; x_wconf 83' lang='grc' dir='ltr'>βαρεῖαν</span> <span class='ocrx_word' id='word_1_113' title='bbox 1815 1487 1947 1538; x_wconf 78' lang='grc' dir='ltr'>ἀπο-</span> 
     </span>
    </p>
   </div>
   <div class='ocr_carea' id='block_1_18' title="bbox 386 1572 1944 1647">
    <p class='ocr_par' dir='ltr' id='par_1_18' title="bbox 386 1572 1944 1647">
     <span class='ocr_line' id='line_1_18' title="bbox 386 1572 1944 1647; baseline 0.004 -22"><span class='ocrx_word' id='word_1_114' title='bbox 386 1572 596 1625; x_wconf 74' lang='grc' dir='ltr'>στέλλει</span> <span class='ocrx_word' id='word_1_115' title='bbox 622 1573 742 1626; x_wconf 86' lang='grc' dir='ltr'>κατ’</span> <span class='ocrx_word' id='word_1_116' title='bbox 781 1574 971 1627; x_wconf 74' lang='grc' dir='ltr'>αὐτοῦ’</span> <span class='ocrx_word' id='word_1_117' title='bbox 1011 1578 1261 1647; x_wconf 79' lang='grc' dir='ltr'>ποδάγρα</span> <span class='ocrx_word' id='word_1_118' title='bbox 1291 1580 1398 1646; x_wconf 76' lang='grc' dir='ltr'><strong>γὰρ</strong></span> <span class='ocrx_word' id='word_1_119' title='bbox 1441 1581 1468 1631; x_wconf 98' lang='lat'><strong>6</strong></span> <span class='ocrx_word' id='word_1_120' title='bbox 1499 1578 1753 1647; x_wconf 71' lang='grc' dir='ltr'>βασιλεὺς</span> <span class='ocrx_word' id='word_1_121' title='bbox 1789 1595 1944 1631; x_wconf 81' lang='grc' dir='ltr'>συνε-</span> 
     </span>
    </p>
   </div>
   <div class='ocr_carea' id='block_1_19' title="bbox 380 1669 1943 1740">
    <p class='ocr_par' dir='ltr' id='par_1_19' title="bbox 380 1669 1943 1740">
     <span class='ocr_line' id='line_1_19' title="bbox 380 1669 1943 1740; baseline -0.001 -19"><span class='ocrx_word' id='word_1_122' title='bbox 380 1669 610 1739; x_wconf 77' lang='grc' dir='ltr'>χόμενος</span> <span class='ocrx_word' id='word_1_123' title='bbox 660 1670 755 1723; x_wconf 80' lang='grc' dir='ltr'>καὶ</span> <span class='ocrx_word' id='word_1_124' title='bbox 802 1672 952 1740; x_wconf 86' lang='grc' dir='ltr'><strong>παρὰ</strong></span> <span class='ocrx_word' id='word_1_125' title='bbox 994 1670 1233 1739; x_wconf 75' lang='grc' dir='ltr'>δεμνίοις</span> <span class='ocrx_word' id='word_1_126' title='bbox 1276 1671 1502 1732; x_wconf 77' lang='grc' dir='ltr'>ἁπαλοῖς</span> <span class='ocrx_word' id='word_1_127' title='bbox 1556 1671 1830 1738; x_wconf 82' lang='grc' dir='ltr'>κείμενο·,</span> <span class='ocrx_word' id='word_1_128' title='bbox 1874 1670 1943 1721; x_wconf 82' lang='grc' dir='ltr'>δι’</span> 
     </span>
    </p>
   </div>
   <div class='ocr_carea' id='block_1_20' title="bbox 2042 488 3609 560">
    <p class='ocr_par' dir='ltr' id='par_1_20' title="bbox 2042 488 3609 560">
     <span class='ocr_line' id='line_1_20' title="bbox 2042 488 3609 560; baseline -0.001 -16"><span class='ocrx_word' id='word_1_129' title='bbox 2042 504 2143 544; x_wconf 86' lang='lat' dir='ltr'><strong>nes</strong></span> <span class='ocrx_word' id='word_1_130' title='bbox 2170 489 2525 560; x_wconf 72' lang='lat' dir='ltr'><strong>benignitatis</strong></span> <span class='ocrx_word' id='word_1_131' title='bbox 2557 488 2731 557; x_wconf 84' lang='lat' dir='ltr'><strong>ipsius</strong></span> <span class='ocrx_word' id='word_1_132' title='bbox 2764 488 3004 544; x_wconf 80' lang='lat' dir='ltr'><strong>fructum</strong></span> <span class='ocrx_word' id='word_1_133' title='bbox 3043 490 3407 559; x_wconf 86' lang='lat' dir='ltr'><strong>perciperent.</strong></span> <span class='ocrx_word' id='word_1_134' title='bbox 3465 491 3609 543; x_wconf 80' lang='lat' dir='ltr'><strong>Con-</strong></span> 
     </span>
    </p>
   </div>
   <div class='ocr_carea' id='block_1_21' title="bbox 2042 581 3615 652">
    <p class='ocr_par' dir='ltr' id='par_1_21' title="bbox 2042 581 3615 652">
     <span class='ocr_line' id='line_1_21' title="bbox 2042 581 3615 652; baseline 0.001 -17"><span class='ocrx_word' id='word_1_135' title='bbox 2042 591 2266 649; x_wconf 84' lang='lat' dir='ltr'><strong>spectus</strong></span> <span class='ocrx_word' id='word_1_136' title='bbox 2300 588 2385 635; x_wconf 90' lang='lat' dir='ltr'><strong>est</strong></span> <span class='ocrx_word' id='word_1_137' title='bbox 2438 581 2492 636; x_wconf 89' lang='lat' dir='ltr'><strong>id</strong></span> <span class='ocrx_word' id='word_1_138' title='bbox 2553 581 2818 652; x_wconf 89' lang='lat' dir='ltr'><strong>temporis</strong></span> <span class='ocrx_word' id='word_1_139' title='bbox 2864 592 3099 645; x_wconf 85' lang='lat' dir='ltr'><strong>cometa,</strong></span> <span class='ocrx_word' id='word_1_140' title='bbox 3147 582 3239 652; x_wconf 90' lang='lat' dir='ltr'><strong>qui</strong></span> <span class='ocrx_word' id='word_1_141' title='bbox 3288 582 3356 637; x_wconf 90' lang='lat' dir='ltr'><strong>ab</strong></span> <span class='ocrx_word' id='word_1_142' title='bbox 3399 584 3615 637; x_wconf 89' lang='lat' dir='ltr'><strong>oriente</strong></span> 
     </span>
    </p>
   </div>
   <div class='ocr_carea' id='block_1_22' title="bbox 2041 670 3611 739">
    <p class='ocr_par' dir='ltr' id='par_1_22' title="bbox 2041 670 3611 739">
     <span class='ocr_line' id='line_1_22' title="bbox 2041 670 3611 739; baseline 0.001 -16"><span class='ocrx_word' id='word_1_143' title='bbox 2041 684 2240 725; x_wconf 86' lang='lat' dir='ltr'><strong>versus</strong></span> <span class='ocrx_word' id='word_1_144' title='bbox 2289 670 2637 726; x_wconf 85' lang='lat' dir='ltr'><strong>occidentem</strong></span> <span class='ocrx_word' id='word_1_145' title='bbox 2688 679 2839 726; x_wconf 90' lang='lat' dir='ltr'><strong>motu</strong></span> <span class='ocrx_word' id='word_1_146' title='bbox 2897 686 2997 725; x_wconf 88' lang='lat' dir='ltr'><strong>suo</strong></span> <span class='ocrx_word' id='word_1_147' title='bbox 3042 671 3323 725; x_wconf 78' lang='lat' dir='ltr'><strong>ferebatur</strong></span> <span class='ocrx_word' id='word_1_148' title='bbox 3389 680 3611 739; x_wconf 84' lang='lat' dir='ltr'><strong>totoque</strong></span> 
     </span>
    </p>
   </div>
   <div class='ocr_carea' id='block_1_23' title="bbox 2043 763 3611 833">
    <p class='ocr_par' dir='ltr' id='par_1_23' title="bbox 2043 763 3611 833">
     <span class='ocr_line' id='line_1_23' title="bbox 2043 763 3611 833; baseline -0.003 -16"><span class='ocrx_word' id='word_1_149' title='bbox 2043 778 2231 818; x_wconf 87' lang='lat' dir='ltr'><strong>mense</strong></span> <span class='ocrx_word' id='word_1_150' title='bbox 2279 764 2517 825; x_wconf 87' lang='lat' dir='ltr'><strong>lucebat.</strong></span> <span class='ocrx_word' id='word_1_151' title='bbox 2562 763 2737 818; x_wconf 90' lang='lat' dir='ltr'><strong>altero</strong></span> <span class='ocrx_word' id='word_1_152' title='bbox 2782 772 2906 833; x_wconf 86' lang='lat' dir='ltr'><strong>post</strong></span> <span class='ocrx_word' id='word_1_153' title='bbox 2956 763 3149 817; x_wconf 90' lang='lat' dir='ltr'><strong>initum</strong></span> <span class='ocrx_word' id='word_1_154' title='bbox 3193 779 3221 816; x_wconf 91' lang='lat' dir='ltr'><strong>a</strong></span> <span class='ocrx_word' id='word_1_155' title='bbox 3258 764 3611 818; x_wconf 74' lang='lat' dir='ltr'><strong>Monnmacbn</strong></span> 
     </span>
    </p>
   </div>
   <div class='ocr_carea' id='block_1_24' title="bbox 2042 854 3610 923">
    <p class='ocr_par' dir='ltr' id='par_1_24' title="bbox 2042 854 3610 923">
     <span class='ocr_line' id='line_1_24' title="bbox 2042 854 3610 923; baseline 0 -15"><span class='ocrx_word' id='word_1_156' title='bbox 2042 855 2332 923; x_wconf 89' lang='lat' dir='ltr'><strong>imperium</strong></span> <span class='ocrx_word' id='word_1_157' title='bbox 2386 870 2553 910; x_wconf 89' lang='lat' dir='ltr'><strong>anno.</strong></span> <span class='ocrx_word' id='word_1_158' title='bbox 2616 854 2988 910; x_wconf 84' lang='lat' dir='ltr'><strong>Portendebat</strong></span> <span class='ocrx_word' id='word_1_159' title='bbox 3037 865 3219 910; x_wconf 90' lang='lat' dir='ltr'><strong>autem</strong></span> <span class='ocrx_word' id='word_1_160' title='bbox 3270 856 3610 909; x_wconf 82' lang='lat' dir='ltr'><strong>calamitates</strong></span> 
     </span>
    </p>
   </div>
   <div class='ocr_carea' id='block_1_25' title="bbox 2046 945 3608 1015">
    <p class='ocr_par' dir='ltr' id='par_1_25' title="bbox 2046 945 3608 1015">
     <span class='ocr_line' id='line_1_25' title="bbox 2046 945 3608 1015; baseline 0 -17"><span class='ocrx_word' id='word_1_161' title='bbox 2046 945 2168 1000; x_wconf 84' lang='lat' dir='ltr'><strong>illas</strong></span> <span class='ocrx_word' id='word_1_162' title='bbox 2213 945 2429 1011; x_wconf 89' lang='lat' dir='ltr'><strong>mundi,</strong></span> <span class='ocrx_word' id='word_1_163' title='bbox 2466 960 2586 1015; x_wconf 69' lang='lat' dir='ltr'><strong>quae</strong></span> <span class='ocrx_word' id='word_1_164' title='bbox 2621 955 2752 1000; x_wconf 91' lang='lat' dir='ltr'><strong>tunc</strong></span> <span class='ocrx_word' id='word_1_165' title='bbox 2798 945 3181 999; x_wconf 85' lang='lat' dir='ltr'><strong>imminebant.</strong></span> <span class='ocrx_word' id='word_1_166' title='bbox 3241 946 3454 1015; x_wconf 78' lang='lat' dir='ltr'><strong>Quippe</strong></span> <span class='ocrx_word' id='word_1_167' title='bbox 3500 962 3608 999; x_wconf 87' lang='lat' dir='ltr'><strong>non</strong></span> 
     </span>
    </p>
   </div>
   <div class='ocr_carea' id='block_1_26' title="bbox 2044 1036 3609 1106">
    <p class='ocr_par' dir='ltr' id='par_1_26' title="bbox 2044 1036 3609 1106">
     <span class='ocr_line' id='line_1_26' title="bbox 2044 1036 3609 1106; baseline 0.003 -16"><span class='ocrx_word' id='word_1_168' title='bbox 2044 1036 2116 1090; x_wconf 87' lang='lat' dir='ltr'><strong>ita</strong></span> <span class='ocrx_word' id='word_1_169' title='bbox 2168 1038 2343 1091; x_wconf 91' lang='lat' dir='ltr'><strong>multo</strong></span> <span class='ocrx_word' id='word_1_170' title='bbox 2392 1046 2517 1106; x_wconf 89' lang='lat' dir='ltr'><strong>post</strong></span> <span class='ocrx_word' id='word_1_171' title='bbox 2566 1038 2620 1090; x_wconf 91' lang='lat' dir='ltr'><strong>in</strong></span> <span class='ocrx_word' id='word_1_172' title='bbox 2681 1036 2868 1090; x_wconf 85' lang='lat' dir='ltr'><strong>Servia</strong></span> <span class='ocrx_word' id='word_1_173' title='bbox 2922 1036 3121 1090; x_wconf 88' lang='lat' dir='ltr'><strong>seditio</strong></span> <span class='ocrx_word' id='word_1_174' title='bbox 3166 1037 3433 1091; x_wconf 87' lang='lat' dir='ltr'><strong>concitata</strong></span> <span class='ocrx_word' id='word_1_175' title='bbox 3485 1038 3609 1095; x_wconf 73' lang='lat' dir='ltr'><strong>fuit.</strong></span> 
     </span>
    </p>
   </div>
   <div class='ocr_carea' id='block_1_27' title="bbox 2043 1126 3606 1197">
    <p class='ocr_par' dir='ltr' id='par_1_27' title="bbox 2043 1126 3606 1197">
     <span class='ocr_line' id='line_1_27' title="bbox 2043 1126 3606 1197; baseline -0.001 -15"><span class='ocrx_word' id='word_1_176' title='bbox 2043 1128 2198 1197; x_wconf 83' lang='lat' dir='ltr'><strong>cujus</strong></span> <span class='ocrx_word' id='word_1_177' title='bbox 2239 1127 2657 1196; x_wconf 82' lang='lat' dir='ltr'><strong>eompeseendae</strong></span> <span class='ocrx_word' id='word_1_178' title='bbox 2718 1129 2891 1197; x_wconf 84' lang='lat' dir='ltr'><strong>gratia</strong></span> <span class='ocrx_word' id='word_1_179' title='bbox 2941 1126 3155 1181; x_wconf 84' lang='lat' dir='ltr'><strong>litteras</strong></span> <span class='ocrx_word' id='word_1_180' title='bbox 3204 1127 3501 1196; x_wconf 82' lang='lat' dir='ltr'><strong>imperator</strong></span> <span class='ocrx_word' id='word_1_181' title='bbox 3539 1131 3606 1181; x_wconf 92' lang='lat' dir='ltr'><strong>ad</strong></span> 
     </span>
    </p>
   </div>
   <div class='ocr_carea' id='block_1_28' title="bbox 2044 1217 3616 1286">
    <p class='ocr_par' dir='ltr' id='par_1_28' title="bbox 2044 1217 3616 1286">
     <span class='ocr_line' id='line_1_28' title="bbox 2044 1217 3616 1286; baseline 0 -14"><span class='ocrx_word' id='word_1_182' title='bbox 2044 1219 2367 1285; x_wconf 81' lang='lat' dir='ltr'><strong>Dyrrhachii</strong></span> <span class='ocrx_word' id='word_1_183' title='bbox 2410 1219 2696 1286; x_wconf 73' lang='lat' dir='ltr'><strong>prmsidem</strong></span> <span class='ocrx_word' id='word_1_184' title='bbox 2730 1219 2901 1271; x_wconf 84' lang='lat' dir='ltr'><strong>dedit.</strong></span> <span class='ocrx_word' id='word_1_185' title='bbox 2974 1217 3043 1271; x_wconf 90' lang='lat' dir='ltr'><strong>lis</strong></span> <span class='ocrx_word' id='word_1_186' title='bbox 3083 1219 3325 1283; x_wconf 81' lang='lat' dir='ltr'><strong>acceptis</strong></span> <span class='ocrx_word' id='word_1_187' title='bbox 3351 1219 3441 1271; x_wconf 84' lang='lat' dir='ltr'><strong>illc</strong></span> <span class='ocrx_word' id='word_1_188' title='bbox 3474 1220 3616 1272; x_wconf 84' lang='lat' dir='ltr'><strong>mili—</strong></span> 
     </span>
    </p>
   </div>
   <div class='ocr_carea' id='block_1_29' title="bbox 2044 1296 3618 1381">
    <p class='ocr_par' dir='ltr' id='par_1_29' title="bbox 2044 1296 3618 1381">
     <span class='ocr_line' id='line_1_29' title="bbox 2044 1296 3618 1381; baseline -0.001 -19"><span class='ocrx_word' id='word_1_189' title='bbox 2044 1318 2159 1363; x_wconf 89' lang='lat' dir='ltr'><strong>tum</strong></span> <span class='ocrx_word' id='word_1_190' title='bbox 2189 1311 2253 1363; x_wconf 91' lang='lat' dir='ltr'><strong>ad</strong></span> <span class='ocrx_word' id='word_1_191' title='bbox 2279 1296 2557 1381; x_wconf 79' lang='lat' dir='ltr'><strong>sexaginta</strong></span> <span class='ocrx_word' id='word_1_192' title='bbox 2579 1310 2751 1364; x_wconf 78' lang='lat' dir='ltr'><strong>millia</strong></span> <span class='ocrx_word' id='word_1_193' title='bbox 2774 1309 2944 1380; x_wconf 87' lang='lat' dir='ltr'><strong>cogit,</strong></span> <span class='ocrx_word' id='word_1_194' title='bbox 2976 1320 3031 1364; x_wconf 91' lang='lat' dir='ltr'><strong>et</strong></span> <span class='ocrx_word' id='word_1_195' title='bbox 3059 1325 3184 1363; x_wconf 89' lang='lat' dir='ltr'><strong>eum</strong></span> <span class='ocrx_word' id='word_1_196' title='bbox 3216 1310 3320 1363; x_wconf 91' lang='lat' dir='ltr'><strong>illis</strong></span> <span class='ocrx_word' id='word_1_197' title='bbox 3345 1309 3618 1363; x_wconf 82' lang='lat' dir='ltr'><strong>Triballo-</strong></span> 
     </span>
    </p>
   </div>
   <div class='ocr_carea' id='block_1_30' title="bbox 2044 1403 3613 1471">
    <p class='ocr_par' dir='ltr' id='par_1_30' title="bbox 2044 1403 3613 1471">
     <span class='ocr_line' id='line_1_30' title="bbox 2044 1403 3613 1471; baseline 0.001 -19"><span class='ocrx_word' id='word_1_198' title='bbox 2044 1415 2164 1453; x_wconf 88' lang='lat' dir='ltr'><strong>rnm</strong></span> <span class='ocrx_word' id='word_1_199' title='bbox 2216 1403 2494 1469; x_wconf 83' lang='lat' dir='ltr'><strong>regionem</strong></span> <span class='ocrx_word' id='word_1_200' title='bbox 2542 1403 2831 1471; x_wconf 83' lang='lat' dir='ltr'><strong>ingressus</strong></span> <span class='ocrx_word' id='word_1_201' title='bbox 2883 1403 3218 1470; x_wconf 85' lang='lat' dir='ltr'><strong>Serviosque</strong></span> <span class='ocrx_word' id='word_1_202' title='bbox 3251 1416 3442 1470; x_wconf 86' lang='lat' dir='ltr'><strong>parum</strong></span> <span class='ocrx_word' id='word_1_203' title='bbox 3481 1416 3613 1469; x_wconf 89' lang='lat' dir='ltr'><strong>pru-</strong></span> 
     </span>
    </p>
   </div>
   <div class='ocr_carea' id='block_1_31' title="bbox 2044 1490 3611 1563">
    <p class='ocr_par' dir='ltr' id='par_1_31' title="bbox 2044 1490 3611 1563">
     <span class='ocr_line' id='line_1_31' title="bbox 2044 1490 3611 1563; baseline -0.002 -17"><span class='ocrx_word' id='word_1_204' title='bbox 2044 1492 2240 1547; x_wconf 88' lang='lat' dir='ltr'><strong>denter</strong></span> <span class='ocrx_word' id='word_1_205' title='bbox 2277 1492 2501 1546; x_wconf 86' lang='lat' dir='ltr'><strong>adortns</strong></span> <span class='ocrx_word' id='word_1_206' title='bbox 2532 1493 2890 1563; x_wconf 80' lang='lat' dir='ltr'><strong>quadraginta</strong></span> <span class='ocrx_word' id='word_1_207' title='bbox 2937 1492 3221 1545; x_wconf 86' lang='lat' dir='ltr'><strong>hominum</strong></span> <span class='ocrx_word' id='word_1_208' title='bbox 3272 1490 3440 1544; x_wconf 90' lang='lat' dir='ltr'><strong>millia</strong></span> <span class='ocrx_word' id='word_1_209' title='bbox 3483 1506 3611 1545; x_wconf 91' lang='lat' dir='ltr'><strong>eum</strong></span> 
     </span>
    </p>
   </div>
   <div class='ocr_carea' id='block_1_32' title="bbox 2044 1580 3609 1651">
    <p class='ocr_par' dir='ltr' id='par_1_32' title="bbox 2044 1580 3609 1651">
     <span class='ocr_line' id='line_1_32' title="bbox 2044 1580 3609 1651; baseline -0.001 -14"><span class='ocrx_word' id='word_1_210' title='bbox 2044 1593 2253 1651; x_wconf 60' lang='lat' dir='ltr'><strong>septem</strong></span> <span class='ocrx_word' id='word_1_211' title='bbox 2279 1584 2509 1638; x_wconf 88' lang='lat' dir='ltr'><strong>ducibus</strong></span> <span class='ocrx_word' id='word_1_212' title='bbox 2533 1584 2755 1637; x_wconf 91' lang='lat' dir='ltr'><strong>amittit.</strong></span> <span class='ocrx_word' id='word_1_213' title='bbox 2811 1585 3081 1637; x_wconf 64' lang='lat' dir='ltr'><strong>Praeterea</strong></span> <span class='ocrx_word' id='word_1_214' title='bbox 3105 1581 3373 1650; x_wconf 82' lang='lat' dir='ltr'><strong>Georgius</strong></span> <span class='ocrx_word' id='word_1_215' title='bbox 3399 1580 3609 1635; x_wconf 62' lang='lat' dir='ltr'><strong>Maniao</strong></span> 
     </span>
    </p>
   </div>
   <div class='ocr_carea' id='block_1_33' title="bbox 2044 1671 3604 1743">
    <p class='ocr_par' dir='ltr' id='par_1_33' title="bbox 2044 1671 3604 1743">
     <span class='ocr_line' id='line_1_33' title="bbox 2044 1671 3604 1743; baseline -0.001 -16"><span class='ocrx_word' id='word_1_216' title='bbox 2044 1689 2158 1731; x_wconf 74' lang='lat' dir='ltr'><strong>eos.</strong></span> <span class='ocrx_word' id='word_1_217' title='bbox 2196 1674 2287 1742; x_wconf 89' lang='lat' dir='ltr'><strong>qui</strong></span> <span class='ocrx_word' id='word_1_218' title='bbox 2335 1674 2564 1743; x_wconf 80' lang='lat' dir='ltr'><strong>degebat</strong></span> <span class='ocrx_word' id='word_1_219' title='bbox 2614 1675 2666 1726; x_wconf 90' lang='lat' dir='ltr'><strong>in</strong></span> <span class='ocrx_word' id='word_1_220' title='bbox 2708 1674 2882 1728; x_wconf 85' lang='lat' dir='ltr'><strong>Italia.</strong></span> <span class='ocrx_word' id='word_1_221' title='bbox 2921 1672 3120 1727; x_wconf 78' lang='lat' dir='ltr'><strong>missus</strong></span> <span class='ocrx_word' id='word_1_222' title='bbox 3170 1688 3238 1727; x_wconf 88' lang='lat' dir='ltr'><strong>eo</strong></span> <span class='ocrx_word' id='word_1_223' title='bbox 3274 1671 3604 1742; x_wconf 84' lang='lat' dir='ltr'><strong>jampridem</strong></span> 
     </span>
    </p>
   </div>
   <div class='ocr_carea' id='block_1_34' title="bbox 383 1733 1946 1834">
    <p class='ocr_par' dir='ltr' id='par_1_34' title="bbox 383 1745 1945 1832">
     <span class='ocr_line' id='line_1_34' title="bbox 383 1745 1945 1832; baseline 0.006 -24"><span class='ocrx_word' id='word_1_224' title='bbox 383 1757 582 1810; x_wconf 78' lang='grc' dir='ltr'>ἑαυτοῦ</span> <span class='ocrx_word' id='word_1_225' title='bbox 612 1760 725 1821; x_wconf 80' lang='grc' dir='ltr'>τοῖς</span> <span class='ocrx_word' id='word_1_226' title='bbox 754 1759 1017 1822; x_wconf 80' lang='grc' dir='ltr'>τοιούτοις</span> <span class='ocrx_word' id='word_1_227' title='bbox 1074 1760 1404 1827; x_wconf 72' lang='grc' dir='ltr'>ἐφίστασθαι</span> <span class='ocrx_word' id='word_1_228' title='bbox 1437 1764 1537 1815; x_wconf 78' lang='grc' dir='ltr'><strong>οὐκ</strong></span> <span class='ocrx_word' id='word_1_229' title='bbox 1561 1745 1814 1832; x_wconf 69' lang='grc' dir='ltr'>ἠδύνατο.</span> <span class='ocrx_word' id='word_1_230' title='bbox 1842 1765 1945 1817; x_wconf 61' lang='grc'><strong>116.</strong></span> 
     </span>
    </p>
   </div>
   <div class='ocr_carea' id='block_1_35' title="bbox 2046 1733 3598 1834">
    <p class='ocr_par' dir='ltr' id='par_1_35' title="bbox 2051 1764 3598 1834">
     <span class='ocr_line' id='line_1_35' title="bbox 2051 1764 3598 1834; baseline 0.001 -16"><span class='ocrx_word' id='word_1_231' title='bbox 2051 1767 2119 1818; x_wconf 90' lang='lat' dir='ltr'><strong>ah</strong></span> <span class='ocrx_word' id='word_1_232' title='bbox 2175 1767 2505 1834; x_wconf 86' lang='lat' dir='ltr'><strong>imperatore</strong></span> <span class='ocrx_word' id='word_1_233' title='bbox 2543 1767 2766 1831; x_wconf 86' lang='lat' dir='ltr'><strong>Basilio,</strong></span> <span class='ocrx_word' id='word_1_234' title='bbox 2820 1766 3185 1820; x_wconf 77' lang='lat' dir='ltr'><strong>defectionem</strong></span> <span class='ocrx_word' id='word_1_235' title='bbox 3221 1764 3444 1820; x_wconf 71' lang='lat' dir='ltr'><strong>molitus</strong></span> <span class='ocrx_word' id='word_1_236' title='bbox 3476 1776 3598 1828; x_wconf 82' lang='lat' dir='ltr'><strong>est;</strong></span> 
     </span>
    </p>
   </div>
   <div class='ocr_carea' id='block_1_36' title="bbox 380 1847 1945 1924">
    <p class='ocr_par' dir='ltr' id='par_1_36' title="bbox 380 1847 1945 1924">
     <span class='ocr_line' id='line_1_36' title="bbox 380 1847 1945 1924; baseline 0.006 -26"><span class='ocrx_word' id='word_1_237' title='bbox 380 1847 548 1917; x_wconf 79' lang='grc' dir='ltr'>λεμος</span> <span class='ocrx_word' id='word_1_238' title='bbox 577 1849 671 1902; x_wconf 75' lang='grc' dir='ltr'><strong>οὖν</strong></span> <span class='ocrx_word' id='word_1_239' title='bbox 697 1850 755 1903; x_wconf 81' lang='grc' dir='ltr'>ὲν</span> <span class='ocrx_word' id='word_1_240' title='bbox 782 1852 859 1920; x_wconf 84' lang='grc' dir='ltr'><strong>τῷ</strong></span> <span class='ocrx_word' id='word_1_241' title='bbox 902 1853 957 1904; x_wconf 88' lang='grc' dir='ltr'><strong>Ὀ</strong></span> <span class='ocrx_word' id='word_1_242' title='bbox 969 1853 1171 1923; x_wconf 69' lang='grc' dir='ltr'>στροϐᾠ</span> <span class='ocrx_word' id='word_1_243' title='bbox 1199 1857 1606 1920; x_wconf 81' lang='grc' dir='ltr'>συγκροτεῖται.</span> <span class='ocrx_word' id='word_1_244' title='bbox 1644 1859 1738 1911; x_wconf 76' lang='grc' dir='ltr'><strong>καὶ</strong></span> <span class='ocrx_word' id='word_1_245' title='bbox 1764 1858 1945 1924; x_wconf 71' lang='grc' dir='ltr'>αἰφνί-</span> 
     </span>
    </p>
   </div>
   <div class='ocr_carea' id='block_1_37' title="bbox 380 1941 1947 2016">
    <p class='ocr_par' dir='ltr' id='par_1_37' title="bbox 380 1941 1947 2016">
     <span class='ocr_line' id='line_1_37' title="bbox 380 1941 1947 2016; baseline 0.002 -23"><span class='ocrx_word' id='word_1_246' title='bbox 380 1941 493 1993; x_wconf 87' lang='grc' dir='ltr'>διον</span> <span class='ocrx_word' id='word_1_247' title='bbox 534 1942 721 1995; x_wconf 84' lang='grc' dir='ltr'>πίπτει</span> <span class='ocrx_word' id='word_1_248' title='bbox 752 1943 845 1995; x_wconf 85' lang='grc' dir='ltr'>τοῦ</span> <span class='ocrx_word' id='word_1_249' title='bbox 880 1945 1049 1995; x_wconf 81' lang='grc' dir='ltr'>ἵππου</span> <span class='ocrx_word' id='word_1_250' title='bbox 1091 1947 1118 1996; x_wconf 84' lang='lat'><strong>6</strong></span> <span class='ocrx_word' id='word_1_251' title='bbox 1146 1945 1455 2012; x_wconf 85' lang='grc' dir='ltr'>Μανιὰκης,</span> <span class='ocrx_word' id='word_1_252' title='bbox 1487 1946 1655 1999; x_wconf 80' lang='grc' dir='ltr'>πολλὰ</span> <span class='ocrx_word' id='word_1_253' title='bbox 1677 1947 1947 2016; x_wconf 82' lang='grc' dir='ltr'>πρότερον</span> 
     </span>
    </p>
   </div>
   <div class='ocr_carea' id='block_1_38' title="bbox 289 2022 1947 2105">
    <p class='ocr_par' dir='ltr' id='par_1_38' title="bbox 289 2022 1947 2105">
     <span class='ocr_line' id='line_1_38' title="bbox 289 2022 1947 2105; baseline 0.004 -24"><span class='ocrx_word' id='word_1_254' title='bbox 289 2037 300 2046; x_wconf 84' lang='grc'><strong>⁸</strong></span> <span class='ocrx_word' id='word_1_255' title='bbox 379 2022 476 2082; x_wconf 73' lang='grc' dir='ltr'>τοῦ</span> <span class='ocrx_word' id='word_1_256' title='bbox 511 2032 745 2099; x_wconf 88' lang='grc' dir='ltr'>στρατοῦ</span> <span class='ocrx_word' id='word_1_257' title='bbox 780 2035 1152 2102; x_wconf 78' lang='grc' dir='ltr'>κατατρέχων.</span> <span class='ocrx_word' id='word_1_258' title='bbox 1201 2034 1471 2102; x_wconf 83' lang='grc' dir='ltr'>Τέμνεται</span> <span class='ocrx_word' id='word_1_259' title='bbox 1529 2034 1629 2103; x_wconf 75' lang='grc' dir='ltr'>τὴν</span> <span class='ocrx_word' id='word_1_260' title='bbox 1677 2037 1947 2105; x_wconf 74' lang='grc' dir='ltr'>κεφαλήν.</span> 
     </span>
    </p>
   </div>
   <div class='ocr_carea' id='block_1_39' title="bbox 2049 1854 3609 1927">
    <p class='ocr_par' dir='ltr' id='par_1_39' title="bbox 2049 1854 3609 1927">
     <span class='ocr_line' id='line_1_39' title="bbox 2049 1854 3609 1927; baseline 0.001 -16"><span class='ocrx_word' id='word_1_261' title='bbox 2049 1873 2114 1911; x_wconf 79' lang='lat' dir='ltr'><strong>ac</strong></span> <span class='ocrx_word' id='word_1_262' title='bbox 2174 1858 2412 1925; x_wconf 87' lang='lat' dir='ltr'><strong>sumptis</strong></span> <span class='ocrx_word' id='word_1_263' title='bbox 2464 1857 2772 1924; x_wconf 78' lang='lat' dir='ltr'><strong>insignibus</strong></span> <span class='ocrx_word' id='word_1_264' title='bbox 2830 1854 3047 1927; x_wconf 89' lang='lat' dir='ltr'><strong>imperii</strong></span> <span class='ocrx_word' id='word_1_265' title='bbox 3096 1870 3161 1911; x_wconf 90' lang='lat' dir='ltr'><strong>ao</strong></span> <span class='ocrx_word' id='word_1_266' title='bbox 3215 1856 3439 1913; x_wconf 77' lang='lat' dir='ltr'><strong>Servios</strong></span> <span class='ocrx_word' id='word_1_267' title='bbox 3488 1872 3609 1912; x_wconf 79' lang='lat' dir='ltr'><strong>sese</strong></span> 
     </span>
    </p>
   </div>
   <div class='ocr_carea' id='block_1_40' title="bbox 2045 1947 3616 2021">
    <p class='ocr_par' dir='ltr' id='par_1_40' title="bbox 2045 1947 3616 2021">
     <span class='ocr_line' id='line_1_40' title="bbox 2045 1947 3616 2021; baseline 0.002 -19"><span class='ocrx_word' id='word_1_268' title='bbox 2045 1948 2296 2002; x_wconf 89' lang='lat' dir='ltr'><strong>contulit.</strong></span> <span class='ocrx_word' id='word_1_269' title='bbox 2327 1947 2424 2002; x_wconf 87' lang='lat' dir='ltr'><strong>llis</strong></span> <span class='ocrx_word' id='word_1_270' title='bbox 2454 1948 2619 2003; x_wconf 81' lang='lat' dir='ltr'><strong>rebus</strong></span> <span class='ocrx_word' id='word_1_271' title='bbox 2659 1948 2891 2018; x_wconf 81' lang='lat' dir='ltr'><strong>cognitis</strong></span> <span class='ocrx_word' id='word_1_272' title='bbox 2933 1948 3253 2018; x_wconf 82' lang='lat' dir='ltr'><strong>imperator,</strong></span> <span class='ocrx_word' id='word_1_273' title='bbox 3283 1948 3378 2021; x_wconf 87' lang='lat' dir='ltr'><strong>qui</strong></span> <span class='ocrx_word' id='word_1_274' title='bbox 3416 1952 3616 2005; x_wconf 88' lang='lat' dir='ltr'><strong>litteris</strong></span> 
     </span>
    </p>
   </div>
   <div class='ocr_carea' id='block_1_41' title="bbox 2049 2038 3617 2110">
    <p class='ocr_par' dir='ltr' id='par_1_41' title="bbox 2049 2038 3617 2110">
     <span class='ocr_line' id='line_1_41' title="bbox 2049 2038 3617 2110; baseline 0.001 -18"><span class='ocrx_word' id='word_1_275' title='bbox 2049 2040 2118 2093; x_wconf 89' lang='lat' dir='ltr'><strong>ad</strong></span> <span class='ocrx_word' id='word_1_276' title='bbox 2160 2038 2459 2093; x_wconf 81' lang='lat' dir='ltr'><strong>Maniacem</strong></span> <span class='ocrx_word' id='word_1_277' title='bbox 2507 2040 2833 2110; x_wconf 86' lang='lat' dir='ltr'><strong>perscriptis</strong></span> <span class='ocrx_word' id='word_1_278' title='bbox 2883 2040 2951 2094; x_wconf 87' lang='lat' dir='ltr'><strong>ab</strong></span> <span class='ocrx_word' id='word_1_279' title='bbox 2984 2040 3239 2096; x_wconf 83' lang='lat' dir='ltr'><strong>instituto</strong></span> <span class='ocrx_word' id='word_1_280' title='bbox 3286 2057 3394 2095; x_wconf 90' lang='lat' dir='ltr'><strong>non</strong></span> <span class='ocrx_word' id='word_1_281' title='bbox 3430 2050 3617 2109; x_wconf 88' lang='lat' dir='ltr'><strong>posset</strong></span> 
     </span>
    </p>
   </div>
   <div class='ocr_carea' id='block_1_42' title="bbox 381 2121 1946 2197">
    <p class='ocr_par' dir='ltr' id='par_1_42' title="bbox 381 2121 1946 2197">
     <span class='ocr_line' id='line_1_42' title="bbox 381 2121 1946 2197; baseline 0.004 -24"><span class='ocrx_word' id='word_1_282' title='bbox 381 2121 474 2190; x_wconf 85' lang='grc' dir='ltr'><strong>Τῷ</strong></span> <span class='ocrx_word' id='word_1_283' title='bbox 506 2122 716 2192; x_wconf 83' lang='grc' dir='ltr'>βασιλεῖ</span> <span class='ocrx_word' id='word_1_284' title='bbox 741 2124 1041 2191; x_wconf 77' lang='grc' dir='ltr'>στέλλεται,</span> <span class='ocrx_word' id='word_1_285' title='bbox 1073 2129 1163 2177; x_wconf 75' lang='grc' dir='ltr'><strong>καὶ</strong></span> <span class='ocrx_word' id='word_1_286' title='bbox 1216 2126 1389 2195; x_wconf 73' lang='grc' dir='ltr'>μέγας</span> <span class='ocrx_word' id='word_1_287' title='bbox 1428 2126 1518 2178; x_wconf 75' lang='grc' dir='ltr'>ἐπὶ</span> <span class='ocrx_word' id='word_1_288' title='bbox 1550 2127 1723 2197; x_wconf 84' lang='grc' dir='ltr'>τούτῳ</span> <span class='ocrx_word' id='word_1_289' title='bbox 1750 2127 1946 2197; x_wconf 81' lang='grc' dir='ltr'>θρίαμ-</span> 
     </span>
    </p>
   </div>
   <div class='ocr_carea' id='block_1_43' title="bbox 2046 2121 3614 2197">
    <p class='ocr_par' dir='ltr' id='par_1_43' title="bbox 2051 2130 3614 2194">
     <span class='ocr_line' id='line_1_43' title="bbox 2051 2130 3614 2194; baseline -0.001 -10"><span class='ocrx_word' id='word_1_290' title='bbox 2051 2130 2331 2184; x_wconf 85' lang='lat' dir='ltr'><strong>bominem</strong></span> <span class='ocrx_word' id='word_1_291' title='bbox 2364 2139 2637 2194; x_wconf 85' lang='lat' dir='ltr'><strong>avertere,</strong></span> <span class='ocrx_word' id='word_1_292' title='bbox 2668 2130 2900 2184; x_wconf 87' lang='lat' dir='ltr'><strong>validam</strong></span> <span class='ocrx_word' id='word_1_293' title='bbox 2947 2145 3165 2186; x_wconf 88' lang='lat' dir='ltr'><strong>manum</strong></span> <span class='ocrx_word' id='word_1_294' title='bbox 3195 2133 3459 2186; x_wconf 76' lang='lat' dir='ltr'><strong>adversus</strong></span> <span class='ocrx_word' id='word_1_295' title='bbox 3489 2146 3614 2184; x_wconf 91' lang='lat' dir='ltr'><strong>eum</strong></span> 
     </span>
    </p>
   </div>
   <div class='ocr_carea' id='block_1_44' title="bbox 400 2214 743 2283">
    <p class='ocr_par' dir='ltr' id='par_1_44' title="bbox 400 2214 743 2283">
     <span class='ocr_line' id='line_1_44' title="bbox 400 2214 743 2283; baseline 0.015 -17"><span class='ocrx_word' id='word_1_296' title='bbox 400 2214 489 2276; x_wconf 83' lang='lat' dir='ltr'><strong>Co;</strong></span> <span class='ocrx_word' id='word_1_297' title='bbox 512 2215 743 2283; x_wconf 87' lang='grc' dir='ltr'>γίνεται.</span> 
     </span>
    </p>
   </div>
   <div class='ocr_carea' id='block_1_45' title="bbox 2054 2219 3619 2292">
    <p class='ocr_par' dir='ltr' id='par_1_45' title="bbox 2054 2219 3619 2292">
     <span class='ocr_line' id='line_1_45' title="bbox 2054 2219 3619 2292; baseline -0.003 -17"><span class='ocrx_word' id='word_1_298' title='bbox 2054 2221 2233 2277; x_wconf 82' lang='lat' dir='ltr'><strong>misit.</strong></span> <span class='ocrx_word' id='word_1_299' title='bbox 2261 2220 2474 2275; x_wconf 83' lang='lat' dir='ltr'><strong>Etenim</strong></span> <span class='ocrx_word' id='word_1_300' title='bbox 2502 2220 2794 2290; x_wconf 80' lang='lat' dir='ltr'><strong>imperator</strong></span> <span class='ocrx_word' id='word_1_301' title='bbox 2839 2222 3093 2292; x_wconf 73' lang='lat' dir='ltr'><strong>podagra:</strong></span> <span class='ocrx_word' id='word_1_302' title='bbox 3123 2221 3316 2275; x_wconf 91' lang='lat' dir='ltr'><strong>morbo</strong></span> <span class='ocrx_word' id='word_1_303' title='bbox 3351 2219 3619 2289; x_wconf 68' lang='lat' dir='ltr'><strong>prtepcdi-</strong></span> 
     </span>
    </p>
   </div>
   <div class='ocr_carea' id='block_1_46' title="bbox 389 2296 3615 2382">
    <p class='ocr_par' dir='ltr' id='par_1_46' title="bbox 389 2296 3615 2382">
     <span class='ocr_line' id='line_1_46' title="bbox 389 2296 3615 2382; baseline 0.001 -22"><span class='ocrx_word' id='word_1_304' title='bbox 389 2318 476 2360; x_wconf 91' lang='lat' dir='ltr'><strong>tus</strong></span> <span class='ocrx_word' id='word_1_305' title='bbox 511 2315 565 2360; x_wconf 89' lang='lat' dir='ltr'><strong>et</strong></span> <span class='ocrx_word' id='word_1_306' title='bbox 613 2308 753 2361; x_wconf 85' lang='lat' dir='ltr'><strong>lecto</strong></span> <span class='ocrx_word' id='word_1_307' title='bbox 787 2296 981 2363; x_wconf 79' lang='lat' dir='ltr'><strong>a&#39;lixns</strong></span> <span class='ocrx_word' id='word_1_308' title='bbox 1012 2309 1174 2363; x_wconf 84' lang='lat' dir='ltr'><strong>rebus</strong></span> <span class='ocrx_word' id='word_1_309' title='bbox 1215 2307 1367 2364; x_wconf 87' lang='lat' dir='ltr'><strong>hisce</strong></span> <span class='ocrx_word' id='word_1_310' title='bbox 1411 2310 1666 2381; x_wconf 85' lang='lat' dir='ltr'><strong>gerendis</strong></span> <span class='ocrx_word' id='word_1_311' title='bbox 1710 2310 1942 2379; x_wconf 84' lang='lat' dir='ltr'><strong>ipsemet</strong></span> <span class='ocrx_word' id='word_1_312' title='bbox 1982 2314 2174 2367; x_wconf 85' lang='lat' dir='ltr'><strong>adesse</strong></span> <span class='ocrx_word' id='word_1_313' title='bbox 2204 2328 2312 2369; x_wconf 91' lang='lat' dir='ltr'><strong>non</strong></span> <span class='ocrx_word' id='word_1_314' title='bbox 2360 2320 2598 2382; x_wconf 89' lang='lat' dir='ltr'><strong>poterat.</strong></span> <span class='ocrx_word' id='word_1_315' title='bbox 2649 2312 2917 2369; x_wconf 89' lang='lat' dir='ltr'><strong>Conserto</strong></span> <span class='ocrx_word' id='word_1_316' title='bbox 2966 2322 3149 2367; x_wconf 89' lang='lat' dir='ltr'><strong>autem</strong></span> <span class='ocrx_word' id='word_1_317' title='bbox 3220 2312 3286 2366; x_wconf 88' lang='lat' dir='ltr'><strong>ad</strong></span> <span class='ocrx_word' id='word_1_318' title='bbox 3356 2312 3615 2366; x_wconf 86' lang='lat' dir='ltr'><strong>Strobum</strong></span> 
     </span>
    </p>
   </div>
   <div class='ocr_carea' id='block_1_47' title="bbox 380 2402 3614 2475">
    <p class='ocr_par' dir='ltr' id='par_1_47' title="bbox 380 2402 3614 2475">
     <span class='ocr_line' id='line_1_47' title="bbox 380 2402 3614 2475; baseline 0.001 -22"><span class='ocrx_word' id='word_1_319' title='bbox 380 2403 569 2471; x_wconf 66' lang='lat' dir='ltr'><strong>puelio</strong></span> <span class='ocrx_word' id='word_1_320' title='bbox 600 2402 868 2456; x_wconf 79' lang='lat' dir='ltr'><strong>Maniaees</strong></span> <span class='ocrx_word' id='word_1_321' title='bbox 924 2418 988 2455; x_wconf 82' lang='lat' dir='ltr'><strong>ex</strong></span> <span class='ocrx_word' id='word_1_322' title='bbox 1057 2416 1200 2470; x_wconf 85' lang='lat' dir='ltr'><strong>equo</strong></span> <span class='ocrx_word' id='word_1_323' title='bbox 1234 2402 1417 2457; x_wconf 89' lang='lat' dir='ltr'><strong>subito</strong></span> <span class='ocrx_word' id='word_1_324' title='bbox 1464 2403 1650 2472; x_wconf 88' lang='lat' dir='ltr'><strong>lapsus</strong></span> <span class='ocrx_word' id='word_1_325' title='bbox 1678 2415 1780 2467; x_wconf 88' lang='lat' dir='ltr'><strong>est,</strong></span> <span class='ocrx_word' id='word_1_326' title='bbox 1826 2413 1881 2458; x_wconf 91' lang='lat' dir='ltr'><strong>et</strong></span> <span class='ocrx_word' id='word_1_327' title='bbox 1918 2406 2008 2474; x_wconf 85' lang='lat' dir='ltr'><strong>qui</strong></span> <span class='ocrx_word' id='word_1_328' title='bbox 2046 2414 2207 2458; x_wconf 87' lang='lat' dir='ltr'><strong>antea</strong></span> <span class='ocrx_word' id='word_1_329' title='bbox 2242 2407 2425 2475; x_wconf 86' lang='lat' dir='ltr'><strong>cepias</strong></span> <span class='ocrx_word' id='word_1_330' title='bbox 2461 2404 2687 2458; x_wconf 87' lang='lat' dir='ltr'><strong>hostiles</strong></span> <span class='ocrx_word' id='word_1_331' title='bbox 2719 2414 3055 2473; x_wconf 79' lang='lat' dir='ltr'><strong>pervaserat,</strong></span> <span class='ocrx_word' id='word_1_332' title='bbox 3086 2403 3262 2472; x_wconf 86' lang='lat' dir='ltr'><strong>capite</strong></span> <span class='ocrx_word' id='word_1_333' title='bbox 3297 2411 3614 2470; x_wconf 81' lang='lat' dir='ltr'><strong>truncatus;</strong></span> 
     </span>
    </p>
   </div>
   <div class='ocr_carea' id='block_1_48' title="bbox 381 2494 2980 2564">
    <p class='ocr_par' dir='ltr' id='par_1_48' title="bbox 381 2494 2980 2564">
     <span class='ocr_line' id='line_1_48' title="bbox 381 2494 2980 2564; baseline -0.001 -15"><span class='ocrx_word' id='word_1_334' title='bbox 381 2497 527 2564; x_wconf 69' lang='lat' dir='ltr'><strong>quo]</strong></span> <span class='ocrx_word' id='word_1_335' title='bbox 570 2495 888 2563; x_wconf 70' lang='lat' dir='ltr'><strong>imperatori</strong></span> <span class='ocrx_word' id='word_1_336' title='bbox 929 2510 1051 2547; x_wconf 85' lang='lat' dir='ltr'><strong>eum</strong></span> <span class='ocrx_word' id='word_1_337' title='bbox 1095 2495 1321 2547; x_wconf 62' lang='lat' dir='ltr'><strong>missum</strong></span> <span class='ocrx_word' id='word_1_338' title='bbox 1354 2494 1580 2564; x_wconf 75' lang='lat' dir='ltr'><strong>fuisset,</strong></span> <span class='ocrx_word' id='word_1_339' title='bbox 1622 2510 1849 2564; x_wconf 82' lang='lat' dir='ltr'><strong>magnus</strong></span> <span class='ocrx_word' id='word_1_340' title='bbox 1878 2510 1943 2549; x_wconf 91' lang='lat' dir='ltr'><strong>eo</strong></span> <span class='ocrx_word' id='word_1_341' title='bbox 1983 2496 2177 2549; x_wconf 89' lang='lat' dir='ltr'><strong>nuntio</strong></span> <span class='ocrx_word' id='word_1_342' title='bbox 2207 2494 2520 2563; x_wconf 89' lang='lat' dir='ltr'><strong>triumphus</strong></span> <span class='ocrx_word' id='word_1_343' title='bbox 2559 2494 2845 2548; x_wconf 88' lang='lat' dir='ltr'><strong>institutus</strong></span> <span class='ocrx_word' id='word_1_344' title='bbox 2877 2502 2980 2547; x_wconf 88' lang='lat' dir='ltr'><strong>est.</strong></span> 
     </span>
    </p>
   </div>
   <div class='ocr_carea' id='block_1_49' title="bbox 452 2583 1940 2654">
    <p class='ocr_par' dir='ltr' id='par_1_49' title="bbox 452 2583 1940 2654">
     <span class='ocr_line' id='line_1_49' title="bbox 452 2583 1940 2654; baseline -0.003 -15"><span class='ocrx_word' id='word_1_345' title='bbox 452 2587 613 2639; x_wconf 80' lang='grc' dir='ltr'>Ἀλλὰ</span> <span class='ocrx_word' id='word_1_346' title='bbox 644 2588 739 2637; x_wconf 59' lang='grc' dir='ltr'><strong>καί⁵</strong></span> <span class='ocrx_word' id='word_1_347' title='bbox 775 2585 1029 2652; x_wconf 72' lang='grc' dir='ltr'>Θεόφιλος</span> <span class='ocrx_word' id='word_1_348' title='bbox 1073 2587 1101 2636; x_wconf 92' lang='lat'><strong>6</strong></span> <span class='ocrx_word' id='word_1_349' title='bbox 1147 2583 1446 2654; x_wconf 74' lang='grc' dir='ltr'>Ἐρωτικὸς</span> <span class='ocrx_word' id='word_1_350' title='bbox 1500 2585 1821 2653; x_wconf 76' lang='grc' dir='ltr'>στρατηγῶν</span> <span class='ocrx_word' id='word_1_351' title='bbox 1883 2587 1940 2635; x_wconf 83' lang='grc' dir='ltr'>ἐν</span> 
     </span>
    </p>
   </div>
   <div class='ocr_carea' id='block_1_50' title="bbox 380 2675 1942 2748">
    <p class='ocr_par' dir='ltr' id='par_1_50' title="bbox 380 2675 1942 2748">
     <span class='ocr_line' id='line_1_50' title="bbox 380 2675 1942 2748; baseline -0.003 -16"><span class='ocrx_word' id='word_1_352' title='bbox 380 2680 617 2748; x_wconf 80' lang='grc' dir='ltr'><strong>Κύπρῳ,</strong></span> <span class='ocrx_word' id='word_1_353' title='bbox 677 2678 771 2729; x_wconf 71' lang='grc' dir='ltr'><strong>καὶ</strong></span> <span class='ocrx_word' id='word_1_354' title='bbox 824 2675 1009 2743; x_wconf 78' lang='grc' dir='ltr'>μαθὼν</span> <span class='ocrx_word' id='word_1_355' title='bbox 1046 2675 1112 2727; x_wconf 77' lang='grc' dir='ltr'>τὰ</span> <span class='ocrx_word' id='word_1_356' title='bbox 1148 2676 1278 2745; x_wconf 73' lang='grc' dir='ltr'>περὶ</span> <span class='ocrx_word' id='word_1_357' title='bbox 1331 2675 1422 2727; x_wconf 66' lang='grc' dir='ltr'><strong>τὸν</strong></span> <span class='ocrx_word' id='word_1_358' title='bbox 1466 2676 1801 2743; x_wconf 76' lang='grc' dir='ltr'>Καλαφάτην</span> <span class='ocrx_word' id='word_1_359' title='bbox 1847 2678 1942 2729; x_wconf 70' lang='grc' dir='ltr'><strong>καὶ</strong></span> 
     </span>
    </p>
   </div>
   <div class='ocr_carea' id='block_1_51' title="bbox 379 2764 1946 2834">
    <p class='ocr_par' dir='ltr' id='par_1_51' title="bbox 379 2764 1946 2834">
     <span class='ocr_line' id='line_1_51' title="bbox 379 2764 1946 2834; baseline -0.004 -14"><span class='ocrx_word' id='word_1_360' title='bbox 379 2766 466 2821; x_wconf 75' lang='grc' dir='ltr'>ὅτι</span> <span class='ocrx_word' id='word_1_361' title='bbox 515 2768 775 2834; x_wconf 73' lang='grc' dir='ltr'>σύγχυσιν</span> <span class='ocrx_word' id='word_1_362' title='bbox 826 2765 937 2833; x_wconf 75' lang='grc' dir='ltr'>ἔχει</span> <span class='ocrx_word' id='word_1_363' title='bbox 984 2764 1053 2815; x_wconf 68' lang='grc' dir='ltr'>τὰ</span> <span class='ocrx_word' id='word_1_364' title='bbox 1102 2765 1423 2833; x_wconf 78' lang='grc' dir='ltr'>πράγματα,</span> <span class='ocrx_word' id='word_1_365' title='bbox 1477 2766 1601 2826; x_wconf 80' lang='grc' dir='ltr'>τοὺς</span> <span class='ocrx_word' id='word_1_366' title='bbox 1665 2764 1946 2833; x_wconf 83' lang='grc' dir='ltr'>Κυπρίους</span> 
     </span>
    </p>
   </div>
   <div class='ocr_carea' id='block_1_52' title="bbox 382 2851 1949 2921">
    <p class='ocr_par' dir='ltr' id='par_1_52' title="bbox 382 2851 1949 2921">
     <span class='ocr_line' id='line_1_52' title="bbox 382 2851 1949 2921; baseline -0.003 -14"><span class='ocrx_word' id='word_1_367' title='bbox 382 2855 691 2910; x_wconf 73' lang='grc' dir='ltr'>ὑπανὰπτει</span> <span class='ocrx_word' id='word_1_368' title='bbox 726 2856 818 2907; x_wconf 72' lang='grc' dir='ltr'><strong>καὶ</strong></span> <span class='ocrx_word' id='word_1_369' title='bbox 860 2855 941 2915; x_wconf 83' lang='grc' dir='ltr'><strong>είς</strong></span> <span class='ocrx_word' id='word_1_370' title='bbox 989 2854 1333 2906; x_wconf 64' lang='grc' dir='ltr'>ἀποστ-νσίαν</span> <span class='ocrx_word' id='word_1_371' title='bbox 1364 2854 1550 2921; x_wconf 82' lang='grc' dir='ltr'>χωρεῖ.</span> <span class='ocrx_word' id='word_1_372' title='bbox 1616 2852 1757 2904; x_wconf 76' lang='grc' dir='ltr'>Ἀλλ’</span> <span class='ocrx_word' id='word_1_373' title='bbox 1796 2856 1823 2903; x_wconf 84' lang='lat'><strong>6</strong></span> <span class='ocrx_word' id='word_1_374' title='bbox 1855 2851 1949 2920; x_wconf 81' lang='grc' dir='ltr'><strong>βα-</strong></span> 
     </span>
    </p>
   </div>
   <div class='ocr_carea' id='block_1_53' title="bbox 384 2945 1948 3017">
    <p class='ocr_par' dir='ltr' id='par_1_53' title="bbox 384 2945 1948 3017">
     <span class='ocr_line' id='line_1_53' title="bbox 384 2945 1948 3017; baseline -0.004 -16"><span class='ocrx_word' id='word_1_375' title='bbox 384 2951 567 3011; x_wconf 70' lang='grc' dir='ltr'>σιλεὺς</span> <span class='ocrx_word' id='word_1_376' title='bbox 597 2947 920 3008; x_wconf 75' lang='grc' dir='ltr'>ἀποστείλας</span> <span class='ocrx_word' id='word_1_377' title='bbox 954 2946 1233 3017; x_wconf 68' lang='grc' dir='ltr'>χειροῦται</span> <span class='ocrx_word' id='word_1_378' title='bbox 1288 2945 1474 3004; x_wconf 70' lang='grc' dir='ltr'>αὑτὸν,</span> <span class='ocrx_word' id='word_1_379' title='bbox 1539 2947 1632 2997; x_wconf 74' lang='grc' dir='ltr'><strong>καὶ</strong></span> <span class='ocrx_word' id='word_1_380' title='bbox 1684 2949 1741 2994; x_wconf 80' lang='grc' dir='ltr'>ὲν</span> <span class='ocrx_word' id='word_1_381' title='bbox 1785 2946 1948 2994; x_wconf 73' lang='grc' dir='ltr'>ἱππο-</span> 
     </span>
    </p>
   </div>
   <div class='ocr_carea' id='block_1_54' title="bbox 2108 2580 3614 2652">
    <p class='ocr_par' dir='ltr' id='par_1_54' title="bbox 2108 2580 3614 2652">
     <span class='ocr_line' id='line_1_54' title="bbox 2108 2580 3614 2652; baseline -0.003 -15"><span class='ocrx_word' id='word_1_382' title='bbox 2108 2583 2298 2637; x_wconf 85' lang='lat' dir='ltr'><strong>ltidem</strong></span> <span class='ocrx_word' id='word_1_383' title='bbox 2331 2583 2671 2650; x_wconf 85' lang='lat' dir='ltr'><strong>Theophilus</strong></span> <span class='ocrx_word' id='word_1_384' title='bbox 2702 2583 2977 2644; x_wconf 11' lang='lat' dir='ltr'><strong>Eretricus.</strong></span> <span class='ocrx_word' id='word_1_385' title='bbox 3018 2591 3222 2651; x_wconf 82' lang='lat' dir='ltr'><strong>przetor</strong></span> <span class='ocrx_word' id='word_1_386' title='bbox 3254 2580 3445 2652; x_wconf 79' lang='lat' dir='ltr'><strong>Cypri,</strong></span> <span class='ocrx_word' id='word_1_387' title='bbox 3489 2596 3614 2635; x_wconf 89' lang='lat' dir='ltr'><strong>eum</strong></span> 
     </span>
    </p>
   </div>
   <div class='ocr_carea' id='block_1_55' title="bbox 2041 2673 3617 2743">
    <p class='ocr_par' dir='ltr' id='par_1_55' title="bbox 2041 2673 3617 2743">
     <span class='ocr_line' id='line_1_55' title="bbox 2041 2673 3617 2743; baseline -0.001 -16"><span class='ocrx_word' id='word_1_388' title='bbox 2041 2689 2106 2727; x_wconf 90' lang='lat' dir='ltr'><strong>ea</strong></span> <span class='ocrx_word' id='word_1_389' title='bbox 2169 2675 2459 2728; x_wconf 83' lang='lat' dir='ltr'><strong>didicisset</strong></span> <span class='ocrx_word' id='word_1_390' title='bbox 2508 2689 2630 2743; x_wconf 83' lang='lat' dir='ltr'><strong>quae</strong></span> <span class='ocrx_word' id='word_1_391' title='bbox 2677 2673 2986 2743; x_wconf 83' lang='lat' dir='ltr'><strong>Calaphatae</strong></span> <span class='ocrx_word' id='word_1_392' title='bbox 3036 2674 3375 2739; x_wconf 85' lang='lat' dir='ltr'><strong>acciderant,</strong></span> <span class='ocrx_word' id='word_1_393' title='bbox 3416 2688 3617 2742; x_wconf 85' lang='lat' dir='ltr'><strong>resque</strong></span> 
     </span>
    </p>
   </div>
   <div class='ocr_carea' id='block_1_56' title="bbox 2040 2762 3613 2834">
    <p class='ocr_par' dir='ltr' id='par_1_56' title="bbox 2040 2762 3613 2834">
     <span class='ocr_line' id='line_1_56' title="bbox 2040 2762 3613 2834; baseline -0.002 -17"><span class='ocrx_word' id='word_1_394' title='bbox 2040 2763 2195 2831; x_wconf 86' lang='lat' dir='ltr'><strong>Cpoli</strong></span> <span class='ocrx_word' id='word_1_395' title='bbox 2231 2779 2337 2818; x_wconf 90' lang='lat' dir='ltr'><strong>non</strong></span> <span class='ocrx_word' id='word_1_396' title='bbox 2373 2779 2567 2833; x_wconf 87' lang='lat' dir='ltr'><strong>parum</strong></span> <span class='ocrx_word' id='word_1_397' title='bbox 2606 2764 2810 2819; x_wconf 90' lang='lat' dir='ltr'><strong>habere</strong></span> <span class='ocrx_word' id='word_1_398' title='bbox 2843 2764 3124 2817; x_wconf 90' lang='lat' dir='ltr'><strong>turbarum</strong></span> <span class='ocrx_word' id='word_1_399' title='bbox 3152 2763 3516 2834; x_wconf 51' lang='lat' dir='ltr'><strong>cognovisset.</strong></span> <span class='ocrx_word' id='word_1_400' title='bbox 3547 2762 3613 2815; x_wconf 86' lang='lat' dir='ltr'><strong>ad</strong></span> 
     </span>
    </p>
   </div>
   <div class='ocr_carea' id='block_1_57' title="bbox 2052 2854 3619 2924">
    <p class='ocr_par' dir='ltr' id='par_1_57' title="bbox 2052 2854 3619 2924">
     <span class='ocr_line' id='line_1_57' title="bbox 2052 2854 3619 2924; baseline -0.003 -16"><span class='ocrx_word' id='word_1_401' title='bbox 2052 2855 2384 2908; x_wconf 68' lang='lat' dir='ltr'><strong>seditionem</strong></span> <span class='ocrx_word' id='word_1_402' title='bbox 2435 2855 2664 2923; x_wconf 73' lang='lat' dir='ltr'><strong>Cyprios</strong></span> <span class='ocrx_word' id='word_1_403' title='bbox 2732 2854 3209 2924; x_wconf 81' lang='lat' dir='ltr'><strong>defeetionemqne</strong></span> <span class='ocrx_word' id='word_1_404' title='bbox 3276 2854 3619 2909; x_wconf 87' lang='lat' dir='ltr'><strong>sollicitando</strong></span> 
     </span>
    </p>
   </div>
   <div class='ocr_carea' id='block_1_58' title="bbox 2056 2945 3614 3014">
    <p class='ocr_par' dir='ltr' id='par_1_58' title="bbox 2056 2945 3614 3014">
     <span class='ocr_line' id='line_1_58' title="bbox 2056 2945 3614 3014; baseline 0.001 -18"><span class='ocrx_word' id='word_1_405' title='bbox 2056 2946 2319 3013; x_wconf 74' lang='lat' dir='ltr'><strong>perpulit.</strong></span> <span class='ocrx_word' id='word_1_406' title='bbox 2384 2947 2662 2999; x_wconf 71' lang='lat' dir='ltr'><strong>Adversus</strong></span> <span class='ocrx_word' id='word_1_407' title='bbox 2695 2961 2819 3001; x_wconf 87' lang='lat' dir='ltr'><strong>eum</strong></span> <span class='ocrx_word' id='word_1_408' title='bbox 2857 2945 3023 2999; x_wconf 89' lang='lat' dir='ltr'><strong>misso</strong></span> <span class='ocrx_word' id='word_1_409' title='bbox 3048 2946 3345 3014; x_wconf 90' lang='lat' dir='ltr'><strong>imperator</strong></span> <span class='ocrx_word' id='word_1_410' title='bbox 3368 2947 3614 3000; x_wconf 76' lang='lat' dir='ltr'><strong>exercitu</strong></span> 
     </span>
    </p>
   </div>
   <div class='ocr_carea' id='block_1_59' title="bbox 384 3032 1946 3109">
    <p class='ocr_par' dir='ltr' id='par_1_59' title="bbox 384 3032 1945 3109">
     <span class='ocr_line' id='line_1_59' title="bbox 384 3032 1945 3109; baseline -0.006 -16"><span class='ocrx_word' id='word_1_411' title='bbox 384 3041 586 3109; x_wconf 75' lang='grc' dir='ltr'>δρομία</span> <span class='ocrx_word' id='word_1_412' title='bbox 632 3038 1009 3108; x_wconf 73' lang='grc' dir='ltr'>θριαμϐεύσας</span> <span class='ocrx_word' id='word_1_413' title='bbox 1070 3037 1260 3104; x_wconf 74' lang='grc' dir='ltr'>στολὴν</span> <span class='ocrx_word' id='word_1_414' title='bbox 1308 3032 1654 3101; x_wconf 75' lang='grc' dir='ltr'>ἐνδεδυμένον</span> <span class='ocrx_word' id='word_1_415' title='bbox 1707 3035 1945 3103; x_wconf 72' lang='grc' dir='ltr'>θήλειαν,</span> 
     </span>
    </p>
   </div>
   <div class='ocr_carea' id='block_1_60' title="bbox 2046 3032 3614 3109">
    <p class='ocr_par' dir='ltr' id='par_1_60' title="bbox 2055 3037 3614 3106">
     <span class='ocr_line' id='line_1_60' title="bbox 2055 3037 3614 3106; baseline 0.001 -20"><span class='ocrx_word' id='word_1_416' title='bbox 2055 3038 2237 3088; x_wconf 78' lang='lat' dir='ltr'><strong>vivum</strong></span> <span class='ocrx_word' id='word_1_417' title='bbox 2272 3037 2551 3091; x_wconf 84' lang='lat' dir='ltr'><strong>hominem</strong></span> <span class='ocrx_word' id='word_1_418' title='bbox 2582 3037 2751 3105; x_wconf 89' lang='lat' dir='ltr'><strong>cepit,</strong></span> <span class='ocrx_word' id='word_1_419' title='bbox 2796 3045 2849 3091; x_wconf 89' lang='lat' dir='ltr'><strong>et</strong></span> <span class='ocrx_word' id='word_1_420' title='bbox 2895 3038 2999 3091; x_wconf 90' lang='lat' dir='ltr'><strong>sub</strong></span> <span class='ocrx_word' id='word_1_421' title='bbox 3036 3038 3295 3106; x_wconf 87' lang='lat' dir='ltr'><strong>triumphi</strong></span> <span class='ocrx_word' id='word_1_422' title='bbox 3350 3037 3527 3106; x_wconf 71' lang='lat' dir='ltr'><strong>specie</strong></span> <span class='ocrx_word' id='word_1_423' title='bbox 3562 3037 3614 3088; x_wconf 71' lang='lat' dir='ltr'><strong>in</strong></span> 
     </span>
    </p>
   </div>
   <div class='ocr_carea' id='block_1_61' title="bbox 381 3126 1946 3196">
    <p class='ocr_par' dir='ltr' id='par_1_61' title="bbox 381 3126 1946 3196">
     <span class='ocr_line' id='line_1_61' title="bbox 381 3126 1946 3196; baseline -0.005 -13"><span class='ocrx_word' id='word_1_424' title='bbox 381 3131 481 3183; x_wconf 77' lang='grc' dir='ltr'>καὶ</span> <span class='ocrx_word' id='word_1_425' title='bbox 514 3130 730 3184; x_wconf 87' lang='grc' dir='ltr'>πάντων</span> <span class='ocrx_word' id='word_1_426' title='bbox 757 3128 1021 3196; x_wconf 76' lang='grc' dir='ltr'>ψιλώσας,</span> <span class='ocrx_word' id='word_1_427' title='bbox 1060 3126 1316 3179; x_wconf 77' lang='grc' dir='ltr'>ἀπέλυσε.</span> <span class='ocrx_word' id='word_1_428' title='bbox 1352 3126 1483 3177; x_wconf 75' lang='grc' dir='ltr'>Τόεε</span> <span class='ocrx_word' id='word_1_429' title='bbox 1518 3127 1603 3195; x_wconf 81' lang='grc' dir='ltr'>δὴ,</span> <span class='ocrx_word' id='word_1_430' title='bbox 1655 3127 1772 3176; x_wconf 73' lang='grc' dir='ltr'>τότε</span> <span class='ocrx_word' id='word_1_431' title='bbox 1801 3127 1893 3176; x_wconf 73' lang='grc' dir='ltr'><strong>καὶ</strong></span> <span class='ocrx_word' id='word_1_432' title='bbox 1919 3126 1946 3176; x_wconf 92' lang='lat'><strong>6</strong></span> 
     </span>
    </p>
   </div>
   <div class='ocr_carea' id='block_1_62' title="bbox 381 3214 1949 3290">
    <p class='ocr_par' dir='ltr' id='par_1_62' title="bbox 381 3214 1949 3290">
     <span class='ocr_line' id='line_1_62' title="bbox 381 3214 1949 3290; baseline -0.004 -17"><span class='ocrx_word' id='word_1_433' title='bbox 381 3220 731 3290; x_wconf 76' lang='grc' dir='ltr'>τ.ατριάρχης</span> <span class='ocrx_word' id='word_1_434' title='bbox 767 3216 1007 3281; x_wconf 80' lang='grc' dir='ltr'>Ἀλὲξιος</span> <span class='ocrx_word' id='word_1_435' title='bbox 1032 3216 1294 3269; x_wconf 80' lang='grc' dir='ltr'>καταλύει</span> <span class='ocrx_word' id='word_1_436' title='bbox 1323 3216 1413 3267; x_wconf 81' lang='grc' dir='ltr'>τὸν</span> <span class='ocrx_word' id='word_1_437' title='bbox 1456 3215 1589 3285; x_wconf 87' lang='grc' dir='ltr'>βίον,</span> <span class='ocrx_word' id='word_1_438' title='bbox 1622 3214 1949 3279; x_wconf 76' lang='grc' dir='ltr'><strong>ἀναϐιϐάζε-</strong></span> 
     </span>
    </p>
   </div>
   <div class='ocr_carea' id='block_1_63' title="bbox 381 3307 1948 3378">
    <p class='ocr_par' dir='ltr' id='par_1_63' title="bbox 381 3307 1948 3378">
     <span class='ocr_line' id='line_1_63' title="bbox 381 3307 1948 3378; baseline -0.004 -14"><span class='ocrx_word' id='word_1_439' title='bbox 381 3330 476 3365; x_wconf 77' lang='grc' dir='ltr'>τιι</span> <span class='ocrx_word' id='word_1_440' title='bbox 512 3312 567 3363; x_wconf 73' lang='grc' dir='ltr'>δὲ</span> <span class='ocrx_word' id='word_1_441' title='bbox 621 3310 739 3363; x_wconf 84' lang='grc' dir='ltr'>ἀντ’</span> <span class='ocrx_word' id='word_1_442' title='bbox 767 3309 931 3363; x_wconf 82' lang='grc' dir='ltr'>αὐτοῦ</span> <span class='ocrx_word' id='word_1_443' title='bbox 995 3307 1212 3378; x_wconf 76' lang='grc' dir='ltr'>Μιχαὴλ</span> <span class='ocrx_word' id='word_1_444' title='bbox 1267 3310 1296 3362; x_wconf 89' lang='lat'><strong>6</strong></span> <span class='ocrx_word' id='word_1_445' title='bbox 1349 3307 1736 3378; x_wconf 72' lang='grc' dir='ltr'>Κηρουλάρης,</span> <span class='ocrx_word' id='word_1_446' title='bbox 1785 3323 1948 3375; x_wconf 86' lang='grc' dir='ltr'>μονα-</span> 
     </span>
    </p>
   </div>
   <div class='ocr_carea' id='block_1_64' title="bbox 382 3401 602 3472">
    <p class='ocr_par' dir='ltr' id='par_1_64' title="bbox 382 3401 602 3472">
     <span class='ocr_line' id='line_1_64' title="bbox 382 3401 602 3472; baseline 0.023 -20"><span class='ocrx_word' id='word_1_447' title='bbox 382 3405 476 3472; x_wconf 74' lang='grc' dir='ltr'><strong>χδς</strong></span> <span class='ocrx_word' id='word_1_448' title='bbox 508 3401 602 3457; x_wconf 78' lang='grc' dir='ltr'><strong>ὢν.</strong></span> 
     </span>
    </p>
   </div>
   <div class='ocr_carea' id='block_1_65' title="bbox 380 3578 1946 3651">
    <p class='ocr_par' dir='ltr' id='par_1_65' title="bbox 380 3578 1946 3651">
     <span class='ocr_line' id='line_1_65' title="bbox 380 3578 1946 3651; baseline -0.004 -15"><span class='ocrx_word' id='word_1_449' title='bbox 380 3616 385 3619; x_wconf 77' lang='lat'><strong><em>~</em></strong></span> <span class='ocrx_word' id='word_1_450' title='bbox 459 3583 614 3635; x_wconf 79' lang='grc' dir='ltr'>Κατὰ</span> <span class='ocrx_word' id='word_1_451' title='bbox 644 3582 835 3633; x_wconf 74' lang='grc' dir='ltr'>τοῦτον</span> <span class='ocrx_word' id='word_1_452' title='bbox 867 3579 932 3651; x_wconf 78' lang='grc' dir='ltr'>δὴ</span> <span class='ocrx_word' id='word_1_453' title='bbox 965 3580 1059 3631; x_wconf 76' lang='grc' dir='ltr'>τὸν</span> <span class='ocrx_word' id='word_1_454' title='bbox 1094 3578 1286 3649; x_wconf 74' lang='grc' dir='ltr'>καιρὸν</span> <span class='ocrx_word' id='word_1_455' title='bbox 1323 3580 1416 3633; x_wconf 78' lang='grc' dir='ltr'>καὶ</span> <span class='ocrx_word' id='word_1_456' title='bbox 1440 3580 1489 3632; x_wconf 86' lang='grc' dir='ltr'>οἱ</span> <span class='ocrx_word' id='word_1_457' title='bbox 1518 3578 1748 3644; x_wconf 81' lang='grc' dir='ltr'>Σκύθαι,</span> <span class='ocrx_word' id='word_1_458' title='bbox 1791 3578 1946 3643; x_wconf 25' lang='grc' dir='ltr'>,τοῦτ’</span> 
     </span>
    </p>
   </div>
   <div class='ocr_carea' id='block_1_66' title="bbox 385 3671 1949 3741">
    <p class='ocr_par' dir='ltr' id='par_1_66' title="bbox 385 3671 1949 3741">
     <span class='ocr_line' id='line_1_66' title="bbox 385 3671 1949 3741; baseline -0.004 -13"><span class='ocrx_word' id='word_1_459' title='bbox 385 3675 537 3728; x_wconf 80' lang='grc' dir='ltr'>εστιν</span> <span class='ocrx_word' id='word_1_460' title='bbox 572 3675 622 3725; x_wconf 80' lang='lat' dir='ltr'><strong>oi</strong></span> <span class='ocrx_word' id='word_1_461' title='bbox 660 3674 881 3733; x_wconf 75' lang='lat' dir='ltr'><strong>&#39;Pmool,</strong></span> <span class='ocrx_word' id='word_1_462' title='bbox 915 3672 1005 3725; x_wconf 84' lang='grc' dir='ltr'>διά</span> <span class='ocrx_word' id='word_1_463' title='bbox 1036 3688 1156 3724; x_wconf 86' lang='grc' dir='ltr'>τινα</span> <span class='ocrx_word' id='word_1_464' title='bbox 1220 3671 1426 3741; x_wconf 86' lang='grc' dir='ltr'>μικρὰν</span> <span class='ocrx_word' id='word_1_465' title='bbox 1483 3672 1757 3740; x_wconf 73' lang='grc' dir='ltr'>πρόφασιν</span> <span class='ocrx_word' id='word_1_466' title='bbox 1808 3671 1949 3723; x_wconf 82' lang='grc' dir='ltr'><strong>κατὰ</strong></span> 
     </span>
    </p>
   </div>
   <div class='ocr_carea' id='block_1_67' title="bbox 280 3748 1949 3834">
    <p class='ocr_par' dir='ltr' id='par_1_67' title="bbox 280 3748 1949 3834">
     <span class='ocr_line' id='line_1_67' title="bbox 280 3748 1949 3834; baseline -0.003 -16"><span class='ocrx_word' id='word_1_467' title='bbox 280 3748 289 3756; x_wconf 81' lang='grc'><strong>’</strong></span> <span class='ocrx_word' id='word_1_468' title='bbox 329 3792 343 3820; x_wconf 70' lang='grc' dir='ltr'><strong>ι</strong></span> <span class='ocrx_word' id='word_1_469' title='bbox 384 3767 489 3833; x_wconf 79' lang='grc' dir='ltr'>τῆς</span> <span class='ocrx_word' id='word_1_470' title='bbox 534 3764 807 3834; x_wconf 74' lang='grc' dir='ltr'>βασιλίδος</span> <span class='ocrx_word' id='word_1_471' title='bbox 844 3764 1060 3832; x_wconf 83' lang='grc' dir='ltr'>ὁρμῶσι</span> <span class='ocrx_word' id='word_1_472' title='bbox 1112 3763 1285 3832; x_wconf 79' lang='grc' dir='ltr'>στόλῳ</span> <span class='ocrx_word' id='word_1_473' title='bbox 1346 3762 1526 3832; x_wconf 84' lang='grc' dir='ltr'>βαρεῖ.</span> <span class='ocrx_word' id='word_1_474' title='bbox 1566 3764 1675 3815; x_wconf 69' lang='grc' dir='ltr'><strong>Καὶ</strong></span> <span class='ocrx_word' id='word_1_475' title='bbox 1712 3765 1740 3815; x_wconf 89' lang='lat'><strong>6</strong></span> <span class='ocrx_word' id='word_1_476' title='bbox 1794 3763 1949 3832; x_wconf 83' lang='grc' dir='ltr'>βασι-</span> 
     </span>
    </p>
   </div>
   <div class='ocr_carea' id='block_1_68' title="bbox 382 3843 1948 3923">
    <p class='ocr_par' dir='ltr' id='par_1_68' title="bbox 382 3843 1948 3923">
     <span class='ocr_line' id='line_1_68' title="bbox 382 3843 1948 3923; baseline -0.003 -13"><span class='ocrx_word' id='word_1_477' title='bbox 382 3843 509 3919; x_wconf 74' lang='grc' dir='ltr'>λξὺς</span> <span class='ocrx_word' id='word_1_478' title='bbox 548 3856 869 3918; x_wconf 76' lang='grc' dir='ltr'>ὑπαντιάζει</span> <span class='ocrx_word' id='word_1_479' title='bbox 909 3855 1093 3914; x_wconf 80' lang='grc' dir='ltr'>αὐτοῖς</span> <span class='ocrx_word' id='word_1_480' title='bbox 1121 3854 1178 3905; x_wconf 74' lang='grc' dir='ltr'>ἐν</span> <span class='ocrx_word' id='word_1_481' title='bbox 1203 3869 1268 3921; x_wconf 84' lang='grc' dir='ltr'>γε</span> <span class='ocrx_word' id='word_1_482' title='bbox 1300 3852 1378 3921; x_wconf 83' lang='grc' dir='ltr'><strong>τῷ</strong></span> <span class='ocrx_word' id='word_1_483' title='bbox 1409 3853 1580 3922; x_wconf 68' lang='grc' dir='ltr'>φόρῳ,</span> <span class='ocrx_word' id='word_1_484' title='bbox 1621 3853 1717 3906; x_wconf 73' lang='grc' dir='ltr'>καὶ</span> <span class='ocrx_word' id='word_1_485' title='bbox 1742 3855 1790 3905; x_wconf 88' lang='grc' dir='ltr'>οἱ</span> <span class='ocrx_word' id='word_1_486' title='bbox 1817 3869 1948 3923; x_wconf 87' lang='grc' dir='ltr'>τρα-</span> 
     </span>
    </p>
   </div>
   <div class='ocr_carea' id='block_1_69' title="bbox 383 3943 1948 4015">
    <p class='ocr_par' dir='ltr' id='par_1_69' title="bbox 383 3943 1948 4015">
     <span class='ocr_line' id='line_1_69' title="bbox 383 3943 1948 4015; baseline -0.004 -13"><span class='ocrx_word' id='word_1_487' title='bbox 383 3952 577 4015; x_wconf 76' lang='grc' dir='ltr'>πέντες</span> <span class='ocrx_word' id='word_1_488' title='bbox 603 3947 1059 4014; x_wconf 76' lang='grc' dir='ltr'>ἑπαλινόστησαν,</span> <span class='ocrx_word' id='word_1_489' title='bbox 1096 3947 1373 4014; x_wconf 78' lang='grc' dir='ltr'>συμῦολῆς</span> <span class='ocrx_word' id='word_1_490' title='bbox 1413 3944 1712 4013; x_wconf 79' lang='grc' dir='ltr'>γενομένης</span> <span class='ocrx_word' id='word_1_491' title='bbox 1746 3943 1948 3996; x_wconf 82' lang='grc' dir='ltr'>πλοίων</span> 
     </span>
    </p>
   </div>
   <div class='ocr_carea' id='block_1_70' title="bbox 384 4030 1948 4102">
    <p class='ocr_par' dir='ltr' id='par_1_70' title="bbox 384 4030 1948 4102">
     <span class='ocr_line' id='line_1_70' title="bbox 384 4030 1948 4102; baseline -0.004 -11"><span class='ocrx_word' id='word_1_492' title='bbox 384 4039 769 4099; x_wconf 70' lang='grc' dir='ltr'>κατεαγέντων</span> <span class='ocrx_word' id='word_1_493' title='bbox 811 4037 906 4089; x_wconf 73' lang='grc' dir='ltr'><strong>καὶ</strong></span> <span class='ocrx_word' id='word_1_494' title='bbox 940 4035 1072 4087; x_wconf 68' lang='grc' dir='ltr'>ὡσεὶ</span> <span class='ocrx_word' id='word_1_495' title='bbox 1102 4034 1337 4102; x_wconf 71' lang='grc' dir='ltr'>χιλιάδες</span> <span class='ocrx_word' id='word_1_496' title='bbox 1367 4033 1666 4085; x_wconf 76' lang='grc' dir='ltr'>δεκαπέντε</span> <span class='ocrx_word' id='word_1_497' title='bbox 1693 4035 1822 4102; x_wconf 77' lang='grc' dir='ltr'>περὶ</span> <span class='ocrx_word' id='word_1_498' title='bbox 1848 4030 1948 4100; x_wconf 83' lang='grc' dir='ltr'>τὴν</span> 
     </span>
    </p>
   </div>
   <div class='ocr_carea' id='block_1_71' title="bbox 383 4124 1945 4198">
    <p class='ocr_par' dir='ltr' id='par_1_71' title="bbox 383 4124 1945 4198">
     <span class='ocr_line' id='line_1_71' title="bbox 383 4124 1945 4198; baseline -0.002 -21"><span class='ocrx_word' id='word_1_499' title='bbox 383 4134 490 4195; x_wconf 63' lang='grc' dir='ltr'><strong>γῆν</strong></span> <span class='ocrx_word' id='word_1_500' title='bbox 512 4129 946 4198; x_wconf 73' lang='grc' dir='ltr'>ἐκϐρασθέντων,</span> <span class='ocrx_word' id='word_1_501' title='bbox 978 4127 1025 4178; x_wconf 86' lang='grc' dir='ltr'>εἰ</span> <span class='ocrx_word' id='word_1_502' title='bbox 1058 4126 1153 4178; x_wconf 75' lang='grc' dir='ltr'>καὶ</span> <span class='ocrx_word' id='word_1_503' title='bbox 1177 4128 1318 4177; x_wconf 83' lang='grc' dir='ltr'><strong>κατὰ</strong></span> <span class='ocrx_word' id='word_1_504' title='bbox 1342 4141 1466 4176; x_wconf 85' lang='grc' dir='ltr'>τινα</span> <span class='ocrx_word' id='word_1_505' title='bbox 1497 4124 1693 4176; x_wconf 70' lang='grc' dir='ltr'>κόλπον</span> <span class='ocrx_word' id='word_1_506' title='bbox 1706 4127 1945 4195; x_wconf 74' lang='grc' dir='ltr'>τριήρεις</span> 
     </span>
    </p>
   </div>
   <div class='ocr_carea' id='block_1_72' title="bbox 393 4213 1947 4290">
    <p class='ocr_par' dir='ltr' id='par_1_72' title="bbox 393 4213 1947 4290">
     <span class='ocr_line' id='line_1_72' title="bbox 393 4213 1947 4290; baseline -0.006 -15"><span class='ocrx_word' id='word_1_507' title='bbox 393 4221 746 4290; x_wconf 73' lang='grc' dir='ltr'>ἰ’ωμαῖκαὶδ</span> <span class='ocrx_word' id='word_1_508' title='bbox 769 4219 1015 4271; x_wconf 75' lang='grc' dir='ltr'>ὠκουσαι</span> <span class='ocrx_word' id='word_1_509' title='bbox 1051 4219 1120 4270; x_wconf 69' lang='grc' dir='ltr'>τὰ</span> <span class='ocrx_word' id='word_1_510' title='bbox 1146 4218 1286 4268; x_wconf 71' lang='grc' dir='ltr'>αὐτὰ.</span> <span class='ocrx_word' id='word_1_511' title='bbox 1311 4216 1637 4279; x_wconf 75' lang='grc' dir='ltr'>πεπόνθασι,</span> <span class='ocrx_word' id='word_1_512' title='bbox 1673 4213 1764 4266; x_wconf 77' lang='grc' dir='ltr'>τὸν</span> <span class='ocrx_word' id='word_1_513' title='bbox 1790 4214 1947 4284; x_wconf 80' lang='grc' dir='ltr'>ἀριθ-</span> 
     </span>
    </p>
   </div>
   <div class='ocr_carea' id='block_1_73' title="bbox 389 4309 972 4382">
    <p class='ocr_par' dir='ltr' id='par_1_73' title="bbox 389 4309 972 4382">
     <span class='ocr_line' id='line_1_73' title="bbox 389 4309 972 4382; baseline 0.002 -17"><span class='ocrx_word' id='word_1_514' title='bbox 389 4318 489 4382; x_wconf 56' lang='grc' dir='ltr'>μίην</span> <span class='ocrx_word' id='word_1_515' title='bbox 518 4320 567 4367; x_wconf 89' lang='grc' dir='ltr'>κ’</span> <span class='ocrx_word' id='word_1_516' title='bbox 602 4316 696 4367; x_wconf 72' lang='grc' dir='ltr'>καὶ</span> <span class='ocrx_word' id='word_1_517' title='bbox 715 4311 762 4366; x_wconf 85' lang='grc' dir='ltr'>δ’</span> <span class='ocrx_word' id='word_1_518' title='bbox 790 4309 972 4366; x_wconf 84' lang='grc' dir='ltr'>οὖσαι.</span> 
     </span>
    </p>
   </div>
   <div class='ocr_carea' id='block_1_74' title="bbox 467 4562 1950 4655">
    <p class='ocr_par' dir='ltr' id='par_1_74' title="bbox 467 4562 1950 4655">
     <span class='ocr_line' id='line_1_74' title="bbox 467 4562 1950 4655; baseline -0.002 -16"><span class='ocrx_word' id='word_1_519' title='bbox 467 4587 557 4639; x_wconf 79' lang='grc' dir='ltr'>Ἐν</span> <span class='ocrx_word' id='word_1_520' title='bbox 590 4562 957 4654; x_wconf 31' lang='lat' dir='ltr'><strong>tunicata,</strong></span> <span class='ocrx_word' id='word_1_521' title='bbox 995 4586 1125 4655; x_wconf 73' lang='grc' dir='ltr'>μηνὶ</span> <span class='ocrx_word' id='word_1_522' title='bbox 1160 4586 1395 4653; x_wconf 80' lang='grc' dir='ltr'>Μαρτίῳ</span> <span class='ocrx_word' id='word_1_523' title='bbox 1449 4583 1515 4647; x_wconf 84' lang='grc' dir='ltr'>θ’,</span> <span class='ocrx_word' id='word_1_524' title='bbox 1563 4582 1879 4652; x_wconf 75' lang='grc' dir='ltr'>βουλεύεται</span> <span class='ocrx_word' id='word_1_525' title='bbox 1922 4585 1950 4636; x_wconf 90' lang='lat'><strong>6</strong></span> 
     </span>
    </p>
   </div>
   <div class='ocr_carea' id='block_1_75' title="bbox 385 4658 1945 4743">
    <p class='ocr_par' dir='ltr' id='par_1_75' title="bbox 385 4658 1945 4743">
     <span class='ocr_line' id='line_1_75' title="bbox 385 4658 1945 4743; baseline 0 -16"><span class='ocrx_word' id='word_1_526' title='bbox 385 4676 646 4743; x_wconf 70' lang='grc' dir='ltr'>βασιλεὺς</span> <span class='ocrx_word' id='word_1_527' title='bbox 676 4675 931 4726; x_wconf 79' lang='grc' dir='ltr'>ἀπελθεῖν</span> <span class='ocrx_word' id='word_1_528' title='bbox 971 4676 1052 4733; x_wconf 84' lang='grc' dir='ltr'><strong>είς</strong></span> <span class='ocrx_word' id='word_1_529' title='bbox 1101 4674 1470 4743; x_wconf 79' lang='grc' dir='ltr'>προσκύνησιν</span> <span class='ocrx_word' id='word_1_530' title='bbox 1528 4673 1637 4725; x_wconf 87' lang='grc' dir='ltr'><strong>τῶν</strong></span> <span class='ocrx_word' id='word_1_531' title='bbox 1671 4658 1842 4739; x_wconf 83' lang='grc' dir='ltr'>ἁγίων</span> <span class='ocrx_word' id='word_1_532' title='bbox 1873 4672 1945 4741; x_wconf 89' lang='grc' dir='ltr'><strong>μ’.</strong></span> 
     </span>
    </p>
   </div>
   <div class='ocr_carea' id='block_1_76' title="bbox 383 4759 1949 4830">
    <p class='ocr_par' dir='ltr' id='par_1_76' title="bbox 383 4759 1949 4830">
     <span class='ocr_line' id='line_1_76' title="bbox 383 4759 1949 4830; baseline -0.004 -14"><span class='ocrx_word' id='word_1_533' title='bbox 383 4765 599 4816; x_wconf 73' lang='grc' dir='ltr'>Γίνεται</span> <span class='ocrx_word' id='word_1_534' title='bbox 630 4759 723 4815; x_wconf 74' lang='grc' dir='ltr'><strong>οὖν</strong></span> <span class='ocrx_word' id='word_1_535' title='bbox 752 4764 992 4830; x_wconf 67' lang='grc' dir='ltr'>δημοσία</span> <span class='ocrx_word' id='word_1_536' title='bbox 1050 4760 1377 4830; x_wconf 83' lang='grc' dir='ltr'>προπομπὴ.</span> <span class='ocrx_word' id='word_1_537' title='bbox 1432 4759 1653 4829; x_wconf 72' lang='grc' dir='ltr'>ἔρχεται</span> <span class='ocrx_word' id='word_1_538' title='bbox 1683 4761 1811 4827; x_wconf 76' lang='grc' dir='ltr'>περὶ</span> <span class='ocrx_word' id='word_1_539' title='bbox 1857 4760 1949 4810; x_wconf 67' lang='grc' dir='ltr'><strong>τὸν</strong></span> 
     </span>
    </p>
   </div>
   <div class='ocr_carea' id='block_1_77' title="bbox 380 4849 1949 4925">
    <p class='ocr_par' dir='ltr' id='par_1_77' title="bbox 380 4849 1949 4925">
     <span class='ocr_line' id='line_1_77' title="bbox 380 4849 1949 4925; baseline -0.005 -16"><span class='ocrx_word' id='word_1_540' title='bbox 380 4857 619 4925; x_wconf 64' lang='grc' dir='ltr'>Χριστὶν</span> <span class='ocrx_word' id='word_1_541' title='bbox 655 4856 747 4907; x_wconf 76' lang='grc' dir='ltr'><strong>τὸν</strong></span> <span class='ocrx_word' id='word_1_542' title='bbox 802 4854 1059 4924; x_wconf 75' lang='grc' dir='ltr'>χαλκοῦν.</span> <span class='ocrx_word' id='word_1_543' title='bbox 1130 4853 1239 4903; x_wconf 72' lang='grc' dir='ltr'>Καὶ</span> <span class='ocrx_word' id='word_1_544' title='bbox 1307 4851 1608 4919; x_wconf 76' lang='grc' dir='ltr'>τηνικαῦτα</span> <span class='ocrx_word' id='word_1_545' title='bbox 1651 4850 1712 4901; x_wconf 82' lang='grc' dir='ltr'><strong>τὸ</strong></span> <span class='ocrx_word' id='word_1_546' title='bbox 1742 4849 1949 4918; x_wconf 75' lang='grc' dir='ltr'>πλῆθος</span> 
     </span>
    </p>
   </div>
   <div class='ocr_carea' id='block_1_78' title="bbox 382 4940 1945 5015">
    <p class='ocr_par' dir='ltr' id='par_1_78' title="bbox 382 4940 1945 5015">
     <span class='ocr_line' id='line_1_78' title="bbox 382 4940 1945 5015; baseline -0.004 -15"><span class='ocrx_word' id='word_1_547' title='bbox 382 4951 466 5008; x_wconf 73' lang='grc' dir='ltr'>εἰς</span> <span class='ocrx_word' id='word_1_548' title='bbox 492 4948 833 5001; x_wconf 81' lang='grc' dir='ltr'>ἀποστασίαν</span> <span class='ocrx_word' id='word_1_549' title='bbox 888 4948 1088 5015; x_wconf 80' lang='grc' dir='ltr'>χωρεῖ·</span> <span class='ocrx_word' id='word_1_550' title='bbox 1133 4945 1284 5011; x_wconf 78' lang='grc' dir='ltr'>φωνὴ</span> <span class='ocrx_word' id='word_1_551' title='bbox 1324 4945 1432 5012; x_wconf 72' lang='grc' dir='ltr'><strong>γὶρ</strong></span> <span class='ocrx_word' id='word_1_552' title='bbox 1467 4944 1530 4995; x_wconf 80' lang='grc' dir='ltr'>ὲκ</span> <span class='ocrx_word' id='word_1_553' title='bbox 1574 4944 1741 5010; x_wconf 83' lang='grc' dir='ltr'>μέσου</span> <span class='ocrx_word' id='word_1_554' title='bbox 1779 4940 1945 4995; x_wconf 77' lang='grc' dir='ltr'>αὑτοῦ</span> 
     </span>
    </p>
   </div>
   <div class='ocr_carea' id='block_1_79' title="bbox 382 5032 1947 5107">
    <p class='ocr_par' dir='ltr' id='par_1_79' title="bbox 382 5032 1947 5107">
     <span class='ocr_line' id='line_1_79' title="bbox 382 5032 1947 5107; baseline -0.003 -16"><span class='ocrx_word' id='word_1_555' title='bbox 382 5037 613 5107; x_wconf 68' lang='grc' dir='ltr'>ἱξεχύθη</span> <span class='ocrx_word' id='word_1_556' title='bbox 653 5038 921 5104; x_wconf 71' lang='grc' dir='ltr'>λέγουσα*</span> <span class='ocrx_word' id='word_1_557' title='bbox 964 5054 984 5087; x_wconf 77' lang='grc' dir='ltr'><strong>ι</strong></span> <span class='ocrx_word' id='word_1_558' title='bbox 1038 5036 1231 5103; x_wconf 80' lang='grc' dir='ltr'>Ἡμεῖς</span> <span class='ocrx_word' id='word_1_559' title='bbox 1270 5034 1368 5103; x_wconf 83' lang='grc' dir='ltr'><strong>τὴν</strong></span> <span class='ocrx_word' id='word_1_560' title='bbox 1410 5034 1750 5104; x_wconf 75' lang='grc' dir='ltr'>Σκλήραιναν</span> <span class='ocrx_word' id='word_1_561' title='bbox 1791 5032 1947 5102; x_wconf 85' lang='grc' dir='ltr'>βασί-</span> 
     </span>
    </p>
   </div>
   <div class='ocr_carea' id='block_1_80' title="bbox 382 5126 1945 5197">
    <p class='ocr_par' dir='ltr' id='par_1_80' title="bbox 382 5126 1945 5197">
     <span class='ocr_line' id='line_1_80' title="bbox 382 5126 1945 5197; baseline -0.003 -16"><span class='ocrx_word' id='word_1_562' title='bbox 382 5131 578 5183; x_wconf 85' lang='grc' dir='ltr'>λισσαν</span> <span class='ocrx_word' id='word_1_563' title='bbox 606 5130 668 5182; x_wconf 79' lang='grc' dir='ltr'><strong>ού</strong></span> <span class='ocrx_word' id='word_1_564' title='bbox 718 5128 972 5197; x_wconf 85' lang='grc' dir='ltr'>θέλομεν,</span> <span class='ocrx_word' id='word_1_565' title='bbox 1000 5128 1123 5180; x_wconf 61' lang='grc' dir='ltr'>οῦδὲ</span> <span class='ocrx_word' id='word_1_566' title='bbox 1157 5126 1223 5179; x_wconf 86' lang='grc' dir='ltr'>δι’</span> <span class='ocrx_word' id='word_1_567' title='bbox 1248 5126 1420 5194; x_wconf 75' lang='grc' dir='ltr'>αὐτὴν</span> <span class='ocrx_word' id='word_1_568' title='bbox 1454 5126 1507 5177; x_wconf 85' lang='grc' dir='ltr'>αἱ</span> <span class='ocrx_word' id='word_1_569' title='bbox 1546 5128 1743 5195; x_wconf 85' lang='grc' dir='ltr'>μάνναι</span> <span class='ocrx_word' id='word_1_570' title='bbox 1787 5126 1945 5196; x_wconf 76' lang='grc' dir='ltr'>ἡμῶν</span> 
     </span>
    </p>
   </div>
   <div class='ocr_carea' id='block_1_81' title="bbox 379 5214 1939 5287">
    <p class='ocr_par' dir='ltr' id='par_1_81' title="bbox 379 5214 1939 5287">
     <span class='ocr_line' id='line_1_81' title="bbox 379 5214 1939 5287; baseline -0.003 -17"><span class='ocrx_word' id='word_1_571' title='bbox 379 5220 438 5271; x_wconf 83' lang='grc' dir='ltr'>αἱ</span> <span class='ocrx_word' id='word_1_572' title='bbox 474 5218 975 5287; x_wconf 73' lang='grc' dir='ltr'>πορφυρογέννητοι</span> <span class='ocrx_word' id='word_1_573' title='bbox 1004 5217 1123 5285; x_wconf 86' lang='grc' dir='ltr'><strong>Ζωὴ</strong></span> <span class='ocrx_word' id='word_1_574' title='bbox 1148 5218 1239 5267; x_wconf 72' lang='grc' dir='ltr'><strong>καὶ</strong></span> <span class='ocrx_word' id='word_1_575' title='bbox 1259 5218 1292 5284; x_wconf 84' lang='grc' dir='ltr'>ἠ</span> <span class='ocrx_word' id='word_1_576' title='bbox 1319 5214 1568 5281; x_wconf 64' lang='grc' dir='ltr'>Θεοδώρα</span> <span class='ocrx_word' id='word_1_577' title='bbox 1597 5216 1903 5268; x_wconf 81' lang='grc' dir='ltr'>θανοῦνται.</span> <span class='ocrx_word' id='word_1_578' title='bbox 1921 5234 1939 5266; x_wconf 75' lang='grc' dir='ltr'><strong>ι</strong></span> 
     </span>
    </p>
   </div>
   <div class='ocr_carea' id='block_1_82' title="bbox 379 5307 1944 5378">
    <p class='ocr_par' dir='ltr' id='par_1_82' title="bbox 379 5307 1944 5378">
     <span class='ocr_line' id='line_1_82' title="bbox 379 5307 1944 5378; baseline -0.001 -17"><span class='ocrx_word' id='word_1_579' title='bbox 379 5310 668 5378; x_wconf 82' lang='grc' dir='ltr'>Ταραχθὲν</span> <span class='ocrx_word' id='word_1_580' title='bbox 716 5309 810 5362; x_wconf 79' lang='grc' dir='ltr'><strong>οὖν</strong></span> <span class='ocrx_word' id='word_1_581' title='bbox 875 5311 971 5361; x_wconf 68' lang='grc' dir='ltr'><strong>ἐπὶ</strong></span> <span class='ocrx_word' id='word_1_582' title='bbox 1024 5310 1186 5359; x_wconf 83' lang='grc' dir='ltr'>πλέον</span> <span class='ocrx_word' id='word_1_583' title='bbox 1232 5309 1291 5360; x_wconf 81' lang='grc' dir='ltr'><strong>τὸ</strong></span> <span class='ocrx_word' id='word_1_584' title='bbox 1351 5307 1554 5377; x_wconf 85' lang='grc' dir='ltr'>πλῆθος</span> <span class='ocrx_word' id='word_1_585' title='bbox 1629 5307 1812 5375; x_wconf 75' lang='grc' dir='ltr'>ἐζήτει</span> <span class='ocrx_word' id='word_1_586' title='bbox 1852 5308 1944 5359; x_wconf 86' lang='grc' dir='ltr'>τὸν</span> 
     </span>
    </p>
   </div>
   <div class='ocr_carea' id='block_1_83' title="bbox 382 5398 1946 5471">
    <p class='ocr_par' dir='ltr' id='par_1_83' title="bbox 382 5398 1946 5471">
     <span class='ocr_line' id='line_1_83' title="bbox 382 5398 1946 5471; baseline -0.002 -18"><span class='ocrx_word' id='word_1_587' title='bbox 382 5401 612 5469; x_wconf 77' lang='grc' dir='ltr'>βασιλέα</span> <span class='ocrx_word' id='word_1_588' title='bbox 668 5401 1130 5471; x_wconf 56' lang='grc' dir='ltr'>διαχειρίσασθαι,</span> <span class='ocrx_word' id='word_1_589' title='bbox 1181 5401 1276 5454; x_wconf 83' lang='grc' dir='ltr'>καὶ</span> <span class='ocrx_word' id='word_1_590' title='bbox 1347 5398 1545 5469; x_wconf 71' lang='grc' dir='ltr'>φθόρος</span> <span class='ocrx_word' id='word_1_591' title='bbox 1606 5398 1672 5452; x_wconf 89' lang='grc' dir='ltr'><strong>ἂν</strong></span> <span class='ocrx_word' id='word_1_592' title='bbox 1742 5399 1946 5461; x_wconf 82' lang='grc' dir='ltr'>εὐθέως</span> 
     </span>
    </p>
   </div>
   <div class='ocr_carea' id='block_1_84' title="bbox 382 5490 1999 5560">
    <p class='ocr_par' dir='ltr' id='par_1_84' title="bbox 382 5490 1999 5560">
     <span class='ocr_line' id='line_1_84' title="bbox 382 5490 1999 5560; baseline 0.002 -19"><span class='ocrx_word' id='word_1_593' title='bbox 382 5492 488 5543; x_wconf 76' lang='grc' dir='ltr'>οὐκ</span> <span class='ocrx_word' id='word_1_594' title='bbox 522 5491 703 5555; x_wconf 73' lang='grc' dir='ltr'>ὀλίγος</span> <span class='ocrx_word' id='word_1_595' title='bbox 742 5493 1006 5558; x_wconf 78' lang='grc' dir='ltr'>ἐγεγόνει,</span> <span class='ocrx_word' id='word_1_596' title='bbox 1043 5494 1092 5543; x_wconf 85' lang='grc' dir='ltr'><strong>εί</strong></span> <span class='ocrx_word' id='word_1_597' title='bbox 1126 5491 1198 5560; x_wconf 82' lang='grc' dir='ltr'>μή</span> <span class='ocrx_word' id='word_1_598' title='bbox 1244 5507 1306 5557; x_wconf 80' lang='grc' dir='ltr'>γε</span> <span class='ocrx_word' id='word_1_599' title='bbox 1346 5490 1695 5559; x_wconf 69' lang='grc' dir='ltr'>προκύψασαι</span> <span class='ocrx_word' id='word_1_600' title='bbox 1732 5491 1942 5544; x_wconf 78' lang='grc' dir='ltr'>ἄνωθεν</span> <span class='ocrx_word' id='word_1_601' title='bbox 1983 5520 1999 5531; x_wconf 65' lang='grc' dir='ltr'><em>κ</em></span> 
     </span>
    </p>
   </div>
   <div class='ocr_carea' id='block_1_85' title="bbox 381 5580 1943 5652">
    <p class='ocr_par' dir='ltr' id='par_1_85' title="bbox 381 5580 1943 5652">
     <span class='ocr_line' id='line_1_85' title="bbox 381 5580 1943 5652; baseline 0.003 -20"><span class='ocrx_word' id='word_1_602' title='bbox 381 5581 441 5633; x_wconf 78' lang='grc' dir='ltr'>αἱ</span> <span class='ocrx_word' id='word_1_603' title='bbox 481 5580 789 5650; x_wconf 86' lang='grc' dir='ltr'>βασίλισσαι</span> <span class='ocrx_word' id='word_1_604' title='bbox 820 5584 919 5649; x_wconf 73' lang='grc' dir='ltr'><strong>τὴν</strong></span> <span class='ocrx_word' id='word_1_605' title='bbox 950 5582 1046 5634; x_wconf 71' lang='grc' dir='ltr'>τοῦ</span> <span class='ocrx_word' id='word_1_606' title='bbox 1104 5582 1343 5649; x_wconf 77' lang='grc' dir='ltr'>πλήθους</span> <span class='ocrx_word' id='word_1_607' title='bbox 1397 5581 1569 5649; x_wconf 75' lang='grc' dir='ltr'>ὀργὴν</span> <span class='ocrx_word' id='word_1_608' title='bbox 1618 5583 1943 5652; x_wconf 82' lang='grc' dir='ltr'>κατεστόρε-</span> 
     </span>
    </p>
   </div>
   <div class='ocr_carea' id='block_1_86' title="bbox 385 5667 1941 5741">
    <p class='ocr_par' dir='ltr' id='par_1_86' title="bbox 385 5667 1941 5741">
     <span class='ocr_line' id='line_1_86' title="bbox 385 5667 1941 5741; baseline 0.003 -16"><span class='ocrx_word' id='word_1_609' title='bbox 385 5689 505 5726; x_wconf 79' lang='grc' dir='ltr'>σαν.</span> <span class='ocrx_word' id='word_1_610' title='bbox 552 5673 670 5741; x_wconf 76' lang='grc' dir='ltr'><strong>Ἐφ’</strong></span> <span class='ocrx_word' id='word_1_611' title='bbox 708 5667 752 5741; x_wconf 78' lang='grc' dir='ltr'>ᾧ</span> <span class='ocrx_word' id='word_1_612' title='bbox 782 5676 868 5725; x_wconf 75' lang='grc' dir='ltr'>καὶ</span> <span class='ocrx_word' id='word_1_613' title='bbox 914 5675 1058 5727; x_wconf 71' lang='grc' dir='ltr'>ἄκων</span> <span class='ocrx_word' id='word_1_614' title='bbox 1081 5674 1107 5723; x_wconf 90' lang='lat'><strong>6</strong></span> <span class='ocrx_word' id='word_1_615' title='bbox 1132 5674 1382 5741; x_wconf 73' lang='grc' dir='ltr'>βασιλεὺς</span> <span class='ocrx_word' id='word_1_616' title='bbox 1411 5674 1467 5725; x_wconf 79' lang='grc' dir='ltr'><strong>ἐν</strong></span> <span class='ocrx_word' id='word_1_617' title='bbox 1499 5673 1783 5741; x_wconf 45' lang='grc' dir='ltr'>βασιλείοις</span> <span class='ocrx_word' id='word_1_618' title='bbox 1814 5676 1941 5730; x_wconf 80' lang='grc' dir='ltr'>ὐπο-</span> 
     </span>
    </p>
   </div>
   <div class='ocr_carea' id='block_1_87' title="bbox 2054 3127 3620 3189">
    <p class='ocr_par' dir='ltr' id='par_1_87' title="bbox 2054 3127 3620 3189">
     <span class='ocr_line' id='line_1_87' title="bbox 2054 3127 3620 3189; baseline -0.002 -8"><span class='ocrx_word' id='word_1_619' title='bbox 2054 3128 2200 3182; x_wconf 87' lang='lat' dir='ltr'><strong>circo</strong></span> <span class='ocrx_word' id='word_1_620' title='bbox 2224 3127 2473 3185; x_wconf 70' lang='lat' dir='ltr'><strong>due&#39;um.</strong></span> <span class='ocrx_word' id='word_1_621' title='bbox 2502 3128 2756 3181; x_wconf 88' lang='lat' dir='ltr'><strong>muliebri</strong></span> <span class='ocrx_word' id='word_1_622' title='bbox 2803 3128 3007 3181; x_wconf 86' lang='lat' dir='ltr'><strong>amictu</strong></span> <span class='ocrx_word' id='word_1_623' title='bbox 3052 3127 3326 3189; x_wconf 83' lang='lat' dir='ltr'><strong>indutum,</strong></span> <span class='ocrx_word' id='word_1_624' title='bbox 3361 3128 3620 3180; x_wconf 65' lang='lat' dir='ltr'><strong>omnibus</strong></span> 
     </span>
    </p>
   </div>
   <div class='ocr_carea' id='block_1_88' title="bbox 2053 3217 3620 3285">
    <p class='ocr_par' dir='ltr' id='par_1_88' title="bbox 2053 3217 3620 3285">
     <span class='ocr_line' id='line_1_88' title="bbox 2053 3217 3620 3285; baseline -0.002 -14"><span class='ocrx_word' id='word_1_625' title='bbox 2053 3217 2293 3285; x_wconf 83' lang='lat' dir='ltr'><strong>denique</strong></span> <span class='ocrx_word' id='word_1_626' title='bbox 2326 3218 2681 3271; x_wconf 79' lang='lat' dir='ltr'><strong>facultatibus</strong></span> <span class='ocrx_word' id='word_1_627' title='bbox 2730 3218 2995 3276; x_wconf 85' lang='lat' dir='ltr'><strong>nudatum</strong></span> <span class='ocrx_word' id='word_1_628' title='bbox 3044 3218 3271 3271; x_wconf 74' lang='lat' dir='ltr'><strong>dimisit.</strong></span> <span class='ocrx_word' id='word_1_629' title='bbox 3337 3217 3450 3269; x_wconf 87' lang='lat' dir='ltr'><strong>Iloe</strong></span> <span class='ocrx_word' id='word_1_630' title='bbox 3485 3225 3620 3268; x_wconf 79' lang='lat' dir='ltr'><strong>tem-</strong></span> 
     </span>
    </p>
   </div>
   <div class='ocr_carea' id='block_1_89' title="bbox 2052 3290 3616 3378">
    <p class='ocr_par' dir='ltr' id='par_1_89' title="bbox 2052 3290 3616 3378">
     <span class='ocr_line' id='line_1_89' title="bbox 2052 3290 3616 3378; baseline -0.001 -16"><span class='ocrx_word' id='word_1_631' title='bbox 2052 3325 2185 3378; x_wconf 90' lang='lat' dir='ltr'><strong>pore</strong></span> <span class='ocrx_word' id='word_1_632' title='bbox 2221 3309 2446 3362; x_wconf 80' lang='lat' dir='ltr'><strong>Alexius</strong></span> <span class='ocrx_word' id='word_1_633' title='bbox 2474 3292 2780 3375; x_wconf 77' lang='lat' dir='ltr'><strong>patriarcha</strong></span> <span class='ocrx_word' id='word_1_634' title='bbox 2814 3290 3022 3361; x_wconf 71' lang='lat' dir='ltr'><strong>natura:</strong></span> <span class='ocrx_word' id='word_1_635' title='bbox 3056 3308 3298 3361; x_wconf 85' lang='lat' dir='ltr'><strong>debitum</strong></span> <span class='ocrx_word' id='word_1_636' title='bbox 3332 3308 3616 3376; x_wconf 74' lang='lat' dir='ltr'><strong>persolvit.</strong></span> 
     </span>
    </p>
   </div>
   <div class='ocr_carea' id='block_1_90' title="bbox 2054 3397 3617 3469">
    <p class='ocr_par' dir='ltr' id='par_1_90' title="bbox 2054 3397 3617 3469">
     <span class='ocr_line' id='line_1_90' title="bbox 2054 3397 3617 3469; baseline -0.003 -15"><span class='ocrx_word' id='word_1_637' title='bbox 2054 3402 2107 3454; x_wconf 94' lang='lat' dir='ltr'><strong>in</strong></span> <span class='ocrx_word' id='word_1_638' title='bbox 2143 3401 2301 3465; x_wconf 85' lang='lat' dir='ltr'><strong>cujus</strong></span> <span class='ocrx_word' id='word_1_639' title='bbox 2331 3400 2509 3453; x_wconf 86' lang='lat' dir='ltr'><strong>locum</strong></span> <span class='ocrx_word' id='word_1_640' title='bbox 2550 3400 2848 3453; x_wconf 82' lang='lat' dir='ltr'><strong>Michaelus</strong></span> <span class='ocrx_word' id='word_1_641' title='bbox 2880 3409 3244 3469; x_wconf 81' lang='lat' dir='ltr'><strong>cognomento</strong></span> <span class='ocrx_word' id='word_1_642' title='bbox 3279 3397 3617 3460; x_wconf 85' lang='lat' dir='ltr'><strong>Cernlarius,</strong></span> 
     </span>
    </p>
   </div>
   <div class='ocr_carea' id='block_1_91' title="bbox 2052 3490 3248 3555">
    <p class='ocr_par' dir='ltr' id='par_1_91' title="bbox 2052 3490 3248 3555">
     <span class='ocr_line' id='line_1_91' title="bbox 2052 3490 3248 3555; baseline -0.003 -10"><span class='ocrx_word' id='word_1_643' title='bbox 2052 3492 2309 3546; x_wconf 80' lang='lat' dir='ltr'><strong>solitariae</strong></span> <span class='ocrx_word' id='word_1_644' title='bbox 2334 3490 2462 3545; x_wconf 57' lang='lat' dir='ltr'><strong>vitae</strong></span> <span class='ocrx_word' id='word_1_645' title='bbox 2491 3499 2747 3555; x_wconf 75' lang='lat' dir='ltr'><strong>sectator,</strong></span> <span class='ocrx_word' id='word_1_646' title='bbox 2786 3499 2871 3545; x_wconf 89' lang='lat' dir='ltr'><strong>est</strong></span> <span class='ocrx_word' id='word_1_647' title='bbox 2897 3490 3248 3545; x_wconf 84' lang='lat' dir='ltr'><strong>substitutus.</strong></span> 
     </span>
    </p>
   </div>
   <div class='ocr_carea' id='block_1_92' title="bbox 2126 3580 3618 3651">
    <p class='ocr_par' dir='ltr' id='par_1_92' title="bbox 2126 3580 3618 3651">
     <span class='ocr_line' id='line_1_92' title="bbox 2126 3580 3618 3651; baseline -0.004 -15"><span class='ocrx_word' id='word_1_648' title='bbox 2126 3583 2239 3636; x_wconf 88' lang='lat' dir='ltr'><strong>Sub</strong></span> <span class='ocrx_word' id='word_1_649' title='bbox 2287 3583 2483 3635; x_wconf 88' lang='lat' dir='ltr'><strong>eodem</strong></span> <span class='ocrx_word' id='word_1_650' title='bbox 2540 3581 2878 3651; x_wconf 89' lang='lat' dir='ltr'><strong>imperatore</strong></span> <span class='ocrx_word' id='word_1_651' title='bbox 2935 3580 3150 3651; x_wconf 71' lang='lat' dir='ltr'><strong>Scytha:</strong></span> <span class='ocrx_word' id='word_1_652' title='bbox 3215 3596 3469 3650; x_wconf 89' lang='lat' dir='ltr'><strong>quoque,</strong></span> <span class='ocrx_word' id='word_1_653' title='bbox 3525 3580 3618 3648; x_wconf 90' lang='lat' dir='ltr'><strong>qui</strong></span> 
     </span>
    </p>
   </div>
   <div class='ocr_carea' id='block_1_93' title="bbox 2054 3672 3618 3743">
    <p class='ocr_par' dir='ltr' id='par_1_93' title="bbox 2054 3672 3618 3743">
     <span class='ocr_line' id='line_1_93' title="bbox 2054 3672 3618 3743; baseline -0.004 -14"><span class='ocrx_word' id='word_1_654' title='bbox 2054 3675 2210 3729; x_wconf 71' lang='grc' dir='ltr'><strong>Βαιεεί</strong></span> <span class='ocrx_word' id='word_1_655' title='bbox 2268 3684 2419 3735; x_wconf 85' lang='lat' dir='ltr'><strong>sunt,</strong></span> <span class='ocrx_word' id='word_1_656' title='bbox 2477 3673 2544 3727; x_wconf 87' lang='lat' dir='ltr'><strong>de</strong></span> <span class='ocrx_word' id='word_1_657' title='bbox 2602 3673 2897 3743; x_wconf 76' lang='lat' dir='ltr'><strong>perexigua</strong></span> <span class='ocrx_word' id='word_1_658' title='bbox 2942 3687 3077 3728; x_wconf 86' lang='lat' dir='ltr'><strong>sane</strong></span> <span class='ocrx_word' id='word_1_659' title='bbox 3106 3672 3393 3727; x_wconf 89' lang='lat' dir='ltr'><strong>occasione</strong></span> <span class='ocrx_word' id='word_1_660' title='bbox 3425 3685 3618 3740; x_wconf 81' lang='lat' dir='ltr'><strong>magna</strong></span> 
     </span>
    </p>
   </div>
   <div class='ocr_carea' id='block_1_94' title="bbox 2054 3763 3624 3841">
    <p class='ocr_par' dir='ltr' id='par_1_94' title="bbox 2054 3763 3624 3841">
     <span class='ocr_line' id='line_1_94' title="bbox 2054 3763 3624 3841; baseline -0.004 -21"><span class='ocrx_word' id='word_1_661' title='bbox 2054 3766 2227 3820; x_wconf 85' lang='lat' dir='ltr'><strong>classe</strong></span> <span class='ocrx_word' id='word_1_662' title='bbox 2255 3765 2450 3819; x_wconf 86' lang='lat' dir='ltr'><strong>urbem</strong></span> <span class='ocrx_word' id='word_1_663' title='bbox 2485 3765 2900 3841; x_wconf 81' lang='lat' dir='ltr'><strong>imperatoriam</strong></span> <span class='ocrx_word' id='word_1_664' title='bbox 2928 3764 3105 3819; x_wconf 90' lang='lat' dir='ltr'><strong>adorti</strong></span> <span class='ocrx_word' id='word_1_665' title='bbox 3136 3772 3286 3819; x_wconf 88' lang='lat' dir='ltr'><strong>sunt.</strong></span> <span class='ocrx_word' id='word_1_666' title='bbox 3327 3764 3420 3818; x_wconf 85' lang='lat' dir='ltr'><strong>Eis</strong></span> <span class='ocrx_word' id='word_1_667' title='bbox 3450 3763 3624 3831; x_wconf 87' lang='lat' dir='ltr'><strong>impe-</strong></span> 
     </span>
    </p>
   </div>
   <div class='ocr_carea' id='block_1_95' title="bbox 2055 3853 3619 3923">
    <p class='ocr_par' dir='ltr' id='par_1_95' title="bbox 2055 3853 3619 3923">
     <span class='ocr_line' id='line_1_95' title="bbox 2055 3853 3619 3923; baseline -0.004 -12"><span class='ocrx_word' id='word_1_668' title='bbox 2055 3867 2204 3911; x_wconf 89' lang='lat' dir='ltr'><strong>rator</strong></span> <span class='ocrx_word' id='word_1_669' title='bbox 2241 3857 2296 3911; x_wconf 90' lang='lat' dir='ltr'><strong>in</strong></span> <span class='ocrx_word' id='word_1_670' title='bbox 2326 3855 2447 3910; x_wconf 78' lang='lat' dir='ltr'><strong>toro</strong></span> <span class='ocrx_word' id='word_1_671' title='bbox 2478 3871 2604 3911; x_wconf 92' lang='lat' dir='ltr'><strong>cum</strong></span> <span class='ocrx_word' id='word_1_672' title='bbox 2634 3857 2990 3921; x_wconf 88' lang='lat' dir='ltr'><strong>occurrisset,</strong></span> <span class='ocrx_word' id='word_1_673' title='bbox 3045 3856 3100 3909; x_wconf 93' lang='lat' dir='ltr'><strong>in</strong></span> <span class='ocrx_word' id='word_1_674' title='bbox 3153 3855 3336 3923; x_wconf 83' lang='lat' dir='ltr'><strong>fugam</strong></span> <span class='ocrx_word' id='word_1_675' title='bbox 3386 3853 3619 3923; x_wconf 89' lang='lat' dir='ltr'><strong>conjecti</strong></span> 
     </span>
    </p>
   </div>
   <div class='ocr_carea' id='block_1_96' title="bbox 2056 3943 3623 4015">
    <p class='ocr_par' dir='ltr' id='par_1_96' title="bbox 2056 3943 3623 4015">
     <span class='ocr_line' id='line_1_96' title="bbox 2056 3943 3623 4015; baseline -0.003 -16"><span class='ocrx_word' id='word_1_676' title='bbox 2056 3945 2214 3999; x_wconf 83' lang='lat' dir='ltr'><strong>Rossi</strong></span> <span class='ocrx_word' id='word_1_677' title='bbox 2250 3961 2403 3999; x_wconf 88' lang='lat' dir='ltr'><strong>suam</strong></span> <span class='ocrx_word' id='word_1_678' title='bbox 2431 3946 2484 3998; x_wconf 93' lang='lat' dir='ltr'><strong>in</strong></span> <span class='ocrx_word' id='word_1_679' title='bbox 2514 3946 2742 4015; x_wconf 86' lang='lat' dir='ltr'><strong>patriam</strong></span> <span class='ocrx_word' id='word_1_680' title='bbox 2771 3954 3148 4015; x_wconf 78' lang='lat' dir='ltr'><strong>reverterunt.</strong></span> <span class='ocrx_word' id='word_1_681' title='bbox 3179 3944 3394 3998; x_wconf 86' lang='lat' dir='ltr'><strong>Etenim</strong></span> <span class='ocrx_word' id='word_1_682' title='bbox 3413 3943 3466 3995; x_wconf 92' lang='lat' dir='ltr'><strong>in</strong></span> <span class='ocrx_word' id='word_1_683' title='bbox 3492 3957 3623 3996; x_wconf 86' lang='lat' dir='ltr'><strong>con-</strong></span> 
     </span>
    </p>
   </div>
   <div class='ocr_carea' id='block_1_97' title="bbox 2053 4028 3624 4102">
    <p class='ocr_par' dir='ltr' id='par_1_97' title="bbox 2053 4028 3624 4102">
     <span class='ocr_line' id='line_1_97' title="bbox 2053 4028 3624 4102; baseline -0.003 -13"><span class='ocrx_word' id='word_1_684' title='bbox 2053 4035 2200 4091; x_wconf 84' lang='lat' dir='ltr'><strong>ﬂictu</strong></span> <span class='ocrx_word' id='word_1_685' title='bbox 2232 4051 2421 4091; x_wconf 87' lang='lat' dir='ltr'><strong>eorum</strong></span> <span class='ocrx_word' id='word_1_686' title='bbox 2444 4052 2567 4090; x_wconf 92' lang='lat' dir='ltr'><strong>eum</strong></span> <span class='ocrx_word' id='word_1_687' title='bbox 2594 4037 2859 4091; x_wconf 84' lang='lat' dir='ltr'><strong>Romanis</strong></span> <span class='ocrx_word' id='word_1_688' title='bbox 2886 4050 3053 4091; x_wconf 85' lang='lat' dir='ltr'><strong>naves</strong></span> <span class='ocrx_word' id='word_1_689' title='bbox 3077 4036 3283 4090; x_wconf 85' lang='lat' dir='ltr'><strong>fractas</strong></span> <span class='ocrx_word' id='word_1_690' title='bbox 3312 4028 3454 4097; x_wconf 80' lang='lat' dir='ltr'><strong>haud</strong></span> <span class='ocrx_word' id='word_1_691' title='bbox 3492 4049 3624 4102; x_wconf 81' lang='lat' dir='ltr'><strong>pau-</strong></span> 
     </span>
    </p>
   </div>
   <div class='ocr_carea' id='block_1_98' title="bbox 2053 4126 3618 4198">
    <p class='ocr_par' dir='ltr' id='par_1_98' title="bbox 2053 4126 3618 4198">
     <span class='ocr_line' id='line_1_98' title="bbox 2053 4126 3618 4198; baseline -0.003 -17"><span class='ocrx_word' id='word_1_692' title='bbox 2053 4143 2147 4182; x_wconf 88' lang='lat' dir='ltr'><strong>cas</strong></span> <span class='ocrx_word' id='word_1_693' title='bbox 2201 4144 2310 4184; x_wconf 87' lang='lat' dir='ltr'><strong>una</strong></span> <span class='ocrx_word' id='word_1_694' title='bbox 2351 4144 2474 4183; x_wconf 91' lang='lat' dir='ltr'><strong>cum</strong></span> <span class='ocrx_word' id='word_1_695' title='bbox 2523 4128 2838 4198; x_wconf 89' lang='lat' dir='ltr'><strong>quindecim</strong></span> <span class='ocrx_word' id='word_1_696' title='bbox 2886 4128 3000 4183; x_wconf 85' lang='lat' dir='ltr'><strong>fere</strong></span> <span class='ocrx_word' id='word_1_697' title='bbox 3040 4126 3282 4180; x_wconf 88' lang='lat' dir='ltr'><strong>millibus</strong></span> <span class='ocrx_word' id='word_1_698' title='bbox 3337 4127 3618 4179; x_wconf 89' lang='lat' dir='ltr'><strong>hominum</strong></span> 
     </span>
    </p>
   </div>
   <div class='ocr_carea' id='block_1_99' title="bbox 2053 4215 3620 4273">
    <p class='ocr_par' dir='ltr' id='par_1_99' title="bbox 2053 4215 3620 4273">
     <span class='ocr_line' id='line_1_99' title="bbox 2053 4215 3620 4273; baseline -0.001 -4"><span class='ocrx_word' id='word_1_699' title='bbox 2053 4218 2373 4273; x_wconf 83' lang='lat' dir='ltr'><strong>amiserant.</strong></span> <span class='ocrx_word' id='word_1_700' title='bbox 2425 4218 2572 4272; x_wconf 85' lang='lat' dir='ltr'><strong>Idem</strong></span> <span class='ocrx_word' id='word_1_701' title='bbox 2599 4225 2777 4271; x_wconf 89' lang='lat' dir='ltr'><strong>tamen</strong></span> <span class='ocrx_word' id='word_1_702' title='bbox 2813 4216 3140 4273; x_wconf 87' lang='lat' dir='ltr'><strong>incommodi</strong></span> <span class='ocrx_word' id='word_1_703' title='bbox 3171 4215 3428 4269; x_wconf 81' lang='lat' dir='ltr'><strong>Romanis</strong></span> <span class='ocrx_word' id='word_1_704' title='bbox 3452 4215 3620 4269; x_wconf 82' lang='lat' dir='ltr'><strong>etiam</strong></span> 
     </span>
    </p>
   </div>
   <div class='ocr_carea' id='block_1_100' title="bbox 2057 4306 3616 4378">
    <p class='ocr_par' dir='ltr' id='par_1_100' title="bbox 2057 4306 3616 4378">
     <span class='ocr_line' id='line_1_100' title="bbox 2057 4306 3616 4378; baseline -0.002 -16"><span class='ocrx_word' id='word_1_705' title='bbox 2057 4309 2399 4374; x_wconf 86' lang='lat' dir='ltr'><strong>triremibus,</strong></span> <span class='ocrx_word' id='word_1_706' title='bbox 2415 4323 2647 4363; x_wconf 88' lang='lat' dir='ltr'><strong>nmnero</strong></span> <span class='ocrx_word' id='word_1_707' title='bbox 2667 4308 2859 4378; x_wconf 79' lang='lat' dir='ltr'><strong>viginti</strong></span> <span class='ocrx_word' id='word_1_708' title='bbox 2880 4317 3136 4378; x_wconf 85' lang='lat' dir='ltr'><strong>quatuor,</strong></span> <span class='ocrx_word' id='word_1_709' title='bbox 3163 4307 3216 4361; x_wconf 91' lang='lat' dir='ltr'><strong>in</strong></span> <span class='ocrx_word' id='word_1_710' title='bbox 3237 4309 3357 4362; x_wconf 82' lang='lat' dir='ltr'><strong>sinu</strong></span> <span class='ocrx_word' id='word_1_711' title='bbox 3383 4306 3616 4372; x_wconf 82' lang='lat' dir='ltr'><strong>quodam</strong></span> 
     </span>
    </p>
   </div>
   <div class='ocr_carea' id='block_1_101' title="bbox 1985 4398 3624 4470">
    <p class='ocr_par' dir='ltr' id='par_1_101' title="bbox 1985 4398 3624 4470">
     <span class='ocr_line' id='line_1_101' title="bbox 1985 4398 3624 4470; baseline -0.002 -15"><span class='ocrx_word' id='word_1_712' title='bbox 1985 4401 2226 4456; x_wconf 82' lang='lat' dir='ltr'><strong>Dmaris</strong></span> <span class='ocrx_word' id='word_1_713' title='bbox 2275 4401 2501 4465; x_wconf 88' lang='lat' dir='ltr'><strong>accidit,</strong></span> <span class='ocrx_word' id='word_1_714' title='bbox 2541 4400 2670 4455; x_wconf 91' lang='lat' dir='ltr'><strong>dum</strong></span> <span class='ocrx_word' id='word_1_715' title='bbox 2720 4400 2936 4470; x_wconf 84' lang='lat' dir='ltr'><strong>navigia</strong></span> <span class='ocrx_word' id='word_1_716' title='bbox 2989 4399 3291 4455; x_wconf 84' lang='lat' dir='ltr'><strong>Bessorum</strong></span> <span class='ocrx_word' id='word_1_717' title='bbox 3347 4398 3624 4452; x_wconf 89' lang='lat' dir='ltr'><strong>incautius</strong></span> 
     </span>
    </p>
   </div>
   <div class='ocr_carea' id='block_1_102' title="bbox 2056 4497 2486 4560">
    <p class='ocr_par' dir='ltr' id='par_1_102' title="bbox 2056 4497 2486 4560">
     <span class='ocr_line' id='line_1_102' title="bbox 2056 4497 2486 4560; baseline -0.005 -17"><span class='ocrx_word' id='word_1_718' title='bbox 2056 4497 2486 4560; x_wconf 89' lang='lat' dir='ltr'><strong>persequuntur.</strong></span> 
     </span>
    </p>
   </div>
   <div class='ocr_carea' id='block_1_103' title="bbox 2118 4578 3617 4649">
    <p class='ocr_par' dir='ltr' id='par_1_103' title="bbox 2118 4578 3617 4649">
     <span class='ocr_line' id='line_1_103' title="bbox 2118 4578 3617 4649; baseline -0.003 -14"><span class='ocrx_word' id='word_1_719' title='bbox 2118 4580 2284 4649; x_wconf 80' lang='lat'><strong>320</strong></span> <span class='ocrx_word' id='word_1_720' title='bbox 2308 4580 2467 4633; x_wconf 86' lang='lat' dir='ltr'><strong>Auno</strong></span> <span class='ocrx_word' id='word_1_721' title='bbox 2504 4578 2694 4634; x_wconf 91' lang='lat' dir='ltr'><strong>mundi</strong></span> <span class='ocrx_word' id='word_1_722' title='bbox 2728 4579 2890 4642; x_wconf 73' lang='lat'><strong>6552,</strong></span> <span class='ocrx_word' id='word_1_723' title='bbox 2924 4581 2988 4633; x_wconf 87' lang='lat' dir='ltr'><strong>ad</strong></span> <span class='ocrx_word' id='word_1_724' title='bbox 3021 4579 3166 4649; x_wconf 86' lang='lat' dir='ltr'><strong>diem</strong></span> <span class='ocrx_word' id='word_1_725' title='bbox 3201 4580 3493 4649; x_wconf 78' lang='lat' dir='ltr'><strong>septimum</strong></span> <span class='ocrx_word' id='word_1_726' title='bbox 3538 4578 3617 4632; x_wconf 87' lang='lat' dir='ltr'><strong>ld.</strong></span> 
     </span>
    </p>
   </div>
   <div class='ocr_carea' id='block_1_104' title="bbox 2049 4670 3623 4742">
    <p class='ocr_par' dir='ltr' id='par_1_104' title="bbox 2049 4670 3623 4742">
     <span class='ocr_line' id='line_1_104' title="bbox 2049 4670 3623 4742; baseline -0.002 -16"><span class='ocrx_word' id='word_1_727' title='bbox 2049 4670 2213 4726; x_wconf 78' lang='lat' dir='ltr'><strong>Mart.</strong></span> <span class='ocrx_word' id='word_1_728' title='bbox 2249 4672 2550 4741; x_wconf 85' lang='lat' dir='ltr'><strong>imperator</strong></span> <span class='ocrx_word' id='word_1_729' title='bbox 2583 4688 2686 4727; x_wconf 90' lang='lat' dir='ltr'><strong>suo</strong></span> <span class='ocrx_word' id='word_1_730' title='bbox 2720 4673 2958 4742; x_wconf 89' lang='lat' dir='ltr'><strong>quodam</strong></span> <span class='ocrx_word' id='word_1_731' title='bbox 3011 4674 3245 4727; x_wconf 83' lang='lat' dir='ltr'><strong>consilio</strong></span> <span class='ocrx_word' id='word_1_732' title='bbox 3268 4672 3623 4741; x_wconf 81' lang='lat' dir='ltr'><strong>supplicatio-</strong></span> 
     </span>
    </p>
   </div>
   <div class='ocr_carea' id='block_1_105' title="bbox 2050 4763 3621 4849">
    <p class='ocr_par' dir='ltr' id='par_1_105' title="bbox 2050 4763 3621 4849">
     <span class='ocr_line' id='line_1_105' title="bbox 2050 4763 3621 4849; baseline 0.002 -34"><span class='ocrx_word' id='word_1_733' title='bbox 2050 4763 2137 4817; x_wconf 90' lang='lat' dir='ltr'><strong>nis</strong></span> <span class='ocrx_word' id='word_1_734' title='bbox 2187 4778 2352 4817; x_wconf 78' lang='lat' dir='ltr'><strong>causa</strong></span> <span class='ocrx_word' id='word_1_735' title='bbox 2408 4763 2507 4849; x_wconf 54' lang='lat' dir='ltr'><strong>ire;</strong></span> <span class='ocrx_word' id='word_1_736' title='bbox 2536 4764 2781 4818; x_wconf 76' lang='lat' dir='ltr'><strong>decrevit</strong></span> <span class='ocrx_word' id='word_1_737' title='bbox 2818 4764 2885 4818; x_wconf 91' lang='lat' dir='ltr'><strong>ad</strong></span> <span class='ocrx_word' id='word_1_738' title='bbox 2918 4774 3231 4819; x_wconf 84' lang='lat' dir='ltr'><strong>sanctorum</strong></span> <span class='ocrx_word' id='word_1_739' title='bbox 3263 4765 3621 4834; x_wconf 76' lang='lat' dir='ltr'><strong>quadraginta</strong></span> 
     </span>
    </p>
   </div>
   <div class='ocr_carea' id='block_1_106' title="bbox 2050 4855 3623 4925">
    <p class='ocr_par' dir='ltr' id='par_1_106' title="bbox 2050 4855 3623 4925">
     <span class='ocr_line' id='line_1_106' title="bbox 2050 4855 3623 4925; baseline 0.002 -17"><span class='ocrx_word' id='word_1_740' title='bbox 2050 4865 2348 4925; x_wconf 85' lang='lat' dir='ltr'><strong>martyrum</strong></span> <span class='ocrx_word' id='word_1_741' title='bbox 2375 4855 2568 4909; x_wconf 79' lang='lat' dir='ltr'><strong>:rdem.</strong></span> <span class='ocrx_word' id='word_1_742' title='bbox 2622 4856 2698 4909; x_wconf 84' lang='lat' dir='ltr'><strong>Eo</strong></span> <span class='ocrx_word' id='word_1_743' title='bbox 2740 4856 2958 4910; x_wconf 89' lang='lat' dir='ltr'><strong>nomine</strong></span> <span class='ocrx_word' id='word_1_744' title='bbox 3000 4857 3214 4925; x_wconf 86' lang='lat' dir='ltr'><strong>publica</strong></span> <span class='ocrx_word' id='word_1_745' title='bbox 3273 4858 3623 4925; x_wconf 87' lang='lat' dir='ltr'><strong>processione</strong></span> 
     </span>
    </p>
   </div>
   <div class='ocr_carea' id='block_1_107' title="bbox 2049 4946 3618 5016">
    <p class='ocr_par' dir='ltr' id='par_1_107' title="bbox 2049 4946 3618 5016">
     <span class='ocr_line' id='line_1_107' title="bbox 2049 4946 3618 5016; baseline 0.001 -17"><span class='ocrx_word' id='word_1_746' title='bbox 2049 4946 2322 5009; x_wconf 80' lang='lat' dir='ltr'><strong>instituta,</strong></span> <span class='ocrx_word' id='word_1_747' title='bbox 2373 4961 2494 5000; x_wconf 90' lang='lat' dir='ltr'><strong>cum</strong></span> <span class='ocrx_word' id='word_1_748' title='bbox 2552 4947 2619 4999; x_wconf 90' lang='lat' dir='ltr'><strong>ad</strong></span> <span class='ocrx_word' id='word_1_749' title='bbox 2678 4946 2883 5001; x_wconf 82' lang='lat' dir='ltr'><strong>Christi</strong></span> <span class='ocrx_word' id='word_1_750' title='bbox 2939 4948 3225 5015; x_wconf 88' lang='lat' dir='ltr'><strong>templum.</strong></span> <span class='ocrx_word' id='word_1_751' title='bbox 3262 4947 3406 5016; x_wconf 90' lang='lat' dir='ltr'><strong>quod</strong></span> <span class='ocrx_word' id='word_1_752' title='bbox 3449 4948 3618 5001; x_wconf 88' lang='lat' dir='ltr'><strong>estin</strong></span> 
     </span>
    </p>
   </div>
   <div class='ocr_carea' id='block_1_108' title="bbox 2050 5037 3623 5107">
    <p class='ocr_par' dir='ltr' id='par_1_108' title="bbox 2050 5037 3623 5107">
     <span class='ocr_line' id='line_1_108' title="bbox 2050 5037 3623 5107; baseline 0.001 -15"><span class='ocrx_word' id='word_1_753' title='bbox 2050 5037 2273 5100; x_wconf 87' lang='lat' dir='ltr'><strong>Chalce,</strong></span> <span class='ocrx_word' id='word_1_754' title='bbox 2307 5038 2672 5106; x_wconf 86' lang='lat' dir='ltr'><strong>pervenisset,</strong></span> <span class='ocrx_word' id='word_1_755' title='bbox 2705 5038 2939 5107; x_wconf 85' lang='lat' dir='ltr'><strong>populus</strong></span> <span class='ocrx_word' id='word_1_756' title='bbox 2983 5039 3310 5094; x_wconf 88' lang='lat' dir='ltr'><strong>seditionem</strong></span> <span class='ocrx_word' id='word_1_757' title='bbox 3342 5040 3623 5095; x_wconf 89' lang='lat' dir='ltr'><strong>concitare</strong></span> 
     </span>
    </p>
   </div>
   <div class='ocr_carea' id='block_1_109' title="bbox 2051 5127 3621 5201">
    <p class='ocr_par' dir='ltr' id='par_1_109' title="bbox 2051 5127 3621 5201">
     <span class='ocr_line' id='line_1_109' title="bbox 2051 5127 3621 5201; baseline 0.003 -22"><span class='ocrx_word' id='word_1_758' title='bbox 2051 5127 2241 5195; x_wconf 59' lang='lat' dir='ltr'><strong>carpit.</strong></span> <span class='ocrx_word' id='word_1_759' title='bbox 2275 5128 2586 5199; x_wconf 80' lang='lat' dir='ltr'><strong>Auditaque</strong></span> <span class='ocrx_word' id='word_1_760' title='bbox 2616 5144 2719 5183; x_wconf 81' lang='lat' dir='ltr'><strong>vox</strong></span> <span class='ocrx_word' id='word_1_761' title='bbox 2751 5139 2836 5183; x_wconf 89' lang='lat' dir='ltr'><strong>est</strong></span> <span class='ocrx_word' id='word_1_762' title='bbox 2861 5129 2930 5184; x_wconf 91' lang='lat' dir='ltr'><strong>de</strong></span> <span class='ocrx_word' id='word_1_763' title='bbox 2960 5130 3139 5185; x_wconf 87' lang='lat' dir='ltr'><strong>media</strong></span> <span class='ocrx_word' id='word_1_764' title='bbox 3176 5132 3331 5201; x_wconf 87' lang='lat' dir='ltr'><strong>plebe</strong></span> <span class='ocrx_word' id='word_1_765' title='bbox 3359 5147 3481 5201; x_wconf 68' lang='lat' dir='ltr'><strong>qua:</strong></span> <span class='ocrx_word' id='word_1_766' title='bbox 3516 5132 3621 5183; x_wconf 85' lang='lat' dir='ltr'><strong>lut-</strong></span> 
     </span>
    </p>
   </div>
   <div class='ocr_carea' id='block_1_110' title="bbox 2042 5211 3623 5291">
    <p class='ocr_par' dir='ltr' id='par_1_110' title="bbox 2042 5211 3623 5291">
     <span class='ocr_line' id='line_1_110' title="bbox 2042 5211 3623 5291; baseline 0.003 -22"><span class='ocrx_word' id='word_1_767' title='bbox 2042 5218 2280 5287; x_wconf 86' lang='lat' dir='ltr'><strong>jusmodi</strong></span> <span class='ocrx_word' id='word_1_768' title='bbox 2315 5220 2479 5274; x_wconf 85' lang='lat' dir='ltr'><strong>verba</strong></span> <span class='ocrx_word' id='word_1_769' title='bbox 2514 5220 2780 5288; x_wconf 81' lang='lat' dir='ltr'><strong>proferret</strong></span> <span class='ocrx_word' id='word_1_770' title='bbox 2810 5238 2822 5274; x_wconf 93' lang='lat'><strong>:</strong></span> <span class='ocrx_word' id='word_1_771' title='bbox 2849 5221 2990 5276; x_wconf 63' lang='lat' dir='ltr'><strong>«Nos</strong></span> <span class='ocrx_word' id='word_1_772' title='bbox 3024 5222 3351 5278; x_wconf 67' lang='lat' dir='ltr'><strong>Sclcraenam</strong></span> <span class='ocrx_word' id='word_1_773' title='bbox 3389 5211 3623 5291; x_wconf 71' lang='lat' dir='ltr'><strong>impera-</strong></span> 
     </span>
    </p>
   </div>
   <div class='ocr_carea' id='block_1_111' title="bbox 2050 5304 3617 5380">
    <p class='ocr_par' dir='ltr' id='par_1_111' title="bbox 2050 5304 3617 5380">
     <span class='ocr_line' id='line_1_111' title="bbox 2050 5304 3617 5380; baseline -0.002 -18"><span class='ocrx_word' id='word_1_774' title='bbox 2050 5310 2238 5364; x_wconf 86' lang='lat' dir='ltr'><strong>tricem</strong></span> <span class='ocrx_word' id='word_1_775' title='bbox 2270 5326 2377 5363; x_wconf 93' lang='lat' dir='ltr'><strong>non</strong></span> <span class='ocrx_word' id='word_1_776' title='bbox 2401 5309 2775 5375; x_wconf 85' lang='lat' dir='ltr'><strong>tolerabimus,</strong></span> <span class='ocrx_word' id='word_1_777' title='bbox 2805 5326 2982 5380; x_wconf 82' lang='lat' dir='ltr'><strong>neque</strong></span> <span class='ocrx_word' id='word_1_778' title='bbox 3020 5304 3224 5366; x_wconf 87' lang='lat' dir='ltr'><strong>matres</strong></span> <span class='ocrx_word' id='word_1_779' title='bbox 3245 5321 3461 5365; x_wconf 85' lang='lat' dir='ltr'><strong>nostras</strong></span> <span class='ocrx_word' id='word_1_780' title='bbox 3484 5324 3617 5377; x_wconf 85' lang='lat' dir='ltr'><strong>pur-</strong></span> 
     </span>
    </p>
   </div>
   <div class='ocr_carea' id='block_1_112' title="bbox 2048 5396 3615 5472">
    <p class='ocr_par' dir='ltr' id='par_1_112' title="bbox 2048 5396 3615 5472">
     <span class='ocr_line' id='line_1_112' title="bbox 2048 5396 3615 5472; baseline -0.003 -19"><span class='ocrx_word' id='word_1_781' title='bbox 2048 5404 2358 5470; x_wconf 78' lang='lat' dir='ltr'><strong>purigenas,</strong></span> <span class='ocrx_word' id='word_1_782' title='bbox 2398 5401 2546 5455; x_wconf 86' lang='lat' dir='ltr'><strong>Zoen</strong></span> <span class='ocrx_word' id='word_1_783' title='bbox 2579 5417 2643 5456; x_wconf 85' lang='lat' dir='ltr'><strong>ac</strong></span> <span class='ocrx_word' id='word_1_784' title='bbox 2673 5402 3041 5467; x_wconf 86' lang='lat' dir='ltr'><strong>Theodoram,</strong></span> <span class='ocrx_word' id='word_1_785' title='bbox 3068 5404 3187 5472; x_wconf 84' lang='lat' dir='ltr'><strong>ejus</strong></span> <span class='ocrx_word' id='word_1_786' title='bbox 3217 5416 3380 5456; x_wconf 88' lang='lat' dir='ltr'><strong>causa</strong></span> <span class='ocrx_word' id='word_1_787' title='bbox 3429 5396 3615 5451; x_wconf 75' lang='lat' dir='ltr'><strong>necari</strong></span> 
     </span>
    </p>
   </div>
   <div class='ocr_carea' id='block_1_113' title="bbox 2048 5494 3617 5563">
    <p class='ocr_par' dir='ltr' id='par_1_113' title="bbox 2048 5494 3617 5563">
     <span class='ocr_line' id='line_1_113' title="bbox 2048 5494 3617 5563; baseline -0.002 -16"><span class='ocrx_word' id='word_1_788' title='bbox 2048 5498 2373 5562; x_wconf 68' lang='lat' dir='ltr'><strong>patiemur.)</strong></span> <span class='ocrx_word' id='word_1_789' title='bbox 2430 5495 2541 5549; x_wconf 84' lang='lat' dir='ltr'><strong>Hoc</strong></span> <span class='ocrx_word' id='word_1_790' title='bbox 2593 5496 2755 5551; x_wconf 90' lang='lat' dir='ltr'><strong>modo</strong></span> <span class='ocrx_word' id='word_1_791' title='bbox 2790 5498 3024 5551; x_wconf 91' lang='lat' dir='ltr'><strong>tumultu</strong></span> <span class='ocrx_word' id='word_1_792' title='bbox 3073 5498 3127 5550; x_wconf 93' lang='lat' dir='ltr'><strong>in</strong></span> <span class='ocrx_word' id='word_1_793' title='bbox 3171 5496 3327 5563; x_wconf 87' lang='lat' dir='ltr'><strong>plebe</strong></span> <span class='ocrx_word' id='word_1_794' title='bbox 3376 5494 3617 5544; x_wconf 71' lang='lat' dir='ltr'><strong>maximo</strong></span> 
     </span>
    </p>
   </div>
   <div class='ocr_carea' id='block_1_114' title="bbox 2046 5582 3617 5658">
    <p class='ocr_par' dir='ltr' id='par_1_114' title="bbox 2046 5582 3617 5658">
     <span class='ocr_line' id='line_1_114' title="bbox 2046 5582 3617 5658; baseline -0.001 -19"><span class='ocrx_word' id='word_1_795' title='bbox 2046 5587 2335 5648; x_wconf 85' lang='lat' dir='ltr'><strong>concitato,</strong></span> <span class='ocrx_word' id='word_1_796' title='bbox 2378 5588 2443 5642; x_wconf 87' lang='lat' dir='ltr'><strong>ad</strong></span> <span class='ocrx_word' id='word_1_797' title='bbox 2479 5603 2668 5643; x_wconf 89' lang='lat' dir='ltr'><strong>necem</strong></span> <span class='ocrx_word' id='word_1_798' title='bbox 2723 5589 3021 5658; x_wconf 85' lang='lat' dir='ltr'><strong>imperator</strong></span> <span class='ocrx_word' id='word_1_799' title='bbox 3069 5585 3487 5657; x_wconf 80' lang='lat' dir='ltr'><strong>deposcebatur.</strong></span> <span class='ocrx_word' id='word_1_800' title='bbox 3546 5582 3617 5638; x_wconf 84' lang='lat' dir='ltr'><strong>Et</strong></span> 
     </span>
    </p>
   </div>
   <div class='ocr_carea' id='block_1_115' title="bbox 2046 5674 3612 5736">
    <p class='ocr_par' dir='ltr' id='par_1_115' title="bbox 2046 5674 3612 5736">
     <span class='ocr_line' id='line_1_115' title="bbox 2046 5674 3612 5736; baseline 0.001 -5"><span class='ocrx_word' id='word_1_801' title='bbox 2046 5687 2230 5732; x_wconf 87' lang='lat' dir='ltr'><strong>secuta</strong></span> <span class='ocrx_word' id='word_1_802' title='bbox 2256 5695 2385 5734; x_wconf 78' lang='lat' dir='ltr'><strong>sane</strong></span> <span class='ocrx_word' id='word_1_803' title='bbox 2408 5695 2530 5735; x_wconf 81' lang='lat' dir='ltr'><strong>mox</strong></span> <span class='ocrx_word' id='word_1_804' title='bbox 2565 5681 2753 5736; x_wconf 80' lang='lat' dir='ltr'><strong>luisset</strong></span> <span class='ocrx_word' id='word_1_805' title='bbox 2784 5680 3062 5735; x_wconf 88' lang='lat' dir='ltr'><strong>hominum</strong></span> <span class='ocrx_word' id='word_1_806' title='bbox 3096 5676 3271 5733; x_wconf 64' lang='lat' dir='ltr'><strong>caedes</strong></span> <span class='ocrx_word' id='word_1_807' title='bbox 3307 5674 3447 5726; x_wconf 58' lang='lat' dir='ltr'><strong>haud</strong></span> <span class='ocrx_word' id='word_1_808' title='bbox 3496 5676 3612 5730; x_wconf 62' lang='lat' dir='ltr'><strong>exi-</strong></span> 
     </span>
    </p>
   </div>
  </div>
