4154 6200
462 269 581 333 .599

473 473 649 527 chaeli
675 487 930 541 proceres
959 470 1279 534 orientales,
1309 470 1361 523 in
1388 470 1592 538 quibus
1616 480 1774 523 erant
1800 469 2039 524 lsaacins

471 562 805 623 Coamenus,
836 555 1101 628 dignitate
1138 562 1419 629 magister,
1450 560 1703 615 Catacalo
1740 561 2039 615 Ambustus

471 663 530 709 et
571 656 686 718 alii,
717 670 815 722 pro
850 670 1002 709 more
1052 656 1233 722 prisco
1280 656 1667 724 imperatorem
1701 655 1939 712 adibant.
1979 663 2041 708 ut

477 745 546 798 ab
581 744 698 812 ipso
730 745 991 807 honores,
1029 745 1319 814 dignitates
1361 754 1731 815 consuetaque
1764 746 2039 815 congiaria

474 836 852 903 impetrarent.
940 836 1048 889 Eos
1100 837 1398 903 imperator
1456 837 1638 905 potius
1691 834 2042 890 contumeliis

470 918 696 973 affectos
750 936 913 987 quant
978 931 1203 974 ornatos
1256 921 1326 975 ab
1379 938 1440 977 se
1496 939 1789 978 munerum
1837 937 2042 977 vacuos

472 1009 703 1063 dimisit.
768 1009 1110 1079 Quapropter
1161 1015 1214 1066 in
1269 1029 1465 1082 magno
1518 1015 1613 1069 Dei
1680 1016 1883 1083 templo
1938 1014 2042 1068 sub

475 1100 837 1169 iurisiurandi
868 1101 1129 1168 religione
1154 1102 1277 1157 data
1308 1111 1363 1157 et
1393 1112 1613 1174 accepta
1637 1105 1763 1170 fide,
1795 1120 2044 1160 commu-

475 1193 645 1259 nique
683 1207 953 1245 consensu
987 1201 1043 1245 et
1080 1192 1469 1262 suffragatione
1493 1195 1774 1251 Comneno
1808 1197 2043 1265 impera-

478 1289 595 1331 tore
623 1278 928 1347 designato,
959 1280 1178 1334 domum
1211 1285 1439 1352 quisque
1464 1301 1614 1338 suam
1647 1286 2040 1343 discesserunt.

477 1366 569 1420 llis
597 1369 757 1422 rebus
786 1370 1024 1439 cognitis
1053 1372 1352 1440 imperator
1385 1375 1634 1428 maximis
1661 1376 2042 1445 largitionibus

475 1459 579 1511 sibi
616 1459 817 1512 civium
874 1461 1086 1516 animos
1138 1463 1379 1531 itemque
1411 1466 1755 1534 gravissimis
1793 1483 2047 1523 exsecra-

476 1549 717 1603 tionibus
748 1549 1063 1621 obstringit,
1117 1563 1174 1607 ut
1208 1570 1316 1608 uno
1347 1569 1616 1610 consensu
1652 1559 2047 1627 pollicerentur

386 1648 389 1649 '
476 1657 759 1712 nunquam
803 1659 861 1698 se
917 1644 1260 1701 Conmenum
1312 1647 1679 1711 admissuros.
1721 1652 1838 1719 ipso
1881 1652 2043 1705 etiam

1745 267 2162 328 MICIIAELIS
2201 269 2462 328 GLYCIE

478 381 590 448 puli
627 379 842 434 animos
873 380 1093 448 ineptus
1120 387 1257 432 erat.
1290 376 1405 432 Sub
1446 375 1662 431 initium
1697 376 1913 447 imperii
1945 378 2045 433 Mi-
2073 389 2114 440 Α

3594 264 3705 326 600

2147 379 2478 448 ἀξιωμάτων
2517 377 2611 433 καὶ
2659 379 2769 433 τῶν
2819 380 3064 448 συνήθων
3110 374 3328 445 δωρεῶν
3391 373 3539 441 παρὰ
3609 373 3709 426 τοῦ

2148 471 2418 540 βασιλέως
2447 474 2656 541 τυχεῖν.
2726 470 2869 523 Ἀλλ’
2911 469 3110 531 αὐτοὺς
3167 467 3358 526 κενοὺς
3407 466 3702 534 ικπέμπει,

2148 562 2356 624 πλύνας
2394 562 2596 631 μᾶλλον
2631 562 2856 632 ὕϐρεσιν
2886 558 3104 623 αὐτούς.
3148 557 3265 626 Ἐφ’
3318 551 3364 625 ᾧ
3398 554 3580 618 δόντες
3609 555 3706 607 καὶ

2146 648 2403 710 λαϐόντες
2434 650 2627 717 ὅρκους
2651 649 2709 701 ὲν
2739 650 2803 716 τῇ
2831 647 2923 700 τοῦ
2954 645 3087 698 Θεοῦ
3144 642 3413 716 ἐκκλησίᾳ
3441 643 3535 695 καὶ
3566 660 3705 709 συμ-

2147 740 2501 808 φωνήσαντες
2556 737 2648 789 τὸν
2711 736 2995 804 Κομνηνὸν
3050 734 3420 802 ἀναγορεῦσαι
3483 732 3707 801 βασιλέα

2146 831 2328 883 οἶκαδε
2365 828 2637 899 ἀπῄεσαν.
2670 828 2769 879 Διὰ
2791 827 2922 894 γοῦν
2938 825 3108 880 ταῦτα
3136 829 3165 878 6
3193 824 3448 895 βασιλεὺς
3480 822 3708 889 δωρεαῖς

2151 918 2439 988 μεγίσταις
2466 918 2595 978 τοὺς
2626 916 2849 977 πολίτας
2875 915 3123 982 ιμπεηδοῖ,
3146 915 3239 971 καὶ
3259 915 3425 981 ἀραῖς
3460 900 3721 988 βαρείαις¹

2149 982 2573 1079 συμφωνοῦντας
2617 1009 2694 1078 μὴ
2739 1006 3141 1077 προσδέξασθαι
3170 1007 3263 1059 τὸν
3284 982 3619 1063 Ἰσαάκιον,”
3640 1003 3703 1071 τῇ

2150 1101 2312 1172 βουλῇ
2340 1104 2514 1173 ταύτῃ
2540 1104 2639 1157 καὶ
2694 1101 2957 1173 ὁμολογίᾳ
3015 1102 3111 1155 καὶ
3173 1099 3343 1169 αὐτῆς
3403 1097 3707 1165 συγκλήτου

2150 1193 2603 1263 κατατιθεμὲνης’
2630 1197 2695 1263 τῇ
2732 1194 2838 1261 γὰρ
2893 1192 3111 1261 ἐξουσίᾳ
3142 1189 3566 1259 πειθαρχοῦντες
3613 1186 3709 1238 καὶ

2148 1268 2513 1356 γραμματείῳ
2570 1286 2749 1339 ταῦτα
2814 1285 3143 1356 βεϐαιοῦσιν.
3202 1282 3345 1335 Ἀλλ’
3421 1282 3500 1341 είς
3553 1279 3705 1332 οὐδὶν

2150 1377 2326 1443 ὢνησε
2360 1376 2533 1430 ταῦτα
2560 1393 2575 1408 ο
2606 1375 2700 1429 τοῦ
2744 1376 2853 1449 γὰρ
2894 1376 3169 1430 Ἰσαακίου
3214 1370 3707 1438 ὲπιθεμένου,καὶ

2149 1468 2243 1520 τοῦ
2269 1468 2611 1539 πατριάρχου
2647 1467 3155 1537 συμϐουλεύταντος
3172 1466 3336 1536 δῆθεν
3357 1464 3434 1533 τῷ
3474 1462 3704 1531 βασιλεῖ,

2150 1559 2315 1619 αὐτὸς
2369 1559 2466 1628 μὲν
2496 1544 2775 1623 ἐξίσταται
2823 1559 2921 1627 τῆς
2954 1550 3271 1629 βασιλείας,
3313 1554 3709 1623 ἀναγορεύεται

2151 1654 2208 1705 δὲ
2232 1654 2259 1705 6
2285 1652 2535 1722 βασιλεὺς
2573 1652 2859 1720 Ῥωμαέων
2886 1654 2914 1704 6
2960 1651 3244 1720 Κομνηνὺς
3281 1648 3572 1709 Ἰσαὰκιος,
3618 1644 3711 1696 καὶ

476 1744 670 1788 senatu
725 1736 1016 1790 consilium
1072 1737 1178 1792 hoc
1237 1739 1666 1807 unanimemque
1713 1756 2046 1801 consensum

2148 1746 2339 1813 κρατεῖ
2361 1743 2453 1813 ἐτη
2489 1742 2554 1811 β’.

472 1829 833 1898 approbante,
883 1847 946 1887 ac
1000 1834 1207 1903 scripto
1256 1850 1370 1889 rem
1440 1845 1607 1891 totam
1668 1838 2050 1900 confirmante,
2091 1838 2240 1909 quod
2314 1839 2605 1910 imperium
2672 1837 2925 1893 Michaeli
2978 1846 3201 1907 propter
3244 1838 3364 1908 ejus
3410 1831 3709 1905 potentiam

474 1924 787 1979 detrectare
835 1941 945 1980 non
995 1926 1285 1981 auderent.
1341 1927 1541 1982 Verum
1590 1929 1726 1983 nihil
1796 1930 1912 1985 haec
1947 1930 2242 1999 profuere;
2290 1946 2415 1986 cum
2476 1931 2623 1985 enim
2657 1930 2850 1985 urbem
2882 1930 3127 1985 lsaacius
3187 1928 3494 1991 invaderet,
3532 1926 3706 1993 impe-

475 2026 627 2069 rator
691 2015 882 2071 audito
927 2018 1160 2072 consilio
1206 2018 1533 2086 patriarcha:
1589 2019 1821 2089 imperio
1878 2030 2072 2089 sponte
2149 2037 2246 2076 sua
2301 2022 2497 2087 cessit;
2552 2035 2663 2086 quo
2721 2020 2865 2076 facto
2914 2019 3230 2075 Comnenus
3283 2019 3583 2087 imperator
3625 2021 3713 2070 est

475 2107 846 2161 renuntiatus.
895 2106 946 2162 ls
993 2107 1210 2164 duobus
1259 2110 1419 2164 annis
1468 2125 1581 2165 rem
1642 2112 1914 2181 publicam
1962 2112 2389 2169 administravit.

544 2202 791 2267 Cumque
819 2211 1147 2256 consecutus
1194 2204 1486 2271 imperium
1535 2221 1600 2257 eo
1643 2204 1836 2260 fuisset
1880 2208 2039 2258 modo

476 2303 586 2355 quo
611 2289 869 2354 diximus,
895 2291 1074 2345 omnia
1105 2292 1409 2346 fortitudini
1439 2310 1550 2348 sum
1579 2305 1805 2363 accepta
1829 2296 2040 2359 retulit,

476 2378 851 2448 continuoque
879 2396 939 2435 se
972 2382 1327 2451 imperatorio
1359 2384 1671 2440 numismati
1701 2387 1780 2440 sic
1810 2386 2040 2455 insculpi

476 2470 692 2525 curavit
723 2479 781 2523 ut
812 2487 999 2526 ensem
1029 2489 1192 2528 manu
1225 2483 1459 2538 teneret,
1502 2492 1843 2546 nequaquam
1872 2478 2043 2531 totius

477 2560 555 2613 rei
603 2562 773 2630 gloria
806 2562 917 2616 Deo
960 2564 1219 2633 ascripta.
1256 2567 1622 2621 Patriarcham
1669 2584 1773 2621 una
1816 2582 1940 2621 cum
1978 2567 2045 2622 iis

475 2668 615 2719 quos
673 2656 1105 2725 conspirationis
1157 2660 1333 2712 socios
1385 2659 1689 2724 habuerat,
1747 2659 2041 2729 plurimum

476 2743 636 2812 323
659 2746 996 2811 honorabat;
1026 2747 1121 2802 sed
1155 2750 1435 2816 paullatim
1463 2750 1677 2816 parcior
1704 2765 1828 2804 esse
1854 2749 2044 2818 carpit,

474 2845 532 2888 et
598 2836 905 2905 superfluos
969 2839 1170 2893 mdium
1235 2840 1505 2910 religiosis
1555 2841 2045 2895 exercitationibus

474 2926 871 2982 destinatarum
923 2931 1134 2985 reditus
1174 2932 1443 3000 praecidit,
1479 2932 1680 2986 relictis
1721 2941 1928 2986 tantum
1977 2933 2047 2986 iis

474 3035 595 3089 qua:
625 3020 814 3075 usibus
840 3020 1121 3076 hominum
1152 3023 1362 3077 illurutn
1395 3022 1734 3087 sufficerent;
1766 3040 1873 3091 qtto
1906 3024 2047 3078 facto
2072 3006 2116 3069 (ἶ

473 3113 705 3167 ducebat
733 3128 828 3168 eos
858 3113 1024 3168 vitam
1064 3113 1281 3183 inopem
1317 3116 1580 3184 agendam
1617 3130 1759 3179 esse,
1796 3130 1904 3169 non
1945 3113 2042 3169 de-

474 3204 617 3258 liciis
673 3205 1011 3259 aflluentcm.
1086 3204 1358 3280 Caeterum
1414 3206 1725 3275 patriarcha
1782 3206 2040 3259 nimirum

473 3312 603 3363 erga
631 3297 1011 3363 imperatorem
1037 3298 1319 3352 confidens
1338 3307 1394 3351 et
1419 3298 1619 3360 audax,
1646 3312 2040 3366 nonnunquam

476 3386 627 3437 illum
662 3386 727 3438 ad
764 3387 1040 3455 postulata
1069 3388 1315 3454 qntedam
1349 3387 1629 3455 aliquanto
1662 3386 1884 3439 duriora
1920 3401 2044 3454 gra-

474 3478 736 3547 vioraque
790 3492 984 3547 parum
1041 3478 1339 3546 propitium
1393 3488 1449 3532 et
1506 3477 1721 3531 facilem
1779 3478 2038 3533 habebat.

474 3571 818 3638 Quapmpter
844 3584 968 3623 eum
1001 3568 1179 3637 poenis
1202 3568 1339 3622 diris
1367 3568 1622 3638 subjecit,
1649 3569 1852 3623 additis
1874 3572 2039 3624 etiam

476 3659 1020 3724 comminationibus,
1060 3660 1177 3714 haec
1215 3659 1375 3728 vulgo
1417 3660 1619 3728 jactata
1650 3661 1817 3716 verba
1864 3662 2043 3731 profe-

476 3767 604 3807 rens
637 3770 652 3806 :
693 3770 712 3802 ι
744 3751 857 3822 Ego
885 3761 962 3813 te,
1004 3750 1186 3815 fume,
1208 3751 1450 3813 condidi,
1477 3768 1578 3821 ego
1607 3760 1658 3805 te
1686 3752 1988 3808 destrnam.
2018 3773 2036 3805 ι

473 3841 633 3910 Cepit
682 3841 849 3897 etiam
880 3841 1170 3895 consilium
1222 3841 1486 3896 induendi
1535 3843 1737 3897 tinctos
1784 3844 2043 3899 coccineo

473 3934 660 3988 colore
705 3936 941 3996 calceos,
976 3948 1099 3988 cum
1140 3934 1345 3988 diceret
1392 3934 1465 3988 ita
1503 3936 1789 4004 pontifices
1832 3938 2043 4005 priscos

473 4024 725 4079 factitare
769 4022 986 4089 solitos,
1016 4021 1265 4091 adeoque
1308 4022 1663 4079 confirmaret
1714 4024 1857 4079 idem
1900 4025 2043 4094 juris

473 4120 528 4171 in
578 4116 908 4193 usurpandis
964 4116 1074 4171 illis
1119 4116 1221 4172 sibi
1274 4116 1587 4185 pontificem
1641 4117 1768 4172 novi
1823 4131 2043 4187 quoque

471 4194 763 4263 sacerdotii
796 4222 906 4262 non
937 4207 1038 4262 abs
1086 4223 1143 4262 re
1174 4207 1456 4263 vindicare
1487 4222 1648 4276 posse
1676 4225 1691 4261 :
1724 4207 1860 4260 nihil
1897 4208 2040 4261 enim

472 4314 593 4353 esse
630 4298 968 4353 discriminis
999 4298 1140 4352 inter
1164 4312 1389 4367 regnum
1414 4306 1470 4351 et
1497 4297 1863 4352 sacerdotium
1890 4298 2042 4352 vole-
2074 4339 2097 4393 ι

477 4391 586 4441 bat.
623 4389 746 4443 llaec
775 4388 864 4442 ubi
895 4388 1242 4457 cognovisset
1273 4386 1592 4455 imperator,
1625 4385 1806 4453 potius
1834 4386 2038 4455 aliquid

474 4480 528 4531 in
562 4480 715 4532 illum
762 4478 1032 4557 agendum
1075 4493 1238 4547 quam
1272 4468 1696 4545 exspectmtdum
1728 4475 1797 4529 ab
1834 4491 1901 4530 eo
1930 4485 2040 4530 sta-

475 4579 656 4650 tuens,
692 4570 966 4623 hominem
992 4569 1187 4623 exsilio
1221 4568 1450 4631 multat;
1484 4567 1725 4635 dumque
1755 4568 2041 4622 moliretur

473 4680 500 4713 a
529 4688 538 4712 ι
566 4662 704 4729 plins
733 4670 792 4714 ut
818 4662 955 4739 soljo
1002 4658 1229 4730 prorsus
1260 4660 1673 4721 deturbaretur,
1704 4659 1847 4713 diem
1880 4675 2040 4713 suum

425 4761 433 4769 ‘
477 4754 787 4820 patriarcha
824 4753 982 4807 obiit.
1017 4753 1363 4822 Quapropter
1395 4752 1695 4820 imperator
1724 4752 2041 4821 pmnitentia

473 4850 670 4898 ductus
696 4844 994 4898 honorifice
1021 4844 1171 4896 illum
1199 4844 1252 4896 in
1278 4843 1470 4897 urbem
1497 4844 1775 4913 deportari
1800 4845 2041 4907 curavit;

475 4954 599 4990 eum
645 4937 868 5006 quidem
919 4935 1161 4990 universi
1215 4935 1568 4991 vehi-menter
1619 4934 1690 4988 ob
1734 4934 2043 5003 prodigium

474 5027 748 5095 quoddam
796 5026 1277 5096 obstupescerent.
1324 5026 1457 5080 Nam
1500 5026 1690 5080 dextra
1723 5021 2046 5093 patriarchae

2214 2206 2406 2276 Τούτῳ
2438 2206 2537 2272 μὲν
2586 2202 2681 2258 οὖν
2715 2204 2794 2273 τῷ
2842 2206 3028 2273 τρόπῳ
3062 2202 3160 2274 τὴν
3192 2202 3474 2273 βασιλείαν
3500 2202 3706 2266 ἀναζω-

2144 2298 2402 2367 σάμενος,
2434 2297 2528 2349 καὶ
2571 2299 2634 2364 τῇ
2667 2296 2865 2349 ἑαυτοῦ
2912 2295 3133 2365 ἀνδρεία
3160 2294 3228 2347 τὰ
3266 2294 3446 2348 πάντα
3490 2294 3709 2360 λογισά-

2147 2403 2325 2454 μενος,
2362 2385 2561 2437 αὐτίκα
2596 2384 2673 2453 τῷ
2705 2384 2966 2454 βασιλικῷ
3012 2385 3310 2453 νομίσματι
3348 2384 3704 2452 σπαοηφνῦρος

2143 2478 2583 2548 διαχαράττεται.
2624 2476 2698 2547 μὴ
2732 2475 2811 2546 τῷ
2860 2475 2977 2542 Θεῷ
3004 2475 3065 2528 τὸ
3103 2477 3213 2527 πᾶν
3242 2476 3574 2545 ἐπιγράψας.
3607 2475 3715 2528 Τὶν

2146 2572 2490 2642 πατριάρχην
2518 2570 2587 2623 τὰ
2613 2570 2846 2639 μέγιστα
2873 2569 3008 2638 τιμᾷ
3028 2569 3121 2620 καὶ
3144 2567 3273 2629 τοὺς
3302 2566 3711 2633 συναραμένους

2146 2663 2316 2732 αὐτῷ.
2359 2661 2518 2715 Ἀλλὰ
2564 2659 2851 2729 φειδωλίας
2901 2659 3256 2729 κατάρχεται,
3289 2658 3356 2711 τὰ
3386 2658 3493 2708 τῶν
3542 2673 3709 2724 φρον-

2145 2755 2438 2826 τιστηρέων
2468 2754 2699 2824 περιττὰ
2736 2753 3058 2810 ἀποκόπτει,
3097 2752 3235 2819 μόνα
3263 2752 3330 2804 τὰ
3364 2750 3708 2819 ἐπιρκοῦντα

2146 2847 2358 2908 τούτοις
2403 2849 2582 2913 ἀφεῖς,
2634 2843 3026 2914 ἀκτημοσύνην
3080 2842 3244 2910 δῆθεν
3308 2842 3507 2903 αὐτοὺς
3567 2840 3711 2893 ἐκδι-

2145 2943 2383 3004 δάσκων,
2422 2940 2520 2992 καὶ
2551 2939 2624 3009 μὴ
2656 2938 2770 3006 βίον
2812 2936 3213 3004 εύλακεσμὲνον
3246 2935 3367 3004 ζῇν.
3421 2935 3479 2986 Ὀ
3515 2934 3570 2985 δὲ
3605 2949 3710 2984 πι-

2148 3033 2413 3102 τριάρχης
2468 3032 2561 3084 ἐπὶ
2601 3030 2680 3099 τῷ
2724 3029 2939 3100 βασιλεῖ
2982 3028 3049 3081 τὰ
3093 3026 3322 3080 πλεῖστα
3360 3025 3576 3095 θαρρῶν
3611 3025 3711 3076 οὐκ

2146 3121 2294 3193 εἶχεν
2330 3122 2580 3191 ἐπικλινῆ
2612 3125 2729 3183 ταῖς
2756 3120 2920 3174 αὐτοῦ
2944 3122 3092 3173 ἔστιν
3120 3121 3208 3173 ὅτε
3239 3120 3489 3187 αἰτήσεσι
3518 3133 3708 3183 φορτι-

2146 3216 2267 3276 καῖς
2302 3214 2396 3267 ἆτε
2435 3213 2692 3274 πολλάκις
2734 3210 2957 3274 οὔσαις·
2990 3208 3191 3262 οὐκοῦν
3242 3208 3542 3278 ὶπιτιμίυις
3571 3208 3710 3258 ἁπο-

2144 3302 2424 3372 τροπαίοις
2459 3301 2753 3356 ὑποϐάλλει
2799 3301 2986 3363 αὐτὸν,
3017 3301 3107 3354 ναὶ
3149 3297 3256 3369 μὴν
3288 3300 3385 3351 καὶ
3432 3297 3706 3360 ἀπειλαῖς,

2144 3392 2203 3443 τὸ
2234 3392 2717 3462 δημοκοπούμενον
2767 3387 2925 3447 τοῦτο
2968 3391 3164 3458 λέγων,
3202 3387 3376 3457 «Ἐγώ
3409 3406 3467 3442 σε
3500 3388 3707 3450 ἔκτισα,

2145 3487 2381 3556 φοῦρνεο
2438 3486 2548 3552 ἐγώ
2595 3486 2655 3538 σε
2706 3485 2797 3538 καὶ
2859 3483 3172 3537 καταλύσω.
3220 3502 3238 3533 ι
3289 3480 3611 3533 Βουλεύεται
3651 3479 3710 3531 δὲ

2144 3579 2463 3647 κοκκοϐιφῆ
2490 3576 2806 3648 περιϐαλεῖν
2836 3575 3051 3634 πέδιλα,
3079 3575 3176 3641 τῆς
3220 3573 3454 3635 παλαιᾶς
3486 3572 3714 3642 ἱερωσύ-

2143 3686 2240 3738 νης
2269 3670 2493 3738 φάσκων
2533 3664 2672 3721 εἶναι
2700 3668 2761 3720 τὸ
2796 3666 3038 3719 τοιοῦτον
3069 3666 3211 3728 ἔθος,
3234 3667 3331 3717 καὶ
3350 3665 3472 3718 δεῖν
3501 3666 3711 3728 τούτοις

2144 3760 2245 3811 κάν
2276 3761 2341 3828 τῇ
2376 3758 2472 3826 νέᾳ
2495 3757 2793 3826 κεχρῆσθαι
2822 3756 2914 3809 τὸν
2945 3756 3207 3825 ἀρχιερέα
3232 3771 3246 3786 ο
3275 3755 3575 3822 ἱερωσύνης
3605 3757 3714 3825 γὰρ

2144 3848 2240 3903 καὶ
2287 3846 2565 3917 βασιλείας
2603 3847 2663 3897 τὸ
2705 3843 2961 3912 διαφέρον
3011 3842 3186 3896 οὐδέν.
3220 3842 3411 3895 Ταῦτα
3467 3843 3655 3912 μαθὼν
3684 3847 3713 3896 6

2144 3936 2421 4007 βασιλεὺς,
2445 3936 2540 3986 καὶ
2581 3933 2702 3985 δέον
2748 3933 2941 4001 κρίνας
2973 3932 3171 3999 δρᾶσαι
3204 3932 3408 4000 μᾶλλον
3434 3933 3466 4003 ἢ
3495 3934 3711 3997 παθεῖν,

2144 4029 2375 4098 ἐξορίζει
2401 4028 2495 4080 τὸν
2521 4026 2891 4096 πατριάρχην.
2934 4024 3094 4079 Ἀλλὰ
3120 4027 3212 4078 καὶ
3239 4026 3338 4096 τὴν
3376 4026 3540 4078 αὐτοῦ
3567 4025 3715 4078 ’καο-

2148 4122 2362 4193 αίρεσιν
2412 4118 2743 4189 μελετῶντος
2778 4117 2988 4171 ἐκείνου
3017 4119 3045 4169 6
3076 4118 3426 4187 πατριάρχης
3455 4116 3707 4187 τελευτᾷ.

2144 4211 2331 4284 Ταύτῃ
2388 4226 2471 4262 τοι
2521 4209 2614 4262 καὶ
2669 4206 2930 4278 μετανοίᾳ
2975 4207 3323 4275 χρησάμενος
3375 4207 3405 4258 6
3461 4206 3715 4277 βασιλεὺς

2145 4303 2376 4370 ἐντίμως
2411 4300 2672 4367 ἐπανάγει
2720 4298 2906 4361 αὐτὸν,
2939 4298 3162 4351 πάντων
3191 4297 3575 4364 ἐκπλαγέντων
3619 4298 3717 4348 ἐπὶ

2142 4388 2220 4459 τῷ
2259 4386 2632 4458 συμϐεϐηκότι
2655 4386 2778 4438 τότε
2809 4383 3046 4452 θαύματι
3076 4399 3092 4414 ·
3129 4384 3161 4453 ἡ
3194 4381 3302 4452 γὰρ
3327 4382 3422 4434 τοῦ
3448 4381 3718 4451 πατριάρ-

2147 4498 2243 4551 χου
2303 4478 2452 4543 δεξιὰ
2501 4477 2622 4546 χεὶρ
2682 4474 3047 4545 σταυροειδῶς
3112 4472 3579 4543 σχηματισθεῖσα,
3637 4472 3717 4534 ὡς

2148 4574 2314 4643 ήνὶκα
2364 4573 2459 4641 τὴν
2517 4569 2743 4638 εἰρήνην
2789 4565 3056 4633 ἐπεφώνει
3103 4565 3182 4634 τῷ
3230 4564 3369 4633 λαῷ,
3404 4565 3715 4633 μεμένηκεν

2146 4665 2435 4733 ἄτρεπτος,
2503 4661 2576 4728 μὴ
2630 4657 3085 4711 συναλλοιωθεῖσα
3155 4658 3222 4727 τῇ
3294 4656 3561 4726 νεκρὼσει
3618 4655 3713 4705 τοῦ

2147 4751 2419 4819 σώματος.
2456 4747 2871 4815 Προχειρίξεται
2920 4744 2976 4796 δὲ
3010 4742 3127 4797 ἀντ’
3161 4741 3325 4796 αὑτοῦ
3368 4743 3718 4809 πατριάρχης

2149 4838 2557 4897 Κωνσταντῑνος
2606 4834 2869 4903 πρόεδρος
2898 4836 2925 4886 ὁ
2958 4832 3273 4902 Δειχούδης,
3302 4832 3716 4903 πρωτοϐεστιά-

2150 4945 2264 4997 ριος
2304 4925 2377 4978 ὢν
2404 4942 2418 4955 ·
2456 4918 2517 4977 οὗ
2565 4924 2664 4994 τῆς
2721 4920 3103 4993 μεγαλοδώρου
3149 4921 3330 4993 χειρὸς
3379 4920 3476 4975 καὶ
3521 4922 3717 4984 ἱκανῆς

2150 5020 2410 5090 προνοίας
2435 5017 2609 5080 οὐδεὶς
2645 5016 2747 5079 ἔξω
2780 5013 3083 5084 μεμένηκε.

478 5138 669 5177 manus
710 5122 891 5178 erucis
939 5122 994 5178 in
1043 5122 1264 5177 modum
1311 5123 1391 5177 sic
1436 5121 1794 5183 conformata,
1857 5127 1915 5171 ut
1955 5132 2078 5172 esse
2151 5116 2358 5172 solebat
2410 5114 2462 5169 id
2512 5112 2776 5182 temporis
2803 5125 2915 5181 quo
2950 5124 3138 5179 pacem
3170 5110 3374 5179 populo
3403 5108 3549 5163 clara
3586 5121 3720 5161 voce

476 5217 853 5283 denuntiabat,
893 5216 1198 5271 immobilis
1237 5213 1456 5278 mansit,
1502 5227 1601 5281 per
1651 5220 1882 5264 mortem
1949 5211 2197 5280 corporis
2262 5207 2489 5263 minime
2538 5212 2771 5259 mutata.
2838 5202 3113 5258 Suffeetus
3154 5210 3239 5255 est
3305 5202 3361 5256 in
3390 5200 3511 5270 ejus
3538 5201 3717 5253 locum

474 5313 617 5367 alius
649 5312 980 5381 patriarcha.
1015 5309 1278 5364 nimirum
1320 5303 1711 5361 Constantinus
1749 5319 1946 5371 prmses
1984 5313 2038 5358 et
2082 5300 2552 5373 protorestiarius,
2621 5304 2985 5366 cognomento
3054 5291 3363 5357 Lichudes;
3395 5292 3553 5360 cujus
3585 5291 3723 5343 libc—

478 5411 644 5461 ralem
675 5423 738 5461 ac
765 5405 1080 5461 munificam
1109 5416 1328 5456 manum
1363 5399 1731 5465 solertemque
1760 5395 2159 5465 providentiam
2199 5410 2358 5449 nemo
2390 5408 2497 5447 non
2531 5400 2792 5461 expertus
2821 5387 2945 5442 fuit.

550 5498 861 5552 Secundum
900 5498 1012 5551 ba'c
1043 5494 1290 5563 ngrica‘
1320 5490 1840 5555 Pa'zinararumque
1873 5487 2050 5539 natio.

475 5603 577 5638 ovs
608 5588 800 5639 turbas
825 5587 1048 5646 dedere,
1077 5590 1268 5637 contra
1301 5595 1438 5649 quas
1469 5592 1691 5648 egresso
1723 5591 1844 5630 cum
1874 5576 2047 5645 copiis

477 5678 833 5745 imperatore,
892 5678 1209 5745 tttr.(‘lt3f|ll9
1263 5690 1447 5742 picem
1484 5669 1888 5738 cxpetcntibus,
1921 5684 2048 5738 pars

2226 5487 2379 5540 Μετᾶ
2409 5484 2465 5535 δὲ
2494 5482 2667 5533 ταῦτα
2711 5478 3047 5545 ταράσσεται
3086 5477 3144 5527 τὸ
3176 5473 3503 5544 Οὺγγρικύν.
3536 5472 3721 5537 Ἐξέρ-

2156 5593 2310 5648 χεται
2366 5576 2488 5629 κατ’
2548 5573 2731 5626 αὐτῶν
2787 5572 2816 5622 6
2866 5554 3145 5637 βασιλεὺς,
3204 5568 3298 5620 καὶ
3370 5566 3567 5626 πάντες
3622 5562 3721 5631 μὶν

2160 5663 2495 5725 στένδοντειι,
2529 5661 2690 5729 μέρος
2722 5658 2777 5710 δέ
2808 5674 2856 5708 τι
2892 5653 3287 5716 [Ιατζινακικὸν
3318 5654 3509 5722 χεῖρας
3535 5649 3719 5704 δοῦναι
