4154 6200
431 280 535 345 6M

1671 278 2074 341 ANNALlUn
2116 282 2303 342 PARS
2350 283 2444 343 IV.
2508 298 2513 303 ‘

3564 295 3672 355 6'39.

430 396 532 448 ούκ
565 393 780 465 ἢθελεν.
818 392 901 462 ἐφ’
929 385 973 461 ᾧ
1019 395 1111 447 καί
1160 394 1335 463 ἄρδην
1377 393 1696 447 ἀπόλλυται.
1745 396 1877 448 Ὑπὸ
1916 398 1996 449 τοι

2112 398 2358 467 quaedam
2414 398 2772 453 Patzinacica':
2822 401 3002 470 gentis
3058 417 3253 458 manus
3299 404 3429 459 dare
3485 407 3680 471 noluit,

437 488 695 552 Λιϐιτζδν
722 488 778 542 δὴ
815 490 1006 557 σκηνοί
1041 488 1069 538 6
1095 487 1371 556 βασιλεὺς,
1404 488 1500 541 καὶ
1531 488 1690 541 ὑετοῦ
1721 489 1817 541 καὶ
1858 504 2009 556 νιφε-

431 579 527 634 τοῦ
560 579 757 633 πολλοῦ
780 581 1223 651 καταρραγέντος
1254 580 1386 649 μηνὶ
1414 580 1796 650 Σεπτεμϐρίῳ,
1820 581 2006 650 ἡμέρᾳ

430 668 534 736 τῆς
595 667 1061 737 πρωτομάρτυρος
1116 666 1565 736 θέκλης,νπολὺς
1624 668 1717 720 τοῦ
1772 667 2005 737 στρατοῦ

430 763 622 825 γέγονε
653 758 873 828 φθόρος.
919 756 983 811 ’0
1009 757 1065 811 δὲ
1111 756 1366 827 βασιλεὺς
1397 759 1501 811 ὑπὸ
1536 758 1665 829 δρῦν
1712 759 1842 829 εστη
1882 759 2006 812 τινὰ

433 852 645 919 σκέπης
678 851 886 913 ἕνεκεν,
924 850 1043 919 μετ’
1071 850 1131 902 ού
1178 850 1313 909 πολὺ
1345 851 1400 904 δὲ
1432 852 1574 920 ὴχῆς
1604 852 1911 924 γενομένης
1937 855 2000 905 ὲκ

429 944 529 1013 τῆς
581 942 738 1014 δρυδς
791 943 1006 1011 πρόεισι
1067 942 1263 1012 μικρὸν
1310 941 1340 994 6
1390 940 1645 1012 βασιλεὺς
1691 941 1766 1004 ὡς
1804 942 1879 1013 μὴ
1924 941 2001 1011 τῷ

435 1037 602 1103 μῆκει
649 1033 853 1103 ταύτης
900 1033 1442 1101 καταλαμὸάνεσβαι,
1471 1034 1566 1085 καὶ
1606 1032 1817 1103 ῥιζόθεν
1862 1032 2002 1103 αὐτὴ

432 1123 846 1177 ἀνασπασθεῖσα
900 1124 1069 1177 ὑπτία
1106 1126 1173 1193 τῇ
1222 1125 1291 1193 γῇ
1322 1122 1677 1177 καταπίπτει.
1712 1123 1875 1175 Ὅθεν
1921 1127 2005 1174 ἐν·

432 1214 551 1281 ν;ὺ;
580 1218 605 1267 6
630 1216 886 1281 βασιλεὺς
919 1215 1162 1283 γέγονεν,
1200 1214 1323 1268 ἰδὼν
1355 1215 1478 1267 ὅθεν
1503 1213 1768 1286 ὲρῥύσθη.
1806 1210 1915 1265 Ἦν
1943 1214 2001 1266 δὲ

432 1305 534 1357 οὐκ
587 1307 790 1372 ἀγαθὸς
839 1307 1029 1369 οἰωνὸς
1078 1305 1140 1359 τὸ
1187 1304 1425 1374 συμόὰν,
1465 1304 1749 1374 προοίμιον
1792 1303 1852 1356 δὶ
1891 1304 2000 1356 τῶν

432 1397 966 1467 ἔπισυμσησομένων
998 1397 1170 1468 αὐτῷ.

2112 504 2289 559 eaque
2347 491 2652 559 pertinacia
2704 506 2802 546 sua
2856 486 3152 549 consecuta
3189 496 3292 550 fuit
3347 508 3406 550 ut
3458 514 3681 566 prorsus

2111 580 2547 636 exscinderetur.
2586 582 2723 637 llinc
2756 584 3086 653 imperatore
3118 586 3222 639 sub
3258 586 3472 640 Libitzs
3503 602 3679 643 castra

2107 666 2345 733 locante,
2367 684 2493 724 cum
2522 670 2716 739 pluvia;
2742 672 3003 743 nivesque
3032 674 3421 729 delaberentur
3447 676 3683 746 inexpi.-

2107 759 2269 814 cabili
2322 776 2447 829 cum
2499 762 2729 831 impetu,
2765 762 2931 832 idque
2984 764 3296 833 Septembri
3337 781 3545 830 mense,
3591 771 3681 822 die

2110 851 2327 906 Thecla:
2351 863 2653 921 martyrum
2680 854 2967 922 principis,
2993 857 3185 925 ingens
3206 859 3470 913 exercitui
3497 860 3682 913 cladis

2108 951 2164 996 et
2193 942 2455 997 interitus
2484 944 2705 998 accidit.
2735 942 2985 1012 Cumque
3016 948 3233 1015 tegendi
3267 948 3352 1002 sui
3380 964 3545 1004 causa
3576 950 3679 1002 sub

2107 1048 2313 1102 quercu
2355 1032 2658 1102 imperator
2684 1033 3033 1095 subsisteret.
3069 1050 3178 1089 non
3214 1038 3385 1091 multo
3418 1050 3539 1107 post
3579 1056 3679 1093 vox

2111 1122 2359 1190 quaedam
2388 1138 2418 1176 e
2445 1137 2651 1189 quercu
2687 1122 2791 1176 fuit
2819 1124 3109 1189 exaudita;
3142 1141 3249 1194 qua
3280 1141 3534 1198 percepta
3565 1137 3683 1183 tan-

2113 1223 2227 1268 tum
2283 1211 2409 1266 inde
2445 1212 2549 1265 fuit
2593 1210 2896 1281 digressus,
2928 1225 3196 1283 quantum
3234 1218 3371 1272 satis
3418 1229 3567 1273 esset
3612 1220 3678 1274 ad

2107 1302 2420 1358 evitandam
2458 1301 2605 1356 illius
2638 1301 3060 1371 longitudinem,
3086 1320 3153 1359 ne
3198 1306 3267 1361 ab
3296 1324 3359 1362 ea
3391 1309 3678 1379 continge-

2108 1401 2278 1449 retur.
2309 1392 2390 1447 Eo
2434 1392 2578 1446 facto
2609 1392 2876 1449 radicitus
2910 1397 3095 1450 evulsa
3128 1396 3181 1450 in
3236 1408 3437 1453 terram
3484 1400 3681 1469 supina

427 1488 660 1543 corruit.
683 1486 984 1558 Imperator
1006 1487 1200 1544 videns
1224 1495 1430 1557 quanto
1493 1486 1739 1556 periculo
1805 1487 2071 1541 liberatus
2108 1493 2278 1550 esset,
2319 1483 2398 1539 rei
2439 1484 2681 1539 novitate
2723 1485 3012 1553 perculsus
3057 1486 3364 1554 obmutuit;
3397 1499 3455 1544 et
3485 1505 3676 1545 revera

426 1580 790 1651 portendebat
834 1578 1134 1634 infaustum
1183 1578 1393 1649 aliquid
1447 1578 1550 1633 hoc
1611 1578 1789 1648 ipsum
1849 1576 1995 1646 quod
2071 1574 2370 1640 acciderat,
2424 1572 2644 1629 initium
2729 1574 2940 1630 scilicet
2988 1590 3184 1631 eorum
3231 1578 3504 1634 exsistens
3555 1594 3679 1650 qua

424 1669 529 1740 ipsi
563 1680 830 1725 eventura
863 1678 1039 1723 erant.

494 1759 647 1814 Μετὰ
676 1760 733 1812 δὲ
777 1758 954 1812 ταῦτα
1005 1759 1356 1830 κυνηγεσίοις
1405 1758 1822 1829 ὲψυχαγωγεῖτο
1867 1758 1996 1829 περὶ

2172 1755 2338 1827 324
2364 1756 2671 1812 Reereabat
2709 1765 2891 1813 autem
2931 1758 2999 1812 ab
3036 1773 3103 1812 eo
3138 1769 3387 1829 tempore
3413 1776 3474 1816 se
3513 1777 3677 1817 vena-

420 1851 595 1918 αὐτὴν
648 1851 747 1921 τὴν
786 1850 1241 1921 ΝεάπολινᾸῐιρὶ
1293 1853 1350 1904 δὲ
1406 1851 1558 1920 ὥραν
1605 1851 1833 1923 ἀρίστου
1881 1853 1997 1921 φῶς

421 1942 842 2012 ἁστραπηϐόλον
868 1944 978 2005 τοῖς
1010 1945 1198 2006 τόποις
1224 1942 1453 2006 ἐκείνοις
1479 1944 1768 2013 ἐνέσκηψε.
1800 1945 2000 2014 Χοϊρος

422 2032 479 2085 δέ
530 2032 695 2085 ποθεν
750 2034 936 2101 φανεὶς
968 2035 1052 2103 ἐφ’
1085 2033 1276 2086 ἑαυτὸν
1325 2034 1416 2087 τὸν
1461 2033 1689 2103 βασιλέα
1734 2035 1998 2090 ἐπεκαλέ-

424 2138 589 2176 σατοο
619 2123 678 2175 ὃν
706 2123 1014 2177 ἐπιδιώκων
1041 2125 1071 2175 6
1111 2123 1367 2193 βασιλεὺς
1400 2125 1531 2195 ἄχρι
1576 2124 1671 2178 καὶ
1718 2125 1996 2194 θαλάσσης

421 2211 740 2282 ἐξήλαυνεν.
781 2215 869 2277 Ὠς
902 2214 996 2268 οῦν
1043 2217 1070 2268 6
1116 2217 1297 2284 χοῖρος
1345 2216 1443 2286 τὴν
1497 2216 1773 2270 θάλασσαν
1816 2220 1997 2281 εἰσδὺς

406 2297 638 2379 ’ᾁφανὴς
669 2304 905 2372 ἐγένετο,
937 2306 965 2358 6
1002 2304 1255 2375 βασιλεὺς
1291 2302 1453 2369 εὐθὺς
1481 2307 1558 2375 τῷ
1589 2308 1995 2378 ἀστραπηδὸλῳ

422 2399 565 2465 φωτὶ
624 2397 854 2467 ληφθεὶς
914 2396 1007 2449 τοῦ
1079 2397 1247 2450 ἵππου
1313 2414 1371 2450 τε
1434 2399 1842 2467 ὰπεσφαιρίσθη
1900 2401 1994 2451 καὶ

425 2491 672 2559 ἀφρίζων
700 2490 839 2543 κατᾶ
863 2489 967 2559 γῆν
996 2489 1244 2544 ἐκυλίετο
1268 2504 1282 2519 ·
1321 2488 1617 2559 ἐμϐληθεὶς
1653 2485 1747 2543 οὗν
1776 2489 1988 2560 ἀκατίῳ

430 2582 570 2650 πρὸς
599 2579 667 2634 τὰ
716 2579 963 2648 βασίλεια
1003 2578 1311 2642 διεσεῦζειο.
1347 2579 1538 2649 Τούτῳ
1586 2578 1643 2632 δὲ
1689 2577 1767 2648 τῷ
1806 2579 1992 2648 τρόπῳ

423 2672 871 2742 κακουλούμινος
909 2674 999 2723 ἐπὶ
1048 2673 1179 2723 πολὺ
1233 2669 1492 2739 μετανοίᾳ⁵
1517 2670 1736 2739 χρᾶται,
1770 2670 1863 2723 καὶ
1898 2670 1994 2737 τῆς

427 2760 733 2831 βασιλείας,
776 2754 842 2828 ἧς
898 2758 1099 2818 ἀδίκως
1151 2756 1468 2818 ἐπελάϐετο,
1500 2755 1645 2808 ἑκὼν
1694 2755 1990 2819 ἐξίσταται,

426 2854 522 2904 καὶ
552 2847 756 2915 ταύτην
800 2846 972 2914 ἑτέρῳ
1020 2843 1225 2907 δίδωτι,
1277 2843 1444 2913 ῥάκια
1491 2842 1858 2912 ἀμφιέννυται
1901 2842 1994 2893 καὶ

425 2942 666 3012 τῆμονῇ
715 2938 807 2991 τοῦ
860 2936 1109 2988 Στουδίου
1160 2936 1351 2988 ἑαυτὸν
1403 2934 1702 2987 ἐπιδίδωσι.
1742 2932 1994 3015 Τοσαύτη

421 3033 755 3087 ταπεινώσει
806 3031 897 3081 καὶ
947 3029 1083 3096 πρός
1132 3043 1194 3095 γε
1242 3026 1331 3079 τὸν
1388 3026 1703 3093 προεστῶτα
1742 3025 1991 3095 ὑποταγῇ

2109 1847 2350 1905 tionibus
2388 1849 2532 1902 circa
2581 1849 2888 1918 Neapolim,
2930 1864 3166 1918 cumque
3200 1851 3414 1919 prandii
3460 1854 3675 1908 adesset

2098 1939 2264 1999 liora.
2300 1941 2530 2007 fulgetra
2582 1940 2719 1995 locis
2762 1941 2830 1995 iis
2877 1942 3110 2004 exstitit,
3143 1951 3198 1997 et
3235 1959 3370 2012 aper
3416 1945 3674 2000 alicunde

2105 2044 2473 2098 prorumpens
2519 2030 2907 2099 imperatorem
2957 2040 3150 2086 contra
3210 2049 3271 2088 se
3329 2038 3669 2102 provocavit.

2104 2120 2239 2176 Eum
2267 2121 2357 2174 ille
2382 2134 2718 2189 persequens
2739 2122 2804 2175 ad
2830 2122 3005 2189 ipsum
3033 2138 3204 2191 usque
3227 2139 3376 2178 mare
3402 2126 3671 2194 pervenit.

2100 2216 2246 2280 Apro
2291 2220 2473 2264 autem
2526 2226 2673 2265 mare
2726 2211 2972 2280 ingresso
3014 2222 3069 2265 et
3117 2225 3497 2277 evanescente,
3542 2230 3672 2269 mox

2101 2302 2400 2370 imperator
2430 2302 2556 2355 luce
2585 2302 2818 2369 quadam
2854 2301 3127 2367 perfusus,
3154 2319 3274 2373 qua:
3304 2305 3507 2376 fulguri
3538 2322 3671 2361 con-

2100 2394 2301 2449 similis
2328 2402 2491 2458 esset,
2527 2409 2593 2448 ex
2627 2408 2770 2462 equo
2806 2396 3012 2450 corruit
3040 2407 3091 2450 et
3131 2413 3226 2451 ore
3256 2414 3502 2468 spumam
3541 2403 3676 2473 reji-

2100 2485 2255 2540 ciens
2302 2485 2451 2538 bumi
2485 2485 2676 2553 jaeuit.
2714 2485 2845 2539 Inde
2896 2486 3183 2555 conjectus
3213 2489 3268 2543 in
3318 2490 3670 2558 piscatoriam

2099 2574 2390 2643 quamdam
2418 2575 2726 2629 naviculam
2755 2576 2938 2629 salvus
2965 2576 3017 2628 in
3048 2578 3253 2646 regiam
3285 2578 3501 2633 delatus
3529 2576 3666 2647 fuit;

2099 2679 2264 2739 atque
2295 2669 2401 2725 hoc
2427 2670 2592 2725 modo
2622 2671 2862 2740 graviter
2891 2656 3140 2735 alllictus,
3172 2682 3227 2727 et
3283 2683 3658 2731 anteaetorum

2099 2760 2423 2830 ptrnitentia
2452 2761 2673 2827 ductus,
2710 2763 2966 2831 imperio,
3001 2765 3153 2833 quod
3196 2764 3394 2835 injuste
3429 2782 3669 2835 occupa-

2100 2861 2276 2913 verat,
2319 2860 2515 2921 sponte
2561 2868 2657 2906 sua
2703 2854 2890 2918 cessit,
2943 2855 3175 2908 alterum
3215 2856 3322 2910 sibi
3358 2858 3666 2922 substituit,

2097 2942 2375 2998 lacernam
2402 2942 2600 3008 induit,
2624 2944 2677 2997 in
2704 2943 2883 3000 Studii
2914 2948 3304 3001 monasterium
3329 2962 3390 3004 se
3413 2952 3664 3008 contulit.

2099 3033 2178 3088 lbi
2232 3043 2339 3089 tam
2379 3034 2652 3091 submisse
2698 3051 2763 3092 ac
2814 3037 3136 3093 obedienter
3168 3056 3295 3111 erga
3343 3043 3666 3098 monasterii

422 3126 624 3193 ιχρᾶτο
662 3123 736 3184 ὡς
774 3124 868 3174 καὶ
894 3121 1136 3189 θυρωρ“.ν
1170 3118 1333 3172 αὑτὸν
1368 3118 1642 3184 γενέσθαι.
1666 3118 1900 3184 Λέγεται
1939 3115 1993 3167 δὲ

2100 3125 2419 3195 praelectum
2448 3140 2507 3180 se
2533 3127 2777 3195 gerebat,
2808 3136 2866 3180 ut
2898 3127 3065 3183 etiam
3093 3129 3304 3185 ostiarii
3334 3145 3534 3185 munus
3559 3131 3667 3185 sibi

423 3215 873 3285 σωφρονέστατον
917 3210 1080 3263 αὑτὸν
1127 3206 1290 3263 εἶναι.
1344 3210 1827 3280 Στρατοπεδάρχου
1883 3208 1993 3277 γὰρ

422 3310 577 3360 ὄντος
611 3304 778 3358 αὑτοῦ
813 3306 905 3356 καὶ
951 3302 1214 3373 ν;φρίτιὸι
1265 3302 1621 3371 συσχεθέντος
1664 3301 1735 3364 ὡς
1766 3303 1862 3355 καὶ
1890 3300 1995 3353 πά-

426 3414 583 3469 ρετον
608 3397 781 3465 πάντη
820 3395 1095 3460 γενέσθαι,
1128 3394 1521 3447 συνεϐούλευον
1547 3395 1596 3447 oi
1627 3393 1807 3462 ἰατροί
1854 3390 1996 3463 μετὰ

427 3488 628 3555 μυρίας
657 3486 822 3548 ἄλλας
857 3484 1156 3553 ἐπαγωγὰς
1189 3486 1280 3538 καὶ
1314 3486 1529 3552 γυναικὶ
1556 3486 1885 3554 χρήσασθαι.
1929 3482 1992 3537 Ὀ

419 3578 469 3630 δ’
511 3578 610 3631 οὐκ
639 3577 905 3630 ἑπείθετο.
939 3574 1216 3628 Εἰπόντων
1254 3575 1334 3641 δὲ,
1373 3593 1391 3626 ι
1427 3576 1489 3626 Ei
1524 3573 1599 3644 μὴ
1644 3574 1803 3625 τοῦτο
1839 3574 1995 3643 ποιή-

423 3685 563 3731 σεις,
621 3670 833 3735 ἀνάγκη
886 3684 968 3719 σοι
1017 3666 1295 3737 καυτηρίᾳ
1338 3666 1648 3737 χρήσασθαι
1698 3664 1994 3718 κάντεῦθεν

424 3761 655 3830 ἀπαιδίᾳ
697 3759 1045 3829 συσχεθῆναι,
1079 3776 1097 3809 ι
1135 3785 1204 3797 --
1243 3776 1260 3808 ι
1287 3756 1541 3827 Ἀριιοῦσί
1577 3774 1689 3826 μοι,
1721 3775 1738 3806 ι
1779 3756 1988 3823 ἔλεγεν,

431 3866 451 3899 ι
489 3850 517 3902 6
543 3846 793 3918 Μανουὴλ
824 3849 917 3900 καὶ
940 3848 973 3915 ἠ
1005 3846 1215 3915 Μαρία,
1250 3847 1298 3899 οἱ
1347 3847 1447 3916 ήδη
1501 3860 1591 3914 μοι
1634 3844 1820 3916 χάριτι
1857 3844 1993 3897 Θεοῦ

421 3945 746 4009 γινόμενον
780 3937 988 3993 τούτων
1027 3938 1126 4009 μιν
1165 3940 1273 4008 γὰρ
1328 3938 1459 3992 ἄνευ
1510 3942 1693 4008 τυχεῖν
1740 3936 1856 3990 ἔστι
1896 3936 1994 4005 τῆς

423 4033 706 4104 βασιλείας
764 4030 861 4084 τοῦ
921 4029 1081 4095 Θεοῦ,
1116 4030 1473 4099 σωφροσύνης
1529 4031 1584 4084 δὲ
1634 4032 1757 4100 δίχα
1817 4028 1995 4091 οὐδεὶς

419 4127 618 4198 ὄψεται
650 4128 744 4178 τὸν
772 4124 930 4177 Θεόν.
973 4142 992 4176 ι
1039 4123 1159 4175 Ἐπί
1207 4121 1416 4185 τούτοις
1451 4122 1507 4174 δὲ
1547 4125 1642 4177 καὶ
1692 4124 1724 4191 ή
1778 4121 2019 4191 βασιλὶς,

420 4217 756 4286 Αίκατερῖνα
815 4213 909 4267 καὶ
943 4214 975 4284 ή
1008 4211 1253 4281 θυγάτηρ
1293 4213 1480 4281 Μαρία
1533 4212 1687 4282 παρὰ
1733 4214 1802 4283 τῇ
1859 4215 1992 4282 μονῇ

420 4305 523 4360 τοῦ
553 4304 864 4375 Μυρελαίου
888 4303 1076 4370 διῆγον
1108 4302 1405 4370 ἀσκητικὸν
1441 4302 1556 4371 βίον
1604 4301 1833 4371 βιοῦσαι.
1859 4300 1998 4370 Θνή-

425 4414 551 4451 σκει
598 4400 626 4449 6
657 4396 930 4465 βασιλεύς.
964 4394 1117 4466 Σορῷ
1149 4395 1530 4455 κατατίθεται,
1561 4394 1681 4463 ἥτις
1714 4398 1809 4446 καὶ
1860 4393 1995 4462 πλη-

422 4490 616 4543 σθιίσα
666 4487 861 4550 ὕδατος
911 4488 1158 4540 ὑπονοεῖν
1218 4488 1394 4540 ἅπασι
1439 4485 1670 4537 δέδωκεν
1717 4484 1799 4536 ὅτι
1839 4484 1994 4553 δίκην

420 4580 658 4635 ἐνταῦθα
704 4578 852 4632 ἔτισε
898 4578 988 4630 διά
1043 4594 1104 4644 γε
1136 4577 1227 4629 τὸν
1284 4575 1547 4645 ἐμφύλιον
1608 4572 1868 4640 πόλεμον,
1895 4573 1992 4635 τὰς

417 4673 523 4739 τῆς
575 4672 881 4739 συγκλήτου
934 4670 1355 4738 ἁποστερήσεις,
1394 4670 1493 4730 τὰς
1552 4667 1659 4720 τῶν
1717 4681 1995 4736 μοναστη-

421 4766 581 4835 ρίων,
611 4765 685 4824 ὡς
748 4763 956 4816 ἄνωθεν
1012 4762 1255 4831 εἴρηται,
1306 4760 1692 4831 καθαρπαγὰς,
1743 4758 1838 4811 καὶ
1872 4758 1992 4810 ’ὅσα

418 4855 561 4912 ἄλλα
588 4853 831 4908 τοιαῦτα.
863 4853 1141 4905 Θάπτεται
1187 4851 1245 4904 δὲ
1282 4853 1347 4919 τῇ
1388 4854 1523 4921 μονῇ
1573 4850 1665 4903 τοῦ
1715 4849 1989 4913 Στουδίου,

421 4945 521 5000 καὶ
555 4948 882 5016 Δίκατερῖνα
913 4942 1380 5013 μετονομασθείσα
1411 4942 1569 5009 Ξένη.

2099 3217 2418 3273 mandatum
2442 3218 2597 3273 obire
2629 3234 2740 3273 non
2770 3219 3118 3276 detrectaret.
3148 3221 3475 3277 Perbibetur
3502 3224 3666 3278 etiam

2097 3310 2441 3365 castissimus
2466 3310 2659 3366 fuisse.
2683 3311 2820 3366 Nam
2847 3328 2969 3367 cum
2997 3313 3175 3368 adhuc
3200 3314 3482 3384 copiarum
3510 3315 3670 3371 ducis

2098 3417 2325 3457 munere
2358 3402 2701 3473 fungeretur,
2733 3415 2789 3459 et
2828 3419 3021 3459 renum
3055 3404 3342 3460 doloribus
3383 3416 3668 3476 tantOpere

2094 3492 2438 3547 cruciaretur
2460 3499 2518 3545 ut
2540 3493 2765 3546 omnino
2783 3492 2999 3547 viribus
3017 3493 3238 3547 amissis
3260 3494 3664 3563 languesceret,

2098 3589 2220 3648 post
2258 3579 2504 3634 adhibita
2537 3580 2751 3635 inlinita
2788 3580 3032 3636 remedia
3058 3582 3423 3637 consulebant
3450 3584 3502 3637 ei
3546 3599 3665 3638 me-

2096 3670 2205 3724 dici
2236 3678 2295 3724 ut
2318 3670 2565 3725 mulieris
2589 3671 2936 3741 amplexibus
2964 3682 3228 3747 uteretur,
3249 3689 3359 3743 quo
3387 3675 3506 3745 ipso
3528 3691 3633 3731 con
3652 3708 3666 3719 -

2095 3770 2391 3816 secuturus
2413 3768 2559 3816 esset
2590 3771 2650 3815 ut
2683 3762 2849 3817 etiam
2883 3763 3096 3818 orbitas
3127 3765 3364 3820 liberum
3401 3766 3586 3821 minus
3609 3769 3661 3822 ci

2097 3852 2529 3924 pertimescenda
2556 3851 2718 3906 foret.
2739 3852 2877 3905 Tum
2907 3852 2998 3908 ille
3026 3871 3041 3907 :
3076 3874 3094 3904 ι
3125 3854 3437 3919 Sullieiunt,
3463 3857 3665 3925 inquit,

2096 3943 2233 4013 mibi
2259 3943 2545 3997 Manuelus
2569 3951 2625 3997 et
2645 3942 2833 4007 Maria,
2858 3958 2998 4012 quos
3023 3942 3118 3997 Dei
3149 3944 3321 4013 gratia
3346 3959 3667 4014 procreatos

2096 4034 2292 4089 habeo.
2343 4032 2477 4087 Nam
2516 4034 2723 4101 absque
2770 4032 2961 4088 liberis
3008 4033 3103 4087 Dei
3156 4049 3385 4103 regnum
3433 4036 3663 4104 adipisci

2096 4127 2265 4182 licet:
2303 4135 2358 4180 at
2392 4125 2510 4179 sine
2555 4127 2808 4179 castitate
2852 4140 3015 4179 nemo
3058 4123 3226 4179 Deum
3263 4136 3666 4195 conspecturus

2096 4227 2199 4273 est.
2241 4236 2259 4270 ι
2299 4218 2660 4285 Posteaquam
2698 4216 2935 4270 lsaacius
2960 4216 3356 4271 monasterium
3387 4218 3667 4289 ingressus

2096 4308 2312 4375 luisset,
2355 4309 2522 4362 etiam
2567 4307 2890 4375 imperatrix
2938 4306 3279 4362 Haecaterina
3328 4322 3455 4362 cum
3494 4307 3665 4361 Maria

2101 4396 2211 4450 tilia
2241 4410 2300 4450 se
2333 4398 2387 4450 in
2422 4396 2764 4450 mansionem
2794 4396 3027 4467 Myrelaci
3065 4399 3441 4462 contulerunt,
3476 4398 3666 4465 ibique

2099 4489 2265 4543 vitam
2300 4488 2570 4558 religiosis
2596 4489 2874 4543 exercitiis
2905 4488 3148 4543 deditam
3176 4499 3495 4558 exegerunt.
3524 4490 3663 4542 Cum

2096 4588 2283 4633 autem
2310 4589 2517 4634 natura:
2544 4580 2786 4634 debitum
2819 4578 3171 4647 persolvisset
3202 4580 3493 4647 imperator
3523 4587 3579 4631 et
3609 4579 3663 4631 in

2094 4668 2407 4737 sepulcrum
2450 4666 2646 4723 fuisset
2689 4667 2968 4728 conditus,
3007 4666 3204 4720 accidit
3256 4677 3316 4719 ut
3347 4666 3477 4719 illud
3524 4681 3663 4734 aqua

2094 4759 2354 4829 deinceps
2398 4761 2665 4829 repletum
2700 4758 3069 4828 suspicionem
3106 4756 3429 4811 mortalibus
3461 4758 3665 4826 praebe-

2094 4858 2180 4903 ret
2211 4863 2336 4902 eum
2370 4863 2556 4918 pinnas
2604 4850 2656 4903 in
2693 4851 2792 4902 bac
2828 4848 2935 4901 vita
2986 4847 3153 4900 luisse
3208 4856 3434 4915 pr0pter
3479 4861 3665 4901 susce-

2096 4950 2252 5009 ptum
2306 4939 2507 4993 bellum
2544 4938 2887 5002 intestinum,
2940 4937 3343 5005 ademptionem
3373 4954 3662 4992 munerum

418 5039 642 5094 senatui
674 5037 1014 5094 debitorum.
1069 5034 1546 5098 monasteriorum,
1621 5044 1681 5088 ut
1745 5047 1909 5106 supra
1976 5031 2274 5086 indicatum
2316 5040 2418 5095 est,
2471 5032 2816 5099 direptorum
2864 5031 3223 5098 Spoliationes
3268 5031 3484 5100 aliaque
3536 5033 3661 5086 talia

420 5130 689 5185 facinora.
718 5127 978 5198 Sepultus
1008 5136 1094 5182 est
1121 5126 1175 5180 in
1212 5127 1497 5182 mansione
1529 5126 1816 5190 Studiana,
1848 5140 1985 5179 uxor
2023 5134 2206 5178 autem
2275 5123 2611 5179 Haaeaterina
2652 5124 2707 5177 in
2773 5138 2838 5179 ea
2871 5139 2991 5193 quae
3024 5133 3234 5178 mutato
3270 5126 3661 5179 nomine‘dicta

423 5231 514 5280 est
544 5223 719 5278 Xene.

496 5318 705 5387 Κρατεῐ
748 5316 805 5370 δὲ
871 5316 1009 5386 μετὰ
1064 5314 1155 5369 τὸν
1224 5315 1509 5385 Κομνηνὸν
1582 5317 1990 5377 Κωνσταντῖνος

422 5410 687 5479 πρόεδρος
730 5410 759 5460 6
799 5407 1008 5473 Actiaca;
1048 5408 1140 5479 ἔτη
1196 5405 1262 5470 ζ’,
1301 5408 1553 5477 ἐπιεικὴς
1598 5409 1735 5477 ἀνὴρ
1768 5410 1862 5461 καὶ
1898 5408 1967 5475 μέ

418 5520 596 5576 τριος,
639 5502 739 5573 τὴν
787 5501 1095 5570 σύγκλητόν
1136 5518 1194 5554 τε
1253 5503 1345 5555 καὶ
1384 5494 1444 5552 τὸ
1480 5501 1773 5569 δημοτικὸν
1820 5500 1995 5568 τιμῶν

419 5595 680 5660 ἀξιώσας.
728 5581 1150 5662 Ἐπανορθοί’δὲ
1195 5596 1289 5648 καὶ
1338 5593 1463 5655 τοὺς
1508 5594 1844 5654 ἐκπεσόντας
1886 5592 1994 5645 τῶν

419 5688 642 5743 οἰκείων
692 5686 1051 5761 τιμῶνβαρὰ
1097 5687 1190 5740 τοῦ
1245 5688 1554 5759 Κομνηνοῦ.
1595 5684 1831 5754 Ἀπῆλθέ
1861 5700 1990 5736 ποτε

2170 5314 2296 5369 Post
2343 5312 2686 5368 Comnenum
2738 5312 3130 5368 Constantinus
3181 5326 3408 5381 praeses,
3460 5325 3655 5378 cogno-

2103 5414 2289 5460 mento
2322 5404 2461 5468 Dux,
2493 5404 2655 5457 annis
2684 5412 2894 5471 septem
2931 5403 3164 5471 imperio
3204 5403 3412 5471 potitus
3443 5407 3546 5461 est,
3583 5398 3661 5449 \ir

2100 5500 2375 5570 aequitatis
2408 5499 2691 5554 studiosus
2719 5512 2773 5556 et
2808 5486 3142 5564 modei‘atus,
3175 5500 3266 5567 qui
3302 5508 3410 5553 tam
3444 5506 3659 5550 senato-

2100 5592 2211 5645 rios
2241 5605 2403 5659 quam
2438 5592 2684 5659 plebeios
2716 5591 2968 5645 homines
3000 5592 3066 5643 ad
3113 5592 3348 5643 honores
3390 5590 3655 5657 prevevit.

2098 5683 2245 5737 litem
2279 5681 2517 5737 restituit
2543 5697 2638 5736 eos
2665 5681 2719 5735 in
2746 5682 3012 5750 integrum
3045 5682 3136 5748 qvi
3167 5682 3522 5751 dignitatibus
3549 5684 3659 5737 sis
