  <div class='ocr_page' id='page_1' title='image "/cluster/home/n/w/nwhite01/storage/ocr_20150623/158/hvd.32044073502676/359.png"; bbox 0 0 4154 6200; ppageno 0'>
   <div class='ocr_carea' id='block_1_1' title="bbox 528 276 681 352">
    <p class='ocr_par' dir='ltr' id='par_1_1' title="bbox 528 276 681 352">
     <span class='ocr_line' id='line_1_1' title="bbox 528 276 681 352; baseline 0.013 -2"><span class='ocrx_word' id='word_1_1' title='bbox 528 292 632 352; x_wconf 70' lang='grc' dir='ltr'><strong>ὕῖιῚ</strong></span> <span class='ocrx_word' id='word_1_2' title='bbox 666 276 681 297; x_wconf 56' lang='grc'>³</span> 
     </span>
    </p>
   </div>
   <div class='ocr_carea' id='block_1_2' title="bbox 1766 283 2492 347">
    <p class='ocr_par' dir='ltr' id='par_1_2' title="bbox 1766 283 2492 347">
     <span class='ocr_line' id='line_1_2' title="bbox 1766 283 2492 347; baseline -0.008 -1"><span class='ocrx_word' id='word_1_3' title='bbox 1766 283 2192 347; x_wconf 78' lang='lat' dir='ltr'><strong>MICHAELIS</strong></span> <span class='ocrx_word' id='word_1_4' title='bbox 2230 283 2492 342; x_wconf 71' lang='lat' dir='ltr'><strong>GLYC.‘E</strong></span> 
     </span>
    </p>
   </div>
   <div class='ocr_carea' id='block_1_3' title="bbox 3655 254 3853 340">
    <p class='ocr_par' dir='ltr' id='par_1_3' title="bbox 3655 254 3853 340">
     <span class='ocr_line' id='line_1_3' title="bbox 3655 254 3853 340; baseline 0 0"><span class='ocrx_word' id='word_1_5' title='bbox 3655 277 3767 340; x_wconf 76' lang='lat' dir='ltr'><strong>eos</strong></span> <span class='ocrx_word' id='word_1_6' title='bbox 3848 254 3853 257; x_wconf 79' lang='grc'><em>’</em></span> 
     </span>
    </p>
   </div>
   <div class='ocr_carea' id='block_1_4' title="bbox 529 388 2085 468">
    <p class='ocr_par' dir='ltr' id='par_1_4' title="bbox 529 388 2085 468">
     <span class='ocr_line' id='line_1_4' title="bbox 529 388 2085 468; baseline -0.006 -14"><span class='ocrx_word' id='word_1_7' title='bbox 529 388 935 468; x_wconf 77' lang='lat' dir='ltr'><strong>largitionibus,</strong></span> <span class='ocrx_word' id='word_1_8' title='bbox 981 388 1119 466; x_wconf 85' lang='lat' dir='ltr'><strong>quas</strong></span> <span class='ocrx_word' id='word_1_9' title='bbox 1171 409 1330 464; x_wconf 84' lang='lat' dir='ltr'><strong>rogas</strong></span> <span class='ocrx_word' id='word_1_10' title='bbox 1375 402 1594 458; x_wconf 88' lang='lat' dir='ltr'><strong>vocant,</strong></span> <span class='ocrx_word' id='word_1_11' title='bbox 1632 392 1689 446; x_wconf 91' lang='lat' dir='ltr'><strong>in</strong></span> <span class='ocrx_word' id='word_1_12' title='bbox 1717 401 1965 447; x_wconf 87' lang='lat' dir='ltr'><strong>senatum</strong></span> <span class='ocrx_word' id='word_1_13' title='bbox 1998 406 2085 460; x_wconf 46' lang='lat' dir='ltr'><strong>po.</strong></span> 
     </span>
    </p>
   </div>
   <div class='ocr_carea' id='block_1_5' title="bbox 2190 388 3767 468">
    <p class='ocr_par' dir='ltr' id='par_1_5' title="bbox 2196 388 3767 460">
     <span class='ocr_line' id='line_1_5' title="bbox 2196 388 3767 460; baseline -0.001 -17"><span class='ocrx_word' id='word_1_14' title='bbox 2196 392 2432 460; x_wconf 74' lang='grc' dir='ltr'><strong>στρατοῦ</strong></span> <span class='ocrx_word' id='word_1_15' title='bbox 2464 391 2605 444; x_wconf 84' lang='grc' dir='ltr'><strong>κατὰ</strong></span> <span class='ocrx_word' id='word_1_16' title='bbox 2630 390 2738 444; x_wconf 83' lang='grc' dir='ltr'><strong>τῶν</strong></span> <span class='ocrx_word' id='word_1_17' title='bbox 2763 388 3022 460; x_wconf 75' lang='grc' dir='ltr'><strong>Τούρκων</strong></span> <span class='ocrx_word' id='word_1_18' title='bbox 3052 388 3351 458; x_wconf 72' lang='grc' dir='ltr'><strong>ἐκπέμπει.</strong></span> <span class='ocrx_word' id='word_1_19' title='bbox 3382 388 3556 441; x_wconf 78' lang='grc' dir='ltr'><strong>Πολλὰ</strong></span> <span class='ocrx_word' id='word_1_20' title='bbox 3584 390 3767 442; x_wconf 74' lang='grc' dir='ltr'><strong>λοιπὸν</strong></span> 
     </span>
    </p>
   </div>
   <div class='ocr_carea' id='block_1_6' title="bbox 529 484 2095 561">
    <p class='ocr_par' dir='ltr' id='par_1_6' title="bbox 529 484 2095 561">
     <span class='ocr_line' id='line_1_6' title="bbox 529 484 2095 561; baseline -0.006 -17"><span class='ocrx_word' id='word_1_21' title='bbox 529 495 830 561; x_wconf 85' lang='lat' dir='ltr'><strong>polumque</strong></span> <span class='ocrx_word' id='word_1_22' title='bbox 863 490 1042 550; x_wconf 87' lang='lat' dir='ltr'><strong>factis,</strong></span> <span class='ocrx_word' id='word_1_23' title='bbox 1077 501 1270 540; x_wconf 81' lang='lat' dir='ltr'><strong>rursus</strong></span> <span class='ocrx_word' id='word_1_24' title='bbox 1300 486 1370 540; x_wconf 91' lang='lat' dir='ltr'><strong>ad</strong></span> <span class='ocrx_word' id='word_1_25' title='bbox 1414 484 1821 554; x_wconf 78' lang='lat' dir='ltr'><strong>expeditionem</strong></span> <span class='ocrx_word' id='word_1_26' title='bbox 1858 500 1916 539; x_wconf 88' lang='lat' dir='ltr'><strong>se</strong></span> <span class='ocrx_word' id='word_1_27' title='bbox 1942 499 2095 537; x_wconf 89' lang='lat' dir='ltr'><strong>com-</strong></span> 
     </span>
    </p>
   </div>
   <div class='ocr_carea' id='block_1_7' title="bbox 528 575 2095 653">
    <p class='ocr_par' dir='ltr' id='par_1_7' title="bbox 528 575 2095 653">
     <span class='ocr_line' id='line_1_7' title="bbox 528 575 2095 653; baseline -0.005 -18"><span class='ocrx_word' id='word_1_28' title='bbox 528 583 761 653; x_wconf 86' lang='lat' dir='ltr'><strong>paravit,</strong></span> <span class='ocrx_word' id='word_1_29' title='bbox 812 596 881 634; x_wconf 90' lang='lat' dir='ltr'><strong>ne</strong></span> <span class='ocrx_word' id='word_1_30' title='bbox 934 579 1281 647; x_wconf 81' lang='lat' dir='ltr'><strong>paschalibus</strong></span> <span class='ocrx_word' id='word_1_31' title='bbox 1330 576 1553 647; x_wconf 83' lang='lat' dir='ltr'><strong>quidem</strong></span> <span class='ocrx_word' id='word_1_32' title='bbox 1603 576 1800 629; x_wconf 89' lang='lat' dir='ltr'><strong>diebus</strong></span> <span class='ocrx_word' id='word_1_33' title='bbox 1850 576 1904 629; x_wconf 91' lang='lat' dir='ltr'><strong>in</strong></span> <span class='ocrx_word' id='word_1_34' title='bbox 1959 575 2095 628; x_wconf 84' lang='lat' dir='ltr'><strong>urbe</strong></span> 
     </span>
    </p>
   </div>
   <div class='ocr_carea' id='block_1_8' title="bbox 527 665 2094 739">
    <p class='ocr_par' dir='ltr' id='par_1_8' title="bbox 527 665 2094 739">
     <span class='ocr_line' id='line_1_8' title="bbox 527 665 2094 739; baseline -0.006 -12"><span class='ocrx_word' id='word_1_35' title='bbox 527 682 794 727; x_wconf 89' lang='lat' dir='ltr'><strong>moratus.</strong></span> <span class='ocrx_word' id='word_1_36' title='bbox 836 671 936 726; x_wconf 90' lang='lat' dir='ltr'><strong>Ubi</strong></span> <span class='ocrx_word' id='word_1_37' title='bbox 980 671 1300 739; x_wconf 82' lang='lat' dir='ltr'><strong>frequenter</strong></span> <span class='ocrx_word' id='word_1_38' title='bbox 1333 677 1390 723; x_wconf 89' lang='lat' dir='ltr'><strong>et</strong></span> <span class='ocrx_word' id='word_1_39' title='bbox 1426 667 1592 722; x_wconf 86' lang='lat' dir='ltr'><strong>variis</strong></span> <span class='ocrx_word' id='word_1_40' title='bbox 1626 667 1679 721; x_wconf 91' lang='lat' dir='ltr'><strong>in</strong></span> <span class='ocrx_word' id='word_1_41' title='bbox 1722 665 1858 722; x_wconf 86' lang='lat' dir='ltr'><strong>locis</strong></span> <span class='ocrx_word' id='word_1_42' title='bbox 1898 681 2094 720; x_wconf 88' lang='lat' dir='ltr'><strong>manus</strong></span> 
     </span>
    </p>
   </div>
   <div class='ocr_carea' id='block_1_9' title="bbox 525 757 2096 830">
    <p class='ocr_par' dir='ltr' id='par_1_9' title="bbox 525 757 2096 830">
     <span class='ocr_line' id='line_1_9' title="bbox 525 757 2096 830; baseline -0.004 -12"><span class='ocrx_word' id='word_1_43' title='bbox 525 781 650 819; x_wconf 89' lang='lat' dir='ltr'><strong>cum</strong></span> <span class='ocrx_word' id='word_1_44' title='bbox 678 765 874 817; x_wconf 81' lang='lat' dir='ltr'><strong>Turcis</strong></span> <span class='ocrx_word' id='word_1_45' title='bbox 902 763 1292 825; x_wconf 83' lang='lat' dir='ltr'><strong>conseruisset,</strong></span> <span class='ocrx_word' id='word_1_46' title='bbox 1324 777 1388 816; x_wconf 92' lang='lat' dir='ltr'><strong>ac</strong></span> <span class='ocrx_word' id='word_1_47' title='bbox 1419 761 1617 830; x_wconf 81' lang='lat' dir='ltr'><strong>partim</strong></span> <span class='ocrx_word' id='word_1_48' title='bbox 1650 760 1868 813; x_wconf 80' lang='lat' dir='ltr'><strong>fortuna</strong></span> <span class='ocrx_word' id='word_1_49' title='bbox 1900 757 2096 812; x_wconf 81' lang='lat' dir='ltr'><strong>fuisset</strong></span> 
     </span>
    </p>
   </div>
   <div class='ocr_carea' id='block_1_10' title="bbox 528 850 2096 923">
    <p class='ocr_par' dir='ltr' id='par_1_10' title="bbox 528 850 2096 923">
     <span class='ocr_line' id='line_1_10' title="bbox 528 850 2096 923; baseline -0.004 -14"><span class='ocrx_word' id='word_1_50' title='bbox 528 872 661 909; x_wconf 73' lang='lat' dir='ltr'><strong>n~us</strong></span> <span class='ocrx_word' id='word_1_51' title='bbox 696 871 956 923; x_wconf 89' lang='lat' dir='ltr'><strong>prospera</strong></span> <span class='ocrx_word' id='word_1_52' title='bbox 990 855 1193 922; x_wconf 86' lang='lat' dir='ltr'><strong>partim</strong></span> <span class='ocrx_word' id='word_1_53' title='bbox 1226 854 1476 913; x_wconf 86' lang='lat' dir='ltr'><strong>adversa,</strong></span> <span class='ocrx_word' id='word_1_54' title='bbox 1511 852 1567 905; x_wconf 90' lang='lat' dir='ltr'><strong>in</strong></span> <span class='ocrx_word' id='word_1_55' title='bbox 1602 851 1793 905; x_wconf 90' lang='lat' dir='ltr'><strong>urbem</strong></span> <span class='ocrx_word' id='word_1_56' title='bbox 1829 850 2014 910; x_wconf 82' lang='lat' dir='ltr'><strong>rediit,</strong></span> <span class='ocrx_word' id='word_1_57' title='bbox 2040 858 2096 902; x_wconf 86' lang='lat' dir='ltr'><strong>et</strong></span> 
     </span>
    </p>
   </div>
   <div class='ocr_carea' id='block_1_11' title="bbox 528 942 2093 1013">
    <p class='ocr_par' dir='ltr' id='par_1_11' title="bbox 528 942 2093 1013">
     <span class='ocr_line' id='line_1_11' title="bbox 528 942 2093 1013; baseline -0.004 -12"><span class='ocrx_word' id='word_1_58' title='bbox 528 947 837 1001; x_wconf 74' lang='lat' dir='ltr'><strong>Manuelum</strong></span> <span class='ocrx_word' id='word_1_59' title='bbox 875 947 1220 1000; x_wconf 88' lang='lat' dir='ltr'><strong>Comnenum</strong></span> <span class='ocrx_word' id='word_1_60' title='bbox 1255 945 1521 1013; x_wconf 87' lang='lat' dir='ltr'><strong>dignitate</strong></span> <span class='ocrx_word' id='word_1_61' title='bbox 1559 942 1902 1011; x_wconf 86' lang='lat' dir='ltr'><strong>Curopalatis</strong></span> <span class='ocrx_word' id='word_1_62' title='bbox 1929 957 2093 994; x_wconf 83' lang='lat' dir='ltr'><strong>orna-</strong></span> 
     </span>
    </p>
   </div>
   <div class='ocr_carea' id='block_1_12' title="bbox 530 1033 2089 1105">
    <p class='ocr_par' dir='ltr' id='par_1_12' title="bbox 530 1033 2089 1105">
     <span class='ocr_line' id='line_1_12' title="bbox 530 1033 2089 1105; baseline -0.004 -12"><span class='ocrx_word' id='word_1_63' title='bbox 530 1052 644 1093; x_wconf 88' lang='lat' dir='ltr'><strong>tum</strong></span> <span class='ocrx_word' id='word_1_64' title='bbox 682 1039 953 1092; x_wconf 82' lang='lat' dir='ltr'><strong>universis</strong></span> <span class='ocrx_word' id='word_1_65' title='bbox 985 1052 1107 1091; x_wconf 90' lang='lat' dir='ltr'><strong>cum</strong></span> <span class='ocrx_word' id='word_1_66' title='bbox 1141 1036 1318 1105; x_wconf 84' lang='lat' dir='ltr'><strong>cepiis</strong></span> <span class='ocrx_word' id='word_1_67' title='bbox 1356 1035 1620 1090; x_wconf 88' lang='lat' dir='ltr'><strong>adversus</strong></span> <span class='ocrx_word' id='word_1_68' title='bbox 1649 1036 1857 1089; x_wconf 87' lang='lat' dir='ltr'><strong>Turcos</strong></span> <span class='ocrx_word' id='word_1_69' title='bbox 1886 1033 2089 1088; x_wconf 87' lang='lat' dir='ltr'><strong>emisit.</strong></span> 
     </span>
    </p>
   </div>
   <div class='ocr_carea' id='block_1_13' title="bbox 526 1124 2095 1197">
    <p class='ocr_par' dir='ltr' id='par_1_13' title="bbox 526 1124 2095 1197">
     <span class='ocr_line' id='line_1_13' title="bbox 526 1124 2095 1197; baseline -0.003 -15"><span class='ocrx_word' id='word_1_70' title='bbox 526 1129 602 1182; x_wconf 78' lang='lat' dir='ltr'><strong>Ex</strong></span> <span class='ocrx_word' id='word_1_71' title='bbox 633 1146 699 1183; x_wconf 88' lang='lat' dir='ltr'><strong>eo</strong></span> <span class='ocrx_word' id='word_1_72' title='bbox 727 1139 971 1197; x_wconf 90' lang='lat' dir='ltr'><strong>tempore</strong></span> <span class='ocrx_word' id='word_1_73' title='bbox 1000 1128 1182 1181; x_wconf 71' lang='lat' dir='ltr'><strong>multae</strong></span> <span class='ocrx_word' id='word_1_74' title='bbox 1212 1127 1552 1180; x_wconf 88' lang='lat' dir='ltr'><strong>calamitates</strong></span> <span class='ocrx_word' id='word_1_75' title='bbox 1582 1126 1846 1179; x_wconf 82' lang='lat' dir='ltr'><strong>Romanis</strong></span> <span class='ocrx_word' id='word_1_76' title='bbox 1881 1124 2095 1179; x_wconf 85' lang='lat' dir='ltr'><strong>accide-</strong></span> 
     </span>
    </p>
   </div>
   <div class='ocr_carea' id='block_1_14' title="bbox 527 1218 2091 1286">
    <p class='ocr_par' dir='ltr' id='par_1_14' title="bbox 527 1218 2091 1286">
     <span class='ocr_line' id='line_1_14' title="bbox 527 1218 2091 1286; baseline -0.003 -13"><span class='ocrx_word' id='word_1_77' title='bbox 527 1230 676 1273; x_wconf 88' lang='lat' dir='ltr'><strong>rnnt.</strong></span> <span class='ocrx_word' id='word_1_78' title='bbox 709 1219 844 1273; x_wconf 83' lang='lat' dir='ltr'><strong>Nam</strong></span> <span class='ocrx_word' id='word_1_79' title='bbox 873 1234 995 1271; x_wconf 91' lang='lat' dir='ltr'><strong>cum</strong></span> <span class='ocrx_word' id='word_1_80' title='bbox 1043 1218 1181 1271; x_wconf 89' lang='lat' dir='ltr'><strong>forte</strong></span> <span class='ocrx_word' id='word_1_81' title='bbox 1224 1233 1420 1271; x_wconf 87' lang='lat' dir='ltr'><strong>manus</strong></span> <span class='ocrx_word' id='word_1_82' title='bbox 1446 1218 1708 1286; x_wconf 85' lang='lat' dir='ltr'><strong>utrinque</strong></span> <span class='ocrx_word' id='word_1_83' title='bbox 1736 1230 2091 1270; x_wconf 84' lang='lat' dir='ltr'><strong>consereren-</strong></span> 
     </span>
    </p>
   </div>
   <div class='ocr_carea' id='block_1_15' title="bbox 528 1306 2092 1377">
    <p class='ocr_par' dir='ltr' id='par_1_15' title="bbox 528 1306 2092 1377">
     <span class='ocr_line' id='line_1_15' title="bbox 528 1306 2092 1377; baseline -0.001 -15"><span class='ocrx_word' id='word_1_84' title='bbox 528 1322 638 1369; x_wconf 84' lang='lat' dir='ltr'><strong>tur,</strong></span> <span class='ocrx_word' id='word_1_85' title='bbox 665 1309 947 1363; x_wconf 79' lang='lat' dir='ltr'><strong>Manuelus</strong></span> <span class='ocrx_word' id='word_1_86' title='bbox 970 1309 1083 1377; x_wconf 88' lang='lat' dir='ltr'><strong>ipse</strong></span> <span class='ocrx_word' id='word_1_87' title='bbox 1106 1316 1297 1376; x_wconf 85' lang='lat' dir='ltr'><strong>captus</strong></span> <span class='ocrx_word' id='word_1_88' title='bbox 1320 1316 1402 1362; x_wconf 87' lang='lat' dir='ltr'><strong>est</strong></span> <span class='ocrx_word' id='word_1_89' title='bbox 1423 1316 1482 1361; x_wconf 88' lang='lat' dir='ltr'><strong>et</strong></span> <span class='ocrx_word' id='word_1_90' title='bbox 1505 1308 1795 1361; x_wconf 87' lang='lat' dir='ltr'><strong>universus</strong></span> <span class='ocrx_word' id='word_1_91' title='bbox 1818 1306 2092 1360; x_wconf 85' lang='lat' dir='ltr'><strong>exercitus</strong></span> 
     </span>
    </p>
   </div>
   <div class='ocr_carea' id='block_1_16' title="bbox 525 1395 2091 1453">
    <p class='ocr_par' dir='ltr' id='par_1_16' title="bbox 525 1395 2091 1453">
     <span class='ocr_line' id='line_1_16' title="bbox 525 1395 2091 1453; baseline -0.001 -2"><span class='ocrx_word' id='word_1_92' title='bbox 525 1400 591 1453; x_wconf 80' lang='lat' dir='ltr'><strong>ad</strong></span> <span class='ocrx_word' id='word_1_93' title='bbox 639 1399 1071 1453; x_wconf 86' lang='lat' dir='ltr'><strong>internecionem</strong></span> <span class='ocrx_word' id='word_1_94' title='bbox 1116 1413 1311 1452; x_wconf 68' lang='lat' dir='ltr'><strong>caesus.</strong></span> <span class='ocrx_word' id='word_1_95' title='bbox 1348 1395 1456 1452; x_wconf 87' lang='lat' dir='ltr'><strong>Sed</strong></span> <span class='ocrx_word' id='word_1_96' title='bbox 1509 1406 1688 1451; x_wconf 86' lang='lat' dir='ltr'><strong>tamen</strong></span> <span class='ocrx_word' id='word_1_97' title='bbox 1736 1397 1952 1451; x_wconf 90' lang='lat' dir='ltr'><strong>Turcus</strong></span> <span class='ocrx_word' id='word_1_98' title='bbox 2000 1397 2091 1450; x_wconf 82' lang='lat' dir='ltr'><strong>ille</strong></span> 
     </span>
    </p>
   </div>
   <div class='ocr_carea' id='block_1_17' title="bbox 524 1487 2089 1558">
    <p class='ocr_par' dir='ltr' id='par_1_17' title="bbox 524 1487 2089 1558">
     <span class='ocr_line' id='line_1_17' title="bbox 524 1487 2089 1558; baseline 0 -15"><span class='ocrx_word' id='word_1_99' title='bbox 524 1492 617 1557; x_wconf 85' lang='lat' dir='ltr'><strong>qui</strong></span> <span class='ocrx_word' id='word_1_100' title='bbox 671 1490 982 1543; x_wconf 80' lang='lat' dir='ltr'><strong>Manuelnm</strong></span> <span class='ocrx_word' id='word_1_101' title='bbox 1029 1498 1267 1557; x_wconf 79' lang='lat' dir='ltr'><strong>ceperat,</strong></span> <span class='ocrx_word' id='word_1_102' title='bbox 1317 1498 1465 1541; x_wconf 88' lang='lat' dir='ltr'><strong>metu</strong></span> <span class='ocrx_word' id='word_1_103' title='bbox 1517 1488 1753 1557; x_wconf 88' lang='lat' dir='ltr'><strong>quodam</strong></span> <span class='ocrx_word' id='word_1_104' title='bbox 1804 1487 2089 1558; x_wconf 84' lang='lat' dir='ltr'><strong>perculsus</strong></span> 
     </span>
    </p>
   </div>
   <div class='ocr_carea' id='block_1_18' title="bbox 525 1580 2087 1650">
    <p class='ocr_par' dir='ltr' id='par_1_18' title="bbox 525 1580 2087 1650">
     <span class='ocr_line' id='line_1_18' title="bbox 525 1580 2087 1650; baseline -0.001 -16"><span class='ocrx_word' id='word_1_105' title='bbox 525 1582 759 1649; x_wconf 88' lang='lat' dir='ltr'><strong>ideoque</strong></span> <span class='ocrx_word' id='word_1_106' title='bbox 801 1580 1052 1648; x_wconf 88' lang='lat' dir='ltr'><strong>partibus</strong></span> <span class='ocrx_word' id='word_1_107' title='bbox 1093 1581 1291 1635; x_wconf 82' lang='lat' dir='ltr'><strong>sultani</strong></span> <span class='ocrx_word' id='word_1_108' title='bbox 1328 1580 1582 1646; x_wconf 85' lang='lat' dir='ltr'><strong>desertis,</strong></span> <span class='ocrx_word' id='word_1_109' title='bbox 1610 1589 1803 1650; x_wconf 81' lang='lat' dir='ltr'><strong>sponte</strong></span> <span class='ocrx_word' id='word_1_110' title='bbox 1839 1596 1935 1635; x_wconf 86' lang='lat' dir='ltr'><strong>sua</strong></span> <span class='ocrx_word' id='word_1_111' title='bbox 1963 1596 2087 1636; x_wconf 91' lang='lat' dir='ltr'><strong>cum</strong></span> 
     </span>
    </p>
   </div>
   <div class='ocr_carea' id='block_1_19' title="bbox 522 1671 2089 1741">
    <p class='ocr_par' dir='ltr' id='par_1_19' title="bbox 522 1671 2089 1741">
     <span class='ocr_line' id='line_1_19' title="bbox 522 1671 2089 1741; baseline 0 -15"><span class='ocrx_word' id='word_1_112' title='bbox 522 1672 774 1726; x_wconf 72' lang='lat' dir='ltr'><strong>Manuelo</strong></span> <span class='ocrx_word' id='word_1_113' title='bbox 804 1671 871 1725; x_wconf 89' lang='lat' dir='ltr'><strong>ad</strong></span> <span class='ocrx_word' id='word_1_114' title='bbox 905 1671 1290 1740; x_wconf 83' lang='lat' dir='ltr'><strong>imperatorem</strong></span> <span class='ocrx_word' id='word_1_115' title='bbox 1321 1671 1633 1741; x_wconf 80' lang='lat' dir='ltr'><strong>transfugit.</strong></span> <span class='ocrx_word' id='word_1_116' title='bbox 1668 1673 1776 1725; x_wconf 83' lang='lat' dir='ltr'><strong>llas</strong></span> <span class='ocrx_word' id='word_1_117' title='bbox 1799 1674 1869 1725; x_wconf 89' lang='lat' dir='ltr'><strong>ob</strong></span> <span class='ocrx_word' id='word_1_118' title='bbox 1895 1687 2089 1727; x_wconf 78' lang='lat' dir='ltr'><strong>causas</strong></span> 
     </span>
    </p>
   </div>
   <div class='ocr_carea' id='block_1_20' title="bbox 523 1761 2088 1832">
    <p class='ocr_par' dir='ltr' id='par_1_20' title="bbox 523 1761 2088 1832">
     <span class='ocr_line' id='line_1_20' title="bbox 523 1761 2088 1832; baseline 0.002 -17"><span class='ocrx_word' id='word_1_119' title='bbox 523 1763 825 1831; x_wconf 84' lang='lat' dir='ltr'><strong>imperator</strong></span> <span class='ocrx_word' id='word_1_120' title='bbox 873 1761 1072 1816; x_wconf 88' lang='lat' dir='ltr'><strong>iterum</strong></span> <span class='ocrx_word' id='word_1_121' title='bbox 1101 1762 1506 1831; x_wconf 85' lang='lat' dir='ltr'><strong>expeditionem</strong></span> <span class='ocrx_word' id='word_1_122' title='bbox 1539 1762 1805 1828; x_wconf 87' lang='lat' dir='ltr'><strong>instituit;</strong></span> <span class='ocrx_word' id='word_1_123' title='bbox 1851 1778 2088 1832; x_wconf 89' lang='lat' dir='ltr'><strong>eumque</strong></span> 
     </span>
    </p>
   </div>
   <div class='ocr_carea' id='block_1_21' title="bbox 521 1854 2086 1925">
    <p class='ocr_par' dir='ltr' id='par_1_21' title="bbox 521 1854 2086 1925">
     <span class='ocr_line' id='line_1_21' title="bbox 521 1854 2086 1925; baseline 0.001 -17"><span class='ocrx_word' id='word_1_124' title='bbox 521 1856 826 1925; x_wconf 82' lang='lat' dir='ltr'><strong>trajecisset</strong></span> <span class='ocrx_word' id='word_1_125' title='bbox 856 1855 922 1907; x_wconf 87' lang='lat' dir='ltr'><strong>ad</strong></span> <span class='ocrx_word' id='word_1_126' title='bbox 954 1855 1275 1909; x_wconf 83' lang='lat' dir='ltr'><strong>Hiereorum</strong></span> <span class='ocrx_word' id='word_1_127' title='bbox 1309 1854 1528 1923; x_wconf 86' lang='lat' dir='ltr'><strong>palatia,</strong></span> <span class='ocrx_word' id='word_1_128' title='bbox 1556 1854 1806 1908; x_wconf 88' lang='lat' dir='ltr'><strong>columba</strong></span> <span class='ocrx_word' id='word_1_129' title='bbox 1838 1856 2086 1924; x_wconf 68' lang='lat' dir='ltr'><strong>qumdam</strong></span> 
     </span>
    </p>
   </div>
   <div class='ocr_carea' id='block_1_22' title="bbox 520 1944 2090 2015">
    <p class='ocr_par' dir='ltr' id='par_1_22' title="bbox 520 1944 2090 2015">
     <span class='ocr_line' id='line_1_22' title="bbox 520 1944 2090 2015; baseline 0.001 -16"><span class='ocrx_word' id='word_1_130' title='bbox 520 1946 777 2000; x_wconf 86' lang='lat' dir='ltr'><strong>alicunde</strong></span> <span class='ocrx_word' id='word_1_131' title='bbox 819 1944 999 1999; x_wconf 82' lang='lat' dir='ltr'><strong>subito</strong></span> <span class='ocrx_word' id='word_1_132' title='bbox 1022 1945 1296 2014; x_wconf 87' lang='lat' dir='ltr'><strong>apparuit,</strong></span> <span class='ocrx_word' id='word_1_133' title='bbox 1339 1960 1447 2000; x_wconf 90' lang='lat' dir='ltr'><strong>non</strong></span> <span class='ocrx_word' id='word_1_134' title='bbox 1480 1945 1821 2015; x_wconf 88' lang='lat' dir='ltr'><strong>illa-quidem</strong></span> <span class='ocrx_word' id='word_1_135' title='bbox 1864 1960 2090 2014; x_wconf 84' lang='lat' dir='ltr'><strong>prorsus</strong></span> 
     </span>
    </p>
   </div>
   <div class='ocr_carea' id='block_1_23' title="bbox 520 2036 2089 2107">
    <p class='ocr_par' dir='ltr' id='par_1_23' title="bbox 520 2036 2089 2107">
     <span class='ocr_line' id='line_1_23' title="bbox 520 2036 2089 2107; baseline -0.001 -16"><span class='ocrx_word' id='word_1_136' title='bbox 520 2039 661 2098; x_wconf 81' lang='lat' dir='ltr'><strong>alba,</strong></span> <span class='ocrx_word' id='word_1_137' title='bbox 687 2037 779 2091; x_wconf 90' lang='lat' dir='ltr'><strong>sed</strong></span> <span class='ocrx_word' id='word_1_138' title='bbox 815 2037 879 2090; x_wconf 90' lang='lat' dir='ltr'><strong>ad</strong></span> <span class='ocrx_word' id='word_1_139' title='bbox 915 2036 1256 2105; x_wconf 83' lang='lat' dir='ltr'><strong>nigredincm</strong></span> <span class='ocrx_word' id='word_1_140' title='bbox 1286 2051 1533 2107; x_wconf 81' lang='lat' dir='ltr'><strong>vergens.</strong></span> <span class='ocrx_word' id='word_1_141' title='bbox 1562 2037 1638 2091; x_wconf 77' lang='lat' dir='ltr'><strong>En</strong></span> <span class='ocrx_word' id='word_1_142' title='bbox 1670 2037 1951 2092; x_wconf 84' lang='lat' dir='ltr'><strong>triremem</strong></span> <span class='ocrx_word' id='word_1_143' title='bbox 1988 2038 2089 2091; x_wconf 90' lang='lat' dir='ltr'><strong>im-</strong></span> 
     </span>
    </p>
   </div>
   <div class='ocr_carea' id='block_1_24' title="bbox 521 2126 2087 2197">
    <p class='ocr_par' dir='ltr' id='par_1_24' title="bbox 521 2126 2087 2197">
     <span class='ocr_line' id='line_1_24' title="bbox 521 2126 2087 2197; baseline 0.002 -18"><span class='ocrx_word' id='word_1_144' title='bbox 521 2127 789 2195; x_wconf 87' lang='lat' dir='ltr'><strong>peratoris</strong></span> <span class='ocrx_word' id='word_1_145' title='bbox 820 2126 1224 2181; x_wconf 87' lang='lat' dir='ltr'><strong>circumvolans</strong></span> <span class='ocrx_word' id='word_1_146' title='bbox 1267 2126 1335 2179; x_wconf 88' lang='lat' dir='ltr'><strong>ab</strong></span> <span class='ocrx_word' id='word_1_147' title='bbox 1367 2141 1433 2181; x_wconf 89' lang='lat' dir='ltr'><strong>eo</strong></span> <span class='ocrx_word' id='word_1_148' title='bbox 1483 2126 1739 2180; x_wconf 87' lang='lat' dir='ltr'><strong>manibus</strong></span> <span class='ocrx_word' id='word_1_149' title='bbox 1791 2139 1946 2197; x_wconf 84' lang='lat' dir='ltr'><strong>capta</strong></span> <span class='ocrx_word' id='word_1_150' title='bbox 1982 2137 2087 2193; x_wconf 87' lang='lat' dir='ltr'><strong>est,</strong></span> 
     </span>
    </p>
   </div>
   <div class='ocr_carea' id='block_1_25' title="bbox 519 2215 2087 2283">
    <p class='ocr_par' dir='ltr' id='par_1_25' title="bbox 519 2215 2087 2283">
     <span class='ocr_line' id='line_1_25' title="bbox 519 2215 2087 2283; baseline 0.003 -14"><span class='ocrx_word' id='word_1_151' title='bbox 519 2227 577 2269; x_wconf 92' lang='lat' dir='ltr'><strong>et</strong></span> <span class='ocrx_word' id='word_1_152' title='bbox 600 2215 667 2268; x_wconf 87' lang='lat' dir='ltr'><strong>ad</strong></span> <span class='ocrx_word' id='word_1_153' title='bbox 695 2217 1094 2283; x_wconf 86' lang='lat' dir='ltr'><strong>imperatricem</strong></span> <span class='ocrx_word' id='word_1_154' title='bbox 1123 2217 1306 2270; x_wconf 88' lang='lat' dir='ltr'><strong>missa.</strong></span> <span class='ocrx_word' id='word_1_155' title='bbox 1336 2218 1534 2272; x_wconf 88' lang='lat' dir='ltr'><strong>Parum</strong></span> <span class='ocrx_word' id='word_1_156' title='bbox 1570 2218 1684 2273; x_wconf 69' lang='lat' dir='ltr'><strong>haec</strong></span> <span class='ocrx_word' id='word_1_157' title='bbox 1715 2218 1841 2272; x_wconf 83' lang='lat' dir='ltr'><strong>belli</strong></span> <span class='ocrx_word' id='word_1_158' title='bbox 1874 2218 2087 2273; x_wconf 86' lang='lat' dir='ltr'><strong>felicem</strong></span> 
     </span>
    </p>
   </div>
   <div class='ocr_carea' id='block_1_26' title="bbox 519 2306 2090 2375">
    <p class='ocr_par' dir='ltr' id='par_1_26' title="bbox 519 2306 2090 2375">
     <span class='ocr_line' id='line_1_26' title="bbox 519 2306 2090 2375; baseline 0.001 -15"><span class='ocrx_word' id='word_1_159' title='bbox 519 2306 728 2361; x_wconf 81' lang='lat' dir='ltr'><strong>exitum</strong></span> <span class='ocrx_word' id='word_1_160' title='bbox 767 2306 1086 2375; x_wconf 87' lang='lat' dir='ltr'><strong>imperatori</strong></span> <span class='ocrx_word' id='word_1_161' title='bbox 1138 2307 1463 2375; x_wconf 85' lang='lat' dir='ltr'><strong>portendere</strong></span> <span class='ocrx_word' id='word_1_162' title='bbox 1516 2307 1628 2361; x_wconf 88' lang='lat' dir='ltr'><strong>visa</strong></span> <span class='ocrx_word' id='word_1_163' title='bbox 1679 2306 1801 2361; x_wconf 85' lang='lat' dir='ltr'><strong>init.</strong></span> <span class='ocrx_word' id='word_1_164' title='bbox 1835 2308 1935 2363; x_wconf 87' lang='lat' dir='ltr'><strong>Ubi</strong></span> <span class='ocrx_word' id='word_1_165' title='bbox 1981 2309 2090 2361; x_wconf 84' lang='lat' dir='ltr'><strong>sol-</strong></span> 
     </span>
    </p>
   </div>
   <div class='ocr_carea' id='block_1_27' title="bbox 522 2397 2086 2468">
    <p class='ocr_par' dir='ltr' id='par_1_27' title="bbox 522 2397 2086 2468">
     <span class='ocr_line' id='line_1_27' title="bbox 522 2397 2086 2468; baseline 0.001 -16"><span class='ocrx_word' id='word_1_166' title='bbox 522 2399 691 2453; x_wconf 87' lang='lat' dir='ltr'><strong>visset</strong></span> <span class='ocrx_word' id='word_1_167' title='bbox 741 2397 872 2452; x_wconf 88' lang='lat' dir='ltr'><strong>hinc</strong></span> <span class='ocrx_word' id='word_1_168' title='bbox 918 2399 1239 2467; x_wconf 89' lang='lat' dir='ltr'><strong>imperator,</strong></span> <span class='ocrx_word' id='word_1_169' title='bbox 1299 2413 1406 2451; x_wconf 90' lang='lat' dir='ltr'><strong>non</strong></span> <span class='ocrx_word' id='word_1_170' title='bbox 1457 2399 1523 2452; x_wconf 90' lang='lat' dir='ltr'><strong>ad</strong></span> <span class='ocrx_word' id='word_1_171' title='bbox 1577 2400 1788 2452; x_wconf 85' lang='lat' dir='ltr'><strong>clarum</strong></span> <span class='ocrx_word' id='word_1_172' title='bbox 1845 2399 2086 2468; x_wconf 81' lang='lat' dir='ltr'><strong>aliquem</strong></span> 
     </span>
    </p>
   </div>
   <div class='ocr_carea' id='block_1_28' title="bbox 520 2486 2083 2559">
    <p class='ocr_par' dir='ltr' id='par_1_28' title="bbox 520 2486 2083 2559">
     <span class='ocr_line' id='line_1_28' title="bbox 520 2486 2083 2559; baseline 0 -15"><span class='ocrx_word' id='word_1_173' title='bbox 520 2491 699 2544; x_wconf 88' lang='lat' dir='ltr'><strong>locum</strong></span> <span class='ocrx_word' id='word_1_174' title='bbox 743 2489 1015 2559; x_wconf 81' lang='lat' dir='ltr'><strong>pervenit,</strong></span> <span class='ocrx_word' id='word_1_175' title='bbox 1047 2490 1138 2544; x_wconf 85' lang='lat' dir='ltr'><strong>sed</strong></span> <span class='ocrx_word' id='word_1_176' title='bbox 1166 2489 1233 2543; x_wconf 90' lang='lat' dir='ltr'><strong>ad</strong></span> <span class='ocrx_word' id='word_1_177' title='bbox 1263 2504 1390 2543; x_wconf 90' lang='lat' dir='ltr'><strong>eum</strong></span> <span class='ocrx_word' id='word_1_178' title='bbox 1422 2491 1515 2559; x_wconf 90' lang='lat' dir='ltr'><strong>qui</strong></span> <span class='ocrx_word' id='word_1_179' title='bbox 1549 2486 1824 2558; x_wconf 63' lang='lat' dir='ltr'><strong>Hi-lcpolis</strong></span> <span class='ocrx_word' id='word_1_180' title='bbox 1862 2491 2083 2544; x_wconf 89' lang='lat' dir='ltr'><strong>dicitur.</strong></span> 
     </span>
    </p>
   </div>
   <div class='ocr_carea' id='block_1_29' title="bbox 523 2581 2086 2652">
    <p class='ocr_par' dir='ltr' id='par_1_29' title="bbox 523 2581 2086 2652">
     <span class='ocr_line' id='line_1_29' title="bbox 523 2581 2086 2652; baseline 0.001 -16"><span class='ocrx_word' id='word_1_181' title='bbox 523 2581 862 2636; x_wconf 77' lang='lat' dir='ltr'><strong>Rustieiores</strong></span> <span class='ocrx_word' id='word_1_182' title='bbox 895 2581 1256 2651; x_wconf 84' lang='lat' dir='ltr'><strong>Eleinopolim</strong></span> <span class='ocrx_word' id='word_1_183' title='bbox 1292 2592 1507 2649; x_wconf 87' lang='lat' dir='ltr'><strong>vocant,</strong></span> <span class='ocrx_word' id='word_1_184' title='bbox 1542 2583 1698 2652; x_wconf 69' lang='lat' dir='ltr'><strong>quasi</strong></span> <span class='ocrx_word' id='word_1_185' title='bbox 1739 2582 1891 2637; x_wconf 87' lang='lat' dir='ltr'><strong>dicas</strong></span> <span class='ocrx_word' id='word_1_186' title='bbox 1926 2582 2086 2652; x_wconf 89' lang='lat' dir='ltr'><strong>oppi-</strong></span> 
     </span>
    </p>
   </div>
   <div class='ocr_carea' id='block_1_30' title="bbox 520 2670 2088 2741">
    <p class='ocr_par' dir='ltr' id='par_1_30' title="bbox 520 2670 2088 2741">
     <span class='ocr_line' id='line_1_30' title="bbox 520 2670 2088 2741; baseline 0.001 -16"><span class='ocrx_word' id='word_1_187' title='bbox 520 2670 653 2726; x_wconf 91' lang='lat' dir='ltr'><strong>dum</strong></span> <span class='ocrx_word' id='word_1_188' title='bbox 688 2671 1021 2727; x_wconf 81' lang='lat' dir='ltr'><strong>miserabile.</strong></span> <span class='ocrx_word' id='word_1_189' title='bbox 1059 2671 1171 2725; x_wconf 83' lang='lat' dir='ltr'><strong>Hoc</strong></span> <span class='ocrx_word' id='word_1_190' title='bbox 1224 2687 1442 2741; x_wconf 90' lang='lat' dir='ltr'><strong>quoque</strong></span> <span class='ocrx_word' id='word_1_191' title='bbox 1489 2687 1586 2741; x_wconf 93' lang='lat' dir='ltr'><strong>pro</strong></span> <span class='ocrx_word' id='word_1_192' title='bbox 1620 2672 1803 2725; x_wconf 88' lang='lat' dir='ltr'><strong>omine</strong></span> <span class='ocrx_word' id='word_1_193' title='bbox 1849 2673 2088 2726; x_wconf 77' lang='lat' dir='ltr'><strong>infausto</strong></span> 
     </span>
    </p>
   </div>
   <div class='ocr_carea' id='block_1_31' title="bbox 521 2763 2083 2834">
    <p class='ocr_par' dir='ltr' id='par_1_31' title="bbox 521 2763 2083 2834">
     <span class='ocr_line' id='line_1_31' title="bbox 521 2763 2083 2834; baseline -0.001 -17"><span class='ocrx_word' id='word_1_194' title='bbox 521 2763 792 2818; x_wconf 79' lang='lat' dir='ltr'><strong>habitum.</strong></span> <span class='ocrx_word' id='word_1_195' title='bbox 845 2764 1049 2819; x_wconf 66' lang='lat' dir='ltr'><strong>Praeter</strong></span> <span class='ocrx_word' id='word_1_196' title='bbox 1095 2765 1207 2819; x_wconf 68' lang='lat' dir='ltr'><strong>haec</strong></span> <span class='ocrx_word' id='word_1_197' title='bbox 1266 2765 1411 2819; x_wconf 85' lang='lat' dir='ltr'><strong>aliud</strong></span> <span class='ocrx_word' id='word_1_198' title='bbox 1460 2764 1721 2834; x_wconf 89' lang='lat' dir='ltr'><strong>quiddam</strong></span> <span class='ocrx_word' id='word_1_199' title='bbox 1773 2763 2083 2834; x_wconf 72' lang='lat' dir='ltr'><strong>huiusmodi</strong></span> 
     </span>
    </p>
   </div>
   <div class='ocr_carea' id='block_1_32' title="bbox 519 2854 2087 2925">
    <p class='ocr_par' dir='ltr' id='par_1_32' title="bbox 519 2854 2087 2925">
     <span class='ocr_line' id='line_1_32' title="bbox 519 2854 2087 2925; baseline -0.001 -16"><span class='ocrx_word' id='word_1_200' title='bbox 519 2854 741 2911; x_wconf 87' lang='lat' dir='ltr'><strong>accidit.</strong></span> <span class='ocrx_word' id='word_1_201' title='bbox 784 2855 1017 2924; x_wconf 81' lang='lat' dir='ltr'><strong>Lignum</strong></span> <span class='ocrx_word' id='word_1_202' title='bbox 1066 2855 1200 2909; x_wconf 90' lang='lat' dir='ltr'><strong>illud</strong></span> <span class='ocrx_word' id='word_1_203' title='bbox 1240 2856 1382 2925; x_wconf 91' lang='lat' dir='ltr'><strong>quod</strong></span> <span class='ocrx_word' id='word_1_204' title='bbox 1436 2854 1784 2923; x_wconf 81' lang='lat' dir='ltr'><strong>imperatoris</strong></span> <span class='ocrx_word' id='word_1_205' title='bbox 1832 2856 2087 2909; x_wconf 85' lang='lat' dir='ltr'><strong>taberna-</strong></span> 
     </span>
    </p>
   </div>
   <div class='ocr_carea' id='block_1_33' title="bbox 520 2945 2087 3014">
    <p class='ocr_par' dir='ltr' id='par_1_33' title="bbox 520 2945 2087 3014">
     <span class='ocr_line' id='line_1_33' title="bbox 520 2945 2087 3014; baseline 0 -14"><span class='ocrx_word' id='word_1_206' title='bbox 520 2946 710 3000; x_wconf 88' lang='lat' dir='ltr'><strong>culum</strong></span> <span class='ocrx_word' id='word_1_207' title='bbox 742 2946 1066 3008; x_wconf 78' lang='lat' dir='ltr'><strong>Sustinebat.</strong></span> <span class='ocrx_word' id='word_1_208' title='bbox 1091 2947 1325 3000; x_wconf 84' lang='lat' dir='ltr'><strong>fraetum</strong></span> <span class='ocrx_word' id='word_1_209' title='bbox 1357 2945 1541 3000; x_wconf 75' lang='lat' dir='ltr'><strong>effecit</strong></span> <span class='ocrx_word' id='word_1_210' title='bbox 1576 2953 1636 2997; x_wconf 92' lang='lat' dir='ltr'><strong>ut</strong></span> <span class='ocrx_word' id='word_1_211' title='bbox 1665 2946 1842 3010; x_wconf 80' lang='lat' dir='ltr'><strong>ipsum</strong></span> <span class='ocrx_word' id='word_1_212' title='bbox 1868 2961 2087 3014; x_wconf 88' lang='lat' dir='ltr'><strong>quoque</strong></span> 
     </span>
    </p>
   </div>
   <div class='ocr_carea' id='block_1_34' title="bbox 2202 477 3763 551">
    <p class='ocr_par' dir='ltr' id='par_1_34' title="bbox 2202 477 3763 551">
     <span class='ocr_line' id='line_1_34' title="bbox 2202 477 3763 551; baseline -0.002 -19"><span class='ocrx_word' id='word_1_213' title='bbox 2202 479 2452 532; x_wconf 80' lang='grc' dir='ltr'><strong>ἐντεῦθεν</strong></span> <span class='ocrx_word' id='word_1_214' title='bbox 2511 480 2841 551; x_wconf 78' lang='grc' dir='ltr'><strong>ἀτυχήματα</strong></span> <span class='ocrx_word' id='word_1_215' title='bbox 2904 481 3017 540; x_wconf 81' lang='grc' dir='ltr'><strong>τοῖς</strong></span> <span class='ocrx_word' id='word_1_216' title='bbox 3078 477 3367 545; x_wconf 83' lang='grc' dir='ltr'><strong>Ῥωμαίοις</strong></span> <span class='ocrx_word' id='word_1_217' title='bbox 3435 478 3763 547; x_wconf 77' lang='grc' dir='ltr'><strong>συμϐαίνει·</strong></span> 
     </span>
    </p>
   </div>
   <div class='ocr_carea' id='block_1_35' title="bbox 2201 568 3767 641">
    <p class='ocr_par' dir='ltr' id='par_1_35' title="bbox 2201 568 3767 641">
     <span class='ocr_line' id='line_1_35' title="bbox 2201 568 3767 641; baseline -0.003 -15"><span class='ocrx_word' id='word_1_218' title='bbox 2201 573 2441 641; x_wconf 80' lang='grc' dir='ltr'><strong>πολέμου</strong></span> <span class='ocrx_word' id='word_1_219' title='bbox 2474 572 2580 641; x_wconf 77' lang='grc' dir='ltr'><strong>γάρ</strong></span> <span class='ocrx_word' id='word_1_220' title='bbox 2609 588 2715 624; x_wconf 78' lang='grc' dir='ltr'><strong>που</strong></span> <span class='ocrx_word' id='word_1_221' title='bbox 2771 570 3231 641; x_wconf 76' lang='grc' dir='ltr'><strong>συγκροτηοέντος</strong></span> <span class='ocrx_word' id='word_1_222' title='bbox 3262 569 3358 621; x_wconf 69' lang='grc' dir='ltr'><strong>καὶ</strong></span> <span class='ocrx_word' id='word_1_223' title='bbox 3382 568 3541 629; x_wconf 81' lang='grc' dir='ltr'><strong>αὐτὸς</strong></span> <span class='ocrx_word' id='word_1_224' title='bbox 3572 570 3601 620; x_wconf 87' lang='lat'><strong>6</strong></span> <span class='ocrx_word' id='word_1_225' title='bbox 3645 570 3767 622; x_wconf 80' lang='grc' dir='ltr'><strong>Μα-</strong></span> 
     </span>
    </p>
   </div>
   <div class='ocr_carea' id='block_1_36' title="bbox 2200 660 3767 734">
    <p class='ocr_par' dir='ltr' id='par_1_36' title="bbox 2200 660 3767 734">
     <span class='ocr_line' id='line_1_36' title="bbox 2200 660 3767 734; baseline -0.003 -17"><span class='ocrx_word' id='word_1_226' title='bbox 2200 665 2362 732; x_wconf 79' lang='grc' dir='ltr'><strong>νουὴλ</strong></span> <span class='ocrx_word' id='word_1_227' title='bbox 2408 666 2689 734; x_wconf 85' lang='grc' dir='ltr'><strong>κρατεῖται</strong></span> <span class='ocrx_word' id='word_1_228' title='bbox 2731 664 2827 717; x_wconf 76' lang='grc' dir='ltr'><strong>καὶ</strong></span> <span class='ocrx_word' id='word_1_229' title='bbox 2873 661 2966 716; x_wconf 76' lang='grc' dir='ltr'><strong>τοῦ</strong></span> <span class='ocrx_word' id='word_1_230' title='bbox 3000 661 3231 732; x_wconf 81' lang='grc' dir='ltr'><strong>στρατοῦ</strong></span> <span class='ocrx_word' id='word_1_231' title='bbox 3289 660 3485 722; x_wconf 72' lang='grc' dir='ltr'><strong>παντὸς</strong></span> <span class='ocrx_word' id='word_1_232' title='bbox 3521 660 3767 713; x_wconf 75' lang='grc' dir='ltr'><strong>ἀπώλεια</strong></span> 
     </span>
    </p>
   </div>
   <div class='ocr_carea' id='block_1_37' title="bbox 2201 750 3770 827">
    <p class='ocr_par' dir='ltr' id='par_1_37' title="bbox 2201 750 3770 827">
     <span class='ocr_line' id='line_1_37' title="bbox 2201 750 3770 827; baseline -0.004 -18"><span class='ocrx_word' id='word_1_233' title='bbox 2201 758 2430 827; x_wconf 71' lang='grc' dir='ltr'><strong>γίνεται,</strong></span> <span class='ocrx_word' id='word_1_234' title='bbox 2462 758 2508 809; x_wconf 86' lang='grc' dir='ltr'><strong>εί</strong></span> <span class='ocrx_word' id='word_1_235' title='bbox 2551 756 2649 809; x_wconf 82' lang='grc' dir='ltr'><strong>καὶ</strong></span> <span class='ocrx_word' id='word_1_236' title='bbox 2680 757 2708 809; x_wconf 88' lang='lat'><strong>6</strong></span> <span class='ocrx_word' id='word_1_237' title='bbox 2738 752 3029 823; x_wconf 84' lang='grc' dir='ltr'><strong>κατασχὼν</strong></span> <span class='ocrx_word' id='word_1_238' title='bbox 3068 753 3233 806; x_wconf 79' lang='grc' dir='ltr'><strong>αὑτὸν</strong></span> <span class='ocrx_word' id='word_1_239' title='bbox 3278 752 3519 820; x_wconf 76' lang='grc' dir='ltr'><strong>Τοῦρκος</strong></span> <span class='ocrx_word' id='word_1_240' title='bbox 3553 752 3640 803; x_wconf 69' lang='grc' dir='ltr'><strong>διὰ</strong></span> <span class='ocrx_word' id='word_1_241' title='bbox 3675 750 3770 817; x_wconf 56' lang='lat' dir='ltr'><strong>e6—</strong></span> 
     </span>
    </p>
   </div>
   <div class='ocr_carea' id='block_1_38' title="bbox 2201 843 3767 915">
    <p class='ocr_par' dir='ltr' id='par_1_38' title="bbox 2201 843 3767 915">
     <span class='ocr_line' id='line_1_38' title="bbox 2201 843 3767 915; baseline -0.004 -16"><span class='ocrx_word' id='word_1_242' title='bbox 2201 849 2295 899; x_wconf 77' lang='grc' dir='ltr'><strong>δον</strong></span> <span class='ocrx_word' id='word_1_243' title='bbox 2322 847 2445 899; x_wconf 66' lang='grc' dir='ltr'><strong>τινὰ</strong></span> <span class='ocrx_word' id='word_1_244' title='bbox 2486 847 2578 900; x_wconf 82' lang='grc' dir='ltr'><strong>καὶ</strong></span> <span class='ocrx_word' id='word_1_245' title='bbox 2610 846 2963 915; x_wconf 75' lang='grc' dir='ltr'><strong>ἀποστροφὴν</strong></span> <span class='ocrx_word' id='word_1_246' title='bbox 3011 844 3105 899; x_wconf 78' lang='grc' dir='ltr'><strong>τοῦ</strong></span> <span class='ocrx_word' id='word_1_247' title='bbox 3143 843 3435 899; x_wconf 83' lang='grc' dir='ltr'><strong>σουλτάνου</strong></span> <span class='ocrx_word' id='word_1_248' title='bbox 3466 843 3767 910; x_wconf 74' lang='grc' dir='ltr'><strong>αὐτόμολος</strong></span> 
     </span>
    </p>
   </div>
   <div class='ocr_carea' id='block_1_39' title="bbox 2204 934 3765 1006">
    <p class='ocr_par' dir='ltr' id='par_1_39' title="bbox 2204 934 3765 1006">
     <span class='ocr_line' id='line_1_39' title="bbox 2204 934 3765 1006; baseline -0.003 -16"><span class='ocrx_word' id='word_1_249' title='bbox 2204 939 2340 1005; x_wconf 75' lang='grc' dir='ltr'><strong>μετὰ</strong></span> <span class='ocrx_word' id='word_1_250' title='bbox 2378 938 2764 1006; x_wconf 58' lang='grc' dir='ltr'><strong>καὶίΜανουὴλ</strong></span> <span class='ocrx_word' id='word_1_251' title='bbox 2814 936 3091 1006; x_wconf 78' lang='grc' dir='ltr'><strong>προσῆλθε</strong></span> <span class='ocrx_word' id='word_1_252' title='bbox 3135 934 3213 1003; x_wconf 85' lang='grc' dir='ltr'><strong>τῷ</strong></span> <span class='ocrx_word' id='word_1_253' title='bbox 3245 934 3476 1003; x_wconf 76' lang='grc' dir='ltr'><strong>βασιλεῖ.</strong></span> <span class='ocrx_word' id='word_1_254' title='bbox 3505 937 3605 988; x_wconf 76' lang='grc' dir='ltr'><strong>Διὰ</strong></span> <span class='ocrx_word' id='word_1_255' title='bbox 3634 935 3765 1002; x_wconf 75' lang='grc' dir='ltr'><strong>γοῦν</strong></span> 
     </span>
    </p>
   </div>
   <div class='ocr_carea' id='block_1_40' title="bbox 2200 1022 3807 1100">
    <p class='ocr_par' dir='ltr' id='par_1_40' title="bbox 2200 1022 3807 1100">
     <span class='ocr_line' id='line_1_40' title="bbox 2200 1022 3807 1100; baseline -0.002 -18"><span class='ocrx_word' id='word_1_256' title='bbox 2200 1030 2374 1085; x_wconf 84' lang='grc' dir='ltr'><strong>ταῦτα</strong></span> <span class='ocrx_word' id='word_1_257' title='bbox 2402 1032 2578 1085; x_wconf 70' lang='grc' dir='ltr'><strong>πάντα</strong></span> <span class='ocrx_word' id='word_1_258' title='bbox 2610 1029 2749 1100; x_wconf 78' lang='grc' dir='ltr'><strong>πρὸς</strong></span> <span class='ocrx_word' id='word_1_259' title='bbox 2780 1028 3144 1099; x_wconf 72' lang='grc' dir='ltr'><strong>ἐκστρατείαν</strong></span> <span class='ocrx_word' id='word_1_260' title='bbox 3172 1029 3201 1080; x_wconf 93' lang='lat'><strong>6</strong></span> <span class='ocrx_word' id='word_1_261' title='bbox 3236 1026 3491 1096; x_wconf 71' lang='grc' dir='ltr'><strong>βασιλεὺς</strong></span> <span class='ocrx_word' id='word_1_262' title='bbox 3534 1027 3628 1078; x_wconf 56' lang='grc' dir='ltr'><strong>καὶ⁵</strong></span> <span class='ocrx_word' id='word_1_263' title='bbox 3664 1022 3764 1079; x_wconf 69' lang='grc' dir='ltr'><strong>αὖ-</strong></span> <span class='ocrx_word' id='word_1_264' title='bbox 3804 1048 3807 1049; x_wconf 48' lang='grc' dir='ltr'><strong>ν</strong></span> 
     </span>
    </p>
   </div>
   <div class='ocr_carea' id='block_1_41' title="bbox 2202 1115 3764 1192">
    <p class='ocr_par' dir='ltr' id='par_1_41' title="bbox 2202 1115 3764 1192">
     <span class='ocr_line' id='line_1_41' title="bbox 2202 1115 3764 1192; baseline -0.005 -17"><span class='ocrx_word' id='word_1_265' title='bbox 2202 1124 2285 1179; x_wconf 66' lang='lat' dir='ltr'><strong>Oti</strong></span> <span class='ocrx_word' id='word_1_266' title='bbox 2312 1126 2500 1192; x_wconf 86' lang='grc' dir='ltr'><strong>χωρεῖ.</strong></span> <span class='ocrx_word' id='word_1_267' title='bbox 2539 1121 2928 1189; x_wconf 77' lang='grc' dir='ltr'><strong>Διεπεραιοῦτο</strong></span> <span class='ocrx_word' id='word_1_268' title='bbox 2961 1119 3146 1174; x_wconf 81' lang='grc' dir='ltr'><strong>λοιπὸν</strong></span> <span class='ocrx_word' id='word_1_269' title='bbox 3178 1121 3257 1182; x_wconf 81' lang='grc' dir='ltr'><strong>εἰς</strong></span> <span class='ocrx_word' id='word_1_270' title='bbox 3297 1117 3365 1171; x_wconf 78' lang='grc' dir='ltr'><strong>τὰ</strong></span> <span class='ocrx_word' id='word_1_271' title='bbox 3397 1115 3506 1171; x_wconf 82' lang='grc' dir='ltr'><strong>τῶν</strong></span> <span class='ocrx_word' id='word_1_272' title='bbox 3548 1118 3764 1185; x_wconf 77' lang='grc' dir='ltr'><strong>ἱερείων</strong></span> 
     </span>
    </p>
   </div>
   <div class='ocr_carea' id='block_1_42' title="bbox 2201 1208 3768 1281">
    <p class='ocr_par' dir='ltr' id='par_1_42' title="bbox 2201 1208 3768 1281">
     <span class='ocr_line' id='line_1_42' title="bbox 2201 1208 3768 1281; baseline -0.005 -15"><span class='ocrx_word' id='word_1_273' title='bbox 2201 1214 2459 1266; x_wconf 77' lang='grc' dir='ltr'><strong>παλάτια.</strong></span> <span class='ocrx_word' id='word_1_274' title='bbox 2510 1213 2618 1266; x_wconf 63' lang='grc' dir='ltr'><strong>Καὶ⁵</strong></span> <span class='ocrx_word' id='word_1_275' title='bbox 2673 1212 2975 1281; x_wconf 84' lang='grc' dir='ltr'><strong>τηνικαῦτα</strong></span> <span class='ocrx_word' id='word_1_276' title='bbox 3024 1210 3330 1281; x_wconf 80' lang='grc' dir='ltr'><strong>περιστερά</strong></span> <span class='ocrx_word' id='word_1_277' title='bbox 3362 1208 3526 1263; x_wconf 81' lang='grc' dir='ltr'><strong>ποθεν</strong></span> <span class='ocrx_word' id='word_1_278' title='bbox 3560 1209 3768 1273; x_wconf 51' lang='grc' dir='ltr'><strong>ἀνατα-</strong></span> 
     </span>
    </p>
   </div>
   <div class='ocr_carea' id='block_1_43' title="bbox 2198 1301 3766 1374">
    <p class='ocr_par' dir='ltr' id='par_1_43' title="bbox 2198 1301 3766 1374">
     <span class='ocr_line' id='line_1_43' title="bbox 2198 1301 3766 1374; baseline -0.003 -17"><span class='ocrx_word' id='word_1_279' title='bbox 2198 1308 2350 1360; x_wconf 87' lang='grc' dir='ltr'><strong>νεῖσα</strong></span> <span class='ocrx_word' id='word_1_280' title='bbox 2379 1306 2439 1358; x_wconf 81' lang='grc' dir='ltr'><strong>ού</strong></span> <span class='ocrx_word' id='word_1_281' title='bbox 2475 1307 2649 1374; x_wconf 82' lang='grc' dir='ltr'><strong>πάντη</strong></span> <span class='ocrx_word' id='word_1_282' title='bbox 2680 1305 2866 1374; x_wconf 84' lang='grc' dir='ltr'><strong>λευκὴ,</strong></span> <span class='ocrx_word' id='word_1_283' title='bbox 2892 1305 2951 1357; x_wconf 82' lang='grc' dir='ltr'><strong>τὸ</strong></span> <span class='ocrx_word' id='word_1_284' title='bbox 2990 1306 3171 1358; x_wconf 81' lang='grc' dir='ltr'><strong>πλεῖον</strong></span> <span class='ocrx_word' id='word_1_285' title='bbox 3201 1304 3258 1357; x_wconf 85' lang='grc' dir='ltr'><strong>δὲ</strong></span> <span class='ocrx_word' id='word_1_286' title='bbox 3290 1303 3640 1373; x_wconf 70' lang='grc' dir='ltr'><strong>μελάντερος,</strong></span> <span class='ocrx_word' id='word_1_287' title='bbox 3669 1301 3766 1352; x_wconf 72' lang='grc' dir='ltr'><strong>καὶ</strong></span> 
     </span>
    </p>
   </div>
   <div class='ocr_carea' id='block_1_44' title="bbox 2198 1391 3759 1468">
    <p class='ocr_par' dir='ltr' id='par_1_44' title="bbox 2198 1391 3759 1468">
     <span class='ocr_line' id='line_1_44' title="bbox 2198 1391 3759 1468; baseline -0.004 -18"><span class='ocrx_word' id='word_1_288' title='bbox 2198 1402 2263 1467; x_wconf 79' lang='grc' dir='ltr'><strong>τῇ</strong></span> <span class='ocrx_word' id='word_1_289' title='bbox 2296 1399 2509 1468; x_wconf 78' lang='grc' dir='ltr'><strong>τριήρει</strong></span> <span class='ocrx_word' id='word_1_290' title='bbox 2539 1398 2631 1450; x_wconf 72' lang='grc' dir='ltr'><strong>τοῦ</strong></span> <span class='ocrx_word' id='word_1_291' title='bbox 2673 1398 2940 1468; x_wconf 80' lang='grc' dir='ltr'><strong>βασιλέως</strong></span> <span class='ocrx_word' id='word_1_292' title='bbox 2990 1394 3402 1465; x_wconf 82' lang='grc' dir='ltr'><strong>πέριπταμένη,</strong></span> <span class='ocrx_word' id='word_1_293' title='bbox 3435 1396 3555 1456; x_wconf 86' lang='grc' dir='ltr'><strong>ταῖς</strong></span> <span class='ocrx_word' id='word_1_294' title='bbox 3593 1391 3759 1446; x_wconf 75' lang='grc' dir='ltr'><strong>αὑτοῦ</strong></span> 
     </span>
    </p>
   </div>
   <div class='ocr_carea' id='block_1_45' title="bbox 2197 1482 3764 1558">
    <p class='ocr_par' dir='ltr' id='par_1_45' title="bbox 2197 1482 3764 1558">
     <span class='ocr_line' id='line_1_45' title="bbox 2197 1482 3764 1558; baseline -0.004 -17"><span class='ocrx_word' id='word_1_295' title='bbox 2197 1490 2357 1558; x_wconf 74' lang='grc' dir='ltr'><strong>χερσὶ</strong></span> <span class='ocrx_word' id='word_1_296' title='bbox 2401 1490 2743 1558; x_wconf 79' lang='grc' dir='ltr'><strong>περιπίπτει.</strong></span> <span class='ocrx_word' id='word_1_297' title='bbox 2790 1488 3026 1550; x_wconf 81' lang='grc' dir='ltr'><strong>Ἐκεῖνος</strong></span> <span class='ocrx_word' id='word_1_298' title='bbox 3078 1486 3135 1539; x_wconf 77' lang='grc' dir='ltr'><strong>δὲ</strong></span> <span class='ocrx_word' id='word_1_299' title='bbox 3188 1485 3325 1555; x_wconf 79' lang='grc' dir='ltr'><strong>πρὸς</strong></span> <span class='ocrx_word' id='word_1_300' title='bbox 3372 1484 3471 1553; x_wconf 77' lang='grc' dir='ltr'><strong>τὴν</strong></span> <span class='ocrx_word' id='word_1_301' title='bbox 3517 1482 3764 1553; x_wconf 74' lang='grc' dir='ltr'><strong>βασιλίδα</strong></span> 
     </span>
    </p>
   </div>
   <div class='ocr_carea' id='block_1_46' title="bbox 2199 1576 3762 1651">
    <p class='ocr_par' dir='ltr' id='par_1_46' title="bbox 2199 1576 3762 1651">
     <span class='ocr_line' id='line_1_46' title="bbox 2199 1576 3762 1651; baseline -0.004 -18"><span class='ocrx_word' id='word_1_302' title='bbox 2199 1584 2472 1650; x_wconf 77' lang='grc' dir='ltr'><strong>ἐκπέμπει</strong></span> <span class='ocrx_word' id='word_1_303' title='bbox 2513 1582 2705 1650; x_wconf 78' lang='grc' dir='ltr'><strong>αὐτήν.</strong></span> <span class='ocrx_word' id='word_1_304' title='bbox 2735 1581 2807 1633; x_wconf 84' lang='grc' dir='ltr'><strong>Οὐ</strong></span> <span class='ocrx_word' id='word_1_305' title='bbox 2854 1581 3096 1651; x_wconf 81' lang='grc' dir='ltr'><strong>χρηστῆς</strong></span> <span class='ocrx_word' id='word_1_306' title='bbox 3138 1579 3195 1632; x_wconf 83' lang='grc' dir='ltr'><strong>δὲ</strong></span> <span class='ocrx_word' id='word_1_307' title='bbox 3231 1577 3550 1640; x_wconf 68' lang='grc' dir='ltr'><strong>ἀποϐάσεως</strong></span> <span class='ocrx_word' id='word_1_308' title='bbox 3584 1576 3762 1640; x_wconf 77' lang='grc' dir='ltr'><strong>ἔδοξεν</strong></span> 
     </span>
    </p>
   </div>
   <div class='ocr_carea' id='block_1_47' title="bbox 2197 1668 3761 1742">
    <p class='ocr_par' dir='ltr' id='par_1_47' title="bbox 2197 1668 3761 1742">
     <span class='ocr_line' id='line_1_47' title="bbox 2197 1668 3761 1742; baseline -0.003 -17"><span class='ocrx_word' id='word_1_309' title='bbox 2197 1672 2357 1742; x_wconf 75' lang='grc' dir='ltr'><strong>αὕτη.</strong></span> <span class='ocrx_word' id='word_1_310' title='bbox 2411 1672 2662 1741; x_wconf 79' lang='grc' dir='ltr'><strong>’Δπαίρει</strong></span> <span class='ocrx_word' id='word_1_311' title='bbox 2710 1672 2756 1724; x_wconf 81' lang='grc' dir='ltr'><strong>δ’</strong></span> <span class='ocrx_word' id='word_1_312' title='bbox 2802 1671 3013 1725; x_wconf 78' lang='grc' dir='ltr'><strong>ἐκεῖθεν</strong></span> <span class='ocrx_word' id='word_1_313' title='bbox 3063 1673 3089 1723; x_wconf 98' lang='lat'><strong>6</strong></span> <span class='ocrx_word' id='word_1_314' title='bbox 3132 1668 3389 1740; x_wconf 84' lang='grc' dir='ltr'><strong>βασιλεὺς</strong></span> <span class='ocrx_word' id='word_1_315' title='bbox 3426 1670 3527 1721; x_wconf 86' lang='grc' dir='ltr'><strong>ούκ</strong></span> <span class='ocrx_word' id='word_1_316' title='bbox 3572 1669 3629 1721; x_wconf 78' lang='grc' dir='ltr'><strong>ἐν</strong></span> <span class='ocrx_word' id='word_1_317' title='bbox 3658 1686 3761 1721; x_wconf 88' lang='grc' dir='ltr'><strong>τινι</strong></span> 
     </span>
    </p>
   </div>
   <div class='ocr_carea' id='block_1_48' title="bbox 2191 1760 3762 1833">
    <p class='ocr_par' dir='ltr' id='par_1_48' title="bbox 2191 1760 3762 1833">
     <span class='ocr_line' id='line_1_48' title="bbox 2191 1760 3762 1833; baseline -0.004 -16"><span class='ocrx_word' id='word_1_318' title='bbox 2191 1764 2664 1833; x_wconf 69' lang='grc' dir='ltr'><strong>τόπῳρδιαφανεῖ,</strong></span> <span class='ocrx_word' id='word_1_319' title='bbox 2704 1762 2982 1816; x_wconf 82' lang='grc' dir='ltr'><strong>Ἐλεπόλει</strong></span> <span class='ocrx_word' id='word_1_320' title='bbox 3015 1761 3072 1814; x_wconf 85' lang='grc' dir='ltr'><strong><em>δέ</em></strong></span> <span class='ocrx_word' id='word_1_321' title='bbox 3119 1778 3248 1826; x_wconf 87' lang='grc' dir='ltr'><strong>τινι,</strong></span> <span class='ocrx_word' id='word_1_322' title='bbox 3288 1760 3356 1830; x_wconf 85' lang='grc' dir='ltr'><strong>ἢν</strong></span> <span class='ocrx_word' id='word_1_323' title='bbox 3390 1760 3450 1813; x_wconf 82' lang='grc' dir='ltr'><strong>οἱ</strong></span> <span class='ocrx_word' id='word_1_324' title='bbox 3504 1760 3762 1828; x_wconf 61' lang='grc' dir='ltr'><strong>ἀγροικό-</strong></span> 
     </span>
    </p>
   </div>
   <div class='ocr_carea' id='block_1_49' title="bbox 2190 1851 3758 1923">
    <p class='ocr_par' dir='ltr' id='par_1_49' title="bbox 2190 1851 3758 1923">
     <span class='ocr_line' id='line_1_49' title="bbox 2190 1851 3758 1923; baseline -0.003 -16"><span class='ocrx_word' id='word_1_325' title='bbox 2190 1871 2340 1923; x_wconf 86' lang='grc' dir='ltr'><strong>τεροι</strong></span> <span class='ocrx_word' id='word_1_326' title='bbox 2403 1853 2677 1907; x_wconf 75' lang='grc' dir='ltr'><strong>Ἐλεεινοῦ</strong></span> <span class='ocrx_word' id='word_1_327' title='bbox 2728 1853 2882 1907; x_wconf 84' lang='grc' dir='ltr'><strong>πόλιν</strong></span> <span class='ocrx_word' id='word_1_328' title='bbox 2950 1851 3229 1907; x_wconf 79' lang='grc' dir='ltr'><strong>καλοῦσιν.</strong></span> <span class='ocrx_word' id='word_1_329' title='bbox 3288 1851 3490 1914; x_wconf 65' lang='grc' dir='ltr'><strong>Οἰωνὸς</strong></span> <span class='ocrx_word' id='word_1_330' title='bbox 3541 1852 3598 1904; x_wconf 81' lang='grc' dir='ltr'><strong>δὲ</strong></span> <span class='ocrx_word' id='word_1_331' title='bbox 3663 1851 3758 1904; x_wconf 59' lang='grc' dir='ltr'><strong>καὶ⁵</strong></span> 
     </span>
    </p>
   </div>
   <div class='ocr_carea' id='block_1_50' title="bbox 2189 1941 3760 2012">
    <p class='ocr_par' dir='ltr' id='par_1_50' title="bbox 2189 1941 3760 2012">
     <span class='ocr_line' id='line_1_50' title="bbox 2189 1941 3760 2012; baseline -0.001 -15"><span class='ocrx_word' id='word_1_332' title='bbox 2189 1945 2345 1997; x_wconf 76' lang='grc' dir='ltr'><strong>τοῦτο</strong></span> <span class='ocrx_word' id='word_1_333' title='bbox 2376 1945 2655 2005; x_wconf 82' lang='grc' dir='ltr'><strong>ἀπαίσιος.</strong></span> <span class='ocrx_word' id='word_1_334' title='bbox 2686 1944 2827 2012; x_wconf 84' lang='grc' dir='ltr'><strong>Πρὸς</strong></span> <span class='ocrx_word' id='word_1_335' title='bbox 2859 1943 3067 2006; x_wconf 76' lang='grc' dir='ltr'><strong>τούτοις</strong></span> <span class='ocrx_word' id='word_1_336' title='bbox 3092 1945 3188 1997; x_wconf 81' lang='grc' dir='ltr'><strong>καὶ</strong></span> <span class='ocrx_word' id='word_1_337' title='bbox 3213 1943 3400 2011; x_wconf 76' lang='grc' dir='ltr'><strong>ἕτερόν</strong></span> <span class='ocrx_word' id='word_1_338' title='bbox 3431 1960 3482 1994; x_wconf 91' lang='grc' dir='ltr'><strong>τι</strong></span> <span class='ocrx_word' id='word_1_339' title='bbox 3517 1941 3760 1996; x_wconf 81' lang='grc' dir='ltr'><strong>τοιοῦτον</strong></span> 
     </span>
    </p>
   </div>
   <div class='ocr_carea' id='block_1_51' title="bbox 2194 2033 3758 2105">
    <p class='ocr_par' dir='ltr' id='par_1_51' title="bbox 2194 2033 3758 2105">
     <span class='ocr_line' id='line_1_51' title="bbox 2194 2033 3758 2105; baseline 0.001 -19"><span class='ocrx_word' id='word_1_340' title='bbox 2194 2034 2477 2103; x_wconf 81' lang='grc' dir='ltr'><strong>συμϐαίνει</strong></span> <span class='ocrx_word' id='word_1_341' title='bbox 2505 2050 2520 2065; x_wconf 82' lang='lat'><strong><em>°</em></strong></span> <span class='ocrx_word' id='word_1_342' title='bbox 2557 2034 2618 2088; x_wconf 77' lang='grc' dir='ltr'><strong>τὸ</strong></span> <span class='ocrx_word' id='word_1_343' title='bbox 2669 2036 2777 2103; x_wconf 84' lang='grc' dir='ltr'><strong>γὰρ</strong></span> <span class='ocrx_word' id='word_1_344' title='bbox 2822 2034 3019 2103; x_wconf 83' lang='grc' dir='ltr'><strong>ἐπέχον</strong></span> <span class='ocrx_word' id='word_1_345' title='bbox 3052 2034 3149 2105; x_wconf 74' lang='grc' dir='ltr'><strong>τὴν</strong></span> <span class='ocrx_word' id='word_1_346' title='bbox 3198 2033 3489 2103; x_wconf 72' lang='grc' dir='ltr'><strong>βασιλικήν</strong></span> <span class='ocrx_word' id='word_1_347' title='bbox 3547 2035 3758 2104; x_wconf 77' lang='grc' dir='ltr'><strong>σκηνήν</strong></span> 
     </span>
    </p>
   </div>
   <div class='ocr_carea' id='block_1_52' title="bbox 2192 2126 3753 2197">
    <p class='ocr_par' dir='ltr' id='par_1_52' title="bbox 2192 2126 3753 2197">
     <span class='ocr_line' id='line_1_52' title="bbox 2192 2126 3753 2197; baseline -0.003 -17"><span class='ocrx_word' id='word_1_348' title='bbox 2192 2128 2349 2192; x_wconf 76' lang='grc' dir='ltr'><strong>ξύλον</strong></span> <span class='ocrx_word' id='word_1_349' title='bbox 2419 2128 2686 2195; x_wconf 79' lang='grc' dir='ltr'><strong>κατεαγὲν</strong></span> <span class='ocrx_word' id='word_1_350' title='bbox 2747 2126 3079 2179; x_wconf 75' lang='grc' dir='ltr'><strong>καταπεσεῖν</strong></span> <span class='ocrx_word' id='word_1_351' title='bbox 3157 2126 3367 2197; x_wconf 79' lang='grc' dir='ltr'><strong>ταύτην</strong></span> <span class='ocrx_word' id='word_1_352' title='bbox 3434 2127 3753 2197; x_wconf 81' lang='grc' dir='ltr'><strong>πεποίηκεν.</strong></span> 
     </span>
    </p>
   </div>
   <div class='ocr_carea' id='block_1_53' title="bbox 2190 2217 3759 2290">
    <p class='ocr_par' dir='ltr' id='par_1_53' title="bbox 2190 2217 3759 2290">
     <span class='ocr_line' id='line_1_53' title="bbox 2190 2217 3759 2290; baseline -0.003 -15"><span class='ocrx_word' id='word_1_353' title='bbox 2190 2222 2371 2290; x_wconf 81' lang='grc' dir='ltr'><strong>Χωρεῖ</strong></span> <span class='ocrx_word' id='word_1_354' title='bbox 2413 2217 2721 2288; x_wconf 73' lang='grc' dir='ltr'><strong>περαιτέρω</strong></span> <span class='ocrx_word' id='word_1_355' title='bbox 2750 2219 2851 2286; x_wconf 84' lang='grc' dir='ltr'><strong>τῆς</strong></span> <span class='ocrx_word' id='word_1_356' title='bbox 2903 2218 2977 2270; x_wconf 69' lang='grc' dir='ltr'><strong>ἔξω</strong></span> <span class='ocrx_word' id='word_1_357' title='bbox 3007 2234 3020 2246; x_wconf 92' lang='grc'><strong>·</strong></span> <span class='ocrx_word' id='word_1_358' title='bbox 3062 2217 3156 2283; x_wconf 79' lang='grc' dir='ltr'><strong>καὶ</strong></span> <span class='ocrx_word' id='word_1_359' title='bbox 3203 2217 3599 2286; x_wconf 86' lang='grc' dir='ltr'><strong>δειλαινόμενος</strong></span> <span class='ocrx_word' id='word_1_360' title='bbox 3646 2222 3759 2281; x_wconf 84' lang='grc' dir='ltr'><strong>τοῖς</strong></span> 
     </span>
    </p>
   </div>
   <div class='ocr_carea' id='block_1_54' title="bbox 2190 2306 3757 2381">
    <p class='ocr_par' dir='ltr' id='par_1_54' title="bbox 2190 2306 3757 2381">
     <span class='ocr_line' id='line_1_54' title="bbox 2190 2306 3757 2381; baseline -0.004 -18"><span class='ocrx_word' id='word_1_361' title='bbox 2190 2311 2438 2381; x_wconf 80' lang='grc' dir='ltr'><strong>σημείοις</strong></span> <span class='ocrx_word' id='word_1_362' title='bbox 2497 2311 2556 2362; x_wconf 78' lang='grc' dir='ltr'><strong>ἐν</strong></span> <span class='ocrx_word' id='word_1_363' title='bbox 2606 2308 2961 2380; x_wconf 73' lang='grc' dir='ltr'><strong>ὑψηλοτέροις</strong></span> <span class='ocrx_word' id='word_1_364' title='bbox 3010 2306 3225 2377; x_wconf 80' lang='grc' dir='ltr'><strong>δώμασι</strong></span> <span class='ocrx_word' id='word_1_365' title='bbox 3289 2306 3389 2379; x_wconf 77' lang='grc' dir='ltr'><strong>τὴν</strong></span> <span class='ocrx_word' id='word_1_366' title='bbox 3449 2308 3757 2363; x_wconf 70' lang='grc' dir='ltr'><strong>ἀνάπαυσιν</strong></span> 
     </span>
    </p>
   </div>
   <div class='ocr_carea' id='block_1_55' title="bbox 2188 2400 3757 2470">
    <p class='ocr_par' dir='ltr' id='par_1_55' title="bbox 2188 2400 3757 2470">
     <span class='ocr_line' id='line_1_55' title="bbox 2188 2400 3757 2470; baseline -0.004 -13"><span class='ocrx_word' id='word_1_367' title='bbox 2188 2405 2439 2457; x_wconf 77' lang='grc' dir='ltr'><strong>ἐποιεῖτο.</strong></span> <span class='ocrx_word' id='word_1_368' title='bbox 2487 2400 2646 2455; x_wconf 75' lang='grc' dir='ltr'><strong>Ἀ).λᾶ</strong></span> <span class='ocrx_word' id='word_1_369' title='bbox 2676 2401 2839 2454; x_wconf 84' lang='grc' dir='ltr'><strong>κάκεῖ</strong></span> <span class='ocrx_word' id='word_1_370' title='bbox 2880 2400 2947 2452; x_wconf 79' lang='grc' dir='ltr'><strong>τὰ</strong></span> <span class='ocrx_word' id='word_1_371' title='bbox 2983 2402 3183 2468; x_wconf 83' lang='grc' dir='ltr'><strong>σημεῖα</strong></span> <span class='ocrx_word' id='word_1_372' title='bbox 3233 2401 3585 2470; x_wconf 79' lang='grc' dir='ltr'><strong>συντρέχουσι</strong></span> <span class='ocrx_word' id='word_1_373' title='bbox 3609 2417 3625 2431; x_wconf 76' lang='grc' dir='ltr'>σ</span> <span class='ocrx_word' id='word_1_374' title='bbox 3656 2403 3757 2452; x_wconf 86' lang='grc' dir='ltr'><strong>δω-</strong></span> 
     </span>
    </p>
   </div>
   <div class='ocr_carea' id='block_1_56' title="bbox 2190 2483 3756 2562">
    <p class='ocr_par' dir='ltr' id='par_1_56' title="bbox 2190 2483 3756 2562">
     <span class='ocr_line' id='line_1_56' title="bbox 2190 2483 3756 2562; baseline -0.001 -17"><span class='ocrx_word' id='word_1_375' title='bbox 2190 2495 2380 2562; x_wconf 82' lang='grc' dir='ltr'><strong>μάτιον</strong></span> <span class='ocrx_word' id='word_1_376' title='bbox 2411 2491 2515 2561; x_wconf 84' lang='grc' dir='ltr'><strong>γάρ</strong></span> <span class='ocrx_word' id='word_1_377' title='bbox 2544 2508 2615 2554; x_wconf 90' lang='grc' dir='ltr'><strong>τι,</strong></span> <span class='ocrx_word' id='word_1_378' title='bbox 2652 2492 2706 2543; x_wconf 78' lang='grc' dir='ltr'><strong>ἐν</strong></span> <span class='ocrx_word' id='word_1_379' title='bbox 2734 2483 2778 2558; x_wconf 79' lang='grc' dir='ltr'>ᾧ</span> <span class='ocrx_word' id='word_1_380' title='bbox 2806 2488 3132 2551; x_wconf 81' lang='grc' dir='ltr'><strong>ἀνεπαύετο,</strong></span> <span class='ocrx_word' id='word_1_381' title='bbox 3164 2489 3274 2557; x_wconf 74' lang='grc' dir='ltr'><strong>πῦρ</strong></span> <span class='ocrx_word' id='word_1_382' title='bbox 3317 2489 3467 2541; x_wconf 77' lang='grc' dir='ltr'><strong>ἔνθεν</strong></span> <span class='ocrx_word' id='word_1_383' title='bbox 3504 2490 3756 2544; x_wconf 70' lang='grc' dir='ltr'><strong>κάκεῖθεν</strong></span> 
     </span>
    </p>
   </div>
   <div class='ocr_carea' id='block_1_57' title="bbox 2188 2578 3753 2653">
    <p class='ocr_par' dir='ltr' id='par_1_57' title="bbox 2188 2578 3753 2653">
     <span class='ocr_line' id='line_1_57' title="bbox 2188 2578 3753 2653; baseline -0.001 -17"><span class='ocrx_word' id='word_1_384' title='bbox 2188 2582 2528 2653; x_wconf 76' lang='grc' dir='ltr'><strong>περιέλαϐεν,</strong></span> <span class='ocrx_word' id='word_1_385' title='bbox 2564 2582 2786 2644; x_wconf 50' lang='grc' dir='ltr'><strong>νῖππους</strong></span> <span class='ocrx_word' id='word_1_386' title='bbox 2832 2597 2891 2632; x_wconf 88' lang='grc' dir='ltr'><strong>τε</strong></span> <span class='ocrx_word' id='word_1_387' title='bbox 2944 2579 3037 2632; x_wconf 76' lang='grc' dir='ltr'><strong>καὶ</strong></span> <span class='ocrx_word' id='word_1_388' title='bbox 3088 2578 3379 2649; x_wconf 69' lang='grc' dir='ltr'><strong>βασιλικὰς</strong></span> <span class='ocrx_word' id='word_1_389' title='bbox 3427 2580 3753 2649; x_wconf 74' lang='grc' dir='ltr'><strong>ἐφεστρίδας</strong></span> 
     </span>
    </p>
   </div>
   <div class='ocr_carea' id='block_1_58' title="bbox 2187 2671 3755 2742">
    <p class='ocr_par' dir='ltr' id='par_1_58' title="bbox 2187 2671 3755 2742">
     <span class='ocr_line' id='line_1_58' title="bbox 2187 2671 3755 2742; baseline -0.003 -14"><span class='ocrx_word' id='word_1_390' title='bbox 2187 2677 2509 2728; x_wconf 80' lang='grc' dir='ltr'><strong>κατέκαυσε.</strong></span> <span class='ocrx_word' id='word_1_391' title='bbox 2540 2671 2960 2737; x_wconf 79' lang='grc' dir='ltr'><strong>Διαπεραιοῦται</strong></span> <span class='ocrx_word' id='word_1_392' title='bbox 3004 2671 3097 2724; x_wconf 72' lang='grc' dir='ltr'><strong>τὸν</strong></span> <span class='ocrx_word' id='word_1_393' title='bbox 3130 2671 3318 2736; x_wconf 75' lang='grc' dir='ltr'><strong>’Λλυν,</strong></span> <span class='ocrx_word' id='word_1_394' title='bbox 3347 2672 3627 2742; x_wconf 77' lang='grc' dir='ltr'><strong>ἐνδότερον</strong></span> <span class='ocrx_word' id='word_1_395' title='bbox 3667 2673 3755 2741; x_wconf 75' lang='grc' dir='ltr'><strong>γίο</strong></span> 
     </span>
    </p>
   </div>
   <div class='ocr_carea' id='block_1_59' title="bbox 2188 2762 3755 2835">
    <p class='ocr_par' dir='ltr' id='par_1_59' title="bbox 2188 2762 3755 2835">
     <span class='ocr_line' id='line_1_59' title="bbox 2188 2762 3755 2835; baseline -0.002 -16"><span class='ocrx_word' id='word_1_396' title='bbox 2188 2784 2356 2819; x_wconf 84' lang='grc' dir='ltr'><strong>νεται.</strong></span> <span class='ocrx_word' id='word_1_397' title='bbox 2393 2765 2750 2835; x_wconf 80' lang='grc' dir='ltr'><strong>Προόαίνουσι</strong></span> <span class='ocrx_word' id='word_1_398' title='bbox 2782 2762 3054 2832; x_wconf 78' lang='grc' dir='ltr'><strong>πολέμιοι.</strong></span> <span class='ocrx_word' id='word_1_399' title='bbox 3087 2764 3211 2817; x_wconf 78' lang='grc' dir='ltr'><strong>Ἐπὶ</strong></span> <span class='ocrx_word' id='word_1_400' title='bbox 3236 2764 3445 2826; x_wconf 76' lang='grc' dir='ltr'><strong>τούτοις</strong></span> <span class='ocrx_word' id='word_1_401' title='bbox 3474 2767 3565 2816; x_wconf 69' lang='grc' dir='ltr'><strong>καὶ</strong></span> <span class='ocrx_word' id='word_1_402' title='bbox 3595 2765 3755 2827; x_wconf 73' lang='grc' dir='ltr'><strong>αύτδς</strong></span> 
     </span>
    </p>
   </div>
   <div class='ocr_carea' id='block_1_60' title="bbox 2184 2850 3751 2925">
    <p class='ocr_par' dir='ltr' id='par_1_60' title="bbox 2184 2850 3751 2925">
     <span class='ocr_line' id='line_1_60' title="bbox 2184 2850 3751 2925; baseline -0.003 -16"><span class='ocrx_word' id='word_1_403' title='bbox 2184 2857 2213 2909; x_wconf 86' lang='grc' dir='ltr'>ὁ</span> <span class='ocrx_word' id='word_1_404' title='bbox 2245 2856 2537 2918; x_wconf 70' lang='grc' dir='ltr'><strong>αουλτάνος</strong></span> <span class='ocrx_word' id='word_1_405' title='bbox 2561 2854 2700 2907; x_wconf 75' lang='grc' dir='ltr'><strong>κατὰ</strong></span> <span class='ocrx_word' id='word_1_406' title='bbox 2726 2850 2817 2905; x_wconf 73' lang='grc' dir='ltr'><strong>τοῦ</strong></span> <span class='ocrx_word' id='word_1_407' title='bbox 2854 2852 3121 2925; x_wconf 79' lang='grc' dir='ltr'><strong>βασιλέως</strong></span> <span class='ocrx_word' id='word_1_408' title='bbox 3152 2856 3341 2923; x_wconf 86' lang='grc' dir='ltr'><strong>χωρεῖ.</strong></span> <span class='ocrx_word' id='word_1_409' title='bbox 3382 2854 3492 2905; x_wconf 73' lang='grc' dir='ltr'><strong>Καὶ</strong></span> <span class='ocrx_word' id='word_1_410' title='bbox 3520 2853 3577 2913; x_wconf 86' lang='grc' dir='ltr'><strong>ὃς</strong></span> <span class='ocrx_word' id='word_1_411' title='bbox 3609 2854 3751 2905; x_wconf 75' lang='grc' dir='ltr'><strong>ἐτοι-</strong></span> 
     </span>
    </p>
   </div>
   <div class='ocr_carea' id='block_1_61' title="bbox 2191 2944 3752 3018">
    <p class='ocr_par' dir='ltr' id='par_1_61' title="bbox 2191 2944 3752 3018">
     <span class='ocr_line' id='line_1_61' title="bbox 2191 2944 3752 3018; baseline -0.001 -18"><span class='ocrx_word' id='word_1_412' title='bbox 2191 2948 2436 3018; x_wconf 75' lang='grc' dir='ltr'><strong>μασθεὶς,</strong></span> <span class='ocrx_word' id='word_1_413' title='bbox 2479 2947 2551 3007; x_wconf 86' lang='grc' dir='ltr'><strong>ὡς</strong></span> <span class='ocrx_word' id='word_1_414' title='bbox 2583 2945 2750 3011; x_wconf 71' lang='grc' dir='ltr'><strong>εἰκὸς,</strong></span> <span class='ocrx_word' id='word_1_415' title='bbox 2782 2944 2877 2998; x_wconf 84' lang='grc' dir='ltr'><strong>τοῦ</strong></span> <span class='ocrx_word' id='word_1_416' title='bbox 2916 2944 3206 2997; x_wconf 70' lang='grc' dir='ltr'><strong>σουλτάνου</strong></span> <span class='ocrx_word' id='word_1_417' title='bbox 3252 2946 3484 2997; x_wconf 77' lang='grc' dir='ltr'><strong>κατόπιν</strong></span> <span class='ocrx_word' id='word_1_418' title='bbox 3531 2945 3752 2998; x_wconf 72' lang='grc' dir='ltr'><strong>διώκει·</strong></span> 
     </span>
    </p>
   </div>
   <div class='ocr_carea' id='block_1_62' title="bbox 522 3034 2085 3130">
    <p class='ocr_par' dir='ltr' id='par_1_62' title="bbox 522 3034 2085 3104">
     <span class='ocr_line' id='line_1_62' title="bbox 522 3034 2085 3104; baseline -0.001 -15"><span class='ocrx_word' id='word_1_419' title='bbox 522 3034 937 3091; x_wconf 86' lang='lat' dir='ltr'><strong>tabernaculum</strong></span> <span class='ocrx_word' id='word_1_420' title='bbox 959 3036 1347 3091; x_wconf 86' lang='lat' dir='ltr'><strong>collaberetur.</strong></span> <span class='ocrx_word' id='word_1_421' title='bbox 1374 3035 1511 3089; x_wconf 86' lang='lat' dir='ltr'><strong>Hinc</strong></span> <span class='ocrx_word' id='word_1_422' title='bbox 1535 3035 1767 3091; x_wconf 90' lang='lat' dir='ltr'><strong>ulterius</strong></span> <span class='ocrx_word' id='word_1_423' title='bbox 1788 3036 2085 3104; x_wconf 85' lang='lat' dir='ltr'><strong>imperator</strong></span> 
     </span>
    </p>
   </div>
   <div class='ocr_carea' id='block_1_63' title="bbox 2190 3034 3752 3130">
    <p class='ocr_par' dir='ltr' id='par_1_63' title="bbox 2190 3035 3752 3106">
     <span class='ocr_line' id='line_1_63' title="bbox 2190 3035 3752 3106; baseline 0 -15"><span class='ocrx_word' id='word_1_424' title='bbox 2190 3039 2306 3091; x_wconf 80' lang='grc' dir='ltr'><strong>οὐδὲ</strong></span> <span class='ocrx_word' id='word_1_425' title='bbox 2332 3040 2436 3106; x_wconf 82' lang='grc' dir='ltr'><strong>γὰρ</strong></span> <span class='ocrx_word' id='word_1_426' title='bbox 2468 3037 2631 3098; x_wconf 74' lang='grc' dir='ltr'><strong>αὐτὸς</strong></span> <span class='ocrx_word' id='word_1_427' title='bbox 2659 3035 2755 3104; x_wconf 81' lang='grc' dir='ltr'><strong>τὴν</strong></span> <span class='ocrx_word' id='word_1_428' title='bbox 2785 3035 2878 3088; x_wconf 69' lang='grc' dir='ltr'><strong>τοῦ</strong></span> <span class='ocrx_word' id='word_1_429' title='bbox 2921 3035 3191 3106; x_wconf 76' lang='grc' dir='ltr'><strong>βασιλέως</strong></span> <span class='ocrx_word' id='word_1_430' title='bbox 3220 3036 3508 3089; x_wconf 78' lang='grc' dir='ltr'><strong>ὲπὲλευσιν</strong></span> <span class='ocrx_word' id='word_1_431' title='bbox 3538 3036 3752 3105; x_wconf 78' lang='grc' dir='ltr'><strong>ἔφερεν.</strong></span> 
     </span>
    </p>
   </div>
   <div class='ocr_carea' id='block_1_64' title="bbox 518 3124 2086 3198">
    <p class='ocr_par' dir='ltr' id='par_1_64' title="bbox 518 3124 2086 3198">
     <span class='ocr_line' id='line_1_64' title="bbox 518 3124 2086 3198; baseline 0.002 -18"><span class='ocrx_word' id='word_1_432' title='bbox 518 3124 799 3181; x_wconf 84' lang='lat' dir='ltr'><strong>Orientem</strong></span> <span class='ocrx_word' id='word_1_433' title='bbox 831 3139 1026 3181; x_wconf 79' lang='lat' dir='ltr'><strong>versus</strong></span> <span class='ocrx_word' id='word_1_434' title='bbox 1059 3126 1435 3198; x_wconf 77' lang='lat' dir='ltr'><strong>progrediens,</strong></span> <span class='ocrx_word' id='word_1_435' title='bbox 1464 3128 1610 3196; x_wconf 90' lang='lat' dir='ltr'><strong>quod</strong></span> <span class='ocrx_word' id='word_1_436' title='bbox 1638 3126 1904 3196; x_wconf 88' lang='lat' dir='ltr'><strong>prodigiis</strong></span> <span class='ocrx_word' id='word_1_437' title='bbox 1936 3127 2086 3183; x_wconf 88' lang='lat' dir='ltr'><strong>hisce</strong></span> 
     </span>
    </p>
   </div>
   <div class='ocr_carea' id='block_1_65' title="bbox 522 3218 2091 3287">
    <p class='ocr_par' dir='ltr' id='par_1_65' title="bbox 522 3218 2091 3287">
     <span class='ocr_line' id='line_1_65' title="bbox 522 3218 2091 3287; baseline 0.003 -19"><span class='ocrx_word' id='word_1_438' title='bbox 522 3219 744 3273; x_wconf 88' lang='lat' dir='ltr'><strong>territus</strong></span> <span class='ocrx_word' id='word_1_439' title='bbox 770 3219 1019 3271; x_wconf 85' lang='lat' dir='ltr'><strong>nonnihil</strong></span> <span class='ocrx_word' id='word_1_440' title='bbox 1047 3219 1149 3273; x_wconf 87' lang='lat' dir='ltr'><strong>sibi</strong></span> <span class='ocrx_word' id='word_1_441' title='bbox 1178 3227 1467 3283; x_wconf 74' lang='lat' dir='ltr'><strong>metueret,</strong></span> <span class='ocrx_word' id='word_1_442' title='bbox 1492 3218 1546 3271; x_wconf 88' lang='lat' dir='ltr'><strong>in</strong></span> <span class='ocrx_word' id='word_1_443' title='bbox 1571 3218 1891 3287; x_wconf 79' lang='lat' dir='ltr'><strong>regionibus</strong></span> <span class='ocrx_word' id='word_1_444' title='bbox 1918 3218 2091 3272; x_wconf 88' lang='lat' dir='ltr'><strong>subli-</strong></span> 
     </span>
    </p>
   </div>
   <div class='ocr_carea' id='block_1_66' title="bbox 521 3305 2089 3372">
    <p class='ocr_par' dir='ltr' id='par_1_66' title="bbox 521 3305 2089 3372">
     <span class='ocr_line' id='line_1_66' title="bbox 521 3305 2089 3372; baseline 0.003 -15"><span class='ocrx_word' id='word_1_445' title='bbox 521 3305 789 3359; x_wconf 90' lang='lat' dir='ltr'><strong>mioribus</strong></span> <span class='ocrx_word' id='word_1_446' title='bbox 822 3322 946 3359; x_wconf 91' lang='lat' dir='ltr'><strong>cum</strong></span> <span class='ocrx_word' id='word_1_447' title='bbox 980 3309 1156 3372; x_wconf 88' lang='lat' dir='ltr'><strong>e0piis</strong></span> <span class='ocrx_word' id='word_1_448' title='bbox 1195 3308 1460 3361; x_wconf 84' lang='lat' dir='ltr'><strong>stationes</strong></span> <span class='ocrx_word' id='word_1_449' title='bbox 1497 3306 1755 3361; x_wconf 85' lang='lat' dir='ltr'><strong>habebat.</strong></span> <span class='ocrx_word' id='word_1_450' title='bbox 1791 3308 2089 3363; x_wconf 83' lang='lat' dir='ltr'><strong>Enimvero</strong></span> 
     </span>
    </p>
   </div>
   <div class='ocr_carea' id='block_1_67' title="bbox 520 3394 2093 3462">
    <p class='ocr_par' dir='ltr' id='par_1_67' title="bbox 520 3394 2093 3462">
     <span class='ocr_line' id='line_1_67' title="bbox 520 3394 2093 3462; baseline 0.004 -15"><span class='ocrx_word' id='word_1_451' title='bbox 520 3410 590 3447; x_wconf 88' lang='lat' dir='ltr'><strong>ne</strong></span> <span class='ocrx_word' id='word_1_452' title='bbox 617 3395 725 3448; x_wconf 89' lang='lat' dir='ltr'><strong>illis</strong></span> <span class='ocrx_word' id='word_1_453' title='bbox 751 3394 972 3462; x_wconf 90' lang='lat' dir='ltr'><strong>quidem</strong></span> <span class='ocrx_word' id='word_1_454' title='bbox 1012 3397 1066 3449; x_wconf 93' lang='lat' dir='ltr'><strong>in</strong></span> <span class='ocrx_word' id='word_1_455' title='bbox 1107 3397 1244 3450; x_wconf 87' lang='lat' dir='ltr'><strong>locis</strong></span> <span class='ocrx_word' id='word_1_456' title='bbox 1277 3402 1461 3452; x_wconf 85' lang='lat' dir='ltr'><strong>omina</strong></span> <span class='ocrx_word' id='word_1_457' title='bbox 1496 3413 1833 3453; x_wconf 86' lang='lat' dir='ltr'><strong>concurrere</strong></span> <span class='ocrx_word' id='word_1_458' title='bbox 1871 3399 2093 3454; x_wconf 53' lang='lat' dir='ltr'><strong>desine.</strong></span> 
     </span>
    </p>
   </div>
   <div class='ocr_carea' id='block_1_68' title="bbox 519 3486 2087 3560">
    <p class='ocr_par' dir='ltr' id='par_1_68' title="bbox 519 3486 2087 3560">
     <span class='ocr_line' id='line_1_68' title="bbox 519 3486 2087 3560; baseline 0.007 -22"><span class='ocrx_word' id='word_1_459' title='bbox 519 3486 671 3538; x_wconf 87' lang='lat' dir='ltr'><strong>bant.</strong></span> <span class='ocrx_word' id='word_1_460' title='bbox 725 3486 937 3553; x_wconf 83' lang='lat' dir='ltr'><strong>Quippe</strong></span> <span class='ocrx_word' id='word_1_461' title='bbox 984 3486 1373 3540; x_wconf 87' lang='lat' dir='ltr'><strong>domunculam</strong></span> <span class='ocrx_word' id='word_1_462' title='bbox 1427 3489 1741 3556; x_wconf 82' lang='lat' dir='ltr'><strong>quamdam,</strong></span> <span class='ocrx_word' id='word_1_463' title='bbox 1778 3490 1835 3545; x_wconf 90' lang='lat' dir='ltr'><strong>in</strong></span> <span class='ocrx_word' id='word_1_464' title='bbox 1887 3507 1994 3560; x_wconf 90' lang='lat' dir='ltr'><strong>qua</strong></span> <span class='ocrx_word' id='word_1_465' title='bbox 2029 3507 2087 3549; x_wconf 84' lang='lat' dir='ltr'><strong>se</strong></span> 
     </span>
    </p>
   </div>
   <div class='ocr_carea' id='block_1_69' title="bbox 516 3573 2089 3651">
    <p class='ocr_par' dir='ltr' id='par_1_69' title="bbox 516 3573 2089 3651">
     <span class='ocr_line' id='line_1_69' title="bbox 516 3573 2089 3651; baseline 0.007 -25"><span class='ocrx_word' id='word_1_466' title='bbox 516 3574 691 3642; x_wconf 89' lang='lat' dir='ltr'><strong>quieti</strong></span> <span class='ocrx_word' id='word_1_467' title='bbox 718 3573 963 3638; x_wconf 88' lang='lat' dir='ltr'><strong>dederat,</strong></span> <span class='ocrx_word' id='word_1_468' title='bbox 995 3574 1137 3645; x_wconf 85' lang='lat' dir='ltr'><strong>ignis</strong></span> <span class='ocrx_word' id='word_1_469' title='bbox 1177 3576 1306 3631; x_wconf 87' lang='lat' dir='ltr'><strong>hinc</strong></span> <span class='ocrx_word' id='word_1_470' title='bbox 1353 3577 1479 3631; x_wconf 82' lang='lat' dir='ltr'><strong>inde</strong></span> <span class='ocrx_word' id='word_1_471' title='bbox 1512 3580 1803 3648; x_wconf 82' lang='lat' dir='ltr'><strong>corripuit,</strong></span> <span class='ocrx_word' id='word_1_472' title='bbox 1831 3588 1887 3635; x_wconf 89' lang='lat' dir='ltr'><strong>et</strong></span> <span class='ocrx_word' id='word_1_473' title='bbox 1915 3596 2089 3651; x_wconf 87' lang='lat' dir='ltr'><strong>equos</strong></span> 
     </span>
    </p>
   </div>
   <div class='ocr_carea' id='block_1_70' title="bbox 517 3665 2088 3735">
    <p class='ocr_par' dir='ltr' id='par_1_70' title="bbox 517 3665 2088 3735">
     <span class='ocr_line' id='line_1_70' title="bbox 517 3665 2088 3735; baseline 0.01 -20"><span class='ocrx_word' id='word_1_474' title='bbox 517 3665 795 3733; x_wconf 88' lang='lat' dir='ltr'><strong>armisque</strong></span> <span class='ocrx_word' id='word_1_475' title='bbox 829 3667 1076 3735; x_wconf 80' lang='lat' dir='ltr'><strong>tegendis</strong></span> <span class='ocrx_word' id='word_1_476' title='bbox 1110 3668 1281 3722; x_wconf 90' lang='lat' dir='ltr'><strong>factas</strong></span> <span class='ocrx_word' id='word_1_477' title='bbox 1319 3682 1504 3724; x_wconf 85' lang='lat' dir='ltr'><strong>vestes</strong></span> <span class='ocrx_word' id='word_1_478' title='bbox 1546 3673 1777 3726; x_wconf 79' lang='lat' dir='ltr'><strong>exussit.</strong></span> <span class='ocrx_word' id='word_1_479' title='bbox 1814 3674 1945 3728; x_wconf 90' lang='lat' dir='ltr'><strong>Post</strong></span> <span class='ocrx_word' id='word_1_480' title='bbox 1972 3675 2088 3730; x_wconf 69' lang='lat' dir='ltr'><strong>haec</strong></span> 
     </span>
    </p>
   </div>
   <div class='ocr_carea' id='block_1_71' title="bbox 516 3756 2085 3835">
    <p class='ocr_par' dir='ltr' id='par_1_71' title="bbox 516 3756 2085 3835">
     <span class='ocr_line' id='line_1_71' title="bbox 516 3756 2085 3835; baseline 0.01 -27"><span class='ocrx_word' id='word_1_481' title='bbox 516 3770 733 3811; x_wconf 82' lang='lat' dir='ltr'><strong>amnem</strong></span> <span class='ocrx_word' id='word_1_482' title='bbox 769 3756 958 3829; x_wconf 82' lang='lat' dir='ltr'><strong>Halym</strong></span> <span class='ocrx_word' id='word_1_483' title='bbox 994 3759 1274 3829; x_wconf 73' lang='lat' dir='ltr'><strong>trajiciens</strong></span> <span class='ocrx_word' id='word_1_484' title='bbox 1306 3761 1373 3814; x_wconf 85' lang='lat' dir='ltr'><strong>ad</strong></span> <span class='ocrx_word' id='word_1_485' title='bbox 1415 3762 1680 3818; x_wconf 86' lang='lat' dir='ltr'><strong>interiora</strong></span> <span class='ocrx_word' id='word_1_486' title='bbox 1714 3766 2085 3835; x_wconf 77' lang='lat' dir='ltr'><strong>progreditur.</strong></span> 
     </span>
    </p>
   </div>
   <div class='ocr_carea' id='block_1_72' title="bbox 516 3846 2084 3929">
    <p class='ocr_par' dir='ltr' id='par_1_72' title="bbox 516 3846 2084 3929">
     <span class='ocr_line' id='line_1_72' title="bbox 516 3846 2084 3929; baseline 0.01 -29"><span class='ocrx_word' id='word_1_487' title='bbox 516 3846 597 3900; x_wconf 87' lang='lat' dir='ltr'><strong>lbi</strong></span> <span class='ocrx_word' id='word_1_488' title='bbox 628 3863 760 3903; x_wconf 90' lang='lat' dir='ltr'><strong>vero</strong></span> <span class='ocrx_word' id='word_1_489' title='bbox 809 3850 862 3903; x_wconf 93' lang='lat' dir='ltr'><strong>in</strong></span> <span class='ocrx_word' id='word_1_490' title='bbox 892 3866 1018 3905; x_wconf 92' lang='lat' dir='ltr'><strong>eum</strong></span> <span class='ocrx_word' id='word_1_491' title='bbox 1069 3852 1257 3905; x_wconf 76' lang='lat' dir='ltr'><strong>hostes</strong></span> <span class='ocrx_word' id='word_1_492' title='bbox 1282 3863 1461 3907; x_wconf 84' lang='lat' dir='ltr'><strong>castra</strong></span> <span class='ocrx_word' id='word_1_493' title='bbox 1511 3865 1750 3917; x_wconf 80' lang='lat' dir='ltr'><strong>movent.</strong></span> <span class='ocrx_word' id='word_1_494' title='bbox 1796 3860 2084 3929; x_wconf 84' lang='lat' dir='ltr'><strong>quosipse</strong></span> 
     </span>
    </p>
   </div>
   <div class='ocr_carea' id='block_1_73' title="bbox 515 3937 2081 4015">
    <p class='ocr_par' dir='ltr' id='par_1_73' title="bbox 515 3937 2081 4015">
     <span class='ocr_line' id='line_1_73' title="bbox 515 3937 2081 4015; baseline 0.009 -26"><span class='ocrx_word' id='word_1_495' title='bbox 515 3937 771 3992; x_wconf 86' lang='lat' dir='ltr'><strong>sultanus</strong></span> <span class='ocrx_word' id='word_1_496' title='bbox 802 3951 1134 3995; x_wconf 87' lang='lat' dir='ltr'><strong>consecutus</strong></span> <span class='ocrx_word' id='word_1_497' title='bbox 1170 3957 1198 3995; x_wconf 89' lang='lat' dir='ltr'><strong>a</strong></span> <span class='ocrx_word' id='word_1_498' title='bbox 1237 3952 1389 4011; x_wconf 86' lang='lat' dir='ltr'><strong>tergo</strong></span> <span class='ocrx_word' id='word_1_499' title='bbox 1421 3951 1566 3997; x_wconf 86' lang='lat' dir='ltr'><strong>recta</strong></span> <span class='ocrx_word' id='word_1_500' title='bbox 1599 3944 1652 3999; x_wconf 91' lang='lat' dir='ltr'><strong>in</strong></span> <span class='ocrx_word' id='word_1_501' title='bbox 1693 3946 2081 4015; x_wconf 86' lang='lat' dir='ltr'><strong>imperatorem</strong></span> 
     </span>
    </p>
   </div>
   <div class='ocr_carea' id='block_1_74' title="bbox 514 4029 2085 4109">
    <p class='ocr_par' dir='ltr' id='par_1_74' title="bbox 514 4029 2085 4109">
     <span class='ocr_line' id='line_1_74' title="bbox 514 4029 2085 4109; baseline 0.01 -28"><span class='ocrx_word' id='word_1_502' title='bbox 514 4029 696 4086; x_wconf 72' lang='lat' dir='ltr'><strong>duxit.</strong></span> <span class='ocrx_word' id='word_1_503' title='bbox 723 4030 858 4084; x_wconf 87' lang='lat' dir='ltr'><strong>Cum</strong></span> <span class='ocrx_word' id='word_1_504' title='bbox 891 4042 1074 4087; x_wconf 85' lang='lat' dir='ltr'><strong>autem</strong></span> <span class='ocrx_word' id='word_1_505' title='bbox 1116 4033 1170 4087; x_wconf 89' lang='lat' dir='ltr'><strong>in</strong></span> <span class='ocrx_word' id='word_1_506' title='bbox 1204 4050 1332 4087; x_wconf 89' lang='lat' dir='ltr'><strong>cum</strong></span> <span class='ocrx_word' id='word_1_507' title='bbox 1364 4046 1636 4103; x_wconf 80' lang='lat' dir='ltr'><strong>paratum,</strong></span> <span class='ocrx_word' id='word_1_508' title='bbox 1667 4052 1770 4092; x_wconf 86' lang='lat' dir='ltr'><strong>ceu</strong></span> <span class='ocrx_word' id='word_1_509' title='bbox 1801 4038 1951 4094; x_wconf 86' lang='lat' dir='ltr'><strong>credi</strong></span> <span class='ocrx_word' id='word_1_510' title='bbox 1985 4054 2085 4109; x_wconf 88' lang='lat' dir='ltr'><strong>par</strong></span> 
     </span>
    </p>
   </div>
   <div class='ocr_carea' id='block_1_75' title="bbox 512 4121 2085 4197">
    <p class='ocr_par' dir='ltr' id='par_1_75' title="bbox 512 4121 2085 4197">
     <span class='ocr_line' id='line_1_75' title="bbox 512 4121 2085 4197; baseline 0.008 -26"><span class='ocrx_word' id='word_1_511' title='bbox 512 4130 618 4180; x_wconf 80' lang='lat' dir='ltr'><strong>est,</strong></span> <span class='ocrx_word' id='word_1_512' title='bbox 650 4121 935 4183; x_wconf 84' lang='lat' dir='ltr'><strong>incideret,</strong></span> <span class='ocrx_word' id='word_1_513' title='bbox 966 4138 1030 4177; x_wconf 85' lang='lat' dir='ltr'><strong>ac</strong></span> <span class='ocrx_word' id='word_1_514' title='bbox 1061 4123 1264 4179; x_wconf 84' lang='lat' dir='ltr'><strong>deinde</strong></span> <span class='ocrx_word' id='word_1_515' title='bbox 1302 4125 1481 4195; x_wconf 81' lang='lat' dir='ltr'><strong>fugant</strong></span> <span class='ocrx_word' id='word_1_516' title='bbox 1531 4130 1752 4191; x_wconf 84' lang='lat' dir='ltr'><strong>faceret,</strong></span> <span class='ocrx_word' id='word_1_517' title='bbox 1784 4128 1930 4197; x_wconf 87' lang='lat' dir='ltr'><strong>quod</strong></span> <span class='ocrx_word' id='word_1_518' title='bbox 1979 4130 2085 4184; x_wconf 81' lang='lat' dir='ltr'><strong>im-</strong></span> 
     </span>
    </p>
   </div>
   <div class='ocr_carea' id='block_1_76' title="bbox 514 4211 2084 4284">
    <p class='ocr_par' dir='ltr' id='par_1_76' title="bbox 514 4211 2084 4284">
     <span class='ocr_line' id='line_1_76' title="bbox 514 4211 2084 4284; baseline 0.008 -21"><span class='ocrx_word' id='word_1_519' title='bbox 514 4211 787 4278; x_wconf 82' lang='lat' dir='ltr'><strong>peratoris</strong></span> <span class='ocrx_word' id='word_1_520' title='bbox 819 4212 1082 4280; x_wconf 87' lang='lat' dir='ltr'><strong>impetum</strong></span> <span class='ocrx_word' id='word_1_521' title='bbox 1117 4212 1390 4269; x_wconf 68' lang='lat' dir='ltr'><strong>sustinuere</strong></span> <span class='ocrx_word' id='word_1_522' title='bbox 1419 4231 1526 4270; x_wconf 86' lang='lat' dir='ltr'><strong>non</strong></span> <span class='ocrx_word' id='word_1_523' title='bbox 1569 4227 1773 4284; x_wconf 81' lang='lat' dir='ltr'><strong>posset,</strong></span> <span class='ocrx_word' id='word_1_524' title='bbox 1810 4232 1935 4271; x_wconf 90' lang='lat' dir='ltr'><strong>cum</strong></span> <span class='ocrx_word' id='word_1_525' title='bbox 1969 4220 2084 4275; x_wconf 82' lang='lat' dir='ltr'><strong>suis</strong></span> 
     </span>
    </p>
   </div>
   <div class='ocr_carea' id='block_1_77' title="bbox 514 4301 2082 4381">
    <p class='ocr_par' dir='ltr' id='par_1_77' title="bbox 514 4301 2082 4381">
     <span class='ocr_line' id='line_1_77' title="bbox 514 4301 2082 4381; baseline 0.009 -26"><span class='ocrx_word' id='word_1_526' title='bbox 514 4301 814 4369; x_wconf 87' lang='lat' dir='ltr'><strong>imperator</strong></span> <span class='ocrx_word' id='word_1_527' title='bbox 846 4304 1118 4358; x_wconf 86' lang='lat' dir='ltr'><strong>sultanum</strong></span> <span class='ocrx_word' id='word_1_528' title='bbox 1162 4308 1618 4376; x_wconf 86' lang='lat' dir='ltr'><strong>persequebatur,</strong></span> <span class='ocrx_word' id='word_1_529' title='bbox 1662 4322 1902 4381; x_wconf 87' lang='lat' dir='ltr'><strong>eumque</strong></span> <span class='ocrx_word' id='word_1_530' title='bbox 1948 4313 2082 4369; x_wconf 82' lang='lat' dir='ltr'><strong>satis</strong></span> 
     </span>
    </p>
   </div>
   <div class='ocr_carea' id='block_1_78' title="bbox 2205 3122 3754 3197">
    <p class='ocr_par' dir='ltr' id='par_1_78' title="bbox 2205 3122 3754 3197">
     <span class='ocr_line' id='line_1_78' title="bbox 2205 3122 3754 3197; baseline 0.001 -19"><span class='ocrx_word' id='word_1_531' title='bbox 2205 3128 2327 3178; x_wconf 72' lang='grc' dir='ltr'><strong>Ἐπὶ</strong></span> <span class='ocrx_word' id='word_1_532' title='bbox 2377 3125 2509 3179; x_wconf 81' lang='grc' dir='ltr'><strong>πολὺ</strong></span> <span class='ocrx_word' id='word_1_533' title='bbox 2545 3122 2636 3179; x_wconf 86' lang='grc' dir='ltr'><strong>οὖν</strong></span> <span class='ocrx_word' id='word_1_534' title='bbox 2661 3126 2859 3190; x_wconf 79' lang='grc' dir='ltr'><strong>διώξας</strong></span> <span class='ocrx_word' id='word_1_535' title='bbox 2898 3129 2925 3178; x_wconf 87' lang='lat'><strong>6</strong></span> <span class='ocrx_word' id='word_1_536' title='bbox 2976 3127 3232 3195; x_wconf 67' lang='grc' dir='ltr'><strong>βασιλεὺς</strong></span> <span class='ocrx_word' id='word_1_537' title='bbox 3269 3128 3400 3196; x_wconf 73' lang='grc' dir='ltr'><strong>ἔστη</strong></span> <span class='ocrx_word' id='word_1_538' title='bbox 3432 3128 3532 3196; x_wconf 77' lang='grc' dir='ltr'><strong>τῆς</strong></span> <span class='ocrx_word' id='word_1_539' title='bbox 3564 3130 3754 3197; x_wconf 80' lang='grc' dir='ltr'><strong>πρόσω</strong></span> 
     </span>
    </p>
   </div>
   <div class='ocr_carea' id='block_1_79' title="bbox 2191 3217 3758 3295">
    <p class='ocr_par' dir='ltr' id='par_1_79' title="bbox 2191 3217 3758 3295">
     <span class='ocr_line' id='line_1_79' title="bbox 2191 3217 3758 3295; baseline 0.001 -27"><span class='ocrx_word' id='word_1_540' title='bbox 2191 3218 2381 3288; x_wconf 80' lang='grc' dir='ltr'><strong>φορᾶς,</strong></span> <span class='ocrx_word' id='word_1_541' title='bbox 2417 3218 2492 3286; x_wconf 85' lang='grc' dir='ltr'><strong>μή</strong></span> <span class='ocrx_word' id='word_1_542' title='bbox 2541 3234 2656 3279; x_wconf 90' lang='grc' dir='ltr'><strong>πως</strong></span> <span class='ocrx_word' id='word_1_543' title='bbox 2699 3217 2880 3286; x_wconf 69' lang='grc' dir='ltr'><strong>συμϐῇ</strong></span> <span class='ocrx_word' id='word_1_544' title='bbox 2920 3218 3011 3269; x_wconf 79' lang='grc' dir='ltr'><strong>καί</strong></span> <span class='ocrx_word' id='word_1_545' title='bbox 3040 3235 3088 3269; x_wconf 88' lang='grc' dir='ltr'><strong>τι</strong></span> <span class='ocrx_word' id='word_1_546' title='bbox 3134 3219 3240 3269; x_wconf 79' lang='grc' dir='ltr'><strong>τῶν</strong></span> <span class='ocrx_word' id='word_1_547' title='bbox 3274 3220 3571 3295; x_wconf 64' lang='grc' dir='ltr'><strong>ἀδοκήτων,</strong></span> <span class='ocrx_word' id='word_1_548' title='bbox 3607 3220 3758 3271; x_wconf 87' lang='grc' dir='ltr'><strong>Ὀπι-</strong></span> 
     </span>
    </p>
   </div>
   <div class='ocr_carea' id='block_1_80' title="bbox 2191 3296 3758 3386">
    <p class='ocr_par' dir='ltr' id='par_1_80' title="bbox 2191 3306 3758 3386">
     <span class='ocr_line' id='line_1_80' title="bbox 2191 3306 3758 3386; baseline 0.005 -24"><span class='ocrx_word' id='word_1_549' title='bbox 2191 3311 2421 3372; x_wconf 82' lang='grc' dir='ltr'><strong>σοόπους</strong></span> <span class='ocrx_word' id='word_1_550' title='bbox 2444 3307 2626 3363; x_wconf 58' lang='grc' dir='ltr'><strong>λοιπὸν</strong></span> <span class='ocrx_word' id='word_1_551' title='bbox 2663 3310 2755 3367; x_wconf 60' lang='grc' dir='ltr'><strong>καὶ</strong></span> <span class='ocrx_word' id='word_1_552' title='bbox 2789 3310 2818 3381; x_wconf 66' lang='lat' dir='ltr'><strong>i3</strong></span> <span class='ocrx_word' id='word_1_553' title='bbox 2859 3306 2948 3367; x_wconf 74' lang='grc' dir='ltr'><strong>τοῦ</strong></span> <span class='ocrx_word' id='word_1_554' title='bbox 2978 3308 3244 3379; x_wconf 56' lang='lat' dir='ltr'><strong>31mm,-</strong></span> <span class='ocrx_word' id='word_1_555' title='bbox 3287 3317 3537 3385; x_wconf 82' lang='grc' dir='ltr'><strong>σημασία</strong></span> <span class='ocrx_word' id='word_1_556' title='bbox 3563 3318 3758 3386; x_wconf 84' lang='grc' dir='ltr'><strong>χωρεῖ.</strong></span> 
     </span>
    </p>
   </div>
   <div class='ocr_carea' id='block_1_81' title="bbox 2195 3397 3753 3474">
    <p class='ocr_par' dir='ltr' id='par_1_81' title="bbox 2195 3397 3753 3474">
     <span class='ocr_line' id='line_1_81' title="bbox 2195 3397 3753 3474; baseline 0.008 -25"><span class='ocrx_word' id='word_1_557' title='bbox 2195 3399 2259 3449; x_wconf 71' lang='grc' dir='ltr'><strong>’Ὀ</strong></span> <span class='ocrx_word' id='word_1_558' title='bbox 2288 3398 2351 3466; x_wconf 82' lang='grc' dir='ltr'><strong>δὴ</strong></span> <span class='ocrx_word' id='word_1_559' title='bbox 2378 3400 2473 3450; x_wconf 73' lang='grc' dir='ltr'><strong>καὶ</strong></span> <span class='ocrx_word' id='word_1_560' title='bbox 2507 3399 2679 3452; x_wconf 66' lang='grc' dir='ltr'><strong>ἰδόντα</strong></span> <span class='ocrx_word' id='word_1_561' title='bbox 2722 3400 2787 3451; x_wconf 71' lang='grc' dir='ltr'><strong>τὰ</strong></span> <span class='ocrx_word' id='word_1_562' title='bbox 2832 3403 3112 3470; x_wconf 75' lang='grc' dir='ltr'><strong>τάγματα,</strong></span> <span class='ocrx_word' id='word_1_563' title='bbox 3146 3404 3241 3460; x_wconf 70' lang='grc' dir='ltr'><strong>καὶ</strong></span> <span class='ocrx_word' id='word_1_564' title='bbox 3277 3397 3446 3474; x_wconf 80' lang='grc' dir='ltr'><strong>ἧτταν</strong></span> <span class='ocrx_word' id='word_1_565' title='bbox 3479 3399 3618 3458; x_wconf 68' lang='grc' dir='ltr'><strong>εἶναι</strong></span> <span class='ocrx_word' id='word_1_566' title='bbox 3659 3404 3753 3461; x_wconf 80' lang='grc' dir='ltr'><strong>τοῦ</strong></span> 
     </span>
    </p>
   </div>
   <div class='ocr_carea' id='block_1_82' title="bbox 2192 3488 3756 3562">
    <p class='ocr_par' dir='ltr' id='par_1_82' title="bbox 2192 3488 3756 3562">
     <span class='ocr_line' id='line_1_82' title="bbox 2192 3488 3756 3562; baseline 0.007 -21"><span class='ocrx_word' id='word_1_567' title='bbox 2192 3488 2453 3559; x_wconf 83' lang='grc' dir='ltr'><strong>βασιλέως</strong></span> <span class='ocrx_word' id='word_1_568' title='bbox 2504 3491 2564 3543; x_wconf 78' lang='grc' dir='ltr'><strong>τὸ</strong></span> <span class='ocrx_word' id='word_1_569' title='bbox 2606 3493 2839 3560; x_wconf 68' lang='grc' dir='ltr'><strong>πρᾶγμα</strong></span> <span class='ocrx_word' id='word_1_570' title='bbox 2890 3492 3250 3562; x_wconf 70' lang='grc' dir='ltr'><strong>λογισάμενα,</strong></span> <span class='ocrx_word' id='word_1_571' title='bbox 3306 3495 3458 3551; x_wconf 73' lang='grc' dir='ltr'><strong>ἔνθεν</strong></span> <span class='ocrx_word' id='word_1_572' title='bbox 3502 3496 3756 3552; x_wconf 81' lang='grc' dir='ltr'><strong>κάκεῖθεν</strong></span> 
     </span>
    </p>
   </div>
   <div class='ocr_carea' id='block_1_83' title="bbox 2186 3582 3758 3661">
    <p class='ocr_par' dir='ltr' id='par_1_83' title="bbox 2186 3582 3758 3661">
     <span class='ocr_line' id='line_1_83' title="bbox 2186 3582 3758 3661; baseline 0.004 -24"><span class='ocrx_word' id='word_1_573' title='bbox 2186 3582 2650 3646; x_wconf 76' lang='grc' dir='ltr'><strong>διασκεδάζονται.</strong></span> <span class='ocrx_word' id='word_1_574' title='bbox 2694 3584 2993 3655; x_wconf 79' lang='grc' dir='ltr'><strong>Ἀνηνέχθη</strong></span> <span class='ocrx_word' id='word_1_575' title='bbox 3045 3587 3122 3654; x_wconf 81' lang='grc' dir='ltr'><strong>τῷ</strong></span> <span class='ocrx_word' id='word_1_576' title='bbox 3188 3586 3465 3661; x_wconf 81' lang='grc' dir='ltr'><strong>σουλτάνῳ</strong></span> <span class='ocrx_word' id='word_1_577' title='bbox 3504 3590 3573 3643; x_wconf 78' lang='grc' dir='ltr'><strong>τὰ</strong></span> <span class='ocrx_word' id='word_1_578' title='bbox 3628 3595 3758 3659; x_wconf 82' lang='grc' dir='ltr'><strong>περὶ</strong></span> 
     </span>
    </p>
   </div>
   <div class='ocr_carea' id='block_1_84' title="bbox 2187 3671 3761 3745">
    <p class='ocr_par' dir='ltr' id='par_1_84' title="bbox 2187 3671 3761 3745">
     <span class='ocr_line' id='line_1_84' title="bbox 2187 3671 3761 3745; baseline 0.004 -22"><span class='ocrx_word' id='word_1_579' title='bbox 2187 3671 2400 3733; x_wconf 88' lang='grc' dir='ltr'><strong>τούτου,</strong></span> <span class='ocrx_word' id='word_1_580' title='bbox 2447 3673 2541 3724; x_wconf 82' lang='grc' dir='ltr'><strong>καὶ</strong></span> <span class='ocrx_word' id='word_1_581' title='bbox 2592 3671 2893 3742; x_wconf 78' lang='grc' dir='ltr'><strong>τηνικαῦτα</strong></span> <span class='ocrx_word' id='word_1_582' title='bbox 2943 3673 3157 3729; x_wconf 84' lang='grc' dir='ltr'><strong>διώκων</strong></span> <span class='ocrx_word' id='word_1_583' title='bbox 3192 3675 3573 3743; x_wconf 76' lang='grc' dir='ltr'><strong>ὁδιωκόμενος</strong></span> <span class='ocrx_word' id='word_1_584' title='bbox 3612 3683 3761 3745; x_wconf 75' lang='grc' dir='ltr'><strong>γίνε-</strong></span> 
     </span>
    </p>
   </div>
   <div class='ocr_carea' id='block_1_85' title="bbox 2187 3760 3759 3836">
    <p class='ocr_par' dir='ltr' id='par_1_85' title="bbox 2187 3760 3759 3836">
     <span class='ocr_line' id='line_1_85' title="bbox 2187 3760 3759 3836; baseline 0.001 -20"><span class='ocrx_word' id='word_1_585' title='bbox 2187 3780 2297 3816; x_wconf 90' lang='grc' dir='ltr'><strong>ται.</strong></span> <span class='ocrx_word' id='word_1_586' title='bbox 2334 3760 2467 3815; x_wconf 75' lang='grc' dir='ltr'><strong>Εἶτα</strong></span> <span class='ocrx_word' id='word_1_587' title='bbox 2498 3764 2585 3828; x_wconf 72' lang='grc' dir='ltr'><strong>τίς</strong></span> <span class='ocrx_word' id='word_1_588' title='bbox 2623 3765 3040 3831; x_wconf 75' lang='grc' dir='ltr'><strong>Συμπλέκονται</strong></span> <span class='ocrx_word' id='word_1_589' title='bbox 3087 3766 3221 3834; x_wconf 82' lang='grc' dir='ltr'><strong>πρὸς</strong></span> <span class='ocrx_word' id='word_1_590' title='bbox 3261 3764 3554 3836; x_wconf 79' lang='grc' dir='ltr'><strong>ἀλλήλους,</strong></span> <span class='ocrx_word' id='word_1_591' title='bbox 3582 3768 3759 3818; x_wconf 64' lang='grc' dir='ltr'><strong>ὲπιτίς</strong></span> 
     </span>
    </p>
   </div>
   <div class='ocr_carea' id='block_1_86' title="bbox 2185 3855 3758 3927">
    <p class='ocr_par' dir='ltr' id='par_1_86' title="bbox 2185 3855 3758 3927">
     <span class='ocr_line' id='line_1_86' title="bbox 2185 3855 3758 3927; baseline 0.001 -19"><span class='ocrx_word' id='word_1_592' title='bbox 2185 3855 2373 3909; x_wconf 81' lang='grc' dir='ltr'><strong>οενται</strong></span> <span class='ocrx_word' id='word_1_593' title='bbox 2418 3857 2511 3908; x_wconf 60' lang='grc' dir='ltr'><strong>καὶ⁵</strong></span> <span class='ocrx_word' id='word_1_594' title='bbox 2546 3858 2699 3926; x_wconf 76' lang='grc' dir='ltr'><strong>αὐτῷ</strong></span> <span class='ocrx_word' id='word_1_595' title='bbox 2736 3857 2811 3926; x_wconf 85' lang='grc' dir='ltr'><strong>τῷ</strong></span> <span class='ocrx_word' id='word_1_596' title='bbox 2858 3855 3112 3925; x_wconf 81' lang='grc' dir='ltr'><strong>βασιλεῖ’</strong></span> <span class='ocrx_word' id='word_1_597' title='bbox 3143 3859 3237 3910; x_wconf 81' lang='grc' dir='ltr'><strong>καὶ</strong></span> <span class='ocrx_word' id='word_1_598' title='bbox 3279 3857 3340 3921; x_wconf 87' lang='grc' dir='ltr'><strong>δς</strong></span> <span class='ocrx_word' id='word_1_599' title='bbox 3373 3858 3441 3910; x_wconf 79' lang='grc' dir='ltr'><strong>τὰ</strong></span> <span class='ocrx_word' id='word_1_600' title='bbox 3484 3858 3758 3927; x_wconf 67' lang='grc' dir='ltr'><strong>πολεμικα</strong></span> 
     </span>
    </p>
   </div>
   <div class='ocr_carea' id='block_1_87' title="bbox 2184 3946 3758 4022">
    <p class='ocr_par' dir='ltr' id='par_1_87' title="bbox 2184 3946 3758 4022">
     <span class='ocr_line' id='line_1_87' title="bbox 2184 3946 3758 4022; baseline 0.003 -23"><span class='ocrx_word' id='word_1_601' title='bbox 2184 3952 2430 4017; x_wconf 81' lang='grc' dir='ltr'><strong>γενναῖος</strong></span> <span class='ocrx_word' id='word_1_602' title='bbox 2459 3948 2535 4003; x_wconf 80' lang='grc' dir='ltr'><strong>ὢν</strong></span> <span class='ocrx_word' id='word_1_603' title='bbox 2567 3951 2880 4003; x_wconf 75' lang='grc' dir='ltr'><strong>ἀνθίσταται</strong></span> <span class='ocrx_word' id='word_1_604' title='bbox 2920 3954 3032 4015; x_wconf 90' lang='grc' dir='ltr'><strong>τοῖς</strong></span> <span class='ocrx_word' id='word_1_605' title='bbox 3059 3949 3273 4022; x_wconf 79' lang='grc' dir='ltr'><strong>ἐχθροῖς</strong></span> <span class='ocrx_word' id='word_1_606' title='bbox 3305 3953 3401 4004; x_wconf 73' lang='grc' dir='ltr'><strong>καὶ</strong></span> <span class='ocrx_word' id='word_1_607' title='bbox 3430 3950 3517 4003; x_wconf 81' lang='grc' dir='ltr'><strong>διὰ</strong></span> <span class='ocrx_word' id='word_1_608' title='bbox 3554 3946 3758 4021; x_wconf 79' lang='grc' dir='ltr'><strong>χειρῶν</strong></span> 
     </span>
    </p>
   </div>
   <div class='ocr_carea' id='block_1_88' title="bbox 2184 4038 3753 4115">
    <p class='ocr_par' dir='ltr' id='par_1_88' title="bbox 2184 4038 3753 4115">
     <span class='ocr_line' id='line_1_88' title="bbox 2184 4038 3753 4115; baseline 0 -21"><span class='ocrx_word' id='word_1_609' title='bbox 2184 4040 2409 4103; x_wconf 75' lang='grc' dir='ltr'><strong>πολλοὺς</strong></span> <span class='ocrx_word' id='word_1_610' title='bbox 2442 4042 2673 4109; x_wconf 73' lang='grc' dir='ltr'><strong>ἀναιρεῖ.</strong></span> <span class='ocrx_word' id='word_1_611' title='bbox 2717 4038 2844 4095; x_wconf 78' lang='grc' dir='ltr'><strong>Εἶτα</strong></span> <span class='ocrx_word' id='word_1_612' title='bbox 2882 4042 2981 4112; x_wconf 81' lang='grc' dir='ltr'><strong>τήν</strong></span> <span class='ocrx_word' id='word_1_613' title='bbox 3028 4045 3186 4115; x_wconf 86' lang='grc' dir='ltr'><strong>χεῖρα</strong></span> <span class='ocrx_word' id='word_1_614' title='bbox 3214 4042 3489 4110; x_wconf 76' lang='grc' dir='ltr'><strong>βάλλεται,</strong></span> <span class='ocrx_word' id='word_1_615' title='bbox 3522 4045 3550 4094; x_wconf 87' lang='lat'><strong>6</strong></span> <span class='ocrx_word' id='word_1_616' title='bbox 3579 4043 3753 4103; x_wconf 84' lang='grc' dir='ltr'><strong>ῖππος</strong></span> 
     </span>
    </p>
   </div>
   <div class='ocr_carea' id='block_1_89' title="bbox 2186 4130 3759 4200">
    <p class='ocr_par' dir='ltr' id='par_1_89' title="bbox 2186 4130 3759 4200">
     <span class='ocr_line' id='line_1_89' title="bbox 2186 4130 3759 4200; baseline 0.002 -17"><span class='ocrx_word' id='word_1_617' title='bbox 2186 4130 2350 4185; x_wconf 80' lang='grc' dir='ltr'><strong>αὑτοῦ</strong></span> <span class='ocrx_word' id='word_1_618' title='bbox 2374 4131 2837 4194; x_wconf 75' lang='grc' dir='ltr'><strong>κατακοντίζεται.</strong></span> <span class='ocrx_word' id='word_1_619' title='bbox 2872 4133 3033 4187; x_wconf 77' lang='grc' dir='ltr'><strong>Ἀλλὰ</strong></span> <span class='ocrx_word' id='word_1_620' title='bbox 3063 4135 3156 4185; x_wconf 76' lang='grc' dir='ltr'><strong>καὶ</strong></span> <span class='ocrx_word' id='word_1_621' title='bbox 3195 4133 3467 4197; x_wconf 75' lang='grc' dir='ltr'><strong>πεζεύσας</strong></span> <span class='ocrx_word' id='word_1_622' title='bbox 3489 4132 3759 4200; x_wconf 80' lang='grc' dir='ltr'><strong>γενναίως</strong></span> 
     </span>
    </p>
   </div>
   <div class='ocr_carea' id='block_1_90' title="bbox 2186 4222 3756 4295">
    <p class='ocr_par' dir='ltr' id='par_1_90' title="bbox 2186 4222 3756 4295">
     <span class='ocr_line' id='line_1_90' title="bbox 2186 4222 3756 4295; baseline 0.001 -22"><span class='ocrx_word' id='word_1_623' title='bbox 2186 4223 2420 4275; x_wconf 79' lang='grc' dir='ltr'><strong>ἵσταται.</strong></span> <span class='ocrx_word' id='word_1_624' title='bbox 2469 4222 2606 4291; x_wconf 78' lang='grc' dir='ltr'><strong>Ἀλλ’</strong></span> <span class='ocrx_word' id='word_1_625' title='bbox 2642 4222 2686 4275; x_wconf 81' lang='grc' dir='ltr'>ὦ</span> <span class='ocrx_word' id='word_1_626' title='bbox 2718 4223 2811 4275; x_wconf 75' lang='grc' dir='ltr'><strong>τοῦ</strong></span> <span class='ocrx_word' id='word_1_627' title='bbox 2860 4224 3190 4293; x_wconf 74' lang='grc' dir='ltr'><strong>πτώματοςί</strong></span> <span class='ocrx_word' id='word_1_628' title='bbox 3226 4223 3383 4277; x_wconf 83' lang='grc' dir='ltr'><strong>Μετὰ</strong></span> <span class='ocrx_word' id='word_1_629' title='bbox 3422 4225 3529 4295; x_wconf 79' lang='grc' dir='ltr'><strong>γὰρ</strong></span> <span class='ocrx_word' id='word_1_630' title='bbox 3580 4224 3756 4281; x_wconf 82' lang='grc' dir='ltr'><strong>ταῦτα</strong></span> 
     </span>
    </p>
   </div>
   <div class='ocr_carea' id='block_1_91' title="bbox 2186 4314 3759 4390">
    <p class='ocr_par' dir='ltr' id='par_1_91' title="bbox 2186 4314 3759 4390">
     <span class='ocr_line' id='line_1_91' title="bbox 2186 4314 3759 4390; baseline 0.003 -24"><span class='ocrx_word' id='word_1_631' title='bbox 2186 4315 2363 4369; x_wconf 75' lang='grc' dir='ltr'><strong>πάντα</strong></span> <span class='ocrx_word' id='word_1_632' title='bbox 2390 4317 2502 4377; x_wconf 87' lang='grc' dir='ltr'><strong>τοῖς</strong></span> <span class='ocrx_word' id='word_1_633' title='bbox 2537 4316 2750 4384; x_wconf 76' lang='grc' dir='ltr'><strong>ἐχθροῖς</strong></span> <span class='ocrx_word' id='word_1_634' title='bbox 2780 4314 3056 4385; x_wconf 77' lang='grc' dir='ltr'><strong>ἁλώσιμος</strong></span> <span class='ocrx_word' id='word_1_635' title='bbox 3101 4318 3332 4383; x_wconf 77' lang='grc' dir='ltr'><strong>γίνεται,</strong></span> <span class='ocrx_word' id='word_1_636' title='bbox 3370 4318 3449 4383; x_wconf 84' lang='grc' dir='ltr'><strong>τῷ</strong></span> <span class='ocrx_word' id='word_1_637' title='bbox 3480 4319 3759 4390; x_wconf 80' lang='grc' dir='ltr'><strong>σουλτάνῳ</strong></span> 
     </span>
    </p>
   </div>
   <div class='ocr_carea' id='block_1_92' title="bbox 512 4393 2085 4479">
    <p class='ocr_par' dir='ltr' id='par_1_92' title="bbox 512 4393 2079 4475">
     <span class='ocr_line' id='line_1_92' title="bbox 512 4393 2079 4475; baseline 0.01 -32"><span class='ocrx_word' id='word_1_638' title='bbox 512 4393 608 4445; x_wconf 90' lang='lat' dir='ltr'><strong>diu</strong></span> <span class='ocrx_word' id='word_1_639' title='bbox 632 4404 981 4449; x_wconf 87' lang='lat' dir='ltr'><strong>consectatus</strong></span> <span class='ocrx_word' id='word_1_640' title='bbox 1004 4401 1225 4452; x_wconf 87' lang='lat' dir='ltr'><strong>tandem</strong></span> <span class='ocrx_word' id='word_1_641' title='bbox 1247 4400 1554 4455; x_wconf 86' lang='lat' dir='ltr'><strong>subsistens</strong></span> <span class='ocrx_word' id='word_1_642' title='bbox 1575 4402 1803 4457; x_wconf 88' lang='lat' dir='ltr'><strong>ulterius</strong></span> <span class='ocrx_word' id='word_1_643' title='bbox 1827 4405 2079 4475; x_wconf 83' lang='lat' dir='ltr'><strong>progredi</strong></span> 
     </span>
    </p>
   </div>
   <div class='ocr_carea' id='block_1_93' title="bbox 2190 4393 3761 4479">
    <p class='ocr_par' dir='ltr' id='par_1_93' title="bbox 2190 4405 3761 4479">
     <span class='ocr_line' id='line_1_93' title="bbox 2190 4405 3761 4479; baseline 0.004 -22"><span class='ocrx_word' id='word_1_644' title='bbox 2190 4405 2399 4473; x_wconf 75' lang='grc' dir='ltr'><strong>δέσμιος</strong></span> <span class='ocrx_word' id='word_1_645' title='bbox 2454 4405 2665 4471; x_wconf 76' lang='grc' dir='ltr'><strong>ἄγεται.</strong></span> <span class='ocrx_word' id='word_1_646' title='bbox 2699 4407 2808 4461; x_wconf 71' lang='grc' dir='ltr'><strong>Καὶ</strong></span> <span class='ocrx_word' id='word_1_647' title='bbox 2866 4406 2923 4469; x_wconf 81' lang='grc' dir='ltr'><strong>ὃς</strong></span> <span class='ocrx_word' id='word_1_648' title='bbox 2974 4406 3067 4459; x_wconf 81' lang='grc' dir='ltr'><strong>τοῦ</strong></span> <span class='ocrx_word' id='word_1_649' title='bbox 3122 4408 3311 4477; x_wconf 72' lang='grc' dir='ltr'><strong>θρόνου</strong></span> <span class='ocrx_word' id='word_1_650' title='bbox 3359 4409 3606 4479; x_wconf 72' lang='grc' dir='ltr'><strong>ἀνέθορε,</strong></span> <span class='ocrx_word' id='word_1_651' title='bbox 3659 4410 3761 4463; x_wconf 76' lang='grc' dir='ltr'><strong>καὶ</strong></span> 
     </span>
    </p>
   </div>
   <div class='ocr_carea' id='block_1_94' title="bbox 515 4481 2075 4561">
    <p class='ocr_par' dir='ltr' id='par_1_94' title="bbox 515 4481 2075 4561">
     <span class='ocr_line' id='line_1_94' title="bbox 515 4481 2075 4561; baseline 0.009 -27"><span class='ocrx_word' id='word_1_652' title='bbox 515 4481 822 4547; x_wconf 85' lang='lat' dir='ltr'><strong>desinebat,</strong></span> <span class='ocrx_word' id='word_1_653' title='bbox 847 4501 915 4540; x_wconf 88' lang='lat' dir='ltr'><strong>ne</strong></span> <span class='ocrx_word' id='word_1_654' title='bbox 946 4485 1086 4541; x_wconf 86' lang='lat' dir='ltr'><strong>forte</strong></span> <span class='ocrx_word' id='word_1_655' title='bbox 1115 4489 1246 4557; x_wconf 90' lang='lat' dir='ltr'><strong>quid</strong></span> <span class='ocrx_word' id='word_1_656' title='bbox 1276 4490 1619 4559; x_wconf 88' lang='lat' dir='ltr'><strong>inopinatum</strong></span> <span class='ocrx_word' id='word_1_657' title='bbox 1650 4493 1751 4561; x_wconf 83' lang='lat' dir='ltr'><strong>ipsi</strong></span> <span class='ocrx_word' id='word_1_658' title='bbox 1779 4494 2075 4549; x_wconf 86' lang='lat' dir='ltr'><strong>accideret.</strong></span> 
     </span>
    </p>
   </div>
   <div class='ocr_carea' id='block_1_95' title="bbox 512 4572 2079 4648">
    <p class='ocr_par' dir='ltr' id='par_1_95' title="bbox 512 4572 2079 4648">
     <span class='ocr_line' id='line_1_95' title="bbox 512 4572 2079 4648; baseline 0.009 -23"><span class='ocrx_word' id='word_1_659' title='bbox 512 4572 679 4642; x_wconf 79' lang='lat'><strong>328</strong></span> <span class='ocrx_word' id='word_1_660' title='bbox 704 4574 1047 4645; x_wconf 81' lang='lat' dir='ltr'><strong>Quapropter</strong></span> <span class='ocrx_word' id='word_1_661' title='bbox 1073 4580 1238 4632; x_wconf 86' lang='lat' dir='ltr'><strong>etiam</strong></span> <span class='ocrx_word' id='word_1_662' title='bbox 1272 4580 1615 4648; x_wconf 77' lang='lat' dir='ltr'><strong>imperatoris</strong></span> <span class='ocrx_word' id='word_1_663' title='bbox 1642 4584 1901 4638; x_wconf 78' lang='lat' dir='ltr'><strong>vexillum</strong></span> <span class='ocrx_word' id='word_1_664' title='bbox 1930 4600 2079 4639; x_wconf 81' lang='lat' dir='ltr'><strong>rece-</strong></span> 
     </span>
    </p>
   </div>
   <div class='ocr_carea' id='block_1_96' title="bbox 514 4666 2077 4744">
    <p class='ocr_par' dir='ltr' id='par_1_96' title="bbox 514 4666 2077 4744">
     <span class='ocr_line' id='line_1_96' title="bbox 514 4666 2077 4744; baseline 0.01 -27"><span class='ocrx_word' id='word_1_665' title='bbox 514 4666 697 4720; x_wconf 71' lang='lat' dir='ltr'><strong>debat.</strong></span> <span class='ocrx_word' id='word_1_666' title='bbox 723 4668 986 4743; x_wconf 72' lang='lat' dir='ltr'><strong>Legiones</strong></span> <span class='ocrx_word' id='word_1_667' title='bbox 1007 4684 1073 4722; x_wconf 88' lang='lat' dir='ltr'><strong>eo</strong></span> <span class='ocrx_word' id='word_1_668' title='bbox 1104 4670 1349 4725; x_wconf 81' lang='lat' dir='ltr'><strong>discessu</strong></span> <span class='ocrx_word' id='word_1_669' title='bbox 1381 4684 1698 4744; x_wconf 84' lang='lat' dir='ltr'><strong>conspecto,</strong></span> <span class='ocrx_word' id='word_1_670' title='bbox 1720 4691 1844 4730; x_wconf 89' lang='lat' dir='ltr'><strong>cum</strong></span> <span class='ocrx_word' id='word_1_671' title='bbox 1874 4678 2077 4731; x_wconf 80' lang='lat' dir='ltr'><strong>victum</strong></span> 
     </span>
    </p>
   </div>
   <div class='ocr_carea' id='block_1_97' title="bbox 512 4761 2079 4837">
    <p class='ocr_par' dir='ltr' id='par_1_97' title="bbox 512 4761 2079 4837">
     <span class='ocr_line' id='line_1_97' title="bbox 512 4761 2079 4837; baseline 0.008 -27"><span class='ocrx_word' id='word_1_672' title='bbox 512 4772 636 4811; x_wconf 75' lang='lat' dir='ltr'><strong>esse</strong></span> <span class='ocrx_word' id='word_1_673' title='bbox 678 4761 980 4827; x_wconf 74' lang='lat' dir='ltr'><strong>cogitarent</strong></span> <span class='ocrx_word' id='word_1_674' title='bbox 1032 4762 1436 4829; x_wconf 69' lang='lat' dir='ltr'><strong>imperatorem,</strong></span> <span class='ocrx_word' id='word_1_675' title='bbox 1491 4765 1622 4821; x_wconf 87' lang='lat' dir='ltr'><strong>hinc</strong></span> <span class='ocrx_word' id='word_1_676' title='bbox 1670 4767 1796 4821; x_wconf 90' lang='lat' dir='ltr'><strong>inde</strong></span> <span class='ocrx_word' id='word_1_677' title='bbox 1845 4768 2079 4837; x_wconf 85' lang='lat' dir='ltr'><strong>dissipa-</strong></span> 
     </span>
    </p>
   </div>
   <div class='ocr_carea' id='block_1_98' title="bbox 515 4849 2077 4924">
    <p class='ocr_par' dir='ltr' id='par_1_98' title="bbox 515 4849 2077 4924">
     <span class='ocr_line' id='line_1_98' title="bbox 515 4849 2077 4924; baseline 0.009 -24"><span class='ocrx_word' id='word_1_678' title='bbox 515 4849 735 4902; x_wconf 85' lang='lat' dir='ltr'><strong>bantur.</strong></span> <span class='ocrx_word' id='word_1_679' title='bbox 784 4850 894 4904; x_wconf 79' lang='lat' dir='ltr'><strong>liac</strong></span> <span class='ocrx_word' id='word_1_680' title='bbox 934 4866 992 4905; x_wconf 89' lang='lat' dir='ltr'><strong>re</strong></span> <span class='ocrx_word' id='word_1_681' title='bbox 1040 4850 1258 4906; x_wconf 77' lang='lat' dir='ltr'><strong>sultanb</strong></span> <span class='ocrx_word' id='word_1_682' title='bbox 1303 4855 1607 4924; x_wconf 74' lang='lat' dir='ltr'><strong>signiﬁcata</strong></span> <span class='ocrx_word' id='word_1_683' title='bbox 1658 4860 1860 4911; x_wconf 87' lang='lat' dir='ltr'><strong>factum</strong></span> <span class='ocrx_word' id='word_1_684' title='bbox 1895 4868 1980 4913; x_wconf 85' lang='lat' dir='ltr'><strong>est</strong></span> <span class='ocrx_word' id='word_1_685' title='bbox 2018 4869 2077 4914; x_wconf 87' lang='lat' dir='ltr'><strong>ut</strong></span> 
     </span>
    </p>
   </div>
   <div class='ocr_carea' id='block_1_99' title="bbox 515 4939 2076 5017">
    <p class='ocr_par' dir='ltr' id='par_1_99' title="bbox 515 4939 2076 5017">
     <span class='ocr_line' id='line_1_99' title="bbox 515 4939 2076 5017; baseline 0.008 -26"><span class='ocrx_word' id='word_1_686' title='bbox 515 4939 668 5008; x_wconf 83' lang='lat' dir='ltr'><strong>prius</strong></span> <span class='ocrx_word' id='word_1_687' title='bbox 714 4941 770 4994; x_wconf 91' lang='lat' dir='ltr'><strong>in</strong></span> <span class='ocrx_word' id='word_1_688' title='bbox 804 4941 985 5011; x_wconf 83' lang='lat' dir='ltr'><strong>fugam</strong></span> <span class='ocrx_word' id='word_1_689' title='bbox 1022 4946 1128 4998; x_wconf 88' lang='lat' dir='ltr'><strong>acti</strong></span> <span class='ocrx_word' id='word_1_690' title='bbox 1174 4946 1283 5015; x_wconf 81' lang='lat' dir='ltr'><strong>jam</strong></span> <span class='ocrx_word' id='word_1_691' title='bbox 1321 4948 1562 5002; x_wconf 82' lang='lat' dir='ltr'><strong>vicissim</strong></span> <span class='ocrx_word' id='word_1_692' title='bbox 1593 4960 1984 5017; x_wconf 80' lang='lat' dir='ltr'><strong>persequentes</strong></span> <span class='ocrx_word' id='word_1_693' title='bbox 2018 4966 2076 5004; x_wconf 88' lang='lat' dir='ltr'><strong>se</strong></span> 
     </span>
    </p>
   </div>
   <div class='ocr_carea' id='block_1_100' title="bbox 515 5037 2073 5109">
    <p class='ocr_par' dir='ltr' id='par_1_100' title="bbox 515 5037 2073 5109">
     <span class='ocr_line' id='line_1_100' title="bbox 515 5037 2073 5109; baseline 0.008 -26"><span class='ocrx_word' id='word_1_694' title='bbox 515 5044 996 5101; x_wconf 72' lang='lat' dir='ltr'><strong>persequerentur.</strong></span> <span class='ocrx_word' id='word_1_695' title='bbox 1037 5037 1178 5101; x_wconf 80' lang='lat' dir='ltr'><strong>Quid</strong></span> <span class='ocrx_word' id='word_1_696' title='bbox 1223 5039 1387 5094; x_wconf 86' lang='lat' dir='ltr'><strong>inde?</strong></span> <span class='ocrx_word' id='word_1_697' title='bbox 1419 5039 1608 5094; x_wconf 77' lang='lat' dir='ltr'><strong>Manus</strong></span> <span class='ocrx_word' id='word_1_698' title='bbox 1637 5041 1911 5109; x_wconf 89' lang='lat' dir='ltr'><strong>utrimque</strong></span> <span class='ocrx_word' id='word_1_699' title='bbox 1943 5055 2073 5095; x_wconf 80' lang='lat' dir='ltr'><strong>con-</strong></span> 
     </span>
    </p>
   </div>
   <div class='ocr_carea' id='block_1_101' title="bbox 513 5130 2078 5204">
    <p class='ocr_par' dir='ltr' id='par_1_101' title="bbox 513 5130 2078 5204">
     <span class='ocr_line' id='line_1_101' title="bbox 513 5130 2078 5204; baseline 0.008 -27"><span class='ocrx_word' id='word_1_700' title='bbox 513 5137 795 5193; x_wconf 76' lang='lat' dir='ltr'><strong>seruntur,</strong></span> <span class='ocrx_word' id='word_1_701' title='bbox 838 5138 895 5182; x_wconf 87' lang='lat' dir='ltr'><strong>et</strong></span> <span class='ocrx_word' id='word_1_702' title='bbox 947 5130 1329 5199; x_wconf 88' lang='lat' dir='ltr'><strong>imperatorem</strong></span> <span class='ocrx_word' id='word_1_703' title='bbox 1379 5135 1558 5203; x_wconf 86' lang='lat' dir='ltr'><strong>ipsum</strong></span> <span class='ocrx_word' id='word_1_704' title='bbox 1594 5134 1848 5187; x_wconf 84' lang='lat' dir='ltr'><strong>sultanici</strong></span> <span class='ocrx_word' id='word_1_705' title='bbox 1889 5149 2078 5204; x_wconf 85' lang='lat' dir='ltr'><strong>aggre-</strong></span> 
     </span>
    </p>
   </div>
   <div class='ocr_carea' id='block_1_102' title="bbox 511 5216 2076 5292">
    <p class='ocr_par' dir='ltr' id='par_1_102' title="bbox 511 5216 2076 5292">
     <span class='ocr_line' id='line_1_102' title="bbox 511 5216 2076 5292; baseline 0.007 -23"><span class='ocrx_word' id='word_1_706' title='bbox 511 5216 758 5270; x_wconf 78' lang='lat' dir='ltr'><strong>diuntur.</strong></span> <span class='ocrx_word' id='word_1_707' title='bbox 818 5219 910 5274; x_wconf 88' lang='lat' dir='ltr'><strong>Ille</strong></span> <span class='ocrx_word' id='word_1_708' title='bbox 958 5236 1088 5275; x_wconf 85' lang='lat' dir='ltr'><strong>vero</strong></span> <span class='ocrx_word' id='word_1_709' title='bbox 1136 5232 1392 5292; x_wconf 81' lang='lat' dir='ltr'><strong>tanquam</strong></span> <span class='ocrx_word' id='word_1_710' title='bbox 1427 5224 1509 5275; x_wconf 80' lang='lat' dir='ltr'><strong>vir</strong></span> <span class='ocrx_word' id='word_1_711' title='bbox 1564 5222 1776 5277; x_wconf 87' lang='lat' dir='ltr'><strong>bellicis</strong></span> <span class='ocrx_word' id='word_1_712' title='bbox 1808 5223 1860 5276; x_wconf 90' lang='lat' dir='ltr'><strong>in</strong></span> <span class='ocrx_word' id='word_1_713' title='bbox 1913 5226 2076 5280; x_wconf 85' lang='lat' dir='ltr'><strong>rebus</strong></span> 
     </span>
    </p>
   </div>
   <div class='ocr_carea' id='block_1_103' title="bbox 510 5312 2077 5385">
    <p class='ocr_par' dir='ltr' id='par_1_103' title="bbox 510 5312 2077 5385">
     <span class='ocr_line' id='line_1_103' title="bbox 510 5312 2077 5385; baseline 0.006 -23"><span class='ocrx_word' id='word_1_714' title='bbox 510 5312 814 5376; x_wconf 86' lang='lat' dir='ltr'><strong>animosus,</strong></span> <span class='ocrx_word' id='word_1_715' title='bbox 854 5316 1105 5370; x_wconf 78' lang='lat' dir='ltr'><strong>hostibus</strong></span> <span class='ocrx_word' id='word_1_716' title='bbox 1145 5316 1365 5385; x_wconf 77' lang='lat' dir='ltr'><strong>egregie</strong></span> <span class='ocrx_word' id='word_1_717' title='bbox 1410 5326 1584 5370; x_wconf 84' lang='lat' dir='ltr'><strong>semet</strong></span> <span class='ocrx_word' id='word_1_718' title='bbox 1630 5317 1860 5384; x_wconf 83' lang='lat' dir='ltr'><strong>opponit</strong></span> <span class='ocrx_word' id='word_1_719' title='bbox 1905 5319 2077 5371; x_wconf 86' lang='lat' dir='ltr'><strong>mani-</strong></span> 
     </span>
    </p>
   </div>
   <div class='ocr_carea' id='block_1_104' title="bbox 511 5407 2072 5479">
    <p class='ocr_par' dir='ltr' id='par_1_104' title="bbox 511 5407 2072 5479">
     <span class='ocr_line' id='line_1_104' title="bbox 511 5407 2072 5479; baseline 0.004 -20"><span class='ocrx_word' id='word_1_720' title='bbox 511 5407 720 5475; x_wconf 83' lang='lat' dir='ltr'><strong>busque</strong></span> <span class='ocrx_word' id='word_1_721' title='bbox 773 5408 887 5460; x_wconf 85' lang='lat' dir='ltr'><strong>suis</strong></span> <span class='ocrx_word' id='word_1_722' title='bbox 938 5409 1248 5477; x_wconf 87' lang='lat' dir='ltr'><strong>complures</strong></span> <span class='ocrx_word' id='word_1_723' title='bbox 1302 5407 1582 5461; x_wconf 82' lang='lat' dir='ltr'><strong>interficit.</strong></span> <span class='ocrx_word' id='word_1_724' title='bbox 1632 5407 1759 5463; x_wconf 88' lang='lat' dir='ltr'><strong>Inde</strong></span> <span class='ocrx_word' id='word_1_725' title='bbox 1814 5412 2072 5479; x_wconf 80' lang='lat' dir='ltr'><strong>pugnanti</strong></span> 
     </span>
    </p>
   </div>
   <div class='ocr_carea' id='block_1_105' title="bbox 510 5501 2078 5573">
    <p class='ocr_par' dir='ltr' id='par_1_105' title="bbox 510 5501 2078 5573">
     <span class='ocr_line' id='line_1_105' title="bbox 510 5501 2078 5573; baseline 0.004 -22"><span class='ocrx_word' id='word_1_726' title='bbox 510 5515 704 5555; x_wconf 87' lang='lat' dir='ltr'><strong>manus</strong></span> <span class='ocrx_word' id='word_1_727' title='bbox 736 5501 1055 5555; x_wconf 73' lang='lat' dir='ltr'><strong>vulneratur</strong></span> <span class='ocrx_word' id='word_1_728' title='bbox 1084 5511 1140 5555; x_wconf 89' lang='lat' dir='ltr'><strong>ct</strong></span> <span class='ocrx_word' id='word_1_729' title='bbox 1173 5517 1347 5570; x_wconf 81' lang='lat' dir='ltr'><strong>equus</strong></span> <span class='ocrx_word' id='word_1_730' title='bbox 1371 5502 1554 5573; x_wconf 85' lang='lat' dir='ltr'><strong>jaculo</strong></span> <span class='ocrx_word' id='word_1_731' title='bbox 1582 5504 1895 5572; x_wconf 78' lang='lat' dir='ltr'><strong>conligitur.</strong></span> <span class='ocrx_word' id='word_1_732' title='bbox 1929 5504 2078 5558; x_wconf 82' lang='lat' dir='ltr'><strong>Nihi-</strong></span> 
     </span>
    </p>
   </div>
   <div class='ocr_carea' id='block_1_106' title="bbox 484 5586 2069 5669">
    <p class='ocr_par' dir='ltr' id='par_1_106' title="bbox 484 5586 2069 5669">
     <span class='ocr_line' id='line_1_106' title="bbox 484 5586 2069 5669; baseline 0.006 -24"><span class='ocrx_word' id='word_1_733' title='bbox 484 5586 747 5647; x_wconf 76' lang='lat' dir='ltr'><strong>lominus</strong></span> <span class='ocrx_word' id='word_1_734' title='bbox 788 5597 953 5647; x_wconf 86' lang='lat' dir='ltr'><strong>etiam</strong></span> <span class='ocrx_word' id='word_1_735' title='bbox 1006 5594 1170 5664; x_wconf 79' lang='lat' dir='ltr'><strong>pedes</strong></span> <span class='ocrx_word' id='word_1_736' title='bbox 1204 5597 1451 5651; x_wconf 88' lang='lat' dir='ltr'><strong>animose</strong></span> <span class='ocrx_word' id='word_1_737' title='bbox 1495 5597 1817 5669; x_wconf 88' lang='lat' dir='ltr'><strong>fortiterque</strong></span> <span class='ocrx_word' id='word_1_738' title='bbox 1850 5599 2069 5654; x_wconf 86' lang='lat' dir='ltr'><strong>resistit.</strong></span> 
     </span>
    </p>
   </div>
   <div class='ocr_carea' id='block_1_107' title="bbox 511 5684 2075 5762">
    <p class='ocr_par' dir='ltr' id='par_1_107' title="bbox 511 5684 2075 5762">
     <span class='ocr_line' id='line_1_107' title="bbox 511 5684 2075 5762; baseline 0.006 -25"><span class='ocrx_word' id='word_1_739' title='bbox 511 5684 614 5737; x_wconf 83' lang='lat' dir='ltr'><strong>Sed</strong></span> <span class='ocrx_word' id='word_1_740' title='bbox 649 5704 679 5739; x_wconf 85' lang='grc' dir='ltr'><strong>ο</strong></span> <span class='ocrx_word' id='word_1_741' title='bbox 712 5702 897 5742; x_wconf 84' lang='lat' dir='ltr'><strong>casum</strong></span> <span class='ocrx_word' id='word_1_742' title='bbox 936 5688 1240 5743; x_wconf 82' lang='lat' dir='ltr'><strong>infelicem!</strong></span> <span class='ocrx_word' id='word_1_743' title='bbox 1277 5689 1331 5743; x_wconf 86' lang='lat' dir='ltr'><strong>in</strong></span> <span class='ocrx_word' id='word_1_744' title='bbox 1367 5689 1606 5745; x_wconf 81' lang='lat' dir='ltr'><strong>hostium</strong></span> <span class='ocrx_word' id='word_1_745' title='bbox 1646 5692 1885 5762; x_wconf 88' lang='lat' dir='ltr'><strong>denique</strong></span> <span class='ocrx_word' id='word_1_746' title='bbox 1921 5700 2075 5762; x_wconf 80' lang='lat' dir='ltr'><strong>pote-</strong></span> 
     </span>
    </p>
   </div>
   <div class='ocr_carea' id='block_1_108' title="bbox 2188 4496 3757 4569">
    <p class='ocr_par' dir='ltr' id='par_1_108' title="bbox 2188 4496 3757 4569">
     <span class='ocr_line' id='line_1_108' title="bbox 2188 4496 3757 4569; baseline 0.006 -21"><span class='ocrx_word' id='word_1_747' title='bbox 2188 4497 2435 4566; x_wconf 84' lang='grc' dir='ltr'><strong>πατήσας</strong></span> <span class='ocrx_word' id='word_1_748' title='bbox 2466 4496 2556 4548; x_wconf 86' lang='grc' dir='ltr'><strong>τὸν</strong></span> <span class='ocrx_word' id='word_1_749' title='bbox 2595 4497 2797 4565; x_wconf 75' lang='grc' dir='ltr'><strong>αὐχένα</strong></span> <span class='ocrx_word' id='word_1_750' title='bbox 2831 4498 3077 4568; x_wconf 85' lang='grc' dir='ltr'><strong>συνήθως</strong></span> <span class='ocrx_word' id='word_1_751' title='bbox 3110 4498 3277 4552; x_wconf 80' lang='grc' dir='ltr'><strong>αὑτοῦ</strong></span> <span class='ocrx_word' id='word_1_752' title='bbox 3307 4500 3403 4568; x_wconf 80' lang='grc' dir='ltr'><strong>τῆς</strong></span> <span class='ocrx_word' id='word_1_753' title='bbox 3433 4503 3534 4569; x_wconf 73' lang='grc' dir='ltr'><strong>γῆς</strong></span> <span class='ocrx_word' id='word_1_754' title='bbox 3564 4500 3757 4556; x_wconf 78' lang='grc' dir='ltr'><strong>τοῦτον</strong></span> 
     </span>
    </p>
   </div>
   <div class='ocr_carea' id='block_1_109' title="bbox 2185 4588 3754 4660">
    <p class='ocr_par' dir='ltr' id='par_1_109' title="bbox 2185 4588 3754 4660">
     <span class='ocr_line' id='line_1_109' title="bbox 2185 4588 3754 4660; baseline 0.008 -20"><span class='ocrx_word' id='word_1_755' title='bbox 2185 4588 2458 4655; x_wconf 76' lang='grc' dir='ltr'><strong>ἀνίστησι,</strong></span> <span class='ocrx_word' id='word_1_756' title='bbox 2490 4589 2586 4640; x_wconf 82' lang='grc' dir='ltr'><strong>καὶ</strong></span> <span class='ocrx_word' id='word_1_757' title='bbox 2638 4589 3130 4657; x_wconf 72' lang='grc' dir='ltr'><strong>περιπτυξᾶμενος,</strong></span> <span class='ocrx_word' id='word_1_758' title='bbox 3174 4608 3193 4641; x_wconf 82' lang='grc' dir='ltr'><strong>ι</strong></span> <span class='ocrx_word' id='word_1_759' title='bbox 3220 4590 3313 4659; x_wconf 79' lang='grc' dir='ltr'><strong>Μὴ</strong></span> <span class='ocrx_word' id='word_1_760' title='bbox 3344 4590 3533 4657; x_wconf 68' lang='grc' dir='ltr'><strong>δέδιθι,</strong></span> <span class='ocrx_word' id='word_1_761' title='bbox 3568 4610 3586 4642; x_wconf 72' lang='grc' dir='ltr'><strong>ι</strong></span> <span class='ocrx_word' id='word_1_762' title='bbox 3620 4592 3754 4660; x_wconf 75' lang='grc' dir='ltr'><strong>ἔφη.</strong></span> 
     </span>
    </p>
   </div>
   <div class='ocr_carea' id='block_1_110' title="bbox 2192 4678 3757 4752">
    <p class='ocr_par' dir='ltr' id='par_1_110' title="bbox 2192 4678 3757 4752">
     <span class='ocr_line' id='line_1_110' title="bbox 2192 4678 3757 4752; baseline 0.003 -21"><span class='ocrx_word' id='word_1_763' title='bbox 2192 4697 2211 4731; x_wconf 82' lang='grc' dir='ltr'><strong>ι</strong></span> <span class='ocrx_word' id='word_1_764' title='bbox 2260 4679 2305 4731; x_wconf 81' lang='grc' dir='ltr'><strong>ὦ</strong></span> <span class='ocrx_word' id='word_1_765' title='bbox 2360 4678 2577 4747; x_wconf 80' lang='grc' dir='ltr'><strong>βασιλεῦ</strong></span> <span class='ocrx_word' id='word_1_766' title='bbox 2607 4694 2621 4709; x_wconf 73' lang='grc'><strong><em>⁸</em></strong></span> <span class='ocrx_word' id='word_1_767' title='bbox 2652 4679 2772 4732; x_wconf 74' lang='grc' dir='ltr'><strong>οὐδὲ</strong></span> <span class='ocrx_word' id='word_1_768' title='bbox 2806 4681 2915 4750; x_wconf 68' lang='grc' dir='ltr'><strong>γὰρ</strong></span> <span class='ocrx_word' id='word_1_769' title='bbox 2947 4680 3236 4751; x_wconf 80' lang='grc' dir='ltr'><strong>ὲγκύρσεις</strong></span> <span class='ocrx_word' id='word_1_770' title='bbox 3287 4682 3518 4752; x_wconf 81' lang='grc' dir='ltr'><strong>κινδύνῳ</strong></span> <span class='ocrx_word' id='word_1_771' title='bbox 3562 4700 3757 4752; x_wconf 66' lang='grc' dir='ltr'><strong>σωμασ-</strong></span> 
     </span>
    </p>
   </div>
   <div class='ocr_carea' id='block_1_111' title="bbox 2183 4770 3758 4844">
    <p class='ocr_par' dir='ltr' id='par_1_111' title="bbox 2183 4770 3758 4844">
     <span class='ocr_line' id='line_1_111' title="bbox 2183 4770 3758 4844; baseline 0.003 -21"><span class='ocrx_word' id='word_1_772' title='bbox 2183 4770 2341 4840; x_wconf 84' lang='grc' dir='ltr'><strong>τικῷ,</strong></span> <span class='ocrx_word' id='word_1_773' title='bbox 2377 4770 2542 4833; x_wconf 77' lang='grc' dir='ltr'><strong>ἀξίως</strong></span> <span class='ocrx_word' id='word_1_774' title='bbox 2574 4771 2629 4822; x_wconf 80' lang='grc' dir='ltr'><strong>δε</strong></span> <span class='ocrx_word' id='word_1_775' title='bbox 2676 4773 2928 4841; x_wconf 71' lang='grc' dir='ltr'><strong>τιμηθεὶς</strong></span> <span class='ocrx_word' id='word_1_776' title='bbox 2963 4773 3064 4838; x_wconf 77' lang='grc' dir='ltr'><strong>τῆς</strong></span> <span class='ocrx_word' id='word_1_777' title='bbox 3112 4772 3206 4825; x_wconf 81' lang='grc' dir='ltr'><strong>τοῦ</strong></span> <span class='ocrx_word' id='word_1_778' title='bbox 3263 4775 3497 4842; x_wconf 76' lang='grc' dir='ltr'><strong>κράτους</strong></span> <span class='ocrx_word' id='word_1_779' title='bbox 3553 4776 3758 4844; x_wconf 80' lang='grc' dir='ltr'><strong>ὑπερο-</strong></span> 
     </span>
    </p>
   </div>
   <div class='ocr_carea' id='block_1_112' title="bbox 2184 4862 3753 4935">
    <p class='ocr_par' dir='ltr' id='par_1_112' title="bbox 2184 4862 3753 4935">
     <span class='ocr_line' id='line_1_112' title="bbox 2184 4862 3753 4935; baseline 0.003 -20"><span class='ocrx_word' id='word_1_780' title='bbox 2184 4862 2324 4932; x_wconf 79' lang='grc' dir='ltr'><strong>χῆς·</strong></span> <span class='ocrx_word' id='word_1_781' title='bbox 2375 4863 2567 4930; x_wconf 82' lang='grc' dir='ltr'><strong>ἄλογος</strong></span> <span class='ocrx_word' id='word_1_782' title='bbox 2613 4863 2722 4932; x_wconf 71' lang='grc' dir='ltr'><strong>γὰρ</strong></span> <span class='ocrx_word' id='word_1_783' title='bbox 2766 4865 2889 4932; x_wconf 74' lang='grc' dir='ltr'><strong>ἐμοὶ</strong></span> <span class='ocrx_word' id='word_1_784' title='bbox 2933 4863 3208 4930; x_wconf 74' lang='grc' dir='ltr'><strong>λογίζεται</strong></span> <span class='ocrx_word' id='word_1_785' title='bbox 3251 4867 3459 4929; x_wconf 75' lang='grc' dir='ltr'><strong>ἐκεῖνος</strong></span> <span class='ocrx_word' id='word_1_786' title='bbox 3489 4869 3516 4919; x_wconf 87' lang='lat'><strong>6</strong></span> <span class='ocrx_word' id='word_1_787' title='bbox 3545 4870 3617 4935; x_wconf 76' lang='grc' dir='ltr'><strong>μὴ</strong></span> <span class='ocrx_word' id='word_1_788' title='bbox 3651 4870 3753 4929; x_wconf 80' lang='grc' dir='ltr'><strong>τας</strong></span> 
     </span>
    </p>
   </div>
   <div class='ocr_carea' id='block_1_113' title="bbox 2184 4955 3755 5027">
    <p class='ocr_par' dir='ltr' id='par_1_113' title="bbox 2184 4955 3755 5027">
     <span class='ocr_line' id='line_1_113' title="bbox 2184 4955 3755 5027; baseline 0.004 -19"><span class='ocrx_word' id='word_1_789' title='bbox 2184 4955 2528 5025; x_wconf 83' lang='grc' dir='ltr'><strong>ἀπροόπτους</strong></span> <span class='ocrx_word' id='word_1_790' title='bbox 2569 4956 2737 5026; x_wconf 84' lang='grc' dir='ltr'><strong>τύχας</strong></span> <span class='ocrx_word' id='word_1_791' title='bbox 2776 4955 3128 5024; x_wconf 75' lang='grc' dir='ltr'><strong>λογιζόμενος</strong></span> <span class='ocrx_word' id='word_1_792' title='bbox 3178 4974 3239 5010; x_wconf 85' lang='grc' dir='ltr'><strong>τε</strong></span> <span class='ocrx_word' id='word_1_793' title='bbox 3275 4961 3369 5012; x_wconf 77' lang='grc' dir='ltr'><strong>καὶ</strong></span> <span class='ocrx_word' id='word_1_794' title='bbox 3416 4959 3755 5027; x_wconf 75' lang='grc' dir='ltr'><strong>εὐλαϐούμε-</strong></span> 
     </span>
    </p>
   </div>
   <div class='ocr_carea' id='block_1_114' title="bbox 2185 5044 3755 5119">
    <p class='ocr_par' dir='ltr' id='par_1_114' title="bbox 2185 5044 3755 5119">
     <span class='ocr_line' id='line_1_114' title="bbox 2185 5044 3755 5119; baseline 0.003 -20"><span class='ocrx_word' id='word_1_795' title='bbox 2185 5063 2292 5107; x_wconf 85' lang='grc' dir='ltr'><strong>νος.</strong></span> <span class='ocrx_word' id='word_1_796' title='bbox 2329 5065 2347 5097; x_wconf 76' lang='grc' dir='ltr'><strong>ι</strong></span> <span class='ocrx_word' id='word_1_797' title='bbox 2391 5047 2684 5118; x_wconf 84' lang='grc' dir='ltr'><strong>Σύνθρονον</strong></span> <span class='ocrx_word' id='word_1_798' title='bbox 2716 5046 2808 5101; x_wconf 80' lang='grc' dir='ltr'><strong>οὖν</strong></span> <span class='ocrx_word' id='word_1_799' title='bbox 2835 5048 2997 5102; x_wconf 79' lang='grc' dir='ltr'><strong>αὐτὸν</strong></span> <span class='ocrx_word' id='word_1_800' title='bbox 3023 5044 3138 5118; x_wconf 81' lang='grc' dir='ltr'><strong>εἶχε</strong></span> <span class='ocrx_word' id='word_1_801' title='bbox 3173 5051 3269 5104; x_wconf 73' lang='grc' dir='ltr'><strong>καὶ</strong></span> <span class='ocrx_word' id='word_1_802' title='bbox 3312 5051 3620 5119; x_wconf 84' lang='grc' dir='ltr'><strong>ὁμοδίαιτον</strong></span> <span class='ocrx_word' id='word_1_803' title='bbox 3652 5052 3755 5105; x_wconf 77' lang='grc' dir='ltr'><strong>καὶ</strong></span> 
     </span>
    </p>
   </div>
   <div class='ocr_carea' id='block_1_115' title="bbox 2181 5133 3753 5208">
    <p class='ocr_par' dir='ltr' id='par_1_115' title="bbox 2181 5133 3753 5208">
     <span class='ocr_line' id='line_1_115' title="bbox 2181 5133 3753 5208; baseline 0.003 -22"><span class='ocrx_word' id='word_1_804' title='bbox 2181 5133 2455 5202; x_wconf 76' lang='grc' dir='ltr'><strong>ὁμόδοξον,</strong></span> <span class='ocrx_word' id='word_1_805' title='bbox 2490 5136 2754 5196; x_wconf 87' lang='grc' dir='ltr'><strong>παντοίως</strong></span> <span class='ocrx_word' id='word_1_806' title='bbox 2797 5135 2963 5189; x_wconf 77' lang='grc' dir='ltr'><strong>αὑτὸν</strong></span> <span class='ocrx_word' id='word_1_807' title='bbox 3011 5137 3346 5206; x_wconf 83' lang='grc' dir='ltr'><strong>παρακαλῶν</strong></span> <span class='ocrx_word' id='word_1_808' title='bbox 3379 5141 3571 5208; x_wconf 79' lang='grc' dir='ltr'><strong>μέχρις</strong></span> <span class='ocrx_word' id='word_1_809' title='bbox 3607 5142 3753 5208; x_wconf 80' lang='grc' dir='ltr'><strong>ἡμε-</strong></span> 
     </span>
    </p>
   </div>
   <div class='ocr_carea' id='block_1_116' title="bbox 2186 5224 3751 5295">
    <p class='ocr_par' dir='ltr' id='par_1_116' title="bbox 2186 5224 3751 5295">
     <span class='ocr_line' id='line_1_116' title="bbox 2186 5224 3751 5295; baseline 0.001 -17"><span class='ocrx_word' id='word_1_810' title='bbox 2186 5225 2294 5295; x_wconf 84' lang='grc' dir='ltr'><strong>ρῶν</strong></span> <span class='ocrx_word' id='word_1_811' title='bbox 2322 5231 2393 5292; x_wconf 85' lang='grc' dir='ltr'><strong>η’.</strong></span> <span class='ocrx_word' id='word_1_812' title='bbox 2440 5224 2843 5292; x_wconf 82' lang='grc' dir='ltr'><strong>Ἐρωτήσαντος</strong></span> <span class='ocrx_word' id='word_1_813' title='bbox 2882 5224 2940 5277; x_wconf 84' lang='grc' dir='ltr'><strong>δέ</strong></span> <span class='ocrx_word' id='word_1_814' title='bbox 2995 5240 3126 5277; x_wconf 87' lang='grc' dir='ltr'><strong>ποτε</strong></span> <span class='ocrx_word' id='word_1_815' title='bbox 3173 5225 3266 5279; x_wconf 85' lang='grc' dir='ltr'><strong>τοῦ</strong></span> <span class='ocrx_word' id='word_1_816' title='bbox 3319 5227 3607 5279; x_wconf 82' lang='grc' dir='ltr'><strong>σουλτάνου</strong></span> <span class='ocrx_word' id='word_1_817' title='bbox 3654 5231 3751 5281; x_wconf 68' lang='grc' dir='ltr'><strong>τὸν</strong></span> 
     </span>
    </p>
   </div>
   <div class='ocr_carea' id='block_1_117' title="bbox 2185 5314 3741 5389">
    <p class='ocr_par' dir='ltr' id='par_1_117' title="bbox 2185 5314 3741 5389">
     <span class='ocr_line' id='line_1_117' title="bbox 2185 5314 3741 5389; baseline 0.001 -20"><span class='ocrx_word' id='word_1_818' title='bbox 2185 5318 2427 5387; x_wconf 71' lang='grc' dir='ltr'><strong>βασιλέα,</strong></span> <span class='ocrx_word' id='word_1_819' title='bbox 2468 5334 2487 5367; x_wconf 82' lang='grc' dir='ltr'><strong>ι</strong></span> <span class='ocrx_word' id='word_1_820' title='bbox 2513 5314 2577 5368; x_wconf 83' lang='grc' dir='ltr'><strong>Τί</strong></span> <span class='ocrx_word' id='word_1_821' title='bbox 2611 5315 2677 5368; x_wconf 84' lang='grc' dir='ltr'><strong>ἂν</strong></span> <span class='ocrx_word' id='word_1_822' title='bbox 2710 5316 2941 5386; x_wconf 73' lang='grc' dir='ltr'><strong>ἔδρασας</strong></span> <span class='ocrx_word' id='word_1_823' title='bbox 2967 5317 3015 5369; x_wconf 82' lang='grc' dir='ltr'><strong>εί</strong></span> <span class='ocrx_word' id='word_1_824' title='bbox 3049 5318 3204 5386; x_wconf 74' lang='grc' dir='ltr'><strong>ἔσχες</strong></span> <span class='ocrx_word' id='word_1_825' title='bbox 3228 5320 3328 5386; x_wconf 71' lang='grc' dir='ltr'><strong>ἐμὲ</strong></span> <span class='ocrx_word' id='word_1_826' title='bbox 3355 5319 3685 5389; x_wconf 82' lang='grc' dir='ltr'><strong>ὑποχείριον,</strong></span> <span class='ocrx_word' id='word_1_827' title='bbox 3719 5338 3741 5371; x_wconf 70' lang='grc' dir='ltr'><strong><em>υ</em></strong></span> 
     </span>
    </p>
   </div>
   <div class='ocr_carea' id='block_1_118' title="bbox 2182 5406 3749 5478">
    <p class='ocr_par' dir='ltr' id='par_1_118' title="bbox 2182 5406 3749 5478">
     <span class='ocr_line' id='line_1_118' title="bbox 2182 5406 3749 5478; baseline 0 -17"><span class='ocrx_word' id='word_1_828' title='bbox 2182 5408 2557 5476; x_wconf 81' lang='grc' dir='ltr'><strong>ἁνυποκρίτως</strong></span> <span class='ocrx_word' id='word_1_829' title='bbox 2586 5406 2680 5459; x_wconf 72' lang='grc' dir='ltr'><strong>καὶ</strong></span> <span class='ocrx_word' id='word_1_830' title='bbox 2709 5407 3045 5471; x_wconf 80' lang='grc' dir='ltr'><strong>ἁοωπεύτως</strong></span> <span class='ocrx_word' id='word_1_831' title='bbox 3072 5409 3101 5462; x_wconf 81' lang='lat'><strong>6</strong></span> <span class='ocrx_word' id='word_1_832' title='bbox 3132 5408 3383 5476; x_wconf 77' lang='grc' dir='ltr'><strong>βασιλεὺς</strong></span> <span class='ocrx_word' id='word_1_833' title='bbox 3410 5411 3749 5478; x_wconf 50' lang='grc' dir='ltr'><strong>ἁπεκρίνατο</strong></span> 
     </span>
    </p>
   </div>
   <div class='ocr_carea' id='block_1_119' title="bbox 2181 5480 3750 5570">
    <p class='ocr_par' dir='ltr' id='par_1_119' title="bbox 2181 5480 3750 5570">
     <span class='ocr_line' id='line_1_119' title="bbox 2181 5480 3750 5570; baseline -0.001 -16"><span class='ocrx_word' id='word_1_834' title='bbox 2181 5502 2260 5555; x_wconf 86' lang='grc' dir='ltr'><strong>ὃτι</strong></span> <span class='ocrx_word' id='word_1_835' title='bbox 2301 5500 2527 5560; x_wconf 75' lang='grc' dir='ltr'><strong>Πολλαῖς</strong></span> <span class='ocrx_word' id='word_1_836' title='bbox 2559 5480 2679 5561; x_wconf 72' lang='grc' dir='ltr'><strong>ταῖς</strong></span> <span class='ocrx_word' id='word_1_837' title='bbox 2723 5500 2958 5569; x_wconf 76' lang='grc' dir='ltr'><strong>πληγαῖς</strong></span> <span class='ocrx_word' id='word_1_838' title='bbox 2990 5501 3412 5570; x_wconf 77' lang='grc' dir='ltr'><strong>κατεδαπάνηεα</strong></span> <span class='ocrx_word' id='word_1_839' title='bbox 3452 5504 3516 5555; x_wconf 80' lang='grc' dir='ltr'><strong>ἄν</strong></span> <span class='ocrx_word' id='word_1_840' title='bbox 3566 5518 3655 5552; x_wconf 76' lang='grc' dir='ltr'><strong>σου</strong></span> <span class='ocrx_word' id='word_1_841' title='bbox 3687 5499 3750 5553; x_wconf 73' lang='grc' dir='ltr'><strong>’.ὁ</strong></span> 
     </span>
    </p>
   </div>
   <div class='ocr_carea' id='block_1_120' title="bbox 2183 5590 3745 5661">
    <p class='ocr_par' dir='ltr' id='par_1_120' title="bbox 2183 5590 3745 5661">
     <span class='ocr_line' id='line_1_120' title="bbox 2183 5590 3745 5661; baseline 0 -15"><span class='ocrx_word' id='word_1_842' title='bbox 2183 5594 2362 5660; x_wconf 60' lang='grc' dir='ltr'><strong>σῶμα.</strong></span> <span class='ocrx_word' id='word_1_843' title='bbox 2400 5608 2420 5643; x_wconf 78' lang='grc' dir='ltr'><strong>ι</strong></span> <span class='ocrx_word' id='word_1_844' title='bbox 2487 5592 2629 5644; x_wconf 70' lang='grc' dir='ltr'><strong>Ἀλλ’</strong></span> <span class='ocrx_word' id='word_1_845' title='bbox 2656 5590 2785 5656; x_wconf 72' lang='grc' dir='ltr'><strong>ἐγὼ,</strong></span> <span class='ocrx_word' id='word_1_846' title='bbox 2828 5610 2847 5642; x_wconf 73' lang='grc' dir='ltr'><strong>ι</strong></span> <span class='ocrx_word' id='word_1_847' title='bbox 2895 5592 3062 5661; x_wconf 78' lang='grc' dir='ltr'><strong>φησὶν</strong></span> <span class='ocrx_word' id='word_1_848' title='bbox 3092 5595 3120 5645; x_wconf 83' lang='lat'><strong>6</strong></span> <span class='ocrx_word' id='word_1_849' title='bbox 3154 5593 3465 5659; x_wconf 74' lang='grc' dir='ltr'><strong>σουλτὰνος,</strong></span> <span class='ocrx_word' id='word_1_850' title='bbox 3515 5612 3532 5643; x_wconf 81' lang='grc' dir='ltr'><strong>ι</strong></span> <span class='ocrx_word' id='word_1_851' title='bbox 3564 5594 3620 5644; x_wconf 76' lang='grc' dir='ltr'><strong>οὐ</strong></span> <span class='ocrx_word' id='word_1_852' title='bbox 3654 5612 3745 5658; x_wconf 79' lang='grc' dir='ltr'><strong>μι-</strong></span> 
     </span>
    </p>
   </div>
   <div class='ocr_carea' id='block_1_121' title="bbox 2176 5685 3741 5757">
    <p class='ocr_par' dir='ltr' id='par_1_121' title="bbox 2176 5685 3741 5757">
     <span class='ocr_line' id='line_1_121' title="bbox 2176 5685 3741 5757; baseline 0.001 -23"><span class='ocrx_word' id='word_1_853' title='bbox 2176 5688 2427 5756; x_wconf 81' lang='grc' dir='ltr'><strong>μήσομαί</strong></span> <span class='ocrx_word' id='word_1_854' title='bbox 2487 5702 2579 5740; x_wconf 82' lang='grc' dir='ltr'><strong>σου</strong></span> <span class='ocrx_word' id='word_1_855' title='bbox 2642 5685 2701 5737; x_wconf 81' lang='grc' dir='ltr'><strong>τὸ</strong></span> <span class='ocrx_word' id='word_1_856' title='bbox 2756 5686 3029 5756; x_wconf 74' lang='grc' dir='ltr'><strong>αὐστηρὸν</strong></span> <span class='ocrx_word' id='word_1_857' title='bbox 3082 5689 3176 5741; x_wconf 81' lang='grc' dir='ltr'><strong>καὶ</strong></span> <span class='ocrx_word' id='word_1_858' title='bbox 3235 5687 3530 5750; x_wconf 56' lang='grc' dir='ltr'><strong>ἀπότομον.</strong></span> <span class='ocrx_word' id='word_1_859' title='bbox 3593 5685 3741 5757; x_wconf 56' lang='grc' dir='ltr'><strong>Πλὴν</strong></span> 
     </span>
    </p>
   </div>
  </div>
