4154 6200
427 340 535 404 609

1657 311 2062 388 ANNALIUM
2109 325 2298 384 rans
2339 325 2432 384 Iv.

3563 323 3668 384 πθ

427 453 610 504 ἀκούω
657 449 738 501 ὅτι
787 446 879 499 ni.
923 445 950 497 6
984 444 1248 514 ὑμέτερος
1301 438 1536 512 Χριστὸς
1581 441 1808 511 εἰρήνην
1841 457 1999 508 νομο-

2106 445 2299 491 statem
2347 439 2515 500 venit,
2549 447 2601 493 ct
2643 436 2861 493 vinctus
2913 437 2978 491 ad
3031 437 3307 492 sultanum
3350 436 3667 490 deducitur.

427 542 574 594 θετεί
605 541 698 592 καὶ
729 536 1043 607 ἀμνηστίαν
1072 534 1281 597 κακῶν,
1313 533 1450 586 ἀλλὰ
1493 533 1585 584 καὶ
1619 531 1996 600 ὑπερηφάνοις

427 629 902 684 ἀντικαθίσταται.
951 645 970 677 ι
1013 625 1167 679 Μετὰ
1189 624 1249 676 δὲ
1277 624 1451 676 ταῦτα
1493 622 1727 687 σπονδὴν
1770 619 1998 686 ποιησά-

345 747 352 753 -
431 737 581 789 μενοι
621 721 714 770 καὶ
745 716 1018 778 συνθήκας
1059 713 1342 784 εἰρηνικὰς
1383 713 1680 781 διηνεκεῖς.
1715 711 1809 763 καὶ
1839 712 2014 794 κῆδος,

427 815 522 864 ἐπὶ
546 813 656 873 τοῖς
697 812 856 863 παισὶ
901 807 1325 876 συστησάμενοι,
1364 803 1668 856 διίστανται
1701 801 1796 855 ἀπ’
1835 801 1999 871 ἀλλή-

427 907 536 958 λων
593 905 688 956 σὺν
739 903 909 972 πολλῇ
976 899 1284 970 περιπλοκῇ
1353 897 1448 949 καὶ
1507 894 1786 964 εὑκτηρίῳ
1838 897 1996 963 τιμῇ.

439 985 835 1064 Ἐπανὲρχεται
880 994 908 1044 6
959 985 1234 1062 βασιλεύς,
1263 989 1478 1041 Γίνεται
1531 987 1690 1040 τοῦτο
1742 987 1835 1039 καὶ
1886 987 2000 1048 τοῖς

427 1084 687 1146 ἐνταῦθα,
735 1083 961 1153 Ἰωάννῃ
1007 1097 1066 1133 τε
1120 1080 1198 1150 τῷ
1249 1079 1493 1146 Καίσαρι
1530 1076 1623 1128 καὶ
1653 1076 1766 1138 τοῖς
1807 1073 1999 1126 τούτου

425 1181 560 1239 υἱοῖς
612 1179 704 1230 καὶ
757 1179 873 1238 τοῖς
926 1174 1160 1236 λοιποῖς,
1189 1173 1303 1224 ὅσοι
1367 1169 1439 1222 τὰ
1485 1168 1624 1222 αύτᾶ
1659 1167 1994 1237 ἐφρόνησαν.

428 1271 539 1322 Kai.
565 1266 866 1338 τηνικαῦτα
899 1265 995 1334 μὲν
1021 1265 1120 1333 τὴν
1151 1261 1400 1332 βασιλίδα
1431 1260 1524 1313 καὶ
1561 1259 1636 1328 μὴ
1663 1259 1998 1328 βουλομένην

427 1361 719 1430 ὑπερόριον
766 1358 1040 1426 τίθενται,
1095 1355 1488 1425 ἀποκείραντες
1547 1351 1742 1420 αὑτὴν,
1791 1351 1886 1404 τὸν
1941 1350 2000 1402 δὲ

425 1452 643 1521 Μιχαὴλ
674 1437 1098 1521 ἆναγορεύουσιν
1132 1446 1532 1516 αὐτοκράτορα.
1563 1443 1759 1496 Ἔνθεν
1790 1459 1873 1494 τοι
1905 1441 2001 1494 καὶ

427 1544 732 1610 γράφουσιν
785 1537 1100 1608 ἁπανταχοῦ
1151 1537 1243 1589 τὸν
1285 1535 1544 1604 Διογένην
1590 1530 1885 1586 ἐπανιόντα
1923 1530 1999 1600 μὴ

429 1631 808 1696 ὐποδέξασθαι.
839 1630 1085 1698 Ἤρξατο
1107 1627 1163 1679 δὲ
1190 1627 1288 1695 τῆς
1312 1623 1570 1693 τοιαύτης
1606 1622 2001 1692 ἀποκηρύξεως

425 1725 454 1776 6
489 1724 790 1790 ὑπέρτιμος
837 1699 1314 1790 πρῶτοείΨελλός.
1348 1715 1533 1768 Ταῦτα
1562 1713 1618 1766 δὲ
1665 1714 1693 1764 6
1743 1713 2002 1781 Διογένης

431 1813 640 1882 μαθὼν,
675 1811 771 1862 καὶ
803 1809 883 1863 ὅτι
912 1807 1108 1868 κοινῶς
1144 1805 1621 1873 ἀποκεκήρυκται,
1657 1801 1920 1872 φρούριόν
1944 1817 1999 1852 τι

427 1901 716 1972 κατασχὼν
789 1902 968 1954 ἐκεῖσε
1033 1899 1261 1951 Δὸκειαν
1334 1896 1632 1965 λεγόμενον
1697 1908 2002 1963 στρατοπε-

427 1989 602 2042 δεύειν
636 1989 858 2058 ῆρξατο.
897 1987 1040 2040 Ἀλλ’
1069 1989 1097 2040 6
1126 1989 1343 2056 Καῖσαρ
1375 1985 1466 2038 τὸν
1504 1983 1846 2054 βραχύτατον
1881 1981 1997 2034 υἱὸν

428 2081 572 2135 κατὰ
623 2083 918 2150 Διογένους,
966 2080 1266 2149 ἐκπέμπει.
1335 2077 1676 2131 Συνάπτεται
1739 2077 1998 2145 πόλεμος.

429 2175 612 2241 Φυγὰς
647 2177 674 2227 6
728 2173 986 2241 Διογένης
1039 2172 1266 2241 οἴχεται.
1306 2170 1502 2224 Ἔνθεν
1552 2168 1807 2223 κάκεῖθεν
1840 2184 2001 2238 περι-

431 2267 637 2319 νοστῶν
664 2265 800 2335 πρδς
835 2248 1088 2318 Κιλικίαν
1127 2263 1513 2333 παραγίνεται.
1567 2260 1933 2330 ’Υποστρέφει
1975 2261 2003 2311 6

433 2359 839 2419 Κωνσταντῑος
886 2357 978 2409 ἐπὶ
1024 2354 1256 2416 τούτοις.
1313 2354 1603 2407 Στέλλιται
1659 2351 1782 2404 ἀντ’
1834 2349 2000 2405 αὑτοῦ

432 2452 573 2504 κατὰ
617 2451 901 2518 Διογένους
934 2448 962 2500 6
1003 2447 1097 2500 τοῦ
1146 2445 1428 2516 Καίσαρος
1471 2444 1586 2507 υίὸς
1638 2443 1999 2512 Ἀνδρόνικος,

435 2545 714 2613 πολιορκεῖ
743 2543 836 2596 τὸν
866 2541 1116 2605 ’Λεανον,
1151 2541 1416 2611 συνθῆκαι
1447 2539 1710 2607 γίνονται.
1747 2539 1857 2590 Καὶ
1889 2538 2004 2590 κεί-

435 2656 588 2710 ρεται
629 2637 728 2708 τὴν
769 2635 934 2706 τρίχα
972 2637 999 2688 6
1032 2633 1310 2703 Διογένης,
1339 2630 1507 2698 ἓξεισί
1536 2647 1595 2683 τε
1638 2628 1732 2682 τοῦ
1765 2630 2001 2700 κάστρου

436 2729 862 2802 μελανειμονῶν.
889 2725 1083 2781 Λαϐὼν
1113 2727 1170 2779 δὲ
1208 2725 1332 2794 μεθ’
1361 2724 1558 2776 ἑαυτὸν
1589 2723 1681 2776 τὸν
1712 2723 1944 2792 Διογένη
1975 2723 2003 2775 6

443 2825 786 2894 Ἀνδρόνικος
817 2822 1004 2876 νόστου
1037 2820 1320 2889 μέμνηται
1351 2817 1488 2888 (91),
1513 2817 1692 2869 ἕλκων
1740 2815 1904 2868 αὑτὸν
1945 2819 2003 2868 ὲν

433 2918 643 2970 εὐτελεῖ
676 2913 958 2982 ὑποζυγίῳ
1007 2913 1094 2965 διὰ
1124 2911 1233 2964 τῶν
1275 2911 1469 2980 χωρῶν
1513 2909 1737 2962 ἐκείνων
1774 2902 1862 2972 αἷς
1894 2908 2003 2960 ἰσό-

433 3010 553 3072 θεος
608 3007 954 3076 ὲγνωρίζετο.
1011 3004 1222 3074 Μέχρις
1284 2999 1379 3056 οῦν
1437 2999 1533 3054 τοῦ
1588 3000 1856 3055 Κοτυαίου
1906 3000 2004 3071 τὴν

2101 526 2196 581 Ille
2250 544 2380 583 vero
2437 530 2578 584 solio
2636 545 2737 584 suo
2771 530 3053 592 desiliens,
3108 544 3206 598 pro
3261 543 3413 584 more
3464 531 3672 582 caliata

2101 617 2358 688 Diogenis
2410 621 2644 684 cervice,
2706 637 2829 675 mox
2887 637 3012 675 eum
3074 621 3142 676 de
3195 630 3338 675 terra
3387 622 3570 691 erigit,
3618 631 3674 676 et

2102 720 2352 766 amanter
2377 715 2699 783 complexus
2729 731 2743 766 :
2789 732 2807 765 ι
2849 714 3203 778 Formidinis,
3239 713 3440 783 inquit,
3471 729 3673 782 expers

2101 812 2242 867 esto,
2281 805 2595 873 imperator.
2650 804 2766 859 Non
2819 807 2967 859 enim
3020 807 3239 876 corpori
3283 807 3532 876 vitaequc‘
3569 815 3674 860 ture

2103 897 2408 964 periculum
2437 897 2607 950 ullum
2638 897 2940 960 crcabitnr,
2973 897 3068 952 sed
3101 913 3168 952 ex
3207 883 3474 968 dignitaie
3501 901 3676 969 maje-

2101 987 2262 1041 statis
2321 994 2428 1040 tua:
2488 988 2952 1055 praestantissima:
3002 1002 3032 1042 a
3085 988 3246 1044 nobis
3305 989 3672 1044 houorabere.

2101 1078 2236 1132 Nam
2270 1080 2498 1132 stultum
2537 1080 2793 1148 equidem
2825 1095 2948 1136 esse
2988 1081 3229 1136 arbitror
3276 1096 3401 1136 cum
3434 1083 3526 1150 qui
3565 1085 3675 1136 for-

2105 1177 2250 1222 tuna:
2279 1185 2437 1225 casus
2466 1172 2792 1240 improvisos
2819 1188 3004 1228 secum
3033 1174 3149 1241 ipse
3179 1189 3289 1226 non
3319 1176 3580 1242 expendit
3611 1191 3675 1228 ac

2104 1270 2410 1314 reveretur.
2449 1280 2467 1313 ι
2510 1262 2606 1317 His
2645 1264 2808 1318 dictis
2843 1266 2966 1318 solii
3005 1264 3114 1330 sui,
3152 1280 3354 1320 mensa:
3380 1265 3675 1335 gleiiaeque

2103 1352 2425 1422 participem
2483 1353 2778 1424 Diogenem
2817 1357 2967 1419 facit,
3015 1372 3253 1426 eumque
3301 1358 3368 1411 ad
3418 1367 3673 1411 octavum

2105 1461 2276 1516 usque
2319 1447 2464 1502 diem
2520 1449 2663 1517 apud
2722 1465 2780 1503 se
2839 1459 3112 1503 retentum
3151 1451 3302 1504 varie
3353 1461 3567 1505 recreat
3621 1462 3678 1505 ct

2103 1539 2432 1594 consolatur.
2465 1539 2714 1610 Cumque
2741 1542 2989 1595 sultanus
3018 1542 3404 1612 imperatorem
3443 1543 3676 1597 interro-

2102 1639 2257 1699 garet
2286 1631 2578 1700 aliquando
2608 1650 2622 1687 :
2668 1651 2688 1684 ι
2720 1632 2883 1711 Quid,
2919 1635 3171 1700 obsecro,
3207 1633 3452 1688 facturus
3484 1635 3550 1689 de
3588 1651 3676 1688 me

2105 1719 2306 1785 fueras,
2359 1721 2404 1775 si
2447 1739 2531 1776 me
2573 1733 2719 1778 tuam
2759 1725 2811 1778 in
2867 1734 3192 1794 potestatem
3245 1728 3529 1781 redactum
3577 1730 3677 1783 ha-

2105 1809 2357 1864 buisses?
2392 1828 2411 1862 ι
2454 1811 2754 1880 imperator
2801 1814 2919 1868 sine
2963 1814 3094 1869 l‘uco
3141 1825 3197 1871 et
3237 1817 3552 1873 adulatione
3586 1835 3677 1874 re-

2103 1901 2367 1980 Spondit:
2430 1921 2450 1954 ‹
2503 1905 2685 1959 Multis
2723 1906 2976 1975 equidem
3034 1907 3218 1979 ﬂagris
3265 1923 3466 1980 corpus
3521 1920 3676 1965 tuum

2105 1979 2444 2048 cecidissem.
2488 2013 2506 2046 ι
2565 1995 2645 2050 Ad
2696 2013 2816 2066 quae
2861 1997 3101 2054 vicissim
3152 2001 3453 2056 sultauns:
3504 2022 3520 2053 ι
3565 2004 3676 2074 Ego

2105 2099 2255 2150 vero,
2275 2086 2472 2155 inquit,
2492 2089 2754 2142 sazvitiam
2778 2089 3122 2160 rigoremque
3148 2100 3300 2146 tuum
3327 2109 3678 2165 nequaquam

2045 2243 2048 2246 ι
2105 2176 2382 2232 imitabor.
2402 2180 2540 2245 Quin
2566 2181 2730 2235 etiam
2756 2183 2921 2236 audio
2946 2183 3225 2239 Christum
3247 2180 3401 2240 illum
3429 2196 3677 2241 vestrum

2106 2283 2291 2336 pacem
2351 2269 2494 2324 inter
2545 2271 2797 2328 homines
2845 2283 2904 2328 et
2961 2276 3296 2330 oblivionem
3348 2275 3678 2346 iniuriarum

2104 2361 2321 2426 sancire
2377 2377 2442 2417 ac
2499 2365 2824 2433 prmcipere,
2887 2367 3257 2437 superbisque
3320 2370 3598 2424 resistere.
3656 2377 3718 2420 ι’

2107 2449 2422 2506 Secundqu
2476 2455 2588 2510 haec
2637 2455 2938 2511 fmderibus
2992 2458 3166 2522 initis,
3226 2473 3360 2527 pace
3398 2469 3680 2528 'perpetua

2109 2541 2426 2608 constituta,
2470 2543 2614 2598 inter
2640 2544 2810 2599 libros
2843 2545 3104 2600 aﬂinitate
3133 2555 3440 2610 contracta;
3471 2547 3679 2600 disces-

2109 2647 2229 2685 sum
2264 2633 2523 2696 utrinque
2555 2650 2662 2688 non
2693 2636 2812 2690 sine
2864 2637 3052 2692 multis
3079 2638 3454 2706 complexibus
3489 2647 3544 2718 et
3579 2640 3678 2692 ho-

2107 2723 2260 2777 norls
2287 2723 2646 2789 exhibitione,
2679 2743 2786 2797 qua
2817 2730 2955 2783 alter
2977 2729 3132 2784 alteri
3162 2731 3495 2785 faustissima
3527 2747 3680 2800 qua:-

2107 2826 2214 2879 que
2264 2823 2602 2880 prccarctur.
2640 2815 2754 2870 lloc
2805 2826 2965 2886 pacto
2998 2819 3296 2873 revertitur
3343 2821 3487 2875 intra
3540 2822 3680 2874 lines

2109 2902 2382 2957 Romanos
2433 2904 2753 2973 imperator.
2808 2909 2937 2972 Qua:
2991 2925 3076 2965 res
3129 2910 3224 2964 ubi
3272 2913 3508 2981 primum
3567 2913 3678 2966 illis

2108 2990 2439 3048 innotuissct
2476 2995 2567 3063 qui
2597 2994 2708 3062 jam
2748 2997 2814 3050 ad
2867 2999 3058 3053 urbem
3094 3010 3381 3067 venerant,
3413 3003 3676 3057 nimirum

429 3104 741 3172 ὁδοιπορίαν
798 3099 1068 3170 ὀδυνηρὰν
1129 3097 1497 3171 ποιησάμενος
1545 3093 1634 3167 (ἦν
1683 3094 1794 3164 γὰρ
1842 3111 1999 3164 νοση-

2107 3082 2301 3138 Joanni
2332 3084 2529 3140 Caesari
2561 3087 2787 3157 ejusque
2833 3089 2980 3156 ﬁliis,
3029 3107 3095 3146 ac
3151 3092 3379 3162 reliquis
3418 3095 3678 3159 omnibus

430 3197 718 3264 λευόμενος
767 3194 830 3246 ἐκ
885 3189 1167 3245 κοιλιακοῦ
1218 3191 1280 3242 ὲκ
1339 3188 1568 3241 κωνείου
1629 3186 2001 3255 προποθέντος

432 3289 600 3357 αὑτῴ)
625 3290 798 3340 ἐκεῖσε
833 3285 1156 3353 κατεσχέθη,
1181 3281 1286 3345 ἕως
1320 3271 1380 3332 οὗ
1408 3279 1465 3332 τὸ
1511 3281 1762 3350 ποιητέον
1805 3279 1998 3350 ὁρισθῇ

433 3380 522 3434 ἐπ’
581 3381 752 3449 αὐτῷ.
802 3376 1227 3445 Καταλαμόἁνει
1280 3376 1312 3444 ἡ
1371 3374 1668 3440 ἀπόφασις.
1725 3374 1838 3427 Καὶ
1893 3373 2002 3426 τῶν

431 3475 736 3543 ἀρχιερέων
777 3464 884 3524 τῶν
929 3469 1022 3521 ἐπὶ
1065 3468 1144 3536 τῷ
1189 3467 1406 3534 δοθῆναι
1461 3465 1616 3532 λόγον
1658 3465 2003 3533 συμπαθείας

427 3566 706 3636 ἐπαρῆξαι
734 3564 809 3634 μὴ
827 3561 1162 3630 δυνηθέντων
1188 3557 1466 3629 (ὠμησταὶ
1489 3557 1598 3626 γὰρ
1628 3557 1724 3608 καὶ
1772 3557 2002 3623 ἀπηνεῖς

429 3658 620 3727 ἄνδρες
661 3655 994 3724 ἀφήρπαξαν
1047 3651 1228 3721 αὑτὸν)
1261 3650 1572 3718 ὀφθαλμοὺς
1618 3647 1997 3717 ἔξορύσσεται.

431 3747 736 3817 Προαχθεὶς
795 3748 853 3798 ἐν
911 3742 1192 3811 ὑποζυγίῳ
1236 3740 1555 3811 μέχρι’τῆ;
1609 3739 1997 3810 Προπσντιδος,

427 3842 526 3898 καὶ
557 3839 654 3908 τὴν
689 3837 932 3906 κεφαλὴν
959 3837 1097 3906 ἔχων
1133 3833 1472 3904 ἐξῳδηκυῖαν
1515 3833 1612 3884 καὶ
1643 3833 1770 3893 τοὺς
1796 3830 1998 3898 ὀφθαλ-

432 3934 568 4002 μοὺς
599 3931 790 4002 ὥσπερ
831 3931 988 3999 σῶμα
1043 3929 1301 3998 σεσηπὸς,
1353 3925 1650 3980 κάντεῦθεν
1705 3924 2004 3989 σκωλήκων

426 4023 528 4074 καὶ
555 4020 818 4080 δυσωδίας
844 4018 1128 4086 πλησθεὶς,
1161 4013 1451 4075 ἐπωδύνως
1491 4011 1861 4080 καταστρέφει
1912 4009 2004 4060 τὸν

429 4116 569 4186 βίον,
608 4117 674 4184 τῇ
711 4116 859 4183 νήσῳ
904 4111 1101 4182 Πρώτῃ
1143 4110 1235 4162 τδν
1288 4109 1417 4178 χοῦν
1465 4106 1831 4175 ἀποθέμενος,
1876 4103 2006 4155 ἔνθα

425 4209 550 4261 νέον
578 4210 781 4268 ἐκεῖνος
810 4206 1064 4274 ἐδείματο
1102 4201 1542 4273 φροντιστήριον.

2107 3186 2373 3246 quotquot
2407 3177 2552 3232 inter
2582 3194 2641 3233 sc
2677 3182 3153 3251 conspiravcrant,
3195 3199 3320 3239 mox
3362 3185 3677 3255 imperatri-

2105 3281 2223 3321 cem
2251 3268 2474 3324 invitam
2507 3271 2705 3351 radunt
2738 3283 2791 3327 et
2828 3275 2879 3326 in
2912 3277 3162 3330 exsiliunt
3194 3287 3383 3347 agunt,
3411 3279 3678 3335 Michaelo

2103 3361 2225 3431 ejus
2247 3361 2357 3416 tilio
2385 3363 2716 3432 imperatore
2743 3375 2950 3420 creato.
2976 3367 3178 3422 Deinde
3202 3370 3400 3438 quovis
3430 3371 3676 3426 locorqu

2104 3451 2319 3508 litteras
2351 3456 2595 3523 mittunt,
2633 3457 2810 3527 iisque
2843 3458 3105 3513 mandant
3135 3475 3203 3514 ne
3238 3461 3363 3531 quis
3399 3473 3680 3520 reverten-

2107 3552 2216 3598 tem
2269 3544 2559 3616 Diogenem
2609 3551 2926 3618 exciperet,
2983 3553 3143 3622 cujus
3211 3558 3679 3612 exauctorationis

2107 3635 2319 3704 primus
2345 3647 2539 3693 auctor
2569 3639 2672 3695 fuit
2703 3641 3074 3709 Psellus.Qu:e
3103 3658 3226 3697 cum
3256 3644 3469 3712 tierent,
3501 3649 3677 3719 impe-

2108 3735 2256 3778 rator
2297 3729 2520 3782 castello
2548 3729 2782 3797 quodam
2813 3744 3100 3799 occupato,
3147 3734 3239 3788 cui
3271 3737 3447 3792 Docca
3478 3754 3679 3793 nomen

2107 3827 2273 3883 esset,
2301 3821 2495 3874 metari
2519 3831 2697 3875 castra
2717 3833 2977 3892 coeperat.
3004 3824 3086 3879 Ad
3107 3841 3230 3880 eum
3253 3830 3676 3897 opprimendum

2080 3909 2290 3965 ‘Cmsar
2315 3912 2485 3966 lilium
2520 3927 2679 3967 suum
2706 3914 3152 3991 natu'minimum
3184 3933 3310 3971 cum
3335 3920 3508 3987 copiis
3535 3921 3683 3975 able-

2107 4005 2271 4074 gavit.
2303 4005 2570 4062 Conserto
2617 4008 2826 4076 praelia,
2875 4007 3002 4078 fuga
3049 4010 3209 4064 saluti
3256 4026 3369 4066 sua:
3408 4013 3678 4082 Diogenes

2108 4098 2368 4162 consulit,
2403 4106 2458 4154 ct
2498 4099 2627 4154 hinc
2671 4101 2801 4154 inde
2845 4111 3073 4171 vagatus
3121 4103 3286 4173 329
3335 4103 3389 4157 in
3423 4103 3676 4159 Ciliciam

2110 4191 2380 4260 pervenit.
2421 4192 2632 4246 Interea
2668 4192 3065 4248 Constantinus
3097 4195 3167 4248 ad
3217 4199 3408 4250 urbem
3452 4200 3682 4251 reverti-

4117 441 4119 488 ί

4117 493 4119 518 l

4118 643 4119 666 ι

4117 667 4119 706 l

428 4316 543 4368 tur,
568 4305 792 4376 ejusque
836 4302 960 4356 loco
1005 4300 1150 4354 ﬁlius
1193 4298 1330 4353 alter
1376 4295 1610 4352 Caesaris
1654 4292 2004 4348 Andronicus
2039 4290 2407 4361 persequendi
2443 4290 2698 4360 Diogenis
2766 4307 2931 4346 causa
2966 4293 3224 4348 mittitur.
3267 4293 3318 4348 ls
3379 4310 3504 4350 cum
3533 4295 3680 4349 Ada-

425 4413 556 4454 nam
627 4395 953 4460 obsideret,;
981 4395 1049 4447 de
1102 4406 1234 4461 pace
1285 4395 1578 4454 tractatum
1629 4397 1734 4453 est,
1801 4395 1858 4441 et
1917 4395 2072 4440 tonso
2109 4385 2307 4454 capillo
2334 4383 2600 4454 Diogenes
2633 4399 2664 4439 e
2694 4393 2872 4439 castro
2924 4386 3072 4455 pulla
3110 4399 3257 4442 veste
3292 4392 3527 4444 amictus
3555 4407 3681 4458 pro-

426 4488 553 4544 diit.
631 4488 768 4542 Eum
840 4485 1189 4540 Andronicus
1272 4496 1458 4537 secum
1501 4479 1740 4542 reduxit,
1780 4479 1988 4547 vilique
2023 4479 2273 4548 jumento
2332 4477 2648 4545 impositqu
2703 4493 2802 4545 per
2851 4493 2914 4532 ea
2966 4479 3083 4532 loca
3141 4480 3306 4533 traxit
3365 4484 3418 4534 in
3476 4484 3679 4552 quibus

427 4595 592 4638 antea
616 4599 713 4638 ceu
744 4583 855 4635 Deo
886 4596 974 4650 pat
1013 4581 1268 4649 cognitus
1294 4577 1627 4644 habitusque
1659 4575 1854 4629 fuerat.
1881 4574 1996 4628 Hoc
2037 4574 2201 4628 modo
2231 4589 2355 4628 cum
2387 4574 2672 4644 Cotyaium
2715 4590 2889 4643 usque
2930 4590 3040 4628 non
3108 4576 3228 4630 sine
3297 4579 3554 4632 maximis
3581 4580 3680 4632 do-

427 4671 642 4726 loribus
673 4676 818 4738 (nam
850 4670 1240 4725 intestinorum
1307 4668 1498 4722 morbo
1531 4667 1837 4730 laborabat,
1905 4679 2069 4732 quem
2109 4681 2138 4719 e
2189 4668 2478 4735 propinata
2533 4667 2716 4720 cicuta
2776 4667 3128 4736 conceperat)
3189 4667 3406 4722 delatus
3464 4671 3676 4735 fuisset,

430 4765 698 4836 tantisper
740 4767 814 4820 ibi
846 4766 1100 4821 detentus
1127 4773 1234 4830 est,
1287 4763 1464 4818 donec
1504 4763 1558 4816 in
1590 4763 1726 4816 urbe
1764 4761 1896 4832 quid
1961 4761 2032 4815 dc
2074 4761 2192 4830 ipso
2249 4760 2568 4816 faciundum
2615 4770 2760 4818 esset
2823 4763 3236 4820 decerneretur.
3271 4764 3371 4820 Ubi
3423 4765 3583 4820 latant
3627 4769 3680 4822 in

429 4860 614 4928 ipsum
637 4860 965 4924 sententiam
990 4859 1340 4914 Andronicus
1363 4861 1692 4924 accepisset,
1754 4872 1854 4911 nec
1913 4871 2071 4924 opem
2112 4866 2166 4910 et
2212 4857 2499 4926 pontiticcs
2556 4858 2698 4910 ferre
2745 4858 3078 4926 potuissent,
3129 4869 3189 4912 ut
3242 4859 3678 4916 miscricordiam

429 4956 754 5020 impetraret
777 4953 826 5022 (a
855 4953 1175 5007 crudelibus
1204 4951 1352 5006 enim
1383 4951 1650 5018 saevisque
1682 4948 1997 5004 hominibus
2036 4949 2460 5019 abripiebatur),
2495 4951 2672 5004 oculis
2736 4951 2952 5004 eil‘ossis
3016 4961 3340 5006 exczecatur.
3375 4951 3585 5008 Deinde
3612 4955 3680 5008 ad

431 5049 826 5117 Propontidem
854 5050 1100 5119 iumento
1137 5056 1345 5114 vectus,
1381 5061 1504 5100 cum
1534 5055 1700 5115 caput
1760 5059 1792 5098 c
1857 5052 2069 5098 tumore
2105 5053 2429 5114 corruptum
2477 5046 2722 5110 haberet,
2771 5046 3057 5116 oculisque
3106 5063 3230 5102 cum
3289 5057 3406 5104 toto
3447 5065 3679 5121 corpore

502 5251 610 5319 (9i)
645 5249 747 5304 Ubi
801 5250 1102 5304 Andronici
1149 5250 1202 5304 in
1251 5251 1544 5320 Diogenem
1581 5252 1871 5306 barbarum
1925 5265 1988 5304 ac

425 5323 655 5373 crudele
695 5321 911 5374 facinus
954 5331 1233 5380 narratur.
1276 5332 1486 5375 var.ant
1531 5323 1767 5388 codices,
1799 5324 1828 5374 6
1868 5322 1988 5373 Ἀν-

426 5393 828 5458 δρονικοςνόου
866 5395 1140 5460 μέμνηται
1192 5392 1352 5445 habet
1399 5392 1482 5454 [δη
1514 5393 1574 5442 οὑ
1609 5394 1766 5444 νόσου
1808 5391 1990 5444 Lcun-

427 5462 644 5512 clavlus
689 5479 703 5514 :
739 5462 820 5514 sic
871 5465 1016 5514 enim
1065 5461 1453 5529 interpretatus
1487 5470 1607 5524 est,
1643 5463 1790 5514 nulla
1823 5463 1990 5515 morbi

425 5546 536 5596 quo
583 5531 856 5583 laborabat
903 5530 1112 5581 ratione
1159 5531 1377 5597 litabita;
1429 5539 1483 5582 at
1532 5530 1882 5599 Attgustantts
1928 5547 1992 5584 ac

432 5601 728 5654 [lavaricus
779 5603 1044 5653 exhibent
1104 5601 1290 5651 νόστου
1328 5603 1485 5668 longe
1524 5604 1726 5668 aptius.
1761 5603 1993 5669 ideoque:

425 5684 514 5722 Sic
563 5674 924 5738 concrpienda
972 5671 1076 5723 loci
1136 5671 1284 5723 illius
1325 5673 1546 5724 vet-sio:
1585 5674 1858 5739 Diogenem
1885 5674 1994 5723 An-

419 5741 678 5793 dronicus
711 5757 881 5792 secum
917 5741 1155 5803 abduxit,
1182 5739 1626 5808 viliquejumcnto
1660 5741 1991 5810 impositum,

649 5825 946 5895 ῬΔτιιοιε.
986 5835 1102 5894 GR.
1145 5832 1316 5890 CLV!
1333 5833 1404 5896 11.

2093 5248 2336 5303 acerbam
2386 5249 2448 5303 de
2481 5251 2649 5303 reditu
2683 5248 2999 5304 mentionem
3023 5251 3290 5320 injicicns,
3323 5268 3416 5320 per
3449 5269 3509 5304 ea
3560 5250 3676 5303 loca

2095 5321 2304 5382 traxit,
2344 5321 2398 5372 in
2451 5321 2638 5390 quibus
2703 5330 2863 5375 antea
2925 5331 2980 5374 ut
3039 5323 3178 5374 Deus
3254 5323 3562 5374 trahebatur.
3608 5321 3676 5371 Et

2095 5404 2228 5442 vero
2289 5399 2473 5444 nostra
2533 5394 2646 5444 haec
2709 5393 2982 5444 sententia
3051 5393 3298 5443 lirtnatur
3348 5390 3674 5442 attctoritite

2093 5457 2322 5513 Joattnis
2367 5461 2735 5527 Curopalatee,
2787 5476 2852 5514 ex
2884 5476 2994 5526 quo
3026 5476 3122 5514 sua
3158 5458 3304 5512 haud
3351 5460 3516 5510 dubie
3553 5471 3678 5509 mtt-

2099 5539 2285 5583 tuatus
2315 5538 2400 5583 est
2426 5543 2616 5600 nOSter
2645 5531 2841 5600 Glycas
2890 5548 2902 5583 :
2938 5532 3145 5582 Νόστου
3194 5529 3249 5578 δὲ
3276 5528 3438 5600 εὐθὺς
3471 5528 3714 5600 μιμνήθ

2099 5615 2287 5652 σκεται
2331 5601 2359 5650 6
2419 5597 2779 5668 Ἀνδρόνικος,
2818 5603 2912 5654 καὶ
2954 5601 3021 5651 τὰ
3066 5597 3420 5668 ἑξῆς,ειαιὶηι
3473 5598 3674 5651 reditus

2100 5669 2414 5724 mentionem
2445 5669 2570 5738 facit
2603 5671 2950 5735 Andronicus,
2986 5678 3082 5724 etc.

2226 5872 2302 5926 1'-
