4154 6200
435 337 536 405 017

447 542 680 608 Ἀλέξιος
714 542 808 612 ἐτη
863 543 941 605 λζ’
992 545 1088 597 καὶ
1135 545 1212 614 τῷ
1262 547 1560 619 διαδήματι
1595 550 1872 618 στέφεται,
1901 550 1928 601 6
1954 549 2010 602 δὲ

447 635 712 697 Ίσαάκιος
737 635 804 687 τά
839 635 1064 705 δεύτερα
1096 638 1194 705 τῆς
1228 643 1394 710 τιμῆς
1427 636 1564 711 εἶχε,
1595 643 1767 713 καινῷ
1785 643 2010 711 ὀνόματι

438 725 832 795 ἐπιφημισοεὶς
865 728 1016 796 αὐτῷ
1043 744 1058 763 ο
1108 726 1566 802 σεϐαστοκράτωρ
1591 736 1700 804 γάρ
1733 733 2008 802 ἐπεκλήθη

439 821 536 871 καὶ
569 819 823 888 ὑπερεῖχε
863 820 959 872 τοῦ
1007 823 1304 892 Καίσαρος.
1341 825 1477 895 Παρ’
1509 827 1694 888 αὐτοῖς
1733 826 1825 880 οὖν
1856 828 1887 896 ή
1920 827 2014 896 βά-

440 910 616 962 σιλεία
670 911 765 962 καὶ
809 913 874 978 τῇ
920 913 1090 982 μητρὶ
1141 914 1341 970 αὐτῶν.
1371 911 1552 969 Ἦσαν
1592 918 1649 970 δέ
1691 917 1769 986 τῷ
1807 918 2014 985 βασιλεῖ

441 1000 536 1052 καὶ
585 1000 764 1071 ἕτεροι
815 1004 1138 1072 αύτάδελφοι
1189 1005 1282 1059 δύο
1339 1008 1619 1078 νεώτεροι,
1651 1003 1727 1063 ὧν
1772 1009 1864 1063 τὸν
1915 1012 2012 1079 μὲν

455 1088 760 1158 Ἀνδριανδν
805 1091 1004 1162 δηλαδὴ
1061 1094 1518 1162 πρωτοσὲϐαστον
1565 1098 1658 1151 καὶ
1710 1099 2015 1168 μεγαδομέ-

445 1197 649 1242 στικον,
681 1181 774 1234 τὸν
821 1181 878 1235 δὲ
927 1183 1242 1254 Νικηφόρον
1289 1187 1549 1240 σέϐαστον
1582 1189 1675 1241 καὶ
1700 1187 1795 1242 τοῦ
1829 1189 2014 1242 στόλου

443 1271 822 1343 δρουγγάριον.
865 1275 1028 1328 ’Λλλά
1067 1277 1160 1330 καὶ
1213 1279 1484 1346 κηδεστάς
1529 1276 1676 1348 εἶχεν
1726 1281 1814 1332 ἐπ’
1862 1281 2012 1334 ἀδελ·

446 1367 573 1431 φαίς
621 1367 714 1419 τὸν
753 1367 1094 1438 Μελισσηνδν
1147 1369 1464 1442 Νικηφόρον
1507 1372 1600 1425 καὶ
1664 1372 1879 1442 Μιχαὴλ
1926 1375 2017 1424 τὸν

448 1461 733 1529 Ἱάρωνᾶν.
803 1459 860 1516 Ὀ
907 1463 1094 1531 μέντοι
1143 1441 1360 1533 κρατῶν
1410 1465 1707 1535 ἐπειδήπερ
1745 1441 2018 1527 ἐσπάνιζε

450 1551 767 1620 χρημάτων,
798 1551 894 1614 τάς
931 1553 1180 1622 ἐτησίους
1206 1555 1379 1619 δόσεις
1407 1555 1629 1625 ἑνέκοψε
1660 1557 1758 1619 τάς
1788 1556 2020 1624 ἀνηκού-

451 1656 551 1701 σας
595 1640 839 1708 δηλονότι
893 1644 1005 1705 τοῖς
1067 1643 1364 1714 ἀξιώμασι,
1393 1649 1796 1719 προσαφῃρεῖτο
1838 1649 1894 1701 δὲ
1927 1649 2024 1701 καὶ

453 1733 549 1794 τὰς
581 1731 897 1800 περιουσίας
942 1732 1050 1786 τῶν
1084 1737 1482 1806 συγκλητικῶν.
1531 1737 1588 1790 '0
1631 1739 1815 1807 μέντοι
1852 1738 2019 1805 άγιὼ-

452 1841 614 1887 τατος
642 1823 990 1896 πατριάρχης
1022 1829 1250 1897 Κοσμᾶς
1294 1832 1362 1900 τῇ
1392 1831 1498 1882 τῶν
1526 1830 1726 1883 κοινῶν
1757 1831 2014 1903 πραγμά-

455 1934 564 1970 των
605 1916 979 1987 μεταχειρίσει
1035 1919 1486 1990 ἀπαρεσκόμενος
1535 1923 1629 1975 καὶ
1690 1920 2026 1990 ἀπεγνωκὼς

456 2013 555 2079 τὴν
612 2010 914 2079 διόρθωσιν,
947 2011 1022 2080 τῷ
1067 2012 1335 2084 ὑπηρέτῃ,
1383 2030 1402 2064 ι
1431 2009 1617 2083 Ἀρον,
1652 2033 1670 2066 ι
1719 2014 1888 2066 εἰπὼν
1912 2031 1929 2065 ι
1968 2015 2028 2068 τὸ

455 2102 756 2172 ψαλτήριον
791 2103 882 2156 καὶ
911 2103 1195 2157 ἀκολούθει
1226 2121 1340 2174 μοι,
1385 2123 1412 2155 ι
1438 2105 1537 2173 τῆς
1571 2104 1868 2175 ἐκκλησίας
1893 2107 2027 2159 άνα·

459 2197 647 2266 χωρεῖ.
681 2197 1088 2267 Προχειρίζεται
1132 2196 1190 2249 δὲ
1242 2197 1358 2251 ἀντ’
1411 2198 1575 2252 αὐτοῦ
1629 2199 1890 2268 ἐκτομίας
1948 2214 2030 2262 τις

462 2287 818 2356 Εύστράτιος,
865 2288 1072 2358 ἀφελὴς
1127 2287 1266 2359 ἀνὴρ
1307 2288 1402 2342 καὶ
1459 2271 1631 2359 γωνίᾳ
1688 2290 1756 2343 τά
1797 2290 2032 2358 μάλιστα.

463 2375 780 2448 προσήκων.
811 2377 964 2431 Μετὰ
988 2377 1044 2431 δέ
1073 2377 1167 2448 ἔτη
1212 2376 1263 2448 γ’
1296 2378 1596 2446 κατάγεται
1633 2380 1726 2432 καὶ
1752 2379 1920 2434 άκων.
1968 2380 2045 2434 Ἡ.
2089 2397 2100 2408 ’

425 2473 428 2478 ’
463 2470 519 2523 δὲ
569 2469 716 2522 αἰτία
767 2471 867 2522 οὐκ
902 2469 1194 2539 ἔγνωσται.
1238 2469 1379 2522 Ἀντ⁹
1410 2470 1574 2524 αὑτοῦ
1603 2459 1671 2522 ’δὲ
1712 2472 1739 2523 6
1767 2488 2031 2542 γραμμα-

463 2559 611 2621 τικὸς
664 2558 924 2627 ἀνάγεται
978 2559 1268 2622 Νικόλαος.
1301 2560 1455 2614 Μετὰ
1495 2561 1552 2613 δὲ
1585 2561 1756 2614 ταῦτα
1790 2562 2034 2632 ήγγὲλοη

464 2653 712 2722 Φραγγδς
776 2652 1114 2723 Ῥομπέρτος
1165 2651 1258 2704 ἐπὶ
1304 2651 1394 2704 τὸν
1437 2652 1641 2722 δάμνον
1689 2652 2037 2723 διαπεραιού-

471 2761 653 2814 μενος.
688 2743 896 2796 Αὐτίκα
945 2745 1124 2797 τοίνυν
1147 2745 1172 2797 6
1208 2743 1463 2811 βασιλεὺς
1497 2745 1908 2816 ἐξεστράτευσε,
1939 2745 2037 2798 καὶ

467 2837 724 2906 ἡττηθεὶς
764 2837 973 2900 ἀκλεῶς
1024 2837 1217 2906 ἔφυγε,
1245 2836 1456 2890 πολλῶν
1509 2837 1687 2890 έκεῐσε
1734 2837 2036 2902 πεσόντων,

469 2931 530 2982 οὐ
557 2931 666 2982 τῶν
703 2932 972 3000 τυχόντων
1017 2931 1200 3000 μόνον,
1233 2929 1370 2982 ἀλλὰ
1423 2928 1515 2982 καὶ
1548 2927 1657 2980 τῶν
1699 2929 2040 2998 μεγιστάνων

473 3025 569 3076 καὶ
599 3021 656 3085 ἐξ
689 3023 936 3091 αἱμάτων
983 3021 1152 3075 ὄντων
1193 3021 1512 3091 βασιλικῶν.
1563 3021 1898 3091 Ἠττημὲνος
1945 3014 2052 3072 οὖν.

1661 347 2068 410 ANNALIUM
2111 347 2304 408 PARS
2347 348 2444 408 [V-

503 453 713 520 Κρατεῖ
752 453 938 507 λοιπὸν
989 455 1126 523 μετά
1161 456 1250 509 τὸν
1281 457 1645 529 Βοτανειάτην
1674 461 1700 512 ὁ
1725 460 2005 530 Κομνηνδς
2036 457 2083 518 Α

3577 354 3679 417 (318

2185 460 2372 530 Itaque
2401 458 2661 528 deinceps
2693 460 2916 516 Alexius
2954 462 3184 532 imperio
3216 465 3424 533 potitus
3447 475 3530 518 est
3561 480 3681 534 post

2113 552 2471 614 Botartiatem,
2501 553 2663 622 idque
2689 569 2784 622 per
2805 555 3198 622 septemdecim
3228 572 3406 610 annos.
3424 557 3682 611 obtinuit.

2114 641 2367 713 Seipsum
2409 643 2716 698 diademate
2781 645 2922 716 cingi
2971 648 3202 709 Cltl‘ﬂt’ii,
3243 648 3445 704 lsaacio
3495 664 3689 702 secum

2115 732 2244 786 dum
2297 733 2365 787 ab
2418 749 2475 788 se
2541 735 2721 788 locum
2785 734 3067 803 dignitatis
3121 737 3450 799 attribuens,
3513 738 3686 791 indito

2114 823 2293 878 eidem
2351 840 2491 878 novo
2559 842 2789 896 prorsus
2856 827 3118 881 nomine:
3183 828 3687 882 Schastocratorcm

2116 933 2350 988 namque
2379 921 2612 983 vocavit,
2645 919 2802 988 quasi
2830 919 2979 973 dicas
3019 921 3242 997 Augusti
3275 921 3694 989 imperatorem,

2118 1009 2340 1064 inventa
2375 1011 2656 1080 dignitate,
2693 1027 2812 1080 qua:
2852 1012 3021 1080 major
3059 1023 3204 1066 esset
3231 1029 3392 1081 quam
3441 1013 3692 1067 Caesaris.

2116 1100 2274 1168 Apud
2303 1100 2403 1153 bos
2427 1099 2565 1153 duos
2595 1100 2886 1168 imperium
2917 1108 3052 1163 erat,
3089 1101 3180 1168 qui
3211 1111 3438 1154 matrem
3478 1104 3530 1154 in
3579 1104 3695 1171 (jus

2118 1190 2435 1243 societatem
2479 1189 2837 1242 admiserant.
2892 1189 3137 1243 [labebat
3175 1201 3357 1243 autem
3405 1191 3696 1258 imperator

2121 1277 2256 1330 alios
2303 1293 2522 1346 quoque
2567 1277 2705 1332 duos
2750 1293 3040 1347 germanos
3080 1278 3296 1344 fratres,
3330 1294 3387 1334 se
3424 1279 3692 1349 iuniores.

2120 1369 2205 1422 Ex‘
2235 1368 2300 1421 iis
2327 1384 2514 1434 unum,
2559 1369 2815 1424 rideliCet
2863 1369 3190 1436 Adrianum,
3252 1369 3701 1424 Protosebastun;

2121 1459 2142 1529 (
2171 1458 2274 1512 hoc
2303 1458 2705 1528 estAugustum
2744 1452 3044 1528 principem
3070 1461 3087 1526 )
3109 1460 3421 1528 appellavit,
3446 1461 3700 1520 alterum,

2121 1550 2215 1618 qui
2249 1549 2594 1618 Nicephorus
2639 1559 2778 1613 erat,
2813 1550 3116 1619 Augustum
3175 1550 3476 1619 classisque
3524 1552 3700 1603 Drun-

2123 1643 2352 1712 garium.
2387 1643 2653 1697 Praeterea
2721 1658 2968 1697 sororum
3036 1643 3277 1707 maritos,
3329 1642 3517 1698 aliines
3551 1657 3701 1702 suos.

2124 1734 2492 1803 Nicephorum
2531 1736 2880 1790 Mclissenum
2904 1746 2956 1791 et
3001 1737 3326 1791 Michaelum
3384 1736 3700 1797 Taroniten,

2134 1826 2303 1880 certis
2329 1827 2636 1882 honoribus
2675 1839 2839 1897 atque
2875 1829 3049 1883 titulis
3068 1829 3306 1883 ornavit.
3341 1829 3476 1884 Cum
3505 1844 3704 1882 secun-

2129 1917 2259 1974 dum
2309 1918 2423 1973 lucc
2484 1919 2783 1987 imperator
2837 1922 3085 1989 pecuniis
3144 1929 3350 1991 egeret,
3383 1921 3707 1974 donationes

2129 2025 2337 2066 annuas
2365 2018 2420 2066 et
2443 2028 2667 2066 munera
2700 2013 2818 2067 dari
2844 2014 3536 2085 consuctamagistratibus
3567 2029 3708 2082 prrc-

2130 2103 2263 2160 cidit
2293 2117 2357 2157 ac
2397 2103 2504 2157 sibi
2553 2103 2815 2169 retinuit,—
2850 2105 3198 2160 senatoribus
3247 2105 3413 2159 etiam
3465 2105 3710 2173 locuplco

2132 2194 2371 2250 tioribus
2404 2209 2535 2264 opes
2578 2195 2808 2264 eripuit.
2840 2195 2993 2250 llanc
3041 2197 3573 2251 administrationem
3631 2198 3720 2250 rei-

2132 2287 2366 2356 publicae
2400 2302 2523 2340 cum
2576 2289 2957 2342 sanctissimus
2991 2289 3081 2342 ille
3125 2289 3434 2356 patriarcha
3482 2287 3720 2342 Cosmas-

2134 2378 2370 2448 probare
2417 2393 2523 2431 non
2564 2387 2770 2447 posset,
2820 2394 2924 2433 nec
2969 2379 3434 2447 emendationem,
3484 2381 3548 2434 de
3599 2397 3708 2450 qua

2091 2513 2098 2520 .
2134 2469 2537 2539 desperaverat,
2577 2470 2738 2523 ullam
2773 2480 3113 2537 exspectaret
3156 2471 3426 2539 amplius:
3475 2490 3500 2521 ι·
3535 2473 3709 2533 Tolle,

2095 2620 2108 2636 .
2137 2559 2318 2629 inquit
2347 2560 2599 2614 ministro
2657 2575 2778 2624 suo,
2811 2559 3014 2613 librum
3072 2561 3217 2616 hunc
3266 2562 3624 2626 Psalmorum,
3658 2575 3714 2616 et

2140 2665 2225 2704 me
2279 2666 2532 2720 sequere.
2595 2669 2612 2701 ι
2658 2649 2753 2705 llis
2816 2650 3000 2715 dictis,
3037 2667 3103 2705 ex
3156 2652 3383 2706 ecclesia
3437 2653 3712 2712 discessit.

2139 2739 2270 2808 Ejus
2298 2739 2351 2793 in
2382 2740 2560 2793 locum
2598 2739 2860 2794 suffectus
2898 2750 2980 2794 est
3010 2741 3319 2796 Eustratius
3354 2743 3544 2811 spado,
3583 2742 3714 2796 sim-

2140 2832 2270 2899 plici
2303 2831 2386 2883 vir
2418 2830 2660 2900 ingenio,
2688 2842 2744 2886 et
2772 2831 2970 2901 dignus
2996 2833 3048 2885 in
3090 2833 3290 2902 angulo
3327 2835 3419 2902 qui
3467 2835 3707 2902 degeret.

2142 2922 2342 2978 Verum
2360 2930 2414 2975 et
2433 2922 2520 2975 ille
2539 2930 2661 2990 post
2679 2921 2969 2990 triennium
2986 2922 3351 2978 administrati
3369 2925 3716 2994 pontiﬁcatus

2143 3022 2336 3066 contra
2365 3012 2701 3066 voluntatem
2729 3027 2883 3067 suam
2916 3028 2981 3066 eo
3007 3025 3228 3083 propter
3261 3017 3496 3085 ignotam
3520 3033 3714 3085 quam-

473 3115 805 3185 ύποστρέςει
850 3117 876 3167 ό
919 3115 1196 3181 βασιλεύς.
1250 3115 1556 3186 Γαυριῶσιν
1602 3114 1698 3167 ἐπὶ
1748 3113 1960 3176 τούτοις
1993 3114 2041 3166 οἱ

2145 3103 2267 3158 dam
2289 3117 2511 3158 causam
2537 3103 2880 3168 deturbatur,
2903 3115 3092 3158 erecto
3128 3105 3366 3158 vicissim
3393 3107 3456 3158 ad
3482 3107 3713 3174 patriar-

478 3207 765 3279 βάρϐαροι,
780 3209 899 3260 τινά
919 3208 1026 3260 τῶν
1045 3207 1394 3277 πολισμάτων
1418 3207 1762 3276 κατέχοντες.
1785 3204 2048 3274 Ἑκστρα-

476 3301 624 3352 τεύει
674 3301 768 3354 καὶ
819 3296 976 3363 αὖθις
1019 3299 1294 3369 βασιλεὺς,
1329 3301 1424 3354 καὶ
1471 3301 1562 3353 τὸν
1603 3298 1910 3368 ’Δνδριανὸν
1949 3298 2048 3366 τὴν

2149 3194 2292 3250 chici
2341 3195 2462 3250 solii
2503 3195 2894 3250 sublimitatem
2932 3195 3089 3265 333
3130 3196 3352 3250 Nicolao
3385 3196 3716 3251 Grammati-

2148 3298 2235 3340 co.
2276 3285 2588 3340 Secundum
2625 3286 2739 3341 haec
2759 3289 2986 3340 nuntius
3013 3287 3079 3340 ad
3112 3287 3491 3355 imperatorem
3522 3289 3720 3343 allatus

481 3392 766 3463 βασιλικὴν
816 3393 1098 3462 ἀμφιάσας
1145 3393 1351 3462 ἐσθῆτα
1383 3394 1476 3446 καὶ
1527 3391 1733 3461 στήσας
1781 3390 2046 3443 ἀπέναντι

2147 3385 2252 3441 est,
2287 3391 2396 3446 quo
2424 3376 2833 3461 signiﬁcabatur
2861 3379 3163 3447 Rupertum
3196 3373 3462 3435 Francum
3499 3383 3724 3452 trajectu

479 3485 574 3538 τοῦ
656 3485 995 3557 Ῥομπέρτου
1054 3484 1396 3556 παρήγγειλε
1467 3484 1610 3538 νῶτα
1675 3480 1881 3547 δοῦναι,
1933 3482 2048 3550 εἴγε

479 3575 664 3640 διώξει
719 3579 747 3629 6
820 3575 1120 3646 βάρϐαρος.
1190 3569 1246 3627 ’0
1308 3573 1364 3626 δὲ
1425 3573 1677 3643 βασιλεὺς
1727 3571 1818 3625 διὰ
1871 3571 2052 3624 τόπων

483 3671 766 3724 δυσσάτων
816 3669 1129 3733 κυκλώσας,
1173 3669 1268 3720 καὶ
1317 3667 1417 3737 τὴν
1470 3664 1824 3735 παρεμϐολὴν
1877 3663 2055 3717 αὐτῶν

486 3762 813 3816 καταλαϐὼν
836 3762 940 3816 ύπδ
977 3766 1137 3834 χεῖρα
1168 3762 1345 3815 πάντα
1374 3762 1632 3814 ποιεῖται.
1660 3757 1830 3811 Τοῦτο
1869 3755 2055 3826 μαθὼν

485 3859 515 3908 6
566 3855 838 3926 βάρϐαρος
895 3855 1126 3924 ἀόρατος
1148 3854 1381 3922 γίνεται.
1424 3853 1589 3921 Καὶή
1656 3851 1756 3920 μὲν
1809 3848 2055 3912 ἐπίθεσις

488 3947 655 4000 αύτοῦ
687 3948 988 4009 πέπαυται,
1016 3948 1063 3998 οἱ
1094 3946 1150 3998 δέ
1180 3945 1416 4015 Τοῦρκοι
1452 3943 1548 3997 καὶ
1578 3939 1737 4006 αὖθις
1775 3941 1886 3994 τῶν
1927 3940 2059 3994 Ῥω-

417 4085 430 4094 .
493 4039 669 4109 μαίων
721 4039 1070 4110 κατέτρεχον.
1119 4038 1279 4091 Ἀλλά
1348 4039 1441 4090 καὶ
1479 4035 1720 4101 Τοῦρκός
1773 4051 1858 4096 τις
1906 4032 2062 4101 λεγό-

495 4151 654 4203 μενος
683 4131 1004 4196 Τζακατζᾶς
1027 4130 1126 4194 τάς
1159 4131 1356 4199 νήσους
1384 4129 1538 4194 Χίον,
1571 4128 1751 4196 Σάμον
1778 4124 2062 4179 καὶῬόδον

480 4227 749 4295 κατέσχε.
777 4223 909 4277 Τότε
943 4224 1030 4292 δὴ,
1059 4224 1176 4276 τότε
1212 4221 1306 4275 καὶ
1337 4221 1558 4290 Κύπρος
1591 4219 1688 4272 σὺν
1710 4218 1846 4288 αὐτῇ
1871 4219 2064 4288 Κρήτῃ

495 4315 833 4370 ἀποστασίαν
884 4313 983 4385 μὲν
1039 4315 1323 4383 ἐνόσησαν,
1357 4311 1445 4363 διά
1489 4309 1686 4379 τάχους
1729 4309 1784 4360 δὲ
1818 4311 1883 4378 τῇ
1915 4308 2065 4377 βασι-

495 4408 727 4478 λευούσῃ
783 4405 1255 4471 ὕπανασώζονται,
1293 4406 1350 4456 ἐν
1417 4401 1514 4471 μὲν
1566 4403 1633 4469 τῇ
1705 4400 1915 4467 Κύπρῳ
1969 4397 2060 4450 τοῦ

2153 3467 2290 3522 mari
2327 3466 2694 3536 Epidamnum
2733 3469 2968 3523 venisse.
3005 3470 3350 3540 QuaprOpter
3395 3471 3540 3526 illico
3594 3486 3724 3525 suas

2152 3559 2337 3628 copias
2369 3559 2572 3624 educit,
2608 3561 3114 3630 Dyrrhachiumque
3177 3562 3454 3631 profectus
3503 3580 3747 3617 manum-

2155 3664 2282 3704 cum
2309 3649 2558 3705 hostibus
2591 3651 2892 3710 conseruit.
2925 3653 3112 3707 Victus
3165 3663 3346 3708 autem
3384 3656 3577 3724 proelio
3602 3655 3738 3722 fuga:

2156 3741 2261 3795 sibi
2321 3739 2600 3796 consuluit
2670 3740 2954 3810 inglorius.
2990 3743 3176 3798 multis
3213 3761 3437 3798 suorum
3491 3747 3727 3808 amissis,

2157 3847 2268 3885 non
2305 3832 2550 3900 vulgaris
2585 3832 2746 3885 modo
2774 3834 2938 3887 sortis
2991 3833 3330 3899 horninibus,
3369 3836 3728 3890 rerumetiam

2160 3923 2505 3992 magnatibus
2559 3932 2616 3977 et
2676 3924 3031 3993 imperatorio
3088 3928 3351 3995 sanguine
3406 3929 3727 3995 procreatis.

2162 4016 2276 4069 Hoc
2308 4017 2468 4070 modo
2503 4015 2681 4070 victus
2717 4015 3013 4084 imperator
3037 4016 3104 4069 ad
3154 4017 3343 4070 urbem
3405 4019 3726 4073 revertitur.

2165 4108 2382 4174 Interea
2407 4106 2632 4160 Barbari
2657 4107 2938 4177 prosperis
2969 4107 3199 4187 fortunae
3227 4109 3573 4162 successibus
3602 4110 3728 4163 elati

2164 4198 2452 4268 superbire
2473 4215 2536 4252 ac
2557 4197 2817 4267 Oppidula
2843 4199 3089 4268 quazdam
3111 4213 3400 4268 occupare.
3434 4198 3733 4273 Imperator

2164 4290 2406 4344 vicissim
2443 4289 2659 4343 eductis
2692 4288 2874 4342 denuo
2910 4288 3083 4358 copiis
3108 4289 3404 4342 Adrianum
3436 4289 3734 4359 imperato-

2169 4383 2250 4436 rio
2285 4381 2496 4448 habitu,
2533 4397 2753 4446 ornare,
2795 4389 3097 4451 contraque
3139 4381 3441 4448 Rupertum
3471 4382 3735 4436 collocato

499 4472 780 4569 Καρύκου,
807 4499 864 4552 ἐν
917 4497 974 4550 δὲ
1030 4499 1095 4568 τῇ
1147 4496 1340 4567 Κρήτῃ
1383 4494 1475 4546 τοῦ
1519 4491 1867 4560 Ῥαψαμάτου
1902 4490 2046 4543 ἀντάι

2153 4473 2469 4543 praecipere
2503 4482 2561 4526 ut
2592 4473 2634 4526 si
2669 4472 2938 4526 barbarus
2970 4473 3024 4526 in
3062 4473 3239 4542 ipsum
3273 4473 3534 4542 impetum
3587 4474 3736 4527 facc-

502 4612 710 4665 ραντος.
759 4593 1036 4647 Ἐντεῦθεν
1071 4595 1098 4645 ὁ
1127 4591 1380 4661 βασιλεὺς
1414 4589 1785 4658 ἀναλωμάτων
1815 4587 2066 4656 δεόμενος

499 4687 734 4754 τρόπους
766 4686 1057 4747 ἀπαισίους
1094 4682 1357 4752 συλλογῆς
1388 4682 1688 4752 χρημάτων
1714 4677 2064 4749 ἐφεύρισκεν.

514 4775 796 4829 Ἐντεῦθεν
830 4775 1148 4846 ἀπογραφαὶ
1180 4774 1290 4827 τῶν
1325 4774 1637 4842 ἁπανταχοῦ
1671 4773 1938 4840 κτήσεων,
1973 4768 2069 4822 καὶ

501 4871 570 4923 τά
609 4867 771 4921 καινὰ
807 4867 913 4921 τῶν
958 4867 1244 4936 ὀνομάτων
1278 4865 1645 4932 ἐπινενόηται,
1676 4862 1745 4914 τά
1791 4861 2070 4931 ύπέρτιμα

500 4961 702 5031 δηλαδὴ
725 4961 817 5014 καὶ
842 4962 908 5013 τά
944 4959 1247 5028 ύπέρπλεα,
1278 4959 1371 5010 καὶ
1396 4956 1544 5010 ἄλλοι
1571 4954 1764 5024 τρόποι
1792 4949 2068 5020 ἐπηρειῶν

505 5055 646 5108 κατὰ
685 5055 793 5106 τῶν
843 5051 1102 5120 ὑπηκόων
1148 5049 1532 5117 ἐπεισήγοντο.
1571 5046 1778 5120 Γέγονε
1814 5042 1870 5094 δὲ
1925 5057 2073 5110 τηνι-

507 5146 684 5209 καῦτα
740 5147 833 5198 καὶ
878 5145 1068 5205 κλόνος
1097 5142 1194 5209 τῆς
1221 5141 1322 5208 γῆς
1361 5141 1419 5206 ἐξ
1453 5139 1663 5207 ἡμέρας
1719 5135 1776 5186 ἓν
1822 5133 1958 5201 αὖτῇ
2007 5133 2074 5201 τῇ

510 5238 705 5308 μνήμῃ
743 5234 839 5287 τοῦ
887 5234 1048 5300 ἁγίου
1087 5230 1378 5292 Νικολάου,
1427 5227 1516 5294 ὑφ’
1552 5219 1612 5278 οὗ
1658 5222 1852 5276 πολλαὶ
1908 5220 2075 5273 οἰκίαι

507 5329 602 5383 καὶ
630 5329 784 5380 στοαὶ
815 5328 908 5379 καὶ
940 5325 1058 5378 ναοὶ
1092 5323 1412 5384 κατέπεσον,
1443 5317 1516 5380 ὡς
1551 5314 1800 5370 ἐντεῦθεν
1824 5313 1918 5364 κα¹ι
1957 5311 2078 5364 πολ-

505 5420 637 5479 λοὺς
691 5417 1075 5487 συγχωσϐἧναι
1124 5414 1218 5466 καὶ
1271 5410 1583 5464 ἀποθανεῖν.
1626 5404 1944 5474 Τηνικαῦτει
1986 5406 2080 5459 καὶ

511 5511 871 5574 Ιιατζινακῶν
907 5508 1111 5576 πλῆθος
1141 5504 1276 5558 πολὺ
1325 5504 1426 5571 τὴν
1471 5499 1716 5572 Θρᾳκίαν
1752 5497 1846 5549 καὶ
1893 5496 2079 5548 Μακε-

507 5604 692 5658 δονίαν
736 5601 968 5671 ἐλήῖςεν.
1042 5596 1428 5666 Ἐκστρατεύει
1475 5591 1596 5646 κατ’
1654 5587 1837 5643 αὐτῶν
1867 5588 1895 5638 6
1926 5587 2080 5657 βασι-

511 5694 662 5756 λεὺς,
703 5693 798 5745 καί
827 5693 1017 5761 πρῶτα
1066 5690 1165 5758 μὲν
1206 5685 1473 5755 ήττῶνται
1507 5681 1556 5734 οἱ
1593 5680 1945 5750 στρατιῶται,
1983 5673 2080 5728 εἶν’

515 5783 691 5847 οὕτως
725 5784 925 5853 ἡττῶσι
964 5780 1100 5836 κατὰ
1151 5779 1348 5848 κράτος
1383 5773 1580 5838 αὐτοὺς
1635 5773 1726 5827 ἅτε
1750 5773 1815 5841 τῇ
1850 5767 2099 5840 Oet-9:61:

2169 4575 2274 4629 ret,
2312 4573 2457 4634 terga
2489 4564 2682 4618 daret:
2717 4564 2932 4618 interim
2969 4566 3083 4634 ipse
3139 4579 3236 4632 per
3267 4565 3412 4619 inria
3448 4565 3562 4618 loca
3596 4565 3753 4620 facto-

2171 4656 2370 4710 itinere
2433 4655 2646 4709 hostem
2704 4670 2732 4709 a
2781 4665 2929 4725 tergo
2987 4655 3349 4711 circumdare.
3386 4656 3498 4709 llac
3549 4655 3740 4710 fraude

2171 4748 2582 4802 circumventus
2621 4746 2970 4800 adversarius
2997 4746 3048 4800 in
3081 4746 3147 4800 iis
3175 4746 3435 4816 deinceps
3462 4746 3619 4812 locis,
3649 4764 3740 4802 co-

2171 4851 2302 4895 natu
2328 4856 2425 4894 suo
2458 4840 2648 4902 fracto,
2685 4840 2922 4908 conspici
2953 4839 3132 4894 desiit.
3162 4839 3497 4908 Compressu
3527 4839 3738 4895 France

2174 4932 2338 4987 Turci
2378 4947 2593 4985 rursum
2627 4931 2761 4984 lines
2795 4931 3074 4988 Romanos
3111 4931 3430 4987 invaserunt
3462 4947 3475 4996 ;
3509 4947 3741 5002 quorum

2174 5040 2206 5079 ο
2261 5025 2482 5078 natione
2537 5023 2786 5094 quidam,
2845 5023 2934 5076 cui
2991 5024 3274 5076 Zacbatze
3341 5041 3541 5077 nomen
3605 5034 3744 5087 erat,

2174 5116 2395 5179 Chium,
2417 5117 2640 5170 Samum
2671 5123 2726 5169 et
2753 5113 3004 5168 Rhodum
3027 5113 3236 5167 insulas
3256 5113 3564 5182 occuparit.
3595 5112 3746 5164 Tunc

2178 5218 2234 5264 et
2273 5209 2485 5279 Cyprus
2533 5217 2700 5276 atque
2748 5207 2929 5269 Creta,
2982 5205 3308 5260 defectionis
3373 5205 3476 5259 illae
3525 5203 3744 5271 quidem

2178 5301 2375 5356 morbo
2411 5300 2652 5364 infectre,
2698 5300 2765 5353 ab
2817 5299 3146 5368 imperatore
3181 5298 3486 5352 desciscere
3538 5294 3746 5361 cogita-

2180 5392 2312 5446 bant
2345 5410 2357 5444 :
2392 5406 2582 5445 verum
2631 5398 2921 5444 anteverso
2973 5388 3224 5442 celeriter
3252 5388 3488 5456 ipsarum
3543 5391 3746 5436 conatu

2183 5486 2413 5556 imperio
2470 5492 2806 5552 recuperatae
2877 5490 3320 5548 conservata-que
3395 5477 3636 5555 fuerunt.
3690 5475 3746 5526 In

2181 5578 2361 5650 Cypro
2410 5577 2662 5647 Caryccs,
2719 5579 2773 5628 in
2807 5576 2966 5628 Creta
3009 5574 3368 5639 Rapsomatcs
3431 5567 3748 5635 nnperatori

2186 5689 2242 5726 se
2264 5685 2592 5740 Opposucre.
2627 5669 2763 5722 Cum
2792 5665 3089 5726 autemille
3127 5663 3280 5715 bellis
3309 5660 3612 5714 exhaustus
3646 5661 3750 5712 im-

2188 5778 2479 5833 pensarum
2512 5768 2716 5830 egeret,
2746 5756 3008 5827 pecunias.
3045 5751 3360 5823 colligenda:
3416 5751 3656 5806 rationes
3686 5750 3751 5807 ab

4085 1119 4091 1198 l

4089 1246 4093 1334 ί

4097 1678 4101 1780 l

4099 1786 4103 1888 4

4101 1894 4105 1970 l

4105 2000 4107 2068 ι
