4154 6200
429 280 536 345 (319

1698 283 2113 343 MICHAELIS
2149 272 2415 344 cum:

3561 269 3677 344 δέσ

428 390 704 457 aequitatis
757 393 950 463 egtbus
978 392 1339 447 abhorrentes
1361 392 1713 462 excogitavit.
1747 394 1885 449 llinc
1905 411 1983 449 se-

2099 396 2259 463 νάμει
2284 395 2344 447 τὸ
2370 395 2476 447 πᾶν
2501 391 2910 461 ἐπιτρέψαντες.
2947 389 3129 455 "Am:
3155 389 3247 441 καὶ
3273 388 3352 450 δὶς
3386 388 3671 441 inﬁgunt

430 492 572 537 culte
601 486 1005 553 possessionum
1060 485 1239 542 ubivis
1267 486 1496 540 sitarum
1548 484 1948 556 descriptiones
1980 504 1995 542 :

426 573 557 627 hinc
578 591 732 629 nova:
769 577 873 629 illa:
902 577 1296 646 appellationes
1342 578 1777 649 hypertimorum
1819 589 1873 633 et
1901 580 1997 649 hy-

2096 486 2217 539 κατ’
2257 483 2445 548 αὑτοῦ,
2472 482 2565 535 τοῦ
2592 482 2853 552 βασιλέως
2885 480 3118 552 δηλαδή’
3153 483 3326 549 πέρας
3348 478 3406 532 δὲ
3437 479 3672 543 ταύταις
3720 474 3727 475 ί

2094 578 2194 629 οὐκ
2222 574 2311 648 ἦν.

423 667 770 733 perpleornm
803 670 1139 738 excogitatze,
1174 672 1327 739 quasi
1395 683 1795 740 supereensaet
1862 672 2227 726 redundantia
2292 671 2463 725 dicas.
2492 670 2641 725 Alias
2682 668 2775 723 alii
2832 667 3071 737 denique
3107 665 3458 719 vexationum‘
3515 663 3665 717 modi

422 756 771 811 subditorum
812 760 1309 816 exhauriendorum
1342 769 1503 817 causa
1540 762 1977 832 reperiebantur.
2014 761 2231 816 Accidit
2296 770 2350 815 et
2416 772 2578 814 terra:
2613 768 2795 813 motus
2822 758 2873 812 id
2921 757 3188 827 temporis
3236 753 3547 809 horrendus
3603 766 3671 807 ac

420 851 738 915 vehemens,
766 852 859 906 illo
895 853 1013 923 ipso
1043 853 1130 907 die
1157 868 1265 924 quo
1289 856 1460 908 sancti
1526 854 1730 909 Nicolai
1801 853 2065 908 memoria
2108 852 2511 907 celebrabatur.
2545 851 2593 906 is
2621 850 2791 904 amita
2827 848 3084 911 mdilieia,
3117 845 3361 917 porticus
3392 855 3447 900 et
3481 861 3680 900 sacras

419 942 566 997 aedes
595 944 745 999 humi
796 948 1037 1013 stravit;
1105 964 1339 1018 quorum
1383 949 1560 1004 ruinis
1603 949 1848 1020 oppressi
1917 950 2233 1018 complures
2295 948 2611 1002 mortalium
2650 945 2869 1000 vivendi
2903 944 3066 999 linem
3115 942 3384 998 fecerunt.
3414 941 3571 999 Tunc
3611 946 3674 997 et

419 1035 832 1089 Patzinacarum
870 1037 1063 1107 ingens
1099 1040 1394 1094 multitudo
1461 1041 1749 1095 Thraciam
1811 1040 2297 1110 Macedoniamque
2321 1040 2649 1110 depopulata
2696 1047 2804 1093 est.
2870 1037 3148 1093 Adversus
3198 1052 3296 1092 eos
3335 1036 3665 1105 imperatore

424 1139 549 1181 cum
580 1130 754 1199 copiis
783 1146 1003 1201 egresso
1038 1135 1275 1202 primum
1342 1137 1563 1205 quidem
1624 1141 1923 1191 vincuntur
1949 1126 2181 1191 Romani
2216 1138 2440 1199 milites.
2510 1135 2715 1190 deinde
2756 1149 2889 1189 vero
2916 1116 3153 1202 stragem
3212 1132 3433 1186 illorum
3470 1134 3664 1199 ingen-
3732 1202 3733 1205 η

424 1230 533 1272 tem
566 1222 756 1284 edunt.
789 1237 913 1277 cum
946 1239 1058 1277 rem
1120 1234 1289 1281 totam
1357 1227 1557 1281 divinae
1635 1210 1883 1297 potestati
1953 1229 2381 1284 commisissent.
2443 1227 2584 1283 Sunt
2645 1236 2701 1283 et
2758 1224 2973 1295 insidiae
3024 1230 3215 1279 contra
3276 1224 3661 1293 imperatorem

417 1312 589 1366 semel
614 1323 777 1385 atque
826 1314 1026 1369 iterum
1082 1327 1326 1385 structae,
1357 1321 1453 1376 sed
1493 1331 1813 1377 successum
1875 1337 1984 1377 non
2024 1323 2359 1378 habuerunt.

495 1447 697 1502 Eodem
735 1449 1040 1518 imperante
1072 1451 1404 1507 Francorum
1437 1456 1587 1509 natio
1640 1457 1708 1511 de
1748 1458 1999 1521 partibus

418 1534 689 1605 hesperiis
714 1540 1180 1610 protet‘tanolim
1214 1546 1385 1608 venit,
1411 1555 1472 1600 ut
1497 1561 1687 1602 versus
1714 1546 1994 1603 Orientem

421 1629 497 1683 ibi
527 1631 822 1699 trajiceret.
866 1632 1067 1687 Eorum
1105 1636 1398 1690 adventum
1444 1637 1703 1694 iudicatio
1746 1644 1994 1710 qnzndam

320 1782 329 1785 _
423 1722 608 1774 divina
643 1724 922 1792 prmeessit
944 1742 958 1791 ;
984 1732 1108 1779 nam
1135 1726 1346 1781 inﬁnita
1370 1728 1704 1784 locustarum
1734 1731 1835 1797 vis,
1863 1748 1999 1801 qua-

420 1827 541 1866 rum
578 1823 697 1867 erat
729 1830 794 1868 ex
828 1813 1123 1872 Occidente
1156 1818 1329 1889 origo,
1360 1822 1529 1876 tantis
1556 1836 1681 1875 cum
1708 1823 1882 1891 cepiis
1905 1839 1992 1877 vo-

419 1903 652 1957 lantium
683 1914 739 1958 ut
766 1906 965 1961 nubem
986 1920 1376 1977 repraesentare
1398 1911 1719 1965 viderentur
1744 1923 1798 1966 et
1820 1913 1986 1967 solem

416 1996 595 2064 ipsum
620 1997 1089 2069 obnuberent,per
1117 2004 1405 2059 maximam
1435 2004 1574 2060 hanc
1606 2006 1820 2059 urbium
1844 2005 1991 2074 ejus-

415 2104 523 2157 que
568 2092 702 2144 lines
734 2091 789 2144 in
828 2091 992 2164 334
1019 2093 1298 2149 Orientem
1333 2097 1596 2166 perrexit,
1637 2098 1821 2166 ibique
1857 2113 1989 2152 con-

416 2181 602 2234 sidcns
638 2182 866 2235 ulterius
904 2185 1090 2238 volare
1137 2186 1323 2241 desiit.
1373 2186 1511 2241 Cum
1558 2198 1741 2242 autem
1793 2180 1988 2245 Franci

416 2272 763 2340 trajeeissent
808 2273 859 2326 in
895 2274 1103 2339 Asiam,
1161 2277 1395 2331 Nicaeam
1448 2279 1717 2349 Bithyniae
1752 2282 1945 2335 Turcis
1970 2322 1985 2346 ,

416 2363 511 2430 qui
540 2378 658 2415 eam
686 2363 1027 2429 obtinebant,
1049 2366 1357 2438 ademptam
1382 2370 1692 2440 imperatori
1714 2388 1813 2441 pro
1838 2383 1988 2427 certo

418 2453 598 2520 pretio
633 2455 1021 2511 vendiderunt.
1056 2457 1212 2513 Tunc
1263 2469 1319 2513 et
1353 2458 1755 2529 Bogomilorum
1801 2474 1988 2517 exorta

416 2545 522 2596 t‘nit
552 2546 798 2610 haeresis,
832 2555 1055 2603 auctore
1090 2549 1312 2617 Basilio,
1359 2552 1453 2619 qui
1486 2552 1729 2607 medicus
1759 2571 1989 2624 usurpa-

414 2636 599 2699 llﬂllll’.
646 2638 856 2693 Rursus
885 2640 1015 2695 item
1049 2640 1153 2695 alia
1184 2653 1376 2696 contra
1420 2645 1803 2712 imperatorem
1838 2648 1989 2701 exci-

418 2734 528 2781 tata
586 2728 685 2782 fuit
734 2745 763 2783 a
818 2732 1053 2799 quodam
1087 2733 1442 2803 conspiratio,
1488 2738 1581 2806 qui
1618 2737 1984 2793 Cumanorum

418 2808 686 2873 societate
712 2821 1089 2891 comitatuque
1114 2823 1289 2878 fretus
1319 2825 1574 2895 Diogenis
1595 2841 1652 2881 se
1675 2826 1841 2881 lilium
1873 2843 1989 2898 per-

413 2910 662 2973 hibebat,
691 2914 812 2980 ejus
841 2914 933 2983 qui
971 2926 1096 2969 ante
1137 2913 1240 2971 hoc
1268 2926 1481 2987 tempus
1510 2919 1891 2989 imperaverat.
1927 2922 1985 2977 In

414 3003 702 3059 Thraciam
737 3007 827 3060 ubi
862 3010 1121 3073 venisset,
1172 3025 1270 3079 per
1310 3010 1555 3066 fraudem
1592 3028 1621 3066 a
1654 3014 1981 3081 quibusdam

419 3095 723 3164 imperator
771 3100 1127 3155 renuntiatus
1178 3103 1392 3171 capitur
1435 3111 1490 3157 et
1528 3105 1715 3159 oculos
1760 3105 1980 3161 amittit.

2166 1456 2301 1508 Τότε
2335 1456 2397 1525 δὴ
2432 1455 2533 1508 καῖ
2555 1454 2615 1507 τδ
2645 1453 2755 1508 τῶν
2782 1454 3054 1524 Φράγγων
3085 1452 3233 1516 ἔθνος
3269 1454 3333 1506 ἐκ
3362 1452 3471 1505 τῶν
3502 1454 3671 1506 ἑσπεέν

2097 1549 2228 1619 ρίων
2259 1549 2357 1617 τὴν
2397 1548 2673 1619 βασιλείαν
2706 1547 3121 1616 καταλαμϐάνει
3160 1545 3237 1607 ὡς
3282 1540 3491 1599 ἐκεῖθεν
3527 1548 3673 1615 πρὶς

2094 1641 2170 1694 ἓω
2208 1640 2736 1709 διαπεραιώσασθαι.
2768 1634 2871 1692 Ὠν
2906 1640 3005 1706 τὴν
3032 1639 3363 1711 κσυγκίνησιν
3396 1638 3675 1707 θεόσημόν

2093 1750 2146 1785 τι
2192 1732 2611 1801 προεμήνυσενο
2652 1731 2890 1800 ἀκρίδων
2934 1732 3043 1801 γὰρ
3086 1732 3313 1801 ἄπειρον
3353 1730 3558 1801 πλῆθος
3597 1732 3661 1782 ἐκ

2092 1826 2192 1894 τῆς
2228 1804 2465 1895 ἑσπέρας
2494 1824 2593 1894 τὴν
2623 1824 2839 1893 γένεσιν
2868 1822 3099 1891 ὲσχηκὸς
3136 1823 3230 1875 καὶ
3264 1821 3340 1883 ὡς
3372 1822 3533 1890 νέφος
3568 1823 3665 1874 ἱπεί

2095 1915 2411 1985 παιζόμενον
2438 1914 2831 1981 ἀπεικάζεσθαι
2866 1915 2960 1967 καί⁵
2995 1914 3240 1977 σκιάζειν
3271 1914 3363 1966 τὸν
3393 1915 3542 1983 ἣλιον
3574 1916 3662 1966 διὰ

2092 2011 2191 2077 τῆς
2226 2010 2491 2078 μεγίστης
2517 2009 2624 2062 τῶν
2654 2008 2861 2063 πόλεων
2889 2009 2981 2060 καὶ
3009 2008 3117 2061 τῶν
3142 2008 3346 2078 ταύτης
3373 2009 3537 2079 ὁρίων
3560 2009 3659 2073 τὴν

2091 2100 2293 2169 πτῆσιν
2336 2099 2659 2169 ποιούμενον
2704 2102 2840 2168 πρὸς
2885 2100 2983 2170 τὴν
3026 2092 3179 2170 ἑῴαν
3210 2099 3459 2170 ὥρμητο,
3500 2100 3666 2153 κάκεῖ

2092 2194 2430 2247 κατέπαυσε.
2462 2192 2917 2262 Δίαπεραιοῦνται
2946 2192 3040 2246 οὖν
3066 2195 3114 2245 oi
3146 2194 3406 2264 Φράγγοι,
3440 2192 3532 2244 καὶ
3562 2193 3669 2260 τὴν

2089 2283 2323 2337 Νίκαιαν
2354 2284 2505 2353 παρὰ
2532 2285 2639 2336 τῶν
2669 2283 2927 2354 Τούρκων
2958 2284 3321 2354 κατεχόμενοι
3344 2282 3661 2352 ἀφαιροῦσι,

2090 2377 2187 2427 καὶ
2224 2374 2299 2442 τῷ
2346 2374 2558 2444 βασιλεῖ
2597 2374 2801 2445 ταύτην
2845 2375 3002 2427 ὢνιον
3040 2374 3266 2428 διδόασι.
3306 2375 3439 2427 Τότε
3484 2376 3513 2443 ἡ
3553 2377 3660 2429 τῶν

2090 2466 2420 2535 Βωγομίλων
2455 2468 2697 2537 ἀνεφάνη
2734 2467 2967 2537 αἵρεσις,
3002 2461 3067 2539 ἧς
3105 2467 3347 2536 κατῆρχε
3384 2467 3660 2527 Βασίλειος

2088 2558 2432 2629 ὁλεγόμενος
2482 2560 2684 2629 ἱατρός,
2721 2561 2915 2629 Ἑτέρα
2968 2559 3022 2611 δὲ
3077 2559 3237 2611 πάλιν
3291 2558 3661 2618 ἐπανάστασις

2089 2649 2241 2718 παρὰ
2265 2666 2409 2712 τινος
2436 2649 2644 2715 γέγονε,
2675 2650 2959 2716 Κομάνους
2989 2649 3087 2718 μὲν
3116 2649 3485 2718 ἐφεπομένους
3516 2648 3660 2717 ἔχον-

2086 2759 2176 2806 τος
2209 2743 2301 2794 καὶ
2328 2736 2464 2795 εἶναι
2496 2742 2743 2809 λέγοντος
2771 2742 2863 2795 τοῦ
2894 2740 3451 2829 προϐεϐασιλευὲὁτος
3480 2739 3659 2805 Διογὲ⁴

2086 2850 2232 2895 νους.
2264 2832 2684 2903 ’Λναγορεύεται
2708 2831 2805 2885 οὖν
2826 2832 2965 2885 κατὰ
2985 2833 3083 2901 τὴν
3104 2808 3349 2901 Θρᾳκίξίν
3371 2829 3559 2883 ἅπατὼ
3568 2845 3660 2897 με-

2086 2940 2197 2986 νος,
2222 2922 2358 2976 ἀλλὰ
2378 2924 2667 2993 κατέχεται
2689 2923 2785 2976 καὶ
2804 2925 2929 2985 τοὺς
2952 2921 3264 2990 ὀφθαλμοὺς
3282 2919 3654 2989 ὲξορύσσεται.

2086 3017 2160 3068 Τὸ
2194 3015 2249 3066 δὲ
2284 3014 2739 3083 ὀρφανοτροφεῖον
2772 3012 2874 3083 ἤδη
2917 3012 3209 3081 ἐσχολακδς
3250 3009 3591 3073 ἀνακαινίζει
3627 3010 3671 3057 ὀ-

2084 3105 2399 3175 διαληφοεὶς
2428 3104 2699 3175 βασιλεύς.
2728 3104 3006 3173 Προφορεῖ
3029 3105 3120 3156 xui.
3144 3100 3355 3155 οἴκοθεν
3378 3103 3653 3169 κτήματα,

417 3187 723 3256 Imperator
750 3198 932 3246 autem
965 3190 1187 3247 Alexius
1232 3194 1453 3248 domum
1500 3195 1710 3249 alendis
1761 3197 1981 3265 pupillis

2090 3200 2157 3250 τὰ
2192 3198 2375 3266 μέντοι
2406 3197 2799 3267 φροντιστήρια
2828 3198 2922 3249 καὶ
2946 3197 3007 3248 τὸ
3033 3194 3140 3248 τῶν
3168 3194 3377 3247 παίδων
3399 3193 3653 3245 διδαπκαο

416 3280 770 3347 assignatam,
807 3299 926 3350 qua:
956 3284 1163 3339 dudum
1188 3287 1299 3355 jam
1327 3288 1562 3341 alumnis
1591 3296 1867 3347 caruerat.
1907 3289 1988 3341 in-

415 3371 705 3431 stauravit,
752 3372 1036 3426 attributis
1088 3375 1139 3427 ei
1169 3376 1496 3444 quibusdam
1530 3376 1597 3430 de
1631 3391 1732 3434 suo
1766 3391 1985 3445 quoque

416 3465 796 3520 facultatibus.
828 3468 1107 3536 Adjeeitet
1131 3471 1505 3540 religiosarum
1533 3472 1982 3529 exercitationum

416 3558 597 3618 tetes,
650 3556 950 3627 Indumque
1007 3560 1337 3615 litterarium
1390 3562 1707 3616 erudiendis
1770 3563 1983 3631 pueris.

2087 3288 2229 3341 λεῖον
2258 3289 2418 3350 αὐτὸς
2451 3287 2920 3356 προσεπιτίϐησιν.
2955 3286 3149 3356 Ἑτέρα
3186 3276 3497 3338 κατίαύτοῦ
3532 3284 3661 3334 ἐπι-⁷

2089 3379 2277 3449 ϐουλὴ,
2326 3375 2394 3451 ἦς
2433 3379 2709 3449 κατῆρχεν
2764 3381 2791 3431 6
2824 3379 3055 3447 Ἀνεμᾶς
3100 3376 3318 3447 Μιχαήλ
3346 3374 3481 3444 (97).
3517 3364 3667 3426 Ἀλλ(

2088 3471 2285 3525 αὐτίκα
2335 3471 2758 3541 διαμηνυοέντες
2800 3471 3173 3532 παιδεύονται,
3218 3467 3519 3530 ἁλωοέντες
3559 3466 3655 3527 τὰς

2088 3564 2280 3633 τρίχας
2311 3564 2409 3631 τῆς
2438 3563 2683 3631 κεφαλῆς
2711 3564 2770 3616 οὗ
2808 3563 2975 3632 ξυρῷ,
3007 3563 3141 3615 ἀλλὰ
3169 3561 3443 3631 δρώπακι.

420 3650 561 3707 llinc
593 3671 731 3709 nova
767 3667 957 3711 contra
1005 3657 1181 3726 ipsum
1231 3656 1411 3710 oritur
1449 3654 1646 3709 seditio
1682 3655 1838 3725 Cujus
1904 3664 2020 3709 erat
2058 3667 2251 3710 auCtor
2290 3656 2408 3725 ejus
2437 3657 2803 3710 consobrinus
2865 3655 3162 3710 Michaclus
3194 3672 3208 3708 :
3240 3655 3335 3711 sed
3384 3650 3665 3723 quotquot

418 3746 475 3800 in
511 3749 650 3802 hanc
679 3749 994 3803 societatem
1025 3758 1318 3813 venerant,
1347 3764 1473 3802 mox
1500 3747 1714 3803 indicio
1768 3748 1913 3803 laeto
1978 3751 2045 3806 ad
2087 3752 2473 3820 imperatorem
2523 3749 2683 3805 delati
2720 3750 3078 3820 castigantur,
3138 3747 3408 3818 ademptis
3441 3745 3654 3815 capillis

417 3854 529 3897 non
562 3844 851 3910 novacula,
888 3842 985 3898 sed
1016 3845 1253 3923 dropace
1287 3844 1419 3914 (97).

486 3962 759 4017 Caeterum
802 3972 977 4018 mater
1008 3965 1359 4035 imperatoris
1392 3961 1982 4025 universumadmini;

412 4056 623 4116 strabat
658 4054 972 4124 imperium,
1011 4073 1172 4127 quam
1203 4072 1319 4112 rem
1350 4056 1465 4125 ipse
1502 4057 1750 4112 dolenter
1776 4072 1839 4111 ac
1861 4071 1979 4110 mo-

412 4150 551 4202 leste
584 4148 814 4210 ferebat,
848 4158 909 4201 ut
936 4149 1029 4217 qui
1062 4150 1272 4204 videret
1317 4150 1495 4204 solum
1522 4149 1625 4204 sibi
1652 4163 1846 4202 nomen
1879 4146 1981 4200 im—

411 4240 549 4309 perii
581 4239 851 4307 reliquum
873 4253 1013 4292 esse.
1039 4238 1210 4292 Mater
1233 4239 1337 4292 hoc
1368 4236 1748 4311 animadverso
1782 4246 1977 4305 sponte

417 4348 517 4386 sua
553 4332 737 4394 cessit,
766 4341 819 4385 et
844 4331 897 4384 in
930 4331 1323 4385 monasterium
1356 4331 1683 4400 inspectoris
1709 4331 1976 4390 omnium,

412 4422 559 4489 quod
588 4422 818 4490 ipsamet
843 4431 1215 4486 exstruxerat,
1247 4419 1650 4489 commigravit.
1682 4419 1800 4473 Jam
1831 4417 1975 4487 quod

2176 3954 2241 4014 ἸΙ
2270 3961 2453 4031 μέντοι
2475 3956 2569 4012 τοῦ
2596 3958 2855 4029 βασιλέως
2884 3960 3065 4029 μήτηρ
3088 3959 3187 4030 τὴν
3211 3958 3490 4029 βασιλείαν
3513 3959 3653 4011 im-

2091 4067 2189 4104 σαν
2216 4044 2651 4120 οίκονομοῦσαῆν
2672 4089 2686 4115 ,
2718 4049 2803 4118 ἐφ’
2824 4041 2868 4116 ᾧ
2902 4050 3001 4109 καὶ
3028 4050 3054 4101 6
3088 4049 3305 4119 κρατῶν
3334 4050 3544 4121 ἠνιᾶτο,
3575 4049 3650 4112 ὡς

2086 4144 2226 4211 ἔχων
2255 4143 2414 4211 μόνον
2440 4141 2501 4193 τὸ
2524 4140 2626 4209 τῆς
2655 4137 2927 4209 βασιλείας
2958 4125 3148 4211 δνομία.
3175 4141 3345 4193 Τοῦτο
3370 4140 3463 4194 οὖν
3488 4144 3518 4211 ἡ
3550 4142 3652 4211 μή-

2085 4252 2194 4305 τηρ
2226 4233 2433 4303 γνοῦσα
2468 4232 2669 4286 ἑκοῦσα
2704 4233 2917 4302 ἐξέστη,
2955 4234 3047 4286 καὶ
3088 4234 3187 4296 είς
3223 4236 3322 4302 τὴν
3354 4232 3448 4285 τοῦ
3486 4251 3647 4285 παντ-

2086 4326 2326 4378 επόπτου
2350 4324 2537 4396 μονὴν,
2585 4326 2649 4394 ἢν
2694 4324 2832 4394 αὕτη
2881 4326 3152 4393 ἐδείματο,
3199 4326 3465 4380 κατοικεῖ.
3512 4324 3654 4393 Πρὸς

2091 4419 2271 4486 μέντοι
2304 4417 2403 4487 τὴν
2440 4417 2699 4470 κοινωνὸν
2731 4416 2825 4469 τοῦ
2870 4416 2984 4485 βίου
3028 4418 3055 4467 6
3102 4416 3321 4486 κρατῶν
3354 4415 3477 4469 οὗτε
3518 4418 3654 4469 ἀπος

412 4513 764 4582 imperatoris
798 4514 1082 4584 conjugem
1117 4513 1347 4581 vitazque
1372 4514 1574 4567 sociam
1602 4513 1821 4576 attinet,
1856 4527 1977 4566 eam

2089 4508 2329 4577 στὸργως
2357 4502 2467 4577 εἶχε
2494 4507 2623 4577 πρὶν
2646 4506 2769 4559 οὔτε
2798 4508 3065 4569 παντοίως
3089 4507 3259 4580 ταύτῃ
3289 4509 3607 4575 προσέκειτο
3631 4522 3647 4535 ·

410 4604 501 4659 iile
533 4604 752 4674 quidem
784 4613 942 4659 antea
992 4619 1095 4658 nec
1145 4614 1427 4658 aversatus
1455 4604 1613 4673 plane
1642 4604 1840 4670 fuerat,
1878 4620 1980 4660 nec

410 4697 658 4758 omnino,
692 4705 750 4748 ut
776 4711 872 4763 par
903 4694 1115 4754 luisset,
1145 4694 1446 4761 dilexeratj;
1476 4710 1601 4749 nam
1630 4698 1791 4751 rebus
1819 4712 1983 4751 vene-

411 4789 521 4842 reis
561 4788 783 4841 deditus
808 4788 930 4857 jura
962 4786 1293 4840 matrimonii
1336 4802 1527 4853 parum
1565 4796 1751 4843 sancte
1798 4803 1981 4842 Serva-

413 4881 530 4933 bat.
562 4881 855 4946 Postquam
891 4890 1022 4932 vero
1054 4878 1315 4946 grandior
1342 4888 1471 4933 retas
1516 4878 1684 4950 ignita
1730 4879 1981 4934 libidinis

410 4971 467 5023 in
514 4969 843 5035 imperatore
874 4967 975 5020 tela
1007 4967 1255 5022 nonnihil
1286 4968 1589 5033 hebetarat,
1621 4978 1750 5023 tunc
1779 4968 1834 5022 in
1865 4969 1977 5022 Au-

409 5070 625 5128 gustam
668 5073 936 5112 converso
962 5073 1147 5113 amore
1175 5070 1320 5114 totus
1346 5060 1400 5113 in
1433 5060 1552 5131 ejus
1590 5059 1855 5125 charitate
1887 5074 1982 5115 ac-

414 5150 773 5219 quiescebat,
808 5165 1028 5205 omnem
1083 5160 1407 5221 potestatem
1480 5149 1843 5222 gerendarum
1891 5165 1981 5206 re-

490 5344 603 5417 (97)
630 5345 704 5399 De
738 5344 1019 5400 Michaelis
1048 5344 1268 5401 Anema:
1300 5345 1455 5410 dicti,
1482 5350 1554 5417 ‘et
1586 5345 1817 5400 aliorum
1849 5360 1979 5400 con-

314 5468 331 5475 ,
404 5416 686 5485 juratione
710 5431 775 5468 ac
814 5417 1090 5486 supplicio
1122 5416 1277 5486 plura
1318 5417 1472 5468 Anna
1502 5416 1797 5486 rComnena
1832 5417 1978 5471 libro

408 5501 482 5538 xu
520 5486 795 5538 Alexiadis
819 5527 831 5547 ,
882 5485 975 5540 ubi
1012 5501 1132 5553 qua:
1168 5485 1236 5539 de
1270 5485 1543 5553 ademptis
1596 5486 1811 5552 capillis
1865 5503 1976 5541 non

410 5555 700 5626 novacula,
736 5564 796 5608 ut
845 5556 921 5609 ait
967 5566 1153 5626 noster
1181 5554 1394 5626 Glycas,
1428 5555 1525 5609 sed
1568 5555 1827 5624 dropace.
1867 5557 1971 5610 hoc

408 5631 493 5676 est
534 5624 915 5695 medicamenti
968 5624 1203 5695 quodam
1254 5624 1477 5695 genere,
1544 5642 1653 5695 quo
1694 5626 1757 5679 ad
1793 5626 1967 5680 dccal-

411 5692 649 5745 tandum
700 5705 865 5762 caput
895 5702 948 5749 ct
985 5692 1334 5766 depilandum
1372 5692 1640 5766 mentum,
1676 5697 1970 5751 utebantur

2079 4598 2411 4669 ἀφροδισίων
2450 4598 2556 4664 γὰρ
2603 4598 2911 4666 ἡττώμενος
2953 4598 3014 4649 οὐ
3065 4599 3205 4651 πάνυ
3253 4598 3320 4651 τὰ
3364 4601 3445 4661 είς
3490 4598 3651 4666 εὐνὴν

2080 4692 2343 4759 ἐτύγχανε
2371 4688 2599 4749 δίκαιος.
2632 4688 2790 4742 Ἐπεὶ
2821 4688 2865 4741 6‘
2888 4690 2917 4740 6
2946 4689 3137 4759 χρόνος
3166 4692 3426 4759 προήκων
3453 4689 3527 4758 τῷ
3556 4689 3652 4740 αὖε

2079 4785 2373 4853 τοκράτορι
2418 4783 2487 4834 τὰ
2530 4781 2779 4850 ὑποφόρα
2824 4781 2955 4853 βέλη
2991 4779 3086 4833 τοῦ
3133 4780 3335 4849 ἔρωτος
3384 4782 3647 4851 ῆμὸλυνε,

2081 4874 2201 4927 τότε
2225 4876 2291 4944 τῇ
2317 4871 2602 4944 Λύγούστῃ
2634 4874 2955 4943 πρόσκειται
2979 4873 3171 4946 τέλεον
3189 4874 3284 4925 καὶ
3309 4874 3489 4925 πᾶσαν
3512 4873 3661 4941 αὐτῇ.

2077 4967 2181 5035 τὴν
2215 4968 2405 5019 οὐσίαν
2439 4966 2761 5035 ἀνατίθησι,
2796 4966 2960 5036 ἡνίκα
2998 4967 3089 5018 καὶ
3129 4965 3333 5033 μᾶλλον
3371 4964 3653 5031 ποδαλγών

2082 5058 2406 5129 κλινοπετὴς
2448 5054 2536 5129 ἦν.
2584 5058 2730 5127 Αὕτη
2778 5058 2958 5127 δὲ,τῴ
3009 5058 3109 5127 μὲν
3153 5056 3252 5126 υίῷ
3300 5056 3391 5109 καὶ
3439 5055 3654 5126 βασιλεῖ

2094 5152 2317 5223 Ἰωάννῃ
2346 5151 2422 5222 μὴ
2445 5151 2636 5229 φιλίως
2662 5149 3057 5222 προσκειμένη,
3082 5148 3180 5217 τὴν
3204 5148 3444 5203 διάθεσιν
3472 5149 3655 5201 πᾶσαν

2084 5358 2321 5429 veteres,
2358 5348 2439 5430 sic
2479 5348 2869 5430 il|a_exp9nit.:
2904 5348 3014 5401 Καὶ
3062 5345 3162 5430 τὴν
3188 5345 3256 5430 ’ἐν
3296 5342 3646 5430 χριλκουρὰν

2084 5418 2184 5485 τῆς
2215 5419 2599 5491 κεφαλ.ῆς,καὶ
2642 5415 2735 5472 τοῦ
2767 5418 3030 5487 πώγωνος
3063 5415 3317 5491 diuidua;
3352 5415 3443 5466 διᾶ
3473 5416 3649 5491 μέσης

2087 5483 2427 5559 πομπεῦσαί
2464 5488 2564 5555 τῆς
2613 5491 2819 5559 ἀγορᾶς
2850 5483 3294 5559 τξαρεκελεύσατο
3321 5498 3336 5512 ⁶
3357 5483 3647 5559 ‘unde‘re-

2078 5552 2265 5612 fell'ere
2295 5559 2424 5612 licet
2455 5552 2698 5614 errorem
2722 5552 2889 5627 'ejus,
2922 5552 3016 5626 qui
3067 5556 3322 5627 δρόπακα
3357 5552 3643 5622 legendum

2079 5631 2441 5749 fontcndcbat
2468 5671 2483 5697 ,
2533 5639 2588 5683 et
2632 5624 2887 5695 fabulam
2924 5624 3021 5684 seu
3053 5624 3277 5680 securim
3312 5624 3644 5693 interprete-

2100 5707 2261 5749 )ntur.

2100 5707 2261 5751 )atur.
