4154 6200
465 302 569 376 6-1

1695 316 2099 377 ANNALIUM
2142 317 2333 376 PARS
2367 315 2442 376 ll—

3591 315 3696 375 C22

461 427 555 477 ἐπὶ
591 427 658 496 τῇ
708 425 901 498 πρώτῃ
945 425 1176 494 θυγατρι
1220 429 1310 480 καὶ
1353 428 1430 496 τῷ
1475 425 1758 495 ἒπάὒτῆς
1802 429 2021 498 κηδεστῇ

2144 444 2262 482 rum
2292 430 2340 483 ei
2375 425 2767 496 permittebat,
2805 429 3104 495 pt'a‘scrtim
3153 441 3276 479 cum
3311 427 3420 494 jam
3466 423 3696 492 pedibus

462 515 740 592 Βρυεννίφ
775 519 1065 585 ἐκέκτητο.
1103 519 1286 590 Ταύτῃ
1323 538 1405 572 τοι
1441 521 1532 573 καὶ
1565 520 1624 572 τὸ
1663 521 2027 587 συγκλητικὸν

458 607 608 661 ἅπαν
638 610 732 661 καὶ
761 609 824 662 τὺ
855 609 930 680 μὴ
959 610 1202 665 τοιοῦτον
1232 612 1550 680 ἐπιτηδείως
1582 614 1609 663 6
1643 613 1894 682 Ἰωάννης
1930 630 2025 682 με-

457 703 711 769 τήρχετο.

2135 517 2275 586 niger
2311 519 2363 571 in
2421 519 2561 572 lecto
2597 519 2971 572 decumberet.
3013 516 3138 570 Erat
3163 526 3346 570 autem
3376 515 3696 583 imperatrix

2137 610 2320 662 animo
2345 624 2471 677 erga
2502 609 2764 662 Joannem
2812 609 2982 660 lilium
3027 617 3080 659 et
3127 607 3509 675 imperatorem
3552 604 3695 658 desi-

2136 712 2356 771 gnatum
2392 699 2639 753 nonnihil
2675 701 2875 762 alieno,
2902 708 2957 752 ct
3002 713 3218 752 omnem
3258 697 3695 750 benevolentiam

459 793 515 846 in
543 792 708 848 ﬁliam
743 803 872 848 natu
906 797 1163 866 majorem
1195 801 1421 869 ejusque
1457 801 1735 864 maritum,
1801 814 2058 868 generum
2105 813 2266 852 suum
2342 793 2694 866 Bryennium,
2747 792 3117 847 transtulerat.
3170 791 3319 856 lianc
3360 791 3430 845 ob
3477 805 3693 854 causam

458 883 700 941 Joannes
745 897 996 943 senatum
1042 891 1347 946 etordines
1380 901 1607 947 caeteros
1658 892 1904 948 studiose
1951 890 2185 945 colebat.

533 1054 626 1120 Εἷς
667 1057 853 1126 μέντοι
888 1059 995 1111 τῶν
1031 1059 1168 1130 πρδς
1207 1060 1348 1131 ὲῴαν
1381 1061 1687 1116 διαϐάντων
1721 1062 1968 1116 Λατίνων
2001 1062 2030 1113 6

461 1147 790 1216 Βαιμοῦνδος
827 1148 1099 1218 συνθήκας
1137 1153 1276 1218 μετὰ
1306 1150 1399 1204 τοῦ
1437 1151 1764 1222 κρατοῦντος
1797 1152 2028 1219 ποιήσας

463 1241 632 1310 μυρία
661 1259 720 1294 τε
753 1245 1010 1312 χρήματα
1041 1243 1222 1298 λαϐὼν
1242 1283 1258 1308 ,
1291 1245 1384 1298 καὶ
1414 1247 1479 1314 τῇ
1516 1243 1819 1313 Ἀντιοχείᾳ
1853 1258 2025 1312 προσο

461 1333 670 1394 ϐαλὼν,
699 1337 763 1404 τῇ
793 1335 1082 1409 ,πολιορκίᾳ
1109 1354 1168 1390 τε
1197 1337 1402 1406 ταύτην
1431 1335 1568 1389 ἑλὼν
1599 1335 1709 1388 τῶν
1740 1334 2026 1402 συνθηκῶν

459 1423 876 1478 ἐπιλανθάνεται
897 1463 912 1487 ,
947 1409 1056 1480 καί
1084 1429 1243 1498 χεῖρα
1288 1427 1491 1497 μᾶλλον
1526 1425 1673 1496 αἴρει
1710 1425 1852 1480 κατὰ
1888 1425 2022 1478 Ῥω-

463 1517 660 1583 μαίων.
688 1518 914 1571 Μέλλων
939 1519 995 1571 δὲ
1023 1519 1161 1590 πρὸς
1187 1520 1426 1590 ἑσπέραν
1453 1520 1707 1590 ἔρχεσθαι
1735 1518 1828 1589 καὶ
1859 1520 2025 1588 μήπω

461 1607 770 1678 κατασχεθῇ
802 1609 1082 1692 πτοηθεὶς,
1117 1611 1347 1665 θάνατον
1377 1612 1572 1666 ἑαυτοῦ
1604 1610 2019 1680 καταψεύδεται,

460 1700 563 1751 κᾶν
596 1699 823 1778 ὕστερον
859 1701 1145 1756 σπένδεται
1180 1703 1256 1773 τῷ
1299 1703 1527 1772 βασιλεῖ.
1565 1703 1721 1756 Μετὰ
1759 1703 1816 1755 δὲ
1849 1701 2022 1755 ταῦτα

459 1792 606 1842 νοσεῖ
652 1793 682 1843 6
727 1793 945 1860 κρατῶν
987 1793 1242 1848 τοσοῦτον
1283 1794 1358 1858 ὡς
1401 1796 1774 1850 ἐκλελοιπέναι
1821 1795 2018 1848 δοκεῖν.

2205 1060 2479 1114 (Ζιιξιετυιη
2502 1076 2643 1115 unus
2674 1075 2738 1114 ex
2771 1059 2836 1114 iis
2861 1059 3065 1113 Latinis
3089 1061 3179 1127 qui
3212 1074 3401 1113 versus
3424 1061 3693 1113 orientem

2131 1151 2360 1220 profecti
2403 1151 2638 1212 fuerant.
2673 1152 2761 1204 cui
2799 1150 3085 1204 Baimundi
3138 1165 3340 1202 nomen
3377 1159 3543 1212 esset,
3587 1150 3706 1206 icto.

2130 1257 2255 1296 eum
2307 1235 2633 1310 impcratoré
2679 1241 2886 1296 fmdere
2916 1242 3279 1308 maximisque
3316 1240 3568 1308 pecuniis
3605 1255 3694 1292 aea

2129 1335 2303 1404 ceptis
2336 1332 2680 1388 Antiochiam
2715 1335 2933 1389 nomine
2961 1333 3308 1403 imperatoris
3335 1331 3561 1385 adortus
3580 1340 3691 1393 est;

2129 1439 2290 1493 quam
2326 1425 2416 1480 ubi
2453 1440 2548 1493 per
2580 1425 2686 1479 vim
2729 1432 3092 1496 expugnatam
3137 1425 3394 1492 cepisset,
3434 1423 3712 1484 initorum

2129 1517 2398 1572 {mderum
2439 1518 2644 1573 oblitus
2696 1519 2972 1574 Romanos
2997 1520 3143 1580 ipsos
3172 1516 3426 1570 invadere
3456 1532 3562 1570 non
3597 1514 3694 1567 dn-

2128 1605 2347 1664 bitavit.
2397 1611 2605 1666 Deinde
2652 1626 2844 1665 versus
2891 1609 3232 1664 occidentem
3283 1609 3526 1662 facturus
3565 1605 3690 1668 iter,

2127 1701 2274 1770 quod
2308 1711 2598 1756 vereretur
2643 1718 2709 1756 ne
2743 1701 2943 1756 alicubi
2975 1717 3005 1755 a
3032 1700 3292 1758 Romanis
3339 1697 3695 1765 intercipere-

2128 1800 2241 1852 tur,
2278 1792 2415 1847 l'also
2442 1793 2510 1850 de
2545 1802 2718 1847 morte
2745 1808 2839 1848 sua
2883 1808 3102 1847 rumore
3135 1791 3326 1856 didito,
3361 1789 3504 1859 quod
3544 1789 3693 1842 vole-

459 1881 895 1952 Προσκομίζεται
941 1886 1088 1955 αὑτῷ
1129 1887 1189 1939 τὺ
1230 1887 1326 1955 τοῦ
1367 1887 1618 1956 Σωτῆρος
1660 1885 1819 1958 ήμῶν
1863 1883 2021 1939 ἐκτύ-

2125 1877 2218 1932 bat
2246 1880 2576 1948 assequitur.
2598 1880 2705 1935 Sed
2737 1892 2918 1935 tamen
2950 1879 3147 1935 deinde
3171 1896 3361 1934 rursus
3383 1879 3437 1932 in
3463 1878 3687 1947 gratiam

461 1989 632 2041 πωμα
663 1974 758 2026 τοῦ
801 1976 942 2028 κατὰ
977 1976 1076 2047 τὴν
1109 1976 1332 2047 Χαλκῆν
1365 1978 1810 2046 ἁνεστηλωμένου
1832 2015 1847 2042 ,
1881 1977 2019 2044 ὅπερ

455 2057 525 2130 ἦν
569 2063 625 2114 ὲν
668 2063 862 2133 πέπλῳ
904 2066 1009 2116 τινὶ
1051 2066 1158 2134 πρὸ
1200 2068 1297 2136 τῆς
1343 2067 1549 2130 εἰκόνος
1594 2065 2016 2138 ἀπῃωρημένον.

469 2153 840 2222 ’Υιραπλοῦται
884 2160 947 2226 τῇ
992 2158 1178 2228 κλίνη,
1223 2160 1315 2212 καὶ
1360 2162 1388 2212 6
1430 2160 1652 2228 κάμνων
1693 2159 2016 2229 ἁνέῤῥωται.

471 2246 594 2298 Ἐπὶ
633 2245 802 2315 τούτῳ
845 2247 1008 2316 φόϐος
1037 2247 1275 2302 ὑποσείει
1311 2251 1370 2303 οὐ
1407 2251 1564 2318 μόνον
1600 2249 1658 2303 τὸ
1700 2248 2012 2319 δημοτικὸν,

456 2334 593 2388 ἀλλὰ
636 2337 728 2388 καὶ
767 2337 964 2400 αὐτοὺς
998 2341 1122 2401 τοὺς
1163 2340 1218 2391 ὲν
1251 2339 1393 2392 τέλει
1420 2355 1434 2370 ·
1472 2339 1628 2411 φήμη
1674 2340 1779 2410 γὰρ
1821 2339 2016 2399 αὐτοὺς

457 2426 787 2494 κατεκράτει
816 2425 945 2488 ὡςιδ
979 2431 1191 2496 κρατῶν
1218 2430 1338 2482 κατ’
1363 2432 1538 2482 έκεῖνο
1562 2435 1620 2482 τὸ
1652 2427 1793 2500 μέγα
1822 2430 2018 2499 τεθνής

455 2516 610 2579 ξεται
655 2518 953 2574 Σαϐϐατον.
993 2521 1192 2592 anxi;
1236 2521 1462 2590 τοιαύτη
1506 2525 1663 2592 φήμη
1707 2523 1802 2574 καὶ
1847 2521 2017 2592 αὐτὴν

456 2612 556 2678 τὴν
585 2611 677 2664 τοῦ
708 2612 974 2681 βασιλέως
1007 2616 1285 2666 κατέσεισε
1315 2613 1513 2683 ψυχήν.
1541 2615 1756 2683 Ψευδὴς
1785 2613 1842 2666 δὲ
1869 2615 2019 2682 ὅμως

453 2701 735 2770 ἠλέγχετο.
771 2703 969 2772 Ὀμὲν
1006 2701 1097 2758 οὖν
1136 2705 1390 2774 βασιλεὺς
1431 2706 1618 2759 ἔκτοτε
1659 2707 1787 2774 περ)⁸
1826 2705 2018 2764 Φιλιπ-

458 2795 660 2846 πούπο)
674 2814 720 2848 ιν
750 2797 1017 2866 διέψιϐεν
1043 2797 1148 2874 ξαρ
1177 2798 1296 2850 ὅλον
1327 2800 1420 2850 καὶ
1449 2798 1625 2868 θέρος.
1659 2799 1730 2849 Τὸ
1758 2797 1813 2851 δὲ
1847 2799 2018 2852 αῖτιον

455 2889 490 2957 ἠ
525 2891 659 2955 μετὰ
687 2889 791 2939 τῶν
818 2889 1132 2959 Μαειιχαὶων
1159 2889 1412 2952 διάλεξις,
1441 2888 1532 2952 οὓς
1560 2889 1951 2951 Παυλικιάνους
1983 2892 2016 2959 ὴ

453 2979 710 3047 δημώδης
743 2980 1000 3048 ὀνομάζει
1031 2981 1204 3051 φωνή.
1237 2980 1463 3032 Πολὺ-δὲ
1495 2980 1555 3032 τὸ
1588 2983 1743 3049 γένος
1773 2980 1929 3033 τοῦτο
1962 2983 2019 3033 ἐν

454 3073 522 3138 τῇ
559 3072 709 3140 χώρᾳ
739 3071 913 3144 ταύτῃ
947 3072 1315 3143 κατῴκισται,
1346 3074 1436 3128 τοῦ
1474 3074 1735 3142 βασιλέως
1770 3075 2018 3128 Ἰωάννου

455 3162 552 3214 τοῦ
587 3163 861 3234 Τζιμισχῆ
903 3169 967 3217 ἐκ
998 3166 1096 3234 τῆς
1131 3165 1270 3235 ἑῴας
1307 3168 1716 3234 καταγαγόντος
1751 3167 1880 3220 αὐτὸ
1913 3168 2018 3220 κάν

455 3255 630 3326 ταύτῃ
677 3258 1155 3324 ὲγκατοικίσαντος
1186 3274 1198 3286 ·
1251 3256 1333 3320 οἷς
1379 3259 1443 3328 δὴ
1492 3260 1581 3311 καὶ
1633 3231 2086 3327 διαλεγόμενος(1

457 3346 686 3408 πολλοὺς
717 3351 849 3416 πρὸς
873 3350 972 3418 τὴν
998 3347 1274 3414 ὀρθιῦδοξον
1303 3349 1480 3400 πίστιν
1507 3349 1834 3419 μετήνεγκε.
1880 3347 2015 3402 Κατ’

454 3436 628 3488 ἐκεῖνο
657 3435 748 3488 καὶ
775 3436 960 3488 πολλοὶ
994 3437 1276 3504 γεγόνασιν
1310 3438 1653 3509 ἐμπρησμοί.
1686 3438 1840 3490 Κατὰ
1873 3438 1928 3490 δὲ
1960 3437 2018 3489 τὸ

456 3530 558 3599 ἔαρ
596 3529 854 3582 ἕπνευσεν
895 3527 1093 3598 άνεμος
1127 3528 1374 3581 τοσοῦτον
1413 3529 1586 3598 βιαῖος
1628 3528 1702 3591 ὡς
1747 3521 1856 3580 καῖ’
1885 3528 2018 3580 ἄλλα

459 3621 558 3688 μὲν
590 3620 862 3690 συμϐῆναι
897 3621 1276 3690 συμπτώματα
1297 3661 1311 3684 ,
1345 3623 1673 3672 καταπεσεῖν
1703 3620 1757 3672 δὲ
1793 3620 1885 3673 καὶ
1919 3621 2017 3689 τὴν

452 3715 515 3765 ὲν
557 3711 634 3781 τῷ
680 3713 822 3766 κατὰ
862 3712 922 3764 τὸ
967 3711 1250 3764 πλακωτὺν
1294 3714 1432 3764 κίονι
1478 3711 1769 3782 ἱδρυμένην
1819 3711 2017 3780 στλήην

457 3804 552 3856 καὶ
592 3802 818 3864 πολλοὺς
850 3803 955 3855 τῶν
986 3804 1165 3854 ἐκεῖσε
1202 3804 1616 3874 παρατυχόντων
1646 3805 1858 3856 ἀνελεῖν
1879 3819 1893 3832 ·
1927 3804 2019 3856 καὶ

455 3895 661 3966 ὀμϐρον
686 3896 742 3948 δὲ
772 3897 1024 3967 ῥαγδαῖον
1055 3897 1111 3948 ὲν
1139 3899 1204 3966 τῇ
1241 3897 1430 3968 μνήμῃ
1458 3897 1564 3950 τῶν
1591 3897 1760 3962 ἁγίων
1789 3896 2018 3949 ἀποστό-

455 3989 564 4040 λων
599 3987 850 4042 τοσοῦτον
888 3989 1304 4060 καταρραγῆναι
1337 3989 1411 4052 ὡς
1445 3990 1539 4042 καὶ
1571 3990 1744 4052 οἰκίας
1777 4006 2020 4043 καταπε-

459 4082 572 4130 σεῖν
598 4077 916 4149 ἀνθρώπους
941 4096 998 4130 τε
1027 4080 1118 4132 καὶ
1145 4079 1258 4140 ζῶα
1285 4079 1669 4147 ἀποπνιγῆναι.
1700 4079 1790 4131 Ἑν
1814 4078 2023 4140 τούτοις

456 4171 756 4240 ἐπιδρομὴν
789 4170 1046 4237 Τούρκων
1083 4170 1222 4222 κατὰ
1260 4170 1568 4238 Ῥωμαίων.
1614 4168 1673 4222 '0
1708 4169 1762 4222 δὲ
1797 4169 2020 4239 κρατῶν

460 4263 538 4329 μὴ
580 4261 777 4330 ἰσχύων
807 4261 874 4314 δι’
900 4262 1091 4314 ἑαυτοῦ
1114 4261 1531 4339 ἐκστρατεῦσαι,
1569 4260 1661 4314 ac:
1697 4261 2021 4331 κλινοπετὴς

455 4353 565 4417 ὢν,
601 4355 828 4425 στρατὸν
859 4356 1132 4422 ἐκπέμπει
1163 4350 1222 4405 οὗ
1252 4354 1493 4422 ἀρχηγὸς
1525 4355 1552 4404 6
1585 4353 1884 4421 Καμύτζης
1917 4353 2020 4405 Εὑ-

457 4443 675 4505 σταθιος
695 4483 708 4508 ,
741 4443 797 4506 ὃς
827 4443 890 4512 δὴ
921 4445 1012 4498 καὶ
1041 4443 1365 4512 προσϐαλὼν
1391 4445 1503 4504 τοῖς
1532 4443 1792 4512 Τοὑρκοις
1819 4443 2018 4512 αἰχμά-

451 4535 624 4598 λωτος
672 4534 866 4602 ἄγεται
919 4535 1009 4586 καὶ
1057 4534 1147 4588 τὸν
1190 4535 1418 4600 στρατὸν
1460 4534 1775 4589 ἀπόλλυσιν.
1821 4536 2019 4588 Οὐκέτι

455 4629 548 4681 οὖν
590 4629 838 4696 ἀνέχεται
883 4630 910 4680 6
957 4629 1198 4697 κρατῶν,
1241 4629 1356 4681 ἀλλ’
1380 4629 1558 4681 ἐκεῖσε
1610 4626 2019 4696 καταλαμϐάνει

455 4722 551 4775 καὶ
583 4722 706 4783 τοὺς
738 4721 1016 4791 Τούρκους
1048 4721 1182 4773 ὡσεὶ
1214 4722 1416 4774 καπνὸν
1447 4709 1674 4775 ὃιαλῦει.
1709 4722 1819 4774 Καὶ
1851 4723 1899 4773 οἱ
1931 4720 2020 4772 τὸν

455 4812 756 4883 Καμύτζην
788 4814 1107 4882 κατέχοντες
1141 4813 1432 4882 αὐτόμολοι
1475 4815 1569 4866 σὺν
1600 4812 1749 4882 αὐτῴ
1786 4811 2020 4882 προσέρ-

453 4925 645 4977 χονται
673 4909 749 4976 τῷ
789 4907 1016 4976 βασιλεῖ.
1045 4907 1199 4960 Μετὰ
1231 4905 1403 4976 ταῦτα
1439 4908 1466 4959 6
1495 4905 1602 4958 τῶν
1633 4906 1893 4976 Τούρκων
1921 4906 2020 4974 ἄρ-

453 5017 569 5068 χων
612 4999 893 5054 σπένῖεται
932 4998 1008 5068 τῷ
1053 4998 1298 5068 βασιλεῖ,
1341 4998 1435 5051 καὶ
1477 5000 1504 5049 ὀ
1550 4997 1672 5049 καθ’
1703 4996 1798 5050 ἕνα
1841 4997 2022 5050 οἴκαδε

453 5092 695 5144 ἄπεισιν.
733 5091 885 5143 Ἐπεὶ
913 5089 970 5142 δὲ
1006 5091 1145 5160 μετὰ
1173 5089 1345 5142 ταῦτα
1375 5088 1440 5141 τά
1469 5087 1564 5158 τῆς
1595 5088 1749 5140 νόσου
1781 5086 1978 5158 ηὔξανε
1999 5125 2014 5150 ,

454 5185 612 5253 κοινῇ
663 5181 856 5256 γνώμῃ
899 5181 1006 5236 τῶν
1055 5181 1252 5251 ἰατρῶν
1283 5181 1514 5252 ,σίδηρον
1561 5182 1703 5235 κατὰ
1747 5181 2018 5250 στομάχου

454 5279 755 5348 φλογόεντα
790 5277 1025 5346 δέχεται.
1062 5275 1214 5327 Ἐπεὶ
1249 5275 1306 5329 δὲ
1341 5278 1368 5328 ὁ
1402 5276 1508 5345 ἀὴρ
1545 5277 1572 5327 ὁ
1609 5277 1666 5326 ἐν
1701 5271 2023 5342 ἀνακτόροις

452 5371 565 5441 ἀὴρ
594 5372 693 5422 οὐκ
724 5369 986 5440 εὔκρατος
1020 5368 1216 5428 ἐδόκει.
1253 5370 1345 5421 ἆτε
1377 5367 1693 5435 νοτιώτερος
1721 5364 1816 5426 ὢν,
1850 5365 1927 5424 εἰς
1956 5363 2024 5415 τα

451 5465 562 5518 τῶν
589 5465 898 5531 Μαγγάνων
929 5462 1357 5528 ἁποκεκόμισται
1388 5459 1678 5527 ἀνάκτορα,
1705 5456 1794 5509 τοῦ
1828 5456 2022 5526 χρεὼν,

450 5561 532 5622 ὡς
577 5560 744 5621 ἔοικε,
791 5557 1177 5618 καθέλκοντος·
1225 5556 1286 5606 τδ
1330 5555 1459 5623 γάρ,
1492 5573 1508 5604 ι
1535 5553 1624 5604 Ἐν
1667 5551 2025 5613 ἁκεοωδύνοις

453 5653 704 5703 πεσεῖται
743 5669 760 5700 ι
800 5650 925 5718 περὶ
961 5648 1125 5700 αὑτοῦ
1164 5647 1475 5714 γεγράρῖιαι
1515 5646 1676 5712 φασὶν
1707 5645 1756 5696 οἱ
1796 5645 1921 5714 περι
1959 5645 2024 5695 τὰ

453 5743 680 5797 τοιαῦτα
726 5742 908 5796 δεινοί.
952 5741 1188 5811 Gaius:
1237 5736 1327 5796 οὖν
1373 5741 1573 5805 ἐκεῖσε,
1605 5740 1698 5808 τῆς
1749 5737 2024 5807 βαςιῖνείας

2123 1985 2245 2023 cum
2283 1970 2611 2040 imperatore
2644 1972 2825 2026 rediit.
2862 1965 2913 2026 ls
2946 1986 3072 2026 vero
3103 1972 3401 2026 secundum
3437 1968 3550 2022 ha-e
3579 1977 3688 2021 tam

2119 2063 2267 2131 gravi
2296 2071 2583 2132 correptus
2604 2073 2687 2117 est
2716 2065 2928 2126 morbo,
2957 2073 3015 2118 ut
3036 2063 3218 2117 animo
3248 2061 3460 2118 defecto
3483 2061 3691 2114 exstin-

2118 2165 2241 2209 ctus
2269 2170 2388 2209 esse
2422 2155 2718 2210 videretur.
2740 2155 2899 2224 335
2929 2155 3270 2224 Quapropter
3304 2152 3369 2207 ad
3402 2153 3575 2222 ipsum
3609 2150 3689 2202 al-

2119 2245 2226 2299 lata
2257 2255 2341 2300 est
2370 2245 2574 2316 cll'igics
2596 2245 3099 2310 Servatorisfnostri
3125 2247 3191 2300 ad
3215 2246 3471 2300 Chalcem
3495 2243 3686 2306 erecti,

2096 2353 2240 2408 qua:
2292 2338 2346 2392 in
2383 2339 2543 2408 peplo
2579 2337 2816 2408 quodam
2857 2347 2983 2393 ante
3036 2338 3325 2408 imaginem
3363 2337 3536 2406 ipsam
3566 2350 3693 2389 sus-

2118 2444 2288 2498 pensa
2339 2429 2694 2498 conspicitur.
2736 2428 2861 2484 Haec
2890 2443 3015 2481 cum
3048 2429 3102 2482 in
3133 2428 3446 2498 :egrotantis
3484 2426 3688 2480 lectum

2117 2536 2357 2591 expansa
2388 2521 2574 2576 fuisset
2601 2561 2615 2585 ,
2657 2522 2804 2575 vires
2831 2521 3055 2578 omnino
3091 2519 3453 2588 recuperavit.
3485 2518 3560 2570 Ea
3599 2533 3689 2572 res

2118 2629 2226 2666 non
2260 2613 2420 2668 modo
2453 2613 2693 2682 plebem,
2740 2613 2832 2667 sed
2873 2614 3016 2680 ipsos
3043 2613 3208 2665 etiam
3239 2625 3494 2678 proceres
3522 2618 3688 2677 atque

2119 2705 2470 2775 magistratus
2507 2717 2654 2760 metu
2683 2705 2918 2774 quodam
2955 2703 3208 2773 perculit.
3234 2702 3369 2756 Nam
3397 2702 3558 2770 vulgo
3590 2716 3686 2757 rn-

2120 2812 2240 2850 mor
2273 2797 2559 2851 obtinebat
2605 2797 2849 2851 futurum
2881 2806 2939 2851 ut
2967 2795 3263 2863 imperator
3295 2795 3388 2849 illo
3427 2794 3542 2861 ipso
3569 2808 3688 2846 ma-

2120 2905 2227 2958 gno
2253 2888 2494 2942 Sabbato
2531 2898 2739 2942 natura:
2769 2888 3016 2941 debitum
3051 2888 3410 2956 persolveret;
3441 2885 3534 2954 qui
3564 2888 3689 2954 qui-

2119 2981 2244 3034 dem
2289 2980 2353 3034 ad
2385 2981 2771 3048 imperatorem
2805 2979 3020 3034 delatus
3051 2995 3158 3032 non
3189 2995 3381 3048 parum
3413 2979 3533 3047 ejus
3571 2979 3688 3030 ani-

2119 3087 2268 3127 mum
2300 3074 2658 3135 cruciaverat,
2705 3086 3014 3141 quanquam
3063 3081 3295 3144 eventus
3325 3071 3439 3138 ipse
3490 3069 3684 3123 falsum

2119 3164 2287 3218 fuisse
2319 3164 2526 3219 docuit.
2559 3164 2642 3218 Ab
2696 3164 2801 3218 hoc
2840 3151 3031 3218 inorbo
3075 3163 3224 3233 juxta
3263 3160 3694 3230 Philippopolim.

2119 3273 2352 3310 vernum
2383 3257 2744 3324 aestivumque
2779 3266 2993 3324 tempus
3027 3254 3209 3323 exegit
3241 3254 3562 3323 imperator,
3616 3255 3687 3306 oh

2121 3363 2285 3402 unam
2317 3348 2458 3402 hanc
2487 3363 2708 3401 causam
2734 3386 2749 3411 ,
2783 3345 2928 3416 quod
2958 3361 3081 3400 cum
3118 3345 3425 3399 Manlehaﬁs
3455 3345 3519 3397 de
3556 3345 3687 3399 reli-

2120 3441 2281 3512 gione
2317 3440 2633 3503 dissereret,
2659 3454 2796 3509 quos
2819 3439 3011 3506 vulgus
3042 3438 3321 3491 hominum
3344 3437 3688 3491 Paulicianos

2120 3533 2372 3603 appellat.
2409 3532 2480 3585 Ea
2512 3531 2660 3584 natio
2691 3545 2820 3584 sane
2854 3530 3128 3598 perampla
3174 3529 3229 3582 in
3273 3529 3425 3583 hisce
3485 3529 3689 3582 finibus

2121 3627 2420 3689 habitabat,
2457 3640 2522 3679 ex
2555 3623 2777 3678 Oriente
2811 3638 2906 3690 per
2932 3622 3196 3676 Joannem
3219 3621 3550 3675 Zimi~chem
3583 3621 3690 3674 huc

2123 3721 2382 3774 translata
2421 3726 2475 3772 et
2511 3718 2563 3770 in
2617 3716 2862 3770 colonias
2913 3715 3067 3784 quasi
3118 3714 3379 3783 quasdam
3431 3712 3688 3768 deducta.

2118 3813 2254 3868 Cum
2294 3811 2378 3865 his
2404 3825 2532 3879 ergo
2567 3809 2851 3877 disputans
2886 3807 3126 3868 Alexius,
3157 3807 3360 3861 multos
3386 3807 3451 3860 ad
3487 3815 3699 3860 rectam.

2121 3906 2187 3960 tle
2243 3903 2504 3972 religione
2558 3901 2895 3970 sententiam
2923 3899 3236 3953 revocabat.
3273 3899 3542 3952 Exstitere
3574 3902 3707 3951 tum

2121 3995 2426 4065 frequentia
2461 3992 2664 4062 passim
2695 3991 2968 4046 incendia.
3015 3991 3260 4058 Cumque
3297 4006 3394 4042 ver
3426 3991 3692 4058 appetiis-

2120 4095 2226 4152 set,
2262 4097 2368 4141 tam
2407 4084 2762 4138 vehementes
2791 4090 3092 4152 ventorum
3125 4080 3289 4133 ﬂatus
3316 4079 3491 4134 exorti
3527 4092 3686 4141 sunt,

2119 4188 2182 4233 ut
2209 4179 2351 4231 inter
2380 4175 2614 4229 aliorum
2648 4188 2879 4242 operum
2907 4186 3070 4226 casus
3099 4182 3262 4238 atque
3312 4171 3498 4223 ruinas
3524 4172 3686 4224 etiam

2120 4278 2296 4325 statua
2331 4266 2603 4319 eolumnze
2657 4263 2910 4332 imposita
2965 4262 3018 4315 in
3071 4261 3188 4315 fore
3225 4261 3464 4325 Placnto,
3499 4262 3578 4315 sic
3622 4264 3690 4315 ah

2119 4360 2512 4417 incrustatione
2537 4357 2706 4420 dicto,
2743 4354 2964 4422 delapsa
2988 4353 3187 4406 multos
3215 4352 3338 4406 istic
3371 4353 3512 4407 forte
3545 4369 3686 4420 pra:-

2121 4463 2301 4511 sentes
2330 4450 2681 4520 opprimeret.
2721 4448 2988 4500 Praeterea
3041 4444 3245 4497 litteris
3295 4443 3574 4512 proditum
3609 4455 3694 4498 est

2053 4570 2096 4625 ο
2126 4563 2191 4601 ex
2220 4559 2346 4600 aere
2384 4553 2489 4598 tam
2531 4541 2894 4610 impetuosum
2927 4536 3165 4590 imbrem
3197 4535 3306 4600 die,
3338 4551 3445 4605 quo
3473 4545 3689 4589 sancto-

2131 4655 2251 4695 rum
2286 4637 2653 4708 apostolorum
2688 4630 2832 4686 Petri
2873 4637 2929 4684 et
2965 4629 3114 4683 Pauli
3159 4630 3424 4684 memoria
3451 4630 3692 4683 celebra-

2131 4741 2240 4797 tur,
2281 4703 2554 4798 erupisse,
2585 4735 2646 4780 ut
2667 4723 2897 4779 mdii‘icia
2927 4731 3409 4792 prosternerentur
3438 4732 3493 4777 ct
3524 4722 3577 4775 in
3609 4724 3692 4776 eis

2128 4821 2386 4877 mortales
2422 4835 2527 4872 una
2555 4833 2677 4872 cum
2709 4814 3081 4869 animantibus
3106 4812 3263 4882 aquis
3294 4813 3689 4867 obruerentur.

2130 4916 2343 4970 Secuta:
2375 4919 2502 4966 sunt
2527 4909 2832 4964 Turcorum
2861 4906 2913 4958 in
2951 4904 3262 4974 provincias
3293 4905 3569 4960 Romanas
3594 4921 3693 4960 cs-

2130 5005 2413 5060 CUI'SlOHCS
2436 5044 2451 5067 ,
2497 5009 2684 5056 contra
2717 5012 2855 5067 quos
2884 4996 3184 5064 imperator
3215 5011 3342 5049 cum
3370 4997 3569 5052 ducere
3600 5012 3693 5052 co-

2129 5096 2248 5165 pias
2276 5094 2472 5149 aliixus
2515 5093 2659 5146 lecto
2694 5103 2803 5143 non
2853 5095 3055 5156 posset,
3092 5087 3438 5142 Eustathium
3479 5088 3694 5159 Camyt-

2127 5202 2243 5241 zem
2282 5185 2615 5240 exercitibus
2645 5181 2961 5252 praefectum
2997 5180 3256 5234 adversus
3289 5195 3384 5235 eos
3419 5179 3602 5233 mittit.
3645 5178 3691 5236 ls

2126 5289 2376 5333 conserta
2402 5294 2528 5332 cum
2561 5275 2757 5330 Turcis
2782 5289 2942 5328 manu
2976 5289 3084 5328 non
3118 5274 3302 5342 copias
3333 5271 3494 5326 modo
3524 5284 3688 5323 caesas

2128 5370 2348 5434 amittit,
2384 5384 2574 5423 verum
2603 5367 2768 5420 etiam
2798 5365 2865 5419 ab
2909 5366 3066 5419 hoste
3097 5363 3343 5432 captivus
3378 5359 3688 5414 abducitur.

2127 5463 2206 5517 Eo
2233 5477 2356 5516 casu
2389 5461 2688 5527 imperator
2722 5457 2942 5527 cognito
2977 5456 3149 5511 teneri
3181 5469 3288 5507 non
3329 5449 3524 5520 potuit,
3557 5449 3690 5517 quin

2131 5555 2244 5621 ipse
2295 5549 2358 5602 ad
2410 5565 2475 5602 ea
2508 5550 2629 5603 loca
2679 5548 3138 5617 proﬁcisceretur.
3190 5543 3307 5606 Quo
3347 5541 3486 5593 facto
3522 5539 3693 5594 instar

2129 5643 2261 5696 fumi
2303 5641 2510 5694 Tureos
2543 5639 2848 5708 dissipavit,
2880 5647 3030 5691 tanto
3059 5636 3137 5688 eis
3167 5642 3374 5685 terrore
3409 5631 3608 5702 injecto
3637 5642 3688 5686 ut

2126 5736 2288 5792 etiam
2325 5735 2358 5788 ii
2392 5734 2484 5803 qui
2511 5733 2823 5802 Cainytum
2849 5729 3122 5799 captivum
3149 5725 3465 5781 detinebant
3500 5737 3694 5795 sponte
