4154 6200
505 248 611 313 623
1569 250 1989 314 MICHAELIS
2030 254 2090 315 Gl

2167 256 2290 316 'C!E
2326 254 2728 319 ANNALIUM
3625 241 3732 307 624

487 374 584 412 sua
618 375 742 414 cum
785 360 902 430 ipso
933 361 998 415 ad
1045 360 1428 429 imperatorem
1458 361 1782 416 accederent
1841 361 2053 416 Secuu-
2086 414 2090 425 ,

2167 365 2402 434 διάδοχον
2445 365 2761 418 καταλιπὼν
2804 363 2895 415 τὶν
2936 361 3053 415 υἱὸν
3091 360 3253 413 αὐτοῦ
3300 360 3387 413 τὸν
3431 360 3732 429 Κωμνηνὶν

487 453 615 505 dum
654 454 766 507 haec
801 454 1053 522 princeps
1081 454 1386 507 Turcorum
1420 452 1597 508 foedus
1642 470 1766 507 cum
1816 454 2047 524 impera-

2167 455 2420 525 Ἰωάννην
2455 457 2590 525 (98).

489 556 609 602 tore
639 546 822 613 feriit;
850 563 958 615 quo
1008 548 1144 602 inito
1178 547 1399 602 domum
1436 540 1694 618 utrinque
1759 550 2086 607 discessum.
2125 551 2261 607 Cum
2285 563 2468 605 autem
2536 552 2765 607 morbus
2792 547 3140 620 imperatoris
3164 550 3218 602 in
3243 546 3362 601 dies
3392 546 3731 615 ingravesce—

488 650 593 705 ret,
618 642 685 695 de
710 641 986 695 communi
1020 642 1356 695 medicorum
1385 641 1656 697 sententia
1686 642 1926 696 candens
1959 642 2167 697 ferrum
2193 644 2315 713 ejus
2347 645 2630 699 stomacho
2670 646 2999 714 impressum
3066 652 3170 696 est.
3235 638 3301 694 Et
3362 638 3490 705 quia
3536 652 3726 705 parum

489 742 825 799 temperatus
902 749 998 787 aer
1068 735 1231 803 regiae
1261 734 1563 801 videretur,
1618 744 1676 788 ut
1717 735 1810 803 qui
1883 748 2029 791 esset
2075 739 2369 792 australior
2417 739 2720 807 aliquanto,
2771 739 2827 791 in
2881 735 3277 803 Manganorum
3328 732 3590 801 palatium
3628 730 3727 783 fuit

487 829 830 897 deportatus,
862 828 973 885 fato
1004 831 1179 905 illum,
1211 846 1308 886 ceu
1336 832 1484 885 credi
1515 848 1611 901 par
1636 844 1742 894 est.
1802 849 1869 888 eo
1925 836 2300 904 pertrahente.
2334 833 2466 888 Nam
2532 832 2696 904 vulgo
2727 833 2990 903 iactatum
3020 828 3154 885 illud
3187 847 3199 883 :
3240 848 3258 881 ι
3302 828 3363 882 In
3398 826 3730 896 Accsodynis

489 918 670 985 cadet,
704 938 722 972 ι
768 922 835 976 de
882 922 998 990 ipso
1033 922 1395 990 perscriptum
1436 938 1555 977 esse
1590 907 1919 992 perhibent,
1954 925 2046 993 qui
2087 925 2384 993 plurimum
2451 923 2721 996 ejusmodi
2755 923 2993 977 oraculis
3024 918 3460 989 interpretandis
3523 917 3723 972 valent.

490 1012 620 1067 lstic
650 1026 781 1084 ergo
813 1014 954 1068 diem
983 1015 1037 1067 in
1087 1014 1250 1068 terris
1292 1029 1630 1083 supremum,
1676 1014 1885 1070 Joanne
1909 1013 2192 1070 Comneno
2219 1014 2333 1071 ﬁlio
2362 1029 2682 1070 successore
2714 1012 2931 1083 imperii
2970 1012 3184 1075 relicto,
3220 1008 3437 1063 clausit.

566 1163 676 1234 (98)
703 1162 1013 1234 Clausulam
1071 1161 1211 1214 hanc
1253 1173 1377 1232 post
1417 1163 1507 1216 τὸν
1550 1166 1837 1233 Κομνηνδν
1875 1168 2060 1221 Ἰωάν-

2173 1167 2421 1232 signibus
2474 1183 2488 1220 ε
2530 1165 2655 1219 ΕΩΣ
2727 1166 2853 1217 (ME
2905 1166 2994 1219 ΤΟ
3054 1165 3277 1220 [ΙΕΡᾹΣ
3350 1165 3486 1218 ΤΗΣ
3537 1164 3730 1219 ΚΑΤΑ

496 1232 593 1304 vna
632 1234 832 1303 adjecit
868 1233 906 1285 F
932 1232 1129 1287 litteris
1165 1233 1386 1290 rubrica
1429 1234 1603 1287 instar
1642 1232 1926 1291 titulorum
1968 1239 2053 1292 iu-

1326 1385 1800 1451 MICHAELIS
1837 1389 2129 1451 GLYCzE
2165 1389 2623 1452 ANNALIUM
2650 1391 2909 1455 FINIS.

2173 1167 2421 1232 signi‘ms
2474 1183 2488 1220 ε
2530 1165 2655 1219 ΕΩΣ
2727 1166 2853 1217 (ME
2905 1166 2994 1219 ΤΟ
3054 1165 3277 1220 [ΙΕΡᾹΣ

2163 1236 2482 1295 ΧΡΟΝῘΚΑ
2530 1235 2928 1289 ΔΙΗΓΗΣΕΩΣ.

499 1586 3695 1633 ...κζ-ΞΜ

896 1765 2215 1926 GLYCANORUM
2352 1766 3346 1925 ANNALIUM

771 2208 822 2265 A
856 2204 1172 2267 JOANNE
1202 2202 1593 2267 COMNENO
1635 2204 1891 2276 USQUE
1934 2205 2040 2267 AD
2076 2206 2387 2268 IMPEftlI
2432 2208 2865 2269 BYZANTINI
2912 2204 3459 2284 EVERSIONEM,r

1444 2367 1826 2431 AUCTORE
1866 2368 2202 2435 JOANNE
2246 2371 2808 2435 LEUNCLAVIO.

3428 2055 3439 2063 ο

654 2542 783 2611 Qua
812 2534 1255 2616 superioribus
1300 2535 1562 2614 adjecta,
1605 2555 1835 2617 corpus
1880 2539 2193 2618 integrum
2242 2540 2535 2602 Historias
2579 2538 2939 2619 Byzantines
2982 2542 3276 2602 Lectores
3314 2538 3575 2602 habent.

2867 2766 2893 2790 Ι

563 2815 728 2888 336
751 2816 938 2871 Alexio
978 2815 1307 2885 imperatore
1336 2816 1590 2887 spiritum
1621 2826 1926 2872 extremum
1960 2818 2059 2872 du-
2091 2823 2134 2879 Α
2165 2817 2432 2874 sidentem
2488 2817 2658 2882 leoni,
2717 2833 2876 2887 quem
2901 2815 3128 2870 auribus
3200 2784 3540 2871 hab'enarum
3613 2818 3737 2871 vice

494 2919 675 2975 cente,
695 2910 934 2964 Joannes
952 2909 1218 2964 maximus
1244 2919 1375 2965 natu
1403 2907 1567 2973 illius,
1591 2910 1877 2979 adjuvante
1898 2910 2062 2965 fratre

497 3002 722 3067 lsaacio,
751 3000 1219 3067 Sebastocratore,
1253 3002 1475 3055 conscio
1514 3008 1689 3069 patre,
1722 3006 1821 3054 ceu
1852 2999 2065 3053 fereba-

496 3106 605 3162 tur,
637 3094 807 3149 invita
860 3103 1069 3159 matre,
1113 3109 1234 3162 qure
1262 3093 1594 3164 Bryennium
1629 3108 1891 3163 generum
1938 3108 2060 3146 cum

496 3188 651 3242 Anna
668 3187 956 3243 Caesarissa
979 3187 1084 3241 lilia
1110 3186 1392 3239 maluisset
1412 3185 1644 3254 imperio
1668 3185 1854 3254 potiri,
1875 3191 2065 3238 nactus

494 3278 757 3330 annulum
783 3284 1095 3345 paternum,
1132 3275 1326 3345 partim
1359 3290 1425 3328 eo
1474 3275 1796 3329 custodibus
1821 3283 2061 3337 ostenso,

496 3369 696 3438 partim
753 3369 804 3420 vi
841 3368 1015 3436 portis
1067 3383 1097 3420 e
1154 3366 1472 3420 cardinibus
1529 3367 1746 3430 emotis,
1786 3378 2063 3432 magnum

495 3459 757 3529 palatium
800 3458 1074 3525 ingressus
1097 3467 1200 3518 est,
1268 3470 1432 3524 seque
1480 3454 1809 3524 imperatore
1856 3469 2067 3508 nuncu-

499 3558 647 3617 pato,
689 3548 1077 3617 rempublicam
1095 3547 1480 3601 administrare
1510 3546 1697 3616 cmpit.
1728 3545 2065 3601 Conﬁrmata

498 3643 751 3712 imperio,
781 3641 1053 3711 przrcipue
1089 3650 1445 3710 cognatorum
1476 3654 1639 3708 opera
1684 3640 1739 3693 in
1789 3639 2063 3709 guberna-

496 3735 645 3790 tione
680 3734 937 3789 utebatur
977 3733 1206 3788 Joamiis
1238 3731 1504 3787 Comneni
1562 3732 1916 3797 accubitoris,
1971 3734 2064 3801 qui

494 3827 804 3897 arrogantia
828 3842 924 3881 sua
954 3837 1126 3881 semet
1160 3829 1270 3880 cito
1297 3825 1515 3895 dejecit,
1570 3834 1625 3879 et
1654 3824 1902 3894 Gregorii
1960 3823 2064 3877 Ta-

494 3919 710 3981 ronitm,
748 3917 852 3970 viri
888 3915 1141 3983 modesti,
1167 3926 1427 3986 praetcrea
1466 3914 1713 3985 Gregorii
1767 3913 2062 3981 Cantateri,

494 4007 729 4061 obscuro
786 4005 897 4059 nati
938 4018 1155 4074 genere,
1222 4018 1286 4056 ac
1327 4002 1552 4057 Joannis
1601 4002 1817 4057 Axuchi
1868 4002 2062 4067 Persae,

494 4114 659 4169 quem
688 4097 917 4151 miriﬁce
950 4095 1211 4165 diligebat
1251 4094 1322 4149 ob
1351 4094 1805 4149 consuetudinem
1849 4094 2065 4148 diutur—

494 4205 642 4253 nam,
692 4202 743 4244 et
784 4189 992 4244 honore
1038 4187 1219 4257 magni
1252 4186 1538 4241 domestici
1587 4186 1837 4241 ornabat.
1905 4187 2063 4240 Anno

494 4281 674 4350 primo
702 4280 935 4334 necdum
1000 4288 1192 4335 exacto
1219 4276 1491 4332 concitata
1525 4276 1629 4330 fuit
1661 4264 1926 4332 adversus
1956 4278 2061 4331 im-

496 4381 805 4443 peratorem
828 4370 1044 4433 seditio,
1065 4370 1221 4441 cujus
1252 4379 1410 4424 erant
1439 4368 1718 4439 principes
1756 4369 2063 4440 Brycnnius

496 4473 552 4517 et
582 4464 735 4517 Anna
774 4461 1085 4517 Cmsarissa.
1140 4461 1339 4516 Verum
1400 4476 1463 4516 ca
1498 4472 1712 4516 mature
1754 4462 1931 4527 sopita
1956 4470 2060 4528 est,

495 4557 830 4623 imperatore
861 4554 1151 4609 seditiosos
1182 4554 1498 4608 humaniter
1524 4554 1849 4624 castigante.

568 4647 695 4702 Post
727 4648 839 4702 haec
870 4647 1067 4702 Turcis
1120 4647 1174 4699 in
1231 4646 1460 4716 Phrygia
1503 4646 1679 4708 victis,
1737 4646 2063 4705 Laodiceam

498 4748 871 4808 recuperatam
921 4738 1162 4792 muniit:
1200 4740 1479 4808 alteraque
1529 4748 1780 4809 suscepta
1838 4742 2063 4811 expedi-

499 4832 667 4895 tione,
704 4832 931 4885 solertcr
962 4829 1207 4898 pellectis
1234 4829 1299 4883 ad
1343 4829 1669 4884 insidiarum
1720 4831 1835 4884 lora
1870 4831 2059 4900 praesi-

497 4924 710 4986 diariis,
734 4932 790 4977 et
829 4921 896 4975 ab
947 4921 1084 4975 urbe
1148 4921 1481 4989 interclusis,
1540 4922 1851 4992 Sozopolim
1898 4922 2060 4990 cepit,

499 5028 624 5070 cum
660 5013 781 5067 aliis
836 5012 1021 5075 multis
1070 5013 1287 5083 oppidis
1337 5013 1582 5084 locisque
1643 5013 1892 5078 munitis,
1945 5030 2064 5084 qua:

498 5106 665 5159 Turci
717 5105 977 5159 Romanis
1029 5105 1368 5160 ademerant.
1431 5104 1661 5175 Scythas
1709 5105 1871 5159 e:iam
1928 5121 2065 5175 quos

500 5202 821 5257 Patzinacas
852 5201 1305 5271 vocant,ingcnti
1361 5200 1548 5269 prmlio
1600 5198 1753 5261 vicit,
1818 5198 2063 5267 itemque

497 5293 769 5349 Triballos
790 5302 846 5348 et
873 5292 1115 5358 Servios,
1160 5308 1298 5361 quos
1330 5292 1383 5344 in
1416 5299 1739 5361 potestatem
1809 5289 2063 5345 redactos

496 5403 694 5458 magna
725 5402 791 5441 ex
819 5394 975 5456 parte
1008 5385 1062 5439 in
1117 5383 1590 5439 Nicomedienscm
1650 5382 1787 5438 Asiae
1842 5382 2063 5452 provin-

2166 2909 2562 2974 moderaretur,
2607 2924 2729 2963 cum
2786 2906 2988 2977 alioqui
3042 2907 3180 2961 nihil
3224 2907 3450 2962 haberet
3501 2908 3569 2962 ad
3629 2909 3731 2963 do-

2166 3002 2415 3054 mandam
2477 3001 2713 3053 belluam
2766 2978 3261 3054 accommodatum.
3318 3001 3431 3055 Hoc
3478 3003 3595 3055 viso
3659 3002 3732 3056 si-

2164 3091 2545 3161 gnificabatur,
2572 3107 2698 3145 eum
2728 3091 2889 3146 titulo
2914 3100 3073 3145 tenus
3102 3092 3307 3161 absque
3338 3108 3393 3147 re
3429 3093 3726 3162 potiturum

2167 3183 2418 3252 imperio,
2445 3174 2589 3253 quod
2608 3184 2772 3238 etiam
2802 3199 2927 3238 mox
2952 3184 3258 3238 amissurus
3279 3197 3444 3249 esset,
3475 3186 3547 3239 uti
3581 3186 3732 3239 dein-

2165 3290 2295 3341 ceps
2323 3274 2544 3331 accidit.
2568 3273 2744 3329 Gessit
2769 3276 2934 3329 etiam
2967 3275 3201 3330 feliciter
3224 3276 3489 3330 adversus
3509 3276 3734 3331 llunuos

2167 3364 2371 3419 bellum
2428 3365 2686 3430 Joannes,
2726 3368 2820 3435 qui
2883 3367 3019 3422 lines
3073 3368 3349 3423 Romanos
3397 3369 3729 3435 invaserant,

2167 3463 2432 3526 praetexta
2466 3471 2632 3511 causa
2672 3456 3031 3525 spoliatorum
3077 3468 3442 3514 mercatorum
3485 3475 3731 3526 suorum,

2167 3563 2291 3604 cum
2318 3550 2529 3604 occulta
2553 3559 2609 3604 et
2643 3551 2822 3605 verior
2847 3562 3015 3615 esset,
3060 3551 3117 3605 in
3164 3551 3428 3606 Almuzen
3473 3552 3732 3623 Stephani

2168 3641 2311 3710 regis
2338 3640 2660 3696 l'lunnorum
2694 3642 2917 3696 fratrem
2972 3643 3261 3713 profugum
3322 3645 3596 3699 declarata
3628 3644 3731 3698 hu-

2170 3732 2422 3786 manitas.
2473 3733 2531 3787 ln
2570 3734 2673 3788 hac
2705 3734 3060 3803 expeditione
3122 3736 3355 3790 multum
3376 3738 3444 3791 ab
3501 3753 3569 3793 eo
3602 3739 3734 3794 lines

2169 3824 2607 3892 imperii‘versus
2638 3825 2983 3880 occidentem
3024 3827 3220 3896 prolati
3245 3839 3395 3882 sunt.

2242 3914 2410 3970 Victis
2435 3916 2565 3971 hinc
2583 3918 2998 3982 Persarmeniis,
3024 3927 3359 3987 etoccupata
3386 3920 3731 3985 Castamouc,

2170 4025 2296 4065 cum
2332 4010 2611 4079 triumpho
2640 4010 3171 4079 Consrantinopolim
3213 4010 3383 4081 pedes
3410 4020 3495 4066 est
3527 4012 3734 4082 ingres-

2170 4116 2286 4164 sus,
2311 4100 2575 4171 quadriga
2632 4100 2950 4171 triumphali
3000 4102 3347 4171 nequaquam
3407 4117 3731 4164 conscensa.

2167 4194 2258 4247 sed
2288 4192 2523 4262 imagine
2562 4190 2802 4261 Dei’para:
2847 4193 2902 4246 in
2943 4192 3090 4246 illam
3127 4194 3414 4258 collocata,
3450 4195 3540 4248 cui
3585 4195 3734 4261 velut

2166 4281 2383 4351 imperii
2424 4281 2644 4351 collega:
2692 4281 2953 4335 victorias
3003 4290 3262 4351 acceptas
3319 4281 3556 4337 ferebat.
3614 4283 3730 4337 Mox

2164 4387 2418 4427 reversus
2454 4373 2507 4426 iu
2538 4372 2842 4438 Orientem,
2872 4371 3255 4427 Castamon‘em
3304 4389 3334 4428 a
3380 4373 3733 4429 Tanismanio

2167 4471 2467 4533 receptam,
2523 4463 2822 4533 Gangram,
2902 4463 3173 4529 Adanam,
3226 4463 3485 4529 Tarsum,
3542 4464 3733 4523 Bacam

2167 4556 2594 4611 munitissimum
2621 4555 2928 4621 castellum,
2950 4555 3290 4610 Anabarzam
3324 4557 3374 4613 vi
3407 4566 3684 4628 etpugnat
3714 4571 3731 4609 :

2166 4659 2223 4704 et
2240 4648 2590 4718 lecsyriam
2615 4647 2913 4718 ingressus,
2929 4648 3229 4704 Antiochiae
3250 4665 3413 4719 quam
3434 4648 3734 4704 honorifice

2168 4739 2817 4810 agﬂaimundo'princ‘pe
2842 4741 3157 4810 suscipitur,
3187 4756 3247 4795 ac
3276 4740 3453 4795 foedus
3480 4752 3585 4795 tam
3608 4756 3732 4794 eum

2168 4829 2498 4894 Raimundo,
2544 4846 2705 4899 quam
2757 4828 3095 4900 Tripolitano
3146 4832 3346 4887 comite
3406 4831 3552 4887 ferit.
3603 4833 3732 4886 lude

2167 4931 2463 4993 penetrans
2495 4921 2561 4975 ad
2584 4920 2941 4990 Euphratem,
2978 4921 3162 4987 Pizam
3202 4921 3448 4990 aliasque
3498 4922 3736 4975 nonnul-

2167 5013 2248 5068 las
2276 5011 2616 5068 munitiones
2649 5021 2898 5080 occupat.
2940 5011 3053 5065 Nec
3105 5011 3277 5066 multo
3303 5020 3426 5081 post
3482 5013 3732 5067 Alexium

2167 5106 2619 5177 primogenitum,
2654 5121 2816 5174 quem
2844 5103 2910 5157 ad
2950 5104 3167 5173 imperii
3200 5104 3523 5158 societatem
3561 5104 3734 5158 admi-

2168 5208 2335 5265 serat,
2363 5208 2417 5254 et
2438 5197 2814 5253 Andronicum
2848 5196 2915 5251 ab
2938 5211 3001 5251 eo
3028 5195 3337 5281 proximum
3364 5209 3514 5249 mors
3550 5195 3736 5249 abstu-

2167 5290 2371 5346 litzeis
2404 5306 2513 5345 non
2555 5289 2646 5343 diu
2679 5296 2955 5359 superstes
2978 5288 3101 5352 fuit,
3134 5289 3294 5341 laesus
3343 5287 3398 5340 in
3441 5288 3732 5342 venatione

2168 5399 2267 5454 per
2298 5383 2550 5453 sagittam
2594 5397 2748 5437 suam
2776 5394 2991 5435 veneno
3028 5379 3309 5442 infectam,
3351 5394 3514 5448 quam
3545 5395 3576 5434 e
3600 5379 3734 5449 pha-

495 5482 637 5533 riam
677 5476 978 5533 transtulit.
1040 5474 1205 5529 Filios
1253 5474 1446 5529 habuit
1496 5484 1750 5544 quatuor,
1790 5474 2060 5541 Alexium,
2089 5485 2133 5548 ρ
2168 5487 2313 5530 retra
2351 5474 2633 5530 solitarius
2667 5489 2799 5544 aper
2829 5481 3165 5528 excusserat.
3209 5471 3575 5526 Moribundus
3609 5486 3733 5525 ora-

496 5572 895 5633 Andronicum,
943 5567 1228 5631 lsaacium,
1278 5567 1603 5621 Manuelem.
1660 5568 1906 5624 Alexium
1941 5580 2064 5637 post

496 5662 906 5719 coronatiouctu
978 5657 1164 5715 videre
1215 5673 1313 5730 per
1379 5657 1621 5731 quietem
1687 5660 1835 5717 visus
1860 5670 1942 5715 cst
1979 5658 2060 5715 in-

2171 5568 2318 5623 tione
2351 5568 2416 5622 ad
2452 5583 2581 5622 suos
2611 5567 2818 5634 habita,
2851 5567 3156 5621 Manuelem
3190 5581 3256 5620 ex
3295 5564 3422 5619 ﬁliis
3469 5573 3599 5617 natu
3630 5563 3731 5616 mi-

2169 5659 2397 5729 nimum,
2436 5658 2528 5731 qui
2564 5669 2676 5714 tum
2709 5656 2846 5713 forte
2882 5655 3090 5725 aderat,
3118 5653 3322 5711 lsaacio
3363 5653 3557 5726 majori
3594 5668 3729 5724 pra:-
