4154 6200
571 316 671 383 627

1652 314 2071 378 MlCllAELlS
2102 314 2359 378 GLYCJE
2400 314 2799 376 ANNALIUM

3712 304 3829 368 CES-

641 431 805 500 333
868 428 1002 485 Cum
1041 438 1218 483 autent
1281 430 1519 484 studiose
1551 431 1762 485 Manuel
1818 446 2002 485 secom
2059 445 2150 498 po-
2177 434 2224 490 Α
2253 429 2359 483 llac
2399 430 2666 497 impulsus
2702 424 2991 479 occasione
3027 419 3395 482 Andronicus,
3443 426 3498 471 ct
3532 418 3649 486 ipse
3709 419 3816 473 Ma-

571 524 796 577 tcntiam
827 524 1105 575 nationum
1145 522 1585 585 occidentalium,
1618 540 1739 592 qua:
1775 524 1885 592 regi
1919 523 2137 575 Alema-

573 630 766 665 uormn
817 612 1103 680 parebant,
1132 612 1490 680 expendisset
1522 632 1534 666 :
1571 616 1783 668 veritus
1818 629 1883 667 ne
1925 614 2000 666 illi
2032 612 2137 665 ali-

570 703 790 771 quando
884 718 1041 755 suum
1116 703 1409 770 imperium
1496 704 1869 768 adorirentur,
1952 705 2137 759 Romae

572 793 770 846 veteris
807 793 1005 861 Papam
1038 803 1230 847 contra
1268 795 1607 849 Fridericum
1650 812 1828 865 regem
1886 796 2135 849 concita-

569 883 665 945 vit,
689 883 937 936 hortatus
956 894 1014 937 ut
1044 884 1187 951 quod
1228 885 1470 952 pontifici
1503 886 1797 940 deberetur
1820 886 2134 956 imperium,

570 975 823 1043 usurpari
856 976 923 1028 ab
958 975 1271 1029 Alemauico
1307 977 1555 1044 principe
1599 993 1939 1046 nequaquam
1988 991 2142 1047 pate-

570 1076 748 1118 retur.
788 1065 987 1118 Eodem
1018 1074 1177 1133 pacto
1204 1066 1460 1129 Venetos,
1513 1067 1853 1132 Genuenses,
1889 1070 2135 1135 Pisanos,

571 1157 969 1216 Anconitanos,
1007 1166 1060 1210 et
1097 1157 1342 1225 reliquos
1367 1159 1534 1213 maris
1563 1160 1779 1213 accolas
1810 1161 1913 1213 sibi
1956 1160 2141 1214 conci-

571 1245 757 1306 Iiabat,
817 1257 1159 1300 sacramento
1237 1248 1606 1313 devinciebat,
1686 1251 1866 1305 omnis
1922 1253 2137 1320 generis

569 1336 763 1391 olliciis
806 1338 1104 1401 alliciebat,
1161 1338 1214 1392 in
1255 1340 1387 1392 urbe
1440 1340 1675 1409 denique
1725 1342 2140 1411 perhumaniter

571 1428 899 1496 excipiebat.
958 1427 1204 1497 Cumque
1269 1430 1755 1484 Mediolanensium
1802 1434 1993 1487 urbem
2037 1409 2131 1487 .ae

572 1520 904 1575 munitiones
948 1538 1167 1577 eversas
1197 1540 1224 1578 a
1261 1520 1538 1579 Friderico
1603 1528 1924 1595 accepisset,
1979 1544 2135 1597 opetn

571 1625 634 1663 ac
658 1612 915 1678 pecunias
945 1612 1011 1666 iis
1038 1615 1292 1682 prmhuit,
1361 1617 1564 1683 quibus
1624 1634 1807 1671 muros
1869 1621 2142 1675 instaura-

573 1710 716 1754 rent.
747 1702 1133 1758 Montisferrati
1172 1706 1410 1775 denique
1468 1708 1572 1762 sibi
1615 1709 1979 1763 Marehioncm
2039 1713 2136 1764 ad-

2244 518 2704 587 nucliSpatruelis
2762 517 2910 579 (nam
2941 513 3135 568 eodem
3212 519 3365 580 patre
3403 509 3606 571 Alexio,
3642 509 3814 563 Joan-

2241 629 2337 667 nes
2367 612 2628 665 Manuel's
2690 610 2744 663 et
2771 608 3006 662 lsaacius
3041 605 3459 660 Sebastocrator
3510 601 3813 654 Andronici

2242 712 2419 772 pater,
2453 702 2566 755 nari
2607 690 3018 763 erant),'homo
3056 698 3212 764 longe
3254 692 3578 746 vaferrimus
3612 692 3818 760 pariter

2237 803 2294 850 et
2318 793 2752 851 crudelissimus,
2777 789 2879 843 sub
2912 797 3096 841 astuto
3139 794 3427 854 prtetextu,
3472 783 3626 852 quasi
3675 796 3816 836 reo;-

2241 886 2514 954 publicam
2550 892 2606 935 et
2649 882 3034 949 imperatorem
3061 877 3341 931 vindicare
3367 875 3529 929 vellet
3576 875 3641 927 ab
3672 874 3813 927 insi-

2238 979 2346 1032 diis
2389 975 2772 1047 protosebasti,
2800 988 2829 1027 e
2862 970 3257 1041 Paphlagonia.
3320 984 3428 1038 quo
3476 967 3757 1035 ablegatus
3782 982 3813 1019 a

2241 1069 2486 1123 Manuele
2527 1067 2740 1128 fuerat,
2781 1065 3005 1134 propius
3052 1064 3116 1116 ad
3176 1065 3367 1116 urbem
3424 1058 3653 1117 accedit.
3718 1057 3811 1109 ad-

2235 1161 2553 1231 junctisque
2579 1159 2680 1212 sibi
2709 1157 2843 1211 viris
2868 1157 2922 1209 in
2951 1152 3425 1209 administratione
3446 1150 3808 1219 principibus,

2243 1251 2524 1306 redactum
2554 1251 2607 1303 in
2659 1255 2987 1317 potestatem
3042 1244 3478 1315 protosebastum
3536 1246 3809 1303 excreat;

2252 1342 2467 1411 imperii
2497 1340 2939 1410 procurationem
2977 1339 3028 1389 in
3075 1353 3132 1391 se
3176 1335 3464 1396 transfert;
3527 1331 3813 1385 Contostc-

2245 1435 2485 1504 phaumn
2525 1448 2646 1485 cum
2674 1440 2912 1500 quatuor
2944 1430 3093 1495 filiis,
3133 1425 3807 1489 Basiliam,Cantaterum,

2240 1537 2296 1579 et
2329 1527 2462 1577 alios
2495 1524 2735 1578 illustres
2763 1523 2909 1576 viros
2936 1522 3110 1575 oculis
3160 1521 3401 1590 Spoliat;
3434 1527 3661 1571 matrem
3705 1516 3810 1566 im-

2244 1616 2513 1685 peratoris
2540 1624 2719 1677 necat,
2747 1614 2983 1667 conficto
3008 1613 3263 1676 crimine,
3332 1609 3487 1679 quasi
3546 1624 3607 1662 ea
3667 1606 3807 1659 Beia:

2248 1709 2358 1773 regi
2413 1706 2820 1777 Iiungarorum.
2852 1721 3089 1775 quocum
3142 1712 3306 1772 nupta
3380 1717 3534 1757 Soror
3571 1702 3806 1767 impera-

571 1792 765 1861 junxit,
798 1793 915 1862 ejus
946 1795 1052 1847 [illo
1087 1796 1303 1861 Marias,
1346 1798 1453 1851 tilia
1492 1815 1587 1852 sua
1624 1800 1675 1853 in
1726 1802 2135 1856 matrimonium
2169 1780 2206 1832 Β
2245 1795 2396 1848 ll‘icis
2437 1806 2573 1858 erat,
2630 1794 2858 1863 prodere
2924 1793 3285 1847 Brauitol‘am
3334 1805 3390 1846 et
3440 1791 3807 1860 Belligradum

569 1898 847 1939 concessa.
890 1888 1006 1951 Quo
1041 1888 1240 1941 factum
1282 1902 1384 1956 ρει,
1429 1900 1485 1943 ut
1532 1892 1655 1944 cum
1690 1892 2012 1947 Fridericus
2052 1909 2140 1947 ar-

569 1976 917 2045 chiepiscopo
955 1978 1291 2049 Moguntina,
1327 1981 1651 2034 cancellario
1683 1999 1803 2048 suo,
1846 1985 1896 2036 in
1928 1984 2167 2037 italiam.

572 2069 761 2129 misso,
796 2068 952 2137 Papa:
990 2070 1151 2123 urbes
1193 2070 1406 2124 Italicas
1460 2072 1729 2125 adimeret
1764 2090 1776 2126 :
1825 2075 2137 2129 Montisfer-

572 2161 830 2221 ratensis,
862 2161 1125 2215 Manuelis
1156 2162 1541 2231 largitionibus
1593 2165 1880 2233 impulsus,
1924 2167 2136 2222 Conra-

571 2248 703 2299 dum
747 2249 914 2300 tiliqu
942 2266 1064 2302 cum
1100 2252 1275 2319 copiis
1306 2253 1357 2304 in
1409 2252 1787 2321 Moguntinum
1841 2257 2135 2326 ablegaret,

572 2354 600 2389 a
636 2355 746 2406 quo
776 2341 1075 2409 profligatis
1106 2343 1403 2408 Alcmanis,
1436 2346 1600 2398 etiam
1629 2347 1743 2415 ipse
1787 2348 2137 2419 Moguntinus

569 2427 713 2481 inter
742 2430 877 2482 alios
903 2441 1093 2498 captus
1122 2440 1225 2485 est.

639 2519 774 2571 Cum
812 2531 993 2574 autem
1026 2522 1236 2578 Manuel
1309 2535 1611 2582 sectatores
1662 2528 1802 2582 vitae
1857 2530 2134 2597 solitariae,

567 2623 788 2680 propter
815 2615 1189 2682 possessiones
1218 2619 1578 2689 etmundana
1633 2623 1867 2690 negotia,
1934 2637 2127 2691 parum

568 2703 818 2772 religioni
852 2699 1141 2774 cultﬁique
1179 2708 1366 2762 divino
1406 2710 1623 2765 deditos
1664 2712 1877 2767 videret
1911 2730 1924 2778 ;
1958 2715 2138 2769 nullas

566 2793 646 2847 eis
675 2795 880 2857 vineas,
923 2797 1103 2850 nullos
1125 2812 1304 2867 agros,
1345 2800 1519 2854 nullas
1573 2803 1944 2868 posseSsioncs
1996 2803 2136 2857 assi-

566 2886 785 2952 gnavit,
823 2886 914 2940 sed
966 2903 1029 2940 ex
1062 2889 1195 2941 lisco
1226 2898 1435 2943 tantum
1467 2892 1628 2960 pendi
1658 2894 1840 2962 jussit,
1872 2905 2133 2962 quantum

571 2978 635 3029 a'I
669 2977 873 3030 vietum
902 2980 1221 3049 cultumque
1247 2984 1498 3051 corporis
1530 2985 1662 3037 satis
1689 2996 1855 3041 esset.
1911 2987 2136 3041 Videtur

567 3068 829 3121 nimirum
864 3053 1224 3139 cupidiiatem
1260 3072 1605 3127 imnmdicam
1644 3076 1894 3129 struendi
1940 3093 2132 3130 mona-
2162 3106 2204 3161 ρ

567 3161 733 3215 steria
776 3164 1134 3231 improbasse,
1162 3180 1224 3217 ac
1250 3167 1487 3233 posteris
1539 3156 1847 3236 exemplum
1904 3169 2135 3238 prodere

569 3253 831 3315 voiuisse,
865 3270 975 3320 quo
1003 3267 1158 3322 pacto
1184 3258 1383 3324 templa
1428 3259 1740 3323 condenda,
1803 3270 1856 3313 et
1887 3277 2005 3327 qua:
2038 3263 2139 3312 ho-

569 3342 807 3394 minibus
839 3344 1105 3411 ejusmodi
1138 3346 1277 3398 ratio
1322 3331 1538 3401 vivendi
1585 3350 1657 3402 sit
1705 3351 2133 3418 prtesciibenda.

568 3432 798 3486 Tantum
830 3444 1011 3487 autem
1049 3436 1223 3489 abfuit
1254 3448 1311 3490 ut
1338 3455 1529 3494 eorum
1590 3440 1896 3494 institutum
1941 3444 2137 3510 proba-

565 3534 669 3591 ret,
703 3526 792 3595 qui
822 3527 1117 3581 solitariam
1145 3528 1305 3582 vitatu
1328 3530 1575 3599 professi,
1598 3533 1864 3600 etopibus
1884 3536 2133 3598 atiluunt,

564 3628 622 3669 et
651 3617 997 3669 multitudine
1033 3633 1288 3670 curarum
1316 3623 1487 3688 magis
1519 3621 1924 3687 distrahuntur,
1963 3638 2131 3690 quatn

565 3710 624 3771 ii,
657 3709 748 3777 qui
792 3709 954 3777 hujus
991 3712 1112 3762 vita:
1148 3709 1361 3764 deliciis
1391 3724 1753 3781 occupantur,
1790 3723 1847 3767 ut
1898 3715 2137 3768 sanctio-

564 3817 688 3855 nem
722 3800 1015 3870 Nicephori
1062 3800 1281 3866 Phocw,
1328 3804 1611 3858 fortissimi
1662 3816 1715 3858 et
1768 3807 2133 3861 cordatissimi

563 3892 933 3960 imperatoris,
962 3894 1243 3952 abolitam.
1281 3894 1348 3948 de
1386 3912 1489 3948 non
1523 3897 1788 3965 augendis
1846 3908 2123 3951 monaste-

563 3987 770 4037 riorum
825 3986 1149 4048 latifundiis,
1196 3987 1353 4055 quasi
1434 3989 1775 4057 postliminio
1842 3990 2131 4044 revocarit.

562 4076 809 4130 Mortuus
838 4089 919 4131 est
952 4079 1203 4145 tandem,
1244 4096 1433 4147 parum
1480 4082 1796 4134 constitutis
1833 4083 2127 4135 ordinatis-

561 4185 669 4236 que
706 4170 869 4221 rebus
899 4169 1134 4238 imperii,
1166 4186 1289 4223 cum
1314 4171 1603 4239 astrologis
1637 4172 1797 4225 tidem
1832 4172 2129 4235 habuisset,

562 4261 656 4327 qui
692 4261 964 4313 victurum
1002 4261 1182 4314 adhuc
1210 4263 1629 4329 quatuordccim
1662 4279 1835 4316 annuos
1870 4264 2133 4331 praedixe-

561 4360 705 4405 rant.
734 4351 1028 4418 lmperavit
1056 4368 1228 4405 annos
1264 4353 1353 4413 58.
1400 4353 1574 4406 tribus
1632 4354 1916 4407 mensibus
1974 4354 2129 4407 dctu-

2252 1889 2543 1942 voluisset.
2588 1888 2976 1956 imperatorem
3031 1901 3090 1941 se
3152 1888 3448 1945 renuntiat,
3494 1898 3807 1951 coronaque
3852 1888 3855 1889 ⁷

2240 1982 2597 2045 redimit;ac
2637 1981 2853 2033 tandem
2908 1989 3241 2035 consecutus
3278 1979 3330 2033 id
3387 1979 3532 2047 quod
3585 1977 3807 2047 jamdu-

2239 2075 2368 2127 dum
2401 2074 2584 2127 animo
2604 2073 2707 2126 sibi
2737 2071 3126 2132 destinaverat,
3147 2073 3530 2139 imperatorem
3554 2068 3804 2122 Alexium

2238 2165 2434 2231 capitis
2470 2178 2564 2231 per
2620 2177 2885 2216 summam
2943 2160 3195 2230 iujuriam
3258 2146 3598 2223 damnatum,
3643 2171 3808 2211 arcus

2240 2270 2410 2308 nervo
2438 2251 2963 2322 strangularijubet.
3007 2250 3434 2320 Ejusinterfecti
3473 2250 3614 2302 latus
3669 2248 3813 2317 pede

2241 2346 2445 2407 tundit,
2484 2362 2548 2400 ac
2574 2355 2856 2411 parentum
2884 2344 3057 2413 ipsius
3109 2344 3343 2397 alterum
3402 2352 3465 2396 ut
3524 2342 3806 2412 perjurum

2239 2445 2293 2491 et
2330 2438 2614 2506 iujurium,
2651 2438 2878 2490 alteram
2912 2446 2968 2488 ut
3004 2434 3205 2503 vulgati
3264 2434 3512 2502 corporis
3586 2432 3801 2485 mulier.

2237 2527 2415 2581 culatu
2447 2526 2840 2581 contumeliose
2901 2526 3223 2579 insectatur.
3268 2524 3407 2578 llmc
3464 2523 3715 2577 avulsum
3776 2539 3805 2574 a

2237 2635 2470 2688 corpore
2517 2632 2682 2688 caput
2716 2620 2900 2687 aliquo
2938 2616 3216 2688 abjicitur,
3269 2627 3498 2671 truncus
3552 2615 3606 2668 in
3656 2630 3809 2669 mare

2239 2713 2465 2781 plumbo
2497 2711 2856 2778 demergitur.

2311 2803 2511 2857 Fuerat
2541 2822 2570 2857 a
2601 2804 2775 2873 prima
2801 2812 2957 2858 a-tate
2984 2802 3337 2856 Andronicus
3361 2800 3590 2871 insignis
3637 2799 3807 2854 secie-

2242 2912 2362 2948 rum
2392 2896 2611 2957 artifex,
2659 2896 2964 2964 multasque
3018 2894 3322 2948 facinorum
3369 2908 3592 2946 suetum
3640 2907 3804 2945 causa

2238 3003 2531 3057 perpessus
2558 3002 2829 3041 :eruumas
2859 2997 2997 3040 erat.
3029 2986 3358 3041 Nam-initio
3388 2984 3803 3052 conspiratione

2237 3094 2359 3132 cum
2391 3078 2660 3146 [iungaris
2687 3077 2901 3143 facta,
2938 3077 3242 3130 Manuelem
3293 3076 3524 3145 imperio
3569 3074 3802 3141 dejicere

2239 3179 2468 3223 conatus
2528 3178 2615 3223 est
2650 3185 2662 3220 :
2695 3184 2924 3237 quarutn
2995 3169 3322 3223 insidiarum
3371 3168 3674 3229 convictus,
3744 3166 3800 3219 iu

2236 3262 2419 3330 palatii
2465 3263 2765 3316 custodiam
2789 3262 2949 3315 datus
2993 3271 3094 3315 est.
3125 3260 3368 3314 Accessit
3401 3269 3456 3312 et
3502 3260 3605 3312 alia
3625 3260 3801 3326 capti-

2237 3349 2425 3402 vitatis
2481 3350 2644 3418 hujus
2715 3368 2898 3405 causa.
2955 3350 3167 3418 Quippe
3220 3350 3452 3402 Manueli
3507 3359 3617 3402 tres
3649 3349 3801 3402 fuere

2238 3439 2464 3503 fratres,
2495 3441 2738 3505 Alexius,
2801 3441 3145 3495 Andronicus
3201 3441 3536 3503 etlsaacius,
3568 3456 3799 3508 quorum

2237 3530 2343 3583 duo
2379 3532 2589 3599 priores
2616 3542 2742 3585 ante
2774 3547 2985 3602 patrem
3034 3533 3318 3587 obierunt.
3385 3531 3462 3586 Ex
3494 3532 3561 3586 iis
3590 3530 3803 3585 Andro-

2237 3622 2393 3675 nicus
2425 3632 2532 3677 tres
2572 3622 2712 3677 filias
2759 3624 3021 3693 suscepit,
3060 3624 3301 3688 Mariam,
3330 3622 3695 3689 Theodoram,
3748 3630 3806 3676 et

2236 3712 2559 3768 Eudociam.
2590 3714 2828 3768 Eudocia
2886 3714 3085 3768 marito
3114 3714 3376 3769 defuncto
3424 3714 3628 3767 nefaria
3676 3729 3809 3767 con-

2236 3806 2530 3859 suetudine
2552 3806 2848 3860 Andronici
2883 3822 2988 3860 non
3013 3806 3171 3869 clam,
3200 3805 3295 3859 sed
3323 3804 3498 3875 palam
3547 3818 3642 3855 usa
3695 3814 3827 3877 est”

2235 3897 2466 3964 Quoties
2495 3908 2678 3953 autem
2706 3898 3213 3965 reprehendebatur
3244 3898 3316 3952 ob
3383 3898 3654 3951 incestum
3698 3895 3812 3947 An-

2236 3991 2522 4052 dronicus,
2559 3989 2701 4042 hanc
2736 3988 3112 4043 defensionem
3169 4003 3270 4057 per
3337 3988 3521 4057 jocum
3574 4001 3808 4053 usurpe-

2237 4081 2328 4135 bat
2364 4101 2374 4134 :
2410 4082 2588 4134 solere
2624 4080 2873 4134 subditos
2908 4079 3222 4148 principum
3277 4094 3458 4133 mores
3491 4078 3716 4141 imitari,
3749 4087 3811 4130 et

2234 4191 2429 4243 aquam
2464 4191 2529 4228 ex
2557 4176 2746 4228 eodem
2779 4175 2930 4228 fonte
2961 4172 3508 4241 petitam,-eumdem
3553 4186 3807 4238 saporem

2238 4268 2467 4322 referre.
2532 4268 2747 4333 Quibus
2810 4265 2996 4321 verbis
3053 4266 3444 4332 imperatorem
3500 4261 3804 4315 Manneicm

2237 4360 2663 4429 perstringebat,
2694 4358 2787 4427 qui
2825 4374 2948 4411 cum
2991 4356 3178 4409 fratris
3240 4354 3347 4407 ﬁlia
3382 4369 3494 4406 rem
3549 4353 3805 4407 habebat.

561 4443 706 4511 ptis:
741 4443 805 4495 ad
844 4442 990 4511 quod
1024 4442 1521 4513 imperiLSpatium,
1546 4452 1821 4499 vetustum
1844 4446 2128 4500 oraculum
2166 4451 2206 4504 ι)
2239 4452 2278 4505 li
2319 4453 2460 4506 sales
2493 4452 2860 4518 nmx'unoperc
2898 4447 3201 4503 Manuelem
3232 4446 3566 4515 pungebant,
3592 4453 3648 4497 et
3683 4460 3810 4495 tuu-

561 4536 808 4589 alludcrc
834 4535 1053 4590 videtur
1083 4554 1096 4589 :

806 4628 899 4681 Tui
929 4628 1212 4697 pre/tendet
1244 4636 1292 4680 te
1339 4634 1607 4696 postrema
1663 4629 1942 4693 nominis.,

559 4721 692 4775 Nam
742 4720 796 4774 in
840 4721 1028 4775 Graeco
1060 4720 1326 4775 Manuelis
1359 4721 1582 4774 nomine
1611 4732 1890 4791 postrema
1917 4722 2125 4793 syllaba

559 4823 769 4865 tantum
793 4828 1082 4867 numerum
1106 4812 1490 4879 complectitur
1524 4813 1628 4880 (1).

629 4906 902 4959 Successit
926 4906 974 4957 ei
1012 4914 1170 4958 natus
1194 4905 1245 4957 in
1279 4921 1518 4975 purpura
1542 4906 1979 4968 filius,uimirum
2008 4909 2132 4964 Ale-

556 4997 682 5050 xius
710 4999 1045 5062 Conmenus,
1098 4998 1254 5067 cujus
1316 4997 1551 5066 pueritia
1607 4998 1914 5067 reipublij
1941 5001 2129 5068 perui-

557 5091 707 5145 ciosa
737 5091 1091 5147 fuit.Alexius
1116 5090 1260 5145 cnim
1284 5090 1619 5154 Coumenus,
1639 5092 2047 5160 protOSebastus
2076 5102 2132 5148 et

556 5182 1028 5252 protovestiarius,
1058 5182 1257 5235 mortui
1295 5182 1560 5237 Manuclis
1593 5168 1853 5252 patruelis
1897 5183 2133 5252 impera-

556 5279 693 5329 trice
748 5274 855 5328 sibi
910 5274 1224 5339 conciliata,
1275 5291 1545 5329 summam
1602 5274 1657 5327 in
1727 5273 2126 5343 gubernatione

556 5366 858 5436 potentiam
889 5365 954 5417 ad
984 5382 1039 5419 se
1065 5365 1359 5431 transtulit,
1396 5365 1726 5434 imperatore
1786 5381 1882 5433 per
1909 5374 2125 5419 aetatem

552 5456 624 5511 ad
658 5456 1033 5511 sustinendam
1065 5456 1333 5526 ejusmodi
1388 5456 1586 5509 molem
1630 5471 1856 5524 prorsus
1912 5456 2125 5524 inepto,

548 5566 725 5621 'scquc
753 5561 961 5607 tantum
994 5551 1381 5607 venationibus
1407 5561 1463 5607 ct
1502 5552 1937 5623 equitationibus
1971 5554 2126 5609 oble-

544 5638 760 5711 (tante,
802 5663 926 5699 cum
962 5646 1127 5700 ctiam
1176 5660 1341 5715 prave
1383 5648 1720 5717 czctcroquin
1774 5647 2124 5704 educaretur.

548 5784 553 5789 ο
620 5762 703 5829 λυ)
735 5762 763 5813 i.
797 5773 847 5816 et
879 5780 913 5832 η
944 5763 1236 5819 coniiciunt
1269 5762 1356 5818 53.

2236 4544 2392 4599 lieris
2416 4553 2673 4612 cognatos
2705 4541 2759 4593 in
2788 4540 3161 4594 Andronicum
3199 4536 3586 4592 incendebant.
3616 4535 3809 4603 Itaque

2234 4641 2553 4702 compactos
2582 4640 2665 4685 est
2697 4631 2751 4683 in
2792 4616 3029 4695 vincula,
3090 4643 3190 4683 ceu
3250 4628 3489 4682 diximus
3524 4641 3806 4695 :cumque

2234 4724 2329 4778 diu
2365 4724 2600 4791 quadam
2630 4723 2686 4776 in
2718 4722 2855 4776 turri
2886 4722 3170 4791 jacuissct,
3210 4718 3596 4774 animadvertit
3654 4733 3807 4771 mea-

2232 4825 2348 4868 tum
2381 4816 2435 4869 in
2457 4831 2521 4871 ea
2555 4814 2844 4884 quemdam
2880 4814 3320 4876 subterraneum,
3350 4812 3403 4864 in
3437 4826 3598 4881 quem
3630 4819 3807 4863 seruet

2228 4909 2400 4975 abdit,
2446 4909 2733 4963 obstructo
2801 4917 3011 4961 meatus
3065 4905 3356 4965 foramine.
3406 4902 3547 4958 Cum
3602 4900 3806 4956 deinde

2229 5017 2507 5058 carcerem
2534 5000 2764 5071 ingressi
2789 4998 3048 5054 custodes
3080 4997 3361 5051 hominem
3408 5010 3683 5064 nusquam
3710 5008 3772 5047 re
3789 5024 3810 5036 -

2230 5093 2492 5161 perirent,
2518 5088 2883 5158 omnibusque
2908 5089 3010 5144 viis
3036 5087 3351 5158 perquisitis
3369 5086 3533 5170 339
3554 5100 3810 5153 compre-

2232 5184 2396 5240 hendi
2419 5201 2525 5239 non
2552 5191 2754 5254 posset;
2780 5199 2914 5236 uxor
2932 5182 3051 5251 ejus
3068 5181 3125 5235 in
3149 5191 3377 5243 turrem,
3398 5196 3428 5234 e
3450 5178 3809 5248 quamaritus

2228 5275 2473 5329 evasisse
2519 5276 2841 5346 putabatur,
2884 5284 3144 5342 tanquam
3173 5272 3313 5341 fuga:
3350 5271 3524 5340 ipsius
3556 5269 3802 5330 conscia,

2230 5368 2546 5438 conjicitur.
2578 5368 2931 5422 Andronicus
2965 5382 2995 5419 e
3021 5380 3257 5419 caverna
3281 5378 3340 5418 se
3373 5361 3702 5432 proripiens,
3740 5368 3805 5413 et

2232 5460 2520 5514 mulierem
2552 5461 2839 5528 inopinato
2868 5465 3167 5525 conspectu
3201 5456 3451 5510 territam
3501 5454 3801 5519 allocutus,

2232 5570 2298 5606 ex
2319 5568 2384 5608 co
2410 5562 2652 5620 tempore
2687 5550 2778 5605 diu
2810 5566 2934 5604 cum
2965 5564 3028 5603 ea
3064 5548 3200 5601 vixit
3248 5548 3301 5600 in
3354 5563 3594 5609 carcere,
3633 5544 3808 5599 Joan~

2234 5660 2470 5716 nemque
2504 5645 2669 5698 tilium
2700 5645 2899 5699 ibidem
2924 5653 3095 5697 mater
3144 5644 3415 5712 concepit,
3452 5656 3613 5711 quem
3642 5636 3805 5691 dein-
3862 5660 3877 5687 π
