4154 6200
346 241 458 305 639

1623 231 1626 234 ’
1692 235 2214 309 ΕΟΝΤΙΝΗΑΤῘΟ

3487 251 3590 312 630

346 359 480 423 ceps
516 361 672 425 pater
720 345 936 425 imperii
991 365 1299 414 consortem
1348 356 1496 411 fet-it.
1529 357 1768 411 Tandem
1817 360 1926 410 t-la-
1958 369 1997 422 Α
2031 361 2187 430 cujus
2221 373 2466 414 sororem
2506 360 2717 416 Mannel
2767 361 3068 431 imperator
3121 373 3229 412 non
3263 341 3334 412 ita
3379 359 3598 424 pridem-

346 443 517 505 bitur.
547 444 867 500 custodibus
920 457 1142 516 propter
1199 445 1482 500 mulierem
1537 444 1695 499 factis
1753 446 1923 512 negli-

347 535 713 606 gentioribus.
739 536 844 592 Sed
895 553 1090 591 rursus
1135 553 1164 590 a
1216 537 1389 591 milite
1433 536 1669 606 quodatn
1730 536 1920 590 Nica‘a:

347 636 564 697 Captus,
595 628 650 682 in
676 628 984 683 custodiam
1017 629 1202 698 priore
1251 627 1615 687 acerbiorem.
1683 627 1920 696 duplici-

345 721 453 776 bus
485 721 681 775 ferreis
713 722 1075 791 compedibus
1095 732 1380 801 oneratus,
1417 721 1732 791 conjicitur.

420 811 532 866 Iloe
571 811 736 865 etiam
776 819 998 866 carcere
1039 821 1218 867 semet
1255 813 1502 883 eripuit,
1539 823 1595 868 et
1632 811 1873 868 Galizatu
1898 851 1915 878 ,

345 917 473 969 qua:
532 901 814 969 toparcltia
869 902 1169 955 Bessorum
1225 910 1345 966 est,
1401 903 1626 978 ratione
1673 903 1913 972 quadth

345 985 661 1061 huiusmodi
703 995 975 1061 pervenit.
1019 991 1266 1048 Morbum
1304 992 1486 1064 fingit,
1525 1007 1590 1049 ac
1617 1005 1790 1062 puero
1823 1010 1915 1063 pe-

345 1085 594 1154 regrino,
637 1085 795 1150 cujus
829 1088 996 1154 operit
1039 1087 1094 1140 in
1133 1087 1382 1155 corporis
1429 1087 1758 1141 ministeriis
1793 1097 1916 1140 ute-

347 1175 538 1245 batur,
581 1175 831 1239 mandat,
874 1186 935 1229 ιιι
975 1177 1161 1230 claves
1201 1176 1370 1230 turris
1410 1177 1550 1231 clam
1590 1187 1909 1246 surreptas,

340 1267 618 1330 militibus
651 1266 721 1319 ob
753 1266 1044 1336 largiorem
1075 1277 1258 1334 potum
1293 1267 1714 1322 meridiantibus
1740 1309 1754 1332 ,
1785 1285 1912 1324 cera

340 1356 636 1424 exprimat.
672 1356 890 1408 Illa-rum
922 1355 1156 1409 clavium
1190 1358 1504 1425 exemplum
1537 1357 1770 1412 ilanueli
1802 1360 1913 1413 Au-

347 1443 565 1500 droui‘ci
609 1445 716 1500 ﬁlio
751 1447 1010 1510 traditur,
1049 1455 1107 1499 ut
1138 1449 1545 1517 quamprimum
1578 1450 1712 1504 ta‘les
1745 1451 1912 1505 fabri-

347 1547 638 1603 carentur,
677 1546 732 1591 ct
768 1539 822 1592 in
856 1539 1146 1608 amphoras
1168 1578 1182 1604 ,
1220 1541 1424 1610 quibus
1455 1553 1618 1610 potus
1649 1543 1715 1597 ad
1750 1560 1913 1612 prau-

345 1629 505 1682 diutn
539 1627 800 1689 ferretur.
829 1629 1011 1684 lineos-
1039 1631 1220 1696 funes,
1254 1632 1484 1702 glomos,
1521 1643 1578 1688 et
1609 1635 1694 1688 ﬁla
1725 1637 1910 1690 tenuia

329 1720 670 1788 .C‘onjiceret.
710 1717 790 1773 Ita
826 1719 1060 1774 claustra
1102 1729 1276 1775 noctu
1317 1724 1666 1791 aperiuntur,
1704 1735 1761 1779 et
1793 1725 1906 1778 An-
1935 1718 1985 1778 Β

341 1810 604 1865 dronicus
627 1825 878 1879 egressus
901 1811 954 1864 in
985 1811 1156 1866 denso
1203 1820 1257 1866 et
1284 1813 1394 1866 alto
1421 1815 1604 1882 palatii
1640 1817 1908 1885 gramine,

341 1909 462 1972 quo
491 1902 646 1957 adire
685 1919 852 1957 nemo
896 1903 1148 1966 solebat,
1186 1903 1252 1957 ad
1297 1907 1515 1959 tertium
1552 1922 1724 1975 usque
1764 1907 1908 1960 diem

343 1994 642 2049 delitescit.
677 1995 806 2049 Inde
843 1995 1070 2050 funibus
1101 2011 1200 2065 per
1229 1995 1431 2050 muenia
1464 2012 1522 2051 se
1559 1997 1818 2057 demittit.
1855 2005 1912 2050 et

344 2085 400 2138 in
434 2085 740 2140 naviculam
776 2087 1021 2156 coniicit.
1052 2087 1444 2156 Deprehensus
1482 2100 1519 2140 a'
1543 2087 1910 2157 Speculatori-

345 2176 490 2241 bus,
524 2176 711 2230 famuli
750 2189 1042 2243 personam
1080 2179 1340 2244 simulat,
1373 2194 1440 2233 ex
1467 2178 1749 2234 diuturnis
1788 2181 1910 2234 vin-

342 2271 486 2324 culis
514 2270 683 2340 elapsi
708 2286 722 2324 :
751 2271 818 2325 de
848 2269 1118 2325 industria
1152 2270 1383 2325 barbare
1413 2271 1659 2341 loquitur
1684 2290 1696 2325 :
1721 2271 1908 2327 Graeca

343 2361 521 2414 multa
555 2375 612 2414 se
645 2375 758 2414 non
790 2361 1006 2428 assequi
1047 2360 1223 2430 ﬁngit.
1264 2361 1566 2415 Intervenit
1594 2371 1649 2417 ct
1675 2362 1912 2433 Chryso-

345 2453 512 2521 polus
550 2461 713 2506 nauta
744 2452 967 2520 quidam
1007 2468 1077 2508 ex
1117 2453 1457 2523 composito,
1501 2454 1749 2524 datisque
1793 2471 1910 2509 Inu-

343 2543 572 2598 neribus
603 2544 862 2613 impetrat
896 2560 926 2598 a
960 2545 1438 2614 speculatoribus,
1469 2556 1529 2600 ut
1557 2545 1908 2600 Andronicus

342 2645 601 2704 tanquam
635 2651 827 2690 servus
859 2635 1122 2706 fugitivus
1157 2632 1275 2690 sibi'
1295 2636 1642 2692 redderetur.
1675 2638 1756 2693 Ita
1782 2653 1909 2691 suas

301 2710 494 2780 ‘anles
543 2726 856 2796 ingressus,
905 2727 1272 2797 compedibus
1322 2729 1557 2791 solutis,
1602 2744 1746 2798 equo
1778 2744 1910 2782 con-

341 2831 575 2880 scenso,
611 2818 946 2872 Anchialum
978 2830 1124 2873 recta
1158 2820 1355 2889 pergit.
1405 2819 1523 2885 Quo
1566 2835 1691 2874 cum
1732 2821 1911 2873 venis-

343 2918 469 2971 set,
532 2925 561 2962 a
594 2907 806 2977 Pupaee
856 2910 1110 2964 familiari
1155 2910 1356 2965 viatico
1401 2919 1624 2980 sumpto
1690 2910 1903 2980 viaeque

343 3001 581 3056 ducibus
601 3041 616 3065 ,
645 3002 883 3056 Galizam
914 3003 1309 3071 proﬁciscitur.

411 3092 533 3146 Jam
567 3102 713 3146 metu
743 3108 800 3147 se
836 3093 1130 3147 liberatum
1168 3103 1367 3163 putans
1388 3134 1403 3157 ,
1434 3109 1464 3148 a
1496 3088 1720 3149 Vlachis
1754 3093 1828 3165 [Ιι.
1851 3110 1902 3148 c.

345 3177 607 3236 Valaehis
631 3180 655 3252 ]'
686 3183 778 3252 qui
819 3178 1002 3252 fugam
1035 3184 1152 3253 ejus
1185 3199 1252 3238 ex
1306 3183 1450 3238 fama
1504 3193 1904 3254 cognoverant,

349 3285 543 3343 captus
570 3275 636 3329 ad
671 3276 1058 3346 imperatorem
1080 3277 1394 3337 reducitur.
1426 3278 1624 3333 Verum
1655 3278 1742 3333 hic
1769 3295 1909 3348 quo-

344 3383 452 3434 que
483 3367 749 3422 industria
777 3368 1039 3436 singulari
1079 3384 1276 3423 rursus
1323 3369 1582 3424 elabitur.
1637 3369 1904 3426 Simulato

339 3460 488 3512 enim
516 3460 726 3514 ventris
753 3460 1042 3530 profluvio,
1069 3437 1388 3530 frequenter
1413 3477 1480 3516 ex
1504 3477 1647 3531 equo
1679 3463 1909 3518 descen-

343 3549 466 3611 dit,
498 3560 553 3603 et
580 3551 688 3604 alvi
715 3551 1014 3621 purgandae
1043 3565 1206 3606 causa
1236 3552 1614 3608 secedit.-lloc
1644 3553 1774 3606 dum
1807 3569 1908 3607 no-

342 3653 437 3694 ctu
473 3641 822 3711 interdiuque
857 3642 1055 3711 sepius
1084 3642 1244 3705 facit,
1279 3642 1534 3698 custodes
1563 3644 1664 3698 hac
1698 3625 1909 3700 Fatione

343 3732 554 3800 decipit
579 3751 594 3786 :
623 3731 926 3802 scipionem
949 3773 964 3796 ,
1000 3733 1089 3788 cui
1114 3734 1265 3789 velut
1297 3747 1439 3804 aeger
1467 3735 1821 3800 innitebatur,
1852 3736 1906 3790 in

343 3822 604 3878 tenebris
647 3823 800 3876 humi
851 3824 1079 3894 deﬁgit,
1129 3825 1414 3897 chlamyde
1458 3827 1658 3890 vestit,
1702 3828 1906 3896 pileum

339 3916 616 3983 imponit,
663 3926 720 3970 ut
765 3917 1045 3970 hominem
1091 3917 1308 3972 inﬂexis
1351 3917 1586 3988 genibus
1621 3929 1907 3974 cacantem

335 4013 786 4074 reprmscntaret.
829 4007 888 4062 Id
919 4009 1280 4063 simulacrum
1325 4009 1674 4064 intuentibus
1714 4019 1906 4064 custo-

335 4097 538 4160 dibus,
585 4098 704 4166 ipse
753 4081 984 4153 densum
1032 4099 1336 4169 quemdam
1379 4102 1580 4154 saltum
1625 4101 1909 4169 ingressus

337 4189 581 4258 aufugit.
615 4189 711 4242 Vix
745 4189 961 4243 tandem
996 4190 1076 4244 illi
1106 4191 1234 4244 dolo
1266 4191 1568 4258 intellecto,
1599 4191 1904 4245 confectam

335 4277 489 4331 viam
524 4288 815 4345 repetunt,
847 4279 1038 4334 eadem
1073 4291 1129 4336 et
1169 4281 1349 4351 ipsum
1389 4282 1576 4352 fugere
1609 4281 1902 4336 arbitrati.

2031 453 2286 506 duxerat.
2331 451 2444 506 Hae
2472 452 2612 506 fama
2647 453 2950 520 imperator
2975 449 3240 502 attenitus
3265 489 3280 510 ,
3319 449 3590 502 Androni-

2021 559 2146 598 cum
2189 543 2261 596 ob
2305 543 2548 597 incestos
2592 537 2807 596 aniures
2851 541 3151 609 puniturus
3195 547 3332 593 erat.
3379 539 3429 591 Is
3457 554 3586 592 vere

2021 635 2298 691 Manuelis
2335 635 2513 689 minas
2546 635 2754 689 veritus
2775 673 2788 696 ,
2827 631 3206 700 Hierosolyma
3245 644 3303 683 se
3334 627 3539 682 confert
3571 644 3587 689 ;

2019 737 2074 782 et
2119 737 2181 782 ut
2221 728 2385 782 homo
2429 725 2943 787 luxnriosissimus,
2999 720 3346 776 Theodoram
3396 720 3589 774 lsaacii

2016 820 2473 876 sebastoeratoris
2523 821 2684 874 ﬁliam
2733 819 3000 879 incestat,
3056 814 3306 889 Balduini
3365 815 3580 878 Franci,

2016 911 2114 981 qui
2148 911 2452 967 Palaestinae
2482 925 2658 978 nuper
2693 907 3021 978 imperarat’,
3057 906 3300 960 viduam.

2086 1005 2272 1066 Altera
2305 1003 2408 1058 hac
2442 1003 2598 1072 plaga
2625 1000 2841 1055 Manuel
2877 1004 3102 1068 accepta
3125 1038 3139 1062 ,
3168 997 3332 1050 missa
3363 995 3428 1064 ad
3459 996 3577 1050 Cm-

2013 1092 2231 1164 lesyria:
2265 1095 2555 1163 toparcbas
2587 1105 2754 1145 aurea
2788 1090 2974 1153 bulla',
3016 1087 3244 1141 mandat
3272 1096 3334 1140 ut
3364 1087 3580 1138 Δηὼ-ο·
3629 1134 3640 1144 ,

2013 1186 2196 1240 nicum
2218 1225 2233 1250 ,
2264 1184 2542 1239 hominem
2571 1184 2839 1237 incestum
2866 1190 2922 1234 ct
2951 1179 3300 1238 seditiosum.
3337 1177 3579 1244 capiant,

2012 1276 2243 1345 visuque
2275 1276 2514 1345 privent.
2544 1273 2636 1328 Eae
2668 1274 2864 1328 littera:
2900 1265 3202 1325 Theodoraa
3243 1266 3576 1324 redduntur.

2012 1368 2213 1437 quibus
2251 1369 2340 1422 illa
2381 1366 2576 1430 lectis,
2617 1367 2870 1419 chartam
2907 1362 3226 1417 AndrOnico
3281 1359 3470 1412 tradit.
3527 1357 3587 1410 ls‘

2013 1459 2246 1529 cognitis
2277 1455 2496 1512 insidiis
2529 1456 2884 1510 Theodoram
2919 1453 3114 1508 fraude
3153 1452 3443 1521 pellectam
3467 1491 3481 1514 ,
3518 1459 3578 1500 ut

2011 1565 2071 1605 se
2133 1566 2239 1604 non
2291 1551 2453 1619 longe
2513 1548 2900 1610 comitaretur,»
2959 1555 3057 1601 seu
3107 1544 3419 1604 volentem.
3479 1556 3575 1594 seu

2013 1639 2238 1694 invitam
2296 1653 2483 1694 secum
2523 1638 2766 1693 abducit.
2807 1638 2944 1691 Cum
2999 1635 3180 1689 varias
3225 1633 3477 1702 regiones
3521 1639 3580 1683 et

2012 1732 2227 1802 regulos
2264 1731 2502 1794 adisset,
2547 1731 2765 1785 tandem
2805 1729 2872 1783 ad
2913 1728 3234 1787 sultanum',
3273 1725 3366 1794 qui
3416 1723 3579 1777 Colo-

2012 1822 2194 1887 niam,
2234 1821 2491 1875 Chaldam
2533 1831 2589 1876 et
2626 1821 2857 1875 finitima
2892 1821 3012 1874 loca
3051 1819 3309 1878 tenebat,
3346 1817 3578 1870 diverti-

2012 1923 2142 1969 tur:
2181 1913 2366 1982 ibique
2399 1929 2524 1968 cum
2560 1913 2873 1976 Theodora,
2907 1921 2963 1967 et
2995 1911 3214 1966 duobus
3248 1926 3316 1965 ex
3356 1925 3420 1964 ea
3449 1924 3576 1964 sus-

2009 2005 2184 2074 ceptis
2234 2003 2464 2068 liberis,
2527 2003 2719 2059 Alexio
2755 2012 2810 2058 et
2851 2001 3041 2064 Irenc,
3078 2017 3141 2056 ac
3177 2002 3392 2058 Joanne
3439 2015 3572 2068 pro-

2010 2105 2196 2152 creato
2221 2111 2288 2150 ex
2317 2096 2546 2165 conjuge
2579 2095 2819 2163 legitima
2839 2134 2854 2158 ,
2883 2101 3274 2152 commoratur,
3303 2093 3479 2146 donec
3505 2079 3585 2143 adi

2009 2184 2313 2242 Manuelcm
2343 2187 2728 2256 imperatorem
2759 2183 2942 2238 rediit.
2976 2181 3027 2236 Is
3055 2181 3202 2235 enim
3229 2180 3584 2234 Theodoram

2009 2291 2204 2347 capere
2228 2275 2458 2340 studuit,
2488 2276 2742 2342 illiusque
2771 2273 2882 2326 voti
2910 2287 3009 2341 per
3040 2268 3400 2339 Trapezuntis
3424 2268 3577 2336 prin-

2009 2369 2191 2438 cipcm
2239 2363 2614 2438 Nicephorum
2668 2362 3028 2433 Palmnlngum
3081 2375 3306 2431 compos
3359 2360 3573 2423 factus,

2008 2462 2172 2532 paulo
2231 2471 2357 2530 post
2417 2461 2594 2529 ipsum
2641 2458 2804 2513 etiam
2855 2455 3229 2510 Andronicum
3269 2451 3576 2507 Theodorus

2011 2569 2201 2609 amore
2256 2564 2513 2622 tanquam
2556 2566 2680 2606 esca
2728 2551 3007 2611 illectum,
3053 2555 3111 2600 et
3150 2559 3258 2599 non
3309 2541 3575 2597 mediocri

2009 2647 2329 2711 liberorum,
2350 2661 2490 2715 quos
2515 2645 2603 2699 illa
2626 2643 2676 2697 ei
2702 2639 3008 2712 pepererat,
3029 2633 3307 2692 desiderio
3336 2627 3576 2702 flagran‘

1970 2734 1974 2739 ’
2011 2747 2119 2791 tem
2154 2738 2400 2792 attraxit.
2444 2726 2623 2790 Missis
2651 2731 2797 2788 enim
2835 2731 2900 2785 ad
2934 2731 3322 2798 imperatorem
3356 2725 3572 2794 legatis,

2010 2823 2336 2881 delictorum
2373 2825 2590 2879 veniam
2631 2833 2685 2878 et
2725 2821 2886 2876 fidem
2925 2819 3197 2888 publicam
3232 2814 3570 2886 postulavit;

2008 2925 2060 2970 et
2090 2925 2320 2985 utraque
2344 2930 2404 2970 re
2437 2915 2744 2984 impetrata,
2786 2927 2896 2966 non
2933 2909 3103 2963 multo
3134 2916 3256 2978 post
3290 2907 3344 2961 in
3379 2907 3571 2959 urbem

2009 3023 2263 3063 reversus
2289 3018 2391 3062 est.
2421 3007 2553 3061 Inde
2585 3005 2845 3060 OEnteum
2879 3003 3181 3072 ablegatur,
3217 3008 3278 3052 ut
3312 2996 3437 3052 istic
3470 2996 3566 3048 ha-

2011 3100 2248 3161 bitaret,
2293 3108 2350 3154 et
2395 3099 2460 3152 ex
2503 3096 2819 3168 longinquis
2861 3093 3145 3148 erroribus
3175 3105 3234 3144 se
3265 3098 3566 3144 recrearet.

2008 3189 2086 3246 Eo
2114 3191 2236 3244 loco
2266 3189 2500 3259 degens,
2541 3199 2663 3241 cum
2713 3183 2979 3239 Illanuelis
3014 3192 3284 3242 mortem,
3331 3176 3579 3245 palatina

2007 3282 2233 3338 dissidia
2253 3322 2268 3347 ,
2306 3281 2460 3335 lusus
2490 3287 2546 3333 et
2579 3276 2950 3346 equitationes
2981 3271 3189 3333 Alexii,
3225 3267 3570 3328 audivisset,

2009 3373 2080 3428 ad
2121 3372 2314 3428 urbem
2361 3383 2619 3425 reversus
2663 3382 2727 3420 ea
2773 3363 3080 3433 designavit
3125 3360 3404 3421 facinora,
3443 3371 3570 3424 qua:
3645 3403 3650 3414 ε

2007 3478 2171 3532 supra
2203 3467 2633 3517 commemorata
2667 3466 2796 3511 sunt
2814 3487 2838 3520 ,-
2867 3454 3199 3522 tandemque
3235 3451 3397 3506 malis
3430 3450 3572 3503 arti-

2009 3553 2114 3608 bus
2151 3553 2440 3622 imperium
2475 3551 2530 3604 in
2566 3564 2624 3604 se
2660 3547 2970 3609 transtulit,
3011 3546 3200 3600 Alexio
3243 3551 3568 3614 perempto,

2008 3645 2105 3714 qui
2134 3641 2544 3708 annumsaztatis
2573 3639 2846 3693 decimum
2879 3637 3143 3706 quintum
3165 3635 3410 3690 nondum
3441 3650 3574 3690 exe-

2007 3739 2186 3806 gerat,
2224 3733 2632 3800 trienniumque
2669 3736 3016 3800 regnaverat.

2082 3828 2184 3882 Ista
2211 3840 2344 3879 vero
2373 3824 2519 3878 crede
2550 3830 2894 3892 perpetrata,
2923 3833 3178 3890 sponsam
3201 3817 3571 3894 imperatoris-

2007 3918 2180 3974 Alexii
2215 3899 2456 3978 Annam,
2491 3913 2830 3967 Francorum
2871 3911 3018 3980 regis
3053 3909 3254 3973 ﬁliam,
3286 3907 3571 3960 matrimo-

2009 4011 2101 4064 nio
2138 4008 2239 4062 sibi
2279 4005 2488 4077 jungit,
2536 4003 2675 4057 nihil
2729 4002 3002 4056 reveritus
3033 4015 3201 4054 senex
3234 3999 3457 4052 ell'cetus
3495 4008 3567 4049 ac

2008 4103 2220 4165 vietus,
2263 4113 2488 4153 uxorem
2519 4095 2727 4150 sobrini
2760 4091 3223 4148 adolescentulam
3247 4131 3264 4154 ,
3314 4088 3560 4142 nondum

2009 4201 2182 4246 annos
2212 4205 2264 4245 XI
2308 4200 2488 4244 natam
2542 4202 2639 4257 per
2689 4185 2841 4239 nefas
2891 4182 3171 4250 amplecti.
3213 4179 3418 4234 Deinde
3473 4179 3572 4233 Nia

2011 4299 2200 4349 catam,
2220 4297 2339 4352 qua:
2367 4275 2916 4344 mortuoimperatori
2954 4275 3112 4328 ﬁdem
3149 4281 3416 4332 servarat,
3441 4272 3574 4325 totis

334 4372 546 4425 Verum
594 4371 638 4423 is
680 4371 788 4424 alio
821 4387 1046 4439 prorsus
1095 4372 1581 4426 itinere'Galizam
1626 4373 1895 4443 pervenit.
1927 4379 1978 4438 D
2005 4374 2214 4427 viribus
2246 4377 2544 4440 oppugnat.
2575 4367 2746 4421 Erant
2780 4365 2834 4420 in
2864 4381 2928 4420 ea
2959 4365 3060 4418 viri
3095 4364 3394 4433 principes,
3425 4361 3570 4416 lsaa-i

335 4461 426 4514 lbi
466 4461 884 4529 perhumaniter
934 4475 965 4514 a
1007 4461 1261 4530 praefecto
1306 4462 1605 4532 excipitur,
1635 4475 1794 4531 quem
1832 4463 1905 4516 ita

331 4551 450 4606 sibi
477 4551 748 4618 devincit,
778 4561 840 4608 ut
868 4562 924 4608 et
957 4553 1013 4607 in
1046 4563 1243 4607 venatu
1273 4553 1322 4607 ei
1355 4553 1576 4610 adesset
1596 4595 1610 4617 ,
1641 4563 1696 4609 ct
1731 4555 1793 4608 in-
1819 4569 1907 4609 se-

332 4651 479 4698 natu
517 4643 824 4708 assideret,
861 4643 1170 4713 eodemque
1205 4653 1351 4700 tecto
1379 4656 1436 4700 et
1461 4646 1588 4700 cibo
1632 4655 1903 4701 uteretur.

422 4733 568 4788 Ilanc
597 4736 860 4804 patruelis
888 4731 1070 4807 fugam
1098 4746 1153 4791 et
1179 4737 1432 4791 misiliam
1464 4738 1775 4807 ignominia:
1800 4739 1906 4793 sibi

323 4842 463 4882 esse
494 4834 653 4882 ratus
671 4829 992 4898 imperator,
1018 4843 1081 4882 ac
1116 4829 1416 4898 longiorem
1444 4828 1567 4896 ejus
1593 4830 1904 4885 absentiam

327 4925 662 4986 sus‘pectam'
680 4918 890 4974 habens
933 4922 1092 4988 (nam
1117 4919 1391 4989 ingentem
1426 4921 1733 4988 equitatum
1769 4923 1903 4992 Scy-

332 5008 557 5063 thicum
584 5021 781 5079 cogere
803 5010 1117 5090 .ferebatur,
1151 5022 1210 5065 ut
1242 5011 1615 5066 Romanorum
1649 5012 1785 5068 ﬁnes
1820 5015 1903 5067 iu-

324 5101 660 5172 cursarut),
723 5101 1090 5156 revocandum
1130 5102 1504 5158 AndrOnicum
1537 5107 1771 5159 censuit.
1802 5105 1903 5159 Ita-

328 5206 453 5262 que
503 5191 608 5246 ﬁde
653 5191 779 5246 data
819 5201 877 5246 et
917 5201 1174 5262 accepta,
1224 5191 1504 5246 hominem
1548 5194 1806 5256 arcessit,
1851 5201 1906 5246 et

319 5282 546 5340 Cilicia:
574 5283 832 5352 praeﬁcit,
864 5284 1076 5354 adjecto
1104 5281 1266 5354 Cypri
1298 5284 1526 5346 tributo,
1556 5284 1624 5338 a‘d
1653 5296 1906 5353 sumptus

323 5372 559 5430 facilius
604 5373 946 5429 tolerandos.
989 5375 1068 5429 Eo
1109 5373 1409 5444 profectus,
1453 5375 1750 5430 infeliciter
1790 5393 1901 5430 rem

322 5477 530 5524 contra
561 5461 828 5523 'forusetn
880 5467 1203 5523 Armenium
1239 5468 1412 5538 gerit,
1447 5469 1647 5538 prreliis
1693 5469 1902 5537 aliquot

325 5558 540 5612 victus.
579 5559 714 5614 l’nde
743 5559 1000 5630 sepositis
1033 5559 1245 5614 bellicis
1275 5560 1733 5629 occupationibus
1759 5600 1774 5624 ,
1821 5570 1903 5614 to—

337 5661 437 5706 tus
476 5665 664 5706 amore
712 5649 977 5723 Philippa:
1019 5650 1408 5719 inﬂammatur,
1460 5651 1900 5725 l’etebiniﬁlite,

2009 4467 2130 4521 eius
2182 4463 2457 4531 Angelus,
2503 4459 2598 4529 qui
2648 4474 2840 4513 everso
2897 4456 3217 4512 Andronico
3278 4455 3570 4523 imperium

2007 4557 2327 4628 occupavit,
2360 4566 2415 4611 et
2444 4554 2767 4608 Theodorus
2796 4553 3248 4612 Cantaeuzenus,
3282 4563 3410 4602 cum
3448 4562 3564 4599 ma-

2007 4658 2110 4723 g'na
2141 4666 2301 4704 manu
2337 4648 2572 4702 militum
2603 4643 2922 4700 Andronico
2953 4643 3277 4696 infestorum
3297 4678 3312 4701 ,
3343 4647 3399 4692 et
3427 4637 3570 4690 Tur-
3655 4663 3665 4678 -

2007 4755 2196 4794 eorum
2235 4737 2396 4809 340
2429 4751 2644 4806 quoque
2688 4733 2970 4789 nonnullis
3002 4730 3195 4800 copiis.
3220 4728 3360 4784 Cum
3385 4737 3568 4781 autem

2008 4831 2298 4886 interfecto
2341 4831 2748 4892 Cantaeuzcuo,
2795 4825 2964 4879 animi
3015 4823 3360 4879 Nicamorum
3417 4821 3570 4875 fracti

2007 4929 2226 4984 essent,
2255 4930 2481 4973 auctore
2508 4917 2735 4972 Nicolao
2763 4915 3020 4985 pontiﬁce
3050 4928 3148 4982 pax
3182 4912 3328 4966 facta
3359 4921 3478 4972 est,
3517 4921 3573 4966 et

2009 5012 2138 5066 urbs
2169 5011 2372 5066 dedita.
2407 5010 2672 5065 Isaaciutn
2703 5006 3061 5062 Andronicus
3096 5019 3204 5058 non
3236 5004 3569 5058 incolumem

2007 5106 2170 5159 modo
2208 5104 2478 5170 servavit,
2526 5103 2623 5158 sed
2665 5102 2832 5157 etiam
2878 5100 3063 5154 divina
3093 5097 3330 5168 quadam
3376 5097 3574 5165 impel-

2006 5198 2151 5251 lente
2179 5195 2522 5265 providentia
2553 5194 2919 5256 collaudavit,
2950 5190 3097 5262 quod
3124 5189 3572 5245 maledicentiam

2006 5283 2370 5342 Cantacuzeni
2415 5300 2519 5340 non
2567 5285 2765 5338 fuisset
2799 5283 3068 5337 imitatus.
3110 5280 3340 5359 Prusam
3373 5287 3429 5331 et
3465 5274 3574 5329 Lo—

2009 5378 2230 5447 padium
2262 5377 2327 5431 de
2357 5376 2540 5430 causis
2570 5375 2766 5430 iisdem
2797 5374 3089 5435 obsessas,
3125 5385 3222 5439 per
3252 5367 3362 5420 vim
3391 5366 3574 5432 cepilv

2007 5484 2070 5524 ac
2098 5467 2490 5524 immanissime
2522 5467 2577 5522 in
2603 5480 2822 5521 omnem
2849 5474 3063 5520 aetatem
3088 5469 3390 5525 sexumque
3418 5465 3578 5522 gras-r

2007 5571 2161 5616 SIHIIS
2193 5568 2300 5614 (εει.

2079 5652 2208 5708 Post
2239 5651 2384 5720 lucc,
2416 5650 2652 5724 Cyprum
2686 5649 2907 5721 quidam
2941 5643 3177 5701 lsaaeius
3200 5680 3214 5709 ,
3249 5637 3441 5696 Isaacii
3471 5647 3572 5696 se“
