4154 6200
569 246 664 309 G'ii

1610 237 2028 301 MICIIAELIS
2058 241 2326 302 GLYCzE‘
2355 240 2770 304 ANNALIUM'

3704 237 3808 300 6372
3871 231 3882 236 ’

569 352 964 412 baslocramris
985 358 1040 404 et
1065 348 1249 402 fratris
1273 347 1542 402 Mauurlis
1567 349 1920 419 imperatoris
1943 365 2007 404 ex
2035 351 2140 404 filia
2171 361 2213 415 Α
2247 355 2364 408 suis
2392 353 2641 407 Alesiam
2671 352 2907 405 Branam
2941 348 3135 404 ducem
3164 347 3407 418 prazficit.
3438 347 3488 402 Is
3520 346 3662 402 bello
3687 349 3814 403 feli-‘

571 461 778 514 nepos,
811 442 1044 496 avertit:
1079 439 1324 508 itemque
1354 438 1674 494 Comnenus
1711 442 1963 502 Alexius,
1996 443 2138 511 ejus-

571 539 695 591 dem
743 535 1006 588 Manuel's
1035 548 1099 585 ex
1135 533 1304 586 fratre
1337 517 1542 601 nepos,
1578 536 1989 602 regemSiciliae
2033 534 2143 590 Gu-

575 628 823 680 lielmum
876 623 1162 683 incitavit.
1211 635 1268 676 ut
1305 624 1667 694 Dyrrachium
1705 635 1757 680 et
1797 626 2144 681 Thessaloni-

579 731 700 768 cam
733 721 1029 781 occuparet
1058 731 1071 766 :
1109 714 1313 783 quibus
1347 731 1478 770 sane
1515 717 1690 784 captis
1713 759 1726 780 ,
1765 717 1957 785 ingens
1991 734 2019 771 a
2056 719 2143 772 Si-

569 809 710 862 Culis
739 817 822 859 est
852 806 1092 859 exercita
1126 805 1446 858 crudelitas.
1482 806 1623 859 Hinc
1665 818 1722 860 et
1766 807 2138 877 Epidamnus,

569 907 626 951 ct
656 896 1028 963 Amphipolis,
1061 894 1512 964 etMosynopolis
1543 897 1594 949 in
1631 896 2147 964 hostium-potesta-

573 995 684 1040 tem
710 995 982 1040 venerunt
1010 1003 1023 1038 :
1051 984 1374 1038 Andronico
1405 1000 1502 1054 per
1533 987 1844 1040 vecordiam
1871 997 1926 1041 et
1958 989 2144 1042 luxum

575 1079 692 1131 suis
726 1092 833 1130 non
879 1083 1263 1130 succurrente.
1303 1077 1466 1130 Hisce
1511 1078 1668 1130 malis
1714 1078 1769 1131 in
1815 1079 1938 1132 dies
1983 1093 2146 1148 auge-

575 1169 857 1223 scentibus
877 1207 893 1228 ,
925 1169 992 1220 de
1024 1182 1344 1222 successore
1375 1169 1654 1223 sollicitus
1677 1184 1801 1223 esse
1834 1170 2004 1237 coepit
2039 1171 2148 1223 An-

575 1258 876 1311 dronicus.
901 1255 1268 1322 Quamobrem
1300 1258 1522 1326 cognito
1556 1274 1654 1328 per
1688 1267 1835 1311 artes
1873 1240 2149 1328 improbas

577 1344 963 1403 successurum
989 1350 1104 1404 sibi
1126 1351 1416 1418 quemdam
1441 1389 1455 1414 ,
1488 1351 1576 1405 cui
1608 1365 1804 1404 nomen
1833 1360 1981 1405 esset
2002 1351 2150 1404 lSaa-

577 1443 664 1496 cio
687 1482 702 1504 ,
734 1443 959 1510 putabat
983 1445 1102 1511 ipse
1130 1443 1351 1512 quidem
1375 1443 1528 1496 illum
1556 1443 1822 1496 lsaacium
1846 1442 2098 1496 denotari
2131 1485 2145 1506 ,

577 1535 669 1603 qui
716 1535 814 1604 (ut
839 1535 1046 1588 dictum
1092 1535 1208 1603 est)
1269 1533 1506 1606 Cyprum
1555 1530 1959 1604 occupaverat:
1997 1534 2152 1589 fami-

577 1627 748 1680 liares
778 1641 921 1680 vero-
941 1625 1206 1680 lsaacium
1240 1626 1507 1696 A-ngelum
1553 1628 1903 1690 metuebant,
1934 1626 2150 1680 Andro-

2244 445 2382 498 citer
2417 444 2837 503 administrate,
2877 451 3074 510 praeter
3106 455 3257 508 spem
3305 441 3551 492 omnium
3596 439 3810 494 Siculos

2245 535 2424 597 delet,
2459 537 2726 606 urbesque
2759 542 2947 602 captas
2973 541 3287 601 recuperat.
3332 531 3552 585 Periere
3597 531 3814 585 Siculo~

2246 641 2376 679 rum
2396 625 2448 678 in
2478 625 2621 678 bello
2649 639 2813 688 supra
2842 621 3058 688 10,000,
3089 623 3141 676 in
3168 621 3482 676 carceribus
3507 630 3688 675 autem
3717 620 3816 675 fri—

2246 731 2375 784 gore
2407 730 2469 769 ac
2506 715 2648 769 fame
2679 714 2746 768 ad
2780 723 3018 782 quatuor
3045 713 3238 766 millia.
3270 711 3444 765 Duces
3471 712 3637 766 etiam
3667 711 3815 779 capti

2247 814 2404 870 suut‘,
2451 804 2760 860 Richardus
2809 815 2865 859 et
2907 804 3248 866 Balduinus,
3294 819 3401 857 una
3447 817 3572 857 cum
3619 801 3814 855 Alexio

2247 897 2549 962 Comneno,
2575 897 2699 952 belli
2730 905 2952 951 auctore
2971 938 2984 959 .
3013 897 3098 951 cui
3129 912 3254 950 mox
3280 895 3426 950 oculi
3454 906 3582 948 sunt
3604 893 3813 948 effossi.

2249 991 2562 1047 Secundum
2604 991 2722 1045 hare
2766 989 3063 1060 infeliciter
3106 998 3312 1044 tentata
3355 989 3605 1060 Cyprus,
3638 996 3696 1042 et
3728 1003 3816 1042 se-

2251 1083 2361 1137 euti
2387 1092 2568 1136 motus
2603 1082 2936 1138 Vlacborum
2962 1081 3204 1136 nationis
3234 1098 3248 1134 :
3282 1081 3546 1135 adversus
3570 1095 3711 1149 quos
3737 1078 3819 1132 ni-

2251 1175 2329 1228 hil
2363 1181 2508 1228 recte
2531 1183 2746 1244 gestum
2781 1189 2810 1225 a
2843 1173 3056 1229 Joanne
3081 1181 3282 1241 patruo
3310 1171 3678 1240 imperatoris.
3715 1185 3820 1224 nec

2249 1282 2280 1320 ει
2310 1267 2517 1321 Joanne
2550 1265 2954 1322 Cantacuzeno.
2986 1265 3186 1320 Missus
3217 1273 3400 1317 autem
3439 1264 3504 1316 ad
3536 1262 3824 1316 debellau-

2250 1355 2350 1410 dos
2381 1371 2473 1411 eos
2514 1355 2740 1410 Alexius
2789 1355 3028 1419 Branas,
3075 1353 3596 1424 imperio-affectam
3621 1394 3634 1417 ,
3670 1352 3822 1424 Gou-

2250 1448 2665 1517 stantlnopolim
2697 1461 2954 1502 reversus
2983 1447 3218 1501 obsedit.
3255 1445 3455 1500 Verum
3494 1460 3604 1498 non
3639 1446 3820 1497 multo

2251 1551 2405 1611 post,
2435 1540 2592 1595 irrito
2621 1548 2820 1594 conatu
2849 1579 2864 1604 ,
2892 1555 3063 1594 catsus
3086 1550 3169 1593 est
3196 1554 3295 1608 per
3333 1537 3644 1593 Conradum
3681 1531 3832 1590 Maro

2253 1633 2508 1686 chionem
2539 1630 3099 1686 M'ontisferratensem
3131 1649 3143 1684 :
3177 1631 3266 1684 cui
3291 1628 3525 1684 Ctesaris
3552 1629 3821 1682 honorem

579 1720 706 1774 nico
737 1733 962 1786 prorsus
993 1718 1342 1772 adversante.
1378 1719 1728 1788 Quapropter
1757 1719 1992 1772 consilio
2022 1734 2151 1788 pro-

2262 1721 2556 1792 imperator
2593 1722 2903 1787 detulerat,
2951 1721 3070 1776 viro
3111 1721 3270 1776 valde
3322 1731 3548 1776 strenuo
3573 1732 3630 1776 et
3658 1720 3823 1784 forti,

557 1810 705 1880 'prio
736 1810 1051 1880 Stephanus
1092 1809 1766 1881 Hagiochristophorites,
1817 1810 2152 1865 immanissi-

581 1919 711 1957 mus
754 1901 1058 1957 Andronici
1108 1904 1379 1958 scelerum
1427 1905 1772 1968 administer,
1819 1903 1886 1957 ad
1937 1903 2152 1957 interfl-

582 1989 839 2048 ciendum
893 1995 1163 2050 lsaacium
1210 2005 1386 2050 semet
1427 1997 1700 2067 accingit:
1745 1995 1839 2065 qui
1888 2005 2149 2066 tanquam

581 2087 635 2140 in
692 2103 751 2142 re
803 2087 1135 2156 desperata,
1199 2087 1541 2157 Stephanum
1601 2096 1996 2151 antevertens,
2051 2099 2154 2142 sua

583 2195 749 2232 manu
801 2181 1044 2234 coniicit;
1094 2180 1303 2234 Deinde
1349 2180 1415 2234 ad
1458 2181 1703 2250 Magnam
1750 2180 2043 2234 ecclesiam
2094 2193 2155 2233 se

584 2271 894 2338 recipiens,
948 2269 1135 2338 populi
1184 2269 1514 2324 confluentis
1559 2284 1720 2338 opem
1770 2269 2052 2338 implorat.
2103 2269 2157 2323 is

587 2377 720 2416 vero
751 2362 922 2431 magis
953 2377 1016 2416 ac
1050 2362 1226 2424 magis
1250 2371 1426 2416 semet
1453 2376 1706 2424 arm-aus,
1739 2361 2009 2415 lsaacium
2042 2360 2159 2414 An-

587 2455 769 2524 gelqu
803 2455 1190 2523 imperatorem
1229 2453 1566 2523 proclamat,
1593 2463 1647 2508 et
1672 2452 1738 2507 ad
1773 2451 2034 2522 palatium
2065 2450 2163 2505 de-

583 2545 756 2600 ducit.
803 2545 933 2598 inde
975 2544 1126 2598 missi
1172 2545 1474 2608 satellites,
1523 2543 1617 2612 qui
1667 2542 2043 2596 Andronicum
2077 2540 2158 2592 fu-

585 2640 821 2709 gientem
851 2645 1343 2708 persequerentur.
1371 2635 1702 2689 Pervenerat
1731 2635 1820 2688 ille
1847 2649 1971 2686 eum
2001 2635 2155 2686 Anna

585 2720 849 2802 conjuge,
887 2745 952 2784 ac
981 2737 1170 2782 scorto
1201 2727 1438 2796 quodam
1476 2725 1682 2781 Chelen
1705 2766 1718 2788 ,
1752 2725 1818 2778 ad
1852 2725 2156 2795 Tauroscy-

589 2824 712 2878 thas
758 2823 909 2876 illinc
940 2821 1295 2890 trajecturus.
1326 2818 1431 2872 Sed
1471 2818 1700 2871 marinis
1735 2817 2159 2885 tempestatibus

589 2915 918 2985 alioquoties
945 2913 1002 2967 in
1026 2913 1181 2967 littus
1213 2912 1441 2982 ejectus,
1467 2927 1496 2965 a
1525 2911 1972 2980 persecutoribus
2005 2925 2156 2964 com-

537 2989 541 2994 ’
589 3006 899 3076 prehensus
927 3015 1034 3059 cst.

654 3100 732 3153 Ad
768 3099 1032 3152 lsaacium
1065 3098 1332 3166 perducto
1355 3137 1368 3160 ,
1402 3103 1524 3164 post
1557 3096 1734 3148 varias
1766 3093 2159 3158 contumelias,

585 3191 776 3243 dextra
820 3189 1158 3258 praeciditur.
1203 3190 1332 3242 Post
1371 3189 1580 3255 aliquot
1623 3186 1744 3240 dies
1793 3186 1965 3239 altero
1997 3169 2160 3238 oculo

585 3282 832 3340 effosso,
884 3279 1137 3333 scabioso
1188 3279 1400 3333 camelo
1453 3277 1780 3350 impositus,
1837 3293 1940 3345 per
1982 3277 2160 3329 forum

591 3371 858 3439 triumphi
917 3369 1099 3438 Specie
1147 3370 1479 3424 traducitttr.
1531 3369 1673 3422 Tum
1721 3384 1850 3448 vero
1900 3369 2154 3422 nonnulli

589 3464 773 3516 clavas
802 3461 854 3514 in
887 3471 1052 3530 caput
1081 3461 1201 3532 ejus
1229 3461 1534 3530 impingere
1558 3476 1572 3524 ;
1601 3460 1691 3512 alii
1721 3469 1966 3515 stercore
1997 3475 2162 3516 nares

588 3558 711 3624 ejus
750 3553 999 3615 ftedare;
1030 3552 1123 3607 alii
1155 3551 1415 3622 spongias
1458 3549 1826 3605 excrementis
1869 3550 2161 3604 hominum

592 3645 978 3712 pecudumque
1028 3642 1263 3712 repletas
1311 3641 1366 3694 in
1417 3641 1612 3696 faciem
1657 3641 1777 3710 ejus
1807 3642 2162 3711 exprimere;

591 3735 684 3790 alii
713 3735 897 3789 verbis
923 3734 1198 3788 obsoceuis
1241 3741 1497 3803 parentes
1524 3733 1695 3801 ipsius
1723 3733 2016 3790 insectari:
2047 3735 2168 3804 qui-

589 3827 717 3882 dam
777 3824 1019 3879 verubus
1066 3824 1238 3879 latera
1289 3839 1576 3894 pungere;
1627 3838 1872 3880 scortum
1925 3826 2166 3895 denique

591 3917 870 3989 quoddam
920 3917 1212 3987 impudens
1259 3917 1425 3972 ollam
1481 3917 1717 3971 ferventi
1774 3933 1915 3988 aqua
1947 3919 2162 3995 plenam

539 4072 544 4077 _
591 4013 647 4068 in
679 4011 873 4066 faciem
903 4012 1021 4082 ejus
1045 4009 1258 4065 effudit.
1292 4009 1406 4064 Hoc
1438 4010 1599 4064 modo
1627 4010 1900 4066 deductus
1932 4012 1988 4064 in
2017 4013 2170 4066 thea-

591 4115 737 4160 trum
757 4145 771 4168 ,
810 4104 1044 4174 pedibus
1073 4103 1202 4158 fune
1231 4103 1502 4173 colligatis
1532 4103 1910 4171 suiSpenditur.
1942 4104 2168 4158 Interim

593 4199 711 4266 ipse
743 4195 1016 4250 clamabat
1038 4236 1052 4260 ,
1087 4195 1340 4258 Domine,
1374 4194 1670 4260 miserere;
1707 4195 1838 4247 item
1864 4237 1878 4260 ,
1913 4195 2054 4261 Quid
2082 4210 2171 4250 ca-

592 4289 796 4342 lamum
837 4287 1136 4341 contritum
1182 4285 1528 4355 infringitis?
1573 4286 1687 4341 Nec
1725 4287 1907 4342 adhuc
1941 4296 2172 4342 conten-

2256 1814 2513 1869 maximis
2555 1813 2946 1884 largitionibus
2985 1828 3052 1867 ex
3092 1813 3245 1868 Italia
3287 1811 3824 1880 ConstantinOpolim

2254 1915 2498 1970 evocato,
2525 1913 2585 1958 ut
2615 1904 2960 1961 Theodoram
2989 1903 3336 1974 imperatoris
3357 1917 3604 1958 sororem
3633 1901 3824 1956 matri-

2256 1998 2442 2053 monio
2475 1999 2582 2053 sibi
2611 1998 2888 2069 jungeret.
2925 1996 3186 2065 Ejusdem
3219 2010 3385 2064 supra
3416 2009 3639 2064 quoque
3672 1993 3823 2046 facta

2257 2100 2340 2145 est
2368 2091 2595 2156 mentio,
2627 2090 2772 2160 quod
2799 2089 3176 2160 Moguntinum
3205 2089 3390 2159 przelio
3418 2088 3622 2142 victum
3657 2099 3831 2154 cepe-

2257 2183 2348 2236 rit.
2382 2182 2611 2237 Mortem
2635 2182 2773 2237 obiit
2803 2183 3176 2246 immaturam,
3211 2197 3305 2248 per
3336 2179 3586 2234 fraudem
3619 2194 3651 2232 a
3679 2177 3832 2232 Cha-

2257 2273 2340 2328 sio
2389 2275 2623 2344 quodam
2673 2274 2890 2328 occisus
2922 2274 2976 2327 in
3009 2273 3292 2328 Palaestina
3315 2313 3330 2338 ,
3375 2271 3468 2325 ubi
3502 2269 3829 2341 prarelarum

2257 2365 2476 2419 virtutis
2503 2373 2566 2420 et‘
2605 2364 2910 2434 prudentiae
2938 2365 3251 2434 specimen,
3275 2365 3438 2434 loppe
3464 2363 3650 2433 (quam
3681 2373 3836 2414 nunc

2258 2457 2519 2511 Acconen
2548 2457 2782 2527 vocant)
2811 2467 2872 2512 et
2901 2457 3025 2512 aliis
3057 2457 3275 2526 Oppidis
3305 2455 3634 2525 expugnatis
3656 2495 3671 2518 ,
3706 2467 3828 2506 ma-

2259 2562 2366 2616 gno
2422 2563 2546 2602 cum
2613 2533 2822 2601 terrore
2858 2547 3250 2602 Saracenorum
3284 2546 3554 2601 ediderat.
3586 2542 3838 2598 Durante

2261 2641 2444 2696 adhuc
2493 2640 2638 2695 bello
2679 2649 2870 2696 contra
2901 2640 3139 2695 Vlachos
3169 2681 3182 2705 ,
3241 2639 3562 2693 Theodorus
3612 2637 3834 2706 Manga-

2261 2734 2398 2804 pbas
2425 2774 2442 2798 ,
2497 2747 2661 2803 quem
2709 2731 3190 2788 Morothcodorum
3224 2731 3486 2802 deinceps
3517 2737 3785 2783 vocarunt
3814 2766 3841 2790 ν

2262 2833 2526 2894 occupata
2574 2823 2754 2894 patria
2787 2815 2884 2878 sua
2915 2823 3288 2892 Philadelphia
3317 2864 3330 2887 ,
3380 2821 3588 2875 frustra
3651 2820 3838 2888 impc—

2263 2917 2406 2970 rium
2461 2913 2758 2980 affectavit,
2809 2914 2864 2969 in
2913 2925 3210 2985 perpetuos
3260 2928 3515 2969 carceres
3565 2912 3832 2981 deinceps

2187 3036 2232 3095 α
2265 3007 2534 3062 inclusus.

2338 3098 2652 3154 Fridericus
2689 3113 2908 3168 quoque
2957 3104 3049 3153 rex
3093 3093 3484 3152 Alemanorum
3531 3097 3844 3167 expeditio-

2262 3206 2388 3245 nem
2425 3191 2666 3261 suscepit
2692 3230 2706 3253 ,
2751 3193 2818 3244 ad
2869 3191 3212 3261 eripiendam
3242 3191 3538 3246 Saracenis
3565 3190 3846 3260 Egyptiis

2264 3279 2626 3335 Palaestinam.
2673 3279 2785 3336 Hoc
2830 3281 2952 3350 ejus
3001 3282 3102 3336 iter
3153 3281 3392 3336 isaacius
3435 3292 3624 3336 contra
3675 3280 3844 3334 fidem

2265 3374 2448 3428 datam
2487 3359 2755 3442 impedire
2792 3373 3098 3429 conabatur
3121 3414 3134 3438 ,
3169 3372 3262 3427 sed
3295 3387 3420 3428 cum
3452 3371 3590 3427 nihil
3622 3371 3842 3426 edicere

2264 3482 2322 3522 se
2355 3467 2606 3531 videret,
2664 3468 2882 3522 tandem
2939 3467 3173 3520 liberum
3225 3466 3502 3520 Alemanis
3549 3466 3840 3519 transitum

2265 3558 2558 3615 concessit.
2584 3558 2796 3612 Enituit
2821 3567 2935 3612 tum
2957 3566 3080 3626 erga
3109 3556 3432 3625 peregrinos
3453 3553 3681 3624 insignis
3707 3552 3847 3606 Lao-

2267 3653 2576 3709 dicensium
2627 3651 3002 3721 hospitalitas.
3072 3652 3420 3719 Quapropter
3479 3649 3546 3702 iis
3593 3647 3856 3701 Alemani-

2269 3743 2604 3802 faustissima
2637 3756 2868 3811 quaeq/uc
2903 3749 3031 3796 sunt
3061 3757 3090 3794 a
3140 3740 3250 3794 Deo
3292 3739 3523 3808 precati,
3559 3749 3616 3793 et
3649 3737 3846 3792 Fride—

2270 3833 2415 3912 rieus
2445 3830 2562 3899 ipse
2610 3829 2866 3882 manibus
2915 3827 3201 3897 oculisque
3251 3827 3480 3880 sublatis
3510 3825 3565 3879 in
3601 3825 3802 3879 cmlum
3828 3865 3847 3890 ,

2273 3923 2508 3994 genibus
2533 3921 2686 3975 humi
2720 3921 2897 3985 flexis,
2933 3919 3145 3984 oravit,
3181 3928 3241 3974 ut
3271 3919 3530 3988 quidquid
3563 3918 3687 3972 vita:
3718 3933 3849 3986 pro-

2270 4016 2490 4078 desset,
2541 4012 2812 4083 quidquid
2865 4010 3065 4065 animis
3109 4011 3340 4064 salutem
3377 4009 3635 4074 afferret,
3671 4024 3700 4061 a
3739 4008 3850 4060 Deo

2271 4107 2644 4177 gubernatore
2689 4104 2854 4172 hujus
2903 4102 3282 4157 universitatis
3332 4100 3708 4169 impetrarent.
3745 4099 3854 4152 Ad-

2278 4200 2416 4270 jecit
2445 4199 2550 4269 hoc
2573 4213 2816 4266 quoque,
2838 4195 2884 4250 si
2908 4196 3126 4262 reliquae
3151 4184 3446 4263 provincia:
3471 4185 3852 4245 Romanorum

2277 4302 2385 4345 tam
2422 4287 2660 4360 benigne
2693 4286 2897 4343 Christi
2929 4285 3086 4357 341
3127 4285 3329 4339 milites
3372 4283 3740 4352 excepissent,
3796 4298 3858 4336 se

595 4391 683 4435 tus
709 4391 828 4434 erat
861 4379 1005 4449 vulgi
1043 4378 1218 4444 furor,
1251 4379 1570 4433 Andronico
1603 4385 1895 4448 Suspenso.
1927 4379 2060 4434 Nam
2093 4380 2169 4433 la~
2197 4383 2248 4442 ι)
2276 4381 2388 4436 illis
2421 4390 2477 4435 et
2503 4396 2637 4450 opes
2664 4394 2853 4434 secum
2900 4379 3090 4431 allatas
3118 4376 3471 4446 perlubenter
3498 4375 3667 4428 fuisse
3697 4373 3858 4428 datu-

593 4481 778 4524 cerata
804 4469 1072 4535 tunicula,
1101 4469 1281 4523 virilia
1308 4471 1428 4540 ejus
1454 4480 1646 4524 vexata
1679 4481 1841 4536 sunt;
1869 4480 1925 4526 et
1945 4471 2170 4542 quidam

595 4553 817 4632 longum
864 4576 1056 4618 ensem
1092 4577 1192 4630 per
1222 4561 1410 4616 fauce
1442 4563 1562 4634 ejus
1596 4563 1662 4617 ad
1703 4565 1966 4619 intestina
2001 4580 2171 4634 usque

598 4656 834 4726 trajecit.
872 4655 988 4710 Duo
1017 4668 1235 4724 quoque
1267 4653 1450 4708 Latini
1479 4657 1702 4725 generis
1724 4699 1737 4721 ,
1776 4673 1938 4712 enses
1971 4657 2168 4710 amba-

597 4751 700 4804 bus
751 4750 1005 4803 manibus
1049 4748 1102 4801 in
1141 4756 1296 4802 nates
1329 4749 1447 4819 ejus
1481 4750 1788 4820 adegerunt
1816 4789 1830 4811 .
1869 4761 1927 4804 ut
1958 4752 2176 4820 pericu-

595 4845 710 4897 lum
742 4842 1018 4904 facerent,
1049 4849 1168 4894 uter
1193 4851 1338 4897 esset
1365 4843 1602 4899 acutior.
1630 4845 1760 4898 Ρυει
1794 4853 1873 4898 tot
1899 4859 2174 4899 :crumnas

519 4925 534 4936 ’
596 4950 740 5005 aegre
765 4935 930 4988 vitam
981 4932 1240 5004 abrupit,
1268 4935 1491 4992 dextera
1520 4953 1642 4992 cum
1672 4937 1862 4990 dolore
1893 4935 1960 4990 ad
1993 4952 2054 4991 os
2085 4937 2180 4992 ad-

598 5035 746 5080 mota
776 5044 788 5080 :
823 5034 881 5080 ut
912 5027 1070 5080 multi
1103 5036 1399 5096 putarent,
1434 5046 1560 5084 eum
1589 5029 1824 5083 calidum
1857 5044 1920 5082 ex
1952 5046 2014 5084 ea
2048 5045 2176 5084 san-

601 5117 823 5186 guinem
855 5115 926 5168 ob
958 5126 1238 5171 recentem
1283 5117 1494 5186 plagam
1541 5116 1722 5170 adhuc
1765 5115 2177 5181 destillantem,

601 5221 887 5276 exsugere.
920 5205 1216 5274 imperavit
1247 5221 1422 5260 annos
1453 5207 1591 5260 duos
1613 5247 1627 5272 ,
1668 5221 1794 5260 cum
1847 5214 2007 5262 antea
2054 5223 2182 5276 quo-

603 5299 714 5367 que
759 5313 939 5352 rerum
986 5297 1192 5366 potitus
1241 5306 1389 5350 esset
1441 5296 1606 5350 unius
1652 5295 1782 5349 anui
1815 5297 2030 5366 spatio,
2062 5299 2183 5353 sine

607 5405 854 5461 purpura
891 5399 947 5444 et
975 5388 1312 5443 diademate.
1347 5387 1473 5441 Post
1503 5388 1621 5457 ejus
1657 5397 1890 5442 mortem
1922 5389 2017 5444 filii
2050 5404 2186 5463 quo-

607 5489 750 5553 que,
784 5483 1025 5537 Joannes
1065 5491 1123 5536 et
1152 5480 1373 5535 Mauucl
1399 5520 1412 5543 ,
1449 5480 1635 5534 cmcati
1669 5480 1974 5550 perierunt.

687 5577 828 5630 llinc
865 5574 1108 5651 lsaajcius
1150 5575 1206 5629 in
1252 5573 1627 5645 profligandos
1655 5575 1871 5632 Siculos
1901 5576 2146 5632 intentus
2169 5617 2182 5640 ,

614 5671 704 5742 qui
732 5671 842 5742 jam
870 5667 1347 5741 Constantinopoli
1383 5669 1544 5726 etiam
1577 5670 1938 5728 imminebant
1959 5669 2188 5741 ,‘c0piis

2273 4489 2386 4538 ros,
2418 4481 2727 4529 commeatu
2766 4479 2951 4540 pacate
2985 4478 3234 4538 accepto,
3283 4477 3338 4522 et
3390 4468 3528 4521 fines
3578 4467 3872 4521 Romanos

2269 4565 2597 4635 jampridem
2633 4563 2802 4618 fuisse
2845 4563 3196 4623 transituros,
3241 4561 3412 4616 hastis
3445 4560 3648 4614 nullius
3693 4559 3858 4612 Chri-

2273 4658 2436 4710 stiani
2469 4657 2734 4726 sanguine
2769 4655 3176 4710 contaminatis.
3206 4652 3344 4708 Cum
3391 4660 3573 4705 autem
3609 4650 3859 4704 Frideri-

2237 4799 2242 4804 .
2277 4743 2377 4802 c'us
2411 4749 2696 4817 ingressus
2728 4763 2917 4818 agrum
2949 4745 3250 4801 lconiensis
3280 4743 3501 4804 sultaui.
3529 4745 3621 4811 qui
3651 4751 3706 4795 et
3739 4743 3862 4810 ipse

2279 4848 2529 4911 pacatqu
2557 4839 2607 4894 ei
2636 4841 2925 4892 transitum
2954 4844 3324 4894 concesserat.
3352 4844 3543 4887 contra
3575 4833 3733 4886 fidem
3763 4834 3864 4885 da.

2278 4941 2388 4987 tam
2427 4931 2726 4986 violaretur
2749 4973 2762 4994 ,
2801 4931 3016 4984 duobus
3057 4929 3259 4998 prazliis
3295 4927 3538 4988 Turcos,
3571 4925 3638 4978 ad
3673 4923 3865 4978 Philo-

2236 5036 2252 5048 ‘
2281 5025 2502 5078 melium
2530 5033 2583 5078 et
2611 5022 3009 5092 (Singularium,
3044 5023 3123 5075 sic
3156 5017 3490 5090 prostravitj,
3519 5028 3577 5072 ut
3617 5026 3675 5071 et
3710 5018 3863 5072 cclc-

2281 5117 2399 5171 bris
2431 5125 2485 5169 et
2516 5113 2886 5169 formidabilis
2920 5111 3060 5180 apud
3097 5111 3392 5165 orientales
3437 5110 3687 5162 nationes
3724 5123 3867 5161 cva-

2283 5208 2439 5262 deret
2471 5226 2484 5260 :
2519 5206 2817 5276 przesertim
2848 5215 3200 5274 posteaquam
3234 5217 3345 5255 non
3395 5201 3555 5269 longo
3594 5201 3864 5266 temporis

2287 5299 2575 5370 intcrjecto
2628 5299 2804 5367 spatio
2858 5294 3284 5350 (onsimililibus
3341 5292 3564 5345 eosdem
3609 5290 3868 5345 cladibus

2286 5392 2430 5462 apud
2466 5392 2642 5460 ipsum
2691 5390 2937 5444 lcouiunt
2989 5387 3286 5447 affecisset,
3337 5383 3495 5452 quod‘
3533 5383 3584 5437 ei
3627 5398 3685 5436 sc
3733 5399 3866 5436 mox

2288 5483 2520 5538 dedidit.
2569 5481 2714 5538 Urbe
2765 5480 2922 5550 potiti
2976 5477 3244 5540 Alcmani,
3309 5477 3466 5530 tectis
3528 5474 3868 5530 suburbanis

2288 5572 2557 5636 contenti,
2586 5583 2640 5626 ct
2667 5582 2974 5626 commeatu
3004 5571 3195 5624 saltem
3237 5567 3444 5632 ablato,
3477 5567 3613 5621 citra
3649 5566 3870 5620 malefi-

2293 5667 2439 5724 cium
2488 5650 2882 5720 discesseruut.
2926 5663 3063 5720 llinc
3111 5663 3178 5718 ab
3226 5661 3508 5718 Armeniis
3555 5659 3867 5716 honorifice
