4154 6200
277 286 384 354 633

1624 291 1801 350 CON'l
1823 291 2164 353 INUATiO.

3435 290 3536 352 6'14

278 412 589 468 susceptus,
627 401 970 457 Antiochiam
1009 399 1092 458 ire
1133 403 1187 458 in
1248 404 1429 459 animo
1470 404 1732 468 habebat,
1768 421 1860 457 an-
1892 414 1932 466 Α
1966 420 2072 457 non
2108 404 2368 473 expertis,
2420 412 2475 459 et
2526 403 2862 457 imminentis
2902 404 3098 468 ruinte,
3134 420 3400 475 numque
3437 406 3536 458 ho—

278 503 539 561 geseentc
585 494 761 549 indies
795 495 896 571 viri
942 496 1133 565 gloria,
1171 509 1228 551 et
1274 497 1496 552 nomine
1554 498 1846 557 illustrato,

285 593 401 635 tum
431 583 501 637 ob
534 585 902 653 prudentiam,
938 596 1049 640 tum
1087 598 1309 656 propter
1344 590 1606 642 invictum
1639 589 1851 641 exerci-

282 682 421 737 tum,
451 674 525 726 ita
560 684 618 728 ut
647 676 827 729 nullus
859 676 1032 730 hostis
1065 694 1189 731 eum
1219 692 1285 731 eo
1312 679 1567 746 congredi
1599 678 1850 731 auderet.

280 764 418 816 Cum
461 774 640 818 autem
678 766 743 818 ad
775 766 999 820 fluvium
1027 768 1316 836 quemdam
1350 770 1703 837 pervenisset,
1730 784 1855 821 vor-

279 856 484 933 ticibus
522 871 786 926 aquarum
818 858 1149 913 suﬂ‘ocatnr:
1186 860 1270 912 vir
1300 861 1618 913 honestaet
1653 875 1853 928 perpe«

280 960 376 1003 tua
407 951 667 1004 memoria
709 952 906 1021 dignus
931 991 946 1016 ,
974 963 1038 1006 et
1065 953 1270 1022 judicio
1300 952 1632 1021 prudentum
1665 951 1748 1003 vel
1799 950 1850 1003 in

282 1039 377 1092 tali
407 1041 559 1094 obitu
593 1041 742 1103 felix,
786 1058 894 1095 non
933 1058 1000 1096 eo
1058 1051 1291 1107 tantum,
1327 1042 1472 1112 quod
1500 1042 1668 1115 nobili
1699 1049 1854 1094 ortus

281 1146 486 1199 genere
510 1173 524 1195 ,
568 1132 775 1185 avitum
830 1120 1210 1201 imperiumin
1246 1134 1443 1188 multas
1472 1142 1661 1204 gentes
1711 1130 1855 1185 obti-

279 1218 427 1283 nuit,
488 1219 583 1273 sed
617 1220 688 1273 ob
720 1221 852 1274 illud
887 1224 1091 1291 potius,
1131 1225 1276 1293 quod
1320 1224 1460 1278 ultra
1507 1237 1699 1277 omnes
1734 1237 1854 1276 om-

277 1308 435 1362 nium
467 1313 708 1379 gentium
742 1309 1187 1366 Christianarum
1217 1314 1497 1382 principes
1524 1312 1727 1367 Christi
1756 1312 1855 1366 de-

278 1402 764 1471 siderio'llagrans,
818 1403 1019 1471 patria,
1065 1404 1278 1458 deliciis
1323 1405 1507 1473 regiis,
1544 1404 1853 1473 tranquilli-

278 1502 413 1561 tate,
453 1492 613 1545 beata
657 1492 802 1546 domi
834 1493 1182 1561 superbaque
1211 1508 1332 1547 cum
1365 1490 1706 1549 eharissimis
1744 1494 1854 1547 vita

274 1583 566 1651 despectis,
601 1598 722 1636 cum
750 1582 1080 1639 Christianis
1105 1585 1402 1639 PalteStina:
1434 1586 1627 1640 indolis
1657 1601 1855 1639 aerum-

276 1689 374 1727 nas
394 1674 629 1727 tolerare
660 1675 876 1728 maluit.
902 1677 1061 1730 Patre
1087 1685 1323 1739 mortuo,
1356 1676 1501 1731 filius
1526 1677 1850 1730 Laodiceam

1955 496 2114 548 stilis.
2148 496 2274 549 Post
2308 496 2422 548 haec
2456 496 2756 565 imperator
2788 494 2976 565 Angcli
3012 508 3395 565 cognomento,
3425 498 3541 563 sive

1957 596 2017 639 ut
2052 587 2344 640 lmmiliorc
2371 626 2386 653 ,
2432 589 2548 641 sive
2590 598 2647 640 ut
2678 588 2946 642 abolendo
2980 589 3105 641 cum
3130 586 3328 649 fratre,
3368 602 3535 655 repu—

1955 679 2135 743 diato,
2172 678 2483 734 Comnenus
2532 682 2792 749 appellari
2842 681 3035 734 voluit.
3090 680 3221 732 Tota
3274 680 3395 747 ejus
3426 681 3536 733 vita

1946 766 2139 824 ,tnollis
2185 766 2325 831 fuit,
2378 777 2433 822 et
2467 780 2732 837 perpetuo
2794 784 2982 822 socors
3012 770 3312 837 ingenium.
3341 768 3535 823 Omnia

1958 856 2025 910 de
2060 858 2424 926 imperatricis
2462 860 2731 913 sententia
2763 860 2876 913 fere
2906 859 3259 927 gerebantur,
3296 861 3455 929 cujus
3481 871 3539 913 et

1956 948 2130 1001 virilis
2176 958 2293 1003 crat
2339 951 2577 1015 animus,
2606 959 2661 1003 et
2692 949 3034 1018 providentia
3070 950 3385 1020 singularis,
3439 953 3535 1005 sed

1957 1039 2234 1107 impudica
2286 1040 2445 1107 plane
2480 1041 2613 1103 vita,
2647 1055 2768 1107 qua:
2815 1055 2949 1094 sane
3000 1040 3222 1095 infamia
3274 1041 3533 1094 maritum

1956 1144 2173 1199 quoque
2201 1130 2620 1185 dehonestabat.
3552 1184 3557 1189 .

2020 1219 2146 1273 Hoc
2178 1229 2422 1289 tempore
2450 1234 2543 1273 rex
2573 1219 2963 1274 Alemanorum
2999 1218 3342 1287 Ammerigus
3365 1217 3538 1288 [lien-

1958 1310 2156 1381 ricus],
2186 1311 2451 1366 Friderici
2477 1312 2641 1375 tilius,
2670 1321 2896 1380 paterno
2918 1310 3228 1380 principatu
3252 1320 3534 1379 suscepto,

1960 1402 2148 1457 Sicilia
2171 1412 2226 1457 et
2251 1402 2400 1456 ltalia
2445 1401 2707 1467 subactis,
2733 1404 2954 1457 .Crazcos
2988 1402 3332 1466 lacessebat;
3368 1418 3542 1470 quan-

1957 1495 2217 1563 quamvab
2247 1494 2567 1549 adversario
2595 1509 2719 1560 suo,
2746 1510 2883 1563 papa
2902 1494 3089 1548 Romae
3112 1495 3332 1559 veteris,
3359 1494 3428 1547 ab
3450 1495 3539 1547 in-

1959 1584 2159 1638 stituto
2183 1585 2577 1639 retraheretur.
2608 1586 2927 1639 Postulabat
2943 1593 3126 1639 autem
3146 1585 3249 1639 sibi
3271 1601 3374 1654 per
3390 1587 3538 1655 lega-

1960 1685 2047 1729 tos
2076 1675 2291 1729 restitui
2315 1674 2589 1730 Romanas
2615 1676 2925 1745 provincias
2950 1676 3019 1729 ab
3043 1676 3349 1744 Epidamno
3367 1676 3540 1730 Thes-

278 1767 335 1817 in
389 1764 687 1834 Ccelcsyria
717 1804 730 1828 ,
760 1764 1021 1835 Berytum
1052 1805 1066 1830 ,
1100 1765 1347 1834 aliasque
1381 1767 1633 1820 civitates
1672 1764 1845 1835 Syriae
1880 1765 1924 1821 Β
1953 1767 2256 1821 salonicatn
2279 1782 2475 1831 usque,
2498 1777 2756 1836 tanquam
2786 1767 2913 1822 belli
2940 1767 3065 1837 jure
3094 1782 3317 1835 nupera
3336 1766 3540 1821 Siciliae

277 1856 517 1927 subegit,
550 1872 613 1910 ac
643 1855 892 1924 pluribus
920 1872 1019 1926 pro
1045 1855 1248 1911 Christi
1300 1856 1523 1911 nomine
1567 1856 1851 1911 laboribus

280 1947 588 2012 exhaustis,
619 1956 925 2001 extremum
952 1946 1019 2009 ad
1044 1946 1340 2012 Acconem,
1360 1961 1519 2015 quam
1542 1945 1851 2006 obsidebat,

278 2040 407 2094 vitae
438 2039 583 2093 diem
617 2039 835 2093 clausit.
871 2037 1158 2093 Exercitus
1188 2039 1432 2107 reliquus
1464 2038 1700 2093 navibus
1721 2052 1851 2093 suo-

281 2147 405 2185 rum
434 2131 560 2201 Tyri
589 2130 928 2194 conscensis,
961 2129 1253 2185 incolumis
1280 2129 1347 2184 ad
1374 2143 1503 2184 suos
1525 2130 1708 2185 rediit.

348 2221 460 2275 Nec
493 2220 742 2273 Alemani
790 2219 1057 2275 duntaxat
1120 2221 1226 2275 hoc
1273 2228 1517 2290 tempore
1565 2220 1852 2275 Saracenis

278 2312 373 2381 qui
406 2311 746 2365 Palaestinam
772 2320 1140 2381 occuparent,
1195 2326 1345 2364 arma
1386 2311 1712 2376 intulerunt,
1751 2310 1848 2365 sed

279 2405 443 2459 etiam
480 2403 812 2457 Francorum
835 2404 1251 2474 Anglorumque
1283 2418 1438 2473 reges
1469 2404 1680 2474 magnis
1713 2405 1853 2457 clas-

280 2495 438 2549 sibus
473 2493 675 2564 Tyrum
719 2495 1069 2564 appulerunt.
1103 2494 1353 2563 Cumque
1403 2494 1708 2550 Saracenos
1754 2509 1853 2550 nec

278 2586 385 2655 ipsi
426 2586 561 2640 urbe
592 2594 777 2639 sancta
805 2586 1008 2654 pellere
1034 2594 1283 2654 possent,
1318 2584 1541 2639 infectis
1570 2588 1736 2640 rebus
1758 2586 1856 2641 do-

282 2694 436 2732 mum
472 2686 835 2733 reverterunt.
867 2678 926 2732 In
953 2678 1149 2731 itinere
1183 2686 1362 2731 tamen
1386 2679 1589 2748 Anglus
1612 2677 1853 2748 Cyprum

279 2770 592 2839 occupavit,
612 2778 777 2839 capto
802 2770 1011 2825 lsaacio
1037 2769 1317 2824 Comneno
1357 2782 1609 2841 tyranno,
1651 2770 1719 2824 de
1746 2784 1855 2839 quo

278 2879 447 2931 supra
482 2860 719 2915 diximus
755 2878 768 2914 :
804 2862 1150 2932 insulamque
1196 2877 1293 2931 pro
1327 2878 1424 2917 sua
1454 2862 1852 2931 Hierosolymi-

280 2962 411 3007 tzuio
442 2953 553 3022 regi
589 2954 832 3017 donavit,
872 2963 927 3008 ut
984 2954 1061 3007 ibi
1107 2954 1309 3007 amisso
1362 2970 1527 3023 regno
1559 2954 1852 3007 habitaret.

274 3044 548 3100 C:eterum
589 3062 696 3099 non
726 3046 935 3100 crebrae
967 3054 1179 3101 tantum
1213 3045 1514 3100 seditiones
1544 3047 1854 3099 multorum

1956 1872 2085 1927 rege
2122 1856 2407 1919 subactas,
2440 1857 2531 1911 cui
2564 1872 2709 1911 nunc
2737 1858 2852 1927 ipse
2883 1857 3264 1913 successisset.
3286 1856 3542 1912 Addebat

1954 1943 2193 2000 offensas
2222 1954 2499 2012 paternas,
2548 1944 2694 2012 quod
2729 1945 3031 2014 imperator
3078 1944 3294 2001 Manuel
3341 1959 3539 2014 papam

1954 2036 2143 2089 Roma:
2176 2035 2380 2091 veteris
2410 2047 2596 2091 contra
2624 2036 2964 2092 Fridericum
3004 2037 3338 2093 cencitasset
3365 2046 3421 2092 et
3452 2052 3539 2091 ar-

1956 2134 2181 2179 masset.
2215 2126 2406 2195 Itaque
2436 2128 2839 2193 denuntiabat,
2889 2127 3153 2193 Romanis
3206 2138 3304 2182 aut
3341 2141 3536 2197 pacem

1958 2213 2193 2267 maxima
2248 2215 2484 2282 pecunia
2533 2215 2934 2281 redimendam,
2974 2223 3069 2268 aut
3104 2215 3316 2269 bellum
3352 2216 3540 2269 statim

1958 2304 2323 2364 tolerandum.
2352 2303 2483 2369 Qua:
2503 2313 2687 2359 autem
2711 2304 2941 2373 pecunia
2969 2305 3121 2374 pacis
3141 2304 3364 2360 nomine
3389 2321 3536 2375 quo-

1960 2396 2138 2450 tannis
2163 2395 2326 2465 pendi
2353 2395 2745 2464 deberet,rauri
2776 2397 3114 2451 centottariis
3136 2380 3538 2468 quinquaginta

1955 2489 2225 2558 principio
2255 2489 2523 2543 aestimata
2552 2528 2566 2553 ,
2612 2495 2959 2557 postremum
2987 2490 3054 2541 ad
3089 2490 3440 2544 centen’arios
3476 2490 3541 2541 l6

1958 2580 2175 2634 redacta
2199 2588 2284 2634 est
2309 2598 2323 2632 :
2350 2595 2488 2649 quos
2531 2589 2590 2634 ut
2624 2580 2849 2635 Alexius
2872 2581 3205 2643 exsolveret,
3240 2582 3542 2649 imperato-

1957 2686 2081 2725 rum
2110 2673 2378 2741 sepulcris
2413 2672 2683 2741 spoliatis,
2722 2672 2791 2725 ad
2828 2671 2893 2725 70
2932 2672 3291 2726 centenarios
3322 2671 3536 2740 argenti
3603 2696 3625 2706 ο

1957 2771 2013 2816 et
2069 2763 2187 2816 auri
2216 2763 2467 2818 nonnihil
2504 2764 2758 2818 corrasit.
2783 2764 2985 2819 Verum
3015 2773 3334 2833 antequam
3369 2778 3539 2832 pecu-

1961 2853 2050 2907 nia
2087 2854 2423 2918 mitteretur,
2453 2854 2755 2909 Alemania:
2786 2870 2882 2909 rex
2909 2865 3119 2909 natura:
3142 2855 3386 2909 debitum
3418 2870 3543 2923 per-

1956 2945 2140 3011 solvit,
2181 2959 2304 3001 cum
2371 2945 2699 3015 gravissime
2729 2947 2782 3001 in
2815 2944 3049 3011 Siculos,
3075 2946 3168 3015 qui
3211 2946 3539 3001 seditionem

1963 3035 2322 3099 coneitarant,
2409 3034 2908 3089 animadvertisset.
2978 3034 3255 3089 Factionis
3304 3035 3538 3104 quidem

276 3135 763 3219 quir-aﬂ'eetabant
796 3136 1109 3205 imperium,
1152 3135 1419 3189 lsaacium
1465 3136 1795 3195 exercebant
1829 3149 1842 3186 :
1881 3103 1923 3159 θ
1960 3119 2262 3189 Pri“:in
2302 3129 2359 3174 ει
2393 3135 2574 3190 regem
2606 3121 2876 3176 delecmm
2939 3137 3140 3178 εοτοηίι
3194 3124 3360 3192 jussu
3403 3124 3542 3177 ἔπιθ’

226 3237 241 3245 ‘
276 3228 375 3282 sed
409 3229 573 3282 etiam
609 3229 941 3283 Ylachorum
973 3229 1123 3283 natio
1157 3244 1467 3298 progressa,
1499 3228 1740 3281 munitas
1765 3243 1855 3281 ur-

276 3321 381 3372 bes
406 3319 719 3374 invadebat.
743 3321 1068 3375 Anchialum
1097 3321 1242 3373 enim
1276 3320 1585 3383 vastabant,
1618 3320 1854 3374 Varnam

277 3410 645 3477 subigebant,
695 3412 1027 3466 Triaditzam
1068 3412 1181 3465 sive
1224 3410 1504 3465 Sardicam
1554 3409 1851 3472 delebant.

275 3498 532 3569 Stnmpio
558 3502 704 3557 cives
735 3504 1044 3572 ejiciebant.
1082 3501 1323 3554 Tandem
1381 3503 1434 3554 in
1486 3500 1845 3569 expeditione

270 3602 469 3647 contra
501 3590 753 3660 Vlachos,
781 3594 1069 3664 magnifico
1100 3600 1516 3662 cumapparatu
1552 3601 1808 3661 suscepta
1836 3630 1849 3653 ,

270 3699 400 3738 cum
434 3685 711 3738 venationi
763 3695 910 3741 esset
959 3687 1205 3739 intentus
1268 3683 1529 3748 lsaacius,
1564 3684 1632 3737 ab
1666 3682 1854 3736 Alexio

270 3776 465 3839 fratre,
494 3775 560 3829 de
589 3791 699 3844 quo
733 3792 838 3829 non
869 3783 1082 3830 tantum
1115 3775 1252 3829 nihil
1286 3776 1412 3829 mali
1445 3774 1851 3844 suspicabatur,

271 3869 374 3922 sed
395 3870 559 3922 etiam
578 3883 844 3922 summam
865 3869 965 3923 sibi
989 3869 1315 3923 eharitatem
1338 3868 1854 3935 observantiamque

272 3960 658 4029 pollicebatur,
715 3970 784 4016 et.
827 3960 1001 4015 oculis
1052 3968 1107 4015 et
1154 3961 1385 4029 imperio
1435 3959 1702 4028 spoliatus
1746 3966 1850 4010 est.

268 4051 573 4119 Imperavit
615 4067 790 4107 annos
835 4051 888 4114 9,
922 4066 1138 4106 menses
1172 4051 1237 4118 8,
1288 4050 1533 4105 nondum
1581 4064 1756 4106 annos
1787 4049 1853 4103 40

270 4160 311 4198 ιι
342 4152 463 4214 tus,
495 4158 618 4198 cum
650 4159 876 4214 regnum
914 4144 1213 4198 amitteret.
1736 4205 1743 4209 4

330 4212 574 4289 θΑΙθχίυς
605 4234 914 4303 imperator
945 4234 999 4288 in
1028 4234 1225 4288 castris
1256 4234 1602 4303 designatus,
1638 4231 1848 4286 omisso

269 4338 474 4385 contra
505 4327 736 4382 Vlachos
769 4325 932 4392 bello,
958 4324 1491 4394 Constantinopolim
1539 4324 1710 4379 redit:
1746 4323 1847 4376 ubi

1960 3228 2062 3267 nea
2100 3213 2370 3278 redimiri,
2404 3228 2526 3283 quae
2554 3229 2681 3268 cum
2718 3214 2948 3270 haberet
2977 3221 3217 3283 quatuor
3244 3215 3538 3276 foramina,

1956 3319 2055 3373 per
2073 3318 2135 3358 ea
2165 3305 2390 3359 totidem
2421 3307 2592 3362 clavis
2623 3306 2787 3376 capiti
2810 3308 2929 3377 ejus
2949 3314 3034 3361 est
3057 3306 3234 3361 aﬂixa.
3259 3305 3413 3371 Quod
3441 3307 3549 3360 ubi.
3578 3352 3579 3357 η

1954 3394 2160 3449 factum
2212 3395 2406 3451 fuisset
2444 3416 2457 3450 :
2490 3398 2687 3460 Habes,
2725 3397 2802 3449 ait
2849 3397 3228 3461 Ammericus,
3272 3410 3534 3451 coronam

1955 3502 2119 3556 quam
2143 3498 2372 3543 venatus
2400 3504 2459 3545 es
2480 3507 2494 3554 ;
2519 3503 2681 3543 nemo
2709 3489 2807 3543 tibi
2834 3489 2975 3544 hanc
2999 3489 3228 3543 invidet.
3250 3475 3417 3559 342
3441 3489 3537 3543 ille

1956 3592 2087 3633 vero
2116 3594 2240 3634 mox
2271 3580 2463 3634 oborta
2490 3581 2780 3650 vertigine,
2813 3581 2961 3635 humi
3002 3581 3312 3652 prolapsus,
3353 3582 3540 3650 exspi-

1957 3673 2120 3726 ravit.
2149 3671 2320 3740 Capta
2351 3670 2543 3726 Sicilia
2569 3709 2585 3735 ,
2612 3686 2746 3726 cum
2776 3673 2992 3728 caeteris
3022 3673 3182 3729 lrene
3215 3673 3404 3728 lsaacii
3435 3674 3539 3728 im-

1956 3764 2229 3833 peratoris
2261 3763 2370 3818 ﬁlia
2398 3763 2611 3834 captiva
2643 3772 2727 3818 est
2754 3763 3014 3830 abducta,
3042 3774 3098 3820 et
3123 3764 3396 3834 desponsa
3425 3765 3539 3819 fra-

1957 3856 2028 3910 tri
2068 3856 2214 3926 regis
2232 3856 2530 3910 Alemaniae
2551 3856 2826 3925 Philippo,
2850 3857 3052 3915 amisso
3076 3858 3260 3925 priore
3280 3858 3537 3925 conjuge,

1956 3950 2048 4018 qui
2082 3959 2235 4017 post
2262 3950 2477 4002 obitum
2522 3948 2795 4003 Tancredi
2851 3949 3025 4017 patris
3063 3949 3269 4003 Sicilia:
3306 3964 3534 4019 regnum

1954 4042 2289 4098 obtinuerat.

2026 4135 2239 4189 Secutae
2277 4120 2403 4187 sunt
2441 4132 2703 4202 deinceps
2750 4132 3089 4203 gravissimae
3135 4128 3538 4187 Constantino-

1951 4226 2093 4297 polis
2128 4223 2332 4279 clades.
2356 4223 2493 4278 Nam
2540 4224 2780 4279 lsaacius
2808 4225 3019 4294 pridem
3072 4224 3378 4292 imperator
3409 4238 3537 4278 cum

1954 4318 2160 4372 Latinis
2205 4332 2404 4371 arcana
2447 4317 2677 4371 consilia
2723 4317 2791 4370 de
2840 4317 3174 4371 ulciscendis
3223 4316 3441 4385 injuriis
3482 4328 3538 4371 et

270 4435 407 4475 cum
432 4418 793 4488 inauguratus
808 4429 975 4481 esset,
998 4418 1272 4488 quoddam
1300 4416 1653 4471 memorabile
1685 4415 1861 4469 conti-
1891 4423 1939 4482 ι)
1965 4410 2261 4485 evertenda
2287 4410 2457 4464 fratre
2480 4408 2673 4463 Alexio
2700 4407 3040 4471 conferebat,
3074 4406 3274 4460 litteris
3316 4407 3383 4459 ad
3426 4406 3540 4461 lrc-

269 4511 380 4582 git.
409 4510 637 4579 Templo
663 4510 811 4565 enim
839 4525 1109 4579 egressus,
1136 4526 1263 4565 cum
1285 4523 1687 4564 conscensurus
1712 4516 1857 4562 esset

266 4594 484 4671 equum
511 4601 806 4656 Arabicum
828 4642 843 4669 ,
879 4617 1147 4657 sessorem
1182 4602 1273 4656 ille
1311 4618 1418 4657 non
1455 4600 1629 4655 voluit
1660 4601 1857 4653 admit-

269 4706 421 4759 tere,
451 4695 545 4749 sed
591 4695 763 4749 oculis
790 4694 1056 4763 sanguine
1098 4694 1343 4759 snlIusis,
1379 4694 1604 4748 auribus
1630 4696 1852 4756 erectis,

264 4787 473 4843 crebro
501 4787 676 4840 solum
712 4788 957 4854 pulsans,
987 4794 1043 4839 et
1073 4769 1445 4839 aitteriorihus
1478 4784 1697 4854 ungulis
1722 4800 1851 4838 cum

262 4879 498 4932 fremitu
528 4878 778 4941 sublatis,
813 4877 1081 4930 indicium
1112 4876 1362 4946 prtebuit,
1399 4877 1555 4944 quasi
1600 4876 1851 4929 Alexium

264 4980 433 5036 tergo
462 4970 706 5036 recipere
739 4967 1160 5037 dedignaretur.
1192 4950 1293 5021 Ubi
1322 4981 1452 5019 vero
1495 4976 1616 5033 post
1651 4967 1852 5020 multos

260 5074 607 5130 pappysmos
644 5068 700 5112 et
756 5038 988 5112 cervicis
1024 5056 1368 5127 palpationes
1417 5057 1662 5126 placatus
1686 5097 1699 5118 ,
1732 5071 1853 5110 cre-

258 5153 404 5205 bros
431 5150 550 5203 illos
577 5165 738 5221 gyros
763 5161 819 5204 et
851 5150 1259 5219 calcitrationes
1292 5150 1597 5203 emissurus
1624 5150 1849 5203 videba-

260 5257 386 5304 tur,
441 5242 738 5310 imperator
788 5243 844 5296 in
899 5258 1025 5297 eum
1079 5242 1271 5307 insilit,
1323 5251 1377 5296 et
1430 5243 1674 5295 habenas
1728 5256 1852 5310 pre-

259 5335 486 5391 hendit.
510 5335 890 5409 _t\'ihilominus
939 5334 1027 5388 ille
1076 5333 1292 5402 ferocit,
1323 5349 1425 5388 nec
1457 5334 1610 5402 prius
1639 5333 1851 5402 impor-

258 5441 406 5482 tune
431 5427 629 5482 saltare
661 5428 905 5490 desistit,
940 5442 1104 5495 quam
1133 5436 1403 5496 gemmata
1433 5443 1638 5481 corona
1667 5428 1849 5495 capite

262 5519 623 5587 imperatoris
640 5534 893 5586 excussa,
922 5528 976 5573 et
999 5536 1063 5573 ex
1096 5528 1250 5588 parte
1282 5521 1642 5585 comminuta,
1669 5518 1848 5587 ipsum

264 5628 496 5683 quoque
530 5612 837 5681 dejccissct.
886 5612 1006 5666 Alio
1049 5627 1191 5681 equo
1233 5612 1706 5673 adducto,‘fraeta
1757 5627 1850 5664 co-

265 5717 408 5758 rona
439 5700 843 5771 inau5pieatum
881 5718 1037 5758 omen
1075 5703 1187 5759 visa
1235 5712 1331 5773 est,
1362 5701 1576 5773 imperii
1615 5700 1846 5756 cladium

1959 4519 2080 4558 nem
2117 4503 2280 4559 filiam
2311 4502 2513 4567 missis,
2546 4500 2786 4570 Philippi
2820 4500 3210 4553 Alemanorum
3239 4502 3383 4567 regis
3407 4513 3539 4551 con-

1953 4596 2160 4667 jngem,
2186 4596 2389 4664 quibus
2422 4608 2543 4648 eam
2572 4593 2639 4647 ad
2673 4608 2832 4662 opem
2858 4592 2962 4665 sibi
2996 4591 3281 4663 ferendam
3310 4590 3539 4660 instiga-

1959 4687 2073 4749 bat,
2113 4694 2281 4755 atque
2328 4684 2458 4739 inde
2501 4683 2718 4739 litteras
2765 4683 3109 4753 recipiebat,
3147 4682 3352 4751 quibus
3400 4681 3533 4750 quid

1957 4779 2227 4849 agendum
2274 4787 2458 4841 esset,
2496 4778 2844 4832 monebatur.
2879 4777 3089 4831 Deinde
3126 4776 3269 4829 [ilius
3317 4788 3537 4842 quoque

1958 4874 2129 4943 ipsius
2159 4871 2401 4933 Alexius,
2433 4869 2680 4924 custodia
2710 4869 2942 4921 eductus
2966 4907 2980 4929 ,
3027 4867 3203 4920 libere
3232 4878 3342 4934 quo
3377 4862 3539 4917 libuit

1956 4965 2278 5019 ambulavit.
2306 4964 2656 5033 Quapropter
2686 4962 2754 5015 de
2786 4960 3018 5015 consilio
3062 4970 3314 5028 paterno,
3349 4954 3536 5009 Pisani

1956 5053 2240 5124 cujusdam
2273 5070 2396 5122 ope,
2434 5054 2736 5123 perductus
2772 5050 2827 5104 in
2856 5049 3122 5114 Siciliam,
3169 5045 3345 5101 sorori
3392 5044 3538 5098 iudi-

1955 5158 2112 5199 catur
2145 5161 2159 5197 :
2190 5160 2310 5211 qua:
2332 5145 2484 5213 justo
2511 5142 2770 5213 praesidio
2796 5142 2986 5206 misso,
3012 5141 3233 5193 fratrem
3262 5136 3533 5206 amplexa,

1954 5236 2211 5289 maritum
2268 5229 2577 5304 Philippum
2630 5243 2767 5299 orat,
2824 5242 2884 5287 ut
2914 5232 3053 5302 patri
3095 5246 3194 5285 suo
3240 5244 3339 5298 pro
3390 5223 3534 5279 virili

1954 5344 2112 5397 opem
2164 5329 2323 5392 ferat,
2376 5337 2431 5382 et
2477 5328 2703 5381 fratrem
2748 5341 2967 5395 quoque
2993 5326 3168 5396 juvet,
3197 5319 3443 5376 exsulem
3478 5323 3536 5369 et

1953 5430 2253 5476 extorrem.

2023 5511 2357 5567 Acciderunt
2388 5519 2438 5563 ct
2471 5510 2575 5563 alia
2610 5509 2775 5562 mala.
2805 5508 2943 5579 Nam
2972 5522 3095 5561 cum
3128 5499 3350 5558 Venetis
3381 5510 3532 5550 mer-

1951 5605 2229 5661 catoribus
2258 5620 2323 5658 ex
2365 5603 2593 5659 avaritia
2645 5601 3023 5655 ministrorum
3076 5589 3428 5659 imperatoris
3472 5597 3532 5641 et

1952 5708 2305 5770 cognatorum
2337 5697 2711 5753 adimerentur
2739 5694 2911 5763 prisca
2943 5688 3189 5749 auardam
3224 5679 3532 5753 privilegia,
