4088 6186
558 284 668 350 εἷῖῦ

1610 278 2037 339 MlCI—IAELIS
2070 276 2324 346 (λιιίῖιε
2368 277 2768 337 ANNA’LIUM

3710 269 3818 333 636

558 399 851 469 Pisanique
900 397 1031 468 ipsis
1076 394 1221 465 praef.
1244 403 1465 446 rrentnr
1497 408 1511 444 :
1547 407 1576 443 a
1620 392 1824 445 Crascis
1870 391 2131 460 paulatim
2166 399 2209 449 Α
2309 392 2722 458 Adrianopnlim
2759 405 2883 443 cum
2916 388 3198 471 obsideret
3227 388 3548 451 Balduinus,
3577 388 3821 443 Joannes

558 492 877 555 abalienati,
911 506 968 544 se
994 487 1236 542 vicissim
1263 488 1345 543 eis
1371 502 1468 555 per
1496 485 1843 538 occasionem
1875 500 2017 552 aegre
2052 483 2130 536 fa-

560 600 748 642 cturos
775 583 1165 638 ostendebant.
1199 581 1383 649 Itaque
1414 578 1523 630 dux
1545 593 1739 631 eorum
1776 576 1969 629 Ericus
1995 574 2134 627 Dan-

559 679 744 740 dulus,
772 678 856 730 vir
892 676 1138 744 prudens
1196 685 1260 723 ac
1294 660 1563 738 provectae
1602 666 1898 719 admodum
1934 665 2129 727 relatis,

557 769 625 820 de
660 768 881 821 auxiliis
909 759 1517 819 aliorumrasciscendis
1546 758 1776 827 cogitat,
1811 756 2133 824 quosrnorat

555 878 585 913 a
627 858 829 913 Graecis
860 857 1145 911 dissidere.
1177 854 1425 915 Cumque
1455 860 1671 917 tempus
1702 851 1880 916 ipsum
1916 846 2131 901 nobiles

557 952 823 1021 quosdam
877 948 1187 1017 toparchas,
1221 945 1313 1012 qui
1358 943 1703 997 Palaestinam
1736 940 1913 993 visere
1944 937 2135 1005 cupie-

558 1043 710 1104 bant,
742 1022 936 1110 sponte
965 1038 1259 1090 obtulisset
1282 1052 1295 1085 :
1321 1036 1640 1088 societatem
1664 1040 1719 1086 et
1740 1032 1920 1086 foedus
1945 1038 2133 1084 contra

558 1137 776 1188 Cnecos
808 1131 939 1183 coit.
974 1129 1140 1181 Erant
1181 1126 1238 1186 ii,
1268 1124 1660 1180 Montisferrati
1690 1122 1940 1175 marcliio
1973 1120 2137 1174 Bonio

556 1226 753 1287 fat-ius,
795 1220 1065 1275 Flandrize
1111 1232 1296 1271 comes
1329 1216 1629 1269 Baldninus
1653 1255 1667 1276 ,
1718 1229 1908 1268 comes
1944 1212 2131 1271 Sancti

558 1311 711 1365 Pauli
741 1310 994 1371 lleriens,
1016 1307 1156 1360 l’lea:
1182 1321 1368 1360 comes
1390 1307 1466 1375 (l)
1492 1304 1785 1369 Lodoicus,
1804 1304 2139 1357 etalii-com-

561 1400 747 1467 plures
802 1397 1038 1450 audaces
1099 1396 1416 1450 bellatores.
1464 1394 1661 1448 Classe
1709 1408 1807 1462 per
1867 1394 2138 1463 integrum

562 1490 860 1544 triennium
902 1487 1189 1549 fabricata.
1246 1487 1472 1540 Alexins
1520 1485 1716 1538 Isaacii
1753 1485 1946 1554 Angeli
1997 1485 2140 1538 filius

562 1583 760 1637 litteris
787 1582 988 1637 veteris
1024 1580 1207 1633 Ruina:
1242 1579 1537 1648 pontificis,
1574 1590 1629 1632 et
1666 1578 1966 1632 Alemanire
1998 1577 2141 1645 regis

562 1678 881 1737 instructus,
915 1687 1040 1726 cum
1082 1670 1205 1724 aliis
1231 1685 1290 1723 se
1323 1669 1629 1738 conjungit,
1677 1652 1745 1722 et.
1779 1666 2137 1735 pecuniarum

2249 484 2572 537 Vlacborum
2612 482 2888 550 princeps,
2926 481 3134 536 Latinis
3184 482 3236 536 in
3287 482 3516 534 insidias
3545 481 3819 548 pellectis,

2240 578 2456 647 egregia
2490 576 2694 643 potitus
2724 586 2807 628 est
2839 574 3091 637 victoria,
3119 588 3260 627 caeso
3288 572 3533 627 Lodoico
3567 572 3705 625 l'lere
3731 588 3824 625 eo-

2241 672 2395 737 niite,
2432 668 2700 723 Balduino
2734 677 2914 736 capto,
2945 667 3193 720 Dandulo
3225 676 3279 719 et
3309 666 3537 719 Herrico
3568 663 3819 717 Bal-lnini

2241 763 2410 815 fratre
2438 769 2665 828 propter
2692 756 3212 826 aceeptamcladem
3243 757 3364 826 fuga
3393 756 3497 808 sibi
3531 755 3829 809 consulen-

2246 856 2407 907 tibus.
2440 853 2578 908 llinc
2602 852 2810 905 factum
2842 850 3332 917 Constantinopoli
3361 849 3645 902 decretum
3672 887 3689 908 ,
3715 863 3827 912 quo

2243 946 2422 1000 Latini
2461 944 2886 1013 promulgarunt
2911 982 2923 1006 ,
2961 958 3018 996 se
3052 941 3259 995 nemini
3310 940 3657 1010 popularium
3688 954 3826 992 suo-

2246 1053 2365 1091 rum
2400 1036 2874 1105 inaugurationem
2906 1033 3058 1101 regni
3087 1046 3475 1091 concessuros,
3518 1031 3827 1085 nisimorte

2244 1130 2492 1183 lialduini
2527 1131 2677 1198 prius
2703 1129 3007 1197 explorata.
3028 1125 3274 1194 Cumque
3298 1125 3402 1177 hoc
3424 1124 3587 1177 modo
3620 1141 3825 1176 annum

2246 1238 2421 1275 unum
2462 1233 2517 1274 et
2547 1235 2766 1273 menses
2799 1228 3037 1288 quatuor
3069 1216 3463 1285 rempublicam
3499 1216 3623 1269 sine
3654 1216 3830 1281 impe-

2246 1324 2427 1366 ratore
2454 1311 2959 1370 administrassent,
2989 1309 3177 1365 audito
3207 1310 3325 1378 ejus
3357 1308 3603 1372 interitu,
3634 1306 3827 1359 Herri-

2246 1419 2371 1459 cum
2421 1403 2648 1457 fratrem
2705 1403 3098 1471 imperatorem
3148 1399 3451 1452 declarant.
3488 1399 3587 1452 Est
3637 1405 3825 1451 autem

2248 1496 2548 1550 Balduinus
2578 1495 2645 1549 ab
2689 1495 2900 1549 Joanne
2948 1493 3096 1562 Myso
3137 1491 3525 1545 crudelissime
3556 1502 3825 1553 necatus,

2247 1603 2371 1642 eum
2398 1587 2628 1656 pedibus
2648 1596 2702 1639 et
2733 1584 2988 1638 manibus
3016 1583 3334 1651 amputatis,
3371 1582 3642 1650 reliquum
3671 1589 3829 1633 trun-

2249 1696 2374 1734 cum
2422 1680 2474 1732 in
2500 1678 2694 1731 vallem
2722 1675 3047 1745 profundam
3080 1674 3243 1740 abjici
3270 1674 3508 1743 iuberet,
3542 1672 3634 1724 ubi
3662 1672 3828 1725 tertio

557 1766 770 1819 acervis
799 1765 1043 1834 ipsorum
1091 1762 1307 1815 animos
1350 1760 1695 1828 expleturum
1736 1773 1796 1811 se
1828 1756 2141 1824 pollicetur,

2251 1773 2469 1824 demum
2496 1768 2584 1823 die
2608 1768 2893 1821 volnerum
2928 1780 3051 1819 esca
3084 1765 3471 1818 miserabiliter
3501 1763 3824 1831 exspiravit.

554 1861 601 1912 si
642 1867 930 1926 paternum
958 1855 1250 1925 imperium
1295 1851 1399 1905 sibi
1449 1850 1833 1904 restituerent.
1862 1848 2010 1903 Idem
2062 1861 2149 1899 sa-

555 1960 845 2005 eramento
875 1948 1148 2019 promittit
1176 1944 1436 1999 auxilium
1467 1952 1657 1997 contra
1685 1942 2012 2005 Saracenos,
2034 1939 2148 1993 La-

559 2045 911 2112 tinorumque
964 2041 1283 2110 religionem
1349 2036 1672 2105 amplexus,
1734 2020 2146 2101 privilegiOrnm

562 2134 841 2203 papalium
869 2133 1303 2193 renovationem,
1326 2139 1382 2183 et
1412 2128 1727 2183 Graecorum
1767 2125 2144 2178 institutorum

561 2225 923 2276 mutationem
960 2221 1272 2289 pollicetur.
1302 2221 1417 2273 lloc
1467 2217 1628 2271 modo
1681 2217 1906 2278 fatum,
1952 2224 2010 2269 ut
2044 2214 2147 2284 By-

562 2316 806 2370 zantium
839 2314 1212 2374 obsideretur,
1243 2311 1468 2363 Alexins
1494 2309 1697 2362 frustra
1724 2306 1945 2360 tentalis
1973 2304 2145 2359 annis

563 2408 849 2462 ltebeltum
881 2405 1215 2474 profugeret;
1246 2414 1370 2472 post
1398 2417 1492 2455 vin
1514 2399 1744 2468 imperii
1772 2414 1978 2452 annum
2003 2399 2149 2452 lsaa-

558 2504 643 2555 cio
674 2509 727 2554 et
756 2501 873 2569 ejus
905 2499 1018 2550 lilio
1043 2496 1235 2551 Alexio
1263 2495 1555 2563 imperium
1599 2492 1933 2557 deferretur,
1964 2492 2144 2547 Latini

560 2592 789 2661 rapinis,
832 2590 1124 2653 incendiis,
1159 2589 1308 2643 ferro
1339 2589 1393 2641 in
1434 2586 1767 2657 Byzantinos
1796 2594 1988 2654 captos
2020 2600 2144 2639 cru-

559 2683 838 2735 delissime
868 2688 1278 2749 grassarentur.

632 2774 778 2826 inter
824 2787 1046 2841 magnas
1087 2780 1270 2825 autem
1318 2770 1623 2826 seditiones
1676 2769 1901 2825 urbana:
1933 2770 2138 2840 plebis,

561 2852 794 2932 imperio
845 2878 1062 2917 rursum
1117 2862 1340 2932 Angelis
1385 2871 1578 2930 erepto
1607 2900 1621 2925 ,
1663 2862 1890 2915 Alexius
1927 2861 2138 2928 Ducas,

559 2963 921 3024 cognomento
945 2955 1237 3008 lilurzullus
1265 2953 1381 3008 sive
1406 2953 1823 3023 superciliosus,
1845 2952 2132 3007 Nicolaum

2320 1863 2579 1916 Herricus
2610 1858 2842 1929 imperio
2873 1857 3100 1926 potitus,
3129 1872 3252 1910 eum
3284 1872 3351 1911 ex
3398 1857 3512 1909 suis
3538 1854 3825 1909 Orestiade

2251 1955 2481 2019 relictis,
2524 1951 2848 2022 Scytharum
2872 1959 2935 2004 et
2962 1950 3291 2004 War-borum
3334 1950 3609 2004 exercitus
3640 1948 3826 2013 denuo

2249 2046 2435 2115 egredi
2466 2044 2749 2099 audisset:
2775 2058 2884 2097 non
2913 2041 3155 2095 hostium
3186 2040 3537 2095 multitudine
3569 2039 3822 2105 territus,

2249 2155 2352 2194 nec
2404 2137 2754 2208 superiorum
2804 2133 3075 2188 bellorum
3130 2133 3379 2188 cladibus
3413 2142 3826 2199 consternatus,

2248 2230 2401 2283 exire
2453 2242 2563 2281 non
2617 2225 2911 2289 dubitavit,
2953 2231 3015 2276 ut
3063 2231 3118 2275 et
3164 2237 3298 2276 suos
3337 2231 3711 2281 conserraret,
3768 2232 3825 2272 et

2247 2321 2563 2375 Graecorum
2597 2316 2822 2384 reliquis
2853 2314 3194 2369 subveniret.
3217 2313 3383 2382 Igitur
3408 2313 3823 2381 Adrianopolin

2248 2412 2544 2482 profectus,
2576 2423 2702 2463 cum
2734 2407 2968 2461 Vlachos
3002 2404 3327 2463 Latinorum
3364 2414 3660 2474 conspectu
3686 2449 3701 2469 ,
3729 2421 3830 2458 au-

2247 2505 2456 2557 daciam
2508 2503 2765 2557 usitatam
2818 2510 2874 2557 et
2920 2501 2998 2555 rei
3051 2501 3303 2553 militaris
3356 2500 3602 2554 habitum
3657 2498 3825 2551 etiam

2246 2605 2368 2664 post
2399 2595 2522 2649 illas
2551 2605 2763 2665 strages
2789 2595 3171 2657 retinentium,
3202 2593 3423 2647 territos
3450 2592 3707 2645 t'idissct:
3736 2606 3829 2642 us-

2246 2704 2352 2757 que
2416 2687 2482 2740 ad
2553 2686 2792 2741 Ctenum
2837 2697 2893 2741 et
2928 2686 3160 2743 Boream
3208 2700 3303 2739 eos
3349 2695 3433 2738 est
3486 2691 3825 2752 persecutus.

2246 2777 2376 2831 Inde
2420 2792 2517 2847 per
2545 2777 2929 2847 Agatbopolim
2958 2818 2972 2843 ,
3012 2776 3335 2830 Anchialum
3372 2789 3541 2843 usque
3580 2786 3833 2841 progres-

2245 2883 2359 2933 sus,
2405 2868 2591 2938 ibique
2622 2872 2817 2923 castris
2867 2868 3084 2937 positis,
3138 2877 3191 2922 et
3223 2867 3411 2920 multis
3442 2866 3603 2920 rebus
3634 2864 3825 2934 gestis,

2245 2962 2390 3015 unde
2420 2962 2707 3030 pecunias,
2741 2960 2900 3031 343
2933 2961 3202 3020 homines,
3251 2954 3522 3028 pecud‘um
3552 2971 3740 3026 greges
3768 2967 3830 3009 et

480 3060 483 3063 '
560 3048 837 3101 Canabnm
872 3049 1262 3117 imperatorem
1305 3062 1334 3099 a
1369 3048 1570 3116 populo
1598 3046 1942 3115 designatum
1972 3046 2139 3114 capit,
2167 3078 2212 3121 η
2245 3062 2493 3105 armenta
2525 3053 2690 3121 cepit,
2720 3053 2905 3104 salvus
2937 3049 3468 3118 Constantinopolim
3500 3048 3680 3100 rediit.

563 3141 807 3209 itemque
850 3142 1072 3193 redacto
1106 3138 1161 3192 in
1192 3146 1516 3206 potestatem
1545 3153 1698 3191 suam
1735 3137 1924 3191 Alexio
1955 3133 2144 3188 Isaacii

564 3234 676 3285 tilio
710 3232 812 3285 sibi
840 3231 1083 3284 vindicat
1117 3228 1430 3298 imperium.
1464 3227 1600 3283 Cum
1633 3228 1720 3281 bis
1746 3227 1938 3281 Alexio
1978 3240 2146 3279 vene-

563 3337 694 3372 num
730 3322 1100 3389 propinasset,
1127 3320 1272 3388 quod
1304 3320 1396 3373 ille
1429 3329 1543 3374 tum
1569 3321 1745 3373 aetatis
1779 3320 2001 3383 robore,
2029 3327 2145 3373 tum

563 3412 828 3465 antidotis
863 3412 1001 3471 clam
1042 3410 1280 3479 sumptis
1320 3410 1532 3464 vicerat
1565 3424 1579 3461 :
1611 3411 1807 3478 laqueo
1837 3409 2055 3465 tandem
2089 3410 2142 3465 ei

564 3511 753 3565 guttur
785 3500 963 3561 elidit,
998 3516 1186 3555 mense
1218 3500 1435 3569 imperii
1473 3510 1649 3567 sexto,
1677 3503 1766 3557 die
1792 3511 2007 3556 octavo.
2043 3500 2148 3555 Ve-

565 3608 687 3645 rum
716 3609 784 3648 ne
809 3593 1106 3647 Murzuﬂns
1133 3592 1356 3663 quidem
1389 3593 1531 3647 ultra
1562 3593 1704 3649 duos
1734 3609 1953 3649 menses
1987 3603 2044 3648 et
2071 3591 2138 3646 16

565 3686 686 3740 dies
710 3686 941 3754 imperio
975 3687 1185 3756 potitus
1215 3694 1335 3753 est,
1372 3695 1682 3756 expugnata
1723 3702 1949 3741 rursum
1982 3702 2009 3740 a
2042 3686 2147 3741 La-

568 3779 696 3831 tinis
721 3778 856 3833 urbe
886 3793 899 3830 :
937 3779 1032 3847 qui
1063 3794 1128 3833 ea
1156 3788 1339 3848 capta,
1366 3779 1433 3834 de
1461 3795 1689 3834 suorum
1719 3796 2009 3849 procerum
2042 3797 2147 3835 nu-

567 3884 720 3922 mero
778 3868 1106 3924 Balduinum
1158 3869 1431 3924 Flandria:
1465 3873 1719 3926 comitem
1763 3870 2147 3929 communibus

568 3960 843 4029 suffragiis
892 3960 1281 4029 imperatorem
1323 3961 1707 4031 designarent,
1761 3974 2012 4033 agentem
2042 3980 2147 4019 an-

566 4067 697 4104 num
731 4050 907 4105 astatis
936 4053 1025 4118 52,
1060 4053 1237 4106 virum
1272 4053 1446 4122 pium,
1482 4053 1828 4121 modestum,
1871 4057 2009 4111 adeo
2048 4072 2150 4127 pu-

567 4144 779 4208 dicum,
834 4154 891 4197 ut
939 4145 1225 4199 mulierem
1281 4145 1654 4201 inverecunde
1689 4163 1798 4201 non
1834 4152 2143 4218 aspiceret,

560 4235 830 4303 quamdiu
876 4251 906 4290 a
951 4236 1181 4306 conjuge
1210 4236 1435 4301 aberat,
1467 4247 1522 4291 et
1557 4237 1643 4292 bis
1674 4240 1915 4308 qualibet
1945 4241 2148 4295 hebdo-

567 4327 729 4379 made
771 4328 989 4397 vesperi
1042 4328 1368 4398 proclamari
1412 4328 1651 4400 jnberct,
1689 4347 1759 4385 ne
1793 4333 1914 4401 quis
1950 4334 2006 4386 in
2046 4349 2146 4388 suo

562 4417 775 4487 palatio
801 4419 1051 4487 cubaret,
1080 4420 1172 4489 qui
1205 4421 1437 4475 alienam
1466 4423 1750 4483 mulierem
1782 4424 2074 4495 attigisset.

640 4510 963 4566 Mnrzuflum
1001 4513 1104 4569 boc
1140 4514 1450 4583 imperante
1474 4515 1700 4570 Alexius
1729 4515 1919 4571 Isaacii
1953 4518 2146 4583 frater,

561 4618 729 4671 quem
774 4603 1252 4674 Constantinopoli
1306 4606 1501 4660 relicto
1561 4607 1793 4676 imperio
1844 4608 2148 4678 profugisse

558 4696 809 4751 diximus
835 4737 848 4760 ,
882 4697 1008 4752 dolo
1042 4696 1506 4765 comprehensum
1543 4698 1847 4753 luminibus
1881 4700 2097 4753 orbavit
2130 4715 2145 4751 :

561 4803 747 4858 neque
776 4787 947 4843 multo
981 4794 1105 4856 post
1135 4788 1559 4843 exercitationem
1592 4788 1736 4844 idem
1770 4787 2064 4847 Murzuﬂus
2091 4788 2146 4843 in

560 4879 893 4935 Latinorum
934 4893 1131 4933 manus
1176 4877 1424 4943 delatus,
1463 4879 1782 4950 Byzantium
1842 4882 2147 4946 reducitur,

557 4980 627 5023 σοι
676 4970 748 5024 ob
803 4970 1088 5024 dominum
1117 4970 1621 5041 imperatoremque
1675 4987 1837 5025 suum
1892 4972 2145 5027 Alexium

565 5061 764 5120 Isaacii
791 5062 962 5117 filium
986 5062 1191 5133 laqueo
1223 5064 1646 5135 strangulatum,
1670 5063 2015 5134 injudicium
2054 5082 2149 5119 vo-

565 5158 748 5216 catus,
776 5150 970 5221 capitis
1007 5151 1323 5216 damnatur,
1361 5167 1615 5221 novoque
1654 5153 1908 5224 supplicii
1952 5168 2150 5222 genere

562 5244 828 5299 .aflicitur.
867 5245 1002 5300 Nam
1031 5246 1084 5298 in
1118 5246 1443 5301 altissimam
1476 5245 1800 5298 columnam'
1825 5246 2149 5315 perductus,

568 5336 703 5391 inde
736 5339 1115 5408 praecipitatur
1147 5355 1162 5392 :
1197 5347 1251 5393 et
1281 5337 1604 5407 aliquandiu
1639 5338 1692 5392 in
1722 5338 1892 5407 pedes
1927 5338 2157 5393 descen-

568 5431 734 5495 dens,
770 5433 966 5488 deimle
1000 5434 1053 5487 in
1091 5442 1255 5504 caput
1290 5434 1591 5487 subversus
1616 5471 1630 5497 ,
1660 5444 1715 5488 et
1753 5434 1902 5488 bumi
1943 5432 2153 5498 allisus,

568 5523 965 5578 anis'rabiliter
996 5524 1224 5577 interiit.

2326 3143 2544 3197 Interea
2579 3158 2732 3208 vero,
2765 3143 2896 3197 dum
2928 3142 3404 3210 Constantinopoli
3451 3147 3683 3209 regnant
3717 3138 3823 3197 La-

2252 3235 2378 3300 tini,
2413 3235 2739 3289 Theodorus
2768 3235 3042 3299 Lascaris,
3078 3233 3252 3288 Alexii
3285 3233 3549 3286 Conmeni
3583 3232 3828 3299 impeta-

2248 3328 2393 3380 toris
2432 3343 2620 3396 gener,
2656 3328 2709 3382 in
2733 3327 2862 3381 Asia
2894 3327 2999 3381 sibi
3048 3336 3274 3395 usurpat
3306 3326 3619 3394 imperium,
3656 3340 3822 3393 quam

2249 3433 2522 3488 occupare
2552 3418 2733 3472 Latini
2766 3428 2993 3488 prepter
3016 3417 3344 3473 Vlacborum
3387 3416 3528 3470 bella
3576 3431 3685 3470 non
3718 3430 3829 3483 po—

2249 3519 2445 3564 terant.
2508 3510 2643 3565 Cunt
2700 3519 2885 3564 autem
2945 3509 3167 3577 Alexius
3218 3506 3496 3565 Theodori
3548 3521 3709 3561 socer
3757 3520 3829 3560 ex

2249 3602 2470 3671 Europa
2514 3604 2567 3655 in
2603 3602 2786 3655 Asiam
2816 3592 3170 3671 profugisset,
3200 3600 3265 3654 ad
3290 3598 3623 3654 Jatliatinem
3655 3599 3828 3651 sulta-

2247 3708 2402 3756 num,
2435 3692 2653 3745 Attalize
2677 3683 3134 3760 principem'sese
3165 3690 3418 3755 contulit,
3464 3698 3522 3743 ut
3569 3689 3689 3759 ejus
3720 3702 3829 3755 ope

2248 3798 2450 3852 genero
2490 3783 2689 3851 pulso,
2744 3797 2930 3837 rerum
2978 3782 3102 3851 ipse
3148 3782 3437 3851 potiretur.
3497 3778 3602 3833 Sed
3636 3778 3828 3833 irritus

2253 3872 2343 3926 hic
2376 3880 2605 3924 conatus
2632 3871 2762 3935 fuit,
2792 3869 3069 3924 Jatliatine
3106 3886 3272 3931 manu
3306 3856 3580 3923 Theodori
3611 3869 3832 3921 fortiter

2248 3963 2553 4033 praeliantis
2602 3963 2956 4033 interempto.
3030 3962 3166 4018 Cum
3212 3965 3373 4017 annis
3394 3963 3471 4019 ,18
3503 3962 3830 4016 Theodorus

2248 4054 2598 4124 imperasset.
2654 4064 2865 4110 naturae
2924 4054 3172 4108 debitum
3239 4053 3541 4122 persolvit:
3618 4052 3831 4110 Joanne

2248 4149 2417 4210 Duca,
2450 4147 2544 4216 qui
2588 4147 2753 4201 ﬁliam
2781 4150 2902 4217 ejus
2938 4149 3131 4201 lrenen
3182 4146 3240 4199 in
3276 4144 3627 4200 matrimonio
3656 4144 3829 4217 habe,-

2249 4238 2358 4301 bat,
2397 4252 2719 4292 successore
2749 4237 3056 4307 designato.

2317 4331 2557 4385 llenrico
2586 4339 2767 4383 autem
2800 4330 3129 4399 imperatore
3165 4327 3703 4394 mortuoﬂiobertns
3726 4327 3833 4383 im-

2179 4421 2225 4480 D
2253 4424 2407 4494 perio
2442 4423 2653 4492 potitus
2706 4431 2813 4488 est,
2849 4423 2967 4493 ejus
3009 4438 3076 4476 ex
3129 4422 3339 4476 lolanta
3386 4436 3579 4477 sorore
3622 4434 3831 4487 nepos:

2254 4514 2348 4587 qui
2375 4515 2578 4569 frustra
2603 4514 2871 4569 Joannem
2903 4518 3261 4584 Oppugnavit,
3294 4514 3537 4583 trajectis
3566 4513 3619 4565 in
3644 4512 3831 4567 Asiam

2253 4605 2428 4675 copiis
2452 4604 2750 4659 Lasearum
2785 4604 3019 4660 duorum
3055 4619 3243 4669 causa,
3275 4604 3370 4674 qui
3405 4619 3463 4657 se
3488 4603 3688 4657 Joanni
3728 4618 3831 4671 puv

2262 4700 2454 4752 tabant
2502 4698 2728 4751 omnino
2777 4696 3150 4770 pra-ferendos
3196 4711 3338 4750 esse.
3397 4695 3668 4751 Paulatim
3702 4711 3834 4751 vero

2257 4787 2503 4856 potentia
2531 4786 2763 4841 Joannis
2803 4786 2999 4851 crevit,
3038 4786 3091 4838 in
3131 4785 3405 4853 Europam
3430 4784 3837 4852 Tltraciainque

2256 4880 2498 4936 lioberto
2539 4889 2824 4950 parentem
2884 4879 3244 4947 trajicientis:
3310 4878 3452 4931 unde
3499 4876 3727 4939 factum,
3779 4883 3840 4929 ut

2253 4987 2283 5026 e
2316 4971 2566 5041 Bulgaria
2597 4971 2761 5041 legati
2791 4970 2857 5026 ad
2902 4985 3029 5027 cum
3083 4971 3458 5030 mitterentur,
3513 4975 3624 5019 tam
3686 4965 3839 5034 pacis

2257 5062 2573 5132 expetenda:
2603 5078 2792 5128 causa,
2830 5076 2994 5128 quam
3028 5070 3088 5115 ut
3124 5057 3479 5129 imperatoris
3513 5057 3628 5110 [ilio
3655 5055 3839 5108 Theo-

2257 5155 2663 5218 doro,llelena3
2717 5155 2916 5209 Asanis
2962 5152 3221 5224 junioris,
3278 5150 3636 5219 Bulgarorum
3688 5148 3843 5216 priu-

2258 5250 2421 5319 cipis,
2451 5250 2574 5302 ﬁlia:
2604 5250 2828 5317 nuptias
2860 5246 3147 5300 oﬂ‘crrent.
3208 5244 3282 5297 Ea
3311 5243 3512 5308 legatio
3541 5249 3655 5293 rata
3713 5239 3844 5301 fuit,

2260 5352 2315 5394 et
2345 5341 2623 5409 congressi
2652 5341 2795 5393 circa
2823 5337 3225 5392 Chersonesum
3257 5337 3560 5405 imperator
3589 5340 3647 5385 et
3672 5329 3846 5392 Asan,

2271 5432 2529 5485 llvlemtm
2572 5430 2766 5483 Asauis
2803 5430 2968 5482 tiliam
3006 5429 3195 5482 decem
3226 5441 3401 5479 annos
3432 5433 3635 5488 natam,
3671 5421 3851 5489 impe—

2268 5522 2467 5574 ratot'is
2500 5522 2610 5574 titio
2642 5521 2913 5589 impnbcri
2947 5520 3149 5587 adhuc,
3183 5517 3474 5574 Theodoro
3503 5513 3724 5571 Lascari
3756 5515 3853 5583 ju»

578 5756 586 5769 ,
648 5705 721 5775 (l)
752 5706 807 5759 Η
839 5717 920 5761 cst
952 5706 1242 5762 Blescasis.
1295 5705 1430 5763 Vide
1475 5707 1770 5780 Cregoratn
1803 5725 1855 5779 p.
1894 5709 1954 5764 li
1984 5749 1996 5777 ,
2026 5723 2149 5763 cum
2193 5708 2272 5762 Du
2307 5706 2493 5776 Caugii
2533 5715 2676 5759 nota.
2705 5706 2863 5762 Eur.
