4088 6186
305 307 410 374 6.37

1661 305 1943 364 CUN'l‘lN
1958 303 2212 363 UATIO.

3451 303 3564 363 1338

261 408 272 417 ’
311 417 476 482 niori,
545 409 870 484 espondeut.
931 410 985 465 ls
1034 410 1295 479 deinceps
1328 417 1544 464 mortuo
1583 412 1748 478 patri,
1793 413 1889 476 qui
1924 415 1963 468 Δ
1997 411 2268 475 Tertium,
2303 419 2360 462 ut
2385 409 2465 463 illi
2499 409 2840 479 principatus
2870 408 2924 461 iit
2957 407 3215 461 omnibus
3237 405 3565 462 deferretur.

308 511 378 563 '53
408 507 570 560 annis
597 506 864 576 regnavit,
889 503 944 558 in
986 504 1220 572 imperio
1253 505 1518 556 sull'eetus
1551 511 1668 556 est:
1704 517 1882 570 neque

309 582 403 652 diu
437 613 619 652 rerum
657 597 891 666 potitus,
931 597 1144 652 Joanne
1193 595 1325 656 filio,
1365 609 1459 648 sex
1515 609 1686 648 annos
1731 602 1882 656 nato,

310 690 528 744 h;erede
564 689 778 754 relicto,
811 688 1028 741 vivendi
1059 686 1219 740 linem
1258 686 1406 739 fecit.

377 781 678 834 Michaelus
727 787 910 833 autem
973 779 1344 847 Palzeologus,
1396 777 1487 844 qui
1558 773 1884 846 jamdudum

307 873 470 924 etiam
511 871 636 924 vivo
663 869 958 924 Theodoro
991 886 1080 924 res
1104 886 1274 922 notas
1307 871 1530 923 molitus
1583 869 1778 931 fuerat,
1829 868 1886 921 itt

308 979 366 1015 se
395 978 579 1015 rerum
606 974 829 1015 "summa
856 961 1146 1026 translata,
1177 960 1444 1014 Joannem
1471 959 1643 1013 oculis
1669 959 1888 1027 spoliat.

313 1054 674 1122 Itccuperavit
705 1053 850 1106 idem
876 1052 1433 1121 ConstantinOpolim,
1465 1052 1552 1105 cui
1585 1061 1696 1104 tum
1727 1066 1892 1119 quar-

313 1151 400 1194 tas
443 1157 508 1196 ex
567 1141 818 1196 Flandris
873 1143 1172 1211 imperator
1227 1151 1456 1210 praeerat
1488 1181 1503 1206 ,
1587 1140 1890 1194 Balduiuus

311 1234 613 1295 secundus,
654 1235 878 1290 lloherti
905 1237 1017 1306 jam
1052 1236 1256 1288 mortui
1295 1237 1480 1288 frater.
1541 1236 1730 1304 itaque
1763 1251 1890 1288 rur-

309 1340 406 1377 sus
436 1325 652 1392 imperii
685 1326 859 1379 forma
894 1326 1141 1394 quaedam
1165 1342 1259 1395 per
1288 1326 1612 1379 Michaelum
1639 1337 1723 1379 est
1756 1341 1892 1380 eon-

307 1417 526 1480 stituta,
563 1415 774 1470 Latinis
805 1432 1034 1486 prorsus
1070 1433 1138 1470 ex
1173 1418 1494 1472 Graecarum
1527 1419 1734 1472 ditione
1770 1419 1894 1487 pul-

297 1510 408 1572 sis,
436 1519 630 1576 praeter
667 1510 837 1564 exiles
870 1510 1151 1580 reliquias,
1189 1511 1242 1564 in
1293 1510 1673 1579 Peloponneso
1712 1509 1894 1566 adhuc

307 1601 603 1656 lia-rentes.
639 1600 886 1671 Cumque
908 1611 1028 1655 non‘
1053 1612 1227 1655 tutum
1251 1640 1266 1665 ,
1303 1602 1548 1671 nee-paci
1584 1615 1895 1654 accommo-

307 1691 499 1743 datum
553 1707 672 1746 esse
709 1678 992 1746 videretur
1036 1691 1323 1753 Michaelo,
1384 1691 1600 1745 turbam
1633 1691 1890 1760 opificum

1999 501 2138 554 lluic
2170 502 2480 554 concordia:
2512 502 2782 570 principio
2809 501 3088 571 Byzantini
3111 499 3565 562 advtrrsabantur,

1996 593 2093 646 sed
2139 593 2398 661 paulatim
2446 593 2634 648 mitius
2664 609 2910 657 sensere,
2948 603 3138 662 postea
3171 608 3338 660 quam
3370 592 3568 645 .loauni

1991 684 2140 738 Beco
2189 685 2606 755 Cbartophj'laci
2657 685 2890 739 fuissent
2957 685 3186 739 cxhibiti
3245 683 3573 754 Blemmyda:

1996 779 2291 847 Nicephori
2345 779 2493 840 libri,
2542 779 2636 848 qui
2687 780 2754 833 de
2803 780 2997 833 iisdem
3051 781 3316 833 adversus
3345 779 3575 833 Latinos

1997 870 2388 924 controversiis
2433 870 2643 925 Joanne
2695 872 2839 924 Daca
2897 871 3213 939 imperante
3265 872 3570 936 consultus,

2001 961 2168 1014 multa
2194 961 2510 1030 scripserat.
2553 961 2664 1015 Hoc.
2696 962 2858 1014 modo
2893 962 3118 1025 factum,
3153 975 3211 1016 ut
3236 965 3432 1025 Becus,
3469 966 3564 1032 qui

2004 1050 2208 1130 dudum
2240 1051 2504 1104 acerrime
2529 1049 2737 1104 Latinis
2759 1050 3178 1115 adversabatur,
3208 1062 3409 1105 mutata
3443 1067 3572 1105 sen-

2003 1140 2194 1204 tentia,
2223 1142 2511 1193 victoriam
2547 1140 2754 1194 faeerct
2785 1141 3095 1209 ambiguam
3123 1181 3138 1204 ,
3179 1142 3573 1210 patriarchico-

2003 1247 2109 1300 que
2143 1231 2284 1284 solio
2310 1217 2641 1294 conscenso,
2663 1232 2730 1285 ad
2763 1231 3011 1304 intimam
3053 1233 3402 1302 illtpcr‘lel'iS
3433 1235 3571 1286 ami-

2001 1323 2185 1376 citiam
2214 1322 2623 1376 admitteretur.
2737 1353 2740 1356 -
3429 1385 3436 1391 ‘

2078 1412 2298 1466 Mortuo
2338 1424 2518 1466 autem
2575 1413 2866 1477 liichaelo,
2924 1413 3271 1467 Andronicus
3328 1413 3469 1467 filius
3523 1415 3576 1467 in

2003 1503 2237 1573 imperio
2270 1505 2574 1560 successit:
2621 1521 2730 1573 quo
2758 1516 3052 1575 regnante,
3083 1505 3387 1571 Turcorum
3423 1506 3580 1574 prin-

1993 1594 2174 1663 cipcs,
2223 1594 2534 1650 Carntauus
2581 1581 2886 1658 Alisurius,
2925 1597 3264 1658 Sarehanes,
3301 1597 3574 1666 Calames,

2002 1688 2260 1750 Cerasus,
2289 1687 2482 1740 Atman
2513 1687 2713 1757 (quiet
2747 1690 3068 1754 Ototnauus)
3109 1688 3431 1758 Amuriique
3457 1691 3574 1755 filii,

293 1792 368 1835 ~et
399 1792 792 1848 mercatorum,
819 1799 884 1837 ex
921 1781 1146 1837 Venetis
1170 1783 1489 1852 Pisanisque
1524 1789 1892 1845 constantem,
1930 1753 1970 1810 Β
2002 1778 2316 1848 provincias
2361 1780 2629 1834 Asiaticas
2683 1781 2889 1833 Graecis
2944 1780 3252 1849 ademptas,
3315 1783 3459 1834 inter
3515 1797 3576 1835 se

307 1890 434 1942 qua:
462 1874 633 1942 pulsis
677 1875 895 1928 Latinis
927 1888 1294 1952 remanserat,
1345 1874 1486 1927 intra
1546 1873 1735 1928 urbem
1787 1889 1893 1926 una

287 1982 436 2018 cum
485 1964 912 2028 Bonnensibus,
975 1966 1256 2034 perpetuis
1309 1965 1550 2034 ipsorum
1617 1965 1892 2028 hostibus,

310 2057 557 2124 degere,
607 2055 852 2110 Galatam
921 2057 1307 2110 Cenuensibus
1362 2056 1679 2125 assignavit,
1735 2071 1764 2108 e
1813 2070 1896 2110 re-

309 2145 476 2212 gione
512 2145 696 2210 sitatn,
733 2145 997 2200 mercium
1029 2146 1375 2198 immunitate
1408 2132 1698 2209 concessa,
1730 2160 1892 2213 quatn

309 2247 475 2289 antea
507 2251 726 2306 quoque
760 2239 1121 2306 promiserat,
1188 2237 1323 2291 urbe
1369 2237 1607 2290 nomium
1661 2238 1890 2304 potitus,

303 2326 362 2377 si
391 2342 494 2394 per
537 2342 632 2380 eos
684 2327 738 2380 in
795 2328 884 2380 illa
921 2327 1292 2396 recuperanda
1330 2328 1646 2397 juvaretur.
1713 2326 1894 2381 Mitte-

315 2415 519 2470 bantur
556 2416 642 2472 liis
691 2418 1046 2487 magistratus
1100 2419 1262 2472 domo
1308 2419 1478 2472 certis
1530 2419 1888 2488 temporibus,

313 2507 413 2576 qui
460 2510 550 2578 jus
597 2509 869 2571 dicerent,
926 2511 1152 2579 suisque
1202 2519 1516 2578 pra-essent.
1576 2513 1653 2564 Ac
1701 2510 1891 2564 Veneti

305 2598 540 2668 quidem
573 2615 732 2653 suum
767 2599 1114 2668 appellabant
1151 2600 1390 2652 [lativum
1415 2602 1528 2653 sive
1556 2611 1888 2665 curatorem,

301 2689 500 2744 ‘Pisani
532 2691 836 2756 consulem,
869 2690 1190 2744 Genuenses
1223 2691 1578 2744 Potestatem.

391 2781 688 2837 Balduinus
735 2782 970 2837 Flander
1003 2823 1018 2848 ,
1081 2783 1326 2852 periculo
1387 2781 1892 2850 Constantinopoli.

301 2885 448 2928 rtano
476 2875 740 2930 liberatus
771 2875 1084 2944 etelapsus,
1121 2876 1172 2928 in
1195 2871 1410 2927 Italiam
1446 2889 1571 2927 cum
1603 2873 1891 2941 pervenis-

317 2977 439 3029 set,
479 2982 601 3040 eum
632 2982 756 3036 rege
787 2966 1148 3035 Neapolitano
1177 2964 1706 3028 Carolo,..Callorum
1745 2965 1889 3034 regis

1997 1869 2181 1936 partiti
2210 1877 2359 1923 sunt.
2391 1869 2670 1924 Adversus
2706 1871 2806 1924 hos
2830 1871 3083 1925 arcessiti
3119 1883 3338 1925 suntex
3375 1873 3574 1940 llispa-

1996 1963 2086 2016 nia
2135 1961 2379 2016 Catelani
2440 1961 2713 2022 flonzerio
2770 1962 2947 2026 duce,
3009 1962 3220 2030 magnis
3282 1964 3574 2030 promissis

1996 2053 2258 2122 praemiis,
2288 2053 2332 2106 si
2372 2052 2585 2108 Tureos
2608 2070 2636 2106 a
2653 2053 2977 2107 Grazeorum
2995 2055 3214 2108 ﬁnibus
3235 2067 3572 2110 averterent.

1993 2129 2129 2197 Cum
2169 2153 2349 2198 autem
2388 2159 2445 2198 re
2499 2154 2691 2198 contra
2721 2144 2931 2212 Tureos
2981 2146 3216 2200 feliciter
3262 2159 3434 2217 gesta,
3466 2163 3572 2200 non

1995 2247 2421 2291 numerarentur
2449 2238 2530 2291 eis
2555 2231 2854 2304 stipendia,
2887 2239 2953 2290 de
2976 2239 3180 2306 quibus
3205 2252 3572 2295 convenerat:

1994 2328 2277 2383 conversis
2300 2329 2352 2382 in
2383 2328 2532 2398 ipsos
2561 2329 2779 2384 Gnaeos
2809 2332 3000 2394 armis,
3023 2331 3187 2403 315.4
3204 2332 3384 2386 Asiam
3406 2335 3577 2401 depo-

1993 2421 2186 2490 pulati,
2209 2435 2401 2474 rursus
2425 2421 2478 2474 in
2508 2421 2776 2489 Europam
2798 2423 3153 2490 trajecerunt.
3179 2425 3427 2493 Cumque
3449 2427 3574 2478 Cal-

1995 2513 2186 2581 liupoli
2221 2523 2514 2582 occupata,
2544 2513 2882 2568 Ronzerinm
2917 2515 3148 2570 Caesaris
3181 2519 3389 2570 honore
3423 2519 3575 2584 prius

1992 2606 2060 2659 ab
2115 2607 2448 2674 imperatore
2493 2617 2770 2667 ornatum,
2831 2607 2898 2659 ad
2945 2609 3263 2675 postulanda
3301 2607 3574 2676 stipendia

1992 2711 2088 2749 sua
2120 2697 2483 2761 Orestiadem,
2522 2697 2613 2750 ubi
2645 2698 2940 2752 Michaclus
2963 2699 3256 2752 Andronici
3295 2699 3436 2752 filius
3477 2699 3580 2750 im—

1992 2795 2210 2852 perator
2235 2785 2552 2852 designatus
2577 2786 2636 2840 id
2661 2787 2928 2854 temporis
2949 2789 3163 2856 agel.at.
3194 2788 3571 2854 ablegassent:

1984 2882 2141 2952 jussu
2174 2875 2424 2929 Michaeli
2455 2877 2760 2930 llonzerius
2805 2877 2872 2930 ad
2931 2878 3103 2945 ipsam
3135 2879 3336 2943 regiam
3367 2877 3574 2931 Gra'cis

1991 2982 2021 3020 a
2066 2965 2331 3019 militibus
2379 2976 2466 3018 est
2513 2965 2899 3035 interemptus.
2932 2965 3047 3032 Qua
3101 2968 3248 3021 eat-de
3301 2971 3574 3032 nuntiata,

307 3059 511 3122 :fratre,
564 3058 657 3127 qui
702 3057 1074 3112 Conradiuutn
1125 3056 1367 3112 Suevum
1425 3057 1730 3126 legitimum
1773 3059 1890 3128 ejus
1921 3072 1965 3134 ο
1996 3054 2237 3110 Catelani
2281 3069 2400 3108 sese
2451 3055 2597 3108 bello
2630 3072 2843 3124 parare,
2879 3057 3191 3112 Graecorum
3251 3057 3393 3109 bona
3445 3057 3578 3109 diri-

301 3149 594 3203 tlncredem
670 3149 819 3218 regni
888 3148 1223 3213 trucidarat,
1286 3147 1608 3200 aliinitatem
1669 3147 1889 3216 junxit,

315 3243 467 3295 i'dius
513 3240 621 3293 lilia
655 3239 767 3293 lilio
802 3255 902 3293 suo
933 3241 1226 3308 desponsa,
1259 3253 1488 3308 Sperans
1523 3238 1644 3308 ejus
1686 3239 1894 3312 opibus

313 3350 378 3386 se
396 3330 922 3399 Constantinopolim
954 3337 1424 3398 recuperaturum.
1485 3327 1589 3383 Sed
1621 3344 1686 3383 ea
1725 3329 1888 3397 cupi-

317 3427 460 3476 ditas
483 3435 644 3493 atque
675 3433 902 3477 conatus
927 3423 1111 3475 irritus
1137 3423 1360 3475 omnino
1399 3421 1520 3475 fuit.
1582 3422 1888 3491 imperante

309 3501 644 3584 I’alaeologo,
675 3515 746 3568 25
769 3515 855 3568 die
877 3509 1026 3578 Maii,
1059 3514 1185 3576 anni
1216 3513 1376 3574 0775,
1406 3513 1509 3566 sub
1539 3512 1729 3566 horam
1761 3511 1892 3566 ante

322 3607 604 3682 riteridiem
639 3609 876 3669 tertiam.
917 3608 1044 3662 luna
1075 3609 1244 3662 solem
1297 3608 1630 3672 obscuravit,
1681 3607 1893 3676 fuitque

323 3711 436 3754 tota
469 3700 691 3770 eclipsis
719 3711 1054 3770 punctorum
1091 3700 1204 3754 fere
1244 3698 1327 3753 12.
1367 3698 1554 3752 Tanta:
1581 3707 1764 3753 autem
1794 3698 1896 3752 sub

315 3795 444 3864 ejus
470 3774 710 3847 medium
741 3803 875 3847 orta:
906 3801 1038 3850 sunt
1079 3792 1343 3855 tenebrae,
1373 3799 1433 3844 ut
1485 3791 1672 3844 multre
1725 3791 1896 3845 stella:

310 3892 688 3952 apparerent:
738 3898 860 3952 qua:
904 3881 1166 3936 nimirum
1212 3880 1475 3935 tnavitnas
1523 3881 1895 3935 Romanorum

323 3972 682 4035 calamitates,
714 3989 744 4026 a
795 3972 990 4027 Turcis
1039 3972 1414 4036 imminentes,
1468 3969 1893 4040 portendebant.

311 4063 641 4117 Secundum
677 4069 789 4116 haec
829 4063 1136 4131 imperator
1169 4059 1486 4114 Andronico
1536 4059 1648 4114 filio
1682 4062 1895 4114 Annam

313 4153 660 4206 Pannoniam
697 4151 1022 4222 despondet,
1071 4151 1345 4219 simulque
1379 4151 1556 4220 ipsum
1590 4148 1896 4220 insignibus

317 4239 543 4310 imperii
573 4249 757 4304 ornat,
795 4255 923 4294 eum
961 4240 1312 4310 promisisset
1355 4239 1482 4292 dato
1511 4238 1891 4308 jurejurando,

315 4349 383 4388 se
425 4334 513 4402 pie
541 4342 927 4389 veneraturum
963 4331 1282 4396 Ecclesiam,
1323 4341 1377 4383 et
1401 4328 1686 4400 privilegia
1724 4329 1896 4398 ipsius

1997 3163 2152 3219 pere,
2194 3146 2482 3201 Thraciam
2513 3147 2828 3216 pervagari,
2855 3147 3181 3201 Miehaclnm
3216 3157 3407 3215 aperto
3441 3161 3576 3214 prae-

1995 3239 2072 3293 lio
2105 3240 2173 3292 ad
2226 3237 2436 3307 Aprum
2476 3236 2684 3306 (oppidi
2741 3237 2843 3291 hoc
2883 3239 2938 3292 in
2970 3221 3429 3291 'l'braeia'nomen
3467 3235 3574 3303 Gel)

1996 3338 2266 3394 sternere,
2298 3329 2527 3382 victoria
2568 3329 2688 3383 freti
2724 3328 3092 3399 Macedoniam
3148 3328 3431 3391 invadere,
3476 3342 3574 3380 su-

1997 3421 2312 3490 peratisque
2356 3422 2644 3476 montibus
2695 3429 2750 3473 et
2796 3421 3160 3485 convallibus,
3215 3436 3338 3488 qua:
3369 3420 3574 3487 Tempe

1998 3519 2420 3582 nuncupatum?
2447 3515 2499 3567 in
2525 3512 2865 3568 Thessaliam
2902 3512 3134 3565 irruere.
3191 3511 3328 3564 Cum
3391 3520 3571 3563 autem

1999 3605 2229 3682 minime
2255 3605 2606 3660 lacessendos
2637 3603 2884 3658 Thessali
2913 3602 3203 3662 Catelanos
3242 3611 3571 3667 statuerent,

1997 3697 2142 3752 datis
2176 3697 2426 3766 pecuniis
2456 3705 2513 3751 et
2541 3697 2640 3752 via:
2665 3696 2908 3751 ducibus
2938 3695 3262 3764 impetrant,
3298 3707 3357 3748 ut
3382 3710 3570 3749 eorum

1997 3792 2201 3846 finibus
2234 3791 2617 3846 execderent.’

2067 3883 2236 3950 Igitur
2273 3883 2329 3934 in
2357 3881 2621 3936 Bmotiam
2667 3879 2856 3943 delati,
2885 3878 2954 3933 ab
2985 3879 3319 3932 Athenarum
3361 3879 3574 3933 Theba—

1998 3989 2229 4043 rumque
2265 3973 2403 4027 duce
2442 3972 2731 4026 transitum
2765 3986 2862 4039 per
2885 3971 3007 4038 ejus
3037 3971 3170 4023 fines
3199 3979 3448 4038 pacatqu
3479 3986 3575 4038 pe-

2001 4073 2142 4120 tunt.
2171 4065 2268 4120 Ille
2298 4079 2420 4117 cum
2457 4063 2604 4117 fastu
2653 4073 2710 4116 et
2740 4061 2924 4116 derisu
2957 4045 3236 4114 Catelaiiis
3265 4075 3572 4129 eorumque

1999 4157 2292 4228 postulatis
2322 4148 2549 4226 spretis,
2582 4169 2680 4223 per
2711 4163 3036 4207 autumnum
3073 4163 3126 4207 et
3161 4152 3397 4206 hiemem
3428 4153 3574 4206 vires
3623 4221 3633 4232 .

2001 4263 2128 4303 suas
2161 4248 2230 4300 ad
2258 4263 2354 4302 ver
2384 4261 2558 4314 usque
2605 4245 2834 4314 colligit.
2903 4243 3089 4312 Itaque
3127 4243 3372 4297 Catelaui
3421 4245 3572 4297 veris

2003 4339 2156 4392 initio
2187 4355 2295 4392 non
2328 4337 2517 4407 procul
2549 4352 2578 4390 a
2608 4337 2843 4405 Cephise
2874 4333 3098 4390 ﬂumine
3123 4335 3322 4390 castris
3353 4336 3570 4405 positis,

319 4424 590 4479 inviolata
641 4432 1093 4480 conservaturum
1116 4459 1132 4487 ,
1187 4421 1328 4491 [κλιιί
1376 4426 1558 4473 autem
1613 4434 1894 4488 nunquatn
1929 4405 1974 4462 D
2002 4433 2216 4488 hostem
2250 4430 2698 4502 opperiebantur.
2749 4430 2919 4484 Εηιιιι
2947 4445 3138 4484 eorum
3167 4429 3381 4499 equites
3409 4429 3570 4493 3500’

325 4517 741 4572 insidiaturum.
873 4550 884 4562 -
1587 4563 1600 4570 .

395 4607 532 4674 Cum
568 4616 750 4661 autem
790 4605 1022 4660 Carolus
1054 4619 1150 4658 rex
1181 4603 1440 4673 Neapolis
1475 4615 1700 4672 magnos
1731 4613 1895 4667 appa-

323 4714 480 4755 ratus
522 4699 724 4754 faceret
770 4698 824 4750 in
854 4697 1083 4767 gratiam
1123 4693 1380 4748 Balduini
1416 4691 1657 4754 Flandri,
1695 4689 1896 4744 Palico-

319 4795 484 4862 logus
527 4789 828 4844 domestica
865 4788 918 4842 in
974 4788 1128 4840 illunt
1167 4784 1310 4840 bella
1345 4784 1661 4848 connuovit,
1698 4796 1894 4851 magna

322 4883 560 4954 pecunia
595 4881 864 4944 finitimis.
895 4879 1084 4935 Siculo
1131 4893 1257 4946 rege
1311 4891 1375 4930 ac
1408 4876 1647 4939 Venetis,
1682 4875 1749 4926 ad
1786 4873 1896 4928 bel-

323 4981 443 5032 lum
478 4977 552 5031 illi
588 4975 902 5030 faciendum
935 4973 1248 5028 concitatis.
1285 4970 1556 5025 Prmtcrea
1586 4971 1792 5040 legatos
1826 4968 1894 5022 ad

324 5084 523 5140 papam
559 5069 750 5131 mittit,
800 5065 866 5121 de
900 5065 1138 5120 ineunda
1191 5064 1395 5118 veteris
1427 5071 1481 5118 et
1521 5079 1675 5116 nera:
1708 5062 1896 5114 Romae

328 5163 697 5218 Eccleslarum
729 5159 1052 5223 concordia,
1088 5157 1252 5212 modo
1281 5157 1328 5211 is
1375 5155 1558 5211 Caroli
1587 5154 1894 5224 expeditio-

327 5235 460 5309 nem
499 5263 793 5308 averteret.
845 5249 912 5306 Et
940 5249 1215 5319 legatione
1241 5265 1270 5302 a
1305 5264 1442 5318 papa
1463 5247 1712 5316 benigne
1740 5245 1897 5300 audi-

329 5355 405 5406 ta.
439 5345 744 5400 concordia:
771 5343 1012 5396 rationes
1042 5341 1188 5394 inita:
1217 5350 1366 5400 sunt.
1407 5340 1563 5409 cujus
1597 5339 1712 5393 lucc
1741 5337 1896 5392 luere

327 5436 544 5505 capita:
585 5435 849 5499 Primum,
875 5443 934 5486 ut
984 5433 1039 5485 in
1092 5447 1372 5486 sacrorum
1421 5429 1760 5484 voluminum
1799 5429 1897 5500 hy—

327 5527 572 5582 mnodiis
619 5542 769 5596 papa:
835 5541 963 5580 cum
1027 5534 1266 5593 quatuor
1310 5523 1636 5593 patriai-citis
1693 5524 1896 5578 mentio

329 5620 509 5679 fieret.
551 5618 821 5680 Alterum,
856 5625 916 5670 ut
942 5616 1136 5670 liceret
1167 5616 1340 5670 cuivis
1376 5615 1602 5668 itautam
1633 5626 1894 5678 veterem,

327 5725 453 5771 qua:
503 5710 653 5764 curia
703 5709 873 5779 major
928 5719 984 5765 et
1038 5708 1330 5784 perfectior
1378 5717 1542 5773 esset,
1597 5707 1892 5776 appctlzre.

1999 4523 2246 4594 peditum
2275 4521 2437 4576 4000.
2473 4521 2610 4574 Dum
2645 4521 2882 4575 hostium
2912 4523 3202 4575 adventum
3231 4532 3570 4590 exspectant,

1997 4630 2210 4670 omnem
2250 4613 2396 4667 illam
2435 4621 2637 4666 terram
2669 4621 2847 4674 arant,
2900 4611 2990 4665 ubi
3033 4627 3276 4681 pugnare
3318 4612 3574 4664 decreve—

1998 4714 2164 4773 rant;
2196 4703 2394 4760 deinde
2417 4702 2664 4757 obducto
2685 4703 2924 4774 vallo,et
2954 4702 3096 4756 actis
3129 4701 3353 4756 flumine
3387 4701 3569 4764 fossis,

2000 4805 2166 4852 totam
2198 4794 2480 4864 planitiem
2536 4793 2617 4849 sic
2671 4793 2924 4863 irrigant,
2970 4801 3030 4846 ut
3073 4785 3372 4861 stagnaret.
3434 4790 3575 4845 Vere

1999 4889 2180 4943 medio
2215 4887 2455 4958 regionis
2487 4885 2750 4958 princeps
2775 4900 2896 4939 cum
2926 4885 3141 4953 magnis
3165 4883 3339 4952 copiis
3361 4882 3572 4947 aderat,

1997 4984 2248 5050 equitum
2281 4979 2421 5034 0400
2443 5019 2459 5044 ,
2496 4977 2746 5046 peditum
2785 4978 3021 5046 amplius
3055 4975 3194 5030 8000
3224 4976 3452 5030 ducens.
3511 4973 3576 5028 Et

1997 5083 2114 5128 erat
2147 5072 2320 5140 ipsius
2351 5071 2539 5140 opinio
2567 5070 2987 5139 arrogantiaque
3018 5070 3177 5139 longe
3209 5070 3404 5138 tuajor.
3440 5067 3576 5136 Spe.

1999 5166 2154 5220 rabat
2183 5164 2354 5229 enim,
2407 5178 2464 5218 se
2491 5161 2769 5218 Catelauis
2804 5163 2990 5227 vietis,
3030 5163 3215 5217 omnia
3246 5160 3574 5232 Byzantium

2000 5271 2172 5324 usque
2224 5270 2379 5308 suam
2426 5255 2482 5308 in
2513 5263 2844 5323 potestatem
2894 5255 3268 5309 redacturum.
3324 5254 3574 5326 Cupique

1999 5345 2286 5414 planitiem
2333 5346 2481 5400 inter
2509 5360 2638 5401 suos
2669 5356 2723 5400 et
2758 5347 2942 5402 hostes
2969 5347 3310 5416 interjeetam
3332 5382 3346 5406 ,
3401 5339 3572 5394 multo

1999 5437 2245 5507 gramine
2275 5438 2542 5494 virentem
2592 5439 2994 5508 conspexisset,
3047 5437 3188 5490 nihil
3227 5445 3416 5488 eorum
3447 5443 3570 5497 qua:

2000 5535 2118 5580 aeta
2157 5538 2332 5592 erant,
2367 5530 2692 5597 suspicatus,
2748 5545 2872 5584 cum
2900 5525 3180 5596 equitibus
3223 5522 3278 5575 in
3316 5534 3416 5573 eos
3457 5519 3570 5572 fer-

2003 5628 2110 5684 tur,
2136 5630 2286 5673 extra
2309 5637 2559 5692 catupum
2595 5622 2645 5674 in
2675 5622 2955 5690 procinctu
2984 5624 3213 5670 stantes.
3255 5611 3359 5667 Sed
3386 5611 3574 5679 prius-

2003 5727 2169 5778 quam
2225 5712 2389 5766 Attici
2450 5713 2683 5768 mediam
2731 5712 2795 5766 ad
2854 5707 3139 5780 plmitiem
3193 5703 3570 5780 pervenirent,
