4088 6186
295 291 400 357 037

1651 289 2203 348 L‘UNTINUATIO.

3443 292 3554 352 B38

252 392 262 402 ’
300 401 466 466 niori,
535 395 861 468 espondeut.
923 395 975 449 ls
1024 395 1286 464 deinceps
1319 402 1533 448 mortuo
1575 398 1737 463 patri,
1784 399 1879 462 qui
1913 400 1953 454 Α
1987 397 2258 460 Tertium,
2293 405 2350 448 nt
2376 395 2456 449 illi
2489 394 2831 465 principatus
2861 395 2915 447 in
2949 395 3205 449 omnibus
3227 394 3554 450 deferretur.

298 495 368 547 '53
397 491 560 546 annis
586 490 854 560 regnavit,
880 488 934 542 in
977 489 1210 557 imperio
1244 489 1508 540 sull'eetus
1541 497 1659 540 est:
1694 502 1873 555 neque

299 567 392 636 di'u
426 597 609 636 rerum
647 582 881 650 potitus,
921 581 1134 636 Joanne
1183 579 1315 641 lilio,
1353 594 1450 632 sex
1504 594 1684 633 annos
1721 588 1872 642 nato,

299 674 517 728 luet-ede
553 673 767 739 relicto,
799 672 1018 726 vivendi
1049 671 1209 725 linem
1248 671 1395 724 fecit.

367 765 668 818 Michaelus
716 771 900 817 autem
963 763 1334 832 Palmologus,
1385 762 1477 829 qui
1548 758 1874 832 jamdudum

297 857 460 908 etiam
501 855 625 907 vivo
653 853 948 907 Theodoro
981 871 1069 908 res
1094 871 1264 907 novas
1296 855 1519 908 molitus
1572 854 1769 916 fuerat,
1820 853 1876 906 in

298 963 356 998 se
385 961 569 998 rerum
597 958 819 998 summa
851 947 1136 1010 translata,
1167 944 1434 998 Joanriem
1460 944 1633 998 oculis
1659 944 1878 1012 spoliat.

301 1038 664 1106 liecupcravit
694 1038 840 1091 idem
865 1037 1422 1105 Constantiimpolim,
1455 1037 1542 1090 cui
1575 1046 1685 1089 tum
1716 1052 1881 1104 quar-

302 1135 388 1179 tas
431 1141 498 1179 ex
555 1125 808 1180 Flandris
863 1127 1161 1196 imperator
1216 1136 1492 1195 priecrat,
1576 1125 1880 1180 Balduiuus

301 1218 602 1280 secundus,
643 1219 868 1276 liohcrti
895 1222 1006 1290 jam
1041 1221 1244 1274 mortui
1283 1222 1469 1274 frater.
1532 1221 1718 1289 Itaque
1753 1237 1879 1274 rur-

299 1324 395 1361 sus
425 1309 642 1377 imperii
674 1310 848 1364 forma
883 1311 1129 1378 quu'dam
1154 1327 1247 1380 per
1277 1311 1602 1364 Micltaelum
1629 1322 1711 1365 est
1745 1327 1880 1364 con-

298 1401 514 1464 stituta,
553 1399 764 1454 Latinis
795 1417 1023 1470 prorsus
1059 1418 1126 1455 ex
1163 1403 1483 1456 "Graecorum
1515 1405 1723 1457 ditionc
1759 1405 1883 1472 pul-

289 1495 396 1556 sis,
424 1503 620 1561 praeter
657 1495 826 1548 exiles
861 1495 1140 1564 reliquias,
1178 1495 1230 1549 in
1282 1496 1662 1565 Peloponneso
1701 1494 1883 1550 adhuc

297 1585 592 1642 humentes.
629 1585 876 1656 Cumque
898 1597 1016 1640 non"
1042 1597 1215 1640 tntum
1239 1625 1254 1649 ,
1292 1588 1536 1656 nec-paci
1573 1600 1884 1640 accommo-

297 1676 488 1728 datum
542 1692 662 1732 esse
697 1677 981 1732 videretur
1025 1675 1310 1738 Michaela,
1371 1677 1588 1730 turbam
1621 1676 1879 1745 opiﬁcum

299 1777 358 1819 ct
388 1777 780 1833 mercatorum,
807 1784 872 1822 ex
911 1766 1133 1822 Venetis
1159 1767 1478 1836 Pisanisque
1512 1774 1882 1830 constantem,

297 1875 422 1926 qua:
451 1859 622 1927 pulsis
667 1859 884 1912 Latinis
917 1873 1284 1938 remanserat,
1333 1859 1474 1912 intra
1534 1859 1724 1913 urbem
1776 1874 1882 1912 una

277 1967 426 2003 ~cum
475 1949 901 2012 Cannensibus,
962 1951 1244 2018 perpetuis
1297 1950 1540 2018 ipsorum
1607 1950 1881 2014 hostibus,

300 2042 546 2109 degere,
596 2040 840 2095 Galatam
908 2041 1294 2094 Geauensihus
1350 2041 1668 2110 assignavit,
1723 2057 1752 2094 e
1801 2056 1885 2095 re—

297 2129 465 2196 gione
501 2129 684 2193 sitam,
721 2130 984 2184 mercium
1016 2131 1362 2184 immunitate
1396 2118 1685 2195 concessa,
1718 2146 1880 2199 quam

299 2232 464 2273 antea
495 2236 714 2290 quoque
747 2223 1108 2290 promiserat,
1175 2222 1311 2276 urbe
1357 2223 1595 2276 nondum
1649 2224 1878 2291 potitus,

299 2309 350 2361 si
379 2326 482 2378 per
525 2325 620 2364 eos
671 2311 726 2364 in
783 2312 871 2364 illa
909 2312 1280 2381 recuperanda
1317 2314 1634 2382 juvaretur.
1701 2313 1882 2367 Mitte-

287 2385 507 2453 -balntur
543 2400 630 2456 his
679 2402 1033 2471 magistratus
1087 2403 1250 2457 domo
1296 2405 1466 2458 certis
1519 2405 1876 2474 temporibus,

301 2491 400 2560 qui
448 2493 538 2562 jus
585 2493 857 2555 dicerent,
913 2496 1139 2564 suisque
1191 2505 1504 2564 priccssent.
1564 2498 1640 2550 Ac
1689 2495 1877 2549 Veneti

297 2582 528 2651 quidem
560 2599 719 2637 suum
755 2583 1102 2653 appellabant
1138 2585 1377 2637 Balivum
1403 2588 1516 2638 sive
1543 2596 1875 2650 curatorem,

291 2673 488 2727 'i’isani
521 2675 823 2739 consulem,
855 2675 1178 2730 Gcnucnscs
1210 2677 1565 2730 Potestatem.

378 2765 676 2820 Balduinus
721 2767 957 2822 Flandcr
990 2809 1005 2833 ,
1068 2768 1313 2836 periculo
1375 2766 1880 2836 Constantinopoli.

303 2869 436 2912 tano
463 2859 728 2914 liberatus
757 2860 1072 2929 etelapsus,
1108 2859 1398 2913 inltaliam
1433 2873 1558 2912 cum
1591 2859 1878 2926 pervenis-

305 2961 390 3003 sct
411 2990 427 3013 ,
467 2967 589 3024 eum
619 2966 743 3020 rege
775 2951 1136 3020 Neapolitano
1165 2951 1384 3014 Carolo,
1412 2950 1693 3004 Gallorum
1733 2951 1877 3020 regis

1989 486 2127 540 lluic
2160 487 2471 540 concordia:
2503 488 2773 556 principio
2800 488 3078 558 Byzantini
3101 487 3555 549 adversabantur,

1986 579 2082 632 sed
2128 579 2388 648 paulatim
2436 579 2624 634 mitius
2655 596 2901 644 sensere,
2938 590 3128 649 postea
3162 596 3328 648 quam
3360 580 3558 634 Joatmi

1980 670 2130 724 Beco
2179 671 2597 742 Chartophylaci
2648 672 2880 726 fuissent
2948 673 3176 726 cxhibiti
3236 671 3562 742 Blemmyda:

1985 764 2280 833 Nicephori
2336 765 2483 827 libri,
2532 767 2627 834 qui
2677 767 2745 820 de
2794 767 2987 821 iisdem
3041 768 3305 821 adversus
3336 767 3564 820 Latinos

1987 857 2378 910 controversiis
2423 857 2634 912 Joanne
2687 859 2830 911 Duco
2891 859 3203 926 imperante
3255 860 3559 924 consultus,

1991 947 2158 999 [unita
2184 949 2501 1017 scripserat.
2543 948 2654 1001 Hoc.
2687 949 2848 1001 modo
2883 949 3107 1013 factum,
3143 963 3201 1003 ut
3227 952 3422 1012 Decus,
3458 954 3554 1019 qui

1994 1036 2198 1116 dudum
2229 1037 2494 1090 acerrime
2519 1035 2728 1090 Latinis
2749 1037 3168 1102 adversabatur,
3197 1049 3398 1092 mutata
3432 1055 3560 1093 sen-

1992 1126 2183 1191 tentia,
2212 1128 2500 1180 victoriam
2537 1127 2744 1181 faceret
2774 1128 3085 1196 ambiguam
3113 1167 3126 1191 ,
3168 1129 3562 1197 patriarchico-

1993 1233 2098 1286 que
2133 1217 2273 1270 solio
2299 1203 2630 1281 conscenso,
2653 1219 2718 1271 ad
2752 1219 3000 1290 intimam
3041 1219 3391 1288 imperatoris
3422 1222 3560 1274 ami-

1991 1308 2174 1362 citiam
2203 1308 2613 1362 admitteretur.
3419 1373 3424 1378 _

2067 1398 2288 1452 Mortuo
2328 1410 2507 1452 autem
2565 1399 2856 1464 liichaelo,
2913 1399 3260 1454 Andronicus
3317 1401 3457 1454 (ilius
3511 1402 3564 1454 in

1992 1489 2226 1559 imperio
2259 1491 2524 1545 successit
2550 1509 2562 1544 :
2611 1508 2719 1559 quo
2747 1503 3041 1561 regnante,
3072 1492 3375 1545 Turcorum
3411 1493 3567 1562 prin-

1987 1580 2162 1649 cipes,
2212 1580 2523 1636 Carmanus
2570 1569 2876 1646 Alisurius,
2913 1584 3253 1644 Sarrhanes,
3289 1584 3561 1650 Calames,

1991 1673 2249 1736 Cerasus,
2278 1673 2471 1726 Atman
2502 1674 2618 1742 (qui
2647 1684 2702 1728 et
2735 1677 3056 1741 Ommanus;
3097 1676 3420 1744 Amuriiqtte
3445 1679 3562 1741 lilii,

1990 1765 2305 1833 provincias
2349 1766 2618 1820 Asiaticas
2671 1767 2878 1820 (ἂνω-ῖς
2933 1767 3240 1836 ademptas,
3303 1769 3446 1822 inter
3503 1784 3563 1822 se

1985 1855 2169 1922 partiti
2199 1864 2347 1909 sunt.
2380 1855 2660 1910 Adversus
2695 1857 2795 1912 hos
2819 1859 3072 1912 arcessiti
3107 1870 3325 1912 suntex
3363 1860 3560 1928 Hispa-

1985 1948 2074 2002 nia
2123 1947 2368 2002 Catelaui
2429 1947 2702 2008 lionzerio
2759 1949 2936 2012 dare,
2997 1949 3208 2018 magnis
3271 1951 3562 2018 promissis

1985 2040 2246 2108 praemiis,
2276 2039 2321 2093 si
2361 2039 2573 2094 Tureos
2597 2057 2625 2093 a
2643 2041 3202 2096 Crzecorumlinibus
3223 2054 3558 2097 averterent.

1981 2115 2117 2183 Cum
2157 2139 2337 2184 autem
2376 2146 2433 2184 re
2487 2142 2680 2184 contra
2709 2131 2919 2200 Tureos
2969 2133 3203 2188 feJiciter
3249 2147 3420 2204 gesta,
3453 2151 3558 2188 non

1983 2233 2409 2276 numerarentur
2437 2225 2520 2278 eis
2544 2219 2842 2292 stipendia,
2875 2226 2941 2278 de
2963 2226 3167 2294 quibus
3193 2240 3559 2283 convenerat:

1982 2314 2266 2369 conversis
2288 2315 2341 2368 in
2372 2315 2520 2384 ipsos
2549 2316 2767 2370 Graecos
2797 2319 2987 2380 armis,
3011 2318 3174 2390 344
3192 2320 3370 2373 Asiam
3393 2323 3563 2389 depo—

1980 2407 2174 2476 pulati,
2197 2422 2389 2461 rursus
2413 2408 2466 2461 in
2496 2408 2764 2476 Europam
2785 2410 3140 2477 trajecerunt.
3167 2412 3414 2480 Cumque
3435 2414 3560 2466 Cal-

1983 2498 2174 2568 linpoli
2209 2500 2869 2568 occupata,.Ronzerium
2903 2503 3136 2557 Cmsaris
3167 2505 3376 2558 honore
3409 2507 3561 2572 prius

1979 2592 2048 2645 ab
2103 2593 2436 2661 imperatore
2481 2604 2757 2653 ornatum,
2818 2593 2884 2646 ad
2931 2596 3251 2662 postulanda
3287 2596 3559 2664 stipendia

1979 2699 2075 2736 sua
2108 2683 2471 2748 Orestiadem,
2509 2684 2601 2737 ubi
2631 2685 2926 2740 Michaelus
2950 2688 3243 2741 Andronici
3282 2688 3422 2740 lilius
3463 2688 3565 2738 im-

1979 2781 2198 2838 perator
2223 2772 2539 2838 designatus
2565 2773 2622 2826 id
2644 2775 2915 2841 temporis
2937 2778 3150 2844 agelat,
3180 2776 3556 2843 ablegassent:

1971 2868 2128 2938 jussu
2161 2861 2411 2915 Michaeli
2443 2863 2748 2917 lloitzerius
2792 2865 2860 2917 ad
2917 2866 3090 2932 ipsam
3121 2867 3322 2932 regiam
3354 2865 3560 2919 Gra‘cis

1979 2969 2008 3006 a
2053 2952 2318 3006 militibus
2367 2962 2452 3004 est
2499 2951 2886 3021 interemptus.
2919 2953 3034 3019 Qua
3089 2956 3234 3008 unde
3287 2959 3558 3020 nuntiata,

301 3044 499 3108 fratre,
552 3043 644 3111 qui
690 3041 1060 3096 Conrarlinum
1112 3041 1353 3096 Sucvum
1412 3042 1716 3112 legitimum
1761 3044 1878 3114 ejus
1908 3058 1952 3120 ο
1983 3041 2225 3096 Catelani
2268 3056 2386 3095 sese
2438 3042 2584 3095 bello
2617 3057 2830 3110 parare,
2867 3045 3178 3098 Graecorum
3237 3045 3377 3096 bona
3429 3044 3563 3097 diri-

289 3133 581 3187 ‘Jneredem
657 3134 806 3202 regni
875 3133 1210 3197 trucidarat,
1273 3133 1594 3187 aliinitatcm
1655 3133 1876 3202 junxit,

301 3227 455 3278 illius
500 3225 609 3276 lilia
643 3224 753 3277 lilio
789 3240 889 3278 suo
920 3225 1212 3293 desponsa,
1246 3239 1475 3292 sperans
1509 3224 1630 3294 ejus
1673 3225 1881 3298 opibus

305 3335 366 3371 se
384 3315 908 3384 Constantinopolim
940 3323 1411 3382 recuperaturum.
1471 3313 1575 3368 Sed
1608 3330 1673 3368 ea
1712 3315 1874 3382 cupi-

304 3411 448 3460 ditas
470 3418 630 3477 atque
663 3417 888 3460 conatus
913 3408 1097 3459 irritus
1124 3407 1347 3459 omnino
1386 3406 1506 3460 fuit.
1569 3406 1875 3476 Imperante

295 3501 631 3568 PaLeolOgo,
662 3499 732 3552 25
756 3499 842 3552 die
863 3495 1012 3562 Maii,
1045 3499 1170 3552 anni
1203 3497 1363 3558 G775.
1393 3498 1495 3551 sub
1525 3498 1715 3551 horam
1747 3508 1878 3552 ante

310 3593 591 3665 meridiem
625 3593 862 3652 tertiam.
904 3593 1030 3646 luna
1061 3594 1230 3646 solem
1283 3593 1616 3657 obseuravit,
1666 3593 1880 3661 fuitque

311 3694 423 3738 tota
455 3684 678 3754 eclipsis
706 3696 1040 3754 punctorum
1077 3685 1191 3738 fere
1230 3683 1313 3738 1‘3.
1353 3683 1540 3737 Tantae
1568 3691 1749 3738 autem
1780 3683 1882 3737 sub

301 3779 430 3847 ejus
457 3757 697 3831 medium
728 3787 861 3831 ortae
891 3786 1025 3834 sunt
1065 3777 1329 3840 tenebrae,
1359 3785 1420 3829 ut
1471 3776 1656 3829 multa:
1710 3775 1881 3829 stella:

303 3877 674 3936 apparerent:
724 3883 846 3937 qua:
890 3865 1152 3921 nimirum
1198 3865 1460 3920 ruavimas
1509 3866 1880 3920 Romanorum

309 3956 668 4020 calamitates,
700 3973 730 4012 a
781 3957 977 4011 Turcis
1025 3957 1399 4020 imminentes,
1453 3954 1878 4024 portendebant.

299 4047 626 4101 Secundum
663 4055 775 4101 tunc
815 4049 1122 4116 imperator
1157 4045 1472 4099 Andronico
1522 4044 1634 4098 lilio
1667 4047 1880 4100 Annam

303 4137 645 4191 Pannoniam
683 4135 1009 4207 despondet,
1057 4136 1331 4204 simulque
1365 4137 1541 4204 ipsum
1576 4134 1882 4206 insignibus

305 4224 529 4295 imperii
559 4234 742 4290 ornat,
781 4241 908 4279 cum
948 4225 1298 4294 promisisset
1341 4223 1468 4277 dato
1496 4224 1876 4295 jurejurando,

305 4333 368 4373 se
410 4319 499 4387 pie
527 4327 913 4373 veneraturum
949 4316 1267 4381 Ecclesiam,
1309 4327 1363 4368 et
1387 4315 1672 4385 privilegia
1711 4317 1881 4386 ipsius

1985 3149 2138 3204 pere,
2181 3133 2469 3188 Thraciam
2499 3134 2815 3202 pervagari,
2843 3134 3167 3188 Micliaelum
3201 3144 3391 3202 aperto
3425 3148 3561 3202 prae-

1981 3224 2059 3278 lio
2092 3225 2160 3278 ad
2213 3224 2423 3293 Aprum
2462 3223 2672 3292 (oppidi
2728 3224 2830 3277 hoc
2872 3225 2926 3278 in
2957 3224 3188 3277 Thracia
3207 3208 3414 3277 nomen
3451 3224 3559 3290 est)

1983 3325 2252 3380 sternere,
2286 3315 2514 3370 victoria
2555 3315 2674 3369 freti
2711 3315 3077 3385 Macedoniam
3117 3316 3415 3390 invadere,
3460 3330 3559 3368 su-

1983 3407 2298 3476 peratisque
2343 3408 2630 3462 montibus
2681 3416 2735 3460 et
2782 3408 3146 3471 convallibus,
3199 3423 3322 3475 qua:
3353 3408 3560 3476 'l‘empe

1984 3506 2406 3568 nuncupantur?
2432 3501 2485 3553 in
2512 3499 2851 3555 Thessaliam
2889 3500 3119 3553 irruere.
3176 3499 3313 3552 Cum
3375 3508 3557 3551 autem

1986 3590 2216 3666 minime
2243 3591 2592 3646 lacessendos
2623 3590 2869 3644 Thessali
2899 3589 3188 3646 Catelanos
3227 3599 3558 3655 statuerent,

1983 3681 2128 3735 datis
2162 3682 2414 3750 pecuniis
2443 3691 2499 3736 et
2527 3683 2626 3738 via.-
2651 3683 2894 3737 ducibus
2925 3681 3247 3751 impetrant,
3283 3695 3342 3736 ut
3367 3699 3556 3738 eorum

1983 3776 2188 3831 ﬁnibus
2221 3776 2603 3831 excederent:

2052 3867 2222 3936 Igitur
2259 3868 2315 3920 in
2343 3865 2608 3921 Bmotiam
2653 3865 2842 3928 delati,
2871 3865 2940 3919 ab
2969 3865 3304 3919 Athenarum
3347 3867 3562 3922 Theba-

1983 3975 2216 4028 rumque
2251 3959 2389 4014 duce
2428 3958 2716 4011 transitum
2751 3973 2847 4026 per
2870 3958 2992 4025 ejus
3022 3958 3156 4011 ﬁnes
3186 3968 3434 4026 pacatmn
3466 3975 3561 4028 pe-

1987 4059 2129 4106 tunt.
2158 4050 2254 4106 lll‘e
2284 4065 2407 4104 cum
2443 4050 2589 4103 l‘astu
2639 4059 2696 4102 et
2726 4048 2909 4102 derisu
2943 4031 3222 4101 Catelaiiis
3251 4065 3559 4117 eorumque

1985 4143 2278 4214 postulatis
2309 4141 2535 4212 spretis,
2567 4155 2665 4210 per
2697 4150 3022 4194 autumnum
3058 4150 3111 4194 et
3147 4140 3383 4194 hiemem
3415 4142 3560 4194 vires
3609 4209 3620 4220 _

1987 4250 2114 4290 suas
2147 4234 2216 4288 ad
2244 4249 2340 4288 ver
2370 4247 2543 4300 usque
2591 4232 2820 4301 colligit.
2888 4231 3075 4300 Itaque
3113 4231 3359 4285 (λιιι-ἰωή
3408 4233 3559 4285 veris

1988 4326 2142 4380 initio
2173 4341 2281 4379 non
2314 4324 2503 4394 procul
2534 4340 2564 4377 a
2594 4323 2828 4392 Cephise
2859 4321 3084 4377 ﬂumine
3110 4324 3308 4378 castris
3339 4324 3556 4394 positis,

311 4409 575 4462 inviolata
626 4417 1118 4472 conservaturum,
1172 4406 1314 4476 patri
1361 4413 1544 4458 autem
1599 4421 1879 4475 nunquam

1989 4420 2202 4474 hostem
2236 4417 2683 4492 opperiebantur.
2735 4417 2905 4471 Erant
2933 4433 3124 4472 eorum
3153 4418 3366 4488 equites
3395 4417 3556 4481 5500,

311 4501 725 4555 insidiaturum.
857 4535 870 4547 -
1575 4549 1588 4556 -

382 4591 518 4658 Cum
553 4601 734 4646 autem
774 4589 1008 4645 Carolus
1041 4604 1136 4643 rex
1168 4588 1426 4659 Neapolis
1461 4602 1686 4658 magnos
1718 4599 1881 4654 appa-

313 4699 465 4738 ratus
508 4684 709 4738 faceret
755 4683 808 4736 in
839 4683 1068 4752 gratiam
1109 4679 1365 4733 Balduini
1401 4677 1643 4740 Flandri,
1680 4675 1882 4730 Palico-

311 4779 470 4847 lngus
511 4774 813 4829 domestica
850 4774 904 4827 in
959 4773 1113 4826 illum
1153 4771 1296 4826 bella
1331 4770 1647 4834 conunovit,
1685 4781 1880 4837 magna

313 4867 546 4939 pecunia
579 4867 849 4931 ﬁnitimis,
881 4865 1068 4920 Siculo
1117 4879 1243 4933 rege
1297 4878 1361 4916 ac
1394 4861 1634 4924 Venetis,
1668 4860 1734 4912 ad
1773 4858 1883 4913 bel-

313 4966 428 5017 lum
463 4963 538 5015 illi
573 4961 886 5015 faciendum
919 4959 1234 5014 concitatis.
1270 4956 1542 5012 Praeterea
1573 4957 1776 5026 legatos
1811 4954 1880 5008 ad

315 5069 508 5124 papam
544 5054 734 5116 mittit,
785 5051 852 5106 de
885 5051 1123 5105 ineunda
1176 5049 1380 5104 veteris
1413 5057 1467 5103 et
1507 5064 1661 5101 nova:
1693 5047 1882 5100 Romae.

317 5148 682 5202 Eccleslarum
715 5145 1036 5210 concordia,
1073 5143 1238 5197 modo
1267 5143 1313 5196 is
1359 5141 1544 5197 Caroli
1573 5141 1879 5210 expeditio-

316 5219 444 5294 nem
485 5247 777 5292 averteret.
829 5235 896 5290 Et
925 5235 1201 5305 legatione
1226 5250 1256 5288 a
1291 5250 1428 5304 papa
1465 5233 1698 5302 benigne
1725 5232 1882 5288 audi-

317 5339 390 5390 ta.
425 5329 729 5384 concordia:
756 5327 996 5382 rationes
1026 5327 1174 5380 init-.e
1202 5336 1352 5386 sunt.
1393 5326 1549 5396 Cujus
1583 5326 1697 5380 haec
1727 5324 1882 5379 luere

314 5420 530 5490 capita:
569 5419 919 5486 Primum,ut
969 5419 1023 5472 in
1077 5433 1358 5472 sacrorum
1407 5416 1746 5470 voluminum
1785 5417 1883 5487 hy-

314 5513 556 5566 mnodiis
604 5528 754 5582 papa:
821 5527 948 5566 cum
1012 5521 1251 5580 quatuor
1296 5509 1622 5579 patriam-his
1680 5512 1883 5564 mentio

315 5606 494 5664 licret.
535 5603 806 5666 Alterum,
841 5611 900 5656 ut
926 5603 1121 5656 liceret
1151 5601 1326 5656 cuivis
1361 5601 1588 5654 lioniam
1619 5613 1879 5664 veterem,

313 5711 438 5756 qua:
487 5695 637 5750 curia
687 5696 858 5764 major
912 5705 968 5751 et
1023 5694 1315 5770 perfectior
1363 5702 1528 5759 esset,
1583 5693 1879 5761 appellzre.

1984 4511 2232 4581 peditum
2261 4509 2423 4563 4000.
2459 4509 2596 4562 Dum
2629 4509 2868 4562 hostium
2897 4512 3189 4563 adventum
3217 4521 3556 4580 exspectant,

1983 4617 2196 4656 omnem
2236 4601 2382 4655 illam
2421 4609 2622 4654 terram
2654 4609 2832 4663 arant,
2885 4599 2976 4652 ubi
3019 4615 3262 4669 pugnare
3303 4601 3560 4654 decreve-

1985 4701 2149 4760 rant;
2183 4691 2380 4746 deinde
2403 4690 2642 4744 obducto
2669 4691 2909 4762 vallo,et
2940 4690 3082 4744 actis
3115 4690 3338 4744 lluniine
3371 4690 3556 4753 fossis,

1986 4791 2152 4838 totam
2185 4781 2466 4850 planitiem
2522 4781 2602 4836 sic
2656 4781 2908 4852 irrigant,
2957 4789 3016 4834 ut
3060 4774 3357 4850 stagnaret.
3420 4780 3561 4834 Vere

1985 4875 2168 4929 medio
2202 4873 2441 4944 regionis
2474 4873 2735 4944 princeps
2760 4889 2882 4927 cum
2913 4873 3127 4942 magnis
3152 4871 3326 4940 copiis
3347 4872 3558 4937 aderat,

1983 4971 2233 5035 equitum
2267 4965 2407 5020 0400
2430 5005 2445 5030 ,
2482 4963 2731 5032 peditum
2771 4966 3006 5034 amplius
3040 4964 3180 5018 8C00
3211 4965 3439 5018 ducens.
3499 4963 3563 5018 Et

1983 5070 2102 5113 erat
2134 5058 2306 5127 ipsius
2336 5057 2524 5127 opinio
2552 5057 2972 5126 arrogantiaque
3005 5058 3164 5126 longe
3196 5059 3390 5126 major.
3427 5055 3563 5125 Spe-

1985 5152 2141 5206 rabat
2169 5151 2339 5215 enim,
2392 5165 2450 5204 se
2476 5147 2755 5204 Catelanis
2790 5151 2976 5214 victis,
3016 5150 3201 5204 omnia
3233 5149 3561 5221 Byzantiqu

1986 5257 2159 5310 usque
2210 5256 2364 5295 suam
2412 5241 2466 5295 in
2499 5249 2829 5310 potestatem
2880 5242 3255 5297 redacturum.
3311 5243 3561 5316 Cumque

1985 5333 2272 5401 planitiem
2319 5333 2466 5386 inter
2494 5347 2623 5388 suos
2654 5343 2708 5387 et
2743 5333 2927 5388 hostes
2955 5335 3297 5404 interjectam
3319 5373 3334 5395 ,
3388 5332 3560 5384 multo

1985 5424 2231 5494 gramine
2261 5425 2527 5480 virentem
2577 5426 2980 5494 conspexisset,
3035 5426 3174 5480 nihil
3214 5437 3404 5478 eorum
3435 5437 3558 5490 qua:

1985 5523 2102 5568 aeta
2142 5524 2318 5578 erant,
2353 5516 2677 5583 suspicatus,
2733 5531 2857 5570 eum
2885 5514 3166 5584 equitibus
3211 5513 3266 5566 in
3304 5527 3403 5565 eos
3445 5512 3558 5565 ler-

1987 5615 2095 5671 tur,
2121 5618 2271 5661 extra
2294 5623 2544 5677 campum
2579 5608 2630 5660 in
2659 5609 2941 5675 procinctu
2971 5615 3200 5660 stantes.
3242 5604 3346 5659 Sed
3373 5603 3562 5671 prius-

1989 5714 2154 5765 quam
2209 5701 2374 5754 Attiei
2435 5699 2667 5756 mediam
2715 5699 2781 5752 ad
2840 5697 3126 5767 plmiticm
3180 5695 3560 5772 pervenirent,
