4088 6186
470 288 641 361 ὓ39,“

1519 282 1944 345 MICHAELIS
1988 281 2244 342 GLYC/E
2287 278 2684 340 ANNALIUM

3634 270 3737 333 (ill

474 402 601 470 equi
646 400 812 454 veluti
871 398 1105 453 vinculis
1152 396 1422 465 impediti,
1461 393 1762 449 madefacta
1799 402 1945 448 terra
1983 391 2049 445 ad
2082 401 2125 458 Α
2157 392 2321 454 illius,
2355 392 2448 460 qui
2485 390 2677 460 legatis
2712 386 2777 441 ad
2826 386 3140 440 Atnuratem
3194 382 3409 447 missis,
3447 396 3634 451 pacem
3672 394 3735 434 ac

477 508 721 561 gressum
751 490 1107 544 audaciorem
1138 486 1466 542 subsidente
1491 524 1505 551 ,
1540 486 1741 553 partim
1779 499 1889 538 una
1928 498 2051 537 cum

477 585 755 653 equitibus
804 584 857 637 itt
908 583 1026 636 luto
1057 582 1419 644 volutantur,
1466 580 1664 648 partim
1701 578 1766 640 iis
1807 575 2055 630 excussis

479 684 685 728 temere
719 674 770 726 in
807 687 999 740 campo
1034 672 1311 733 feruntur,
1340 670 1545 739 partim
1579 667 1808 736 pedibus
1843 664 2056 719 demer-

478 766 554 817 sis
578 764 769 818 ordine
802 765 1075 817 astabant.
1106 762 1323 826 Quibus
1350 762 1515 815 rebus
1537 758 1762 813 animati
1787 755 2052 818 Catelani,

480 856 603 909 telis
636 856 820 909 hostes
853 856 1261 909 circumventos
1315 851 1695 929 internecione
1745 850 1949 911 delent,
2002 854 2057 900 et

481 962 609 999 cum
640 947 887 1015 equitatu
922 945 1191 1014 fugientes
1223 944 1441 997 Thebas
1489 957 1553 995 ac
1594 942 1836 995 Athenas
1874 952 2050 1008 usque

489 1038 783 1103 persecuti,
822 1037 990 1089 urbes
1044 1036 1191 1104 ipsas
1228 1050 1351 1087 cum
1384 1033 1582 1102 opibus
1611 1074 1625 1096 ,
1669 1031 1940 1086 uxoribus
1996 1036 2059 1085 et

463 1120 672 1182 .liberis
712 1127 954 1178 hostium
989 1140 1054 1177 ex
1084 1124 1390 1193 improviso
1420 1124 1668 1191 capiunt.

556 1212 834 1265 Caeterum
871 1222 1090 1265 mortuo
1118 1213 1229 1265 tilio
1262 1211 1547 1273 Michaelo,
1581 1209 1930 1263 Andronicus
1958 1221 2058 1262 ne-

486 1313 669 1369 potem
704 1318 771 1355 ex
803 1318 867 1357 eo
899 1319 1057 1356 suum
1084 1343 1098 1366 ,
1135 1304 1512 1358 Andronicum
1544 1302 1822 1372 juniorem
1849 1340 1863 1363 ,
1895 1301 2059 1370 longe

485 1393 590 1446 sibi
633 1394 1038 1459 charissimntn,
1066 1396 1461 1463 imperatorem
1488 1393 1815 1464 designavit.
1852 1390 1900 1446 Is
1931 1406 2061 1445 vero

400 1498 407 1507 '
486 1483 801 1537 dominandi
852 1484 1080 1540 libidine
1117 1485 1336 1548 ductus,
1397 1500 1559 1539 avum
1608 1487 1769 1552 longo
1813 1490 2061 1550 tempore

484 1576 649 1629 variis
676 1579 936 1631 aerumnis
966 1593 1228 1632 exercere
1260 1593 1371 1631 non
1404 1577 1602 1643 desiit,
1636 1576 1812 1631 donec
1842 1576 1891 1629 ei
1931 1584 2059 1628 tan-

2156 480 2341 534 {ludus
2391 479 2727 547 impetravit,
2791 476 2917 530 data
2964 475 3015 529 ei
3053 475 3160 528 ﬁlia
3198 474 3252 527 iit
3307 472 3734 537 matrimonium,

2156 586 2317 639 quam
2347 570 2637 624 excellenti
2675 569 2850 621 forma
2886 566 3170 635 praeditam
3210 563 3467 616 habebat.

2226 661 2497 715 Cmterum
2534 658 2779 714 Joannes
2811 659 3147 727 Palaeologus
3177 654 3473 709 Andronici
3500 652 3737 722 junioris

2160 753 2307 807 filius
2348 753 2438 806 tibi
2474 750 2829 812 adolevisset,
2862 749 3095 816 imperio
3133 757 3493 815 recuperato,
3532 743 3740 796 Canta.

2159 860 2429 898 euzenutn
2480 842 2711 911 expulit,
2764 841 3067 894 monastica
3121 849 3272 892 veste
3314 837 3513 899 induit,
3562 844 3740 887 mnta-

2160 944 2328 1003 toque
2375 933 2600 987 nomine
2649 930 2968 985 Mattbazum
3014 929 3274 997 appellari
3329 927 3509 997 jussit.
3570 927 3743 980 Erant

2157 1027 2541 1081 Cantacuzeno
2571 1024 2664 1077 lilii
2698 1022 2827 1085 duo,
2865 1037 3099 1091 quorum
3129 1029 3260 1074 natu
3293 1021 3557 1089 majorem
3583 1028 3740 1087 pater

2161 1116 2393 1185 imperio
2429 1116 2768 1180 destinabat,
2823 1115 3095 1168 minorem
3132 1111 3444 1165 Llanuelum
3476 1110 3739 1163 Mizithra'

2160 1208 2275 1262 sive
2306 1208 2515 1276 Sparta:
2546 1208 2742 1261 ducem
2804 1207 2956 1261 fecit.
3013 1206 3183 1275 Major
3206 1214 3361 1274 patre
3404 1219 3433 1256 a
3465 1202 3712 1270 guberna

2162 1301 2301 1354 culis
2334 1301 2619 1365 submoto,
2656 1315 2757 1353 ceu
2800 1299 3059 1362 diximus,
3092 1297 3160 1350 ad
3182 1296 3365 1350 Rhodi
3414 1296 3718 1363 principem

2162 1407 2323 1460 quem
2360 1390 2520 1461 355
2557 1405 2810 1460 magnum
2865 1390 3187 1458 magistrum
3218 1397 3437 1451 vocant,
3470 1384 3724 1455 profugiti

2172 1483 2269 1536 ubi
2300 1498 2423 1536 cum
2454 1484 2657 1537 frustra
2686 1498 2743 1537 se
2778 1482 3250 1551 recuperationem
3276 1479 3492 1549 imperii
3515 1492 3731 1547 sperare

2164 1583 2437 1637 cerneret,
2489 1576 2555 1629 ad
2590 1575 2811 1629 fratrem
2855 1574 2909 1627 in
2956 1562 3392 1641 Pcldponnesutn
3442 1570 3721 1640 profectus

489 1668 609 1721 dem
644 1668 930 1736 imperium
962 1678 1339 1738 extorqueret.
1395 1668 1514 1734 Quo
1560 1668 1726 1733 facto,
1784 1666 2064 1721 custodie-
2096 1737 2124 1740 _
2164 1672 2429 1740 deinceps
2482 1672 2731 1739 privatus
2761 1670 2914 1725 vixit.
2946 1670 3171 1723 Joannis
3196 1668 3478 1737 Palaeologi
3515 1667 3723 1735 impera

490 1762 649 1812 batur
685 1762 741 1815 in
779 1760 982 1829 palatio
1012 1737 1196 1814 senior
1227 1759 1597 1821 Andronicus,
1630 1773 1852 1827 praeque
1904 1758 2061 1812 senio
2095 1737 2136 1794 Β
2166 1765 2299 1817 toris
2326 1737 2435 1816 tilio
2452 1737 2786 1816 Andronico
2832 1761 3086 1815 Susmani
3133 1761 3244 1814 tilia
3275 1775 3416 1814 uxor
3445 1759 3569 1812 data
3636 1767 3721 1812 est

486 1850 877 1916 perpetuisque
931 1847 1202 1902 molestiis
1257 1856 1311 1901 et
1356 1848 1609 1917 laerymi‘s
1661 1849 1861 1902 amisso
1917 1847 2060 1910 visu,

491 1938 858 2004 quorumdam
890 1939 1197 1991 aulicorum
1230 1939 1556 2009 intemperia
1587 1948 1929 2017 postremum
1965 1939 2065 1991 ba-

488 2025 607 2079 bitu
630 2029 934 2082 monastieo
966 2028 1235 2093 induitur,
1272 2040 1593 2099 mutatoque
1625 2029 1870 2092 nomine,
1912 2029 2066 2082 dein-

491 2134 628 2187 ceps
690 2121 911 2186 Antonii
970 2120 1389 2189 appellationem
1433 2122 1651 2190 accipit.
1707 2119 2066 2189 Posteaquam

492 2208 560 2259 ad
611 2222 670 2261 se
709 2209 1081 2262 transtulisset
1133 2210 1421 2277 imperium
1458 2210 1808 2263 Andronicus
1856 2209 2066 2278 junior,

493 2298 791 2361 intellecto,
843 2296 1078 2352 Nicaeam
1107 2299 1175 2352 ab
1220 2298 1472 2354 Orcliane
1527 2300 1730 2367 Turco,
1792 2302 2069 2370 Bithynia:

495 2387 773 2456 principe,
809 2386 1077 2452 obsideri,
1130 2386 1376 2457 trajectis
1410 2390 1463 2442 in
1498 2388 1683 2443 Asiam
1724 2390 1918 2459 copiis,
1974 2390 2073 2442 lto-

494 2488 633 2532 stem
681 2478 928 2543 adorttts,
960 2478 1155 2548 insigni
1199 2478 1355 2533 clade
1397 2481 1648 2544 atlicitur,
1685 2482 1919 2534 maxima
1944 2495 2072 2535 suo-

495 2585 615 2622 rum
667 2579 819 2638 parte
865 2571 1087 2625 amissa.
1171 2570 1376 2625 Eodem
1401 2573 1715 2627 Andronico
1743 2572 2072 2642 imperante,

496 2654 811 2709 Serviorum
842 2672 1061 2726 quoque
1096 2660 1246 2713 natio
1293 2658 1510 2715 Cralem
1554 2660 1682 2731 (hoc
1731 2670 1836 2729 est,
1866 2663 2072 2733 regem)

496 2758 679 2808 suum,
709 2747 804 2813 qui
839 2747 1146 2802 diutissime
1180 2757 1449 2816 regnarat,
1498 2749 1567 2802 ab
1598 2750 2075 2806 administratione

498 2846 761 2890 removet.
817 2837 1027 2891 Deinde
1064 2838 1176 2892 tilio
1208 2838 1345 2907 patri
1398 2839 1725 2905 substituto,
1782 2856 1972 2895 senem
2017 2842 2075 2895 in

498 2932 716 2982 carcere
752 2929 1020 2995 sulIocat;
1056 2931 1245 3003 invito
1289 2930 1537 2987 fortassis
1578 2932 1693 2999 illo,
1747 2933 1841 2988 sed
1893 2942 2076 2987 tamen

498 3019 831 3076 conuivente
857 3036 921 3075 ac
953 3032 1189 3077 tacente.
1826 3034 1829 3037 '

571 3113 769 3166 Seuior
790 3122 969 3168 autem
998 3110 1369 3179 Andronicus,
1407 3131 1550 3171 anno
1598 3116 1778 3171 atatis
1804 3116 1897 3181 74,
1927 3131 2097 3173 mor-,

500 3211 627 3256 tuus
662 3212 747 3257 est
768 3245 782 3268 ,
808 3206 901 3273 qui
928 3204 998 3258 ab
1029 3205 1185 3258 initio
1210 3205 1424 3275 imperii
1453 3207 1571 3277 ejus
1594 3206 2078 3281 quinquagesimus

499 3302 637 3346 erat.
685 3294 883 3347 Junior
912 3297 1183 3357 annos.”
1217 3297 1449 3351 vivendo
1483 3282 1881 3366 non/explevit,
1930 3312 2079 3355 mor-

503 3390 631 3433 tuus
660 3397 805 3435 anno
853 3392 974 3451 post
1014 3396 1337 3453 occupatam
1407 3387 1973 3457 Constantinopolim,
2025 3396 2080 3443 et

500 3481 753 3539 ereptum
781 3488 884 3526 avo
911 3474 1200 3544 imperium
1237 3477 1524 3532 vicesimo.
1576 3480 1711 3533 Cum
1744 3488 1926 3534 autem
1958 3496 2077 3536 ino-

502 3570 740 3628 reretur,
777 3565 1000 3634 reliquit
1031 3566 1297 3622 Joannem
1345 3569 1515 3627 tilium
1542 3582 1730 3625 natum
1763 3588 1938 3627 annos
1974 3572 2077 3640 l2;

504 3665 855 3725 tutoretnquc
878 3658 1175 3726 assignavit
1191 3660 1240 3713 ei
1261 3658 1725 3726 Cantacuzeuum,
1742 3665 1918 3718 virum
1945 3680 2081 3734 opu-

503 3743 747 3806 lentum,
783 3755 840 3799 et
876 3762 1066 3817 magna
1103 3750 1349 3817 potentia
1382 3751 1711 3817 subnixum,
1754 3763 1816 3807 ut
1847 3770 2080 3823 puerum

507 3845 799 3904 tutaretur,
838 3848 894 3892 et
921 3851 1143 3895 curaret
1168 3843 1233 3895 ad
1281 3857 1399 3895 eam
1452 3858 1626 3911 usque
1665 3855 1905 3911 attatem,
1960 3862 2082 3916 qutn

505 3940 673 3996 regno
702 3928 1061 3997 gubernando
1092 3931 1291 3987 idonea
1312 3932 1474 3987 foret.
1507 3935 1610 3990 Ubi
1642 3951 1774 3992 vero
1805 3938 2085 3992 Androni-

503 4034 602 4073 cus
628 4022 956 4076 excessisset
986 4037 1016 4075 e
1041 4023 1203 4090 vivis,
1230 4041 1338 4080 non
1364 4027 1541 4081 multo
1581 4036 1725 4097 post,
1757 4032 2083 4098 urgentibus

482 4122 559 4195 ,οι
606 4114 1014 4181 postulantibus
1064 4115 1293 4182 Graecis,
1324 4118 1741 4176 Cantacuzenus
1808 4133 1955 4177 tutor
2013 4123 2083 4177 ad

506 4218 732 4272 regnum
784 4206 1014 4262 allectus
1062 4216 1169 4270 est,
1220 4224 1394 4278 puero
1452 4220 1633 4265 tamen
1684 4212 1832 4267 nulla
1882 4215 2084 4285 injuria

505 4294 723 4347 allecto.
781 4295 1029 4366 Cumque
1062 4299 1170 4353 sibi
1209 4299 1426 4356 amnem
1468 4301 1622 4357 illum
1666 4303 2091 4371 Cantacuzenus,

508 4385 749 4450 fecisset,
784 4395 843 4440 ut
870 4387 1146 4444 imbellem
1171 4396 1519 4463 contemptui
1545 4395 1760 4462 habuit,
1786 4392 1937 4465 spem
1966 4412 2084 4452 ont-

508 4489 632 4526 nem
669 4474 723 4528 in
751 4474 953 4532 Graecis
995 4489 1260 4548 quantum
1323 4483 1390 4537 ad
1454 4500 1684 4554 regnum
1734 4488 2086 4543 retinendum

509 4566 800 4631 attinebat,
853 4584 1086 4637 ponens.
1165 4572 1434 4643 Deinceps
1478 4586 1687 4645 autem,
1741 4594 1867 4634 cum
1918 4597 2085 4650 regno

510 4658 778 4727 pupillum
808 4661 1121 4729 spoliasset,
1151 4662 1503 4734 Orcbanique
1536 4670 1701 4733 tiliam
1732 4688 1957 4727 uxorem
1990 4675 2084 4729 de-
2110 4708 2111 4711 η

510 4750 711 4804 dissct:
746 4768 871 4805 cum
903 4761 957 4806 et
990 4755 1383 4808 amicissimum
1416 4769 1472 4812 et
1515 4760 2006 4819 familiarissimum
2030 4766 2083 4819 in

513 4850 793 4906 posterum
823 4850 1083 4909 expertus
1114 4852 1217 4899 est.
1256 4845 1519 4915 Orcltaui,
1557 4852 1651 4921 qui
1682 4830 1753 4906 ὲε
1796 4870 1969 4909 annos
2001 4872 2088 4911 re-

514 4944 798 5000 gnaverat,
859 4934 1203 4990 Suleimanus
1256 4938 1402 4995 [ilius
1453 4957 1577 4997 cum
1630 4943 1891 4999 Amurate
1922 4946 2086 5001 fratre

515 5025 815 5078 successit:
871 5042 1106 5095 quorum
1150 5029 1240 5084 ille
1268 5048 1394 5086 mox
1425 5044 1612 5089 contra
1645 5036 2084 5093 Cantacuzcnnm

514 5128 665 5167 arma
697 5116 890 5170 movit.
946 5117 1147 5173 Verum
1181 5136 1288 5175 non
1323 5124 1496 5179 multo
1529 5137 1653 5193 post
1692 5127 1952 5197 utrinque
1985 5144 2088 5199 pax

515 5205 657 5259 facta
702 5217 807 5270 est,
857 5217 913 5263 ct
959 5208 1138 5265 ftedus
1188 5212 1408 5278 initum,
1459 5229 1521 5271 ut
1560 5219 1869 5289 conjunctis
1914 5225 2089 5292 copiis

515 5298 720 5353 bellum
769 5299 1018 5371 Bulgaris
1051 5303 1374 5360 inferretur.
1425 5306 1577 5372 Quod
1614 5325 1737 5363 cum
1770 5313 2087 5382 aliquandiu

518 5389 865 5447 Suleimauus
912 5395 1190 5463 gessisset.
1243 5413 1346 5452 nec
1377 5400 1594 5469 oppidis
1621 5404 1789 5457 etiam
1819 5405 2087 5474 Thracias,

516 5500 639 5552 qua:
669 5484 981 5541 Graecorum
1012 5490 1159 5560 juris
1184 5501 1363 5558 erant,
1401 5492 1779 5561 abstinuisset,
1814 5511 2085 5566 mortuus,

518 5574 790 5632 baeredem
836 5581 988 5647 regni
1022 5582 1261 5651 bellique
1312 5583 1537 5638 fratrem
1567 5586 1884 5645 Antttratcm
1922 5595 2092 5649 relin-

517 5666 655 5752 qpit.
712 5670 945 5726 Prrccrat
983 5683 1096 5727 tum
1150 5675 1394 5747 Bulgarts
1440 5678 1745 5761 Snsmanus
1789 5685 2089 5768 Alexandri

2167 1856 2321 1923 cujus
2349 1869 2594 1908 sororem
2621 1853 2859 1908 habebat
2885 1853 3190 1908 Amurates.
3225 1841 3520 1905 Andronici
3547 1849 3736 1905 fratre'

2168 1954 2327 1998 erant
2382 1944 2716 2009 Demetrius,
2774 1944 3084 2010 Manttclus,
3143 1952 3199 1999 et
3240 1943 3591 2002 Theodorus.
3650 1943 3737 2011 qtt‘

2167 2035 2450 2090 Amuratis
2501 2038 3073 2105 castrasequebatur.
3128 2036 3268 2091 Cum
3301 2046 3484 2089 autem
3522 2036 3576 2088 in
3618 2033 3739 2088 Asia

2169 2143 2266 2198 per
2320 2129 2624 2184 absentiam
2646 2129 2925 2183 Amuratis
2954 2138 3100 2182 mota
3133 2128 3326 2183 fuisset
3348 2127 3566 2191 seditio,
3602 2126 3731 2196 ejus-

2170 2235 2277 2289 que
2330 2222 2749 2290 compescenda:
2794 2236 2959 2275 causa
3008 2221 3195 2291 copias
3251 2219 3381 2273 illuc
3420 2218 3740 2287 trajecissct,

2171 2322 2390 2378 sumpto
2418 2327 2604 2367 secum
2632 2312 2841 2367 Joanne
2866 2310 3234 2381 imperatore:
3266 2310 3554 2379 utriusque
3579 2310 3739 2370 titius,

2175 2401 2381 2456 Sauzcs
2408 2411 2465 2456 et
2500 2402 2873 2468 Andronicus,
2905 2402 3327 2457 communicatis
3360 2400 3603 2455 consiliis
3637 2399 3738 2451 eri-

2176 2507 2308 2561 pere
2356 2495 2676 2560 parentibus
2724 2495 3019 2563 imperium
3058 2495 3435 2549 decreverunt.
3497 2490 3742 2559 Quapro'

2176 2593 2298 2653 pter
2326 2586 2380 2638 itt
2419 2585 2693 2654 Europam
2729 2585 2803 2639 illi
2857 2587 3083 2649 reversi,
3141 2587 3283 2641 filios
3332 2584 3385 2636 in
3416 2590 3742 2652 potestatem

2175 2676 2431 2732 redactos
2473 2687 2835 2743 excaecarunt,
2865 2678 3074 2733 Joanne
3102 2664 3368 2731 fervidum
3394 2687 3608 2729 acetum
3635 2673 3744 2728 suis

2177 2767 2352 2821 oculis
2388 2766 2732 2823 infundentc.

2250 2857 2561 2911 Secundum
2606 2858 2720 2911 haec
2758 2838 2977 2915 territus
3012 2860 3251 2915 Joannes
3285 2844 3589 2913 Tui-corum
3624 2871 3736 2911 suc-

2179 2949 2447 3012 cessibus,
2482 2950 2809 3003 auxiliorum
2856 2951 3320 3020 impetrandorum
3355 2964 3516 3006 causa
3568 2949 3747 3017 profe—

2101 3077 2144 3133 ε
2180 3039 2355 3093 fectus
2405 3047 2489 3093 est
2529 3040 2819 3095 Venetias:
2848 3041 2939 3094 ubi
2989 3056 3113 3096 eum
3168 3042 3305 3095 nihil
3352 3040 3641 3104 effecisset,
3693 3040 3748 3092 in

2179 3132 2403 3187 Galliam
2458 3143 2513 3187 et
2549 3133 2795 3203 Angliam
2836 3135 2991 3200 abiit,
3040 3151 3135 3205 spe
3162 3135 3349 3190 itidem
3385 3134 3558 3197 irrita,
3606 3133 3750 3201 quod

2179 3225 2405 3279 Carolus
2433 3237 2617 3280 sextus
2648 3241 2743 3279 rex
2774 3228 3101 3282 tumultibus
3127 3242 3352 3282 suorum
3374 3227 3751 3281 distineretur.

2178 3314 2364 3385 Itaque
2417 3331 2696 3371 reversum
2746 3320 3003 3374 Venetias
3032 3358 3048 3383 ,
3098 3318 3375 3373 dimittere
3421 3324 3754 3371 mercatores

2186 3408 2371 3465 Veneti
2423 3425 2522 3479 per
2573 3426 2841 3465 summam
2897 3412 3244 3467 insolentiam
3300 3412 3614 3475 noluerunt,
3647 3409 3753 3463 nisi

2181 3500 2468 3569 pecuniam
2511 3501 2775 3555 creditam
2825 3502 2972 3557 ituro
3019 3503 3085 3556 ad
3128 3502 3317 3557 Galliae
3362 3516 3586 3571 regem,
3646 3514 3751 3552 una

2182 3607 2302 3647 cum
2335 3594 2516 3647 usuris
2538 3580 2891 3650 restituisset.
2922 3594 3035 3649 llac
3055 3594 3123 3649 de
3146 3608 3307 3648 causa
3336 3607 3458 3647 cum
3482 3592 3550 3645 ad
3582 3590 3754 3644 tilium

2181 3684 2574 3748 Andronicum,
2610 3700 2772 3755 quem
2805 3684 3276 3755 Constantinopoli
3321 3700 3419 3754 per
3448 3685 3755 3739 absentiam

2181 3791 2334 3831 suam
2365 3776 2707 3847 praefecerat,
2734 3790 2865 3831 suos
2902 3776 3223 3847 ablegasset,
3263 3791 3363 3831 nec
3404 3776 3472 3829 ab
3504 3790 3571 3830 eo
3597 3775 3757 3842 quid-

2183 3881 2343 3934 quam
2372 3877 2702 3937 extorqucre
2745 3875 2929 3937 posset
2966 3883 2980 3920 :
3016 3867 3259 3922 Venetiis
3302 3868 3508 3922 bmrere
3544 3866 3757 3921 diutius

2183 3944 2407 4011 coactus
2437 3959 2650 4025 fuisset,
2678 3960 2733 4013 ni
2767 3960 3053 4015 Manuclus
3083 3959 3221 4013 alter
3251 3960 3416 4025 ﬁlius,
3457 3961 3551 4029 qui
3582 3960 3761 4013 Thes-

2184 4050 2483 4105 salonicam
2517 4051 2960 4117 administrabat,
2997 4067 3028 4106 e
3064 4067 3159 4106 sua
3194 4052 3519 4121 praefectura
3550 4052 3763 4106 coactis

2184 4143 2446 4208 nummis,
2477 4141 2732 4198 Venetias
2766 4144 2830 4198 ad
2856 4152 3066 4214 patrem
3090 4147 3349 4208 venisset,
3370 4144 3762 4223 cumqttelibe-

2186 4244 2380 4289 rasset.
2414 4235 2530 4307 Quo
2557 4234 2777 4304 quidem
2811 4236 2900 4290 ille
2926 4236 3070 4291 facto
3090 4247 3299 4307 patrem
3321 4238 3629 4293 arctissime
3653 4238 3761 4291 sibi

2188 4324 2450 4389 devinxit,
2506 4325 2821 4381 Andronico
2865 4326 3126 4398 deinceps
3169 4330 3488 4398 gravissime
3532 4344 3765 4385 succen-

2117 4411 2158 4465 D
2188 4423 2418 4469 sentem.

2258 4506 2547 4562 Amurates
2576 4507 2727 4562 illato
2748 4508 3028 4574 Triballis,
3064 4524 3365 4579 eorumque
3388 4498 3646 4581 principi,
3670 4512 3763 4565 cui

2188 4595 2397 4650 Lazaro
2426 4613 2624 4651 nomen
2664 4608 2804 4662 erat,
2843 4601 3012 4667 bello,
3070 4613 3269 4671 praeter
3293 4603 3764 4672 exspectationem

2189 4684 2292 4738 hoc.
2324 4686 2482 4739 modo
2516 4694 2599 4741 est
2633 4687 3022 4759 interemptus.
3057 4689 3287 4744 Stabant
3312 4691 3585 4761 utrimque
3617 4693 3764 4746 acies

2190 4776 2245 4828 in
2276 4777 2819 4850 procinctu,jamjam
2852 4791 3193 4835 consertum:
3221 4798 3435 4847 manus,
3462 4798 3587 4838 cum
3611 4783 3767 4836 Milo-

2191 4879 2284 4917 sus
2303 4864 2519 4932 quidam
2540 4867 2931 4930 Cabilovicius,
2957 4869 3146 4923 Lazari
3180 4872 3355 4935 miles,
3382 4888 3440 4923 re
3468 4888 3591 4925 cum
3617 4874 3769 4941 priu-

2192 4956 2311 5024 cipe
2342 4971 2441 5010 suo
2465 4960 2887 5023 communicata,
2915 4961 3085 5027 velut.
3105 4963 3384 5032 transfuga
3421 4978 3481 5017 se
3504 4964 3570 5017 ad
3599 4967 3769 5018 Amu-

2192 5055 2367 5099 ratem
2400 5047 2635 5103 confert.
2677 5052 2963 5106 Admissus
2990 5052 3044 5105 in
3080 5064 3432 5123 conspectum
3456 5053 3764 5121 ‘Atnuratis,

2193 5136 2400 5194 facinus
2425 5140 2582 5209 longe
2602 5144 3028 5212 pulcherrimum
3049 5146 3384 5215 aggreditur.
3410 5147 3555 5200 Nam
3570 5163 3635 5203 eo
3658 5149 3773 5202 for-

2193 5232 2323 5285 titer
2359 5231 2688 5303 interfecto,
2723 5252 2844 5292 cum
2883 5239 3118 5294 evadere
3140 5239 3207 5293 ad
3248 5254 3377 5303 suos
3407 5257 3513 5294 non
3549 5251 3769 5310 posset,

2193 5323 2441 5379 animose
2479 5341 2727 5396 pugnans
2769 5330 3049 5385 occubuit.
3108 5331 3184 5385 lta
3242 5333 3404 5401 periit
3451 5334 3768 5401 Amurates,

2193 5432 2318 5472 cum
2352 5432 2522 5471 annos
2552 5420 2616 5474 57
2646 5436 2811 5490 regno
2838 5422 3163 5491 prasfuisset,
3197 5438 3262 5478 ac
3301 5424 3442 5479 bella
3472 5427 3539 5479 37
3569 5437 3673 5480 tam
3705 5427 3767 5483 in

2193 5507 2341 5571 Asia,
2371 5524 2531 5576 quam
2555 5510 2792 5581 Ettrupa,
2818 5514 3136 5570 felicissime
3166 5518 3442 5585 gessisset.
3476 5517 3775 5574 Successo-

2195 5614 2306 5652 rcm
2341 5601 2645 5670 Bajazctum
2683 5605 2853 5659 tilium
2890 5606 3103 5662 habuit.

2262 5691 2342 5746 Ad
2375 5708 2498 5747 cum
2525 5708 2582 5750 se
2614 5696 2845 5752 contulit
2873 5697 3220 5777 Andronicus
3247 5701 3475 5761 Joannis
3508 5702 3652 5759 filius
3676 5703 3770 5758 cui
