4088 6186
447 389 548 454 641

1796 381 2334 450 CONTINUATIO.

3597 385 3699 450 (42

446 501 665 555 fervens
713 505 928 555 acetum
959 499 1014 556 in
1070 499 1260 557 oculos
1311 500 1550 556 infusum
1586 500 1750 556 fuisse
1784 502 2024 555 diximus
2056 512 2100 560 Α
2129 502 2279 570 quod
2307 500 2529 571 quidem
2571 499 2832 572 deinceps
2862 501 3065 556 factum
3101 508 3203 554 est.
3233 498 3372 554 Cum
3406 499 3508 554 hoc
3533 510 3698 568 nupta

445 595 624 662 (irrito
655 602 834 647 tamen
860 601 1079 658 conatu,
1105 609 1229 648 nam
1259 594 1433 648 visum
1461 595 1564 648 huc
1598 604 1838 663 tempore
1863 610 2020 646 reru-

445 687 775 757 peraverat),
795 703 899 741 una
919 703 1041 742 cum
1063 687 1272 741 Joanne
1293 687 1438 740 lilio:
1467 685 2015 754 pctentesauxilinm,

445 793 505 834 ut
578 779 809 848 imperio
872 779 1170 850 Byzantium
1231 779 1521 848 potiretur.
1581 775 1715 830 Cum
1770 776 2016 843 equitnm

446 870 588 925 4000
685 871 1106 940 impetrassent,
1201 870 1515 939 Byzantium
1592 867 2017 922 contenderunt.

444 963 682 1017 Joannes
716 962 1215 1030 autemimperator
1260 970 1315 1014 ct
1350 959 1561 1014 Manuel
1615 959 1780 1020 (ilius,
1827 957 2018 1012 audito

446 1052 748 1106 Andronici
795 1051 1054 1117 adventu,
1105 1067 1284 1105 arcem
1339 1050 1530 1104 Aureae
1580 1051 1766 1119 (quam
1799 1048 2016 1116 vocant)

447 1142 675 1209 ingressi
722 1143 996 1197 obsidioni
1045 1142 1337 1197 toleranda:
1379 1157 1438 1196 se
1471 1140 1759 1210 parabant.
1814 1140 2016 1193 Verum

445 1232 792 1286 Andronicus
820 1248 999 1286 arcem
1039 1233 1387 1302 pactionibus
1415 1233 1470 1285 in
1496 1230 1830 1285 deditionem
1861 1243 2018 1282 acce-

447 1323 544 1392 pit,
586 1333 643 1378 et
686 1326 877 1379 ambos
922 1325 975 1378 in
1021 1340 1297 1380 carcerem
1355 1324 1526 1379 turris
1568 1325 1808 1394 ligneum
1860 1321 2018 1376 valde

445 1423 654 1468 arctum
684 1417 957 1484 compegit
994 1435 1006 1470 :
1041 1418 1094 1470 in
1130 1431 1238 1486 quo
1266 1416 1563 1469 triennium
1597 1430 1782 1484 egere,
1816 1415 2018 1467 frustra

447 1517 702 1562 monente
735 1507 1002 1578 Bajazeto,
1043 1518 1103 1561 ut
1133 1507 1595 1563 interficerentur.
1625 1510 1782 1562 Anno
1822 1515 2018 1576 quarto

445 1600 684 1654 carceris
732 1599 987 1666 praeiecm
1039 1607 1458 1668 persuaserunt,
1489 1597 1746 1652 alimenta
1788 1597 2020 1665 captivis

443 1690 799 1755 ministranti,
832 1699 890 1743 ut
915 1690 1119 1744 ferrum
1138 1689 1274 1743 clam
1310 1689 1441 1757 ipsis
1470 1688 1863 1758 suppeditaret.
1897 1687 2018 1754 Quo

445 1782 606 1844 facto,
655 1793 950 1835 evaserunt
1004 1781 1068 1835 ad
1125 1781 1460 1850 Bajazetum.
1513 1757 2018 1852 proHstitntione

2125 591 2226 647 fuit
2254 593 2497 662 quaedam
2525 607 2589 645 ex
2609 590 3007 647 Malatestarum
3028 589 3192 661 346
3207 590 3581 644 marchionum
3620 589 3701 643 fa-

2125 683 2298 748 milia,
2337 693 2603 754 praestans
2643 687 2870 738 omnino
2900 683 3074 736 forma
3115 681 3449 751 reliquisque
3477 681 3699 739 dotibus

2126 773 2347 826 mulier.

2195 864 2410 918 Mortuo
2447 866 2807 930 Machometo,
2839 880 2998 933 quem
3037 865 3091 918 in
3139 880 3196 920 se
3225 864 3397 920 Graeci
3441 865 3700 934 perbeni-

2122 973 2286 1028 gnum
2315 939 2619 1012 etamic'um
2651 956 2862 1024 experti
2888 965 3037 1020 sunt,
3074 970 3216 1008 anno
3242 956 3458 1024 imperii
3492 955 3558 1008 η
3585 957 3698 1025 pri-

2125 1049 2429 1118 mogenitus
2459 1051 2746 1102 Amnrates
2769 1063 2998 1117 regnum
3029 1047 3321 1101 Turcicum
3343 1050 3396 1100 in
3428 1063 3483 1102 se
3519 1056 3697 1103 trans-

2124 1142 2272 1196 tulit.
2307 1141 2419 1195 IIoc
2477 1139 2767 1208 imperium
2798 1154 2956 1193 suum
2988 1139 3291 1207 auspicato,
3321 1140 3493 1193 Graeci
3527 1155 3695 1209 seque

2122 1246 2318 1301 resque
2366 1246 2494 1286 suas
2539 1231 2701 1299 plane
2749 1228 3020 1296 perditum
3063 1229 3299 1282 iverunt.
3334 1229 3698 1282 Arcessebant

2124 1322 2269 1376 enim
2312 1339 2341 1377 e
2376 1322 2586 1377 Lemno
2630 1321 2992 1389 Mustapham,
3029 1319 3119 1388 qni
3164 1317 3398 1387 Bajazeti
3435 1333 3492 1372 se
3523 1317 3694 1370 ﬁlium

2120 1414 2462 1484 perhibebat,
2483 1429 2796 1492 quanquam
2821 1413 3214 1474 Machometus,
3237 1410 3397 1477 paulo
3421 1419 3547 1463 ante
3571 1409 3695 1478 (ceu

2120 1506 2328 1560 dictum
2358 1505 2755 1575 est)‘mortuus,
2780 1502 3189 1574 supposititium
3211 1515 3331 1556 esse
3361 1501 3609 1564 dixisset,
3638 1498 3698 1553 et

2120 1598 2190 1652 ab
2217 1597 2421 1652 Graecis
2455 1598 2820 1667 impetrasset,
2854 1604 2914 1650 ut
2943 1609 3164 1649 carcere
3193 1594 3414 1647 clausus
3446 1607 3694 1646 asserva-

2121 1699 2296 1744 retur.
2328 1689 2465 1745 Cum
2500 1697 2681 1744 autem
2727 1704 2838 1758 prae
2878 1699 3166 1744 ventorum
3193 1687 3541 1741 vehementia
3575 1685 3692 1740 Mu-

2122 1783 2346 1852 staphas
2374 1799 2405 1838 e
2428 1783 2633 1837 Lemno
2664 1782 2716 1836 in
2754 1781 3164 1849 Hellespontum
3193 1779 3555 1848 transportari
3580 1795 3691 1833 non

447 1872 710 1926 tributum
753 1872 1050 1926 maximum
1086 1871 1428 1941 pollicentes.
1467 1871 1776 1940 Exploratis
1810 1871 2016 1942 Byzant
2053 1859 2095 1914 Β
2122 1883 2332 1942 posset,
2368 1887 2431 1928 ac
2461 1873 2516 1926 in
2551 1873 2766 1940 Europa
2817 1885 2910 1924 rex
2946 1869 3219 1933 constitui,
3259 1868 3575 1922 triremibus
3606 1868 3692 1921 in--

444 1962 648 2015 tiorum
711 1963 928 2028 animis,
984 1962 1197 2017 Manuel
1243 1962 1326 2016 eis
1361 1962 1659 2031 imperator
1706 1961 1870 2016 datus
1934 1971 2018 2016 est

443 2051 767 2105 auctoritate
812 2051 1071 2121 Bajazeti,
1097 2053 1190 2122 qui
1218 2051 1438 2120 triginta
1471 2052 1637 2106 millia
1661 2067 2014 2106 nummorum

442 2154 734 2194 aureorum
781 2140 1022 2212 singulos
1053 2142 1107 2196 in
1146 2155 1322 2196 annos
1355 2141 1538 2196 Turco
1577 2143 1859 2211 penderet,
1909 2146 2016 2197 An-

442 2230 670 2286 dronico
697 2243 752 2288 ct
775 2233 983 2289 Joanne
1004 2234 1115 2289 filio
1143 2235 1196 2288 in
1216 2234 1393 2289 aulam
1426 2234 1665 2304 Bajazeti
1686 2235 2010 2304 deportatis,

443 2323 535 2377 ubi
561 2325 767 2379 victum
793 2325 1080 2381 haberent.
1107 2325 1414 2397 Adjuvante
1432 2325 1703 2392 Manuele,
1730 2326 2016 2397 Bajazetus

443 2414 821 2486 Philadelphia
864 2415 1044 2487 Lydiae
1085 2418 1294 2472 munita
1325 2418 1483 2483 urbe,
1531 2434 1654 2488 qua
1692 2419 1808 2474 sola
1840 2419 2014 2475 Graeci

442 2505 619 2559 adhuc
646 2507 786 2576 juris
810 2516 924 2560 erat
949 2507 1002 2560 in
1033 2506 1184 2571 Asia,
1218 2508 1426 2579 potitus
1453 2515 1558 2563 est.

513 2596 650 2653 Cum
709 2605 891 2652 autem
946 2600 1217 2668 promissa
1305 2599 1560 2670 Bajazeto
1637 2599 1851 2655 Manuel
1904 2615 2012 2655 non

446 2696 748 2757 prastaret,
779 2705 842 2744 ac
891 2690 944 2744 in
979 2690 1157 2754 aulam
1208 2689 1373 2745 Turci
1415 2691 1604 2746 venire
1651 2692 2010 2755 detrectaret,
2053 2753 2070 2764 κ

445 2780 700 2834 inchoata
743 2789 827 2836 est
863 2780 1078 2836 obsidio
1105 2780 1641 2852 Constantinopolis,
1671 2797 1792 2852 qua:
1839 2791 2010 2838 totum

445 2872 770 2927 decennium
795 2871 1034 2937 duravit,
1058 2884 1114 2928 et
1138 2873 1274 2928 urbs
1288 2873 1512 2928 omnino
1539 2881 1697 2944 capta
1722 2873 1935 2939 fuisset,
1955 2875 2012 2930 ni

441 2963 830 3020 Tamberlanes
858 2965 1084 3038 Scytha,
1105 2966 1249 3022 bello
1274 2965 1472 3021 Turcis
1497 2965 1665 3033 illato,
1700 2965 2009 3036 Bajazetum

440 3055 619 3124 ipsum
654 3057 906 3126 cepisset.
956 3056 1068 3112 Hac
1132 3056 1422 3112 obsidione
1472 3056 1730 3123 durante,
1793 3055 2009 3111 Manuel

439 3148 576 3201 urbe
592 3148 786 3202 Joanni
811 3149 1107 3204 Andronici
1137 3149 1247 3204 filio
1271 3152 1584 3214 commissa,
1607 3149 1742 3218 quia
1762 3149 2011 3219 Bajazeto

443 3238 511 3290 ad
556 3238 732 3307 ipsum
784 3239 1076 3308 defecerat,
1121 3241 1448 3295 auxiliorum
1496 3255 1659 3295 causa
1704 3241 1758 3295 in
1799 3240 2008 3295 Italiam

437 3330 502 3384 ad
549 3330 783 3386 Venetos
808 3342 861 3387 et
891 3331 1178 3387 Mediolani
1210 3331 1404 3386 ducem
1430 3334 1706 3402 profectus
1735 3339 1842 3386 est.
1876 3331 2008 3385 Inde

434 3420 663 3475 Galliam
697 3424 994 3493 ingressus,
1030 3438 1210 3490 regem
1241 3423 1516 3477 Gallorum
1551 3421 1804 3478 Carolum
1841 3423 2007 3492 phre-

436 3513 554 3566 nesi
603 3513 938 3567 laborantem
989 3513 1240 3577 offendit,
1282 3527 1385 3567 nec
1431 3514 1609 3583 potuit
1655 3528 1686 3567 a
1731 3529 2008 3583 quoquam

435 3603 623 3658 Galliae
673 3606 872 3660 ducum
910 3621 972 3660 ea
1013 3606 1328 3675 impetrare,
1365 3595 1602 3674 quorum
1645 3619 1806 3660 causa
1848 3621 2009 3660 vene-

438 3707 543 3752 rat.
569 3697 911 3768 Quapropter
941 3699 1014 3753 ita
1050 3697 1468 3752 consulentibus
1495 3697 1872 3766 Optimatibus,
1913 3697 2008 3766 qui

438 3789 549 3842 illic
600 3801 774 3855 erant,
823 3803 928 3845 tam
984 3791 1079 3846 diu
1119 3788 1550 3860 exSpectandum
1593 3789 1806 3852 statuit,
1832 3789 2010 3844 donec

435 3895 528 3934 rex
563 3883 990 3936 convalesceret.
1024 3881 1160 3936 Cum
1196 3890 1378 3934 autem
1428 3879 1653 3934 morbus
1700 3879 1752 3932 in
1784 3879 2007 3948 longum

432 3972 877 4042 protralteretur,
938 3987 1158 4025 manere
1205 3971 1412 4024 diutius
1464 3985 1574 4024 non
1631 3957 1734 4024 fuit
1762 3986 1926 4025 ausus
1990 3986 2005 4022 :

434 4065 666 4132 ideoque
718 4064 948 4118 transita
996 4062 1284 4118 Germania
1332 4062 1744 4130 Pannoniaque,
1781 4061 2006 4115 domum

441 4153 627 4206 rediit.

510 4246 722 4299 Mortuo
760 4245 1049 4314 Bajazeto,
1099 4258 1224 4298 cum
1285 4241 1660 4297 Machometus
1695 4242 1840 4296 filius
1887 4251 2008 4312 post

436 4339 637 4391 fratres
693 4337 758 4391 ad
820 4337 1108 4405 impeoium
1170 4334 1528 4404 pervenisset,
1577 4341 2007 4403 perpetuamque

434 4444 560 4482 cum
630 4428 833 4483 Graecis
883 4442 1071 4496 pacem
1140 4426 1390 4489 fecisset,
1437 4425 1649 4479 Mdnuel
1713 4425 2008 4494 imperator

2121 1963 2482 2032 tercipiebant
2517 1962 2792 2016 Amuratis
2813 1961 2867 2014 in
2903 1961 3176 2029 Europam
3206 1961 3492 2029 trajectum
3555 1959 3691 2013 Pro-

2121 2045 2348 2122 pontide
2405 2069 2467 2108 ac
2525 2053 2875 2122 Hellesponto
2921 2052 3257 2106 interclusis.
3308 2050 3550 2117 lnterim_
3584 2051 3690 2120 ipsi

2117 2143 2464 2213 Calliupolim
2490 2142 3113 2213 navigant,Chersonesi
3139 2143 3330 2196 urbem
3351 2143 3687 2210 opulentam,

2120 2243 2181 2288 ut
2217 2234 2290 2288 ibi
2324 2249 2448 2288 cum
2481 2233 2806 2287 adveniente
2832 2231 3116 2300 Mustapha
3149 2231 3203 2283 in
3232 2230 3560 2298 colloquium
3597 2244 3692 2283 ve-

2119 2324 2319 2388 nirent,
2343 2338 2503 2392 quem
2531 2323 2622 2376 ubi
2648 2337 2829 2391 regem
2851 2319 3084 2391 Eumpze
3107 2321 3387 2380 fecissent,
3413 2321 3692 2390 petierunt

2120 2423 2179 2467 ut
2200 2412 2544 2482 Calliupolim
2569 2412 2673 2466 sibi
2699 2411 3039 2475 restitueret,
3061 2410 3225 2481 idque
3255 2409 3412 2464 facile
3437 2411 3691 2466 obtinue-

2118 2518 2268 2561 runt.
2303 2507 2439 2560 Tum
2474 2519 2606 2559 vero
2637 2503 2805 2558 duces
2836 2503 3141 2565 Amuratis,
3167 2503 3226 2554 in
3258 2503 3478 2570 Europa
3511 2501 3687 2556 relicti

2117 2615 2146 2653 a
2201 2599 2542 2653 Machometo
2576 2605 2748 2665 patre,
2785 2596 3092 2664 Bajazetum
3133 2609 3301 2646 unum
3352 2609 3418 2647 cx
3453 2595 3690 2662 optima-

2117 2701 2231 2743 tum
2259 2703 2488 2742 numero
2511 2687 2830 2757 Byzantium
2860 2686 2927 2739 ad
2956 2685 3258 2739 Manuelem
3287 2684 3560 2755 ablegant,
3585 2686 3682 2754 qui

2118 2787 2365 2849 rogaret,
2395 2792 2462 2832 ne
2493 2778 2686 2830 initum
2715 2791 2840 2832 cum
2875 2776 3212 2832 Maeliometo
3244 2776 3422 2830 fmdus
3452 2776 3688 2832 violare-

2121 2880 2230 2935 tur,
2283 2869 2558 2938 simulque
2595 2867 2885 2923 duodecim
2933 2868 3226 2937 primatum
3253 2868 3397 2923 (Ilios
3435 2869 3683 2934 obsides,

2116 2976 2406 3016 aureorum
2437 2960 2744 3014 ducentena
2771 2959 2962 3022 millia,
2990 2959 3266 3028 regionem
3295 2960 3534 3030 denique
3567 2977 3686 3016 ma-

2115 3055 2315 3108 ximam
2354 3050 2636 3119 Calliupoli
2667 3050 2923 3114 vicinam,
2963 3065 3346 3121 quamcunque
3381 3051 3679 3123 Graeci’po-

2116 3148 2432 3209 stulassent,
2477 3144 2718 3209 offerret,
2752 3146 2796 3200 si
2828 3146 3166 3215 Mustapham
3191 3147 3478 3216 Byzantius
3507 3149 3683 3218 impe-

2115 3247 2260 3293 rator
2305 3239 2601 3302 desereret,
2661 3252 2724 3292 ac
2762 3238 2971 3292 neutris
3020 3239 3300 3306 suppetias
3348 3238 3538 3306 ferret,
3585 3240 3683 3294 sed

2111 3332 2259 3402 ipsos
2289 3330 2472 3400 potius
2507 3331 2714 3384 sineret
2751 3328 2962 3384 infestis
2989 3331 3158 3384 armis
3186 3345 3536 3386 concurrere.

2178 3420 2723 3489 Quibus'intellectis,
2749 3420 2984 3476 Joannes
3003 3421 3263 3478 Manuelis
3281 3421 3442 3492 filius,
3468 3423 3684 3495 juvenis

2111 3514 2324 3583 imperii
2368 3515 2600 3584 cupidus
2623 3553 2636 3576 ,
2665 3514 3038 3568 arbitrabatur
3083 3513 3241 3567 initio
3292 3530 3378 3568 res
3410 3531 3537 3571 suas
3563 3533 3682 3570 me-

2109 3605 2214 3659 lius
2249 3605 2545 3670 habituras,
2587 3607 2629 3660 si
2672 3606 2988 3661 inimicitias
3014 3606 3156 3659 inter
3188 3620 3244 3659 se
3285 3606 3360 3660 illi
3391 3619 3640 3676 gererent
3664 3652 3678 3672 ,

2109 3685 2488 3764 dﬁcordiaque
2537 3705 2723 3751 mutua
2771 3713 2860 3752 res
2896 3713 3022 3752 suas
3051 3699 3362 3768 perderent.
3411 3703 3679 3759 Praeterea

2111 3801 2218 3840 non
2255 3802 2442 3856 parum
2473 3788 2575 3842 sibi
2606 3789 3004 3844 conducturum
3036 3793 3282 3860 putabat,
3315 3796 3358 3848 si
3393 3796 3554 3851 ambo
3583 3813 3678 3851 sua

2109 3892 2272 3945 opera
2304 3878 2683 3947 indiguissent.
2719 3879 2874 3944 Quod
2910 3883 2953 3935 si
2981 3882 3143 3936 etiam
3174 3899 3399 3954 regnum
3437 3888 3580 3943 inter
3618 3905 3678 3942 se

2111 3969 2466 4037 partirentur,
2495 3971 2710 4025 facilius
2729 3981 3018 4041 utrumque
3041 3987 3200 4042 posse
3217 3978 3449 4044 Opprimi
3468 3988 3676 4035 statue-

2108 4060 2203 4114 bat
2225 4059 2293 4113 ab
2325 4075 2406 4123 se,
2435 4062 2528 4130 qui
2557 4069 2737 4116 tamen
2770 4064 2951 4119 neutri
2978 4080 3165 4134 reapse
3195 4080 3293 4135 par
3317 4079 3480 4124 esset.
3512 4071 3676 4126 Dein-

2106 4167 2236 4221 ceps
2263 4169 2395 4207 vero
2425 4155 2580 4223 longe
2600 4155 2760 4209 aliam
2790 4166 3008 4212 secutus
3039 4165 3123 4213 est
3151 4160 3500 4227 sententiam,
3531 4173 3673 4217 totus

2106 4241 2401 4310 Mustaphm
2435 4243 2680 4311 partibus
2721 4244 2992 4300 addictus.
3028 4245 3188 4302 Pater
3225 4258 3410 4302 autem
3448 4250 3676 4306 Joannis

2104 4333 2316 4388 Manuel
2369 4335 2667 4402 imperator
2700 4336 2976 4392 diversum
3031 4352 3062 4391 a
3088 4339 3197 4394 tilio
3237 4344 3534 4409 sentiebat,
3564 4345 3675 4401 {tn-

2105 4424 2294 4479 derum
2352 4427 2668 4496 religionem
2719 4438 2964 4485 statuens
3007 4433 3313 4489 violandam
3374 4452 3483 4491 non
3529 4453 3671 4493 esse.

432 4520 484 4573 in
523 4519 959 4587 Peloponnesum
991 4516 1288 4584 profectus,
1321 4517 1586 4570 Isthmum
1622 4529 1779 4568 muro
1808 4515 2002 4579 cinxit,
2029 4521 2082 4581 1)
2107 4515 2248 4570 Vicit
2270 4527 2448 4572 tamen
2471 4517 2635 4580 Illius.
2667 4520 2997 4592 decretaque
3033 4534 3164 4580 sunt
3189 4526 3490 4597 Mustapha:
3520 4533 3676 4584 auxi-

431 4619 490 4661 ut
516 4613 771 4661 universa
813 4607 963 4675 regio
1012 4616 1124 4661 tuta
1156 4608 1316 4660 foret.
1369 4607 1539 4660 Erant
1582 4605 1814 4660 Manueli
1867 4606 1998 4670 lilii,

428 4699 706 4763 Joannes,
762 4697 1130 4762 Andronicus,
1180 4697 1525 4760 Theodorus,
1572 4694 1999 4759 Constantinus,

432 4787 760 4850 Demetrius,
813 4786 1072 4840 Thomas.
1101 4786 1366 4841 Joannem
1412 4786 1857 4856 primogenitum,
1906 4786 1998 4855 qui

432 4879 659 4946 reliquis
693 4887 954 4947 prastare
994 4877 1300 4946 videbatur,
1334 4878 1389 4932 in
1419 4877 1734 4932 societatem
1787 4876 1998 4944 imperii

432 4971 674 5025 admisit.
722 4970 912 5027 Eidem
946 4980 1168 5025 uxorum
1197 4985 1262 5024 ex
1294 4969 1446 5026 Italia
1488 4969 1658 5034 dedit,
1691 4967 2001 5024 Montisfer-

433 5063 536 5118 rati
570 5063 834 5132 principis
855 5063 1038 5125 ﬁliam,
1068 5062 1250 5117 indole
1276 5061 1494 5131 quidem
1519 5061 1777 5131 praeclara
1806 5059 2003 5128 praedi-

433 5162 566 5216 tam,
598 5152 691 5206 sed
723 5152 973 5207 illiberali
1003 5151 1174 5204 forma
1209 5169 1222 5203 :
1251 5164 1414 5219 quam
1444 5149 1516 5204 ob
1544 5164 1764 5204 causam
1795 5149 1883 5204 illa
1908 5163 2002 5218 pa—

433 5260 554 5299 rum
598 5246 648 5300 ei
678 5247 833 5299 cordi
875 5253 1012 5308 erat,
1044 5259 1144 5298 nec
1175 5241 1535 5306 cohabitanti,
1570 5257 1670 5297 nec
1720 5242 2002 5298 matrimo-

433 5338 512 5392 nii
570 5339 744 5408 legem
785 5341 1046 5394 servanti.
1099 5339 1173 5393 Ea
1226 5354 1360 5395 vero
1412 5354 1472 5394 se
1523 5338 1720 5392 marito
1770 5338 2000 5393 invisam

432 5432 896 5498 animadvertetis,
921 5433 1098 5486 navim
1127 5433 1466 5497 conscendit,
1495 5441 1552 5487 et
1572 5433 1636 5487 ad
1665 5433 2002 5502 pr0pinqnos

432 5537 563 5576 suos
589 5537 647 5574 se
681 5522 905 5592 rei-epit.
933 5523 1277 5577 Andronicus
1296 5523 1655 5592 elephantiasi
1685 5534 1998 5595 corruptus,

434 5627 542 5664 non
579 5613 668 5666 diu
705 5614 856 5668 vixit.
898 5613 1224 5668 Theodorus
1275 5629 1303 5668 a
1353 5623 1508 5684 patre
1562 5616 1761 5670 missus
1809 5625 1892 5670 est
1932 5617 1998 5670 ad

433 5701 782 5758 Theodorum
815 5705 1239 5773 purpurigcnam
1271 5713 1550 5771 patruum,
1584 5713 1643 5758 ut
1678 5706 1942 5760 educatus
1969 5723 1996 5759 a

437 5803 654 5859 patruo,
683 5792 861 5846 eidem
887 5795 939 5846 in
955 5793 1312 5861 PeIOponnesi
1333 5793 1640 5863 principatu
1660 5796 1994 5850 succederet.

759 5889 1032 5947 ΡΑτῃοι..
1064 5887 1179 5948 ΟΒ.
1215 5885 1470 5950 CLVIII.

2103 4607 2198 4661 lia.
2225 4607 2347 4663 Mox
2364 4608 2586 4664 obsessa
2607 4611 2925 4681 Calliupolis
2949 4623 3003 4669 et
3031 4628 3359 4686 expugnata,
3396 4636 3554 4689 quam
3578 4622 3674 4678 ubi

2101 4699 2275 4757 Graeci
2335 4713 2665 4770 repeterent,
2712 4704 3024 4776 Mostaphas
3073 4709 3280 4777 dicere,
3330 4711 3527 4769 'I'nrcis
3569 4718 3676 4769 hoc.

2101 4795 2373 4862 ingratum
2431 4792 2568 4858 lore,
2620 4807 2787 4861 regno
2833 4796 3065 4851 necdum
3120 4807 3276 4867 parto
3344 4804 3674 4874 :simulque

2103 4899 2328 4955 rogare,
2393 4892 2600 4939 tantum
2639 4885 3029 4957 aliquantisper
3069 4898 3466 4958 exspectarent.
3506 4895 3673 4950 Dein-

2103 4989 2232 5044 ceps
2263 4974 2645 5044 Adrianopolis
2677 4986 2961 5046 occupata,
2997 4979 3211 5035 Turcici
3243 4985 3407 5052 regnL
3424 4986 3581 5040 sedes
3618 4989 3671 5041 in

2101 5064 2318 5134 Europa
2363 5084 2377 5120 :
2406 5081 2515 5135 quo
2545 5066 2710 5127 facto,
2750 5069 2950 5136 passim
2994 5071 3059 5124 ad
3092 5086 3217 5126 eum
3260 5075 3432 5144 cepis!
3462 5077 3672 5133 Turco-

2104 5172 2247 5222 rum,
2298 5172 2396 5212 ceu
2441 5158 2675 5228 Bajazeti
2716 5159 2908 5228 ﬁlium,
2964 5164 3301 5223 defecerunt.
3335 5169 3572 5225 Redacta
3615 5172 3670 5225 in

2104 5256 2427 5316 potestatem
2468 5249 2704 5320 Europa,
2732 5264 2856 5305 cum
2884 5252 3137 5323 Azapidis
3169 5256 3472 5312 Turcorum
3517 5262 3671 5327 pedi-

2104 5338 2271 5402 tibus,
2305 5329 2534 5410 aliisque
2563 5341 2736 5410 copiis
2765 5342 3062 5412 Europaeis,
3087 5356 3142 5402 et
3169 5347 3399 5404 Zunaite
3423 5348 3670 5418 Smyrnae

2103 5430 2349 5500 principe
2380 5431 2434 5484 in
2466 5433 2650 5487 Asiam
2684 5435 2919 5504 trajecit,
2952 5447 3010 5490 ut
3031 5453 3096 5491 ea
3121 5453 3345 5508 quoque
3378 5438 3667 5509 petiretur.

2103 5522 2275 5576 Simul
2306 5522 2373 5577 ad
2403 5522 2620 5579 Graecos
2645 5526 2840 5595 legatis
2876 5531 3056 5586 missis
3096 5530 3271 5597 petiit,
3302 5545 3370 5585 ne
3411 5531 3543 5598 quid
3572 5533 3668 5586 ab-

2102 5623 2255 5669 sente
2279 5617 2676 5672 seinnovarent
2714 5635 2726 5671 :
2757 5634 2816 5672 se
2846 5621 3104 5674 Amurate
3127 5621 3293 5684 victo,
3323 5621 3669 5692 Calliupolim

2103 5706 2465 5760 redditurum.
2517 5706 2664 5761 Misit
2706 5718 2760 5761 et
2797 5724 2928 5762 suos
2960 5712 3267 5775 Amuratcs,
3301 5713 3393 5784 qui
3443 5715 3669 5785 amplis-

2103 5795 2236 5850 sima
2284 5812 2510 5865 qua‘que
2553 5797 2975 5866 pollicerentur,
3027 5801 3073 5855 si
3106 5816 3232 5856 suas
3280 5813 3464 5873 pattes
3511 5808 3668 5880 sequi

3187 5895 3261 5954 21
