4088 6186
461 358 565 423 615

1813 368 2355 443 communio.

3601 356 3702 444 eo

460 474 773 564 concordiae
801 491 926 531 cum
955 480 1050 535 illo
1097 480 1244 539 inita:
1281 472 1605 555 poenitebat.
1665 488 2034 555 Quamobrem
2070 504 2112 557 Α
2145 494 2209 546 ad
2273 495 2539 548 arcendos
2599 511 2624 547 a
2689 483 3062 564 Peloponneso
3134 495 3343 550 Tureos
3391 502 3703 549 exstructus

459 562 645 619 missis
673 567 740 621 ad
791 570 1108 628 Amuratem
1165 575 1382 646 legatis.
1440 579 1681 636 Joannes
1724 582 2025 650 imperator

458 669 647 724 pacem
679 660 894 726 orabat,
922 672 977 717 et
1007 665 1356 736 impetrabat.

525 747 736 804 Secuta:
766 764 894 807 sunt
929 754 1160 812 fratrum
1198 758 1534 829 Graecorum,
1568 762 1795 825 Joannis
1829 776 1885 821 et
1930 767 2029 820 De-

457 837 680 901 metrii,
739 839 1029 901 discordize
1067 865 1082 901 :
1114 850 1321 917 quibus
1378 852 1732 919 durantibus,
1786 855 2030 911 Joannes

453 928 783 983 Demetrium
813 942 965 1001 parte
1000 937 1343 1008 principatus
1369 944 1627 1012 spoliavit
1662 964 1675 1000 :
1719 947 2030 1003 Demetrius

449 1016 982 1093 Constantinopolim
1016 1043 1119 1097 ope
1147 1030 1454 1087 'I‘nrcorum
1497 1036 1734 1102 obsedit,
1803 1039 2031 1095 inlecta-

451 1125 558 1179 que
583 1127 642 1166 re
670 1112 942 1173 discessit.
974 1120 1211 1177 Rursum
1243 1126 1378 1180 inita
1431 1141 1558 1181 cum
1599 1128 1863 1186 Amurate
1893 1147 2030 1186 con-

450 1202 660 1267 cordia.
715 1207 893 1262 nihilo
951 1214 1208 1269 cessabat
1268 1218 1451 1273 minus
1499 1220 1799 1289 imperator
1824 1223 2030 1293 agitare

450 1295 677 1350 consilia
705 1311 829 1351 cum
862 1301 1106 1371 Eugenio
1132 1296 1379 1361 Romano
1411 1310 1693 1378 pontifice,
1719 1327 1784 1366 ac
1817 1313 2031 1368 Panno-

449 1399 580 1438 num
612 1402 739 1457 rege
764 1387 1059 1457 Vladislao.
1091 1396 1184 1464 qui
1220 1412 1394 1466 nuper
1425 1400 1718 1455 admodum
1744 1418 1774 1458 e
1807 1402 2030 1459 Polonia

448 1488 695 1545 vocatus,
724 1482 1050 1553 Ungaricum
1085 1504 1310 1559 regnum
1346 1502 1727 1561 occupaverat.
1761 1495 2031 1565 Impetra-

447 1565 527 1621 v‘it
557 1578 741 1625 autem
793 1589 823 1627 a
866 1577 1123 1645 pontifice
1167 1580 1355 1634 decem
1408 1583 1684 1647 triremes.
1731 1602 1853 1655 quae
1907 1603 2029 1642 cum

447 1659 565 1713 suis
589 1659 997 1734 Hellespontum
1045 1668 1418 1736 custodirent,
1477 1685 1537 1729 ut
1567 1677 1798 1732 Asianas
1847 1681 2034 1749 copias

420 1750 738 1807 -Amurates
768 1757 1162 1825 trajicerenon
1194 1775 1401 1830 posset.
1461 1767 1663 1822 Verum
1697 1770 1831 1825 vicit
1863 1772 2032 1825 Amu-

2133 584 2324 637 fuerat.

2201 675 2392 745 Neque
2416 676 2589 731 multo
2626 686 2745 744 post
2783 676 2994 732 Joanne
3046 677 3376 747 imperatore
3418 676 3698 739 defuncto,

2134 764 2186 817 in
2216 763 2636 820 Constantinum
2667 767 2787 835 ejus
2818 766 3039 820 fratrem
3070 767 3387 821 devolutum
3428 775 3512 819 est
3533 767 3703 835 impc—

2132 855 2294 909 rium.
2324 857 2633 912 Demetrius
2664 857 2910 925 quidem,
2948 858 3178 912 fratrum
3207 860 3368 919 alter,
3405 858 3698 924 imperium

2131 962 2397 1018 occupare
2427 950 2705 1004 nitebatur
2732 968 2744 1001 :
2784 964 2973 1035 verum
3001 949 3298 1017 impeditus
3327 948 3431 1003 fuit
3469 948 3537 1002 ab
3568 949 3705 1002 civi-

2136 1038 2261 1102 bus,
2294 1048 2489 1099 matre,
2529 1039 2913 1093 Cantacuzeno
2944 1047 3001 1093 et
3030 1038 3254 1102 Not-ara,
3306 1038 3397 1107 qui
3449 1038 3704 1092 arbitro-

2131 1144 2252 1183 rum
2280 1129 2530 1198 partibus
2562 1129 2951 1198 fungebantur.
2984 1128 3279 1182 Timebant
3310 1128 3479 1191 enim,
3517 1129 3561 1182 si
3598 1130 3704 1182 lie-

2131 1221 2361 1273 metrius
2392 1229 2779 1289 assequeretur
2809 1219 3125 1288 imperium,
3157 1217 3297 1280 fore,
3351 1226 3409 1272 ut
3433 1219 3701 1272 Constan-

2135 1314 2284 1367 tinus
2309 1312 2611 1366 exercitum
2641 1310 2964 1373 adduceret,
3016 1323 3129 1379 quo
3162 1308 3329 1371 facto.
3392 1309 3701 1378 periturum

2130 1413 2275 1459 esset
2302 1402 2617 1473 imperium.
2653 1402 2928 1457 Demetrio
2964 1410 3167 1460 tamen.
3196 1410 3252 1454 et
3276 1400 3519 1464 Thomze,
3546 1400 3701 1454 fratri

2130 1502 2263 1550 natu
2298 1496 2547 1559 minimo,
2580 1496 2991 1564 Peloponnesus
3013 1508 3083 1547 ex
3103 1507 3259 1561 aequo
3282 1505 3540 1546 concessa
3566 1490 3699 1547 fuit:

2132 1589 2203 1640 ob
2233 1601 2394 1656 quam
2434 1587 2580 1641 varie
2608 1585 3002 1641 tumultuatum
3036 1583 3181 1637 inter
3221 1583 3368 1648 ipsos
3402 1591 3508 1645 est,
3544 1594 3701 1636 utro-

2132 1693 2237 1745 que
2273 1676 2530 1730 studente
2554 1676 2788 1730 alterum
2813 1674 3038 1745 ejicere.

2204 1767 2318 1822 Sub
2349 1767 2455 1822 hoc
2485 1776 2702 1837 tempus
2744 1768 3037 1821 Amurates
3072 1766 3357 1836 apoplexia
3400 1770 3697 1832 correptus

446 1842 580 1932 ratis
617 1843 837 1899 fortuna
862 1849 1186 1919 trajicientis
1219 1870 1285 1907 eo
1325 1865 1593 1925 tempore,
1643 1875 1753 1925 quo
1802 1873 2022 1932 propter
2054 1848 2097 1906 Β
2127 1860 2182 1913 ἱη
2208 1859 2486 1921 convivio.
2523 1858 2758 1917 moritur
2780 1874 2903 1914 cum
2933 1858 3002 1913 δί
3032 1858 3191 1913 annis
3226 1865 3526 1925 regnasset.
3587 1855 3699 1909 Ma-

440 1930 791 2011 adversarios
828 1948 1019 1993 ventos
1057 1940 1232 1996 Grtrci
1268 1944 1558 2017 Latinique
1591 1959 1785 2005 contra
1815 1930 2023 2007 Tui-tos

444 2026 545 2079 niti
577 2028 726 2082 nullo
758 2018 921 2085 modo
947 2042 1221 2102 poterant.
1282 2035 1413 2108 Ejus
1447 2047 1555 2093 tam
1614 2041 1825 2096 felicem
1858 2046 2023 2114 traje-

444 2116 679 2171 Ctionem
700 2119 935 2177 Joannes
986 2125 1285 2194 imperator
1340 2144 1489 2199 aegro
1539 2146 1665 2185 cum
1722 2135 2021 2202 accepisset

443 2206 647 2271 animo,
683 2211 1021 2269 deliberabat
1050 2232 1174 2271 cum
1208 2219 1344 2283 suis.
1379 2221 1511 2289 quid
1540 2221 1592 2275 in
1628 2225 1881 2291 praesenti
1931 2239 2018 2279 re-

444 2312 563 2352 rum
596 2312 737 2355 statu
773 2307 1117 2373 potissimum
1149 2323 1378 2380 ageret;
1411 2314 1710 2380 bellumne,
1737 2331 1806 2370 an
1833 2333 2017 2386 pacem

442 2390 685 2464 Amurati
715 2396 1087 2457 denuntiaret.
1138 2404 1356 2475 Quippe
1385 2406 1429 2460 si
1470 2422 1659 2476 pacem
1691 2422 1814 2462 cum
1853 2411 2019 2463 Amu-

444 2491 560 2535 rate
582 2485 761 2542 colere
788 2489 1139 2551 instituisset.
1172 2495 1288 2552 fore
1321 2478 1568 2567 putabat,
1599 2510 1657 2554 ut
1689 2501 1736 2554 ei
1761 2516 1859 2570 per
1881 2501 2021 2556 Pon-

448 2579 562 2626 tum
593 2579 895 2634 exercitum
921 2583 1165 2656 ducenti.
1220 2598 1587 2644 commeatum
1620 2601 1675 2646 ct
1710 2594 2017 2647 necessaria

441 2676 700 2732 prtestarc
729 2682 1019 2740 cogeretur
1048 2693 1062 2731 :
1090 2692 1195 2746 qua
1230 2694 1287 2733 re
1322 2679 1614 2735 Pannones
1681 2682 2016 2738 offensurum

443 2769 501 2809 se
534 2756 773 2822 videbat,
804 2777 834 2814 a
868 2766 1070 2830 quibus
1099 2783 1207 2821 non
1244 2770 1364 2824 leve
1399 2772 1730 2839 periculum.
1760 2775 2019 2831 Amurate

443 2844 1043 2914 devicto,imminerct.
1072 2857 1307 2915 Putabat
1331 2863 1498 2932 igitur
1526 2879 1593 2919 eo
1622 2875 1868 2935 tempore
1890 2882 2021 2921 con-

442 2940 800 2998 sultissimum
828 2946 965 3013 fore,
996 2950 1319 3008 Pannonum
1344 2957 1497 3026 sequi
1530 2968 1732 3027 partes,
1768 2969 1824 3013 et
1852 2961 2021 3013 Amu-

442 3034 545 3085 rati
569 3033 771 3089 bellum
806 3039 1031 3095 inferre.
1096 3044 1228 3099 Post
1276 3061 1508 3117 pugnam
1542 3064 1675 3104 vero
1723 3051 2017 3107 infeliciter

442 3124 511 3177 ab
534 3124 769 3241 Ungarcis
795 3141 984 3185 contra
1001 3133 1213 3191 Turcos
1237 3147 1558 3209 pugnatam,
1589 3141 1812 3196 Grzecus
1842 3144 2016 3213 impe-
2039 3173 2087 3241 ο

441 3228 591 3270 rator
624 3218 675 3270 in
708 3218 886 3277 foedus
920 3239 1044 3278 cum
1081 3226 1345 3283 Amurate
1390 3230 1577 3292 rediit.
1636 3247 1735 3288 nec
1768 3236 2007 3302 amplius

442 3306 494 3359 id
536 3308 795 3365 violatum
833 3324 937 3369 est.
969 3315 1100 3370 Nam
1133 3319 1373 3388 quietem
1410 3322 1693 3391 amplexus
1716 3333 1820 3385 est.
1845 3324 2014 3379 Amu-

445 3407 728 3469 ratemque
764 3407 1089 3462 muneribus
1132 3408 1321 3475 coluit,
1378 3412 1597 3466 utnihil
1660 3414 1786 3467 mall
1821 3422 2012 3470 contra

443 3490 620 3559 ipsum
648 3497 884 3565 amplius
912 3500 1223 3558 moliretur.

516 3582 678 3638 Fceda
715 3597 896 3643 autem
929 3593 1211 3647 contentio
1253 3590 1397 3647 inter
1420 3594 1814 3664 imperatorem
1848 3596 2015 3653 Joan-

441 3694 569 3732 nem
594 3689 650 3733 et
684 3680 905 3736 fratrem
935 3682 1285 3739 Theodorum
1308 3695 1430 3741 erat
1450 3696 1662 3753 coorta,
1687 3687 1781 3757 qui
1814 3688 2017 3759 Byzan-

441 3770 577 3823 tium
612 3783 858 3838 vlrnerat,
897 3784 956 3828 ut
1011 3775 1067 3829 in
1129 3776 1450 3832 societatem
1514 3779 1733 3848 imperii
1781 3794 1810 3832 a
1847 3780 2013 3836 fratre

440 3861 848 3916 admitteretur.
881 3865 929 3919 Is
950 3879 1007 3919 se
1031 3879 1131 3934 pro
1182 3866 1513 3935 imperatore
1560 3868 1736 3922 solum
1768 3870 2011 3937 gerebat,

445 3951 713 4021 fratrique
746 3954 1053 4011 resistebat.
1088 3958 1426 4031 Postremum
1456 3963 1632 4031 aperti
1660 3962 1848 4016 hosms
1887 3964 2011 4016 facti

440 4051 588 4095 sunt.
614 4043 747 4097 Nam
781 4047 1188 4114 expeditionem
1227 4028 1550 4103 Theodorus
1600 4061 1789 4105 contra
1836 4052 2012 4119 impe-

442 4145 679 4188 ratorem
707 4136 928 4192 fratrem
954 4139 1209 4195 instituit.
1233 4140 1361 4195 Erat
1385 4143 1434 4197 ci
1459 4158 1720 4199 concessa
1745 4144 2008 4214 Selybria,

442 4236 565 4277 cum
604 4227 825 4295 regione
855 4229 1034 4283 vicina
1068 4248 1079 4284 :
1116 4222 1351 4301 cumque
1384 4242 1597 4301 peteret
1652 4236 1720 4288 ab
1773 4235 2009 4306 impera-

444 4318 563 4364 tore
581 4326 880 4382 proventus
898 4332 1110 4370 annuos
1132 4318 1429 4387 ampliores
1448 4320 1513 4373 ad
1538 4321 1703 4375 vitam
1728 4322 2007 4376 sustinen-

2124 1948 2440 2003 chometum
2465 1948 2635 2002 lilium
2661 1961 3033 2002 successorem
3060 1946 3300 2016 reliquit.
3320 1946 3373 2000 Is
3393 1944 3494 1998 sub
3521 1945 3697 2011 ipsum

2125 2039 2277 2109 regni
2311 2039 2424 2119 .sui
2480 2038 2790 2106 auspicium
2851 2036 3387 2105 Constantinopolim
3440 2035 3696 2090 obsidere

2125 2130 2314 2199 εωιιίι,
2346 2138 2401 2185 et
2434 2130 2501 2182 ad
2533 2130 2998 2199 expugnationem
3017 2131 3201 2182 omnia
3231 2128 3431 2182 idonea
3468 2142 3696 2195 compa-

2123 2221 2286 2274 ravit.
2318 2220 2449 2289 Ejus
2482 2220 2637 2273 urbis
2665 2221 2972 2290 amplitudo
3002 2235 3124 2274 cum
3183 2229 3332 2274 tanta
3365 2222 3458 2283 sit,
3489 2264 3493 2271 .
3519 2231 3580 2274 ut
3641 2222 3693 2273 in

2122 2312 2355 2365 circuitu
2391 2312 2480 2365 Ill
2516 2311 2695 2367 stadia
2722 2313 3007 2367 contineat
3036 2329 3051 2365 :
3078 2312 3391 2366 distributis
3422 2312 3474 2365 in
3509 2328 3697 2366 muros

2122 2402 2606 2471 militibus,eoqtte
2639 2411 2795 2470 pacto
2822 2402 3107 2457 instructis
3132 2402 3326 2477 copiis,
3387 2401 3590 2456 accidit
3639 2411 3697 2455 ut

2122 2493 2304 2546 minus
2339 2494 2547 2547 munita
2584 2493 2746 2548 foret.
2781 2493 2982 2547 Aderat
3021 2494 3075 2547 in
3111 2493 3249 2547 urbe
3269 2492 3473 2547 Graecis
3517 2493 3694 2547 Isido-

2121 2599 2212 2637 rus
2238 2585 2543 2639 Russorum
2576 2587 2809 2641 antistes
2848 2585 3143 2639 cardinalis
3198 2584 3390 2654 synodi
3438 2584 3695 2654 cogendae

2120 2688 2285 2729 causa
2314 2676 2539 2738 missus,
2570 2687 2631 2729 ut
2661 2676 2912 2730 Romano
2954 2674 3205 2743 pontifici
3240 2674 3461 2730 Graecos
3502 2687 3695 2731 recon-

2120 2768 2331 2821 ciliaret
2368 2785 2382 2821 :
2419 2777 2585 2837 atque
2609 2768 2663 2821 id
2705 2782 2814 2822 non
2854 2768 3030 2822 multo
3059 2777 3187 2822 ante
3215 2767 3549 2823 confecerat.
3592 2768 3695 2821 Ve-

2122 2872 2239 2911 rum
2268 2856 2471 2913 Graecis
2510 2858 2601 2912 illa
2641 2873 2766 2912 cum
2794 2857 3053 2913 Romanis
3109 2860 3484 2914 reconciliatio
3531 2860 3694 2913 nimis

2122 2966 2242 3004 sera
2276 2950 2510 3004 exstitit.

2196 3040 2440 3095 Tandem
2464 3040 2973 3111 Constantinopolis
3011 3051 3322 3111 expugnata
3353 3051 3440 3095 est
3490 3050 3692 3110 quarto

2121 3132 2391 3188 Kalendas
2417 3128 2743 3200 Quinctiles,
2794 3134 2889 3203 qui
2939 3133 3059 3190 dies
3113 3132 3302 3189 Martis
3357 3143 3498 3198 erat,
3548 3148 3695 3187 anno

2120 3222 2259 3277 “55
2299 3223 2405 3289 Vel,
2448 3233 2507 3278 ut
2537 3224 2629 3278 alii
2664 3222 2910 3288 tradunt,
2945 3223 3402 3294 quinquagesimo
3424 3223 3691 3282 secumlo,

2118 3329 2241 3370 cum
2282 3315 2628 3370 obsidionem
2665 3316 3060 3386 quinquaginta
3087 3322 3327 3385 quatuor
3359 3316 3478 3370 dies
3548 3316 3687 3368 tole-

2118 3416 2312 3461 rasset.
2334 3406 2779 3469 Cantacuxenus,
2800 3406 3163 3476 Theophilus,
3186 3406 3543 3475 Palaeologus,
3572 3404 3693 3457 alii-

2117 3512 2226 3567 que
2261 3498 2590 3553 nobilissimi
2624 3498 2729 3552 viri
2764 3496 2985 3552 fortiter
3036 3488 3691 3561 dimica‘ntes,interfecti

2118 3597 2265 3643 sunt.
2290 3590 2685 3645 Constantinus
2715 3591 3018 3659 imperator
3069 3589 3286 3659 fugiens
3312 3589 3369 3642 in
3396 3589 3691 3643 humerum

2117 3690 2341 3751 accepto
2360 3681 2588 3737 vulnere
2617 3682 2803 3751 periit.
2838 3681 2969 3751 Ejus
2989 3682 3247 3737 exstincti
3280 3692 3446 3751 caput
3482 3681 3548 3735 ad
3573 3681 3689 3757 Ma-

2116 3773 2426 3828 chometum
2453 3773 2673 3843 quidam
2706 3772 2911 3836 attulit,
2936 3781 3249 3843 prmterque
3280 3788 3505 3828 munera
3528 3775 3690 3842 longe

2118 3864 2457 3933 amplissima
2491 3864 2806 3934 principatu
2846 3865 3338 3934 quoque'donatus
3371 3876 3481 3919 est.
3514 3866 3691 3934 Impe-

2117 3957 2199 4009 rio
2234 3954 2413 4010 tribus
2436 3957 2600 4015 annis
2634 3966 2688 4009 et
2721 3956 2900 4010 tribus
2933 3955 3215 4011 mensibus
3243 3955 3450 4022 potitus
3482 3946 3683 4009 fuerat.

2116 4048 2320 4101 Eodem
2352 4047 2463 4107 die,
2496 4047 2686 4102 Peram
2722 4061 2961 4115 quoque,
2996 4045 3113 4100 sive
3137 4045 3403 4109 Galatam,
3431 4044 3690 4099 Genuen-

2095 4139 2254 4219 .sium
2308 4138 2607 4208 oppidum,
2673 4137 2834 4191 Turci
2894 4152 2992 4206 per
3056 4137 3389 4191 deditionem
3452 4150 3685 4204 occttpa-

2117 4226 2266 4285 runt.
2306 4232 2439 4297 Quae
2471 4242 2658 4285 autem
2690 4229 3037 4284 calamitates
3066 4231 3119 4283 in
3146 4229 3249 4284 hac
3282 4228 3685 4298 expugnatione

2115 4322 2392 4392 Byzantiis
2417 4320 2760 4379 acciderunt.
2804 4319 3072 4387 explicari
3111 4318 3347 4371 dicendo
3379 4326 3681 4385 nequeunt.

440 4403 588 4467 dam,
624 4406 895 4474 repulsam
926 4420 1116 4474 passus
1140 4409 1263 4463 fuit.
1288 4409 1454 4482 348
1477 4411 1613 4464 Hinc
1637 4412 1837 4466 bellum
1867 4414 2009 4468 inter
2044 4430 2086 4485 ι)
2115 4411 2252 4465 Nam
2288 4410 2599 4464 miserabile
2636 4410 2739 4462 hoc
2765 4407 3276 4477 Constantitmpolis
3341 4406 3570 4459 exitium
3605 4405 3685 4454 vi-

437 4494 614 4561 ipsnm
638 4506 692 4549 et
719 4496 944 4550 fratrem
978 4511 1364 4556 exortum‘cst.
1395 4504 1554 4557 Prius
1592 4512 1792 4566 tamen.
1839 4520 2004 4574 quam

440 4581 565 4635 belli
598 4581 919 4638 Theodorus
948 4586 1185 4654 aliquem
1216 4604 1532 4644 successum
1569 4590 1871 4654 habuisset,
1898 4594 2008 4648 vita

441 4670 662 4726 functus
683 4682 788 4727 est.
822 4674 1138 4731 Secundum
1172 4678 1287 4732 haec
1345 4680 1649 4735 lacessente
1690 4682 2007 4739 Amnratem

437 4762 824 4830 Constantino,
887 4768 1062 4822 altero
1119 4766 1346 4825 Joannis
1410 4771 1757 4842 imperatoris
1820 4775 2009 4841 fratre,

440 4855 677 4911 Isthmus
707 4862 1173 4928 expugnatal‘uit,
1228 4879 1384 4917 muro
1410 4865 1617 4931 diruto,
1679 4868 1772 4935 qui
1834 4885 2010 4938 nuper

2112 4504 2276 4558 detur
2307 4502 2514 4564 omnia,
2548 4516 2670 4571 quae
2696 4516 2792 4571 per
2855 4499 3169 4553 universum
3212 4497 3400 4551 orbem
3444 4494 3686 4563 contige.

2112 4605 2263 4660 runt,
2286 4594 2498 4649 excidia
2526 4606 2835 4663 superasse.
2861 4593 3040 4660 Atque
3068 4591 3155 4643 hic
3181 4588 3392 4657 imperii
3417 4586 3685 4642 Constan-

2114 4688 2465 4757 tinopolitani
2501 4687 2626 4741 ﬁnis
2661 4686 2787 4749 fuit,
2842 4684 2989 4754 quod
3023 4699 3050 4737 a
3090 4680 3449 4736 Constantino
3494 4679 3685 4749 Magno

2114 4795 2177 4833 ex
2216 4780 2367 4835 Italia
2417 4781 2763 4846 translatum,
2800 4776 3155 4849 Byzantiique
3203 4774 3585 4837 constitutum,
3628 4776 3681 4826 itt

2119 4867 2480 4924 Constantino
2507 4869 2809 4939 Palteologo
2839 4866 3025 4921 desiit.

562 5046 1071 5115 Continuationis
1120 5051 1538 5133 Glycanorum
1572 5058 1933 5130 Annalium,
1974 5067 2227 5119 auctore
2261 5058 2502 5117 Joanne
2536 5055 2931 5126 Leuncfavio,
2975 5054 3057 5115 ad
3086 5060 3336 5131 captum
3370 5072 3560 5133 usque

1792 5161 2158 5237 Byzantium
2188 5160 2349 5236 ﬁnis.

1686 5425 2414 5459 w—
