4088 6186
378 200 487 266 655
1639 207 2056 272 MICHAELIS
2091 213 2352 274 et.ch
2428 198 2431 199 ⁷
3525 207 3632 283 65-6

375 323 457 375 ὃτι
506 319 765 392 τοιαύτης
814 323 1060 394 ἰατρείας
1108 323 1383 395 δεόμενοι,
1438 323 1538 380 καὶ
1580 325 1657 396 μὴ
1703 327 2000 394 συνιέντες,
2045 330 2183 399 μηδὲ
2233 327 2544 399 διδασκάλῳ
2586 325 2873 383 πείθεσθαι
2917 324 3329 399 μεμαθηκότες,
3371 320 3631 379 ἀπελθεῖν

304 486 315 491 -
353 419 574 489 ⁹εξςκτὰι
621 415 819 478 ὀπίσω.
867 414 1049 479 καθὼς
1087 416 1412 487 ᾑρετὶσαντο
1459 415 1949 488 συνεχωρήθησαν.

337 515 344 523 ’
452 511 697 580 lndigere
713 518 896 564 autem
927 522 1027 562 nos
1052 506 1153 563 ista
1180 510 1469 575 medicina,
1511 519 1725 565 constat
1762 512 1939 565 oinui-
1973 515 2020 575 Α

380 602 577 655 mustis.
606 602 898 668 Postquam
930 602 1076 655 enim
1110 601 1376 656 malorum
1411 598 1706 656 multorum
1741 601 1951 656 machi—

378 701 542 744 nator
573 692 735 745 draco
760 691 847 744 ille
884 706 915 745 a
941 691 1211 762 principio
1238 690 1462 748 exitium
1488 691 1649 747 nobis
1672 692 1725 746 in
1757 706 1821 746 os
1845 691 1949 745 ima

377 782 545 842 misit.
596 781 832 836 vicissim
858 784 1070 837 curatio
1128 798 1224 853 per
1265 798 1325 837 os
1381 784 1710 852 excogitata,
1757 791 1812 836 et
1866 782 1955 838 iu-

379 887 536 930 senta
560 886 660 930 est.
699 876 809 931 Hoc
839 878 982 932 eni‘n
1020 894 1181 932 sensu
1224 878 1384 931 etiam
1437 877 1640 932 Judzeis
1693 876 1955 931 Dominus

378 969 515 1023 dixit
550 987 563 1022 :
592 969 708 1022 Nisi
732 970 1171 1024 nauuducaveritis
1200 986 1411 1024 carnem
1459 969 1584 1023 Filii
1622 968 1873 1032 hominis,
1902 977 1954 1021 et

377 1060 608 1114 biberitis
642 1062 753 1131 ejus
772 1063 1101 1132 sanguinem,
1137 1079 1238 1115 non
1269 1063 1520 1116 habebitis
1551 1065 1711 1116 vitam
1737 1062 1792 1114 in
1858 1077 1955 1116 νο-

378 1152 476 1205 bis.
509 1152 647 1216 Quid
691 1152 810 1206 ita?
872 1151 1140 1218 Quoniam
1201 1152 1497 1223 serpentis,
1550 1168 1713 1222 quem
1768 1161 1952 1207 mente

377 1243 732 1312 percipimus.
806 1259 1018 1299 veneno
1063 1254 1191 1301 ante
1250 1253 1471 1315 tempus
1536 1244 1738 1299 mortui
1793 1245 1950 1301 estis.

378 1335 535 1400 Quod
562 1349 685 1389 cum
723 1336 794 1389 ita
837 1337 929 1403 sit,
958 1338 1025 1392 de
1061 1347 1261 1392 caetero
1308 1338 1750 1409 pricpurgatiune
1812 1352 1953 1405 opus

382 1432 486 1478 est.
513 1423 674 1480 Novit
703 1428 850 1481 enim
898 1427 1069 1496 probe
1099 1428 1365 1483 sanctitas
1389 1437 1501 1492 tua,
1536 1428 1717 1496 etjam
1762 1427 1955 1492 volen-

382 1524 465 1571 tes
497 1518 797 1571 antidotum
826 1518 1091 1588 recipere,
1123 1534 1188 1573 co
1209 1534 1317 1573 non
1358 1519 1609 1575 similiter
1647 1529 1702 1574 ct
1730 1519 1955 1577 fortuito

383 1608 485 1673 uti,
527 1610 847 1679 priusquam
879 1608 1133 1666 videlicet
1165 1611 1414 1680 malignis
1445 1611 1790 1671 humoribus.
1817 1627 1846 1665 a
1876 1606 1973 1665 vi-i

382 1704 523 1759 tiosa
572 1705 749 1761 victus
810 1706 1023 1762 ratione
1071 1707 1323 1762 collectis
1379 1722 1504 1763 sese
1559 1707 1955 1776 purgaverint:

382 1795 477 1850 sed
512 1804 864 1851 attenuautur
902 1808 955 1851 et
990 1809 1289 1868 purgantur
1326 1807 1473 1863 ante,
1517 1810 1573 1853 et
1601 1799 1680 1854 sic
1732 1800 1952 1854 demum

384 1887 738 1956 pharmacum
765 1890 1063 1957 accipiunt.
1096 1890 1254 1955 Quod
1286 1890 1405 1944 sine
1436 1891 1602 1945 dubio
1636 1891 1840 1945 idcirco
1879 1890 1956 1946 fa-
1995 1874 2035 1930 Β

383 1973 556 2035 ciunt,
582 1989 653 2028 ne
702 1991 797 2044 pro
840 1977 1135 2044 pharmaco
1185 1979 1303 2033 utili
1351 1979 1575 2034 noxium
1639 1981 1960 2050 accipiatur.

384 2066 565 2129 Quare
596 2080 806 2121 sacrum
836 2077 1054 2137 gustare
1114 2070 1337 2124 calicem
1380 2070 1516 2125 nihil
1576 2060 1813 2141 prodest.
1856 2073 1960 2128 uisi

385 2154 539 2221 prius
575 2153 714 2208 bene
783 2166 1044 2225 purgatus
1107 2158 1175 2212 sit
1220 2160 1261 2214 ⁸.
1305 2159 1431 2215 Haec
1485 2176 1649 2231 porro
1706 2162 1959 2228 dicimus,

385 2257 494 2296 non
527 2251 587 2297 ut
620 2260 722 2299 nos
744 2245 798 2298 in
834 2246 1271 2315 deSperationem
1309 2251 1651 2318 abjiciamus,
1687 2267 1876 2306 verum
1906 2261 1965 2308 ut

387 2332 581 2390 modos
603 2335 782 2404 potius
808 2351 871 2391 ac
903 2339 1141 2394 rationes
1165 2341 1463 2397 doceamus
1488 2358 1585 2412 per
1608 2360 1744 2410 quas
1767 2347 1877 2401 vita
1910 2355 1964 2402 et

388 2439 539 2479 mors
598 2425 781 2480 invehi
831 2427 990 2483 solet.
1042 2429 1193 2496 Quod
1214 2432 1259 2485 si
1319 2431 1743 2501 allirtuarcmus,
1798 2436 1963 2491 etiam

386 2513 577 2586 ejectis
608 2516 926 2574 humoribus
956 2520 1190 2586 vitiosis,
1222 2532 1279 2578 et
1302 2522 1430 2580 inde
1455 2526 1617 2582 nobis
1657 2527 1964 2598 aptitudine

388 2605 698 2667 conciliata.
730 2609 975 2664 nondum
1007 2612 1254 2681 permitti
1286 2628 1388 2669 nos
1417 2630 1576 2671 sacro
1601 2617 1803 2686 poculo
1830 2617 1962 2683 frui,

392 2706 503 2751 tum
543 2708 868 2769 sequeretur
917 2711 976 2759 ut
1024 2704 1429 2774 desperandum
1494 2717 1657 2763 esset.
1709 2708 1863 2775 Quod
1915 2710 1964 2767 si

388 2789 628 2846 uibilest
653 2791 987 2862 hujusmodi,
1046 2803 1101 2850 et
1126 2796 1219 2866 qui
1284 2799 1516 2864 accedit,
1564 2801 1963 2867 tantummodo

388 2882 550 2937 discit
578 2884 853 2953 quomodo
887 2886 1272 2942 "accedendum
1299 2888 1392 2954 sit,
1445 2906 1516 2946 ne
1574 2890 1699 2947 inde
1736 2901 1964 2947 mortem

388 2988 490 3044 pro
525 2974 635 3029 vita
664 2974 907 3033 lucretur
942 2976 1089 3046 (nam
1121 2978 1278 3050 juxta
1340 2981 1564 3037 beatum
1599 2983 1823 3040 Paulum
1847 2984 1965 3039 ideo

388 3065 531 3123 inter
559 3083 652 3121 nos
684 3068 836 3129 multi
872 3069 1097 3138 inﬁrmi,
1147 3082 1198 3126 et
1247 3072 1545 3137 imbecilles,
1588 3085 1640 3128 et
1693 3078 1964 3132 dormiunt

390 3158 547 3215 multi
575 3159 617 3230 ')
648 3162 824 3230 qualis
846 3173 928 3219 est
956 3166 1062 3224 ista
1093 3165 1441 3235 desperatio?
1493 3167 1609 3221 Imo
1648 3169 1828 3237 potius
1877 3185 1965 3224 sa-

391 3251 521 3306 lutis
575 3255 930 3325 concipienda
995 3272 1143 3328 spes,
1190 3273 1352 3326 quam
1421 3257 1665 3315 veritatis
1726 3260 1967 3331 cognitio

394 3342 557 3413 parit.
806 3346 813 3353 ’

466 3630 644 3698 Quam
667 3631 738 3687 ob
758 3647 976 3686 causam
1012 3630 1346 3704 vigilandum
1378 3641 1482 3689 est.
1518 3633 1792 3699 Quantum
1820 3634 1967 3688 enim

396 3722 560 3778 habet
582 3724 707 3779 boni
744 3723 864 3792 ejus
899 3738 1011 3795 quo
1037 3723 1182 3778 facto
1206 3739 1346 3795 opus
1367 3733 1452 3778 est
1489 3725 1716 3794 agnitio,
1756 3734 1967 3780 tantum

395 3822 587 3867 contra
618 3812 780 3867 habet
805 3812 933 3866 mali
958 3813 1077 3885 ejus
1106 3813 1253 3884 quod
1301 3812 1645 3870 conducibile
1696 3825 1780 3873 est
1810 3817 1968 3886 igno-

396 3902 554 3958 ratio.
591 3902 804 3973 Reputa
833 3904 979 3963 enim
1019 3913 1221 3967 tecum,
1261 3919 1371 3958 non
1395 3919 1598 3975 paucos
1625 3905 1969 3961 inﬁrmorum

392 3991 593 4047 adiisse
612 3991 803 4046 mortis
835 3992 1162 4062 periculum,
1194 3992 1325 4062 quia
1346 4008 1473 4048 cum
1508 3994 1564 4047 in
1605 3993 1852 4051 medicos
1878 3995 1965 4048 iu-

392 4082 723 4140 exercitatos
757 4084 1099 4150 incidissent,
1152 4084 1508 4156 congruentia
1552 4089 1745 4142 morbo
1786 4103 1968 4142 reme-

392 4175 481 4231 dia
502 4190 613 4231 non
645 4186 773 4231 sunt
811 4176 1016 4246 adepti.
1071 4176 1228 4242 Quod
1257 4176 1302 4231 si
1335 4175 1517 4231 isthuc
1543 4178 1616 4230 ita
1660 4192 1721 4233 se
1786 4177 1969 4242 habet,

396 4264 527 4318 nulli
573 4264 653 4319 rei
695 4280 923 4335 parcere
964 4280 1182 4335 aequum
1235 4265 1535 4332 videri-tur,
1585 4267 1634 4320 si
1690 4266 1819 4335 quid
1871 4282 1970 4336 po-

398 4358 506 4412 tius
566 4367 681 4411 tum
719 4357 825 4428 ipsi
874 4359 1016 4413 male
1057 4358 1283 4423 valenti,
1324 4367 1438 4415 tum
1477 4361 1770 4428 pharmaca
1804 4359 1970 4415 mini-

396 4449 591 4504 stranti
635 4448 922 4506 manifeste
948 4450 1252 4520 periculum
1315 4450 1717 4505 imminet.’Ac
1764 4452 1811 4506 si
1851 4451 1965 4521 pla-v

2123 512 2245 566 Ὀτι
2278 511 2333 563 δὲ
2368 511 2629 583 τοιαύτης
2679 509 2926 581 ἰατρείας
2967 507 3300 581 ἐχρῄζομεν,
3342 512 3629 581 ὁμολογεῖ-

2066 622 2160 660 ται
2189 606 2346 659 τοῦτο
2385 605 2755 661 παντάπασιν.
2802 604 3019 677 Ἐπειδὴ
3051 604 3163 675 γὰρ
3190 607 3219 659 6
3250 606 3631 678 πολυμήχανος

2067 699 2288 769 δράκων
2318 700 2408 753 διὰ
2438 697 2708 767 στόματος
2744 698 2878 767 ἡμῖν
2903 696 3149 768 ἀρχῆθεν
3184 698 3347 767 ἱνῆκε
3392 699 3484 753 τὸν
3517 700 3636 753 ὁλε-

2068 791 2219 860 θρον,
2275 792 2365 845 διὰ
2399 792 2669 862 στόματος
2719 786 2878 853 αὖθις
2923 790 3122 845 καὶτὰ
3173 790 3273 860 τῆς
3335 789 3632 861 θεραπείας

2068 884 2436 952 ἐπινενόηται.
2482 885 2639 938 Κατὰ
2669 885 2778 953 γὰρ
2806 882 2965 937 τοῦτο
2996 864 3092 935 ἰαὶ
3113 882 3250 950 πρὸς
3285 882 3579 946 Ἰουδαίους
3606 884 3635 936 6

2071 974 2274 1043 Κύριος
2307 975 2527 1043 ἔλεγεν·
2569 974 2713 1030 Ἐὰν
2760 974 2846 1044 μὴ
2881 973 3112 1043 φάγητε
3145 972 3260 1039 τὴν
3291 971 3491 1041 σάρκα
3526 974 3635 1027 τοῦ

2069 1069 2206 1123 υίοῦ
2234 1068 2341 1123 τοῦ
2368 1066 2707 1135 ἀνθρώπου,
2728 1068 2825 1121 καὶ
2854 1067 3027 1133 πίητε
3056 1064 3117 1120 τὸ
3139 1060 3301 1133 αἷμα,
3329 1066 3441 1119 οὐκ
3465 1066 3637 1134 ἔχετε

2070 1156 2223 1227 ζωὴν
2250 1159 2320 1212 ἐν
2345 1158 2604 1223 ἑαυτοῖς.
2637 1157 2792 1218 Τίνος
2820 1155 3043 1221 ἔνεκενς
3067 1154 3189 1209 Ὀτι
3216 1154 3296 1225 τῷ
3329 1154 3421 1208 τοῦ
3444 1153 3671 1226 νοητοίζ⁵

2066 1252 2245 1321 ὄφεως
2277 1252 2341 1321 ἰῷ
2372 1251 2714 1321 νεκρωθῆναι
2763 1252 2870 1320 πρὸ
2898 1250 3108 1319 χρόνων
3142 1248 3455 1316 ἐφθάκειτε.
3488 1248 3548 1299 El
3582 1247 3638 1300 δὲ

2066 1341 2240 1395 ταῦτα
2274 1341 2447 1405 οὕτως
2502 1341 2639 1411 ἔχει,
2695 1340 3128 1411 προκαθάρσεως
3177 1338 3389 1405 ἀνάγκη
3420 1334 3635 1388 λοιπόνο

2068 1433 2176 1489 οἶδε
2205 1437 2316 1506 γὰρ
2345 1434 2591 1506 ἀκριϐῶς
2620 1434 2654 1505 ὴ
2689 1434 2756 1504 σὴ
2786 1433 3005 1502 ὁσιότης
3038 1433 3118 1485 ὅτι
3165 1431 3262 1484 καὶ
3290 1431 3338 1482 oi
3389 1430 3638 1491 θέλοντες

2068 1529 2256 1581 λαϐεῖν
2300 1528 2571 1580 ἀντίδοτον
2605 1527 2703 1596 οὐχ
2729 1524 2920 1586 ἁπλῶς
2957 1524 3051 1576 καὶ
3094 1522 3170 1586 ὡς
3202 1521 3360 1592 ἔτυχε
3389 1522 3467 1590 τῷ
3502 1538 3640 1590 φαρ-

2074 1620 2234 1689 μάκῳ
2274 1616 2610 1688 κέχρηνταῦ
2656 1616 2785 1684 πρὶν
2824 1614 2857 1684 ἢ
2892 1613 3095 1685 δηλαδὴ
3131 1614 3260 1675 τοὺς
3292 1613 3399 1665 ἀπὸ
3429 1610 3639 1681 μοχθη-

2072 1712 2171 1779 ρᾶς
2204 1709 2412 1778 διαίτης
2458 1704 2917 1776 ὲπισυναχθέντας
2962 1704 3062 1756 οὐκ
3115 1701 3359 1772 ἀγαθοὺς
3425 1701 3639 1771 χυμοὺς

2070 1799 2468 1870 ὲκιαθάρωσιν,
2515 1797 2653 1850 am
2698 1794 3189 1864 προλεπτύνονται,
3268 1796 3365 1847 καὶ⁵
3402 1794 3523 1846 τότε
3575 1793 3638 1845 τὸ

2066 1895 2361 1961 φάρμακον
2385 1890 2658 1959 δέχονται.
2704 1889 2875 1941 Τοῦτο
2911 1889 2969 1942 δὲ
3023 1886 3243 1940 ποιοῦσι
3280 1887 3501 1948 πάντως
3551 1885 3637 1938 ἶνα

2068 1983 2143 2054 μὴ
2168 1984 2289 2036 ἀντὶ
2318 1980 2557 2052 χρηστοῦ
2602 1980 2902 2051 φαρμάκου
2932 1979 3261 2048 δηλητήριος
3298 1981 3330 2047 ἠ
3362 1977 3638 2039 ἀντίδοτος

2065 2076 2447 2147 εὑρεθήσεται.
2482 2073 2700 2128 Ούκοῦν
2736 2074 3059 2144 ἀσύμφορόν
3098 2073 3214 2126 ιστι
3241 2073 3354 2134 τοϊς
3386 2074 3461 2140 μὴ
3497 2069 3638 2139 φθά-

2067 2186 2191 2221 σασι
2226 2165 2681 2238 προκαθαρθῆναι
2707 2165 2889 2229 καλῶς
2912 2165 3013 2235 τῆς
3037 2164 3192 2235 ἱερᾶς
3221 2162 3637 2231 ἀπογεύσασθαι

2067 2260 2313 2322 κύλικος.
2345 2257 2532 2311 Ταῦτα
2553 2257 2608 2310 δὲ
2639 2256 2877 2326 λέγομεν
2904 2256 3010 2326 οὐχ
3031 2255 3120 2309 ἵνα
3150 2254 3382 2326 ῥίψωσιν
3408 2255 3636 2316 ἑαυτοὺς

2066 2352 2149 2415 είς
2181 2350 2514 2418 ἀπόγνωσιν,
2569 2347 2688 2402 ἀλλ’
2745 2348 2831 2401 ἵνα
2861 2348 2990 2411 τοὺς
3045 2347 3281 2417 τρόπους
3334 2344 3636 2414 διδάξωμεν

2069 2443 2290 2513 μᾶλλον,
2329 2441 2398 2494 δι’
2428 2433 2503 2507 ὧν
2556 2443 2590 2510 ή
2629 2440 2745 2510 ζωὴ
2787 2442 2880 2493 καὶ
2923 2441 2952 2493 6
2986 2439 3217 2502 θάνατος
3276 2437 3635 2508 ἐπιφέρεσθαι

2066 2532 2246 2588 εἴωθε.
2274 2534 2336 2586 El
2364 2534 2467 2604 μὲν
2492 2530 2589 2589 οὖν
2621 2533 2884 2604 ἐλέγομεν
2921 2534 3006 2587 ὅτι
3040 2533 3134 2585 καὶ
3178 2530 3316 2601 μετὰ
3347 2530 3409 2583 τὸ
3439 2528 3638 2583 καινῶς

2069 2641 2159 2678 σαι
2191 2628 2318 2688 τοὺς
2344 2625 2445 2679 οὐκ
2475 2625 2713 2694 ἀγαθοὺς
2742 2625 2976 2694 χυμοὺς,
3010 2622 3262 2699 ἐντεῦθεν
3295 2620 3634 2689 ἐπιτηδείους

2067 2714 2294 2776 ἑαυτοὺς
2323 2714 2778 2784 ἀποκαταστῆσαι
2812 2713 2908 2767 τοῦ
2937 2714 3199 2783 ποτηρίου
3234 2708 3631 2765 καταπολαύειν

2066 2805 2128 2859 οὐ
2162 2806 2619 2878 συγχωρούμεθα,
2658 2807 2777 2859 τότε
2808 2805 2992 2877 χώραν
3037 2804 3493 2873 ὁμολογουμένως
3520 2796 3632 2873 εἶχε

2067 2897 2137 2951 τὰ
2168 2898 2266 2969 τῆς
2303 2898 2676 2966 ἀπογνώσεως
2701 2915 2714 2928 ·
2752 2899 2801 2950 εἰ
2833 2896 2890 2949 δὲ
2924 2895 3166 2949 τοιοῦτον
3203 2896 3303 2965 μὲν
3353 2896 3455 2949 οὐκ
3485 2894 3632 2947 ἔστιν

2068 2990 2245 3054 οὐδὲν,
2274 2989 2537 3059 μανθάνει
2565 2990 2623 3044 δὲ
2667 2989 2827 3059 μόνον
2858 2991 2886 3042 6
2917 2988 3356 3071 προσερχόμενος
3385 2988 3534 3051 ὅπως
3555 2987 3635 3040 δεῖ

2071 3079 2493 3150 προσέρχεσθαι,
2558 3080 2653 3133 καὶ
2706 3079 2796 3133 ἵνα
2851 3078 2926 3148 μὴ
2971 3078 3204 3140 θάνατος
3253 3077 3400 3147 αύτῷ
3434 3078 3633 3145 μᾶλλον

2067 3169 2189 3221 am
2209 3169 2357 3238 ζωῆς
2389 3170 2476 3239 εἴη
2504 3170 2567 3224 τὸ
2599 3170 2791 3239 κέρδος
2838 3170 3071 3232 ἐκεῖθεν,
3102 3171 3245 3223 κατὰ
3279 3167 3386 3238 γάρ
3411 3168 3504 3221 τὸν
3534 3185 3636 3237 μα·-

2068 3261 2260 3321 κάριον
2309 3262 2535 3337 Παῦλον¹
2574 3263 2674 3317 διὰ
2723 3265 2898 3319 τοῦτο
2931 3266 3002 3320 ἐν
3031 3266 3177 3337 ἡμῖν
3212 3266 3431 3321 πολλοὶ
3461 3265 3633 3320 d603-

2069 3353 2196 3419 νεῖς
2228 3370 2294 3407 τε
2347 3355 2445 3408 καί
2491 3354 2808 3436 ᾅρῤωστοι,
2867 3360 2964 3413 καί
3018 3358 3341 3428 κοιμῶνται
3395 3341 3633 3413 ἱκανοίο

2072 3444 2201 3497 ποία
2229 3444 2436 3498 τούτων
2462 3446 2797 3515 ἀπόγνωσις,
2826 3451 2875 3502 εί
2904 3449 2979 3519 μὴ
3009 3450 3105 3502 καὶ
3129 3449 3329 3519 μᾶλλον
3362 3449 3636 3520 σωτηρίας

2071 3536 2249 3603 ἐλπὶς,
2272 3536 2343 3608 ῆν
2371 3537 2405 3609 ἡ
2437 3537 2537 3606 τῆς
2578 3538 2842 3609 ἀληθείας
2869 3543 3126 3612 ἐπιφέρει
3163 3543 3494 3610 ὲπίγνωσιςς

2134 3632 2441 3702 Προσέχειν
2472 3627 2569 3687 οὖν
2602 3634 2697 3687 ἐπὶ
2720 3634 2935 3698 τούτοις
2963 3634 3135 3700 ἄξιον.
3165 3636 3332 3690 Ὅσον
3363 3640 3471 3709 γὰρ
3502 3637 3640 3704 άγαο

2073 3720 2183 3775 θῶν
2210 3722 2244 3791 ή
2272 3720 2369 3775 τοῦ
2415 3722 2630 3787 δέοντος
2660 3724 2901 3793 εὕρεσις,
2932 3725 3187 3780 τοσοῦτον
3233 3725 3388 3790 αὖθις
3457 3728 3639 3782 κακῶν

2071 3814 2106 3882 ἠ
2155 3811 2252 3866 τοῦ
2287 3814 2668 3885 συμφέροντος
2704 3816 2919 3883 ἄγνοια.
2957 3815 3102 3887 Ὅρα
3134 3817 3243 3888 γάρ
3271 3819 3353 3871 ὅτι
3401 3819 3496 3871 καὶ
3532 3820 3643 3873 τῶν

2071 3906 2508 3977 ἡρρωστηκότων
2535 3907 2637 3961 οὐκ
2673 3907 2846 3976 ὀλίγοι
2874 3908 3090 3979 θανάτῳ
3136 3912 3458 3979 περιπεσεῖν
3493 3912 3641 3964 ἐκιν-

2072 3994 2356 4061 δύνευσαν,
2388 3996 2578 4068 ἐπειδὴ
2614 3998 2968 4068 κακοτέχνοις
3015 3997 3390 4070 ἐγκύρσαντες
3436 3999 3641 4069 ίατροίς

2078 4084 2353 4153 φάρμακα
2379 4088 2446 4155 τῇ
2496 4085 2637 4153 νόσῳ
2683 4086 2997 4157 κατάλληλα
3043 4088 3147 4141 οὐκ
3187 4087 3456 4155 ἐδέξαντο.
3490 4088 3554 4141 El
3585 4087 3641 4142 δὲ

2073 4175 2248 4229 ταῦτα
2288 4176 2460 4241 οὕτως
2489 4177 2628 4247 ἔχει,
2666 4178 2946 4248 φείδεσθαί
2998 4196 3147 4244 τινος
3173 4180 3272 4249 ούχ
3295 4180 3467 4243 ὅσιον,
3507 4179 3560 4233 εί
3576 4194 3642 4248 γε

2075 4271 2365 4340 προφανῶς
2417 4271 2653 4344 ὑπάρχει
2688 4274 2781 4326 καὶ
2812 4272 3013 4343 μᾶλλον
3037 4275 3064 4327 6
3097 4274 3346 4337 κίνδυνος
3384 4274 3533 4345 αὐτῷ
3581 4291 3642 4328 τε

2072 4360 2149 4428 τῷ
2180 4361 2363 4426 κακῶς
2394 4362 2598 4432 ἔχοντι,
2645 4365 2741 4418 καὶ
2769 4365 2845 4435 τῷ
2886 4364 2958 4418 τά
2986 4365 3254 4435 φάρμακα
3296 4369 3637 4438 ἐπιφέροντι.

2077 4452 2185 4503 Καὶ
2217 4455 2265 4505 εί
2301 4453 2499 4523 βούλει,
2529 4458 2593 4525 τῇ
2636 4457 2962 4523 παραινέσει
2992 4459 3270 4526 πρόσσχες
3301 4460 3367 4527 ἣν
3397 4460 3424 4511 6
3463 4460 3642 4529 μέγας

395 4549 505 4605 cet,
536 4541 964 4618 admonitionem
1017 4543 1288 4607 ausculta,
1321 4557 1427 4611 qua
1462 4543 1694 4598 Basilius
1730 4541 1956 4614 Magnus

2070 4541 2344 4607 Βασίλειος
2392 4546 2531 4614 ἱερεῖ
2580 4547 2744 4598 παντὶ
2799 4550 3058 4616 παραινεῖ
3111 4547 3320 4615 λέγων·
3354 4549 3505 4617 Ὅρα
3554 4551 3639 4618 μὴ

395 4617 761 4691 sacerdotem‘
799 4650 1246 4704 unumquemque
1317 4635 1627 4706 compellat,
1714 4636 1771 4690 in
1849 4636 1963 4691 hare

394 4725 596 4783 verba:
626 4725 749 4780 Vide
785 4742 846 4779 ne
875 4741 1068 4793 paveas
1094 4725 1382 4788 hominem,
1441 4728 1509 4779 ad
1538 4726 1748 4796 lapsum
1779 4734 1829 4780 et
1861 4726 1960 4777 de-

394 4815 577 4869 lictum
610 4826 779 4882 tuum,
811 4832 934 4870 neve
965 4816 1146 4870 tradas
1178 4815 1373 4870 Filium
1405 4817 1499 4870 Dei
1533 4818 1587 4870 in
1638 4833 1824 4871 manus
1881 4819 1964 4870 iu-

392 4909 691 4977 dignorum.
724 4906 806 4962 Ne
837 4923 1108 4963 revereare
1139 4924 1450 4979 quemquam
1483 4909 1772 4980 gloriosum
1810 4919 1965 4962 terra:

395 5000 451 5063 in
476 5000 607 5053 hora
636 4999 752 5063 illa,
787 5008 835 5053 et
872 5008 927 5053 ut
950 5000 1131 5070 paucis
1160 5000 1623 5070 comprehendam,
1660 5016 1789 5069 quos
1825 5002 1964 5054 sacri

395 5106 620 5143 canones
654 5090 964 5159 excludunt,
992 5108 1054 5146 ne
1083 5091 1200 5146 illos
1232 5092 1320 5161 [ac
1364 5093 1665 5163 participes.
1730 5091 1959 5160 Insupcr

302 5208 313 5218 ο
396 5180 738 5239 etJoannem
764 5194 929 5239 aurea
976 5184 1291 5239 fundentem
1330 5186 1551 5240 ﬂumina
1590 5183 1770 5240 divina
1822 5182 1963 5237 dona

396 5274 840 5330 administrantes
857 5275 933 5329 sic
963 5275 1187 5329 allatum
1224 5284 1436 5330 constat
1476 5291 1491 5327 :
1524 5274 1582 5329 Si
1608 5275 1745 5328 enim
1774 5274 1963 5327 conscii

396 5366 642 5422 nequitia:
667 5367 981 5436 cttjuspiam,
1018 5369 1176 5437 hujus
1235 5378 1425 5421 mensa:
1475 5382 1592 5420 eum
1652 5366 1964 5435 participem

395 5455 514 5522 ﬁeri
544 5460 908 5527 permiseritis,
946 5461 1160 5530 sanguis
1213 5462 1326 5529 ejus
1387 5461 1449 5513 de
1493 5459 1735 5513 manibus
1783 5458 1968 5513 vestris

464 5633 490 5723 "
518 5630 681 5689 lCor.
722 5652 795 5692 xi.
873 5638 893 5669 ²
929 5635 1065 5692 lbid.
1101 5635 1193 5689 50.

2070 4634 2338 4701 πτοηθῇς
2360 4635 2674 4703 ἄνθρωπον
2699 4639 2785 4704 εις
2816 4638 3050 4694 πτῶσιν
3077 4655 3195 4695 σου
3220 4656 3232 4669 ·
3264 4641 3351 4710 μὴ
3379 4642 3642 4708 παράδος

2074 4724 2176 4777 τὸν
2196 4727 2337 4779 Υίέν
2356 4726 2461 4780 τοῦ
2490 4726 2635 4781 Θεοῦ
2660 4729 2746 4794 εἰς
2774 4729 2978 4797 χεῖρας
2998 4731 3264 4795 ἀναξίων
3284 4749 3297 4762 ·
3326 4734 3412 4801 μὴ
3440 4736 3642 4800 ἐντρα-

2073 4813 2194 4880 πᾶς
2218 4832 2351 4871 τινα
2368 4815 2757 4882 τῶνένόόξων
2788 4818 2895 4887 τῆς
2927 4818 3036 4890 γῆς
3065 4820 3135 4875 ἐν
3152 4821 3226 4891 τῇ
3253 4821 3375 4891 ὥρᾳ
3396 4824 3599 4891 ἐκείνῃ
3625 4840 3638 4854 ·

2073 4908 2172 4963 καί
2194 4908 2609 4975 ἁπλῶςείπεῒν
2636 4906 2729 4978 οἷς
2759 4914 2814 4965 ot
2830 4913 2973 4967 θεῖοι
2999 4916 3255 4981 κανόνες
3280 4918 3391 4969 οὐκ
3410 4914 3614 4983 ἐπιτρέ

2070 5000 2347 5070 πουσιμὴ
2373 5002 2697 5069 μεταδίδου
2731 5020 2745 5033 ο
2771 5006 2866 5058 καὶ
2881 5005 2990 5074 γάρ
3012 5004 3087 5066 ὡς
3106 5005 3641 5076 ὲθνικοὶεύλογίσθη-

2071 5109 2167 5145 σαν
2186 5110 2198 5123 ο
2222 5094 2271 5145 εί
2301 5094 2357 5146 δὲ
2376 5094 2452 5166 μὴ
2478 5095 2887 5166 ἐπιστρέφουσι,
2918 5097 3011 5150 καὶ
3041 5098 3224 5159 αὐτοῖς
3250 5098 3391 5159 οὗαὶ.
3424 5100 3515 5152 καὶ
3551 5115 3644 5167 με-

2074 5184 2378 5239 τιδιδοῦσιν
2409 5168 2612 5251 αὐτοῖς.
2633 5188 2774 5259 Πρὸς
2800 5189 2856 5242 δὲ
2884 5207 2945 5258 γε
2975 5194 3086 5254 τοῖς
3120 5192 3434 5261 εἰρημένοις
3480 5192 3572 5244 καὶ
3611 5192 3641 5243 6

2075 5280 2478 5350 χρυσοῤῥήμων
2525 5280 2774 5351 Ἰωάννης
2813 5281 2986 5344 οὕτως
3025 5282 3250 5351 εὓρηται
3289 5287 3400 5345 τοῖς
3432 5284 3497 5335 τὰ
3524 5281 3641 5333 θεῖα

2079 5371 2618 5440 μεταχειριζομένοις
2662 5372 2811 5441 δῶρα
2849 5372 3055 5439 λέγων·
3098 5376 3163 5427 Εἰ
3200 5373 3311 5442 γὰρ
3366 5371 3641 5428 συνειδόο

2080 5479 2176 5530 τες
2222 5462 2334 5518 τινὶ
2371 5465 2668 5533 πονηρίαν
2706 5463 3136 5536 συγχωρήσετε
3194 5465 3414 5534 ταύτης
3463 5462 3638 5533 μετά-
