4088 6186
373 343 481 406 ηε)
1741 325 2106 385 ιῖινιετοω
2151 324 2226 383 ιι.
2915 359 2917 361 ι
3507 323 3613 385 tm

372 461 544 530 ἡγαγε
582 454 751 507 ταῦτα
786 454 921 521 προς
954 449 1115 502 αὖτ’,ν
1148 451 1172 499 .6
1203 448 1355 507 036;.
1404 449 1446 497 εἰ
1486 448 1578 498 καὶ
1608 446 1781 498 πάντα
1811 445 1942 495 67:6—

2052 438 2284 492 Tamctsi
2327 438 2576 490 animalia
2606 437 2747 492 Deus
2785 440 2847 493 ad
2883 439 3057 507 ipsum
3104 437 3346 496 adduxit.
3399 431 3613 491 tametsi

372 551 533 615 ταξεν
569 546 830 601 ὑποκάτω
880 544 988 596 τῶν
1035 540 1216 594 ποδῶν
1262 538 1454 598 αὐτοῦ,
1489 539 1631 592 καθά
1659 556 1793 606 φησι
1851 540 1942 590 καὶ

373 639 560 697 Δαϐῖδ.
595 637 731 689 ἀλλὰ
768 636 800 704 ἠ
850 633 1096 704 ἁμαρτία
1137 631 1229 684 καὶ
1262 630 1464 698 ταύτης
1518 631 1680 682 αὑτὸν
1712 631 1944 683 ἀπεστέ-

376 749 511 799 ρησε
564 733 661 798 τῆς
714 729 910 798 ἀρχῆς.
961 727 1258 794 Ἐστέρησε
1290 725 1347 776 δὲ
1387 725 1540 787 πιῖ›ς;
1575 725 1683 791 Οὐχ
1716 725 1796 776 ὅτι
1848 724 1944 776 καὶ

373 823 637 892 ἀναρχίας
673 817 741 890 ἦν
793 823 825 889 ἡ
856 817 1083 886 τοιαύτη
1114 817 1256 887 ἀρχὴ
1303 817 1548 886 δεκτικὴ.
1584 817 1838 884 καθάπερ
1893 817 1942 867 οἱ

377 911 593 974 πλείους
634 911 992 974 δοξάζουσιν·
1043 906 1160 959 ἀλλ’
1209 907 1291 959 ὅτι
1340 908 1438 975 τὴν
1488 906 1734 958 δοθεῖσαν
1791 905 1940 974 αὐτῷ

377 1001 636 1069 παραϐὰς
671 999 960 1070 ἐντολὴνξό
995 998 1164 1066 ’Δδὰμ
1199 999 1416 1049 πάντων
1463 998 1686 1050 ἐκείνων
1718 998 1940 1060 ἐξέπεσε

378 1093 483 1144 τῶν
539 1092 645 1144 ὑπὸ
689 1091 824 1144 Θεοῦ
856 1090 1001 1144 κατὰ
1060 1089 1221 1159 χάριν
1277 1088 1730 1157 ἐγχειρισθέντων
1771 1087 1940 1154 αὐτῷ.

379 1182 535 1234 Οὕτω
573 1181 691 1250 μὲν,
715 1181 1003 1244 ὁσιώτατε,
1041 1181 1138 1232 καὶ
1173 1180 1267 1232 ἐπὶ
1309 1180 1411 1246 τῆς
1445 1179 1746 1240 ἀθανασίας
1775 1178 1944 1246 αὐτῆς

378 1271 524 1326 ἔστιν
547 1272 697 1328 ἰδεῖν.
730 1272 791 1323 Εἰ
815 1271 925 1338 γὰρ
954 1257 1288 1338 τίεστεύομεν
1334 1269 1416 1322 ὅτι
1460 1271 1639 1323 πάντα
1674 1271 1821 1322 ποιεῖ
1852 1271 1946 1322 καὶ

377 1362 777 1432 μετασκευάζει
819 1365 858 1416 .6
896 1361 1031 1423 Θεὸς
1079 1363 1270 1431 οἰκείῳ
1325 1361 1653 1432 βουλήματι,
1689 1362 1833 1415 καθὰ
1879 1361 1944 1431 δὴ

376 1454 505 1522 περὶ
530 1451 723 1506 τούτου
757 1453 895 1523 φησὶ
915 1453 1011 1506 καὶ
1039 1455 1068 1507 6
1099 1453 1387 1522 προφήτης
1429 1452 1633 1523 ’Λμὼς,
1664 1452 1947 1505 πιστεύειν

374 1543 433 1606 ἐξ
460 1543 705 1611 ἀνάγκης
737 1543 1057 1614 ὀφείλομεν.
1088 1542 1170 1594 ὅτι
1211 1543 1303 1594 καὶ
1331 1535 1524 1609 θνητον
1580 1539 1640 1606 ἐξ
1677 1539 1946 1594 ἀθανάτου

375 1636 541 1694 ποιεῖ,
570 1637 664 1686 καὶ
686 1635 957 1687 ἀθάνατον
979 1628 1138 1695 αὖθις
1165 1632 1273 1685 ἀπὸ
1298 1632 1494 1702 θνητοῦ
1523 1633 1614 1684 καὶ
1639 1632 1945 1700 ἀφθάρτου.

371 1723 581 1792 Μηδεὶς
611 1723 818 1790 )εγέτω
849 1722 1035 1774 λοιπὸν
1066 1723 1147 1792 ξτι
1176 1721 1414 1775 θανάτου
1455 1721 1702 1782 δεκτικὸς
1723 1720 1943 1791 ἐκτίσθη

347 1791 499 1867 ’κατ’
537 1815 711 1884 ἀρχὰς
765 1817 792 1868 ὁ
828 1791 1210 1884 Ἀδάμσθεῖγε
1245 1813 1422 1884 φθορᾷ
1457 1814 1597 1880 μετὰ
1642 1811 1815 1881 βραχὺ
1859 1828 1930 1864 κα

371 1906 596 1978 θανάτῳ
635 1909 930 1961 ὑπέπεσεν.
959 1909 1129 1974 Ἄφες
1183 1907 1399 1969 αὐτοὺς.
1449 1903 1638 1972 ἐπειδὴ
1687 1904 1948 1968 παίζουσι

373 1999 661 2066 προδήλως
699 2000 756 2050 ἐν
806 1999 868 2051 οὗ
932 2000 1208 2059 παικτοῖς.
1247 1998 1399 2062 Ἀμα
1452 1997 1562 2065 γὰρ
1596 1995 1816 2064 παρέϐη
1851 1994 1951 2063 τὴν

373 2086 596 2150 ἐντολὴν
625 2087 652 2138 6
697 2087 890 2153 Ἀδὰμ,
922 2085 1017 2139 καὶ
1043 2086 1162 2154 ἅμα
1198 2085 1428 2136 θανάτου
1453 2085 1646 2150 γέγονε
1678 2083 1952 2145 δεκτικός·

375 2176 488 2228 Καὶ
523 2176 734 2245 βεϐαιοῖ
759 2180 848 2228 τὶν
896 2177 1058 2243 λόγον
1091 2177 1122 2244 ἡ
1151 2177 1280 2243 ἁγία
1312 2176 1508 2245 Γραφὴ
1557 2176 1832 2242 λέγουσαο
1873 2170 1958 2246 ’ᾘ

373 2265 428 2317 δ’
448 2266 524 2319 ἂν
550 2265 735 2334 ἡμέρᾳ
765 2266 994 2335 φάγητε
1016 2267 1135 2320 ἀπὸ
1169 2266 1275 2320 τοῦ
1305 2265 1522 2336 φυτοῦ,
1552 2264 1787 2331 θανάτῳ
1811 2265 1956 2318 ἀπο-

373 2358 670 2412 θανεῖσθε.
707 2357 882 2426 Καὶξτί
907 2357 1010 2426 χρὴ
1045 2357 1219 2410 πολλὰ
1241 2357 1418 2424 λέγειν
1447 2375 1460 2421 ;
1485 2357 1598 2424 εἴγε
1628 2358 1750 2410 κατ’
1775 2357 1954 2426 ἀρχὰς

375 2447 600 2516 ἐκτίσθη
631 2449 867 2502 θανάτου
891 2449 1182 2511 δεκτικδςό
1217 2449 1408 2518 Ἀδὰμ,
1433 2450 1533 2501 οὐκ
1561 2448 1625 2502 ἂν
1645 2453 1671 2502 6
1702 2449 1952 2518 Σολομῶν

375 2540 525 2607 ἔλεγε
552 2539 821 2594 Θάνατον
841 2543 874 2594 ὀ
892 2541 1036 2606 Θεὸς
1061 2542 1170 2594 οὐκ
1189 2540 1454 2607 ἐποίησε.
1475 2541 1657 2594 Ταῦτα
1682 2541 1750 2608 γά
1760 2559 1789 2609 ρ
1815 2541 1952 2610 σύμ-

377 2633 531 2700 φωνά
557 2633 662 2685 εἰσι
694 2634 788 2686 καὶ
813 2633 954 2685 πάνυ
1002 2632 1138 2701 πρὸς
1180 2632 1406 2698 ἄλληλα.
1445 2631 1705 2684 Φαίνεται
1734 2628 1826 2684 οὗν
1865 2634 1950 2685 ἐν-

377 2725 568 2777 τεῦθεν
593 2726 674 2778 ὅτι
704 2726 821 2792 ἅμα
842 2724 1055 2794 παρέϐη
1077 2724 1178 2794 τὴν
1202 2724 1440 2792 ἐντολὴν.
1469 2725 1560 2775 καὶ
1584 2724 1698 2792 ἅμα
1724 2725 1948 2791 γέγονεν

375 2813 513 2880 ὅπερ
540 2813 639 2865 οὐκ
672 2808 760 2881 ἦν.
799 2813 863 2864 Τί
895 2811 950 2863 δὲ
987 2812 1146 2864 τοῦτό
1170 2813 1285 2863 ἐστι
1314 2807 1457 2875 ςἿιν
1490 2811 1722 2863 θανάτου
1757 2813 1942 2864 δεκτι-

376 2904 493 2962 κὸς.
538 2903 636 2956 οὐκ
686 2901 752 2972 ἦν
779 2903 872 2956 ἀπ’
926 2904 1097 2972 ἀρχῆς
1129 2904 1156 2955 6
1189 2903 1386 2970 ’Ᾱδάμ;
1421 2902 1557 2955 ἀλλὰ
1599 2903 1786 2968 φαγὼν
1840 2903 1948 2957 ἀπὸ

374 2996 472 3047 τοῦ
521 2994 676 3058 ξύλου
715 2995 940 3047 θανάτου
978 2993 1280 3064 τηνικαῦτα
1320 2995 1508 3062 γέγονε
1549 2994 1798 3056 δεκτικός
1868 2987 1952 3065 ⁷ῌ

2049 535 2230 587 omnia
2270 537 2370 587 sub
2395 534 2625 603 pedibus
2657 535 2774 602 ejus
2801 535 3056 601 subjecit,
3113 543 3170 586 ιιι
3197 544 3280 587 est
3329 532 3472 600 apud
3515 531 3608 583 Da-

2047 625 2257 690 videm;
2325 625 2677 678 nihilominus
2725 635 3006 696 peccatum
3058 625 3156 678 boc
3205 624 3367 677 etiam
3423 625 3619 692 prim"-

2048 729 2172 784 patu
2207 717 2350 768 illum
2395 716 2646 785 privavit.
2679 715 2962 781 Quomodo
2981 700 3159 770 autem
3197 716 3478 781 privavit?
3509 732 3616 767 non

2045 807 2188 875 quod
2226 809 2314 860 illa
2340 808 2480 874 ἀρχὴ
2524 808 2686 860 etiam
2719 808 2986 878 ἀναρχίας
3015 807 3319 876 susceptiva
3375 815 3510 866 erat.
3565 817 3622 859 nt

2047 896 2290 964 plerique
2320 897 2631 950 existimant
2658 912 2672 960 ;
2715 896 2809 949 sed
2841 897 2982 964 quod
3038 897 3273 948 Adamus
3301 896 3487 948 datttm
3519 896 3617 948 sibi

2047 985 2358 1040 mandatum
2387 997 2772 1056 transgressus.
2802 987 3057 1040 omnibus
3087 987 3193 1038 illis
3215 1001 3241 1038 a
3266 986 3372 1040 Deo
3402 987 3502 1056 ipsi
3527 1004 3622 1055 per

2044 1074 2270 1142 gratiam
2344 1073 2555 1126 traditis
2608 1073 2832 1127 excidit.
2893 1073 3041 1128 ldem
3095 1074 3149 1128 in
3209 1075 3620 1129 immortalitate

2047 1180 2267 1233 quaque
2343 1180 2571 1219 cernere
2629 1175 2730 1220 cst.
2808 1166 3036 1218 Sicnim
3106 1166 3400 1229 credimus,
3459 1166 3624 1220 Deum

2048 1258 2228 1309 omnia
2256 1257 2477 1325 pr0prio
2498 1256 2729 1310 consilio
2762 1266 2816 1310 ct
2845 1258 3124 1311 voluntate
3157 1255 3336 1312 facere
3368 1266 3424 1311 et
3473 1273 3623 1311 com-

2048 1354 2282 1410 mutare,
2325 1347 2467 1416 quod
2499 1347 2760 1415 propheta
2812 1347 2977 1402 Amos
3010 1347 3177 1404 canit.
3221 1345 3482 1412 edicitur.
3513 1361 3628 1398 om—

2027 1439 2202 1512 ‘niuo,
2239 1447 2296 1491 ut
2322 1439 2542 1492 credere
2583 1438 2899 1502 debeamus,
2942 1437 3090 1490 illum
3149 1453 3367 1506 quoque
3425 1447 3626 1490 morta-

2052 1529 2154 1582 lem
2189 1544 2253 1583 ex
2285 1530 2598 1590 immortali,
2631 1545 2956 1599 rursumque
2993 1530 3358 1584 immortalem
3383 1546 3447 1584 cx
3484 1546 3626 1584 mor-

2054 1621 2143 1673 tali
2195 1630 2247 1674 et
2279 1621 2617 1691 corruptibili
2646 1623 2843 1677 facere.
2895 1624 3084 1686 Quare
3104 1637 3265 1676 nemo
3286 1622 3454 1682 dicat.
3487 1625 3629 1676 Ada-

2055 1729 2201 1766 mum
2235 1729 2261 1766 a
2297 1714 2564 1784 principio
2584 1715 2742 1768 morti
2799 1715 3096 1792 obnoxium
3156 1731 3277 1770 esse
3322 1717 3624 1777 conditum,

2059 1807 2158 1859 elsi
2197 1807 2359 1876 paulo
2384 1817 2502 1877 post
2536 1809 2588 1862 in
2624 1808 3034 1878 corruptionem
3065 1818 3120 1861 et
3148 1815 3379 1860 mortem
3414 1809 3623 1862 incidit.

2061 1898 2212 1953 Mitte
2244 1899 2367 1955 illos
2395 1900 2835 1970 quandoquidem
2862 1900 3146 1955 manifeste
3183 1900 3400 1966 ludunt,
3427 1901 3478 1953 in
3512 1901 3628 1968 qni-

2059 1992 2474 2046 busludcndum
2506 2009 2617 2047 non
2652 2003 2752 2048 est.
2786 1993 2960 2048 Simul
2999 1994 3145 2048 enim
3183 1993 3404 2048 violavit
3468 2009 3623 2046 mau-

2057 2083 2240 2138 datum
2271 2085 2532 2150 Adamus,
2586 2094 2639 2138 et
2677 2085 2839 2139 simul
2886 2085 2997 2155 (30)
3043 2101 3203 2154 posse
3249 2086 3383 2140 mori
3436 2087 3622 2152 co'pit.

2055 2174 2353 2230 Confirmat
2418 2175 2520 2231 hoc
2570 2175 2852 2246 Scriptura
2917 2192 3069 2232 saera
3109 2190 3123 2233 :
3162 2177 3486 2244 Qnacnnque
3545 2177 3628 2227 dit-.-

2055 2267 2393 2320 comcderetis
2415 2268 2479 2320 de
2512 2254 2720 2326 arbore.
2785 2269 3104 2322 moriemini.
3134 2267 3272 2332 Quid
3317 2267 3512 2334 plura?
3570 2267 3625 2320 Si

2055 2372 2083 2410 a
2127 2358 2391 2427 principio
2420 2358 2493 2412 ita
2527 2359 2780 2413 conditus
2824 2368 2970 2413 esset
3039 2359 3300 2412 Adamus.
3352 2369 3410 2413 ut
3466 2359 3624 2411 morti

2051 2447 2364 2516 deberetur,
2389 2466 2495 2503 non
2531 2449 2734 2505 diceret
2765 2449 3044 2514 Salomon,
3078 2450 3211 2504 Deus
3262 2467 3362 2503 non
3411 2463 3626 2502 mortrm

2052 2543 2191 2612 fecit.
2217 2539 2320 2596 Ista
2353 2541 2496 2595 enim
2526 2557 2634 2597 non
2673 2541 2970 2605 cobrcrent,
3041 2551 3094 2594 et
3136 2556 3324 2609 parum
3391 2541 3536 2594 inter
3564 2558 3624 2594 se

2051 2643 2376 2706 congruunt.
2402 2635 2586 2688 Claret
2623 2633 2786 2703 igitur
2813 2633 2964 2695 hinc,
2993 2632 3151 2687 simul
3184 2631 3409 2698 fregisse
3471 2649 3623 2684 Iltzttt-

2051 2725 2256 2786 datum.
2286 2733 2340 2778 et
2369 2724 2532 2778 simul
2569 2725 2772 2777 factum
2814 2724 2960 2790 quod
2989 2739 3094 2775 non
3119 2733 3252 2776 erat.
3297 2723 3432 2787 Quid
3469 2738 3628 2788 porro

2051 2815 2228 2868 isthuc
2267 2817 2390 2870 est?
2421 2816 2559 2869 Mors
2585 2816 2636 2868 in
2659 2817 2920 2868 Adamum
2962 2814 3229 2882 principio
3255 2815 3476 2867 minime
3535 2831 3619 2868 ca-

2051 2904 2229 2961 debat.
2262 2907 2353 2959 sed
2382 2907 2467 2958 ubi
2499 2906 2566 2959 de
2603 2907 2745 2977 ligno
2775 2907 3029 2967 comedit.
3077 2917 3187 2960 ιιιιιι
3218 2908 3433 2961 cecidit.
3483 2909 3630 2970 Qun-

2050 3010 2250 3063 cunque
2298 2995 2436 3046 enim
2479 2996 2605 3047 hora
2674 2996 3026 3056 comederitis,
3096 2997 3290 3064 inquit.
3343 2999 3405 3048 de
3461 2997 3627 3065 ligno.

374 3088 486 3156 γὰρ
509 3085 650 3153 dira,
686 3087 841 3155 φησὶ,
867 3085 1094 3155 φάγητε
1127 3087 1245 3140 ἀπὸ
1290 3086 1395 3139 τοῦ
1444 3086 1658 3153 φυτοῦ,
1716 3085 1947 3153 θανάτῳ

2054 3092 2218 3136 morte
2249 3085 2563 3138 moriemini.
2595 3084 2715 3138 Noli
2750 3100 2912 3154 porro
2944 3087 3081 3140 istuc
3110 3086 3312 3139 mirari.
3368 3087 3628 3152 Quamv's

375 3177 799 3231 ἀποθανεῖσθε.
831 3178 939 3230 Καὶ
993 3177 1069 3246 μὴ
1131 3177 1377 3246 θαύμαζε
1406 3177 1598 3231 τούτου
1639 3178 1846 3234 ἕνεκεν.
1883 3179 1944 3231 Εἰ

323 3271 326 3274 ’
383 3269 494 3338 γὰρ
535 3270 629 3321 καὶ
655 3269 834 3338 ψυχῆς
883 3269 1032 3337 αὐτῷ
1062 3269 1362 3338 μετέδωκεν
1396 3271 1589 3340 νοερᾶς
1634 3272 1660 3321 6
1692 3271 1842 3330 655:.
1871 3269 1947 3333 ὡς

382 3359 638 3414 ἐντεῦθεν
678 3361 841 3414 αὐτὸν
881 3356 1020 3414 εἶναι
1057 3362 1150 3412 καὶ
1175 3361 1442 3414 ἀθάνατον
1482 3365 1537 3424 ἐς
1585 3363 1645 3413 τὸ
1677 3361 1944 3430 διηνεκὲς,

381 3451 480 3504 καὶ
521 3451 706 3504 πιστοῑ
735 3450 828 3502 τὸν
865 3452 1024 3518 λόγον
1053 3454 1079 3504 6
1126 3455 1225 3520 τὴν
1251 3453 1494 3518 γλῶτταν
1521 3452 1783 3522 χρυσοῦς·
1815 3452 1948 3504 ὀλλὰ

377 3546 480 3614 τῆς
511 3545 732 3613 ἐντολῆς
767 3546 800 3614 ἡ
837 3543 1174 3614 παράϐασις,
1210 3545 1283 3604 ὡς
1315 3545 1656 3614 προείρηται,
1681 3545 1776 3595 καί
1816 3546 1949 3596 ἀθα-

379 3636 578 3698 νασίας
611 3635 774 3688 αὑτὸν
825 3635 1115 3705 ἐγύμνωσε
1168 3636 1262 3689 καὶ
1306 3636 1640 3704 παραδείσου
1695 3634 1948 3703 ἐξώρισε,

380 3731 477 3782 καὶ
502 3732 582 3794 είς
611 3731 716 3800 γῆν
771 3731 1200 3800 ἀποστραφῆναι
1229 3729 1392 3782 πάλιν
1426 3730 1548 3782 ὅθεν
1594 3727 1803 3796 ἐλήφθη
1854 3744 1953 3781 πε-

383 3822 605 3891 ποίηκε.
653 3822 852 3886 Καλῶς
887 3822 980 3876 οὖν
1009 3825 1036 3877 6
1077 3823 1365 3892 προφήτης
1409 3821 1590 3888 ’Λμὼς
1647 3821 1834 3887 ἔλεγεν
1869 3820 1952 3872 ὅτι

381 3913 560 3965 πάντα
596 3914 742 3966 ποιεῖ
770 3913 866 3966 καὶ
928 3914 1330 3980 μετασκευάζει
1386 3913 1414 3964 6
1448 3911 1578 3973 Θεὸς
1606 3911 1791 3981 οἰκείῳ
1827 3913 1954 3982 βου-

381 4006 588 4072 λήματι
620 4006 760 4075 πρός
793 4022 855 4072 γε
887 4006 945 4058 τὸ
976 4007 1259 4074 συμφέρον
1291 4007 1443 4074 ἡμῖν.

466 4095 768 4164 Ἐπίγνωθι
797 4097 912 4152 οὖν.
970 4097 1028 4149 Εἰ
1063 4098 1193 4166 γὰρ,
1254 4097 1328 4158 ὡς
1354 4099 1380 4149 6
1418 4095 1578 4162 λόγος
1629 4096 1694 4148 ἐκ
1741 4093 1954 4148 πολλῶν

382 4187 576 4252 ἔδειξε.
619 4189 711 4242 καὶ
743 4181 1040 4258 ἄφθαρτος
1074 4187 1300 4256 ἐκτίσθη
1336 4189 1489 4253 παρὰ
1534 4185 1669 4238 Θεοῦ
1699 4187 1794 4237 καὶ
1823 4185 1954 4239 ἀθά-

382 4297 542 4342 νατος
599 4283 629 4333 6
671 4280 864 4350 Ἀδὰμ,
927 4279 1093 4332 πόθεν
1145 4280 1344 4332 ἐκεῖνοι
1391 4276 1577 4329 λοιπον
1637 4274 1952 4346 ὁρμώμενοι

386 4372 551 4441 μέσον
595 4371 759 4426 αὑτὸν
795 4371 1094 4432 ἀθανασίας
1139 4366 1282 4422 εἶναι
1337 4370 1430 4420 καὶ
1481 4365 1809 4436 θνητότητος
1857 4365 1952 4436 ὅλῃ

2050 3175 2193 3228 enim
2233 3176 2465 3230 animam
2497 3176 2882 3248 intelligentem
2911 3179 2958 3232 ei
3000 3178 3138 3232 Deus
3172 3179 3382 3242 indidit,
3415 3191 3472 3233 ut
3501 3181 3629 3232 inde

2050 3267 2354 3321 wternitate
2410 3278 2700 3338 augeretur
2750 3268 2827 3340 (et
2885 3268 3046 3323 fidem
3083 3269 3210 3324 facit
3275 3271 3363 3323 ille
3421 3272 3624 3341 Lingua

2049 3359 2290 3425 aureus),
2321 3368 2520 3422 tamen.
2555 3367 2613 3413 ιιι
2645 3359 2755 3428 jam
2787 3360 2990 3415 dictum
3041 3371 3144 3422 cst,
3173 3364 3408 3416 mandati
3453 3374 3629 3418 trans-

2050 3450 2258 3519 gressio
2308 3460 2361 3505 et
2391 3452 2799 3508 immortalitate
2829 3454 3005 3525 ipsum
3035 3457 3260 3510 nudavit
3289 3467 3343 3510 et
3379 3459 3630 3526 paradiso

2050 3543 2279 3612 expulit.
2307 3553 2360 3597 et
2391 3544 2443 3598 in
2476 3559 2692 3609 terram,
2734 3546 2800 3601 de
2829 3563 2932 3616 qua
2970 3558 3221 3619 sumptus
3258 3560 3394 3613 erat.
3445 3567 3629 3603 τρι-ιιι·-

2053 3635 2089 3687 ti
2127 3635 2271 3689 fecit.
2303 3635 2465 3692 Recte
2491 3638 2651 3708 igitur
2693 3640 2954 3710 propheta
2984 3640 3166 3703 Amos.
3223 3642 3390 3694 Deum
3445 3645 3627 3696 omnia

2053 3725 2232 3781 facere
2257 3736 2307 3781 et
2347 3738 2710 3784 transmutare
2758 3731 3023 3786 arbitratu
3060 3748 3158 3786 suo
3211 3733 3276 3786 ad
3339 3733 3626 3786 utilitatem

2056 3825 2300 3871 nostram
2331 3817 2564 3873 dicebat.

2123 4092 2398 4163 Cognosce
2433 4091 2631 4161 itaque.
2670 4091 2724 4146 Si
2737 4093 2912 4159 enim,
2936 4103 2994 4148 ut
3015 4095 3230 4164 copiose
3256 4097 3628 4165 prolatu-imus,

2055 4191 2111 4237 et
2163 4183 2594 4252 incorruptibilis
2648 4194 2703 4238 et
2759 4185 3080 4240 immortalis
3129 4203 3159 4241 a
3221 4188 3332 4242 Deo
3386 4189 3627 4243 Adamns

2055 4287 2272 4333 creatus
2354 4285 2458 4338 est,
2516 4278 2676 4336 unde.
2747 4292 2984 4348 quaeso,.
3047 4279 3121 4333 illi
3181 4290 3625 4351 prorumpentes.

2058 4365 2168 4434 (5|)
2201 4366 2435 4419 medium
2467 4365 2639 4434 ipsum
2674 4366 2816 4421 inter
2854 4368 3314 4426 immortalitatem
3338 4383 3392 4427 ct
3423 4382 3628 4426 morta-

457 4549 570 4617 (50)
606 4546 738 4602 Mori
800 4563 906 4602 non
943 4555 1154 4617 poterat
1193 4547 1261 4601 ab
1285 4615 1294 4617 Α
1317 4545 1473 4599 initio
1534 4542 1803 4617 Adamus.
1837 4557 1946 4617 non
1982 4543 2024 4598 D
2056 4541 2319 4617 fidamnm
2362 4552 2484 4617 post
2522 4554 2816 4617 peccatum
2851 4556 3012 4617 posse
3036 4546 3460 4617 mori_ccepis=e.
3521 4564 3628 4602 non

381 4613 524 4688 quod
547 4613 746 4686 corpus
767 4618 850 4671 sui
869 4613 1080 4688 Ana’fturaﬁ
1108 4615 1332 4688 mortale
1363 4630 1470 4688 non
1504 4614 1574 4668 sit
1613 4622 1775 4688 atque
1801 4613 1948 4666 soln-

384 4682 516 4746 liile.
556 4682 660 4740 sed
705 4689 828 4753 quia
869 4686 962 4740 Dei
1002 4687 1252 4738 voluntas
1300 4685 1494 4737 fortius
1542 4692 1624 4736 cst
1679 4682 1949 4753 cujusque

381 4759 461 4811 rei
483 4751 779 4817 vinculum,
810 4773 967 4818 quam
998 4766 1056 4808 ut
1097 4757 1200 4807 ulla
1243 4756 1308 4808 de
1335 4769 1495 4806 causa
1527 4751 1747 4806 dissolvi
1777 4758 1950 4820 possit

382 4827 536 4894 juxta
565 4841 781 4878 auream
829 4826 1068 4878 Platonis
1100 4824 1427 4894 doctrinam
1495 4823 1547 4874 iu
1601 4823 1818 4894 Timteo,
1857 4826 1946 4879 ubi

389 4891 558 4950 Deum
589 4895 928 4948 conditorem
987 4897 1059 4948 ita
1081 4893 1212 4947 deos
1263 4894 1624 4960 alloqucntcm
1687 4891 1947 4948 inducit:

387 4969 512 5020 Hmc
540 4980 647 5027 vos,
677 4966 763 5032 qui
788 4964 1002 5016 deorum
1037 4974 1155 5015 satu
1183 4963 1283 5014 orti
1309 4964 1449 5021 estis.
1483 4963 1736 5013 attendite
1773 4976 1790 5012 :
1823 4978 1955 5031 quo-

383 5051 503 5088 rum
526 5050 742 5100 apernm
771 5050 862 5100 ego
885 5049 1070 5101 parens
1110 5033 1411 5101 e/fectorquc
1474 5047 1610 5088 sum,
1670 5047 1773 5101 non
1831 5042 1952 5085 sunt

382 5099 710 5156 dissolubilia
746 5099 824 5154 me
883 5099 1043 5155 invito
1069 5118 1084 5154 :
1112 5099 1414 5170 qnanqnmn
1451 5116 1601 5151 omne
1643 5099 1947 5166 colligatum

386 5173 516 5226 solvi
549 5183 736 5240 potest.
786 5172 1319 5240 Sedltttttthttttqaam
1357 5171 1475 5222 boni
1505 5179 1578 5221 est
1603 5170 1806 5221 ratione
1839 5172 1948 5224 vin-

387 5188 516 5226 sotvt
549 5188 736 5240 potest.
786 5188 1319 5292 seunattuqnaqaam
1357 5188 1473 5222 oont
1505 5188 1577 5221 est
1603 5188 1806 5221 rattone
1839 5188 1948 5224 rm-

387 5252 529 5294 rtum
561 5242 688 5293 velle
722 5241 1017 5294 dissolvere.
1055 5241 1156 5292 .‘cd
1201 5241 1447 5308 quoniam
1513 5240 1614 5290 orti
1664 5240 1802 5300 estis,
1851 5240 1948 5290 im-

388 5310 636 5364 mortales
694 5327 780 5362 ros
829 5312 1030 5378 quidem
1088 5326 1191 5361 esse
1262 5320 1352 5362 aut
1415 5308 1797 5361 indissolubiles
1847 5326 1948 5362 non

384 5382 620 5448 potestis.
665 5379 982 5448 Netttiqttam
1048 5390 1220 5432 tamen
1279 5380 1654 5448 tlis<olt'ctttitti.
1706 5393 1798 5431 nec
1860 5397 1949 5432 vos

297 5490 306 5496 .
384 5447 497 5501 ulla
529 5450 706 5502 mortis
738 5447 848 5516 {tua
875 5451 1144 5514 periment.
1180 5466 1269 5501 nec
1293 5449 1443 5516 [rans
1509 5447 1764 5501 valentior
1791 5465 1947 5517 qua-rt

387 5518 663 5571 consilium
697 5536 900 5570 meum:
938 5525 1072 5586 quod
1106 5519 1275 5584 majus
1305 5527 1376 5569 est
1405 5517 1664 5570 vincultun
1726 5526 1792 5569 ιιιι
1836 5535 1951 5585 per-

383 5589 693 5654 petuitatem
728 5599 975 5648 vestram.
1030 5603 1183 5654 quam
1240 5587 1353 5646 illa,
1409 5589 1588 5650 quibus
1652 5589 1776 5639 estis
1818 5599 1949 5650 tum,

385 5672 506 5709 cum
535 5658 908 5725 gignebamini.
938 5656 1198 5723 colligati.
1222 5668 1279 5709 ttt
1325 5656 1564 5709 Platonis
1623 5659 1782 5708 verba
1848 5660 1949 5709 Ia-

393 5728 508 5780 tine
536 5727 697 5781 vertit
738 5726 802 5782 11,
835 5726 1070 5779 Tullius.
1107 5728 1375 5780 Caeterum
1424 5726 1565 5795 quod
1617 5725 1806 5795 Glycas
1858 5729 1952 5790 ait,

2057 4611 2284 4664 liberam
2314 4614 2646 4667 voluntatem
2679 4613 2922 4680 respicit,
2954 4614 3048 4667 Sed
3088 4611 3335 4680 corporis
3361 4619 3632 4671 conditio-

2056 4695 2181 4733 nem
2207 4698 2221 4745 ;
2256 4697 2378 4734 nam
2409 4692 2459 4734 et
2483 4692 2616 4754 ante
2639 4691 2921 4754 peccatum
2948 4698 3049 4736 suo
3105 4686 3329 4738 arbitrio
3357 4689 3495 4740 mori
3532 4705 3630 4754 po-

2060 4758 2216 4810 terat.
2259 4751 2534 4817 peccando
2559 4753 2785 4810 scilicet.
2821 4761 2876 4805 et
2911 4752 2964 4804 in
3006 4755 3294 4807 mortalem
3351 4751 3628 4810 conditio-

2059 4834 2182 4872 nem
2209 4822 2478 4874 decidere.
2527 4822 2781 4874 Vltio'ﬂltll‘
2831 4821 3022 4876 Petrus
3061 4822 3400 4878 Lombardus
3460 4828 3553 4880 lib.
3589 4845 3626 4881 ιι

2057 4885 2230 4951 Sent.,
2262 4891 2389 4942 dist.
2435 4890 2569 4947 XIX.
2603 4900 2654 4942 ct
2702 4891 2940 4944 Thomas
2970 4892 3009 4955 l,
3045 4892 3086 4956 Ι,
3139 4893 3203 4959 ρ.
3251 4909 3416 4958 xcvtt.
3469 4909 3552 4949 art
3586 4897 3626 4958 l.
3665 4911 3669 4916 '

2058 4959 2146 5008 ubi
2182 4963 2492 5013 ostenditur
2543 4961 2810 5014 Adamum
2871 4963 3036 5016 fuisse
3099 4966 3463 5019 immortalem
3535 4962 3626 5020 Ιὶρὶ

2053 5042 2278 5101 munere
2309 5039 2539 5101 tantum,
2578 5046 2686 5083 non
2725 5031 2807 5084 sui
2839 5041 3055 5090 natura.
3115 5036 3258 5101 quod
3311 5036 3628 5090 didicerunt

2049 5110 2115 5150 ex
2145 5099 2446 5172 Angustum
2475 5100 2570 5172 lib.
2604 5115 2696 5153 xut
2732 5101 2804 5152 (te
2837 5103 2933 5158 civ.
2969 5101 3080 5160 Dei.
3112 5099 3233 5172 cap.
3270 5104 3362 5166 20.
3396 5108 3497 5166 23:
3534 5109 3624 5158 tib.

2048 5182 2146 5222 vttt
2180 5169 2250 5239 De
2279 5169 2403 5222 Cen.
2429 5171 2499 5222 ad
2528 5171 2607 5239 lit.
2641 5187 2763 5231 cap.
2802 5173 2833 5225 ti
2863 5179 2917 5223 et
2949 5173 3002 5232 5.
3031 5183 3086 5226 et
3116 5169 3342 5227 auctore
3368 5175 3626 5239 Questio-

2047 5257 2168 5294 num
2207 5238 2402 5310 Veteris
2438 5250 2484 5293 et
2513 5238 2646 5293 Novi
2676 5239 3013 5302 Tcstamcnti.
3036 5254 3230 5310 qum-st.
3258 5245 3338 5298 l9.

2123 5311 2233 5376 (5|)
2279 5309 2442 5362 l‘vecte
2503 5311 2718 5362 videtur
2793 5311 2896 5362 dici
2964 5309 3122 5379 posse
3176 5315 3443 5365 Adamum
3495 5320 3622 5363 ante

2055 5389 2336 5448 peccatum
2370 5447 2373 5448 ν
2406 5379 2548 5430 inter
2605 5380 2986 5434 mortalitatem
3047 5391 3101 5433 et
3159 5382 3628 5434 ἱιιιιιιοτιιιΙίΙτιιι-ιιι

2056 5447 2220 5504 fuisse
2261 5447 2494 5500 medium
2530 5465 2542 5500 :
2585 5450 2909 5501 immortalis
2972 5451 3114 5502 enim
3167 5459 3286 5502 erat
3356 5452 3445 5503 l)ci
3505 5467 3627 5501 mn-

2056 5535 2209 5580 nerc.
2245 5519 2490 5571 mortalis
2551 5530 2741 5572 natura
2803 5528 2853 5571 et
2884 5519 3198 5572 conditione
3230 5536 3242 5569 :
3275 5519 3623 5582 immortalis,

2057 5591 2097 5641 si
2139 5589 2743 5654 obodienspet-manere
2805 5590 3063 5640 voluisset
3099 5604 3114 5642 :
3153 5589 3423 5652 mel-talis,
3488 5590 3529 5642 si
3569 5593 3625 5643 in

2059 5659 2224 5711 Deum
2262 5659 2536 5721 peccando
2565 5659 2902 5723 de'iquisset.
2935 5657 3159 5723 Egregie
3213 5659 3407 5711 l’etrns
3466 5661 3629 5713 Lom.

2058 5728 2377 5782 barduslib.
2421 5741 2457 5778 ιι
2495 5727 2641 5780 Sent.
2693 5729 2817 5780 dist.
2872 5742 2991 5790 xtx;
3034 5725 3244 5780 Primus
3289 5743 3409 5798 ergo
3473 5735 3627 5786 hrmo
