4088 6186
479 245 583 307 ὃδἸ

1745 256 2166 317 MICHAELIS
2208 263 2466 325 GLYCEE

3625 267 3725 333 ($8

479 362 593 415 lucc
647 363 842 416 iterum
896 363 1357 435 divinitatisﬁgnc
1407 365 1717 431 conﬂasset,
1763 372 2039 425 hominem

2169 375 2368 444 ἲπνον,
2406 378 2621 446 ἱδρῶτα
2648 383 2745 435 καὶ
2779 382 2897 435 ὅσα
2938 381 3099 436 ἄλλα
3131 383 3284 452 μετὰ
3314 384 3427 451 τὴν
3459 384 3725 451 παράϐα-

478 467 756 523 purgaret,
790 466 843 509 rt
867 456 919 507 in
956 457 1227 524 antiquam
1258 458 1711 523 incorruptionis,
1739 472 1793 516 et
1820 463 2047 519 miaime

480 545 581 599 lixa
622 546 973 607 conditionis,
1006 556 1062 599 et
1093 548 1548 615 immortalitatis,
1608 551 1931 622 dignitatem
1962 572 2047 608 re-

483 641 754 699 Stitueret.
798 639 967 693 Porro
1001 641 1100 695 hac
1131 641 1197 695 de
1234 655 1396 695 causa
1428 642 1616 704 etiam,
1678 659 1800 698 cum
1854 645 2049 699 huma-

480 749 605 787 nam
636 748 858 787 carnem
891 733 1299 803 assumpsisset,
1342 734 1536 789 Adami
1570 735 1713 791 illius
1738 736 1903 805 primi
1930 754 2050 793 cor—

476 844 579 898 pus
602 828 745 883 l‘erre
771 829 845 882 illi
878 829 1297 901 haudquaquam
1316 832 1517 887 arrisit.
1535 832 1669 887 Illud
1686 833 1839 887 enim‘
1860 838 2050 887 corru-

478 920 682 988 ptionis
716 936 914 989 expers
956 982 959 983 ν
987 922 1140 991 juxta
1174 922 1415 977 divinum
1454 924 1603 977 illum
1637 926 1814 979 virum
1863 924 2050 978 lauda-

481 1018 596 1063 tum
643 1012 927 1067 medicina:
941 1014 1365 1085 nnnﬁndigebat.
1383 1014 1508 1069 Ideo
1536 1030 1664 1070 vero
1678 1026 2050 1087 aegrotantem,

482 1111 538 1156 et
566 1103 633 1156 ab
662 1104 869 1175 integra
910 1105 1228 1159 conditione
1284 1105 1561 1174 delapsam
1598 1121 1775 1183 meam
1831 1120 2051 1160 carnem

480 1195 801 1263 assumpsit,
840 1203 892 1248 ut
928 1194 1071 1248 illam
1107 1204 1413 1261 euraret,et
1439 1184 2053 1251 aﬂ'eetibusincommo-

481 1286 676 1354 disque
702 1286 983 1351 liberaret,
1008 1288 1209 1356 quibus
1239 1296 1364 1356 post
1398 1297 1682 1357 peccatum
1712 1289 1873 1342 homo
1928 1304 2055 1342 suc—

488 1376 695 1442 cubuit,
729 1385 785 1431 et
817 1385 877 1431 ut
910 1392 1011 1431 nos
1038 1393 1131 1447 per
1149 1379 1410 1433 malitiam
1456 1394 1485 1433 a
1540 1379 1698 1433 beata
1750 1380 1859 1434 vita
1904 1379 2055 1433 dela-

488 1483 635 1536 psos,
664 1477 722 1521 ut
751 1468 840 1522 ille
862 1467 1170 1539 Theologus
1220 1470 1438 1525 divinus
1492 1470 1783 1541 Gregorius
1847 1472 1943 1538 ait,
1988 1472 2055 1525 ad

487 1556 735 1610 eamdem
767 1556 909 1611 illam
937 1557 1251 1613 felicitatem
1289 1575 1388 1629 per
1417 1570 1614 1616 nostra:
1640 1562 1821 1616 carnis
1870 1576 2058 1616 susce-

488 1648 735 1713 ptionem
767 1648 965 1704 iterum
998 1653 1303 1707 reduceret.
1341 1652 1465 1707 Fuit
1519 1654 1814 1725 igitur,,ut
1850 1654 2054 1709 dictum

490 1747 596 1799 est,
622 1738 781 1793 homo
816 1756 926 1794 non
956 1756 1113 1796 secus
1144 1758 1207 1797 ac
1232 1758 1374 1811 nos;
1408 1754 1476 1798 σει
1511 1759 1572 1798 ea
1595 1744 1777 1800 omnia
1809 1760 1930 1814 quae
1971 1760 2057 1798 sa-

488 1827 598 1881 cris
637 1826 941 1898 Evangeliis
964 1832 1346 1895 continentur,
1376 1843 1601 1903 propter
1647 1844 1890 1888 nostram
1917 1834 2059 1890 salu-

494 1928 603 1970 tem
634 1917 765 1972 fecit
789 1929 844 1973 et
886 1935 1180 1989 perpessus
1221 1930 1322 1977 est.
1369 1923 1715 1976 Postremum
1754 1922 1807 1975 in
1836 1934 2058 1976 crucem

492 2020 649 2065 actus
678 2019 783 2075 est,
818 2024 1063 2067 mortuus
1099 2022 1153 2067 et
1177 2015 1473 2069 secundum
1503 2000 1811 2085 Judzeorum
1833 2029 2059 2069 consue~

495 2104 736 2157 tudinem
763 2105 1027 2173 sepultus.
1069 2105 1276 2160 Deinde
1301 2122 1397 2159 cur
1421 2106 1602 2161 nudus
1637 2121 1666 2161 e
1687 2106 1939 2175 sepulcro
1972 2120 2059 2159 re-

495 2198 736 2250 surrexit
770 2196 1028 2252 funebres
1070 2198 1270 2251 ibidem
1306 2207 1484 2252 vestes
1540 2198 1651 2264 (54)
1712 2196 2061 2266 relinquens?

492 2287 680 2342 Isthuc
707 2288 924 2357 quidem
984 2290 1172 2358 procul
1229 2289 1392 2345 dubio
1451 2290 1577 2344 fecit
1634 2301 1691 2343 ut
1746 2289 2062 2344 ostenderet

494 2395 654 2433 suum
696 2381 1101 2435 sanctissimum
1148 2396 1352 2451 corpus
1399 2381 1452 2434 in
1508 2380 1643 2435 illud
1696 2381 2061 2451 corruptionis

495 2489 680 2528 exsors
714 2484 767 2528 et
818 2475 1123 2528 immortale
1154 2474 1597 2529 transfortnatum
1632 2475 1818 2537 fuisse,
1870 2484 1925 2530 et
1959 2474 2062 2529 tale

496 2566 773 2628 allectum,
806 2566 965 2635 quale
987 2566 1088 2621 fuit
1111 2566 1223 2636 (55)
1250 2566 1442 2621 Adami
1476 2581 1723 2639 corpusa
1749 2569 2017 2637 principio
2046 2582 2060 2619 :

496 2672 619 2710 eum
643 2657 854 2712 scilicet
882 2663 1084 2712 nudum
1118 2660 1389 2718 exsistens
1418 2660 1649 2729 alicujus
1702 2660 2063 2728 integumenti

498 2763 604 2799 non
638 2746 935 2816 indigebat,
978 2757 1166 2819 utpote
1201 2768 1309 2806 non
1366 2764 1555 2808 exsers
1610 2751 2062 2818 immortalitatis,

499 2856 659 2907 quam
699 2842 884 2897 divino
924 2859 1148 2899 munere
1175 2857 1480 2915 acceperat.

575 2930 649 2983 lta
684 2932 901 3011 quidem
936 2932 1122 3005 igitur,
1163 2934 1245 2988 vir
1276 2934 1642 2999 sanctissime,
1679 2935 1842 2991 etiam
1882 2935 2066 2989 Domi-

2087 1703 2133 1762 Β

2153 486 2258 523 σιν
2285 473 2369 537 εἰς
2402 473 2509 525 τὸν
2554 473 2934 539 ἀνθρώπινον
2979 475 3127 538 ,βίον
3155 474 3557 539 εισήλθοσαν,
3615 478 3724 527 οὐκ

2151 560 2504 627 ἀπηξίωσεν
2525 562 2954 625 ἀναδέξασθαι.
2984 562 3140 626 Τίνος
3172 564 3389 630 ἕνεκεν;
3419 564 3534 617 Ἵνα
3558 565 3727 618 ταῦτα

2156 653 2332 706 πάντα
2366 653 2445 721 τῷ
2470 655 2603 723 πυρὶ
2622 656 2720 724 τῆς
2750 655 3002 725 θεότητος
3029 655 3413 725 ἀναχωνεύσας
3446 654 3729 726 ἐκκαθάρῃ

2152 743 2243 797 τὸν
2273 738 2561 815 ἄνθρωπον
2595 748 2687 800 καὶ
2743 748 3177 818 ἀποκαταστήσῃ
3230 748 3396 801 πάλιν
3425 749 3506 809 εἰς
3539 750 3600 800 τὸ
3632 750 3731 816 ἀρ·

2155 840 2304 907 χαῖον
2330 841 2430 909 τῆς
2476 838 2913 908 ἀφθαρσίαςκαὶ
2957 841 3257 911 ἀρῤευσίας
3288 840 3385 893 καὶ
3431 839 3731 900 ἀθανασίας

2154 928 2391 998 ἀξίωμα.
2424 932 2515 984 Διὸ
2543 932 2606 1002 δὴ
2655 934 2749 987 καὶ
2779 932 3155 1003 σαρκούμενος
3203 933 3305 986 οὐκ
3355 932 3624 1002 ηὑδόκησε
3671 930 3730 984 τὸ

2156 1022 2319 1090 σῶμα
2376 1024 2616 1093 φορῆσαι
2672 1024 2766 1076 τοῦ
2827 1024 3046 1093 πρώτου
3113 1024 3328 1094 ’Ᾱδάμ⁶
3395 1025 3573 1077 ὲκεῖνο
3623 1023 3731 1091 γὰρ

2154 1112 2432 1183 ἄφθαρτον
2481 1114 2564 1178 ὃν,
2587 1115 2663 1178 ὡς
2694 1118 2721 1169 6
2770 1115 3090 1186 διαληφθεὶς
3124 1116 3267 1177 θεῖος
3296 1115 3456 1184 ἀνὴρ,
3487 1116 3731 1182 ἰατρείας

2155 1202 2259 1254 οὐκ
2286 1202 2509 1272 ἔχρῃζε.
2559 1204 2659 1256 Διὸ
2675 1206 2740 1275 δὴ
2766 1205 2827 1256 τὸ
2862 1207 3097 1273 νοσῆσαν
3145 1205 3376 1258 ἀνέλαϐε
3425 1206 3520 1257 καὶ
3551 1221 3732 1271 παρα-

2154 1291 2366 1359 τραπέν
2394 1308 2495 1359 μου
2529 1292 2778 1359 σαρκίον,
2809 1293 2896 1345 ἵνα
2927 1292 3243 1364 θεραπεύσῃ
3270 1291 3399 1344 αὐτὸ
3430 1286 3733 1343 καῖἁπαλ-

2155 1383 2293 1457 λάξῃ
2323 1384 2515 1436 παθῶν
2542 1380 2625 1447 οίς
2654 1385 2895 1437 ὑπέπεσε
2952 1386 3090 1454 μετὰ
3139 1385 3417 1454 ἁμαρτίαν
3452 1385 3481 1436 6
3522 1382 3735 1450 ἀνθρω-

2156 1490 2287 1539 πος·
2314 1476 2409 1529 καὶ
2437 1476 2521 1527 ἴνα
2555 1474 2854 1543 ρεύσαντας
2902 1476 3052 1543 ἡμᾶς
3100 1474 3209 1527 ἀπὸ
3238 1473 3334 1527 τοῦ
3365 1471 3425 1526 εὖ
3466 1467 3606 1525 εἶναι
3645 1471 3738 1523 διὰ

2159 1566 2383 1632 κακίαν,
2412 1566 2489 1629 ὡς
2518 1568 2545 1619 6
2583 1565 2848 1633 Θεολόγος
2880 1567 3016 1635 φησὶ
3040 1567 3188 1629 θεῖος
3241 1566 3563 1636 Γρηγόριος,
3599 1563 3739 1631 πρὸς

2160 1658 2289 1712 αὐτὸ
2329 1659 2494 1712 πάλιν
2527 1660 2847 1729 ὲπαναγάγῃ
2878 1659 2968 1711 διὰ
3015 1658 3366 1729 σαρκώσεως.
3390 1656 3759 1725 Χρηματίζειη

2164 1751 2363 1817 τοίνυν,
2415 1752 2491 1815 ὡς
2519 1751 2754 1821 εἴρηται,
2806 1751 2929 1804 καθ’
2963 1752 3110 1821 ἡμᾶς
3156 1749 3465 1820 ἄνθρωπος,
3507 1750 3656 1801 ποιεί
3680 1764 3738 1798 τε

2168 1845 2344 1897 πάντα
2386 1844 2478 1895 καὶ
2506 1844 2703 1912 πάσχει
2734 1843 2822 1898 διὰ
2854 1844 2955 1911 τὴν
2989 1843 3266 1911 σωτηρίαν
3300 1840 3458 1910 ἡμῶν
3493 1841 3594 1892 ὅσα
3625 1842 3739 1899 τοῖς

2170 1936 2332 2005 ἱεροῖς
2394 1932 2747 2001 Εὐαγγελίοις
2802 1933 3142 2004 διείληπται·
3188 1933 3495 1985 τελευταῖον
3522 1928 3741 1997 σταυρῷ

2169 2026 2558 2098 προσηλοῦται,
2616 2026 2984 2089 θανατοῦται,
3051 2024 3249 2092 ταφῆς.
3288 2022 3533 2087 ἀξιοῦται
3599 2021 3743 2072 κατα

2168 2118 2333 2186 νόμον
2375 2117 2685 2171 Ἰουδαϊκόν.
2723 2110 2855 2169 Εἶτα
2909 2115 2962 2167 τί
3000 2114 3208 2183 γυμνὸς
3262 2116 3327 2166 ὲκ
3378 2113 3550 2178 τάφου
3598 2112 3744 2181 ἐγεί-

2172 2226 2321 2281 ρεται
2360 2205 2678 2260 καταλιπὼν
2706 2206 2823 2258 ἐκεῖ
2852 2206 2921 2257 τὰ
2946 2206 3172 2272 ἐντάφια
3198 2220 3212 2267 ;
3243 2201 3411 2255 Τοῦτο
3436 2203 3490 2253 δὲ
3522 2204 3741 2257 πάντως

2168 2297 2411 2365 ἐποίησε,
2448 2294 2621 2360 δεῖξαι
2649 2293 2817 2346 θέλων
2864 2291 3031 2344 ὅτιτὸ
3066 2292 3333 2355 πανάγιον
3380 2288 3545 2342 αὒτοῦ
3580 2287 3741 2355 σῶμα

2173 2384 2628 2457 μετεστοιχειώθη
2662 2384 2796 2455 πρός
2836 2400 2900 2449 γε
2935 2382 2996 2435 τὸ
3018 2381 3295 2450 ἄφθαρτον
3326 2380 3421 2433 καὶ
3446 2379 3740 2437 ἀθάνατον,

2169 2478 2267 2532 καὶ
2310 2479 2392 2531 ὅτι
2439 2476 2682 2531 τοιοῦτον
2731 2477 2948 2543 ἐγένετο
2987 2477 3168 2526 ὁποῖον
3221 2468 3289 2542 ἦν
3325 2473 3421 2524 ἀπ’
3461 2472 3639 2541 ἀρχῆς
3679 2474 3744 2522 τὸ

2172 2571 2335 2641 σῶμα
2355 2570 2450 2623 τοῦ
2488 2568 2678 2637 Ἀδὰμ,
2714 2568 2874 2636 ἡνίκα
2898 2560 3098 2635 δηλαδὴ
3123 2567 3327 2636 γυμνὸν
3356 2565 3414 2617 ὃν
3436 2562 3715 2629 ὲπικαλύμ
3732 2592 3745 2601 -
3808 2634 3815 2642 .

2175 2680 2345 2731 ματος
2367 2662 2479 2716 οἴου
2516 2661 2579 2731 δή
2620 2677 2764 2722 τινος
2798 2661 2898 2712 οὐκ
2924 2654 2992 2730 ἦν
3016 2659 3217 2725 ἐνδεὲς,
3258 2656 3446 2726 ἐπειδὴ
3480 2656 3574 2725 τῆς
3600 2654 3744 2707 κατὰ

2172 2753 2337 2823 χάριν
2366 2752 2666 2815 ἀθανασίας
2695 2751 2795 2805 οὐκ
2836 2749 3123 2822 ἀμοιροῧν.

2244 2938 2402 2996 Οὕτω
2434 2939 2533 3009 μὲν
2568 2933 2683 3004 οὖν,
2707 2936 2993 3002 ὁσιώτατε,
3025 2935 3118 2989 καὶ
3158 2934 3218 2988 τδ
3249 2932 3407 3002 σῶμα
3438 2932 3498 2984 τὸ
3529 2931 3745 2997 Κυριατ-

502 3022 687 3076 uicum
715 3039 913 3094 corpus
951 3026 1390 3096 quandoquidem
1428 3036 1555 3083 ante
1598 3029 1905 3102 passionem
1940 3044 2064 3083 cor-

2174 3035 2293 3101 κδν,
2313 3034 2499 3105 ἐπειδὴ
2534 3034 2711 3105 φθορᾷ
2742 3034 2845 3103 πρδ
2877 3031 2973 3086 τοῦ
3002 3032 3206 3091 πάθους
3227 3028 3501 3091 ὑπέκειτο,
3538 3027 3746 3091 σκέπης

502 3116 738 3184 ruptioui
772 3126 888 3169 erat
940 3118 1257 3185 obnoxium,
1318 3120 1760 3174 indumentorum
1816 3120 2069 3189 tegminis

500 3206 1149 3276 necessarioindigebat;
1187 3218 1308 3278 post
1347 3210 1652 3277 passionem
1692 3226 1820 3265 vero
1867 3218 1923 3264 et
1978 3225 2066 3264 re-

503 3300 919 3361 surrectionem,
951 3314 1073 3351 cum
1105 3300 1472 3369 corruptionis
1526 3316 1724 3369 expers
1779 3301 2069 3363 evasisset,

501 3388 653 3441 nullo
678 3388 915 3456 amplius
952 3389 1327 3457 integumento
1352 3406 1489 3460 opus
1521 3393 1728 3446 habuit.
1769 3393 2072 3447 Transmu-

502 3487 675 3532 litum
703 3479 851 3532 enim
879 3486 986 3544 est,
1012 3489 1065 3535 et
1096 3480 1246 3534 omni
1278 3483 1646 3551 corruptione,
1695 3492 1753 3537 ut
1806 3484 2068 3548 diximus,

503 3588 702 3640 expers
732 3573 914 3627 evasit
964 3582 1189 3643 propter
1248 3573 1419 3640 illam,
1471 3589 1591 3644 qua:
1637 3576 1690 3628 in
1746 3591 1811 3630 eo
1872 3575 2067 3639 inerat,

503 3664 668 3719 Verbi
701 3665 1076 3731 divinitatem;
1117 3676 1176 3721 ut
1198 3667 1379 3720 omnis
1409 3668 1571 3721 etiam
1619 3669 1854 3721 humana
1876 3678 2069 3723 natura

504 3757 973 3826 incorruptionem
1021 3756 1146 3812 inde
1190 3758 1503 3829 participet,
1573 3766 1629 3814 et
1662 3760 1731 3814 ad
1790 3762 2070 3829 antiquam

504 3850 938 3905 immortalitatis
967 3850 1292 3920 dignitatem
1324 3852 1686 3922 regrediatur.
1712 3852 1935 3906 Etenim
1965 3853 2071 3907 nisi

503 3939 577 3996 ita
608 3957 696 3996 res
722 3956 781 3995 se
802 3941 1095 4005 habuisset,
1114 3942 1216 3996 nisi
1238 3942 1534 3997 contritum
1553 3953 1772 4013 propter
1790 3952 2073 4012 peccatum

508 4034 778 4088 hominem
799 4048 1059 4089 renovare
1079 4034 1357 4096 iterum,et
1377 4035 1593 4104 qualem
1617 4036 1683 4089 ah
1715 4036 1871 4090 initio
1898 4037 2075 4091 fuerat

506 4121 797 4176 restituere
822 4122 1101 4186 voluisset,
1141 4122 1397 4191 quidnam
1422 4123 1568 4176 aliud
1622 4123 1888 4192 reliquum
1932 4133 2072 4189 erat,

507 4213 650 4282 quod
676 4213 826 4266 illum
859 4214 1137 4269 hominem
1161 4215 1322 4269 nobis
1347 4216 1578 4270 similem
1609 4215 1747 4282 ﬁeri,
1779 4223 1835 4268 et
1862 4230 1929 4270 ea
1955 4232 2074 4270 om-

507 4305 599 4358 nia
636 4305 810 4358 facere
850 4313 904 4360 et
934 4308 1147 4375 perpeti
1204 4323 1322 4376 quae
1386 4323 1485 4362 nos
1541 4310 1850 4379 evangelica
1890 4309 2076 4364 docuit

2173 3130 2231 3193 ἐξ
2262 3130 2509 3196 ἀνάγκης
2539 3128 2638 3194 τῆς
2671 3125 2779 3179 ἀπὸ
2808 3124 2915 3177 τῶν
2946 3122 3165 3191 ἁμερίων
3196 3122 3392 3173 ὲδέετο.
3423 3118 3577 3173 Μετὰ
3602 3118 3658 3169 δὲ
3688 3117 3744 3168 τδ

2171 3221 2342 3281 πάθος
2370 3221 2465 3272 καὶ
2489 3218 2585 3288 τὴν
2606 3221 2823 3286 ἔγερσιν
2851 3216 3124 3284 ἄφθαρτον
3153 3213 3374 3281 γεγονὸς
3394 3210 3577 3263 οὐκέτι
3614 3210 3745 3261 σκέο

2174 3328 2283 3381 πης
2328 3312 2443 3373 οἵας
2484 3310 2547 3379 δή
2579 3327 2721 3372 τινος
2758 3306 2981 3377 ἔχρῃζε.
3024 3302 3495 3371 Μετεστοιχειὼθη
3545 3301 3601 3352 δὲ
3654 3301 3745 3351 καὶ

2172 3402 2468 3471 ἄφθαρτον,
2500 3400 2573 3463 ὡς
2605 3402 2841 3469 εἴρηται,
2894 3399 3083 3466 γέγονε
3139 3396 3227 3448 διὰ
3280 3394 3381 3462 τῆς
3425 3392 3747 3459 ἑνοικοὺσης

2174 3494 2323 3562 αὐτῷ
2355 3493 2448 3545 τοῦ
2477 3492 2653 3560 Λόγου
2682 3491 2957 3559 θεότητος,
2988 3490 3074 3541 ἵνα
3100 3490 3193 3541 καὶ
3219 3487 3368 3539 πᾶσα
3398 3485 3508 3536 τῶν
3539 3484 3750 3551 ἀνθρὼ-

2174 3600 2293 3637 πων
2329 3585 2361 3650 ή
2394 3582 2555 3650 φύσις
2590 3579 2900 3648 ἀφθαρσίας
2930 3577 3143 3629 ἐκεῖθεν
3192 3576 3439 3647 μετάσχῃ
3480 3575 3577 3627 καὶ
3611 3572 3750 3645 πρὸς

2173 3677 2235 3729 τὸ
2261 3677 2487 3746 ἀρχαῖον
2512 3671 2780 3743 ἐπανέλθῃ
2802 3673 2901 3741 τῆς
2924 3669 3225 3730 ἀθανασίας
3248 3667 3485 3736 ἀξίωμα.
3508 3668 3618 3719 Καὶ
3641 3665 3748 3733 γὰρ

2175 3769 2223 3819 εἰ
2256 3768 2328 3835 μὴ
2351 3764 2508 3817 τοῦτο
2531 3760 2621 3834 ἦν,
2665 3765 2712 3815 εί
2748 3761 2822 3832 μὴ
2853 3761 3207 3831 συντριϐέντα
3230 3760 3317 3813 διὰ
3344 3760 3443 3827 τῆς
3468 3759 3751 3827 ἁμαρτίας

2146 3864 2149 3869 ’
2174 3856 2266 3908 τὸν
2291 3854 2577 3923 ἄνθρωπον
2602 3852 2950 3906 ἀνακαινίσαι
2992 3854 3083 3905 καὶ
3108 3850 3266 3913 αὖθις
3296 3850 3456 3921 ἤθελε
3489 3850 3588 3901 καλ.
3615 3849 3749 3900 θιτοο

2174 3945 2518 4011 καταστῆσαι
2561 3943 2801 3996 τοιοῦτον
2839 3945 3023 3996 ὁποῖον
3051 3938 3120 4011 ἦν
3153 3942 3246 3993 ἀπ’
3278 3940 3478 4009 ἀρχῆς,
3507 3938 3561 3990 τί
3590 3938 3751 3995 -ἀλλσ

2174 4037 2360 4091 λοιπὸν
2386 4031 2454 4106 ἦν
2483 4036 2541 4087 τὸ
2558 4032 2980 4101 καταναγκάσειν
2998 4033 3159 4085 αὑτὸν
3182 4030 3433 4099 γενέσθαι
3455 4030 3579 4082 καθ’
3603 4032 3751 4098 ἡμᾶς

2176 4130 2485 4201 ἄνθρωπον,
2517 4126 2743 4194 ποιῆσαι
2790 4142 2851 4177 τε
2881 4126 3064 4179 πάντα
3115 4124 3209 4177 καί
3240 4123 3434 4175 παθεῖν
3480 4123 3694 4189 ὅσαπερ
3723 4121 3752 4173 6

2178 4220 2531 4289 εὖαγγελικδς
2581 4217 2789 4283 ἐδίδαξε
2818 4218 2976 4286 λόγος
3014 4218 3198 4286 mide;
3240 4213 3448 4267 Οὐκοῦν
3485 4214 3621 4281 ἄφες
3654 4215 3754 4265 αὖ·

2176 4313 2322 4376 τούς.
2360 4313 2503 4381 Ὅρα
2538 4312 2646 4380 γὰρ
2674 4312 2753 4364 ὅτι
2790 4310 2881 4363 καὶ
2909 4312 2934 4363 6
2972 4308 3234 4376 Θεολόγος
3288 4307 3589 4375 Γρηγὸριος
3622 4306 3754 4358 αὐτὸ

509 4396 762 4462 historia,
787 4399 1182 4467 compelleret?
1214 4400 1341 4454 Sine
1388 4400 1551 4470 igitur
1574 4401 1718 4456 illos.
1765 4402 1901 4456 Vide
1927 4402 2065 4456 enim

2176 4405 2334 4458 τοῦτο
2365 4406 2661 4475 παρίστησι
2690 4402 2901 4468 διεξιὼν
2923 4399 3121 4453 οὑτωσί
3140 4417 3153 4430 υ
3187 4398 3528 4467 Κεφάλαιον
3548 4398 3619 4450 ἐν
3639 4397 3755 4449 τῶν

512 4487 853 4559 Theologum
874 4489 1195 4561 Gregorium
1216 4492 1391 4548 istltuc
1415 4494 1590 4561 ipsutn
1621 4493 1691 4546 ita
1714 4493 2074 4548 disserentem

512 4579 817 4637 alﬁrmare:
848 4579 1020 4637 Unum
1042 4583 1231 4639 Christi
1260 4583 1628 4652 mysteriorum
1644 4595 1933 4650 caputmra
1962 4602 2078 4654 pcr-

515 4674 667 4740 fectio
697 4682 746 4727 et
768 4674 1088 4739 reformatio,
1131 4684 1177 4727 et
1243 4676 1312 4727 ad
1340 4676 1567 4742 primum
1613 4676 1764 4728 illum
1820 4676 2077 4729 Adamum

518 4780 802 4833 regressus.
830 4764 885 4819 Si
917 4766 1103 4836 igitur,
1134 4765 1211 4819 vir
1234 4765 1596 4831 sanctissime,
1658 4766 1731 4820 ad
1764 4782 1865 4820 nos
1916 4782 2081 4821 carne

522 4867 775 4925 suscepta
830 4856 979 4910 Deus
1042 4855 1268 4908 accessit
1320 4865 1378 4909 ut
1438 4857 1728 4910 contritum
1801 4858 2079 4911 hominem

520 4949 881 5011 rcl’ormaret,
932 4954 985 5000 et
1046 4947 1404 5001 inveteratum
1460 4948 1530 5003 ob
1588 4957 1870 5017 peccatum
1923 4963 2082 5002 reno-

518 5049 691 5103 varet,
725 5048 781 5092 et
832 5047 891 5092 ut
923 5039 1072 5093 illum
1115 5038 1185 5096 ad
1241 5040 1522 5108 pristinam
1574 5040 1889 5111 dignitatem
1931 5040 2079 5095 redi-

516 5138 713 5199 geret,
786 5130 933 5185 illam
987 5130 1451 5187 immortalitatem
1513 5131 1768 5186 videlicet
1812 5139 1871 5185 et
1929 5131 2081 5185 exitii

514 5230 795 5290 expertem
824 5220 1213 5289 conditionem,
1251 5232 1310 5276 ιιι
1359 5222 1611 5292 superius
1654 5223 2081 5277 disserebamus.

518 5308 785 5380 reliquum
820 5318 903 5364 est
952 5318 1011 5363 ut
1049 5318 1163 5364 toto
1220 5310 1359 5363 coelo
1420 5308 1677 5363 aberrent
1725 5309 1817 5377 qui
1872 5308 2081 5365 diversa

588 5469 700 5540 {54)
741 5470 872 5524 Vide
908 5467 1137 5523 inferius
1175 5468 1335 5537 epist.
1367 5468 1417 5522 6.

592 5540 706 5606 (55)
752 5541 1072 5597 Contrarta.
1121 5548 1175 5591 et
1225 5541 1363 5592 bene
1400 5552 1620 5605 munem
1672 5552 1733 5591 ac
1786 5540 2082 5605 sapienter,

519 5608 676 5662 docet
711 5612 737 5660 6
767 5611 905 5662 πάνυ
939 5611 1030 5662 lib.
1064 5624 1152 5669 xm
1186 5609 1256 5659 De
1287 5608 1428 5659 civit.
1460 5607 1572 5667 Dei,
1598 5623 1717 5675 cap.
1748 5607 1837 5660 25.
1859 5607 2081 5664 Multum

523 5679 671 5731 enim
714 5681 938 5735 interest
986 5681 1127 5733 inter
1165 5692 1363 5747 corpus
1407 5677 1610 5733 Christi
1661 5677 1991 5747 resurgentis
2033 5688 2087 5732 et

1408 5762 1444 5785 διο,
1480 5775 1491 5781 -

2179 4498 2441 4565 Χριστοῦ
2480 4495 2829 4566 μυστηρίων
2857 4494 2895 4559 ἡ
2936 4493 3055 4560 ἐμὴ
3104 4491 3430 4555 τελείωσις,
3473 4491 3569 4543 καὶ
3610 4489 3757 4543 ἀνά.

2180 4595 2428 4654 πλασις,
2463 4588 2561 4641 καὶ
2608 4586 2759 4654 πρὸς
2805 4586 2912 4638 τὸν
2941 4585 3177 4652 πρῶτον
3219 4584 3399 4650 Ἀδὰμ
3436 4580 3749 4643 ἐπάνοδος.

2182 4684 2355 4752 Εἴπερ
2376 4681 2490 4745 οὖν,
2519 4679 2803 4740 ὁσιώτατε,
2822 4678 2914 4729 διὰ
2943 4676 3142 4743 σαρκὸς
3172 4673 3397 4744 ἐλήλυθε
3443 4673 3581 4740 πρὸς
3608 4673 3756 4739 ἡμᾶς

2182 4776 2210 4827 6
2242 4775 2373 4833 Θεὸς
2402 4773 2551 4831 ὅπως
2589 4768 2879 4837 ἀναπλάσῃ
2919 4764 3275 4835 συντριϐέντα
3315 4763 3407 4815 τὸν
3442 4762 3750 4829 ἄνθρωπον,

2185 4862 2280 4915 καὶ
2299 4862 2446 4921 ὅπως
2471 4855 2631 4909 αὑτὸν
2649 4854 2976 4923 ἀνακαινίσῃ
3001 4846 3377 4907 παλαιωθέντα
3396 4852 3461 4919 τῇ
3484 4849 3750 4917 ἁμαρτίᾳ,

2185 4953 2282 5006 καὶ
2310 4953 2457 5012 ὅπως
2489 4948 2652 5001 αὐτὸν
2685 4948 2939 5015 ἀναγάγῃ
2969 4944 3105 5013 πρὸς
3135 4945 3195 4996 τὸ
3239 4944 3467 5011 ἀρχαῖον
3513 4942 3751 5009 ἀξίωμα,

2183 5043 2245 5094 τὸ
2284 5041 2557 5094 ἀθάτατον
2598 5039 2774 5090 ἐκεῖνο
2804 5034 3005 5101 δηλαδὴ
3035 5035 3127 5085 καὶ
3151 5032 3457 5100 ἀνόλεθρον,
3492 5030 3568 5092 ὡς
3606 5031 3634 5081 ὁ
3666 5030 3755 5079 λό·

2185 5149 2281 5201 γος
2307 5130 2418 5184 ἀνω
2456 5129 2721 5197 διείληφε,
2757 5126 3049 5193 σφάλλουσι
3081 5124 3265 5176 λοιπὸν
3309 5123 3357 5174 οἱ
3400 5121 3729 5189 δογματίζον

2185 5240 2276 5285 τες
2314 5221 2523 5274 οἴκοθεν
2573 5221 2735 5285 ἕτερα
2770 5218 2863 5268 καὶ
2890 5217 2963 5284 μὴ
2995 5215 3054 5266 τὸ
3083 5216 3180 5283 τῆς
3223 5214 3549 5282 Ἐκκλησίας
3577 5214 3752 5277 δόγμα

2187 5313 2450 5384 ὀρθοδὸξῳ
2478 5309 2818 5379 στοιχοῦντες
2871 5308 3204 5376 φρονήματι.
3239 5305 3450 5359 Οὐκοῦν
3481 5306 3617 5373 ἄφες
3654 5304 3750 5356 αὖ·

2188 5488 2385 5543 corpus
2414 5471 2600 5544 Atlami
2642 5467 3317 5544 nondum_tlelittqttettti_s,
3347 5474 3415 5544 _t_rt
3460 5464 3565 5544 late
3592 5477 3752 5544 fupc-

2190 5534 2300 5598 rius
2334 5540 2777 5607 expediviwusin
2805 5541 2945 5591 uotis
2971 5538 3056 5601 36,
3096 5539 3181 5602 59,
3216 5538 3302 5602 Η,
3335 5536 3423 5599 56,
3448 5546 3502 5590 et
3529 5534 3749 5587 inferius

2190 5615 2348 5669 etiam
2380 5609 2804 5665 observabimus.

4012 799 4015 1003 l

4009 1066 4015 1257 ἲ
