4088 6186
427 5645 430 5648 _
498 5593 650 5641 tuerit
706 5608 812 5643 esse

487 271 592 334 7‘07

1776 267 2188 330 MICHAELIS
2219 267 2479 329 GLYCE

3600 265 3713 327 τρε
3733 324 3754 343 ,

486 406 610 444 nem
643 389 774 458 (Si).
812 387 989 457 Atque
1036 387 1107 443 ita
1152 386 1372 458 quidem
1405 384 1480 440 hi.
1514 384 1897 442 Divinissimus
1925 401 2058 443 vero

2159 403 2256 456 νης
2285 387 2443 456 φησὶ,
2473 384 2566 440 τὸν
2594 383 2859 455 αἰσθητῆς
2892 383 3150 456 βρώσεως
3181 383 3240 436 ὲν
3271 383 3528 452 μετουσίᾳ
3565 385 3717 448 γενό-

485 479 778 548 Gregorius
801 477 1075 546 Nyssenus
1098 475 1170 530 ita
1192 477 1255 530 ad
1277 475 1503 530 verbum
1528 476 1800 530 dissertat.
1827 475 2054 544 Lignum

491 569 624 624 illud
648 571 712 622 de
737 585 838 636 quo
871 570 1004 622 vesci
1027 569 1360 621 interdictum
1384 570 1577 637 fuerat,
1605 583 1766 636 neque
1785 568 1966 636 ﬁcum,
1998 577 2054 621 ut

484 661 691 728 quidem
735 661 1018 727 aﬂ'irmant,
1066 676 1227 729 neque
1267 661 1431 714 aliam
1483 659 1765 713 delicatam
1812 659 2052 712 arborem

379 777 393 786 ι
482 751 640 818 fuisse
675 751 915 818 persuasi
944 767 1146 805 sumus.
1197 750 1309 804 Etsi
1346 760 1528 804 autem
1581 751 1648 804 de
1692 749 1879 803 sensili
1930 751 2054 804 cibo

482 842 725 894 videatur
757 841 844 896 hic
880 841 1024 910 loqui
1050 842 1142 896 Dei
1175 843 1572 911 contemplator
1594 841 1792 905 Moses,
1817 841 1908 895 Ast
1933 858 2046 912 ego,

479 933 678 998 inquit,
714 941 951 986 sanctam
986 931 1319 1000 Scripturam
1351 934 1512 986 audio
1542 948 1562 986 :
1607 949 1706 985 non
1735 933 1902 985 solum
1935 949 2048 984 cor-

477 1020 712 1088 poralent
745 1023 851 1074 scio
876 1023 1046 1074 cibum
1082 1059 1097 1083 ,
1124 1022 1214 1074 sed
1245 1022 1510 1090 quoddam
1537 1038 1734 1089 quoque
1765 1021 1913 1074 aliud
1939 1019 2054 1072 novi

479 1115 853 1166 nutrimentum
875 1155 887 1177 ,
919 1113 1068 1180 cujus
1101 1113 1302 1182 fructus
1333 1111 1500 1164 solam
1531 1111 1763 1163 animam
1791 1111 2051 1176 pervadit.

479 1203 746 1256 Comedite
771 1203 910 1256 enim
952 1218 1142 1270 panem
1183 1217 1378 1265 meum,
1409 1200 1678 1269 Sapientia
1711 1199 2053 1253 esurientibus

477 1293 736 1360 pra'cipit,
773 1305 820 1345 et
852 1293 1008 1346 bibite
1040 1293 1218 1345 vinum
1250 1293 1386 1362 quod
1414 1291 1598 1344 miscui
1639 1291 1804 1344 vobis.
1840 1289 1910 1344 Et
1947 1291 2057 1345 Do-

479 1384 647 1435 minus
675 1384 898 1436 salutem
917 1381 1376 1435 Samaritanomm
1402 1381 1690 1446 ostendens,
1722 1382 1797 1432 ait
1824 1397 1842 1435 :
1874 1381 2056 1434 Cibum

477 1474 636 1526 habeo
662 1475 828 1536 edere,
852 1489 1005 1542 quem
1037 1489 1124 1526 vos
1158 1473 1387 1527 nescitis.
1415 1471 1479 1525 Et
1505 1472 1666 1525 alibi:
1692 1469 1794 1536 Qui
1818 1473 1950 1536 sitit,
1989 1475 2058 1525 ad

478 1580 560 1616 me
586 1565 778 1626 ueniat,
820 1573 869 1618 et
909 1565 1076 1617 bibat.
1175 1581 1178 1584 '

2159 494 2340 547 μενον.
2407 477 2590 530 Πάντα
2647 494 2730 530 σοι
2778 477 2925 545 ζωὴν
2983 475 3424 547 καρποφορείτω,
3477 474 3570 526 καὶ
3619 473 3719 543 τὴν

2155 567 2295 638 ἐμὴν
2322 565 2544 637 μέθεξιν
2576 566 2733 622 ποιοῦ
2757 568 2857 638 τῆς
2887 568 3094 629 οἰκείας
3122 564 3412 635 ὑπάρξεως
3433 563 3716 617 σύστασιν.

2157 660 2265 711 Καὶ
2310 659 2458 713 οὗτοι
2505 661 2605 729 μὲν
2643 660 2820 723 οὕτως
2846 676 2862 692 ο
2896 660 2924 713 ὁ
2970 659 3028 712 δὲ
3062 659 3333 720 θειότατος
3362 656 3664 726 Γρηγόριος
3695 657 3724 707 ὸ

2151 751 2376 820 Νύσσης
2408 751 2552 805 οὕτω
2581 753 2719 806 κατὰ
2750 752 2904 822 ῥῆμα
2931 749 3210 816 διέξεισινο
3241 749 3371 803 Ὀτι
3400 751 3467 801 τὸ
3492 748 3723 815 ἀπηγο-

2148 841 2444 911 ρευμένον
2473 841 2671 895 ἐκεῖνο
2701 839 2774 908 τῇ
2805 839 3035 908 βρώσει
3079 839 3291 903 ξύλον,
3324 838 3463 891 οὐτε
3495 833 3725 897 συκῆν.

2149 927 2230 994 ὥς
2264 928 2422 994 τινές
2447 943 2656 995 φασιν,
2683 927 2822 981 οὔτε
2859 927 2926 980 τὸ
2955 925 3295 993 ἁκροδρύον
3335 921 3542 990 ἕτερον
3573 915 3724 973 εἶναι

2159 1019 2549 1087 πεπείσμεθα.
2573 1019 2638 1071 Ei
2677 1017 2735 1070 δὲ
2763 1019 2857 1072 καὶ
2883 1017 3012 1088 περὶ
3043 1015 3298 1086 βρώσεως
3327 1011 3597 1080 αἰσθητῆς
3637 1013 3723 1063 ὲν-

2158 1109 2330 1162 ταῦθα
2361 1108 2508 1162 δοκεῖ
2528 1108 2709 1177 λέγειν
2743 1111 2773 1160 6
2812 1107 3048 1174 θεόπτης
3087 1106 3313 1172 Μωσῆςο
3366 1101 3523 1156 Ἀλλ’
3558 1098 3676 1167 ἐγὼ
3707 1138 3720 1160 ι

2154 1202 2306 1270 φησὶ,
2341 1199 2450 1268 τῆς
2489 1201 2662 1269 ἁγίας
2704 1199 2901 1254 ἀκούω
2932 1195 3200 1265 Γραφῆς.
3240 1195 3322 1248 Οὐ
3355 1195 3557 1262 μόνον·
3601 1205 3725 1243 σω-

2151 1292 2414 1363 ματικὴν
2438 1292 2766 1360 ἐπίσταμαι
2797 1288 3054 1357 βρῶσιν,
3089 1285 3253 1348 ἀλλὰ
3290 1301 3426 1338 τινα
3472 1283 3572 1336 καὶ
3600 1281 3730 1335 ἐτέ-

2151 1399 2271 1452 ραν
2295 1379 2427 1435 οἶδα
2450 1380 2701 1450 τροφὴν,
2725 1375 2801 1451 ἧς
2830 1381 2868 1447 ἡ
2894 1380 3238 1443 ἀπόλαυσις
3266 1376 3364 1429 ἐπὶ
3385 1376 3589 1445 μόνην
3614 1370 3732 1437 τὴν

2159 1472 2375 1542 ψυχὴν
2406 1473 2716 1526 διαϐαίνει.
2770 1470 2992 1542 Φάτετε
3037 1468 3148 1540 τὰρ
3185 1469 3295 1521 τὸν
3337 1467 3483 1536 ἐμὰν
3523 1463 3728 1530 ἄρτον,

2162 1564 2202 1631 ἡ
2231 1564 2422 1632 Σοφία
2450 1562 2577 1628 τοῖς
2614 1561 2865 1615 πεινῶσι
2893 1557 3390 1629 παρακελεύεται,
3433 1553 3534 1607 καὶ
3567 1552 3734 1604 silete

477 1652 644 1708 οἶνον
673 1657 744 1709 ὃν
774 1656 1066 1722 κεκέρακα
1097 1655 1260 1726 ὑμῖν.
1317 1656 1494 1710 Ἀλλὰ
1525 1657 1621 1711 καὶ
1655 1659 1687 1711 ὀ
1721 1658 1934 1724 Κύριος
1961 1657 2077 1725 τὴν
2111 1643 2630 1726 τῶν-’Σαμαρειτῶν
2647 1656 3004 1726 ὑποφαίνων
3028 1653 3332 1720 σωτηρίαν
3350 1651 3554 1718 sle-fr
3580 1643 3733 1715 Βρῶ·

477 1769 583 1806 σιν
604 1752 720 1820 ἔχω
741 1751 954 1821 φαγεῖν
979 1750 1059 1819 ἦν·
1079 1751 1248 1821 ὑμεῖς
1275 1751 1385 1805 οὐκ
1409 1750 1608 1805 οἴδατε
1631 1766 1645 1781 ·
1675 1750 1772 1804 καὶ
1813 1749 2114 1819 ἀλλαχοῦ,
2167 1752 2232 1806 '0
2260 1753 2455 1821 διψῶν
2482 1750 2747 1821 ἐρχέσθω
2774 1749 2922 1818 πρός
2938 1763 3034 1818 με,
3067 1745 3164 1800 καὶ
3189 1745 3426 1799 πινέτω.

549 1889 910 1946 Plantationis
964 1889 1134 1960 igitur
1184 1888 1298 1960 (85)
1346 1887 1605 1943 arborum
1659 1903 1781 1957 quae
1813 1897 1967 1943 erant
2008 1888 2058 1944 in

2237 1892 2448 1948 Οὐκοῦν
2468 1894 2567 1962 τῆς
2588 1889 2811 1961 φυτείας
2831 1888 2940 1943 τῶν
2958 1889 3017 1940 ὲν
3032 1887 3216 1954 Ἐδὲμ,
3239 1885 3420 1954 τρυφὴ
3439 1882 3496 1937 δὲ
3517 1884 3552 1954 ἡ
3567 1881 3734 1951 Ἐδεμ

477 1981 644 2036 Edem
689 1980 926 2050 (delicias
970 1990 1152 2036 autem
1213 1979 1382 2034 Edem
1426 1979 1717 2048 signiﬁcat)
1769 1979 1936 2034 alium
1974 1980 2056 2034 di-

477 2087 642 2142 gnum
692 2071 928 2151 fructum
978 2071 1284 2141 intelligere
1313 2086 1422 2126 non
1453 2070 1729 2136 convenit,
1757 2085 1857 2125 nec
1898 2067 2106 2128 dubi-'.

478 2171 593 2214 tare
642 2161 748 2214 hoc
795 2159 1072 2214 hominem
1123 2160 1294 2215 fuisse
1340 2159 1647 2221 nutritum,
1685 2173 1784 2213 nec
1830 2159 2054 2216 omnino

479 2251 854 2306 transitorium
884 2260 939 2305 et
973 2250 1174 2306 [lusum
1215 2251 1536 2322 alimentum
1561 2253 1704 2313 vitta,
1731 2265 1851 2318 quae
1880 2249 1935 2304 in
1964 2265 2056 2320 pa-

479 2341 661 2396 radiso
696 2340 1024 2408 agitabatur,
1060 2343 1297 2410 cogitare
1329 2340 1463 2408 (86).
1529 2341 1607 2395 Ita
1639 2341 1804 2410 igitur
1832 2350 1886 2394 et
1910 2339 2055 2395 divi-

478 2434 736 2486 nissimus
763 2431 1084 2486 Anastasius
1111 2431 1502 2502 intelligihilem
1521 2429 1692 2486 fuisse
1719 2430 1831 2484 vult
1871 2431 2054 2484 cibum

479 2523 656 2588 illum,
689 2539 799 2577 non
829 2531 1012 2577 autem
1053 2523 1369 2577 sensibilem
1399 2532 1454 2577 et
1488 2523 1788 2577 carnalem.
1822 2521 1879 2574 Si
1907 2522 2052 2576 enim

483 2616 630 2669 hunc
661 2613 843 2668 cibum
873 2613 1056 2667 divina
1085 2612 1301 2682 eloquia
1333 2613 1744 2682 signiﬁcaram,
1777 2622 1832 2667 et
1863 2626 2055 2666 carna-

487 2705 610 2756 liter
641 2703 830 2771 utique
873 2702 1251 2756 moriebantur
1278 2702 1372 2771 qui
1423 2705 1566 2757 hunc
1591 2703 1904 2774 gustabant.
1944 2701 2052 2766 Qui

487 2792 898 2862 intelligibililet‘
952 2791 1116 2864 igitur
1164 2802 1572 2862 peccaverunt,
1622 2795 1819 2848 animae
1864 2792 2052 2847 statim

483 2893 710 2937 mortem
741 2883 1041 2950 accipiunt.
1072 2884 1152 2939 lta
1202 2885 1368 2955 igitur
1408 2884 1572 2940 etiam
1602 2884 1885 2954 theologus
1919 2882 2054 2938 Gre-

479 2976 664 3046 go.-ius
714 2975 962 3044 plantam
1004 2977 1172 3041 illam,
1213 2977 1416 3046 lignum
1467 2977 1720 3033 videlicet
1768 2977 2049 3038 scientias.

478 3067 993 3136 contemplationem
1038 3083 1162 3122 esse
1195 3067 1352 3132 dixit,
1395 3069 1500 3123 hoc
1548 3078 1632 3123 est
1659 3068 2050 3122 absolutiorem

479 3160 774 3226 quamdam
826 3158 1133 3222 scientiam,
1184 3159 1251 3214 ad
1303 3175 1466 3229 quam
1502 3159 1728 3214 minime
1760 3168 1934 3214 tutum
1968 3165 2052 3212 est

2159 1982 2544 2053 ἑρμηνεύεται,
2585 1981 2734 2044 ἄξιόν
2756 1996 2877 2033 τινα
2904 1979 2994 2031 τὸν
3025 1975 3240 2047 καρπὰν
3267 1975 3522 2043 ἐννοῆσαι
3551 1987 3729 2039 προσ-

2156 2075 2301 2138 ήκει,
2336 2073 2430 2127 καὶ
2457 2089 2485 2125 1:
2496 2071 2756 2141 ρέφεσθαι
2781 2069 2872 2124 διὰ
2900 2068 3096 2121 τούτου
3129 2067 3204 2136 μὴ
3229 2063 3606 2133 ἀμφιϐάλλειν
3634 2063 3730 2116 τὸν

2156 2163 2462 2232 ἄνθρωπον,
2492 2163 2588 2216 καὶ
2619 2163 2696 2232 μὴ
2723 2161 2942 2223 πάντως
2975 2158 3076 2227 τὴν
3103 2155 3404 2225 παροδικὴν
3437 2154 3532 2206 καὶ
3565 2152 3730 2222 ἐπίρ-

2159 2258 2318 2326 ρυτον
2356 2253 2559 2325 ταύτην
2595 2252 2804 2324 τροφὴν
2839 2253 2932 2306 ἐπὶ
2961 2251 3063 2321 τῆς
3106 2251 3202 2302 τοῦ
3236 2245 3569 2318 παραδείσου
3613 2246 3734 2296 δια-

2157 2347 2345 2414 γωγῆς
2367 2347 2594 2399 ἐννοεῖν.
2620 2344 2778 2398 Οὕτω
2797 2343 2898 2412 μὶν
2921 2342 3016 2396 καὶ
3039 2343 3067 2394 ὀ
3087 2340 3362 2402 θειότατος
3377 2336 3732 2397 ’Λναστάσιος

2155 2440 2348 2508 νοερᾰν
2382 2433 2522 2492 εἶναι
2552 2436 2802 2508 βούλεται
2833 2436 2936 2505 τὴν
2969 2435 3172 2506 βρῶσιν
3221 2433 3460 2497 ἐκείνην,
3517 2430 3576 2482 oi.
3619 2427 3730 2497 μὴν

2156 2530 2419 2600 αἰσθητήν
2454 2546 2512 2584 τε
2541 2531 2636 2584 καὶ
2679 2527 2974 2601 σαρκικήν.
3007 2528 3067 2580 El
3118 2525 3228 2593 γὰρ
3279 2523 3541 2590 τοιαύτην
3593 2523 3729 2590 sci.-

2157 2633 2294 2686 μανε
2323 2617 2526 2686 βρῶσιν
2544 2617 2612 2669 τὰ
2631 2615 2751 2670 θεῖα
2781 2615 3062 2686 ρητὰ,’καὶ
3087 2610 3367 2682 σαρκικῶς
3395 2609 3462 2663 ἂν
3481 2608 3726 2679 artibus;-

2157 2725 2284 2761 σκον
2311 2709 2360 2760 οἱ
2386 2707 2588 2777 ταύτης
2617 2707 3038 2776 ἀπογενόμενοι.
3087 2703 3308 2773 Νοερῶς
3335 2698 3430 2756 οἷν
3465 2703 3726 2770 ἡμαρτη-

2155 2799 2310 2862 κότες
2337 2799 2430 2851 τὸν
2449 2797 2551 2867 τῆς
2579 2799 2758 2868 ψυχῆς
2783 2796 2982 2850 αὐτίκα
3002 2795 3249 2865 δέχονταί
3282 2794 3534 2848 Θάνατον.
3564 2792 3724 2844 Οὖτω

2160 2893 2259 2962 μὲν
2286 2886 2378 2943 οὖν
2409 2888 2502 2942 καὶ
2537 2892 2563 2942 ὁ
2591 2889 2855 2956 Θεολόγος
2891 2887 3192 2957 Γρηγόριος
3225 2887 3286 2938 τὸ
3324 2879 3494 2954 quith
3525 2885 3726 2947 ἐκεῖνο,

2154 2981 2215 3032 τὸ
2275 2979 2430 3043 ξύλον
2479 2977 2725 3048 δηλονότι
2775 2980 2875 3047 τῆς
2913 2980 3192 3045 γνώσεως,
3234 2976 3475 3046 θεωρίαν
3527 2973 3732 3039 ἔφησεν

2157 3068 2322 3137 εἶναι,
2347 3071 2492 3125 τοῦτ’
2520 3071 2634 3125 ἔστι
2671 3071 2872 3139 γνῶσιν
2889 3071 3225 3142 τελεωτέραν
3248 3070 3392 3137 τινὰ,
3419 3064 3486 3138 ἧς
3514 3067 3732 3120 ἐπιϐαί-

2159 3181 2273 3218 νειν
2312 3165 2412 3218 οὐκ
2439 3163 2682 3231 ἀσφαλὲς
2732 3165 2845 3226 τοῖς
2885 3180 2950 3231 γε
2997 3163 3328 3233 λιχνοτέροις
3371 3163 3470 3230 τὴν
3519 3159 3729 3227 ἔφεσιν.

481 3246 778 3314 ascendere
811 3247 877 3299 iis
909 3247 1001 3315 qui
1033 3248 1265 3301 avidiori
1295 3258 1427 3303 sunt
1455 3249 1751 3302 desiderio.
1800 3246 1878 3302 Ne
1927 3255 2056 3316 puta

2171 3258 2264 3326 Μὴ
2298 3257 2476 3310 τοίνυν
2520 3230 2578 3310 ἐν
2635 3255 2951 3326 παραδείσῳ
3139 3230 3430 3324 ἄνθρωπον
3464 3253 3735 3322 αἰσθητῆς

484 3335 646 3402 igitur
689 3334 967 3388 hominem
1003 3336 1056 3388 in
1088 3337 1340 3404 paradiso
1399 3337 1585 3390 εί·ηεὶιί
1651 3337 1772 3391 cibo
1831 3334 2066 3388 saturari

483 3422 701 3475 solitum
729 3461 742 3485 ,
783 3423 1000 3491 quando
1041 3425 1248 3477 nullum
1293 3440 1359 3478 eo
1407 3438 1545 3493 opus
1585 3422 1814 3477 habebat
1868 3422 2066 3477 ibidem

483 3523 704 3580 propter
731 3511 876 3565 illam
901 3513 1348 3581 tranquillitatem
1369 3512 1870 3583 perturbationibus
1887 3511 2066 3568 omni-

482 3602 582 3654 bus
617 3617 863 3662 vacuam.
892 3619 996 3672 qua
1038 3613 1166 3659 tunc
1195 3607 1460 3676 gaudebat
1485 3617 1540 3662 et
1567 3606 1866 3662 fruebatur.

554 3690 611 3754 Si
643 3682 770 3748 vefo
801 3694 990 3749 dicant
1019 3697 1238 3766 quidam
1267 3713 1280 3751 :
1309 3697 1366 3754 Si
1391 3698 1654 3754 sensilem
1677 3698 1858 3753 cibum
1893 3695 1949 3750 in
1973 3711 2068 3768 pa-

537 3916 669 3986 .l8.t)
697 3917 823 3988 ipse
849 3916 1068 3988 quidem
1100 3931 1208 3971 non
1243 3917 1583 3987 dubitaquin
1605 3918 1768 3972 verba
1800 3917 1935 3981 haec,
1965 3919 2064 3972 Διὰ

489 3987 740 4058 narratu,
767 3987 965 4058 λέγων,
999 3987 1109 4058 τῶν
1136 3989 1452 4056 κτισμάτων
1482 3989 1568 4039 ἐπ’
1596 3989 1694 4058 ἐμὲ
1717 3989 1808 4042 τὸν
1835 3992 2064 4058 ποιητὴν

486 4057 909 4126 ἀναΰιϐάσθητι,
948 4058 1039 4110 καὶ
1063 4057 1158 4110 ἕνα
1183 4059 1395 4127 καρπὸν
1428 4058 1491 4109 ὲκ
1523 4057 1740 4109 πάντων
1768 4057 2062 4124 καρπώσαι

485 4127 586 4192 ἐμὲ
618 4127 716 4196 τὴν
751 4127 920 4188 ὅντως
968 4127 1132 4196 ζωὴν,
1172 4127 1463 4181 habuerint
1511 4129 1692 4179 statim
1725 4141 1969 4196 connexa
2009 4137 2062 4181 et

485 4195 842 4266 insequentia
863 4195 976 4260 illa,
1016 4195 1194 4249 πάντα
1221 4213 1303 4249 σοι
1333 4195 1770 4266 καρποφορεῖτοί
1793 4211 1962 4264 usque
1990 4199 2056 4250 ail

487 4266 771 4319 σύστασιν.
803 4264 933 4318 Nam
969 4278 1092 4333 apte
1125 4264 1554 4335 coniunguntur.
1590 4264 1846 4334 Separata
1875 4277 2055 4318 autent

485 4335 791 4388 orationem
829 4335 1206 4396 confundunt,
1248 4337 1588 4404 aliorumque
1613 4336 1924 4404 uerborum
1977 4335 2057 4387 in—

489 4409 752 4472 terpositu
803 4407 1031 4459 miscere
1079 4405 1266 4458 omnia
1311 4403 1814 4472 deprehenduntur.
1866 4403 2054 4472 igitur,

487 4475 591 4527 nisi
628 4474 833 4528 librarii
865 4475 1071 4528 incuria
1104 4473 1541 4538 intercessisset,
1586 4473 1872 4542 legendum
1903 4475 2054 4527 vide-

487 4543 644 4596 batur
667 4561 680 4596 :
708 4543 808 4597 Per
831 4559 1007 4598 omnes
1029 4551 1324 4607 creaturas,
1347 4522 1541 4607 dicens:
1574 4522 1742 4594 adome
1771 4552 2058 4596 creatorem
2095 4522 2137 4574 θ

487 4616 728 4678 ascende,
756 4623 802 4666 et
841 4630 1004 4666 unum
1033 4629 1096 4666 ea:
1123 4613 1357 4665 omnibus
1403 4615 1632 4682 fructum
1679 4629 1806 4680 cape
1835 4627 1936 4675 me,
1965 4615 2056 4681 qui

487 4698 602 4734 uere
630 4699 745 4735 sum
778 4685 904 4737 rita.
937 4683 1129 4736 Omnia
1157 4682 1250 4732 tibi
1295 4683 1460 4734 vitam
1492 4682 1828 4750 ['ructiﬁcent,
1868 4691 1915 4734 et
1957 4685 2057 4734 ntei

488 4754 870 4821 participatum
893 4799 895 4801 .
911 4754 995 4821 [ac
1026 4751 1254 4818 propriae
1281 4753 1594 4804 substantia:
1614 4752 2054 4804 constitutionem.

489 4819 598 4874 Nos
625 4832 806 4876 autem
840 4825 890 4874 in
912 4819 1176 4874 contextu
1199 4821 1358 4873 verba
1387 4821 1476 4873 illa
1499 4821 1570 4874 ita
1592 4822 1821 4886 disiecta
1851 4821 2056 4888 disjun-

490 4900 686 4958 cuique
740 4891 1085 4959 reliquimus.
1136 4904 1205 4942 ne
1256 4889 1522 4958 prituittvi
1573 4889 1902 4960 exentplaris
1953 4905 2055 4944 ius.

489 4960 780 5026 quidquam
812 4960 1242 5014 itnmutaremus.

566 5028 676 5097 (85)
711 5029 1065 5096 Augustinus,
1097 5030 1189 5083 lib.
1211 5043 1300 5082 stu
1336 5028 1408 5081 De
1435 5029 1644 5082 civitate
1667 5028 1780 5093 Dei,
1804 5043 1924 5097 cap.
1952 5029 2012 5082 2|
2043 5047 2055 5082 :

490 5099 747 5151 Nonnulli
774 5109 939 5151 totum
982 5099 1130 5152 illum
1164 5101 1471 5166 paradisum
1511 5099 1596 5151 ubi
1637 5100 1796 5166 primi
1826 5100 2056 5160 homines

491 5183 732 5235 parentes
771 5171 972 5238 generis
1017 5171 1232 5222 humani
1279 5180 1476 5221 sancta’
1515 5168 1805 5236 Scriptura:
1845 5171 2060 5221 veritate

493 5240 655 5306 fuisse
679 5247 992 5304 narrantur,
1021 5241 1087 5292 ad
1112 5239 1461 5307 intelligibilta
1483 5239 2059 5307 relerunt,arboresquc

493 5309 615 5362 illas
653 5321 699 5364 et
753 5311 895 5378 ligna
949 5311 1220 5380 fructifera
1265 5312 1327 5380 in
1370 5310 1583 5360 virtutes
1635 5309 1755 5380 rita;
1792 5323 2059 5380 moresque

493 5376 814 5443 conrermnt,
860 5376 1116 5449 tanquam
1155 5377 1381 5430 uisibilia
1415 5391 1470 5449 et
1498 5377 1795 5444 corporalia
1828 5376 1919 5428 illa
1957 5394 2058 5429 non

494 5455 714 5515 iuerint,
742 5451 831 5504 sed
869 5447 1272 5518 intelligibilium
1302 5447 1765 5518 sigrtiﬁcandornm
1809 5463 1972 5499 causa
2001 5464 2058 5499 eo

497 5524 646 5571 modo
677 5526 818 5574 dicta
856 5520 932 5573 vel
955 5528 1152 5582 scripta
1189 5518 1314 5570 sint.
1341 5518 1503 5586 Quasi
1536 5528 1809 5586 propterea
1842 5533 1942 5568 non
1970 5533 2061 5584 po-

857 5591 1139 5659 paraaisus
1182 5585 1490 5659 corporalis,
1533 5585 1654 5659 quia
1695 5600 1860 5654 potest
1899 5593 2058 5659 etiam

496 5659 790 5720 spiritualis
849 5653 1096 5730 intelligi,
1146 5667 1252 5712 etc.
1309 5656 1408 5710 Adi
1448 5653 1622 5710 Natal.
1688 5653 2056 5710 Alexandrum

2173 3349 2534 3419 ὲμῳορείσθαι
2563 3349 2752 3420 νόμιζε
2779 3348 3056 3419 βρώσεως,
3075 3348 3160 3402 ὅτι
3201 3349 3368 3418 μηδὲν
3399 3347 3590 3416 χρείαν
3620 3340 3736 3415 εἷχε

2167 3435 2376 3504 ταύτης
2411 3436 2613 3500 ἐκεῖσε,
2642 3437 2731 3490 διά
2754 3452 2819 3504 τε
2851 3437 2950 3506 τὴν
2986 3435 3136 3506 αὐτῷ
3163 3434 3470 3506 τηνικαῦτα
3502 3433 3738 3502 προσοῦ-

2167 3545 2269 3582 σαν
2295 3529 2584 3585 ἀπάθειαν.

2242 3703 2305 3757 El
2333 3702 2388 3756 δὲ
2415 3703 2511 3756 καὶ
2531 3702 2750 3769 λέγουσι
2772 3719 2916 3766 τινες
2949 3703 3046 3770 ὡς,
3080 3703 3207 3770 Εἴγε
3231 3702 3435 3774 βρῶσιν
3467 3700 3736 3793 αἰσθητὴν

2168 3917 2345 3990 ῑοηινῐ
2374 3917 2512 3972 Hist.
2542 3918 2760 3983 Eccles.,
2795 3921 2954 3990 prim.
2976 3929 3144 3984 aetat.,
3174 3919 3385 3974 dissert.
3414 3937 3471 3980 ιι.
3502 3921 3660 3976 artic.
3681 3923 3737 3977 1.

2241 3989 2350 4056 (86)
2375 3990 2544 4044 Secus
2569 4003 2622 4045 et
2651 3989 2817 4053 recte,
2847 4005 2964 4045 mea
2986 3993 3274 4049 sent-entia.
3303 3991 3600 4044 arbitratur
3621 4007 3739 4044 ma-

2167 4075 2304 4130 gnus
2330 4060 2666 4127 Augustinus
2697 4061 2788 4114 lib.
2821 4075 2917 4114 χιιι
2956 4061 3028 4114 De
3061 4061 3157 4130 cio.
3208 4060 3337 4120 Dei,
3368 4074 3493 4127 cap.
3533 4061 3624 4114 20.
3665 4061 3742 4114 De

2163 4129 2394 4198 corpore
2443 4131 2587 4182 enim
2643 4139 2765 4198 post
2821 4129 3270 4184 resurrectionem
3322 4130 3573 4198 loquens,
3611 4133 3737 4182 ait:

2165 4199 2285 4252 Non
2315 4198 2483 4250 solum
2507 4199 2643 4251 enim
2679 4216 2777 4251 non
2809 4200 2908 4251 erit
2940 4199 3045 4252 tale
3074 4200 3226 4268 quale
3254 4213 3389 4250 nunc
3419 4210 3494 4251 est
3521 4200 3575 4250 in
3602 4216 3742 4268 qna-

2165 4270 2237 4320 ris
2258 4268 2454 4332 optima
2490 4270 2808 4331 valetudine,
2841 4271 2930 4320 sed
2963 4285 3054 4320 nec
3085 4269 3192 4320 tale
3215 4268 3419 4336 quidem
3449 4269 3605 4336 quale
3635 4270 3742 4336 [uit

2166 4339 2217 4390 in
2260 4339 2444 4405 primis
2475 4337 2768 4391 hominibus
2802 4348 2925 4391 ante
2967 4334 3258 4405 peccatum.
3287 4334 3388 4399 Qui
3421 4334 3540 4390 licet
3573 4334 3743 4390 mori-

2165 4410 2270 4460 tnri
2302 4421 2403 4458 non
2434 4415 2620 4466 essent,
2663 4409 2762 4460 nisi
2801 4422 3123 4474 peccassem,
3165 4407 3428 4458 alimentis
3470 4418 3648 4460 tamen
3685 4416 3742 4459 ut

2165 4476 2396 4529 homines
2428 4481 2728 4538 utebantur,
2773 4482 3002 4530 nondum
3047 4476 3370 4544 spiritualia,
3415 4480 3504 4529 sed
3566 4477 3739 4530 adhuc

2167 4547 2422 4598 animalia
2455 4563 2673 4610 corpora
2710 4559 2916 4598 terrena
2945 4557 3223 4616 gestantes.
3269 4545 3400 4608 Quae
3445 4546 3563 4598 licet
3593 4547 3738 4597 senio

2165 4633 2269 4667 non
2312 4625 2708 4680 veterascerent,
2751 4626 2808 4667 ut
2853 4617 3159 4669 necessitate
3208 4618 3622 4680 pct'dncerentur
3669 4616 3743 4667 ad

2163 4688 2520 4753 ntortem,,qui
2546 4695 2717 4736 status
2762 4688 2834 4738 eis
2865 4687 2927 4738 tle
2971 4685 3111 4754 ligno
3145 4686 3285 4747 ritte,
3318 4687 3455 4753 quod
3479 4687 3534 4736 in
3566 4687 3740 4754 medio

2161 4755 2397 4822 paradisi
2434 4770 2551 4806 cum
2581 4755 2770 4808 arbore
2812 4757 2965 4808 uetita
2994 4753 3151 4808 simul
3184 4764 3320 4817 erat,
3364 4755 3596 4806 mirabili
3642 4753 3740 4806 Dei

2159 4825 2334 4892 gratia
2382 4828 2736 4892 prwstabalur
2763 4839 2781 4876 :
2815 4834 2988 4877 tamen
3025 4834 3071 4876 et
3117 4825 3252 4876 alios
3297 4826 3568 4876 sumebant
3598 4824 3739 4875 cibos

2161 4902 2352 4960 praeter
2386 4909 2545 4946 unam
2579 4893 2837 4959 arborem,
2867 4909 2983 4961 qua!
3006 4895 3179 4963 fuerat
3209 4894 3585 4963 interdicta....
3614 4893 3742 4944 Ale-

2162 4966 2353 5014 bantur
2382 4979 2503 5032 ergo
2527 4964 2647 5016 aliis
2674 4980 2788 5031 qua:
2812 4961 3102 5020 sumebant,
3135 4980 3198 5016 ne
3223 4961 3477 5015 animalia
3516 4979 3739 5029 corpora

2163 5033 2415 5085 molestia:
2444 5033 2645 5101 aliquid
2677 5033 2953 5084 esuriendo
2994 5042 3041 5084 et
3088 5034 3312 5085 sitiendo
3341 5035 3616 5085 sentirent.
3665 5033 3741 5084 De

2159 5103 2299 5167 ligno
2341 5111 2519 5154 autem
2551 5103 2668 5154 vita:
2705 5113 2978 5168 propterea
3013 5105 3326 5170 gustabatur
3367 5119 3430 5154 ne
3480 5118 3620 5153 mars
3661 5104 3739 5153 eis

2161 5174 2498 5240 undecunque
2519 5179 2834 5238 subreperet,
2862 5171 2936 5224 vel
2959 5181 3218 5224 senectute
3247 5173 3480 5240 confecta
3505 5172 3738 5223 decursis

2161 5251 2450 5308 temporum
2485 5243 2671 5308 spatiis
2701 5244 3015 5305 interirent;
3056 5253 3311 5310 tanquam
3344 5251 3532 5294 cratera
3567 5252 3739 5293 essent

2161 5310 2432 5372 alimento,
2469 5313 2599 5362 illud
2628 5321 2980 5363 sacramento.
3019 5312 3258 5364 Consule
3290 5315 3450 5363 etiam
3480 5322 3646 5379 caput
3669 5312 3740 5362 25

2160 5381 2402 5451 qusdeui
2435 5381 2580 5433 libri.
2616 5383 2720 5434 Sed
2747 5397 3058 5449 quanquam
3104 5384 3217 5448 ipse
3243 5381 3440 5451 GLycas
3477 5382 3738 5448 superius

2161 5450 2427 5502 Atamum
2475 5465 2582 5502 non
2614 5460 2775 5517 negat
2803 5467 2868 5504 ex
2902 5451 3116 5503 arboris
3145 5452 3270 5504 vitae
3297 5450 3395 5504 esu
3435 5451 3604 5504 fuisse
3633 5453 3740 5502 itu-

2163 5520 2464 5589 mortalem,
2501 5530 2555 5573 et
2586 5522 2818 5574 ial'erius
2847 5520 3006 5572 etiam
3041 5522 3296 5574 concedit
3340 5536 3406 5575 ex
3436 5521 3554 5574 aliis
3580 5535 3742 5589 para-

2161 5589 2260 5641 disi
2295 5587 2494 5656 plantis
2530 5603 2896 5644 comestnrutn
2929 5594 3118 5654 tuisse,
3152 5602 3332 5644 tamen
3379 5591 3432 5645 id
3464 5587 3738 5644 vult'eum

2163 5659 2322 5712 modo
2354 5660 2584 5727 quodam
2629 5659 2853 5727 Spiritali
2886 5660 3156 5714 iacturum
3185 5660 3377 5714 iussse.

4047 2847 4049 2916 λ
