4088 6186
339 245 446 313 ’109

1704 242 2076 308 EPISTOLA
2114 242 2197 305 Ιῐ.

3462 239 3573 304 710

336 373 397 422 εν
432 363 746 437 παραδείσῳ
798 362 1001 418 ἐσθίειν
1047 364 1076 419 6
1117 364 1293 438 ’Δδὰμ
1340 364 1440 422 οὐκ
1472 363 1719 437 ἔμελλεν,
1757 366 1937 430 τίνος⁴

2036 362 2191 418 adiso
2233 358 2476 418 Adamus
2516 362 2946 418 manducaturus
2986 374 3096 416 non
3145 368 3266 415 erat
3292 398 3306 424 ,
3347 373 3453 428 qua
3505 364 3574 417 de

335 462 524 514 ἕνεκεν
553 458 858 528 ἐπέτρεπεν
890 458 1041 529 αὐτῷ
1070 460 1098 512 6
1136 458 1271 522 Θεὸς
1306 460 1418 513 άπὸ
1446 459 1669 514 πάντων
1702 458 1905 511 ισθίειν

335 553 444 606 τῶν
484 553 545 604 ὲν
571 551 652 620 τῷ
696 552 1012 623 παραδείσῳ
1041 552 1265 621 φυτῶν;
1333 552 1732 624 ἀνθυποφέρειν
1762 551 1906 622 ἔχεις

341 645 434 699 καὶ
485 644 549 697 σὺ
589 642 725 713 πρὸς
771 643 987 709 αὐτοὺς,
1029 643 1204 715 Είπερ
1240 644 1339 697 ούκ
1373 644 1604 715 ἔμελλον
1637 645 1697 697 ὲν
1725 659 1905 712 παρα-

338 736 501 804 δείσῳ
551 733 964 803 συμπλέκεσθαι
1020 734 1304 805 σαρκικῶς
1356 736 1407 788 oi
1463 734 1907 806 πρωτόπλαστοι,

338 830 481 890 τίνος
515 828 706 881 ἕνεκεν
727 827 885 894 ἔλεγε
910 828 1048 898 πρὸς
1080 828 1283 892 αὐτοὺς
1317 829 1345 881 6
1373 827 1529 894 Θεὸς,
1561 828 1911 894 Αὺεάνεσθε

342 920 440 972 καὶ
478 920 884 986 πληθύνεσθε,
917 918 1013 971 καί
1045 918 1404 987 πληρώσατε
1433 919 1549 987 τὴν
1590 917 1740 988 γῆν;
1789 919 1911 971 ἐπί-

350 1012 519 1079 γνωθι
551 1007 669 1065 οὖν.
700 1011 905 1079 Είγὰρ
934 1010 1124 1081 ἢσθιον
1155 1012 1213 1063 iv
1263 1012 1583 1082 παραδείσῳ
1631 1011 1772 1065 κατὰ
1811 1010 1914 1081 τὴν

344 1095 436 1148 τοῦ
472 1096 678 1166 Κυρίου
711 1099 918 1165 φωνὴν,
948 1096 1022 1159 ώς
1055 1097 1256 1150 ἐκεῖνοί
1306 1114 1465 1166 φασι,
1497 1100 1593 1151 καὶ
1632 1098 1915 1167 σαρκικῶς

345 1186 613 1255 ἀλλήλους
662 1185 1058 1241 συνεπλέκοντο
1109 1188 1200 1243 ἄν.
1256 1189 1469 1242 Οὐκοῦν
1502 1188 1640 1258 ἄφες
1692 1188 1912 1251 αὐτούς.

347 1277 461 1331 οὐκ
494 1273 561 1348 ἦν
591 1277 646 1330 ὲν
675 1278 995 1348 παραδείσῳ
1039 1277 1245 1348 βρῶσις
1278 1280 1514 1350 αίσθητῆ
1557 1280 1653 1334 καὶ
1689 1280 1910 1350 ῥευστήο

350 1371 444 1422 καί
480 1369 555 1439 μὴ
585 1368 830 1438 θαύμαζε
857 1369 948 1422 διὰ
999 1370 1177 1423 τοῦτο.
1215 1370 1490 1442 Καθάπερ
1529 1371 1640 1441 γὰρ
1686 1371 1770 1435 τὸ,
1804 1371 1917 1426 Αὑ-

2007 468 2169 509 causa
2209 455 2460 526 permisit
2491 453 2541 510 ei
2578 454 2721 510 Deus
2749 468 2816 509 ex
2856 453 3113 509 omnibus
3145 452 3381 522 paradisi
3419 452 3575 522 plan-

2008 545 2080 601 tis
2123 544 2409 601 comedere
2436 544 2463 599 ἲ
2483 558 2517 599 e
2543 545 2761 616 regione
2787 554 2844 600 et
2896 552 2950 599 tu
2979 545 3100 599 illos
3129 544 3463 614 interrogare
3487 557 3583 612 po-

2010 647 2127 690 tes:
2157 634 2213 690 Si
2251 634 2575 705 protoplasti
2611 637 2666 690 in
2717 636 2968 705 paradiso
3008 636 3302 690 carnaliter
3344 637 3580 689 commi-

2010 726 2150 781 sceri
2189 742 2294 781 non
2331 726 2656 794 debuerant,
2685 743 2791 796 qua
2818 727 2887 783 de
2916 741 3079 784 causa
3102 727 3235 782 dixit
3265 727 3371 781 illis
3396 727 3577 782 Deus:

2011 815 2241 871 Crescite
2264 828 2312 871 et
2335 818 2761 886 multiplicamini
2785 825 2835 871 et
2861 818 3070 886 implete
3096 818 3582 888 terramﬂntellige

2012 908 2199 976 igitur.
2237 906 2293 960 Si
2325 908 2474 963 enim
2505 908 2868 962 comedebant
2902 908 2955 962 in
2985 910 3240 977 paradiso
3281 910 3434 979 juxta
3475 912 3585 966 Do-

2012 999 2150 1054 mini
2189 999 2417 1062 dictum,
2453 1006 2513 1053 ut
2542 999 2621 1054 illi
2651 1000 2841 1065 aiunt,
2874 1001 3166 1055 carnaliter
3192 1016 3408 1071 quoque
3440 1003 3586 1058 invi-

2014 1105 2134 1145 cem
2183 1090 2657 1160 coniungebantur
2709 1089 2953 1159 profecto
3011 1090 3145 1161 (87).
3194 1092 3387 1146 Missos
3423 1093 3587 1162 igitur

2016 1182 2138 1237 illos
2180 1180 2369 1235 facito.
2415 1181 2536 1236 Non
2577 1190 2696 1236 erat
2727 1182 2782 1236 in
2812 1181 3067 1251 paradiso
3098 1182 3255 1236 cibus
3281 1184 3501 1239 Sensilis
3532 1195 3589 1239 et

2017 1273 2235 1341 ﬂuxus;
2274 1288 2453 1344 neque
2484 1273 2688 1329 mirare
2720 1282 3032 1345 propterea.
3067 1272 3223 1329 Sicut
3257 1275 3424 1340 enim,
3461 1274 3590 1330 Cre-

1972 1382 1985 1393 '
2019 1368 2146 1423 scite
2171 1377 2222 1424 et
2252 1365 2709 1436 multiplicamini,
2744 1367 2908 1422 etiam
2937 1367 3069 1421 illud
3104 1383 3118 1419 :
3152 1365 3286 1421 Ecce
3322 1368 3441 1421 dedi
3483 1369 3591 1423 hare

354 1460 631 1525 ξὰνεσθε,
663 1461 759 1514 καὶ
782 1461 862 1525 τὸ,
893 1460 1052 1516 Ἰδοὺ
1077 1462 1306 1516 δέδωκα
1332 1462 1521 1517 ταῦτα
1551 1463 1750 1517 πάντα
1776 1463 1920 1533 ὑμῖν

2036 1459 2197 1512 mnia
2225 1457 2365 1511 vobis
2392 1458 2448 1510 in
2468 1457 2661 1521 cibum,
2690 1456 2739 1510 et
2760 1458 2957 1512 cunctis
2982 1458 3157 1512 bestiis
3180 1466 3358 1524 terra,
3382 1459 3590 1515 dictum

350 1553 439 1615 εις
460 1550 696 1617 ,ϐρῶσιν
715 1549 814 1603 καί
845 1549 997 1605 πᾶσι
1033 1550 1158 1616 τοῖς
1190 1551 1419 1619 θηρίοις
1455 1550 1565 1618 τῆς
1598 1550 1734 1620 τῆς,
1764 1550 1920 1617 ἔλεγε

2036 1557 2108 1604 3st
2132 1548 2350 1618 quidem
2374 1548 2429 1603 in
2460 1549 2736 1619 paradiso,
2767 1558 2960 1618 postea
2977 1564 3107 1604 vero
3137 1550 3282 1604 actio
3315 1553 3429 1620 ipsa
3461 1565 3594 1606 con—

354 1644 415 1695 τὸ
452 1642 553 1709 μὲν
579 1642 640 1693 ὲν
669 1640 1011 1712 παραδείσῳ,
1052 1642 1194 1710 μετὰ
1219 1642 1396 1696 ταῦτα
1426 1642 1483 1696 δι
1515 1643 1666 1714 ὁμῶς
1693 1642 1820 1713 ἔσχε
1858 1642 1921 1696 τὸ

2036 1650 2211 1696 secuta
2243 1649 2328 1697 est
2350 1681 2366 1706 ,
2397 1646 2687 1711 postquam
2735 1641 2945 1696 scilicet
2990 1656 3022 1696 e
3050 1642 3303 1711 paradiso
3337 1644 3594 1713 expulsus

350 1735 533 1805 ἔργον,
575 1733 713 1803 μετὰ
746 1733 809 1784 τὸ
836 1731 1174 1801 ἐκϐληθῆναι
1202 1732 1407 1804 δηλαδὴ
1444 1733 1541 1787 τοῦ
1580 1735 1916 1805 παραδείσου

2036 1731 2240 1788 luisset.
2270 1732 2582 1787 Secundum
2623 1732 2784 1802 igitur
2831 1731 3073 1787 divinum
3124 1730 3382 1788 Acacium
3416 1735 3595 1789 Caesa-

351 1826 493 1880 κατὰ
522 1824 615 1877 τὸν
644 1824 980 1891 Καισαρείας
1013 1823 1158 1877 θεῖον
1187 1824 1496 1879 Ἀκάκειονο
1530 1825 1677 1880 οὕτω
1709 1828 1804 1880 καὶ
1827 1828 1920 1881 ἐπὶ

2036 1822 2262 1878 riensem
2290 1822 2432 1893 (88),
2455 1822 2527 1876 ita
2559 1822 2626 1878 de
2655 1823 2760 1877 boc
2788 1822 2910 1877 cibo
2930 1822 3135 1877 sentire
3167 1832 3218 1876 te
3249 1822 3469 1892 dignum
3487 1833 3592 1879 est.

352 1918 452 1987 τῆς
493 1916 745 1988 βρώσεως
779 1916 991 1985 ταύτης
1022 1916 1323 1971 ἐννοεῖσθαι
1363 1933 1424 1970 σε
1469 1916 1641 1984 ἄξιον.
1689 1917 1764 1971 υύ
1811 1919 1920 1990 γὰρ

2036 1913 2142 1969 Non
2175 1914 2321 1969 enim
2360 1914 2590 1978 Adamo,
2624 1923 2880 1984 tanquam
2912 1929 2977 1968 ex
3000 1915 3257 1968 omnibus
3288 1917 3431 1970 vesci
3464 1927 3596 1972 tunc

353 2006 430 2070 ὡς
476 2007 648 2060 ἐνδεεῖ
689 2005 994 2079 τηνιιφῦτα
1029 2006 1146 2061 θντι
1201 2006 1281 2076 τῷ
1331 2006 1507 2077 ’Δδάμ
1542 2008 1649 2062 ἀπὸ
1704 2008 1924 2062 πάντων

2036 2020 2160 2075 ›ριιε
2190 2004 2437 2070 haberet,
2469 2005 2538 2060 de
2586 2005 2776 2060 sensili
2822 2004 3087 2059 alimento
3127 2005 3330 2077 aliquid
3387 2007 3597 2063 interea

354 2098 580 2163 ἐσθίειν,
610 2098 725 2165 εῐγε
778 2098 875 2152 καὶ
919 2097 1052 2167 περὶ
1109 2098 1377 2170 αἰσθητῆς
1424 2100 1563 2162 τέως
1610 2099 1923 2169 ἐνομοθέτει

2036 2096 2398 2166 praescriptum
2416 2095 2522 2150 fuit
2549 2112 2565 2161 ;
2589 2095 2706 2158 sed,
2722 2104 2784 2149 ut
2804 2094 3104 2166 intelligere
3119 2105 3294 2166 potes,
3309 2108 3595 2166 postquam

356 2189 636 2261 βρώσεως,
667 2188 785 2242 ἀλλ’
813 2184 965 2253 ὅπως
1014 2189 1215 2244 ειδέναι
1263 2190 1427 2261 ἔχῃς,
1464 2191 1689 2245 ἐπειδὰν
1735 2190 1923 2261 ἐνδεὴς

2036 2189 2142 2258 ejus
2171 2188 2393 2260 indigus
2425 2188 2712 2251 evasisset,
2740 2202 2971 2257 quaeque
3004 2190 3272 2260 attingere
3297 2198 3595 2258 oporteret,

355 2283 605 2350 γένηται,
634 2280 793 2335 τίνων
822 2298 883 2335 τε
906 2281 1014 2353 χρὴ
1040 2282 1333 2347 ἅπτεσθαι,
1377 2283 1473 2337 καὶ
1499 2270 1663 2337 τίνων
1688 2284 1750 2338 ού
1791 2286 1923 2355 χρή.

2036 2290 2081 2334 3t
2117 2296 2237 2349 quae
2280 2294 2416 2333 non.
2464 2277 2576 2333 Nisi
2612 2279 2757 2332 enim
2793 2278 2978 2333 divina
3017 2280 3268 2346 quaedam
3310 2282 3601 2349 permissio

358 2375 468 2426 Καὶ
490 2374 598 2442 γὰρ
626 2373 777 2442 εἰμὴ
811 2372 935 2427 θεία
984 2389 1071 2434 τις
1116 2373 1320 2427 ἐδίδοτο
1360 2373 1713 2445 συγχώρησις
1740 2376 1836 2429 ἐπί
1865 2392 1926 2430 τε

2036 2388 2192 2443 super
2216 2370 2491 2442 coniugali
2525 2370 2674 2426 coitu
2713 2380 2770 2426 et
2816 2386 3001 2426 rerum
3044 2373 3453 2428 esculenta-um
3496 2390 3599 2430 usu

358 2467 571 2534 γαμικῇ
595 2463 865 2533 συναφείᾳ
888 2466 981 2516 καὶ
1007 2466 1074 2533 τῇ
1101 2464 1402 2518 ἀπολαύσει
1430 2466 1540 2518 τῶν
1564 2465 1931 2537 ιδηδομένων,

2036 2478 2291 2520 concessa
2341 2461 2554 2527 fuisset,
2604 2462 2750 2516 baud
2800 2463 3045 2531 profecto
3075 2464 3272 2519 deinde
3302 2465 3603 2522 humanum

356 2558 460 2609 οὐκ
494 2556 559 2610 ἂν
597 2556 677 2618 είς
702 2543 921 2625 πλῆθος’
938 2555 1081 2625 μετὰ
1114 2556 1289 2610 ταῦτα
1324 2556 1386 2609 τὸ
1422 2559 1578 2625 γένος
1612 2558 1842 2629 ἐλήλυθε
1870 2558 1932 2612 τὸ

2041 2570 2216 2626 genus
2242 2553 2594 2623 multiplicari
2640 2553 2930 2622 potuisset.
2967 2553 3072 2609 Sed
3102 2564 3160 2610 et
3189 2556 3281 2610 hic.
3316 2560 3605 2613 advertere

366 2647 732 2717 ἀνθρώπινον.
788 2645 952 2699 Ἀλλὰ
983 2645 1265 2700 κάνταῦθα
1309 2647 1598 2717 προσέχειν
1633 2648 1804 2714 ἄξιον.
1874 2651 1935 2704 Ei

2036 2660 2132 2716 par
2169 2653 2274 2701 est.
2311 2644 2369 2700 Si
2410 2644 2559 2700 enim
2608 2645 2772 2699 etiam
2822 2645 3128 2703 comedisse
3173 2647 3240 2704 de
3287 2650 3454 2706 vetita
3514 2651 3605 2706 illa

362 2739 472 2809 γὰρ
504 2740 601 2793 καὶ
638 2741 835 2807 φαγεῖν
860 2737 968 2792 ἀπό
1009 2753 1074 2805 γε
1099 2736 1194 2792 τοῦ
1232 2738 1687 2808 ἀπηγορευμένου
1721 2738 1933 2793 εκείνου

2036 2737 2225 2807 planta
2250 2736 2624 2806 protoplastos
2651 2746 2837 2791 sancta
2866 2736 3147 2808 Scriptura
3179 2741 3279 2806 ait,
3310 2754 3379 2795 ne
3405 2744 3604 2797 mirare

361 2832 532 2902 φυτοῦ
555 2832 682 2895 τοὺς
713 2830 1179 2901 πρωτοπλάστους
1207 2831 1240 2901 ἠ
1275 2830 1412 2899 ἁγία
1442 2831 1581 2899 φησι
1607 2830 1824 2901 Γραφὴ,
1858 2833 1935 2901 μὴ

2036 2837 2349 2897 propterea.
2391 2826 2671 2897 Siquidem
2707 2830 3021 2897 praecedens
3052 2846 3235 2888 sermo
3270 2832 3607 2890 manifestis-

365 2923 617 2992 θαύμαζε
654 2922 847 2975 τούτου
881 2922 1074 2974 ἕνεκεν
1098 2938 1113 2954 ο
1164 2922 1281 2989 είγε
1333 2922 1427 2974 καὶ
1471 2921 1690 2991 φθάσας
1722 2922 1750 2975 6
1776 2920 1936 2990 λόγος

2036 2919 2174 2975 sime
2218 2919 2461 2975 ostendit
2505 2920 2681 2988 qualis
2721 2928 2915 2974 natura
2961 2919 3203 2976 Adamus
3236 2938 3273 2977 a
3331 2925 3606 2995 principio

366 3010 756 3082 ἀριδηλότερον
789 3009 959 3074 ἔδειξε
992 3010 1077 3072 τίς
1119 3027 1179 3063 τε
1220 3010 1365 3064 κατὰ
1402 3010 1569 3079 φύσιν
1610 3014 1638 3064 ὁ
1661 3012 1835 3083 Ἀδὰμ
1864 3008 1933 3083 ἦν

2038 3008 2224 3075 fuerit,
2258 3019 2312 3065 et
2349 3011 2527 3079 qualis
2553 3010 2658 3065 cibi
2704 3021 2833 3065 tunc
2878 3011 3195 3081 indiguerit.
3231 3015 3286 3068 Si
3319 3018 3464 3072 enim
3490 3052 3513 3080 ,η
3544 3029 3605 3073 ιιι

365 3104 461 3157 ἀπ’
494 3103 690 3170 ἀρχῆς,
718 3100 814 3154 καὶ
846 3101 1041 3162 ὁποίας
1085 3101 1263 3154 ἐδέετο
1307 3101 1612 3170 τηνικαῦτα
1647 3102 1930 3172 βρώσεως.

377 3195 440 3246 Εί
474 3194 602 3261 γὰρ,
633 3192 708 3253 ώς
753 3192 801 3244 oi
846 3190 1066 3253 πλείους
1110 3191 1391 3261 ᾠήθησαν,
1444 3192 1711 3263 αἰσθητῆς
1758 3195 1936 3265 ἥψατο

371 3286 646 3355 βρώσεως,
687 3283 784 3334 καὶ
834 3282 1037 3335 πεινῶν
1070 3282 1128 3348 ἐξ
1162 3284 1410 3352 ἀνάγκης
1452 3280 1541 3355 ἦν·
1576 3285 1623 3337 εί
1665 3285 1723 3339 δὲ
1754 3286 1933 3347 τοῦτο.

369 3372 466 3423 καὶ
493 3370 722 3439 ῥευστῆς
745 3366 1201 3437 ὁμολογουμένως
1235 3368 1451 3436 φύσεως
1476 3367 1544 3442 ἦν
1572 3374 1781 3436 ἐκεῖνος
1823 3373 1937 3427 λοι-

369 3459 492 3512 st6v.
534 3460 676 3511 Ἀλλ’
717 3458 844 3512 οὔτε
896 3458 1057 3512 τοῦτο
1101 3454 1191 3528 ἦν,
1228 3459 1352 3511 οὔτε
1394 3461 1593 3515 ἐκεῖνο.
1629 3464 1793 3518 Πείνα
1830 3466 1936 3535 γὰρ

372 3550 468 3603 καὶ
520 3550 672 3618 δίψα,
720 3551 912 3613 κόπος,
965 3549 1153 3615 ὕπνος,
1188 3552 1280 3603 καὶ
1315 3550 1497 3620 ἱδρὼς,
1525 3555 1670 3607 καθὰ
1723 3557 1789 3625 δὴ
1840 3559 1938 3611 καὶ

374 3644 723 3712 προείρηται,
758 3642 900 3711 μετὰ
950 3640 1053 3710 τὴν
1103 3640 1419 3710 παράϐασιν
1468 3643 1548 3705 είς
1600 3644 1941 3715 ἀνθρώπινον

371 3734 491 3804 βίον
550 3732 898 3804 εἰσήλθοσαν.
954 3731 1127 3801 Εῐπερ
1178 3726 1272 3785 οὖν
1301 3734 1362 3786 ἐν
1402 3735 1720 3807 παραδείσῳ
1780 3740 1941 3792 πεῖνα

370 3827 483 3895 πρὸ
522 3827 621 3896 τῆς
667 3826 948 3895 ἁμαρτίας
998 3825 1100 3877 οὐκ
1135 3818 1226 3895 ἦν,
1269 3825 1351 3878 ὅτι
1388 3827 1525 3896 μηδὲ
1575 3827 1739 3897 σῶμα
1787 3846 1941 3899 τηνι-

371 3908 550 3972 καῦτα
572 3917 649 3986 τῷ
671 3917 845 3985 Ἀδὰμ
871 3915 1201 3986 κενούμενον
1228 3913 1319 3987 ῆν,
1349 3922 1400 3970 τί
1430 3917 1559 3971 ἄλλο
1578 3919 1763 3973 λοιπὸν
1785 3921 1944 3990 ἐτύγο

374 4025 507 4078 χανε
545 4010 608 4060 τὸ
649 4006 961 4073 ἀναγκάζον
1010 4007 1190 4059 ἐκεῖσε
1220 4009 1311 4059 τὸν
1342 4006 1627 4077 ἄνθρωπον
1673 4009 1943 4080 αἰσθητῆς

376 4100 646 4154 ἅπτεσθαι
682 4099 977 4168 βρώσεωςς
1008 4098 1205 4162 Καλῶς
1238 4098 1329 4152 οὖν
1364 4101 1392 4153 6
1429 4100 1584 4168 λόγος
1615 4102 1767 4169 ἔλεγε
1808 4120 1945 4172 προ-

374 4192 558 4243 λαὸὼν
590 4193 669 4243 ὅτι
697 4191 857 4259 ἕτερα
886 4190 954 4241 δι’
997 4191 1198 4259 ἑτέρων
1230 4192 1263 4260 ἡ
1298 4190 1433 4257 ἁγία.
1462 4190 1702 4248 διδάσκει
1730 4192 1944 4265 Γραφὴ,

376 4283 525 4333 κοιοα
572 4283 636 4351 δὴ
693 4282 784 4335 καὶ
830 4281 1137 4349 φθάσαντες
1187 4281 1438 4350 εἴπομεν.
1470 4284 1634 4336 Ὅθεν
1666 4286 1714 4337 οἱ
1745 4284 1945 4338 πάθεσι

378 4340 636 4435 φυσικοῖς
651 4340 981 4422 ῦποκεέσΟαι
1004 4370 1095 4421 τὸν
1117 4340 1433 4439 ⁷Ἀδὰμ.’⁴ιτρέ>
1453 4368 1552 4439 τῆς
1581 4371 1947 4441 παράϐασεως
1972 4340 2026 4402 D

376 4468 653 4533 λέγοντες,
686 4462 796 4515 ἀπὸ
832 4462 1053 4516 πάντων
1080 4460 1175 4514 ac:
1204 4461 1270 4531 δὴ
1301 4460 1413 4514 τῶν
1437 4464 1495 4515 ὲν
1521 4461 1599 4531 τῷ
1631 4463 1949 4533 παραδείσῳ

380 4559 567 4629 φυτῶν
598 4557 846 4609 ἐσθίοντα
880 4554 1022 4607 κατὰ
1052 4555 1150 4624 τὴν
1188 4553 1295 4630 τοῦ,
1315 4555 1523 4624 Κυρίου
1558 4555 1761 4626 φωνὴν,
1796 4556 1951 4611 οὐδέν

380 4669 431 4702 τι
475 4646 818 4718 παριστῶσιν
841 4646 1028 4716 ἕτερον
1075 4646 1108 4715 ἢ
1148 4648 1229 4698 ὅτι
1267 4636 1521 4717 ’φθαρτὸς
1552 4643 1618 4717 ῆν
1651 4648 1746 4701 ἀπ’
1774 4648 1950 4717 ἀρχῆς

380 4742 411 4791 6
458 4738 649 4806 Ἀδάμ.
694 4735 759 4789 Εἰ
806 4735 861 4787 δὲ
892 4733 1103 4787 τοιοῦτο
1132 4729 1224 4805 ἦν,
1255 4734 1477 4804 εὔδηλον
1517 4735 1599 4786 ὅτι
1650 4735 1745 4788 καὶ
1790 4736 1953 4803 φύσει

383 4827 575 4895 θνητὸς
606 4821 697 4895 ἦν
745 4826 792 4876 εί
840 4823 895 4876 δὲ
931 4824 1109 4888 τοῦτο,
1144 4824 1198 4875 τί
1230 4823 1337 4893 χρὴ
1391 4824 1486 4875 καὶ
1524 4824 1746 4889 Mrem;
1786 4825 1954 4877 Αὐτοὶ

383 4919 511 4972 καθ’
543 4915 750 4970 ἑαυτῶν
781 4916 1020 4970 ἀκονῶσι
1053 4916 1152 4986 τὴν
1198 4916 1512 4984 μάχαιρανο
1550 4916 1671 4969 οὐδὲ
1706 4916 1816 4987 γὰρ
1858 4920 1956 4985 άγ-

380 5007 570 5059 νοοῦσι
599 5010 758 5059 ὁποῖα
788 5005 859 5058 τὰ
889 5005 1138 5074 ἐπιτίμια
1172 5006 1280 5065 τοῖς
1330 5002 1471 5055 οῦτω
1518 5004 1775 5074 φρονοῦσι
1827 5007 1959 5076 περὶ

381 5101 480 5151 τοῦ
525 5098 697 5167 ’Δδὰμ
724 5099 756 5169 ἠ
792 5099 1267 5166 ἀναγεγραμμένη
1307 5095 1439 5161 ἁγία
1469 5095 1685 5157 σύνοδος
1712 5096 1949 5150 δίδωσιν.

386 5191 600 5242 Ούκοῦν
641 5189 1006 5259 ἀμφιϐάλλειν
1038 5191 1128 5240 ἐπὶ
1158 5188 1320 5239 πλέον
1346 5186 1446 5238 οῦκ
1478 5184 1720 5252 εὔλογον.
1750 5187 1811 5239 Ei
1843 5192 1954 5258 γὰρ

387 5283 658 5353 αίσοητὴν
687 5285 745 5335 ἐν
775 5282 1090 5349 παραδείσῳ
1126 5281 1332 5351 βρῶσιν
1374 5280 1530 5350 ἡσθιε
1574 5281 1670 5332 καὶ
1708 5280 1815 5351 πρὸ
1851 5281 1952 5352 τῆς

461 5493 574 5557 (87)
607 5493 740 5547 Vide
769 5510 887 5563 qure
919 5494 1296 5548 adnotavimus
1339 5494 1566 5549 inferius
1594 5496 1656 5549 ad
1688 5495 1852 5563 epist.
1897 5496 1952 5547 6.

425 5630 436 5641 ⁸
463 5566 575 5641 (liti)
604 5565 829 5641 Aeacius
872 5565 1242 5625 Caesariensis,
1290 5564 1505 5618 Euscin
1542 5566 1866 5641 dis‘ripulus,
1900 5577 1952 5618 ct

386 5635 510 5701 ejus
544 5635 597 5686 in
626 5635 936 5702 episcopatu
960 5653 1258 5700 successor,
1292 5651 1453 5705 quam
1484 5635 1738 5705 religione
1772 5640 1977 5688 varius

2036 3102 2282 3172 plerique
2309 3102 2646 3163 existimant,
2688 3103 2942 3158 sensilcm
2974 3106 3154 3173 attigit
3186 3108 3390 3173 cibum,
3419 3126 3610 3166 neces-

2036 3195 2180 3248 sario
2212 3193 2375 3247 etiam
2406 3193 2651 3248 esurivit.
2686 3194 2742 3247 Si
2777 3203 2959 3248 autem
2990 3196 3111 3256 hoc.
3146 3207 3202 3252 et
3230 3209 3288 3254 ut
3312 3200 3467 3256 ﬂuxa:
3489 3204 3610 3259 sine

2038 3284 2410 3340 controversia
2458 3296 2669 3341 natura:
2710 3286 2798 3341 ille
2851 3286 3016 3343 fuerit
3051 3290 3320 3359 reliquum
3362 3305 3469 3347 est.
3504 3296 3612 3353 Sed

2041 3392 2217 3447 neque
2253 3378 2356 3432 hoc
2383 3386 2519 3442 erat,
2559 3393 2741 3448 neque
2774 3379 2927 3434 illud.
2979 3381 3169 3437 Fames
3197 3386 3344 3439 enim
3376 3398 3428 3443 et
3462 3391 3609 3458 sitis,

2039 3468 2214 3534 labor,
2243 3483 2470 3524 somnus
2495 3478 2551 3524 et
2577 3468 2767 3532 sudor,
2792 3471 2952 3526 sicuti
2982 3472 3094 3542 jam
3117 3475 3321 3531 dictum
3357 3488 3462 3543 est,
3491 3492 3614 3550 post

2041 3560 2550 3629 praevaricationem
2588 3561 2642 3615 in
2673 3564 2969 3619 humanam
2998 3567 3161 3621 vitam
3211 3569 3501 3639 irrepsere.
3554 3574 3613 3629 Si

2041 3650 2210 3719 igitur
2232 3650 2288 3705 in
2322 3651 2573 3720 paradiso
2622 3652 2794 3709 fames
2830 3663 2958 3710 ante
2988 3667 3270 3726 peccatum
3311 3677 3418 3716 non
3456 3676 3574 3718 erat
3596 3706 3613 3727 ,

2041 3742 2167 3812 quia
2202 3756 2381 3812 neque
2420 3757 2620 3812 corpus
2673 3745 2817 3813 quod
2851 3756 3206 3803 evacuaretur
3239 3752 3448 3808 Adamo
3488 3769 3618 3810 tunc

2049 3838 2189 3893 erat,
2218 3829 2347 3898 quid
2368 3829 2642 3909 aliudnam
2664 3831 2930 3900 reliquum
2953 3832 3057 3888 fuit
3077 3838 3215 3904 quod
3238 3838 3311 3892 ibi
3340 3841 3615 3899 hominem

2044 3920 2244 3975 sensile
2279 3920 2601 3976 alimentum
2655 3921 2928 3990 attingere
2966 3929 3223 3995 cogeret?
3272 3930 3417 3985 Bene
3452 3934 3619 4003 igitur

2044 4011 2362 4081 praecedens
2394 4012 2571 4067 oratio
2614 4012 2866 4078 dicebat,
2901 4014 3026 4068 aliis
3067 4032 3164 4084 per
3214 4019 3318 4072 alia
3369 4035 3614 4089 sanctam

2046 4118 2151 4158 nos
2175 4104 2513 4172 Scripturam
2544 4102 2838 4167 instruere,
2871 4104 3032 4160 sicuti
3067 4107 3178 4176 jam
3211 4120 3620 4167 antevertcntes

2047 4196 2339 4250 ediximus.
2386 4194 2541 4250 Unde
2570 4194 2608 4249 ii
2640 4195 2733 4264 qui
2771 4196 2980 4264 dicunt,
3015 4197 3283 4257 Adamum
3315 4215 3442 4259 ante
3483 4223 3620 4275 pnn-

2049 4285 2439 4341 varicationem
2496 4288 2835 4343 naturalibus
2893 4292 3393 4358 perturbationibus
3447 4302 3618 4353 obno-

2050 4375 2200 4430 xium
2233 4374 2422 4439 luisse,
2452 4391 2576 4430 cum
2602 4379 2905 4433 secundum
2937 4379 3149 4436 Domini
3186 4398 3372 4439 vocem
3406 4403 3473 4442 ex
3496 4405 3618 4442 om-

2046 4468 2208 4522 nibus
2247 4467 2482 4536 paradisi
2524 4468 2724 4536 plantis
2773 4482 3107 4539 vesceretur,
3146 4476 3283 4529 nihil
3314 4479 3463 4533 aliud
3506 4492 3623 4534 sta-

2050 4564 2212 4612 tuunt
2260 4573 2422 4627 quam
2456 4558 2729 4629 principio
2759 4562 3023 4617 Adamum
3073 4570 3411 4636 corruptioni
3454 4573 3624 4625 ulmo-

2049 4649 2196 4703 xium
2226 4648 2417 4702 luiSse.
2454 4648 2508 4704 Si
2535 4665 2664 4705 vero
2690 4651 2764 4705 ita
2792 4667 2879 4706 res
2904 4667 2963 4707 se
2997 4655 3250 4718 habebat.
3281 4669 3433 4729 patet
3459 4665 3633 4717 etiaur

2049 4757 2174 4797 eum
2214 4749 2408 4795 natura
2442 4742 2727 4797 mortalem
2774 4744 2964 4801 fuisse.
3001 4746 3109 4803 Sed
3141 4749 3410 4819 quid-hoc
3441 4757 3628 4812 dicere

2051 4847 2188 4901 Opus
2212 4832 2334 4887 est?
2370 4831 2600 4888 Vibrant
2642 4844 2831 4888 contra
2879 4852 2939 4891 se
2977 4837 3077 4908 ipsi
3122 4840 3385 4911 gladium.
3438 4842 3626 4915 Neque

2052 4921 2197 4977 enim
2239 4922 2493 4993 ignorant
2541 4923 2719 4992 qualia
2765 4923 2840 4978 ita
2889 4926 2957 4981 de
3011 4929 3220 4985 Adamn
3260 4934 3632 4991 sentientibus

2052 5013 2273 5081 prtemia
2302 5023 2490 5067 sancta
2514 5013 2623 5080 jam
2650 5013 2922 5085 descripta
2959 5020 3201 5088 synodus
3237 5024 3463 5078 tribuat.
3498 5025 3633 5078 Am-

2062 5104 2202 5171 plius
2239 5103 2402 5172 igitur
2445 5105 2696 5159 dubitare
2728 5114 2811 5160 est
2859 5108 3179 5165 absurdum.
3217 5113 3273 5167 Si
3314 5118 3462 5169 enim
3505 5128 3633 5169 ante

2060 5193 2566 5263 prmvaricationem
2618 5198 2859 5253 Adamus
2889 5202 3146 5259 sensilem
3182 5205 3237 5258 in
3273 5206 3523 5273 paradiso
3551 5206 3631 5257 ri-

2060 5287 2190 5340 bum
2213 5288 2556 5352 comedebat,
2578 5293 2952 5349 necessarium
2973 5296 3194 5350 omnino
3217 5308 3301 5351 est
3325 5313 3420 5349 eos
3437 5294 3627 5373 etiam.

2063 5505 2115 5569 ct
2149 5496 2488 5561 inconsrans,
2529 5508 2633 5552 tam
2678 5498 2900 5566 ingenio
2929 5509 2979 5555 et
3009 5502 3227 5569 scriptis
3261 5500 3630 5555 voluminibus

2062 5566 2262 5628 clarus,
2295 5583 2438 5623 anno
2467 5570 2570 5624 540
2595 5573 2775 5624 lloruit
2801 5611 2816 5635 ,
2848 5582 2902 5625 ct
2935 5572 3080 5626 circa
3112 5566 3214 5626 366
3263 5585 3467 5625 natura:
3498 5588 3633 5625 wu-

2060 5648 2242 5689 CCSSII.
