4088 6186
457 229 562 296 711

1743 226 2167 292 MICHAELIS
2206 233 2465 296 GLYCE
3611 233 3711 299 ..2

462 345 608 414 quia
628 342 863 398 mortuis
888 340 978 396 illa
1009 338 1099 395 die
1133 336 1244 410 (89)
1272 336 1634 393 resurrecturi
1663 348 1811 405 sunt,
1841 339 2028 410 hujus-

2135 347 2503 418 παραϐάσεως
2555 349 2582 402 ὀ
2629 326 2822 419 Ἀδὰμ,
2877 348 3091 420 ἀνάγκη
3143 342 3295 403 πᾶσα
3344 349 3439 404 καὶ
3472 350 3600 412 τοὺς
3638 349 3706 405 iu

460 437 607 491 modi
640 435 761 489 cibo
798 432 1123 488 saturandos
1153 445 1314 485 esse:
1359 439 1691 484 cumtamen
1735 433 1914 498 potius
1944 448 2032 489 rc-

459 525 750 586 surrectio,
798 533 856 576 ut
898 521 1098 590 saepius
1123 520 1378 584 diximus,
1408 519 1543 573 nihil
1583 520 1729 576 aliud
1763 523 1835 577 sit
1866 539 2030 593 quam

458 631 646 679 eorum
702 613 794 682 qui
838 610 1160 667 ceciderunt
1212 612 1266 664 in
1311 610 1583 680 integrum
1624 613 1917 669 restitutio.
1974 615 2033 669 Si

454 716 632 762 autem
673 705 778 759 huc
817 713 920 765 est,
950 718 1046 757 eos
1073 711 1129 757 et
1155 703 1494 773 corruptioni
1530 703 1785 759 obnoxia:
1831 716 2032 773 morta-

451 800 626 867 lisque
655 808 858 852 naturae
889 795 1103 851 futuros
1133 810 1253 850 esse
1276 796 1398 866 quis
1436 795 1634 850 dixerit
1662 796 1685 849 ?
1717 796 1859 851 Fieri
1888 798 2030 852 enim

454 907 561 945 non
596 898 777 959 potest
812 897 869 942 ut
915 886 1288 957 corruptionis
1323 901 1541 956 expers,
1575 898 1633 942 ut
1674 890 1787 958 jam
1822 890 2031 945 dictum

450 993 555 1047 εει,
584 982 674 1036 ille
705 988 1045 1051 permaneat,
1077 977 1172 1049 qui
1220 978 1419 1034 sensile
1462 978 1778 1035 alimentum
1806 981 2033 1052 partici-

445 1084 563 1144 pat.
1974 1076 1979 1079 “

520 1167 577 1222 Si
629 1181 760 1223 vero
813 1165 944 1220 hinc
991 1166 1365 1236 tbeologicum
1419 1165 1582 1221 etiam
1639 1166 1773 1221 illud
1826 1165 2032 1220 dictum

447 1259 671 1328 quidam
709 1258 1010 1325 adducunt,
1047 1259 1192 1328 quod
1235 1258 1310 1312 ita
1352 1258 1417 1313 ad
1463 1258 1691 1312 verbum
1728 1258 1934 1313 habet:
1973 1257 2035 1312 Si

447 1353 612 1421 igitur
645 1351 1021 1405 inansissemus
1045 1351 1184 1421 quod
1215 1367 1449 1416 eramus,
1492 1360 1540 1403 et
1585 1352 1896 1405 mandatum
1938 1367 2034 1404 cn-

446 1448 803 1506 stodissemus,
832 1443 968 1512 quod
1004 1459 1105 1496 non
1148 1459 1360 1498 eramus
1390 1444 1572 1513 utique
1597 1444 1898 1512 fuissemus.
1930 1444 2033 1496 im-

451 1539 780 1592 mortalitate
812 1536 994 1589 donati
1041 1541 1090 1589 et
1134 1534 1244 1589 Deo
1286 1535 1671 1604 proximiores:
1701 1549 1770 1589 ne
1800 1526 2036 1590 turberis

448 1639 761 1700 prapterea,
800 1643 975 1698 neque
1008 1638 1064 1684 tu
1096 1627 1262 1682 etiam
1302 1625 1667 1682 multitudinis
1689 1628 2035 1684 sermonibus

446 1722 740 1791 abripiare.
766 1720 998 1775 Aliunde
1038 1718 1305 1788 siquidem
1355 1719 1854 1791 theologicilmjus
1892 1721 2026 1776 dicti

448 1815 774 1868 sententiam
799 1811 1270 1882 comprehendere
1300 1820 1473 1881 putes.
1504 1812 1558 1867 Si
1591 1813 1735 1868 enim
1761 1814 2029 1885 ambigui-

449 1919 611 1962 tatem
646 1906 938 1976 quamdam
989 1905 1356 1975 tbeologicum
1405 1905 1509 1961 hoc
1561 1907 1765 1960 dictum
1815 1922 1922 1975 pra:
1969 1922 2028 1962 se

445 1999 592 2053 ferre
631 1999 868 2062 videtur,
911 2013 1012 2052 nos
1053 1996 1288 2060 interea.
1324 1997 1453 2052 licet
1504 1998 1705 2054 indocti
1729 2038 1744 2062 ,
1782 2001 1884 2054 hoc
1924 1999 2030 2054 tale

444 2091 604 2158 quale
637 2100 720 2146 est
748 2106 853 2147 non
882 2090 1201 2161 recipimus,
1232 2100 1423 2160 utpote
1460 2090 1603 2161 quod
1634 2092 1889 2147 omnibus
1918 2091 2029 2147 fere

448 2184 620 2237 divini
652 2183 890 2253 Spiritus
919 2182 1297 2237 sacerdotibus
1326 2184 1682 2257 adversatur.
1720 2182 2027 2239 Ferendum

450 2276 597 2330 enim
633 2292 743 2330 non
784 2284 891 2343 est,
942 2290 976 2329 ο
1025 2290 1243 2331 sacrum
1273 2284 1474 2345 caput,
1511 2284 1570 2328 ut
1607 2274 1812 2330 laudati
1853 2276 2028 2331 sancti

451 2368 641 2423 Patres
668 2368 771 2422 hoc
813 2348 923 2421 uno
957 2365 1265 2435 tbeologico
1308 2363 1456 2418 dicto
1491 2364 1815 2430 obruantur,
1848 2374 1902 2419 et
1929 2378 2028 2435 pro

446 2461 620 2516 nihilo
646 2468 991 2529 reputentur.
1029 2457 1143 2511 lucc
1175 2460 1343 2512 etiam
1374 2455 1654 2527 Tbeologo
1686 2456 1813 2509 alibi
1845 2456 2028 2510 dicen-

450 2564 524 2616 te.
558 2566 759 2620 corpus
788 2550 956 2610 illud,
990 2543 1185 2603 Adami
1217 2547 1510 2611 videlicet,
1544 2546 1616 2601 ita
1656 2546 2029 2616 perturbatio-

444 2646 532 2700 nis
586 2658 782 2715 expers
835 2642 1024 2703 fuisse,
1068 2642 1139 2695 ita
1214 2639 1418 2693 nullius
1470 2638 1737 2710 indigum,
1781 2648 1841 2694 ut
1877 2638 2028 2695 nullo

445 2750 577 2793 tunc
629 2734 999 2798 munimento,
1056 2733 1206 2788 nulla
1252 2740 1403 2786 veste
1448 2745 1587 2801 opus
1624 2731 1874 2789 nuberet.
1913 2729 2032 2787 Hoc.

445 2840 650 2890 autem,
686 2827 956 2897 cujusque
1001 2826 1212 2880 scilicet
1258 2823 1575 2895 indigentiae
1619 2824 2024 2894 privationem,

446 2922 537 2976 ille
563 2923 726 2975 etiam
764 2919 1003 2990 linguam
1047 2932 1247 2973 aureus
1282 2917 1565 2972 beatitatis
1612 2931 1898 2972 excessum
1928 2930 2027 2985 ap-

2135 440 2345 511 νεκρῶν
2377 441 2850 511 ἑγερθησομένους
2879 442 2938 493 ὲν
2976 441 3158 512 ἐκείνῃ
3201 443 3268 512 τῇ
3303 440 3492 510 ἡμέρᾳ
3521 441 3709 493 τοιαύ-

2132 552 2233 603 της
2262 534 2624 605 ἐμφορεῖσθαι
2662 533 2941 605 βρώσεως·
2978 533 3096 601 εἴτε
3124 533 3222 588 καὶ
3270 532 3532 603 μᾶλλονὴ
3579 533 3708 587 ανά-

2138 645 2352 691 στασις,
2386 628 2463 690 ὡς
2499 627 2760 690 πολλάκις
2813 627 3140 697 εἰρήκαμεν,
3189 625 3347 680 οὐδὲν
3396 625 3525 681 ἄλλο
3560 625 3710 678 ἐστὶν

2141 719 2259 771 ἀλλ’
2290 720 2322 789 ἡ
2359 718 2498 788 πρὸς
2542 718 2604 772 τὸ
2636 719 2868 789 ἀρχαῖον
2912 718 3023 772 τῶν
3074 718 3446 773 πεπτωκότων
3495 718 3707 771 ἀποκα-

2133 810 2424 873 τάστασις.
2455 811 2518 864 Ei
2551 810 2607 864 δὲ
2629 810 2811 873 τοῦτο,
2846 809 2940 864 καὶ
2962 809 3211 879 φθαρτῆς
3239 809 3305 863 ἂν
3330 808 3529 871 αὐτοὺς
3564 807 3708 862 εἴποι

2134 920 2220 967 τις
2250 899 2395 956 εἶναι
2424 901 2641 970 φύσεως
2680 905 2776 956 καὶ
2806 901 3031 972 θνητῆς·
3069 900 3331 955 ἀδύνατον
3359 900 3471 971 γὰρ
3499 900 3712 969 ἄφθαρ-

2134 1011 2227 1047 τον
2276 994 2575 1061 διαμένειν,
2611 993 2688 1056 ὡς
2736 992 2837 1063 ήδη
2895 990 3242 1063 προείρηται,
3298 989 3393 1045 τὸν
3442 989 3712 1061 αἰσθητῆς

2138 1088 2398 1156 βρώσεως
2427 1089 2487 1140 ὲν
2514 1085 2774 1157 μετουσίᾳ
2810 1084 3124 1154 γενόμενον.

2211 1179 2273 1232 Ei
2314 1180 2371 1232 δὲ
2406 1178 2502 1231 καὶ
2546 1177 2606 1229 τὸ
2639 1173 2960 1244 θεολογικὸν
3007 1176 3188 1228 ἐκεῖνο
3243 1172 3410 1244 ῥητὸν
3454 1170 3714 1225 ιντεῦθεν

2138 1270 2457 1342 παράγουσι
2494 1286 2639 1333 τινες
2671 1270 2732 1322 τὸ
2762 1267 2908 1321 κατὰ
2938 1265 3082 1332 λέξιν
3114 1265 3257 1321 οὓτω
3295 1264 3668 1334 διαλαμϐάνον
3694 1279 3707 1292 ·

2136 1365 2207 1417 El
2230 1361 2344 1431 μὲν
2363 1356 2478 1415 οὖν
2492 1361 2813 1431 ἐμείναμεν
2834 1359 2983 1426 ὅπερ
2999 1353 3172 1427 ἦμεν,
3192 1354 3290 1410 καὶ
3314 1348 3433 1422 τὴν*
3450 1353 3713 1421 ἐντολὴν

2137 1450 2551 1521 ἑφυλάξαμεν,
2579 1450 2905 1522 ἐγενόμεθα
2937 1447 3017 1502 ἂν
3052 1447 3200 1515 ὅπερ
3229 1448 3342 1500 οὐκ
3363 1441 3535 1515 ἦμεν,
3561 1446 3714 1499 ἀπα-

2139 1543 2604 1609 θανατισθέντες
2650 1541 2750 1596 καὶ
2792 1540 2874 1607 τῷ
2919 1539 3042 1605 Θεῷ
3088 1538 3552 1605 πλησιάσαντες
3577 1554 3591 1567 ’
3634 1538 3712 1605 μὴ

2140 1633 2376 1704 θορυϐοῦ
2406 1634 2497 1688 διὰ
2545 1633 2726 1699 τοῦτο,
2766 1633 2904 1703 μηδὲ
2958 1628 3313 1701 συναρπάξου
3359 1631 3473 1691 τοῖς
3529 1629 3713 1695 λόγοις

2067 1699 2107 1755 Β
2140 1699 2232 1776 καὶ
2260 1724 2326 1776 σὺ
2355 1723 2467 1775 τῶν
2495 1720 2729 1774 πολλῶν·
2757 1699 2872 1786 es}:
2893 1699 3219 1787 καὶμᾶλλον
3244 1716 3542 1787 ἀλλαχόθεν
3565 1718 3713 1787 εχιις

2131 1814 2235 1883 τὴν
2259 1812 2355 1865 τοῦ
2386 1810 2704 1880 θεολογικοῦ
2746 1808 2900 1862 τοῦδε
2935 1808 3103 1878 ρητοῦ
3143 1807 3556 1861 καταλαϐέσθαι
3589 1808 3710 1861 διά·

2133 1922 2304 1961 νοιαν.
2340 1908 2402 1961 Ei
2426 1908 2534 1976 γὰρ
2568 1906 2664 1957 καὶ
2689 1904 2838 1957 δοκεῖ
2860 1903 2992 1974 παρ’
3023 1902 3204 1970 ἑαυτῷ
3245 1902 3435 1973 φέρειν
3474 1901 3717 1971 ἀμφιϐο-

2131 1999 2251 2051 λίαν
2274 1998 2397 2051 τινὰ
2421 1997 2481 2050 τὸ
2505 1994 2750 2051 τοιοῦτον
2782 1999 2969 2065 ῥητὸν,
2993 1995 3112 2049 ἀλλ’
3140 1996 3302 2066 ἡμεῖς
3330 1996 3493 2059 τέως,
3526 1996 3576 2047 ei
3610 1995 3710 2047 καὶ

2133 2093 2369 2162 ἀμαθεῖς
2390 2092 2582 2159 ἐσμεν,
2605 2090 2668 2143 οὐ
2700 2087 3115 2158 καταδεεὸμεθα
3136 2087 3393 2141 τοσοῦτον
3413 2085 3546 2140 αὐτὸ
3564 2086 3710 2139 ὥστε

2132 2185 2229 2237 xui.
2268 2186 2407 2237 πᾶσι
2462 2182 2652 2253 σχεδὸν
2681 2181 3061 2236 ἐναντιοῦσθαι
3116 2182 3233 2243 τοῖς
3270 2180 3575 2250 ὕποφήταις
3613 2178 3712 2231 τοῦ

2132 2274 2472 2344 Πνεῦματος.
2490 2273 2837 2328 ’Δνένδεκτον
2866 2274 2997 2343 γὰρ,
3017 2268 3061 2327 ὦ
3085 2271 3207 2343 ἱερὰ
3237 2272 3473 2340 κεφαλὴ,
3502 2274 3711 2337 ἀναγε-

2130 2368 2492 2438 γραμμένους
2527 2366 2723 2434 ἁγίους
2759 2367 3013 2437 Πατέρας
3043 2366 3123 2435 τῷ
3154 2366 3235 2419 ἑνὶ
3269 2367 3443 2435 τούτῳ
3476 2365 3714 2432 θεολογι-

2130 2460 2246 2514 κῶν
2274 2460 2455 2530 ῥητῶν
2478 2459 2661 2513 τέλεον
2689 2459 3072 2530 ἁποκρυϐἦναι
3106 2459 3201 2532 καὶ
3231 2460 3303 2520 ὼς,
3335 2459 3486 2511 οὐδὲν
3509 2458 3711 2517 αὐτοὺς

2130 2554 2474 2623 λογισθῆναι,
2517 2550 2811 2607 καὶταῦτα
2846 2551 2941 2605 τοῦ
2973 2552 3241 2618 Θεολόγου
3270 2552 3524 2619 λέγοντος
3543 2551 3711 2605 ἀλλα-

2127 2645 2249 2718 χοῦ,
2301 2648 2385 2700 ὃτι
2433 2645 2494 2698 τὸ
2542 2644 2701 2715 σῶμα
2750 2643 2843 2733 :35
2893 2644 3067 2713 Ἀδὰμ
3119 2645 3296 2697 ἐκεῖνο
3330 2642 3585 2697 τοσοῦτον
3637 2639 3709 2713 ἦν

2130 2737 2363 2804 ἀπαθὲς,
2400 2735 2656 2789 τοσοῦτον
2685 2731 2752 2806 ἦν
2780 2731 3047 2799 ανενδεὲς,
3076 2734 3153 2798 ὡς
3182 2734 3454 2805 μηδέποτε
3482 2734 3709 2806 χρῄζειν

2128 2829 2243 2883 οἴου
2290 2830 2357 2900 δή
2419 2845 2567 2893 τινος
2623 2827 3084 2898 ὲπικαλΰμματος
3139 2830 3236 2881 καὶ
3290 2826 3705 2898 προϐλήματος.

2130 2922 2303 2976 Τοῦτο
2339 2921 2546 2991 μέντοι,
2579 2921 2640 2974 τὸ
2674 2921 2925 2983 ἁνενδεὲς
2960 2920 3164 2991 δηλαδὴ
3197 2921 3292 2975 καὶ
3340 2925 3367 2974 ὀ
3401 2920 3499 2992 τὴν
3530 2920 3707 2989 γλῶτο

447 3013 716 3084 pellabut;
743 3027 770 3065 a
799 3027 907 3081 quo
933 3010 1166 3079 amplius
1191 3008 1526 3064 omnimodis
1549 3008 1713 3063 etiam
1744 3009 2024 3079 signiﬁca-

2130 3031 2225 3067 ταν
2261 3013 2497 3083 χρυσοῦς
2526 3014 2834 3083 ὑπερϐολὴν
2874 3014 3061 3066 ἐκάλει
3113 3014 3543 3083 μακαριότητος.
3586 3012 3706 3080 Ἐφ’

450 3117 560 3171 tur,
589 3121 789 3176 corpus
817 3104 952 3159 illud
978 3102 1353 3172 corruptionis
1393 3116 1591 3171 expers
1615 3100 1805 3164 fuisse,
1833 3115 2026 3170 quem-

442 3198 733 3252 admodum
769 3196 972 3251 nullius
1003 3194 1245 3264 indigum
1269 3203 1329 3248 et
1352 3194 1680 3249 immortale.
1714 3191 1772 3248 Si
1799 3193 1943 3249 enim
1970 3201 2026 3248 et

443 3289 713 3359 ejusmodi
747 3287 994 3357 quaedam
1016 3300 1263 3355 ,magnus
1290 3284 1585 3354 Gregorius
1625 3286 1831 3341 dixisse
1876 3300 2027 3340 com-

446 3378 670 3446 peritur,
703 3391 770 3429 ex
795 3376 994 3443 quibus
1034 3373 1384 3427 mortalitatis
1411 3375 1651 3441 speciem
1680 3375 2025 3444 protoplasto

446 3468 703 3522 inducere
733 3466 1003 3529 videatur,
1030 3474 1213 3517 tamen
1247 3465 1601 3533 progrediens
1626 3481 1687 3523 se
1714 3466 1828 3535 ipse
1853 3466 2026 3520 inter-

446 3565 692 3626 pretatur
725 3557 796 3610 ita
825 3558 891 3609 ad
925 3554 1149 3608 verbum
1177 3552 1455 3607 disserens
1487 3569 1500 3605 :
1537 3554 1796 3618 Quoniam
1824 3556 2026 3610 diaboli

443 3650 643 3703 invidia
670 3664 806 3701 mors
838 3648 891 3699 in
915 3650 1167 3699 mundum
1201 3646 1439 3716 ingressa
1459 3653 1556 3709 est,
1586 3655 1634 3699 et
1663 3663 1756 3716 per
1781 3647 2024 3715 fraudem

444 3741 706 3795 hominem
738 3739 988 3808 perdidit,
1029 3746 1302 3807 propterea
1327 3736 1490 3800 Deus,
1518 3754 1635 3792 cum
1672 3739 1825 3793 homo
1851 3741 2026 3809 Iactus

444 3843 597 3897 esset,
634 3839 817 3886 nostra
851 3830 1104 3899 passione
1130 3840 1318 3898 passus
1350 3845 1448 3883 est.
1483 3829 1540 3883 Si
1574 3831 1758 3901 igitur,
1789 3832 1872 3885 vir
1901 3848 2028 3887 san-

443 3924 712 3987 ctissime,
744 3923 946 3979 invidia
972 3923 1173 3977 diaboli
1218 3938 1370 3977 mors
1395 3922 1448 3976 in
1481 3924 1743 3978 mundum
1788 3925 2027 3996 ingressa

442 4027 548 4081 est,
570 4018 751 4071 elucet
778 4014 1005 4072 omnino
1028 4026 1156 4068 ante
1180 4015 1437 4069 invidiam
1464 4015 1629 4078 illam,
1656 4027 1709 4069 et
1732 4028 2025 4084 antequam

444 4124 541 4178 per
572 4107 820 4161 fraudem
845 4107 1008 4161 homo
1026 4106 1404 4169 seduceretur,
1429 4107 1740 4161 divinarum
1766 4123 2024 4162 manuum

440 4201 723 4271 opiﬁcium
746 4199 930 4254 ontnis
944 4198 1312 4268 corruptionis
1324 4212 1521 4266 expers
1545 4199 1599 4251 in
1623 4199 2028 4255 immortalitate

446 4293 667 4347 vixisse.
704 4292 813 4351 llac
840 4293 990 4346 enim
1022 4292 1087 4344 de
1111 4305 1275 4345 causa
1303 4290 1507 4345 nullius
1528 4292 1851 4360 operimenti
1881 4293 2027 4345 indi-

2129 3102 2191 3160 οῦ
2222 3110 2316 3161 καὶ
2350 3108 2553 3176 μᾶλλον
2582 3106 3022 3175 ὑποσημαὶνεται
3074 3107 3428 3159 παντάπασιν
3463 3100 3605 3159 εἶναι
3642 3106 3704 3159 τὸ

2129 3197 2289 3268 σῶμα
2328 3200 2507 3252 ἐκεῖνο
2540 3198 2635 3252 καὶ
2664 3197 2943 3269 ἄφθαρτον
2970 3198 3045 3262 ὡς
3080 3198 3327 3262 ἀνενδεὲς
3374 3200 3470 3251 κιὶ
3501 3198 3706 3252 ἀθάνα-

2126 3306 2242 3343 τον.
2276 3289 2337 3341 Ei
2370 3289 2480 3356 γὰρ
2511 3290 2605 3342 καὶ
2639 3286 2869 3340 τοιαῦτά
2911 3304 3033 3339 τινα
3075 3287 3250 3354 λέγων
3283 3288 3310 3338 ὁ
3340 3289 3512 3355 μέγας
3543 3287 3707 3357 εὕρη-

2126 3398 2216 3431 ται
2264 3379 2568 3448 Γρηγόριος
2620 3378 2713 3446 ἀφ’
2759 3371 2835 3430 ὧν
2872 3378 3148 3446 εἰσφέρειν
3196 3377 3337 3429 ἔοικε
3374 3377 3449 3446 τῷ
3491 3395 3703 3446 πρωτο.

2128 3472 2354 3540 πλάστῳ
2385 3473 2480 3525 καὶ
2513 3472 2845 3540 θνητότητος
2874 3470 3137 3537 ἔμφασιν,
3175 3469 3310 3521 ἀλλὰ
3346 3473 3708 3538 παρεκατιὼν

2129 3564 2288 3626 αὐτὸς
2325 3564 2517 3615 ἑαυτὸν
2557 3561 2926 3632 ἐφερμηνεύει
2965 3560 3179 3625 διεξιὼν
3218 3562 3417 3614 οὑτωσὶ
3446 3564 3586 3615 κατα
3615 3562 3708 3615 λέ-

2130 3655 2248 3721 ξινο
2294 3654 2532 3723 Ἐπειδὴ
2590 3657 2792 3723 φθόνῳ
2834 3654 2939 3707 τοῦ
2979 3655 3265 3709 διαϐόλου
3320 3653 3576 3719 θάνατος
3618 3658 3713 3726 εἷς

2129 3750 2236 3802 τὸν
2267 3750 2501 3816 κόσμον
2531 3745 2805 3812 εἰσῆλθε,
2838 3749 2935 3799 καὶ
2964 3746 3173 3815 ὐφεῖλε
3204 3746 3302 3799 διὰ
3332 3747 3441 3815 τῆς
3469 3748 3708 3814 ἀπάτης

2128 3842 2235 3891 τὸν
2267 3839 2601 3904 ἄνθρωπον-ο
2638 3836 2735 3891 διὰ
2763 3835 2937 3889 τοῦτο
2967 3836 3046 3901 τῷ
3086 3838 3345 3905 ἡμετέρῳ
3379 3838 3556 3893 πάθει
3590 3840 3711 3893 πά-

2130 3944 2265 3995 σχει
2296 3929 2436 3993 Θεὸς
2468 3930 2790 3997 γενόμενος
2815 3927 3149 3995 ἄνθρωπος.
3194 3930 3367 3999 Εἴπερ
3398 3928 3513 3994 οὖν,
3549 3932 3712 3983 doub-

2130 4039 2281 4081 τατε.
2336 4020 2513 4089 φθόνῳ
2570 4021 2667 4075 τοῦ
2701 4020 2949 4074 διαϐόλου
2988 4022 3216 4083 θάνατος
3254 4025 3333 4083 εἰς
3366 4025 3456 4075 τὸν
3500 4025 3711 4091 κόσμον

2129 4113 2365 4182 εἰσῆλθε,
2401 4114 2652 4179 φαίνεται
2696 4113 2913 4175 παντως
2943 4114 3023 4166 ὅτι
3055 4114 3161 4183 πρὸ
3185 4113 3279 4166 τοῦ
3321 4115 3516 4181 φθόνου
3566 4118 3714 4168 ἐκεῖ-

2131 4224 2223 4257 νου
2248 4208 2341 4258 καὶ
2368 4206 2473 4275 πρὸ
2502 4204 2595 4258 τοῦ
2619 4206 2897 4276 κλαπῆναι
2921 4207 2988 4259 δι’
3020 4210 3235 4276 ἀπάτης
3270 4209 3363 4259 τὸν
3395 4209 3711 4278 ἄνθρωπον,

2133 4301 2190 4350 ἐν
2228 4298 2510 4369 ἀφθαρσίᾳ
2540 4302 2632 4351 καὶ
2661 4300 2934 4369 ἀθανασίᾳ
2972 4300 3129 4368 διῆγε
3166 4302 3275 4353 τῶν
3312 4302 3471 4355 θείων
3505 4304 3715 4372 χειρῶν

442 4384 603 4457 gebat
623 4401 640 4450 ;
658 4384 924 4453 principio
938 4382 1227 4451 siquidem.
1243 4391 1300 4435 ut
1316 4382 1516 4452 saepius
1528 4382 1787 4447 diximus,
1804 4384 2027 4437 immor-

2133 4390 2193 4441 τὸ
2222 4390 2681 4461 πλαστούργημα.
2708 4392 2859 4445 Κατὰ
2883 4394 2991 4463 γαρ
3020 4395 3179 4445 τοῦτο
3210 4395 3304 4446 καὶ
3333 4397 3445 4448 οἷον
3475 4371 3539 4465 δή
3568 4415 3713 4461 τινος

445 4478 673 4532 talitatis
693 4493 882 4531 exsors
901 4491 1011 4530 non
1036 4485 1175 4529 erat.
1191 4474 1248 4529 Si
1274 4490 1403 4530 vero
1442 4474 1557 4529 haec
1596 4476 1671 4529 ita
1714 4491 1775 4531 se
1798 4477 2025 4540 habent,

451 4572 721 4642 reliquum
750 4580 835 4625 est
864 4578 923 4622 ut
947 4568 1025 4624 illi
1054 4567 1261 4629 dicant,
1290 4568 1551 4636 quidnam
1574 4578 1700 4622 ante
1726 4577 2027 4639 transgres-

448 4664 656 4718 sionem
690 4663 977 4723 fuerimus,
1019 4672 1075 4714 et
1103 4660 1363 4727 quidnam
1399 4660 1659 4728 deinceps
1691 4659 1861 4714 futuri
1891 4659 2025 4713 fuis-

444 4770 650 4818 senius,
688 4756 733 4809 si
760 4754 1192 4810 custodissemus
1222 4752 1564 4807 mandatum.
1605 4751 1717 4807 Nos
1751 4752 1897 4806 enim
1935 4752 2030 4821 (si-

441 4849 664 4919 quidem
685 4847 982 4915 disputatio
1009 4845 1124 4901 haec
1145 4844 1585 4900 manifestissime
1606 4846 2024 4914 demonstravit)

442 4955 644 5007 corpus
692 4937 824 4990 illud
888 4936 1269 5005 cujuscunque
1310 4936 1684 5005 corruptionis
1730 4952 1923 5005 expers
1972 4948 2026 4991 ct

444 5027 756 5083 immortale
781 5042 906 5080 vere
939 5026 1129 5093 fuisse,
1160 5042 1285 5082 cum
1310 5027 1513 5081 nullius
1542 5027 1833 5097 indigeret,
1864 5030 2023 5083 intel-

2136 4480 2593 4550 ἐπικαλύμματος
2630 4484 2729 4536 οὐκ
2756 4479 2823 4551 ἢν
2854 4485 3054 4547 ἐνδεὲς,
3108 4485 3201 4538 ac;
3235 4486 3302 4555 δὴ
3326 4486 3427 4555 τῆς
3459 4489 3580 4540 κατ’
3610 4489 3713 4553 ἀρ-

2132 4573 2233 4639 χὰς
2263 4572 2563 4635 ἀθανασίας
2594 4575 2692 4627 οὐκ
2725 4576 3025 4646 ἀμοιροῦν,
3060 4578 3135 4641 ὠς
3172 4579 3436 4642 πολλάκις
3481 4582 3713 4650 είρῆκ²⁶

2135 4683 2254 4733 μεν.
2292 4666 2349 4717 Ei
2400 4663 2663 4717 δὲταῦτα
2710 4665 2887 4728 οὕτως
2940 4670 3075 4737 ἔχει,
3144 4670 3454 4735 λεγέτωσαν
3511 4674 3713 4724 ἐκεῖνοι

2132 4759 2318 4811 λοιπὸν
2350 4758 2402 4809 τί
2426 4759 2537 4827 ἄρα
2570 4760 2678 4828 πρὸ
2711 4760 2811 4829 τῆς
2834 4763 3200 4831 παραϐάσεως
3230 4759 3372 4833 ἦμεν
3404 4767 3589 4833 ἡμεῖς,
3615 4770 3712 4819 καὶ

2130 4848 2182 4898 τί
2210 4848 2463 4913 γενέσθαι
2500 4854 2639 4918 μετὰ
2675 4850 2850 4904 ταῦτα
2898 4854 3222 4925 ἐμέλλομεν,
3274 4859 3389 4924 εἴτε
3433 4860 3533 4926 τὴν
3566 4864 3711 4909 evro-

2132 4938 2229 5007 λὴν
2264 4940 2648 5012 ὲφυλάξαμεν;
2692 4944 2885 5015 Ἡμεῖς
2928 4951 3058 5017 γὰρ,
3112 4949 3226 5016 εἴγε
3282 4953 3372 5003 καὶ
3431 4953 3640 5020 μᾶλλον
3682 4955 3713 5006 ό

2131 5031 2288 5098 λόγος
2316 5034 2701 5107 ἀριδηλότερον
2741 5037 2963 5103 ἔδειξεν,
2999 5041 3080 5093 ὃτι
3115 5042 3174 5094 τὸ
3210 5042 3372 5111 σῶμα
3406 5044 3586 5096 ἐκεῖνο
3614 5050 3711 5098 καὶ

444 5117 611 5186 ligere
642 5119 866 5170 omnino
913 5131 1022 5170 non
1074 5132 1367 5186 possumus
1410 5116 1541 5185 quid
1594 5117 1829 5185 amplius
1858 5134 2019 5186 quam

2130 5124 2402 5193 ἄφθαρτον
2431 5122 2499 5197 ἦν
2534 5128 2750 5198 ἀληθῶς
2782 5134 2875 5184 καὶ
2902 5133 3194 5198 ἀθάνατον,
3231 5136 3305 5198 ὡς
3348 5140 3596 5201 ἀνενδεὲς
3622 5140 3707 5204 ὃν,

443 5205 813 5275 corruptionis
840 5222 1035 5271 expers
1081 5207 1318 5278 futurum
1357 5216 1525 5261 esset.
1554 5209 1695 5272 Quid
1728 5210 1875 5263 enim
1907 5226 2028 5263 cor-

440 5299 715 5370 ruptionis
744 5309 992 5368 experte,
1025 5302 1195 5370 magis
1241 5301 1614 5368 curruptionis
1660 5316 1857 5370 expers
1904 5304 2026 5372 quis

445 5393 690 5448 dixerit?
719 5391 783 5449 Et
825 5393 1119 5448 immortali
1176 5392 1541 5447 innnnrtalius
1591 5393 1724 5447 nihil
1756 5411 2026 5463 prorsus:

517 5600 630 5669 (89)
680 5600 835 5672 llaud
877 5608 962 5654 est
1007 5599 1431 5672 consectarium.
1476 5599 1609 5654 Nam
1663 5602 1854 5659 falsiim
1895 5619 2013 5672 est,

450 5667 698 5727 homines
747 5670 838 5740 qui
884 5671 1183 5725 surrecturi
1231 5680 1388 5735 sunt,
1443 5688 1549 5728 non
1608 5667 2009 5733 excellentioris

2126 5219 2358 5270 συνιδεῖν
2383 5219 2519 5283 ὅλως
2540 5221 2640 5273 οὐκ
2667 5223 2888 5292 ἔχομεν,
2906 5226 3021 5292 εἴγε
3056 5227 3151 5279 καὶ
3183 5229 3440 5294 γενέσθαι
3465 5248 3519 5283 τι
3546 5233 3712 5284 πλέον

2127 5309 2355 5376 ἔμελλεν
2389 5315 2484 5365 ὲπί
2521 5332 2584 5382 γε
2623 5320 2689 5386 τῇ
2726 5319 3030 5391 ἀφθαρσίᾳ.
3058 5321 3165 5375 Τοῦ
3204 5324 3308 5394 γὰρ
3345 5324 3628 5395 ἀφθάρτου
3660 5327 3712 5380 τί

2133 5404 2197 5455 ἂν
2227 5403 2636 5476 ἁφθαρτότερσν
2667 5411 2812 5463 εἴποι
2840 5431 2921 5475 τις
2954 5411 3123 5479 εἷναι;
3160 5418 3269 5469 Καὶ
3303 5417 3395 5469 τοῦ
3433 5419 3709 5473 ἀθανάτου

2124 5610 2457 5689 conditionis
2495 5616 2707 5670 futuros
2742 5635 2904 5689 quam
2953 5623 3162 5689 primus
3202 5624 3365 5678 homo
3400 5626 3565 5681 fuerit
3590 5668 3605 5687 .
3651 5638 3714 5684 ut

2120 5698 2185 5734 ex
2225 5682 2531 5754 Augustino
2564 5690 2666 5741 sub
2699 5682 2848 5745 num.
2879 5682 3143 5764 ιιὶίδιιριιι
3171 5697 3570 5753 admitevitnLS.
