4088 6186
418 420 521 487 713

1810 430 2180 492 EPISTULA
2226 433 2307 495 Π.

3576 438 3681 500 πι

414 538 865 612 ἀθανατὼτσρονς
899 541 1115 606 πάντως
1147 543 1298 598 οὐδέν
1331 560 1347 577 ο
1382 544 1463 600 ὃτι
1498 543 1633 614 μηδὲ
1668 544 1761 598 τοῦ
1785 543 1980 614 θνητοῦ

2093 545 2225 614 quia
2260 561 2436 618 neque
2485 547 2703 604 mortali
2758 548 3039 603 mortalius
3079 547 3379 619 quidquam
3428 549 3682 606 invenire

413 632 739 702 θνητὸτερον
790 632 945 703 εὖροι
1001 652 1086 699 τις
1120 636 1221 690 ἄν·
1258 636 1413 690 ἐνθεν
1448 654 1530 691 τοι
1584 638 1679 690 καὶ
1725 637 1786 690 τὸ
1821 638 1985 709 ῥητὸν

413 727 589 778 ἐκεῖνο
627 726 689 778 τὸ
721 727 901 795 λέγον,
942 728 1299 798 Ἐγενόμεθα
1349 730 1428 785 ἂν
1472 731 1620 798 ὅπερ
1651 734 1766 785 οὐκ
1813 727 1985 801 ἦμεν,

410 818 533 886 stre
557 817 673 886 τὴν
700 818 961 887 ἐντολὴν
991 821 1407 892 ἐφυλάξαμεν.
1467 823 1590 878 καθ’
1626 824 1817 895 ἕτερόν
1862 840 1987 878 τινα

408 911 566 978 λόγον
601 910 925 966 ἐκλαθέσθαι
958 914 1286 985 προήγμεθα
1321 919 1419 986 τῆς
1444 916 1731 985 Γραφικῆς
1762 918 1987 970 ἀκολου-

411 1003 553 1066 θίας,
602 1004 664 1056 οὐ
701 1006 801 1073 μὲν
841 1006 938 1059 οὖν
981 1008 1043 1059 οὐ
1094 1008 1285 1081 πόρῤω
1336 1027 1441 1062 που
1493 1009 1782 1075 πίπτοντα,
1840 1011 1989 1064 καθά

410 1093 701 1157 δοκεῖτοῖς
736 1094 975 1164 ἀμαθέσι
1021 1099 1160 1157 τέως
1204 1094 1360 1169 ἡμῖν.
1412 1100 1476 1153 Εἰ
1517 1098 1572 1153 δὲ
1628 1100 1723 1153 καὶ
1768 1099 1987 1153 δοκοῦσί

412 1200 552 1247 τινες
576 1181 713 1237 εἶναί
741 1203 795 1241 τι
819 1186 912 1239 τοῦ
943 1187 1216 1243 ἀθανάτου
1246 1189 1683 1261 ἀθανατώτερον,
1722 1191 1987 1261 δεξόμεθα

414 1276 692 1330 καὶτοῦτο
744 1279 925 1346 πάσης
972 1281 1284 1351 ἀντιλογίας
1333 1282 1489 1345 ἐκτός
1516 1300 1530 1314 ο
1566 1285 1663 1337 καὶ
1712 1285 1822 1354 γὰρ
1862 1286 1986 1338 ὅσον

411 1370 619 1437 ἐγγίζει
662 1389 746 1434 τις
781 1373 861 1442 τῷ
891 1372 1031 1442 Θεῷ,
1073 1375 1334 1429 τοσοῦτον
1383 1376 1852 1440 ἀπαθανατίζεται
1895 1379 1989 1431 καὶ

410 1459 807 1531 θεοειδέστερος
834 1464 1048 1530 γίνεται
1094 1466 1312 1535 σώματί
1346 1483 1406 1521 τε
1439 1469 1536 1521 καὶ
1568 1467 1866 1538 πνεύματι.
1896 1468 1987 1521 Δί-

409 1568 564 1603 καιον
597 1548 690 1604 οὖν
722 1556 841 1606 ἐστι
872 1556 1048 1608 καὶτὸ
1076 1556 1141 1609 τὰ
1166 1555 1460 1625 θεολογικά
1501 1559 1644 1627 ῥητὰ
1675 1559 1987 1623 καλοθελῶς

409 1638 789 1707 ὑποδέξεσθαι,
829 1649 926 1698 καὶ
976 1648 1044 1700 τὰ
1094 1647 1203 1700 τῶν
1250 1649 1457 1702 λοιπῶν
1501 1650 1840 1706 διδασκάλων
1898 1653 1988 1706 διὰ

404 1734 576 1803 τιμῆς
608 1736 778 1807 ἔχειν,
827 1738 887 1791 οὐ
945 1740 1051 1808 μὴν
1099 1741 1570 1810 ἀποστρέφεσθαι’
1606 1744 1665 1796 τὸ
1709 1745 1819 1813 γὰρ
1850 1745 1987 1814 πρὸς

2098 647 2214 705 est;
2247 647 2303 694 et
2334 640 2535 695 exinde
2575 640 2786 697 dictum
2817 642 2952 697 illud
2998 642 3073 696 ita
3105 641 3354 697 habens:
3386 642 3681 698 Fuissemtts

2098 731 2296 799 utique,
2315 734 2453 801 quod
2477 748 2579 786 non
2602 749 2831 799 eramus,
2850 733 2895 787 si
2919 734 3233 787 mandatum
3252 734 3677 798 custodissemus,

2098 823 2397 879 secundum
2428 825 2589 879 aliam
2618 826 2907 892 rationem,
2934 841 3058 896 quae
3091 840 3155 880 ex
3180 824 3463 897 Scriptura
3490 841 3681 881 conse-

2097 926 2321 984 quatur,
2365 934 2469 973 nec
2501 918 2690 988 procul
2724 919 2903 981 cadat,
2943 928 3003 973 ut
3033 918 3292 983 indoctis,
3320 917 3679 989 quemadmo-

2096 1006 2226 1063 dum
2260 1023 2362 1064 nos
2383 1048 2399 1072 ,
2433 1009 2669 1071 videtur,
2702 1007 2951 1077 accipere
2979 1006 3199 1061 adducti
3238 1022 3451 1063 sumus.
3496 1006 3551 1061 Si
3582 1022 3680 1061 au-

2099 1108 2207 1154 tem
2234 1099 2550 1155 concedunt
2580 1098 2828 1153 nonnulli
2859 1113 2983 1153 esse
3009 1097 3214 1167 aliquid
3249 1098 3542 1153 immortali
3573 1099 3678 1152 im-

2098 1191 2408 1257 mortalius,
2440 1192 2547 1246 hoc
2575 1191 2741 1246 etiam
2776 1190 2895 1245 sine
2929 1190 3040 1244 ulla
3072 1188 3510 1244 contradictione
3537 1190 3680 1243 reci-

2097 1280 2334 1353 piemus.
2374 1284 2442 1338 Et
2465 1282 2613 1338 enim
2644 1293 2911 1353 quantum
2944 1280 3055 1336 Deo
3077 1282 3203 1351 quis
3236 1280 3679 1350 apprOpinquat,

2099 1384 2313 1430 tantum
2360 1374 2429 1429 ad
2468 1374 2936 1429 inmortalitatem
2970 1373 3235 1443 assurgit,
3277 1380 3333 1426 et
3368 1372 3475 1426 Deo
3502 1370 3678 1440 persi-

2093 1464 2244 1523 milis
2270 1480 2503 1536 corpore
2537 1475 2594 1521 et
2636 1465 2834 1536 spiritu
2873 1465 3082 1519 evadit.
3132 1462 3237 1517 Par
3287 1472 3373 1518 est
3416 1464 3579 1534 igitur
3624 1470 3681 1517 et

2096 1557 2401 1629 theologica
2433 1558 2576 1614 dicta
2610 1558 2844 1627 benigne
2879 1559 3157 1625 accipere,
3181 1565 3235 1610 et
3261 1555 3405 1611 dicta
3444 1554 3682 1623 reliquo-

2097 1664 2218 1703 rum
2276 1650 2666 1720 magistrorum
2736 1650 2946 1704 honore
2996 1648 3276 1717 prosequi,
3339 1662 3449 1700 non
3494 1656 3679 1700 autem

2095 1736 2362 1791 aversari.
2410 1735 2559 1790 Dicta
2603 1735 2751 1790 enim
2803 1744 3121 1790 sanctorum
3166 1732 3390 1787 Patrum
3447 1732 3679 1786 invicem

403 1825 610 1898 ἄλληλα
658 1829 728 1882 τὰ
778 1830 888 1883 τῶν
936 1832 1111 1899 ἁγίων
1168 1834 1433 1905 Πατέρων
1492 1837 1635 1906 ῥητὰ
1674 1836 1980 1902 καλοθελῶς

2097 1830 2292 1884 collata
2328 1829 2561 1900 benigne
2584 1831 2821 1901 probare
2842 1840 2897 1885 et
2922 1830 3201 1884 laudabile
3225 1837 3330 1894 est,
3355 1837 3410 1883 et
3436 1829 3679 1889 beatum.

406 1914 770 1989 συμὸιόἀζειν
800 1924 1087 1978 ἐπαινετόν
1115 1926 1233 1979 ἐστι
1259 1928 1354 1981 καὶ
1384 1928 1659 1998 μακάριον
1683 1930 1780 1983 καὶ
1802 1931 1863 1984 τὸ
1894 1931 1982 1985 ὃν·
2020 1907 2060 1962 Β
2088 1928 2146 1975 ει
2177 1920 2288 1976 Deo
2315 1928 2528 1991 873mm
2558 1922 2809 1976 οηιηίηοο
2836 1920 3078 1989 Αῐίθηάθ
3109 1920 3295 1989 ἰείιιιτ-
3333 1918 3393 1973 δῖ
3426 1934 3683 1988 νοτευνε-

403 2025 513 2073 τως
548 2010 863 2081 θεάρεστον.
897 2014 1144 2085 Πρόσεχε
1175 2014 1291 2071 οὖν.
1320 2018 1383 2071 Ei
1417 2019 1518 2087 μὲν
1548 2018 1641 2073 οὖν
1681 2022 1981 2092 ἐμείναμεν

401 2104 539 2173 ὅπερ
574 2099 739 2175 ἦμεν,
776 2107 872 2163 καὶ
896 2107 995 2178 τὴν
1025 2108 1251 2181 ἐντολὴν
1273 2112 1646 2183 ὲφυλάξαμεν,
1678 2113 1982 2183 ἐγενόμεθα

401 2196 537 2266 ὅπερ
576 2198 676 2251 οὐκ
705 2196 870 2270 ἦμεν,
904 2201 1050 2254 τοῦτ’
1084 2201 1255 2269 ἔστιν,
1287 2203 1550 2272 ἀτρεπτοι
1590 2207 1686 2259 καὶ
1717 2207 1840 2260 κατ’
1878 2207 1980 2261 αὐ-

401 2287 499 2355 τὴν
552 2288 652 2357 τὴν
708 2291 1074 2360 προαίρεσιν·
1109 2293 1247 2347 ἀλλὰ
1284 2293 1360 2365 μὴ
1408 2296 1503 2349 τὸν
1554 2296 1713 2365 λόγον
1777 2298 1981 2364 εὐθέως

400 2375 794 2448 ἀποστραφῇς’
829 2380 946 2447 εῐγε
984 2381 1081 2433 καὶ
1128 2382 1180 2434 οι
1233 2381 1505 2439 θειότατοι
1558 2385 1782 2455 ἄγγελοι
1837 2389 1981 2442 κατά

403 2469 726 2538 προαίρεσιν
758 2471 887 2526 ἀλλο
931 2489 987 2534 τι
1035 2474 1307 2547 πρότερον
1345 2476 1529 2544 ὄντες,
1577 2476 1807 2549 ὕστερον
1840 2482 1981 2551 ὅπερ

400 2561 501 2615 οὐκ
525 2556 666 2633 ἦσαν
701 2566 976 2632 ἐγένοντο.
1021 2567 1346 2636 Δυσκίνητοι
1376 2564 1483 2639 μὲν
1513 2570 1620 2642 γὰρ
1657 2566 1822 2640 ἦσαν,
1862 2573 1979 2627 ἀλλ’

398 2655 502 2709 οὐκ
532 2657 781 2726 ἀκίνητοι
810 2659 948 2730 πρὸς
975 2660 1040 2713 τὸ
1072 2661 1242 2715 κακὸν
1268 2663 1364 2715 ἀπ’
1386 2663 1586 2733 ἀρχῆς.
1618 2664 1762 2718 Ἀλλ’
1787 2666 1978 2738 ἐπειδὴ

398 2752 513 2813 τοῖς
545 2750 876 2805 ἐκπεσοῦσιν
919 2753 1175 2820 ἀγγέλοις
1231 2755 1470 2824 οὐδαμοῦ
1528 2758 1977 2829 συνεπήχθησαν,

399 2840 498 2894 ἅτε
537 2841 637 2910 τῆς
684 2843 1052 2907 κακοϐουλίας
1085 2845 1297 2914 ἐκείνης
1327 2846 1649 2915 εὑρεθέντες
1684 2850 1976 2921 ἀνώτεροι,

396 2931 486 2985 διὰ
513 2933 674 2988 τοῦτο
700 2935 956 3004 γεγόνασι
992 2939 1087 2991 καὶ
1135 2936 1385 3006 ἀκίνητοι
1427 2938 1562 3009 πρὸς
1608 2942 1669 2993 τὸ
1719 2942 1887 2997 κακὸν
1916 2946 1976 2997 οὐ

399 3022 562 3091 φύσει
596 3026 732 3079 ἀλλὰ
779 3026 982 3096 χάριτι,
1034 3025 1177 3080 καθά
1227 3026 1293 3095 δὴ
1348 3029 1444 3081 καὶ
1495 3029 1575 3101 τῷ
1630 3031 1978 3105 Δαμασκηνῷ

411 3115 633 3186 Ἰωάννῃ
662 3119 794 3189 περὶ
820 3118 1012 3172 τούτου
1040 3119 1206 3173 δοκεῖ.

2086 2027 2364 2068 rassemus
2379 2012 2524 2082 quod
2547 2027 2787 2076 eramus,
2805 2021 2861 2068 et
2879 2020 3208 2083 praeceptum
3226 2010 3679 2075 custodissemus,

2082 2104 2229 2178 quod
2257 2119 2367 2159 non
2386 2119 2603 2160 eramus
2629 2103 2944 2170 fuissemus,
2967 2104 3070 2158 hoc
3098 2116 3202 2169 est,
3232 2101 3603 2157 inmutabiles
3629 2110 3684 2154 «ιι

2083 2211 2300 2267 semper
2316 2197 2565 2267 ejusdem
2594 2196 2884 2266 propositi.
2914 2195 3028 2250 Nec
3048 2209 3360 2248 sermonem
3395 2194 3541 2247 hunc
3569 2200 3686 2246 sta-

2083 2289 2181 2343 tim
2207 2303 2482 2344 aversare.
2502 2286 2558 2343 Si
2590 2288 2739 2343 enim
2770 2285 3102 2341 divinissimi
3122 2285 3300 2356 angeli
3324 2300 3450 2339 cum
3478 2298 3681 2339 secun-

2082 2378 2211 2435 dum
2240 2379 2581 2450 propositum
2626 2377 2835 2449 aliquid
2869 2378 3019 2433 aliud
3050 2377 3205 2448 prius
3235 2385 3424 2434 essent
3445 2415 3461 2440 ,
3495 2377 3684 2433 novis-

2083 2474 2243 2539 sime,
2276 2472 2421 2543 quod
2453 2486 2565 2526 non
2587 2480 2768 2535 erant,
2810 2480 3156 2527 evaserunt:
3184 2468 3483 2525 diﬂiculter
3528 2469 3678 2523 enim

2082 2566 2318 2622 mobiles
2335 2573 2515 2632 erant,
2542 2564 2638 2621 sed
2668 2580 2779 2620 non
2802 2562 3113 2619 immobiles
3138 2563 3206 2617 ad
3235 2562 3437 2616 malum
3467 2577 3496 2614 a
3528 2561 3682 2630 prin—

2080 2659 2259 2729 cipio;
2286 2658 2383 2715 sed
2414 2658 2673 2728 quoniam
2709 2673 2833 2713 cum
2883 2656 3223 2713 cadentibus.
3268 2654 3481 2725 angelis
3525 2654 3679 2708 nullo

2080 2758 2240 2821 pacto
2268 2749 2511 2807 devoluti
2547 2759 2713 2811 sunt,
2749 2758 2941 2818 utpote
2969 2748 3064 2817 qui
3114 2746 3240 2803 mali
3290 2747 3510 2802 illorum
3546 2759 3679 2798 con-

2079 2841 2187 2895 silii
2219 2841 2532 2910 superiores
2563 2848 3080 2909 contemptoresque
3122 2839 3352 2909 reperti,
3378 2847 3671 2908 propterea

2079 2933 2243 2989 etiam
2282 2933 2589 2988 immobiles
2617 2932 2685 2986 ad
2717 2931 2918 2985 malum
2941 2939 3240 2986 evaserunt
3287 2945 3397 2986 non
3441 2938 3668 2992 natura,

2080 3026 2177 3083 sed
2209 3026 2405 3097 gratia,
2426 3024 2888 3095 quemadmodum
2920 3024 3291 3079 Damascenus
3317 3023 3481 3079 etiam
3502 3022 3670 3078 Joan-

2081 3133 2179 3175 nes
2214 3117 2284 3174 de
2310 3118 2418 3174 hoc
2449 3118 2731 3189 opinatur.

468 3209 629 3260 οὓτω
660 3207 760 3278 μὶν
799 3207 912 3271 οὖν,
960 3210 1245 3277 ὁσιώτατε,
1293 3213 1386 3265 καὶ
1433 3214 1563 3284 περὶ
1611 3214 1709 3269 τοῦ
1758 3216 1976 3287 πρώτου

2155 3209 2233 3265 Ita
2279 3209 2464 3280 igitur,
2513 3209 2598 3264 vir
2649 3210 3017 3275 sanctissime,
3041 3209 3208 3266 etiam
3245 3209 3315 3264 de
3357 3207 3540 3279 primo
3570 3207 3674 3261 ho-

395 3296 689 3367 ἀνθρώπου
717 3298 1016 3351 ἐννοεῖσθαι
1048 3316 1106 3351 σε
1136 3302 1264 3371 χρή.
1308 3302 1420 3355 Καὶ
1449 3303 1561 3375 γὰρ
1589 3304 1838 3370 ἐξουσίαν
1870 3307 1980 3377 εἶχε

2098 3303 2246 3358 mine
2283 3300 2523 3373 cogitare
2560 3310 2615 3356 te
2645 3309 2883 3371 oportet.
2924 3300 3138 3356 Etenim
3171 3299 3286 3371 (90)
3326 3298 3588 3354 manendi
3619 3307 3676 3353 et

399 3390 589 3458 μένειν
638 3390 736 3445 καὶ
784 3390 1116 3459 προκόπτειν
1165 3394 1224 3445 ὲν
1273 3392 1353 3463 τῷ
1395 3396 1608 3465 ἀγαθῷ,
1650 3397 1746 3451 καὶ
1787 3400 1881 3451 ἐπὶ
1927 3400 1989 3454 τὸ

397 3483 582 3551 χεῖρον
608 3477 762 3542 αὖθις
797 3482 907 3535 ἀπὸ
954 3481 1052 3534 τοῦ
1100 3482 1266 3535 καλοῦ
1315 3486 1776 3556 μετατρέπεσθαι.
1812 3488 1987 3561 Εἴπερ

395 3573 490 3627 οὖν
524 3574 793 3643 ἀνώτερος
828 3572 1031 3644 εὑρέθη
1080 3573 1332 3635 κάκεῖνος
1370 3575 1466 3641 τῆς
1500 3574 1596 3627 τοῦ
1637 3575 1812 3645 ὄφεως
1850 3595 1990 3649 συμ-

396 3666 622 3734 ϐουλῆς,
651 3665 813 3733 εἴπερ
847 3663 1086 3732 ἐφύλαξε
1122 3664 1220 3733 τὴν
1262 3663 1509 3718 δοθεῖσαν
1551 3668 1701 3737 αὐτῷ
1741 3667 1981 3739 ἐντολὴν,

396 3760 618 3826 ἐγένετο
657 3755 1121 3819 ἁπαθανατισθεὶς
1174 3759 1314 3827 ὅπερ
1372 3758 1471 3810 οὐκ
1527 3754 1595 3829 ἦν
1647 3758 1742 3811 ἀπ’
1782 3759 1981 3829 ἀρχῆς,

394 3849 542 3902 τοῦτ’
568 3848 712 3901 ἔστιν
742 3848 1033 3918 ἄτρεπτος,
1066 3848 1125 3901 οὐ
1160 3849 1303 3902 κατά
1333 3848 1496 3916 φύσιν
1530 3850 1715 3918 μόνον,
1745 3850 1880 3904 ἀλλὰ
1906 3851 1982 3923 ,δὴ

394 3945 493 3996 καὶ
523 3941 644 3994 κατ’
674 3941 844 4010 αὐτὴν
875 3939 975 4010 τὴν
1021 3941 1369 4012 προαίρεσιν.
1413 3942 1744 4010 Ἀντιλὲγειν
1793 3943 1850 3996 δὲ
1888 3946 1983 3997 ἐπὶ

394 4033 606 4096 τούτοις
626 4034 729 4086 οὐκ
753 4032 995 4101 εὔλογον.
1020 4033 1082 4086 Et
1104 4034 1209 4102 γὰρ
1236 4034 1329 4085 καὶ
1356 4034 1413 4086 ἐν
1439 4037 1504 4101 τῇ
1530 4034 1694 4101 φύσει
1720 4034 1779 4087 τὸ
1802 4037 1981 4104 ἀμαρ-

395 4129 580 4179 τὰνειν
629 4126 730 4177 οὐκ
778 4120 892 4195 εἶχε
940 4122 1062 4177 κατ’
1108 4123 1285 4192 ἀρχὰς
1331 4124 1358 4175 ὁ
1405 4123 1713 4194 ἄνθρωπος,
1768 4124 1867 4177 ἅτε
1913 4125 1977 4196 δὴ

394 4216 551 4287 παρά
580 4215 716 4269 Θεοῦ
764 4213 1194 4285 δημιουργηθεὶς
1238 4212 1519 4283 ἄφθαρτος
1563 4215 1658 4268 καὶ
1688 4214 1973 4282 ἀθάνατος,

395 4308 511 4362 ἀλλ’
539 4309 596 4358 ὲν
631 4306 768 4375 αὐτῇ
802 4307 869 4374 τῇ
902 4303 1246 4375 προαιρέσει,
1278 4303 1422 4357 καθά
1473 4303 1538 4370 δὴ
1582 4304 1674 4355 καὶ
1720 4306 1978 4373 προείπο-

399 4412 518 4463 μεν,
550 4394 800 4461 ἐξουσίαν
832 4388 949 4463 εῐχε
984 4393 1167 4463 μένειν
1206 4396 1263 4446 ὲν
1304 4393 1382 4463 τῷ
1413 4394 1626 4463 ἀγαθῷ,
1662 4393 1756 4447 καὶ
1790 4394 1884 4447 ἐπὶ
1918 4397 1975 4449 τὸ

394 4488 576 4557 χεῖρον
612 4480 767 4548 αὖθις
802 4484 910 4538 ἀπὸ
934 4483 1027 4537 τοῦ
1061 4484 1268 4552 ἀγαθοῦ
1308 4486 1771 4555 μετατρέπεσθαι.
1801 4488 1973 4559 Εἴπερ

2096 3390 2414 3462 proﬁciendi
2480 3390 2536 3444 in
2602 3389 2746 3445 bono
2819 3398 3147 3459 potestatem
3201 3388 3439 3445 habebat
3496 3396 3551 3445 et
3606 3388 3673 3444 ad

2096 3483 2254 3553 pejus
2295 3484 2490 3537 iterum
2524 3497 2554 3536 a
2588 3482 2734 3536 bono
2779 3496 2837 3537 se
2879 3481 3258 3537 convertendi.
3311 3480 3367 3537 Si
3410 3481 3579 3551 igitur
3618 3491 3676 3536 et

2095 3574 2185 3631 ille
2238 3575 2511 3645 serpentis
2547 3574 2765 3630 consilii
2809 3585 3156 3643 contemptor
3204 3583 3458 3643 repertus
3500 3583 3671 3638 esset,

2093 3667 2139 3723 si
2194 3667 2381 3721 datum
2423 3666 2526 3721 sibi
2568 3675 2901 3737 praeceptum
2940 3665 3293 3730 custodisset,
3330 3664 3400 3719 ad
3446 3664 3676 3719 immor-

2091 3757 2355 3812 talitatem
2386 3759 2798 3821 assurrexissct,
2851 3766 2905 3813 et
2950 3759 3215 3813 evasisset
3245 3757 3390 3827 quod
3440 3772 3470 3810 a
3517 3756 3673 3826 prin-

2090 3849 2235 3919 cipio
2268 3864 2375 3903 non
2406 3859 2547 3914 erat,
2603 3850 2705 3904 hoc
2758 3858 2843 3903 est
2904 3848 3262 3903 immutabilis
3311 3864 3423 3903 non
3476 3862 3674 3903 secun-

2089 3940 2219 3995 dum
2262 3947 2509 3993 naturam
2540 3947 2775 4003 tantum,
2811 3938 2909 3993 sed
2945 3939 3111 3992 etiam
3150 3939 3451 3992 secundum
3500 3938 3669 4007 ipsum

2087 4030 2450 4086 voluntatem.
2507 4027 2669 4084 Hisce
2717 4040 2902 4084 autem
2959 4030 3377 4095 contradicere,
3431 4044 3541 4083 non
3585 4039 3670 4084 est

2087 4120 2286 4175 rationi
2348 4127 2806 4175 consentaneum.
2864 4118 2921 4174 Si
2948 4120 3096 4174 enim
3146 4134 3374 4191 peccare
3424 4121 3589 4175 homo
3636 4134 3668 4172 a

2086 4210 2359 4282 principio
2400 4211 2454 4265 in
2507 4220 2702 4266 natura
2744 4228 2856 4267 non
2909 4212 3121 4275 habuit,
3176 4229 3203 4265 a
3237 4212 3348 4268 Deo
3393 4211 3664 4281 siquidem

2084 4301 2456 4371 corruptionis
2494 4316 2693 4372 expers
2726 4302 3167 4372 immortalisque
3202 4309 3420 4356 creatus
3465 4312 3569 4367 est,
3609 4303 3665 4354 in

2084 4394 2202 4464 ipsa
2238 4393 2539 4459 voluntate,
2578 4403 2637 4448 ut
2684 4393 2950 4460 diximus,
2995 4394 3385 4464 perseverandi
3424 4393 3478 4447 in
3518 4393 3664 4449 bono

2082 4494 2412 4555 potestatem
2473 4486 2745 4549 habebat,
2809 4495 2865 4540 et
2923 4486 2979 4541 in
3027 4485 3272 4540 deterius
3336 4486 3537 4557 iterum
3593 4488 3662 4541 ab

390 4574 486 4631 οὖν
511 4575 746 4647 ἐφύλαξε
773 4575 871 4645 τὴν
905 4575 1150 4630 δοθεῖσαν
1186 4575 1335 4646 αὺτῷ
1365 4575 1609 4645 ἐντολὴν,
1653 4577 1868 4646 ἐγένετο
1903 4580 1968 4633 ἂν

2087 4578 2310 4631 honesto
2335 4591 2396 4631 se
2430 4576 2808 4632 convertendi.
2840 4576 2896 4632 Si
2935 4577 3102 4649 igitur
3145 4578 3329 4633 datum
3366 4578 3471 4633 sibi
3501 4593 3660 4631 man-

389 4673 531 4737 ὅπερ
550 4670 649 4721 οὐκ
679 4665 749 4740 ἦν
776 4669 871 4722 ἀπ’
902 4667 1100 4739 ἀρχῆς,
1130 4666 1291 4737 ἔχων,
1325 4667 1402 4731 ὡς
1432 4667 1674 4740 εἴρηται,
1702 4673 1797 4722 καὶ
1826 4672 1966 4727 κατά

390 4765 716 4832 προαῖρεσιν
745 4762 805 4813 τό
836 4778 896 4814 τε
929 4761 1204 4829 ἄτρεπτον
1232 4760 1369 4828 ὁμοῦ
1416 4762 1511 4813 καὶ
1541 4763 1930 4834 ἀναμάρτητον
1953 4782 1966 4795 ·

385 4854 802 4913 ὀποῖοςὲσεῖται
833 4852 1084 4912 κάκεῖνος
1130 4851 1161 4904 ὁ
1210 4851 1351 4904 κατά
1381 4866 1444 4918 γε
1476 4851 1575 4919 τὴν
1620 4851 1715 4906 τοῦ
1767 4856 1969 4918 παντὸς

388 4943 706 4995 συντέλειαν
738 4941 1173 5012 ὲγερθησόμενος
1208 4940 1513 5011 ἄνθρωπος.
1557 4943 1744 5014 Ἀρκεῖ
1768 4946 1968 5000 τοσαῦ-

384 5051 488 5089 τα·
522 5038 630 5097 τοῖς
662 5036 772 5105 γὰρ
798 5036 1059 5105 ὲχέφροσι
1099 5034 1241 5087 κατά
1274 5034 1333 5087 σὲ
1363 5037 1456 5089 καὶ
1494 5030 1572 5101 εἷς
1623 5038 1781 5107 λόγος
1811 5041 1969 5111 ἀρκεῖ

383 5127 527 5196 πρός
559 5143 623 5195 γε
649 5127 748 5198 τὴν
785 5126 880 5182 τοῦ
914 5125 1226 5197 κρείττονος
1256 5124 1495 5197 εὕρεσιν.

2083 4666 2269 4722 datum
2324 4668 2679 4735 custodisset,
2736 4674 2881 4741 quod
2939 4686 2969 4725 a
3021 4671 3296 4741 principio
3349 4684 3461 4724 non
3514 4681 3657 4736 erat,

2080 4761 2270 4829 utique
2300 4761 2531 4829 fuisset,
2567 4763 2797 4828 habens,
2837 4772 2896 4818 ut
2946 4763 3155 4817 dictum
3201 4771 3308 4827 est,
3359 4763 3524 4819 etiam
3566 4778 3660 4817 se-

2078 4852 2319 4907 cundum
2356 4854 2692 4909 voluntatem
2740 4864 2797 4910 et
2842 4855 3339 4912 immutabilitatem
3369 4867 3423 4911 et
3453 4857 3660 4926 impec-

2076 4944 2449 5008 cabilitatem;
2482 4946 2659 5014 qualis
2694 4948 2804 5003 erit
2856 4947 2947 5002 ille
2980 4948 3167 5015 homo,
3207 4948 3299 5019 qui
3336 4949 3387 5002 in
3437 4950 3659 5005 univer—

2076 5035 2254 5091 sitatis
2301 5038 2780 5092 consummatione
2828 5051 3241 5097 resutrcctnrus
3286 5052 3390 5097 est.
3432 5043 3499 5097 Et
3542 5043 3657 5102 haec

2075 5124 2293 5194 quidem
2328 5124 2620 5183 sufﬁciant.
2674 5126 3041 5183 Prudentibus
3095 5132 3264 5197 enim,
3297 5134 3656 5202 quemadmeo

2077 5215 2207 5270 dum
2242 5224 2299 5268 tu
2329 5228 2413 5280 es,
2445 5224 2503 5271 et
2535 5232 2702 5273 unum
2753 5220 3003 5288 verbum,
3058 5231 3117 5277 ut
3148 5223 3296 5293 quod
3341 5224 3538 5280 melius
3568 5232 3652 5275 est

2074 5305 2306 5362 inveniri
2337 5309 2531 5377 possit,
2573 5308 2792 5368 suﬁieit.

458 5477 570 5548 (90)
601 5477 833 5561 Cyrillus
863 5480 1268 5540 Alexandrinus
1302 5478 1400 5539 lib.
1440 5483 1645 5540 Contra
1684 5482 2216 5556 Anthropomorpb.,
2271 5502 2390 5559 cap.
2425 5490 2480 5555 2,
2517 5491 2728 5547 arbitrii
2764 5492 3072 5551 libertatem
3138 5492 3348 5549 homini
3419 5488 3648 5562 pra-els-

377 5568 394 5605 ι
417 5551 525 5606 iter
553 5552 770 5607 asserit.

1982 5743 2058 5756 _
