4088 6186
376 392 479 456 717

1741 398 2106 460 EPISTULA
2145 396 2261 456 III.

3505 383 3611 447 718

382 500 554 572 εὖπερ
601 506 831 571 ἐξέπεσε
886 506 954 560 δι’
995 506 1163 574 αὐτὴν
1214 507 1543 578 παράϐασιν.
1592 510 1776 578 ἐπειδὴ
1833 514 1944 571 τοῖς

2068 502 2511 562 nilchritudinem
2559 498 2665 571 qua
2703 498 2902 555 excidit
2945 498 3033 552 ille
3078 511 3171 565 per
3226 476 3618 567 transgressio-

384 595 598 655 πολλοῖς
626 595 989 663 ἀγνοούμενον
1013 590 1101 664 ἦν,
1135 596 1192 646 ὲν
1224 597 1437 665 σεαυτῷ
1468 598 1784 666 παραδόξως
1816 598 1947 651 ὺπέ-

386 685 587 751 δειξας.
622 684 747 736 Ἐπὶ
780 684 936 738 τοῦτο
982 688 1089 753 γὰρ
1134 686 1227 739 καὶ
1258 687 1355 754 τὴν
1393 688 1600 754 ἄφατον
1649 689 1971 758 ἠλλοιώθης

382 775 479 840 τῆς
518 774 729 841 μορφῆς
791 773 1098 840 ἀλλοίωσιν,
1154 775 1416 843 γνωρίσαι
1475 776 1646 830 θέλων
1701 778 1947 830 ἐντεῦθεν

385 864 577 923 ὁποίας
616 863 812 932 ἠξίωτο
854 864 1073 933 χάριτος
1109 866 1212 932 πρὸ
1254 868 1349 934 τῆς
1381 866 1651 935 ἁμαρτίας
1676 871 1705 918 ὁ
1737 867 1947 936 ἄνθρωο

389 970 505 1013 πος,
542 956 631 1005 καὶ
660 955 741 1006 ὅτι
771 954 975 1020 ταύτην
1016 955 1161 1025 αὑτῷ
1193 957 1354 1011 πάλιν
1388 957 1703 1025 μετέδωκας
1735 958 1821 1011 διὰ
1849 958 1949 1026 τῆς

390 1043 510 1095 καθ’
539 1045 835 1098 ὑπόστασιν
873 1047 1137 1107 ὲνώσεως.
1165 1066 1183 1095 ι
1220 1050 1283 1100 Εἰ
1314 1048 1423 1117 γὰρ
1462 1048 1555 1101 καὶ
1582 1049 1826 1117 διάδηλον
1856 1049 1952 1102 αὐ-

385 1134 511 1185 τίκα
544 1133 795 1198 γενέσθαι
825 1134 984 1189 τοῦτο
1022 1137 1121 1189 οὐκ
1156 1137 1414 1204 ἔφθασεν,
1441 1138 1562 1191 οὐδὲ
1589 1139 1746 1207 ﬁlis):
1780 1141 1950 1192 σκάν-

384 1223 540 1273 δαλον
588 1222 821 1293 ἐξαυτῆς
855 1226 1055 1279 ἐνιέναι
1109 1227 1186 1296 τῷ
1212 1227 1454 1296 Ἰσραὴλ,
1497 1228 1613 1280 ἀλλ’
1668 1229 1761 1281 ἐπὶ
1790 1229 1949 1298 ὅρους

388 1313 606 1382 Θαόὼρ,
640 1315 715 1379 ὡς
746 1316 845 1385 ἤδη
897 1318 1240 1387 προείρηται,
1288 1319 1679 1388 θεουργηθείσα
1726 1321 1758 1387 ὴ
1790 1320 1952 1386 φύσις

392 1404 545 1471 ἡμῶν
586 1403 832 1471 ἐγνώσθη
877 1405 965 1457 διὰ
1012 1407 1109 1470 τῆς
1150 1406 1308 1458 θείων
1338 1406 1568 1458 ἀκτίνων
1613 1405 1950 1474 προχύσεως.

392 1493 632 1561 Πρόσεχε
663 1493 779 1550 οὖν.
833 1495 895 1547 Ei
943 1496 1053 1564 γὰρ
1085 1496 1368 1564 ἀστράψας
1407 1496 1500 1548 ἐπὶ
1542 1495 1634 1547 τοῦ
1680 1495 1839 1563 ὅρους
1876 1493 1953 1555 ὡς

388 1584 416 1633 ὁ
444 1584 593 1650 ἥλιος
626 1585 654 1636 ὁ
683 1584 870 1653 Σωτὴρ
900 1584 1065 1650 ἔδειξε
1096 1583 1384 1654 προφανῶς
1407 1586 1589 1637 ὁποῖον
1614 1584 1723 1651 ἄρα
1751 1584 1844 1636 καὶ
1875 1582 1954 1652 τῷ

402 1674 573 1742 Ἀδὰμ
607 1675 802 1744 ἐκείνῳ
832 1677 1103 1744 προσενῆν
1140 1674 1237 1727 ἀπ’
1270 1676 1442 1745 ἀρχῆς
1476 1676 1613 1744 φῶς,
1645 1673 1953 1745 θαυμάζειν

390 1765 487 1817 οὐκ
527 1765 747 1831 εὔλογον
780 1766 895 1832 είγε
949 1765 1254 1834 λάμψουσιν
1306 1767 1357 1818 οἱ
1402 1766 1600 1818 δίκαιοι
1647 1766 1771 1818 τότε
1813 1766 1885 1829 ὼς
1929 1767 1956 1817 ὀ

2051 613 2197 662 nem,
2246 595 2502 665 quoniam
2551 593 2830 662 plerisque
2882 590 3137 645 omnibus
3182 587 3363 657 ignota
3393 594 3528 648 erat,
3564 585 3619 637 in

2053 689 2225 756 teipso
2250 687 2571 741 mirabiliter
2609 684 3017 741 demonstrasti.
3053 681 3346 750 Propterea
3386 680 3530 733 enim
3566 687 3623 733 et

2052 777 2309 831 ineffabili
2342 786 2447 831 tuae
2479 777 2665 830 formae
2712 776 3014 829 mutatione
3042 775 3360 827 immutatus
3396 786 3473 834 es,
3499 785 3622 823 cum

2052 869 2218 923 velles
2267 883 2332 922 ea
2384 868 2595 921 ratione
2655 867 2964 935 patefacere
3012 866 3159 933 quali
3218 865 3409 919 fuisset
3462 862 3625 915 homo

2054 969 2179 1012 ante
2231 966 2515 1027 peccatum
2574 958 2744 1027 gratia
2807 955 3101 1024 dignatus,
3164 954 3523 1020 eamdemque
3577 960 3628 1005 te

2059 1051 2131 1104 illi
2164 1053 2359 1103 iterum
2414 1064 2509 1119 per
2548 1049 2775 1117 gemina
2816 1059 3025 1101 natura:
3068 1048 3428 1113 cohaesionem
3463 1046 3625 1099 resti-

2055 1141 2244 1195 tuisse.
2283 1160 2301 1192 ι
2354 1141 2411 1194 Si
2451 1141 2595 1194 enim
2632 1147 2685 1193 et
2716 1139 2819 1193 hoc
2870 1138 3056 1192 statim
3103 1138 3450 1192 manifestum
3506 1151 3625 1191 esse

2056 1245 2164 1285 non
2200 1231 2400 1299 potuit,
2436 1229 2607 1283 noluit
2649 1230 2793 1282 enim
2844 1230 3113 1282 continuo
3162 1226 3341 1280 lsraeli
3375 1226 3635 1279 offensio-

2056 1320 2485 1389 neminjicere,
2528 1318 2624 1373 sed
2680 1332 2844 1385 supra
2893 1328 3134 1371 montem
3192 1316 3525 1376 Thaborem.
3574 1324 3636 1368 ut

2050 1412 2161 1479 jam
2194 1411 2401 1465 dictum
2432 1418 2519 1465 est
2550 1426 2564 1463 :
2603 1419 2849 1465 nostram
2883 1418 3135 1463 naturam
3185 1417 3365 1461 tamen
3396 1406 3635 1460 divinam

2052 1500 2165 1570 jam
2199 1502 2440 1556 evasisse
2491 1502 2895 1570 deprehensum
2944 1510 3047 1562 est,
3096 1498 3243 1567 quod
3280 1497 3520 1565 undique
3555 1498 3639 1550 di-

2058 1592 2215 1646 vinos
2266 1593 2341 1662 (5)
2405 1591 2587 1646 radios
2642 1591 2969 1646 effunderet.
3030 1590 3266 1644 Attende
3327 1589 3519 1659 igitur.
3579 1588 3636 1643 Si

2059 1682 2207 1735 enim
2242 1680 2524 1744 Servator,
2569 1689 2825 1749 tanquant
2865 1680 2966 1744 sol,
3015 1680 3068 1733 in
3101 1689 3287 1753 monte
3316 1693 3634 1744 coruscans,

2060 1771 2204 1838 quali
2250 1769 2436 1836 utique
2483 1779 2541 1824 et
2588 1770 2829 1824 Adamus
2859 1770 2951 1824 ille
2995 1770 3063 1823 ab
3111 1769 3267 1822 initio
3307 1769 3512 1822 lumine
3542 1784 3635 1821 ra-

392 1856 562 1925 ἦλιος.
606 1856 822 1925 Ἐπειδὴ
874 1857 983 1925 γὰρ
1029 1833 1085 1926 ἠγ
1118 1855 1450 1925 ἐλπιζομένῃ
1508 1858 1664 1926 χάρις
1702 1856 1959 1919 ἐπάνοδός

2068 1860 2257 1927 diaret,
2293 1860 2596 1914 luculenter
2626 1860 2899 1925 ostendit,
2945 1860 3055 1928 jam
3090 1858 3277 1912 mirari
3332 1874 3439 1912 non
3469 1858 3636 1919 subit,

393 1949 563 2009 ἐστιν,
593 1947 667 2008 ὡς
716 1947 1065 2017 προείρηται,
1099 1950 1235 2018 πρός
1263 1964 1326 2015 γε
1358 1947 1458 2016 τὴν
1491 1948 1711 2017 πρώτην
1744 1948 1959 2017 ἐκείνην

394 2035 559 2105 ζωὴν,
592 2039 884 2092 ἀκόλουθον
928 2040 995 2092 ἂν
1035 2040 1119 2110 εἴη
1168 2043 1264 2095 καὶ
1306 2042 1433 2103 τοὺς
1484 2041 1960 2111 ἀναστησομένους

392 2130 518 2191 τοὺς
542 2130 782 2192 δνκαίους
820 2130 895 2202 μὴ
932 2132 1073 2185 κατὰ
1101 2132 1162 2185 τὸ
1189 2133 1377 2203 σχῆμα
1407 2135 1498 2187 καὶ
1529 2133 1590 2187 τὸ
1629 2129 1768 2196 εἶδος
1801 2134 1960 2201 μόνον

398 2221 813 2289 παραπλησίους
859 2222 1151 2294 ἐγερθῆναι
1206 2225 1408 2296 πρώτῳ
1463 2224 1653 2295 Ἀδὰμ,
1695 2225 1829 2278 ἀλλὰ
1870 2224 1964 2279 καὶΙ

397 2311 519 2366 κατ’
553 2313 722 2385 αὐτὴν
747 2315 845 2384 τὴν
874 2316 1257 2387 λαμπρότητα.
1378 2324 1381 2327 ’

470 2586 591 2640 Ὅτι
614 2584 671 2639 δὲ
697 2586 868 2639 ταῦτα
893 2584 1063 2650 οὕτως
1097 2585 1232 2655 ἔχει,
1278 2588 1375 2641 καὶ
1408 2589 1490 2642 ὅτι
1514 2588 1784 2659 τοσαύτην
1820 2588 1966 2659 λαμο

398 2679 645 2749 πρότητα
668 2678 728 2729 τὸ
761 2678 857 2730 τοῦ
902 2679 1073 2747 Ἀδὰμ
1107 2676 1202 2731 ἀπ’
1232 2679 1406 2749 ἀρχῆς
1449 2681 1803 2751 ὲφαιδρύνετο
1828 2683 1965 2751 πρό-

398 2786 601 2833 σωπον,
655 2771 681 2821 ὁ
724 2769 980 2835 Σιναττης
1032 2769 1175 2832 θεῖος
1220 2772 1575 2835 Ἀναστάσιος
1623 2776 1681 2826 ὲν
1717 2776 1783 2840 τῇ
1837 2774 1966 2845 παρ’

397 2859 563 2912 αὑτοῦ
617 2861 996 2930 συγγραφείσῃ
1050 2856 1320 2933 βί6λῳ,ᾖ
1376 2864 1435 2913 τὸ
1486 2861 1655 2932 ὄνομα
1696 2862 1965 2933 Ὀδηγὸς,

2062 1954 2106 2008 si
2144 1960 2400 2021 tanquam
2451 1951 2533 2006 sol
2582 1959 2711 2005 tunc
2738 1951 2865 2020 justi
2907 1950 3211 2021 fulgebunt.
3252 1948 3464 2005 Etenim
3512 1966 3635 2003 cum

2063 2044 2257 2114 gratia,
2291 2056 2412 2111 qua:
2453 2052 2728 2111 speratur,
2772 2055 3056 2110 regressus
3104 2041 3197 2106 sit,
3231 2051 3292 2096 ut
3337 2042 3447 2110 jam
3501 2040 3641 2094 dixi-

2063 2149 2204 2199 mus,
2237 2134 2304 2188 ad
2333 2134 2566 2203 primam
2598 2133 2743 2186 illam
2777 2132 2965 2194 vitam,
2994 2133 3396 2186 consectarium
3425 2146 3640 2198 quoque

2064 2234 2147 2279 est
2175 2233 2230 2279 et
2251 2231 2654 2279 resurrecturos
2704 2230 2836 2277 tunc
2880 2221 3077 2290 iustos,
3110 2235 3221 2275 non
3252 2221 3549 2276 secundum
3581 2220 3642 2273 ft-

2063 2328 2253 2384 guram
2292 2320 2350 2367 et
2402 2312 2641 2382 speciem
2690 2318 2925 2374 tantum,
2968 2319 3321 2365 surrecturus
3371 2325 3493 2364 esse
3526 2310 3642 2379 pri-

2064 2419 2155 2459 mo
2195 2404 2405 2457 Adamo
2466 2401 2803 2471 persimiles,
2863 2399 2958 2456 sed
3006 2408 3062 2455 et
3117 2399 3421 2455 secundum
3467 2400 3641 2469 ipsam

2066 2495 2375 2552 claritatem
2404 2493 2503 2565 (Δ).

2136 2586 2261 2643 Haec
2298 2594 2480 2641 autem
2515 2584 2588 2639 ita
2631 2599 2688 2639 se
2731 2584 2957 2651 habere,
3014 2592 3066 2639 et
3124 2591 3279 2639 tanto
3330 2581 3520 2636 Adami
3562 2581 3644 2635 fa-

2067 2679 2205 2735 ciem
2256 2677 2324 2736 δι)
2378 2676 2536 2730 initio
2576 2674 2844 2730 enituisse
2894 2674 3139 2744 fulgore,
3201 2672 3423 2727 divinus
3478 2671 3644 2723 etiam

2067 2768 2389 2823 Anastasius
2424 2765 2635 2821 Sinaita
2666 2764 2807 2818 libro
2851 2779 2879 2818 a
2918 2779 2977 2818 se
3019 2764 3241 2832 scripto,
3276 2763 3365 2817 cui
3405 2761 3521 2815 Dux
3547 2762 3645 2814 vim

2071 2860 2260 2914 titulus
2297 2868 2402 2923 est,
2448 2856 2736 2927 perspicue
2780 2870 2844 2909 ac
2889 2856 3125 2910 dilucide
3180 2854 3440 2917 ostendit,
3464 2853 3642 2907 disse-

400 2950 780 3019 ἀριδηλότερον
826 2949 992 3015 ἔδειξε
1037 2950 1250 3015 διεξιὼν
1280 2954 1463 3004 ἐκεῖσε
1507 2954 1647 3006 κατὰ
1691 2955 1844 3024 ῥῆμα
1875 2957 1965 3010 καὶ

2070 2965 2200 3005 rens
2252 2951 2325 3005 ibi
2371 2951 2521 3005 hisce
2556 2948 2748 3003 iisdem
2798 2948 2981 3002 verbis
3025 2963 3085 3003 ea
3133 2963 3251 3016 qua:
3298 2955 3643 3015 sequuntur:

401 3042 564 3094 τάδε·
620 3059 637 3089 ι
669 3041 906 3109 Ποιήσας
959 3043 1017 3093 ἐν
1065 3044 1208 3113 ἀρχῇ
1255 3044 1347 3096 τὸν
1389 3044 1558 3113 Ἀδὰμ
1606 3047 1633 3096 ὁ
1682 3045 1815 3108 Θεὸς
1844 3045 1965 3098 κατ’

2078 3061 2095 3094 ι
2132 3042 2268 3098 Cum
2304 3041 2570 3095 Adamum
2603 3041 2746 3094 Deus
2784 3040 2838 3093 in
2873 3040 3142 3109 principio
3176 3040 3241 3092 ad
3270 3039 3554 3107 imaginem
3592 3045 3646 3089 et

401 3131 584 3182 εἰκόνα
617 3131 708 3182 καὶ
741 3128 1000 3197 ὁμοίωσιν
1036 3129 1224 3190 αὐτοῦ,
1259 3129 1512 3192 ἐνέθηκεν
1547 3133 1627 3194 εἰς
1659 3132 1719 3184 τὸ
1751 3133 1965 3202 πρόσω-

2074 3134 2490 3189 similitudinem
2532 3147 2686 3185 suam
2723 3133 2964 3195 fecisset,
2997 3132 3115 3202 ejus
3150 3131 3304 3186 vultu
3333 3145 3432 3183 sua
3472 3129 3643 3197 inspi-

400 3238 502 3274 πον
526 3220 710 3284 αὐτοῦ,
740 3218 827 3271 διὰ
882 3218 970 3272 τοῦ
1003 3221 1420 3290 ὲμφυσήματος,
1450 3223 1643 3275 ἀκτῖνα
1673 3222 1767 3275 τοῦ
1798 3241 1965 3277 πανα-

2078 3226 2291 3278 ratione
2320 3223 2532 3278 radium
2569 3223 2645 3291 (5)
2679 3224 2853 3278 sancti
2909 3223 3164 3293 Spiritus,
3209 3231 3265 3277 et
3295 3222 3545 3292 gratiam,
3592 3228 3647 3273 et

399 3315 516 3380 γίου
537 3312 872 3380 Πνεύματος,
899 3312 987 3363 καὶ
1004 3312 1187 3381 χάριν,
1215 3314 1310 3365 καὶ
1345 3312 1637 3382 ἐλλαμψιν·
1663 3315 1963 3385 ἠμαύρωσε

2078 3314 2422 3383 Splendorem
2456 3314 2696 3368 amavit:
2730 3314 3038 3369 obfuscavit
3068 3328 3196 3370 vero
3218 3314 3369 3367 illum
3400 3311 3641 3373 omnino,

399 3406 457 3458 δὲ
502 3404 683 3457 τέλεον
722 3400 885 3456 αὐτὸν
936 3405 969 3471 ἡ
1018 3404 1329 3473 παράϐασις
1377 3404 1478 3473 τῆς
1535 3405 1784 3474 δοθείσης
1825 3404 1965 3475 αὑτῷ

2069 3405 2181 3460 dati
2228 3403 2405 3458 eidem
2440 3404 2610 3459 divinl
2651 3407 2907 3475 praecepti
2941 3406 3346 3475 transgressio;
3380 3418 3549 3473 quare
3592 3412 3646 3456 ct
3716 3456 3719 3467 ρ

401 3493 550 3554 θείας
582 3491 825 3561 ἐντολῆς,
868 3491 948 3559 ἐφ’
982 3483 1026 3559 ᾧ
1061 3494 1157 3544 καὶ⁹
1188 3492 1266 3561 τῷ
1318 3492 1599 3565 προσώπῳ
1654 3493 1820 3546 αὐτοῦ
1863 3492 1965 3561 Σὴθ

2072 3494 2243 3564 ipsius
2286 3495 2438 3562 Sethi
2470 3495 2645 3551 vultui
2678 3496 2929 3551 eumdem
2970 3497 3234 3567 fulgorem
3281 3497 3425 3550 Deus
3463 3504 3644 3565 postc—

400 3584 629 3651 ἐνέθηκε
662 3584 871 3652 ταύτην
900 3582 1130 3652 ὕστερον
1153 3585 1180 3636 ὁ
1218 3584 1348 3646 Θεός
1373 3600 1388 3616 ·
1422 3584 1687 3650 γνωρίσαι
1715 3584 1880 3638 θέλων
1912 3586 1976 3637 ἐκ

400 3675 591 3728 τούτου
616 3673 838 3736 καὶτοῖς
871 3674 1009 3743 μετὰ
1037 3676 1232 3738 ταῦτα,
1258 3676 1357 3745 τὴν
1394 3674 1643 3728 δοθεῖσαν
1671 3676 1747 3745 τῷ
1774 3676 1976 3747 πρώτῳ

404 3766 678 3838 ἀνθρώπῳ
732 3763 799 3817 δι’
850 3764 1016 3818 αὑτοῦ
1077 3767 1476 3837 ὲμφυσήματος
1532 3766 1817 3837 ἐλλαμψιν.
1866 3768 1977 3821 Καὶ

481 3923 559 3991 (5)
592 3922 648 3976 Id
675 3930 824 3976 recte
860 3922 1087 3977 afﬁrmat
1114 3922 1327 3993 Glycas,
1358 3938 1461 3977 nec
1497 3923 1549 3976 in
1610 3920 1970 3993 Hesychasta-

404 4010 527 4048 rum
556 3994 746 4061 dagma
779 3994 1113 4059 prolabitur;
1154 3994 1226 4045 illi
1249 3994 1393 4046 enim
1426 3992 1969 4061 perperam'arbitra-

406 4065 625 4123 bantur,
682 4064 960 4117 cmlestcm
994 4062 1141 4115 illum
1201 4061 1483 4129 fulgorem,
1559 4078 1667 4131 quo
1720 4061 1971 4131 Christus

365 4160 373 4168 -
408 4132 822 4200 transfiguratus
847 4146 1132 4185 coruscare
1166 4131 1315 4200 visus
1340 4139 1442 4191 est.
1476 4130 1778 4189 incrteatum
1803 4130 1972 4183 fuisse

403 4199 615 4267 aliquid
637 4215 700 4251 ex
741 4200 921 4252 divina
952 4211 1141 4253 natura
1173 4199 1465 4266 profluens.
1518 4200 1721 4253 Horum
1790 4207 1972 4265 partes

405 4279 819 4339 propugnarunt
845 4270 896 4321 in
926 4270 1117 4390 primis
1147 4267 1442 4338 Gregorius
1503 4269 1771 4328 Palamas,
1807 4267 1978 4320 Isido-

406 4355 500 4390 rus
519 4339 847 4390 patriarcha.
882 4337 920 4389 P
968 4339 1200 4390 ilotlteus
1243 4338 1585 4390 titetrooolita
1646 4337 1975 4389 lleraeleeno

406 4337 847 4406 ruspatriarcha,
882 4337 1200 4391 Philotlteus
1243 4337 1585 4405 metropolita
1646 4337 1975 4389 lleraeleeno

404 4411 503 4469 sis,
532 4417 587 4461 et
622 4417 806 4474 postea
860 4408 1163 4475 patriarcha
1222 4406 1886 4473 Constantinopolitanus,
1921 4412 1975 4458 et

403 4478 675 4544 Jusephus
701 4476 1024 4543 Bryenuius.
1054 4475 1323 4529 Caeterum
1358 4477 1502 4529 hunc
1524 4490 1770 4544 errorem
1798 4475 1974 4544 doctis

408 4531 790 4615 uoluminibus
809 4546 1147 4615 elucubratis
1190 4545 1584 4615 impugnarunt
1636 4531 2053 4615 Nicephorusl)

406 4617 694 4685 Gregoras,
731 4613 970 4685 Joannes
996 4612 1417 4685 Cyparissiotes,
1469 4613 1776 4685 Demetrius
1797 4612 1971 4681 Cydo-

408 4682 551 4747 nius‘,
577 4684 785 4736 Manuel
817 4682 1058 4747 Calecas,
1084 4682 1145 4735 et
1174 4684 1291 4752 ipse
1335 4682 1569 4737 Joannes
1629 4682 1968 4752 Cantacuze-

409 4769 531 4811 uus.
578 4755 735 4821 cujus
793 4754 1055 4806 adversus
1094 4750 1364 4805 Palamam
1418 4754 1496 4821 (a)
1542 4766 1679 4820 opus
1748 4766 1852 4803 ms.
1916 4750 1970 4802 in

402 4820 737 4877 bibliotheca
819 4821 1186 4874 Laurentiana
1264 4820 1551 4874 Florentiae
1634 4829 1968 4879 asservatur,

402 4894 545 4961 quod
580 4893 708 4944 olim
736 4891 1119 4961 publici_juris
1143 4891 1341 4951 facere,
1385 4890 1431 4961 si
1464 4889 1612 4961 Deus
1657 4890 1891 4961 annuit,
1914 4888 1968 4961 in

405 4958 591 5015 animo
625 4964 906 5014 habemus.
941 4959 1133 5028 Glycas
1156 4974 1286 5013 vero
1309 4958 1491 5011 radios
1524 4958 1615 5026 qui
1662 4973 1727 5011 ex
1767 4958 1968 5028 Christi

406 5046 641 5098 corpore
667 5030 992 5092 emicabant,
1012 5027 1232 5083 divinos
1265 5029 1537 5098 appellare
1568 5028 1804 5098 videtur,
1826 5027 1969 5094 quod

408 5097 735 5154 mirabiliter
768 5098 1055 5167 fttlgerent,
1082 5110 1136 5151 et
1171 5113 1238 5151 ex
1272 5099 1457 5151 divino
1480 5097 1683 5167 Christi
1741 5110 1970 5167 corpore

402 5170 788 5238 procederent.
828 5161 1075 5221 Uivinum
1106 5178 1190 5221 est
1219 5167 1481 5238 quidquid
1517 5166 1766 5238 excellit,
1789 5161 1874 5238 vel;
1903 5161 1969 5217 ad

409 5234 578 5291 Deum
604 5240 1094 5305 quomodocuuque
1110 5238 1366 5305 pertinet.
1414 5234 1647 5305 llteresis
1676 5235 1968 5287 Palamitn.

404 5324 525 5360 rum
560 5303 648 5360 xii;
684 5307 881 5361 saeculo
938 5303 1176 5359 Grmcant
1216 5303 1519 5360 Ecdesiam
1568 5305 1820 5358 infestam
1875 5305 1971 5357 ba-

405 5378 545 5430 buit.

481 5449 555 5514 (ει)
582 5446 825 5503 Consule
862 5444 1113 5513 superius
1148 5456 1259 5498 not.
1290 5443 1375 5499 48.

482 5512 558 5583 (5)
589 5517 830 5586 Cyrillns
869 5512 1086 5586 quoque
1125 5513 1524 5586 Alexandrinus
1576 5512 1671 5586 lib.
1713 5513 1970 5566 Adversus

408 5584 958 5656 Anthroﬁomorp/cih,
977 5585 1231 5652 opinatur
1260 5584 1404 5636 illam
1436 5584 1527 5637 Dei
1553 5584 1971 5653 aspirationem,

477 5731 549 5789 (a)
597 5731 698 5778 lmo

2074 3585 2190 3639 rius
2218 3585 2433 3650 indidit,
2466 3587 2818 3642 manifestare
2853 3588 3042 3642 volens
3068 3602 3134 3641 ex
3165 3587 3266 3641 hoc
3302 3586 3423 3655 ipso
3450 3583 3646 3638 futuris

2077 3676 2424 3741 mortalibus,
2470 3678 2652 3731 datam
2686 3693 2716 3731 a
2755 3693 2813 3733 se
2858 3680 3035 3748 primo
3075 3678 3284 3733 homini
3331 3692 3428 3731 sua
3473 3675 3649 3743 inspi-

2080 3767 2292 3822 ratione
2324 3768 2649 3827 claritatem.
2680 3768 2745 3824 Et
2772 3770 2896 3825 audi
2937 3770 3070 3839 quid
3107 3770 3175 3825 de
3206 3770 3309 3825 boc
3346 3770 3493 3825 dicat
3521 3782 3645 3823 saa-

2082 3936 2192 3976 non
2229 3922 2333 3977 nisi
2366 3922 2538 3977 sancti
2584 3920 2822 3990 Spiritus
2845 3922 3172 3978 infusionem
3224 3923 3412 3983 fuisse,
3437 3937 3541 3975 nec
3582 3922 3647 3974 il-

2074 3991 2182 4044 lam
2214 3993 2327 4045 vult
2365 3992 2569 4046 homini
2594 3993 2647 4043 in
2676 3991 2908 4044 animam
2954 3993 3222 4045 cessisse:
3251 3992 3372 4042 Ὀτι
3400 3992 3529 4056 γὰρ,
3562 3991 3646 4042 iu-

2077 4060 2217 4147 quit,
2254 4060 2377 4113 οὔτε
2405 4063 2488 4140 εἰς
2510 4060 2687 4147 ψυχὴν
2723 4062 2996 4147 ἀνθρώπῳ
3027 4061 3088 4139 ’τὸ
3138 4059 3454 4147 ὲρφυνσηθὲν
3490 4059 3639 4126 αὐτῷ

2076 4127 2266 4199 ⁴γέγονε
2297 4127 2538 4197 πνεῦμα,
2574 4128 2695 4199 οὔτε
2730 4127 2839 4199 μὴν
2871 4127 3117 4191 είςᾯοῦν,
3151 4127 3225 4190 ώς
3244 4128 3447 4199 οἷονταί
3472 4144 3641 4199 τινες,

2078 4197 2227 4249 ἔστιν
2261 4200 2514 4251 ἐντεῦθεν
2551 4198 2696 4263 ίδεῖν,
2726 4197 2844 4252 κτλ.
2882 4216 2901 4249 ι
2942 4199 3206 4267 Spiritum
3233 4198 3377 4251 enim
3428 4197 3641 4267 homini

2082 4267 2435 4326 insufﬂatum,
2464 4282 2572 4320 non
2599 4267 2700 4335 ipsi
2749 4266 2803 4320 in
2861 4266 3094 4322 animam
3142 4282 3321 4336 neque
3367 4266 3530 4319 etiam
3589 4266 3641 4317 in

2079 4346 2316 4390 mentem
2348 4337 2596 4398 cessisse,
2624 4347 2682 4388 ut
2723 4336 2939 4404 quidam
2990 4338 3328 4400 existimant,
3385 4337 3515 4389 hinc
3545 4340 3641 4404 Atri-

2077 4406 2204 4459 dere
2234 4406 2412 4469 licet,»
2453 4415 2558 4459 etc.
2593 4404 2694 4458 Alii
2728 4402 2907 4459 tamen
2937 4406 3098 4459 aliter
3126 4415 3374 4468 censent,
3437 4414 3493 4459 et
3541 4402 3643 4456 Mi-

2077 4474 2232 4528 chael
2263 4486 2447 4529 noster
2471 4474 2792 4542 praesertim.
2817 4490 2939 4526 cum
2972 4477 3023 4528 in
3052 4475 3201 4528 hisce
3233 4474 3497 4542 epistolis,
3528 4481 3643 4526 tum

2081 4551 2269 4611 partet
2310 4543 2601 4597 Annalium
2634 4543 2700 4596 de
2727 4544 2964 4596 hominis
3009 4545 3281 4597 creatione
3321 4558 3518 4612 agens,
3550 4543 3643 4594 ubi

2082 4624 2260 4667 tamen
2297 4613 2494 4682 Cyrillo
2541 4627 2609 4665 ex
2664 4621 2816 4679 parte
2863 4613 3054 4667 saltem
3108 4611 3368 4682 assentiri
3392 4611 3643 4682 videtur.

2076 4681 2413 4750 Augustinus
2443 4682 2535 4735 lib.
2576 4695 2695 4740 xm,
2730 4696 2850 4749 cap.
2878 4682 2947 4735 24
2987 4699 3000 4734 :
3039 4700 3056 4731 ι
3092 4681 3252 4735 Unde
3294 4693 3349 4736 et
3390 4681 3518 4733 illud
3555 4697 3646 4748 pa-

2079 4766 2197 4803 rum
2233 4750 2574 4804 considerate
2607 4751 2927 4818 quihusdam
2956 4752 3126 4805 visum
3160 4760 3262 4813 est,
3307 4751 3360 4803 in
3396 4765 3462 4803 eo
3494 4752 3638 4817 quod

2077 4819 2296 4889 legitur,
2329 4837 2346 4870 t
2381 4818 2672 4888 lnspiravit
2702 4819 2845 4873 Deus
2904 4820 2954 4873 in
2980 4819 3170 4874 faciem
3212 4822 3332 4888 ejus
3392 4819 3641 4887 spiritum

2075 4891 2220 4951 vitae,
2247 4901 2300 4944 et
2321 4890 2494 4941 factus
2524 4899 2607 4941 est
2657 4889 2819 4941 homo
2871 4889 2923 4940 in
2980 4891 3216 4941 animant
3276 4889 3571 4947 viventem,
3609 4906 3628 4937 ι

2074 4974 2183 5013 non
2213 4969 2340 5013 tunc
2375 4957 2611 5010 animam
2638 4958 2813 5022 primo
2870 4958 3075 5011 homini
3116 4960 3319 5020 datam,
3374 4958 3466 5011 sed
3520 4974 3640 5011 eam

2071 5044 2194 5097 qua:
2222 5030 2330 5097 jam
2369 5026 2800 5097 ineraﬁt,Spiritn
2836 5040 3028 5097 sancto
3061 5028 3408 5081 vivificatam.
3461 5025 3640 5081 Movet

2074 5096 2339 5152 enim’eos
2384 5096 2530 5163 quod
2561 5096 2822 5165 Dominus
2844 5096 3001 5149 Jesus
3046 5106 3400 5165 posteaquam
3457 5112 3640 5149 resuro

2076 5169 2216 5220 rexit
2249 5182 2277 5219 a
2309 5167 2560 5235 mortuis,
2607 5163 2897 5217 insufﬂavit
2924 5163 3415 5235 dicensdiscipulis
3476 5168 3590 5219 suis
3618 5180 3634 5216 :

2081 5256 2100 5287 ‹
2138 5237 2378 5303 Accipite
2409 5234 2670 5303 Spiritum
2717 5245 2987 5288 sanctum.
3032 5255 3049 5285 ›
3090 5234 3242 5289 Unde
3292 5237 3396 5288 tale
3434 5236 3641 5303 aliquid

2076 5305 2391 5359 existimant
2412 5306 2614 5356 factum
2639 5305 2797 5371 quale
2844 5315 2955 5358 tum
2993 5307 3191 5358 factum
3222 5315 3323 5368 est,
3372 5309 3525 5370 quasi
3590 5312 3645 5357 et

2077 5375 2164 5429 hic
2196 5384 2415 5428 secutus
2438 5373 2771 5445 evangelista
2801 5375 3016 5439 dixerit,
3048 5374 3110 5428 Et
3130 5376 3257 5445 facti
3295 5382 3414 5425 sunt
3443 5375 3496 5424 in
3527 5390 3648 5425 air.-

2076 5460 2215 5565 manft
2242 5446 2515 5495 viventem.
2556 5460 2576 5493 ι
2646 5441 2714 5494 Et
2742 5442 2939 5499 deinde
2982 5441 3139 5498 hanc'
3172 5444 3483 5511 opinionem
3536 5445 3647 5495 late

2080 5528 2178 5565 con
2210 5520 2345 5565 utat.

2080 5520 2345 5567 confutet.

732 5744 822 5792 pro
879 5728 1071 5777 Palama
1105 5729 1360 5792 adversus
1406 5723 1719 5792 Barlaamum
1765 5720 2190 5792 eLAcindurnum.
2223 5719 2309 5792 “In.
2340 5720 2485 5792 hujus
2551 5718 2778 5792 Opuseull
2822 5717 3008 5778 analysi
3062 5716 3206 5765 falsus
3250 5723 3328 5769 est
3365 5719 3645 5782 Bandinlus,

417 5780 549 5851 quod
576 5780 744 5842 Latuid
768 5794 925 5842 lucum
949 5793 1080 5838 fecit.
1104 5788 1227 5835 Vide
1259 5794 1445 5833 tomum
1470 5783 1625 5841 ων,
1648 5785 1742 5831 col.
1765 5786 1875 5845 695,
1909 5784 1989 5834 ubi
2021 5787 2081 5833 de
2108 5785 2197 5833 hoc
2222 5782 2606 5841 fusiusvgimus.
2633 5780 2768 5831 Eutr.
