4088 6186
1356 303 1393 313 -.ιν
1422 304 1493 315 *υν-

469 337 575 401 719

466 466 550 512 eta
606 456 889 529 Scriptura

1719 354 2139 417 MICHAELIS
2175 356 2436 421 GLYCAi

939 478 953 517 :
1008 464 1154 520 Vixit
1203 481 1335 525 vero
1393 468 1635 528 Adamns
1676 472 1929 529 ducentis
1979 485 2035 530 et

2155 474 2303 529 ἱκουε
2334 478 2387 531 τί
2418 480 2544 549 περὶ
2578 481 2768 534 τούτου
2814 482 2979 551 φησὶν
3010 482 3043 551 ἢ
3076 479 3210 551 ἁγία
3243 480 3457 554 Γραφῆ·
3501 480 3705 553 Ἔζησε

3596 364 3708 430 ’ΐΞο

467 551 687 620 triginta
727 554 886 607 annis
917 554 1017 623 (6),
1058 567 1111 611 et
1157 562 1341 630 genuit
1387 561 1558 618 filium
1604 565 1757 633 juxta
1807 566 2035 621 fortnam

2155 569 2194 621 se
2237 569 2410 637 Ἀδὰμ
2465 570 2559 640 ἐτη
2613 570 2860 624 διακόσια
2913 570 3051 641 πρὸς
3099 573 3216 633 τοῖς
3265 551 3577 641 τριάκοντα,
3613 551 3711 623 καὶ

466 652 520 694 et
544 642 835 706 imaginem
862 659 1039 709 suam,
1073 648 1176 703 hoc
1198 652 1474 721 est.juxta
1490 670 1609 709 eam
1641 656 1953 727 imaginem,
1986 669 2041 715 et

2155 661 2434 732 ἐγέννησεν
2466 662 2580 715 υίδν
2608 661 2748 716 κατὰ
2787 661 2887 727 τὴν
2937 662 3078 715 ἰδέαν
3121 661 3287 716 αὐτοῦ
3316 663 3408 716 καὶ
3437 662 3582 715 κατὰ
3610 661 3712 729 τὴν

454 730 809 799 ⁵ερῐοιιόονοιιι
842 751 1002 803 quem
1048 738 1240 796 habuit
1284 745 1353 797 ab
1388 744 1564 810 initio,
1612 757 1665 801 et
1696 750 1908 803 vocavit
1939 765 2037 805 no-

466 836 587 874 men
623 825 741 886 c;us
781 826 1033 889 Sethum,
1086 837 1231 899 quod
1271 834 1491 902 dicitur,
1529 842 1875 894 resmreclio:
1904 858 2041 912 quo-

465 914 608 964 niam
666 916 803 969 vidit
861 931 1174 975 renovatam
1238 925 1541 982 mirabilem
1592 930 1735 984 illam
1793 932 2041 995 formam,

461 1005 619 1071 cujus
660 1023 823 1061 causa
866 1011 1040 1077 ipsum
1073 1013 1328 1069 homines
1372 1019 1461 1086 qni
1506 1035 1573 1074 eo
1606 1029 1849 1092 tempore
1888 1026 2041 1079 vive-

461 1096 590 1148 bant
648 1098 723 1163 (7)
773 1098 942 1152 Deum
993 1103 1354 1170 appellavere.
1421 1126 1440 1158 ι
1499 1112 1627 1165 Hac
1677 1112 1867 1167 eadem
1939 1114 2043 1184 igi-

465 1198 561 1239 tur
621 1189 853 1255 prodere
892 1190 1109 1246 videtur
1157 1194 1319 1249 etiam
1379 1198 1597 1254 divinus
1651 1202 1738 1257 ille
1781 1204 2044 1261 Macarius

466 1278 773 1347 Aigyptius.
815 1280 1033 1336 Etenim
1071 1299 1195 1338 cum
1233 1286 1302 1341 de
1349 1288 1439 1343 illa
1489 1291 1655 1362 gloria
1683 1310 1848 1363 quam
1894 1296 2043 1351 vultu

463 1384 564 1422 suo
608 1370 698 1424 Dei
753 1375 1153 1443 contemplator
1191 1376 1365 1434 Moses
1396 1382 1739 1449 eoruscahat,
1782 1395 1837 1441 et
1879 1403 2040 1456 quam

466 1477 626 1514 nemo
655 1472 867 1531 poterat
898 1465 1017 1521 lixis
1060 1468 1236 1525 oculis
1278 1470 1496 1536 intueri,
1545 1474 1880 1543 loqueretur,
1933 1480 2045 1532 lucc

470 1558 579 1607 duo
627 1556 793 1610 etiam
844 1557 1126 1623 disseruit,
1166 1578 1271 1630 qua
1313 1564 1527 1619 scilicet
1557 1565 1726 1636 gloria
1770 1584 1799 1622 a
1847 1571 2047 1637 princi-

466 1646 555 1713 pio
602 1648 843 1703 Adamus
888 1650 1056 1706 fuerit
1098 1653 1412 1724 insignitus,
1448 1667 1503 1713 et
1534 1675 1711 1729 .quam
1753 1663 2047 1717 novissime

462 1730 733 1805 iustorum
785 1742 1075 1797 habiturus
1124 1754 1208 1823 est
1251 1748 1467 1803 chorus.
1504 1749 1644 1805 Audi
1680 1753 1841 1823 igitur
1881 1753 2045 1823 ipsis-

465 1830 601 1882 sima
638 1831 813 1886 divini
844 1833 1007 1902 hujus
1034 1821 1348 1899 viri‘verba,
1399 1841 1598 1913 quibus
1629 1843 1682 1897 in
1705 1821 1846 1898 ‘suis
1892 1821 2045 1914 capi-

470 1922 598 1974 tulis
642 1922 715 1976 ita
764 1924 925 1979 infit:
960 1926 1215 1995 «Opinor
1266 1942 1447 1987 autem
1480 1934 1836 2004 gloriﬁcatum
1883 1938 2048 1994 Mosis

466 2009 673 2063 vultum
723 2010 950 2067 formam
987 2030 1111 2071 esse
1155 2027 1210 2073 et
1244 2022 1553 2091 exemplum
1604 2025 1750 2079 illius
1785 2027 2042 2097 hominis,

467 2112 627 2165 quem
678 2100 817 2154 Deus
859 2104 974 2160 suis
1020 2108 1272 2164 manibus
1320 2112 1583 2168 condidit.
1616 2133 1635 2167 ι
1692 2116 1760 2171 Ει
1806 2119 2042 2174 iterum:

477 2187 726 2280 «Beatus
756 2192 934 2250 Moses
974 2197 1065 2252 illa
1108 2199 1278 2253 divini
1323 2200 1561 2271 Spiritus
1595 2207 1786 2276 gloria,
1831 2226 1953 2280 quae
1989 2211 2045 2265 in

471 2369 528 2423 in
590 2375 996 2430 resurrectione
1054 2378 1369 2446 iustorum,
1422 2399 1652 2455 corpora
1704 2388 2045 2446 'Sanctorum

469 2461 819 2531 glnriticanda
860 2468 990 2523 sint.
1025 2487 1045 2521 ι
1103 2469 1287 2528 Bellus
1318 2473 1483 2545 igitur
1510 2492 1691 2535 sermo
1719 2480 1928 2539 ferebat
1962 2491 2080 2541 εει-⁸

469 2556 865 2611 surrectioncm
919 2574 1042 2615 esse
1085 2564 1151 2616 ad
1196 2566 1474 2636 antiquam
1508 2569 1655 2625 illam
1709 2574 2049 2647 primamque

465 2645 630 2699 vitam
665 2663 990 2718 regressum.
1044 2652 1252 2710 Praeter
1286 2672 1348 2711 ea
1416 2675 1546 2715 vero
1600 2677 1720 2732 qua:
1781 2645 2047 2725 hactenus

468 2737 728 2803 diximus,
771 2743 973 2812 aliquid
1019 2747 1181 2812 etiam
1224 2748 1370 2805 aliud
1402 2751 1715 2822 huiusmodi
1764 2760 2048 2831 transfigu-

468 2842 623 2887 ratus
694 2837 953 2892 Servator
1017 2841 1291 2907 ostendit,
1343 2844 1569 2915 gloriam
1629 2850 1837 2905 scilicet
1898 2852 2045 2908 illam

467 2944 654 2999 quam,
689 2947 812 2986 cum
857 2934 1101 2988 secundo
1143 2937 1378 3002 venerit,
1428 2940 1837 3010 manifestabit;
1883 2962 2049 3017 super

466 3025 612 3091 quod
674 3026 831 3079 ﬁdem
891 3028 1093 3083 adhibe
1142 3030 1400 3103 theologo
1458 3032 1727 3106 Gregorio
1794 3038 2044 3097 dicenti:

2143 756 2327 808 εἰκόνα
2378 754 2567 816 αὐτοῦ.
2618 755 2764 808 τοῦτ’
2802 754 2971 819 ἐστιν,
3003 755 3126 808 οἵαν
3182 750 3329 825 εἶχεν
3389 753 3486 807 ἀπ’
3536 752 3715 821 ἀρχῆς

2144 845 2327 898 εἰκόνα
2360 846 2454 898 καὶ
2497 845 2785 915 ελλαμψιν.
2821 846 2918 898 καὶ
2952 844 3274 909 ἐπωνόμασε
3311 844 3371 897 τὸ
3411 843 3583 911 ὄνομα
3612 843 3714 894 αύ-

2140 936 2235 989 τοῦ
2264 936 2394 1005 Σὴθ,
2417 938 2445 989 6
2467 936 2686 1005 λέγεται
2718 935 3155 1000 ἐξανάστασιςο
3191 935 3379 1006 ἐπειδὴ
3408 931 3549 987 εἶδεν
3578 936 3713 987 ἀνα-

2143 1031 2510 1082 καινισθείσαν
2563 1029 2662 1100 τὴν
2715 1028 3016 1099 παράδοξον
3081 1026 3297 1098 εκείνην
3348 1026 3605 1096 μορφὴν,
3647 1020 3717 1096 ἧς

2142 1118 2305 1171 ἕνεκα
2340 1119 2434 1171 καὶ
2462 1119 2596 1172 Θεδν
2630 1120 2797 1173 αὐτὸν
2824 1121 2872 1173 oi
2907 1119 3030 1174 κατ’
3061 1120 3239 1171 ἐκεῖνο
3280 1116 3473 1187 καιροῦ
3511 1118 3721 1185 τυγχά-

2145 1225 2329 1271 νοντες
2359 1209 2639 1278 ἄνθρωποι
2686 1210 3165 1279 προσηγόρευσαν.
3197 1227 3217 1261 ι
3252 1208 3436 1262 Ταῦτα
3478 1208 3578 1277 μὲν
3624 1207 3720 1260 οὖν

2147 1297 2515 1364 ύπεμφαίνειν
2546 1298 2691 1351 ἔοικε
2730 1299 2820 1351 καὶ⁵
2847 1298 2876 1350 6
2924 1299 3068 1361 θεῖος
3118 1299 3325 1360 ὶκεῖνος
3368 1298 3654 1366 Μακάριος
3688 1298 3721 1348 6

2146 1387 2467 1454 Αἰγύπτιος.
2508 1388 2607 1442 Διὰ
2634 1388 2741 1457 γὰρ
2778 1390 2880 1456 τῆς
2930 1384 3088 1457 δόξης
3119 1388 3333 1465 ἐκείνης
3360 1388 3460 1455 τῆς
3490 1387 3723 1455 ἐπιλαμ-

2148 1478 2359 1548 πούσης
2396 1480 2516 1533 τότε
2546 1479 2625 1549 τῷ
2656 1478 2937 1549 προσώπῳ
2967 1488 3062 1533 τοῦ
3103 1479 3329 1533 θεόπτου
3358 1478 3602 1541 Μωσέως
3637 1478 3720 1540 εἱς

2146 1572 2216 1643 ἢν
2247 1572 2422 1635 οὐδεὶς
2450 1573 2693 1626 ἀτενίσαι
2741 1572 2993 1643 ἠδύνατο,
3046 1574 3141 1625 καὶ⁵
3179 1576 3285 1642 μὴν
3339 1571 3507 1639 ἄμφω
3545 1568 3723 1622 ταῦτα

2150 1668 2484 1734 παρέστησε,
2518 1665 2611 1718 καὶ
2645 1664 2713 1736 ἦν
2764 1659 2878 1734 εἶχε
2922 1664 3123 1733 δηλαδὴ
3158 1664 3315 1730 δόξαν
3352 1663 3448 1715 ἀπ’
3480 1663 3654 1731 ἀρχῆς
3693 1663 3725 1713 6

2162 1755 2355 1825 Ἀδὰμ,
2384 1756 2476 1808 καὶ
2506 1757 2572 1826 ἣν
2605 1756 2660 1819 ἐς
2691 1755 2917 1826 ὕστερον
2947 1758 2974 1809 6
3004 1755 3114 1808 τῶν
3144 1754 3366 1807 δικαίων
3395 1753 3507 1824 ἔχει
3537 1753 3724 1822 χορός.

2151 1849 2262 1902 Kal
2291 1850 2455 1904 ἄκουε
2493 1850 2551 1903 τί
2595 1850 2739 1903 κατὰ
2775 1849 2926 1919 ῥῆμά
2958 1866 3121 1918 φησιν
3149 1849 3177 1900 6
3223 1846 3363 1909 θεῖος
3394 1840 3550 1909 οὗτος
3581 1845 3725 1915 ἀνὴρ

2151 1944 2209 1995 ὲν
2236 1941 2554 2010 κεφαλαίοις
2599 1941 2787 1998 αὐτοῦ.
2826 1960 2846 1994 ι
2883 1940 3033 1993 Δοκῶ
3067 1940 3126 1993 τὸ
3170 1939 3554 2008 δεδοξασμένον
3584 1939 3722 2006 πρό.

2152 2051 2334 2089 σωπον
2360 2035 2604 2096 Μωσέως
2628 2035 2796 2088 τύπον
2824 2029 2961 2087 εἶναι
2993 2036 3086 2087 καὶ
3118 2032 3423 2102 ὑπόδειγμα
3445 2032 3539 2085 τοῦ
3573 2031 3724 2101 πρὼο

2151 2142 2246 2179 του
2273 2127 2361 2181 διὰ
2402 2125 2599 2197 χειρῶν
2643 2124 2777 2179 Θεοῦ
2811 2124 3315 2195 δημιουργηθέντος
3350 2122 3663 2193 ἀνθρώπου.
3695 2142 3714 2175 ι

2100 2276 2103 2277 ν
2154 2216 2264 2269 Καὶ
2306 2216 2482 2283 αὖθις,
2525 2235 2543 2269 ι
2572 2216 2779 2284 Μωσῆς
2802 2217 2831 2269 6
2862 2218 3130 2287 μακάριος
3161 2213 3405 2280 ὑπέδειξε
3434 2216 3605 2267 τύπον
3638 2214 3727 2267 διὰ

469 2279 590 2345 ejus
624 2281 770 2335 \‘ultu
805 2283 1125 2354 refulgebat,
1171 2293 1451 2358 specimen
1489 2295 1737 2362 priehuit,
1769 2279 2046 2367 quomodo
2108 2306 2111 2309 ’

2150 2308 2254 2377 τῆς
2281 2308 2361 2377 τῷ
2398 2307 2677 2378 προσώπῳ
2725 2308 2892 2361 αὑτοῦ
2928 2308 3351 2378 ὲπιλαμπούσης
3396 2304 3491 2360 τοῦ
3553 2307 3726 2361 Πιθεύ-

2159 2416 2325 2470 ματος
2356 2399 2535 2469 δόξης,
2562 2399 2681 2462 πῶς
2714 2401 2772 2452 ὲν
2810 2401 2876 2471 τῇ
2922 2397 3032 2454 τῶν
3060 2399 3285 2453 δικαίων
3335 2400 3633 2453 ἀναστάσει
3657 2401 3726 2452 τὰ

2154 2490 2264 2544 τῶν
2308 2490 2481 2557 ἁγίων
2508 2489 2900 2561 δοξασθήσεται
2956 2490 3204 2560 σώματα.
3245 2510 3265 2543 ι
3323 2491 3502 2553 Καλὸς
3553 2487 3648 2548 οὖν
3699 2494 3730 2543 6

2154 2582 2314 2651 λόγος
2344 2581 2498 2649 ἔλεγε
2540 2582 2843 2636 ἀνάστασιν
2877 2583 3135 2637 ἐπάνοδον
3178 2580 3320 2636 εἶναι
3369 2583 3506 2653 πρός
3532 2597 3596 2650 γε
3627 2582 3729 2649 τὴν

2155 2674 2393 2745 ἀρχαίαν
2419 2675 2634 2746 ἐκείνην
2662 2677 2755 2729 καὶ
2783 2675 3009 2746 πρώτην
3039 2674 3207 2746 ζωήν.
3252 2676 3374 2729 Ἐπὶ
3407 2674 3590 2743 μέντοι
3616 2675 3729 2735 τοῖς

2155 2767 2255 2837 ἠδη
2287 2768 2707 2837 προειρημένοις
2740 2766 2833 2821 καὶ
2880 2768 3068 2837 ἕτερόν
3105 2785 3156 2820 τι
3206 2767 3731 2839 μεταμορφούμενος

2156 2859 2357 2923 ἔδειξεν
2388 2861 2416 2911 6
2445 2860 2655 2929 Σωτήρ.
2703 2859 2789 2913 Ti,
2816 2858 3013 2923 τοῦτος
3049 2860 3161 2928 Τὴν
3205 2860 3364 2926 δόξαν
3413 2860 3629 2930 ἐκείνην
3659 2857 3730 2931 ἣν

2162 2947 2347 3016 μέλλει
2379 2947 2523 3002 κατὰ
2551 2964 2615 3015 γε
2662 2948 2762 3015 τὴν
2790 2946 3049 3018 δευτέραν
3081 2948 3247 3001 αὑτοῦ
3299 2948 3602 3017 παρουσίαν
3641 2950 3726 3000 ὲν-

2156 3037 2454 3101 δείξασθαι.
2492 3036 2601 3090 Καὶ
2637 3035 2827 3089 πείθου
2876 3037 2956 3106 τῷ
3004 3036 3250 3109 Θεολόγῳ
3308 3036 3593 3108 Γρηγορίῳ
3638 3035 3729 3088 λέ-

475 3132 494 3165 c
534 3116 727 3171 Veniet
768 3118 935 3188 igitur
968 3135 1091 3175 cum
1123 3137 1355 3193 corpore
1404 3124 1660 3183 Chrisms
1704 3131 1827 3187 talis
1873 3133 2051 3201 qualis

2158 3146 2342 3198 γοντι·
2384 3145 2405 3180 ι
2448 3127 2608 3193 Ἥξει
2641 3128 2742 3198 μὲν
2786 3123 2880 3181 οὖν
2913 3126 3051 3197 μετὰ
3100 3128 3197 3180 τοῦ
3246 3127 3497 3198 σώματος
3529 3129 3557 3179 6
3593 3125 3727 3196 Χριο

469 3206 754 3275 discipulis
816 3214 1068 3279 apparuit
1113 3215 1169 3267 in
1215 3225 1438 3283 monte,
1485 3218 1772 3277 divinitate
1831 3238 2053 3280 carnem

470 3300 634 3368 longo
665 3301 957 3357 intervallo
983 3318 1275 3372 superante
1307 3327 1355 3364 ι.

545 3391 692 3447 Bene
755 3394 922 3463 igitur
972 3398 1188 3453 dicebat
1249 3402 1476 3471 insuper
1511 3405 1777 3463 Dominus
1824 3409 1941 3465 fore
1995 3421 2057 3467 ut

473 3494 730 3554 tauquam
772 3487 850 3540 sol
882 3490 1014 3555 justi
1062 3488 1390 3559 relulgeant.
1429 3495 1564 3550 Cum
1605 3498 1751 3552 enim
1792 3501 2055 3569 splendo-

475 3591 588 3630 rem
635 3593 701 3631 ει
765 3578 1053 3635 Dominico
1111 3596 1341 3653 corpore
1383 3589 1771 3655 procedentem
1824 3607 2056 3664 excepe-

473 3668 610 3731 rint,
634 3669 706 3723 ita
746 3670 781 3723 ii
817 3679 948 3725 tunc
986 3673 1557 3743 transfnrtnahuntur,‘
1582 3689 1636 3734 et
1676 3681 1851 3749 palam
1883 3700 2053 3754 appa-

472 3759 697 3821 rebunt.
725 3771 785 3813 ut
829 3777 1030 3831 corpus
1073 3765 1351 3833 quoddam
1388 3769 1719 3838 pellucidum
1761 3774 2056 3842 splendore

475 3850 608 3905 solis
663 3852 1017 3907 illustratum.
1064 3853 1159 3910 llis
1193 3873 1418 3929 magnus
1457 3862 1620 3915 etiam
1674 3862 1875 3920 Paulus
1926 3883 2055 3924 con-

477 3944 670 4000 cinens
699 3946 936 4011 dicebat,
991 3955 1122 4003 tunc
1162 3963 1190 4002 a
1226 3947 1516 4008 Servatore
1549 3964 1797 4011 nostrum
1850 3957 2055 4014 humile

476 4053 677 4108 corpus
708 4040 777 4093 ita
816 4042 1261 4096 transformatnm
1311 4044 1400 4107 iri,
1454 4055 1514 4100 ut
1549 4062 1650 4101 suo
1697 4048 1937 4104 futurum
1984 4052 2054 4107 sit

477 4131 692 4197 corpori
731 4132 968 4201 glorioso
1012 4132 1311 4187 conforme.
1363 4136 1724 4200 Quamobrem
1760 4140 1813 4193 in
1863 4140 1946 4197 his
1994 4157 2055 4196 se

479 4220 775 4290 ancipitem
821 4221 1109 4277 traducere
1146 4221 1288 4277 haud
1325 4222 1547 4293 dignum
1584 4234 1689 4279 est.
1722 4225 1780 4280 Si
1809 4228 1954 4282 enim
1985 4231 2055 4285 ab

479 4310 601 4376 ipso
631 4311 785 4365 initio
810 4312 1070 4378 Adamus,
1101 4328 1226 4367 cum
1259 4312 1515 4369 videlicet
1545 4315 1743 4371 divinis
1784 4318 1942 4375 fictus
1971 4330 2056 4376 est

484 4398 759 4459 manibus,
796 4408 1001 4453 tantam
1051 4413 1117 4453 ex
1154 4398 1340 4454 divino
1378 4400 1558 4455 afﬂatu
1610 4402 1913 4460 claritatem
1964 4424 2055 4463 re-

2164 3221 2285 3283 στδς
2316 3218 2558 3282 τοιοῦτος
2601 3221 2786 3282 ὁποῖος
2833 3218 2986 3288 ὤφθη
3035 3222 3143 3282 τοῖς
3202 3218 3469 3288 μαθηταῖς
3502 3220 3597 3270 ἐπὶ
3633 3217 3730 3271 τοῦ

2160 3310 2342 3382 ὅρους,
2367 3309 2749 3380 ύπερνικώσης
2773 3310 2834 3363 τὸ
2866 3312 3091 3377 σαρκίον
3118 3310 3217 3380 τῆς
3247 3310 3513 3379 θεότητος.
3549 3329 3569 3362 ι

2232 3398 2550 3465 Καλῶςοῦν
2577 3402 2669 3455 ἐπὶ
2700 3400 2909 3463 τούτοις
2938 3401 3089 3469 ἔλεγε
3117 3403 3245 3465 τοὺς
3284 3402 3527 3465 δικαίους
3560 3403 3587 3455 6
3618 3401 3736 3455 Κύ-

2164 3509 2281 3565 ριος
2311 3492 2432 3548 κατ’
2460 3492 2624 3546 αὐτὸν
2653 3492 2933 3562 ἀστράψαι
2962 3493 3053 3545 τδν
3098 3490 3274 3561 ἥλιον.
3307 3492 3419 3560 Τὴν
3471 3493 3581 3563 γὰρ
3622 3494 3733 3547 ἀπὸ

2159 3582 2258 3636 τοῦ
2293 3581 2631 3636 Δεσποτικοῦ
2663 3581 2915 3652 σώματος
2956 3583 3279 3652 ὲκπηδῶσαν
3308 3584 3502 3656 αἴγλην
3537 3587 3734 3641 ὑποδε-

2163 3673 2386 3741 ξάμενοι
2443 3675 3099 3743 μεταστοιχειωθήσονται
3159 3675 3483 3745 τηνικαῦτα,
3525 3679 3735 3749 καίπερ

2160 3765 2495 3834 ὀφθήσονται
2538 3764 2805 3833 ἄντικρυς
2855 3765 3107 3836 καθάπερ
3160 3783 3214 3819 τι
3268 3767 3428 3836 σῶμα
3476 3769 3736 3836 διαφανὲς

2164 3854 2533 3927 μαρμαρυγὴν
2589 3855 2744 3925 ἡλίου
2797 3854 3105 3926 δεχόμενον.
3146 3858 3301 3911 Κατὰ
3349 3857 3507 3911 τοῦτο
3564 3860 3657 3912 καὶ
3706 3858 3737 3911 6

2163 3949 2467 4016 πάμμεγας
2502 3944 2655 4013 ἔλεγε
2709 3944 2920 4008 Παῦλος
2970 3947 3052 4000 ὅτι
3106 3947 3571 4017 μετασχηματίσει
3610 3948 3738 4002 τότε

2160 4039 2222 4092 τὸ
2264 4039 2423 4106 σῶμα
2472 4038 2573 4106 τῆς
2624 4038 3008 4101 ταπεινώσεως
3042 4039 3198 4110 ἡμῶν
3242 4039 3272 4090 6
3321 4040 3510 4109 Σωτὴρ
3555 4042 3637 4103 εἰς
3674 4042 3740 4093 τὸ

2160 4129 2415 4199 γενέσθαι
2447 4128 2773 4199 σύμμορφον
2804 4128 2883 4199 τῷ
2927 4128 3140 4199 σώματι
3194 4131 3295 4200 τῆς
3337 4131 3497 4201 δόξης
3523 4131 3693 4184 αὐτοῦ
3718 4149 3735 4165 ·

2160 4220 2333 4293 ταύτῃ
2366 4237 2449 4273 τοι
2476 4219 2569 4273 καὶ
2597 4219 2966 4289 ἀμφιδάλλειν
2996 4221 3092 4273 ἐπὶ
3130 4221 3342 4283 τούτοις
3382 4222 3483 4275 οὐκ
3536 4222 3691 4287 ἄξιον
3720 4239 3737 4254 ο

2160 4312 2212 4366 εί
2236 4314 2343 4380 γὰρ
2377 4309 2436 4376 ἐξ
2459 4310 2634 4381 ἀρχῆς
2668 4310 2837 4380 αὐτῆς
2860 4313 2888 4363 6
2922 4310 3113 4379 Ἀδὰμ,
3145 4312 3307 4382 ἡνίκα
3335 4312 3536 4382 δηλαδὴ
3561 4312 3740 4375 Gaiae;

2160 4404 2408 4475 ἐπλάσθη
2434 4403 2611 4473 χερσὶ,
2646 4402 2916 4471 τοσαύτην
2954 4401 3168 4467 ἐδέξατο
3199 4401 3289 4456 διά
3330 4419 3395 4471 γε
3441 4403 3536 4457 τοῦ
3582 4403 3738 4456 θείου

479 4486 673 4555 cepit:
707 4486 883 4541 elucet
931 4488 1157 4540 omnino
1209 4487 1488 4541 hominem
1539 4487 1700 4542 etiam
1744 4503 1775 4544 a
1821 4493 2052 4547 mortuis

2156 4497 2558 4566 ἑμιφυετήμκὶι⁴τθς
2585 4494 2685 4563 τὴν
2713 4493 3075 4563 φαιδρότητα,
3122 4492 3374 4561 φαίνεται
3407 4495 3624 4558 πάντως
3647 4496 3738 4550 ὅτι

482 4588 946 4649 resurrecturum,
981 4579 1225 4650 ejusdem
1271 4578 1503 4651 fulgoris
1556 4580 1763 4650 gloria,
1817 4581 2056 4654 Spiritus

555 4794 633 4862 (ϐ)
669 4794 1205 4866 Graccuscontetttus
1258 4792 1417 4862 juxta
1458 4792 1601 4849 LXX
1662 4795 1847 4862 habet,
1904 4794 2062 4866 τριά-

485 4883 653 4920 κοντα
690 4866 782 4917 καὶ
815 4864 1065 4917 διακόσια
1097 4862 1216 4933 ἔτη.

558 4936 636 5004 (7)
662 4936 737 4988 De
769 4934 915 4989 Enos
948 4932 1000 4986 id
1040 4932 1201 4987 tradit
1247 4932 1484 5004 Cyrillus
1518 4933 1921 4990 Alexandrinus
1963 4935 2059 4991 lib.

489 5007 698 5061 σύνιστε.
725 5004 1291 5073 Anthropomorphitas
1313 5047 1325 5069 ,
1357 5019 1477 5073 cap.
1507 5005 1611 5058 l7:
1651 5005 1836 5068 Ἐνὼς,
1868 5007 1928 5070 6;
1975 5007 2064 5060 διὰ

488 5075 691 5141 πολλὴν
725 5074 864 5137 ἄγαν
890 5072 1241 5140 δικαιοσύνην
1276 5072 1594 5141 ὠνόμασται
1651 5076 1803 5142 παρὰ
1837 5078 1947 5136 τοῖς
2001 5078 2062 5128 τὸ

489 5143 798 5209 τηνικαῦτα
824 5141 1002 5203 Θεός..
1032 5160 1050 5193 ι
1096 5143 1242 5197 Enos
1268 5144 1359 5212 qui
1403 5146 1474 5195 ob
1502 5143 1757 5197 eximiam
1785 5144 2055 5211 justitiam

487 5221 720 5270 vocatus
746 5222 831 5266 est
858 5212 926 5265 ah
962 5212 1105 5266 illius
1141 5214 1403 5281 temporis
1454 5212 1767 5267 hominibus
1824 5216 1989 5268 Deus.
2030 5233 2049 5266 ι

454 5324 461 5329 -
492 5285 693 5339 Fidnnt
717 5292 897 5336 autem
924 5283 977 5337 hi
998 5283 1088 5336 illo
1111 5283 1389 5337 Geneseos
1409 5282 1531 5337 loco
1553 5282 1619 5336 de
1639 5281 1784 5336 Enos
1815 5300 1828 5337 :
1862 5285 2061 5336 Ἥλπι-

493 5373 551 5408 σε
584 5353 960 5406 ἐπικαλεῖσθαι
1018 5353 1079 5404 τὸ
1108 5351 1277 5421 ὄνομα
1326 5352 1534 5420 Κυρίου
1582 5352 1674 5404 τοῦ
1703 5352 1838 5405 Θεοῦ
1868 5352 2056 5408 αὐτοῦ.

498 5427 722 5491 Vulgata
752 5424 957 5476 habet:
992 5441 1010 5472 ι
1036 5422 1141 5476 lste
1173 5422 1341 5489 coepit
1379 5422 1638 5491 invocare
1694 5436 1893 5476 nomen
1954 5423 2059 5475 Do-

497 5490 649 5549 neini.
692 5513 709 5545 ι
781 5493 1004 5559 Vulgata
1051 5492 1328 5561 antiquior
1364 5508 1378 5545 :
1417 5508 1436 5541 ι
1465 5490 1715 5561 Cmptum
1761 5502 1846 5545 est
1901 5492 2059 5544 invo-

493 5567 603 5619 cari
654 5580 852 5619 nomen
880 5561 1116 5616 Domini.
1161 5558 1201 5612 ι’
1234 5561 1336 5613 Alii
1384 5568 1645 5613 vertunt:
1676 5558 1925 5625 Cmptum
1978 5570 2060 5616 est

491 5635 768 5703 profanari
799 5646 997 5686 nomen
1036 5629 1148 5703 Dei.
1174 5630 1441 5703 Caeterum
1478 5629 1561 5703 de
1596 5628 1713 5703 ipso
1737 5631 1906 5703 Setino
1926 5629 2058 5703 βιγ-

490 5699 583 5756 eas
612 5712 794 5757 noster
827 5710 978 5768 parte
1011 5717 1046 5755 ιι
1066 5699 1371 5761 Annalium,
1403 5700 1517 5751 hazc
1550 5700 1753 5752 habet:
1790 5700 1849 5748 '0
1872 5699 2057 5767 μέντοι

493 5773 599 5841 Σὴθ
630 5774 725 5842 tu;
770 5772 942 5839 ζήσας
987 5769 1303 5826 ἐννεακόσια
1341 5768 1549 5823 δώδεκα
1615 5768 1861 5840 τελευτᾷ,
1923 5769 2049 5833 Θεὸς

2163 4589 2193 4642 6
2238 4587 2305 4640 ἐκ
2360 4582 2571 4656 νεκρῶν
2603 4582 3043 4654 ἀναστησόμενος
3085 4583 3372 4653 ἄνθρωπος
3414 4586 3513 4656 τῆς
3560 4585 3738 4655 αὐτῆς

2161 4790 2303 4848 εἶναι
2354 4794 2442 4848 διὰ
2494 4794 2595 4863 τὴν
2634 4795 2833 4865 ἀρετὴν
2858 4794 3024 4865 αὐτοῦ
3070 4793 3462 4865 νομιζόμενος,
3518 4790 3610 4845 καὶ
3637 4789 3735 4848 διὰ

2159 4866 2221 4918 τὸ
2276 4865 2494 4935 πρῶτος
2550 4863 2845 4935 εὑρηκέναι
2872 4868 2943 4919 τὰ
2967 4863 3255 4935 ’Ἑϐραϊκὰ
3284 4863 3608 4935 γράμματα
3638 4865 3740 4935 ul

2159 4936 2259 4998 τὰς
2319 4931 2430 4986 τῶν
2464 4931 2706 5002 ἀστέρων
2762 4931 3100 5002 ὀνομασίας(
3147 4931 3315 4996 Οὗτος
3346 4935 3375 4984 6
3414 4931 3530 5002 Σὴθ
3565 4934 3738 5002 γεννᾷ

2160 5004 2254 5057 τὸν
2313 5002 2503 5064 Ἐνὼς.
2560 4999 2653 5056 καὶ
2687 4999 2966 5057 αὐτὸνδιὰ
2994 5004 3095 5071 τὴν
3135 5002 3338 5071 ἀρετὴν
3365 4999 3740 5068 αὑτοῦ-νομιέ

2166 5074 2393 5141 ζόμενον
2425 5072 2578 5125 Θεόν.
2634 5074 2733 5126 Hic
2752 5073 2953 5127 Sethns
2984 5087 3109 5126 cum
3140 5086 3315 5126 annos
3341 5071 3734 5141 9l2_vixisset,

2208 5139 2394 5213 ropter
2412 5143 2670 5220 virtutem
2700 5157 2800 5220 pro
2822 5142 2931 5195 Deo
2947 5142 3199 5220 habitus,
3235 5140 3381 5220 quod
3408 5139 3738 5220 _Hebraicas

2208 5159 2394 5213 ropter
2412 5159 2667 5196 virtutem
2700 5159 2800 5211 pro
2822 5159 2931 5195 ueo
2962 5159 3199 5206 nauatns,
3235 5159 3381 5207 quoa
3434 5159 3733 5194 nenraicas

2166 5159 2376 5267 litteras
2401 5222 2455 5266 et
2495 5212 2887 5282 appellationes
2916 5212 3160 5282 siderum
3182 5211 3389 5282 primus
3408 5208 3733 5282 invenisset,

2168 5283 2480 5336 Procreavit
2529 5277 2710 5335 autem
2750 5280 3014 5341 Enosum,
3071 5277 3264 5348 qui'et
3305 5280 3422 5346 ipse
3473 5293 3573 5347 pro
3621 5277 3737 5334 Deo

2170 5352 2385 5407 virtutis
2440 5352 2663 5404 nomine
2715 5350 2904 5403 haberi
2959 5347 3180 5403 meruit.
3223 5366 3242 5400 ι
3303 5349 3573 5403 Caeterum
3616 5347 3737 5402 haec

2167 5437 2290 5495 quae
2312 5422 2378 5474 de
2410 5420 2578 5495 Setho
2608 5420 2803 5495 _Gly_ea_s
2834 5420 3106 5495 habet,_ex
3140 5417 3468 5495 apocryphis
3530 5427 3586 5471 et
3619 5417 3735 5495 lig-

2171 5487 2468 5544 reticnrum
2498 5491 2651 5542 libris
2678 5487 2918 5542 deducta
2945 5490 3224 5554 videntur,
3248 5503 3312 5540 ex
3342 5488 3541 5556 quibus
3575 5487 3736 5555 petiit

2167 5562 2330 5635 etiam
2382 5568 2537 5611 vetus
2586 5558 3329 5635 chronicon-quod-narrat,
3374 5556 3602 5635 Sethum
3654 5556 3733 5635 Ain

2164 5630 2359 5704 cmlnm
2431 5629 2772 5704 translatum,
2832 5624 2966 5704 inde
3032 5624 3485 5704 micantiﬁvultu,
3564 5624 3736 5704 instar

2166 5697 2363 5767 Mnysis
2424 5707 2545 5768 post
2635 5698 2965 5768 colloquium
3063 5711 3186 5751 cum
3270 5694 3503 5750 Domino
3580 5693 3733 5747 redi-

2162 5785 2292 5824 ISSC.
3282 5806 3285 5807 ν
