4088 6186
460 311 566 374 723

1738 320 2159 382 MlCllAELlS
2201 323 2460 383 GLYOE

3617 328 3722 391 τὲί

454 429 759 474 sostomum
812 421 945 490 (l2).
985 430 1038 476 et
1072 422 1464 479 Dau'ascenuui
1517 426 1809 491 Joannem.
1860 441 1977 483 erat

2112 451 2310 491 ,τατον
2359 436 2745 505 Χρυσόστομον
2792 437 2885 489 καὶ
2924 437 3014 489 τὸν
3070 438 3428 508 Δαμασκηνὸν
3465 438 3721 506 Ἰωάννην

453 513 725 582 principio
756 530 983 583 serpens
1010 515 1201 570 Atlami
1231 517 1511 571 familiaris
1538 521 1671 589 (15),
1700 530 1749 573 et
1775 523 2031 574 omnibus

451 610 501 663 ei
555 608 1037 663 adblandientibus
1094 612 1418 679 proxiuiior.
1467 614 1727 682 jucnndis
1787 631 1909 668 eum
1942 617 2034 670 illo

450 700 694 755 motibus
763 703 1154 769 congrediens,
1197 717 1252 757 et
1299 720 1517 760 omnem
1557 706 1687 760 hinc
1717 708 2034 761 delectatio-

449 807 571 845 nem
605 792 939 862 excogitans.
992 794 1047 848 Si
1077 797 1223 849 enim
1256 797 1402 850 illuln
1440 813 1586 851 nunc
1611 799 1721 867 (14)
1747 800 2021 854 abomina-

448 899 590 949 mur,
632 898 685 938 et
744 895 1008 952 quantum
1062 902 1362 955 possumus
1418 889 1681 959 fugimus,
1711 909 1817 947 nou
1850 904 2028 948 tamen

446 974 763 1041 hnjusmodi
800 988 920 1029 erat
956 992 1187 1046 serpens
1209 994 1238 1032 a
1265 980 1556 1049 principio,
1590 998 1691 1035 nec
1731 984 1850 1051 ejus
1879 996 2026 1047 tunc,

442 1066 903 1133 quemadmodum
928 1068 984 1120 in
1009 1071 1296 1134 praesentia
1322 1070 1456 1141 (15),
1503 1073 1813 1127 evitabatur
1839 1089 2030 1140 asper-

443 1165 551 1212 tus.
597 1159 650 1210 Si
693 1159 839 1211 enim
874 1160 1055 1212 isthuc
1092 1161 1268 1228 ipsum
1295 1162 1436 1217 forte
1472 1163 1689 1226 fuisset,
1715 1166 1829 1235 ipsa
1860 1167 2025 1221 etiam

445 1250 551 1301 Eva
576 1258 702 1303 tunc
727 1252 1355 1322 temporis,colloquium
1381 1255 1802 1323 exborrcscens,
1822 1274 1940 1313 sese
1962 1261 2027 1313 ab

441 1356 506 1393 eo
537 1342 752 1408 penitus
776 1346 1178 1410 abscondisset,
1225 1354 1281 1399 et
1305 1362 1412 1399 non
1437 1349 1852 1419 ilaleuiterejus
1894 1365 2024 1404 con-

441 1433 828 1489 fabulationeu
858 1437 1170 1491 admisisset
1205 1438 1318 1507 (16)
1379 1438 1670 1508 Reliquum
1736 1442 1904 1510 igitur
1942 1454 2026 1497 est

441 1534 501 1577 ut
528 1526 737 1576 Adamo
784 1541 1013 1594 serpens
1055 1527 1218 1583 fuerit
1251 1529 1319 1584 ab
1361 1530 1518 1584 initio
1558 1531 1843 1586 familiaris
1884 1533 2019 1603 (l7),

438 1624 493 1667 et
528 1614 784 1668 omnibus
806 1616 897 1686 qui
927 1618 973 1670 ei
1011 1618 1372 1674 adularentur
1394 1622 1713 1690 proximior.
1737 1622 2022 1681 Inimicum

436 1705 585 1759 enim
630 1707 804 1773 illum,
839 1722 942 1762 nee
978 1709 1125 1762 aliud
1162 1712 1486 1781 quidquam,
1520 1712 1649 1767 fecit
1679 1728 1780 1768 vox
1812 1714 2018 1781 divina,

433 1813 556 1851 cum
588 1798 759 1854 dixit:
798 1818 815 1851 ι
850 1800 1193 1855 Inimicitiam
1235 1819 1434 1872 ponam
1480 1805 1624 1858 inter
1654 1814 1705 1858 te
1730 1815 1784 1860 et
1829 1807 2023 1861 mulie-
2052 1778 2097 1838 Β

434 1907 617 1945 rem.»
654 1892 923 1947 Cretel‘um
975 1894 1093 1949 luce
1155 1895 1443 1950 inimicitia
1516 1900 1699 1951 omnia
1767 1899 2021 1954 amicitiae

435 1983 638 2037 frelera
658 1986 921 2039 dissolvit.
944 1986 1135 2040 Adami
1155 1997 1273 2041 erat
1298 2004 1325 2041 a
1351 1989 1622 2058 principio
1640 2005 1864 2059 serpens
1886 1993 2021 2046 ami-

431 2088 551 2133 cus.
586 2083 639 2127 et
670 2074 789 2127 ideo
813 2075 1029 2129 diabolo
1073 2076 1221 2131 visus
1251 2086 1336 2131 est
1384 2080 1809 2132 instrumentum
1848 2083 2019 2150 aptis-

432 2168 627 2219 simum
666 2167 801 2237 (18).
855 2168 1000 2222 Vidit
1034 2154 1301 2223 Adamum
1332 2171 1607 2240 serpentis
1653 2170 2017 2227 familiaritate

432 2260 785 2328 gaudentem,
814 2270 868 2315 et
900 2261 1051 2314 illum
1105 2261 1445 2326 adulantem,
1488 2262 1767 2330 multaque
1828 2279 2018 2319 eorum

432 2369 553 2421 qua:
582 2353 649 2406 ab
683 2352 998 2408 boininibus
1033 2352 1148 2407 fieri
1200 2363 1562 2416 consuerunt,
1597 2354 1927 2419 imitantem,
1963 2365 2019 2410 et

430 2456 721 2516 eapropter
775 2462 871 2516 per
932 2449 1112 2517 ipsum
1169 2446 1387 2501 locutus
1434 2457 1538 2501 est.
1572 2447 1649 2501 Ita
1694 2449 1896 2517 pariter
1924 2447 2018 2516 qui

432 2539 587 2592 dolos
642 2540 908 2594 adversus
969 2539 1206 2598 aliquem
1256 2540 1637 2601 meditantur,
1681 2537 2015 2593 domesticos

432 2633 785 2694 conveniunt.
806 2639 859 2686 et
877 2634 955 2687 sic
982 2633 1130 2687 nulla
1152 2632 1296 2685 domi
1316 2632 1641 2700 suspicionis
1658 2647 1818 2686 causa
1842 2633 2017 2687 exsis-

430 2726 845 2787 texite,insidias
874 2724 1211 2779 obumbrant
1244 2740 1307 2779 ac
1354 2733 1561 2794 tegunt.
1599 2722 1863 2792 Loquitur
1904 2723 2014 2793 (l9)

432 2817 593 2886 igitur
614 2832 708 2884 per
737 2821 934 2883 ipsum,
962 2828 1020 2871 ut
1052 2818 1180 2873 hinc
1212 2816 1522 2887 suspicetur
1550 2817 1813 2880 Adamus,
1891 2831 2015 2870 cum

432 2909 674 2976 prudens
724 2919 869 2963 esset
905 2924 1156 2981 serpens,
1191 2912 1339 2980 quod
1368 2920 1423 2964 et
1471 2908 1755 2979 Scriptura
1792 2909 1909 2978 ipsa
1949 2907 2016 2962 de

428 3000 520 3054 illo
555 3002 893 3064 lestiliratur,
933 3012 988 3055 et
1024 3002 1196 3073 ipsam
1233 3001 1469 3056 hominis
1500 3016 1687 3055 vocem
1721 2999 1924 3053 imitari
1956 3014 2015 3052 se

2143 526 2379 595 συνήθης
2408 522 2473 596 ἦν
2503 529 2595 579 ἀπ’
2638 529 2813 599 ἀρχῆς
2844 531 2872 582 ό
2921 531 3045 599 ὄφις
3094 532 3172 600 τῷ
3221 531 3410 601 Ἀδὰμ,
3467 532 3558 584 καὶ
3610 531 3720 582 τῶν

2138 618 2540 673 ὑποπινόντων
2600 622 2765 674 αὐτὸν
2824 624 3236 693 πλησιὲστερος,
3268 626 3522 694 τερπνοῖς
3566 624 3717 692 αὑτῷ

2138 711 2485 778 προσομιλῶν
2526 714 2638 775 τοῖς
2671 715 2959 783 κινήμασι,
2993 716 3089 768 καὶ
3137 716 3497 785 ψυχαγωγίαν
3534 717 3717 767 πᾶσαν

2135 800 2387 853 ἐντεῦθεν
2422 803 2840 873 ὑπονοούμενος.
2868 806 2935 859 Εἰ
2968 807 3074 876 γὰρ
3118 808 3210 859 καὶ
3262 806 3357 861 νῦν
3400 807 3561 859 αὐτὸν
3597 806 3716 875 βδε-

2134 893 2442 962 λυττόμεθα
2483 896 2578 948 καὶ
2618 895 2693 955 ὠς
2726 896 2959 965 δύναμις
3007 898 3306 967 φεύγομεν,
3339 898 3456 951 ἀλλ’
3495 899 3594 951 οὐκ
3643 893 3714 966 ἦν

2132 986 2227 1038 ἀπ’
2262 987 2437 1054 ἀρχῆς
2462 987 2703 1051 τοιοῦτος
2735 991 2761 1041 ὁ
2798 989 2944 1056 ὄφις,
2974 991 3095 1042 οὐδὲ
3125 991 3364 1057 φευκτέα
3390 992 3510 1044 τότε
3540 991 3714 1043 καϐά-

2133 1094 2240 1147 περ
2270 1078 2367 1129 καὶ
2400 1077 2493 1128 νῦν
2526 1080 2557 1146 ἡ
2592 1077 2716 1146 ὄψις
2749 1079 2938 1133 αὐτοῦ.
2993 1081 3052 1131 EE
3102 1080 3212 1147 γὰρ
3238 1080 3399 1133 τοῦτο
3440 1076 3530 1150 ἦν,
3566 1081 3711 1149 τάχα
3778 1068 3785 1075 ’

2134 1170 2200 1222 ἂν
2235 1171 2327 1221 καὶ
2364 1169 2503 1239 αὑτὴ
2554 1172 2586 1239 ἡ
2638 1171 2751 1224 Εὕα
2793 1171 3103 1241 τηνικαῦτα
3147 1174 3245 1242 τὴν
3288 1172 3501 1225 ἐκείνου
3535 1156 3710 1226 xum;

2130 1260 2397 1327 πλαγείσα
2423 1262 2642 1331 ὁμιλίαν
2669 1263 2879 1333 ἐκρύϐη
2918 1264 3102 1317 τέλεον
3132 1266 3229 1318 ἀπ’
3262 1263 3457 1327 αὑτοῦ,
3490 1264 3579 1318 καὶ
3604 1264 3709 1317 οὐκ
3762 1282 3763 1287 ‘

2130 1349 2197 1402 ἂν
2230 1338 2459 1418 ἡμέρως
2502 1350 2645 1404 οὕτω
2679 1353 2780 1420 τὴν
2826 1351 2992 1405 αὐτοῦ
3043 1352 3282 1419 διάλεξιν
3321 1351 3702 1423 προσεδέξατο.

2128 1441 2379 1510 Συνήθης
2417 1437 2483 1510 ἦν
2509 1441 2695 1495 λοιπὸν
2716 1445 2743 1494 ὁ
2778 1442 2901 1510 ὄφις
2946 1442 3041 1498 ἀπ’
3071 1444 3249 1514 ἀρχῆς
3272 1445 3351 1513 τῷ
3388 1443 3579 1513 Ἀδὰμ,
3611 1444 3706 1496 καὶ

2127 1532 2238 1585 τῶν
2287 1534 2692 1586 ὑποσαινόντων
2744 1534 2909 1588 αὑτὸν
2950 1534 3271 1605 ἑγγύτερος.
3324 1534 3549 1605 Ἐχθρδν
3592 1534 3704 1602 γὰρ

2127 1624 2309 1689 αὐτὸν,
2343 1625 2499 1695 οὐδὲν
2553 1626 2683 1679 ἄλλο
2745 1627 3069 1697 πεποίηκεν,
3109 1631 3142 1699 ἡ
3192 1628 3249 1682 δὲ
3307 1629 3536 1682 εἰποῦσα
3584 1629 3707 1681 θεία

2125 1719 2302 1785 φωνὴ,
2342 1714 2638 1787 (Ἐχθραν
2694 1718 2846 1789 θήσω
2893 1721 3166 1790 ἀναμέσον
3201 1737 3297 1774 σου
3338 1724 3435 1776 καὶ
3471 1723 3571 1791 τῆς
3604 1737 3706 1788 γυ-

2126 1808 2347 1873 ναικός·
2374 1826 2392 1859 ι
2448 1811 2482 1879 ἠ
2543 1811 2768 1879 τοιαύτη
2826 1811 3017 1864 λοιπὸν
3050 1813 3221 1881 ἔχθρα
3255 1812 3325 1866 τὰ
3369 1813 3468 1881 τῆς
3516 1812 3705 1881 φιλίας

2126 1900 2481 1955 παντάπασιν
2507 1901 2689 1957 ἔλυσε.
2731 1903 2890 1967 Φίλος
2930 1898 3001 1973 ἦν
3034 1904 3062 1956 ὁ
3108 1903 3233 1972 ιφις
3277 1902 3373 1957 ἀπ’
3404 1903 3580 1974 ἀρχῆς
3625 1903 3703 1972 τῷ

2136 1992 2328 2062 Ἀδὰμ,
2364 1994 2661 2048 κάντεῦθεν
2690 1993 2849 2064 ὤφθη
2896 1995 2974 2063 τῷ
2999 1995 3234 2065 διαϐόλῳ
3264 1996 3705 2063 ἐπιτηδειότατον

2121 2090 2374 2159 ὄργανον.
2408 2089 2529 2142 Εἶδε
2556 2089 2649 2143 τὸν
2691 2090 2864 2159 ’Δδὰμ
2895 2090 3156 2159 χαίροντα
3185 2091 3278 2142 ἐπὶ
3313 2089 3392 2159 τῷ
3422 2089 3566 2156 ὄφει,
3602 2092 3704 2142 xii-

2121 2183 2303 2233 κεῖνον
2331 2180 2697 2235 ὐποσαίνοντα
2725 2182 2821 2234 καὶ
2851 2183 3024 2235 πολλὰ
3066 2182 3176 2235 τῶν
3209 2182 3571 2252 ἀνθρωπίνων
3608 2200 3702 2250 μι-

2124 2270 2420 2338 μούμενον,
2463 2272 2758 2328 κάντεῦθεν
2787 2272 2943 2326 λαλεῖ
2985 2274 3055 2327 δι’
3085 2256 3273 2328 αὑτοῦζ
3317 2274 3474 2327 Οὕτω
3521 2275 3617 2327 καὶ
3650 2275 3700 2327 οε

2118 2362 2304 2425 δόλους
2339 2365 2483 2417 κατὰ
2522 2382 2686 2418 τινων
2714 2366 3009 2430 πλέκοντες
3053 2367 3181 2425 τοὺς
3224 2366 3457 2429 οἰκείους
3498 2368 3698 2437 μετέρ-

2118 2468 2331 2521 χονται,
2364 2454 2462 2505 καὶ
2500 2453 2645 2506 οὕτω
2674 2455 2775 2525 τὴν
2809 2456 3019 2509 οἰκείαν
3042 2456 3373 2514 ἀνυπόπτως
3404 2456 3698 2524 ἑπιὸουλὴν

2120 2539 2504 2603 συσκιάςουσι.
2554 2542 2726 2594 Λαλεῖ
2753 2534 3046 2612 τοιγαροῦν
3080 2542 3147 2596 δι’
3191 2543 3380 2605 αὑτοῦ,
3418 2544 3484 2597 ἵν’
3510 2544 3697 2596 ἐντεῦ-

2120 2630 2213 2684 θεν
2242 2633 2517 2704 ὑπονοήσῃ
2545 2636 2572 2686 ὁ
2608 2633 2779 2703 Ἀδὰμ
2803 2635 2884 2687 ὅτι
2910 2634 3174 2704 φρόνιμος
3196 2636 3226 2686 ὁ
3254 2634 3375 2703 ὄφις
3405 2635 3501 2697 ὢν,
3535 2636 3696 2688 τοῦτο

2119 2725 2275 2795 καὶὴ
2316 2725 2507 2794 Γραφὴ
2540 2728 2961 2796 προσμαρτυρεῖ
3006 2724 3179 2790 αὐτῷ,
3221 2727 3552 2796 κατώρθωσε
3599 2731 3695 2781 καὶ

2118 2816 2179 2868 τὸ
2212 2816 2561 2887 μιμήσασθαι
2610 2816 2708 2885 τὴν
2754 2818 2847 2870 τοῦ
2884 2818 3179 2887 ἀνθρώπου
3226 2819 3434 2889 φωνὴν,
3477 2819 3573 2871 καὶ
3610 2820 3692 2871 ὃτι

2114 2911 2229 2970 τοῖς
2257 2908 2547 2971 δεσπόταις
2576 2909 2651 2970 ὡς
2688 2908 2875 2971 εὔνους
2917 2910 2986 2962 τὰ
3022 2910 3212 2963 δέοντα
3243 2911 3579 2963 ὑποτίθεται.
3631 2912 3690 2962 El

2120 2998 2194 3068 μὴ
2227 3001 2336 3068 γὰρ
2363 2998 2521 3052 τοῦτο
2555 2994 2645 3067 ἦν,
2677 3002 2776 3052 οὐκ
2826 2999 2892 3054 ἂν
2938 3001 3149 3070 προσῆν
3181 3000 3255 3061 ὡς
3289 3001 3474 3064 αὐτοῖς
3514 3001 3690 3052 διελέ-

430 3082 671 3162 potuisse
697 3094 831 3167 (ΞΟ),
884 3105 940 3150 et
992 3094 1258 3160 Dominis,
1289 3105 1347 3149 ut
1408 3093 1752 3158 benevolum,
1801 3105 1863 3145 ea
1891 3103 2010 3161 quae

2116 3106 2249 3160 γετο
2269 3105 2281 3117 ·
2314 3089 2415 3143 οὐκ
2445 3089 2513 3143 ἂν
2541 3089 2765 3161 ἡμέρως
2799 3089 2943 3145 οὕτω
2969 3092 3068 3161 τὴν
3094 3089 3260 3145 αὑτοῦ
3290 3090 3487 3162 βουλὴν
3515 3108 3687 3160 προσ-

499 3309 612 3372 (l?)
644 3306 879 3360 [lautitia
910 3325 961 3362 ix
991 3308 1047 3360 in
1074 3307 1331 3363 Genesim.

501 3377 888 3450 (l5)_lsidi_irus
934 3377 1232 3450 Pelusiota.
1270 3379 1459 3450 epist.
1505 3379 1575 3434 95
1604 3378 1698 3450 lib.
1727 3375 1817 3450 Ill,

428 3447 933 3516 cbiedisseritquo
960 3456 1120 3516 pacto
1163 3447 1321 3501 initio
1374 3463 1565 3503 omnes
1615 3449 1745 3503 ferte
1791 3448 2000 3507 Adanio

427 3518 687 3587 subjecta:
715 3515 939 3581 fuerint,
978 3516 1211 3585 ideoque
1231 3519 1391 3588 etiam
1436 3519 1657 3573 nomina
1715 3518 1795 3573 eis
1823 3518 2000 3588 impo-

427 3589 631 3652 suerit;
667 3596 1016 3657 posteaquam
1045 3601 1173 3639 vero
1197 3587 1439 3640 divinum
1468 3590 1781 3642 mandatum
1817 3587 1997 3645 trans-

427 3671 648 3724 gressus
714 3667 814 3718 est,
870 3656 1041 3724 ipsius
1096 3656 1381 3725 imperium
1441 3660 1747 3713 mutilatum
1804 3660 1999 3715 merito

425 3726 1001 3799 ῐειιιηνίάολβιιρρτίιιβ
1066 3725 1309 3799 epist.)
1348 3728 1545 3799 Glyete,
1600 3738 1715 3783 not.
1748 3729 1835 3782 45.
1882 3731 1997 3784 Au-

426 3796 679 3866 gustinus
704 3796 800 3850 lib.
821 3794 1026 3866 ’χιγρε
1061 3794 1203 3851 civit.
1244 3796 1356 3863 Dei,
1384 3794 1502 3866 cap.
1542 3800 1627 3860 Η,
1654 3799 1719 3852 tle
1749 3799 1998 3855 dmnione

428 3864 656 3936 loquens
691 3869 804 3920 ait:
844 3884 861 3916 ι
903 3864 1209 3921 Malesuada
1241 3864 1481 3923 versutia
1510 3870 1565 3923 in
1598 3869 1838 3923 hominis
1867 3885 1996 3924 sen-

426 3954 519 3991 sus
548 3950 766 4005 serpere
791 3936 1076 3996 allocutus.
1119 3939 1207 3990 cui
1249 3937 1436 4005 utique
1472 3942 1665 4000 stanti,
1734 3940 1991 4006 quoniam

426 4010 540 4075 ipse
572 4007 870 4066 ceciderat.
914 4006 1218 4069 invidebat,
1282 4010 1565 4063 colubrum
1627 4009 1678 4062 in
1741 4010 1997 4077 paradiso

425 4077 725 4146 corporali,
788 4076 875 4130 ubi
920 4091 1046 4130 cum
1094 4078 1311 4131 duobus
1360 4079 1466 4132 illis
1496 4076 1822 4135 liominibtis.
1880 4093 1997 4131 nia-

424 4151 580 4202 seulo
611 4156 666 4199 et
700 4148 919 4209 femina,
949 4146 1204 4199 animalia
1235 4150 1398 4201 etiam
1461 4149 1739 4202 terrestria
1800 4158 1996 4201 cmtera

424 4219 642 4272 subdita
697 4225 752 4269 et
802 4215 1022 4271 innoxia
1083 4218 1467 4280 versaliaz.tur,
1537 4218 1739 4277 animal
1789 4219 1999 4272 scilicet

425 4289 695 4341 lubricum
738 4295 794 4340 et
841 4289 1162 4343 intortuosis
1223 4287 1561 4341 anfractibus
1608 4288 1827 4352 mobile,
1866 4301 1999 4356 ope-

427 4360 470 4411 ri
533 4374 632 4412 suo
687 4371 1012 4429 congruum,
1096 4372 1195 4429 per
1266 4373 1429 4427 quem
1490 4358 1827 4427 loqueretur,
1888 4358 1998 4412 cle-

441 4430 522 4491 git,
564 4448 582 4479 ι
614 4438 719 4483 etc.

421 4446 810 4567 ἆἠίιλνλριῗῖίῇιιε
841 4498 917 4552 rei
955 4499 1219 4553 rationem
1249 4497 1395 4551 hanc
1426 4498 1583 4551 aﬂ‘crt
1610 4495 1994 4551 Thcodoretus

424 4568 852 4639 interrogatione
882 4586 1045 4624 xxxrv
1076 4572 1129 4621 in
1156 4568 1397 4624 Genesim
1428 4584 1444 4639 ς
1491 4588 1509 4618 ‹
1548 4568 1654 4620 Sed
1714 4577 1769 4621 et
1815 4568 1992 4639 ipsum

425 4638 868 4708 animaliumque
902 4642 968 4693 ad
1000 4640 1287 4693 hominum
1322 4638 1610 4691 utilitatem
1648 4638 1992 4691 maledictio-

427 4727 548 4763 nem
582 4710 805 4780 recepit.
844 4710 1031 4779 itaque
1062 4709 1307 4780 videntes
1343 4718 1651 4780 serpentem
1715 4722 1904 4775 repere
1931 4721 1995 4761 ac

427 4782 659 4833 wlutari
707 4778 871 4848 super
901 4778 1127 4843 terrain,
1179 4778 1584 4848 inaledietionis
1642 4780 1879 4845 antiquae
1904 4792 1993 4829 re-

425 4851 736 4915 cordamur,
766 4846 819 4902 et
850 4850 1114 4903 discimus
1141 4856 1342 4917 quanta
1394 4846 1532 4901 mala
1568 4855 1848 4915 peccatum
1878 4860 1995 4917 ar-

424 4929 630 4981 cessat,
664 4936 770 4972 non
795 4920 971 4972 solum
1004 4918 1089 4971 his
1131 4915 1223 4989 qui
1255 4918 1388 4971 illud
1436 4920 1752 4981 admittunt,
1795 4915 1891 4970 sed
1942 4924 1995 4969 et

426 4992 534 5044 illis
573 4991 659 5057 qui
695 4989 1064 5043 subserviunt.
1097 5007 1116 5039 ι

498 5056 609 5128 (Ιὸ)
681 5058 912 5112 Basilius
970 5060 1188 5114 humilia
1265 5060 1325 5113 de
1383 5061 1642 5128 paradiso
1702 5073 1716 5110 :
1778 5074 1800 5128 ι
1868 5056 1995 5111 Ser-

424 5147 561 5201 p.-ns
631 5140 743 5182 lunt
810 5146 917 5183 nou
966 5140 1083 5184 erat
1141 5130 1468 5193 horrendus,
1554 5127 1651 5182 sed
1718 5127 1865 5180 mitis
1931 5142 1994 5181 ac

427 5210 770 5263 mansuetus,
814 5218 831 5251 ι
858 5208 964 5255 etc.

501 5274 612 5343 (t6)
645 5271 720 5325 Eo
744 5271 915 5340 magis
949 5282 1131 5328 autem
1165 5273 1216 5327 id
1256 5268 1515 5343 credibile
1567 5268 1805 5343 videtur,
1848 5268 1995 5336 quod

422 5339 723 5416 (-tiipnmnu
781 5339 1067 5416 serpentes
1102 5345 1188 5416 ab
1238 5339 1884 5416 aliquibus.cicureutur
1943 5349 1998 5392 et

426 5406 907 5468 tireumferantur.
959 5414 1114 5478 Quod
1146 5415 1190 5465 si
1226 5406 1465 5466 veterum
1494 5406 1843 5463 historiarum
1880 5425 1997 5461 mo-

427 5497 690 5540 uutnenta
729 5486 984 5539 evolvere
1008 5487 1259 5557 luberet._
1282 5481 1659 5557 exemplorum
1722 5480 1878 5546 copia
1920 5478 1998 5557 le-

428 5558 889 5610 ctoreuiobruere
930 5571 1168 5622 possem.
1223 5548 1549 5622 Consulendi
1606 5548 1885 5618 l’iguorns
1926 5549 1999 5604 De

432 5642 611 5678 mensa
643 5628 868 5690 Isiaca.,
896 5621 1263 5693 S’panhemius
1307 5621 1379 5693 9e
1410 5635 1507 5693 usit
1537 5628 1585 5693 et
1614 5629 1774 5693 priest
1788 5657 1810 5693 ._
1837 5628 1995 5673 teter.

433 5697 707 5754 numism.,
747 5706 801 5749 et
831 5690 953 5747 mea
985 5696 1261 5749 dissertet.
1300 5690 1377 5743 De
1442 5691 1584 5742 ciuis
1606 5690 1859 5758 mysticis.

506 5764 616 5829 (l7)
636 5766 1077 5823 Pseudo-Abdias
1109 5764 1202 5819 Lb.
1240 5779 1291 5821 vt
1322 5778 1335 5817 :
1374 5779 1391 5814 ι
1414 5759 1575 5817 Livor
1597 5772 1778 5815 autem
1804 5760 1995 5831 angelo

1877 3376 1997 3447 pul-

2102 3307 2234 3363 hine
2270 3317 2432 3363 nutus
2479 3319 2583 3375 est,
2609 3309 2735 3379 quia
2764 3308 2900 3363 vidit
2927 3308 3218 3377 imaginem
3250 3306 3345 3379 Dei
3371 3306 3421 3360 in
3465 3303 3686 3379 homine

2102 3379 2377 3449 exstitisse
2405 3396 2418 3432 :
2451 3388 2505 3434 et
2534 3378 2791 3449 quoniam
2823 3380 3027 3433 homini
3071 3378 3327 3449 possibile
3356 3387 3522 3449 esset.
3547 3387 3605 3429 ut
3629 3378 3684 3429 in

2104 3447 2204 3503 hac
2228 3452 2446 3510 regione
2475 3447 2627 3503 beata
2653 3466 2775 3504 cum
2794 3450 3008 3504 cunctis
3030 3448 3398 3501 animantibus
3432 3448 3685 3514 loquere-

2106 3527 2212 3572 tur.
2257 3518 2393 3572 lline
2424 3521 2651 3588 angelus
2680 3521 2770 3587 qui
2804 3535 2868 3573 ex
2899 3536 2956 3574 se
2990 3518 3246 3585 concepit
3270 3516 3551 3577 invidiam,
3587 3532 3684 3584 per

2098 3589 2401 3711 potentiam
2439 3590 2738 3659 angelicam
2792 3598 3100 3657 serpentem
3159 3589 3460 3653 ingressus,
3496 3603 3514 3636 ι
3572 3598 3679 3639 ete.

2120 3659 2191 3711 ‘ie
2222 3659 2371 3711 Plato
2401 3675 2620 3711 numine
2646 3659 2864 3711 scripsit
2901 3662 2953 3711 in
2990 3657 3429 3711 Politico.aureo
3456 3658 3679 3711 sarcuio.

2120 3659 2191 3713 Sic
2222 3659 2371 3712 Plato
2401 3657 2620 3728 qumque
2646 3659 2864 3728 scripsit
2901 3662 2953 3711 in
2990 3657 3429 3716 Politico.aureo
3456 3658 3682 3728 siccato.

2102 3744 2227 3783 cum
2260 3727 2443 3783 rerum
2473 3727 3076 3795 Sattirnus’potiretur,
3128 3730 3291 3781 etiam
3333 3741 3456 3780 cum
3494 3727 3683 3780 bestiis

2105 3798 2355 3852 homines
2388 3799 2657 3866 colloquia
2708 3800 2984 3863 habuisse,
3036 3800 3180 3865 quod
3207 3805 3264 3849 et
3292 3795 3563 3850 Eusebius
3593 3812 3683 3850 re-

2102 3868 2205 3921 fert
2236 3869 2326 3921 lib.
2363 3885 2435 3923 xu
2468 3866 2962 3937 Προπαρασκευῆς,
2991 3883 3113 3934 cap.
3144 3868 3195 3923 9.

2175 3939 2284 4006 (18)
2313 3935 2605 4007 Cajetanus
2640 3935 2839 3992 asserit
2887 3940 3243 3993 tentationem
3279 3935 3404 3989 Eva:
3459 3935 3679 3992 interna

2103 4017 2314 4062 tantum
2348 4011 2696 4077 SUggestione
2732 4016 3001 4073 peractam
3055 4026 3083 4061 a
3113 4009 3382 4067 dmmone,
3437 4007 3526 4074 qui
3563 4025 3683 4061 ser-

2102 4080 2283 4146 petitis
2309 4079 2531 4132 nomine
2561 4094 2589 4130 a
2618 4077 2764 4130 Mose
2796 4078 3165 4146 metaphoriee
3190 4078 3544 4146 Significetur.
3617 4078 3681 4131 In

2100 4145 2430 4217 Singularem
2470 4163 2596 4201 vero
2627 4147 2784 4199 aliam
2840 4145 3165 4200 sententiam
3203 4145 3395 4201 abiens
3441 4145 3681 4215 Cyrillus

2100 4217 2505 4272 Alexandrinus
2540 4218 2634 4270 lib.
2693 4230 2755 4269 ut
2784 4224 2971 4269 contra
3028 4218 3329 4280 lulianum,
3392 4218 3677 4284 opinatur,

2101 4288 2335 4351 si:ei'iciii
2368 4289 2654 4350 duntaxat,
2692 4298 2745 4339 et
2780 4288 3137 4339 simulacrum
3173 4288 3445 4355 serpentis
3496 4287 3617 4340 Eva:
3644 4303 3679 4340 a

2103 4357 2321 4411 diabolo
2347 4358 2656 4412 exhibitura
2686 4358 2873 4420 fuisse,
2903 4373 3011 4409 non
3044 4358 3155 4409 veri
3183 4359 3455 4424 serpentis
3478 4372 3681 4425 corpus

2035 4428 2082 4487 D
2109 4429 2172 4480 ad
2217 4428 2572 4481 tentationem
2593 4437 2955 4493 assumptum.
3019 4427 3087 4481 At
3115 4427 3225 4480 veri
3252 4425 3528 4492 serpentis
3590 4443 3681 4480 or-

2106 4513 2245 4567 gano
2271 4498 2323 4549 in
2350 4498 2647 4551 tentatioue
2679 4498 2921 4567 mulieris
2974 4497 3249 4549 diabolum
3276 4510 3429 4567 “esse
3495 4511 3676 4562 usum,

2106 4565 2297 4636 reliqui
2325 4568 2511 4621 Patres
2539 4568 2755 4627 docent.
2792 4575 2853 4636 ut
2889 4566 3117 4619 Basilius
3148 4575 3203 4619 et
3253 4565 3681 4636 (lbrysostomus

2100 4635 2353 4691 Ilomiliis
2385 4639 2437 4690 in
2490 4636 2755 4699 (ienesin,
2818 4635 3196 4689 'l‘heodoretus
3253 4635 3516 4703 interrog.
3565 4637 3674 4699 52;

2096 4708 2236 4775 Aug.
2273 4709 2362 4759 lib.
2390 4722 2425 4759 u
2468 4706 2542 4760 De
2571 4704 2842 4758 Genes.ad
2871 4706 3123 4766 litteram,
3149 4720 3271 4772 cap.
3306 4706 3414 4769 27;
3451 4707 3543 4757 lib.
3582 4721 3673 4757 xiv

2096 4776 2174 4830 De
2202 4778 2299 4831 civ.
2336 4777 2449 4840 Dei,
2483 4792 2602 4843 cap.
2646 4775 2701 4828 ll
2746 4791 2761 4841 ;
2792 4776 3032 4829 Joannes
3086 4775 3476 4836 llainaseenus,
3513 4776 3606 4829 lib.
3637 4790 3681 4829 ll

2100 4845 2173 4915 l_)e
2196 4848 2300 4912 ﬁde
2338 4848 2650 4908 orthodoxa,
2683 4862 2804 4915 cap.
2847 4844 2929 4911 10,
2963 4854 3021 4898 ut
3072 4845 3141 4899 de
3188 4845 3355 4910 Beda,
3409 4845 3677 4914 Ruperto,

2102 4913 2310 4969 Thalna
2355 4918 2586 4983 aliisque
2621 4913 2848 4969 taceam.

2169 4987 2283 5057 (19)
2317 4987 2481 5040 “erle
2528 4987 2747 5057 quidem
2780 5003 2794 5050 ;
2826 4985 2919 5041 sed
2968 4999 3254 5057 perperam
3302 4983 3679 5057 Talinudistie,

2099 5053 2189 5126 qui
2220 5053 2864 5116 fabulanturdiabolum.
2898 5056 3251 5108 accedentem
3284 5056 3350 5109 ad
3384 5053 3574 5117 Evam,
3616 5063 3674 5105 ut

2097 5142 2217 5179 eam
2251 5128 2482 5189 falleret,
2545 5128 2881 5192 inequitasse
2933 5126 3197 5193 serpenti,
3251 5126 3342 5193 qui
3406 5127 3682 5193 magnitu-

2099 5199 2226 5251 dine
2261 5200 2527 5252 camelqu
2561 5191 2822 5265 aaquaret.
2882 5191 3242 5250 Maiuionides
3268 5191 3352 5248 _in
3381 5195 3527 5248 More
3575 5191 3681 5247 Νε-

2098 5269 2316 5321 voc/tim.

2172 5339 2281 5408 (ill)
2320 5337 2373 5392 lJ
2397 5336 2592 5407 magis,
2646 5350 2810 5406 quam
2845 5333 3165 5408 illudquod
3195 5332 3509 5408 Josephust
3555 5335 3681 5403 Ἀρ-

2100 5404 2341 5478 piri/.67.
2369 5404 2555 5469 tradit,
2583 5404 2896 5476 serpentem
2932 5406 3146 5478 scil._cet
3175 5420 3204 5457 a
3243 5404 3513 5478 principio
3544 5420 3681 5459 voce

2101 5475 2257 5531 usum
2285 5489 2338 5532 et
2367 5479 2596 5546 pedibus
2653 5475 2982 5531 instructum
3040 5475 3231 5546 fuisse,
3287 5477 3372 5529 his
3430 5485 3611 5530 autem
3648 5490 3678 5527 a

2102 5548 2213 5602 Deo
2249 5550 2303 5601 in
2347 5545 2526 5615 ipsum
2562 5549 2698 5601 irato
2730 5550 3000 5615 privatum
3024 5545 3225 5600 deinde
3250 5554 3304 5598 ct
3334 5547 3454 5614 eius
3481 5548 3682 5614 lingua:

2101 5633 2372 5671 venenum
2399 5617 2653 5673 inditum.
2682 5617 3005 5686 Serpentem
3059 5616 3300 5686 pedibus
3340 5618 3680 5684 gradientem

2101 5696 2157 5741 et
2181 5688 2366 5741 mitem
2399 5688 2686 5757 leuemque
2733 5685 2903 5741 fuisse
2930 5686 3094 5740 etiam
3164 5685 3399 5739 Basilius
3428 5688 3679 5757 ,hoinib’a

2103 5757 2178 5812 De
2209 5760 2461 5827 paradiso
2500 5755 2753 5825 allii‘mat,
2788 5756 3036 5829 Josephi,
3068 5765 3127 5814 et
3184 5757 3305 5812 libri
3347 5755 3443 5825 qui
3491 5755 3681 5824 Λεπτὴ
