4088 6186
422 384 529 450 725

1801 390 2169 452 EPISTOLA
2210 394 2305 455 IV.

3559 398 3668 461 7‘26

420 504 691 574 εδέχοντο.
732 502 880 574 Αὕτη
921 496 1015 557 οὖν
1039 505 1074 572 ἡ
1105 503 1259 557 αἰτία
1283 502 1423 555 κατὰ
1447 503 1574 565 τοὺς
1599 504 1985 576 διαληφθέντας

2102 520 2317 580 oportet
2353 528 2663 581 suggerere.
2690 512 2799 568 Nisi
2850 514 2997 568 enim
3040 517 3113 570 ita
3142 532 3230 571 res
3260 532 3317 571 se
3350 517 3659 587 habuisset,

419 595 628 651 ἀνωθεν
664 596 919 666 Πατέρας
963 596 1061 648 καὶ
1108 596 1472 659 διδασκάλους
1512 596 1691 666 ἡμῶν,
1720 598 1787 650 δι’
1815 600 1880 668 ἢν
1906 601 1995 671 ὀρ-

420 686 571 756 γάνῳ
620 686 699 757 τῷ
747 685 867 754 ὄφει
920 689 1015 741 καὶ
1060 686 1160 755 οὐχ
1209 686 1384 757 ἑτέρῳ
1432 686 1559 739 τινὶ
1591 688 1938 757 χρησάμενος
1966 694 1995 744 6

420 779 782 847 παμπόνηρος
803 778 931 839 τοὺς
960 777 1430 846 πῳτοπλάστους
1460 778 1736 849 ἠπάτησε.

2105 604 2248 657 haud
2279 604 2525 672 profecto
2552 621 2673 658 rum
2700 606 2778 659 eis
2811 606 3005 661 blande
3045 607 3423 663 eonfabulatus
3454 610 3666 673 fuisset.

2104 708 2281 760 neque
2314 694 2383 746 ita
2418 694 2614 747 leniter
2663 694 2737 746 illi
2792 696 2909 759 ejus
2958 697 3241 750 consilium
3300 699 3669 755 admisissent.

2107 782 2233 837 llaec
2273 784 2441 851 igitur
2480 800 2643 838 causa
2673 784 2796 846 fuit,
2836 785 2985 853 juxta
3020 788 3274 855 superius
3321 788 3667 844 laudatorum

420 869 640 923 Patrum
700 879 754 924 et
793 870 1182 939 magistrorum
1245 878 1556 925 nostrorum
1612 872 1947 940 opinionem,
1984 885 2207 951 propter
2266 894 2426 946 quam
2474 878 2643 933 Malus
2696 879 2783 933 ille
2804 879 2918 947 (21)
2969 890 3222 949 serpente
3248 891 3304 936 et
3341 898 3450 936 non
3487 884 3670 953 aliquo

417 962 525 1017 alio
556 977 686 1015 usus
711 970 796 1018 οδε
818 963 1185 1016 instrumento
1214 970 1275 1016 ut
1298 964 1666 1032 protoplastos
1690 964 1965 1034 deciperet
2009 966 2145 1034 (22).

489 1057 599 1109 Καὶ
632 1056 794 1106 πόθεν
822 1054 982 1122 δῆλον
1020 1055 1103 1106 ὅτι
1143 1057 1171 1106 6
1210 1053 1459 1116 διάϐολος
1508 1056 1566 1107 ὲν
1603 1055 1680 1126 τῷ
1724 1055 1843 1123 ὄφει
1874 1056 1998 1110 ἑλά-

416 1148 575 1216 λησε,
614 1147 711 1214 τῆς
743 1145 965 1216 Γραφῆς
1004 1144 1344 1215 ὁπουδήποτε
1378 1146 1537 1200 τοῦτο
1576 1146 1652 1216 μὴ
1694 1148 1991 1218 iteratione;

421 1240 527 1292 Ἰδε
554 1240 662 1307 γὰρ
683 1239 767 1291 ὅτι
801 1240 895 1291 καὶ
928 1243 955 1291 6
979 1238 1188 1301 Παῦλος
1216 1241 1393 1307 δφεως
1432 1240 1763 1309 μνημονεύει
1794 1242 1991 1309 λέγων·

424 1328 746 1398 «Φοϐοῦμαι
810 1331 1007 1400 μήπως
1062 1330 1092 1382 6
1148 1330 1273 1399 ὄφις
1326 1332 1671 1401 ἐξηπάτησεν
1729 1330 1876 1385 Εὕαν
1926 1336 1991 1403 τῇ

420 1421 727 1491 πανουργίᾳ
769 1421 956 1475 αὑτοῦ.
992 1440 1011 1473 ι
1050 1422 1218 1474 Πόθεν
1262 1420 1354 1474 οῦν
1384 1421 1542 1489 δῆλον
1574 1424 1656 1475 ὃτι
1691 1425 1720 1475 ό
1748 1423 1993 1487 διάϐολος

2168 1062 2234 1115 At
2267 1062 2411 1116 unde
2439 1062 2635 1132 liquet,
2680 1061 2957 1115 diabolum
2991 1061 3042 1115 in
3074 1072 3329 1132 serpente
3364 1078 3482 1118 esse
3512 1064 3665 1119 loeu-

2100 1161 2232 1214 tnm,
2289 1167 2411 1206 cum
2470 1153 2519 1204 id
2584 1152 2732 1205 ullibi
2796 1151 3079 1219 Scriptura
3136 1167 3241 1203 non
3306 1152 3495 1205 dicat?
3531 1152 3668 1209 Vide

2096 1243 2241 1294 enim
2273 1249 2325 1294 et
2362 1241 2593 1294 Paulum
2630 1241 2830 1309 ipsum,
2869 1256 2991 1293 cum
3065 1240 3333 1304 serpentis
3392 1242 3668 1295 meminis-

2095 1343 2197 1397 set,
2239 1334 2509 1387 dicentem
2539 1350 2550 1385 :
2585 1352 2603 1383 ι
2632 1326 2820 1385 Timeo
2851 1348 2916 1384 ne
2952 1332 3119 1393 forte,
3151 1338 3209 1382 ut
3242 1346 3467 1400 serpens
3501 1333 3666 1386 Evam

2094 1440 2190 1478 sua
2273 1425 2567 1479 calliditate
2598 1424 2877 1479 seduxit'.
2918 1442 2935 1473 ι
3022 1423 3172 1475 l'mle
3225 1423 3387 1489 igitur
3452 1433 3668 1476 constat

416 1512 569 1564 λαλεῐ
596 1512 683 1565 διὰ
700 1513 792 1565 τοῦ
811 1512 987 1578 ὄφεως
1008 1512 1033 1566 ?
1056 1513 1228 1575 Αὐτὸς
1252 1515 1281 1566 6
1311 1515 1586 1583 Δεσπότης
1619 1515 1985 1583 ὑπεσαφήνισε

2092 1515 2361 1569 diabolum
2398 1531 2492 1585 per
2524 1523 2840 1582 serpentem
2874 1513 3049 1580 ipsum
3075 1527 3197 1566 esse
3230 1512 3473 1565 locutum
3498 1514 3521 1564 ?
3548 1512 3691 1581 ipse

416 1604 517 1672 τὴν
549 1603 806 1674 ἀπορίαν,
856 1604 944 1657 ἵνα
993 1605 1068 1673 μή
1122 1621 1209 1664 τις
1266 1605 1361 1658 ἐπὶ
1408 1603 1499 1658 τὸν
1532 1604 1657 1673 ὅφιν
1701 1606 1798 1658 καὶ
1829 1607 1985 1674 μόνον

2092 1608 2348 1661 Dominus
2407 1622 2439 1662 e
2488 1607 2666 1660 medio
2694 1606 3114 1675 perplexitatem
3165 1604 3408 1667 Sustulit,
3445 1619 3516 1656 ue
3544 1605 3667 1672 quis

417 1695 688 1765 ἀνενέγκῃ
711 1694 811 1765 τὴν
836 1695 1139 1763 ἁμαρτίαν.
1182 1695 1327 1764 Πρὸς
1359 1694 1469 1764 γάρ
1513 1697 1640 1759 τοὺς
1678 1697 1985 1761 Ἰουδαίους,

2092 1706 2368 1767 peccatum
2393 1698 2446 1750 in
2486 1707 2819 1764 serpentem.
2846 1706 2899 1749 et
2929 1696 3149 1765 quidem
3178 1710 3203 1747 s
3225 1695 3386 1760 ilum,
3421 1695 3664 1763 rejiciat.

417 1788 581 1858 ἡνίκα
611 1782 765 1839 εἷπον
793 1786 964 1855 αὐτῷ,
1012 1804 1031 1837 ι
1073 1787 1169 1841 Ἐκ
1200 1786 1297 1840 τοῦ
1325 1786 1461 1840 Θεοῦ
1494 1789 1684 1856 ὲσμεν,
1722 1806 1741 1839 ι
1779 1789 1985 1855 ἐλεγενο

424 1898 442 1931 ι
476 1881 538 1932 Ei
564 1876 662 1949 ἦτε
694 1881 757 1931 ὲκ
788 1878 884 1931 τοῦ
917 1878 1077 1942 Θεοῦ,
1111 1879 1171 1932 τδ
1201 1879 1413 1947 θέλημα
1440 1878 1534 1932 τοῦ
1579 1880 1716 1932 Θεοῦ
1748 1882 1987 1934 ἐποιεῖτε

416 1973 504 2026 ἄν.
537 1972 648 2028 Νῦν
682 1974 744 2025 ὲκ
782 1970 877 2025 τοῦ
922 1972 1135 2040 πατρὸς
1185 1971 1338 2040 ὑμῶν
1398 1972 1519 2024 ἐστε
1566 1970 1661 2024 τοῦ
1714 1970 1986 2025 διαϐόλου.

431 2064 667 2125 Ἐκεῖνος
700 2064 793 2116 ἀπ’
819 2063 994 2133 ἀρχῆς
1027 2062 1476 2131 ἀνθρωποκτόνος
1509 2057 1600 2131 ἦν.
1640 2080 1661 2114 ι
1706 2062 1989 2115 Ἐντεῦθεν

415 2150 511 2207 οὖν
539 2156 725 2222 σαφῶς
752 2153 1114 2207 ἐπιδέδεικται
1133 2153 1217 2206 ὅτι
1236 2155 1294 2205 ὲν
1320 2152 1466 2220 αὐτῷ
1492 2153 1573 2222 τῷ
1596 2152 1715 2220 ὄφει
1749 2152 1988 2221 λαλήσας

420 2247 449 2298 6
488 2244 733 2307 διάϐολος
763 2243 979 2313 Θανάτῳ
1017 2244 1110 2296 τὸν
1155 2243 1446 2314 ἄνθρωπον
1492 2244 1789 2296 ὑποπεσεῖν
1828 2261 1990 2297 κατε-

423 2334 709 2388 σκεύασεν.
747 2334 807 2385 Ei
848 2335 923 2403 μὴ
976 2333 1087 2402 γὰρ
1140 2333 1300 2386 τοῦτο
1351 2330 1441 2403 ἦν,
1492 2334 1594 2387 οὐκ
1627 2334 1693 2388 ἂν
1746 2335 1991 2402 ἐγεγόνει

420 2422 612 2491 θνητὸς
641 2423 670 2473 6
702 2423 997 2485 ἀθάνατος.
1048 2423 1162 2475 Καὶ
1207 2424 1256 2476 εί
1301 2423 1376 2494 μὴ
1414 2424 1578 2497 πείθῃ
1624 2427 1734 2488 τοῖς
1763 2426 1991 2496 λεγομέ-

418 2532 549 2579 νοις,
583 2514 663 2584 τῷ
712 2514 862 2585 σοφῷ
894 2513 1494 2584 Σολομῶντι.πείσθητι
1551 2516 1800 2584 λέγοντι·
1861 2537 1879 2570 ι
1932 2519 1990 2573 '0

415 2607 544 2668 Θεὸς
576 2606 804 2659 θάνατον
846 2608 947 2660 οὐκ
978 2608 1257 2676 ἐποίησεν,
1302 2608 1419 2661 ἀλλ’
1449 2609 1537 2662 ἐπ’
1583 2609 1868 2680 ἀφθαρσίᾳ
1898 2612 1990 2665 τὸν

417 2694 705 2763 ἄνθρωπον
746 2695 953 2747 ἔκτισε.
989 2695 1176 2764 Φθόνῳ
1219 2695 1275 2749 δὲ
1325 2696 1420 2748 τοῦ
1466 2697 1714 2751 διαϐόλου
1765 2698 1991 2762 θάνατος

416 2786 496 2846 είς
524 2786 616 2838 τὸν
662 2786 867 2857 κόσμον
914 2785 1190 2854 εἰσῆλθεν.
1228 2805 1247 2838 ι
1305 2784 1547 2855 Εὔδηλον
1580 2784 1674 2842 οὖν
1716 2789 1790 2849 ὡς
1829 2791 1992 2852 αὐτὸς

415 2878 644 2948 ἐλάλησε
691 2878 779 2930 διὰ
813 2876 906 2929 τοῦ
944 2878 1122 2945 δφεως
1162 2879 1190 2929 6
1230 2878 1616 2950 παμπόνηρος.
1657 2880 1715 2931 Ei
1773 2881 1847 2948 μὴ
1882 2882 1991 2950 γὰρ

417 2969 575 3021 τοῦτο
620 2965 707 3037 ἦν,
741 2969 841 3021 οὐκ
896 2967 961 3022 ἀν
1014 2968 1178 3021 αὐτὸν
1228 2970 1256 3021 6
1312 2967 1516 3038 Κύριος
1551 2968 1993 3039 ἀνθρωποκτόνον

414 3060 666 3115 ἐκάλεσε.
701 3060 810 3114 Καὶ
845 3060 966 3112 ἐπεὶ
994 3058 1168 3111 ταῦτα
1200 3057 1375 3122 οὕτως
1418 3059 1555 3127 ἔχει,
1611 3061 1755 3124 τίνος
1803 3063 1991 3115 ἕνεκεν

2089 1788 2291 1845 Iudaeis
2329 1790 2499 1856 enim,
2531 1803 2655 1841 eum
2695 1788 2772 1842 illi
2802 1787 3079 1840 dixerunt.
3110 1804 3127 1836 ι
3156 1786 3235 1838 Ex
3276 1784 3384 1838 Deo
3406 1800 3616 1848 sumus,
3642 1803 3660 1835 ι

2094 1882 2343 1935 dicebat:
2384 1899 2401 1932 ι
2435 1878 2493 1934 Si
2540 1896 2607 1934 ex
2635 1879 2742 1933 Deo
2784 1878 3002 1942 essetis,
3030 1878 3120 1930 Dei
3148 1885 3297 1937 certe
3329 1877 3664 1931 voluntatem

2093 1972 2382 2027 faceretis:
2418 1987 2565 2026 nunc
2618 1981 2803 2025 autem
2872 1986 2938 2024 ex
3002 1978 3154 2038 patre
3209 1978 3393 2022 vestro
3448 1969 3663 2023 diabolo

2094 2062 2228 2115 estis
2258 2078 2269 2113 :
2297 2060 2387 2114 ille
2422 2069 2539 2114 erat
2592 2057 2863 2113 homicida
2895 2058 2964 2110 ah
3004 2058 3163 2111 initio
3191 2059 3234 2111 ³.
3269 2075 3287 2107 ι
3322 2057 3458 2110 llinc
3504 2058 3662 2126 igitur

2093 2162 2283 2222 aperte
2347 2153 2617 2216 constitit,
2650 2166 2774 2206 cum
2832 2150 3089 2205 diabolus
3139 2149 3193 2202 in
3243 2150 3358 2217 ipso
3412 2159 3664 2216 serpente

2092 2241 2304 2297 locutus
2329 2251 2503 2302 esset,
2544 2240 2597 2294 id
2631 2240 2983 2293 contexuisse
3037 2247 3097 2291 ut
3155 2238 3315 2291 morti
3349 2237 3509 2290 homo
3540 2252 3649 2289 suc-

2093 2333 2373 2388 cumberet
2396 2329 2528 2401 (25).
2574 2327 2684 2382 Nisi
2719 2328 2860 2381 enim
2900 2328 3077 2381 resita
3112 2342 3170 2380 se
3199 2325 3497 2389 habuisset,
3526 2340 3665 2378 nun-

2093 2437 2255 2491 quam
2293 2420 2403 2483 ille,
2434 2418 2527 2487 qui
2577 2416 2905 2471 immortalis
2944 2418 3140 2482 fuerat,
3175 2416 3422 2469 mortalis
3454 2416 3664 2469 evasis-

2092 2522 2197 2569 set.
2234 2511 2374 2567 Etsi
2408 2512 2590 2565 minus
2623 2511 2708 2564 his
2752 2526 2874 2579 qua:
2932 2510 3211 2572 dicuntur,
3251 2509 3408 2562 ﬁdem
3467 2508 3665 2562 adhibe

2094 2604 2330 2669 sapienti
2362 2602 2661 2667 Salomoni,
2700 2617 2822 2657 cum
2854 2602 3026 2655 dicit:
3059 2619 3078 2651 ι
3115 2600 3256 2653 Deus
3293 2607 3518 2652 mortem
3551 2615 3661 2652 non

2094 2696 2245 2757 fecit.
2275 2697 2371 2749 sed
2402 2695 2682 2749 hominem
2715 2694 2769 2746 in
2810 2694 3222 2758 incorruptione
3251 2690 3487 2745 ereavit:
3520 2690 3663 2743 invi-

2094 2788 2179 2841 dia
2230 2795 2410 2840 autem
2466 2784 2663 2839 diaboli
2716 2799 2862 2838 mors
2914 2782 3139 2836 intravit
3169 2783 3222 2834 in
3261 2781 3521 2834 mundum
3563 2779 3603 2833 ³.
3637 2799 3655 2832 ι

2095 2877 2594 2931 Manifestissimum
2627 2884 2713 2930 est
2768 2874 2936 2943 igillll‘
2985 2873 3184 2926 malum
3224 2872 3371 2924 illum
3403 2884 3499 2939 per
3550 2883 3666 2921 ser-

2095 2979 2317 3039 pentem
2350 2970 2528 3038 ipsum
2569 2983 2689 3023 esse
2732 2968 2971 3021 locutum
3000 2984 3014 3018 ι
3041 2965 3145 3019 nisi
3202 2965 3348 3017 enim
3393 2964 3463 3017 ita
3496 2970 3661 3023 esset,

2096 3061 2246 3116 illum
2308 3060 2573 3113 Dominus
2620 3058 2947 3113 homicidam
3011 3072 3122 3110 non
3187 3054 3537 3124 appellasset.
3600 3051 3665 3105 Et

420 3146 841 3218 μνημονεύουσα
886 3147 919 3215 ἡ
969 3145 1161 3217 Γραφὴ
1190 3145 1285 3199 τοῦ
1329 3144 1508 3212 ὄφεως
1549 3146 1710 3216 μόνου
1750 3149 1816 3201 τὰ
1849 3148 1985 3202 κατά

2092 3153 2539 3223 quandoquidem
2577 3152 2693 3205 haec
2751 3150 2825 3203 ita
2865 3164 2924 3204 se
2973 3149 3193 3211 habent,
3222 3163 3325 3215 qua
3382 3146 3450 3199 de
3499 3159 3662 3221 causa

412 3243 507 3294 τὸν
536 3240 781 3293 διάϐολον
808 3238 990 3290 τέλεον
1021 3234 1373 3308 ἀπεσιώπησε
1393 3237 1417 3291 ?
1438 3240 1539 3291 Διά
1576 3239 1675 3307 τὴν
1719 3237 1987 3292 Ἰουδαίων

415 3330 843 3401 εἰδωλομανίαν;
881 3329 1001 3381 Ἵνα
1045 3327 1153 3396 γάρ
1206 3327 1280 3399 μὴ
1315 3328 1602 3396 μαθόντες,
1636 3328 1711 3391 ὦς
1761 3346 1929 3398 φησιν
1959 3332 1988 3383 6

419 3423 686 3493 Συναϊτης
723 3421 863 3484 θεῖος
898 3419 1274 3483 Ἀναστάσιος,
1307 3419 1399 3473 και
1432 3436 1588 3482 τινας
1620 3416 1758 3473 εἶναι
1794 3420 1987 3489 φύσεις

413 3516 641 3579 ἁΰλους,
687 3512 981 3566 κάντεῦθεν
1010 3502 1217 3573 ταύτας
1261 3510 1677 3579 θεοποιήσωσιν,
1708 3512 1831 3565 οὔτε
1859 3512 1987 3582 περὶ

413 3605 712 3675 δαιμόνων,
742 3602 866 3657 οὔτε
917 3603 1045 3674 rupi.
1097 3602 1313 3670 φύσεως
1368 3602 1615 3669 ἀγγέλων
1645 3603 1680 3672 ἡ
1715 3604 1985 3673 Menam;

416 3697 596 3767 βίϐλος
653 3695 950 3763 διείληφεν.
1007 3694 1069 3747 Et
1109 3692 1217 3764 γὰρ
1256 3694 1349 3749 καὶ
1396 3693 1534 3763 μετά
1582 3693 1822 3749 τοσαῦτα
1856 3695 1986 3748 θαύο

417 3806 565 3857 ματα
597 3787 694 3854 τὴν
727 3786 909 3841 εἰκόνα
946 3785 1039 3837 τοῦ
1080 3784 1285 3854 μόσχου
1316 3782 1450 3835 Θεὸν
1495 3784 1896 3853 ἀνηγόρευσαν,
1930 3786 1985 3837 τί

420 3883 522 3934 οὐκ
553 3880 620 3934 ἂν
644 3879 877 3948 ἔδρασαν
913 3878 1027 3943 εἴγε
1056 3875 1168 3929 τῶν
1206 3875 1454 3944 ἀοράτων
1486 3874 1701 3941 φύσεων
1724 3875 1822 3943 τὴν
1845 3877 1987 3943 γνῶ.-

423 3986 508 4025 σιν
537 3969 817 4035 ἐδέξαντος
842 3969 971 4021 *Οτι
999 3966 1055 4019 δὲ
1078 3964 1245 4018 ταῦτα
1279 3962 1451 4028 οὕτως
1478 3963 1613 4034 ἔχει,
1644 3964 1801 4035 δῆλον
1829 3966 1888 4029 ἐξ
1909 3959 1985 4021 ὧν

497 4107 514 4139 ⁸
546 4108 591 4162 ιι
620 4108 745 4163 Cor.
779 4121 856 4169 tu,
890 4104 946 4159 5.
1030 4104 1049 4134 ’
1072 4103 1234 4159 Joan.
1265 4116 1381 4166 vui,
1409 4103 1502 4157 44.
1589 4104 1611 4136 ³
1649 4103 1779 4173 Sap.
1808 4121 1870 4171 ιι,
1893 4106 1984 4162 24.

418 4250 636 4308 Γένεσις
666 4239 982 4296 inscribitur
1014 4234 1340 4291 sententiam
1380 4242 1620 4299 secutus,
1673 4252 1836 4304 quam
1898 4249 1983 4291 ta-

423 4334 548 4373 men
573 4307 820 4367 coniutat
891 4309 1106 4376 Glycasi
1153 4314 1340 4358 noster
1393 4317 1543 4371 parte
1593 4322 1608 4359 ι
1664 4307 1979 4371 Annalium,

420 4382 833 4455 Chrysostomi“
874 4375 1201 4455 sententiam
1256 4376 1580 4455 amplexus,
1638 4377 1729 4443 qui
1794 4388 1983 4455 censet

1030 4104 1049 4134 ’
1072 4102 1234 4159 Joan.
1265 4116 1381 4166 νιιι,
1409 4102 1502 4157 44.

2091 3243 2378 3313 Scriptura
2411 3242 2581 3296 solius
2634 3239 2902 3309 serpentis
2956 3238 3284 3293 mentionem
3339 3236 3564 3299 faciens,
3599 3250 3663 3288 ea

2092 3350 2215 3405 quae
2247 3333 2522 3389 diabolum
2566 3333 2821 3397 attinent,
2846 3332 3071 3385 omnino
3120 3327 3388 3384 reticuit?
3428 3326 3658 3391 Propter

2092 3426 2422 3495 inexpletam
2479 3421 2794 3478 Judaeorum
2840 3421 3163 3476 idololatriae
3213 3418 3540 3473 inhiantium
3577 3418 3664 3468 in-

2091 3519 2326 3573 saniant.
2390 3516 2607 3570 Etenim
2662 3531 2731 3570 ne
2788 3529 2911 3569 cum
2957 3513 3294 3577 didicissent,
3339 3520 3399 3565 ut
3448 3509 3666 3562 divinus

2092 3607 2412 3661 Anastasius
2432 3605 2639 3660 Sinaita
2673 3605 2771 3670 ait,
2799 3620 2919 3660 esse
2972 3604 3235 3671 quasdam
3289 3611 3517 3656 naturas
3549 3599 3663 3670 (24)

2092 3698 2320 3753 materia
2355 3696 2577 3750 minime
2611 3706 2944 3761 constantes,
2991 3697 3157 3749 hasce
3199 3693 3401 3749 exinde
3461 3693 3665 3747 divinis

2093 3788 2395 3841 honoribus
2467 3797 2959 3857 prosequerentur,
2991 3801 3169 3852 neque
3225 3784 3292 3837 de
3329 3783 3661 3843 dzcmmtttm,

2094 3892 2273 3945 neque
2305 3877 2371 3930 de
2425 3876 2743 3946 angelorum
2796 3884 2988 3928 natura
3021 3874 3290 3928 Mosaicus
3324 3874 3458 3926 liber
3486 3873 3665 3925 disse-

2094 3968 2200 4022 ruit
2223 3966 2357 4038 (25).
2406 3967 2461 4021 Si
2488 3967 2632 4021 enim
2663 3975 2783 4036 post
2826 3975 2973 4020 tanta
3006 3965 3168 4019 etiam
3195 3963 3481 4028 miracula,
3513 3960 3663 4013 vituli

2090 4255 2248 4295 suum
2294 4239 2564 4306 Ὀφιονέα.
2607 4248 2915 4307 serpentem
2982 4236 3107 4290 mali
3153 4244 3471 4307 auctorem,
3508 4248 3665 4288 com-

2091 4320 2378 4370 memorat,
2413 4308 2505 4376 qui
2534 4306 2787 4361 adversas
2818 4309 2963 4362 acies
3018 4308 3074 4358 in
3107 4306 3245 4359 coelo
3282 4306 3657 4376 instruxerit,

2089 4384 2275 4432 eadem
2309 4372 2567 4431 exhibere
2598 4378 2831 4430 videtur.
2877 4377 3010 4430 Nam
3039 4377 3111 4427 ita
3168 4374 3351 4427 scribit
3396 4372 3660 4439 Origeurs

420 4443 894 4525 serpentemolim
927 4445 1149 4498 orbibus
1177 4444 1504 4525 quibusdam
1543 4445 1807 4498 [actarum
1840 4446 1979 4525 iniec
2016 4450 2060 4503 D
2090 4448 2186 4525 lib.
2216 4461 2265 4525 γι
2297 4456 2478 4525 contra
2512 4447 2718 4501 Celsum
2744 4447 3006 4525 :_c,Vide,
3042 4460 3108 4497 an
3144 4460 3246 4495 non
3271 4445 3397 4521 iste,
3435 4443 3525 4510 qui
3564 4460 3662 4525 ιη’).

422 4517 535 4579 rius
570 4521 1014 4577 eonvolutionum
1046 4520 1286 4567 erectum
1317 4524 1545 4569 extenso
1578 4522 1801 4582 pectore
1836 4517 1988 4571 velut

419 4594 773 4658 inequitasse.

495 4651 605 4735 (ﬁt)
648 4659 817 4713 Malus
847 4655 967 4711 κατ’
995 4651 1199 4735 ἐξοχὴν
1254 4667 1282 4703 a
1317 4652 1502 4735 multis
1557 4654 1862 4735 appellatus
1904 4664 1991 4735 est

422 4722 692 4790 diabolus,
726 4738 781 4781 et
814 4722 1056 4799 suntqui
1082 4729 1339 4799 censeant
1370 4725 1514 4799 hunc
1576 4723 1827 4783 indicari.
1894 4727 1984 4799 ubi

424 4804 479 4855 in
509 4789 767 4855 Gratiane
795 4789 1077 4851 Dominica
1111 4789 1310 4843 dicitur
1344 4808 1357 4843 :
1395 4792 1581 4847 Libera
1635 4806 1729 4848 nos
1760 4811 1791 4847 a
1822 4795 1983 4849 malo.

421 4872 699 4932 Paulinus,
733 4882 909 4932 poem.
944 4880 1030 4918 xw
1048 4885 1064 4917 :
1948 4904 1951 4909 ,

495 4941 619 4993 Non
644 4939 765 4991 tulit
793 4936 901 4989 lucc
924 4933 1101 4989 Malus
1132 4937 1221 4989 ille
1247 4936 1359 4993 diu.
1385 4933 1474 4985 sed
1500 4933 1757 4987 inhorruit
1781 4936 1914 4988 atris

495 5009 759 5067 Crinibus,
786 5016 833 5058 et
865 5006 1061 5059 rabidis
1093 5004 1299 5075 inﬂavit
1333 5002 1468 5055 colla
1499 5004 1701 5055 venenis
1722 5044 1737 5067 ,
1768 5014 1876 5059 etc.

424 5081 611 5156 Itaque
631 5087 686 5156 et
722 5092 750 5129 a
784 5075 945 5156 Glyca
977 5076 1338 5156 I-latanévnpo;
1366 5083 1733 5156 nuncupatur.

495 5139 606 5216 (ἐξ)
642 5139 954 5216 Memoriam
988 5139 1149 5213 huius
1170 5139 1442 5211 serpentis
1465 5139 1706 5216 .fraudis
1727 5155 1855 5198 sunt
1888 5146 1980 5213 qui

422 5208 759 5283 velint'apud
783 5214 1034 5267 ethnicos
1063 5208 1214 5282 ipsos
1247 5208 1591 5283 remansisse.
1610 5208 1979 5283 _adeoque'in

422 5278 666 5355 antiquis
686 5283 994 5339 Grmcorum
1028 5278 1301 5350 mysteriis
1331 5279 1440 5332 Eva
1481 5279 1565 5332 vel
1594 5278 1775 5355 Ecca:
1804 5278 1981 5338 accla-

420 5350 650 5417 mattim,
687 5364 744 5408 et
775 5361 1079 5419 serpentem
1109 5361 1410 5411 ostensum,
1440 5359 1498 5403 ut
1537 5350 1699 5402 tradit
1723 5350 1980 5409 Clemens

421 5424 824 5478 Alexandrinus
857 5423 908 5472 in
942 5420 1287 5487 Protreptico,
1342 5430 1398 5472 et
1457 5428 1669 5470 constat
1707 5424 1870 5475 etiam
1912 5438 1978 5478 ex

422 5494 713 5548 Plutarcho
742 5493 796 5546 in
824 5491 1139 5554 Alexandro,
1181 5490 1544 5560 Demosthene
1572 5489 1704 5560 Περὶ
1724 5493 1975 5560 στεφάνη

424 5563 684 5630 Euripide
714 5564 765 5613 iu
790 5558 1452 5630 Bacchantibus,Catullo,
1489 5556 1731 5625 Virgilio,
1758 5556 1974 5628 Nomio,

420 5628 718 5695 Ultalcidio,
746 5640 849 5682 etc.
881 5628 1119 5683 Consule
1156 5628 1297 5682 Phil.
1354 5628 1702 5681 Bonarotium
1750 5630 1974 5686 Dissert.

420 5704 476 5754 in
506 5716 650 5753 num.
677 5714 823 5753 max.
865 5700 1082 5761 moduli,
1139 5708 1194 5752 et
1252 5696 1623 5751 Dissertation.
1659 5712 1832 5753 meam
1904 5702 1975 5755 De

424 5771 564 5824 cistis
613 5770 858 5840 mysticis.
911 5768 1014 5824 Sed
1067 5780 1121 5824 ct
1174 5767 1510 5836 Pherecydes
1569 5766 1776 5837 Syrius,
1844 5771 1971 5825 dum

2100 4518 2182 4571 bis
2228 4517 2449 4585 impium
2473 4532 2720 4569 errorem
2770 4518 3014 4583 impingit
3060 4522 3135 4585 ut
3179 4513 3465 4585 mitigmata
3517 4514 3659 4566 Ill:th

2098 4582 2552 4653 itttelligeutibus,
2580 4586 2696 4653 ipse
2729 4582 3015 4638 manifeste
3052 4582 3288 4645 fallatur,
3318 4597 3422 4634 non
3455 4582 3657 4636 intelli-

2094 4671 2228 4723 gens
2258 4655 2402 4722 qum]
2443 4655 2695 4708 Mosaicze
2729 4656 2945 4720 litterae,
2979 4653 3149 4723 multo
3184 4656 3516 4723 attthujores
3576 4653 3659 4705 vel

2096 4721 2397 4794 Heraclito,
2418 4724 2501 4776 vel
2545 4723 2872 4794 I'herecyde,
2921 4723 3002 4776 vel
3035 4722 3270 4794 llomero
3317 4721 3657 4794 etiam,_n_ar-

2094 4804 2215 4847 rant
2255 4797 2321 4848 de
2356 4793 2493 4846 Malo
2518 4795 2609 4847 illo
2639 4796 2730 4862 qui
2753 4791 2839 4847 'de
2872 4794 3009 4847 CtBiO
3044 4791 3313 4862 expulsus,
3360 4799 3464 4843 est.
3492 4861 3495 4862 ν
3524 4791 3657 4862 Nam

2092 4879 2322 4929 serpens
2353 4864 2442 4917 ille
2466 4880 2494 4915 a
2532 4861 3015 4933 quoPltereeydes
3065 4876 3222 4933 suum
3286 4861 3664 4933 denominavit

2090 4933 2414 4996 Ophionem,
2445 4929 2674 5000 qui—fuit
2702 4934 2757 4987 in
2792 4929 2950 4987 causa
2980 4940 3039 4985 ut
3096 4931 3305 5000 primus
3363 4929 3527 4984 homo
3593 4946 3662 4984 ex

2092 5002 2186 5055 Dei
2216 5003 2466 5071 paradiso
2497 5004 2809 5071 ejiceretur,
2851 5021 2868 5054 ι
2897 5015 3001 5055 etc.

2162 5074 2274 5139 (25;
2306 5070 2435 5125 Vide
2467 5070 2720 5141 superius
2753 5074 2916 5141 epist.
2947 5072 3000 5124 2.

2160 5142 2271 5211 ('24)
2308 5142 2438 5195 Vide
2462 5140 2712 5211 superius
2736 5140 2895 5210 epist.
2930 5142 2988 5203 2,
3029 5149 3143 5211 not.
3183 5140 3273 5195 59.

2158 5210 2272 5279 (‘25)
2304 5210 2560 5266 Eamdem
2582 5214 2842 5266 rationem
2860 5213 3019 5266 aﬂ'ert
3038 5210 3262 5268 Michael
3288 5223 3477 5267 uoster
3501 5222 3661 5279 parte

2086 5296 2102 5335 ι
2129 5280 2432 5334 Annalium.
2470 5283 2609 5333 Sunt
2638 5292 2816 5335 autem
2850 5283 2943 5351 qui
2974 5291 3260 5336 autument
3292 5282 3413 5335 ideo
3467 5280 3649 5351 Mosen

2085 5352 2463 5420 produmionis
2485 5352 2795 5419 angelorum
2844 5349 2951 5406 non
3018 5351 3352 5416 utetninisse,
3413 5350 3556 5417 quod
3615 5349 3653 5401 ii

2083 5432 2208 5474 ante
2241 5421 2504 5473 mundum
2560 5421 2902 5474 materiatum
2952 5432 3008 5476 et
3046 5420 3430 5487 aspexi-labilem
3481 5420 3651 5471 creati

2084 5490 2348 5552 fuissent;
2388 5505 2513 5542 nam
2552 5493 2665 5542 lucc
2684 5493 2954 5544 sententia
2984 5490 3190 5543 arridet
3252 5487 3492 5555 Origeui,
3557 5490 3654 5541 lio-

2083 5560 2196 5611 mil.
2224 5576 2237 5613 ι
2268 5562 2318 5612 in
2350 5558 2613 5623 Genesim,
2656 5570 2711 5613 ct
2746 5575 2776 5611 ι
2811 5562 2865 5612 in
2893 5559 3238 5614 Matt/imum:
3297 5557 3492 5609 Basilio
3552 5559 3652 5614 ho-

2084 5632 2198 5681 mil.
2243 5630 2334 5682 tin
2372 5632 2776 5691 Hexaemeron;
2811 5630 3073 5696 Gregorio
3104 5624 3465 5686 Naziauzeuo,
3514 5626 3649 5681 0m.

2082 5700 2218 5752 tione
2241 5713 2435 5751 xxxvrtt
2461 5713 2513 5751 et
2547 5715 2680 5761 xui;
2712 5699 3005 5751 Soteriuuo
3032 5696 3367 5753 Gabalitani»,
3395 5705 3533 5749 orat.
3570 5715 3648 5762 tv,

2080 5768 2153 5822 De
2191 5768 2366 5823 mund:
2403 5768 2644 5837 api/icio;
2690 5768 2945 5831 Cwsat'io,
3001 5765 3205 5833 ιιέιιίοθ.Δ
3239 5780 3284 5832 t,
3326 5765 3516 5822 ittlct't'.
3552 5770 3639 5823 b’l.

2138 5907 2175 5943 ἡ
