4088 6186
462 186 560 250 731

1726 180 2147 240 MICHAELIS
2186 180 2445 242 GLYCI‘E

3612 180 3716 247 732

452 304 506 359 Si
540 304 685 357 enim
722 303 999 357 credimus
1044 302 1335 356 universos
1384 298 1639 352 homines
1680 294 2028 364 corruptione

2136 296 2185 347 οί
2218 296 2519 364 ἄνθρωποι,
2568 296 2621 351 τί
2656 296 2721 351 τὸ
2753 294 3177 364 καταναγκάζον
3212 293 3415 359 αὐτοὺς
3450 293 3717 366 αἰσθητῆς

450 394 766 463 superiores
791 409 911 449 esse
937 403 1372 452 resurrecturos.
1404 388 1672 457 responde
1699 388 1832 458 jam,
1874 387 2031 456 quid-

450 500 576 538 nam
617 484 857 538 futurum
896 487 990 547 sit,
1027 483 1172 552 quod
1231 497 1326 536 eos
1390 480 1648 536 sensiletu
1706 479 1888 533 cibum
1939 492 2033 532 su-

450 592 600 631 mere
652 575 941 645 compellat
997 574 1153 642 (37)?
1207 574 1264 630 Si
1325 589 1453 629 vero
1505 573 1804 627 secundum
1864 571 2030 625 etiam

448 670 766 739 angelorum
800 669 1244 734 similitudinem,
1280 676 1339 722 ut
1370 668 1530 722 divus
1565 664 1862 733 Gregorius
1892 664 2031 735 Nys-

449 778 615 819 senus
671 762 786 827 ait,
833 762 978 816 vivet
1033 762 1088 815 in
1151 761 1563 816 resurrectione
1618 759 1781 812 homo
1832 756 2034 825 (inquit

448 855 624 910 enim:
666 854 730 908 Et
786 863 950 908 erunt
984 869 1176 907 omnes
1221 862 1280 906 ut
1319 852 1493 921 angeli
1551 848 1696 915 Dei),
1758 848 2032 918 quomodo

449 946 626 1015 ipsum
684 947 792 1000 cibi
855 954 911 1000 et
965 946 1204 1015 potionis
1270 944 1603 1015 indigentem
1651 939 2032 996 amrmamus?

447 1036 787 1107 lmpossibilc
821 1037 922 1091 ltoc
967 1037 1213 1098 omnino,
1244 1036 1604 1105 impossibile.
1645 1035 1698 1088 Si
1740 1034 1884 1087 enim
1935 1028 2034 1105 ali-

448 1130 649 1183 mentis
693 1132 904 1183 utimur
945 1129 998 1181 in
1048 1128 1487 1197 prazscntiarutn.
1533 1143 1598 1180 ex
1640 1144 1705 1180 eo
1752 1136 1836 1180 est
1884 1125 2029 1193 quod

450 1231 700 1274 naturam
746 1220 919 1289 ipsam
976 1218 1243 1273 habemus
1275 1235 1394 1287 qua:
1421 1234 1521 1272 nos
1551 1217 1864 1286 compellit;
1911 1217 2029 1279 sed,

450 1310 902 1380 quemadmodum
933 1310 1209 1381 Nyssenus
1242 1311 1441 1380 inquit,
1487 1310 1591 1364 hoc
1628 1319 1738 1363 tum
1777 1310 2031 1363 ministe-

449 1402 534 1455 rio
564 1402 895 1456 liberabitur
928 1403 1112 1467 homo,
1136 1412 1189 1456 et
1213 1416 1369 1471 atque
1395 1417 1457 1455 ac
1483 1401 1660 1470 angeli
1690 1416 1747 1453 se
1783 1400 2026 1463 habebit,

451 1494 593 1547 sicut
654 1495 705 1547 in
762 1492 1058 1562 Evangelio
1111 1494 1376 1548 Dominus
1421 1493 1574 1546 dicit.
1630 1492 1737 1546 Sed
1790 1491 2031 1546 Joannes

453 1600 669 1653 quoque
716 1586 1085 1641 Damascenus
1139 1587 1191 1639 in
1246 1601 1345 1639 suo
1380 1586 1559 1653 capite
1597 1587 1900 1639 centesimo
1954 1584 2029 1639 De

450 1677 828 1730 resurrectione
884 1677 955 1731 ita
1004 1678 1139 1732 dicit
1186 1676 1253 1729 ad
1304 1677 1529 1729 verbum

450 1782 648 1836 corpus
702 1769 971 1834 animale,
1026 1784 1278 1823 crassum
1340 1768 1593 1821 videlicet
1650 1777 1705 1822 et
1758 1768 2033 1822 mortale:

451 1861 687 1929 resurgit
722 1876 922 1930 corpus
953 1861 1223 1931 spiritale,
1254 1860 1415 1929 quale
1453 1859 1556 1914 fuit
1598 1859 1811 1914 Domini
1838 1875 2038 1929 corpus

450 1961 572 2019 post
627 1952 1126 2016 resurrectionem,
1194 1952 1408 2006 clausas
1446 1952 1643 2019 januas
1694 1952 2036 2019 pervadens,

451 2044 882 2115 indefatigabile,
934 2045 1278 2109 nutrimenti,
1316 2044 1495 2099 somni
1528 2053 1583 2098 et
1613 2045 1851 2113 potionls
1891 2040 2038 2098 haud

450 2136 716 2205 indigum.
751 2134 929 2189 Vitam
973 2136 1119 2190 enim
1155 2135 1419 2203 aequalem
1460 2135 1669 2204 angelis
1701 2134 1753 2188 in
1779 2135 2040 2189 omnibus

453 2225 619 2279 homo
660 2233 791 2278 tunc
839 2225 1006 2287 vivet,
1064 2226 1221 2294 juxta
1276 2241 1402 2279 eum
1452 2225 1543 2295 qui
1574 2224 1743 2279 dicit:
1781 2225 1846 2279 Et
1873 2234 2038 2281 erunt

450 2332 646 2372 omnes
677 2325 736 2371 ut
768 2317 949 2386 angeli
982 2317 1073 2371 Dei
1111 2318 1246 2388 (58).
1278 2335 1297 2370 ι

524 2408 632 2463 Sed
683 2408 815 2478 quid
867 2408 1058 2463 multis
1092 2424 1231 2478 Opus
1266 2420 1350 2465 est
1386 2410 1602 2467 verbis?
1650 2410 1705 2467 Si
1756 2408 2034 2469 Christum

450 2504 625 2572 ipsum
669 2517 779 2571 pra:
807 2504 1023 2556 cunctis
1057 2502 1264 2558 habere
1311 2504 1598 2569 debemus,
1637 2506 1731 2575 qui
1769 2507 1909 2561 bona
1941 2508 2035 2562 illa

450 2595 728 2663 accepturi
767 2603 916 2663 sunt,
969 2611 1090 2667 quae
1136 2598 1331 2653 oculus
1366 2614 1473 2654 non
1524 2601 1683 2664 vidit,
1736 2616 1839 2656 nec
1886 2602 2035 2656 auris

451 2689 680 2754 audivit,
716 2703 818 2743 nec
869 2689 925 2743 in
982 2705 1077 2745 eor
1124 2688 1365 2746 hominis
1423 2694 1813 2756 ascenderunt,
1871 2695 2033 2748 aliain

448 2777 671 2831 vivendi
701 2779 993 2843 rationem,
1024 2788 1082 2833 ut
1102 2780 1364 2845 arbitror,
1394 2783 1722 2851 participare
1748 2798 2031 2852 nunquam

451 2869 871 2937 compellentur.
911 2870 1232 2927 Beatitatem
1268 2889 1398 2927 vero
1439 2873 1608 2939 illam,
1647 2890 1755 2929 non
1801 2877 2035 2934 sensiles

2141 390 2410 443 ἅπτεσθαι
2447 390 2743 461 βρώσεωςς
2787 390 2887 454 Δδς
2934 389 3029 443 ἐπὶ
3059 387 3271 452 τούτοις
3306 388 3619 464 ἀπόκρισιν.
3651 389 3716 443 Ei

2138 482 2194 535 δὲ
2221 483 2315 536 καὶ
2361 483 2484 537 καθ’
2526 484 2824 554 ὁμοιότητα
2869 484 2980 537 τῶν
3018 483 3291 551 ἀγγέλων,
3325 480 3403 544 ὡς
3439 484 3467 534 6
3493 482 3718 550 Νύσσης

2142 572 2285 634 θεῖος
2324 574 2650 646 Γρηγόριος,
2702 578 2761 631 ἑν
2793 578 2860 647 τῇ
2907 575 3206 635 ἀναστάσει
3248 572 3473 642 ζήσεται
3506 574 3720 643 ἀνθρω-

2140 666 2413 734 πος(1(αλ⁸
2462 668 2677 721 ἔσονται
2724 667 2854 737 γὰρ,
2911 667 3072 737 φησὶ,
3120 666 3320 730 πάντες
3372 666 3447 727 ὡς
3492 666 3719 733 ἄγγελοι

2141 758 2326 830 Θεοῦ),
2359 760 2478 823 πῶς
2522 760 2685 815 αὑτὸν
2716 760 2871 813 ἐνδεᾶ
2898 758 3152 831 βρώσεως
3178 759 3271 813 καὶ
3308 759 3520 821 πόσεως
3551 759 3716 812 εῐπω-

2144 868 2281 920 μεν;
2329 852 2638 922 Ἀμήχανον
2677 851 3122 916 τοῦτοιπάντως,
3168 851 3477 921 ἀμήχανον.
3509 850 3574 903 Εἰ
3606 849 3718 919 γάρ

2139 943 2234 996 καὶ
2266 942 2506 1012 βρώσεσι
2540 942 2808 1014 χρώμεθα
2841 944 3106 1015 σήμερον,
3138 944 3234 997 an
3273 944 3376 1012 τὴν
3421 942 3586 1011 φύσιν
3617 943 3721 994 αῦ-

2140 1033 2238 1101 τὴν
2264 1032 2479 1102 ἔχοντες
2501 1034 2945 1101 ἀναγκάζουσαν,
2971 1034 3130 1099 ἀλλὰ,
3159 1033 3415 1102 καθάπερ
3439 1034 3469 1084 6
3493 1031 3721 1102 Νύσσης

2141 1124 2296 1192 φησι,
2328 1125 2427 1194 τῆς
2473 1124 2817 1198 λειτουργίας
2859 1126 3067 1191 ταύτης
3096 1124 3547 1195 ἀπαλλαγήσεται
3592 1124 3720 1177 τότε

2139 1219 2166 1270 6
2194 1218 2481 1288 ἄνθρωπος
2515 1220 2611 1272 καὶ
2642 1222 2757 1281 τοῖς
2788 1219 3045 1288 ἀγγέλοις
3075 1219 3136 1283 ἐξ
3167 1219 3284 1272 ῐσου
3313 1218 3718 1288 διατεθήσεται,

2141 1310 2322 1373 καθὼς
2369 1314 2426 1363 ὲν
2474 1311 2834 1379 Εὑαγγελίοις
2878 1310 2984 1382 ἔφη
3032 1312 3062 1365 6
3115 1313 3340 1380 Κύριος.
3382 1309 3542 1363 Ἀλλὰ
3573 1310 3720 1362 καὶὸ

2140 1402 2506 1471 Δαμασκηνὸς
2570 1403 2829 1473 Ἰωάννης
2888 1404 2948 1456 ὲν
2998 1401 3075 1472 τῷ
3127 1402 3269 1470 Περὶ
3321 1400 3716 1465 ἀναστάσεως

2141 1491 2424 1561 ἑκατοστῷ
2455 1492 2743 1563 κεφαλαίῳ
2781 1492 2949 1545 αὑτοῦ
2977 1494 3119 1546 κατά
3147 1491 3293 1556 λέξιν
3338 1491 3484 1545 οὓτω
3508 1492 3678 1561 φησίν
3701 1505 3722 1526 ο
3764 1554 3773 1567 '

2148 1601 2166 1634 ι
2204 1585 2493 1653 Σπείρεται
2526 1585 2690 1653 σῶμα
2720 1585 2975 1655 ψυχικὸν,
3004 1586 3175 1654 ἠγουν
3203 1584 3350 1653 παχύ
3379 1601 3438 1637 τε
3469 1586 3563 1638 καὶ
3594 1584 3726 1655 θνη-
3770 1580 3785 1598 ἦ

1587 1689 1601 1728 :
1661 1694 1680 1727 ι
1716 1676 2028 1729 Setniuatur

2139 1679 2252 1742 τδν,
2278 1678 2557 1748 ἐγείρεται
2600 1654 2761 1748 σῶμα
2791 1654 3193 1749 πνευματικὸν,
3234 1673 3347 1733 οἷον
3379 1680 3441 1732 τὸ
3481 1679 3576 1733 τοῦ
3605 1654 3725 1733 κυ-

2144 1766 2260 1836 ρίου
2291 1768 2452 1836 σῶμα
2475 1768 2616 1837 μετά
2636 1769 2736 1839 τὴν
2766 1770 3095 1834 ἀνάστασιν,
3118 1770 3526 1840 κεκλεισμένων
3545 1770 3723 1825 ὅντων

2140 1860 2320 1930 θυρῶν
2369 1860 2745 1931 διερχόμενον,
2800 1861 3176 1928 ἀκοπίαστον,
3234 1865 3483 1933 τροφῆς,
3544 1862 3723 1916 ῦπνου

2139 1949 2236 2001 καὶ
2266 1949 2477 2012 πόσεως
2510 1952 2783 2015 ἁνενδεές.
2824 1952 2950 2005 Βίον
2981 1953 3095 2022 γὰρ
3130 1953 3419 2021 ἰσάγγελον
3448 1953 3541 2006 ἐπὶ
3578 1955 3723 2007 πᾶσι

2137 2041 2261 2094 τότε
2288 2041 2516 2111 ζήσεται
2545 2044 2834 2113 ἄνθρωπος
2863 2045 3009 2098 κατά
3034 2044 3128 2098 τδν
3159 2045 3408 2113 είπόντα,
3431 2045 3546 2100 Καὶ
3569 2044 3727 2100 ἔσον-

2137 2151 2231 2189 ται
2262 2134 2466 2200 πάντες
2493 2136 2569 2201 ὡς
2597 2137 2824 2210 ἄγγελοι
2850 2136 3010 2193 Θεοῦ.
3051 2156 3071 2190 ι

2209 2408 2322 2465 Καὶ
2346 2409 2401 2462 τί
2432 2408 2538 2479 χρὴ
2568 2408 2741 2463 πολλά
2779 2407 3001 2477 λέγει-ω
3047 2408 3114 2462 Ei
3155 2407 3245 2461 τὸν
3278 2408 3516 2479 Χριστὸν
3549 2406 3720 2461 αὐτὸν

2137 2502 2260 2556 ἀντὶ
2298 2502 2516 2555 πάντων
2552 2500 2700 2570 ἔχειν
2732 2499 3043 2568 ὀφείλοντες
3072 2500 3123 2552 οἱ
3161 2498 3271 2552 τῶν
3313 2498 3535 2566 ἀγαθῶν
3572 2500 3721 2551 ἐκεί-

2137 2611 2244 2647 νων
2276 2593 2576 2648 ἀπολασεῖν
2618 2593 2910 2662 μέλλοντες
2937 2592 2973 2647 ἀ
3002 2591 3284 2661 ὀφθαλμὸς
3313 2592 3415 2644 οὐκ
3452 2587 3584 2655 εἶδε,
3617 2593 3719 2644 καὶ

2136 2687 2229 2751 οὒς
2273 2689 2375 2742 οὑκ
2423 2689 2649 2757 ἢκουσε,
2705 2688 2800 2740 καὶ
2832 2688 2922 2740 ἐπὶ
2980 2687 3213 2754 καρδίαν
3268 2686 3564 2755 ἀνθρώπου
3617 2689 3722 2741 οὐκ

2136 2781 2330 2851 ἀνέόη,
2365 2781 2578 2849 διαίτης
2623 2781 2845 2849 ἑτέρας,
2876 2780 2952 2845 ὡς
2976 2775 3159 2851 οἶμαι,
3194 2782 3490 2851 μετασχεῖν
3518 2781 3619 2833 οὐκ
3653 2782 3722 2835 ἀν

2135 2890 2267 2927 ποτε
2294 2874 2762 2945 προαχθήσονται.
2798 2875 2923 2928 Ὀτι
2964 2874 3022 2928 δὲ
3063 2876 3096 2944 ἡ
3152 2875 3493 2946 μακαριότης
3529 2875 3718 2944 εκείνη

450 2959 639 3027 epulas
670 2960 779 3029 (39)
821 2975 963 3027 esse,
996 2962 1092 3015 sed
1137 2963 1537 3032 intelligibilem
1579 2966 1762 3033 potius
1811 2982 1875 3020 ex
1914 2968 2028 3037 ipsa

2137 2969 2197 3021 οὐ
2257 2968 2462 3039 βρῶσις
2519 2967 2752 3038 αἰσθητή
2814 2969 2994 3032 ἐστιν,
3048 2966 3163 3021 ἀλλ’
3214 2968 3248 3037 ἠ
3303 2967 3469 3035 νοητὴ
3512 2968 3719 3036 μᾶλλον

451 3052 663 3105 visione
696 3051 935 3106 laatitiam
978 3053 1033 3106 in
1068 3054 1274 3108 sanctis
1317 3055 1635 3123 excitatam,
1681 3057 1796 3127 ipse
1843 3056 2028 3112 Domi-

2137 3060 2444 3131 εὐφροσύνη
2476 3059 2565 3113 διὰ
2614 3061 2744 3124 θέας
2778 3060 3107 3129 ἐγγινομένη
3156 3060 3272 3122 τοῖς
3310 3059 3510 3126 ἁγίοις,
3552 3060 3720 3125 αὐτὸς

453 3159 557 3197 nus
582 3144 980 3199 demonstravit
1015 3162 1139 3199 cum
1190 3146 1267 3201 ita
1298 3147 1470 3201 dixit:
1510 3166 1529 3199 ι
1557 3146 1737 3212 Pater,
1770 3165 1905 3219 quos
1935 3151 2028 3204 de-

2134 3156 2161 3205 6
2192 3153 2397 3223 Κύριος
2439 3152 2644 3218 ἔδειξεν
2674 3155 2731 3206 ἐν
2760 3146 2842 3216 οἷς
2871 3152 3046 3216 οὕτως
3089 3153 3241 3219 ἔλεγε
3273 3166 3287 3182 ⁸
3327 3170 3345 3203 ι
3381 3154 3587 3221 Πάτερ,
3620 3152 3720 3213 οὓς

453 3236 579 3289 disti
632 3236 784 3303 mihi,
832 3237 953 3291 volo
990 3246 1050 3290 ut
1104 3238 1195 3291 ubi
1246 3252 1346 3308 ego
1387 3253 1533 3300 sum,
1572 3241 1737 3293 etiam
1801 3240 1875 3293 illi
1921 3242 2028 3297 sint

2134 3241 2374 3304 δέδωκάς
2410 3259 2503 3311 μοι
2534 3240 2675 3294 θέλω
2710 3241 2800 3293 ἵνα
2846 3241 2983 3295 ὅπου
3018 3241 3137 3311 εῖμὶ
3177 3240 3311 3308 ἐγὼ,
3340 3244 3582 3294 κάκεῖνοι
3609 3228 3755 3295 ὦκ’

452 3342 686 3388 meeum.
722 3336 782 3381 ut
814 3344 987 3382 meam
1020 3330 1250 3396 gloriam
1291 3332 1747 3400 contemplentur.
1777 3352 1796 3383 ι
1835 3334 2028 3389 Atten-

2136 3334 2256 3401 μετ’
2290 3334 2449 3401 ἐμοῦ,
2475 3334 2562 3385 ἵνα
2598 3333 2847 3402 θεωρῶσι
2877 3333 2977 3403 τὴν
3010 3333 3170 3398 δόξαν
3198 3333 3297 3403 τὴν
3325 3334 3488 3403 ἐμήν.
3518 3353 3536 3385 ›
3574 3335 3720 3403 Πρό-

449 3420 517 3471 de
555 3420 759 3488 igitur:
794 3434 903 3473 non
952 3420 1109 3483 dixit,
1165 3440 1184 3473 ι
1212 3430 1269 3475 ιιι
1295 3423 1647 3492 participem,
1681 3443 1699 3474 ι
1754 3425 1870 3486 sed.
1919 3444 1937 3477 ι
1972 3434 2028 3480 ut

2136 3436 2262 3489 σεχε
2313 3417 2408 3472 οὖν
2431 3436 2445 3451 ·
2480 3419 2578 3472 οὐκ
2612 3414 2795 3487 εἶπεν,
2830 3438 2849 3471 ι
2889 3421 2977 3473 ἵνα
3011 3421 3337 3491 μετέχωσιν,
3373 3440 3393 3473 ι
3420 3421 3538 3474 ἀλλ’
3575 3440 3595 3473 ε
3625 3422 3718 3476 ἵνα

450 3510 895 3579 contemplemur
924 3511 1153 3581 gloriam
1189 3527 1389 3568 meam.
1415 3515 1597 3575 Linde
1618 3516 1784 3586 igitur
1802 3517 2028 3572 demon-

2134 3510 2385 3581 θεωρῶσι
2413 3511 2514 3579 τῆν
2539 3510 2702 3577 δόξαν
2729 3512 2828 3580 τὴν
2861 3511 3022 3580 ἐμήν.
3056 3530 3075 3561 ι
3117 3510 3361 3575 Ἔδειξεν
3394 3507 3489 3564 οὖν
3523 3512 3717 3565 ἐντεῦ-

450 3603 662 3665 stravit,
697 3612 755 3656 ut
802 3618 965 3658 aurea
1015 3602 1179 3658 vérba
1222 3605 1457 3660 fundens
1504 3605 1746 3662 Joannes
1796 3609 1872 3663 ait
1924 3610 2028 3664 tale

2134 3602 2245 3669 θεν,
2273 3603 2349 3667 ὠς
2374 3605 2402 3656 6
2437 3604 2845 3674 χρυσορῤήμων
2884 3603 3143 3671 Ἰωάννης
3184 3606 3318 3672 φησὶ
3366 3604 3425 3657 τὸ
3466 3605 3717 3659 τοιοῦτον

449 3693 694 3745 divinum
730 3694 933 3746 dictmn
994 3710 1284 3762 euarrans,
1318 3711 1539 3754 omnem
1590 3699 1730 3753 hanc
1782 3701 2028 3770 requiem

2134 3696 2569 3766 ὲπεξηγούμενος
2622 3697 2765 3749 θεῖον
2817 3696 3006 3765 ῥητὸν,
3057 3697 3143 3750 ὅτι
3196 3698 3350 3750 πᾶσα
3401 3697 3717 3762 ἀνάπαυσις

453 3785 503 3836 in
552 3785 640 3837 Ilei
704 3783 829 3840 Filii
882 3789 1343 3857 contemplatione
1392 3793 1700 3846 consistere
1754 3794 1887 3864 (40).
1941 3792 2026 3847 Uti

450 3880 596 3933 enim
635 3879 668 3932 ii
696 3880 787 3949 qui
815 3882 947 3935 solis
973 3881 1158 3937 radios
1178 3882 1553 3952 speculantur,
1575 3899 1804 3953 aereque
1838 3886 2027 3941 fruun-

444 3982 574 4035 tur,
638 3972 1012 4025 tenuissimam
1056 3989 1123 4027 ex
1179 3984 1401 4043 aspectu
1454 3974 1656 4030 habent
1705 3977 2025 4033 delectatio-

446 4076 598 4119 nem,
659 4062 731 4114 ita
782 4076 1001 4131 quoque
1058 4072 1187 4117 tunc
1231 4063 1357 4116 erit.
1412 4061 1623 4118 Etenim
1676 4067 2029 4137 iutelligibilis

451 4153 527 4215 ibi
554 4169 618 4207 ex
658 4154 1123 4223 contemplatione
1170 4156 1356 4209 laetitia
1391 4156 1447 4209 in
1476 4160 1703 4222 sanctis,
1738 4168 1794 4211 ut
1819 4160 2026 4214 dictum

447 4256 549 4306 est,
583 4246 930 4300 excitabitur.
967 4247 1079 4301 Hoc
1126 4249 1304 4315 ipsum
1341 4249 1531 4318 utique
1559 4234 1869 4305 consultum
1916 4263 2027 4322 sta-

2132 3786 2276 3857 αῦτη
2310 3787 2461 3840 ἐστὶν
2493 3790 2572 3850 είς
2602 3787 2663 3839 τὸ
2692 3786 2920 3857 θεωρεῖν
2970 3788 3050 3849 εὶς
3092 3786 3186 3839 τὸν
3221 3787 3351 3840 Υίδν
3402 3787 3497 3841 τοῦ
3528 3786 3669 3841 Θεοῦ
3699 3807 3714 3821 ·

2128 3879 2317 3951 ὥσπερ
2345 3884 2452 3949 γὰρ
2484 3881 2533 3932 oi
2569 3880 2706 3950 πρὸς
2735 3880 2833 3941 τὰς
2863 3880 3091 3941 ἀκτῖνας
3121 3878 3221 3932 τοῦ
3254 3879 3406 3949 ἡλίου
3440 3879 3719 3950 θεωροῦνο

2125 3992 2218 4038 τες
2276 3976 2372 4029 καὶ
2427 3974 2586 4044 ἀέρος
2633 3972 3003 4035 ἀπολαύοντες
3057 3971 3399 4046 λεπτοτάτην
3457 3974 3564 4025 ἀπὸ
3613 3974 3718 4043 τῆς

2128 4066 2305 4135 ὅψεως
2335 4067 2520 4136 ἔχουσι
2550 4066 2649 4133 τὴν
2676 4065 3002 4132 ἀπόλαυσιν,
3049 4066 3223 4133 οὕτως
3254 4069 3409 4123 ἔσται
3448 4071 3542 4123 καὶ
3566 4070 3715 4124 τότε.

2128 4160 2317 4231 Νοητὴ
2350 4158 2582 4228 καὶγὰρ
2632 4159 2948 4230 εὐφροσύνη
2990 4161 3170 4214 ἐκεῖσε
3214 4161 3303 4215 διὰ
3347 4163 3474 4224 θέας
3502 4166 3719 4230 ἐγγινο-

2133 4253 2269 4322 μένη
2300 4253 2411 4313 τοῖς
2437 4251 2635 4318 ἀγίοις,
2659 4250 2734 4314 ὡς
2764 4253 3005 4321 εἴρηται.
3025 4254 3195 4305 Τοῦτο
3225 4254 3411 4325 μέντοι
3442 4255 3499 4306 τὸ
3530 4255 3716 4322 δόγμα

431 4338 568 4389 :lnlit
628 4338 793 4391 etiam
843 4337 1219 4392 divinissimus
1258 4340 1498 4394 Joannes
1547 4340 1917 4399 Damascenus
1963 4345 2028 4399 de

2137 4345 2425 4413 συνίστησι
2456 4343 2550 4397 καὶ
2597 4345 2625 4397 6
2674 4342 2953 4407 θειότατος
3004 4345 3257 4415 Ἰωάννης
3285 4347 3313 4398 6
3348 4347 3710 4415 Δαμασκηνὸς

449 4419 790 4484 intemeratis
836 4428 1038 4484 Christi
1069 4430 1343 4501 mysteriis
1391 4432 1553 4485 verba
1595 4431 1826 4496 faciens,
1866 4444 1922 4489 et
1967 4451 2031 4490 ea

444 4534 567 4586 quae
598 4529 904 4589 sequuntur
948 4522 1080 4577 dicit
1110 4540 1125 4575 :
1154 4541 1171 4573 ι
1204 4521 1401 4577 Sancta
1438 4524 1553 4577 haec
1585 4536 1927 4581 sacramenta
1959 4528 2033 4581 si-

440 4614 690 4668 mulacra
719 4613 1035 4670 futurorum
1089 4614 1366 4681 dicuntur,
1417 4629 1528 4669 non
1572 4616 1699 4684 quia
1738 4632 1863 4672 vere
1921 4635 2031 4674 non

517 4779 629 4848 (37)
664 4777 930 4848 Superius
970 4775 1232 4848 (ξομ-³702.

518 4844 629 4917 (58)
663 4844 1052 4904 Tertullianus.
1080 4846 1355 4917 Depresur.
1379 4862 1529 4901 carn.
1573 4863 1591 4896 ι
1633 4844 1943 4902 Transitttri
1971 4849 2026 4904 in

442 4931 646 4976 statum
676 4918 980 4986 angelicum
1013 4932 1109 4985 per
1159 4916 1537 4969 indumentum
1590 4916 1719 4970 illud
1774 4918 2025 4972 incorru-

448 4989 780 5059 ptibilitatis,
814 5001 910 5054 per
939 4988 1260 5059 substantia;
1314 4988 1682 5059 resttseitalzc‘
1714 4989 2027 5059 tamenide-

445 5055 823 5113 mutationem.
862 5076 880 5106 ι
946 5055 1172 5110 Rutiutts
1205 5056 1399 5126 Expos.
1440 5061 1492 5108 in
1535 5056 1769 5126 Symbol.
1796 5073 1815 5109 :
1852 5076 1869 5106 ι
1910 5058 2013 5113 ite-

445 5127 804 5182 surreetionis
837 5142 964 5197 ergo
990 5129 1163 5179 virtus
1191 5125 1496 5196 angelicum
1534 5125 1851 5181 hominibus
1882 5143 2013 5181 con-

446 5201 553 5253 fert
584 5208 811 5259 statum,
856 5200 1029 5263 utqui
1071 5199 1139 5251 de
1206 5210 1348 5249 tetra
1407 5207 1847 5264 rcsurrexeruut,
1902 5216 2011 5253 non

445 5270 643 5323 iterum
684 5270 735 5320 in
773 5278 916 5321 terra
949 5283 1071 5321 cum
1099 5267 1561 5336 quadrupedibus,
1624 5266 1720 5319 sed
1773 5284 1824 5319 ιιι
1876 5270 2015 5323 caelo

445 5356 568 5394 cum
605 5338 831 5407 angelis.
863 5338 1072 5392 vitant.
1115 5359 1131 5389 ι

516 5412 626 5479 (59)
659 5404 948 5477 Perperatn
987 5411 1151 5479 igitur
1186 5404 1419 5479 theologi
1443 5404 1659 5479 quidam
1681 5407 2017 5479 perlcndttnt

444 5477 634 5550 gustus
665 5490 949 5545 tactusque
980 5477 1354 5544 veluptatibus
1406 5477 1752 5550 ctcjustnudi
1804 5479 2017 5550 ileliciis

444 5548 632 5605 beatos
661 5552 712 5604 itt
742 5550 881 5603 CG‘JO
902 5549 1066 5602 etiam
1096 5551 1362 5601 fruiturus
1390 5564 1402 5598 :
1429 5555 1483 5597 ct
1539 5549 1665 5598 hinc
1699 5548 2014 5599 excoluntur

438 5621 692 5674 Ceriutlti
762 5622 1010 5685 haeresis,
1070 5630 1126 5673 et
1184 5633 1372 5671 eorum
1436 5617 1851 5681 Chiliasmrttzu,
1926 5619 2014 5685 qui

2130 4436 2401 4508 περὶτῶν
2452 4436 2744 4505 ἀχράντων
2797 4436 2893 4489 τοῦ
2942 4436 3183 4507 Χριστοῦ
3251 4438 3567 4507 μυστηρίων
3617 4438 3705 4489 τὺι

2129 4529 2290 4590 λόγον
2323 4528 2668 4598 ποιούμενος,
2704 4528 2798 4579 καὶ
2833 4526 2959 4581 τάδε
2993 4529 3130 4599 φησί
3153 4542 3168 4559 ⁶
3214 4546 3232 4579 ι
3255 4529 3335 4581 Τὰ
3372 4530 3508 4597 ἆγια
3536 4528 3712 4580 ταῦτα

2134 4621 2416 4693 μυστήρια
2457 4620 2569 4673 τῶν
2600 4618 2907 4688 μελλόντων
2940 4620 3211 4673 ἀντίτυπα
3248 4621 3465 4689 λέγεται
3496 4622 3596 4691 οὐχ
3625 4622 3713 4673 ὅτι

2126 4781 2379 4837 homines
2413 4787 2702 4848 postquam
2757 4778 3160 4834 resurrexerint
3227 4793 3351 4832 cum
3386 4778 3609 4834 Christo
3650 4778 3709 4833 in

2128 4854 2232 4906 hoc
2267 4851 2473 4904 mundo
2504 4858 2847 4917 reguaturos,
2877 4850 3087 4903 deliciis
3106 4849 3363 4902 omnibus
3383 4859 3437 4902 et
3462 4852 3712 4915 volupta-

2125 4923 2273 4975 tibus
2297 4920 2600 4977 allluentes.
2632 4917 2925 4982 aﬂirmant,
2955 4920 3021 4974 de
3046 4919 3245 4987 quibus
3263 4920 3381 4972 vide
3417 4919 3708 4972 Eusebium

2124 4992 2514 5046 thsarienscm
2542 4987 2635 5041 lib.
2670 5002 2726 5040 ιιι
2759 4988 2961 5043 Hister.
2988 4990 3195 5051 eccles,
3228 5004 3350 5055 cap.
3383 4989 3512 5040 ﬁlt-t
3538 4991 3629 5047 50,
3653 4998 3710 5041 et

2126 5063 2220 5115 lib.
2262 5077 2357 5123 vn,
2390 5076 2510 5127 cap.
2542 5057 2631 5119 2|,
2678 5067 2733 5127 et
2777 5059 3143 5127 Augustinum
3190 5060 3287 5112 lib.
3321 5074 3410 5111 λιι
3460 5058 3534 5109 De
3561 5060 3702 5111 civit.

2125 5133 2246 5197 Dei,
2277 5146 2395 5199 Cap.
2434 5131 2489 5189 7,
2524 5138 2582 5179 ut
2616 5126 3171 5199 reliquosjomittam.

2196 5203 2311 5270 (40)
2345 5196 2481 5253 iline
2510 5206 2656 5270 recte
2705 5201 2802 5270 vir‘
2842 5196 3040 5270 doctus
3092 5198 3367 5270 Avicenna
3433 5199 3704 5267 iustorum

2123 5266 2424 5326 secundum
2453 5268 2661 5323 obitum
2714 5266 3031 5337 felicitatem
3086 5270 3240 5337 juxta
3303 5266 3702 5321 Mnhaminedis

2124 5345 2313 5410 placita
2352 5338 2746 5410 exponentiaiu
2801 5336 3027 5410 unaHDei
3060 5336 3545 5410 Aeotttetnplattone
3582 5348 3704 5387 eaut

2122 5405 2374 5470 collocat.
2426 5405 2509 5461 ret
2591 5405 2977 5476 ἁλληγορικὼς
3058 5408 3476 5474 interpretatur,
3581 5419 3701 5475 qua:

2120 5480 2583 5551 ψευδοπροφήτης
2649 5477 2741 5551 ille
2769 5482 2860 5551 Ade
2889 5478 3264 5551 Asensitiililnts
3292 5546 3300 5551 Δ
3324 5476 3699 5551 voluptatibus

2122 5546 2149 5605 ἑ
2180 5546 2347 5605 detur
2374 5550 2648 5619 ingerere.
2689 5548 2819 5602 Vide
2852 5548 2973 5617 ejus
3001 5564 3139 5617 Opus
3172 5548 3239 5602 de
3269 5546 3553 5602 Alma/md.
