4088 6186
301 233 415 301 ἶδθ

1675 225 2048 289 EPISTOLA
2084 225 2188 288 VI.

3437 229 3541 294 770

308 345 406 399 καὶ
436 344 642 412 γήμῃς,
678 340 777 412 οὐχ
806 343 1055 413 ἥμαρτες
1080 358 1095 374 ·
1138 341 1253 396 ἀλλ’
1284 342 1339 393 ὲν
1390 339 1685 411 ἁμαρτίαις
1727 341 1883 409 ὅμως

1992 337 2116 392 :atis
2143 334 2397 393 similiter
2432 336 2595 392 habet
2627 347 2816 393 nostra
2857 338 3137 409 generatio
3165 318 3541 412 progressum,

309 433 342 500 ἠ
388 431 603 498 γένεσις
632 430 790 498 ἡμῶν
830 430 942 499 ἔχει
970 429 1069 497 τὴν
1108 430 1388 499 πρόσοδον,
1428 429 1521 485 ire
1549 429 1613 500 δὴ
1641 447 1880 500 προκατ-

308 521 570 591 άρχοντος
622 521 832 583 πάθους
886 521 1057 590 αὐτῆς
1080 538 1093 551 ·
1126 515 1189 575 οὗ
1225 521 1385 590 χάριν
1417 521 1639 591 ἐμπαθῆ
1672 522 1880 592 ταύτην

314 608 455 662 εἶναι
500 612 595 664 καὶ
648 609 840 678 δούλην
891 612 918 663 6
965 612 1226 678 Θεολδγος
1279 611 1485 679 ἔλεγεν.
1549 611 1882 667 Ἐπιὸεὸαιοῖ

304 699 487 753 ’ταῦτα
527 702 622 753 καὶ
656 700 820 754 Δαὸἓδ
868 703 896 754 6
942 702 1087 765 θεῖος
1117 702 1261 754 οὕτω
1312 701 1524 767 λέγων’
1564 720 1584 753 ι
1637 703 1725 755 Ἐν
1756 703 1879 756 ἀνο-

316 793 469 861 μίαις
507 793 873 864 συνελήφθην,
895 796 990 847 καὶ
1031 797 1090 847 ἐν
1126 796 1425 865 ἁμαρτίαις
1454 796 1711 867 ἐκίσσησέ
1745 814 1812 866 με
1841 799 1873 866 ἠ
1918 802 1923 807 ”

312 883 500 953 μήτηρ
528 899 652 951 μου.
686 902 705 934 ι
742 884 851 937 Καὶ
874 884 985 953 γὰρ
1029 886 1077 937 εἰ
1112 886 1186 956 μὴ
1245 886 1402 939 τοῦτο
1430 881 1520 956 ἦν,
1566 888 1613 938 εἰ
1668 886 1742 956 μὴ
1778 886 1879 956 τὴν

312 974 507 1045 ζωὼδη
532 974 737 1045 ταύτην
760 975 997 1056 εθρηκεν
1017 976 1211 1043 ἄλογον
1231 978 1486 1045 γέννησιν
1509 980 1589 1038 εἷς
1610 978 1678 1048 ἣν
1705 981 1732 1032 6
1756 979 1881 1032 κατ’

311 1065 503 1117 είκόνα
532 1067 897 1135 γεγενημένος
923 1065 1058 1119 Θεοῦ
1106 1067 1412 1138 κατηνέχθη
1451 1069 1539 1121 διὰ
1564 1069 1662 1139 τὴν
1700 1070 1878 1141 παρά-

304 1155 497 1220 ϐασιν,
535 1158 633 1210 ούκ
662 1157 729 1211 ἂν
762 1158 856 1211 ἐπὶ
886 1160 1141 1212 τοσοῦτον
1179 1160 1420 1230 ὠδύρετο
1456 1162 1658 1227 λέγων⁹
1703 1183 1721 1214 ι
1751 1164 1879 1217 Ἀν-

314 1248 547 1329 θρωπος.
568 1250 627 1302 ὲν
658 1252 794 1321 τιμῇ
822 1250 896 1303 ὣν
922 1252 984 1303 οὐ
1023 1252 1241 1321 συνῆκε.
1276 1254 1736 1325 Παρασυνεὸλήθη
1765 1258 1877 1319 τοῖς

314 1342 567 1412 ἀνοήτοις
598 1344 838 1413 κτήνεσι,
867 1344 960 1397 καὶ
985 1344 1244 1414 ὡμοιώθη
1275 1346 1510 1409 αὐτοῖς.»
1538 1346 1599 1399 El
1618 1345 1676 1398 δὲ
1703 1348 1876 1401 ταῦτα

312 1433 485 1496 οὕτως
518 1433 653 1504 ἔχει.
691 1436 744 1487 τί
775 1435 882 1505 χρὴ
913 1437 1005 1488 καὶ
1053 1438 1234 1504 λέγειν
1260 1437 1288 1506 ἦ
1318 1438 1399 1490 ὅτι
1430 1438 1534 1507 πρὸ
1578 1439 1669 1491 τοῦ
1703 1457 1877 1509 παρα-

312 1523 513 1593 χθῆναι
541 1527 601 1578 τὸ
630 1526 784 1596 θῆλυ,
821 1528 925 1595 πρὸ
957 1525 1049 1580 τοῦ
1099 1528 1524 1597 συγχωρηθῆναι
1552 1529 1643 1582 τὸν
1672 1532 1873 1599 γάμον.

304 1615 446 1685 ἄλλη
481 1633 563 1678 τις
606 1619 638 1687 ἡ
688 1617 952 1686 διαγωγὴ,
1005 1619 1094 1670 καὶ
1128 1619 1291 1689 ἑτέρα
1334 1618 1597 1683 ὡσαύτως
1642 1622 1727 1674 τοῦ
1764 1624 1869 1675 σώ-

1980 430 2382 498 perturbatione
2415 429 2667 484 videlicet
2727 444 2847 485 eam
2903 441 3309 497 antevertente;
3358 449 3549 502 quam-~

1981 521 2172 575 obrem
2219 529 2474 590 argrotam
2508 534 2627 593 eam
2656 529 2712 573 et
2737 535 2949 575 servam
2973 536 3095 576 esse
3127 522 3216 575 ille
3238 520 3548 594 Theologus

1980 613 2137 668 dixit.
2171 611 2470 667 Confirmat
2497 612 2613 667 haec
2659 611 2885 667 divinus
2930 613 3095 667 etiam
3143 614 3313 668 David
3350 615 3419 668 ita
3459 617 3546 669 di-

1981 719 2115 759 cens
2144 722 2158 758 :
2205 722 2224 756 (
2257 705 2315 758 ln
2350 704 2734 774 iniquitatibus
2762 713 3059 773 conceptus
3086 720 3228 770 sum,
3250 713 3305 760 et
3334 706 3388 759 in
3421 722 3549 774 pec-

1978 795 2118 849 catis
2139 794 2392 864 concepit
2420 810 2505 849 me
2542 803 2715 849 mater
2746 809 2887 849 mea.
2916 814 2934 846 )
2977 794 3032 849 Si
3073 796 3221 850 enim
3273 797 3418 851 haud
3474 798 3547 851 ita

1982 901 2070 940 res
2102 901 2160 940 se
2202 886 2459 950 habebat,
2489 887 2534 939 si
2560 901 2667 939 non
2702 887 2991 940 animalem
3030 886 3170 941 hanc
3199 888 3358 952 vidit,
3388 896 3443 943 et
3471 889 3548 941 ir-

1981 977 2348 1033 ritationalem
2389 979 2795 1049 generationem
2831 978 2897 1033 ad
2945 994 3105 1047 quam
3163 980 3273 1044 ille,
3328 982 3421 1051 qui
3478 983 3546 1035 ad

1978 1071 2075 1125 Dei
2114 1072 2404 1142 imaginem
2434 1072 2607 1125 factus
2638 1071 2837 1134 fuerat,
2876 1086 2991 1140 per
3037 1074 3545 1139 praevaricationem
3582 1140 3587 1145 ι

1980 1162 2249 1217 deductus
2272 1171 2374 1227 est,
2398 1177 2506 1215 non
2525 1164 2713 1229 utique
2736 1162 2871 1216 adeo
2900 1163 3291 1219 lamentaretur
3316 1167 3504 1220 dicens
3529 1183 3545 1219 :

1984 1271 2003 1304 ι
2048 1250 2223 1307 Homo
2252 1266 2374 1306 cum
2410 1251 2468 1305 in
2505 1255 2711 1307 honore
2746 1260 2893 1307 esset
2916 1268 3022 1307 non
3055 1255 3351 1319 intellexit,
3402 1272 3552 1310 com-

1978 1353 2304 1431 paratus.est
2335 1344 2600 1417 jrttmentis
2637 1346 3119 1413 insipientibus,et
3144 1347 3341 1401 similis
3372 1348 3550 1401 factus

1979 1447 2064 1493 est
2093 1438 2222 1492 illis.
2254 1458 2273 1490 ι
2312 1437 2367 1491 Si
2397 1452 2523 1492 vero
2550 1438 2663 1491 ha‘c
2698 1438 2770 1491 ita
2798 1454 2857 1492 se
2892 1438 3110 1504 habent,
3149 1441 3276 1508 quid
3302 1456 3438 1509 opus
3467 1452 3553 1496 est

1978 1529 2160 1584 dicere
2182 1536 2360 1582 utrum
2391 1538 2688 1597 antequam
2713 1528 2914 1582 femina
2942 1530 3357 1597 produceretur,
3394 1540 3548 1584 ante-

1978 1632 2139 1685 quam
2171 1616 2617 1685 permitterentur
2669 1616 2894 1685 nuptize,
2944 1617 3050 1671 alia
3091 1608 3358 1686 quaedam'
3389 1620 3553 1680 fuerit

308 1724 488 1775 ματος
520 1711 834 1780 κατασκευὴ
878 1713 941 1781 τῇ
978 1711 1312 1764 καταστάσει
1344 1713 1558 1773 πάντως
1590 1715 1771 1785 ἐκείνῃ
1804 1716 1868 1784 τῇ

1992 1708 2098 1761 vitta
2127 1707 2421 1771 institutio,
2451 1719 2507 1762 et
2536 1708 2704 1761 altera
2733 1722 2800 1762 eo
2821 1710 2925 1761 lem
2946 1708 3109 1761 modo
3130 1708 3378 1775 corporis
3409 1718 3554 1762 stru—

314 1800 586 1869 πρὸτερον
618 1801 925 1869 πρέπουσα,
952 1800 1075 1853 καθ’
1099 1802 1167 1871 ἣν
1194 1801 1456 1870 ὁμότιμος
1486 1804 1593 1864 τοῖς
1623 1803 1875 1869 ἀγγέλοις

1992 1809 2131 1855 :tura
2191 1801 2266 1855 illi
2325 1800 2700 1855 universitatis
2747 1800 3153 1863 constitutioni,
3220 1816 3341 1868 qua:
3398 1802 3553 1871 prius

310 1890 341 1941 6
374 1889 661 1963 ἄνθρωπος
701 1887 791 1959 ἦν.
830 1891 952 1944 Ὅτι
983 1891 1039 1943 δὲ
1083 1893 1253 1944 ταῦτα
1286 1892 1463 1954 οὕτως
1506 1890 1621 1962 εἶχε
1648 1894 1753 1964 πρὸ
1780 1896 1877 1962 τῆς

306 1981 666 2046 ἐκπτώσεως,
693 1983 835 2036 αὐτά
883 2000 939 2035 σε
976 1983 1082 2052 πρὸ
1115 1983 1208 2036 τοῦ
1248 1984 1409 2051 λόγου
1460 1984 1757 2037 διδασκέτω
1811 1986 1879 2039 τὰ

318 2071 647 2140 πράγματα.
673 2071 769 2124 Διά
800 2074 850 2124 τί
880 2074 986 2141 γὰρ
1018 2075 1046 2125 6
1077 2074 1289 2136 Παῦλος
1318 2076 1436 2137 ταῖς
1464 2076 1752 2145 παρθένοις
1785 2076 1880 2129 καὶ

313 2164 439 2222 ταῖς
474 2163 669 2232 χήραις
702 2166 883 2231 μεῖναι
914 2164 1037 2217 κατ’
1075 2167 1284 2218 ἐκεῖνον
1332 2167 1672 2231 ὲπέτασσενς
1709 2168 1879 2238 Εἴπερ

306 2249 412 2307 οὖν
439 2254 535 2306 ἀπ’
561 2256 737 2327 ἀρχῆς
766 2257 936 2327 ἄρσεν
964 2258 1058 2310 καὶ
1088 2257 1221 2326 θῆλυ
1250 2258 1506 2330 ἐποίησεν
1530 2261 1556 2311 6
1580 2258 1734 2323 Θεὸς,
1768 2261 1882 2321 πῶς

307 2346 363 2397 οἱ
397 2346 659 2414 ὁμόζυγοι
690 2349 817 2409 τοὺς
848 2348 1061 2418 γάμους
1093 2349 1267 2401 ἐνίοτε
1297 2348 1517 2413 λύοντες
1540 2351 1758 2412 ἑκόντες
1790 2350 1881 2402 ἀπ’

316 2437 567 2505 ἀλλήλων
600 2438 939 2507 διίστανται;
973 2442 1070 2494 Διά
1106 2442 1159 2494 τί
1192 2444 1284 2495 καὶ
1331 2442 1514 2513 ἀσιτίᾳ
1550 2442 1883 2509 προσταλαι-

316 2530 564 2600 πωροῦσί
590 2548 756 2596 τινες,
789 2535 882 2585 καὶ
903 2536 969 2603 τῇ
996 2534 1158 2604 λοιπῇ
1190 2535 1459 2605 κακουχίᾳ
1481 2534 1573 2588 τοῦ
1603 2535 1883 2603 σώματος

317 2620 416 2673 καὶ
448 2621 619 2675 ταῦτα
648 2623 740 2676 τοῦ
796 2622 932 2677 Θεοῦ
969 2624 1142 2696 μυρία
1193 2628 1614 2695 παραγαγόντος
1656 2626 1888 2695 ἐδώδιμα

318 2715 459 2783 πρὸς
513 2716 790 2785 ἡμετέραν
825 2717 1147 2770 ἀπόλαυσιν.
1202 2717 1435 2789 Εὗδηλον
1482 2715 1577 2773 οὖν
1620 2720 1701 2771 δτι
1755 2719 1889 2789 πρὸς

310 2807 419 2877 τὴν
460 2808 695 2877 ἀρχαίαν
742 2808 957 2879 ἐκείνην
992 2808 1138 2879 ζωὴν
1171 2810 1484 2880 ἀφορῶντες
1528 2810 1578 2862 οἱ
1612 2809 1889 2879 ἄνθρωποι

316 2902 418 2956 καὶ
448 2901 747 2969 παρθενίαν
781 2900 1036 2967 ἀσκοῦσι,
1088 2902 1183 2956 καὶ
1224 2903 1438 2972 γάμους
1477 2903 1650 2955 ἐνίοτε
1684 2902 1890 2966 λύουσι,

1977 1888 2101 1954 fuit,
2135 1890 2490 1953 conveniens,
2540 1890 2843 1959 secundum
2893 1906 3054 1957 quam
3086 1890 3291 1959 angelis
3344 1892 3551 1945 honore

1980 1984 2144 2038 homo
2173 1992 2294 2037 erat
2325 1982 2569 2052 aqualis.
2603 1982 2727 2038 Haec
2757 1992 2937 2037 autem
2963 1984 3037 2036 ita
3066 1998 3122 2037 se
3147 1984 3401 2039 habuisse
3424 1995 3551 2039 ante

1982 2075 2192 2145 lapsum
2222 2088 2311 2128 res
2366 2076 2500 2144 ipsa:
2530 2089 2630 2143 pro
2689 2089 2941 2128 sermone
3003 2085 3056 2129 te
3121 2075 3370 2130 doceant.
3444 2076 3552 2129 Cur

1982 2170 2129 2220 enim
2159 2165 2360 2220 Paulus
2393 2166 2698 2234 virginibus
2745 2175 2801 2219 et
2836 2165 3015 2220 viduis
3049 2166 3119 2219 ita
3158 2182 3379 2221 manere
3430 2184 3553 2235 per-

1984 2258 2156 2319 misit,
2210 2257 2256 2313 si
2287 2257 2356 2311 ab
2395 2257 2553 2310 initio
2612 2256 2756 2310 Deus
2812 2258 3111 2310 masculum
3181 2267 3239 2311 ct
3295 2258 3552 2311 feminam

1987 2348 2115 2403 fecit
2150 2348 2172 2401 ?
2204 2348 2487 2413 Quomodo
2536 2348 2795 2417 coniuges
2854 2348 3072 2417 nuptias
3131 2349 3401 2403 interdum
3460 2364 3557 2402 vo-

1988 2439 2227 2493 luntarie
2287 2440 2562 2494 solventes
2617 2439 2685 2492 ab
2741 2438 2973 2509 invicem
3029 2441 3387 2508 separantur?
3446 2441 3556 2495 Cur

1992 2530 2171 2585 inedia
2202 2544 2261 2584 se
2294 2530 2514 2599 quidam
2544 2529 2809 2598 afﬂigunt,
2841 2540 2898 2585 et
2940 2541 3137 2585 caetero
3176 2533 3423 2602 corporis
3462 2548 3559 2587 nc-

1992 2623 2205 2694 glectu?
2236 2640 2360 2679 cum
2394 2632 2647 2679 sexcenta
2681 2626 2793 2679 haec
2820 2625 2998 2680 edulia
3031 2628 3192 2690 Deus,
3225 2636 3283 2681 ut
3312 2628 3378 2682 iis
3408 2628 3557 2683 frue-

1990 2732 2197 2781 remur,
2218 2717 2575 2786 produxerit?
2596 2717 2789 2786 Liquet
2819 2717 2984 2787 igitur
3004 2734 3127 2773 cum
3171 2719 3234 2774 ad
3276 2720 3555 2789 antiquam

1995 2807 2140 2861 illam
2202 2808 2365 2860 vitam
2427 2806 2677 2862 homines
2726 2808 3044 2875 reSpieiaut,
3094 2817 3151 2862 et
3189 2808 3558 2879 virginitatem

1998 2914 2241 2962 servare,
2281 2908 2336 2953 ct
2368 2898 2592 2967 nuptias
2626 2899 2901 2952 interdum
2934 2900 3164 2963 solvere,
3211 2907 3267 2953 et
3321 2898 3556 2953 inediam

320 2994 417 3045 καὶ
444 2992 666 3047 ἀσιτίαν
704 2994 1068 3057 ἀσπάζονται,
1105 2995 1200 3048 καὶ
1248 2996 1429 3048 πᾶσαν
1481 2993 1648 3063 ἄλλην
1679 2994 1887 3062 ὑπομέ-

1993 2991 2273 3061 amplecti,
2302 2997 2356 3044 et
2389 3004 2607 3043 omnem
2661 2989 2821 3043 aliam
2872 2989 3226 3044 alﬂictionem
3266 2989 3559 3045 sustinere.

290 3103 477 3139 'VODUt
511 3086 780 3141 κάκωσιν.
815 3086 959 3157 Θῆλυ
1010 3089 1142 3156 γάρ,
1190 3086 1270 3149 ὡς
1304 3086 1547 3156 εἴρηται,
1578 3087 1672 3139 καὶ
1711 3086 1891 3155 γάμου

322 3179 594 3247 συνάφεια
626 3179 727 3249 οὐκ
755 3174 823 3249 ἦν
853 3178 948 3231 ἀπ’
977 3178 1176 3248 ἀρχῆς,
1216 3176 1379 3248 ἡνίκα
1408 3176 1613 3247 δηλαδὴ
1640 3177 1733 3230 τὸν
1767 3177 1890 3230 κατ’

319 3267 510 3320 εἰκόνα
545 3264 896 3337 παρήγαγεν.
938 3266 1002 3319 El
1050 3267 1107 3321 δὲ
1150 3267 1225 3338 μὴ
1272 3267 1442 3320 ταῦτα
1472 3266 1678 3335 παρῆν,
1709 3266 1829 3319 οὐδὲ
1858 3268 1891 3336 ἡ

324 3358 437 3409 τῶν
464 3360 762 3427 σχημάτων
789 3358 1007 3420 πάντως
1027 3356 1264 3428 διαφορά
1283 3373 1296 3388 ο
1322 3357 1440 3421 πῶς
1462 3357 1591 3425 γάρ,
1614 3358 1730 3425 ετγε
1755 3358 1892 3427 μετά

311 3449 420 3519 τὴν
447 3450 549 3517 τῆς
581 3450 789 3510 εἰκόνος
846 3449 1213 3519 κατασκευὴν,
1257 3450 1335 3513 ὡς
1388 3450 1417 3502 6
1462 3450 1687 3521 Νύσσης
1736 3452 1891 3519 φησὶ,

295 3540 630 3593 ’τελευταῖον
664 3538 801 3608 αὕτη
835 3541 1186 3608 ἐπιτεχνᾶται
1216 3539 1294 3608 τῷ
1346 3538 1667 3609 πλάσματι;
1718 3541 1895 3609 Πρόσ-

314 3648 416 3701 εχε
462 3629 579 3685 οὖν.
630 3632 765 3685 Οὐδὲ
814 3634 923 3701 γὰρ
973 3631 1069 3684 ἀπ’
1128 3632 1325 3702 ἀρχῆς.
1374 3632 1450 3693 ὡς
1503 3632 1741 3702 εἴρηται,
1794 3630 1893 3705 τὴν

319 3727 587 3792 τοιαύτην
620 3722 843 3791 ἐποίησε
870 3722 1141 3793 διαφορὰν
1173 3724 1203 3776 6
1232 3722 1367 3785 Θεός
1389 3737 1403 3751 ο
1433 3721 1548 3774 ἀλλ’
1577 3721 1739 3785 αὐτὸς
1768 3722 1895 3775 ἑαυ-

315 3816 405 3883 τῷ
426 3815 797 3885 προύξένησεν
828 3814 1055 3885 ὕστερον
1078 3817 1106 3868 6
1136 3814 1353 3885 πρῶτος
1385 3814 1579 3882 ’Δδάμ,
1611 3813 1895 3868 ἐκπίπτων

316 3904 430 3974 ἤδη
482 3904 584 3974 τῆς
637 3905 999 3975 τελειότητος.
1030 3906 1137 3960 Καὶ
1188 3905 1297 3976 γάρ
1349 3905 1399 3958 ei
1454 3906 1530 3976 μὴ
1581 3906 1896 3975 παραϐῆναι

312 3994 585 4063 ἔμελλεν,
636 3995 686 4047 εί
743 3993 819 4064 μὴ
872 3998 1061 4049 πεσεῖν
1094 3996 1174 4057 εἰς
1232 3994 1443 4065 φθορὰν
1499 3994 1894 4069 ἐκινδύνευσεν,

310 4088 427 4143 οὐκ
454 4088 524 4140 ἂν
568 4086 693 4157 ἔσχε
728 4086 934 4159 χώραν,
968 4087 1041 4149 ὼς
1076 4087 1188 4141 ἀνω
1231 4086 1562 4157 διείληπται,
1611 4086 1722 4139 τῶν
1766 4101 1898 4156 σχη-

317 4179 519 4248 μάτων
542 4178 777 4247 διαφορά
804 4176 898 4229 τοῦ
938 4193 996 4229 τε
1024 4176 1250 4247 ἄρσενος
1290 4178 1385 4229 καὶ
1415 4176 1625 4247 θήλεος.

1992 3083 2217 3139 Femina
2250 3081 2417 3147 enim,
2461 3090 2521 3135 ut
2562 3081 2769 3136 dictum
2796 3091 2905 3147 est,
2936 3092 2991 3137 et
3022 3084 3332 3151 nuptiarum
3392 3099 3562 3137 nexus

1993 3188 2023 3226 a
2050 3171 2322 3243 principio
2349 3186 2459 3225 non
2491 3180 2631 3238 erat,
2659 3186 2783 3227 cum
2816 3171 2962 3226 Deus
2994 3172 3248 3228 videlicet
3278 3174 3430 3227 illum
3456 3174 3564 3229 ho-

1994 3267 2196 3318 minem
2225 3263 2291 3318 ad
2328 3263 2618 3333 imaginem
2652 3279 2805 3319 suam
2847 3265 3126 3334 produxit.
3175 3264 3232 3319 Si
3276 3266 3392 3321 hinc
3434 3281 3564 3320 vero

1994 3368 2104 3409 non
2132 3352 2384 3418 aderant,
2418 3368 2598 3423 neque
2622 3355 2849 3409 omnino
2877 3364 2996 3409 erat
3059 3355 3353 3426 figurarum
3400 3356 3565 3411 αισθ-

1994 3442 2190 3497 rentia.
2229 3442 2516 3508 Quomodo
2546 3443 2692 3500 enim
2729 3446 2773 3500 si
2821 3454 2945 3514 post
3003 3445 3253 3515 imaginis
3306 3457 3563 3501 constru~

1994 3538 2228 3589 ctionem
2257 3545 2321 3588 ut
2359 3535 2637 3604 Nyssenus
2665 3536 2762 3599 ait,
2798 3537 2912 3592 haec
2937 3546 3271 3607 postremum
3304 3524 3564 3608 figmento

1995 3625 2431 3694 superaedificata
2486 3626 2602 3680 est?
2660 3627 2898 3681 Attende
2944 3627 3129 3694 igitur.
3176 3626 3364 3697 Neque
3416 3628 3562 3681 enim

1999 3715 2287 3784 principio,
2329 3722 2391 3769 ut
2417 3715 2677 3776 diximus.
2713 3718 2978 3786 ejusmodi
3012 3718 3378 3773 differentiam
3420 3717 3565 3774 Deus

1997 3805 2147 3868 fecit,
2187 3806 2280 3860 sed
2310 3806 2423 3872 ipse
2455 3807 2555 3860 sibi
2586 3822 2704 3860 eam
2737 3809 2949 3876 primus
2976 3808 3237 3874 Adamus,
3272 3825 3396 3864 cum
3438 3826 3563 3878 per-

1997 3896 2235 3951 fectione
2261 3896 2371 3965 jam
2397 3896 2712 3957 excidisset,
2751 3897 3043 3951 novissime
3072 3898 3410 3952 conciliavit.
3436 3900 3565 3952 Ete-

1998 3987 2110 4042 nim
2129 3987 2237 4042 nisi
2268 3994 2708 4057 transgressurus
2725 3986 2939 4053 fuisset,
2955 3988 3057 4042 nisi
3082 3990 3561 4057 incorruptionem

1998 4078 2195 4134 cadere
2220 4078 2556 4148 periclitatus
2583 4089 2749 4144 esset,
2788 4080 2929 4133 haud
2974 4081 3185 4149 utique,
3216 4090 3276 4134 ut
3327 4083 3439 4146 jam
3475 4097 3564 4135 su-

1999 4170 2189 4239 perius
2220 4169 2546 4225 afﬁrmatum
2583 4181 2688 4237 est,
2740 4172 3060 4239 ﬁgurarum,
3126 4172 3291 4228 maris
3356 4173 3565 4228 scilicet

2004 4262 2353 4332 feminaeque,
2381 4262 2673 4318 discrimen
2702 4263 2882 4317 locum
2912 4264 3209 4319 habuisset.

404 4352 466 4403 Et
500 4352 555 4403 δὲ
588 4353 687 4420 μὲν
716 4350 831 4416 οὖν,
859 4350 1143 4415 ὀσιώτατε,
1173 4352 1423 4422 καθάπερ
1451 4354 1501 4404 οί
1536 4350 1756 4413 πλείους
1788 4367 1888 4419 φα·-

2070 4353 2222 4424 Opus
2245 4331 2364 4409 erat
2394 4354 2581 4424 igitur,
2613 4369 2647 4408 ο
2679 4356 2761 4408 vir
2791 4356 3159 4418 sanctissime,
3210 4366 3271 4409 ut
3315 4356 3565 4425 plerique

322 4448 411 4509 σί,
440 4429 541 4514 τῆν
574 4445 668 4496 τοῦ
697 4444 870 4514 ’Δδάμ
898 4443 1156 4511 γενέσθαι
1183 4444 1450 4513 πρότερον
1476 4442 1774 4507 ἔκπτωσιν,
1799 4441 1894 4493 καὶ

313 4536 451 4589 τότε
506 4536 566 4588 τὸ
618 4535 753 4604 θῆλυ
804 4536 1177 4607 παραχθῆναι,
1221 4535 1296 4597 ὡς
1337 4532 1609 4598 ἐντεῦθεν,
1648 4533 1895 4602 εὐπαρά-

317 4627 501 4679 δεκτα
535 4622 673 4679 εἶναι
694 4628 938 4680 δοκεῖτὰ
973 4627 1242 4697 λεγόμενα
1265 4643 1279 4658 ·
1313 4625 1427 4678 ἁλλ’
1458 4624 1661 4678 ειδέναι
1685 4624 1897 4691 ὀφείλο-

319 4734 437 4788 μεν
465 4718 549 4770 ὅτι
601 4718 633 4787 ἡ
676 4716 784 4771 ἀπὸ
836 4718 936 4786 τῆς
992 4717 1232 4787 πλευρᾶς
1280 4716 1373 4768 τοῦ
1405 4717 1578 4786 Ἀδὰμ
1605 4714 1705 4785 τῆς
1749 4712 1896 4777 Εύας

312 4810 647 4881 παραγωγὴ
676 4812 770 4864 καὶ
819 4811 963 4866 πάνυ
1006 4811 1281 4879 ἀναγκαία
1314 4811 1391 4880 τῷ
1428 4812 1549 4863 τότε
1612 4810 1897 4879 ἐτύγχανε.

311 4904 489 4966 Τίνος
522 4903 745 4969 ἒνεκεν;
781 4905 944 4957 ’Ὥστε
980 4905 1054 4973 μὴ
1082 4904 1301 4971 φύσεως
1328 4904 1499 4971 αὐτὴν
1529 4903 1719 4973 ἐτέρας
1747 4903 1900 4973 νομί-

312 4998 522 5063 ζεσθαι
550 4997 639 5049 διὰ
667 4995 727 5048 τὸ
769 4997 1006 5066 ἑτεροῖον
1043 4995 1138 5048 τοῦ
1175 4996 1477 5064 σχήματος,
1528 4995 1620 5045 καὶ
1649 4995 1792 5055 ὅπως
1819 4997 1897 5056 εἰς

314 5086 587 5157 ὁμόνοιαν
615 5087 800 5159 ἀγάγῃ
826 5087 895 5139 τά
923 5088 1055 5156 γένη
1095 5088 1188 5141 καὶ
1233 5087 1471 5156 φυσικήν
1510 5103 1631 5138 τινα
1664 5084 1900 5153 στοργὴν

315 5179 618 5248 ἐντεθῆναι
650 5180 1047 5251 παρασκευάσῃ
1090 5180 1288 5241 αὐτοῖς.
1318 5178 1461 5248 Πρὸς
1487 5177 1694 5238 τούτοις
1722 5176 1776 5228 δὲ
1809 5175 1903 5228 καὶ

410 5363 525 5436 (8|)
563 5363 756 5436 Glycas
791 5375 974 5436 noster
1006 5364 1291 5436 Annalium
1323 5372 1550 5436 parts}:
1583 5363 1900 5436 Ἀναγκαῖον

317 5435 446 5514 γάρ
475 5432 543 5523 ἧνν
695 5435 791 5515 την
1028 5436 1135 5520 ἀπὸ
1164 5434 1266 5537 γῆς
1296 5432 1598 5537 Ῑτιροελθεξν,
1639 5433 1773 5537 ἀλλ’ιι
1792 5433 1900 5485 ἀπὸ

318 5502 437 5570 ’τῆς
468 5502 656 5566 οὖσὲας
682 5502 774 5557 τοῦ
820 5505 1015 5573 Ἀδὰμ,
1060 5505 1133 5565 ὠς
1175 5502 1421 5555 ἐντεῦθεν
1485 5503 1709 5573 φίλτρον
1750 5503 1898 5554 ὲντε-

325 5573 509 5644 οῆναι
577 5577 706 5644 τοῖς,
762 5571 1072 5644 ὁμοζύγοις.
1142 5573 1477 5644 Augustinus
1504 5571 1690 5644 ,_lih._
1717 5588 1766 5626 Ix
1799 5573 1899 5644 De

321 5642 525 5704 Cenes.
571 5645 639 5698 ad
691 5642 829 5699 liter.
855 5642 976 5715 cap.
1012 5645 1111 5699 15:
1142 5642 1277 5707 Quid
1314 5658 1433 5713 ergo
1464 5643 1561 5697 sibi
1606 5642 1710 5696 vult
1738 5643 1897 5695 ctiam

657 5740 923 5800 PATBOL.
971 5738 1085 5799 Gn.
1124 5736 1388 5798 CLVIII.

1999 4448 2245 4513 tradunt,
2276 4457 2335 4500 ut
2359 4446 2548 4501 Adami
2581 4446 2738 4501 ruina
2768 4448 2917 4517 prius
2945 4448 3306 4515 contingeret,
3335 4457 3390 4501 et
3438 4456 3568 4500 tunc

2001 4538 2202 4594 femina
2242 4537 2663 4608 produceretur,
2716 4548 2775 4593 ut
2819 4539 2948 4594 hinc
2996 4555 3079 4607 ea,
3129 4554 3249 4609 qua:
3286 4540 3564 4603 dicuntur,

2003 4628 2506 4698 facile,recipienda
2535 4628 2845 4685 videantur.
2875 4630 2995 4684 Non
3038 4640 3115 4685 est
3181 4638 3361 4683 tamen
3414 4630 3567 4699 igno-

2005 4722 2236 4777 raudum
2270 4722 2395 4774 Eva:
2433 4736 2499 4775 cx
2530 4721 2722 4775 Adami
2770 4723 2939 4777 latere
2982 4721 3401 4791 productionem
3469 4722 3571 4776 Ιιοο
3636 4753 3660 4777 κ

2008 4812 2140 4867 rvini
2163 4811 2219 4864 in
2251 4820 2532 4880 peccatum
2564 4812 2716 4881 lapso
2744 4812 3111 4865 necessariam
3135 4811 3358 4865 omnino
3380 4812 3569 4866 fuisse.

2003 4903 2169 4972 Cujus
2209 4902 2285 4954 rei
2320 4900 2527 4970 gratia?
2557 4902 2636 4955 Ne
2667 4903 2879 4957 scilicet
2925 4903 3041 4972 ipsa
3096 4903 3324 4957 alterius
3361 4915 3573 4958 natura:

2006 5000 2329 5047 censeretur
2353 5000 2573 5063 prepter
2592 4992 2775 5063 figura:
2796 4994 3192 5057 diversitatem,
3216 5006 3268 5049 et
3298 5002 3354 5047 ut
3375 5010 3572 5064 genera

2006 5084 2070 5138 ad
2107 5084 2527 5137 consensionem
2558 5093 2611 5138 et
2637 5085 2990 5139 concordiam
3046 5085 3365 5149 adduceret,
3393 5095 3446 5138 et
3475 5099 3576 5136 na—

2008 5176 2235 5229 turalem
2268 5176 2557 5244 quemdam
2589 5192 2834 5231 amorem
2887 5176 2965 5234 eis
2993 5176 3208 5231 inderet
3235 5176 3387 5247 ,(81).
3445 5176 3573 5225 Erat

2008 5361 2163 5428 illud,
2192 5364 2331 5431 quod
2390 5360 2577 5414 mulier
2635 5361 2733 5413 viri
2784 5362 2848 5415 de
2900 5362 3061 5415 latere
3120 5361 3260 5429 facta
3315 5365 3387 5411 est
3430 5357 3455 5409 .’
3492 5355 3576 5409 Ve-

2009 5448 2124 5484 rum
2152 5446 2280 5496 esto,
2312 5441 2519 5497 propter
2548 5431 2712 5497 ipsius
2760 5431 3142 5498 conjunctionis
3182 5432 3284 5481 vim
3315 5442 3578 5498 commen-

2005 5502 2241 5555 dandam
2267 5494 2274 5496 ⁷
2297 5503 2390 5554 hoc
2408 5494 2495 5553 ita
2518 5494 2629 5566 ﬁeri
2655 5494 2969 5567 oportuisse
2995 5494 3572 5567 credamus._C:eterum

2004 5571 2289 5640 Cajetanus
2340 5572 2482 5624 hanc
2515 5565 2636 5640 Eva;
2670 5565 2732 5623 ei:
2762 5569 2952 5622 Adami
2989 5565 3574 5640 costa'productionem

2008 5635 2174 5695 totam
2210 5638 2588 5710 ἀλληγορικῶς
2618 5638 3010 5708 interpretatur
3063 5635 3406 5705 et'explicat,
3440 5650 3576 5691 con-

3079 5726 3157 5787 25
