4088 6186
532 208 630 289 7n

1819 204 2243 269 MICHAELIS
2282 206 2541 265 GLYC/E

3683 202 3821 265 772’

530 322 749 390 insuper
789 321 1161 373 necessarium
1200 330 1257 374 ut
1289 321 1730 375 benedictionem
1780 323 1886 391 ipsi
1922 320 2102 390 parti»

2215 323 2522 388 μετασχεῖν
2551 318 2749 378 αὐτοὺς
2787 318 3039 387 εὐλογίαν
3074 318 3370 385 ἀναγκαῖον
3398 310 3487 387 ἦν.
3552 314 3621 375 Ως
3650 316 3798 368 ἐνδύ-

531 414 799 481 r-iparent,
837 421 895 463 ut
963 420 1163 465 natura
1225 421 1419 479 potens
1479 412 1834 481 reperiretur,
1890 412 2109 482 quando

531 505 737 572 nuptiae
766 503 1097 571 principium
1142 503 1406 556 habuere.
1452 504 1718 569 Quoniam
1767 504 1932 573 igitur
1988 504 2110 558 talis

534 594 658 646 Eva?
680 592 970 646 :cditieatio
1006 591 1323 656 festinabat,
1354 601 1411 645 ιιι
1442 593 1651 648 dictum
1677 604 1780 657 est,
1819 593 1959 647 Deus
1987 608 2108 646 eam

531 689 693 743 etiam
721 696 1012 756 antequam
1045 686 1290 741 Adamus
1328 686 1571 748 caderet,
1606 684 1949 755 praweniens
1979 684 2109 739 effe-

532 778 628 831 cit.
656 778 780 832 Post
807 779 927 848 ejus
959 777 1104 831 enim
1143 778 1358 846 lapsum
1391 778 1611 831 creandi
1634 784 1848 846 tempus
1872 776 2110 846 amplius

530 886 641 924 non
679 878 834 933 erat;
869 871 961 923 sed
1002 869 1336 931 maledictio,
1375 878 1428 922 et
1458 871 1535 922 ira
1564 909 1578 932 ,
1609 868 1765 923 dolor
1796 877 1849 923 et
1882 882 2107 929 mmror,

530 964 713 1018 vultus
739 963 903 1017 sudor
932 962 988 1015 in
1016 962 1212 1016 aﬂiicta
1246 963 1380 1027 vita,
1411 962 1762 1030 pellit-earum
1799 962 2107 1015 tuniCarum

531 1054 781 1117 amictus,
816 1053 952 1107 etin
984 1062 1187 1107 terram
1218 1053 1483 1106 reversio.
1525 1051 1640 1105 Tali
1684 1068 1812 1106 vero
1856 1063 2109 1121 tempore

518 1130 733 1201 costam
771 1144 1008 1210 auferre,
1044 1145 1209 1198 Evam
1240 1145 1529 1208 fabricare,
1560 1155 1614 1199 et
1641 1144 1721 1199 eis
1761 1144 2107 1207 benedicere,

532 1239 675 1293 haud
732 1238 889 1301 satis,
938 1248 997 1292 ut
1060 1239 1340 1303 arbitror,
1380 1247 1499 1291 erat
1549 1247 1941 1306 opportunum.
1999 1235 2110 1289 Νο-

531 1348 637 1401 que
689 1331 833 1384 enim
903 1338 1033 1384 tunc
1068 1329 1468 1384 benedictionis
1497 1338 1710 1398 tempus
1735 1371 1749 1394 ,
1783 1327 1879 1381 sed
1916 1329 2010 1382 ira:
2057 1336 2112 1380 et

531 1420 953 1484 n‘iaiedietionis,
1002 1429 1056 1473 et
1106 1419 1449 1481 aversionis,
1491 1430 1544 1474 et
1600 1420 1811 1473 mortis.
1859 1404 1913 1468 ι’
1938 1417 2108 1495 Terra

531 1512 697 1574 enim,
740 1510 935 1580 inquit,
967 1525 1053 1570 es,
1103 1519 1158 1563 et
1206 1510 1260 1563 in
1297 1519 1496 1565 terram
1545 1511 1738 1566 abibis.
1785 1510 2107 1580 iPropterea

530 1619 585 1662 et
657 1617 953 1675 antequam
1022 1606 1264 1661 Adamus
1331 1607 1592 1667 caderet,
1650 1621 1715 1660 ex
1777 1606 1897 1674 ejus
1956 1613 2106 1658 costa

532 1700 698 1753 Evam
759 1698 1040 1763 produxit.
1078 1698 1379 1750 secuudum
1424 1697 1639 1752 veniam
1692 1706 1877 1751 tamen
1927 1697 2109 1750 omni-

531 1807 636 1853 n0,
705 1798 762 1842 ιιι
814 1788 1070 1857 superius
1117 1787 1320 1841 dictum
1391 1796 1495 1842 est.
1558 1787 1812 1846 Etenim.
1867 1788 1968 1839 nisi
2036 1786 2108 1840 ita

528 1896 619 1935 res
674 1896 734 1935 se
814 1880 1145 1945 habuisset,
1220 1896 1330 1933 nun
1394 1881 1670 1933 maximus
1743 1880 1835 1933 ille
1903 1880 2109 1934 Paulus

527 1975 758 2029 dixisset
786 1991 799 2028 :
836 1993 853 2024 ι
886 1975 1097 2028 Bonum
1123 1982 1208 2027 est
1237 1972 1520 2027 mulierem
1546 1988 1655 2027 non
1681 1972 1965 2043 attingere.
2002 1992 2020 2024 ι
2046 1972 2111 2028 Ει

530 2068 658 2138 quid
691 2082 831 2136 opus
860 2076 944 2121 est
981 2064 1272 2135 prolixiori
1318 2079 1573 2120 sermone
1623 2064 1724 2125 uti,
1764 2064 2108 2135 quandoqui-

528 2161 653 2212 dem
698 2159 788 2226 qui
822 2174 849 2211 a
884 2157 1159 2227 principio
1190 2158 1466 2226 produxit,
1500 2157 1588 2211 ille
1619 2157 1673 2211 in
1713 2155 1879 2211 Paulo
1920 2157 2109 2227 loque-

534 2253 712 2311 batur,
744 2258 801 2303 et
851 2248 954 2302 nisi
1012 2248 1316 2302 secundum
1378 2247 1595 2301 veniam
1653 2248 1913 2303 feminam
1981 2259 2109 2303 tunc

540 2343 924 2413 produxisset,
962 2341 1111 2395 haud
1145 2340 1424 2409 posterius
1449 2341 1703 2409 equidem
1752 2357 1847 2411 per
1878 2341 2108 2399 Paulum

535 2436 820 2490 mulierem
857 2434 1083 2487 minime
1120 2434 1391 2502 attingere
1426 2434 1725 2490 suasisset?
1784 2435 1922 2491 Hinc
1960 2438 2107 2491 enim

531 2528 770 2584 ostendit
795 2537 923 2583 ante
947 2526 1162 2587 femina:
1188 2526 1602 2595 productionem
1632 2528 1790 2582 aliam
1816 2530 2108 2598 quamdam

531 2620 819 2675 sublimem
878 2626 935 2673 et
990 2617 1253 2687 angelica:
1321 2617 1626 2672 conditioni
1684 2633 1869 2687 parem
1943 2621 2108 2673 vitam

530 2713 720 2769 fuisse.
759 2711 1057 2780 Propterea
1089 2711 1235 2763 enim
1268 2709 1396 2763 alibi
1430 2708 1577 2763 illam
1609 2709 1891 2766 adducens
1924 2710 2101 2766 dixit:

536 2826 553 2856 ι
591 2804 692 2871 Qui
728 2813 911 2873 potest
933 2818 1130 2872 capere
1155 2802 1355 2871 capiat.
1398 2821 1415 2851 ›
1448 2802 1573 2857 Hzre
1612 2815 1797 2857 autem
1835 2804 1907 2857 ita
1930 2820 1989 2858 se
2014 2807 2110 2861 ha-

531 2899 687 2962 bere,
730 2906 786 2951 et
814 2896 1111 2951 sublimem
1141 2894 1511 2966 angeliczeque
1555 2912 1742 2965 parem
1780 2898 1942 2952 vitam
1984 2909 2110 2953 ante

2215 428 2386 480 ναμον
2431 411 2684 464 ἐντεῦθεν
2729 412 3021 481 εὑρεθῆναι
3068 411 3165 480 τὴν
3201 410 3365 479 φύσιν
3402 411 3509 478 ὅπη
3546 427 3607 476 γε
3654 413 3799 464 κατὰ

2213 500 2307 555 τοῦ
2338 503 2520 571 γάμου
2556 502 2699 572 λάὸῃ
2744 503 2939 573 ἀρχήν.
3003 502 3222 570 Ἐπειδὴ
3270 500 3517 567 τοίνυνή
3569 503 3798 570 τοιαύτη

2212 595 2313 664 τῆς
2351 594 2496 658 Εὔας
2536 595 2796 666 οἰκοδομὴ
2847 594 3259 663 κατεπείγουσα
3304 590 3395 663 ἦν,
3428 594 3503 656 ὡς
3536 594 3799 663 προείρη-

2211 702 2323 750 ται,
2355 686 2663 756 προφοὼει
2699 687 2937 772 ποιήσας
2968 686 3142 755 αὐτὴν
3175 687 3202 737 6
3244 684 3377 746 Θεὸς
3421 686 3518 737 καὶ
3553 684 3662 753 πρὸ
3702 684 3800 737 τοῦ

2215 780 2405 831 πεσεῖν
2438 778 2530 831 τὸν
2576 777 2751 846 ’Δδάμ
2780 792 2795 807 ·
2851 777 2992 847 μετὰ
3043 778 3152 849 γὰρ
3186 778 3245 829 τὺ
3286 780 3475 829 πεσεῖν
3503 776 3668 828 αὐτὸν
3696 776 3796 828 οὐκ

2212 868 2291 924 ἔτι
2316 868 2679 939 δημιουργίας
2711 869 2930 939 ὑπῆρχε
2965 869 3177 939 καιρὸς,
3209 867 3349 920 ἀλλά
3379 885 3432 920 τι
3459 867 3673 936 κατάρα
3700 867 3796 919 καὶ

2212 961 2371 1031 ὀργὴ,
2404 960 2568 1029 ὀδύνη
2600 964 2697 1017 καὶ
2733 960 2901 1031 λύπη,
2934 960 3232 1031 προσώπου
3299 958 3481 1028 ἱδρὼς,
3521 957 3794 1020 ἐπώδυνος

2214 1052 2393 1121 βιοτὴ,
2439 1052 2680 1122 χιτώνων
2718 1053 3061 1124 δερματὶνιιιν
3124 1054 3409 1125 περιϐολὴ,
3441 1055 3538 1107 καὶ
3601 1052 3795 1123 πρὸς*
3888 1060 3897 1067 ⁸

2213 1145 2595 1215 ἀποστροφήν.
2643 1145 2731 1197 Ἐν
2788 1146 3020 1216 τοιούτῳ
3077 1146 3259 1199 τοίνυν
3310 1145 3491 1213 καιρῷ
3551 1144 3798 1213 πλευρὰν

2214 1236 2498 1304 ἀφαιρεῖν,
2535 1234 2682 1291 Εὔαν
2734 1238 3042 1299 οἰκοδομεῖν
3096 1239 3191 1290 καὶ
3246 1238 3555 1306 εὐεργετεῖν
3598 1234 3799 1296 αὐτοὺς

2212 1328 2607 1396 ἀπροσδεκτον,
2663 1328 2737 1391 ώς
2772 1326 2949 1398 οἶμαι,
2999 1329 3094 1382 καὶ
3138 1328 3264 1382 λίαν
3296 1328 3620 1396 ἐτύγχανεν.
3658 1326 3799 1380 Οὐδὲ

2218 1420 2330 1487 γὰρ
2382 1418 2635 1487 εὐλογίας
2689 1421 2996 1489 τηνικαῦτα
3052 1420 3264 1490 καιρὸς,
3321 1420 3435 1473 ἀλλ’
3480 1420 3648 1489 ὀργῆς
3696 1418 3801 1472 καὶ

2218 1509 2383 1578 ἀρᾶς,
2413 1511 2507 1561 καὶ
2541 1510 2892 1580 ἀποστροφῆς
2948 1512 3043 1563 καὶ
3071 1510 3321 1565 θανάτου.
3365 1529 3383 1562 ι
3409 1510 3483 1578 Γῆ
3520 1511 3648 1579 γὰρ,
3683 1526 3800 1578 φη-

2218 1604 2324 1667 σὶν,
2370 1596 2445 1663 εἶ,
2479 1603 2574 1654 καὶ
2607 1603 2689 1664 είς
2720 1605 2825 1674 γῆν
2876 1602 3193 1657 ἀπελεύσει.
3229 1622 3247 1655 ι
3286 1603 3385 1657 Διά
3418 1604 3471 1657 τί
3506 1601 3667 1657 τοῦτο
3698 1605 3801 1656 καὶ

2216 1693 2325 1761 πρὸ
2365 1691 2457 1745 τοῦ
2511 1695 2700 1746 πεσεῖν
2747 1694 2838 1745 τὸν
2886 1694 3060 1764 Ἀδὰμ
3104 1696 3169 1748 ὲκ
3211 1684 3451 1765 πλευρᾶς
3492 1693 3659 1748 αὐτοῦ
3693 1696 3804 1761 τὴν

2214 1781 2359 1836 Εὕαν
2385 1778 2747 1853 παρήγαγὲνς
2778 1785 2939 1839 Κατὰ
2970 1786 3326 1858 συγχώρησιν
3351 1786 3406 1839 δὲ
3441 1786 3684 1852 πάντως,
3717 1787 3802 1848 ὡς

2212 1873 2419 1929 ἄνωθεν
2441 1876 2680 1944 εἴρηται.
2724 1877 2834 1931 Καὶ
2866 1876 2974 1947 γὰρ
3009 1880 3057 1931 εί
3096 1880 3170 1948 μὴ
3199 1878 3360 1931 τοῦτο
3402 1872 3493 1949 ἦν,
3534 1877 3635 1931 οὐκ
3668 1878 3736 1931 ἂν
3771 1882 3803 1930 ὁ

2214 1966 2514 2035 πάμμεγας
2570 1967 2725 2035 ἔλεγε
2788 1966 3038 2031 Παῦλος·
3099 1988 3118 2020 ι
3154 1969 3337 2023 Καλὸν
3396 1968 3471 2039 μὴ
3525 1967 3801 2021 ἅπτεσθαι

2212 2062 2499 2126 γυναικός.
2540 2080 2557 2112 ι
2602 2062 2714 2114 Καὶ
2765 2062 2815 2114 τί
2867 2063 2975 2133 χρὴ
3030 2064 3202 2117 πολλὰ
3253 2064 3456 2131 λέγειν,
3518 2063 3601 2115 ὅτι
3657 2063 3798 2129 θῆλυ

2215 2156 2565 2223 παρήγαγεν,
2611 2156 2711 2208 οὐκ
2770 2156 2837 2210 ἂν
2894 2155 3124 2226 ὕστερον
3177 2156 3266 2209 διὰ
3308 2157 3403 2210 τοῦ
3454 2155 3670 2210 Παύλου
3717 2157 3799 2225 μὴ

2213 2245 2484 2301 ἅπτεσθαι
2513 2234 2771 2316 γυναικδς
2801 2248 3179 2305 συνεϐούλευε,
3223 2250 3571 2321 Παραγαγὼν
3599 2252 3659 2317 ἐξ
3689 2252 3796 2320 ἁρ-

2215 2339 2315 2408 χῆς
2353 2342 2560 2403 ἐκεῖνος
2586 2336 2655 2407 ἦν
2688 2344 2744 2393 ὲν
2778 2340 2855 2409 τῷ
2886 2341 3085 2412 Παύλῳ
3108 2341 3309 2406 λαλῶν,
3348 2344 3442 2395 καὶ
3466 2344 3513 2394 εἰ
3547 2344 3620 2413 μὴ
3651 2345 3799 2395 κατα

2215 2430 2550 2501 συγγνώμην
2582 2433 2704 2485 τότε
2742 2434 2803 2486 τὸ
2851 2433 2985 2503 θῆλυ
3020 2434 3367 2504 παρήγαγεν.
3408 2434 3660 2501 Δείκνυσι
3685 2436 3798 2500 γὰρ

2218 2523 2469 2577 ἐντεῦθεν
2497 2524 2578 2576 ὅτι
2610 2526 2720 2595 πρὸ
2759 2526 2859 2595 τῆς
2893 2526 2988 2580 τοῦ
3026 2526 3216 2591 θήλεος
3255 2527 3597 2597 παραγωγῆς
3632 2527 3800 2593 ἑτέρα

2214 2615 2327 2687 ζωή
2356 2633 2442 2681 τις
2470 2612 2539 2689 ἦν
2571 2617 2750 2687 ὑψηλὴ
2784 2621 2879 2671 καὶ
2931 2619 3242 2687 ίσάγγελος.
3269 2617 3428 2671 Κατὰ
3477 2620 3584 2687 γὰρ
3634 2617 3801 2671 τοῦτο

2216 2712 2310 2764 καὶ
2336 2711 2573 2782 ἀλλαχοῦ
2603 2712 2736 2781 πρὸς
2762 2712 2981 2783 ἐκείνην
3004 2713 3242 2779 ἀνάγων,
3264 2712 3477 2781 ἔλεγενο
3506 2731 3524 2764 ι
3544 2710 3607 2766 Ὀ
3635 2711 3801 2764 δυνά-

2221 2820 2382 2869 μενος
2447 2804 2669 2873 χωρεῖν,
2731 2804 3002 2875 χωρείτω.
3035 2823 3052 2855 ι
3093 2805 3216 2858 ’Ότι
3275 2805 3333 2858 δὲ
3389 2804 3566 2860 ταῦτα
3619 2803 3803 2868 οὕτως

2215 2895 2349 2966 ἔχει,
2382 2898 2479 2950 καὶ
2506 2897 2589 2949 ὅτι
2622 2897 2725 2967 πρὸ
2754 2898 2856 2966 τῆς
2890 2898 3230 2969 παραγωγῆς
3260 2897 3357 2952 τοῦ
3391 2897 3583 2968 Θήλεος
3610 2899 3802 2969 ὑψηλὴ

528 2990 749 3046 femina:
779 2989 1194 3059 productionem
1249 2989 1421 3043 fuisse
1444 3030 1456 3049 ,
1493 2990 1813 3044 constitutio
1841 2990 1951 3053 illa,
1995 3006 2109 3060 quae

2222 2990 2317 3041 καὶ
2350 2988 2636 3056 ίσάγγελος
2667 2985 2734 3059 ἦν
2765 2991 2795 3058 ἡ
2830 2988 2972 3060 ζωὴ,
3018 2991 3261 3045 δείκνυσι
3305 2991 3465 3045 τοῦτο
3521 2993 3803 3060 σαφέστεο

526 3092 800 3155 speratur,
835 3082 1182 3137 manifestius
1205 3082 1471 3136 ostendit.
1491 3079 1677 3150 Neque
1697 3083 1968 3137 admirere
1987 3098 2109 3153 pro-

527 3176 815 3246 ptereazsi
848 3175 1157 3229 cazlibatum
1205 3173 1261 3226 in
1316 3172 1497 3227 futura
1551 3175 1659 3227 vita
1682 3174 1945 3229 Dominus
1992 3191 2111 3242 pro-

528 3267 727 3321 mittit:
753 3267 946 3343 Erunt,
974 3252 1375 3334 inquit,omnes
1406 3273 1463 3317 ut
1493 3264 1670 3333 angeli
1701 3264 1793 3319 Dei
1820 3265 2111 3335 (82).Qua—

530 3360 1040 3431 propterNyssenus
1073 3360 1171 3415 ait,
1190 3372 1307 3410 eam
1330 3373 1451 3411 esse
1480 3359 1546 3412 ad
1577 3360 1856 3428 antiquam
1884 3372 1939 3414 et
1964 3362 2111 3431 prio-

530 3468 641 3507 rem
665 3451 812 3505 illam
842 3448 1011 3504 vitam
1040 3461 1350 3517 regressum
1374 3464 1388 3510 ;
1416 3450 1543 3515 quid
1572 3450 1818 3519 pluribus
1840 3452 2111 3512 deducere

527 3552 742 3613 oportet
778 3542 1013 3612 primum
1045 3542 1355 3605 hominem,
1386 3550 1439 3594 et
1470 3541 1594 3611 ejus
1624 3542 1746 3598 vitae
1804 3544 2108 3603 inStitutio-

525 3652 651 3689 nem
682 3634 881 3703 aequali
934 3634 1105 3688 fuisse
1136 3633 1347 3687 honore
1378 3647 1506 3687 cum
1562 3634 1795 3704 angelis,
1837 3647 1893 3692 et
1945 3639 2111 3695 vitam

526 3727 826 3799 angelicam
866 3725 1089 3791 vixisse,
1125 3724 1588 3794 quemadmodum
1625 3731 1881 3797 superius
1904 3730 2107 3787 dictum

526 3822 645 3877 est?
669 3821 925 3875 Animum
957 3820 1185 3874 adverte
1218 3819 1405 3890 igitur.
1459 3820 1648 3886 Qualis
1700 3824 1851 3879 enim
1910 3826 2108 3883 Adami

530 3914 675 3968 illius
710 3912 1048 3969 conStitutio
1081 3908 1248 3967 fuerit
1288 3912 1483 3982 gratia,
1519 3917 2108 3985 quamzexspectamus,

526 4016 714 4075 aperte
745 4005 1111 4067 demonstrat,
1132 4013 1321 4073 utpote
1343 4018 1464 4069 quae
1485 4004 1733 4074 profecto
1768 4007 1834 4062 ad
1862 4007 2107 4077 priorem

527 4100 675 4152 illam
716 4111 1006 4168 regressus
1044 4108 1156 4155 εει.
1197 4104 1253 4148 ιιι
1287 4093 1397 4165 jam
1444 4096 1814 4164 przrdiximus.
1858 4097 1914 4154 Si
1961 4100 2108 4156 enim

526 4201 582 4246 et
612 4194 926 4261 nuptiarum
953 4189 1068 4260 lege
1111 4172 1349 4257 ligantur
1384 4188 1571 4253 hodie,
1622 4205 1733 4244 non
1793 4193 1981 4263 utique
2041 4193 2110 4250 ab

528 4289 645 4355 ipso
680 4283 951 4354 principio
989 4283 1103 4337 haac
1135 4282 1222 4338 lex
1256 4284 1379 4339 data
1417 4293 1522 4349 est,
1551 4283 1647 4338 sed
1697 4300 1793 4354 per
1827 4286 2112 4360 indulgen;

530 4379 657 4433 tiam
678 4376 953 4447 posterius
969 4374 1423 4445 prepterlapsum
1453 4390 1484 4429 a
1509 4374 1865 4445 perfectione.
1901 4380 2109 4445 Quam-

528 4472 718 4525 obrem
770 4479 826 4523 et
883 4467 1108 4523 coronis
1170 4468 1417 4538 privatur
1479 4478 1540 4523 ut
1602 4470 1843 4541 linguam
1907 4488 2137 4530 aureus-

528 4564 625 4617 ait.
650 4561 703 4613 Si
730 4561 895 4631 igitur
919 4570 979 4614 ut
1014 4560 1221 4615 dictum
1249 4570 1352 4624 est,
1380 4576 1476 4629 per
1501 4560 1899 4631 indulgentiam
1927 4563 2104 4632 ipsum

530 4654 803 4708 femineus
853 4667 1015 4707 sexus
1048 4651 1309 4707 inductus
1336 4662 1441 4715 est,
1472 4662 1526 4707 et
1549 4653 1752 4721 nuptia:
1784 4654 1924 4708 datae
1955 4665 2105 4720 sunt,

530 4745 908 4800 necessarium
950 4745 1179 4799 omnino
1227 4752 1314 4798 est
1366 4753 1423 4797 et
1478 4747 1762 4814 przeterire
1808 4746 2105 4817 aliquando

527 4837 646 4890 haec
671 4836 877 4894 omnia,
910 4844 964 4888 et
995 4835 1127 4887 tales
1158 4834 1393 4889 inveniri
1423 4845 1551 4889 tunc
1581 4850 1645 4890 ex
1669 4836 1900 4891 mortuis
1916 4853 2105 4892 resur-

528 4934 742 4995 gentes,
770 4924 946 4992 qnalis
978 4934 1097 4979 erat
1139 4926 1346 4994 primus
1378 4926 1466 4981 ille
1514 4926 1708 4990 Adam,
1761 4937 1819 4982 ut
1875 4945 2106 5000 magnus

526 5016 861 5069 Athanasius
888 5017 952 5068 ad
992 5016 1327 5071 Antiochum
1366 5021 1563 5085 inquit.
1599 5015 1707 5072 Sed
1744 5028 1799 5073 et
1831 5018 2108 5075 divinissi-

528 5122 649 5161 mus
705 5106 1026 5161 Anastasius
1074 5108 1146 5161 ita
1207 5108 1272 5164 de
1324 5108 1411 5163 his
1456 5109 1603 5176 loqui
1657 5110 2108 5180 deprehenditur.

535 5220 554 5253 ι
586 5198 761 5255 Omne
790 5198 1030 5253 alienum
1082 5201 1225 5269 quod
1279 5216 1378 5269 per
1412 5212 1695 5269 peccatum
1732 5202 1783 5256 in
1828 5219 1929 5257 nos
1973 5206 2111 5261 irre-

528 5293 658 5364 psit,
692 5303 821 5347 tune
846 5295 1205 5361 deponemus.
1234 5310 1252 5343 ι
1291 5293 1349 5346 Si
1386 5309 1512 5347 vero
1554 5294 1668 5349 hare
1694 5295 1768 5350 ita
1802 5311 1861 5350 se
1904 5295 2109 5352 habent

526 5388 595 5443 de
631 5386 832 5441 femina
864 5383 979 5454 ipsa
1018 5384 1152 5455 quid
1180 5385 1364 5440 dicere
1399 5387 1653 5457 oportet?
1680 5387 1733 5441 Si
1763 5399 1982 5459 propter
2006 5392 2109 5445 hoc

448 5586 455 5591 ’
526 5599 609 5661 t_r_a
632 5590 1035 5661 qucnlegregie
1065 5591 1309 5661 disputat
1340 5590 1511 5646 Nalal.
1543 5593 1874 5655 Alexander,
1910 5604 2043 5646 tom.
2072 5592 2117 5647 1.

454 5712 459 5717 _
526 5657 733 5713 Hister.
766 5657 972 5716 Eccl“.
1003 5657 1171 5718 I’rim.
1202 5660 1378 5731 zEtat,
1415 5664 1628 5721 dissert.
1678 5679 1757 5734 tu,
1789 5676 1888 5719 art.
1923 5664 1975 5718 2.

2218 3082 2369 3150 ρονή
2412 3080 2745 3151 ὲλπιζομένη
2786 3081 2975 3153 ἐκείνη
3009 3083 3371 3145 κατάστασις.
3414 3085 3523 3137 Καὶ
3553 3084 3628 3155 μὴ
3659 3084 3801 3138 Θαύ-

2218 3173 2360 3241 μαζε
2384 3173 2572 3226 τούτου
2599 3173 2813 3227 ἕνεκεν.
2848 3173 2911 3227 Ei
2946 3174 3051 3245 γὰρ
3087 3175 3485 3243 ἐπαγγέλλεται
3516 3177 3617 3247 μὲν
3653 3180 3801 3245 ἀγά-

2218 3281 2342 3332 μιον
2367 3265 2393 3316 6
2419 3263 2620 3331 Κύριος
2646 3264 2703 3317 ἓν
2729 3280 2789 3317 τε
2811 3267 2876 3336 τῇ
2910 3264 3179 3337 μελλούσῃ
3207 3269 3318 3337 ζωῇ
3338 3284 3352 3299 ⁸
3380 3269 3521 3322 «Καὶ
3543 3269 3795 3323 ἔσονται»

2214 3354 2344 3422 γὰρ,
2387 3356 2543 3423 φησι,
2602 3372 2620 3403 ι
2651 3354 2853 3418 πάντες
2900 3356 2975 3419 ὡς
3015 3356 3238 3424 ἄγγελοι
3292 3360 3458 3412 Θεοῦ·
3487 3379 3506 3412 ι
3544 3362 3690 3431 λέγει
3735 3363 3802 3416 δὲ

2216 3445 2386 3515 ταύτῃ
2434 3448 2460 3498 6
2493 3445 2740 3517 Νύσσης.
2776 3450 3039 3504 ἐπάνοδον
3087 3448 3230 3506 εἶναι
3264 3453 3399 3523 πρός
3431 3471 3498 3521 γε
3549 3455 3648 3525 τήν
3690 3460 3802 3525 ἀρ’

2214 3539 2376 3607 χαίαν
2414 3544 2508 3593 καὶ
2537 3539 2762 3611 πρώτην
2795 3540 2947 3614 ζωήν
2971 3559 2985 3573 ’
3019 3544 3072 3597 τί
3107 3545 3215 3617 χρὴ
3262 3546 3359 3601 καὶ
3389 3547 3569 3615 λέγειν
3608 3549 3703 3601 ἐπί
3730 3567 3803 3615 γε

2215 3630 2294 3699 τῷ
2331 3630 2534 3701 πρώτῳ
2575 3632 2750 3702 Ἀδὰμ
2797 3635 2895 3688 καὶ
2925 3637 2991 3705 τῇ
3025 3636 3191 3690 αὐτοῦ
3224 3637 3471 3708 διαγωγῇ
3503 3641 3534 3710 ἢ
3566 3640 3649 3694 ὅτι
3681 3643 3805 3704 τοῖς

2213 3723 2472 3791 ἀγγέλοις
2507 3726 2771 3794 ὁμότιμος
2798 3721 2886 3796 ἦν,
2930 3730 3027 3782 καὶ
3056 3728 3139 3782 ὅτι
3174 3729 3290 3797 βίον
3332 3732 3620 3801 ίσάγγελον
3650 3728 3799 3803 εἶχε,

2213 3814 2464 3883 καθάπερ
2509 3815 2717 3868 ἅνωοεν
2759 3819 3017 3888 εἴρηταις
3060 3821 3304 3891 Πρόσεχε
3352 3818 3465 3877 οὖν.
3518 3824 3632 3895 Τὴν
3682 3828 3803 3895 γὰρ

2214 3905 2309 3959 τοῦ
2338 3905 2511 3974 Ἀδὰμ
2535 3907 2745 3962 ἐκείνου
2779 3909 3121 3963 κατάστασιν
3151 3912 3314 3968 ὁποία
3340 3932 3427 3979 τις
3453 3910 3522 3985 ἧν
3550 3918 3585 3987 ἠ
3621 3916 3807 3988 προσ-

2213 3998 2498 4069 δοκωμένη
2527 4000 2690 4070 χάρις
2716 4001 2991 4072 άριδήλως
3023 4004 3360 4074 παρίστησιν
3381 4021 3395 4036 °
3431 4008 3527 4062 ἃτε
3559 4008 3626 4080 δὴ
3653 4012 3804 4081 πρὸς

2213 4091 2313 4163 τὴν
2342 4093 2573 4164 πρώτην
2608 4092 2831 4163 ἐκείνην
2878 4093 3140 4159 ἐπάνοδος
3167 4093 3322 4163 οὖσα,
3354 4098 3431 4162 ὡς
3463 4100 3566 4170 ήδη
3608 4106 3803 4173 προεί-

2218 4202 2398 4255 ρηται.
2435 4185 2496 4237 Et
2537 4185 2643 4255 γάρ
2681 4187 2781 4238 και
2822 4186 2972 4257 νόμῳ
3001 4189 3185 4257 γάμου
3217 4190 3479 4261 δεδέμεοα
3525 4195 3803 4265 σήμερον,

2215 4275 2330 4330 ἀλλ’
2377 4277 2478 4330 οὐκ
2535 4276 2593 4343 ἐξ
2645 4279 2819 4348 ἀρχῆς
2872 4279 3045 4348 αὐτῆς
3078 4282 3105 4333 6
3144 4281 3309 4349 νόμος
3362 4283 3520 4348 οὗτος
3570 4287 3800 4346 ἐδίδοτο.

2218 4371 2378 4424 Κατὰ
2403 4369 2460 4423 δὲ
2500 4370 2855 4440 συγχώρησιν
2891 4371 3120 4443 ὕστερον
3171 4374 3263 4429 διά
3305 4392 3367 4445 γε
3412 4378 3511 4448 τὴν
3560 4380 3659 4449 τῆς
3709 4401 3801 4436 τε-

2218 4463 2493 4533 λείοτητος
2542 4462 2840 4529 ἔκπτωσιν,
2890 4466 2975 4534 ἐφ’
3019 4459 3063 4534 ᾧ
3102 4469 3197 4521 καὶ
3240 4472 3520 4536 στεφάνων
3571 4474 3809 4547 ἐστέρη-

2214 4572 2328 4621 ται,
2366 4554 2440 4618 ὡς
2470 4555 2497 4606 ὁ
2523 4555 2758 4624 χρυσοῦς
2796 4558 2897 4625 τὴν
2942 4560 3187 4626 γλῶττάν
3242 4578 3430 4631 φησιν.
3465 4563 3642 4636 Εἴπερ
3678 4568 3801 4631 οὖν,
3876 4612 3887 4621 .

2213 4649 2287 4712 ὡς
2327 4650 2566 4720 εἴρηται,
2612 4651 2752 4703 κατά
2781 4668 2845 4718 γε
2893 4652 3247 4723 συγχώρησιν
3295 4655 3427 4709 αὐτό
3462 4673 3520 4709 τε
3558 4658 3624 4711 τὸ
3654 4658 3802 4729 θῆλυ

2214 4742 2523 4812 παρήγετο,
2559 4744 2655 4795 καὶ
2694 4746 2722 4796 6
2752 4745 2929 4814 γάμος
2972 4746 3197 4810 ἐδίδοτο,
3232 4748 3444 4818 ἀνάγκη
3491 4750 3664 4815 πᾶσα,
3706 4758 3808 4806 καὶ

2216 4833 2511 4904 παρελθεῖν
2538 4834 2635 4905 ὀψέ
2673 4852 2804 4888 ποτε
2837 4836 3009 4890 ταῦτα
3040 4837 3241 4902 πάντα,
3277 4842 3371 4891 καὶ
3398 4841 3678 4905 τοιούτους
3710 4847 3809 4896 εὖ·

2219 4926 2443 4996 ρεθῆναι
2467 4928 2589 4981 τότε
2614 4928 2739 4991 τοὺς
2775 4929 2837 4980 ὲκ
2868 4928 3080 4998 νεκρῶν
3110 4931 3590 5003 ὲγερθησομένους
3613 4937 3811 5001 ὁποῖος

2214 5016 2284 5089 ἦν
2323 5020 2351 5072 6
2383 5020 2596 5089 πρῶτος
2626 5007 2836 5083 ἐκεῖνος
2863 5019 3061 5090 Ἀδὰμ,
3093 5022 3168 5087 ὡς
3200 5024 3229 5077 6
3261 5025 3436 5095 μέγας
3466 5027 3633 5097 φησιν
3657 5030 3813 5099 πρὸς

2231 5112 2505 5181 Ἀντίοχον
2548 5110 2890 5175 Ἀθανάσιος.
2937 5113 3098 5167 Ἀλλὰ
3128 5116 3222 5169 καὶ
3261 5119 3289 5171 6
3323 5116 3597 5182 θειότατος
3635 5119 3814 5173 ’Ava-

2222 5205 2442 5268 στάσιος
2473 5202 2616 5257 οὕτω
2670 5204 2802 5272 περὶ
2853 5205 3062 5259 τούτων
3095 5207 3325 5279 εὕρηται
3373 5209 3550 5278 λέγων
3575 5225 3590 5239 °
3633 5229 3653 5261 ι
3680 5213 3813 5268 Πᾶν

2216 5294 2499 5361 ἀλλότριον
2550 5294 2610 5345 τὸ
2658 5294 2747 5344 διὰ
2795 5292 2895 5363 τὴν
2954 5294 3231 5365 ἁμαρτίαν
3280 5300 3416 5368 ἡμῖν
3473 5301 3815 5356 ὑπεισελθὸν

2216 5384 2609 5456 ἀποθησόμεθα
2655 5384 2798 5438 τότε.
2829 5402 2847 5436 ι
2896 5384 2958 5437 Εἰ
2993 5385 3048 5437 δὲ
3082 5387 3253 5443 ταῦτα
3295 5391 3468 5456 οὕτως
3502 5393 3615 5463 ἔχει
3667 5399 3814 5466 περὶ

2302 5592 2588 5676 (82_i_Quid
2623 5594 2739 5676 hazc
2759 5600 2922 5676 verba
2951 5599 3266 5676 significent,
3284 5601 3510 5676 exponit
3538 5602 3777 5676 Augusti
3798 5639 3818 5649 ο

2230 5681 2351 5734 nus,
2384 5666 2475 5720 lib.
2516 5681 2624 5719 χχιι
2657 5666 2730 5722 De
2765 5670 2919 5727 (Σἱυίι.
2946 5666 3064 5736 υέί.
3092 5687 3211 5733 can.
3251 5671 3336 5726 t7.
