4088 6186
465 263 573 325 ’Π3

1840 260 1959 321 EPl
1973 260 2208 320 STOLA
2249 261 2348 322 VI.

3589 263 3725 325 ΤΜ

464 379 559 432 τοῦ
583 378 773 444 θήλεος
810 377 974 431 αὑτοῦ
1010 378 1061 429 τί
1087 376 1193 447 χρὴ
1235 377 1327 429 καὶ
1357 376 1575 443 λέγειν;
1605 376 1719 443 εἴγε
1761 376 1851 429 διὰ
1876 377 2032 433 τοῦτο

2139 374 2397 442 producta
2436 384 2541 439 est,
2573 384 2858 443 propterea
2896 348 3164 435 videlicet,
3193 375 3339 443 quod
3372 375 3534 428 homo
3586 377 3693 445 jam

466 468 746 537 παρήχθη,
772 469 858 520 διὰ
885 470 946 520 τὸ
982 468 1342 537 παραϐαίνειν
1373 468 1470 539 ἤδη
1493 468 1583 520 τὸν
1616 466 1902 535 ἄνθρωπον
1932 468 2026 520 καὶ

462 559 642 627 φθορᾷ
667 559 1014 621 ὑποπίπτειν,
1040 559 1114 620 ὡς
1142 560 1169 611 6
1199 559 1558 627 Δαμασκηνὸς
1586 557 1839 627 Ἰωάννης
1869 559 2024 627 φησι,

465 650 684 708 πάντως
708 648 862 700 οὐδὲν
896 649 1082 716 ἕτερον
1110 648 1142 716 ἦ
1169 649 1248 701 ὅτι
1276 649 1334 701 τὸ
1366 650 1554 718 σχῆμα
1576 646 1732 699 τοῦτο
1766 646 2028 712 παρελεύ-

462 756 636 803 σεται,
669 740 788 791 ἐπεὶ
821 739 907 791 διά
945 740 1044 807 τὴν
1074 740 1348 807 ἁμαρτίαν
1404 738 1731 807 ύπεισῆλθεν
1763 740 1892 807 ἡμῖν
1937 737 2028 789 καὶ

463 831 740 892 τοιούτους
791 829 1083 899 ἐγερθῆναι
1120 830 1366 891 ἅπαντας
1407 832 1587 890 ὁποῖος
1639 825 1707 899 ἦν
1737 829 1764 880 6
1814 827 2029 895 πρῶτος

460 920 767 990 ἅνθρωπος.
797 922 826 973 6
864 917 984 972 κατ’
1023 919 1205 973 εἰκόνα
1237 920 1436 988 δηλαδὴ
1469 918 1833 988 γεγενημένος
1868 916 2025 971 Θεοῦ.

462 1013 571 1063 Καὶ
601 1012 707 1079 γὰρ
738 1010 788 1062 εί
825 1010 900 1078 μὴ
932 1010 1086 1062 τοῦτο
1114 1005 1203 1080 ἧν,
1235 1010 1338 1062 οὐκ
1371 1010 1437 1062 ἂν
1466 1011 1493 1060 6
1524 1009 1746 1078 Νύσσης
1772 1009 2028 1061 ἐπάνοδον

461 1100 601 1155 εἰναι
633 1101 784 1168 ἔλεγε
824 1101 958 1171 πρός
991 1116 1051 1168 γε
1091 1101 1188 1169 τὴν
1221 1100 1454 1170 ἀρχαίαν
1501 1102 1595 1152 καὶ
1634 1100 1855 1169 πρώτην
1883 1098 2028 1168 ζωὴν

460 1194 557 1262 τὴν
585 1191 950 1259 ἐλπιζομένην
982 1192 1198 1254 ἐκείνην
1236 1191 1593 1244 κατάστασιν.

534 1283 811 1333 Δέῖεικται
841 1276 934 1331 οὖν
958 1281 1023 1330 ἐκ
1061 1279 1270 1331 πολλῶν
1298 1281 1379 1332 ὅτι
1406 1282 1518 1345 τοῖς
1562 1279 1813 1347 ἀγγέλοις
1838 1279 2027 1348 ὁμότι-

468 1392 564 1441 μον
591 1374 791 1424 ἔπλασε
820 1371 909 1422 τὸν
945 1372 1157 1439 πρῶτον
1195 1370 1484 1441 ἄνθρωπον
1525 1373 1552 1423 6
1582 1370 1735 1433 Θεὸς,
1785 1371 1878 1423 καὶ
1906 1368 2028 1423 κατ’

462 1464 699 1523 ἐκείνους
733 1462 896 1515 αὐτὸν
930 1460 1295 1525 πληθύνεσθαι
1326 1461 1483 1531 ἤθελε
1509 1478 1521 1491 ’
1551 1461 1638 1514 διά
1662 1478 1723 1529 γε
1762 1462 1861 1531 τὴν
1892 1478 2036 1529 παρ-

462 1558 736 1624 εκτροπὴν
795 1558 860 1626 ἢν
926 1558 1067 1610 ἑκὼν
1108 1555 1336 1624 ὑπέστη,
1372 1555 1446 1618 ὡς
1489 1555 1696 1608 ἄνωθεν
1732 1553 2029 1625 εἴρηται,ή

459 1647 687 1715 τοιαύτη
718 1647 977 1717 παρήχθη
1005 1647 1357 1715 κατάκρισις,
1388 1640 1421 1714 ἦ
1452 1646 1561 1698 τῶν
1591 1645 1802 1713 ἀλόγων
1830 1645 2029 1714 δηλαδὴ

460 1738 615 1801 ζώων
645 1740 925 1808 ὁμοίωσις.
957 1739 1019 1790 Εἰ
1052 1738 1129 1808 μὴ
1154 1738 1263 1805 γὰρ
1288 1736 1446 1789 τοῦτο
1472 1733 1561 1808 ἦν,
1592 1738 1691 1789 οὐκ
1724 1738 1788 1790 ἂν
1812 1738 1838 1789 6
1868 1734 2030 1788 Δαυῒδ

459 1830 809 1899 ὀδυρόμενος,
849 1848 867 1880 ι
914 1830 1096 1900 υίμοι.
1132 1847 1151 1880 ι
1191 1829 1400 1896 ἔλεγεν,
1459 1846 1476 1878 ι
1517 1827 1598 1879 ὅτι
1651 1826 1935 1896 ἄνθρωπος
1973 1828 2029 1878 ὲν

459 1922 593 1988 τιμῇ
664 1918 742 1971 ὢν
802 1920 861 1971 οὐ
922 1918 1142 1986 συνῆκε.
1196 1916 1659 1986 Παρασυνεῦλήθη
1707 1918 1817 1977 τοῖς
1868 1916 2029 1985 ἀνοή-

460 2026 575 2070 τοις
613 2011 853 2077 κτήνεσι,
896 2009 990 2062 καί⁵
1036 2004 1294 2077 ὡμοιώθη
1325 2010 1526 2070 αὐτοῖς.
1555 2025 1573 2057 ι
1610 2006 1721 2060 Καὶ
1753 2007 1853 2075 δρα
1892 2008 2032 2077 πρὸς

462 2100 644 2163 αὐτὸν,
671 2103 719 2154 εί
755 2099 957 2169 βούλει,
988 2100 1079 2153 τὸν
1112 2100 1325 2169 πρῶτον
1355 2101 1662 2170 ἄνθρωπον.
1691 2098 1753 2151 Εἰ
1799 2097 1895 2167 μὴ,
1924 2096 2031 2166 γάρ

463 2192 718 2263 ὡμοιώθη
753 2193 841 2245 διὰ
869 2192 966 2261 τὴν
996 2192 1270 2261 ἁμαρτίαν
1302 2194 1413 2253 τοῖς
1446 2194 1733 2260 κτήνεσιν
1769 2192 1816 2241 εἰ
1847 2189 1921 2258 μὴ
1948 2190 2034 2247 διὰ

464 2285 563 2352 τὴν
611 2284 896 2354 παρακοήν
944 2284 1004 2335 τὸ
1058 2283 1155 2353 τῆς
1205 2278 1401 2351 ἀλόγου
1452 2280 1801 2350 κατασκεῦης
1838 2281 2033 2349 ἰδίωμα

466 2378 601 2445 πρὸς
631 2377 817 2429 ἑαυτὸν
842 2378 1192 2429 ἐπεσπάσατο
1214 2390 1229 2404 ⁸
1256 2376 1303 2427 εἰ
1331 2374 1406 2443 μὴ
1433 2373 1531 2442 τὴν
1556 2373 1859 2442 ἀγγελικὴν
1889 2374 2031 2425 ἐκεί-

462 2484 559 2535 νην
616 2467 807 2537 στολὴν
849 2467 1049 2519 ἑαυτὸν
1098 2462 1237 2520 εἶδεν
1291 2464 1683 2528 ἀπεκδυθέντα,
1736 2462 2032 2515 κάντεῦθεν

464 2559 622 2613 ἄλλον
665 2559 726 2623 ἐξ
754 2560 916 2613 ἄλλου
965 2559 1308 2628 παραχρῆμα
1366 2556 1649 2624 γεγονότα,
1684 2556 1784 2608 οὐκ
1831 2556 1895 2608 ἂν
1940 2555 2035 2608 ἐπὶ

465 2650 717 2705 τοσοῦτον
750 2650 1025 2722 ᾐσχύνθη’
1081 2650 1179 2703 οὐκ
1227 2651 1293 2703 ἂν
1345 2649 1551 2721 ἔρραψε
1596 2648 1769 2717 φύλλα
1817 2650 1989 2717 συκῆς
2017 2663 2031 2677 ·

466 2745 567 2796 οὐκ
594 2742 658 2796 ἂν
694 2747 799 2796 ἀπὸ
836 2744 972 2798 Θεοῦ
1016 2742 1315 2815 τηνικαῦτα
1367 2743 1574 2811 ἐκρύϐη
1600 2757 1614 2771 ·
1655 2743 1747 2793 καὶ
1780 2741 1897 2803 πῶς
1925 2742 2033 2810 γὰρ

466 2837 530 2888 ού
568 2837 839 2907 κρυϐῆναι
871 2838 1096 2907 ἔμελλεν
1127 2836 1274 2889 ἴσασι
1302 2834 1502 2896 πάντες
1546 2835 1593 2886 οἱ
1635 2833 1693 2899 ἐξ
1730 2834 1940 2885 ἐκείνου
1976 2832 2035 2884 τὸ

467 2929 622 2997 γένος
651 2930 984 2997 κατάγοντες
1011 2929 1110 2998 τῆς
1142 2929 1405 2995 αἰσχύνης
1434 2928 1649 2994 ἐκείνης
1679 2922 1804 2977 ὅσον
1847 2925 1908 2976 τὸ
1943 2923 2037 2992 μέ-

2129 474 2503 534 transgressus
2536 464 2745 527 fuerat,
2782 475 2835 519 et
2885 465 3216 532 corruptioni
3282 466 3580 533 subjectus.
3642 477 3698 518 ut

2129 555 2497 608 Damascenus
2524 553 2763 607 Joannes
2796 553 2890 617 ait,
2932 554 3157 607 omnino
3182 554 3318 607 nihil
3344 554 3509 616 aliud,
3537 566 3696 623 quam

2129 649 2257 717 quia
2294 648 2517 702 habitus
2546 648 2634 701 hic
2670 647 2997 717 prmtcribit,
3022 648 3146 715 quia
3182 664 3277 715 per
3300 658 3585 717 peccatum
3640 650 3691 700 in

2131 754 2231 794 nos
2260 739 2505 809 irrepsit,
2541 747 2597 792 et
2626 739 2763 792 tales
2796 754 2985 793 omnes
3011 748 3317 809 resurgent.
3352 740 3529 807 qualis
3581 750 3699 793 erat

2130 829 2340 898 primus
2378 830 2560 889 homo,
2596 828 2685 881 ille
2715 828 2965 881 videlicet
3001 829 3090 893 qui
3127 830 3191 881 ad
3261 829 3549 897 imaginem
3602 830 3696 882 Dei

2130 919 2308 974 factus
2337 918 2454 972 fuit.
2486 919 2703 972 Etenim
2732 917 2840 970 nisi
2882 918 2931 970 id
2966 917 3176 979 fuisset,
3217 918 3359 971 haud
3388 927 3536 971 certe
3564 918 3699 989 Nys-
3763 968 3771 975 .

2132 1027 2299 1066 senus
2353 1026 2664 1081 regressum
2719 1025 2840 1063 esse
2887 1010 3118 1064 dixisset
3190 1011 3254 1063 ad
3306 1011 3584 1080 antiquam
3646 1022 3699 1065 et

2133 1100 2370 1168 priorem
2405 1099 2594 1161 vitam,
2628 1098 2773 1151 illam
2807 1099 3255 1153 constitutionem
3288 1118 3450 1169 quam
3509 1120 3697 1173 spera-

2135 1207 2276 1246 mus.

2202 1284 2495 1341 Ostensum
2559 1294 2644 1340 est
2694 1285 2859 1352 igitur
2930 1299 2998 1338 cx
3058 1284 3242 1338 multis
3294 1284 3462 1336 Deum
3508 1285 3697 1350 aequali

2134 1377 2344 1430 honore
2393 1391 2514 1429 cum
2565 1378 2772 1445 angelis
2832 1375 3067 1444 primum
3131 1376 3405 1429 hominem
3460 1375 3698 1437 ﬁnXlSSt‘,

2135 1466 2227 1532 qui
2263 1465 2666 1519 volebatetiam
2694 1480 2817 1519 eum
2858 1466 3052 1519 eodem
3089 1466 3253 1518 modo
3282 1481 3341 1518 ac
3377 1465 3501 1517 illos
3562 1466 3702 1517 mul-

2134 1553 2388 1627 tiplicari.
2434 1556 2663 1625 Propter
2725 1556 3239 1623 transgressionem,
3293 1570 3453 1623 quam
3505 1567 3700 1623 sponte.

2136 1654 2323 1718 subiit,
2374 1664 2435 1708 ut
2482 1653 2735 1723 superius
2768 1653 2971 1708 dictum
3040 1661 3143 1717 est,
3187 1650 3310 1706 talis
3372 1650 3702 1704 imluctat-st

2132 1746 2542 1809 condemnatio,
2563 1756 2838 1799 mutarum
2864 1744 3067 1797 scilicet
3085 1744 3352 1813 pecudum
3372 1744 3695 1797 similitudo.

2130 1836 2246 1891 Nisi
2284 1838 2428 1891 enim
2467 1836 2519 1890 id
2546 1836 2761 1899 fuissot,
2789 1836 2928 1889 haud
2954 1838 3139 1904 utique
3167 1834 3332 1888 David
3357 1836 3699 1891 lamentans;

2141 1949 2158 1981 ι
2201 1929 2297 1983 llei
2327 1929 2481 1993 mihi,
2520 1929 2772 1989 dixisset,
2814 1927 2978 1980 homo
3004 1927 3231 2002 cum/in
3294 1926 3500 1980 honore
3557 1937 3701 1980 esset

2136 2034 2245 2073 non
2286 2018 2582 2083 intellexit,
2621 2026 2967 2086 comparatus
2994 2026 3075 2070 est
3102 2016 3365 2085 jumcntis
3390 2016 3700 2085 insipienti-

2135 2108 2257 2175 bus,
2293 2119 2348 2163 et
2374 2110 2570 2164 similis
2608 2108 2784 2163 factus
2814 2117 2898 2162 est
2930 2108 3055 2160 illis.
3101 2126 3118 2158 ι
3154 2108 3222 2160 Ει
3254 2107 3483 2176 respice,
3518 2112 3699 2168 sodes,

2134 2200 2201 2255 ad
2234 2202 2412 2270 ipsum
2444 2202 2684 2269 primum
2718 2201 3018 2253 hominem.
3054 2196 3162 2251 Nisi
3192 2199 3335 2250 enim
3364 2199 3704 2253 assiinilatus

2136 2291 2331 2345 fuisset
2363 2306 2462 2359 per
2486 2297 2768 2358 peccatum
2802 2288 3099 2359 iumentis;
3131 2287 3233 2340 nisi
3263 2302 3357 2355 per
3388 2286 3703 2341 inobcdicn-

2135 2383 2265 2438 tiam
2308 2382 2639 2436 irrationalis
2671 2379 3079 2435 constitutionis
3104 2379 3497 2448 proprietatem
3524 2378 3592 2432 ad
3645 2396 3703 2433 se

2141 2475 2321 2544 ipsum
2353 2476 2701 2539 attraxissct;
2728 2473 2831 2527 nisi
2859 2472 3105 2542 angelico
3143 2472 3235 2525 illo
3266 2472 3590 2525 indumento
3646 2488 3704 2525 se

2143 2576 2373 2623 exutum
2409 2567 2653 2629 vidisset,
2687 2574 2743 2618 et
2770 2564 2936 2617 alium
2986 2578 3053 2617 ex
3082 2563 3190 2616 alio
3233 2562 3417 2616 statim
3479 2565 3703 2623 factum,

2141 2660 2286 2714 haud
2312 2661 2500 2729 utique
2537 2668 2747 2712 tantum
2786 2656 3131 2721 erubuisset;
3164 2655 3315 2708 haud
3348 2655 3538 2723 utique
3572 2654 3704 2707 folia

2139 2753 2278 2806 ﬁcus
2334 2750 2676 2814 censuisset;
2712 2748 2855 2801 haud
2888 2747 3074 2815 utique
3130 2762 3159 2800 a
3213 2746 3323 2800 Deo
3363 2748 3431 2799 ita
3466 2762 3524 2801 se
3582 2747 3705 2799 alis-

2139 2844 2436 2897 condisset.
2470 2843 2534 2896 Et
2562 2843 2835 2911 quomodo
2865 2840 3009 2894 enim
3044 2856 3101 2893 se
3133 2855 3241 2893 non
3263 2840 3545 2894 celaturus
3569 2839 3705 2893 fuis-

2139 2934 2259 2989 set?
2290 2932 2483 2987 Sciunt
2519 2948 2730 2996 omnes,
2779 2934 2870 3002 qui
2938 2948 3004 2988 ex
3036 2933 3127 2986 illo
3182 2947 3353 3001 genus
3406 2933 3703 2993 deducunt,

466 3021 649 3087 γεθος.
687 3020 894 3074 Οὐκοῦν
925 3021 988 3072 ἐκ
1022 3020 1401 3088 κατακρίσεως
1429 3018 1461 3086 ἡ
1487 3016 1678 3084 ἄλογος
1706 3014 1845 3083 αὕτη
1873 3032 2037 3067 κατα-

2142 3036 2342 3095 quanta
2374 3025 2717 3079 verecundia:
2758 3024 2902 3078 illius
2934 3024 3100 3079 fuerit
3132 3024 3470 3093 magnitudo.
3521 3025 3706 3092 Itaque.

468 3115 636 3182 σκευή
660 3128 673 3142 ’
711 3114 804 3164 καὶ
843 3110 931 3163 διά
962 3109 1122 3164 τοῦτο
1162 3110 1230 3163 τά
1265 3110 1363 3178 τῆς
1395 3106 1658 3177 αἰσχύνης
1692 3109 1749 3160 ἐν
1778 3107 1913 3175 αὐτῇ
1944 3106 2037 3159 καὶ

469 3203 610 3274 μόνῃ
645 3201 1103 3271 συμπεριίστατο.
1139 3199 1301 3252 Ἀλλά
1346 3198 1520 3252 ταῦτα
1569 3199 1668 3266 μὲν
1722 3198 1755 3266 ἡ
1793 3197 2037 3264 ἁμαρτία

466 3293 827 3362 προύξένησε.
870 3292 1024 3345 Ἐπεὶ
1057 3292 1115 3344 δὲ
1178 3290 1286 3361 πρὸ
1338 3289 1440 3359 τῆς
1497 3288 1845 3353 ἐκπτώσεως,
1896 3288 1970 3351 ὡς
2011 3289 2039 3339 6

465 3384 624 3451 λόγος
671 3386 771 3455 ἤδη
818 3385 1032 3453 φθάσας
1090 3383 1397 3453 ἐδήλωσεν,
1448 3380 1752 3450 ἀγγελικῆς
1800 3382 2037 3451 μεγαλο-

474 3478 639 3544 φυῖας
672 3477 963 3548 περίπλεος
996 3475 1111 3546 (85)
1158 3478 1185 3527 6
1220 3475 1437 3544 πρῶτος
1481 3476 1691 3536 ἐκεῖνος
1732 3472 2037 3543 ἄνθρωπος,

470 3571 498 3619 ὁ
536 3567 659 3622 κατ’
706 3568 893 3622 εἰκόνα
943 3566 1147 3637 δηλαδὴ
1195 3565 1564 3635 γεγενημένος
1612 3563 1768 3628 Θεοῦ,
1820 3562 2041 3632 εὔδηλον

480 3663 704 3725 πάντως
736 3662 818 3713 ὅτι
845 3660 937 3713 καὶ
965 3659 1106 3712 κατά
1148 3674 1211 3727 γε
1238 3657 1336 3726 τὴν
1369 3657 1463 3709 τοῦ
1488 3657 1688 3718 παντὸς
1725 3656 2040 3710 συντέλειαν

472 3755 837 3823 γενησόμενος
863 3750 1103 3813 τοιοῦτος
1124 3752 1186 3801 ἐκ
1201 3748 1409 3819 νεκρῶν
1431 3746 1811 3816 ἐγερθήσεται.
1844 3744 1903 3800 Ἢ
1935 3745 2041 3811 γὰρ

470 3848 567 3915 τῆς
594 3845 943 3905 ἀναστάσεως
975 3841 1131 3911 χάρις
1151 3839 1305 3915 ούδὲν
1336 3840 1464 3910 ἡμῖν
1490 3836 1895 3905 ἐπαγγέλλεται
1927 3836 2043 3897 ἓτε-

384 3934 385 3937 “
476 3953 567 4003 ρον
597 3936 629 4004 ἢ
660 3936 760 4004 τὴν
785 3935 865 3995 εἰς
911 3931 972 3985 τὸ
1013 3932 1239 4001 ἀρχαῖον
1284 3928 1393 3983 τῶν
1428 3926 1796 3981 πεπτωκότων
1826 3928 2041 3980 ἀποκα-

472 4045 757 4081 ταστασιν.

544 4209 685 4278 Πρὸς
710 4206 766 4259 δέ
792 4224 853 4276 γε
886 4207 996 4266 τοῖς
1026 4205 1346 4275 εἰρημένοις
1375 4206 1471 4258 καὶ
1498 4203 1588 4257 τὸν
1620 4201 1894 4255 θειότατον
1926 4200 2044 4270 ἔχο-

478 4319 576 4369 μεν
638 4284 991 4352 Ἀναστάσιον
1047 4297 1174 4365 περὶ
1228 4294 1432 4347 τούτων
1494 4292 1636 4347 οὕτω
1688 4292 1830 4346 κατὰ
1892 4293 2043 4363 ῥῆμα

472 4392 733 4457 διεξιόντα
758 4408 770 4421 ·
805 4409 823 4442 ι
871 4390 1092 4457 Ἐπειδὴ
1123 4388 1303 4441 τοίνυν
1334 4388 1394 4440 ἐν
1423 4393 1501 4455 τῷ
1534 4384 1654 4439 κατ’
1687 4386 1873 4438 εἰκόνα
1905 4384 2041 4435 Θεοῦ

475 4486 837 4555 γεγενημένῳ
893 4483 994 4535 οὐκ
1030 4479 1097 4552 ἦν
1139 4483 1173 4550 ἡ
1228 4481 1493 4550 διαίρεσις
1547 4476 1708 4557 αῦτη,
1768 4478 1936 4548 ἤγουν
1984 4475 2044 4527 τὸ

475 4581 645 4650 ἄρσεν
677 4576 856 4629 καὶτὸ
887 4577 1046 4643 θῆλυ,
1083 4574 1201 4625 οὐδὲ
1240 4574 1348 4643 γὰρ
1389 4574 1443 4625 ἐν
1480 4573 1546 4641 τῇ
1589 4570 1707 4640 θείᾳ
1740 4568 2045 4640 καὶμακαο

482 4672 571 4741 ρίᾳ
600 4670 769 4722 εἰκόνι
800 4665 1042 4719 τοιοῦτόν
1075 4683 1127 4717 τι
1172 4666 1516 4733 ἐπινενόηται
1546 4678 1561 4693 ⁸
1599 4662 1722 4714 οὐδὲ
1776 4662 1914 4730 μετά
1946 4660 2046 4731 τὴν

477 4764 779 4818 ἀνάστασιν
816 4757 1005 4810 λοιπὸν
1046 4755 1284 4807 τοιοῦτόν
1332 4771 1384 4806 τι
1435 4752 1544 4824 χρὴ
1600 4753 1915 4823 ἐπιζητεῖν,
1967 4752 2046 4803 ὅτι

481 4852 962 4926 μετασχηματίσει
1007 4848 1129 4899 τότε
1185 4846 1245 4897 τὸ
1297 4846 1456 4913 σῶμα
1508 4845 1609 4913 τῆς
1665 4842 2048 4906 ταπεινώσεως

479 4951 637 5020 ἡμῶν
663 4950 690 5000 6
715 4947 923 5014 Σωτήρ.
946 4942 1005 4994 Εἰ
1031 4939 1139 5009 γὰρ
1159 4941 1186 4989 6
1209 4937 1303 5006 τῆς
1328 4938 1547 5005 Νύσσης
1575 4938 1729 5003 φησι,
1760 4936 1833 4987 Τὸ
1863 4934 2051 5004 σχῆμα

476 5044 580 5109 τῆς
632 5039 829 5104 ἀλόγου
886 5034 1100 5101 φύσεως
1167 5028 1380 5080 ἐνέδυσε
1445 5027 1581 5096 μετά
1625 5026 1724 5096 τὴν
1774 5025 2049 5094 ἁμαρτίαν

477 5134 628 5202 ἡμᾶς
660 5133 688 5183 6
717 5128 876 5189 Θεὸς,
907 5124 1000 5192 ἀφ’
1039 5116 1100 5177 οὗ
1136 5123 1284 5190 μίξις
1324 5121 1418 5171 καὶ
1454 5118 1740 5188 σύλληψις,
1772 5119 1927 5178 τόκος
1956 5116 2050 5167 καὶ

482 5227 679 5299 ῥύπος,
707 5222 840 5288 θῆλυ
890 5219 988 5271 καὶ
1028 5218 1224 5287 τροφὴ,
1263 5216 1357 5268 καὶ
1412 5215 1445 5283 ἡ
1496 5211 1615 5265 κατ’
1661 5210 1839 5277 ὀλίγον
1872 5211 1963 5262 ἐπὶ
1992 5213 2053 5263 τὸ

440 5306 450 5319 ’
481 5318 695 5371 τέλειον
728 5311 979 5376 αῦξησις,
1020 5309 1174 5378 ἁκμή
1214 5324 1274 5359 τε
1306 5308 1402 5358 καὶ
1424 5305 1621 5375 γῆρας,
1654 5300 1805 5364 νόσος
1834 5300 1926 5352 καὶ
1956 5301 2053 5353 θά-

481 5426 643 5471 νατος
670 5423 686 5439 ·
718 5405 943 5475 εὔδηλον
985 5402 1199 5461 πάντως
1251 5400 1330 5451 ὅτι
1380 5393 1844 5467 μετασχηματίσει
1890 5392 2054 5445 πάλιν

478 5503 633 5573 ἡμᾶς
664 5499 754 5553 τὸν
806 5494 1023 5564 εἰδεχθῆ
1063 5492 1158 5544 καί¹
1212 5490 1406 5556 ἄλογον
1460 5488 1769 5550 ἁπεκδύσας
1822 5484 2052 5557 χιτῶνα,

557 5657 669 5730 (83)
704 5654 863 5709 Forte
894 5648 1291 5722 παραπλήσιος.

2013 4353 2162 4408 πυε

2140 3134 2206 3173 ex
2236 3118 2689 3181 condemnatione
2729 3117 3060 3171 irrationalis
3116 3118 3229 3171 hmo
3262 3116 3617 3182 constitutio;
3652 3128 3707 3171 ct

2141 3225 2236 3279 per
2276 3211 2379 3263 hoc
2409 3209 2461 3262 in
2498 3210 2612 3277 ipsa
2642 3209 2808 3263 etiam
2840 3209 2955 3264 sola
2979 3209 3204 3278 puderis
3236 3223 3435 3263 census
3469 3209 3707 3264 circum-

2140 3301 2310 3355 stetit.
2347 3299 2451 3354 Scd
2488 3301 2602 3354 hate
2629 3300 2850 3369 quidem
2877 3311 3163 3370 peccatum
3198 3301 3530 3356 conciliavit.
3564 3300 3710 3366 Quo-

2143 3392 2287 3444 niam
2327 3407 2452 3445 vero
2484 3402 2613 3445 ante
2671 3392 2906 3461 lapsum,
2961 3407 3143 3446 sermo
3188 3393 3300 3460 jam
3364 3402 3709 3448 antevertens

2108 3479 2437 3549 ,dcclaravit
2470 3478 2728 3550 angelicae
2761 3481 3171 3550 magnificentia:
3232 3483 3541 3557 proximum
3596 3484 3709 3550 pri-

2143 3583 2291 3621 mum
2324 3569 2472 3622 illum
2509 3571 2785 3623 hominem
2822 3570 3012 3636 fuisse,
3044 3573 3135 3640 qui
3182 3571 3249 3624 ad
3308 3572 3594 3647 imaginem
3631 3573 3711 3624 νί-

2143 3658 2341 3714 delieet
2379 3658 2469 3713 Dei
2500 3660 2673 3715 factus
2695 3670 2830 3727 erat,
2860 3663 3199 3737 exploratum
3232 3664 3458 3719 omnino
3488 3679 3711 3734 perSpe~

2144 3761 2399 3822 clumque
2424 3763 2515 3807 est
2548 3753 2711 3807 etiam
2738 3754 2792 3808 in
2821 3755 3190 3809 universitatis
3240 3756 3710 3811 consummatione

2145 3844 2307 3898 talem
2338 3844 2585 3898 futurum
2620 3858 2651 3897 a
2689 3845 2925 3898 mortuis
2959 3846 3277 3899 etcitatum.
3328 3848 3709 3902 Resurrectio-

2144 3932 2230 3985 nis
2254 3932 2399 3985 enim
2426 3931 2594 4002 gratia
2626 3931 2765 3984 nihil
2786 3932 2947 3986 nobis
2980 3932 3129 3986 aliud
3152 3996 3155 3999 γ
3178 3934 3492 4002 pollicetur,
3548 3920 3709 4003 quam

2145 4036 2333 4078 eorum
2364 4023 2457 4091 qui
2484 4021 2799 4077 ceciderunt
2852 4021 2908 4075 in
2933 4022 3227 4090 pristinum
3288 4032 3487 4077 statum
3530 4039 3712 4077 resur-

2146 4112 2467 4167 rectionem.

2216 4204 2420 4257 Praater
2463 4212 2643 4258 autem
2674 4202 2820 4260 dicta
2854 4204 3013 4258 etiam
3045 4202 3446 4261 divinissimum
3477 4208 3712 4260 Anasta-

2148 4294 2286 4349 sium
2322 4294 2587 4349 habemus
2621 4295 2705 4348 his
2746 4295 2923 4348 verbis
2952 4293 3310 4349 disserentem
3341 4311 3355 4348 :
3388 4313 3407 4345 ‹
3442 4295 3712 4361 Quoniam

2149 4386 2311 4457 igitur
2350 4388 2401 4441 in
2432 4401 2517 4450 eo,
2575 4386 2668 4455 qui
2719 4387 2785 4441 ad
2821 4386 3109 4456 imaginem
3164 4386 3254 4440 Dei
3310 4385 3483 4440 factus
3510 4386 3712 4444 fuerat.

2145 4494 2254 4534 non
2284 4489 2401 4532 erat
2433 4477 2728 4532 discrimen
2761 4479 2884 4541 hoc,
2929 4478 3207 4531 masculus
3249 4476 3506 4531 videlicet
3546 4486 3600 4532 et
3634 4478 3716 4532 [οι

2144 4570 2319 4624 mina:
2340 4584 2513 4638 neque
2540 4569 2685 4622 enim
2708 4569 2764 4622 in
2790 4568 2970 4622 divina
3001 4577 3055 4622 et
3076 4568 3231 4622 beata
3267 4569 3499 4638 imagine
3528 4568 3717 4638 hujus-

2146 4661 2292 4716 modi
2340 4660 2544 4727 aliquid
2586 4659 2941 4729 concipitur:
2976 4675 3152 4728 neque
3196 4670 3316 4729 post
3357 4661 3714 4715 rcsurrectio-
3764 4700 3767 4707 ς

2147 4768 2275 4806 nem
2307 4753 2412 4805 tale
2444 4750 2643 4820 aliquid
2672 4750 2939 4819 reliquum
2974 4750 3256 4818 requirere
3296 4761 3545 4817 oportet;
3580 4767 3715 4820 quo-

2149 4844 2293 4897 niam
2326 4841 2732 4897 transformabit
2767 4850 2895 4896 tunc
2928 4856 3128 4908 corpus
3164 4840 3489 4895 humilitatis
3515 4854 3717 4897 nostrae

2150 4935 2423 4992 Serv-ator.
2445 4935 2498 4989 Si
2522 4934 2664 4987 cnim
2691 4933 2969 5004 Nyssenus
2992 4935 3087 4995 ait,
3108 4932 3362 4988 Habitum
3386 4934 3719 4989 irrationalis

2153 5040 2358 5082 natura:
2415 5028 2603 5082 induit.
2644 5036 2761 5095 post
2811 5036 3088 5095 peceatum
3154 5041 3255 5081 nos
3314 5029 3477 5091 Deus,
3507 5043 3570 5081 ex
3613 5045 3719 5096 quo

2151 5120 2331 5172 coitus
2357 5126 2411 5171 et
2456 5116 2775 5184 conceptio;
2812 5118 3010 5185 partio.
3061 5126 3112 5170 et
3160 5119 3387 5182 sordes;
3423 5118 3623 5177 femina
3664 5133 3718 5169 et

2153 5208 2568 5269 nutrimentum,
2601 5220 2657 5261 et
2700 5207 2918 5259 tacitum
2942 5206 3007 5259 ad
3040 5208 3421 5276 perfectionem
3458 5221 3717 5274 augmen-

2153 5308 2302 5364 tum;
2330 5297 2529 5351 ﬂorens
2564 5310 2716 5361 actas,
2746 5307 2800 5350 ct
2830 5307 3115 5362 senectus;
3171 5300 3390 5351 morbus
3423 5308 3473 5349 ct
3528 5313 3674 5351 mors
3700 5316 3713 5349 :

2154 5386 2501 5441 manifestum
2529 5386 2751 5441 omnino
2780 5396 2863 5441 est
2895 5402 2997 5440 nos
3037 5402 3155 5440 esse
3197 5388 3390 5439 iterum
3448 5384 3719 5438 transfor-

2158 5487 2454 5547 maturum,
2475 5493 2596 5535 cum
2617 5477 3059 5549 supcrinductam
3084 5485 3138 5531 et
3168 5476 3536 5530 irrationalem
3573 5478 3718 5531 tuni-
