4088 6186
306 258 415 326 ἷθθ

1675 252 2048 317 EPISTOLA
2084 253 2189 316 VI.

3439 257 3542 323 770

312 371 406 424 καὶ
436 370 642 438 γήμῃς,
679 366 778 438 οὺχ
806 369 1056 439 ήμαρτες
1081 384 1095 401 ο
1139 368 1253 422 ἀλλ’
1283 369 1338 420 ὲν
1390 366 1685 438 ἁμαρτίαις
1727 368 1881 436 ὅμως

1991 364 2115 419 catis
2143 362 2397 420 similiter
2432 363 2595 419 habet
2628 375 2816 420 nostra
2858 366 3137 437 generatio
3165 346 3543 440 progressum,

310 458 343 526 ή
389 456 604 523 γένεσις
633 457 790 524 ἡμῶν
829 456 943 526 ἔχει
971 456 1069 524 τὴν
1108 457 1389 525 πρόσοδον,
1428 456 1521 511 ἆτε
1549 456 1613 526 δή
1642 474 1880 526 προκατ-

310 547 570 616 άρχοντος
622 546 833 609 πάθους
886 547 1057 615 αὐτῆς
1081 564 1093 577 ·
1127 541 1189 601 οῦ
1225 547 1385 616 χάριν
1418 548 1639 618 ἐμπαθῆ
1672 549 1880 619 ταύτην

315 633 455 687 εἶναι
500 638 595 689 καὶ
648 636 840 704 δούλην
891 638 918 689 ό
964 637 1226 704 Θεολόγος
1279 638 1485 706 ἔλεγεν.
1549 638 1883 693 Ἐπιδεδαιοῖ

305 725 488 778 ’ταῦτα
527 728 622 779 καὶ
656 725 821 780 Δαῦἳδ
868 729 896 780 6
943 728 1087 791 θεῖος
1117 728 1260 781 οὕτω
1313 727 1487 794 λέγων
1510 744 1524 762 ·
1564 746 1583 780 ι
1638 730 1725 781 Ἐν
1756 730 1879 783 ἀνο-

316 819 469 887 μίαις
508 818 873 889 συνελήφθην,
895 822 991 873 καὶ
1032 822 1090 872 ἐν
1126 822 1425 891 ἁμαρτίαις
1454 823 1711 893 ἐκίσσησέ
1746 840 1812 893 με
1841 825 1873 893 ἦ
1920 830 1925 835 ’

312 909 501 978 μήτηρ
529 924 652 976 μου.
686 928 705 960 ι
742 910 851 962 Καὶ
874 910 985 978 γὰρ
1029 912 1077 963 εί
1112 911 1186 981 μὴ
1245 912 1402 965 τοῦτο
1430 907 1520 982 ἦν,
1566 915 1614 964 εί
1668 913 1742 982 μὴ
1778 913 1879 982 τὴν

312 1000 507 1071 ζωὼδη
532 1000 737 1070 ταύτην
759 1001 996 1081 εῦρηκεν
1017 1002 1209 1068 ἄλογον
1231 1004 1486 1072 γέννησιν
1509 1006 1589 1065 εἰς
1610 1005 1678 1075 ἢν
1705 1007 1732 1059 ὁ
1757 1006 1879 1059 κατ’

312 1090 503 1143 είκόνα
532 1092 897 1161 γεγενημένος
922 1092 1058 1145 Θεοῦ
1106 1094 1411 1164 κατηνέχθη
1451 1095 1539 1147 διά
1564 1095 1662 1165 τὴν
1700 1096 1878 1168 παρά-

304 1181 498 1246 ὔασιν,
535 1184 634 1236 οὐκ
662 1184 728 1237 ἂν
761 1185 856 1237 ἐπὶ
886 1186 1142 1239 τοσοῦτον
1179 1187 1420 1257 ὠδύρετο
1456 1188 1658 1253 λέγων·
1703 1209 1720 1241 ι
1751 1190 1879 1243 Ἀν-

315 1274 547 1355 θρωπος
568 1276 627 1328 ὲν
659 1278 793 1348 τιμῇ
821 1276 896 1330 ὢν
922 1278 983 1329 οὔ
1022 1278 1242 1347 συνῆκε.
1276 1280 1737 1352 Παρασυνεϐλήθη
1765 1284 1877 1345 τοῖς

316 1368 568 1439 ἀνοήτοις
599 1371 837 1439 κτήνεσι,
866 1370 960 1423 καὶ
984 1370 1244 1440 ὡμοιώθη
1275 1372 1509 1435 αὐτοῖς.»
1538 1372 1676 1425 Είδὲ
1703 1375 1875 1427 ταῦτα

313 1459 485 1522 οὕτως
517 1460 653 1529 ἔχει.
691 1462 742 1513 τί
774 1462 881 1532 χρὴ
912 1463 1004 1515 καὶ
1053 1464 1234 1530 λέγειν
1261 1464 1288 1532 ἣ
1318 1465 1399 1516 ὅτι
1429 1464 1534 1533 πρὸ
1578 1465 1669 1518 τοῦ
1703 1484 1877 1535 παραυ

313 1549 512 1619 χθῆναι
541 1552 601 1604 τὸ
630 1552 783 1623 θῆλυ,
820 1554 924 1621 πρὸ
956 1552 1048 1606 τοῦ
1099 1554 1524 1623 συγχωρηθῆναι
1552 1556 1642 1609 τὸν
1672 1557 1873 1626 γάμον,

306 1641 445 1712 ἄλλη
481 1659 564 1705 τις
606 1645 638 1713 ἡ
688 1644 952 1713 διαγωγὴ,
1004 1646 1094 1697 καὶ
1128 1644 1291 1715 ἑτέρα
1334 1644 1597 1709 ὡσαύτως
1642 1649 1727 1700 τοῦ
1765 1650 1868 1701 σώ-

316 1749 488 1802 ματος
520 1737 833 1806 κατασκευὴ
878 1739 941 1806 τῇ
978 1737 1312 1791 καταστάσει
1344 1739 1559 1799 πάντως
1589 1742 1771 1811 ἐκείνῃ
1804 1743 1868 1811 τῇ

1980 457 2382 525 perturbatione
2415 457 2667 512 videlicet
2727 472 2847 513 eam
2903 468 3310 524 antevertente;
3360 477 3549 530 quam~

1981 549 2172 602 obrem
2220 556 2473 618 mgrotam
2508 562 2628 619 eam
2656 556 2712 601 et
2737 562 2949 602 servam
2974 564 3095 604 esse
3127 549 3218 603 ille
3238 548 3548 622 Thcologus

1980 640 2136 695 dixit.
2171 639 2469 694 Conﬁrmat
2497 640 2613 694 haec
2659 639 2885 695 divinus
2931 641 3095 695 etiam
3145 642 3313 696 David
3350 642 3420 696 ita
3459 644 3547 698 di-

1981 746 2114 786 cens
2145 749 2157 785 :
2205 749 2224 783 (
2257 732 2315 785 in
2350 732 2734 802 iniquitatibus
2762 741 3059 801 conceptus
3087 747 3228 798 sum,
3251 742 3305 788 et
3334 734 3389 787 in
3423 750 3549 803 pec-

1978 822 2117 876 catis
2139 822 2392 891 concepit
2420 838 2505 876 me
2541 831 2714 877 mater
2746 837 2888 876 mea.
2916 842 2934 874 »
2977 823 3032 877 Si
3073 823 3221 878 enim
3274 825 3419 879 haud
3474 826 3547 879 ita

1982 929 2071 966 res
2101 929 2159 968 se
2202 914 2458 977 habebat,
2488 914 2533 966 si
2559 928 2666 967 non
2702 915 2991 968 animalem
3030 914 3171 969 hanc
3199 916 3358 980 vidit,
3388 924 3444 970 et
3472 917 3548 969 ir-

1980 1005 2347 1060 ritationalem
2389 1006 2794 1075 generationem
2830 1005 2897 1059 ad
2945 1022 3105 1074 quam
3163 1009 3273 1072 ille,
3328 1010 3421 1079 qui
3478 1011 3545 1063 ad

1978 1098 2075 1152 Dei
2114 1099 2403 1169 imaginem
2434 1099 2607 1152 lactus
2637 1098 2836 1162 fuerat,
2875 1113 2989 1168 per
3037 1101 3545 1167 praevaricationem
3582 1168 3587 1173 δ

1980 1189 2248 1244 deductus
2272 1198 2373 1252 est,
2397 1204 2505 1242 non
2525 1190 2713 1257 utique
2735 1189 2870 1243 adeo
2899 1190 3291 1246 lamentaretur
3316 1194 3504 1248 dicens
3529 1210 3545 1246 :

1984 1298 2003 1331 ι
2048 1278 2223 1334 Homo
2251 1294 2373 1333 cum
2410 1278 2466 1332 in
2504 1282 2710 1334 honore
2744 1287 2891 1334 esset
2915 1295 3022 1334 non
3054 1282 3351 1347 intellexit,
3401 1300 3552 1337 com-

1978 1381 2303 1457 paratusnest
2335 1371 2599 1445 jumentis
2636 1373 3117 1441 insipientibus,et
3143 1374 3340 1428 similis
3371 1376 3549 1429 factus

1978 1472 2064 1521 est
2093 1465 2221 1519 illis.
2253 1485 2272 1517 ι
2311 1464 2366 1518 Si
2396 1480 2523 1519 vero
2549 1466 2662 1519 haec
2696 1465 2769 1518 ita
2798 1481 2856 1520 se
2891 1466 3109 1531 habent,
3148 1468 3275 1535 quid
3302 1484 3438 1537 opus
3468 1480 3553 1524 est

1978 1556 2159 1612 dicere
2182 1563 2359 1610 utrum
2390 1550 2913 1625 antequam‘lemina
2942 1557 3357 1625 produceretur,
3395 1568 3548 1612 ante-

1978 1659 2138 1712 quam
2171 1644 2615 1713 permitterentur
2668 1644 2893 1713 nuptize,
2944 1645 3050 1699 alia
3090 1637 3357 1714 qumdam'
3388 1648 3553 1709 fuerit

1975 1734 2098 1788 vitae
2126 1734 2421 1797 institutio,
2450 1746 2506 1789 et
2536 1736 2703 1788 altera
2732 1750 2800 1789 eo
2820 1738 2924 1789 lem
2946 1736 3108 1789 modo
3130 1736 3377 1803 corporis
3410 1746 3553 1791 stru—

315 1827 586 1895 πρότερον
618 1827 924 1896 πρέπουσα,
951 1826 1074 1879 καθ’
1099 1828 1167 1897 ἥν
1194 1827 1455 1897 ὁμότιμος
1487 1831 1593 1890 τοῖς
1623 1830 1875 1895 ἀγγέλοις

1991 1835 2131 1881 :tura
2191 1828 2266 1881 illi
2324 1827 2699 1882 universitatis
2746 1828 3153 1891 conatitutioni,
3220 1844 3342 1896 quae
3398 1831 3552 1899 prius

312 1916 341 1967 6
373 1915 661 1991 ἅνθρωπος
700 1913 791 1985 ἦν.
829 1917 951 1970 Ὅτι
982 1917 1038 1969 δὲ
1082 1919 1253 1970 ταῦτα
1285 1917 1462 1980 οὕτως
1506 1916 1621 1988 εἶχε
1648 1920 1754 1991 πρὸ
1779 1922 1877 1989 τῆς

308 2007 666 2072 ἐκπτώσεως,
693 2009 833 2062 αύτά
881 2026 939 2061 σε
976 2010 1081 2079 πρὸ
1114 2009 1208 2063 τοῦ
1248 2010 1409 2077 λόγου
1460 2011 1757 2064 διδασκέτω
1811 2012 1879 2066 τὰ

319 2097 647 2165 πράγματα.
672 2098 768 2150 Διά
798 2100 849 2151 τί
878 2100 986 2168 γὰρ
1017 2102 1045 2151 6
1076 2100 1289 2163 Παῦλος
1317 2103 1436 2163 ταῖς
1463 2102 1751 2172 παρθένοις
1785 2104 1880 2156 καὶ

314 2190 437 2248 ταῖς
473 2190 669 2257 χήραις
702 2192 883 2258 μεῖναι
913 2190 1036 2243 κατ’
1074 2193 1283 2245 ἐκεῖνον
1332 2193 1672 2257 ἐπέτασσενς
1708 2194 1879 2264 Εἴπερ

308 2275 410 2333 οὖν
438 2280 535 2332 ἀπ’
562 2282 736 2352 ἀρχῆς
765 2284 935 2353 ἄρσεν
963 2285 1056 2337 καὶ
1086 2284 1220 2353 θῆλυ
1249 2284 1505 2356 εποίησεν
1530 2287 1555 2337 6
1580 2285 1733 2349 Θεὸς,
1768 2288 1882 2347 πῶς

313 2372 363 2423 οί
396 2372 658 2440 όμόζυγοι
690 2376 816 2435 τοὺς
847 2374 1060 2444 γάμους
1090 2376 1265 2428 ἐνίοτε
1297 2374 1516 2438 λύοντες
1540 2377 1757 2439 ἑκόντες
1790 2376 1881 2429 ἀπ’

317 2463 567 2531 ἀλλήλων
598 2464 937 2533 διίστανται;
972 2468 1069 2521 Διά
1106 2468 1157 2520 τί
1190 2470 1282 2521 καὶ
1330 2468 1514 2540 ἀσιτία
1550 2468 1883 2535 προσταλαι-

314 2555 563 2625 πωροῦσί
589 2574 756 2622 τινες,
788 2561 881 2611 καὶ
902 2562 968 2630 τῇ
994 2561 1156 2630 λοιπῇ
1188 2562 1458 2631 κακουχίᾳ
1480 2560 1572 2614 τοῦ
1603 2562 1882 2629 σώματος;

318 2646 415 2699 καὶ⁵
446 2648 618 2702 ταῦτα
646 2649 739 2702 τοῦ
796 2648 930 2703 Θεοῦ
968 2651 1141 2722 μυρία
1192 2654 1613 2722 παραγαγόντος
1656 2653 1888 2721 ἐδώδιμα

319 2741 459 2810 πρὸς
513 2742 789 2811 ἡμετέραν
824 2743 1145 2796 ἀπόλαυσιν.
1200 2743 1434 2815 Εὔδηλον
1481 2742 1577 2798 οὖν
1619 2746 1700 2798 ὅτι
1754 2745 1889 2815 πρὸς

310 2833 417 2903 τὴν
459 2834 695 2904 ἀρχαίαν
741 2834 956 2905 ὲκείνην
991 2834 1137 2905 ζωήν
1170 2836 1484 2906 ἀφορῶντες
1528 2836 1577 2889 oi
1611 2835 1890 2906 ἄνθρωποι

314 2928 416 2982 καὶ
446 2927 747 2995 παρθενίαν
780 2926 1035 2993 ἀσκοῦσι,
1087 2928 1182 2982 καὶ
1223 2929 1437 2998 γάμους
1476 2929 1650 2981 ἐνίοτε
1683 2928 1890 2992 λύουσι,

1978 1915 2102 1981 fuit,
2136 1914 2489 1980 conveniens,
2539 1917 2842 1987 secundum
2893 1934 3053 1985 quam
3086 1918 3291 1987 angelis
3344 1920 3551 1973 honore

1980 2011 2144 2064 homo
2173 2018 2294 2064 erat
2324 2010 2568 2079 aequalis.
2603 2009 2725 2065 Haec
2756 2019 2937 2065 autem
2962 2012 3036 2063 ita
3065 2026 3122 2065 se
3146 2012 3400 2067 habuisse
3424 2022 3551 2067 ante

1981 2102 2191 2172 lapsum
2222 2115 2310 2155 res
2365 2102 2499 2171 ipsa:
2529 2117 2629 2171 pro
2689 2117 2940 2155 sermone
3003 2113 3055 2156 te
3120 2103 3369 2157 doceant.
3444 2104 3552 2157 Cur

1982 2198 2129 2247 enim
2158 2192 2359 2246 Paulus
2391 2193 2697 2261 virginibus
2744 2203 2800 2246 et
2836 2193 3014 2247 viduis
3049 2193 3119 2247 ita
3158 2210 3378 2248 manere
3430 2211 3553 2263 per-

1983 2285 2156 2347 misit,
2210 2284 2255 2340 si
2287 2284 2355 2339 ab
2394 2284 2550 2338 initio
2610 2284 2754 2338 Deus
2811 2286 3111 2339 masculum
3180 2295 3237 2339 et
3294 2287 3551 2340 feminam

1987 2375 2115 2429 fecit
2149 2375 2172 2427 ?
2203 2375 2485 2440 Quomodo
2535 2376 2793 2445 conjuges
2852 2376 3070 2445 nuptias
3131 2377 3400 2430 interdum
3460 2392 3557 2431 vo-

1987 2466 2226 2520 luntarie
2286 2468 2560 2522 solventes
2616 2466 2683 2519 ab
2739 2466 2971 2536 invicem
3028 2469 3386 2536 separantur?
3445 2469 3556 2523 Cur

1991 2557 2170 2611 inedia
2202 2571 2260 2611 se
2293 2558 2513 2626 quidam
2543 2557 2808 2625 aﬂligunt,
2840 2568 2897 2612 et
2939 2568 3136 2613 caetero
3175 2560 3422 2630 corporis
3460 2576 3558 2614 nc—

1991 2650 2204 2721 glectu?
2236 2667 2359 2706 cum
2392 2659 2646 2706 sexcenta
2679 2652 2792 2707 haec
2818 2652 2997 2707 edulia
3030 2655 3191 2717 Deus,
3224 2664 3282 2708 ut
3312 2655 3377 2709 iis
3407 2654 3556 2709 frue—

1990 2758 2196 2807 remur,
2217 2743 2573 2812 produxerit?
2596 2744 2787 2812 Liquet
2818 2744 2983 2813 igitur
3003 2760 3127 2800 cum
3170 2746 3233 2800 ad
3275 2746 3554 2815 antiquam

1996 2832 2140 2887 illam
2201 2834 2364 2886 vitam
2426 2832 2675 2888 homines
2725 2834 3043 2902 respiciant,
3094 2843 3150 2889 et
3188 2834 3558 2905 virginitatem

1998 2940 2240 2988 servare,
2281 2934 2335 2978 et
2368 2924 2591 2992 nuptias
2625 2925 2900 2978 interdum
2932 2926 3163 2989 solvere,
3210 2934 3265 2979 et
3320 2925 3556 2979 inediam

319 3020 415 3072 καὶ
443 3019 664 3072 ἀσιτίαν
702 3020 1067 3083 ἀσπάζονται,
1104 3021 1200 3074 καὶ
1246 3022 1428 3074 πᾶσαν
1480 3019 1648 3089 ἀλλην
1679 3020 1887 3088 ὑπομέ-

1993 3016 2272 3086 amplecti,
2301 3023 2355 3070 et
2387 3030 2606 3069 onmem
2659 3014 2820 3069 aliam
2872 3015 3225 3071 aﬂlictionem
3264 3015 3558 3071 sustinere.

298 3129 475 3166 'VOUGI
510 3112 779 3167 κάκωσιν.
814 3112 958 3183 Θῆ).υ
1009 3115 1141 3182 γὰρ,
1189 3112 1264 3175 ὡς
1303 3111 1546 3183 εἴρηται,
1577 3113 1671 3165 καὶ
1710 3112 1891 3180 γάμου

321 3205 592 3274 συνάφεια
624 3205 725 3275 οὐκ
755 3200 822 3275 ἦν
852 3203 947 3257 ἀπ’
976 3204 1175 3274 ἀρχῆς,
1215 3202 1379 3274 ἡνίκα
1408 3202 1612 3274 δηλαδὴ
1639 3203 1733 3255 τὸν
1766 3202 1890 3255 κατ’

320 3294 507 3346 εἰκόνα
543 3290 895 3363 παρήγαγεν.
938 3292 1001 3345 El
1048 3294 1107 3347 δὲ
1148 3293 1223 3364 μὴ
1271 3293 1441 3346 ταῦτα
1472 3292 1678 3361 παρῆν,
1709 3292 1891 3363 οὐδὲή

324 3383 434 3434 τῶν
462 3385 761 3453 σχημάτων
789 3383 1005 3446 πάντως
1026 3382 1262 3453 διαφορά
1281 3399 1295 3414 ο
1321 3383 1439 3446 πῶς
1462 3383 1591 3450 γὰρ,
1614 3384 1729 3451 εῐγε
1754 3384 1892 3452 μετὰ

317 3474 418 3544 τὴν
445 3476 546 3542 τῆς
579 3475 788 3535 εἰκόνος
845 3475 1212 3545 κατασκευὴν,
1256 3476 1334 3539 ὡς
1387 3476 1417 3528 ὁ
1462 3476 1686 3546 Νύσσης
1736 3478 1890 3545 φησὶ,

303 3565 628 3618 τελευταῖον
663 3564 800 3634 αῦτη
834 3566 1185 3634 ἐπιτεχνᾶται
1215 3565 1293 3634 τῷ
1345 3565 1667 3635 πλάσματις
1717 3566 1894 3634 Πρόσ-

319 3674 413 3727 εχε
460 3654 577 3711 οὖν.
629 3657 764 3711 Οὐδὲ
813 3660 922 3727 γὰρ
971 3657 1067 3710 ἀπ’
1126 3658 1325 3728 ἀρχῆς,
1374 3658 1450 3719 ὡς
1503 3658 1740 3727 εἴρηται,
1794 3656 1893 3729 τὴν

323 3752 586 3817 τοιαύτην
619 3748 843 3817 ἐποίησε
869 3748 1140 3818 διαφορὰν
1172 3750 1202 3801 6
1231 3748 1367 3811 Θεός
1388 3762 1402 3777 ο
1433 3747 1547 3799 ἀλλ’
1577 3746 1739 3811 αὐτὸς
1767 3748 1894 3800 ἑαυ-

322 3841 401 3909 τῷ
424 3840 797 3910 προύξένησεν
826 3839 1053 3910 ὕστερον
1077 3843 1104 3893 ὁ
1134 3840 1352 3911 πρῶτος
1385 3839 1579 3909 ’Δδάμ,
1610 3839 1893 3893 ἐκπίπτων

323 3930 429 3999 ήδη
482 3930 584 3999 τῆς
636 3931 998 4001 τελειότητος.
1028 3932 1135 3986 Καὶ
1187 3931 1296 4001 γὰρ
1348 3931 1398 3984 εί
1453 3932 1530 4001 μὴ
1581 3932 1895 4001 παραϐῆναι

321 4020 585 4089 ἔμελλεν,
636 4022 685 4073 εί
741 4020 818 4090 μὴ
870 4024 1059 4074 πεσεῖν
1092 4022 1172 4082 είς
1231 4020 1442 4091 φθορὰν
1499 4020 1894 4095 ἐκινδύνευσεν,

321 4113 425 4168 οὐκ
454 4114 524 4166 ἂν
567 4112 692 4182 ἔσχε
727 4112 933 4184 χώραν,
967 4112 1040 4174 ὡς
1075 4113 1187 4166 ἀνω
1230 4112 1562 4183 διείληπται,
1612 4111 1722 4164 τῶν
1766 4126 1897 4180 σχη-

325 4205 518 4271 μάτων
542 4203 776 4272 διαφορά
803 4203 897 4255 τοῦ
936 4219 995 4255 τε
1022 4202 1249 4273 ἄρσενος
1289 4204 1383 4255 καὶ
1415 4202 1625 4272 θήλεος.

1993 3109 2216 3164 Femina
2249 3106 2417 3173 enim,
2461 3115 2520 3161 ut
2562 3106 2768 3161 dictum
2795 3117 2903 3173 est,
2935 3118 2989 3163 et
3021 3109 3331 3177 nuptiarum
3390 3124 3561 3163 nexus

1988 3213 2022 3251 ra
2049 3196 2322 3268 principio
2348 3212 2459 3251 non
2491 3205 2630 3263 erat,
2658 3212 2782 3252 cum
2816 3197 2961 3252 Deus
2992 3198 3247 3253 videlicet
3277 3200 3429 3253 illum
3455 3200 3563 3255 h0-

1988 3292 2195 3343 minem
2223 3288 2291 3343 ad
2328 3288 2617 3358 imaginem
2652 3304 2804 3343 suam
2846 3291 3124 3359 produxit.
3174 3290 3231 3345 Si
3275 3291 3391 3347 haec
3433 3308 3562 3346 vero

1994 3394 2103 3434 non
2131 3378 2383 3444 aderant,
2416 3394 2597 3448 neque
2621 3380 2847 3435 omnino
2876 3390 2995 3435 erat
3057 3381 3351 3452 ﬁgurarum
3399 3382 3564 3438 dill‘e-

1994 3468 2188 3523 rentia.
2228 3467 2515 3534 Quomodo
2545 3469 2690 3525 enim
2728 3470 2772 3525 si
2820 3480 2944 3540 post
3002 3471 3252 3541 imaginis
3305 3484 3561 3527 constru—

1994 3563 2227 3615 ctionem
2257 3570 2319 3614 ut
2358 3560 2636 3630 Nyssenus
2664 3561 2761 3625 ait,
2796 3562 2911 3617 haec
2935 3572 3270 3632 postremum
3303 3551 3563 3635 ﬁgmento

1995 3650 2430 3720 supersediﬁcata
2485 3651 2601 3705 est?
2659 3653 2897 3707 Attende
2943 3652 3128 3720 igitur.
3176 3653 3363 3723 Neque
3415 3655 3561 3707 enim

1998 3741 2286 3810 principio,
2329 3748 2389 3794 ut
2416 3741 2675 3802 diximus.
2712 3744 2977 3811 ejusmodi
3011 3744 3376 3799 diﬁ'erentiam
3419 3744 3565 3800 Deus

1997 3830 2146 3894 fecit,
2186 3832 2279 3886 sed
2307 3832 2421 3898 ipse
2454 3833 2554 3885 sibi
2584 3847 2703 3885 eam
2737 3835 2947 3902 primus
2976 3834 3236 3899 Adamus,
3271 3852 3395 3889 cum
3437 3852 3561 3904 per-

1996 3922 2234 3976 fectione
2259 3921 2369 3989 jam
2396 3921 2711 3981 excidisset,
2751 3923 3043 3977 novissime
3072 3924 3409 3977 conciliavit.
3436 3925 3564 3977 Ete-

1998 4013 2110 4068 nim
2128 4012 2237 4068 nisi
2266 4020 2707 4082 transgressurus
2725 4012 2939 4079 l‘uisset,
2954 4013 3056 4067 nisi
3081 4016 3134 4066 in
3153 4015 3560 4082 corruptionem

1997 4103 2194 4159 cadere
2219 4104 2555 4173 periclitatus
2582 4114 2748 4169 esset,
2788 4104 2930 4159 haud
2974 4106 3185 4174 utique,
3216 4114 3275 4158 ut
3326 4108 3438 4170 jam
3474 4121 3563 4159 su-

1999 4194 2188 4264 perius
2220 4194 2544 4250 afﬁrmatum
2582 4206 2687 4261 est,
2739 4197 3059 4265 ﬁgurarum,
3126 4196 3290 4252 maris
3356 4197 3563 4252 scilicet

2004 4286 2352 4358 leminmque,
2380 4287 2673 4342 discrimen
2701 4288 2882 4343 locum
2912 4288 3209 4343 habuisset.

402 4378 465 4429 Εί
499 4377 555 4429 δὲ
587 4378 685 4446 μὲν
715 4376 830 4443 οὖν,
858 4375 1142 4441 ὁσιώτατε,
1172 4378 1422 4448 καθάπερ
1450 4380 1501 4431 οί
1535 4376 1755 4439 πλείους
1788 4392 1888 4444 φα-

2070 4378 2221 4449 Opus
2246 4356 2364 4434 erat
2393 4379 2580 4449 igitur,
2613 4394 2645 4433 ο
2678 4381 2760 4434 vir
2791 4380 3158 4443 sanctissime,
3209 4390 3270 4433 ut
3314 4380 3564 4449 plerique

333 4473 410 4535 a‘t,
438 4456 540 4540 τῆν
573 4470 666 4522 τοῦ
695 4469 869 4541 Ἀδὰμ
897 4469 1155 4537 γενέσθαι
1182 4470 1449 4539 πρότερον
1476 4470 1773 4533 ἔκπτωσιν,
1800 4466 1895 4519 καὶ⁵

326 4562 450 4613 τότε
505 4562 566 4614 τὸ
617 4561 751 4630 θῆλυ
802 4562 1176 4632 παραχθῆναι,
1221 4561 1295 4623 ὡς
1337 4559 1607 4623 ἐντεῦθεν,
1647 4558 1895 4628 εὐπαρά-

329 4651 500 4705 δεκτα
534 4648 672 4705 εἶναι
692 4653 845 4706 δοκεῖ
868 4654 937 4707 τὰ
972 4653 1243 4723 λεγόμενα
1265 4669 1279 4683 ·
1312 4651 1426 4704 ἀλλ’
1458 4651 1659 4704 εἰδέναι
1684 4649 1896 4719 ὀφείλο-

331 4759 436 4813 μεν
464 4744 548 4795 ὂτι
600 4744 633 4813 ἡ
675 4742 783 4798 ἀπὸ
836 4744 935 4813 τῆς
990 4743 1231 4813 πλευρᾶς
1280 4742 1372 4795 τοῦ
1405 4743 1576 4812 Ἀδὰμ
1604 4741 1703 4810 τῆς
1748 4738 1895 4803 Εὔας

325 4836 645 4911 παραγωγὴ
675 4838 769 4891 καὶ
818 4837 963 4892 πάνυ
1006 4837 1280 4907 ἀναγκαία
1314 4838 1390 4906 τῷ
1427 4838 1548 4889 τότε
1611 4836 1896 4905 ἐτύγχανε.

325 4928 489 4991 Τίνος
522 4929 744 4995 ἒνεκεν;
779 4931 944 4984 Ὥστε
979 4932 1054 5000 μὴ
1081 4931 1300 4999 φύσεως
1328 4930 1498 4998 αὐτὴν
1528 4929 1718 4999 ἐτέρας
1747 4930 1900 4999 νομί-

325 5023 522 5087 ζεσθαι
550 5023 639 5075 διὰ
666 5022 726 5074 τὸ
768 5023 1005 5092 ἑτεροῖον
1043 5022 1137 5075 τοῦ
1174 5023 1476 5091 σχήματος,
1528 5021 1619 5071 καὶ
1649 5021 1792 5081 ὅπως
1818 5023 1896 5083 είς

326 5112 586 5182 ὁμόνοιαν
615 5113 800 5185 ἀγάγῃ
826 5114 895 5166 τὰ
924 5115 1054 5182 γένη
1095 5115 1186 5167 καὶ
1232 5114 1471 5182 φυσικήν
1510 5129 1631 5163 τινα
1664 5111 1898 5179 στοργήν

327 5204 619 5275 ἐντεθῆναι
649 5206 1048 5277 παρασκευάσῃ
1090 5206 1287 5267 αὐτοῖς.
1318 5204 1461 5274 Πρὸς
1486 5203 1694 5263 τούτοις
1722 5202 1775 5254 δὲ
1809 5202 1902 5254 καὶ

410 5389 525 5461 (8!)
563 5390 756 5461 Glycas
790 5402 974 5447 noster
1006 5390 1290 5444 Annalium
1323 5398 1549 5461 part_._t:
1582 5389 1900 5461 Ἀναγκαῖον

333 5462 446 5539 γάρ
475 5458 542 5563 qv
694 5461 791 5541 τήν
820 5462 967 5563 ἓὶίν
1028 5462 1134 5546 ἀπὸ
1163 5460 1266 5563 γῆς
1295 5458 1597 5563 παρελθεῖν,
1638 5458 1772 5563 ἄλγέ
1792 5459 1899 5510 ἀπὸ

336 5528 439 5599 τῆς
468 5528 655 5591 οὗσίας
681 5528 773 5582 τοῦ
820 5531 1014 5599 Ἀδὰμ,
1060 5530 1133 5591 ὡς
1174 5528 1421 5599 ἐντεῦθεν
1485 5529 1708 5599 φίλτρον
1750 5528 1897 5599 ἐντε-

341 5598 508 5669 θῆναι
577 5602 689 5662 τοῖς
762 5596 1071 5669 ὁμοζύγοις.
1142 5596 1898 5669 ᾼυίζυειὶηυειηιίιιηιχοε

338 5666 525 5729 Cenes.
570 5671 639 5723 ad
690 5666 829 5725 liter.
855 5666 977 5741 cap.
1012 5671 1110 5725 15:
1141 5668 1277 5733 Quid
1313 5683 1433 5738 ergo
1463 5668 1561 5722 sibi
1605 5666 1709 5722 vult
1736 5668 1897 5720 etiam

656 5766 923 5826 PATROL.
970 5763 1084 5825 Gn.
1123 5761 1388 5823 CLVII].

2000 4474 2245 4538 tradunt,
2276 4482 2335 4525 ut
2358 4471 2547 4526 Adami
2579 4472 2738 4526 ruina
2767 4473 2917 4542 prius
2945 4472 3305 4540 contingeret,
3334 4481 3389 4525 et
3437 4481 3567 4524 tunc

2000 4564 2203 4620 femina
2242 4562 2662 4633 produceretur,
2716 4574 2775 4619 ut
2818 4565 2947 4619 hinc
2995 4580 3078 4632 ea,
3128 4579 3248 4634 quze
3285 4564 3563 4629 dicuntur,

2004 4653 2505 4723 lacile,recipienda
2535 4654 2844 4710 videantur.
2874 4655 2993 4709 Non
3037 4665 3114 4710 est
3180 4664 3361 4707 tamen
3413 4655 3566 4724 igno-

2004 4747 2236 4803 randum
2270 4746 2394 4800 Eva:
2433 4761 2499 4800 ex
2530 4746 2721 4800 Adami
2769 4748 2938 4802 latere
2982 4745 3400 4816 productionem
3467 4747 3570 4801 ho-
3636 4777 3660 4801 κ

2008 4837 2140 4893 ινἰηὶ
2163 4836 2219 4889 in
2252 4846 2532 4905 peccatum
2564 4837 2715 4906 lapso
2744 4838 3109 4891 necessariam
3134 4836 3357 4890 omnino
3379 4836 3569 4891 fuisse.

2002 4929 2169 4998 Cujus
2211 4927 2285 4980 rei
2321 4926 2527 4995 gratia?
2557 4927 2636 4980 Ne
2666 4928 2877 4981 scilicet
2923 4928 3040 4997 ipsa
3094 4928 3323 4982 alterius
3360 4940 3573 4983 natura:

2006 5025 2329 5073 censeretur
2353 5025 2573 5088 prOpter
2591 5017 2775 5087 ﬁgura:
2795 5018 3191 5083 diversitatem,
3215 5031 3266 5074 et
3296 5027 3353 5071 ut
3374 5035 3572 5089 genera

2004 5109 2070 5162 ad
2106 5108 2527 5162 consensionem
2558 5118 2610 5162 et
2637 5110 2989 5164 concordiam
3045 5110 3364 5174 adduceret,
3392 5120 3446 5163 et
3475 5124 3575 5161 na—

2007 5200 2235 5254 turalem
2269 5200 2557 5269 quemdam
2588 5216 2833 5255 amorem
2887 5201 2964 5258 eis
2992 5201 3207 5257 inderet
3235 5201 3385 5271 ,(81).
3445 5201 3572 5251 Erat

2007 5387 2164 5453 illud,
2192 5388 2330 5456 quod
2390 5384 2577 5438 mulier
2635 5386 2733 5438 viri
2785 5387 2847 5440 de
2900 5387 3061 5440 latere
3119 5386 3259 5453 facta
3312 5389 3386 5435 est
3429 5382 3455 5433 .’
3491 5380 3575 5433 Ve-

2007 5474 2122 5510 rum
2152 5470 2279 5522 esto,
2311 5467 2519 5523 propter
2549 5456 2712 5522 ipsius
2760 5456 3141 5523 conjunctionis
3182 5456 3283 5505 vim
3314 5467 3578 5523 commen-

2005 5528 2240 5581 dandam
2266 5518 2274 5522 ν
2297 5528 2391 5579 hoc
2408 5518 2496 5578 ita
2517 5518 2629 5592 ﬁeri
2656 5518 2968 5592 oportuisse
2994 5518 3572 5592 credamus.C:e_terum

2003 5596 2289 5666 Cajelanus
2341 5597 2482 5650 hanc
2515 5588 2636 5666 Evze
2670 5588 2733 5649 eit
2762 5595 2952 5648 Adami
2989 5588 3574 5666 costa'productionem

2008 5660 2173 5721 totam
2209 5664 2588 5735 ἀλληγορικῶς
2618 5664 3010 5735 interpretatur
3062 5660 3404 5731 et'explicat,
3440 5674 3575 5716 con-

3079 5750 3156 5812 25
