4088 6186
507 210 605 291 7n

1792 205 2215 267 MlCHAELIS
2254 205 2513 266 GLYC/E

3657 203 3773 264 7'12
3794 206 3797 209 ⁷

505 325 723 392 insuper
762 321 1134 374 necessarium
1173 330 1229 373 ut
1262 320 1702 374 benedictionem
1752 322 1859 390 ipsi
1896 320 2073 390 partia

2186 323 2494 388 μετασχεῖν
2524 319 2721 377 αὐτοὺς
2758 318 3011 387 εὐλογίαν
3046 318 3344 385 ἀναγκαῖον
3371 310 3459 386 ἦν.
3525 315 3595 375 Ως
3624 317 3775 369 ὲνδύ-

506 415 772 482 ('ipztrenl,
810 423 868 463 ut
936 421 1135 464 natura
1198 420 1391 478 potens
1450 411 1807 480 reperiretur.
1862 412 2081 481 quando

505 506 710 572 nuptiae
739 503 1069 571 prineipium
1114 502 1378 555 habuere.
1424 503 1690 568 Quoniam
1739 504 1904 572 igitur
1959 504 2082 557 talis

506 594 630 646 Ενω
652 592 943 646 aedificatio
978 591 1295 655 festinabat,
1325 601 1382 645 ut
1414 592 1622 647 dictmn
1649 603 1752 657 est,
1791 593 1931 647 Deus
1959 608 2080 646 eam

503 688 664 742 etiam
692 695 983 754 antequam
1016 685 1260 740 Adamus
1299 686 1541 746 caderet,
1578 684 1921 755 praeveniens
1950 684 2080 738 effe-

504 777 599 830 cit.
627 776 751 830 Post
778 778 899 846 ejus
931 776 1076 829 enim
1114 776 1330 845 lapsum
1362 776 1583 830 creandi
1605 784 1820 846 tempus
1844 776 2082 845 amplius

501 884 611 922 non
651 877 805 932 erat;
840 870 932 922 sed
972 868 1308 930 maledictio,
1346 878 1400 921 et
1430 870 1506 921 ira
1535 908 1549 931 ,
1581 867 1737 921 dolor
1768 876 1821 922 et
1854 882 2078 928 maeror,

500 962 683 1016 vultus
710 961 874 1016 sudor
904 961 961 1015 in
988 960 1184 1015 amicta
1219 962 1352 1024 vita,
1383 962 1734 1030 pellicearum
1770 961 2078 1015 tunicarum

502 1053 754 1115 amictus,
788 1061 841 1105 et
869 1052 924 1106 in
956 1061 1159 1106 terram
1190 1052 1455 1105 reversio.
1496 1051 1612 1104 Tali
1656 1067 1784 1106 vero
1828 1062 2080 1121 tempore

499 1156 705 1200 costam
742 1143 980 1209 auferre,
1016 1144 1181 1198 Evam
1212 1144 1501 1208 fabricare,
1532 1155 1586 1198 et
1613 1144 1693 1198 eis
1732 1144 2079 1207 benedicere,

503 1238 647 1292 haud
704 1238 861 1300 satis,
910 1247 970 1290 ut
1032 1238 1312 1303 arbitror,
1352 1246 1470 1290 erat
1522 1247 1913 1306 opportunum.
1971 1235 2081 1289 Ne—

503 1346 610 1400 que
661 1330 806 1384 enim
875 1337 1005 1383 tunc
1041 1328 1440 1384 benedictionis
1468 1337 1682 1397 tempus
1706 1370 1720 1394 ,
1754 1328 1850 1381 sed
1887 1328 1982 1382 ira:
2029 1336 2083 1381 et

503 1419 925 1482 maledictionis,
974 1426 1025 1471 et
1077 1417 1421 1479 aversionis,
1463 1429 1516 1473 et
1571 1418 1782 1472 mortis.
1830 1404 2079 1493 «'Terra

502 1511 669 1573 enim,
712 1509 907 1578 inquit,
939 1523 1024 1569 es,
1074 1517 1130 1562 et
1178 1508 1231 1561 in
1268 1518 1467 1563 terram
1517 1510 1709 1565 abibis.
1756 1509 2078 1579 iPropterea

502 1617 556 1659 et
629 1616 925 1672 antequam
994 1604 1235 1659 Adamus
1303 1606 1564 1665 caderet,
1620 1620 1685 1659 ex
1748 1604 1868 1673 ejus
1928 1612 2077 1658 costa

504 1698 670 1750 Evam
730 1696 1011 1760 produxit.
1049 1696 1350 1749 secundum
1396 1686 1610 1750 veniam
1664 1706 1847 1750 tamen
1898 1696 2079 1749 omni-

502 1804 607 1850 no,
677 1795 733 1839 ut
786 1786 1041 1855 superius
1088 1785 1290 1840 dictum
1362 1795 1467 1840 est.
1530 1786 1783 1845 Etenim.
1838 1787 1939 1838 nisi
2008 1786 2079 1840 ita

499 1894 590 1932 res
645 1893 705 1933 se
785 1878 1117 1944 habuisset,
1192 1894 1302 1932 non
1365 1880 1641 1932 maximus
1714 1879 1805 1932 ille
1874 1880 2080 1933 Paulus

498 1972 730 2026 dixisset
757 1988 770 2025 :
807 1990 824 2022 ι
858 1972 1068 2026 Bonum
1094 1980 1180 2025 est
1208 1970 1491 2025 mulierem
1517 1986 1626 2026 non
1652 1971 1936 2042 attingere.
1973 1991 1991 2024 ι
2017 1972 2082 2027 Et

500 2065 629 2134 quid
662 2079 803 2134 opus
831 2073 915 2118 est
951 2062 1241 2133 prolixiori
1288 2077 1543 2118 sermone
1593 2063 1695 2125 uti,
1734 2063 2079 2134 quandoqui-

499 2159 623 2212 dem
668 2157 758 2226 qui
792 2172 819 2211 a
854 2155 1129 2227 principio
1161 2156 1436 2226 produxit,
1470 2156 1559 2209 ille
1590 2156 1644 2209 in
1684 2154 1850 2210 Paulo
1891 2156 2080 2226 loque-

504 2252 682 2312 batur,
713 2258 771 2303 et
820 2248 924 2303 uisi
981 2248 1286 2303 secundum
1347 2246 1565 2301 veniam
1623 2247 1883 2302 feminam
1952 2259 2080 2302 tunc

510 2344 893 2413 produxisset,
932 2341 1080 2396 haud
1116 2341 1393 2410 posterius
1418 2341 1673 2410 equidem
1721 2356 1817 2411 per
1849 2340 2079 2397 Paulum

505 2437 790 2490 mulierem
827 2434 1053 2488 minime
1090 2434 1361 2502 attingere
1396 2434 1695 2490 suasisset?
1754 2434 1893 2491 Hinc
1931 2438 2078 2491 enim

502 2529 740 2584 ostendit
765 2538 893 2583 ante
918 2526 1131 2580 femina:
1158 2526 1572 2595 productionem
1603 2528 1761 2582 aliam
1786 2530 2078 2598 quamdam

501 2621 789 2676 sublimem
849 2626 905 2672 et
961 2618 1223 2687 angelicae
1291 2617 1596 2672 conditioni
1654 2633 1840 2687 parem
1913 2621 2079 2674 vitam

501 2714 691 2769 fuisse.
730 2712 1028 2781 Frop'crea
1059 2711 1205 2763 enim
1238 2709 1366 2763 alibi
1400 2709 1547 2763 illam
1580 2709 1862 2767 adducens
1895 2711 2071 2767 dixit:

507 2826 524 2856 ι
563 2804 665 2871 Qui
699 2813 882 2872 potest
904 2818 1100 2872 capere
1125 2803 1325 2872 capiat.
1368 2822 1386 2852 i
1417 2802 1543 2857 llzrc
1583 2815 1768 2858 autem
1806 2805 1877 2858 ita
1901 2820 1959 2859 se
1985 2807 2081 2860 ha-

502 2899 659 2962 bere,
702 2907 758 2951 et
785 2896 1082 2951 sublimem
1112 2895 1482 2966 angelirmque
1525 2912 1712 2966 parem
1751 2898 1913 2953 vitam
1954 2908 2080 2953 ante

2186 428 2357 480 ναμον
2403 411 2656 464 ἐντεῦθεν
2701 413 2993 482 εὑρεθῆναι
3041 411 3137 480 τὴν
3174 410 3339 479 φύσιν
3375 412 3482 478 ὅπη
3518 427 3581 476 γε
3628 413 3776 464 κατὰ

2185 500 2279 555 τοῦ
2310 502 2492 571 γάμου
2528 502 2671 572 λάϐῃ
2717 503 2911 573 ἀρχήν.
2975 502 3195 571 Ἐπειδὴ
3243 501 3425 554 τοίνυν
3458 503 3490 567 ἡ
3542 502 3775 570 τοιαύτη

2184 595 2285 664 τῆς
2324 594 2468 658 Εὔας
2508 596 2768 665 οἰκοδομὴ
2818 594 3231 663 κατεπείγουσα
3276 590 3368 663 ἦν,
3401 594 3476 656 ὡς
3509 594 3776 663 προείρη-

2183 702 2295 749 ται,
2326 685 2634 756 προφϐάνει
2671 688 2909 771 ποιήσας
2940 686 3113 755 αὐτὴν
3146 687 3174 738 6
3216 684 3350 746 Θεὸς
3394 686 3491 738 καὶ
3525 684 3634 753 πρὸ
3674 685 3777 738 τοῦ

2186 780 2376 830 πεσεῖν
2410 778 2502 831 τὸν
2548 777 2722 846 Ἀδάμ
2751 793 2766 808 ⁸
2822 777 2963 847 μετὰ
3015 778 3123 849 γὰρ
3158 778 3218 830 τὸ
3258 780 3445 830 πεσεῖν
3476 776 3641 829 αὐτὸν
3669 777 3774 829 οὐκ

2183 869 2263 923 ἔτι
2288 868 2651 939 δημιουργίας
2683 869 2902 940 ὑπῆρχε
2936 869 3149 938 καιρὸς,
3181 868 3321 920 ἀλλά
3351 886 3403 919 τι
3431 867 3647 936 κατάρα
3674 868 3773 919 καὶ

2183 961 2342 1030 ὀργὴ,
2376 960 2541 1029 ὀδύνη
2572 964 2668 1017 καὶ
2704 961 2872 1031 λύπη,
2906 961 3204 1031 προσώπου
3271 958 3452 1028 ἱδρὼς,
3493 958 3769 1021 ὲπώδυνος

2186 1051 2364 1120 βιοτὴ,
2410 1052 2652 1122 χιτώνων
2689 1053 3033 1124 δερματίνων
3095 1054 3381 1125 περιϐολὴ,
3414 1055 3511 1108 καὶ
3574 1053 3771 1123 πρὸς*
3864 1060 3871 1069 ’

2185 1144 2566 1215 ἀποστροφήν.
2614 1145 2702 1197 Ἐν
2759 1146 2992 1217 τοιούτῳ
3048 1146 3231 1199 τοίνυν
3281 1145 3462 1214 καιρῷ
3523 1145 3771 1215 πλευρὰν

2185 1237 2470 1305 ἀιραιρεῖν,
2506 1234 2653 1291 Εὕαν
2705 1239 3013 1299 οίκοδομεῖν
3067 1240 3163 1291 καὶ
3217 1238 3527 1307 εὐεργετεῖν
3570 1236 3774 1297 αὐτοὺς

2184 1328 2578 1396 ἀπροσδεκτον,
2633 1328 2709 1392 ὡς
2743 1325 2920 1398 οἶμαι,
2970 1329 3066 1383 καὶ
3110 1328 3237 1383 λίαν
3268 1328 3593 1397 ἐτύγχανεν.
3631 1327 3773 1381 Οὐδὲ

2190 1419 2301 1487 γὰρ
2353 1418 2606 1487 εὐλογίας
2660 1420 2967 1489 τηνικαῦτα
3023 1421 3235 1491 καιρὸς,
3293 1421 3407 1474 ἀλλ’
3451 1421 3620 1490 ὀργῆς
3670 1420 3774 1473 καὶ

2188 1509 2354 1577 ἀρᾶς,
2384 1511 2478 1561 καὶ
2513 1510 2863 1581 ἀποστροφῆς
2918 1512 3015 1564 καὶ
3044 1511 3292 1565 θανάτου.
3336 1530 3355 1562 ι
3380 1511 3455 1580 Γῆ
3493 1512 3620 1580 γὰρ,
3655 1527 3770 1579 φη-

2189 1604 2295 1667 σὶν,
2342 1595 2416 1664 εἶ,
2451 1604 2545 1655 καὶ
2578 1603 2659 1664 είς
2690 1605 2796 1674 γῆν
2846 1603 3164 1657 άπελεύσει.
3200 1623 3219 1655 ι
3257 1604 3356 1657 Διὰ
3389 1604 3443 1657 τί
3478 1602 3638 1657 τοῦτο
3670 1606 3768 1656 καὶ

2187 1693 2295 1762 πρὸ
2336 1692 2428 1745 τοῦ
2482 1694 2671 1746 πεσεῖν
2717 1695 2808 1746 τὸν
2857 1694 3031 1764 Ἀδὰμ
3076 1696 3140 1748 ὲκ
3182 1684 3423 1765 πλευρᾶς
3464 1693 3631 1749 αὑτοῦ
3664 1697 3771 1761 τὴν

2185 1781 2330 1835 Εὕαν
2356 1785 2718 1854 παρήγαγὲν;
2749 1786 2909 1839 Κατὰ
2941 1786 3298 1858 συγχώρησιν
3323 1786 3378 1840 δὲ
3413 1786 3653 1854 πάντως,
3689 1787 3770 1848 ώς

2183 1873 2390 1928 ἄνωθεν
2412 1876 2651 1945 εἴρηται.
2695 1878 2805 1931 Καὶ
2836 1877 2945 1948 γὰρ
2980 1881 3029 1932 εί
3067 1880 3141 1949 μὴ
3170 1878 3332 1932 τοῦτο
3373 1873 3464 1949 ἦν,
3505 1877 3606 1931 οὐκ
3638 1878 3705 1932 ἂν
3736 1881 3769 1931 6

2185 1966 2486 2035 πάμμεγας
2541 1967 2695 2035 ἔλεγε
2759 1967 3009 2032 Παῦλος’
3070 1989 3088 2020 ‹
3125 1969 3308 2023 Καλὸν
3367 1968 3443 2040 μὴ
3496 1968 3768 2022 ἅπτεσθαι

2183 2062 2469 2126 γυναικός.
2511 2080 2527 2112 ι
2574 2062 2684 2114 Καὶ
2736 2062 2786 2115 τί
2837 2063 2945 2134 χρὴ
3001 2064 3172 2117 πολλὰ
3223 2064 3426 2132 λέγειν,
3489 2064 3572 2115 ὅτι
3625 2063 3766 2128 Θῆλυ

2186 2155 2535 2223 παρήγαγεν,
2582 2156 2681 2209 οὐκ
2740 2156 2807 2210 ἂν
2864 2156 3094 2226 ὕστερον
3147 2156 3236 2209 διὰ
3278 2158 3373 2210 τοῦ
3424 2156 3638 2211 Παύλου
3687 2158 3767 2225 μὴ

2184 2244 2455 2300 ἅπτεσθαι
2483 2234 2742 2316 γυναικδς
2772 2248 3148 2304 συνεϐούλευε.
3193 2250 3542 2322 Παραγαγὼν
3570 2252 3627 2317 ἐξ
3658 2252 3765 2321 ἁρο

2186 2338 2286 2408 χῆς
2324 2341 2530 2402 ἐκεῖνος
2557 2336 2625 2407 ἦν
2658 2343 2714 2393 ὲν
2749 2341 2825 2409 τῷ
2857 2341 3055 2411 Παύλῳ
3079 2341 3280 2406 λαλῶν,
3318 2344 3413 2396 καὶ
3435 2344 3483 2394 εἰ
3518 2343 3591 2413 μὴ
3620 2344 3767 2395 κατα

2186 2430 2521 2500 συγγνώμην
2553 2432 2675 2485 τότε
2713 2434 2774 2486 τὸ
2822 2433 2955 2503 θῆλυ
2991 2434 3338 2505 παρήγαγεν.
3378 2434 3629 2487 Δείκνυσι
3655 2436 3765 2500 γὰρ

2188 2522 2440 2576 ἐντεῦθεν
2467 2524 2549 2576 ὅτι
2581 2526 2690 2594 πρὸ
2729 2526 2830 2595 τῆς
2864 2526 2958 2579 τοῦ
2996 2526 3186 2591 θήλεος
3226 2527 3567 2597 παραγωγῆς
3602 2527 3767 2593 ἑτέρα

2184 2615 2297 2687 ζωή
2327 2633 2412 2680 τις
2440 2611 2509 2689 ἦν
2541 2617 2720 2687 ὑψηλὴ
2754 2620 2849 2670 καὶ
2901 2619 3211 2686 ίσάγγελος.
3239 2617 3397 2671 Κατὰ
3447 2619 3554 2687 γὰρ
3604 2617 3769 2670 τοῦτο

2187 2712 2280 2764 καὶ
2306 2710 2544 2782 ἀλλαχοῦ
2573 2712 2707 2781 πρὸς
2732 2712 2951 2782 ἐκείνην
2974 2713 3212 2780 ἀνάγων,
3234 2712 3445 2781 ἔλεγεν·
3476 2731 3494 2764 ι
3514 2710 3577 2766 Ὀ
3606 2711 3768 2764 δυνά-

2191 2819 2353 2869 μενος
2417 2804 2639 2872 χωρεῖν,
2701 2804 2972 2876 χωρείτω.
3005 2823 3023 2855 ι
3062 2805 3187 2857 ’Ότι
3245 2805 3303 2857 δὲ
3359 2805 3535 2859 ταῦτα
3589 2804 3771 2867 οὕτως

2185 2895 2318 2965 ἔχει,
2353 2897 2449 2949 καὶ
2476 2896 2559 2949 ὅτι
2592 2897 2695 2966 πρὸ
2724 2898 2826 2966 τῆς
2860 2898 3201 2969 παραγωγῆς
3230 2897 3327 2952 τοῦ
3361 2897 3553 2968 θήλεος
3582 2899 3770 2969 ὑψηλὴ

500 2990 720 3046 feminae
751 2989 1164 3058 productionem
1220 2989 1391 3043 fuisse
1414 3031 1427 3050 ,
1463 2990 1784 3044 constitutio
1811 2990 1923 3053 illa,
1965 3006 2080 3059 qua:

2192 2990 2286 3041 καὶ
2320 2987 2606 3056 ίσάγγελος
2637 2985 2704 3059 ἦν
2735 2990 2765 3058 ἡ
2800 2988 2942 3060 ζωὴ,
2988 2991 3231 3045 δείκνυσι
3275 2991 3434 3045 τοῦτο
3491 2994 3771 3061 σαφέστεο

498 3093 771 3154 speratur,
806 3082 1152 3137 manifestius
1176 3082 1441 3136 ostendit.
1462 3080 1647 3150 Neque
1668 3083 1939 3137 admirere
1957 3098 2080 3153 pro-

500 3176 785 3247 pterea:si
820 3174 1128 3230 carlibatum
1176 3173 1231 3226 in
1286 3172 1467 3227 futura
1522 3175 1629 3227 vita
1652 3174 1915 3229 Dominus
1962 3191 2081 3242 pro-

499 3268 697 3323 mittit:
724 3269 917 3347 Erunt,
945 3252 1346 3335 inquit,omnes
1376 3274 1433 3317 ut
1464 3264 1640 3333 angeli
1670 3264 1763 3319 Dei
1790 3265 2081 3335 (82).Qua-

500 3363 1011 3434 propterNyssenus
1044 3361 1141 3417 ait.
1162 3373 1277 3412 eam
1300 3374 1422 3412 esse
1450 3360 1517 3413 ad
1548 3360 1827 3428 antiquam
1855 3371 1910 3415 et
1935 3362 2081 3432 prio-

498 3472 611 3511 rem
635 3455 783 3509 illam
812 3451 981 3506 vitam
1010 3463 1358 3519 regressum;
1386 3451 1513 3515 quid
1543 3451 1789 3520 pluribus
1811 3453 2081 3513 deducere

497 3554 713 3617 oportet
749 3545 984 3614 primum
1016 3544 1325 3607 hominem,
1356 3551 1409 3596 et
1440 3542 1564 3612 ejus
1595 3543 1717 3599 vitae
1774 3546 2078 3605 institutio-

495 3655 621 3692 nem
652 3636 851 3705 aequali
905 3636 1076 3689 fuisse
1107 3635 1317 3688 honore
1348 3649 1475 3689 cum
1532 3636 1765 3705 angelis,
1809 3649 1863 3693 et
1916 3640 2081 3696 vitam

496 3729 797 3801 angelicam
837 3726 1060 3791 vixisse,
1096 3726 1558 3795 quemadmodum
1596 3732 1852 3798 superius
1875 3731 2078 3787 dictum

496 3823 615 3879 est?
640 3822 897 3876 Animum
928 3820 1155 3876 adverte
1189 3821 1375 3891 igitur.
1429 3821 1619 3887 Qualis
1671 3825 1821 3879 enim
1881 3827 2079 3883 Adami

500 3916 645 3970 illius
682 3914 1019 3971 conStilutio
1052 3911 1219 3968 fuerit
1258 3913 1454 3984 gratia,
1490 3918 2079 3985 quamﬁexspeetamus,

498 4018 685 4077 aperte
717 4006 1082 4069 demonstrat,
1103 4015 1291 4075 utpote
1313 4021 1435 4071 qua:
1456 4006 1704 4075 profecto
1738 4008 1805 4062 ad
1833 4008 2078 4078 priorem

498 4102 646 4154 illam
687 4113 978 4170 regressus
1015 4110 1127 4157 est.
1168 4105 1224 4150 ut
1258 4094 1368 4167 iam
1417 4097 1785 4165 praediximus.
1828 4098 1885 4154 Si
1932 4102 2080 4156 enim

498 4203 553 4248 et
585 4195 897 4263 nuptiarum
925 4191 1040 4261 lege
1082 4176 1320 4259 ligantur
1355 4190 1542 4253 hodie,
1593 4206 1703 4245 non
1763 4193 1953 4263 utique
2012 4194 2081 4251 ab

500 4291 616 4357 ipso
652 4285 922 4356 principio
961 4285 1074 4338 haec
1106 4284 1193 4339 lex
1227 4285 1351 4340 data
1388 4294 1493 4350 εει,
1521 4284 1617 4339 sed
1668 4301 1764 4355 per
1798 4287 2083 4361 indulgem

2187 3097 2280 3149 ρον
2306 3081 2340 3148 ἡ
2381 3080 2716 3151 ὲλπιζομένη
2756 3080 2945 3153 ἐκείνη
2979 3083 3339 3145 κατάστασις.
3384 3085 3493 3137 Καὶ
3523 3084 3601 3156 μὴ
3632 3084 3771 3138 θαύ-

2188 3173 2329 3241 μαζε
2353 3173 2542 3225 τούτου
2568 3173 2783 3227 ἕνεκεν.
2818 3173 2882 3228 Εί
2916 3174 3021 3245 γὰρ
3057 3175 3454 3243 ἐπαγγέλλεται
3486 3177 3589 3246 μὲν
3625 3179 3769 3245 ἀγά-

2188 3281 2312 3332 μιον
2336 3265 2363 3316 6
2389 3263 2591 3331 Κύριος
2616 3264 2673 3317 ἐν
2699 3280 2758 3316 τε
2780 3267 2846 3336 τῇ
2880 3265 3149 3338 μελλούσῃ
3176 3270 3287 3337 ζωῇ
3308 3284 3322 3298 ο
3350 3269 3490 3321 (Καὶ
3513 3269 3763 3323 ἔσοκρταιι

2184 3355 2314 3423 γὰρ,
2357 3356 2513 3423 φησὶ.
2572 3373 2589 3404 ‹
2622 3355 2823 3417 πάντες
2870 3356 2945 3419 ὡς
2985 3356 3208 3424 ἄγγελοι
3262 3359 3428 3413 Θεοῦ·
3456 3379 3477 3412 ι
3514 3361 3661 3430 λέγει
3707 3362 3772 3416 δὲ

2186 3445 2356 3517 ταύτῃ
2404 3449 2430 3498 6
2462 3446 2709 3517 Νύσσης,
2747 3450 3008 3504 ἐπάνοδον
3056 3448 3199 3505 εἶναι
3233 3453 3369 3523 πρός
3403 3470 3468 3521 γε
3519 3456 3619 3525 τὴν
3661 3459 3773 3526 ἀρ-

2184 3540 2346 3607 χαίαν
2384 3544 2478 3593 καὶ
2508 3539 2732 3612 πρώτην
2766 3540 2917 3614 ζωήν
2940 3559 2954 3572 '
2989 3544 3042 3597 τί
3077 3544 3185 3615 χρὴ
3232 3546 3329 3600 καὶ
3358 3547 3539 3615 λέγειν
3578 3550 3673 3601 ἐπί
3701 3567 3775 3616 γε

2185 3630 2264 3699 τῷ
2303 3630 2504 3701 πρώτῳ
2544 3632 2720 3702 Ἀδὰμ
2768 3635 2865 3688 καὶ
2895 3637 2961 3705 τῇ
2994 3635 3160 3689 αὑτοῦ
3194 3636 3440 3708 διαγωγῇ
3474 3641 3506 3710 ἢ
3536 3639 3621 3693 ὅτι
3652 3644 3777 3704 τοῖς

2183 3723 2442 3792 ἀγγέλοις
2476 3726 2742 3795 ὁμότιμος
2768 3721 2855 3797 ἦν,
2900 3730 2997 3782 καὶ
3025 3728 3108 3781 ὅτι
3143 3729 3260 3797 βίον
3302 3732 3591 3801 ίσάγγελον
3621 3728 3772 3803 εἶχε,

2184 3814 2435 3883 καθάπερ
2479 3815 2687 3868 ἄνωθεν
2730 3819 2987 3887 argutat;
3028 3820 3274 3891 Πρόσεχε
3322 3818 3436 3877 οὖν.
3490 3824 3605 3895 Τὴν
3653 3828 3775 3896 γὰρ

2184 3905 2279 3959 τοῦ
2308 3904 2481 3974 ’Δδάμ
2505 3906 2715 3961 ἐκείνου
2749 3909 3091 3963 κατάστασιν
3122 3912 3284 3967 ὁποία
3311 3932 3398 3979 τις
3424 3910 3493 3986 ἦν
3521 3919 3555 3987 ἡ
3592 3916 3779 3987 προσ-

2184 3998 2468 4069 δοκωμένη
2496 3999 2660 4070 χάρις
2687 4000 2961 4072 ἁριδήλως
2993 4004 3331 4074 παρίστησιν
3351 4020 3365 4035 ⁶
3402 4008 3499 4062 ἅτε
3530 4008 3596 4079 δὴ
3624 4011 3778 4080 πρὸς

2183 4091 2283 4163 τὴν
2312 4092 2543 4163 πρώτην
2578 4092 2801 4163 ἐκείνην
2849 4093 3109 4159 ἐπάνοδος
3137 4092 3293 4164 οὖσα,
3325 4098 3400 4161 ὡς
3433 4099 3536 4170 ἤδη
3578 4105 3779 4172 προεί.

2189 4202 2368 4255 ρηται.
2406 4185 2466 4237 Εί
2507 4185 2613 4255 γὰρ
2651 4186 2748 4238 καὶ
2793 4185 2943 4257 νόμῳ
2971 4188 3156 4257 γάμου
3187 4190 3449 4260 δεδέμεοα
3495 4194 3779 4264 σήμερον,

2185 4276 2300 4330 ἀλλ’
2347 4277 2449 4330 οὐκ
2505 4276 2563 4343 ἐξ
2615 4279 2790 4348 ἀρχῆς
2843 4279 3015 4348 αὐτῆς
3048 4281 3075 4333 6
3114 4280 3278 4348 νόμος
3332 4282 3490 4347 οὗτος
3538 4286 3778 4345 ἐδίδοτο.

502 4335 611 4357 Tw
1232 4335 1351 4340 --η-
1395 4335 1441 4339 --
1480 4335 1493 4350 ν
1524 4335 1616 4339 -ν-
1670 4335 1754 4355 .-ς-
1798 4335 2054 4361 -------ο-..

502 4382 628 4435 tiam
650 4378 924 4449 posterius
941 4376 1393 4447 prepterlapsum
1424 4390 1454 4430 a
1480 4374 1836 4445 perfectione.
1872 4380 2080 4445 Quam-

2189 4371 2349 4424 Κατὰ
2374 4370 2430 4424 δὲ
2470 4335 2825 4441 συγχώρησιν
2861 4335 3091 4443 ὓστερον
3142 4335 3233 4429 δία
3259 4335 3338 4445 *γε
3383 4335 3486 4447 rip;
3529 4335 3779 4449 έῆξ

500 4474 689 4527 ohrem
742 4481 797 4525 et
855 4469 1079 4526 coronis
1141 4470 1388 4539 privatur
1449 4478 1511 4523 ut
1572 4470 1813 4541 linguam
1878 4488 2109 4530 aureus-

500 4567 596 4619 ait.
621 4563 675 4616 Si
702 4564 867 4633 igitur
890 4572 950 4616 ut
985 4561 1193 4616 dictum
1220 4570 1323 4624 est,
1350 4577 1447 4629 per
1472 4561 1870 4631 indulgentiam
1898 4563 2076 4633 ipsum

502 4657 774 4711 femineus
825 4669 987 4708 sexus
1020 4652 1279 4707 inductus
1307 4663 1412 4716 est,
1443 4661 1497 4708 et
1520 4654 1723 4722 nuptiae
1755 4654 1895 4709 datae
1926 4665 2076 4721 sunt,

503 4747 880 4804 necessarium
922 4745 1151 4799 omnino
1198 4754 1285 4799 est
1337 4754 1394 4799 et
1449 4748 1733 4816 praeterire
1779 4746 2077 4817 aliquando

428 4858 453 4871 -ο
498 4842 617 4894 lian
642 4838 849 4897 omnia,
882 4845 935 4889 et
966 4835 1098 4887 tales
1130 4834 1364 4890 inveniri
1394 4846 1522 4890 tunc
1552 4851 1616 4892 ex
1639 4836 1871 4891 mortuis
1888 4853 2077 4892 resur-

499 4937 714 4999 gentes,
740 4926 918 4995 qualis
950 4935 1068 4980 erat
1110 4927 1317 4995 primus
1348 4928 1436 4984 ille
1485 4928 1679 4991 Adam,
1732 4937 1791 4983 ut
1847 4945 2077 5001 magnus

498 5019 832 5073 Athanasius
859 5020 923 5071 ad
963 5017 1299 5073 Antiochum
1336 5022 1534 5087 inquit.
1570 5017 1678 5073 Sed
1715 5029 1770 5075 et
1802 5019 2079 5076 divinissi-

500 5124 620 5163 mus
678 5109 997 5164 Anastasius
1045 5110 1117 5164 ita
1178 5110 1243 5165 de
1295 5110 1382 5166 his
1427 5111 1574 5177 loqui
1629 5112 2079 5181 deprehenditur.

506 5223 525 5255 ι
558 5201 733 5259 Omne
761 5202 1000 5257 alienum
1052 5203 1196 5272 quod
1251 5217 1349 5271 per
1383 5214 1666 5272 peccatum
1703 5204 1755 5257 in
1800 5219 1901 5258 nos
1946 5206 2083 5261 irre-

499 5296 629 5367 psit,
663 5306 792 5350 tunc
817 5298 1176 5364 deponemus.
1204 5313 1223 5345 ι
1262 5295 1320 5348 Si
1357 5311 1483 5350 vero
1525 5296 1640 5350 haec
1666 5296 1740 5349 ita
1773 5311 1833 5350 se
1876 5296 2081 5352 habent

497 5391 566 5446 dc
603 5390 803 5444 femina
834 5387 950 5456 ipsa
989 5387 1123 5458 quid
1152 5387 1336 5441 dicere
1370 5387 1625 5458 oportet?
1652 5388 1704 5442 Si
1735 5399 1955 5460 propter
1978 5392 2080 5446 hoc

422 5588 427 5595 ’
498 5601 580 5662 tra
604 5591 1007 5662 quemegregie
1037 5591 1281 5662 disputat
1313 5590 1484 5646 Natal.
1515 5593 1846 5655 Alexander,
1882 5605 2015 5647 tom.
2045 5594 2090 5648 1.

426 5714 429 5721 ,
499 5660 704 5715 Hister.
737 5659 941 5717 Eccita!
976 5659 1143 5718 l’rim'.
1174 5660 1350 5731 AEtat,
1386 5664 1601 5722 dissert.
1651 5680 1730 5735 ιιι,
1762 5677 1860 5720 art.
1896 5666 1947 5720 2.

2188 4463 2463 4533 λείοτητος
2512 4463 2811 4529 ἔκπτωσιν,
2860 4466 2946 4534 ἐφ’
2990 4459 3033 4534 ᾧ
3072 4470 3167 4520 καὶ
3210 4471 3491 4537 στεφάνων
3541 4474 3787 4547 ἐστέρηο

2185 4572 2299 4621 ται,
2337 4554 2411 4618 ὼς
2440 4556 2468 4607 6
2493 4554 2727 4625 χρυσοῦς
2767 4558 2867 4625 τὴν
2912 4559 3158 4625 γλῶττάν
3213 4578 3401 4631 φησιν.
3435 4564 3612 4637 Εἴπερ
3648 4569 3779 4635 οὖν,
3860 4612 3871 4621 .

2184 4649 2258 4713 ὡς
2297 4649 2536 4720 εἴρηται,
2581 4651 2722 4703 κατά
2752 4668 2815 4719 γε
2863 4652 3218 4724 συγχώρησιν
3266 4656 3398 4710 αὑτό
3432 4674 3490 4710 τε
3529 4659 3595 4712 τὸ
3626 4659 3781 4731 θῆλυ

2186 4742 2493 4812 παρήγετο,
2529 4745 2625 4795 καὶ
2664 4747 2693 4797 6
2722 4746 2900 4815 γάμος
2942 4747 3168 4812 ἐδίδοτο,
3203 4748 3416 4819 ἀνάγκη
3462 4751 3635 4815 πᾶσα,
3676 4762 3786 4807 καὶ

2187 4833 2482 4904 παρελθεῖν
2508 4835 2605 4905 6ψέ
2644 4853 2775 4888 ποτε
2807 4837 2980 4890 ταῦτα
3011 4837 3212 4902 πάντα,
3248 4842 3341 4892 καὶ
3369 4841 3649 4905 τοιούτους
3682 4847 3788 4895 εὖ-

2189 4926 2413 4995 ρεθῆναι
2438 4928 2560 4980 τότε
2584 4928 2710 4991 τοὺς
2746 4929 2809 4981 ὲκ
2838 4928 3051 4998 νεκρῶν
3081 4931 3561 5003 ἑγερθησομένους
3584 4938 3791 5001 ὁποῖος

2185 5016 2255 5089 ἦν
2294 5020 2322 5072 6
2354 5020 2567 5088 πρῶτος
2598 5008 2806 5082 ἐκεῖνος
2834 5020 3032 5090 Ἀδὰμ,
3064 5022 3139 5086 ὡς
3171 5025 3200 5077 6
3232 5025 3407 5095 μέγας
3437 5027 3603 5097 φησὶν
3628 5030 3793 5099 πρὸς

2202 5111 2476 5181 Ἀντίοχον
2519 5110 2861 5175 Ἀθανάσιος.
2908 5112 3069 5166 ’Δλλὰ
3100 5115 3194 5168 καὶ
3233 5118 3261 5170 ὁ
3294 5116 3568 5181 θειότατος
3605 5120 3793 5174 Ἀνα-

2192 5205 2413 5268 στάσιος
2444 5203 2588 5256 οὕτω
2642 5205 2773 5273 περὶ
2824 5206 3033 5260 τούτων
3066 5207 3299 5279 εὓρηται
3343 5209 3521 5279 λέγων
3546 5225 3561 5239 ·
3604 5229 3623 5262 ι
3652 5213 3793 5267 Πᾶν

2188 5294 2470 5362 ἀλλότριον
2522 5294 2581 5345 τὸ
2630 5294 2719 5345 διὰ
2767 5293 2866 5364 τὴν
2925 5294 3203 5366 ἁμαρτίαν
3251 5300 3388 5368 ἡμῖν
3445 5302 3796 5357 ὐπεισελῧὸν

2188 5385 2581 5457 ἀποθησόμεθα
2626 5385 2769 5439 τότε.
2801 5402 2819 5437 ι
2868 5386 2930 5438 Εἰ
2964 5385 3019 5438 δὲ
3052 5388 3224 5443 ταῦτα
3266 5391 3441 5455 οὕτως
3474 5394 3586 5463 ἔχει
3638 5400 3795 5467 περὶ

2274 5593 2559 5677 (82)”Quid
2595 5595 2710 5677 haec
2730 5599 2894 5677 verba
2922 5599 3239 5677 significent
3256 5601 3482 5677 exponit
3511 5602 3758 5677 Augusti
3779 5640 3798 5651 ς

2202 5682 2323 5734 nus,
2356 5665 2447 5721 lib.
2487 5681 2596 5721 χχιι
2629 5666 2701 5723 De
2736 5669 2891 5727 Civil.
2918 5665 3035 5737 DEi.
3064 5688 3181 5733 can.
3222 5672 3307 5727 17.
