4088 6186
448 249 557 311 ’ΠΒ

1823 245 2191 305 EPlSTOLA
2231 245 2331 307 VI.

3571 247 3677 308 ’Πι

448 364 543 417 τοῦ
568 364 757 429 θήλεος
793 362 957 417 αὐτοῦ
993 363 1044 414 τί
1070 361 1177 432 χρὴ
1218 362 1310 415 καὶ
1340 361 1558 429 λέγειν;
1589 362 1703 427 εἴγε
1744 361 1833 414 διὰ
1858 362 2015 421 τοῦτο

2124 358 2379 426 producta
2419 368 2525 424 est,
2556 368 2841 428 propterea
2879 334 3147 420 videlicet,
3175 359 3322 427 quod
3356 359 3516 412 homo
3569 360 3676 429 jam

450 452 729 522 παρήχθη,
756 454 842 505 διὰ
869 456 930 505 1:6
966 454 1326 522 παραϐαίνειν
1356 453 1453 524 ἤδη
1475 453 1566 505 τὸν
1599 451 1884 521 ἄνθρωπον
1914 453 2008 505 καὶ

447 545 625 613 φθορᾷ
650 544 998 606 ὑποπίπτειν,
1024 544 1097 605 ὡς
1126 545 1153 595 6
1182 544 1541 612 Δαμασκηνὸς
1569 542 1823 612 Ἰωάννης
1852 543 2007 612 φησὶ,

448 636 667 694 πάντως
692 633 845 685 οὐδὲν
880 634 963 686 ἓτε
975 650 1066 701 ρον
1094 633 1127 701 ἦ
1152 633 1232 686 ὅτι
1260 634 1317 686 τὸ
1350 635 1538 702 σχῆμα
1559 631 1715 684 τοῦτο
1749 630 2011 696 παρελεύ-

446 742 619 787 σεται,
652 726 771 776 ἐπεί
805 724 891 776 διὰ
929 725 1028 791 τὴν
1057 724 1331 792 ἁμαρτίαν
1388 722 1713 791 ύπεισῆλθεν
1745 724 1876 791 ἡμῖν
1920 722 2010 773 καὶ

448 816 723 878 τοιούτους
775 814 1067 884 ἐγερθῆναι
1104 814 1350 876 ἅπαντας
1390 816 1570 874 ὁποῖος
1622 808 1691 883 ἦν
1720 813 1748 864 6
1797 810 2011 879 πρῶτος

443 906 750 975 ἄνθρωπος.
780 907 810 958 6
848 901 967 957 κατ’
1006 904 1189 958 εἰκόνα
1220 904 1420 973 δηλαδὴ
1452 903 1817 972 γεγενημένος
1850 900 2008 954 Θεοῦ.

447 998 554 1049 Καὶ
584 997 691 1065 γὰρ
722 996 772 1048 εἰ
809 995 883 1063 μὴ
916 994 1070 1047 τοῦτο
1097 990 1186 1064 ἦν,
1219 994 1321 1046 οὐκ
1355 994 1420 1047 ἂν
1449 996 1476 1044 6
1507 993 1729 1062 Νύσσης
1755 992 2011 1046 ἐπάνοδον

445 1086 585 1141 εἶναι
616 1086 768 1153 ἔλεγε
808 1086 942 1156 πρός
974 1101 1034 1153 γε
1074 1086 1172 1153 τὴν
1204 1084 1437 1155 ἀρχαίαν
1484 1086 1578 1137 καὶ
1617 1084 1838 1153 πρώτην
1866 1082 2010 1152 ζωὴν

444 1180 542 1247 τὴν
568 1176 934 1245 ἐλπιζομένην
966 1177 1181 1239 ἐκείνην
1220 1176 1576 1228 κατάστασιν.

517 1269 795 1319 Δέῖεικται
824 1261 918 1316 οὖν
942 1266 1006 1315 ἐκ
1045 1263 1253 1316 πολλῶν
1282 1266 1363 1317 ὅτι
1390 1267 1502 1329 τοῖς
1546 1264 1796 1331 ἀγγέλοις
1821 1263 2011 1332 ὁμότι-

452 1377 548 1426 μον
575 1359 775 1410 ἔπλασε
803 1356 892 1407 τὸν
928 1357 1141 1423 πρῶτον
1179 1355 1467 1425 ἄνθρωπον
1509 1358 1536 1407 6
1566 1354 1718 1417 Θεὸς,
1769 1355 1862 1407 καὶ
1890 1352 2011 1406 κατ’

446 1449 684 1509 ἐκείνους
717 1447 879 1500 αὐτὸν
913 1445 1278 1509 πληθύνεσθαι
1309 1445 1467 1515 ἤθελε
1492 1462 1505 1475 ο
1535 1446 1621 1498 διά
1645 1462 1706 1513 γε
1746 1446 1844 1515 τὴν
1875 1462 2019 1514 παρ-

447 1544 719 1610 εκτροπὴν
778 1543 844 1611 ῆν
909 1542 1050 1594 ἑκὼν
1091 1540 1320 1609 ὑπέστη,
1356 1539 1430 1602 ὡς
1473 1539 1680 1591 ἄνωθεν
1715 1538 2013 1609 εἴρηται,ή

444 1632 671 1700 τοιαύτη
703 1632 960 1702 παρήχθη
989 1632 1340 1700 κατάκρισις,
1372 1623 1405 1698 ἦ
1435 1629 1545 1682 τῶν
1575 1629 1785 1697 ἀλόγων
1813 1629 2013 1699 δηλαδὴ

444 1723 599 1786 ζώων
628 1725 908 1793 ὁμοίωσις.
942 1724 1002 1775 Εἰ
1035 1723 1112 1792 μὴ
1139 1722 1246 1790 γὰρ
1271 1720 1430 1773 τοῦτο
1456 1717 1545 1792 ἦν,
1576 1722 1676 1774 οὐκ
1709 1722 1772 1775 ἂν
1796 1723 1822 1773 6
1852 1718 2013 1773 Δαυῒδ

443 1815 792 1884 ὀδυρόμενος,
832 1832 851 1864 ι
898 1814 1080 1884 υίμοι.
1116 1831 1135 1864 ι
1176 1813 1384 1880 ἔλεγεν,
1444 1831 1460 1863 ι
1502 1812 1582 1863 ὅτι
1636 1810 1919 1881 ἄνθρωπος
1957 1812 2013 1863 ἐν

442 1907 576 1973 τιμῇ
648 1903 725 1956 ὢν
785 1904 844 1956 ού
905 1903 1127 1970 συνῆκε.
1179 1900 1644 1970 Παρασυνεῦλήθη
1692 1902 1801 1963 τοῖς
1853 1900 2014 1969 ἀνοή-

443 2011 558 2056 τοις
596 1996 835 2063 κτήνεσι,
880 1994 973 2047 καὶ
1020 1988 1279 2063 ὡμοιώθη
1309 1995 1511 2055 αὐτοῖς.
1540 2010 1557 2042 ι
1596 1992 1705 2045 Καὶ
1737 1992 1837 2060 ὅρα
1877 1993 2016 2060 πρὸς

446 2087 627 2150 αὑτὸν,
654 2089 703 2139 εί
738 2085 940 2155 βούλει,
972 2085 1063 2139 τὸν
1096 2085 1309 2154 πρῶτον
1339 2086 1647 2155 ἄνθρωπον.
1675 2083 1737 2135 Εἰ
1783 2082 1880 2152 μὴ,
1908 2081 2015 2150 γὰρ

446 2176 701 2249 ὡμοιώθη
737 2178 825 2230 διὰ
852 2178 950 2247 τὴν
980 2177 1254 2246 ἁμαρτίαν
1286 2179 1397 2238 τοῖς
1430 2179 1717 2245 κτήνεσιν*
1753 2176 1801 2225 εἰ
1831 2173 1905 2243 μὴ
1932 2174 2018 2233 διὰ.

448 2270 547 2337 τὴν
594 2269 879 2339 παρακοὴν
928 2269 988 2320 τὸ
1043 2269 1139 2337 τῆς
1189 2264 1386 2336 ἀλόγου
1436 2264 1786 2334 κατασκεῦης
1822 2265 2017 2333 ἰδίωμα

450 2362 585 2429 πρὸς
615 2362 801 2414 ἐαυτὸν
826 2363 1177 2414 ἐπεσπάσατο
1198 2375 1213 2389 ⁸
1240 2361 1287 2412 εἰ
1314 2359 1391 2429 μὴ
1418 2357 1515 2427 τὴν
1540 2356 1843 2426 ἀγγελικὴν
1873 2357 2014 2409 ἐκεί-

446 2469 542 2520 νην
600 2452 791 2522 στολὴν
833 2453 1033 2504 ἐαυτὸν
1083 2447 1222 2505 εἶδεν
1276 2449 1667 2512 ἁπεκδυθέντα,
1720 2446 2016 2500 κάντεῦθεν

448 2544 606 2598 ἄλλον
649 2544 710 2607 ἐξ
737 2545 900 2598 ἄλλου
949 2544 1293 2612 παραχρῆμα
1350 2540 1633 2608 γεγονότα,
1668 2539 1768 2592 οὐκ
1815 2540 1879 2591 ἂν
1925 2538 2018 2591 ἐπὶ

448 2636 701 2689 τοσοῦτον
734 2635 1009 2707 ᾐσχύνθη·
1064 2634 1164 2686 ούκ
1212 2635 1277 2687 ἂν
1329 2633 1535 2704 ἕνρῤαψε
1580 2631 1753 2702 φύλλα
1801 2633 1973 2701 συκῆς
2002 2646 2016 2661 ⁸

451 2730 551 2781 οὐκ
578 2727 642 2781 ἂν
678 2732 784 2781 ἀπὸ
822 2728 957 2781 Θεοῦ
1000 2726 1301 2798 τηνικαῦτα
1352 2726 1558 2795 ὲκρύὸη
1584 2741 1599 2755 ’
1640 2727 1731 2777 καὶ
1764 2724 1881 2787 πῶς
1909 2725 2017 2794 γὰρ

452 2822 514 2873 οὐ
552 2821 823 2892 κρυϐῆναι
854 2821 1080 2891 ἔμελλεν
1110 2820 1259 2873 ἴσασι
1287 2818 1486 2880 πάντες
1530 2819 1577 2869 οἰ
1620 2817 1677 2882 ἐξ
1717 2817 1925 2869 ἐκείνου
1961 2816 2019 2868 τὸ

452 2914 607 2981 γένος
635 2915 969 2981 κατάγοντες
996 2914 1095 2982 τῆς
1126 2912 1389 2980 αἰσχύνης
1419 2911 1633 2979 ἐκείνης
1663 2905 1788 2961 ὅσον
1832 2908 1893 2960 τὸ
1928 2908 2022 2976 μέ-

2112 458 2487 518 transgressus
2520 447 2729 511 fuerat,
2766 459 2819 503 et
2868 449 3198 516 corruptioni
3264 450 3564 517 subjectus.
3624 461 3681 501 ut

2111 539 2480 592 Damascenus
2508 537 2746 591 Joannes
2779 537 2874 601 ait,
2916 538 3141 591 omnino
3165 538 3301 591 nihil
3326 539 3491 599 aliud,
3520 550 3679 606 quam

2111 633 2239 701 quia
2276 632 2500 686 habitus
2530 632 2618 685 hic
2654 632 2981 701 prmteribit,
3006 632 3129 699 quia
3164 648 3259 699 per
3284 641 3569 700 peccatum
3623 634 3673 684 in

2114 739 2214 778 nos
2243 724 2489 793 irrepsit,
2525 731 2581 776 et
2610 723 2747 776 tales
2780 738 2969 777 omnes
2995 732 3300 792 resurgent.
3336 724 3512 791 qualis
3564 734 3682 777 erat

2114 814 2324 882 primus
2362 815 2544 873 homo,
2579 812 2669 865 ille
2698 811 2949 865 videlicet
2985 812 3073 877 qui
3110 814 3175 865 ad
3244 806 3533 881 imaginem
3585 814 3679 866 Dei

2113 903 2291 958 factus
2320 902 2437 956 fuit.
2471 902 2686 956 Etenim
2716 901 2824 954 nisi
2866 901 2915 954 id
2950 901 3160 963 luisset,
3200 902 3343 955 haud
3372 911 3520 956 certe
3548 902 3682 973 Nys-
3748 952 3755 959 .

2115 1011 2282 1050 senus
2337 1010 2648 1065 regressum
2703 1008 2825 1048 esse
2872 994 3101 1047 dixisset
3174 994 3238 1047 ad
3290 994 3567 1064 antiquam
3629 1006 3682 1048 et

2116 1084 2353 1152 priorem
2389 1083 2578 1145 vitam,
2612 1081 2756 1135 illam
2791 1083 3239 1137 constitutionem
3271 1102 3433 1153 quam
3492 1103 3681 1156 spora-

2118 1192 2260 1230 mus.

2186 1268 2479 1325 Ostensum
2543 1278 2628 1324 est
2679 1269 2843 1337 igitur
2914 1282 2982 1322 ex
3042 1268 3226 1322 multis
3278 1268 3446 1320 Deum
3491 1268 3682 1333 aequali

2118 1362 2328 1415 honore
2377 1376 2498 1413 cum
2549 1361 2756 1429 angelis
2817 1360 3051 1428 primum
3116 1360 3389 1413 hominem
3444 1359 3682 1420 ﬁnXiSSt‘,

2119 1450 2211 1517 qui
2247 1449 2464 1504 volebat
2486 1450 2651 1503 etiam
2679 1463 2803 1503 eum
2843 1450 3036 1502 eodem
3073 1449 3236 1502 modo
3266 1464 3325 1501 ac
3361 1448 3485 1501 illos
3546 1449 3686 1500 mul-

2119 1536 2371 1611 tiplicari.
2418 1540 2648 1609 Propter
2710 1539 3223 1607 transgressionem,
3277 1554 3437 1606 quam
3488 1550 3684 1605 Sponte.

2120 1639 2308 1701 subiit,
2358 1648 2420 1692 ut
2466 1637 2719 1707 superius
2752 1636 2956 1691 dictum
3025 1644 3127 1700 est,
3172 1633 3294 1689 talis
3356 1633 3685 1686 inductat-st

2117 1730 2527 1793 condemnatio,
2548 1740 2822 1782 mutarum
2849 1727 3051 1780 scilicet
3070 1726 3336 1795 pecudum
3356 1726 3678 1779 similitudo.

2114 1821 2231 1875 Nisi
2268 1822 2413 1876 cnim
2452 1821 2503 1874 id
2532 1820 2745 1882 inissa,
2773 1819 2912 1872 baud
2939 1821 3123 1886 utique
3151 1815 3316 1870 David
3342 1818 3683 1872 lamentans:

2125 1933 2142 1965 ι
2186 1913 2281 1967 Hei
2310 1913 2465 1976 mihi,
2505 1913 2757 1972 dixisset,
2798 1910 2962 1962 homo
2988 1909 3215 1984 cumjn
3278 1908 3484 1962 honore
3541 1920 3685 1963 esset

2120 2018 2229 2057 non
2270 2001 2566 2066 intellexit,
2606 2008 2951 2068 comparatus
2978 2008 3059 2052 est
3086 1999 3350 2067 jumentis
3375 1999 3685 2067 insipienti-

2119 2092 2241 2159 bus,
2276 2102 2332 2147 et
2358 2093 2554 2147 similis
2592 2090 2768 2145 factus
2798 2100 2883 2144 est
2914 2090 3039 2143 illis.
3085 2108 3101 2140 ι
3139 2090 3206 2142 Ει
3237 2090 3468 2159 respice,
3504 2094 3685 2150 sodes,

2118 2184 2186 2239 ad
2218 2185 2397 2254 ipsum
2429 2185 2668 2253 primum
2700 2183 3001 2236 hominem.
3037 2179 3145 2233 Nisi
3176 2182 3320 2233 enim
3350 2182 3688 2235 assimilatus

2120 2275 2315 2329 fuisset
2348 2289 2446 2343 per
2469 2281 2752 2342 peccatum
2786 2271 3083 2343 iumentis;
3114 2270 3217 2323 nisi
3248 2285 3342 2338 per
3373 2269 3689 2323 inobedien—

2119 2368 2249 2422 tiam
2292 2365 2623 2420 irrationalis
2655 2362 3063 2419 constitutionis
3089 2361 3483 2431 proprietatem
3510 2361 3578 2415 ad
3630 2378 3689 2417 se

2126 2460 2305 2528 ipsum
2338 2461 2686 2522 attraxissct;
2714 2457 2816 2510 nisi
2843 2456 3090 2526 angelico
3128 2455 3219 2509 illo
3252 2455 3575 2508 indumento
3631 2470 3690 2507 se

2128 2560 2357 2606 exutum
2393 2550 2639 2612 Vidisset,
2673 2557 2728 2601 et
2755 2548 2921 2601 alium
2970 2562 3037 2601 ex
3066 2546 3175 2600 alio
3218 2546 3402 2599 statim
3464 2547 3689 2605 factum,

2124 2644 2270 2698 haud
2297 2644 2485 2712 utique
2522 2651 2732 2696 tantum
2771 2639 3116 2704 erubuisset;
3149 2638 3300 2691 haud
3333 2638 3523 2706 utique
3558 2637 3689 2690 folia

2123 2737 2262 2790 ﬁcus
2319 2734 2661 2798 consuisset;
2697 2732 2841 2785 haud
2872 2731 3058 2799 utique
3115 2745 3144 2783 a
3198 2729 3307 2783 Deo
3348 2731 3417 2783 ita
3452 2746 3510 2784 se
3566 2730 3690 2782 alis-

2123 2828 2421 2882 condissct.
2455 2828 2520 2880 Et
2547 2826 2821 2895 quomodo
2850 2824 2993 2877 enim
3028 2838 3087 2876 se
3118 2838 3226 2877 non
3248 2823 3531 2877 celaturus
3554 2822 3689 2876 l'nis-

2124 2918 2243 2973 set?
2275 2916 2469 2971 Sciunt
2504 2932 2716 2979 omnes,
2764 2917 2856 2984 qui
2923 2931 2989 2971 ex
3021 2916 3113 2969 illo
3167 2930 3339 2984 genus
3391 2915 3689 2976 deducunt,

452 3006 632 3072 γεθος.
670 3005 879 3059 Οὐκοῦν
910 3006 973 3057 ἐκ
1007 3004 1385 3073 κατακρίσεως
1414 3003 1446 3070 ἡ
1472 3000 1662 3068 ἄλογος
1690 2997 1829 3067 αὕτη
1858 3016 2021 3051 κατα-

2126 3019 2328 3079 quanta
2358 3008 2702 3063 verecundia:
2743 3008 2887 3061 illius
2919 3008 3085 3063 fuerit
3117 3007 3455 3077 magnitudo.
3506 3007 3692 3074 Itaque.

453 3099 620 3167 σκευή
644 3113 658 3127 ·
694 3099 788 3149 καὶ
827 3096 916 3149 διὰ
947 3093 1107 3148 τοῦτο
1147 3094 1215 3147 τὰ
1249 3094 1347 3163 τῆς
1380 3090 1643 3160 αἰσχύνης
1676 3094 1733 3144 ἐν
1762 3091 1897 3159 αὐτῇ
1928 3089 2022 3143 καὶ

455 3188 595 3259 μόνῃ
629 3185 1087 3256 συμπεριίστατο.
1124 3183 1285 3236 Ἀλλά
1331 3182 1505 3236 ταῦτα
1554 3182 1652 3250 μὲν
1706 3182 1740 3250 ἡ
1778 3181 2022 3248 ἁμαρτία

452 3278 812 3346 ⁴προύξένησε.
855 3276 1009 3329 Ἐπεὶ
1041 3277 1099 3328 δὲ
1163 3274 1271 3345 πρὸ
1323 3274 1424 3343 τῆς
1482 3272 1830 3337 ἐκπτώσεως,
1881 3272 1955 3335 ὡς
1996 3272 2024 3323 6

451 3368 609 3435 λόγος
655 3370 756 3440 ἤδη
803 3369 1017 3438 φθάσας
1075 3367 1382 3437 ἐδήλωσεν,
1433 3365 1737 3435 ἀγγελικῆς
1784 3366 2022 3436 μεγαλο-

459 3462 624 3529 φυῐας
657 3462 948 3532 περίπλεος
980 3459 1096 3530 (85)
1142 3462 1170 3512 6
1205 3459 1423 3529 πρῶτος
1466 3460 1676 3521 ἐκεῖνος
1717 3456 2021 3528 ἄνθρωπος,

456 3556 484 3603 ὁ
522 3551 645 3605 κατ’
692 3553 877 3606 εἰκόνα
928 3550 1131 3621 δηλαδὴ
1180 3549 1550 3619 γεγενημένος
1598 3548 1754 3613 Θεοῦ,
1806 3547 2025 3617 εὔδηλον

466 3647 689 3708 πάντως
721 3646 803 3698 ὅτι
831 3644 922 3697 καὶ
950 3643 1091 3696 κατά
1133 3658 1196 3711 γε
1223 3641 1322 3710 τὴν
1355 3642 1448 3694 τοῦ
1473 3641 1674 3702 παντὸς
1711 3640 2025 3694 συντέλειαν

458 3739 822 3806 γενησόμενος
848 3733 1087 3797 τοιοῦτος
1109 3735 1171 3805 ἐκ
1186 3733 1394 3803 νεκρῶν
1417 3731 1796 3801 ἐγερθήσεται.
1830 3729 1889 3784 Ἦ
1921 3729 2027 3796 γὰρ

456 3832 553 3899 τῆς
580 3829 929 3889 ἀναστάσεως
960 3825 1117 3895 χάρις
1137 3824 1291 3877 οὐδὲν
1321 3824 1450 3894 ἡμῖν
1475 3820 1881 3891 ἐπαγγέλλεται
1912 3821 2029 3879 ἓτε-

380 3916 383 3919 ’
461 3937 553 3987 ρον
583 3920 616 3988 ἢ
646 3920 746 3987 τὴν
771 3919 851 3979 εἰς
897 3915 957 3969 τὸ
999 3916 1224 3985 ἀρχαῖον
1271 3912 1379 3968 τῶν
1414 3910 1782 3966 πεπτωκότων
1812 3911 2026 3964 ἀποκα-

458 4029 744 4065 ταστασιν.

530 4193 671 4263 Πρὸς
698 4190 753 4244 δέ
779 4208 840 4261 γε
872 4192 982 4250 τοῖς
1012 4189 1333 4260 εἰρημένοις
1362 4190 1458 4243 καὶ
1484 4187 1573 4241 τὸν
1606 4186 1881 4240 θειότατον
1912 4184 2030 4254 ἔχο-

465 4266 563 4354 μεν
626 4283 977 4337 Ἀναστάσιον
1032 4282 1160 4350 περὶ
1214 4278 1418 4332 τούτων
1480 4276 1622 4331 οὕτω
1674 4276 1816 4330 κατὰ
1878 4275 2029 4347 ῥῆμα

460 4377 720 4442 διεξιόντα
744 4392 757 4405 ·
792 4394 811 4427 ι
857 4374 1078 4442 Ἐπειδὴ
1109 4373 1290 4426 τοίνυν
1321 4373 1380 4424 ἐν
1409 4377 1487 4439 τῷ
1519 4367 1640 4423 κατ’
1674 4370 1859 4421 εἰκόνα
1892 4367 2027 4419 Θεοῦ

464 4470 823 4540 γεγενημένῳ
878 4468 980 4519 οὐκ
1017 4464 1158 4536 ἧνὴ
1214 4465 1478 4534 διαίρεσις
1533 4460 1695 4530 αὕτη,
1754 4461 1923 4531 ἤγουν
1971 4458 2030 4511 τὸ

464 4566 632 4635 ἄρσεν
664 4562 754 4614 καί
782 4561 842 4613 τὸ
872 4561 1032 4628 θῆλυ,
1068 4558 1187 4610 οὐδὲ
1226 4557 1335 4626 γὰρ
1375 4558 1430 4608 ἐν
1466 4557 1532 4625 τῇ
1575 4554 1693 4624 θείᾳ
1726 4554 1817 4606 καὶ
1850 4569 2031 4623 μακα-

469 4657 557 4726 ρίᾳ
586 4654 756 4707 εἰκόνι
785 4650 1027 4703 τοιοῦτόν
1061 4667 1112 4701 τι
1157 4649 1501 4715 ἐπινενόηται
1531 4661 1547 4677 ⁸
1586 4646 1708 4698 οὐδὲ
1762 4645 1901 4714 μετὰ
1933 4643 2033 4714 τὴν

466 4749 765 4803 ἀνάστασιν
803 4742 991 4795 λοιπὸν
1032 4738 1270 4791 τοιοῦτόν
1318 4753 1371 4789 τι
1422 4735 1531 4807 χρὴ
1587 4736 1902 4807 ἐπιζητεῖν,
1954 4736 2032 4786 ὅτι

470 4837 948 4910 μετασχηματίσει
994 4832 1114 4883 τότε
1170 4829 1231 4881 τὸ
1283 4828 1443 4896 σῶμα
1494 4828 1596 4897 τῆς
1651 4826 2034 4889 ταπεινώσεως

468 4935 624 5005 ἡμῶν
650 4934 677 4984 6
702 4932 909 4998 Σωτήρ.
931 4927 991 4978 Εἰ
1017 4923 1123 4993 γὰρ
1144 4925 1171 4974 6
1194 4922 1288 4990 τῆς
1314 4922 1535 4988 Νύσσης
1563 4921 1716 4987 φησι,
1747 4919 1819 4970 Τὸ
1849 4917 2037 4987 σχῆμα

465 5029 567 5094 τῆς
619 5023 815 5089 ἀλόγου
872 5018 1086 5085 φύσεως
1153 5012 1367 5065 ἐνέδυσε
1431 5010 1568 5079 μετά
1613 5008 1710 5079 τὴν
1760 5008 2036 5076 ἁμαρτίαν

468 5118 615 5187 ἡμᾶς
648 5118 675 5168 6
704 5112 861 5174 Θεὸς,
893 5108 986 5176 ἀφ’
1025 5100 1086 5161 οὗ
1123 5107 1270 5174 μίξις
1310 5104 1404 5155 καὶ
1441 5100 1727 5171 σύλληψις,
1759 5102 1914 5161 τόκος
1942 5098 2037 5150 καί

472 5211 667 5283 ῥύπος,
694 5205 827 5272 θῆλυ
877 5203 974 5255 καὶ
1014 5202 1210 5270 τροφὴ,
1249 5199 1343 5250 καὶ
1398 5198 1431 5266 ἡ
1482 5195 1601 5247 κατ’
1647 5193 1825 5260 ὀλίγον
1858 5194 1949 5244 ἐπὶ
1980 5195 2040 5245 τὸ

435 5290 443 5303 ’
470 5303 681 5355 τέλειον
716 5295 965 5360 αθξησις,
1006 5292 1160 5361 ἀκμή
1200 5306 1261 5342 τε
1293 5289 1389 5341 καὶ
1411 5288 1608 5357 γῆρας,
1640 5285 1792 5347 νόσος
1820 5284 1913 5335 καὶ
1942 5283 2040 5336 θά-

471 5410 631 5456 νατος
658 5407 673 5424 ⁸
705 5389 929 5459 εύδηλον
970 5386 1184 5446 πάντως
1237 5384 1316 5435 ὅτι
1366 5377 1830 5451 μετασχηματίσει
1877 5375 2040 5429 πάλιν

469 5487 620 5558 ἡμᾶς
651 5483 740 5537 τὸν
792 5478 1009 5549 εἰδεχθῆ
1050 5477 1145 5529 καὶ
1198 5473 1392 5541 ἄλογον
1447 5470 1756 5533 ἁπεκδύσας
1810 5467 2038 5539 χιτῶνα,

545 5642 657 5714 (85)
694 5638 849 5694 Forte
880 5632 1276 5706 παραπλήσιος.

2124 3118 2191 3157 ex
2221 3102 2674 3157 condcmnatione
2714 3100 3046 3155 irrationalis
3101 3102 3215 3154 [nec
3248 3099 3603 3164 constitutio;
3636 3110 3692 3153 ot

2125 3209 2221 3263 per
2262 3195 2364 3247 hoc
2395 3193 2447 3245 in
2483 3193 2597 3262 ipsa
2627 3192 2793 3246 etiam
2825 3193 2940 3247 sola
2964 3193 3189 3262 pudoris
3222 3207 3420 3245 census
3453 3192 3692 3246 circum-

2125 3285 2296 3338 stetit.
2332 3282 2436 3337 Sed
2473 3285 2588 3339 bmc
2615 3284 2836 3353 quidem
2862 3295 3149 3353 peccatum
3183 3284 3515 3338 conciliavit.
3548 3282 3695 3349 Quo-

2129 3375 2272 3428 niam
2313 3391 2438 3429 vero
2470 3386 2599 3429 ante
2656 3376 2891 3444 lapsum,
2947 3391 3128 3429 sermo
3173 3376 3285 3443 jam
3348 3385 3694 3431 antevertens

2088 3528 2103 3537 Α,
2126 3464 2423 3518 declaravit
2456 3462 2713 3533 angelica}
2746 3464 3157 3534 magniﬁcentia
3216 3466 3526 3539 proximum
3582 3468 3694 3533 pri-

1999 4336 2147 4391 ποι

2128 3569 2276 3607 mum
2308 3553 2458 3606 illum
2494 3555 2769 3607 hominem
2807 3554 2998 3619 fuisse,
3030 3556 3120 3623 qui
3168 3554 3233 3607 ad
3292 3555 3579 3629 imaginem
3616 3556 3695 3607 vi.

2128 3642 2327 3698 delieet
2364 3642 2455 3697 Dei
2486 3644 2658 3698 factus
2680 3653 2815 3710 erat,
2846 3646 3185 3714 exploratum
3217 3646 3443 3701 omnino
3472 3662 3697 3717 perspe-

2129 3746 2384 3807 ctumque
2409 3747 2500 3792 est
2534 3738 2696 3791 etiam
2722 3738 2777 3792 in
2806 3738 3175 3792 universitatis
3225 3739 3695 3794 consummatione

2131 3829 2292 3883 talem
2324 3828 2570 3882 futurum
2606 3843 2636 3882 a
2673 3829 2910 3882 mortuis
2943 3829 3263 3882 excitatum.
3313 3831 3695 3884 Resurrectio-

2129 3916 2216 3969 nis
2240 3916 2385 3968 enim
2412 3915 2579 3985 gratia
2610 3915 2749 3967 nihil
2769 3915 2933 3969 nobis
2966 3915 3114 3968 aliud
3164 3917 3477 3984 pollicetur,
3533 3904 3695 3985 quam

2131 4020 2319 4061 eorum
2350 4006 2444 4075 qui
2470 4004 2783 4060 ceciderunt
2837 4004 2892 4058 in
2918 4004 3212 4072 pristinum
3274 4014 3472 4059 statum
3515 4021 3698 4059 resur-

2133 4095 2428 4151 rectionem
2441 4137 2453 4150 .

2202 4187 2405 4241 Praeter
2448 4194 2629 4240 autem
2659 4184 2805 4242 dicta
2838 4186 2999 4241 etiam
3031 4186 3431 4243 divinissimum
3463 4192 3698 4243 Anasta-

2134 4277 2272 4332 sium
2308 4277 2572 4332 habemus
2606 4277 2690 4330 bis
2730 4277 2908 4330 verbis
2938 4276 3295 4332 disserentem
3327 4294 3340 4330 :
3374 4296 3392 4328 ‹
3428 4278 3697 4343 Quoniam

2136 4370 2296 4440 igitur
2335 4370 2386 4424 in
2417 4384 2502 4432 eo,
2560 4368 2653 4438 qui
2704 4369 2770 4423 ad
2807 4369 3095 4439 imaginem
3150 4369 3240 4422 Dei
3296 4368 3469 4422 factus
3497 4369 3697 4427 fuerat.

2131 4476 2241 4516 non
2270 4472 2385 4515 erat
2418 4461 2713 4516 discrimen
2747 4462 2870 4523 hoc,
2915 4460 3192 4514 masculus
3236 4459 3491 4514 videlicet
3532 4469 3586 4514 et
3619 4460 3702 4514 [σο

2130 4552 2304 4607 mina:
2325 4567 2499 4621 neque
2525 4552 2670 4606 enim
2694 4552 2750 4605 in
2776 4551 2957 4605 divina
2987 4560 3041 4605 et
3062 4552 3217 4604 beata
3254 4551 3484 4620 imagine
3514 4550 3703 4620 hujus-

2132 4644 2278 4699 modi
2326 4644 2528 4712 aliquid
2571 4642 2927 4712 concipitur:
2962 4657 3138 4711 neque
3181 4652 3301 4711 post
3343 4643 3699 4697 resurrectio—

2134 4751 2261 4789 nem
2292 4736 2397 4789 tale
2429 4734 2628 4803 aliquid
2658 4733 2926 4802 reliquum
2960 4732 3241 4801 requirere
3281 4742 3530 4800 oportet;
3566 4749 3701 4802 quo-

2136 4826 2279 4880 niam
2311 4824 2718 4880 transiormabit
2753 4833 2881 4878 tunc
2915 4839 3114 4890 corpus
3151 4823 3474 4877 humilitatis
3499 4836 3703 4878 nostra:

2137 4918 2409 4974 Servator.
2430 4918 2484 4972 Si
2508 4918 2650 4970 enim
2676 4916 2956 4987 Nyssenus
2979 4918 3074 4977 ait,
3095 4915 3347 4971 Habitum
3371 4917 3706 4971 irrationalis

2139 5022 2344 5065 naturw
2400 5011 2589 5065 induit.
2630 5018 2748 5078 post
2798 5020 3075 5078 peccatum
3142 5024 3241 5063 nos
3298 5011 3461 5073 Deus,
3490 5026 3554 5063 ex
3598 5026 3705 5078 qun

2138 5102 2318 5155 coitus
2343 5108 2398 5153 et
2442 5099 2761 5167 conceptio;
2800 5101 2997 5168 partio,
3048 5108 3101 5153 et
3146 5101 3373 5163 sordes;
3409 5100 3607 5161 femina
3649 5114 3703 5151 et

2141 5191 2554 5252 nutrimentum,
2588 5202 2643 5244 et
2686 5190 2905 5242 tacitum
2930 5188 2994 5242 ad
3027 5190 3407 5258 perfectionem
3444 5203 3703 5256 augmen-

2142 5290 2289 5346 tum;
2318 5279 2516 5333 ﬂorens
2550 5293 2703 5343 mlas,
2734 5290 2788 5333 ct
2818 5290 3101 5344 senectus;
3157 5282 3375 5334 morbus
3408 5290 3459 5331 ct
3513 5295 3659 5334 mors
3685 5299 3698 5333 :

2141 5369 2488 5424 manifestum
2515 5368 2738 5424 omnino
2768 5379 2851 5423 est
2883 5385 2984 5422 nos
3024 5385 3141 5423 esse
3183 5370 3376 5421 iterum
3434 5367 3705 5421 transfor-

2145 5469 2441 5528 maturum,
2462 5475 2583 5517 cum
2604 5459 3046 5530 supcrinductam
3072 5468 3125 5513 et
3155 5457 3522 5513 irrationaiem
3558 5460 3704 5514 tuni-
