4088 6186
398 284 506 350 7ῖὸ

1670 272 2092 335 MICHAELIS
2130 272 2387 333 GLYCE

3521 269 3628 332 776

400 418 517 458 cam
548 399 761 455 exuerit
786 438 801 463 ,
841 408 999 466 atque
1047 396 1172 450 inde
1232 409 1332 449 nos
1383 394 1450 448 ab
1489 393 1742 448 omnibus
1775 394 1969 448 libera-

2090 392 2369 446 ιάντευθεν
2417 388 2735 456 ἀπαλλάξας
2794 387 2943 457 ἡμᾶς
2998 389 3235 454 πάντων,
3294 380 3370 441 ὧν
3423 389 3633 441 ἐκεῖθεν

401 495 561 557 verit,
588 507 707 563 quae
746 490 869 545 inde
903 488 1311 558 participanius.
1348 485 1403 540 Si
1442 485 1587 539 enim
1621 486 1840 540 habitus
1874 486 1964 539 ille

401 588 549 642 circa
599 599 695 637 nos
730 596 839 635 non
888 580 992 634 erit
1034 580 1187 647 juxta
1229 577 1409 631 divum
1443 576 1785 646 Gregorium,
1828 592 1964 643 quo-

404 675 562 732 modo
593 674 769 735 nobis,
804 687 923 740 qua:
953 670 1073 738 ejus
1114 669 1331 739 pr0pria
1377 676 1505 720 sunt
1553 666 1967 736 relinquentur?

401 767 669 821 Caeterum
703 761 1115 815 transformabit
1151 775 1269 826 nos,
1295 760 1513 827 quando
1543 758 1780 811 tunicam
1809 756 1967 811 nobis

400 875 464 913 ex
500 854 675 910 brutis
721 837 1166 924 superinductam
1210 853 1425 907 tandem
1461 851 1726 916 destruet,
1754 860 1808 905 ct
1836 850 1969 904 tales

399 946 651 1001 ostendet
688 945 909 1005 iterum,
944 943 1133 1011 quales
1179 957 1207 995 a
1245 941 1516 1010 principio
1549 941 1721 1003 finxit,
1748 940 1967 1009 quando

401 1038 611 1093 scilicet
664 1037 899 1105 primum
946 1034 1097 1087 illum
1152 1033 1428 1085 hominem
1487 1031 1764 1101 produxit.
1803 1050 1821 1082 ι
1892 1029 1969 1084 Ita

399 1125 616 1193 quidem
645 1123 831 1190 igitur,
850 1138 882 1175 ο
912 1120 1273 1182 sanctissime,
1302 1122 1463 1175 etiam
1498 1121 1714 1175 divinus
1745 1124 1971 1174 Anasta-

401 1218 515 1270 sius
574 1229 699 1268 cum
756 1213 997 1267 audisset
1059 1226 1316 1281 magnum
1368 1212 1594 1265 Paulum
1661 1213 1970 1267 dicentem:

408 1326 426 1357 ι
461 1304 898 1360 Translormahit
947 1314 1080 1357 tunc
1133 1319 1332 1372 corpus
1388 1304 1715 1358 humilitatis
1772 1316 1975 1358 nostrae

404 1398 690 1462 Scrvator;
726 1415 745 1448 ι
786 1396 864 1448 Ad
894 1396 993 1449 alia
1025 1396 1484 1465 specie,dicehat,
1507 1403 1562 1449 et
1594 1397 1765 1451 altero
1786 1396 1973 1467 habitu

404 1504 635 1558 corpora
664 1487 887 1541 ferenda
927 1497 1054 1540 tunc
1100 1503 1483 1557 resurgemus;
1522 1487 1676 1554 juxta
1717 1486 1975 1541 similitu-

405 1580 591 1634 dinem
652 1577 910 1631 videlicet
956 1576 1107 1646 grani
1156 1584 1210 1630 et
1250 1576 1432 1645 spicae.
1486 1574 1592 1630 Sed
1645 1592 1714 1630 ne
1763 1585 1976 1630 metuas

403 1680 708 1740 prepterea.
736 1667 867 1721 Vide
890 1667 1036 1721 enim
1067 1676 1121 1721 et
1162 1679 1289 1722 vere
1330 1683 1585 1738 magnum
1619 1667 1845 1739 Paulum
1877 1667 1975 1720 ist-

405 1764 520 1831 hue
557 1762 737 1831 ipsum
793 1769 981 1828 aperte
1026 1759 1186 1813 nobis
1222 1758 1687 1813 demonstrantem
1720 1758 1921 1814 dixisse
1956 1775 1970 1813 :

408 1872 428 1905 ι
467 1830 593 1908 έθιί
624 1852 772 1907 dicet
808 1850 1007 1920 aliquis
1058 1852 1126 1905 de
1171 1851 1562 1905 resurrecturis
1610 1865 1674 1903 ex
1722 1849 1971 1913 mortuis,

404 1944 547 2015 quali
579 1958 809 2015 corpore
849 1943 1112 1997 venient?
1148 1942 1348 2006 Stulte,
1379 1942 1522 2011 quod
1572 1942 1830 2006 seminas,
1865 1955 1975 1994 non

405 2053 605 2107 corpus
637 2036 880 2091 futurum
928 2037 1189 2099 seminas,
1236 2036 1329 2089 sed
1367 2038 1570 2089 nudum
1623 2051 1853 2104 granum
1890 2034 1984 2088 vcl‘

407 2129 548 2183 forte
578 2128 768 2191 tritici,
801 2128 884 2181 vel
910 2126 1125 2191 hordei,
1155 2127 1238 2181 vel
1273 2127 1496 2182 alterius
1528 2127 1758 2195 alicujus
1786 2126 1975 2194 hujus-

410 2222 595 2284 modi;
626 2221 770 2275 Deus
802 2230 982 2273 autem
1014 2220 1108 2273 dat
1147 2217 1249 2286 ipsi
1297 2233 1495 2288 corpus
1544 2220 1686 2272 sicut
1725 2219 1914 2273 voluit.
1953 2237 1971 2270 ι

407 2313 486 2365 Ne
518 2312 711 2364 timeas
739 2310 923 2378 igitur,
968 2310 1061 2363 sed
1095 2309 1277 2377 putius
1309 2308 1610 2378 obsequere
1636 2310 1978 2363 divinissimo

411 2402 700 2457 Anastasio
738 2400 965 2461 dicenti,
1016 2400 1483 2463 transformattfm,
1532 2409 1585 2454 ct
1627 2402 1977 2471 transfigura-

412 2503 525 2546 tum
563 2492 625 2544 iri
678 2501 808 2546 tunc
845 2506 1065 2558 corpus.
1098 2499 1153 2545 et
1200 2491 1305 2545 tale
1351 2500 1780 2546 resorrecturum
1821 2488 1981 2560 quale

410 2583 572 2636 initio
595 2589 749 2646 erat;
778 2596 882 2633 non
908 2579 1149 2649 profecto
1179 2581 1304 2646 tale,
1327 2581 1487 2650 quale
1513 2582 1745 2636 secunda
1770 2583 1981 2636 factura

410 2673 587 2742 ipsum
647 2673 979 2737 construxit;
1044 2687 1206 2727 causa
1270 2672 1416 2726 enim
1488 2673 1697 2739 ablata,
1761 2683 1982 2744 prepter

411 2778 573 2832 quam
601 2762 794 2815 horum
829 2762 1114 2817 h'abituum
1150 2762 1459 2817 differentia
1495 2763 1709 2817 inducta
1738 2772 1839 2828 est,
1881 2778 1982 2817 nc-

411 2853 710 2907 ccssarium
740 2853 962 2906 omnino
990 2862 1074 2907 est
1120 2861 1174 2906 et
1204 2851 1566 2907 differentiam
1605 2868 1725 2921 quae
1759 2852 1979 2916 accidit,

413 2946 530 3000 tolli
560 2954 923 3015 postremum,
961 2954 1015 2999 et
1057 2946 1195 3001 tales
1235 2961 1427 3000 omnes
1459 2959 1763 3015 resurgere,
1806 2945 1984 3014 qualis

2072 486 2396 554 μετέχομεν.
2427 482 2489 533 Εἰ
2523 481 2631 549 γὰρ
2658 480 2719 532 τὸ
2756 480 2941 548 σχῆμα
2980 480 3157 533 ἐκεῖνο
3193 479 3322 549 περὶ
3356 480 3504 549 ἡμᾶς
3532 479 3634 533 olnt

2066 577 2219 628 ἔσται
2252 577 2391 627 κατά
2425 573 2515 625 τὸν
2566 568 2709 624 θεῖον
2756 571 3080 640 Γρηγόριον,
3136 570 3255 633 πῶς
3300 571 3433 638 ἡμῖν
3475 571 3543 623 τὰ
3577 572 3637 634 ἐξ

2067 669 2278 720 ἐκείνου
2328 666 2848 732 ύπολειφθείσεταις
2898 661 3392 730 Μετασχηματίσει
3447 660 3638 714 λοιπὸν

2068 760 2215 829 ήμὶς
2254 757 2416 826 ἡνίκα
2446 755 2535 809 τὸν
2582 756 2645 808 ὲκ
2677 754 2786 806 τῶν
2834 751 3044 821 ἀλόγων
3092 753 3221 821 ἡμῖν
3270 750 3636 818 ἐπιϐληθέντα

2069 851 2278 921 χιτῶνα
2336 849 2517 901 τέλεον
2550 845 2942 903 ἀποσκευάσει.
2984 842 3082 896 καὶ
3124 841 3403 905 τοιούτους
3430 840 3615 894 ἀναδεί

2071 942 2153 1006 Est
2179 942 2344 996 πάλιν
2379 940 2596 1001 ὁποίους
2630 938 2835 991 ἔπλασε
2867 934 2990 989 κατ’
3017 933 3214 1006 ἀρχὰς,
3248 932 3411 1003 ήνίκα
3439 931 3640 1001 δηλαδὴ

2069 1032 2161 1086 τὸν
2196 1031 2412 1100 πρῶτον
2457 1031 2666 1083 ἐκεῖνον
2709 1026 3034 1095 παρήγαγεν
3083 1024 3389 1093 ἄνθρωπον,
3431 1041 3449 1074 ι
3482 1022 3641 1075 Οὕτω

2074 1122 2175 1192 μὲν
2202 1117 2313 1185 οὖν,
2342 1118 2629 1182 ὁσιώτατε,
2662 1118 2759 1171 καὶ
2787 1118 2814 1170 6
2844 1116 2984 1177 θεῖος
3020 1113 3375 1174 Ἀναστάσιος
3404 1111 3641 1174 ἀκούσας

2070 1215 2165 1267 τοῦ
2210 1215 2451 1283 μεγάλου
2498 1211 2716 1265 Παύλου
2757 1211 3032 1277 λέγοντος,
3074 1208 3157 1259 ὅτι
3213 1225 3231 1259 ι
3271 1206 3643 1276 Μετασχημα-

2072 1304 2213 1356 τίσει
2246 1302 2369 1355 τότε
2401 1301 2460 1353 τὸ
2516 1301 2675 1368 σῶμα
2727 1300 2826 1367 τῆς
2861 1296 3250 1359 ταπεινώσεως
3284 1296 3443 1365 ἡμῶν
3471 1297 3500 1348 6
3532 1296 3644 1347 Σω-

2074 1395 2200 1464 τὴρ,
2244 1411 2261 1444 ι
2293 1392 2458 1446 ’Λλλο
2503 1387 2663 1457 εἶδος,
2693 1391 2868 1457 ἔλεγε,
2916 1390 3010 1442 καὶ
3036 1389 3224 1457 ἓτερον
3274 1392 3463 1459 σχῆμα
3493 1392 3647 1458 ἐγερ-

2078 1489 2357 1558 θησὸμεθα
2410 1489 2531 1539 τότε
2571 1486 2758 1555 φέρειν
2809 1482 3062 1552 σώματα,
3119 1481 3262 1534 κατά
3306 1482 3407 1549 τὴν
3458 1480 3645 1531 εἰκόνα

2076 1580 2276 1650 δηλαδὴ
2304 1578 2396 1632 τοῦ
2431 1578 2653 1640 κόκκου,
2686 1575 2781 1627 καὶ
2828 1572 2924 1625 τοῦ
2972 1573 3224 1640 στάχυος.
3260 1569 3424 1622 Ἀλλὰ
3460 1568 3534 1637 μὴ
3563 1568 3650 1619 δέ-

2078 1674 2186 1725 διθι
2218 1671 2413 1725 τούτου
2446 1669 2654 1722 ἕνεκεν.
2689 1667 2832 1735 Ὅρα
2878 1666 2988 1734 γὰρ
3034 1666 3115 1717 ὅτι
3155 1664 3249 1716 καὶ
3285 1664 3314 1715 6
3344 1661 3648 1728 πάμμεγας

2082 1767 2293 1827 Παῦλος
2326 1764 2457 1817 αὐτὸ
2486 1761 2643 1816 τοῦτο
2671 1760 2859 1825 σαφῶς
2890 1758 3023 1828 ἡμῖν
3058 1753 3416 1823 ὑπεμφαίνων
3442 1752 3649 1818 ἔλεγενο

2090 1877 2108 1911 ι
2150 1855 2291 1910 Ἀλλ’
2316 1855 2432 1925 ἐρεῖ
2461 1871 2543 1915 τις
2576 1851 2706 1922 περὶ
2740 1851 2848 1903 τῶν
2880 1846 3329 1916 ὲγερθησομένων
3355 1846 3420 1896 ὲκ
3444 1843 3653 1912 νεκρῶν

2081 1948 2257 2019 ὁποίῳ
2289 1946 2509 2015 σώματι
2548 1943 2838 2014 ἔρχονται;
2872 1943 3101 2010 Ἴμβρον,
3133 1938 3161 1990 ὅ
3205 1936 3473 2005 σπείρεις,
3506 1934 3566 1987 ού
3594 1935 3653 1986 τδ

2086 2041 2248 2110 σῶμα
2275 2040 2336 2091 τὸ
2370 2034 2738 2104 γενησόμενον
2806 2031 3077 2101 σπείρεις,
3113 2027 3251 2082 ἀλλά
3288 2026 3495 2094 γυμνὸν
3525 2025 3655 2075 κόκ-

2086 2149 2181 2185 κον
2215 2130 2263 2182 εἰ
2297 2128 2434 2198 τύχη
2474 2126 2621 2179 σίτου
2653 2124 2686 2196 ἢ
2732 2123 2927 2194 κριθῆς
2956 2121 2989 2191 ἢ
3024 2121 3211 2187 ἑτέρου
3253 2118 3365 2169 τῶν
3394 2116 3653 2169 τοιούτων

2084 2222 2252 2285 τινός.
2292 2220 2349 2273 Ὀ
2380 2220 2435 2271 δὲ
2486 2218 2618 2279 Θεὸς
2647 2216 2862 2269 δίδωσιν
2896 2210 3046 2281 αὐτῷ
3098 2208 3279 2279 σῶμα,
3315 2207 3498 2270 καθὼς
3530 2207 3652 2275 ἠθέ-

2086 2316 2285 2384 λησε.»
2318 2311 2410 2382 Μὴ
2468 2308 2632 2362 δέδιθι
2688 2306 2825 2362 οὖν’
2878 2303 3151 2374 συγγνῶθι
3206 2300 3263 2355 δὲ
3312 2300 3516 2369 μᾶλλον
3574 2300 3653 2367 τῷ

2087 2408 2348 2477 θειοτάτῳ
2384 2401 2723 2471 ’Δναστασίῳ
2772 2400 3011 2468 λέγοντι,
3056 2398 3140 2450 ὅτι
3197 2392 3654 2468 μεταμορφοῦται

2087 2504 2183 2556 καὶ
2220 2494 2764 2571 μετασχηματίζεται
2810 2494 2932 2546 τότε
2969 2493 3031 2545 τδ
3061 2494 3242 2559 σῶμα,
3281 2490 3374 2543 καὶ
3411 2486 3656 2541 τοιοῦτον

2087 2594 2365 2663 ἐγείρεται
2398 2592 2582 2643 ὁποῖον
2616 2583 2684 2657 ἦν
2723 2585 2820 2640 ἀπ’
2846 2586 3042 2655 ἀρχῆς.
3077 2583 3286 2636 Οὐκοῦν
3321 2599 3383 2655 γε
3418 2581 3657 2635 τοιοῦτον

2089 2687 2272 2741 ὁποῖον
2303 2686 2336 2753 ἡ
2366 2680 2598 2751 δευτέρα
2654 2680 2877 2747 ποίησις
2932 2678 3064 2729 αὐτὶ
3113 2675 3513 2729 κατεσκεύασε.
3549 2672 3660 2742 Τῆς

2088 2777 2198 2846 γὰρ
2230 2774 2410 2836 αἰτίας
2442 2768 2896 2842 περιαιρεθείσης
2944 2765 3011 2818 δι’
3041 2766 3108 2836 ἢν
3140 2766 3173 2835 ἡ
3220 2765 3329 2817 τῶν
3365 2762 3659 2835 σχημάτων

2089 2863 2320 2918 τουτωνὶ
2347 2857 2693 2929 παρεισήχθη
2731 2856 2987 2926 διαφορὰ,
3020 2855 3233 2925 ἀνάγκη
3266 2854 3415 2907 πᾶσα
3446 2852 3537 2905 καὶ
3562 2851 3660 2921 τήν

2090 2936 2510 3027 συμϐεϐηκυῖαν
2540 2950 2767 3019 ὕστερον
2798 2948 3224 3020 περιαιρεθῆναι
3253 2946 3535 3015 διαφορὰν,
3567 2944 3661 2998 καὶ

413 3048 530 3093 erat
559 3039 764 3108 primus
807 3039 1009 3105 homo;
1051 3039 1141 3093 ille
1170 3039 1448 3099 videlicet,
1479 3039 1569 3108 qui
1620 3038 1686 3092 ad
1728 3037 1822 3093 Dei
1852 3038 1983 3092 ima—

2090 3046 2326 3102 τοιοῦτοι
2364 3043 2667 3113 ἐγερθῆναι
2718 3040 2959 3101 ἅπαντες
3018 3040 3201 3102 ὁποῖος
3253 3033 3323 3108 ἦν
3371 3040 3398 3090 6
3446 3036 3660 3107 πρῶτος

415 3131 596 3200 ginem
631 3130 884 3184 conditus
907 3141 1011 3184 est.
1057 3130 1156 3185 Hic
1204 3140 1257 3184 et
1282 3145 1509 3201 magnus
1537 3130 1869 3185 Athanasius
1902 3131 1983 3184 vi-

418 3223 556 3277 dens
584 3237 809 3291 ea,qum
840 3223 1297 3276 resurrectionem
1330 3222 1585 3287 attinent,
1611 3223 1677 3275 ad
1715 3222 1863 3275 illum
1904 3236 1989 3276 re-

420 3313 634 3383 spicere
661 3327 826 3364 unum
847 3321 901 3365 ct
925 3311 1161 3380 primum
1191 3312 1490 3376 hominem,
1520 3321 1579 3365 ut
1606 3313 1988 3381 supradictum

419 3414 507 3461 est
529 3422 544 3470 ;
569 3414 624 3457 et
647 3403 946 3456 secundum
980 3403 1128 3455 illum
1174 3404 1227 3456 in
1247 3405 1659 3472 regeneratione
1681 3419 1871 3458 omnes
1903 3419 1989 3457 re-

422 3504 795 3555 surrecturos,
824 3494 890 3548 ad
918 3494 1249 3548 Antiochum
1277 3494 1492 3548 dicebat
1520 3511 1533 3549 :
1573 3514 1590 3547 ι
1624 3494 1681 3549 In
1712 3509 1992 3550 resurrec-

423 3587 570 3641 tione
600 3599 709 3639 non
741 3593 825 3638 est
851 3583 1128 3638 masculus
1172 3591 1226 3637 et
1263 3583 1465 3637 femina
1490 3601 1505 3648 ;
1535 3600 1641 3637 non
1686 3599 1885 3653 parvus
1938 3593 1990 3640 et

423 3689 688 3743 magnus;
723 3689 833 3727 non
860 3673 1016 3743 niger
1044 3683 1099 3728 et
1140 3673 1348 3738 flavus;
1381 3689 1491 3727 non
1531 3674 1692 3729 variae
1735 3674 1899 3729 facies
1939 3683 1991 3730 et

423 3762 668 3818 habitus.
718 3761 911 3817 Omnis
962 3763 1109 3816 enim
1158 3762 1399 3816 hominis
1445 3761 1622 3833 imago
1662 3762 1854 3817 similis
1889 3762 1994 3819 erit

427 3866 556 3911 tunc
582 3854 774 3910 Adami
810 3853 1056 3921 imagini,
1094 3862 1150 3908 et
1180 3854 1405 3920 fictioni,
1441 3863 1497 3907 et
1528 3854 1911 3923 magnitudini,
1940 3864 1994 3910 et

428 3948 654 4003 habitui‘.
684 3966 703 4001 ι
732 3946 789 4001 Si
828 3961 959 4001 vero
990 3946 1105 4000 haec
1143 3945 1216 4003 ita
1249 3960 1308 4000 se
1348 3945 1584 4013 habent;
1624 3946 1668 4002 si
1694 3950 1995 4003 secundum

427 4039 658 4107 primum
703 4037 856 4093 illum
887 4037 1165 4092 hominem
1210 4051 1314 4091 una
1362 4037 1543 4105 specie
1576 4044 1632 4091 et
1669 4038 1875 4092 liabitu'
1904 4054 1995 4091 re-

427 4137 655 4199 surgent
678 4142 891 4195 omnes,
918 4138 979 4182 ut
1012 4127 1141 4182 inde
1170 4127 1379 4182 nullum
1421 4132 1491 4184 sit
1522 4129 1816 4185 discrimen
1848 4144 1997 4185 mas-

427 4221 533 4277 culi
562 4230 614 4274 et
656 4220 892 4287 femina,
935 4220 1088 4291 parvi
1132 4230 1187 4275 et
1225 4221 1428 4291 magni,
1458 4221 1598 4291 nigri
1626 4231 1679 4275 et
1708 4221 1998 4292 flavi,quid

426 4327 566 4382 opus
594 4322 682 4369 est
715 4312 894 4368 adhuc
938 4311 1085 4382 loqui
1132 4312 1201 4368 de
1249 4313 1343 4367 illo
1388 4314 1614 4369 habitu?
1653 4311 1862 4369 Tacere
1897 4330 2007 4371 nos.

2094 3140 2407 3211 ἀνθρωπος,
2439 3139 2466 3189 6
2495 3134 2622 3188 κατ’
2648 3134 2846 3187 ἐἰκόνα
2879 3133 3079 3202 δηλαδὴ
3108 3130 3477 3200 γεγενημένος
3505 3129 3658 3183 Θεοῦ.

2095 3232 2281 3300 Ἰἀύτῃ
2322 3246 2406 3281 τοι
2439 3228 2535 3280 καὶ
2568 3227 2743 3297 μέγας
2788 3225 3109 3288 Ἀθανάσιος
3161 3222 3315 3285 εἰδὼς
3347 3222 3429 3274 ὅτι
3470 3222 3541 3274 τὰ
3568 3224 3662 3289 τῆς

2097 3322 2448 3383 ἀναστάσεως
2497 3320 2576 3381 εἰς
2624 3319 2832 3371 ἐκεῖνον
2877 3317 3151 3387 ἀφορᾶται
3185 3314 3283 3367 ἕνα
3324 3314 3418 3367 καὶ
3450 3313 3665 3384 πρῶτον

2096 3411 2410 3480 ἄνθρωπον,
2439 3408 2514 3472 ὡς
2561 3408 2674 3463 ἄνω
2699 3408 3026 3475 διείληπται,
3062 3408 3156 3460 καὶ
3187 3407 3269 3459 ὅτι
3299 3406 3421 3459 κατ’
3459 3406 3667 3457 ἐκεῖνον

2098 3505 2157 3555 ὲν
2189 3504 2256 3573 τῇ
2311 3500 2709 3572 παλιγγενεσία
2765 3498 2969 3560 πάντες
3031 3497 3472 3568 ἀναστησόμεθα,
3531 3498 3666 3566 πρὶς

2111 3594 2384 3663 Ἀντίοχον
2417 3592 2601 3660 ἔλεγεν
2625 3609 2638 3622 °
2676 3609 2695 3643 ι
2718 3592 2805 3645 Ἐν
2831 3593 2897 3661 τῇ
2929 3592 3227 3644 ἀναστάσει
3257 3590 3356 3644 οὐκ
3386 3586 3536 3642 ἔστιν
3567 3589 3664 3651 ἀρ-

2102 3701 2195 3738 σεν
2231 3687 2326 3738 καὶ
2359 3683 2492 3754 θῆλυ
2516 3698 2531 3714 ·
2558 3683 2619 3735 οὐ
2659 3679 2854 3752 μικρὸς
2898 3682 2994 3735 καὶ
3030 3681 3202 3748 μέγας
3221 3663 3250 3714 θ’
3272 3680 3333 3733 ού
3374 3680 3543 3748 μέλας
3575 3680 3669 3731 καὶ

2102 3776 2329 3842 ξανθός·
2368 3780 2430 3827 οὐ
2460 3774 2694 3843 διάφορά
2734 3789 2792 3825 τε
2836 3772 3107 3842 πρόσωπά
3143 3788 3205 3825 τε
3250 3772 3345 3824 καὶ
3390 3771 3663 3840 σχήματα.

2103 3870 2263 3923 Πᾶσα
2313 3867 2406 3920 καὶ
2460 3866 2570 3936 γὰρ
2626 3864 2916 3939 ἀνθρώπου
2962 3863 3125 3918 εἰκὼν
3172 3863 3333 3933 ὁμοία
3364 3862 3516 3931 ξσται
3550 3863 3666 3914 τότε

2100 3962 2201 4031 τῆς
2225 3960 2395 4029 Ἀδὰμ
2428 3958 2634 4019 εἰκόνος
2673 3958 2769 4011 καὶ
2799 3955 3073 4020 πλάσεως,
3116 3957 3211 4009 καὶ
3258 3955 3547 4026 μεγέθους,
3577 3956 3669 4009 καὶ

2105 4052 2406 4122 σχήματος.
2442 4068 2461 4102 ι
2494 4050 2556 4103 Εἰ
2599 4048 2657 4101 δὲ
2696 4047 2871 4102 ταῦτα
2899 4048 3072 4110 οὓτως
3104 4048 3241 4119 ἔχει,
3293 4050 3533 4101 εἰκατά
3577 4049 3667 4100 τὸν

2107 4145 2321 4215 πρῶτον
2359 4144 2566 4195 ἐκεῖνον
2596 4141 2885 4211 ἄνθρωπον
2916 4139 2973 4192 ἒν
3010 4136 3155 4204 εἶδος
3185 4141 3279 4193 καὶ
3310 4123 3494 4211 σχῆμα
3523 4140 3666 4206 ἐγεί-

2105 4249 2287 4304 Ρονται
2316 4231 2577 4294 ἅπαντες,
2610 4230 2686 4292 ὡς
2716 4227 2967 4283 ἐντεῦθεν
2999 4228 3073 4298 μὴ
3100 4223 3238 4282 εἶναι
3276 4227 3540 4297 διαφορὰν
3568 4229 3666 4297 ἆρ-

2106 4318 2261 4390 ρενός
2290 4335 2349 4370 τε
2384 4317 2479 4371 καὶ
2517 4316 2732 4387 θήλεος,
2770 4316 2968 4387 μικροῦ
3008 4318 3103 4368 καὶ
3136 4318 3398 4387 μεγάλου,
3440 4318 3666 4387 μέλανός

428 4418 596 4474 super
648 4404 735 4459 his
788 4412 1027 4474 praestat,
1075 4413 1133 4459 et
1181 4419 1362 4474 neque
1413 4405 1534 4475 ejus
1585 4404 1983 4473 formationem,

2102 4425 2161 4461 τε
2186 4408 2282 4461 καὶ
2319 4405 2514 4473 ξανθοῦ
2542 4424 2556 4440 ⁸
2584 4407 2638 4461 τί
2666 4408 2773 4478 χρὴ
2792 4409 2886 4460 καὶ
2912 4406 3092 4473 λέγειν
3117 4409 3243 4478 περὶ
3269 4407 3362 4461 τοῦ
3393 4411 3665 4477 σχήματος

428 4493 606 4561 qualis
651 4494 775 4559 erit,
820 4493 1091 4548 curiosius
1121 4494 1425 4562 inquirere,
1463 4506 1564 4549 nec
1596 4496 1872 4564 quomodo
1902 4511 1999 4550 vo-

430 4585 693 4640 cabimus.
733 4586 793 4640 Si
822 4587 967 4640 enim
1008 4586 1176 4640 maris
1217 4597 1271 4640 et
1304 4585 1520 4643 feminae
1550 4587 1843 4643 discrimen
1888 4603 1999 4644 non

430 4679 610 4742 habet,
642 4680 865 4733 omnino
898 4677 1061 4733 fuerit
1104 4679 1348 4748 phoenix,
1380 4679 1553 4734 Arabs
1590 4680 1846 4745 volucris,
1878 4695 2001 4751 quae

430 4768 770 4837 splendidam
806 4769 862 4822 in
894 4784 950 4822 se
976 4769 1090 4838 ipsa
1125 4769 1283 4839 primi
1310 4770 1454 4826 illius
1483 4771 1675 4826 Adami
1704 4772 1997 4843 imaginem

431 4858 571 4923 fert;
632 4874 701 4913 ne
761 4859 935 4913 dicam
999 4860 1438 4916 molestissimum
1507 4878 1776 4930 vermem,
1837 4864 1997 4917 talem

430 4948 713 5017 quiescere
740 4957 979 5002 nostram
1014 4951 1473 5018 negotiositatem.

499 5236 579 5286 An
614 5247 742 5287 vero
784 5233 833 5286 in
870 5236 1269 5289 resurrectione
1309 5244 1669 5305 cognoscetur
1713 5234 1911 5289 femina
1944 5244 1999 5290 et

432 5339 568 5386 mas,
600 5339 709 5377 uno
743 5334 799 5378 et
824 5325 1013 5379 eodem
1049 5326 1234 5378 habitu
1264 5325 1523 5380 omnibus
1553 5324 1993 5393 resurgentibus,

429 5412 677 5469 dubitare
704 5430 825 5478 nos,
854 5415 1043 5485 procul
1078 5431 1109 5470 a
1140 5415 1354 5469 ratione
1385 5415 1614 5470 recedit.
1647 5414 1701 5469 Si
1746 5415 1913 5476 enim,
1941 5424 1999 5470 ut

429 5508 695 5562 auriﬂuus
732 5507 972 5563 Joannes
1016 5509 1239 5572 ait,non
1289 5508 1377 5561 hic
1430 5516 1585 5562 notos
1623 5515 1856 5569 tantum,
1902 5508 1997 5563 sed

426 5612 522 5650 eos
553 5613 692 5667 quos
714 5613 991 5669 nunquam
1020 5598 1277 5663 vidimus,
1297 5614 1424 5652 cum
1449 5598 1651 5654 ibidem
1681 5598 1997 5663 viderimus,

432 5701 854 5756 cognoscemus;
890 5691 1344 5759 quemadmodum
1375 5701 1522 5747 certe
1549 5700 1603 5747 et
1631 5675 1997 5747 Abrahamum

2103 4500 2344 4566 ἐκείνους
2399 4500 2621 4570 Σιωπᾷν
2669 4500 2816 4569 ἡμᾶς
2866 4498 2958 4550 ἐπὶ
3004 4500 3215 4561 τούτοις
3270 4499 3519 4566 ἄμεινον,
3575 4501 3665 4552 καὶ

2105 4592 2247 4663 μήτε
2279 4592 2378 4659 τὴν
2405 4592 2571 4645 αὐτοῦ
2600 4592 2803 4645 πλάσιν
2831 4590 2989 4645 ὁποία
3015 4591 3097 4654 τίς
3128 4592 3243 4644 ἐστι
3271 4592 3663 4662 πολυπραγμο-

2103 4688 2235 4751 νεῖν,
2273 4688 2409 4757 μήτε
2449 4687 2567 4748 πῶς
2597 4686 2927 4755 καλέσομεν,
2955 4686 3070 4754 εῐγε
3104 4685 3203 4756 τὴν
3237 4688 3379 4740 κατὰ
3409 4687 3467 4738 τὸ
3497 4688 3665 4757 ἄρρεν

2102 4777 2199 4829 καὶ
2229 4774 2363 4844 θῆλυ
2391 4775 2491 4829 οὐκ
2522 4774 2635 4845 ἔχει
2664 4775 2931 4845 διαφορὰν
2974 4776 3112 4838 ὅλως
3144 4776 3605 4847 περιεργάζεσθαι
3638 4780 3667 4829 6

2102 4865 2279 4935 φοῖνιξ
2324 4869 2351 4921 6
2394 4866 2684 4937 Ἀραόικδς
2720 4869 2887 4938 ὅρνις,
2939 4870 2967 4921 6
3002 4868 3096 4920 καὶ
3142 4868 3374 4939 φαιδρὰν
3405 4873 3461 4923 ἐν
3496 4869 3666 4939 ἑαυτῷ

2102 4957 2284 5029 φέρων
2314 4960 2495 5012 εἰκᾶνα
2524 4959 2618 5013 τοῦ
2647 4960 2763 5024 ἑνὸς
2797 4959 3010 5014 ἐκείνου
3041 4961 3217 5031 ’Δδάμ
3244 4977 3260 4993 ·
3296 4962 3382 5014 ενα
3412 4962 3488 5032 μὴ
3529 4963 3665 5028 λέγω

2099 5051 2192 5103 τὸν
2220 5050 2567 5119 οἰκτρότατον
2599 5052 2880 5121 σκώληκα,
2927 5051 3027 5121 τὴν
3073 5052 3331 5123 τοιαύτην
3364 5053 3575 5105 ἁποπαῗ
3587 5068 3665 5104 ειν

2103 5141 2645 5212 πολυπραγμοσύνην
2681 5142 2860 5212 ἡμῶν.

2176 5232 2239 5284 Εἰ
2265 5232 2320 5285 δὲ
2350 5233 2445 5285 καί
2468 5250 2572 5285 που
2603 5234 2659 5286 ἒν
2690 5237 2752 5304 τῇ
2786 5236 3084 5290 ἀναστάσει
3114 5239 3494 5305 γνωσθήσεται
3520 5236 3580 5288 τό
3604 5248 3661 5285 τι

2102 5323 2239 5393 θῆλυ
2280 5327 2376 5377 καὶ
2404 5324 2463 5377 τὸ
2495 5324 2665 5397 ἆρῤεν
2699 5327 2777 5379 ἑνὶ
2817 5330 2910 5380 καὶ
2939 5328 3016 5399 τῷ
3047 5328 3198 5399 αὐτῷ
3243 5330 3491 5399 σχήματι
3532 5327 3662 5378 πᾶν·

2102 5432 2210 5467 των
2242 5416 2641 5483 ἀνισταμένων,
2693 5417 2996 5486 ὑπαπορεῖν
3044 5420 3214 5488 ἡμᾶς,
3246 5420 3321 5480 ὡς
3358 5416 3533 5486 οἶμαι,
3566 5418 3662 5469 οὐκ

2104 5504 2348 5573 εὔλογον.
2386 5504 2447 5558 Εἰ
2476 5505 2606 5575 γὰρ,
2635 5508 2711 5569 ὼς
2733 5510 2761 5559 6
2788 5510 3192 5578 χρυσορρήμων
3228 5510 3480 5578 Ἰωάννης
3511 5507 3659 5579 φησὶ,

2106 5597 2181 5667 μὴ
2210 5598 2367 5664 μόνον
2394 5598 2522 5661 τοὺς
2547 5592 2649 5652 ὦδε
2682 5599 2979 5666 γνωστοὺς,
3011 5602 3147 5654 ἀλλὰ
3175 5602 3267 5654 καὶ
3292 5600 3383 5663 οὒς
3412 5599 3656 5653 οὐδέποτε

2103 5692 2314 5762 εἴδομεν
2341 5692 2541 5758 ἰδόντες
2572 5696 2748 5749 ἐκεῖσε
2783 5695 3123 5766 γνωρίσομεν
3150 5712 3163 5726 °
3192 5695 3334 5751 καθὰ
3362 5695 3426 5768 δὴ
3452 5695 3542 5748 καὶ
3574 5690 3657 5743 τὸν

3998 5242 4001 5289 4

4000 5716 4001 5789 l

4000 5796 4001 5825 ι
