4088 6186
483 369 584 433 777

1852 374 2219 436 EPISTOLA
2264 376 2364 437 VI.

3631 384 3738 445 ’178

492 480 748 552 ’Δσραᾰμ
784 482 812 535 6
839 481 1096 545 πλούσιος
1118 496 1133 511 ⁸
1159 482 1209 536 εί
1246 483 1323 554 μὴ
1367 485 1475 552 γὰρ
1526 483 1823 555 ἐγνώρισεν
1869 485 2054 551 αὐτὸν,

2167 483 2316 540 dices
2339 502 2353 550 ;
2380 484 2481 540 nisi
2507 486 2653 540 enim
2681 498 2806 539 eum
2839 485 3495 555 cognovisset,quomodo
3518 490 3739 563 nomine

480 573 600 636 πῶς
634 574 701 627 ἂν
734 574 996 629 ἐκάλεσεν
1035 575 1094 640 ἐξ
1125 574 1429 643 ὀνόματοςς
1460 575 1559 629 οὐκ
1607 576 1673 630 ἄν
1712 593 1798 636 τις
1835 576 2056 646 ἀμήχα-

476 682 591 728 νον.
619 664 698 727 ὡς
749 660 926 735 οἶμαι,
968 666 1259 736 ἡγήσεται.
1301 666 1395 733 Μὴ
1440 668 1537 720 καὶ
1580 667 1698 719 τόδε
1745 667 1806 721 τὸ
1840 668 2053 727 παιδίον

476 757 573 809 καὶ
606 756 764 826 τήνδε
788 757 888 827 τὴν
924 760 1178 826 γυναῖκα,
1203 759 1300 813 καὶ
1328 759 1419 813 τὸν
1454 762 1688 829 γέροντα
1718 760 1927 813 ἐκεῖνον
1960 760 2055 812 ὑπ’

474 846 724 915 ἀλλήλων
760 848 1179 920 ,ἐπιγνωσθῆναι
1224 851 1371 917 τότε,
1424 851 1472 903 εί
1522 851 1618 904 καὶ
1671 852 1801 920 μιᾶς
1834 850 2054 919 ἡλικίας

478 940 571 997 καὶ
604 943 884 1010 σχήματος
914 940 1032 1003 ἑνὸς
1072 943 1491 1011 ἀναστήσονται.
1533 942 1667 996 Οὐδὲ
1698 941 1807 1012 γὰρ
1834 941 1898 995 ὲκ
1924 960 2055 995 συσ-

472 1028 672 1095 σήμων
718 1029 813 1081 καὶ
866 1030 1167 1099 σχημάτων
1216 1033 1310 1084 καὶ
1347 1031 1578 1100 ἡλικιῶν
1624 1032 1658 1101 ἡ
1707 1031 2055 1100 γνωριμότης

475 1120 699 1172 ἐκεῖσε·
750 1120 889 1174 ἀλλά
940 1120 1019 1188 τῷ
1072 1122 1512 1193 διορατικῴτῆς
1560 1123 1735 1193 ψυχῆς
1788 1122 2054 1193 ὀφθαλμῷ

474 1208 817 1278 γνωριοῦμεν
844 1211 1044 1274 πάντες
1068 1212 1195 1274 τοὺς
1228 1213 1454 1277 πάντας,
1478 1212 1551 1275 ὡς
1572 1215 1600 1266 6
1628 1213 1859 1283 ποιητὴς
1890 1213 2048 1282 ημῶν

475 1297 570 1349 καὶ
593 1296 841 1367 πλάστης
868 1298 1197 1370 ηὐδόκησεν.
1227 1300 1374 1353 Αὐτὸ
1401 1300 1563 1353 τοῦτο
1588 1301 1685 1354 καὶ
1720 1302 1747 1354 6
1775 1300 2052 1365 θειότατος

502 1387 837 1451 Δναστάσιος
878 1390 1267 1462 ἀριδηλότερόν
1297 1403 1381 1446 σοι
1427 1393 1749 1463 παρίστησι,
1788 1392 1884 1445 καὶ
1910 1389 2053 1445 οὕτω

475 1480 645 1548 φησί⁸
686 1481 794 1533 Καὶ
821 1481 922 1534 οὐκ
946 1483 1012 1535 ὲκ
1046 1484 1348 1553 συσσήμων
1392 1485 1688 1552 ἐπίγνωσις
1717 1484 1872 1537 ἔσται
1905 1485 2051 1539 τότε.

486 1571 626 1625 Ἀλλ’
659 1571 783 1625 οὐδὲ
823 1572 892 1625 τὰ
939 1576 1238 1646 γεννητικὰ
1272 1576 1448 1629 ταῦτα
1498 1577 1663 1647 μόρια
1706 1577 1768 1629 τό
1810 1593 1868 1629 τε
1916 1577 2051 1645 θῆλυ

474 1664 571 1721 καὶ
610 1660 673 1717 τὸ
698 1667 870 1736 άῤῥεν
926 1666 1281 1738 παρίστησιν,
1316 1669 1398 1722 ὅτι
1441 1669 1578 1738 μηδὲ
1611 1672 1669 1723 ὲν
1719 1670 1798 1740 τῷ
1829 1670 2051 1741 Χριστῷ

473 1756 644 1825 ἄρσεν
697 1758 795 1812 καὶ
849 1758 1006 1831 θῆλυ,
1064 1760 1207 1813 καθά
1237 1778 1373 1831 φησι
1412 1761 1645 1824 Παῦλος.
1692 1762 1757 1814 Ei
1785 1761 1843 1815 δὲ
1876 1762 2052 1816 ταῦτα

2163 585 2416 631 vocasset
2457 576 2480 629 ?
2526 592 2686 631 nemo
2740 578 2927 649 utique
2971 578 3327 647 impossibile,
3374 584 3433 632 ut
3481 578 3740 639 arbitror,

2159 668 2445 739 judicabit,
2472 676 2528 723 et
2576 668 2721 723 hunc
2753 686 3003 738 puerum,
3047 677 3103 724 et
3149 670 3290 724 hanc
3338 669 3649 734 mulierem,
3685 678 3744 723 et

2162 774 2352 814 senem
2382 759 2557 821 illum,
2594 759 2828 813 invicem
2860 768 2978 813 tum
3011 760 3283 831 cognitum
3314 759 3402 823 iri,
3439 759 3544 813 etsi
3576 760 3739 814 unius

2158 852 2359 916 aetatis,
2392 852 2663 921 uniusque
2698 852 2882 922 ﬁgurze
2919 862 3229 923 resurgent.
3265 851 3455 921 Neque
3494 851 3641 905 enim
3673 866 3741 903 ex

2162 940 2470 1014 insignibus
2514 953 2569 997 et
2622 942 2813 1011 ﬁguris
2859 942 2930 995 ibi
2965 944 3248 1012 cognitio;
3287 942 3385 999 sed
3438 940 3769 1011 perspicaci~

2159 1034 2353 1089 anima:
2377 1033 2537 1088 oculo
2555 1047 2744 1087 omnes
2763 1033 2831 1087 ab
2851 1034 3104 1097 omnibus
3120 1044 3536 1105 cognoscentur,
3558 1050 3739 1102 quem-

2160 1123 2453 1179 admodum
2510 1123 2702 1176 l‘actori
2763 1131 2818 1176 et
2886 1122 3057 1178 lictori
3109 1136 3300 1179 nostro
3342 1126 3519 1179 visum
3554 1124 3738 1179 fuerit.

2164 1213 2349 1268 lsthuc
2399 1214 2575 1283 ipsum
2624 1222 2677 1269 et
2721 1212 3098 1270 divinissimus
3161 1216 3481 1270 Anastasius
3510 1216 3741 1270 manife—

2163 1304 2306 1359 stius
2342 1303 2441 1359 tibi
2473 1303 2647 1370 sistet,
2680 1314 2735 1358 et.
2769 1306 2841 1360 ita
2881 1307 2960 1360 ait
2994 1328 3005 1361 :
3049 1326 3066 1358 ι
3104 1305 3171 1361 Ει
3200 1321 3309 1360 non
3336 1322 3402 1360 ex
3437 1306 3744 1376 insignibus

2163 1396 2404 1466 cognitio
2434 1405 2564 1450 tunc
2585 1397 2711 1452 erit.
2744 1415 2763 1448 ι
2798 1398 2908 1452 Sed
2940 1413 3116 1467 neque
3138 1397 3394 1467 genitalia
3432 1396 3548 1450 haec
3574 1410 3746 1448 mein-

2172 1487 2268 1541 bra
2317 1498 2430 1543 tum
2467 1503 2674 1543 marem
2703 1498 2758 1542 et
2783 1488 3049 1565 feminam
3078 1489 3445 1553 constituent;
3488 1487 3616 1558 quia
3647 1501 3747 1539 ne-

2160 1595 2268 1650 que
2303 1580 2359 1634 in
2392 1579 2615 1635 Christo
2648 1596 2767 1636 mas
2793 1589 2849 1635 et
2879 1581 3105 1645 iernina.
3134 1590 3197 1637 ut
3228 1581 3429 1636 Paulus
3454 1572 3657 1650 inquit.
3688 1579 3746 1632 Si

2161 1687 2291 1726 vero
2322 1671 2439 1727 haec
2471 1672 2544 1729 ita
2590 1673 2791 1726 habent
2816 1681 2875 1726 et
2919 1672 3226 1727 secundum
3265 1686 3520 1743 magnum
3580 1670 3748 1727 Atha-

2160 1764 2376 1819 nasium
2412 1779 2555 1819 unus
2589 1764 2754 1818 homo
2787 1764 2842 1819 in
2880 1764 3240 1834 generatione
3272 1778 3466 1820 omnes
3491 1777 3745 1830 resurge-

472 1848 645 1911 οὕτως
674 1849 792 1919 ἔχει
833 1853 936 1910 ,καὶ
966 1854 1113 1907 κατὰ
1139 1854 1231 1906 τὸν
1276 1854 1450 1923 μέγαν
1485 1854 1810 1909 Ἀθανάσιον
1854 1850 1934 1917 εἷς
1964 1856 2059 1909 ἇν-

2167 1870 2320 1920 mus;
2353 1872 2464 1911 una
2498 1859 2645 1913 enim
2684 1868 2818 1915 aetas
2852 1858 2997 1929 apud
3033 1874 3248 1923 omnes.
3292 1874 3398 1913 una
3436 1857 3607 1922 ﬁctio,
3638 1872 3745 1911 una

473 1938 697 2008 θρωπος
748 1942 808 1993 ὲν
850 1944 912 2011 ζῇ
968 1944 1368 2015 παλιγγενεσία
1419 1945 1622 2008 πάντες
1664 1946 2009 2015 ἀνιστάμεθα
2037 1964 2052 1979 °

472 2032 580 2099 μία
610 2035 719 2101 γάρ
751 2032 940 2103 ἡλικία
990 2036 1141 2104 παρά
1187 2039 1345 2102 πᾶσι,
1399 2038 1500 2106 μία
1531 2039 1749 2105 πλάσις,
1795 2040 1851 2091 ἓν
1888 2035 2050 2102 εῐδος,

466 2120 534 2173 ἓν
564 2122 755 2192 σχῆμα
782 2123 876 2178 καὶ
910 2124 1143 2194 μέγεθος
1166 2127 1247 2180 ἕν’
1274 2127 1530 2197 περιττὸν
1566 2127 1633 2181 ἂν
1668 2129 1754 2199 εῐη
1781 2129 2048 2199 διαφοράν

476 2214 772 2284 σχημάτων
804 2215 1086 2287 ἐπιζητεῖν
1107 2231 1124 2249 ⁸
1156 2219 1205 2277 εί
1234 2218 1345 2288 γάρ
1370 2219 1469 2289 τὴν
1499 2219 1759 2291 τοιαύτην
1785 2220 2051 2290 διαφοράν

474 2306 510 2375 ἡ
550 2305 727 2376 φθορά
768 2309 1201 2377 παρεισήγαγεν,
1232 2310 1449 2380 ἀνάγκη
1487 2312 1659 2375 πᾶσα,
1704 2312 1802 2381 τῆς
1832 2311 2052 2382 ἀφθαρ-

475 2400 595 2461 σίας
626 2400 912 2469 ὲλθούσης,
947 2402 1120 2456 ταῦτα
1158 2402 1335 2459 πάντα
1369 2404 1469 2456 σῦν
1514 2406 1579 2474 τῇ
1627 2404 1805 2475 φθορᾷ
1845 2404 2052 2474 παρελ-

473 2493 608 2545 θεῖν.
635 2493 746 2546 Καὶ
773 2492 918 2547 οὕτω
948 2494 1052 2563 μὲν
1084 2496 1113 2548 6
1134 2495 1202 2548 τά
1228 2495 1346 2549 θεῖα
1377 2495 1453 2566 τῷ
1479 2497 1592 2549 ὖντι
1620 2496 1782 2564 σοφὸς
1818 2494 2051 2550 Ἀθανάο

475 2599 589 2647 σιος
614 2600 629 2615 '
657 2585 738 2639 ὅτι
776 2585 864 2639 διά
893 2586 994 2657 τὴν
1035 2588 1313 2657 ἁμαρτίαν
1350 2590 1383 2658 ἡ
1430 2589 1540 2641 τῶν
1585 2590 1885 2659 σχημάτων
1923 2589 2043 2641 δια-

475 2676 619 2743 φορά
652 2677 746 2731 καὶ
778 2679 808 2748 ἡ
837 2678 932 2730 τοῦ
957 2678 1139 2749 γάμου
1162 2681 1329 2750 ἀρχή·
1354 2681 1641 2751 καταρχὰς
1670 2681 1781 2750 γὰρ
1808 2682 1964 2735 οὐδέν
1996 2699 2049 2734 τι

474 2766 715 2821 τοιοῦτον
766 2763 857 2838 ἦν,
894 2770 994 2824 ἅτε
1049 2771 1144 2823 τοῦ
1185 2772 1294 2826 τῶν
1347 2771 1654 2841 ἀνθρώπων
1709 2772 2055 2842 πλεονασμοῦ

487 2858 630 2910 κατὰ.
662 2858 788 2921 τοὺς
819 2860 1110 2927 ἀγγέλους,
1148 2862 1222 2924 ὡς
1255 2862 1603 2933 προείρηται,
1644 2863 1889 2930 γίνεσθαι
1925 2864 2057 2933 μέλ-

474 2946 661 3009 λοντος
685 2966 699 2980 ·
731 2951 1031 3011 κάντεῦθεν
1065 2955 1141 3024 μὴ
1176 2953 1433 3024 δεόμενον
1470 2956 1569 3025 τῆς
1599 2956 1710 3010 ἀπὸ
1737 2956 1831 3010 τοῦ
1864 2956 2056 3027 θήλεος

478 3041 751 3110 βοηθείαςο
785 3046 880 3099 xa‘t
910 3045 1020 3117 γάρ
1050 3049 1100 3100 εί
1153 3050 1229 3117 μὴ
1272 3047 1433 3118 ὤφθη
1483 3051 1764 3120 παρήκοος
1794 3052 1823 3103 6
1860 3050 2053 3121 ’Δδάμ,

475 3131 580 3185 οὐκ
610 3133 678 3187 ἂν
703 3135 892 3206 ἐδέησε
926 3140 1130 3205 γάμου,
1162 3140 1254 3192 καὶ
1283 3140 1387 3213 τῆς
1423 3139 1502 3209 τῷ
1535 3142 1701 3210 γάμῳ
1722 3141 1910 3196 λοιπὸν
1936 3158 2059 3195 συν-

2156 1949 2392 2016 species,
2444 1965 2587 2005 unus
2621 1952 2859 2015 habitus,
2894 1960 2950 2011 et
3006 1950 3329 2021 magnitudo
3372 1965 3499 2012 una,
3551 1965 3744 2018 super-

2160 2040 2331 2096 ﬂuum
2367 2042 2585 2111 quidem
2628 2044 2794 2099 fuerit
2841 2044 3138 2114 ﬁgurarum
3180 2044 3480 2099 discrimen
3526 2042 3745 2114 perqui-

2160 2148 2307 2187 rere.
2356 2132 2415 2187 Si
2463 2134 2611 2191 enim
2668 2136 2773 2189 tale
2829 2135 3123 2190 discrimen
3177 2134 3457 2203 corruptio
3506 2132 3744 2193 induxit.

2159 2227 2535 2281 necessarium
2563 2227 2788 2281 omnino
2816 2235 2921 2289 est.
2945 2226 3360 2293 incorruptione
3390 2224 3743 2286 adveniente,

2159 2316 2277 2372 hazc
2310 2318 2495 2379 omnia
2522 2332 2652 2373 cum
2676 2317 3035 2386 corruptione
3070 2316 3375 2387 prxterire.
3410 2313 3480 2369 Et
3518 2314 3593 2368 ita
3620 2314 3745 2382 qui-

2158 2413 2283 2469 dem
2344 2413 2655 2471 divinarum
2708 2429 2891 2471 rerum
2944 2411 3316 2483 peritissimus
3382 2408 3742 2464 Athanasius.

2158 2505 2294 2572 Quia
2320 2522 2421 2576 per
2447 2513 2732 2575 peccatum
2758 2508 3051 2576 ﬁgurarum
3079 2501 3402 2564 discrimen,
3435 2509 3490 2555 et
3525 2499 3749 2569 nuptia-

2159 2614 2282 2653 rum
2312 2598 2550 2653 initlum.
2576 2597 2659 2652 Ah
2678 2597 2829 2652 initio
2842 2597 2992 2653 enim
3017 2595 3154 2650 nihil
3181 2595 3286 2650 tale
3312 2602 3448 2660 erat,
3480 2591 3748 2661 siquidem

2162 2690 2250 2746 hic
2276 2691 2441 2745 homo
2460 2691 2934 2761 multiplicandus.
2954 2700 3013 2745 ut
3035 2689 3234 2758 angeli,
3253 2697 3370 2744 erat
3392 2703 3407 2751 ;
3431 2696 3480 2741 et
3506 2684 3638 2741 inde
3664 2684 3747 2738 fe—

2165 2780 2325 2835 minae
2345 2782 2546 2837 auxilio
2567 2796 2677 2838 non
2704 2782 3000 2851 indigebat.
3021 2780 3076 2836 Si
3095 2779 3242 2835 enim
3266 2777 3588 2832 inohediens
3603 2774 3749 2828 Ada-

2163 2881 2287 2922 mus
2300 2883 2408 2931 non
2423 2870 2781 2938 apparuisset,
2797 2870 3108 2939 nuptiarum
3123 2867 3340 2939 quidem
3356 2882 3463 2921 non
3480 2864 3743 2934 eguisset,

2161 2968 2217 3015 et
2275 2960 2498 3029 reliquae
2532 2962 2740 3030 nuptiis
2788 2962 3118 3023 necessaria:
3165 2957 3620 3016 constructionis.
3665 2956 3748 3010 Ad

2158 3053 2288 3122 quid
2342 3053 2492 3109 enim
2532 3055 2650 3110 haec
2696 3053 3024 3123 profuisset,
3083 3054 3130 3110 si
3184 3053 3348 3108 etiam
3372 3052 3492 3106 sine
3542 3048 3747 3119 nuptiis

2162 3144 2449 3201 hominum
2488 3146 2784 3201 multitudo
2819 3146 3111 3216 provenire
3145 3161 3257 3200 non
3290 3142 3619 3199 vetabatur?

475 3227 742 3299 τελούσης
767 3231 1140 3300 κατασκευῆς.
1194 3230 1289 3294 Είς
1317 3232 1369 3285 τί
1411 3235 1508 3287 καὶ
1552 3234 1664 3303 γάρ
1708 3234 2060 3289 συνετέλεσεν
2100 3234 2265 3308 αὕτη,
2331 3238 2448 3306 εῐγε
2490 3238 2585 3291 καὶ
2619 3238 2801 3321 γάμου
2833 3238 3006 3310 χωρὶς
3042 3240 3076 3309 ἡ
3106 3238 3217 3293 τῶν
3242 3234 3549 3307 ἀνθρώπων
3610 3233 3749 3301 πλη.

404 3404 409 3405 7
485 3321 585 3384 θὺς
617 3323 907 3394 προελθεῖν
935 3325 1036 3379 οῦκ
1066 3324 1378 3390 ὲκωλύετο;

555 3417 901 3485 Προλαῦὼνό
936 3417 1092 3486 λόγος
1126 3417 1371 3486 διείληφὲ
1422 3435 1509 3473 σοι
1555 3423 1686 3489 περὶ
1728 3419 1923 3477 τούτου
1964 3436 2060 3474 σα-

2237 3415 2559 3473 Praecedens
2600 3433 2781 3473 sermo
2818 3418 3081 3474 disseruit
3111 3418 3207 3473 tibi
3244 3418 3312 3472 de
3359 3417 3464 3472 hoc
3506 3417 3746 3487 apertis-

482 3511 771 3580 φέστερον.
804 3511 865 3563 El
892 3510 949 3563 δὲ
981 3510 1157 3565 ταῦτα
1182 3510 1359 3575 οὕτως
1386 3512 1522 3581 ἔχει,
1554 3515 1606 3567 εί
1635 3513 1724 3568 διὰ
1754 3514 1854 3584 τὴν
1885 3530 2061 3583 παρα-

483 3604 617 3671 κοὴν
651 3604 749 3656 καὶ
785 3602 888 3672 τὴν
916 3604 1024 3657 ἀπὸ
1062 3603 1158 3656 τοῦ
1193 3604 1426 3658 θανάτου
1460 3605 1668 3676 φθοράν
1701 3607 1877 3683 ἀρχὴν
1905 3607 2063 3675 ἔσχεν

481 3698 511 3747 6
542 3696 740 3763 γάμος,
761 3695 836 3758 ὡς
864 3695 893 3747 6
921 3696 1157 3766 χρυσοῦς
1186 3695 1286 3765 τὴν
1329 3696 1575 3763 γλῶττάν
1607 3714 1773 3766 φησιν
1800 3714 1813 3729 ⁶
1840 3700 1888 3750 εἰ
1927 3698 2065 3767 μετὰ

484 3788 548 3841 τὺ
580 3788 786 3858 ὑψηλὸν
818 3788 920 3857 τῆς
964 3789 1199 3851 κτίσεως
1235 3788 1330 3841 ἐπὶ
1364 3789 1457 3841 τὸν
1509 3788 1800 3859 ἄνθρωπον
1834 3789 2065 3858 ἤνεγκεν

486 3881 516 3933 6
551 3880 682 3944 Θεδς
731 3879 791 3932 τὸ
842 3879 945 3947 τῆς
995 3880 1198 3948 ἀλόγου
1248 3879 1599 3949 κατασκευῆς
1655 3880 1886 3950 ἱδίωμα,·
1930 3880 2005 3943 ώς
2035 3882 2064 3933 6

488 3974 709 4041 Νύσσης
744 3972 931 4041 φησιν’
958 3972 1007 4023 εί
1029 3972 1126 4041 τῆς
1170 3971 1436 4039 δευτέρας
1474 3973 1591 4023 ἐστὶ
1636 3971 1864 4034 κτίσεως
1890 3974 1923 4041 ἡ
1956 3972 2065 4026 τῶν

489 4066 788 4134 σχημάτων
817 4062 1053 4133 διαφορὰ
1108 4063 1253 4116 κατὰ
1282 4063 1374 4115 τὸν
1429 4064 1685 4133 Σιναϊτην
1723 4062 1866 4117 θεῖον
1906 4063 2066 4118 Ἀνα-

492 4158 714 4212 στάσιον
735 4174 748 4187 ⁸
781 4159 830 4209 εί
857 4157 998 4209 κατὰ
1036 4156 1129 4209 τὸν
1161 4156 1377 4225 πρῶτον
1408 4159 1613 4209 ἐκεῖνον
1640 4155 1930 4226 ἄνθρωπον
1966 4159 2066 4227 μιᾷ

492 4251 610 4321 ίδέᾳ
640 4248 735 4303 xci.
756 4249 838 4302 ἑνὶ
868 4249 1108 4319 σχήματι
1137 4249 1339 4310 πάντες
1372 4248 1699 4318 ἐγείρονται,
1726 4247 1803 4310 ὡς
1834 4249 1863 4300 6
1889 4248 2067 4318 μέγας

491 4343 659 4412 φησὶν
684 4343 1027 4407 ’Δθανάσιος,
1073 4341 1169 4394 ἅτε
1204 4340 1306 4409 τῆς
1339 4341 1480 4395 κατά
1522 4340 1582 4392 τὸ
1615 4340 1783 4411 άῤῥεν
1807 4339 1900 4393 xal.
1934 4339 2066 4409 θῆλυ

487 4434 756 4501 διαφορᾶς
793 4431 1020 4499 ὕστερον
1070 4429 1528 4500 ὲπιτεχνηθείσης
1594 4430 1714 4499 Θεῷ
1762 4428 1832 4482 δι’
1863 4429 2064 4493 αἰτίαν,

487 4526 613 4595 ἥτις
637 4525 752 4578 ἄνω
775 4522 1117 4593 διείληπται·
1146 4523 1200 4575 τί
1226 4524 1331 4591 χρὴ
1368 4523 1464 4575 καὶ
1486 4522 1670 4588 λέγειν
1696 4522 1790 4575 ἐπὶ
1816 4520 1899 4591 τῷ
1934 4538 2069 4591 προ-

490 4609 732 4683 κείμένῳ
787 4612 1107 4681 (mquam;
1141 4612 1329 4666 Ταῦτα
1381 4610 1812 4681 παρακαλοῦμεν
1850 4611 2066 4682 μαθεῖν.

491 4707 640 4772 Είγε
666 4706 761 4757 καὶ
792 4703 994 4773 μᾶλλον
1030 4705 1059 4755 6
1086 4702 1450 4772 Δαμασκηνὸς
1497 4704 1750 4773 Ἰωάννης
1795 4702 2069 4757 ἐναντιοῦ-

490 4771 617 4851 σθαι
655 4797 766 4857 τοῖς
794 4771 1122 4863 εἰρημένοις
1176 4771 1352 4848 δοκεῖς
1393 4796 1481 4847 Ἑν
1520 4795 1628 4865 γὰρ
1665 4771 1743 4864 τῷ
1794 4812 2066 4865 τεσσαρα-
2100 4771 2147 4829 D

491 4889 674 4959 κοστῷ
698 4890 951 4959 τετάρτῳ
993 4887 1104 4941 τῶν
1146 4888 1506 4956 Δογματικῶν
1558 4887 1727 4943 αὑτοῦ
1755 4889 2067 4957 κεφαλαίων

490 4982 590 5035 καὶ
613 4978 742 5032 τάδε
771 4981 899 5049 περὶ
926 4979 1023 5033 τοῦ
1054 4978 1276 5047 πρώτου
1304 4977 1593 5045 ἀνθρώπου
1613 4978 1790 5047 λέγων
1813 4978 2063 5049 εὓρηται·

499 5091 519 5125 ι
552 5072 757 5125 Τοῦτον
782 5072 968 5141 μέντοι
994 5070 1089 5123 τὸν
1120 5069 1410 5137 ἄνθρωπον
1427 5069 1634 5139 άρῤενα
1662 5071 2067 5124 κατεσκεύασεν

492 5164 522 5214 6
552 5163 685 5226 Θεὸς
714 5161 980 5232 μεταδοὺς
1010 5161 1161 5228 αὑτῷ
1187 5162 1287 5231 τῆς
1316 5159 1512 5215 ἑαυτοῦ
1542 5162 1692 5224 θείας
1720 5162 1962 5233 χάριτος,
1986 5163 2067 5216 ἔτι

492 5257 550 5310 δὲ
570 5258 666 5309 xa‘t
689 5257 791 5327 τῆς
811 5258 921 5310 τῶν
954 5255 1217 5323 ἐπιγείων
1246 5254 1465 5309 πάντων
1498 5252 1692 5323 ἀρχῆς.
1722 5272 1740 5306 ι
1787 5253 2069 5307 Ἐντεῦθεν

494 5348 590 5403 οὖν
637 5347 1021 5402 ἐναντιοῦσθαι
1056 5348 1240 5400 δοκεῖ·
1278 5348 1372 5399 τὸν
1430 5346 1537 5416 γὰρ
1583 5345 1803 5416 πρῶτον
1853 5347 2066 5399 ἐκεῖνον

494 5440 786 5507 ἄνθρωπον
836 5440 1045 5510 άρρενα
1076 5436 1229 5508 παρὰ
1267 5437 1403 5491 Θεοῦ
1440 5436 1957 5505 κατασκευασθῆναι
1989 5438 2067 5491 εί-

498 5529 641 5596 πὼν,
668 5532 907 5602 ἀπορίαν
932 5531 996 5584 οὐ
1021 5531 1121 5601 τὴν
1148 5529 1419 5599 τυχοῦσαν
1439 5530 1636 5598 ἐνῆκεν
1670 5530 1823 5598 ἡμῖν.
1852 5529 1914 5581 Εί
1940 5530 2068 5600 γὰρ,

497 5624 573 5687 ὡς
602 5627 631 5678 6
664 5625 838 5695 μέγας
891 5625 1058 5695 φησὶν
1092 5622 1436 5690 Ἀθανάσιος,
1469 5624 1528 5675 ὲν
1570 5625 1638 5694 τῇ
1677 5623 2074 5691 παλιγγενεσία

500 5717 706 5781 πάντες
758 5712 839 5778 εἷς
890 5714 1335 5785 ἀναστησόμεθα,
1389 5713 1534 5768 τοῦτ’
1584 5714 1732 5768 ἔστιν
1769 5716 1950 5783 ὁμοῖοι
1996 5714 2073 5781 τῷ

504 5809 705 5881 πρώτῳ
752 5810 1025 5881 ἀνθρώπῳ
1066 5811 1203 5866 κατὰ
1254 5809 1442 5881 σχῆμα
1484 5809 1576 5862 καὶ
1626 5807 1858 5862 πλάσιν·
1896 5806 2073 5878 ἄρρην

2168 3508 2325 3564 sime.
2366 3509 2423 3564 Si
2449 3524 2579 3565 vero
2615 3510 2733 3566 haec
2780 3511 2853 3565 ita
2899 3510 3124 3571 habent.
3158 3519 3385 3579 propter
3428 3508 3752 3563 inohedien-

2173 3604 2302 3657 tiam
2352 3612 2409 3657 et
2435 3605 2843 3673 corruptionem
2875 3618 2998 3673 quae
3042 3618 3107 3657 ex
3161 3612 3340 3657 morte
3392 3609 3497 3666 est,
3546 3600 3752 3669 nuptiae

2170 3694 2502 3764 principium
2532 3695 2802 3760 habuere,
2846 3704 2905 3752 ut
2931 3696 3358 3766 Chrysostomus
3396 3694 3498 3748 ait.
3541 3692 3597 3745 Si
3628 3700 3753 3761 post

2171 3785 2565 3841 sublimitatem
2598 3787 2923 3849 creationis.
2952 3787 3005 3840 in
3045 3787 3323 3842 hominem
3360 3782 3575 3838 induxit
3606 3782 3753 3836 Deus

2170 3874 2502 3930 irrationalis
2517 3875 2936 3930 constt-actionis
2959 3876 3454 3951 proprietateni,'ut
3476 3871 3754 3940 Nyssenus

2171 3968 2265 4023 ait.
2283 3965 2343 4021 Si
2375 3975 2461 4021 est
2485 3965 2740 4021 secundm
2770 3964 3066 4019 creationis
3090 3964 3389 4032 ﬁgurarum
3426 3962 3747 4023 discrimen,

2170 4060 2322 4129 juxta
2348 4057 2623 4112 Sinaitem
2657 4055 2905 4110 divinum
2937 4053 3307 4109 Anastasium.
3349 4052 3405 4106 Si
3445 4050 3751 4105 secundum

2174 4151 2412 4221 primum
2453 4149 2605 4202 illum
2640 4146 2945 4207 hominem.
2981 4162 3089 4200 una
3116 4145 3303 4215 specie
3332 4154 3390 4199 et
3432 4159 3537 4197 una
3582 4142 3753 4213 ﬁgura

2174 4256 2370 4299 omnes
2412 4250 2722 4309 resurgent,
2765 4247 2824 4293 ut
2874 4253 3110 4309 magnus
3163 4238 3339 4306 inquit
3386 4235 3751 4300 Athanasius;

2175 4335 2440 4404 siquidem
2470 4334 2639 4387 maris
2675 4341 2729 4387 et
2760 4330 2972 4386 fetninic
3014 4329 3311 4384 discrimen
3345 4326 3749 4398 superlabrica-

2174 4436 2289 4483 tum
2339 4433 2425 4480 est
2469 4424 2747 4494 posterius
2795 4438 2825 4476 a
2887 4421 3018 4485 Deo,
3058 4430 3280 4495 propter
3333 4436 3452 4479 eam
3507 4432 3753 4479 causam,

2174 4534 2339 4590 quam
2376 4532 2541 4588 supra
2588 4515 2895 4579 retulimus,
2944 4514 3073 4584 quid
3122 4522 3334 4581 oportet
3375 4513 3555 4567 adhuc
3605 4511 3751 4579 loqui

2176 4624 2344 4681 super
2378 4607 2659 4679 proposita
2700 4604 3041 4676 quastione?
3087 4603 3214 4658 llaec
3242 4613 3495 4671 optamus
3521 4602 3751 4656 discere.

2178 4698 2236 4753 Si
2270 4710 2328 4754 et
2360 4699 2531 4769 magis
2576 4698 2949 4751 Damascenus
2996 4693 3239 4748 Joannes
3267 4693 3430 4758 dictis
3473 4689 3752 4747 adversari

2174 4791 2416 4846 videtur.
2447 4790 2504 4843 In
2551 4772 2971 4859 quadragesimo
3004 4794 3200 4857 quarto
3244 4784 3391 4840 enim
3436 4787 3555 4854 ejus
3608 4774 3756 4853 capi-

2177 4894 2293 4940 tum
2320 4883 2747 4954 dogmaticorum
2787 4891 2841 4937 et
2871 4883 2987 4935 haec
3015 4881 3083 4935 de
3107 4879 3288 4948 primo
3319 4878 3542 4933 homine
3570 4878 3753 4932 dicere

2176 4975 2648 5047 deprehenditur:
2688 4992 2706 5025 ι
2746 4974 2903 5027 ilune
2933 4972 3156 5042 quidem
3205 4971 3485 5025 hominem
3537 4985 3753 5024 mascu-

2175 5071 2289 5124 lum
2318 5065 2626 5123 construxit
2652 5065 2818 5130 Deus,
2857 5079 2981 5118 eum
3029 5079 3140 5119 sua:
3172 5063 3374 5118 divinae
3412 5062 3596 5132 gratia:
3633 5076 3756 5130 par—

2177 5162 2399 5231 ticipem
2422 5160 2628 5214 faciens
2649 5174 2664 5224 ;
2688 5158 2869 5213 adhuc
2886 5171 3016 5211 vero
3044 5165 3100 5212 et
3131 5156 3473 5212 terrestrium
3506 5152 3749 5207 omnium

2177 5256 2539 5326 principatus.
2565 5272 2586 5306 ›
2608 5251 2739 5307 inde
2767 5250 2930 5323 igitur
2948 5251 3224 5306 adversari
3250 5249 3486 5303 videtur.
3511 5244 3749 5299 Primum

2176 5349 2325 5404 enim
2373 5346 2522 5403 illum
2573 5346 2853 5402 hominem
2910 5344 3220 5399 masculum
3270 5355 3302 5393 a
3352 5339 3462 5390 Deo
3507 5342 3750 5389 creatum

2178 5440 2347 5495 fuisse
2369 5439 2576 5502 dicens,
2602 5453 2713 5493 non
2740 5436 3143 5509 despiciendam
3165 5429 3571 5499 ambiguitatem
3597 5423 3754 5479 nobis

2177 5532 2384 5586 intulit.
2404 5530 2461 5584 Si
2493 5529 2666 5596 enim,
2692 5539 2753 5583 ut
2782 5542 3009 5596 magnus
3038 5521 3371 5579 Athanasius
3390 5517 3485 5580 ait,
3506 5514 3560 5569 in
3596 5528 3751 5585 rcge-

2177 5623 2469 5678 neratione
2504 5637 2695 5678 omnrs
2723 5635 2862 5674 unus
2886 5628 3258 5687 rcsurgemus,
3291 5612 3397 5666 hoc
3419 5618 3522 5675 est,
3542 5607 3753 5663 similes

2177 5714 2354 5783 primo
2385 5712 2592 5767 homini
2614 5714 2766 5781 juxta
2788 5711 3008 5780 ﬁguram
3055 5715 3110 5763 et
3144 5704 3454 5769 ﬁctionem;
3476 5699 3754 5760 masculus

2178 5823 2357 5863 veroa
2389 5808 2498 5863 Deo
2530 5807 2829 5875 productus
2860 5803 3072 5871 primus
3098 5800 3210 5867 ille,
3232 5808 3290 5854 ut
3311 5814 3493 5854 rerum
3531 5796 3749 5852 divina-
