4088 6186
1558 230 1595 262 ἢ

410 335 518 398 779

1669 344 2086 408 MICHAELIS
2123 349 2401 414 GLYCzE.

3548 359 3651 425 780

414 464 537 501 rum
570 448 776 517 peritus
810 448 1048 504 Joannes
1084 448 1193 515 ait;
1241 450 1371 520 quid
1400 458 1611 520 oportet
1651 454 1885 520 amplius
1914 455 1982 509 lo-

2091 461 2148 514 δὲ
2190 463 2293 515 ὑπὸ
2339 463 2473 516 Θεοῦ
2510 462 2767 535 παρήχθη
2815 466 2842 519 6
2899 464 3111 537 πρῶτος
3164 468 3390 535 ἐκεῖνος,
3433 470 3561 533 ὼςό
3588 470 3652 524 τὰ

408 538 536 603 qui?
579 556 646 593 an
699 543 843 594 enim
893 542 1198 595 masculino
1232 542 1422 597 habitu
1454 557 1645 598 omnes
1674 556 1980 617 resurgent,

410 630 495 683 vel
520 632 623 684 alia
652 646 841 685 omnes
868 630 1061 703 figura,
1101 642 1161 687 ut
1194 633 1332 689 Deus
1360 637 1453 704 qui
1486 651 1585 690 nos
1616 636 1773 692 finxit
1802 638 1987 692 novit?

410 720 464 774 Si
496 729 551 775 et
582 721 755 789 magis
785 722 860 776 ibi
890 724 1187 779 masculum
1225 735 1279 780 et
1311 726 1568 781 feminam
1597 743 1704 782 non
1733 744 1856 783 esse
1886 730 1982 793 ait,

405 826 469 865 eo
491 814 634 882 quod
658 812 802 868 idem
834 816 907 869 sit
941 817 1169 871 habitus
1201 834 1214 871 :
1244 819 1380 874 alias
1406 820 1448 872 si
1478 820 1665 873 habuit
1685 821 1982 875 secundum

406 905 713 973 masculum
754 906 1121 962 differentiam
1172 909 1519 977 congenitam
1569 925 1679 963 suae
1733 910 1987 963 substan-

402 997 493 1050 tiae
526 998 735 1065 primus
768 999 955 1062 homo,
987 992 1171 1054 videre
1203 1009 1321 1053 erat
1365 1000 1542 1054 statim
1568 1013 1622 1055 et
1654 1000 1907 1054 feminam
1935 1001 1985 1054 ei

402 1090 755 1144 coexsistere.
787 1090 1055 1145 Masculus
1086 1093 1229 1145 enim
1269 1101 1488 1162 propter
1521 1092 1795 1155 feminam,
1817 1101 1867 1146 el
1902 1092 1985 1146 fe-

402 1181 550 1234 mina
587 1193 808 1250 propter
850 1184 1178 1247 masculum,
1212 1184 1522 1239 necessario
1567 1183 1693 1238 facti
1747 1193 1896 1249 sunt,
1928 1191 1986 1237 et

402 1274 682 1329 declarant
701 1276 806 1331 hoc
822 1277 1111 1347 omnigena
1133 1293 1330 1348 genera
1358 1277 1739 1332 animantium.
1763 1275 1983 1331 Nullum

403 1365 556 1416 enim
598 1378 785 1419 eorum
820 1379 851 1420 e
886 1374 1027 1420 terra
1050 1368 1280 1423 emersit
1320 1367 1438 1421 sine
1472 1367 1748 1436 conjugio.
1783 1365 1987 1420 Neces-

402 1456 579 1509 sarias
617 1455 763 1508 enim
799 1464 917 1511 erat
949 1457 1273 1512 concubitus
1322 1459 1440 1528 ejus
1485 1459 1549 1514 ad
1591 1460 1808 1528 generis
1854 1471 1982 1511 suc-

402 1546 752 1611 cessionem;
793 1548 921 1616 quia
960 1549 1139 1603 noluit
1184 1558 1243 1603 ut
1276 1550 1498 1620 angelos
1534 1560 1589 1604 et
1637 1551 1752 1605 haec
1806 1549 1989 1604 multi-

400 1638 614 1708 plicari.
650 1639 765 1694 Sed
797 1640 914 1695 haec
943 1642 1164 1710 quidem
1195 1641 1503 1696 sublimiori
1555 1651 1745 1697 carent
1776 1644 1979 1705 mente,

400 1738 463 1783 ut
492 1729 728 1785 invicem
761 1730 1070 1786 conﬁrmari
1123 1733 1371 1803 possint;
1425 1747 1526 1787 nos
1557 1747 1686 1787 vero
1725 1745 1833 1787 non
1866 1739 1985 1785 tan-

2092 552 2210 606 θεῖα
2243 556 2407 622 σοφὸς
2448 554 2702 625 Ἰωάννης
2743 558 2912 626 φησί·
2948 560 3001 611 τί
3048 561 3157 632 χρὴ
3207 560 3302 615 καὶ⁸
3338 561 3520 629 λέγειν
3562 558 3651 614 ἐπὶ

2088 643 2301 709 τούτοις
2327 664 2340 711 ;
2369 647 2431 698 Εί
2461 648 2569 718 γὰρ
2597 649 2868 720 ἀρρενικῷ
2902 653 3145 721 σχήματι
3188 653 3387 716 πάντες
3421 653 3651 722 ἀναστή-

2091 752 2297 800 σονται,
2345 736 2376 808 ἢ
2435 737 2578 789 κατὰ
2629 740 2817 807 σχῆμα
2854 741 3053 802 πάντες
3085 741 3293 809 ἕτερον,
3331 741 3407 804 ὡς
3456 735 3598 793 οἶδεν
3626 741 3652 793 6

2091 826 2303 889 πλάσας
2329 830 2475 898 ἡμᾶς
2510 828 2643 891 Θεός
2666 848 2679 861 ·
2720 832 2775 883 ετ
2801 848 2865 899 γε
2900 832 2993 884 καὶ
3043 833 3249 901 μᾶλλον
3278 833 3446 902 ἄρσεν
3476 834 3652 885 ἐκεῖσε

2090 920 2187 973 καὶ
2221 920 2355 989 θῆλυ
2387 920 2461 991 μὴ
2492 917 2634 975 εἶναί
2665 938 2798 991 φησι
2823 923 2912 976 διὰ
2938 922 2998 976 τὸ
3019 926 3216 978 ταυτὸν
3251 924 3359 994 ἄρα
3394 923 3487 976 τοῦ
3520 922 3651 991 σχή-

2093 1030 2265 1082 ματος
2289 1028 2305 1045 θ
2347 1012 2523 1076 ἄλλως
2550 1031 2610 1066 τε
2643 1015 2691 1066 εί
2721 1015 2822 1085 τὴν
2864 1014 3007 1067 κατὰ
3039 1014 3100 1066 τὸ
3138 1014 3305 1085 ἄρρεν
3331 1009 3442 1084 εἷχε
3473 1014 3656 1081 διαφο-

2095 1103 2194 1171 ρὰν
2236 1102 2463 1173 συμφυῆ
2491 1106 2557 1174 τῇ
2590 1104 2823 1172 ὑπάρξει
2858 1104 3023 1157 αὐτοῦ
3049 1108 3077 1158 6
3110 1105 3321 1173 πρῶτος
3347 1091 3669 1172 ἄνθρωπος,

2087 1188 2154 1265 ἦν
2188 1194 2315 1247 ίδετν
2367 1194 2565 1247 αὐτίκα
2613 1194 2708 1247 καὶ
2738 1195 2800 1247 τὸ
2833 1195 2967 1262 θῆλυ
3008 1194 3355 1263 συνυπάρχον
3385 1192 3567 1261 αὐτῷ’
3602 1193 3660 1243 τὸ

2088 1284 2196 1353 γὰρ
2226 1286 2394 1351 ἄρσεν
2420 1284 2507 1338 διὰ
2538 1285 2599 1337 τὸ
2631 1285 2763 1352 θῆλυ
2783 1328 2795 1347 ,
2821 1286 2915 1337 καὶ
2944 1285 3005 1337 τὸ
3046 1283 3179 1353 θῆλυ
3208 1283 3294 1336 διὰ
3329 1283 3388 1336 τὸ
3412 1283 3579 1353 ἄρσεν
3605 1281 3679 1345 ἐξ·

2089 1374 2337 1443 ἀνάγκης
2372 1375 2611 1439 ἐγένετο,
2643 1374 2735 1424 καὶ
2779 1372 2999 1441 δηλοῦσι
3039 1372 3199 1425 τοῦτο
3234 1370 3303 1423 τὰ
3341 1369 3675 1445 παντοδαπὰ.

2087 1462 2219 1529 γένη
2245 1460 2352 1513 τῶν
2384 1458 2561 1522 ζώων.
2584 1458 2750 1511 Οὐδὲν
2770 1459 2878 1527 γὰρ
2906 1458 2966 1522 ἐξ
2993 1458 3175 1511 αὐτῶν
3197 1457 3304 1509 ἀπὸ
3335 1456 3439 1524 γῆς
3464 1454 3660 1519 ἐξῆλθε

2090 1548 2359 1617 συζυγίας
2390 1550 2562 1619 χωρίς
2586 1565 2603 1581 ο
2653 1549 2928 1617 ἀναγκαία
2957 1548 3065 1618 γὰρ
3110 1542 3180 1616 ἦν
3211 1549 3243 1617 ἠ
3281 1547 3537 1599 συνουσία
3568 1547 3666 1597 αῦ-

2086 1639 2187 1710 τῆς
2214 1641 2352 1711 πρός
2374 1658 2433 1693 τε
2465 1641 2566 1711 τὴν
2605 1642 2701 1693 τοῦ
2732 1642 2927 1709 γένους
2967 1640 3219 1709 διαδοχήν
3243 1656 3261 1673 σ
3295 1640 3380 1692 ὅτι
3414 1640 3491 1708 μὴ
3523 1639 3665 1692 κατὰ

2087 1717 2213 1798 τοὺς
2273 1735 2543 1802 ἀγγέλους
2600 1734 2834 1803 ⁴ίιθέλησε
2889 1735 2985 1787 καὶ
3034 1733 3205 1787 ταῦτα
3268 1730 3665 1800 πληθύνεσθαι.

400 1828 515 1873 tum
547 1820 761 1875 consilii
813 1822 1003 1889 inapes
1048 1789 1295 1890 quidem,
1333 1821 1428 1876 sed
1457 1830 1512 1876 et
1540 1823 1594 1876 in
1627 1822 1828 1891 quibus
1865 1821 1982 1891 ipse

2100 1789 2263 1876 Ἀλλὰ
2290 1789 2462 1877 “carina
2496 1789 2594 1892 μὲν
2624 1789 2964 1892 ὸψηλοτέρου
2988 1822 3162 1875 δεῖται
3191 1820 3334 1884 νοὸς,
3363 1789 3505 1872 ibat:
3527 1819 3668 1888 πρὸς

401 1921 593 1966 contra
649 1926 708 1965 se
753 1911 981 1966 veniens
1048 1912 1150 1966 sibi
1212 1913 1319 1982 ipsi
1392 1912 1743 1967 contrarians
1821 1911 1985 1966 homo

403 2011 652 2072 apparet.
685 2002 939 2058 Ostendit
977 2003 1120 2057 enim
1153 2004 1207 2057 in
1238 2013 1578 2058 antecessum
1614 2004 1846 2072 primum
1882 2004 1984 2057 ho-

403 2095 612 2147 minem
663 2109 692 2146 a
724 2094 834 2148 Deo
865 2094 1034 2149 fuisse
1085 2094 1409 2164 productum
1436 2096 1762 2159 masculum,
1800 2095 1983 2150 divina

400 2187 572 2255 gratia
609 2186 892 2257 (lignatum
949 2186 1155 2250 fuisse,
1220 2195 1567 2241 terrenorum
1619 2187 1980 2256 principatum

401 2291 523 2330 esse
556 2284 933 2339 consecutum,
968 2286 1095 2345 post
1126 2291 1189 2331 ea
1225 2291 1356 2331 vero
1393 2286 1450 2331 et
1484 2278 1598 2331 haec
1639 2276 1706 2331 ad
1752 2277 1981 2332 verbum

400 2368 590 2422 subdit
619 2384 633 2420 :
665 2384 684 2417 ι
724 2364 930 2421 Videris
961 2380 1093 2421 vero
1123 2381 1404 2437 praesagus
1437 2368 1579 2421 Deus
1608 2376 1985 2438 transgressu-

399 2470 533 2509 rum-
577 2470 698 2510 esse
753 2464 808 2509 et
859 2457 1198 2525 corruptioui
1261 2456 1691 2525 subjiciendum,
1719 2457 1983 2522 produxit

399 2548 659 2601 feminam
686 2564 748 2601 ex
780 2549 923 2618 ipso,
943 2547 1276 2619 adiutorium
1305 2549 1408 2618 ipsi
1442 2549 1744 2602 secundum
1778 2549 1979 2617 ipsum,

399 2640 468 2694 ad
493 2641 709 2708 generis
731 2655 794 2695 ex
826 2642 1180 2695 successione
1210 2641 1680 2695 constitutionem.
1711 2639 1980 2709 Propter-

398 2747 460 2784 ea
499 2747 630 2788 vero
666 2748 774 2787 non
807 2748 997 2804 parum
1032 2733 1442 2797 dubitavimus;
1483 2742 1706 2803 apparet
1739 2734 1906 2797 enim,
1936 2733 1980 2787 si

398 2826 623 2881 minime
661 2826 1003 2896 corruptioui
1032 2826 1409 2897 subjiciendus
1445 2825 1535 2879 ille
1566 2825 1779 2889 fuisset,
1822 2824 1981 2879 femi-

395 2936 537 2975 nam
557 2936 621 2975 ex
648 2936 713 2975 eo
759 2935 868 2975 non
914 2920 1312 2989 producturum
1352 2918 1558 2985 fuisse;
1607 2919 1651 2973 si
1705 2933 1830 2973 vero
1860 2933 1981 2973 eam

396 3026 509 3065 non
540 3010 910 3081 produxisset,
946 3012 1228 3080 quomodo
1273 3010 1558 3064 hominum
1601 3009 1982 3077 multiplicatio

2088 1914 2292 1985 ἄλληλα
2328 1914 2760 1983 συμϐιϐάζεσθαι
2787 1929 2801 1944 ⁸
2836 1914 2997 1983 ἡμεῖς
3029 1913 3087 1964 δὲ
3118 1912 3179 1965 οὐ
3216 1912 3378 1980 μόνον
3415 1912 3509 1963 ἐπὶ
3534 1911 3667 1961 τούκ

2088 2025 2205 2068 τοις
2245 2006 2658 2077 ἀμηχανοῦντες
2720 2006 2843 2076 μὲν,
2904 2005 3040 2058 ἀλλὰ
3080 2007 3176 2058 καὶ
3223 2004 3307 2071 ἐφ’
3363 1998 3445 2065 οἷς
3492 2002 3660 2062 αὐτὸς

2088 2102 2266 2171 ἐαυτῷ
2298 2098 2661 2169 παρακατιὼν
2692 2101 2719 2150 6
2753 2097 3042 2166 ἄνθρωπος
3080 2094 3497 2162 ἐναντιούμενος
3532 2095 3661 2160 φαί-

2086 2207 2233 2243 νεται
2263 2206 2277 2219 ·
2300 2188 2505 2257 ἔφθασε
2534 2187 2633 2257 μὲν
2664 2188 2775 2258 γὰρ
2799 2186 2893 2239 τὸν
2918 2186 3135 2256 πρῶτον
3170 2184 3461 2251 ἄνθρωπον
3490 2183 3670 2233 εἰπεῖν

2087 2282 2190 2334 ὑπὸ
2231 2280 2367 2333 Θεοῦ
2402 2278 2753 2349 παραχθῆναι
2802 2278 3010 2348 ἄρρενα
3056 2276 3206 2338 θείας
3241 2276 3468 2345 χάριτος
3501 2273 3670 2338 ἀξιω-

2086 2372 2245 2439 θῆναι
2283 2372 2377 2425 καὶ
2404 2370 2504 2429 τὴν
2533 2369 2643 2423 τῶν
2676 2369 2940 2437 ἐπιγείων
2986 2368 3163 2437 ἀρχὴν
3202 2364 3625 2437 ἐγχειρισθῆναι
3650 2377 3666 2392 '

2086 2465 2228 2535 μετά
2261 2462 2317 2515 δὲ
2344 2461 2515 2515 ταῦτα
2543 2462 2633 2515 καὶ
2662 2462 2788 2516 τάδε
2823 2461 2965 2513 κατὰ
2995 2458 3140 2523 λέξιν
3167 2459 3447 2531 ἐπήγαγεν
3468 2476 3481 2490 ·
3522 2480 3541 2512 ι
3579 2462 3669 2514 El-

2084 2556 2190 2617 δὼς
2222 2555 2278 2608 δὲ
2308 2554 2336 2604 6
2376 2552 2738 2624 προγνώστης
2780 2553 2914 2616 Θεὸς
2950 2553 3033 2609 ὃτι
3072 2552 3129 2607 ὲν
3162 2556 3478 2625 παραϐάσει
3502 2554 3671 2631 ¹γενή-

2086 2636 2261 2715 σεται,
2297 2649 2392 2701 καὶ
2420 2648 2501 2700 ὅτι
2528 2645 2709 2716 φθορᾷ
2746 2645 3126 2712 ὑποπεσεῖται,
3159 2647 3398 2716 παράγει
3434 2646 3497 2695 τὸ
3533 2644 3669 2711 θῆλυ

2086 2744 2146 2809 ἐξ
2180 2741 2347 2796 αὐτοῦ
2382 2740 2574 2812 βοηθὸν
2608 2737 2760 2807 αὐτῷ
2787 2735 2914 2791 κατ’
2943 2739 3108 2792 αὐτὸν
3165 2738 3301 2807 πρός
3346 2752 3410 2805 γε
3459 2735 3564 2805 τὴν
3606 2736 3670 2785 ὲκ

2084 2836 2341 2904 διαδοχῆς
2364 2834 2459 2886 τοῦ
2493 2832 2688 2900 γένους
2712 2829 2977 2883 σύστασιν
3003 2847 3019 2862 ·
3057 2829 3138 2882 διὸ
3169 2829 3227 2882 δὲ
3267 2827 3360 2881 καὶ
3391 2826 3450 2878 οὐ
3491 2826 3667 2893 μικρὰ

2083 2927 2467 2995 ὴπορήκαμεν.
2496 2920 2752 2973 Φαίνεται
2787 2923 2897 2990 γὰρ
2921 2920 3020 2985 ὡς,
3052 2921 3168 2988 εἴγε
3206 2921 3280 2988 μὴ
3315 2918 3499 2987 φθορᾷ
3533 2918 3668 2968 ὑπο-

2085 3015 2270 3067 πεσεῖν
2297 3013 2502 3073 ἐκεῖνος
2530 3009 2777 3080 ἔμελλεν,
2820 3009 2921 3062 οὐκ
2969 3008 3035 3062 ἂν
3085 2996 3151 3074 ἐξ
3198 3007 3364 3060 αὐτοῦ
3419 3006 3482 3057 τὸ
3531 3005 3667 3074 θῆλυ

396 3104 541 3157 facta
575 3103 849 3169 fuisset?)
888 3102 993 3157 Sed
1024 3103 1176 3172 juxta
1212 3101 1434 3173 angelos
1454 3101 1575 3155 sine
1623 3099 1900 3168 coniugio,
1923 3107 1982 3153 ut

2089 3106 2437 3175 παρήγαγεν.
2498 3103 2562 3155 El.
2596 3102 2653 3155 δὲ
2700 3103 2777 3173 μὴ
2815 3101 2974 3156 τοῦτο
3034 3102 3382 3172 παρήγαγεν,
3429 3098 3551 3161 πῶς
3602 3096 3669 3149 ἂν

398 3192 676 3261 Nyssenus
708 3194 818 3257 ait;
851 3200 906 3246 et
938 3192 1096 3260 cujus
1126 3190 1299 3260 gratia
1320 3190 1490 3243 maris
1524 3186 1712 3241 habitu
1740 3186 1980 3254 produc-

398 3289 514 3333 tum
549 3279 714 3333 fuisse
738 3279 806 3334 ab
843 3280 1000 3332 initio
1030 3279 1201 3332 Adam
1236 3278 1330 3344 ait,
1366 3278 1482 3330 haec
1508 3276 1717 3329 discere
1750 3286 1978 3343 exopta-

396 3386 544 3424 mus.
580 3369 802 3423 Divinus
837 3369 983 3423 enim
1032 3369 1159 3423 inde
1210 3368 1446 3422 laudatis
1488 3366 1745 3419 Patrihus
1788 3372 1843 3418 et
1872 3366 1977 3419 sibi

396 3460 502 3529 ipsi
540 3460 710 3529 magis
738 3446 1017 3514 adversari
1049 3459 1503 3529 deprehenditur.
1540 3457 1652 3510 Nisi
1705 3456 1845 3511 forte
1882 3473 1977 3512 vo-

398 3552 852 3607 cemmasculum
886 3551 972 3605 hic
996 3551 1298 3606 secundum
1324 3550 1487 3603 aliam
1522 3546 1976 3616 significationem

397 3644 569 3711 accipi
607 3644 675 3697 ah
701 3645 792 3698 illo
823 3644 1090 3709 dicimus;
1138 3644 1252 3697 haec
1299 3641 1446 3696 enim
1492 3642 1661 3696 dictio
1710 3642 1982 3713 signiﬁcat

400 3736 697 3805 aliquando
729 3745 784 3790 ct
805 3744 1115 3797 actuosum,
1143 3745 1195 3788 et
1234 3736 1455 3798 fortem,
1488 3745 1543 3790 et
1577 3737 1981 3805 perfectum,ut

398 3828 722 3899 etymologia
781 3826 1095 3897 hujusmodi
1167 3827 1425 3883 dictionis
1479 3828 1725 3883 exhibet.
1793 3827 1976 3883 Talem

399 3919 545 3972 enim
584 3918 852 3987 principio
891 3918 1200 3987 producens
1241 3919 1390 3972 illum
1430 3918 1595 3984 Deus,
1630 3934 1742 3974 suae
1774 3919 1979 3975 divini-

350 3984 527 4065 ‘tatis
557 4010 733 4080 ipsum
762 4010 1085 4080 participem
1117 4010 1321 4075 effecit,
1368 4020 1422 4069 et
1456 4021 1801 4068 terrenarum
1858 4029 1980 4069 om-

398 4104 549 4159 nium
586 4105 952 4175 principatum
983 4101 1155 4159 dedit.

2087 3196 2330 3263 ἐγεγόνει
2361 3194 2470 3246 τῶν
2493 3193 2797 3264 ἀνθρώπων
2820 3196 2847 3248 6
2875 3194 3229 3264 πληθυσμός;
3260 3211 3281 3244 ι
3327 3189 3492 3244 Ἀλλὰ
3523 3189 3669 3242 κατὰ

2085 3288 2212 3346 τοὺς
2242 3286 2509 3354 ἀγγέλους
2537 3286 2934 3350 ἀσυνδιάστως,
2964 3288 3039 3349 ὡς
3065 3289 3092 3340 6
3120 3287 3340 3355 Νύσσης
3369 3284 3530 3353 φησί.
3557 3283 3670 3336 Καὶ

2084 3379 2226 3441 τίνος
2255 3379 2443 3432 ἕνεκεν
2472 3379 2530 3431 ὲν
2552 3379 2632 3448 τῷ
2659 3380 2754 3433 τοῦ
2784 3381 3014 3449 ἄρρενος
3042 3381 3283 3449 σχήματι
3312 3373 3671 3445 παραχθῆναι

2084 3484 2217 3539 φησι
2260 3469 2381 3522 κατ’
2418 3468 2593 3537 ἀρχὰς
2634 3469 2728 3521 τὸν
2775 3469 2972 3536 Ἀδὰμ,
3018 3469 3192 3521 ταῦτα
3230 3464 3668 3535 παρακαλοῦμεν

2085 3559 2301 3628 μαθεῖν.
2341 3559 2399 3612 '0
2432 3560 2540 3629 γὰρ
2574 3559 2716 3621 θεῖος
2763 3558 3014 3611 ἐντεῦθεν
3053 3560 3166 3619 τοῖς
3210 3574 3275 3610 τε
3313 3555 3665 3623 διαληφθεῖσι

2062 3650 2332 3721 ’Πατράσι
2370 3650 2466 3705 καὶ
2494 3651 2672 3719 ἑαυτῷ
2705 3650 2907 3719 μᾶλλον
2936 3647 3347 3714 ἐναντιούμενος
3380 3644 3661 3712 φαίνεται·

2084 3742 2132 3793 εἰ
2171 3741 2244 3810 μή
2284 3757 2388 3792 που
2428 3740 2530 3809 τὴν
2564 3740 2769 3810 ἄρρενα
2826 3738 2977 3801 λέξιν
3027 3736 3261 3790 ἐνταῦθα
3307 3735 3430 3788 καθ’
3462 3733 3667 3802 ἑτέραν

2060 3833 2330 3902 κεῐπωμεν
2384 3832 2657 3901 σημασίαν
2708 3830 3048 3884 ὲκλαὸέσθαι
3090 3830 3182 3883 τὸν
3237 3829 3429 3893 ἅγιονσ
3470 3827 3506 3895 ἡ
3553 3826 3667 3890 γὰρ

2083 3922 2228 3988 λέξις
2260 3922 2400 3986 αῦτη
2430 3923 2691 3993 σημαίνει
2721 3922 2854 3975 ποτὲ
2898 3923 2988 3974 καὶ
3037 3920 3099 3972 τὸ
3141 3921 3444 3990 πρακτικὸν
3475 3916 3578 3970 καὶ
3606 3914 3669 3966 τὸ

2087 4016 2330 4086 ἰσχυρὸν,
2362 4015 2457 4068 καὶ
2488 4014 2548 4067 τὸ
2575 4014 2806 4080 τέλειον,
2838 4016 2914 4077 ὼς
2942 4016 2976 4082 ἡ
2997 4010 3324 4081 ὲτυμολογία
3344 4009 3442 4077 τῆς
3471 4003 3669 4059 τοιαύ-

2083 4123 2181 4176 της
2220 4106 2518 4176 παρίστησι
2571 4105 2808 4171 λέξεως·
2870 4104 3111 4159 τοιοῦτον
3163 4105 3273 4174 γὰρ
3332 4103 3427 4155 ἀπ’
3482 4100 3673 4170 ἀρχῆς

399 4199 745 4271 παραγαγὼν
776 4203 998 4256 αὑτὸνὸ
1061 4203 1194 4266 Θεὸς
1219 4202 1319 4267 τῆς
1381 4203 1575 4258 ἑαυτοῦ
1618 4205 1873 4275 θεότητος
1903 4201 2054 4273 αὑτῷ
2091 4203 2395 4275 μετέδωκεν
2449 4202 2546 4256 καὶ
2601 4202 2701 4271 τὴν
2737 4202 2846 4254 τῶν
2899 4200 3159 4268 ἐπιγείων
3211 4199 3431 4252 πάντων
3484 4200 3672 4270 ἀρχὴν

397 4295 725 4364 ἐνεχείρισε.

467 4389 704 4444 Attende
742 4389 927 4462 igitur.
963 4391 1019 4445 Si
1048 4392 1193 4447 enim
1232 4402 1287 4448 et
1324 4391 1578 4447 animalis
1607 4393 1723 4448 lucc
1748 4408 1977 4464 genera-

2162 4389 2404 4460 Πρόσεχε
2433 4382 2550 4442 οὖν.
2588 4387 2651 4440 El
2688 4386 2797 4457 γὰρ
2837 4388 2932 4441 καὶ
2969 4384 3188 4454 ζωώδης
3222 4384 3353 4453 ἡμῖν
3379 4386 3413 4454 ή
3441 4385 3669 4453 γένεσις

397 4479 473 4533 tio
502 4481 697 4544 hodie;
728 4493 1008 4552 peccatum
1055 4500 1176 4538 eam
1222 4480 1557 4539 conciliavit.
1611 4485 1677 4539 Et
1718 4500 1790 4538 ne
1821 4497 1981 4554 grave

2086 4482 2349 4551 σήμερον,
2381 4480 2496 4533 ἀλλ’
2529 4482 2562 4549 ἡ
2598 4481 2847 4550 ἁμαρτία
2885 4477 3088 4545 ταύτης
3119 4476 3378 4546 πρόξενος
3409 4477 3671 4542 γέγονεν.

396 4571 452 4623 id
478 4573 586 4625 tuis
608 4574 833 4628 auribus
857 4575 1126 4638 videatur,
1162 4574 1307 4630 hunc
1330 4590 1638 4631 sermonem
1694 4574 1978 4645 paululum

396 4675 587 4715 rursus
625 4677 925 4718 assumant.
969 4662 1152 4718 Finxit
1197 4666 1343 4718 enim
1381 4666 1657 4721 hcininem
1708 4667 1872 4729 Deus,
1923 4667 1977 4720 in

399 4754 649 4821 paradiso
679 4769 805 4809 eum
838 4755 1150 4819 collocavit,
1187 4766 1241 4810 et
1272 4772 1449 4826 neque
1482 4759 1799 4826 nuptiarum
1833 4757 1975 4827 apud

398 4854 525 4896 eum
559 4844 698 4897 ratio
723 4853 860 4904 erat.
895 4860 1073 4913 neque
1100 4846 1369 4915 adjutorio
1396 4847 1613 4902 femina:
1638 4863 1776 4917 opus
1807 4849 1979 4903 habe-

398 4933 514 4986 bat.
552 4933 607 4985 Si
647 4934 793 4987 enim
818 4943 871 4987 et
895 4933 1134 4989 formans
1162 4937 1339 5007 ipsum
1391 4938 1534 4993 Deus
1560 4939 1778 4993 videbat
1810 4954 1981 5009 genus

400 5025 702 5077 humanum
730 5018 993 5093 quantum
1018 5028 1238 5099 quidem
1265 5028 1498 5083 numero
1526 5029 1769 5083 futurum
1792 5040 1974 5096 esset;

397 5116 493 5171 sed
520 5125 705 5170 tamen
740 5116 1046 5173 secundum
1080 5120 1230 5173 illum
1252 5120 1512 5188 primum,
1532 5121 1631 5174 nisi
1656 5120 1981 5177 inohediens

396 5209 780 5278 deprehensus
828 5209 1046 5276 fuisset,
1094 5212 1467 5266 indubitanter
1522 5227 1715 5267 omnes
1759 5214 1978 5282 quidem

398 5300 651 5369 producti
685 5301 936 5357 fuissent.
965 5301 1021 5357 Si
1062 5304 1209 5357 enim
1245 5303 1494 5358 futurum
1538 5319 1646 5357 non
1695 5303 1981 5374 ignorabat

400 5392 565 5457 licus,
599 5393 692 5447 sed
721 5395 961 5449 ostendit
987 5396 1265 5465 quomodo
1297 5397 1497 5463 voluit;
1531 5398 1744 5465 qualem
1774 5399 1978 5453 indica-
2028 5416 2033 5419 η

376 5488 480 5565 rvit
538 5487 687 5554 prius
741 5503 906 5557 super
959 5488 1182 5565 homine
1238 5489 1635 5543 intentionem?
1681 5489 1978 5559 Propterea
2028 5522 2031 5529 ι

402 5577 546 5629 enim
582 5587 637 5631 et
694 5580 869 5632 solum
930 5580 1107 5648 ipsum
1159 5580 1433 5649 produxit,
1474 5589 1531 5634 et
1569 5580 1979 5636 immortalitate

406 5668 711 5723 honoravit.
745 5673 1060 5727 Secundum
1097 5674 1249 5727 illum
1278 5674 1443 5743 igitur
1476 5674 1732 5743 primum,
1774 5676 1817 5729 si
1848 5677 1979 5729 obe-

408 5756 561 5809 dieus
597 5761 1009 5829 permansisset,
1037 5777 1209 5831 genus
1242 5776 1406 5818 omne
1437 5763 1733 5817 humanum
1771 5764 1975 5830 produ-

2085 4575 2195 4629 Καὶ
2226 4576 2280 4627 εί
2312 4591 2375 4642 γε
2415 4574 2490 4643 μὴ
2530 4571 2805 4643 βαρυνθῇς
2838 4570 2936 4634 τὰς
2954 4571 3142 4630 ἀκοὰς,
3192 4567 3386 4638 μικρὸν
3438 4569 3677 4620 ἐπανα-

2086 4664 2325 4734 λήψομαι
2358 4664 2549 4717 τοῦτον
2596 4664 2777 4729 λόγον.
2808 4662 3053 4715 Ἐπλασε
3096 4662 3205 4729 γὰρ
3249 4659 3342 4711 τὸν
3371 4657 3679 4727 ἄνθρωπον

2082 4759 2113 4811 6
2147 4756 2303 4821 Θεὸς,
2337 4758 2395 4809 ὲν
2430 4754 2943 4828 παραδείσῳαύτὸν
2991 4752 3164 4815 ἔθετο,
3194 4751 3291 4804 καὶ
3321 4748 3447 4802 οὔτε
3475 4750 3677 4816 γάμου

2084 4846 2216 4914 παρ’
2243 4845 2408 4898 αὑτὸν
2450 4844 2605 4913 λόγος
2638 4841 2729 4915 ἦν,
2765 4843 2888 4897 οὔτε
2924 4841 3120 4912 βοηθοῦ
3152 4839 3246 4893 τοῦ
3272 4838 3463 4909 θήλεος
3488 4836 3676 4906 ἔχρῃ-
3774 4908 3781 4915 .

2083 4938 2198 5002 ξεν.
2231 4938 2292 4989 El
2348 4936 2457 5008 γὰρ
2502 4935 2597 4989 καὶ
2634 4935 2882 4988 πλάττων
2941 4932 3103 4987 αὐτὸν
3152 4934 3180 4983 6
3224 4931 3353 4991 Θεὸς
3404 4928 3566 4997 ἑώρα.
3618 4926 3684 4979 τὸ

2084 5029 2242 5096 γένος
2273 5028 2334 5080 τὸ
2383 5028 2743 5101 ἀνθρώπινον
2776 5026 2945 5078 πόσον
2998 5024 3063 5076 ἂν
3119 5025 3207 5090 εἵη
3240 5020 3362 5074 κατ’
3401 5020 3679 5089 ἀριθμὸν,

2084 5120 2221 5174 ἀλλὰ
2253 5120 2346 5173 καὶ
2384 5120 2504 5173 κατ’
2537 5121 2744 5171 ἐκεῖνον
2776 5119 2866 5171 τὸν
2919 5115 3158 5185 πρῶτον,
3194 5112 3249 5165 sl
3275 5129 3339 5181 γε
3391 5112 3467 5180 μὴ
3503 5109 3683 5177 ὤφθη

2086 5209 2391 5279 παρήκοος,
2416 5208 2788 5270 ἀσυνδιάστως
2817 5208 3055 5267 ἅπαντες
3081 5202 3440 5274 παρήχθησαν
3465 5200 3539 5253 ἄν
3569 5214 3585 5227 ·
3629 5198 3683 5249 εί

2082 5301 2191 5368 γὰρ
2227 5303 2320 5355 καὶ
2372 5299 2431 5352 τὸ
2483 5300 2675 5369 μέλλον
2719 5299 2820 5353 οὐκ
2868 5294 2939 5367 ἦν
2997 5298 3209 5364 ἀγνοῶν
3243 5298 3270 5346 6
3316 5294 3467 5355 Θεὸς,
3527 5291 3684 5343 ἀλλὰ

2084 5390 2257 5455 δεῖξαί
2289 5408 2348 5443 τε
2379 5392 2454 5453 ὡς
2486 5390 2681 5461 ήθελεν
2733 5390 2917 5442 ὁποῖον
2952 5383 3095 5439 εἶναι
3139 5385 3405 5456 πρότερον
3448 5381 3553 5434 ἐπὶ
3592 5379 3681 5449 τῷ

2083 5483 2354 5553 ἀνθρώπῳ
2383 5484 2604 5536 σκοπόν.
2642 5486 2741 5536 Διὰ
2787 5482 2898 5550 γὰρ
2951 5480 3110 5532 τοῦτο
3153 5480 3247 5532 καὶ
3291 5478 3447 5547 μόνον
3494 5474 3683 5528 αὑτὸν

2085 5579 2398 5648 παρήγαγε,
2453 5578 2548 5628 καὶ
2603 5575 2887 5644 ἀφθαρσίᾳ
2932 5574 3218 5642 τετίμηκε.
3274 5571 3411 5625 Κατ’
3443 5570 3682 5621 ἐκεῖνον

2088 5671 2188 5741 μὲν
2220 5667 2313 5725 οὖν
2366 5669 2457 5721 τὸν
2515 5667 2753 5738 πρῶτον,
2810 5668 2968 5736 εἴπερ
3028 5664 3319 5719 ὑπακούων
3358 5662 3577 5733 ἔμεινε,
3613 5659 3684 5710 τὸ

2083 5762 2240 5829 γένος
2278 5761 2428 5814 ἅπαν
2463 5760 2813 5827 παραχθῆναι
2840 5759 2900 5811 τὸ
2929 5756 3269 5823 ἀνθρώπινον
3296 5753 3554 5821 ἔμελλεν.
3606 5750 3684 5803 Ἦ
