4088 6186
372 376 472 443 ’ἵει

1705 370 2073 451 Εριετοιέι
2118 392 2247 453 vn.

3505 403 3615 465 7692

376 489 632 563 παρακοὴ
659 489 948 561 τοιγαροῦν
983 491 1360 565 ἀνατραπῆναι
1392 495 1571 550 πάντα
1605 498 1907 567 πεποίηκεν
1926 516 1939 532 ·

2047 502 2274 556 condunt
2329 516 2477 572 erat;
2539 507 2906 564 inobedientia
2960 509 3105 563 cnim
3164 520 3355 566 cuncta
3420 514 3618 567 inverti

374 585 494 637 τότε
518 584 629 652 γὰρ
654 582 787 652 θῆλυ
820 586 1133 654 παρήγαγε,
1160 586 1250 640 τὸν
1282 588 1458 658 γάμον
1502 590 1808 660 εἰσήνεγκε,
1842 593 1939 646 καὶ

373 678 471 745 τὴν
501 673 693 744 ςωώδη
750 676 958 742 ταύτην
1010 678 1342 750 προὺξένησε
1400 680 1634 748 γένεσιν.
1675 682 1766 735 Ἐν
1801 686 1936 756 τιμῇ

370 769 479 837 γὰρ
511 769 541 820 6
572 766 862 835 ἄνθρωπος
894 766 989 831 ὢν,
1021 768 1097 831 ὡς
1128 771 1156 821 6
1186 770 1330 835 θεῖος
1374 771 1477 843 ἔφη
1522 773 1703 838 Δαόὶδ,
1738 775 1829 827 καὶ
1861 775 1937 845 μὴ

374 858 599 922 συνιεὶς,
631 861 739 921 τοῖς
768 858 1019 928 ἀνοήτοις
1047 860 1237 929 γέγονε
1271 862 1412 915 κατὰ
1439 864 1651 929 γένεσιν
1682 865 1936 936 κτήνεσιν

371 951 555 1018 ὁμοῖος
584 965 600 982 ο
638 949 779 1005 ὅθεν,
798 950 1097 1020 σχημάτων
1121 952 1218 1004 καὶ
1251 952 1478 1022 ἡλικιῶν
1508 954 1761 1025 διαφορὰ,
1790 956 1937 1009 νόσοι

366 1042 785 1105 τεπολυειδεϊς,
809 1042 978 1112 ἄωροι
1012 1042 1256 1108 θάνατοι,
1287 1046 1383 1097 καὶ
1421 1044 1590 1115 μυρία
1621 1047 1756 1101 ἄλλα
1787 1048 1936 1101 δεινὰ

375 1133 786 1201 συναντήματα.
838 1134 935 1185 Διὰ
972 1133 1177 1204 ταύτην
1221 1136 1321 1205 τὴν
1370 1134 1559 1205 ζωώδη
1595 1138 1826 1205 γένεσιν,
1862 1140 1935 1201 ὡς

366 1225 395 1272 6
426 1222 646 1291 Νύσσης
676 1225 830 1293 φησὶ,
859 1224 953 1277 καὶ
987 1225 1181 1293 μέχρις
1206 1226 1416 1280 αἰώνων
1458 1228 1597 1280 ἑπτὰ
1635 1230 1922 1299 παρέτεινε

367 1315 435 1366 τά
460 1313 558 1383 τῆς
590 1313 736 1383 ζωῆς
766 1314 926 1384 ἡμῶν
954 1317 983 1367 6
1009 1315 1161 1380 Θεὸς,
1193 1317 1267 1379 ὡς
1292 1321 1359 1388 τῇ
1388 1319 1611 1389 παρόδῳ
1632 1320 1737 1372 τῶν
1769 1338 1935 1388 προσ·
1973 1344 1985 1365 κ

371 1404 655 1474 ρισθεισῶν
688 1406 1189 1478 συναπαρτισθῆναι
1211 1407 1399 1478 ψυχῶν
1424 1426 1438 1439 ·
1470 1410 1564 1463 καὶ
1595 1411 1713 1464 τότε
1746 1413 1934 1478 στῆναι

363 1495 466 1565 τὴν
489 1497 660 1565 ῥοώδη
692 1497 784 1549 τοῦ
809 1500 1005 1567 χρόνου
1034 1500 1238 1569 ταύτην
1266 1501 1503 1572 κίνησιν.
1545 1503 1937 1573 ’Λμφιϐάλλειν

364 1583 462 1639 οὖν
494 1587 570 1649 ὡς
605 1585 759 1655 οἶμαι
792 1589 893 1641 ούκ
924 1588 1167 1658 εὔλογον,
1199 1591 1315 1659 εἴγε
1357 1593 1450 1645 καὶ
1488 1594 1588 1663 μιᾷ
1627 1593 1814 1663 ἡλικίᾳ.
1844 1594 1939 1647 καὶ

367 1678 610 1746 σχήματι
650 1679 732 1731 ἑνὶ
762 1680 881 1731 κατ’
914 1683 1122 1733 ἐκεῖνον
1163 1682 1257 1733 τὸν
1286 1685 1504 1753 πρῶτον
1540 1684 1937 1753 ἀναστήσονται

366 1770 608 1833 ἅπαντες
632 1785 646 1800 ³
678 1774 709 1840 ή
742 1772 849 1842 γὰρ
877 1773 1178 1835 ἀνάστασις
1210 1774 1362 1826 οὐδὲν
1393 1774 1524 1828 ἄλλο
1551 1776 1701 1828 ἐστὶν
1740 1775 1773 1846 ἢ
1799 1776 1935 1843 πρὸς

366 1861 429 1913 τὸ
460 1863 685 1931 ἀρχαῖον
700 1863 820 1917 τῶν
846 1865 1214 1917 πεπτωκότων
1236 1867 1701 1930 ἀποκατάστασις.
1726 1866 1937 1920 Οὐκοῦν

365 1952 428 2005 τὸ
474 1955 689 2024 νήπιον,
729 1954 845 2021 εῐγε
877 1954 1191 2026 τελευτήσει
1244 1957 1459 2027 νήπιον,
1512 1961 1935 2028 τριακονταέτης

346 2042 757 2112 ἀναστήσεται,
783 2045 878 2097 καὶ
911 2046 939 2097 6
970 2046 1367 2115 ἑκατονταετής
1395 2048 1468 2110 ὡς
1494 2048 1655 2111 αὐτὸς
1688 2064 1938 2118 τριακον-

363 2135 567 2205 ταέτης
616 2136 974 2207 ἐγερθήσεται
1011 2154 1025 2167 ’
1083 2139 1226 2193 κατά
1281 2139 1377 2210 τὴν
1429 2140 1657 2210 ήλικίαν
1719 2143 1936 2204 πάντως

364 2229 578 2299 ἐκείνην
609 2230 733 2284 καθ’
755 2231 820 2302 ἢν
856 2232 964 2301 ἄρα
991 2232 1086 2286 καὶ
1110 2232 1462 2303 παραχθῆναι
1489 2232 1737 2301 ἔμελλον,
1775 2234 1933 2303 εἴπερ

366 2322 660 2376 ὑπακούων
698 2322 913 2391 ἔμεινεν
942 2327 969 2375 6
1004 2325 1221 2391 πρῶτος
1247 2324 1553 2397 ἄνθρωπος.
1584 2324 1775 2393 Τούτῳ
1808 2324 1935 2395 μένε

363 2431 445 2466 τοι
473 2415 551 2484 τῷ
580 2414 725 2484 λόγῳ
756 2414 850 2468 καὶ
898 2414 1003 2485 ὅλῳ
1056 2414 1156 2485 βίῳ
1187 2414 1380 2485 ὀδύνην
1411 2416 1535 2468 τινὰ
1590 2416 1730 2485 ἔχων
1777 2416 1935 2485 ὖγιὴς

362 2505 744 2577 εὑρεθήσεται,
775 2506 801 2557 ὅ
835 2522 896 2558 τε
929 2506 1139 2575 μακρὸς
1170 2509 1269 2560 καὶ
1296 2507 1324 2559 6
1366 2506 1439 2576 μὴ
1469 2504 1712 2568 τοιοῦτος
1747 2505 1935 2575 ἰσομε-

364 2598 467 2667 ρὴς
491 2598 817 2668 ὀφθήσεται.
864 2598 975 2652 Καὶ
1021 2598 1275 2659 εἰκότως.
1309 2596 1420 2667 Τῆς
1463 2597 1574 2668 γάρ
1620 2596 1936 2668 ἀνισότητος

361 2690 570 2760 ταύτης
610 2692 643 2760 ή
699 2689 921 2760 ζωὼδης
963 2691 1103 2760 αὐτὴ
1153 2690 1365 2758 γένεσις
1415 2692 1565 2743 αἰτία
1600 2691 1934 2760 καθέστηκε.

375 2782 542 2836 Ἀλλά
570 2781 743 2835 ταῦτα
779 2782 960 2836 πάντα
989 2784 1055 2851 τῇ
1087 2780 1186 2849 τῆς
1215 2781 1566 2843 ἀναστάσεως
1598 2782 1938 2852 θεραπευθή-

330 2864 337 2877 ’
364 2891 525 2927 σεται
553 2874 763 2943 χάριτι.
799 2871 866 2925 ἸΙ
896 2872 1005 2941 γὰρ
1036 2872 1459 2941 προσδοκωμένη
1489 2873 1648 2941 χάρις
1677 2873 1937 2935 ὲπάνοζός

362 2970 481 3021 ἐστι
510 2967 646 3035 πρὸς
681 2966 930 3036 εκείνην,
976 2965 1051 3028 ὡς
1080 2964 1317 3035 εἴρηται,
1366 2964 1465 3035 τὴν
1514 2962 1740 3035 πρώτην
1764 2965 1931 3035 ζωήν.

364 3063 428 3115 Εἰ
471 3046 653 3114 τοίνυν
689 3062 787 3131 μιᾷ
824 3059 1015 3132 ἡλικίᾳ
1054 3060 1152 3112 καὶ
1193 3061 1291 3128 μιᾷ
1317 3059 1512 3112 πλάσει
1549 3061 1643 3112 καὶ
1692 3061 1933 3128 σχήματι

2057 594 2210 649 fecit.
2256 595 2410 671 Tunc
2448 598 2592 652 enim
2637 599 2894 653 feminam
2929 601 3211 669 produxit,
3262 603 3479 671 nuptias
3537 603 3622 656 in-

2046 688 2215 752 vexit,
2239 696 2295 742 et
2329 668 2471 745 hanc
2505 690 2796 745 animalem
2843 670 3251 760 generationem
3285 693 3617 746 conciliavit.

2046 778 2105 831 ln
2142 779 2350 834 honore
2374 780 2524 834 enim
2557 781 2717 834 homo
2754 797 2878 835 cum
2910 791 3079 845 esset,
3112 792 3165 835 ul
3200 782 3419 835 divinus
3449 782 3614 834 David

2046 871 2284 935 dieebat,
2336 879 2391 925 et
2433 887 2538 925 non
2578 872 2930 942 intelligeret,
2980 872 3369 941 insipientibus
3420 871 3618 934 evasit,

2044 963 2346 1017 secundum
2375 964 2806 1033 generationem,
2845 964 3105 1033 iumentis
3147 964 3437 1027 assimilis;
3475 963 3619 1017 unde

2046 1054 2332 1110 habituum
2372 1063 2660 1110 etastatum
2684 1054 3000 1121 discrimen,
3022 1055 3307 1123 morbique
3337 1055 3487 1117 varii,
3538 1056 3620 1106 in-

2042 1149 2381 1217 tempestivaa
2403 1158 2630 1208 mortes,
2658 1157 2712 1200 et
2739 1156 3010 1200 sexcenta:
3032 1148 3151 1198 aliae
3193 1163 3395 1212 asperae
3421 1148 3618 1200 adver—

2042 1237 2253 1291 sitates.
2295 1238 2523 1307 PrOpter
2572 1239 2717 1291 hanc
2761 1236 3049 1289 animalem
3097 1236 3528 1306 generationem,
3563 1247 3621 1288 ut

2043 1325 2322 1396 Ngssenus
2351 1329 2446 1393 ait,
2480 1338 2533 1382 et
2575 1342 2749 1396 usque
2776 1327 2841 1380 ad
2880 1337 3088 1397 septem
3131 1327 3324 1381 stecnla
3378 1326 3623 1380 extendit

2042 1417 2206 1469 vitam
2236 1426 2476 1471 nostram
2512 1418 2676 1487 Deus,
2727 1418 2782 1470 in
2825 1420 3055 1471 transitu
3107 1417 3619 1485 prmdestinatarum

2045 1508 2112 1562 ad
2163 1509 2555 1578 perfectionem
2613 1512 2957 1573 animarum;
2999 1518 3051 1564 ct
3097 1519 3227 1562 tunc
3265 1508 3471 1575 positus
3521 1507 3622 1560 fuit

2040 1598 2221 1656 ﬂuxus
2272 1601 2355 1656 sui
2414 1602 2675 1671 temporis
2732 1609 2938 1654 motus.
3000 1600 3287 1669 Ambigcrc
3327 1599 3508 1667 igitur,
3563 1606 3622 1650 nt

2040 1690 2300 1755 arbitror,
2344 1693 2638 1747 absurdum
2669 1701 2773 1757 est,
2807 1708 2873 1745 an
2901 1706 3006 1745 una
3027 1700 3207 1754 amte,
3238 1701 3292 1744 et
3321 1705 3427 1742 una
3453 1689 3620 1757 ﬁgura

2042 1782 2347 1837 secundum
2380 1783 2528 1837 illum
2557 1784 2790 1853 primum
2822 1797 3015 1836 omnes
3060 1790 3364 1851 resurgant.
3415 1778 3621 1861 Resnr-

2041 1873 2209 1928 rectio
2236 1874 2383 1928 enim
2412 1875 2544 1928 nihil
2578 1874 2723 1927 aliud
2743 1884 2847 1939 est,
2892 1890 3050 1944 quam
3096 1875 3151 1927 in
3185 1874 3470 1938 antiquum
3502 1882 3617 1927 sta-

2043 1974 2155 2017 tum
2179 1979 2368 2019 eorum
2393 1965 2488 2034 qui
2517 1965 2854 2031 ceciderunt,
2873 1962 3165 2019 restitutio.
3194 1965 3310 2018 Non
3344 1965 3510 2031 igitur
3531 1964 3618 2017 in-

2042 2055 2184 2119 fans,
2203 2055 2455 2111 siinl’ans
2480 2067 2730 2113 mortuus
2756 2058 2942 2124 fuerit,
2973 2057 3069 2111 sed
3109 2057 3328 2126 triginta
3352 2071 3618 2110 annorum

2042 2156 2291 2217 resurget
2321 2165 2336 2202 :
2370 2156 2426 2202 et
2457 2149 2549 2218 qui
2579 2159 2799 2203 centum
2824 2164 2996 2203 annos
3026 2158 3186 2203 natus
3216 2149 3494 2209 occubuit,
3525 2147 3620 2201 tti—

2046 2238 2198 2306 ginta
2238 2255 2509 2293 annorum
2560 2250 2721 2294 aetate
2753 2242 2870 2307 ipse
2909 2239 3257 2294 excitabitur.
3302 2237 3459 2292 Juxta
3491 2249 3621 2291 ecta-

2044 2337 2159 2381 tem
2210 2328 2438 2382 omnino
2482 2328 2650 2393 illam,
2697 2327 3001 2383 secundum
3057 2343 3220 2395 quam
3280 2329 3618 2397 producendi

2044 2427 2224 2485 erant,
2264 2421 2307 2474 si
2334 2419 2542 2488 printus
2577 2420 2743 2474 homo
2772 2418 3034 2473 obediens
3069 2420 3480 2488 permansisset.
3509 2419 3620 2474 "ac

2042 2514 2258 2567 ratione
2295 2522 2349 2567 et
2385 2522 2496 2567 tota
2522 2513 2630 2566 vita
2664 2512 2874 2581 species
2907 2512 3170 2580 quasdam
3224 2512 3429 2565 habens
3469 2512 3617 2565 sani-

2044 2606 2175 2660 tatis
2204 2605 2539 2671 invenietur,
2571 2614 2627 2658 et
2666 2605 2790 2658 talis
2822 2619 3037 2673 semper
3068 2604 3239 2671 aequis
3274 2603 3482 2657 \iribus
3511 2619 3623 2656 non
3654 2656 3657 2659 .

2041 2698 2309 2753 interibit.
2345 2697 2412 2752 Et
2443 2705 2827 2767 congruenter.
2859 2696 3249 2768 lnaequalitatis
3278 2698 3424 2749 enim
3454 2696 3619 2764 hujus

2043 2788 2294 2844 animalis
2329 2790 2444 2843 hate
2474 2788 2750 2859 generatio
2776 2802 2938 2841 causa
2970 2787 3093 2839 fuit.
3130 2786 3245 2843 .Sed
3296 2787 3409 2839 haec.
3434 2785 3617 2839 onmia

2042 2881 2217 2951 gratia
2250 2880 2671 2936 resurrectionis
2697 2878 3059 2933 curabuntur.
3088 2877 3276 2933 Gratia
3310 2878 3455 2930 enim
3497 2892 3619 2945 quae

2042 2981 2393 3042 exspectatur
2423 2987 2707 3043 regressus
2728 2979 2813 3025 est
2855 2970 2919 3024 ad
2953 2970 3097 3024 illam
3118 3010 3132 3034 ,
3166 2978 3228 3023 ut
3274 2969 3483 3022 dictum
3512 2976 3615 3030 est,

2041 3064 2281 3133 priorem
2319 3062 2503 3117 vitam.
2546 3061 2602 3116 Si
2652 3063 2817 3133 igitur
2862 3061 3051 3115 eadem
3089 3069 3276 3125 aetate,
3324 3067 3380 3114 et
3427 3058 3615 3111 eadem

363 3153 445 3205 ἑνὶ
474 3152 612 3205 κατὰ
640 3153 733 3205 τὸν
760 3152 855 3204 ἕνα
881 3152 977 3205 καὶ
1014 3150 1240 3221 πρῶτον
1282 3150 1569 3219 ἄνθρωπον
1599 3153 1929 3222 ἀναστήσονο

2044 3154 2207 3208 Forma
2233 3162 2287 3208 et
2320 3153 2507 3208 habitu
2535 3155 2837 3207 secundum
2871 3167 3040 3206 unum
3083 3160 3139 3205 et
3176 3152 3410 3221 primum
3442 3150 3619 3204 homi-

362 3262 454 3296 ται
491 3243 749 3307 ἅπαντες,
781 3245 861 3296 ὅτι
885 3242 979 3295 καὶ
1013 3241 1136 3295 κατ’
1164 3243 1487 3307 ὲκεῖνον,ὼς
1521 3242 1757 3311 εἴρηται,
1794 3259 1938 3312 παρ-

364 3336 602 3406 αχθῆναι
642 3336 845 3397 πάντες
885 3334 1132 3405 ἔμελλον,
1182 3333 1296 3401 ετγε
1354 3334 1430 3403 μὴ
1495 3333 1701 3404 προέὅη
1738 3334 1806 3387 τὰ
1840 3334 1939 3403 τῆς

366 3429 655 3498 παρακοῆς
678 3442 694 3458 ⁸
723 3427 776 3479 τι
802 3428 907 3498 χρὴ
952 3426 1046 3479 καὶ
1073 3426 1256 3494 λέγειν
1296 3426 1390 3479 ἐπὶ
1437 3424 1513 3496 τῷ
1556 3425 1940 3497 προειρημένῳ

365 3520 675 3591 ζητήματις
702 3518 801 3582 Δὸς
827 3518 920 3571 ἐπὶ
952 3517 1165 3580 τούτοις
1195 3517 1494 3586 ἀπόκρισιν
1516 3533 1530 3548 ’
1558 3519 1717 3588 ἡμεῖς
1748 3518 1856 3585 γὰρ
1874 3518 1938 3568 ἐἰ

365 3617 463 3668 καὶ
490 3614 685 3683 μικρόν
702 3630 753 3665 τι
777 3610 1024 3681 προήχθη
1036 3627 1136 3680 μεν
1162 3612 1359 3674 εἰπεῖν,
1379 3609 1476 3663 άτε
1497 3613 1609 3674 τοῖς
1625 3609 1941 3677 διαληφθεῖ-

274 3774 283 3779 μ
367 3724 456 3759 σιν
479 3705 686 3760 ἄνωθεν
718 3705 896 3773 ἁγίοις
931 3705 1213 3775 ἑπόμενοι,
1244 3704 1358 3758 ἀλλ’
1393 3703 1534 3774 ὑπὲρ
1567 3704 1716 3775 ἡμᾶς
1746 3704 1780 3773 ή
1811 3702 1937 3756 τού-

364 3815 479 3852 των
504 3796 833 3866 κατάληψις.

951 3931 1295 3987 ΕΠΙΣΤΟΛΗ
1318 3932 1393 3987 Ζ’.

374 4046 463 4113 Τῷ
490 4048 671 4113 αὐτῷ.
720 4077 790 4087 -
842 4045 907 4100 El
965 4046 1080 4114 χρὴ
1137 4047 1465 4115 προσέχειν
1495 4045 1620 4111 τοῖς
1648 4047 1941 4113 λέγουσιν

443 4117 534 4171 ὅτι
567 4122 639 4171 οὐ
677 4118 1087 4187 γνωρίσουσιν
1120 4116 1438 4187 ἀλλήλους
1485 4119 1539 4169 οὶ
1591 4117 1939 4187 ἀναστησό-

386 4190 411 4209 '
438 4204 607 4257 μενοι
651 4185 784 4240 τότε
816 4187 1131 4257 -ἇνθρωποι
1154 4203 1166 4216 ·
1205 4188 1256 4257 el
1301 4185 1369 4237 δὲ
1406 4186 1938 4257 καιιγνωρίσουσι,

442 4251 713 4321 δικαίους
755 4255 872 4324 μὲν
918 4254 1255 4323 ἁμαρτωλοὶ
1287 4251 1684 4323 γνωριοῦσινδ
1720 4256 1791 4308 οὐ
1812 4251 1940 4322 μὴν

443 4328 512 4380 δὲ
538 4326 638 4380 καὶ
667 4325 1055 4395 ἁμαρτωλοὺς
1084 4327 1137 4378 ol
1168 4326 1406 4378 δίκαιοι.

442 4439 504 4491 El
538 4437 595 4489 δέ
630 4454 714 4499 τις
744 4438 870 4505 περὶ
913 4434 1006 4489 τοῦ
1053 4435 1423 4505 γενησομένου
1454 4434 1514 4487 τό
1545 4451 1605 4485 τε
1634 4433 1939 4505 ἀναγνωρι-

370 4526 512 4596 σμοῦ
538 4526 729 4596 μαθεῖν
758 4524 1005 4596 βούλεται
1028 4527 1080 4579 εῐ
1094 4542 1158 4593 γε
1183 4526 1317 4585 τέως
1339 4526 1648 4595 γενήσεται,
1675 4530 1770 4578 καὶ
1792 4527 1941 4588 ὅπως

370 4620 481 4687 ἄρα
514 4619 834 4688 γενήσεται,
862 4618 959 4693 καὶ
987 4620 1035 4671 εἰ
1065 4618 1268 4680 πάντες
1294 4619 1419 4681 τοὺς
1447 4617 1657 4679 πάντας
1678 4616 1945 4688 γνωριοῦ-

374 4727 478 4779 μεν
498 4726 513 4741 ο
544 4709 654 4763 τῶν
688 4710 1061 4777 εὐαγγελικῶν
1090 4709 1185 4762 καὶ
1211 4708 1370 4762 θείων
1394 4698 1652 4779 ῥημάτων
1674 4710 1943 4780 πρότερον

370 4799 622 4854 ἀκουέτω
662 4800 775 4854 τῶν
822 4799 969 4853 οὕτω
1019 4800 1288 4865 λεγόντων
1312 4816 1327 4829 '
1369 4818 1388 4851 ι
1436 4803 1544 4854 Καὶ
1574 4800 1787 4871 ἐπάρας
1816 4801 1942 4863 τοὺς

370 4890 690 4960 ὀφθαλμοὺς
717 4892 745 4942 6
778 4891 1034 4951 πλούσιος
1062 4893 1122 4943 ὲν
1151 4890 1226 4959 τῷ
1252 4890 1355 4960 ᾄδῃ
1385 4890 1653 4961 ἐγνώρισε
1673 4891 1764 4945 τὸν
1795 4910 1939 4944 πτω-

373 4981 471 5051 χὸν
501 4980 773 5050 Λάζαρον,
806 4984 863 5034 ὲν
895 4979 972 5048 τῷ
999 4979 1095 5033 τοῦ
1135 4979 1386 5049 Ἀϐραὰμ
1420 4980 1729 5049 καθήμενον
1756 4982 1943 5051 κόλπῳ

372 5066 527 5142 ἔφίἶ)
560 5074 655 5127 καὶ
683 5073 839 5141 ἔλεγε
867 5089 883 5105 ·
936 5074 1119 5143 Πάτερ
1176 5072 1447 5142 Ἀϐραὰμ,
1497 5072 1815 5127 ἀπόστειλον
1852 5074 1943 5127 τὸν

370 5165 650 5233 Λάζαρον.
688 5182 706 5214 ι
746 5162 1031 5227 Ἐντεῦθεν
1062 5162 1155 5216 οὖν
1203 5162 1388 5230 σαφῶς
1437 5161 1835 5225 ἀποδέδεικται,
1866 5162 1940 5225 ὡς

374 5258 539 5324 εἴπερ
573 5256 815 5325 ἁκριὸὧς
844 5256 942 5308 οὐκ
975 5254 1192 5322 ἐπέγνω
1226 5256 1316 5311 τὸν
1345 5253 1621 5323 Λάζαρον,
1659 5257 1753 5308 καὶ
1782 5255 1944 5309 αὐτὸν

373 5350 469 5401 τὸν
501 5347 852 5417 πατριάρχην
883 5347 983 5400 οὐκ
1016 5345 1082 5400 ἂν
1130 5346 1388 5399 ἐκάλεσεν
1414 5345 1474 5412 ἐξ
1504 5346 1792 5415 ὀνόματος.
1835 5346 1944 5399 Καὶ

379 5442 455 5513 μή
487 5459 571 5503 τις
618 5441 771 5510 εἴπῃ,
818 5437 907 5492 διὰ
942 5438 1001 5491 τὸ
1036 5437 1352 5507 παραϐολὴν
1398 5432 1538 5491 εἶναι
1586 5440 1647 5491 τὸ
1683 5441 1943 5510 πρᾶγμα,

375 5534 470 5588 τὸν
499 5533 701 5585 σκοπόν
725 5549 783 5584 τε
815 5529 1369 5599 ὑπεραναπὸδεικτον,
1410 5530 1704 5584 κάντεῦθεν
1744 5533 1818 5601 μὴ
1841 5549 1947 5589 ,πε-

381 5624 630 5693 ριφέρειν
656 5621 861 5692 ἐναργῆ
889 5620 987 5691 τὴν
1012 5620 1270 5690 ἀλήθειαν
1290 5637 1304 5651 ·
1343 5622 1398 5674 αἱ
1428 5622 1539 5691 γὰρ
1570 5624 1665 5675 τοῦ
1698 5625 1944 5693 Σωτῆρος

380 5717 543 5785 ἡμῶν
579 5716 723 5767 θεῖαι
761 5715 1069 5785 παραϐολαὶ
1095 5715 1233 5769 κατὰ
1262 5717 1351 5769 τὸν
1380 5716 1657 5769 θειότατον
1695 5716 1944 5783 Ἰωάννην

380 5809 472 5863 τον
503 5808 863 5877 Δαμασκηνὸν
907 5809 1246 5877 πραγμάτων
1281 5809 1593 5862 ἐνεστώτων
1636 5808 1725 5861 καὶ
1757 5809 1946 5860 ἀποδε-

2042 3258 2166 3298 nem
2217 3259 2411 3299 omnes
2468 3252 2775 3313 resurgent,
2831 3243 2956 3311 quia
2998 3251 3053 3295 et
3113 3240 3412 3294 secundum
3467 3240 3615 3293 illum

2042 3350 2255 3399 omnes,
2303 3344 2364 3390 ut
2403 3334 2610 3389 dictum
2660 3342 2778 3399 est,
2821 3334 3155 3403 producendi
3208 3333 3447 3393 fuerant,
3510 3332 3615 3384 nisi

2041 3430 2407 3485 inobedicntia
2437 3431 2554 3500 ejus
2593 3428 2967 3498 processisset,
3001 3425 3131 3493 quid
3163 3439 3302 3492 opus
3334 3424 3406 3477 sit
3436 3422 3616 3476 dicere

2041 3538 2208 3592 super
2231 3523 2488 3591 praedicta
2516 3522 2839 3590 quaestione,
2877 3518 3165 3587 responde.
3199 3516 3311 3569 Nos
3333 3514 3477 3568 enim
3510 3514 3615 3577 ctsi

2042 3616 2207 3669 breve
2238 3615 2446 3683 aliquid
2471 3615 2653 3668 dicere
2686 3613 2903 3667 adducti
2937 3625 3147 3673 sumus,
3179 3608 3427 3661 laudatos
3449 3620 3617 3675 supe-

2042 3707 2153 3760 rius
2201 3716 2419 3760 sanctos
2449 3708 2621 3761 secuti
2669 3707 2905 3769 fuimus;
2944 3704 3038 3758 sed
3093 3718 3252 3771 supra
3285 3716 3384 3756 nos
3422 3702 3615 3754 borum

2041 3799 2482 3868 comprehensio.

2588 3934 2919 3988 EPlSTOLA
2964 3932 3076 3986 VII.
3630 3929 3676 3965 9

2043 4046 2254 4101 Eidem.
2284 4076 2338 4089 —
2376 4046 2457 4099 An
2490 4054 2729 4115 oporteat
2770 4045 3038 4098 attendere
3064 4043 3371 4115 dicentibus,
3405 4057 3507 4104 eos,
3529 4043 3618 4107 qui

2114 4118 2458 4170 resurrecturi
2502 4112 2655 4179 sunt,
2707 4116 2936 4168 homines
2974 4126 3097 4166 tunc
3125 4129 3203 4164 σεε
3251 4112 3467 4164 invicem
3518 4126 3619 4160 non

2115 4188 2447 4255 cognituros;
2469 4188 2513 4239 si
2544 4201 2664 4239 vero
2697 4192 3025 4253 (agnoscent,
3056 4198 3126 4234 an
3152 4181 3284 4249 justi
3314 4198 3344 4233 a
3376 4190 3619 4255 peccato~

2114 4250 2254 4310 rilius
2284 4262 2662 4327 cognoscentur
2682 4294 2697 4322 ,
2731 4250 2831 4307 non
2858 4268 2977 4307 vero
3007 4261 3300 4321 peccatores
3329 4267 3361 4305 a
3391 4250 3582 4318 justis.

2114 4435 2173 4490 Si
2204 4450 2334 4490 vero
2368 4434 2491 4503 quis
2527 4432 2596 4487 de
2631 4433 2812 4486 l'utura
2845 4440 2978 4486 tunc
3024 4428 3401 4499 recognitione
3440 4427 3617 4482 disce-
3676 4414 3679 4417 λ

1968 4532 2023 4594 ί)
2046 4537 2104 4579 re
2124 4523 2259 4582 vult.
2284 4538 2353 4576 an
2389 4535 2517 4576 vere
2544 4521 2670 4583 erit,
2698 4529 2754 4574 et
2787 4519 3060 4588 quomodo
3091 4518 3183 4572 ﬁet
3207 4557 3222 4581 ,
3251 4526 3308 4571 et
3338 4533 3405 4571 an
3427 4531 3619 4572 omnes

2045 4614 2114 4669 ab
2151 4613 2406 4667 omnibus
2436 4618 2854 4682 cognoscentur,
2888 4610 3200 4679 evangelica
3220 4617 3274 4663 ct
3295 4609 3476 4663 divina
3494 4623 3618 4662 rep

2045 4707 2113 4762 ba
2150 4706 2302 4775 prius
2341 4705 2530 4760 audiat
2570 4706 2645 4759 ita
2675 4704 2957 4759 dicentia:
2995 4722 3012 4756 ‹
3063 4704 3128 4757 Ει
3176 4718 3299 4757 cum
3348 4702 3619 4757 elevasset

2045 4800 2235 4853 oculos
2267 4797 2420 4853 dives
2470 4797 2523 4851 in
2570 4796 2810 4860 inferno,
2839 4796 3092 4865 cognovit
3124 4810 3420 4865 pauperem
3454 4794 3617 4847 Laza-

2047 4908 2167 4945 rum
2198 4890 2252 4945 in
2290 4896 2412 4945 sinu
2443 4890 2738 4945 Ahrahami
2765 4888 3069 4953 sedentem,
3101 4903 3271 4958 quare
3296 4897 3352 4942 et
3380 4887 3616 4951 dicebat,

2049 4983 2207 5037 l’atcr
2239 4983 2536 5047 Abraham,
2563 4982 2754 5035 emitte
2782 4980 3068 5041 Lazarum,
3110 4987 3250 5033 etc.)
3290 4978 3423 5032 llinc
3455 4978 3619 5048 igitur
3646 5040 3651 5047 δ

2046 5083 2233 5143 aperte
2260 5082 2544 5128 ostensum
2582 5080 2687 5140 est,
2731 5071 2834 5125 nisi
2869 5071 3035 5138 probe
3068 5070 3330 5124 Lazarum
3359 5079 3411 5124 ct
3437 5071 3612 5138 ipsum

2047 5167 2410 5235 patriarcham
2467 5165 2834 5236 cognovisset,
2878 5178 2985 5223 eos
3024 5163 3245 5217 nomine
3294 5169 3612 5217 vocaturum

2047 5275 2157 5313 non
2185 5258 2374 5313 fuisse.
2405 5257 2515 5312 Nec
2541 5257 2665 5327 quis
2695 5257 2839 5312 dicat
2884 5256 2936 5311 id
2967 5272 3087 5311 esse
3122 5256 3457 5326 parabolani,
3489 5266 3614 5304 sco.

2050 5365 2289 5419 pumque
2326 5350 2749 5417 incompertum,
2784 5365 2847 5403 ac
2883 5350 3111 5419 proinde
3143 5345 3488 5401 manifestam
3522 5355 3614 5394 ve-

2050 5445 2265 5496 ritatem
2302 5457 2408 5494 non
2457 5440 2835 5495 circumferre.
2882 5441 3085 5494 Divina:
3125 5438 3270 5492 enim
3313 5430 3616 5486 Servatoris
3694 5502 3701 5507 .

2048 5536 2219 5588 nostri
2268 5533 2716 5602 parabole-Juxta
2772 5532 3174 5586 divinissimum
3210 5527 3472 5581 Joannem
3510 5524 3614 5575 Da—

2052 5641 2387 5687 ηιθευοηυιιι,
2418 5641 2600 5678 ι’(ξι-υιιι
2656 5624 2972 5678 instantium
3018 5631 3073 5674 Cl
3120 5620 3614 5675 demonstraturum

2050 5718 2443 5772 similitudines
2463 5727 2608 5771 sunt.
2650 5717 2726 5769 ita
2769 5715 2910 5769 enim
2945 5728 3034 5765 res
3063 5713 3129 5765 ab
3157 5713 3237 5765 cis
3269 5708 3618 5774 exhibentur,

2051 5810 2505 5877 «ptentadmodum
2564 5808 2805 5879 profecto
2861 5804 3154 5871 aliquando
3214 5805 3409 5859 futurte
3468 5810 3616 5857 sunt.
