4088 6186
472 310 572 406 τέι

1736 344 2154 405 MICIIAELIS
2190 348 2447 409 GLYC/E

3614 345 3724 411 ’ῐεᾶ

468 458 606 515 llmc
635 465 691 510 et
739 455 1001 511 Ecclesia:
1049 438 1304 511 doctores
1348 456 1692 512 occasionem
1749 457 1875 514 inde
1901 460 2044 514 arri-

2159 463 2450 531 Ξειγμένων
2483 462 2588 515 εἰσὶ
2647 461 2990 535 παραϐολαίο
3025 460 3168 515 οὕτω
3225 461 3332 531 γὰρ
3383 458 3730 528 παριστῶσιν

463 548 677 621 pientes
703 547 773 601 de
797 546 1166 616 recognitione
1183 546 1273 601 illa
1307 548 1566 618 placitum
1590 548 1734 603 inter
1756 565 1812 605 se
1835 551 2043 606 stabili-
2074 536 2077 539 ⁷

464 651 682 696 verunt.
718 640 772 693 Si
805 639 951 693 enim
992 653 1055 691 ex
1086 638 1393 709 insignibus
1414 640 1499 695 hic
1524 642 1777 697 homines
1803 643 2039 698 invicem

466 747 523 787 se
550 740 911 801 cognoscunt,
942 729 1031 782 ubi
1069 731 1356 801 perspicax
1390 733 1586 787 anima:
1616 743 1819 801 nostra:
1850 735 2042 789 oculus

463 839 562 893 per
596 833 882 892 peccatum
915 808 1215 877 olfuscatus
1242 832 1351 889 est,
1375 833 1535 894 atque
1564 825 1692 883 inde
1722 826 1904 881 videre
1933 842 2038 880 non

462 923 664 982 potest,
696 913 769 967 uti
800 914 951 984 prius
977 933 991 983 ;
1015 915 1105 969 sed
1132 915 1210 969 ibi
1240 926 1295 969 et
1336 917 1455 973 sine
1492 918 1687 988 signis.
1733 919 1850 974 Una
1892 921 2040 975 enim

460 1017 594 1073 aztas
648 1007 794 1077 apud
848 1023 1062 1073 omnes,
1121 1017 1177 1062 et
1234 1009 1409 1065 forma
1464 1026 1599 1085 una,
1647 1021 1705 1066 ut
1739 1011 2043 1082 Scriptum

466 1100 678 1155 dicunt.
733 1100 938 1155 Omnes
980 1102 1046 1155 ab
1077 1101 1332 1157 omnibus
1373 1114 1794 1174 cognoscentur,
1828 1114 1885 1160 ut
1917 1122 2042 1161 mox

469 1208 655 1248 sermo
681 1194 777 1247 tibi
806 1195 1077 1250 ostendet.
1120 1194 1215 1250 Hic
1258 1197 1403 1251 enim
1433 1197 1479 1251 si
1515 1198 1763 1253 eamdem
1793 1208 1846 1253 et
1875 1200 2049 1255 unam’

463 1300 656 1359 omnes
689 1286 911 1355 figuram
952 1287 1235 1352 haberent,
1276 1303 1383 1344 non
1421 1289 1645 1343 minima
1688 1292 1812 1346 vita:
1844 1293 2039 1347 confu-

463 1381 551 1435 sio
591 1382 950 1451 contingeret.
984 1380 1125 1435 Cur?
1167 1379 1304 1445 Quia
1336 1380 1678 1437 discernendi
1725 1382 2039 1439 facultatem

464 1486 622 1525 mens
647 1482 834 1526 nostra
860 1486 1049 1525 sanam
1082 1471 1280 1541 adhuc,
1306 1481 1365 1526 ut
1407 1473 1585 1542 prius,
1629 1489 1738 1529 non
1776 1475 2037 1544 possidet.

463 1559 877 1615 lntirmitatibus
944 1561 1108 1632 igitur
1171 1564 1378 1619 nostris
1452 1563 1635 1619 divina
1696 1566 2040 1635 providentia

468 1667 628 1721 opem
684 1652 892 1721 ferens,
933 1663 988 1708 et
1018 1654 1391 1727 diversitatem
1443 1671 1735 1727 corporum
1779 1674 1882 1736 per
1926 1660 2040 1717 dis-

464 1745 851 1813 pensationem.
885 1746 1081 1802 adesse
1112 1747 1274 1802 nobis
1302 1749 1591 1819 concessit,
1613 1759 1673 1803 ut
1694 1750 1819 1819 inde
1849 1766 2041 1806 omnes

463 1836 533 1903 ab
582 1836 813 1891 invicem
862 1849 1359 1909 cognoscerentur:
1416 1840 1512 1895 sed
1568 1841 1662 1906 ibi,
1705 1841 1890 1899 divine
1939 1843 2043 1911 vir,

463 1928 601 1982 nihil
645 1927 954 1998 huiusmodi
980 1930 1106 1985 erit.
1132 1930 1197 1985 Et
1224 1932 1266 1985 si
1295 1933 1375 1987 vis
1404 1947 1539 1988 auro
1570 1933 1830 1989 fluentem
1877 1934 2046 1990 Joan-

465 2035 591 2074 nem
620 2020 770 2088 prius
791 2021 942 2087 audi,
973 2023 1083 2075 haec
1112 2022 1184 2077 ita
1210 2026 1627 2079 confirmantem
1658 2033 1713 2079 et
1735 2025 2047 2089 dicentem.

465 2112 609 2180 quod
647 2127 755 2166 non
789 2112 965 2167 solum
1001 2129 1094 2169 eos
1129 2115 1221 2183 qui
1273 2114 1360 2170 hic
1406 2117 1521 2185 noti
1570 2118 1730 2173 nobis
1776 2126 1924 2182 sunt,
1957 2134 2052 2173 co-

466 2217 815 2272 gnoscemus,
850 2204 943 2258 sed
986 2220 1083 2259 eos
1116 2221 1255 2274 quos
1286 2223 1569 2277 nunquam
1611 2209 1874 2265 vidimus.
1920 2209 2050 2265 Ete-

473 2294 585 2347 nim
621 2293 994 2350 Abrahamum
1028 2312 1135 2351 non
1176 2297 1383 2361 vidisti,
1424 2314 1605 2368 neque
1652 2298 1920 2368 lsaacum,
1951 2316 2055 2357 ne-

474 2403 581 2456 que
612 2386 855 2454 reliquos
884 2388 1144 2457 antiquos
1188 2400 1409 2458 patres;
1456 2393 1552 2447 sed
1592 2394 1785 2449 videns
1818 2396 1966 2465 ipsos
1994 2396 2050 2451 in

474 2480 569 2534 illo
596 2480 838 2535 horribili
872 2489 927 2533 et
957 2482 1234 2539 communi
1282 2493 1578 2551 conventu,
1632 2501 1955 2557 cognosces,
1999 2500 2054 2543 et

473 2590 599 2630 cum
629 2576 951 2646 cognoveris
979 2576 1130 2631 dices
1160 2594 1173 2629 :
1211 2576 1350 2633 Ecce
1383 2579 1681 2646 Abraham,
1710 2595 1838 2639 ecce
1878 2581 2053 2649 Isaae,

467 2683 597 2723 ecce
636 2667 823 2732 Jacob.
880 2684 1008 2725 ecce
1051 2669 1267 2734 Petrus,
1293 2680 1347 2724 et
1378 2670 1685 2739 Paulus,et
1712 2673 1909 2743 reliqui
1955 2675 2055 2729 de-

467 2757 686 2830 inceps.
730 2761 800 2817 Et
837 2761 1002 2831 huius
1034 2761 1113 2816 rei
1142 2763 1313 2833 gratia
1348 2779 1417 2823 ne
1447 2764 1668 2831 mirere,
1698 2780 1877 2836 neque
1911 2765 2058 2825 inso-

474 2854 594 2907 lens
630 2852 680 2906 id
712 2852 983 2909 existima.
1019 2852 1077 2907 Si
1133 2855 1279 2910 enim
1336 2855 1447 2919 illa,
1477 2872 1627 2927 ,ηυδε
1665 2857 1719 2919 in
1770 2858 2052 2914 Dominica

483 2945 739 3012 passione
786 2961 816 2999 a
873 2947 1103 3003 mortuis
1152 2962 1577 3023 resurrexerunt
1623 2965 1885 3020 corpora,
1928 2966 2054 3006 cum

474 3036 836 3108 praeﬁgural'to
860 3048 1045 3093 essent
1076 3039 1279 3094 ultima:
1323 3050 1375 3096 et
1414 3042 1725 3103 communis
1774 3056 2052 3099 resurrec-

2150 548 2311 609 αὗται
2342 555 2408 607 τὰ
2432 554 2758 624 πράγματα,
2783 555 2925 608 καθὰ
2952 552 3017 624 δὴ
3051 555 3143 607 καὶ
3178 551 3430 621 γενέσθαι
3462 550 3561 619 ὀψέ
3590 566 3726 603 ποτε

2152 648 2444 715 μέλλουσιν
2469 664 2481 677 ·
2516 646 2672 701 ἔνθεν
2701 664 2785 719 τοι
2836 647 2931 702 καὶ
2965 646 3015 699 οί
3060 644 3162 713 τῆς
3206 640 3536 711 Ἑκκλησίας
3578 641 3728 694 διδά-

2152 740 2342 792 σκαλοι
2377 738 2634 810 ἀφορμῆς
2675 738 2929 791 ἐντεῦθεν
2968 736 3299 807 δραξάμενοι
3342 733 3436 787 καὶ
3478 732 3540 785 τὸ
3591 732 3727 800 περὶ

2150 832 2246 885 τοῦ
2278 831 2705 903 ἀναγνωρισμοῦ
2748 831 2968 895 ¹ἐκείνου
3017 829 3196 898 δόγμα
3233 827 3371 897 πρὸς
3399 827 3508 903 τοῖς
3536 823 3726 886 ᾇλλοις

2149 922 2640 987 διεϐεϐαιώσαντο·
2681 925 2729 976 εί
2764 923 2870 991 γὰρ
2903 922 2966 987 ὲκ
3013 919 3309 988 συσσήμων
3344 915 3583 970 ἐνταῦθα
3607 916 3724 978 τοῖς

2152 1016 2461 1087 ἀνθρώποις
2496 1017 2756 1084 πρόσεστι
2780 1015 2845 1067 τὸ
2874 1014 3165 1083 γνωρίζειν
3196 1013 3477 1083 ἀλλήλους,
3501 1009 3600 1065 ἅτε
3626 1008 3726 1061 τοῦ

2149 1106 2465 1176 διορατικοῦ
2488 1106 2587 1177 τῆς
2604 1106 2780 1175 ψυχῆς
2808 1105 2964 1173 ἡμῶν
2994 1102 3273 1173 ὀφθαλμοῦ
3300 1104 3388 1155 διὰ
3412 1103 3514 1171 τὴν
3542 1101 3729 1171 ἁμαρ·

2152 1197 2274 1250 τίαν
2300 1180 2751 1269 ἀμαυρωθέντος,
2784 1196 3084 1251 κάντεῦθεν
3128 1196 3260 1265 ὁρᾷν
3290 1195 3390 1247 οὐκ
3420 1192 3724 1262 ἰσχύοντος,

2150 1289 2339 1360 ὥσπερ
2370 1290 2434 1362 δὴ
2465 1289 2563 1344 καὶ
2596 1290 2657 1343 τὸ
2690 1289 2960 1361 πρότερον
2979 1305 2994 1321 ο
3024 1288 3142 1343 ἀλλ’
3164 1290 3282 1355 ,ἐκεῖ
3303 1287 3397 1339 καὶ
3424 1286 3725 1355 συσσήμων

2150 1382 2278 1435 ἄνευ
2309 1397 2322 1411 ”
2361 1382 2461 1450 μία
2506 1382 2615 1452 γὰρ
2659 1382 2846 1449 ἡλικία
2881 1381 3035 1452 παρὰ
3063 1382 3197 1447 πᾶσι
3227 1381 3323 1433 καὶ
3359 1376 3498 1445 εἶδος
3529 1378 3608 1443 ἓν,
3647 1378 3725 1439 ὣς

2151 1489 2316 1542 φασιν
2347 1474 2411 1551 ai
2432 1473 2672 1543 Γραφαὶ,
2700 1474 2750 1526 οἱ
2778 1473 2980 1536 πάντες
3005 1471 3303 1543 γνωριοῦσι
3328 1470 3457 1534 τοὺς
3489 1470 3725 1530 πάντας,

2150 1567 2223 1629 ὡς
2257 1568 2285 1619 6
2313 1565 2469 1633 λόγος
2504 1565 2608 1635 ήδη
2657 1565 2779 1634 μετ’
2824 1566 2883 1618 οὐ
2924 1564 3059 1618 πολὺ
3096 1565 3440 1633 παραστήσει
3477 1577 3560 1614 σοι
3588 1578 3602 1590 ·
3638 1562 3727 1615 tv-

2148 1656 2324 1710 ταῦθα
2354 1656 2454 1727 μὲν
2482 1658 2593 1726 γὰρ
2636 1658 2685 1709 εἰ
2716 1656 2809 1710 τὸν
2844 1656 3007 1709 αὐτὸν
3043 1656 3138 1709 καὶ
3169 1655 3266 1707 ἕνα
3308 1650 3452 1723 εἶχον
3483 1652 3726 1713 ἅπαντες

2151 1732 2500 1822 χαρακτῆρα,
2531 1752 2629 1820 οὐχ
2659 1752 2694 1821 ἠ
2725 1750 2964 1820 τυχοῦσα
2993 1750 3059 1803 ἂν
3087 1748 3165 1819 τῷ
3194 1748 3294 1819 βίῳ
3342 1748 3520 1817 τούτῳ
3564 1747 3726 1799 συνέ-

2150 1859 2320 1896 πιπτε
2351 1841 2634 1912 σύγχυσις,
2678 1842 2836 1904 Τίνος
2862 1841 3088 1907 ἒνεκενς
3127 1840 3251 1894 Ὅτι
3288 1840 3348 1892 τὸ
3377 1837 3729 1909 διακριτικῖν

2150 1938 2178 1987 6
2204 1934 2327 1996 νοῦς
2356 1935 2386 1986 6
2410 1934 2677 2004 ἡμέτερος
2709 1934 2871 2005 ύιγιὴς
2898 1934 3048 2005 ἄρτι,
3079 1932 3225 1986 καθὰ
3267 1931 3361 1986 καὶ
3404 1930 3619 1999 πρώην,
3663 1928 3727 1980 ού

2152 2028 2436 2097 κέκτηται.
2462 2026 2591 2088 Ταῖς
2615 2025 2706 2080 οὖν
2728 2024 3034 2090 ἀσθενείαις
3064 2024 3223 2095 ἡμῶν
3251 2026 3283 2092 ἡ
3312 2022 3430 2076 θεία
3454 2019 3731 2092 βοηθοῦσα

2154 2121 2405 2190 πρόνοια,
2449 2121 2547 2174 καὶ
2579 2119 2679 2190 τὴν
2716 2118 3079 2191 παραλλαγὴν
3127 2118 3235 2173 τῶν
3276 2115 3550 2187 σωμάτων
3580 2115 3730 2167 elato-

2154 2213 2394 2281 νομικῶς
2418 2211 2818 2281 προσγίνεσθαι
2839 2212 2973 2281 ἡμῖν
2997 2208 3446 2280 συγκεχώρηκεν,
3473 2211 3548 2271 ῶς
3565 2209 3733 2260 smu-

2157 2303 2266 2367 θῶς
2315 2303 2562 2366 ἅπαντας
2607 2301 2857 2356 ἐντεῦθεν
2888 2302 2985 2356 ἀπ’
3035 2301 3282 2370 ἀλλήλων
3329 2299 3725 2369 γνωρίζεσθαι.

2168 2396 2309 2450 Ἀλλ’
2341 2397 2481 2459 ἐκεῖ,
2510 2394 2781 2448 θεοείκελε
2805 2394 2959 2464 ἄνερ,
2979 2392 3221 2447 τοιοῦτον
3253 2392 3353 2446 ούκ
3376 2391 3523 2445 ἐστιν
3546 2390 3727 2451 οὐδέν.

2156 2491 2267 2545 Καὶ
2318 2490 2367 2542 εί
2419 2488 2602 2557 βούλει
2655 2487 3109 2557 χρυσορῤήμονος
3154 2484 3404 2538 Ἰωάννου
3461 2482 3732 2552 πρότερον

2156 2584 2344 2647 ἄκουε,
2367 2581 2437 2635 τὰ
2470 2580 2598 2651 περὶ
2648 2578 2855 2633 τούτων
2908 2578 3054 2633 οὕτω
3101 2575 3587 2646 διαϐεϐαιουμένου
3631 2577 3732 2629 καὶ

2157 2675 2431 2743 λέγοντος,
2461 2672 2536 2732 ὡς
2567 2672 2626 2725 ού
2661 2671 2824 2741 μόνον
2852 2668 2980 2733 τοὺς
3013 2664 3115 2723 ὧδε
3153 2668 3432 2736 γνωστοὺς
3461 2664 3731 2734 γνωριοῦ-

2162 2789 2286 2843 μεν,
2325 2770 2461 2824 ἀλλὰ
2496 2768 2588 2822 καὶ
2642 2766 2737 2831 οὓς
2785 2766 3040 2820 οὐδέποτε
3091 2765 3302 2834 εἴδομεν
3325 2780 3341 2797 ⁸
3373 2763 3469 2819 καὶ
3496 2762 3606 2831 γὰρ
3635 2761 3731 2812 σιὸν

2171 2864 2422 2936 ΡΑσραὰμ
2452 2863 2554 2932 οὐχ
2590 2859 2865 2931 ἑώρακας,
2905 2858 3029 2910 οὐδὲ
3070 2858 3165 2910 τὸν
3219 2855 3426 2918 Ἰσαὰκ,
3454 2853 3574 2907 οὐδὲ
3604 2853 3732 2914 τοὺς

2159 2959 2382 3021 λοιποὺς
2430 2954 2885 3026 ἀρχαιοπάτορας
2907 2969 2922 2984 ·
2952 2949 3071 3004 ἀλλ’
3105 2948 3230 3003 ἰδὼν
3261 2946 3460 3009 αὐτοὺς
3495 2944 3589 2996 ἐπὶ
3629 2943 3733 3011 τῆς

2161 3048 2398 3120 φρικτῆς
2447 3045 2664 3115 ἐκείνης
2717 3045 2815 3099 καὶ
2863 3042 3052 3109 κοινῆς
3106 3038 3472 3101 συνελεύσεως
3505 3035 3733 3105 ’γνωρί-

474 3131 639 3185 tionis
675 3130 727 3184 in
771 3139 1015 3186 sanctam
1039 3131 1319 3187 civitatem
1349 3134 1590 3203 ingressa
1614 3143 1767 3197 sunt,
1792 3142 1849 3187 et
1869 3132 2052 3191 multis

2160 3158 2294 3207 σεις,
2321 3138 2710 3208 καὶγνωρίσας
2736 3134 3053 3207 ὲρεῖςξῚδοὺ
3085 3132 3360 3204 Ἀϐραὰμ,
3383 3129 3490 3183 ίδοὺ
3515 3127 3733 3192 Ἰσαὰκ,

472 3233 862 3293 apparuerunt,
899 3226 1003 3289 hoc
1029 3234 1134 3290 est,
1183 3226 1398 3296 cognita
1434 3235 1590 3290 sunt;
1636 3226 1741 3282 nisi
1773 3226 1922 3281 enim
1953 3241 2050 3281 co-

473 3313 787 3381 gnoscenda
858 3313 1114 3378 fuissent,
1174 3316 1317 3370 haud
1374 3317 1759 3385 apparuissent
1824 3318 2047 3385 utique;

473 3419 594 3456 cum
624 3412 805 3458 autem
853 3407 1259 3474 apparuissent,
1307 3410 1472 3461 simul
1520 3410 1734 3480 cognita
1782 3417 1931 3465 sunt.
1984 3411 2052 3466 Et

475 3496 591 3548 haec
624 3495 766 3565 apud
807 3510 906 3549 eos
941 3498 1032 3565 qui
1073 3496 1274 3551 nullam
1324 3496 1529 3552 habent
1568 3513 1749 3553 rerum
1781 3511 2053 3570 spectata-

473 3602 599 3641 rum
626 3588 1011 3659 cognitionem.
1038 3587 1210 3643 Nemo
1232 3590 1378 3644 enim
1397 3606 1587 3644 eorum
1615 3592 1711 3667 qui
1736 3600 1867 3647 tunc
1895 3592 2052 3647 adin-

471 3685 619 3739 venti
653 3684 906 3749 fuerunt,
966 3690 1028 3737 ut
1076 3679 1341 3735 aurifluus
1400 3682 1678 3737 invenitur
1731 3683 1937 3750 dicere,
1991 3684 2048 3738 in

476 3777 700 3830 homilia
763 3776 831 3830 88
890 3775 947 3828 in
1017 3781 1266 3827 sanctum
1318 3774 1673 3842 Evangelium
1749 3776 2051 3831 secundum

476 3867 815 3932 Mattbacum,
840 3868 907 3922 de
950 3866 1070 3921 visu
1124 3880 1220 3920 eos
1275 3866 1367 3933 qui
1417 3865 1543 3919 olim
1583 3866 2049 3934 obdormiverunt,

470 3964 649 4027 iustos
680 3962 954 4032 cognovit.
987 3957 1157 4013 Multo
1195 3958 1365 4027 magis
1403 3958 1715 4028 huiusmodi
1750 3960 2053 4030 recognitio

475 4055 531 4109 in
565 4054 653 4108 illa
702 4069 826 4108 vera
868 4060 924 4107 et
961 4060 1208 4107 extrema
1256 4051 1662 4106 resurrectione
1703 4051 1826 4104 crit.
1857 4049 2051 4107 Crassa

475 4147 621 4201 enim
654 4145 756 4200 hac
789 4159 974 4207 carne,
1017 4144 1162 4197 tenui
1198 4150 1253 4199 et
1290 4143 1392 4199 levi
1430 4151 1560 4197 tunc
1595 4152 1649 4199 et
1684 4143 2052 4215 patriarchica

476 4237 687 4301 cﬂecta,
711 4238 988 4308 perspicax
1010 4237 1207 4292 animae
1250 4244 1452 4291 nostra:
1473 4235 1664 4291 oculus
1706 4235 2052 4305 apertissime

479 4346 589 4386 non
622 4331 1027 4401 prohibebitur.
1048 4330 1116 4383 Et
1137 4329 1458 4399 persuadeat
1480 4337 1529 4382 te
1553 4329 1762 4397 primus
1791 4328 1880 4382 ille
1912 4328 2056 4382 Ada-

477 4439 619 4478 mus.
644 4424 779 4478 Cum
799 4422 944 4477 enim
962 4436 1193 4477 asomno
1207 4421 1474 4475 excitatus
1493 4421 1707 4484 fuisset.
1725 4429 1781 4475 et
1800 4420 1964 4474 Evam
1991 4419 2059 4473 il-

2163 3232 2274 3285 ίδοὺ
2310 3228 2531 3293 Ἰακὼϐ,
2558 3228 2667 3281 ἰδοὺ
2715 3227 2920 3297 Πέτρος
2955 3226 3050 3281 καὶ
3083 3221 3316 3284 Παῦλος.
3348 3223 3440 3275 καὶ
3471 3219 3522 3271 οἱ
3553 3217 3737 3270 λοιποὶ

2161 3322 2420 3390 καθεξῆς.
2452 3321 2562 3375 Καὶ
2597 3318 2789 3373 τούτου
2820 3318 2980 3388 χάριν
3018 3315 3093 3385 μὴ
3121 3312 3388 3386 θαύμαζε,
3419 3310 3554 3382 μηδὲ
3583 3310 3739 3390 ξένον

2160 3433 2213 3470 τι
2242 3387 2402 3486 ήγού.
2433 3414 2494 3467 El
2527 3412 2633 3481 γὰρ
2668 3387 2852 3464 ἐκεῖνα
2877 3410 2944 3463 τὰ
2974 3409 3116 3463 κατὰ
3143 3424 3205 3476 γε
3236 3406 3296 3459 τὸ
3328 3387 3614 3473 σωτήριοιῖ
3630 3403 3741 3455 πα-

2163 3507 2253 3571 θος
2287 3509 2351 3559 ὲκ
2377 3505 2585 3577 νεκρῶν
2616 3504 2928 3557 ἀναστάντα
2959 3501 3189 3569 σώματα
3217 3496 3568 3567 προτύπωσις
3605 3492 3746 3545 ὄντα

2162 3603 2261 3670 τῆς
2290 3598 2610 3660 τελευταίας
2631 3597 2723 3650 καὶ
2746 3594 2933 3662 κοινῆς
2958 3590 3309 3651 ἀναστάσεως
3336 3588 3415 3651 είς
3446 3587 3546 3655 τὴν
3570 3584 3749 3651 ἁγίαν

2163 3691 2320 3744 πόλιν
2346 3689 2596 3760 εἰσῆλθον
2616 3687 2710 3739 καὶ
2733 3682 3163 3751 ἐνεφανίσθησαν
3190 3678 3424 3741 πολλοῖς,
3456 3674 3749 3728 τουτέστιν

2164 3782 2539 3853 ἐγνώσθησαν,
2565 3782 2614 3833 εί
2641 3778 2716 3849 μὴ
2747 3779 2857 3846 γὰρ
2881 3775 3192 3843 γνωσθῆναι
3241 3770 3468 3841 ἔμελλον
3522 3770 3623 3821 ούκ
3672 3767 3748 3820 ἂν

2163 3874 2620 3944 ἐνεφανίσθησαν,
2653 3867 3075 3940 ἐμφανισθέντες
3106 3866 3164 3919 δὲ
3181 3867 3327 3934 ὅμως
3345 3861 3709 3931 ἐγνώσθησαν
3725 3875 3744 3891 ο

2166 3971 2258 4022 καὶ
2286 3966 2460 4020 ταῦτα
2487 3964 2639 4035 παρὰ
2671 3964 2784 4026 τοῖς
2820 3960 3093 4032 μηδεμίαν
3119 3956 3420 4011 θεαθέντων
3443 3954 3750 4020 διάγνωσιν

2162 4059 2381 4129 ἔχουσιν
2402 4074 2416 4088 ·
2451 4055 2626 4118 οὐδεὶς
2661 4055 2770 4126 γὰρ
2809 4054 2919 4105 τῶν
2949 4051 3075 4104 τότε
3111 4047 3583 4118 παρευρεθέντων,
3609 4044 3687 4106 ὼς
3717 4047 3752 4098 6

2167 4149 2573 4220 χρυσορρήμων
2593 4145 2822 4215 εὓρηται
2847 4143 3027 4211 λέγων
3053 4145 3107 4194 ὲν
3130 4143 3196 4210 τῇ
3220 4143 3299 4203 εἰς
3327 4137 3386 4190 τὸ
3416 4135 3560 4189 κατὰ
3587 4136 3752 4205 Ματ-

2168 4243 2320 4297 θαῖον
2373 4239 2527 4307 ἅγιον
2598 4235 2930 4305 Εὐαγγέλιον
2996 4233 3332 4302 ὀγδοηκοστῇ
3391 4230 3553 4299 ὀγδόῃ
3611 4232 3747 4297 ὀμι-

2163 4338 2274 4407 λίᾳ,
2301 4336 2400 4404 τὴν
2429 4333 2560 4386 θέαν
2581 4333 2690 4385 τῶν
2714 4330 2881 4383 πάλαι
2941 4327 3316 4398 κοιμηθέντων
3365 4325 3593 4378 δικαίων
3617 4321 3748 4390 ὲγί-

2169 4442 2369 4482 νωσκεο
2401 4425 2583 4494 πολλῷ
2616 4423 2817 4493 μᾶλλον
2846 4425 2873 4475 6
2905 4422 3149 4483 τοιοῦτος
3166 4416 3583 4487 ὰναγνωρισμὸς
3613 4415 3748 4467 κατ’

476 4517 583 4571 lam
611 4516 859 4580 vidisset,
891 4514 1168 4585 cognovit,
1186 4521 1381 4567 etcum
1404 4512 1772 4583 cognovisset,
1799 4511 2016 4567 dicebat
2040 4528 2052 4567 :

2162 4524 2381 4593 ἐκείνην
2407 4520 2696 4589 γενήσεται
2725 4517 2823 4588 τὴν
2840 4516 3020 4584 ἀληθῆ
3047 4515 3143 4567 καὶ
3164 4513 3486 4567 τελευταίαν
3509 4512 3749 4567 ἀνάσταο

483 4627 503 4660 ε
525 4610 636 4662 lluc
654 4608 888 4678 igituros
901 4622 967 4661 ex
985 4606 1204 4661 ossibus
1220 4606 1377 4668 meis.
1397 4614 1590 4660 etcaro
1602 4605 1675 4660 de
1688 4620 1852 4661 carne
1871 4620 2013 4660 mea.
2033 4624 2052 4656 ι

477 4703 558 4757 Ne
593 4702 756 4773 igitur
785 4702 946 4757 [idem
1007 4700 1270 4754 adbibere
1307 4715 1505 4753 renuas
1530 4700 1597 4753 iis
1626 4715 1748 4768 quae
1777 4700 2058 4755 dicuntur.

480 4794 635 4849 Tunc
662 4794 806 4848 enim
838 4792 906 4847 ad
929 4791 1196 4846 Adamum
1234 4790 1383 4844 illum
1414 4792 1811 4858 regrediemur.
1838 4790 1896 4844 Si
1914 4790 2061 4846 enim

480 4886 815 4941 resurrectio
846 4886 984 4939 nihil
1011 4884 1157 4938 aliud
1177 4894 1261 4940 est
1282 4899 1444 4953 quam
1463 4883 1529 4939 ad
1552 4886 1840 4957 antiquum
1858 4895 2060 4940 statum

483 4993 671 5033 eorum
726 4980 817 5047 qui
869 4978 1216 5045 ceciderunt,
1259 4977 1555 5042 restitutio,
1604 4978 1915 5032 necessario
1967 4992 2062 5031 co-

484 5085 814 5140 gnoscemus
844 5079 900 5125 et
932 5086 1069 5139 quos
1124 5086 1401 5140 nunquam
1435 5071 1672 5125 vidimus
1703 5072 1918 5125 fratres.
1938 5068 2063 5123 Ete—

482 5163 596 5217 nim
629 5163 686 5216 in
717 5178 947 5233 corpore
996 5177 1115 5218 uno
1137 5178 1330 5217 omnes
1359 5177 1531 5216 unum
1581 5162 1850 5216 habemus
1899 5170 2064 5228 caput

483 5255 789 5312 Christum.
843 5254 1167 5310 Necessario
1221 5255 1387 5327 igitur
1444 5255 1630 5310 cuncti
1688 5264 1919 5311 cunctos
1970 5270 2063 5310 co-

484 5363 834 5419 gnoscemus.
870 5347 925 5403 Si
954 5348 1104 5402 enim
1146 5356 1204 5403 et
1232 5347 1463 5402 diversis
1508 5348 1850 5418 temporibus
1892 5346 2061 5417 geniti

483 5440 721 5506 fuimus;
759 5440 852 5495 sed
898 5440 1141 5494 omnium
1188 5452 1331 5492 unus
1363 5450 1447 5493 est
1484 5447 1639 5507 pater
1684 5436 1849 5493 Deus.
1886 5439 2065 5511 Quare

410 5588 421 5600 δ
484 5539 541 5584 et
564 5534 860 5585 convenire
882 5529 1049 5584 simul
1068 5543 1258 5583 omnes
1298 5544 1326 5581 a
1367 5530 1567 5583 saeculo
1602 5544 1772 5599 usque
1808 5532 1863 5585 in
1901 5529 2062 5584 ﬁnem

487 5623 853 5685 conveniens;
918 5630 974 5675 et
1028 5620 1210 5675 eﬁerri
1272 5621 1639 5676 communiter
1691 5623 2065 5692 patriarchico

487 5711 581 5763 illo
615 5712 833 5779 gaudio.
874 5712 1166 5781 Propterea
1200 5713 1349 5767 enim
1389 5723 1444 5767 et
1493 5715 1587 5784 qui
1639 5716 2063 5784 promissionem

489 5812 891 5869 praeceperunt,
952 5804 1025 5856 illi
1078 5804 1233 5872 juxta
1275 5820 1528 5877 magnum
1564 5808 1790 5865 Paulum
1820 5826 1932 5867 non
1974 5808 2066 5866 de-

2166 4636 2251 4672 σιν
2274 4635 2287 4649 '
2319 4619 2418 4688 τῆς
2449 4620 2558 4686 γὰρ
2617 4614 2852 4685 παχείας
2903 4612 3109 4681 ταύτης
3160 4610 3364 4677 σαρκὶς
3410 4607 3612 4675 λεπτῆς
3639 4606 3748 4659 καὶ

2163 4714 2374 4781 κούφης
2425 4709 2729 4780 τηνικαῦτα
2778 4706 2875 4760 καὶ
2912 4705 3319 4775 πατριαρχικῆς
3366 4703 3682 4770 γεγονυίας,
3716 4704 3750 4755 ὁ

2161 4803 2478 4874 διορατικδς
2532 4804 2629 4871 τῆς
2679 4800 2863 4871 ψυχῆς
2915 4798 3072 4867 ἡμῶν
3122 4794 3405 4865 ὀφθαλμὸς
3434 4793 3751 4864 τρανότατα

2164 4900 2225 4951 ού
2291 4896 2583 4950 κωλύεται.
2645 4895 2755 4948 Καὶ
2804 4892 3040 4946 πειθέτω
3092 4907 3151 4943 σε
3197 4892 3224 4943 6
3272 4889 3488 4958 πρῶτος
3533 4887 3748 4948 ἐκεῖνος

2178 4988 2349 5057 Ἀδάμ
2372 5003 2387 5020 ο
2424 4987 2654 5053 ἔξυπνος
2686 4985 2794 5055 γὰρ
2830 4980 3068 5050 γεγονὼς
3100 4979 3194 5033 καὶ
3224 4978 3324 5047 τὴν
3364 4974 3509 5029 Εὔαν
3526 4971 3759 5040 ἐκείνην.

2168 5081 2294 5135 ἰδὼν
2331 5078 2622 5149 ἐγνώρισε,
2658 5077 2752 5129 καὶ
2787 5074 3061 5143 γνωρίσας
3114 5072 3269 5137 ἔλεγε
3295 5085 3308 5099 ·
3366 5086 3384 5120 ι
3428 5067 3599 5119 Τοῦτο
3644 5059 3750 5119 οὖν

2164 5170 2360 5225 ὀστοῦν
2393 5172 2457 5222 ὲκ
2488 5170 2595 5221 τῶν
2623 5167 2798 5220 ὀστῶν
2836 5182 2960 5236 μου,
3008 5162 3107 5217 καὶ
3137 5161 3274 5233 σὰρξ
3307 5161 3372 5212 ὲκ
3400 5158 3503 5227 τῆς
3536 5155 3752 5224 σαρκός

2168 5280 2294 5334 μου.
2340 5281 2368 5313 τ
2401 5260 2493 5332 Μὴ
2537 5256 2631 5313 οὖν
2683 5258 2903 5311 ἀπίστει
2953 5259 3065 5317 τοῖς
3097 5252 3457 5323 λεγομένοιςο
3500 5246 3750 5316 ὁπηνίκα

2165 5356 2276 5426 γὰρ
2306 5354 2398 5408 ἐπὶ
2429 5353 2522 5406 τὸν
2565 5352 2738 5420 ’Δδὰμ
2776 5352 2983 5404 ἐκεῖνον
3027 5344 3371 5415 ἐπέλθωμεν.
3399 5344 3433 5412 ἡ
3468 5340 3577 5409 γὰρ
3602 5338 3747 5393 ἀνά-

2168 5456 2362 5503 στασις
2392 5439 2546 5493 οὐδὲν
2576 5438 2708 5492 ἄλλο
2737 5438 2886 5492 ἐστὶν
2917 5437 2950 5507 ἢ
2981 5436 3120 5506 πρὸς
3151 5435 3213 5487 τὸ
3244 5433 3472 5513 ἀρχαῖον
3499 5429 3614 5482 τῶν
3644 5444 3749 5480 πε·

2166 5534 2464 5587 πτωκότων
2498 5533 2967 5593 ἀποκατάστασις,
3002 5528 3071 5593 ἐξ
3092 5529 3339 5597 ἀνάγκης
3391 5522 3751 5594 γνωρίσομεν

2168 5629 2261 5680 καὶ
2292 5625 2383 5686 οὓς
2430 5625 2685 5677 οὐδέποτε
2723 5624 2961 5692 εεδομεν,
2987 5621 3209 5690 ἀδελφοί
3235 5636 3250 5651 ο
3285 5621 3383 5672 καὶ
3432 5618 3541 5687 γάρ
3573 5616 3752 5681 ἐσμεν

2170 5720 2327 5788 σῶμα
2357 5718 2437 5781 ἓν,
2465 5719 2516 5769 οἱ
2552 5718 2752 5779 πάντες
2791 5716 2919 5786 μίαν
2963 5714 3162 5786 ἔχομεν
3214 5710 3457 5780 κεφαλὴν
3484 5710 3577 5761 τὸν
3608 5707 3751 5773 Χρι-

2170 5810 2311 5862 στόν.
2370 5807 2458 5872 Ἐξ
2492 5807 2737 5877 ἀνάγκης
2786 5805 2877 5859 οὖν
2912 5807 2959 5858 οί
2993 5806 3188 5867 πάντες
3220 5800 3562 5872 γνωριοῦμεν
3614 5797 3743 5858 τοὺς
