4088 6186
315 336 418 400 ’185

1665 320 2043 403 ΕΡΙδΤοιᾹ
2079 342 2221 405 v11.

3473 340 3583 409 786

317 452 590 515 ἅπαντας.
621 450 683 504 El
729 452 840 523 γὰρ
878 452 973 506 καὶ
1008 453 1156 509 κατὰ
1190 454 1481 527 διαφόρους
1522 456 1748 527 καιροὺς
1780 459 1903 525 ἔγε-

2026 456 2100 511 ati
2132 462 2281 522 sunt,
2319 469 2388 511 ne
2419 454 2540 514 sine
2574 456 2738 514 nobis
2773 456 3147 530 perficiantur.
3204 454 3262 511 Si
3292 470 3423 512 vero
3468 456 3588 512 hare

318 546 597 616 τόνειμεν,
623 545 764 599 ἀλλὰ
801 546 1023 602 πάντων
1073 544 1152 612 εἷς
1188 550 1307 602 ἐστι
1354 550 1538 622 πατὴρ
1567 551 1595 602 6
1621 548 1777 613 Θεὸς,
1809 548 1897 618 ἐφ’

320 633 364 707 ᾧ
395 637 492 693 καὶ
528 636 806 690 συνελθεῖν
836 638 954 709 ἃμα
984 642 1109 703 τοὺς
1135 642 1231 695 ἀπ’
1256 642 1454 704 αίῶνος
1487 641 1581 694 καὶ
1615 642 1777 712 μέχρι
1807 639 1899 692 τέ-

320 729 445 790 λους
471 728 621 791 είκὸς
655 729 1035 801 ἐμφορηθῆναι
1088 732 1285 794 κοινῶς
1334 733 1434 803 τῆς
1483 732 1899 804 πατριαρχικῆς

324 823 544 892 ἐκείνης
575 824 750 894 χαρᾶς
776 839 790 853 ⁸
817 824 911 876 ἐπὶ
945 823 1053 893 γάρ
1084 825 1263 895 τούτῳ
1295 826 1391 879 xui.
1430 825 1529 896 τὴν
1569 825 1902 896 ἐπαγγελίαν

323 911 375 963 οἱ
402 912 770 980 προλαϐόντες
802 913 997 965 ὲκείνοι
1032 914 1173 967 κατὰ
1207 914 1298 967 τὸν
1333 916 1507 983 μέγαν
1546 914 1763 967 Παῦλον
1801 913 1904 966 ούκ

326 1004 674 1072 ἐκομίσαντο,
705 1004 793 1058 ῐνα
841 1005 914 1075 μὴ
954 1008 1121 1075 χωρὶς
1148 1006 1321 1076 ,ἡμῶν
1371 1005 1726 1060 τελειωθῶσι.
1757 1006 1820 1059 Εἰ
1848 1004 1905 1075 δὲ
1946 1010 1951 1013 ⁷

326 1095 502 1149 ταῦτα
530 1095 701 1159 οὕτως
727 1096 861 1166 έχει,
897 1096 1012 1159 πῶς
1042 1096 1166 1165 οὐχὶ
1195 1097 1289 1150 καὶ
1335 1097 1664 1167 γνωριοῦσιν
1690 1097 1739 1149 ol
1767 1096 1905 1150 πάν-

327 1203 423 1251 τες
458 1188 582 1251 τοὺς
632 1188 1007 1259 πάντας;Μὴ
1055 1184 1149 1242 οῦν
1199 1189 1290 1241 ἐπὶ
1344 1188 1508 1243 πλέον
1546 1188 1858 1259 ἀμφίϐαλλε
1889 1205 1903 1219 ⁸

331 1281 425 1336 τὸν
459 1281 569 1351 γὰρ
603 1280 782 1334 κοινὸν
830 1284 1036 1334 ἐκεῖνον
1067 1282 1490 1354 ἀναγνωρισμὸν
1538 1264 1629 1335 καὶ
1669 1284 1698 1334 6
1734 1280 1910 1352 μακειὶ⁴

336 1392 451 1443 ριος
493 1372 741 1444 Ἐφρσῖμ
770 1374 1054 1445 παριστῶν
1106 1375 1261 1443 ἔλεγε
1288 1390 1303 1405 ⁸
1336 1376 1472 1428 Τότε
1524 1377 1690 1428 τέκνα
1735 1392 1908 1428 κατα-

333 1468 585 1536 κρινοῦσι
614 1471 810 1536 γονεῖς,
840 1468 917 1532 ὡς
951 1468 1027 1537 μὴ
1059 1468 1126 1521 τά
1172 1469 1386 1540 χρηστὰ
1433 1467 1910 1539 διαπραξαμένους

334 1560 475 1629 ἔργα
496 1577 511 1591 ⁸
545 1560 641 1613 καὶ
691 1560 798 1628 γὰρ
831 1561 882 1613 εί
937 1560 1017 1630 μὴ
1072 1563 1438 1631 γνωρίσουσιν
1475 1560 1760 1632 ἀλλήλους,
1793 1558 1912 1631 πῶς

336 1651 495 1705 ἔσται
529 1653 638 1715 τοῖς
668 1650 885 1720 γονεῦσι
935 1653 1087 1723 παρὰ
1122 1653 1230 1706 τῶν
1260 1653 1468 1707 τέκνων
1498 1656 1532 1723 ἡ
1560 1653 1784 1721 τοιαύτη
1815 1668 1912 1705 καρ

334 1742 633 1812 τάκρισιςς
661 1743 734 1797 Ού
782 1741 955 1797 ταῦτα
1004 1743 1062 1796 δὲ
1115 1743 1302 1813 μόνον,
1332 1743 1469 1797 ἀλλά
1509 1744 1605 1797 καὶ
1646 1739 1911 1811 ἀδελφοὺς

335 1836 518 1889 ἐκεῖσε
558 1834 921 1903 γνωρίσουσιν
976 1812 1216 1904 ἀδελφοὶ,
1244 1836 1338 1889 καὶ
1374 1834 1611 1905 μεγίστη
1638 1833 1727 1887 διὰ
1753 1812 1913 1887 τοῦτο

339 1929 626 1984 συνέσεται
671 1930 944 1999 χαρμονή.
997 1928 1109 1982 Καὶ
1145 1928 1358 1998 βεϐαιοί
1390 1927 1482 1980 τὸν
1507 1925 1666 1994 λόγον
1692 1927 1719 1977 6
1749 1924 1915 1986 πολὺς

335 2023 396 2075 ὲν
426 2020 679 2091 θεολογίᾳ
711 2022 1015 2090 Γρηγόριος
1042 2034 1057 2050 ⁸
1086 2022 1146 2075 ὲν
1176 2018 1285 2090 γὰρ
1315 2018 1392 2089 τῷ
1425 2020 1506 2081 είς
1534 2018 1626 2071 τὸν
1652 2014 1917 2081 αὐτάδελ-

338 2130 443 2184 φον
476 2113 640 2168 αὐτοῦ
674 2113 974 2183 Καισάρων
1018 2114 1294 2183 ἐπιταφίῳ
1327 2112 1472 2183 λόγῳ
1518 2112 1611 2165 καὶ
1646 2109 1772 2163 τάδε
1801 2109 1917 2162 δια-

338 2206 640 2276 λαμϐάνων
669 2206 937 2277 εὓρηται⁸
982 2224 1000 2258 ι
1048 2207 1185 2261 Τότε
1218 2206 1522 2275 Καισάριον
1548 2203 1750 2274 ὂψομαι
1777 2202 1919 2272 λαμ-

340 2297 500 2367 πρὸν,
524 2294 752 2362 ἔνδοξον,
786 2296 1178 2367 ἀγαλλόμενον,
1222 2292 1332 2359 οἷός
1366 2312 1457 2365 μοι
1493 2296 1588 2349 καὶ
1617 2293 1742 2347 κατ’
1781 2292 1916 2362 ὄναρ

340 2385 552 2455 ὤφθης,
574 2384 821 2452 ἀδελφῶν
850 2383 1092 2452 φίλτατε.
1139 2403 1157 2436 ι
1193 2384 1317 2437 Ὅτι
1349 2383 1405 2437 δὲ
1441 2382 1502 2435 οὐ
1544 2382 1666 2435 τότε
1734 2382 1916 2451 μόνον,

338 2477 478 2532 ἀλλὰ
501 2479 598 2531 καὶ
625 2477 717 2530 νῦν
747 2477 797 2530 ot
820 2478 876 2529 ὲν
905 2477 1097 2548 Κυρίῳ
1127 2476 1486 2546 κοιμηθέντες
1503 2475 1561 2529 ἐν
1581 2473 1757 2543 τούτῳ
1789 2488 1915 2526 συν-

338 2570 749 2642 ευφραίνονται,
779 2570 808 2622 6
844 2569 1015 2639 μέγας
1051 2568 1368 2629 Ἀθανάσιος
1399 2567 1603 2633 ἔδειξεν
1651 2566 1824 2628 οὕτως
1845 2566 1921 2618 εί·-

340 2660 496 2715 πών·
526 2662 652 2714 Ὀτι
702 2662 799 2714 καὶ
852 2660 1015 2713 τοῦτο
1051 2661 1167 2722 τοῖς
1220 2658 1553 2728 σωζομένοις
1595 2656 1919 2726 κεχάρισται

343 2751 500 2822 παρά
539 2748 699 2813 Θεοῦ,
723 2750 785 2801 τὸ
818 2749 986 2819 μέχρι
1017 2748 1119 2815 τῆς
1152 2747 1339 2815 κοινῆς
1378 2732 1728 2807 ἀναστάσεως
1759 2742 1921 2812 ψυχιο

345 2840 459 2903 κῶς
487 2839 755 2909 ἀλλήλους
791 2841 1031 2894 συνεῖναι
1078 2839 1175 2892 καὶ
1223 2836 1718 2908 συνευφραίνεσθαι
1743 2851 1756 2866 ⁸
1783 2836 1833 2888 ot
1861 2835 1919 2887 δὲ

342 2934 662 3003 ἁμαρτωλοὶ
690 2933 784 2987 καὶ
808 2931 1015 3003 ταύτης
1043 2930 1400 3001 παραμυθίας
1430 2928 1772 3000 ἐστέρηνται·
1798 2928 1921 2981 οὐδὲ

339 3027 451 3098 γὰρ
480 3025 624 3081 καθά
657 3041 822 3094 φησιν
845 3027 874 3078 6
900 3024 1263 3093 Δαμασκηνὸς
1306 3022 1584 3090 Ἰωάννης,
1608 3020 1669 3074 τὸ
1693 3020 1922 3088 διαγνω-

343 3119 534 3173 στικὸν
559 3121 655 3171 καὶ
683 3116 851 3180 οῦτοι,
878 3116 1132 3186 καθάπερ
1177 3116 1227 3169 oi
1277 3115 1450 3183 ἀγιοι,
1485 3114 1784 3180 κέκτηνται
1810 3127 1826 3141 ⁸
1865 3113 1922 3163 ὲν

338 3211 540 3281 ἐκείνῳ
562 3191 643 3263 ’δὲ
677 3209 754 3279 τῷ
802 3208 1073 3279 πανδήμῳ
1122 3207 1339 3278 θεάτρῳ
1373 3206 1560 3269 καθὼς
1604 3205 1660 3257 αἱ
1690 3203 1918 3274 πράξεις

342 3304 569 3367 πάντων
601 3301 1126 3371 ἀνακεκαλυμμέναι
1155 3301 1319 3363 εἰσὶν,
1360 3298 1504 3352 οὕτω
1533 3296 1625 3350 καὶ
1655 3296 1725 3349 τὰ
1750 3296 1920 3365 πρόσ-

336 3414 469 3459 ¹ωτιεει
496 3395 754 3466 γνώριμα
786 3398 919 3463 πᾶσι
950 3395 1310 3449 καθίστανται
1340 3395 1446 3458 ἕως
1500 3387 1560 3446 οὗ
1589 3393 1621 3461 ἡ
1647 3390 1923 3459 ἀπ’ἀλλή-

343 3491 451 3544 λων
472 3490 740 3555 διάζευξις
764 3491 988 3560 γένηται
1014 3505 1027 3519 ·
1050 3491 1141 3543 καὶ
1165 3490 1668 3560 ἀποπεμφθήσεται
1687 3490 1921 3549 ἕκαστος

346 3587 428 3647 εἰς
481 3584 539 3637 ὃν
565 3585 744 3653 ἑαυτῴ
774 3585 939 3637 τόπον
970 3583 1289 3652 ἡτοίμακεν.
1320 3582 1443 3634 Ὅτι
1480 3581 1538 3634 δὲ
1569 3581 1673 3633 ὑπὸ
1703 3581 1921 3633 πάντων

346 3676 833 3748 θεατρισθὴσονται
867 3675 935 3728 τὰ
971 3675 1241 3745 ἡμέτερα,
1272 3678 1368 3727 καὶ
1396 3677 1424 3727 6
1464 3673 1638 3743 μέγας
1669 3672 1922 3741 Μάξιμος

343 3768 619 3839 ἀριδήλως
668 3767 827 3820 τοῦτο
868 3765 1201 3837 παρίστησιν
1229 3781 1243 3794 ⁸
1293 3766 1350 3817 ὲν
1387 3764 1497 3834 γὰρ
1548 3765 1624 3834 τῷ
1659 3766 1791 3831 περὶ
1822 3762 1924 3825 τῆς

346 3862 494 3913 κατὰ
518 3859 650 3913 Θεὸν
680 3860 856 3929 λύπης
883 3859 1025 3929 λόγῳ
1079 3858 1267 3924 αὑτοῦ,
1296 3859 1392 3911 καὶ
1425 3857 1552 3929 τάδε
1597 3857 1740 3910 κατά
1771 3857 1923 3925 ῥῆμα

345 3952 607 4017 διέξεισι·
648 3970 666 4002 ι
709 3950 1031 4020 Τηνικαῦτα
1084 3949 1258 4019 βίϐλοι
1308 3949 1640 4017 ἀνοίγονται,
1677 3947 1922 4017 δηλονότι

347 4049 406 4099 ὲν
436 4048 502 4115 τῇ
554 4045 739 4116 ἡμέρᾳ
781 4044 879 4112 τῆς
914 4042 1173 4114 κρίσεως,
1203 4040 1310 4095 τῶν
1340 4040 1629 4111 ἡμετέρων
1654 4038 1833 4109 έργων
1865 4055 1923 4090 τε

348 4143 445 4194 καλ⁵
472 4139 672 4207 λόγων,
706 4138 800 4189 καὶ
830 4134 1108 4204 λογισμῶν
1142 4134 1364 4204 ἔχουσαι
1400 4132 1539 4202 μετὰ
1561 4132 1744 4200 πάσης
1770 4130 1927 4200 ἀκρια

349 4233 502 4295 ϐείας
526 4231 594 4283 τὰ.
614 4230 892 4300 ἐγγραφα,
916 4228 984 4281 δι’
1012 4224 1088 4280 ὢν
1115 4227 1375 4281 ἁπάντων
1404 4224 1687 4294 γύμνωσις
1714 4222 1924 4290 γίνεται

347 4328 460 4379 τῶν
515 4324 926 4394 πεπραγμένων
958 4321 1089 4392 ἡμῖν
1136 4320 1230 4372 ἐπὶ
1276 4318 1458 4387 πάσης
1495 4317 1745 4380 κτίσεως,
1782 4315 1925 4368 ὥστε

348 4422 610 4474 τοσοῦτον
657 4417 902 4486 ἀλλήλων
938 4412 1233 4481 γινώσκειν
1283 4412 1463 4471 πάσας
1494 4411 1590 4472 τὰς
1626 4407 1923 4479 ἁμαρτίας,

348 4518 473 4569 ὅσον
507 4515 740 4574 ἕκαστος
777 4511 875 4572 τὰς
911 4507 1106 4561 ἑαυτοῦ
1157 4507 1257 4577 τὴν
1314 4504 1497 4575 βίϐλον
1532 4499 1927 4570 ἀναγινώσκων

348 4610 451 4676 τῆς
480 4605 675 4659 ἑαυτοῦ
718 4602 1100 4670 συνειδήσεως.
1145 4618 1165 4651 ι
1203 4598 1312 4650 Καὶ
1342 4596 1485 4650 οὓτω
1520 4594 1617 4665 μὲν
1655 4595 1683 4645 6
1715 4590 1929 4644 θειόταο

348 4715 442 4761 τος
474 4697 726 4766 Μάξιμος
753 4712 765 4725 ·
799 4694 827 4746 6
860 4694 916 4745 δέ
965 4709 1028 4760 γε
1072 4690 1359 4760 προφήτης
1415 4686 1647 4757 Ἡσαΐας
1678 4682 1930 4753 ἀριδηλό-

347 4807 532 4861 τερον,
562 4792 614 4842 si
646 4806 712 4857 γε
740 4790 1037 4858 προσέχῃς,
1064 4786 1126 4838 τὸ
1168 4784 1345 4853 δόγμα
1392 4780 1551 4833 τοῦτο
1583 4777 1784 4844 διδάξει
1820 4792 1879 4829 σε
1911 4793 1926 4809 ο

349 4884 483 4953 περί
516 4900 675 4937 τινων
696 4882 803 4950 γὰρ
834 4882 891 4932 ὲν
928 4877 1227 4947 ἁμαρτίαις
1274 4872 1619 4943 τεθνηκότων
1650 4871 1741 4923 τὸν
1770 4868 1929 4935 λόγον

349 4979 699 5045 ποιούμενος,
741 4973 916 5035 οὕτως
962 4969 1197 5039 εὓρηται
1249 4966 1458 5032 λέγων·
1518 4981 1537 5014 ι
1596 4962 1659 5017 Ὀ
1709 4958 1929 5028 σκώληξ

349 5069 535 5124 αὐτῶν
564 5067 625 5119 οὐ
653 5064 991 5133 τελευτήσει,
1020 5061 1112 5114 καὶ
1141 5060 1202 5112 τὸ
1231 5056 1343 5123 πῦρ
1396 5053 1575 5119 αὐτῶν
1604 5052 1663 5105 οὐ
1700 5050 1931 5119 σϐεσθή-

352 5177 534 5225 σεται,
562 5157 657 5212 καὶ
688 5156 906 5209 ἔσονται
950 5153 1031 5215 εἷς
1080 5152 1273 5219 ερασιν
1309 5148 1462 5217 πάσῃ
1501 5142 1682 5213 σαρκί.
1733 5139 1932 5193 »Αὐτὸ

350 5254 514 5308 τοῦτο
562 5255 656 5305 καὶ
690 5251 751 5303 τὸ
797 5245 1155 5315 εύαγγελικὸν
1211 5242 1391 5297 ἐκεῖνο
1443 5238 1538 5292 καὶ
1586 5236 1729 5289 θεῖον
1766 5231 1930 5303 ῥητὸν

354 5345 698 5415 ύπεμφαίνει
741 5342 803 5395 τὸ
831 5342 994 5406 λέγον
1018 5351 1034 5368 ⁸
1088 5336 1151 5388 Ὀ
1184 5333 1374 5402 Πατήρ
1410 5348 1504 5383 σου
1538 5332 1565 5383 6
1606 5328 1821 5399 βλέπων
1869 5341 1930 5376 σε

350 5442 413 5493 ἐν
438 5438 518 5506 τῷ
547 5434 774 5507 κρυπτῷ
801 5430 1071 5485 ἀποδώσει
1099 5444 1181 5480 σοι
1226 5429 1284 5479 ὲν
1318 5423 1396 5494 τῷ
1432 5420 1674 5492 φανερῷ⁸
1725 5437 1743 5469 ι
1776 5434 1932 5471 τουτ-

349 5533 509 5584 έστιν
556 5530 647 5581 ἐπὶ
697 5526 882 5595 πάσης
917 5522 1149 5582 κτίσεως
1175 5534 1189 5549 ⁸
1224 5516 1370 5570 κατὰ
1410 5516 1517 5584 γὰρ
1552 5513 1642 5566 τὸν
1699 5510 1934 5582 χρυσορ-

355 5626 577 5692 ρήμονα
622 5619 897 5686 Ἰωάννην,
940 5613 1053 5666 εἴτε
1088 5607 1504 5679 στεφανωθῆναι
1560 5607 1772 5675 μέλλεις
1818 5602 1930 5654 εἴτε

354 5711 785 5781 κατακριθῆναι,
813 5710 964 5761 πᾶσα
996 5705 1156 5759 τοῦτο
1190 5702 1310 5755 τότε
1361 5698 1497 5767 σὰρξ
1546 5699 1763 5765 γνωριεῖ
1791 5711 1804 5726 ·
1840 5696 1934 5747 καὶ

351 5806 469 5877 γὰρ
493 5806 747 5870 ἕκαστος,
779 5804 888 5857 εἴτε
920 5801 1146 5863 δίκαιος,
1175 5794 1283 5849 εἴτε
1311 5792 1405 5847 καὶ
1432 5789 1773 5860 cinnamum.
1796 5805 1932 5855 γνω-

2001 547 2078 603 ita
2127 548 2353 613 habent,
2404 551 2681 619 quomodo
2724 552 2971 607 universi
3029 550 3098 605 ab
3144 548 3417 604 universis
3472 563 3583 602 non

2004 642 2443 712 cognoscentur?
2473 640 2551 696 Ne
2584 642 2754 713 igitur
2783 644 3021 714 amplius
3056 642 3265 698 dubita.
3324 641 3587 697 Commu-

2005 749 2130 788 nem
2162 733 2309 788 enim
2345 733 2492 788 illam
2522 736 2950 809 recognitionem
2994 744 3050 790 et
3090 734 3281 789 beatus
3320 732 3587 801 Ephraem

2004 823 2392 878 demonstrans
2438 823 2695 878 diccbat:
2737 843 2755 875 ι
2793 823 2950 878 Tunc
2999 823 3093 878 lilii
3142 821 3591 878 condemuabnnt

2005 925 2281 988 parentes,
2305 928 2364 970 ut
2397 932 2495 971 eos
2526 916 2622 985 qui
2655 917 2799 971 bona
2829 932 2992 986 Opera
3022 932 3131 985 non
3165 916 3465 972 fecerunt.»
3492 916 3591 969 Et-

2006 1009 2153 1064 enim
2181 1010 2285 1065 nisi
2325 1020 2658 1080 cognoscent
2694 1009 2954 1072 inviccm,
2984 1009 3257 1077 quomodo
3285 1017 3536 1075 parentes
3560 1022 3591 1065 ιι

2011 1101 2139 1156 filiis
2186 1101 2262 1155 ita
2308 1102 2867 1171 condemnahuutur?
2901 1101 3020 1156 Non
3052 1101 3170 1154 haec
3208 1115 3340 1154 vero
3387 1100 3589 1159 solum,

2011 1194 2107 1249 sed
2136 1203 2192 1249 et
2216 1193 2414 1248 fratres
2446 1193 2516 1246 ibi
2544 1208 2571 1246 a
2602 1192 2861 1246 fratribus
2892 1201 3310 1262 cognoscentur,
3334 1200 3388 1244 et
3417 1190 3593 1244 maxi-

2011 1300 2103 1340 mo
2131 1294 2421 1357 propterea
2450 1286 2609 1340 simul
2641 1284 2945 1339 afﬁcientur
2977 1282 3196 1353 gaudio,
3227 1292 3283 1336 et
3307 1282 3598 1336 confirmat

2012 1394 2317 1435 sermonem
2377 1392 2609 1449 magnus
2640 1378 2954 1448 Theologus
3006 1375 3325 1446 Gregorius.
3395 1372 3454 1426 In
3514 1372 3605 1426 fu-

2012 1470 2170 1533 nebri
2214 1469 2359 1525 enim
2409 1470 2658 1537 oratione
2702 1469 2756 1523 in
2793 1483 2953 1523 suum
2998 1466 3223 1521 fratrem
3278 1464 3599 1531 Caesarium,

2013 1572 2077 1635 et,
2109 1562 2227 1618 haec
2255 1561 2532 1619 disserens
2576 1561 2883 1629 reperitur:
2920 1578 2939 1612 ι
2973 1558 3127 1615 Tunc
3163 1558 3462 1611 Caesarium
3513 1558 3595 1611 vi-

2014 1655 2154 1710 debo
2196 1653 2569 1723 splendidum.
2612 1654 2930 1723 gloriosum,
2971 1652 3368 1721 exsultantem,
3409 1650 3593 1720 qualis

2016 1746 2151 1803 mihi
2180 1755 2237 1801 et
2264 1746 2568 1801 secundum
2603 1747 2844 1817 quietem
2867 1746 3019 1800 visus
3042 1754 3162 1810 est,
3195 1744 3429 1811 fratrum
3465 1743 3594 1797 cha-

2016 1837 2252 1907 rissime.
2282 1857 2303 1890 ι
2331 1838 2488 1907 Quod
2519 1854 2650 1894 vero
2680 1853 2793 1892 non
2813 1838 2988 1893 solum
3019 1849 3172 1905 tunc,
3197 1837 3295 1892 sed
3320 1846 3375 1890 et
3398 1835 3591 1901 modo,

2010 1931 2112 2002 qui
2142 1931 2201 1985 in
2237 1929 2476 1987 Domino
2509 1930 2859 1985 dormierunt
2888 1929 2944 1984 in
2995 1930 3101 1984 hoc
3132 1928 3299 1984 simul
3328 1927 3602 1992 laetantur,

2018 2034 2247 2091 magnus
2292 2020 2622 2091 Athanasius
2658 2014 3040 2081 ostendit‘ita:
3069 2019 3294 2073 dicens:
3338 2016 3495 2084 Quod
3549 2026 3607 2071 et

2014 2110 2125 2183 hoc
2154 2112 2222 2183 iis
2252 2112 2348 2182 qui
2379 2112 2679 2175 salvantur,
2712 2111 2945 2181 largitur
2974 2110 3120 2165 Deus
3155 2118 3328 2178 usque
3354 2107 3421 2162 ad
3456 2124 3607 2162 com-

2018 2220 2242 2261 munem
2276 2205 2758 2273 resurrectionem,
2776 2203 2992 2257 scilicet
3013 2202 3333 2271 spiritaliter
3368 2200 3606 2254 invicem

2025 2297 2366 2361 conversari,
2398 2304 2452 2351 et
2478 2295 2640 2361 simul
2666 2295 2841 2359 iatari
2863 2310 2879 2362 ;
2902 2303 3227 2364 peccatores
3261 2307 3392 2346 vero
3422 2302 3477 2346 ct
3502 2292 3608 2346 hac

2021 2370 2399 2457 consolatione
2433 2400 2650 2440 carere.
2696 2384 2885 2455 Neque
2919 2382 3090 2448 enim,
3115 2391 3173 2447 ut
3203 2383 3280 2447 ait
3314 2381 3610 2437 Damasce-

2022 2495 2127 2534 nus
2184 2478 2447 2545 Joannes,
2494 2476 2847 2533 discernendi
2922 2475 3237 2543 facultatem
3295 2475 3386 2541 bi,
3448 2472 3608 2537 sicuti

2018 2570 2218 2639 sancti,
2278 2569 2585 2640 possident.
2632 2569 2690 2621 ln
2741 2567 2834 2621 illo
2866 2582 2995 2622 vero
3038 2568 3317 2631 communi
3372 2567 3610 2628 theatro,

2014 2664 2181 2741 sicuti
2235 2673 2391 2718 actus
2443 2662 2689 2716 omnium
2741 2660 2971 2715 revelati
3023 2666 3173 2722 sunt,
3228 2659 3302 2721 ita
3348 2666 3404 2713 et
3442 2657 3612 2711 facies

2018 2770 2163 2829 noue
2199 2756 2455 2811 omnibus
2485 2754 2739 2809 astabunt
2768 2793 2784 2818 ,
2812 2752 2989 2807 donec
3021 2752 3089 2806 ab
3127 2752 3362 2806 invicem
3398 2750 3611 2818 disjun-

2020 2857 2256 2922 gantur;
2288 2856 2344 2902 et
2372 2845 2680 2905 dimittetur
2716 2844 2949 2914 quilibet
2978 2844 3034 2897 in
3068 2843 3269 2904 locum,
3298 2856 3464 2912 quem
3499 2841 3607 2895 sibi

2023 2938 2370 3010 praeparavit.
2423 2938 2506 2993 Ab
2559 2936 2819 3005 omnibus
2848 2950 2977 2989 vero
3020 2949 3123 2989 nos
3181 2943 3489 3004 spectatum
3536 2931 3608 2985 iri

2023 3032 2188 3087 etiam
2236 3044 2465 3100 magnus
2506 3027 2776 3097 Maximus
2826 3026 3116 3097 manifeste
3161 3028 3340 3080 ducet.
3399 3024 3459 3079 In
3511 3038 3612 3079 sua

1954 3134 1995 3192 c
2026 3126 2174 3180 enim
2205 3123 2461 3178 oratione
2501 3123 2568 3176 de
2594 3120 2822 3175 tristitia
2845 3133 2951 3189 que
2975 3118 3276 3175 secundum
3309 3115 3480 3171 Deum
3506 3124 3612 3179 est,

2028 3228 2083 3274 ct
2120 3218 2236 3272 haec
2261 3216 2328 3273 ad
2359 3215 2589 3279 verbum
2617 3214 2874 3268 dissertat
2902 3230 2916 3265 :
2966 3230 2985 3263 ι
3018 3210 3172 3265 Tunc
3204 3209 3325 3264 libri
3361 3207 3616 3278 aperien-

2027 3323 2117 3366 tur
2139 3310 2252 3381 (die
2281 3309 2475 3379 judicii
2500 3306 2789 3376 videlicet)
2802 3313 3119 3361 nostrorum
3141 3317 3396 3373 operum,
3416 3309 3472 3354 et
3493 3315 3611 3355 ser-

2029 3415 2293 3461 monum,
2350 3406 2405 3452 et
2462 3396 2893 3468 cogitationum,
2938 3394 3141 3463 scripta
3197 3388 3616 3461 diligentissime

2030 3494 2376 3548 continentes
2430 3504 2516 3556 ea,
2568 3504 2665 3560 per
2726 3503 2846 3557 quae
2906 3486 3153 3539 omnium
3208 3481 3467 3537 revelatio
3523 3480 3616 3534 lict

2029 3600 2231 3649 eorum,
2251 3597 2371 3653 quze
2395 3597 2425 3635 a
2453 3582 2610 3635 nobis
2653 3579 2795 3633 facta
2826 3578 3029 3632 fuerint
3054 3578 3115 3628 in
3146 3574 3294 3629 omni
3334 3579 3613 3631 creatura,

2031 3678 2168 3732 adeo
2203 3686 2263 3730 ut
2292 3676 2526 3743 invicem
2556 3674 2609 3726 in
2642 3681 2859 3739 tantum
2894 3669 3141 3725 omnium
3174 3678 3398 3736 peccata
3429 3664 3614 3718 omnia

2031 3778 2450 3841 cognoscantur,
2500 3773 2765 3834 quantum
2819 3763 3053 3833 quilibet
3102 3776 3219 3825 sua,
3266 3759 3465 3813 librum
3502 3771 3617 3813 suae

2032 3857 2384 3917 conscientia:
2412 3855 2620 3923 legens.
2656 3871 2677 3903 ι
2730 3851 2908 3918 Atque
2946 3851 3020 3903 ita
3062 3849 3284 3917 quidem
3334 3845 3617 3901 divinissi-

2031 3966 2153 4007 mus
2186 3948 2472 4002 Maximus.
2528 3943 2807 4013 Propheta
2868 3955 2999 3994 vero
3035 3938 3204 3994 Isaias
3250 3936 3613 3997 manifestius,

2032 4045 2078 4099 si
2118 4038 2535 4103 animadvertis,
2571 4035 2833 4106 placitura
2871 4034 2973 4087 hoc
3006 4042 3058 4085 te
3098 4027 3344 4085 docebit.
3392 4028 3464 4081 De
3494 4026 3617 4097 qui-

2032 4133 2264 4189 busdam
2297 4130 2442 4184 enim
2481 4129 2535 4182 in
2563 4135 2789 4198 peccato
2822 4123 3054 4179 mortuis
3084 4123 3248 4176 verba
3287 4120 3495 4174 faciens
3544 4119 3616 4171 ita

2032 4226 2217 4281 dicere
2263 4220 2733 4293 deprehenditur:
2790 4235 2809 4283 ι
2848 4215 3058 4271 Verulis
3110 4228 3299 4267 eorum
3335 4228 3445 4266 non
3495 4226 3616 4264 mo-

2034 4318 2227 4381 rietur,
2260 4326 2313 4370 et
2342 4316 2481 4385 ignis
2513 4326 2703 4368 eorum
2738 4326 2846 4364 non
2874 4309 3273 4378 exstinguelur,
3296 4316 3345 4357 et
3368 4311 3532 4357 erunt
3563 4302 3617 4355 in

2035 4388 2408 4487 spectaculum
2451 4406 2601 4460 omni
2647 4403 2818 4457 carni.
2864 4422 2881 4453 ι
2933 4402 3114 4455 lsthuc
3172 4399 3352 4469 ipsum
3387 4405 3441 4449 et
3487 4394 3617 4448 illud

1958 4486 2007 4545 D
2034 4486 2414 4571 evangelicum
2440 4498 2799 4571 divinumque
2832 4494 3037 4550 dictum
3070 4490 3337 4553 indicavit
3368 4489 3575 4541 habens
3601 4503 3616 4538 :

2043 4610 2061 4644 ι
2100 4594 2264 4645 Pater
2295 4602 2420 4644 tuus
2445 4590 2536 4657 qui
2582 4598 2633 4642 te
2664 4587 2815 4641 videt
2851 4587 2906 4640 in
2942 4583 3180 4645 occulto,
3218 4580 3410 4634 reddet
3435 4579 3530 4632 tibi
3564 4578 3617 4630 in

2040 4683 2349 4755 manifesto.
2382 4700 2401 4733 ι
2440 4680 2555 4734 Hoc
2579 4688 2662 4733 est
2700 4693 2883 4743 coram
2932 4675 3081 4729 omni
3130 4684 3402 4727 creatura.
3447 4668 3613 4724 Juxta

2038 4778 2183 4831 enim
2226 4774 2572 4844 auriloquum
2606 4770 2898 4833 Joannem,
2924 4769 3040 4823 sive
3081 4765 3449 4828 coronandus,
3506 4762 3621 4816 sive

2038 4870 2487 4923 condemnandus
2526 4881 2606 4929 es,
2641 4865 2691 4919 id
2736 4873 2865 4917 tunc
2911 4861 3091 4916 omnis
3131 4874 3256 4914 caro
3295 4864 3612 4927 cognoscet.

2039 4962 2253 5017 Etenim
2281 4961 2508 5030 quilibet
2539 4958 2656 5014 sive
2682 4958 2881 5028 justus,
2931 4956 3045 5017 sive
3083 4962 3339 5024 peccator
3378 4964 3619 5019 cognos-

2040 5063 2127 5108 cet
2153 5064 2284 5107 tunc
2319 5067 2533 5113 omnes,
2567 5057 2625 5103 ut
2658 5049 2767 5119 jam
2802 5047 3009 5101 dictum
3041 5054 3147 5108 est,
3175 5052 3231 5097 et
3270 5043 3338 5096 ab
3367 5040 3622 5096 omnibus

2040 5146 2244 5219 pariter
2279 5145 2396 5216 ipse
2422 5150 2804 5214 cognoscetur.
2856 5140 2919 5193 Et
2963 5139 3068 5192 hoc
3110 5134 3458 5191 manifestius
3512 5131 3622 5184 liu-

2043 5256 2203 5314 guam
2238 5253 2458 5301 aureus,
2491 5238 2546 5290 in
2583 5250 2681 5290 sua
2720 5233 2942 5289 humilia
2974 5232 3043 5287 ‘50
3100 5231 3157 5285 in
3215 5229 3616 5281 Hexaemeron,

2043 5331 2304 5387 ostendit.
2341 5328 2482 5382 Dicit
2526 5326 2674 5380 enim
2710 5323 3188 5380 conversationem
3219 5325 3488 5373 nostram,
3521 5325 3623 5364 seu

2042 5423 2209 5487 bona,
2244 5435 2339 5475 seu
2374 5419 2515 5473 mala
2564 5426 2669 5483 est,
2705 5418 2773 5471 ab
2808 5415 3063 5471 omnibus
3094 5412 3167 5465 ibi
3191 5410 3369 5461 visum
3408 5404 3495 5466 iri,
3525 5398 3633 5469 qui.

2042 5514 2111 5569 ab
2156 5513 2366 5568 Adamn
2417 5510 2675 5564 videlicet
2731 5522 2902 5577 usque
2959 5503 3027 5556 ad
3086 5492 3635 5555 consummationem

2044 5606 2268 5659 fuerint.
2320 5603 2386 5656 Et
2433 5603 2537 5656 hoc
2568 5608 2651 5655 est
2686 5598 2830 5668 quod
2886 5592 3100 5647 dicebat
3157 5586 3338 5643 divina
3372 5583 3620 5637 Littera:

2051 5716 2068 5747 ‹
2112 5696 2269 5749 Pater
2307 5704 2433 5747 tuus
2460 5694 2551 5760 qui
2595 5690 2736 5744 videt
2765 5699 2814 5743 tc
2850 5688 2903 5740 in
2929 5681 3166 5747 occulto,
3193 5676 3375 5732 reddet
3431 5673 3525 5729 tibi
3564 5675 3636 5729 im

2046 5785 2360 5840 manifesto.
2402 5804 2417 5832 ι
