4088 6186
534 372 637 437 ’187

1789 372 2209 435 ΜΙΟΗᾹΕΗΞ
2251 374 2509 435 GLYCJE

3670 366 3775 432 788

540 484 679 552 ρίσει
732 482 849 535 τότε
907 485 1134 548 πάντας,
1185 482 1255 545 ὡς
1312 482 1414 553 ήδη
1469 484 1795 554 προείρηται
1827 500 1841 513 ’
1874 486 1969 538 καὶ
2039 487 2145 539 ὑπὸ
2176 487 2396 539 πάντων
2435 483 2587 548 αὖθις
2657 483 2816 546 αὐτὸς
2860 482 3315 553 γνωρισθήσεται.
3349 475 3645 534 Καΐτοῦτο
3680 497 3777 533 σα·

538 580 802 646 φέστερον
838 580 863 628 ό
898 575 993 645 τὴν
1053 574 1297 643 γλῶτταν
1349 577 1586 648 χρυσοῦς
1639 578 1698 629 ἐν
1763 580 1830 646 τῇ
1889 580 1968 640 είς
2020 578 2116 648 τὴν
2168 576 2508 649 Ἐξαήμερον
2561 580 2856 648 τριακοστῇ
2938 575 3128 647 πρώτῃ
3180 563 3345 629 αὗττοῦ
3378 573 3565 645 ὁμιλίᾳ
3610 574 3776 637 παρί-

526 666 694 739 om;
728 688 735 698 ·
766 669 912 735 λέγει
938 669 1044 738 γὰρ
1074 668 1155 720 ὅτι
1189 671 1285 740 τὴν
1319 669 1595 722 πολιτείαν
1648 668 1806 739 ήμῶν
1836 671 1945 723 εἴτε
1977 673 2188 740 χρηστὴ
2256 673 2425 737 ἐστιν,
2450 672 2561 723 εἴτε
2627 672 2722 723 καὶ
2784 669 2983 739 φαύλη,
3012 670 3141 723 ἰδεῖν
3166 669 3404 730 ἅπαντες
3433 669 3609 719 ἐκεῖσε
3644 667 3773 735 μέλ-

536 761 715 812 λουσιν
749 761 796 811 οἱ
832 760 940 813 ἀπὸ
974 761 1068 813 τοῦ
1114 761 1286 831 Ἀδὰμ
1321 760 1523 830 δηλαδὴ
1551 762 1645 813 καὶ
1674 763 1833 830 μέχρι
1861 761 1959 830 τῆς
1983 760 2318 823 συντελείας.
2353 763 2463 815 Καὶ
2495 761 2655 815 τοῦτό
2704 764 2872 826 ἐστιν,
2936 761 3073 828 ὅπερ
3114 760 3266 828 ἔλεγε
3330 760 3390 813 τὸ

536 853 702 904 (tio-1'
742 852 799 905 ’0
857 853 1045 923 Πατήρ
1095 869 1188 927 σου
1232 855 1258 907 6
1311 852 1521 918 βλέπων
1565 869 1623 905 σε
1668 854 1724 905 ἐν
1769 851 1848 922 τῷ
1880 853 2110 923 κρυπτῷ
2148 853 2422 907 ἀποδώσει
2459 872 2540 907 σοι
2568 856 2625 907 ἐν
2655 854 2731 924 τῷ
2764 854 3036 925 σφανερῷ.

3452 759 3686 831 γράμμα
3715 764 3779 813 τὸ

607 945 751 1001 Bene
782 947 948 1015 igitur
973 928 1155 1000 sermo
1184 946 1438 1015 superius
1472 945 1707 1009 diccbat,
1736 960 2108 1014 unumquem-

2284 948 2483 1010 Καλῶς
2524 944 2618 1001 οῦν
2664 949 2692 1001 6
2742 949 2901 1015 λόγος
2950 946 3161 1001 ἄνωθεν
3191 948 3398 1016 ἔλεγεν,
3427 949 3509 1002 ὅτι
3544 949 3777 1012 ἕκαστος

535 1053 645 1107 que
677 1037 999 1091 mittendum
1028 1052 1148 1091 esse
1179 1038 1232 1090 in
1268 1037 1471 1100 locum,
1490 1052 1650 1107 quem
1677 1037 1779 1089 sibi
1800 1036 2031 1104 paravit,
2054 1045 2109 1091 et

531 1129 665 1196 justi
712 1128 932 1196 quidem
967 1144 1088 1181 cum
1135 1129 1244 1183 Deo
1296 1139 1353 1183 et
1411 1129 1664 1183 invicem.
1723 1129 1792 1183 Et
1847 1129 1920 1184 ita
1961 1130 2106 1183 enim

536 1222 671 1276 dicit
724 1222 991 1277 maximus
1050 1224 1248 1277 Paulus
1294 1224 1595 1292 inquiens:
1654 1242 1672 1275 ι
1712 1223 1925 1294 Ubique
1980 1240 2104 1292 cum

536 1315 768 1369 Domino
805 1316 1029 1369 erimus.
1073 1335 1091 1367 ι
1141 1316 1463 1371 Peccatores
1492 1332 1621 1371 vero
1654 1319 1709 1369 in
1746 1316 2110 1372 exterioribus

538 1406 695 1465 locis,
744 1409 835 1474 qui
870 1417 924 1460 et
965 1406 1126 1461 simul
1159 1407 1535 1470 invicem,sed
1575 1408 1737 1464 simul
1771 1410 1889 1463 sine
1921 1420 2108 1464 mutua

536 1498 869 1565 cognitione.
901 1498 968 1552 Et
1012 1498 1328 1568 bujusmodi
1369 1498 1518 1552 enim
1568 1502 1947 1556 consolatione
1992 1502 2108 1571 pri-

534 1596 753 1655 vantur.
784 1586 915 1642 Rem
942 1597 1122 1643 autem
1162 1590 1235 1643 ita
1270 1590 1494 1657 habere,
1514 1599 1569 1645 et
1603 1601 1916 1660 peccatores
1945 1593 2110 1647 simul

535 1680 767 1735 invicem
818 1682 995 1751 puniti
1036 1682 1148 1736 non
1207 1682 1447 1751 quidem
1486 1685 1705 1740 videant
1760 1700 1818 1740 se
1874 1684 2108 1740 invicem

535 1772 755 1840 majoris
802 1773 1063 1827 tormenti
1116 1774 1311 1845 gratia,
1371 1782 1433 1829 et
1496 1775 1676 1845 ipsum
1730 1777 2108 1833 auriﬁuentcm

534 1865 680 1919 audi.
712 1863 771 1917 In
806 1864 1157 1934 Expositione
1189 1867 1335 1919 enim
1385 1866 1639 1935 Epistolae
1678 1868 1745 1923 ad
1773 1867 2028 1924 Hebraeos
2056 1878 2111 1924 et

534 1955 651 2009 luce
682 1957 749 2008 de
788 1956 888 2009 hoc
915 1957 1033 2023 ipso
1064 1955 1320 2009 disserit:
1348 1956 1405 2009 lu
1436 1956 1559 2026 igne
1585 1956 1792 2025 punitis
1821 1957 2112 2011 tenebroso

534 2054 665 2099 tunc
720 2061 896 2114 neque
933 2048 1213 2117 proximos
1248 2047 1434 2103 videre
1478 2049 1835 2118 permittitur.
1882 2050 2112 2105 Videtur

534 2150 715 2192 autem
752 2142 905 2194 solus
932 2140 1164 2210 quilibet
1196 2142 1306 2211 pati
1340 2158 1405 2195 ex
1432 2156 1497 2197 eo
1533 2143 1678 2212 quOd
1708 2158 1886 2212 neque
1908 2143 2110 2208 videat,

532 2246 714 2301 neque
752 2232 1023 2286 videatur.
1061 2231 1117 2286 Si
1150 2234 1295 2286 enim
1335 2233 1497 2302 ignis,
1532 2235 1866 2304 caliginosus
1925 2244 2110 2291 tamen

534 2330 640 2386 est,
676 2322 944 2391 siquidem
974 2332 1124 2377 certe
1153 2322 1579 2394 ejusell‘rcientia
1610 2326 1922 2382 illuminans
1944 2327 2109 2397 iustis

533 2410 828 2466 distributa
851 2422 955 2466 est.
984 2412 1130 2467 Bene
1158 2413 1324 2482 igitur
1353 2414 1627 2484 Pr0plieta
1651 2417 1868 2471 dicebat
1898 2436 1911 2472 :
1942 2437 1960 2470 ι
1992 2417 2107 2473 Vox

532 2502 749 2556 Domini
800 2502 1153 2573 praacidentis
1202 2505 1474 2561 ﬂammam
1514 2507 1678 2578 ignis.
1721 2526 1739 2559 ι
1791 2508 1929 2574 Quia
1980 2526 2111 2565 vero

533 2596 831 2648 secundum
873 2597 1061 2649 divum
1091 2594 1383 2665 Ephraem.
1409 2608 1467 2653 et
1518 2615 1575 2654 se
1614 2600 1851 2655 invicem
1890 2602 2108 2672 cognati

530 2686 819 2745 videbunt.
868 2696 924 2741 et
975 2703 1195 2740 manum
1233 2693 1515 2760 porrigere
1550 2707 1657 2746 non
1705 2704 1966 2762 poterunt
2009 2695 2110 2760 eis,

533 2787 726 2835 contra
754 2795 893 2847 quos
923 2780 1150 2834 inducta
1184 2780 1351 2836 fuerit
1382 2784 1622 2854 negatio,
1649 2794 1705 2839 et
1728 2786 1843 2855 ipse
1869 2788 2110 2857 linguam

532 2889 735 2928 aureus
777 2874 833 2927 in
885 2875 1128 2929 secunda
1162 2875 1398 2946 Epistula
1431 2878 1498 2930 ad
1527 2876 1847 2935 Corinthios
1880 2881 2112 2937 manife-

533 2967 777 3021 stissime
824 2966 1334 3023 ostenditdicens:
1394 2987 1410 3020 ι
1448 2967 1643 3023 Omnia
1692 2970 1766 3024 ibi
1810 2971 2111 3041 incognita,

533 3059 637 3113 etsi
675 3059 791 3113 Noe
822 3059 913 3125 sit,
944 3069 999 3114 et
1026 3058 1284 3125 Jacobus,
1318 3069 1370 3114 et
1398 3059 1623 3127 Daniel;
1652 3071 1707 3116 et
1737 3062 1780 3115 si
1820 3063 2115 3118 familiares

504 3151 760 3206 r'vidcant
793 3152 1040 3221 punitos,
1080 3167 1302 3205 manum
1326 3152 1513 3205 adxilii
1553 3152 1634 3207 eis
1663 3168 1772 3207 non
1808 3155 2112 3223 porrigunt.

532 3241 749 3297 Etenim
778 3242 1057 3310 continget
1103 3248 1163 3295 ut
1212 3252 1269 3295 ct
1304 3242 1568 3296 naturalis
1626 3244 1936 3312 compassio
1985 3254 2116 3300 tunc

535 3332 835 3396 auferatur,
884 3318 942 3384 nt
974 3332 1099 3386 inde
1119 3333 1430 3402 perspicere
1451 3334 1522 3387 sit
1543 3334 1815 3403 justorum
1835 3335 2105 3388 lzetitiam.

532 3423 604 3478 Et
641 3423 915 3492 quomodo
950 3423 1097 3476 enim
1130 3439 1267 3493 pura
1305 3433 1433 3479 tunc
1483 3425 1668 3478 laetitia
1713 3440 1823 3479 non
1859 3425 2113 3480 fruentur

532 3519 690 3587 justi,
721 3516 992 3585 siquidem
1026 3524 1081 3571 et
1127 3516 1431 3571 vindictam
1460 3517 1854 3573 existimabunt
1885 3519 2117 3588 injuste-

2212 1035 2712 1104 ἀποπεμφθήσεται
2746 1037 2824 1100 είς
2847 1036 2906 1090 ὃν
2936 1035 3116 1106 ἐαυτῷ
3154 1035 3319 1089 τόπον
3348 1036 3616 1107 ἡτοίμακε
3642 1055 3656 1069 ’
3685 1039 3779 1090 καὶ

2210 1128 2260 1181 οἱ
2311 1127 2409 1196 μὲν
2445 1125 2643 1179 δίκαιοι
2700 1130 2839 1197 μετὰ
2887 1124 3022 1179 Θεοῦ
3068 1126 3161 1179 καὶ
3195 1126 3463 1195 ἀλλήλων.
3493 1128 3587 1180 καὶ⁵
3635 1127 3781 1180 οὕτω

2210 1219 2342 1290 γὰρ,
2380 1222 2566 1289 φησιν,
2592 1223 2620 1274 6
2651 1220 2955 1290 πάμμεγας
3003 1220 3213 1283 Παῦλος
3260 1219 3437 1286 ἔλεγε,
3468 1238 3487 1271 ι
3537 1220 3775 1274 Πάντοτε

2214 1308 2311 1366 σῦν
2344 1314 2537 1384 Κυρίῳ
2573 1313 2830 1383 ἐσόμεθα.
2883 1332 2901 1364 ι
2937 1314 3000 1366 Οἱ
3039 1313 3095 1366 δὲ
3126 1313 3443 1382 ἁμαρτωλοὶ
3488 1314 3545 1365 ἐν
3590 1312 3780 1375 τόποις

2211 1406 2521 1476 ἐξωτέροις,
2566 1408 2614 1459 εί
2665 1410 2757 1460 καὶ
2796 1406 2915 1477 μετ’
2945 1405 3212 1476 ἀλλήλων,
3264 1406 3383 1459 ιίιλλι
3426 1407 3559 1472 ὁμοῦ
3597 1407 3777 1475 πάσης

2213 1496 2571 1567 παραμυθίας
2604 1499 2948 1568 ἐστέρηνται.
2981 1498 3104 1550 Ὅτι
3154 1497 3208 1549 δέ
3247 1498 3417 1549 ταῦτα
3443 1496 3615 1560 οὕτως
3644 1496 3777 1564 ἔχει,

2212 1591 2305 1643 καὶ
2330 1591 2411 1643 ὅτι
2450 1590 2567 1660 μετ’
2594 1590 2842 1661 ἀλλήλων
2875 1592 2924 1643 οί
2954 1590 3273 1660 ἁμαρτωλοὶ
3332 1590 3681 1659 κολαζόμενοι
3715 1590 3774 1639 οὐ

2215 1681 2314 1752 μὲν
2346 1678 2439 1735 οὖν
2489 1681 2696 1751 ὁρῶσιν
2738 1682 3003 1752 ἀλλήλους
3032 1682 3120 1734 διὰ
3156 1681 3379 1752 μείζονα
3412 1681 3652 1742 κόλασιν,
3686 1682 3779 1733 καὶ

2214 1773 2376 1827 αὐτοῦ
2408 1773 2500 1826 τοῦ
2548 1775 3012 1846 Χρυσορρήμονος
3050 1774 3216 1827 ἄκουε
3241 1790 3256 1803 '
3288 1777 3342 1826 ἐν
3375 1776 3481 1843 γὰρ
3508 1776 3575 1842 τῇ
3608 1775 3781 1843 ἑρμη-

2214 1868 2332 1939 νείᾳ
2361 1869 2459 1938 τῆς
2497 1869 2636 1939 πρὸς
2691 1868 2983 1938 Ἐϐραίους
3019 1870 3307 1937 ἐπιστολῆς
3341 1871 3433 1922 καὶ
3483 1869 3609 1921 τάδε
3654 1870 3783 1937 περὶ

2214 1960 2404 2014 τούτου
2450 1961 2746 2027 διέξεισινσ
2782 1961 2873 2015 Ἐν
2931 1962 3066 2033 πυρὶ
3113 1962 3466 2031 κολαζόμενοι
3517 1962 3780 2028 σκοτεινῷ

2211 2054 2330 2106 τότε
2358 2053 2477 2107 οὐδὲ
2511 2053 2637 2116 τοὺς
2673 2053 2901 2124 πλησίον
2943 2056 3076 2124 ὁρᾷν
3119 2052 3549 2125 συγχωρούμεθα
3576 2069 3590 2084 '
3634 2053 3783 2106 δοκεῖ

2212 2146 2269 2199 δέ
2318 2148 2477 2214 μόνος
2526 2146 2758 2209 ἕκαστος
2809 2146 3038 2215 πάσχειν
3068 2146 3133 2198 ἐκ
3171 2145 3263 2198 τοῦ
3303 2144 3441 2214 μήτε
3476 2146 3610 2215 ὸρᾷν
3644 2147 3784 2215 μήτε

2213 2238 2445 2307 ὁρᾶσθαι
2474 2253 2487 2266 ·
2520 2240 2569 2290 εί
2602 2238 2710 2308 γὰρ
2751 2237 2845 2291 καὶ
2879 2236 3009 2306 πῦρ,
3039 2236 3176 2290 ἀλλὰ
3214 2236 3442 2308 ζοφερόν
3483 2238 3654 2301 ἐστιν,
3690 2238 3783 2289 ἅτε

2145 2304 2183 2356 Β
2212 2304 2276 2399 δῆ
2323 2330 2423 2397 τῆς
2458 2304 2795 2398 φωτιστίκῆς
2843 2304 3010 2382 αὐτοῦ
3063 2304 3361 2397 ἐνεργείας⁷
3393 2330 3504 2392 τοῖς
3553 2328 3784 2391 δικαίοις

2211 2421 2673 2492 ἀπονεμηθείσης.
2695 2421 2889 2484 Καλῶς
2912 2419 3004 2475 οὖν
3025 2424 3052 2475 6
3078 2421 3369 2491 Προφήτης
3399 2421 3603 2488 ἐλεγεοι
3632 2422 3782 2472 (havi-

2212 2511 2419 2577 Κυρίου
2454 2509 2839 2571 διακόπτοντος
2887 2509 3059 2578 φλόγα
3124 2510 3318 2579 πυρός.
3361 2529 3377 2561 ι
3413 2509 3536 2561 Ὅτι
3562 2510 3620 2562 δέ
3645 2512 3783 2562 κατὰ

2212 2600 2305 2653 τὸν
2336 2599 2480 2654 θεῖον
2520 2579 2761 2671 Ἐφραῒμ
2805 2600 2898 2653 καὶ
2934 2601 3197 2671 ἀλλήλους
3235 2603 3282 2655 οί
3326 2603 3608 2669 συγγενεῖς
3651 2600 3783 2653 θεω-

2217 2694 2468 2762 ρήσουσι,
2496 2692 2592 2746 καὶ
2626 2691 2812 2761 ὀρέξαι
2859 2693 3017 2762 χεῖρα
3060 2694 3120 2744 οὐ
3169 2692 3487 2762 δυνήσονται
3516 2695 3627 2755 τοῖς
3662 2692 3784 2744 καθ’

2214 2777 2288 2835 ὧν
2319 2783 2624 2853 ἐξενεχθείη
2684 2790 2806 2835 τότε
2855 2784 2889 2853 ὴ
2933 2782 3228 2851 ἀπόφασις,
3281 2783 3376 2835 καὶ
3440 2782 3601 2845 αὐτὸς
3628 2785 3655 2833 6
3686 2781 3783 2849 τὴν

2216 2876 2464 2945 γλῶτταν
2518 2873 2753 2946 χρυσοῦς
2799 2876 2855 2926 ὲν
2888 2875 2952 2944 τῇ
3008 2874 3145 2944 πρὸς
3187 2872 3508 2942 Κορινθίους
3555 2873 3786 2942 δευτέρα

2216 2967 2478 3039 ἐπιστολῇ
2518 2966 2831 3035 σαφέστατα
2879 2964 3084 3030 ἔδειξεν
3137 2965 3308 3027 οὕτως
3344 2963 3553 3017 εἰπών’
3603 2965 3787 3017 Πάντα

2217 3063 2397 3114 ἐκεῖσε
2449 3059 2838 3127 ἀσύγγνωστα,
2876 3056 2978 3110 κᾶν
3029 3056 3153 3109 Νῶε
3197 3052 3287 3127 ἦν,
3335 3057 3437 3110 xiv
3487 3055 3629 3121 Ἰὼϐ,
3683 3054 3785 3107 κᾶν

2217 3153 2421 3222 Δανιήλ
2444 3169 2459 3183 ο
2481 3153 2575 3204 καὶ
2601 3152 2726 3212 τοὺς
2750 3150 2984 3212 οἰκείους
3008 3148 3160 3202 ἴδωσι
3183 3148 3783 3219 κολαζομένους,“χεῖρα

2221 3247 2476 3317 βοηθείας
2511 3245 2695 3307 αὐτοῖς
2726 3244 2829 3317 οὐκ
2857 3242 3114 3311 ὀρέγουσι
3136 3256 3149 3271 °
3194 3242 3288 3294 καὶ
3319 3241 3427 3309 γὰρ
3459 3240 3550 3292 καὶ
3594 3240 3696 3308 τὴν
3726 3239 3785 3289 ἐκ

2217 3316 2315 3411 τῆς
2338 3339 2554 3409 φύσεως
2580 3316 2918 3407 ἀναιρεῖσθαι
2948 3334 3238 3403 συμϐαίνει
3266 3334 3383 3387 τότε
3418 3330 3784 3401 συμπάθειαν,

2219 3435 2293 3497 ὡς
2325 3431 2576 3485 ἐντεῦθεν
2606 3424 2845 3501 καθορᾷν
2875 3425 3014 3484 εἶναι
3046 3429 3145 3498 τήν
3171 3426 3281 3481 τῶν
3328 3425 3556 3479 δικαίων
3585 3426 3784 3493 εὐφρο-

2223 3525 2413 3594 σύνην.
2447 3526 2557 3577 Καὶ
2588 3522 2707 3585 πῶς
2736 3524 2843 3592 γὰρ
2874 3523 2933 3575 οὐ
2968 3522 3215 3592 καθαρᾶς
3268 3518 3642 3571 ἀπολαύσουσι
3668 3518 3784 3571 τότε

536 3626 658 3663 rum
691 3610 1030 3680 punitionem
1056 3611 1077 3663 ?
1111 3629 1129 3663 ι
1162 3610 1227 3663 Et
1251 3610 1378 3665 audi
1403 3609 1533 3679 quid
1558 3609 1702 3665 dicat
1729 3610 1949 3666 Jttliano
1979 3629 2111 3682 prac-

2220 3621 2316 3690 τῆς
2350 3616 2689 3688 εὐφροσύνης
2718 3617 2768 3668 oi
2797 3615 3016 3680 δίκαιοι,
3039 3614 3173 3681 εἴγε
3198 3613 3291 3665 καὶ
3314 3611 3594 3680 ἐκδίκησιν
3616 3610 3786 3679 ἥγην-

536 3698 1096 3773 νοιιίουιοτίἠιοδηυδ
1150 3701 1355 3757 Christi
1413 3712 1619 3773 martyr
1660 3712 1716 3757 ct
1752 3705 2113 3759 certaminum

536 3798 713 3851 victor
773 3795 1089 3850 Artemius:
1140 3815 1158 3847 ι
1199 3795 1477 3851 Ultionem
1532 3810 1666 3850 vero
1719 3796 1951 3863 eorum,
1994 3813 2115 3865 quae

538 3880 682 3942 mihi
704 3905 735 3942 ιι
767 3897 817 3941 te
850 3888 1009 3952 tiunt,
1051 3895 1179 3941 tunc
1208 3888 1502 3956 accipiam.
1531 3887 1754 3957 quando
1788 3888 1931 3957 ignis
1960 3904 2115 3943 coni.

537 3980 845 4049 prehendct
885 3984 940 4032 et.
991 3988 1255 4048 perpetua
1310 3978 1549 4047 punitio.
1592 3997 1610 4031 ι
1659 3979 1724 4033 Et
1768 3978 1811 4033 si
1852 3979 1959 4044 his,
1995 3995 2116 4048 quae

537 4071 814 4137 dicuntur,
847 4085 955 4125 non
989 4070 1361 4138 persuaderis,
1400 4070 1673 4140 parabolae
1711 4069 1898 4125 divitis
1927 4082 1979 4123 et
2011 4070 2113 4126 La-

536 4165 648 4218 uri
683 4165 865 4219 crede.
916 4163 1054 4223 Vide
1105 4165 1251 4219 enim
1306 4163 1582 4233 quomodo
1629 4163 1976 4217 Abrahamus
2019 4164 2112 4217 ille

538 4258 869 4322 misericors,
899 4267 955 4312 et
1004 4258 1280 4326 hospitum
1332 4271 1547 4320 amans,
1602 4272 1631 4309 a
1672 4255 1843 4310 divite
1891 4266 2114 4326 rOgatus

481 4354 488 4361 '
537 4364 714 4418 neque
743 4349 1137 4419 aliquantisper
1165 4349 1342 4420 ignem
1362 4348 1623 4403 concidit.
1654 4349 1928 4419 Agitatum
1953 4348 2108 4403 vide-

534 4426 633 4495 bat
654 4441 898 4507 divitem,
927 4452 980 4496 et
1012 4442 1153 4496 stilla
1178 4442 1353 4511 ipsum
1377 4443 1629 4510 dignatus
1653 4458 1761 4495 non
1789 4452 1891 4497 est.
1920 4442 2112 4496 Ablata

533 4533 681 4588 enim
734 4534 805 4589 ibi
854 4534 1037 4590 fuerat
1077 4535 1304 4590 omnino
1352 4540 1614 4588 Consueta
1655 4532 1744 4588 hic
1791 4534 2114 4603 patriarchae

532 4626 864 4695 compassio.
898 4626 1052 4681 Unde
1088 4625 1400 4681 inﬂexibilis
1444 4625 1583 4681 adeo
1623 4626 1908 4680 videbatur
1960 4626 2111 4680 diviti

530 4724 585 4768 ct
614 4715 1028 4772 immisericors.
1756 4724 1760 4728 “

2221 3730 2313 3766 ται
2360 3712 2470 3763 τῶν
2519 3710 2720 3764 ἀδίκων
2755 3708 2854 3775 τήν
2905 3707 3166 3777 κόλασιν;
3220 3706 3328 3759 Kal.
3360 3704 3526 3757 ἄκουε
3571 3704 3626 3755 τί
3659 3721 3786 3772 φησι
3882 3736 3895 3754 .

2224 3804 2361 3875 πρὸς
2401 3801 2692 3856 Ἰουλιανὸν
2740 3800 2831 3853 τὸν
2884 3799 3218 3869 Παραϐἀτην
3246 3798 3274 3849 6
3301 3797 3392 3851 τοῦ
3424 3798 3666 3865 Χριστοῦ
3698 3813 3786 3864 pe-

2222 3893 2583 3962 γαλομάρτυρ
2635 3891 2730 3943 καὶ
2761 3889 3060 3959 ἁθλοφόρος
3102 3888 3386 3960 ’Λρτέμιος
3414 3904 3428 3917 ⁸
3463 3907 3481 3940 ι
3544 3886 3790 3954 Ἐκδίκη-

2224 4003 2308 4038 σιν
2347 3986 2403 4037 δέ
2443 3983 2552 4037 τῶν
2593 3983 2745 4052 παρὰ
2778 3981 2872 4034 σοῦ
2906 3998 2996 4049 μοι
3044 3981 3402 4050 ἐπαγομένων
3438 3979 3617 4031 ἐκεῖσε
3651 3978 3791 4043 δέξο-

2226 4095 2345 4147 μαι,
2372 4077 2536 4146 ἡνίκα
2560 4074 2619 4127 τὸ
2646 4074 2759 4145 πῦρ
2790 4076 2967 4127 ἐκεῖνο
2993 4071 3393 4142 καταλήψεται,
3427 4071 3524 4124 κοιλ⁵
3551 4071 3584 4139 ἡ
3610 4072 3791 4123 διαιωυ

2220 4171 2442 4235 νίζουσα
2491 4168 2751 4231 κόλασις·
2801 4187 2819 4219 ι
2856 4168 2949 4221 καὶ
2986 4167 3038 4219 εί
3092 4165 3167 4236 μὴ
3208 4165 3384 4218 πείθει
3425 4166 3539 4228 τοῖς
3563 4164 3790 4233 λεγομέ-

2221 4281 2353 4329 νοις,
2376 4265 2444 4333 τῇ
2481 4262 2621 4315 κατᾶ
2649 4261 2740 4315 τὸν
2768 4260 3024 4313 πλούσιον
3054 4257 3337 4329 παραδολῇ
3367 4258 3463 4310 καὶ
3490 4256 3585 4310 τὸν
3616 4258 3793 4320 Λάζαο

2224 4371 2315 4423 ρον
2338 4351 2765 4421 πείσθητι.”ορα
2792 4350 2900 4419 γὰρ
2927 4349 3018 4402 τὸν
3054 4349 3302 4419 Ἀϐραὰμ
3325 4349 3533 4400 ἐκεῖνον
3558 4348 3650 4400 τὸν
3680 4347 3791 4400 ἐλε-

2223 4445 2397 4513 ήμονα
2426 4443 2519 4495 καὶ
2551 4442 2851 4511 φιλόξενον,
2884 4441 3001 4503 πῶς
3034 4441 3138 4493 ὑπὸ
3172 4439 3265 4492 τοῦ
3319 4439 3581 4492 πλουσίου
3617 4455 3791 4507 παρα-

2221 4533 2576 4603 καλούμενος.
2604 4532 2725 4587 οὐδὲ
2754 4532 2814 4584 τὸ
2846 4532 3005 4601 τυχὸν
3037 4531 3183 4600 αὐτῷ
3232 4530 3531 4584 συνέκοπτε
3561 4530 3625 4583 τὸ
3656 4530 3784 4597 πῦρ*

2218 4626 2558 4696 πολούμενον
2588 4625 2735 4696 ἐώρα
2770 4628 2862 4677 τὸν
2900 4626 3177 4689 πλούσιον,
3201 4625 3296 4675 καὶ
3339 4624 3601 4689 σταγόνος
3631 4622 3789 4676 αὑτὸν

2217 4718 2315 4771 οὐκ
2366 4719 2634 4787 ἠξίωσενο
2688 4716 2931 4788 ἀνῄρητο
2968 4715 3077 4785 γὰρ
3134 4716 3313 4767 ἐκεῖσε
3364 4716 3714 4769 παντάπασιν
3757 4711 3787 4779 ἡ

530 4811 776 4874 φυσικῶς
821 4810 1053 4862 ἐνταῦθα
1110 4810 1392 4880 προσοῦσα,
1423 4808 1501 4880 τῷ
1535 4811 1847 4880 πατριάρχῃ
1913 4807 2266 4878 συμπάθειαο
2298 4810 2423 4863 ὅθεν
2472 4808 2737 4880 ἀκαμπὴς
2797 4810 2893 4863 ἐπὶ
2957 4808 3217 4864 τοσοῦτον
3257 4811 3468 4876 ἑωρᾶτο
3512 4809 3592 4878 τῷ
3624 4798 3788 4861 πλου-

530 4908 630 4976 σίῳ
661 4910 753 4961 καὶ
784 4908 1147 4975 ἄσπλαγχνος.

602 5000 679 5051 De
721 5000 900 5053 t'utura
943 4998 1110 5069 igitur
1153 5007 1285 5052 tunc
1320 4999 1601 5053 communi
1644 4997 2025 5067 recognitione
2060 5006 2117 5051 et

531 5101 757 5163 sanctus
808 5090 1135 5146 Theodorus
1185 5088 1431 5145 Studites
1489 5090 1652 5144 latius
1707 5088 1983 5143 dissertal.
2052 5088 2111 5142 lu

529 5185 602 5238 '22
630 5184 777 5240 enim
811 5201 910 5240 sua
956 5184 1243 5241 Catccbcsi
1285 5193 1340 5238 ct
1375 5184 1490 5238 inec
1520 5184 1587 5237 de
1619 5184 1720 5236 hoc
1776 5180 1895 5249 ipso
1928 5181 2115 5249 dispu-

534 5286 613 5330 tat
644 5294 657 5331 :
698 5295 715 5329 ι
762 5277 953 5333 Verbis
984 5277 1275 5332 inutilibus
1303 5282 1520 5331 certant
1546 5273 1761 5343 quidam
1789 5272 1855 5325 ad
1880 5272 2109 5326 subver—

538 5372 748 5424 sionem
788 5370 1148 5435 audientium,
1182 5369 1235 5421 in
1269 5367 1686 5439 regeneratione
1734 5379 1833 5417 uos
1876 5362 2113 5417 invicem

541 5462 686 5517 haud
741 5465 1059 5533 cognituros
1104 5476 1246 5524 esse,
1298 5460 1516 5529 quando
1554 5456 1767 5513 venerit
1811 5455 1980 5509 Filius
2019 5455 2114 5509 Doi

543 5557 793 5627 judicare
837 5558 1115 5612 universa.
1173 5556 1370 5610 Dicunt
1421 5554 1606 5607 cnim:
1653 5550 1939 5616 Quomodo
1991 5565 2113 5603 cum

552 5651 951 5705 rcsurrcxcrint
978 5649 1230 5704 homines
1260 5646 1565 5715 incorrupti
1594 5652 1924 5715 cognoscent
1950 5658 2006 5699 sc
2035 5642 2115 5696 in-

625 5801 734 5868 tN}
775 5800 993 5855 Vidrtur
1026 5800 1330 5865 adtlctt_'-ttttt
1363 5800 1443 5853 οὗ.

2292 4998 2423 5068 Περὶ
2457 4998 2640 5069 μέντοι
2667 4997 2763 5051 τοῦ
2786 4998 3154 5068 γενησομένου
3180 4998 3298 5050 τότε
3332 4996 3513 5050 κοινοῦ
3545 4999 3787 5065 ἀναγνω-

2220 5089 2416 5161 ρισμοῦ
2448 5092 2545 5143 καὶ
2589 5092 2618 5145 6
2664 5093 2722 5144 ἐν
2771 5092 2947 5158 ἁγίοις
2991 5091 3266 5160 Θεόδωρος
3291 5092 3319 5142 6
3358 5090 3649 5159 Στουδίτηε
3673 5091 3788 5142 δια-

2214 5183 2485 5252 λαμϐάνει
2520 5182 2879 5253 πλατύτερον.
2918 5183 3006 5235 Ἐν
3037 5184 3147 5251 γὰρ
3178 5184 3394 5251 εἰκοστῇ
3423 5182 3658 5252 δευτέρᾳ
3682 5180 3789 5231 τῶν

2213 5276 2377 5329 αὑτοῦ
2407 5275 2815 5344 Κατηχήσεων
2849 5276 2943 5327 καὶ
2983 5274 3109 5326 τάδε
3144 5275 3271 5344 περὶ
3301 5274 3492 5327 τούτου
3516 5274 3742 5339 διέξεισι
3771 5292 3781 5302 ·

2234 5385 2251 5418 ι
2304 5366 2687 5436 Λογομαχοῦσί
2716 5383 2857 5428 τινες
2897 5366 2985 5418 ἐπὶ
3028 5368 3377 5436 καταστροφῇ
3416 5365 3527 5418 τῶν
3560 5366 3788 5418 ἀκουόν-

2217 5457 2448 5523 των,ὂτι
2479 5456 2590 5526 (84)
2652 5456 2994 5526 γνωριοῦμεν
3047 5455 3312 5525 ἀλλήλους
3366 5458 3424 5509 ἐν
3482 5459 3551 5526 τῇ
3597 5459 3787 5519 παλιγ-

2220 5548 2460 5619 γενεσία,
2487 5549 2615 5601 ὅταν
2656 5549 2783 5619 ἔλθῃ
2816 5551 2843 5601 6
2878 5549 3004 5609 Υἱὸς
3033 5549 3128 5601 τοῦ
3159 5548 3295 5600 Θεοῦ
3330 5550 3510 5616 κρῖναι
3543 5549 3613 5601 τὰ
3654 5547 3788 5615 σύμ-

2210 5646 2415 5695 παντα.
2446 5641 2675 5710 Λέγουσι
2707 5643 2837 5712 γὰρ,
2888 5639 3007 5701 ηὼς
3054 5640 3367 5708 ἐγερθέντες
3413 5640 3461 5691 οἱ
3509 5640 3783 5710 ἄνθρωποι
