  <div class='ocr_page' id='page_1' title='image "/cluster/home/n/w/nwhite01/storage/ocr_20150623/158/hvd.32044073502676/464.png"; bbox 0 0 4088 6186; ppageno 0'>
   <div class='ocr_carea' id='block_1_1' title="bbox 244 358 355 424">
    <p class='ocr_par' dir='ltr' id='par_1_1' title="bbox 244 358 355 424">
     <span class='ocr_line' id='line_1_1' title="bbox 244 358 355 424; baseline 0.009 -1"><span class='ocrx_word' id='word_1_1' title='bbox 244 358 355 424; x_wconf 75' lang='lat'><strong>789</strong></span> 
     </span>
    </p>
   </div>
   <div class='ocr_carea' id='block_1_2' title="bbox 1589 374 2161 441">
    <p class='ocr_par' dir='ltr' id='par_1_2' title="bbox 1589 374 2161 441">
     <span class='ocr_line' id='line_1_2' title="bbox 1589 374 2161 441; baseline 0.012 -6"><span class='ocrx_word' id='word_1_2' title='bbox 1589 374 1951 438; x_wconf 75' lang='lat' dir='ltr'><strong>EPISTULA</strong></span> <span class='ocrx_word' id='word_1_3' title='bbox 1991 377 2119 441; x_wconf 88' lang='lat' dir='ltr'><strong>VII.</strong></span> <span class='ocrx_word' id='word_1_4' title='bbox 2152 416 2161 425; x_wconf 66' lang='grc' dir='ltr'><strong>ι</strong></span> 
     </span>
    </p>
   </div>
   <div class='ocr_carea' id='block_1_3' title="bbox 3381 392 3484 457">
    <p class='ocr_par' dir='ltr' id='par_1_3' title="bbox 3381 392 3484 457">
     <span class='ocr_line' id='line_1_3' title="bbox 3381 392 3484 457; baseline -0.019 -1"><span class='ocrx_word' id='word_1_5' title='bbox 3381 392 3484 457; x_wconf 85' lang='lat'><strong>790</strong></span> 
     </span>
    </p>
   </div>
   <div class='ocr_carea' id='block_1_4' title="bbox 246 482 1809 567">
    <p class='ocr_par' dir='ltr' id='par_1_4' title="bbox 246 482 1809 562">
     <span class='ocr_line' id='line_1_4' title="bbox 246 482 1809 562; baseline 0.009 -29"><span class='ocrx_word' id='word_1_6' title='bbox 246 482 515 549; x_wconf 65' lang='grc' dir='ltr'>ἄφθαρτοι</span> <span class='ocrx_word' id='word_1_7' title='bbox 570 486 927 556; x_wconf 81' lang='grc' dir='ltr'>γνωρίσουσιν</span> <span class='ocrx_word' id='word_1_8' title='bbox 957 489 1245 561; x_wconf 75' lang='grc' dir='ltr'><strong>ἀλλήλους,</strong></span> <span class='ocrx_word' id='word_1_9' title='bbox 1280 491 1516 562; x_wconf 77' lang='grc' dir='ltr'>ὁπηνίκα</span> <span class='ocrx_word' id='word_1_10' title='bbox 1558 494 1809 556; x_wconf 84' lang='grc' dir='ltr'>Ἰουδαῖος</span> 
     </span>
    </p>
   </div>
   <div class='ocr_carea' id='block_1_5' title="bbox 1911 482 3479 567">
    <p class='ocr_par' dir='ltr' id='par_1_5' title="bbox 1914 496 3479 567">
     <span class='ocr_line' id='line_1_5' title="bbox 1914 496 3479 567; baseline 0.008 -19"><span class='ocrx_word' id='word_1_11' title='bbox 1914 510 2109 561; x_wconf 80' lang='lat' dir='ltr'><strong>vicem,</strong></span> <span class='ocrx_word' id='word_1_12' title='bbox 2149 496 2365 566; x_wconf 78' lang='lat' dir='ltr'><strong>quando</strong></span> <span class='ocrx_word' id='word_1_13' title='bbox 2396 512 2503 552; x_wconf 91' lang='lat' dir='ltr'><strong>non</strong></span> <span class='ocrx_word' id='word_1_14' title='bbox 2533 498 2757 555; x_wconf 71' lang='lat' dir='ltr'><strong>Judmus</strong></span> <span class='ocrx_word' id='word_1_15' title='bbox 2789 499 2917 567; x_wconf 87' lang='lat' dir='ltr'><strong>erit,</strong></span> <span class='ocrx_word' id='word_1_16' title='bbox 2955 517 3054 557; x_wconf 89' lang='lat' dir='ltr'><strong>nec</strong></span> <span class='ocrx_word' id='word_1_17' title='bbox 3087 502 3346 559; x_wconf 74' lang='lat' dir='ltr'><strong>Grzeeus?</strong></span> <span class='ocrx_word' id='word_1_18' title='bbox 3371 523 3479 563; x_wconf 91' lang='lat' dir='ltr'><strong>non</strong></span> 
     </span>
    </p>
   </div>
   <div class='ocr_carea' id='block_1_6' title="bbox 249 575 1814 656">
    <p class='ocr_par' dir='ltr' id='par_1_6' title="bbox 249 575 1814 656">
     <span class='ocr_line' id='line_1_6' title="bbox 249 575 1814 656; baseline 0.01 -31"><span class='ocrx_word' id='word_1_19' title='bbox 249 576 347 626; x_wconf 76' lang='grc' dir='ltr'><strong>οὐκ</strong></span> <span class='ocrx_word' id='word_1_20' title='bbox 377 575 458 627; x_wconf 76' lang='grc' dir='ltr'>ἔνι</span> <span class='ocrx_word' id='word_1_21' title='bbox 487 576 578 629; x_wconf 63' lang='grc' dir='ltr'>καὶ</span> <span class='ocrx_word' id='word_1_22' title='bbox 608 577 829 648; x_wconf 76' lang='grc' dir='ltr'>Ἕλλην,</span> <span class='ocrx_word' id='word_1_23' title='bbox 862 581 921 632; x_wconf 84' lang='grc' dir='ltr'><strong>οὐ</strong></span> <span class='ocrx_word' id='word_1_24' title='bbox 955 582 1189 652; x_wconf 82' lang='grc' dir='ltr'>Σκύθης,</span> <span class='ocrx_word' id='word_1_25' title='bbox 1215 585 1272 636; x_wconf 85' lang='grc' dir='ltr'><strong>ού</strong></span> <span class='ocrx_word' id='word_1_26' title='bbox 1311 584 1604 656; x_wconf 80' lang='grc' dir='ltr'>βάρϐαρος,</span> <span class='ocrx_word' id='word_1_27' title='bbox 1637 586 1697 639; x_wconf 83' lang='grc' dir='ltr'><strong>οὐ</strong></span> <span class='ocrx_word' id='word_1_28' title='bbox 1727 605 1814 656; x_wconf 85' lang='grc' dir='ltr'>μι-</span> 
     </span>
    </p>
   </div>
   <div class='ocr_carea' id='block_1_7' title="bbox 251 664 1816 739">
    <p class='ocr_par' dir='ltr' id='par_1_7' title="bbox 251 664 1816 739">
     <span class='ocr_line' id='line_1_7' title="bbox 251 664 1816 739; baseline 0.007 -26"><span class='ocrx_word' id='word_1_29' title='bbox 251 664 401 731; x_wconf 56' lang='grc' dir='ltr'>κρδις,</span> <span class='ocrx_word' id='word_1_30' title='bbox 437 664 531 716; x_wconf 74' lang='grc' dir='ltr'>καὶ</span> <span class='ocrx_word' id='word_1_31' title='bbox 558 664 756 733; x_wconf 76' lang='grc' dir='ltr'>μέγας,</span> <span class='ocrx_word' id='word_1_32' title='bbox 776 668 874 719; x_wconf 83' lang='grc' dir='ltr'><strong>οὐκ</strong></span> <span class='ocrx_word' id='word_1_33' title='bbox 904 669 1090 738; x_wconf 80' lang='grc' dir='ltr'>ἄρσεν,</span> <span class='ocrx_word' id='word_1_34' title='bbox 1122 671 1215 722; x_wconf 73' lang='grc' dir='ltr'><strong>καὶ</strong></span> <span class='ocrx_word' id='word_1_35' title='bbox 1237 669 1394 739; x_wconf 81' lang='grc' dir='ltr'>θῆλυ,</span> <span class='ocrx_word' id='word_1_36' title='bbox 1418 671 1477 723; x_wconf 79' lang='grc' dir='ltr'>οὐ</span> <span class='ocrx_word' id='word_1_37' title='bbox 1510 671 1695 739; x_wconf 80' lang='grc' dir='ltr'><strong>μέλας,</strong></span> <span class='ocrx_word' id='word_1_38' title='bbox 1720 672 1816 725; x_wconf 74' lang='grc' dir='ltr'><strong>καὶ</strong></span> 
     </span>
    </p>
   </div>
   <div class='ocr_carea' id='block_1_8' title="bbox 252 753 1814 830">
    <p class='ocr_par' dir='ltr' id='par_1_8' title="bbox 252 753 1814 830">
     <span class='ocr_line' id='line_1_8' title="bbox 252 753 1814 830; baseline 0.008 -26"><span class='ocrx_word' id='word_1_39' title='bbox 252 753 460 819; x_wconf 71' lang='grc' dir='ltr'>ξανθὸς,</span> <span class='ocrx_word' id='word_1_40' title='bbox 498 757 558 807; x_wconf 79' lang='grc' dir='ltr'><strong>οὐ</strong></span> <span class='ocrx_word' id='word_1_41' title='bbox 594 756 799 819; x_wconf 82' lang='grc' dir='ltr'>δοῦλος,</span> <span class='ocrx_word' id='word_1_42' title='bbox 824 760 914 810; x_wconf 79' lang='grc' dir='ltr'><strong>καὶ</strong></span> <span class='ocrx_word' id='word_1_43' title='bbox 941 760 1242 830; x_wconf 39' lang='grc' dir='ltr'>,ἐλεύθερος</span> <span class='ocrx_word' id='word_1_44' title='bbox 1267 777 1281 791; x_wconf 75' lang='grc'><strong><em>⁸</em></strong></span> <span class='ocrx_word' id='word_1_45' title='bbox 1312 761 1444 814; x_wconf 76' lang='grc' dir='ltr'>ἀλλὰ</span> <span class='ocrx_word' id='word_1_46' title='bbox 1480 763 1681 825; x_wconf 84' lang='grc' dir='ltr'>πάντες</span> <span class='ocrx_word' id='word_1_47' title='bbox 1711 764 1814 829; x_wconf 84' lang='grc' dir='ltr'>ἁγ-</span> 
     </span>
    </p>
   </div>
   <div class='ocr_carea' id='block_1_9' title="bbox 248 845 1811 924">
    <p class='ocr_par' dir='ltr' id='par_1_9' title="bbox 248 845 1811 924">
     <span class='ocr_line' id='line_1_9' title="bbox 248 845 1811 924; baseline 0.006 -28"><span class='ocrx_word' id='word_1_48' title='bbox 248 845 539 912; x_wconf 85' lang='grc' dir='ltr'>γελοειδεῖς</span> <span class='ocrx_word' id='word_1_49' title='bbox 570 849 713 914; x_wconf 79' lang='grc' dir='ltr'>είσις</span> <span class='ocrx_word' id='word_1_50' title='bbox 745 851 883 912; x_wconf 79' lang='grc' dir='ltr'>Τοὺς</span> <span class='ocrx_word' id='word_1_51' title='bbox 918 852 1193 915; x_wconf 76' lang='grc' dir='ltr'><strong>τοιούτους</strong></span> <span class='ocrx_word' id='word_1_52' title='bbox 1225 853 1445 916; x_wconf 78' lang='grc' dir='ltr'>πάντως</span> <span class='ocrx_word' id='word_1_53' title='bbox 1490 853 1751 907; x_wconf 84' lang='grc' dir='ltr'>ἀδύνατον</span> <span class='ocrx_word' id='word_1_54' title='bbox 1778 855 1811 924; x_wconf 83' lang='grc' dir='ltr'>ἢ</span> 
     </span>
    </p>
   </div>
   <div class='ocr_carea' id='block_1_10' title="bbox 244 938 1813 1014">
    <p class='ocr_par' dir='ltr' id='par_1_10' title="bbox 244 938 1813 1014">
     <span class='ocr_line' id='line_1_10' title="bbox 244 938 1813 1014; baseline 0.006 -26"><span class='ocrx_word' id='word_1_55' title='bbox 244 938 515 1008; x_wconf 83' lang='grc' dir='ltr'>γνωρίσαι</span> <span class='ocrx_word' id='word_1_56' title='bbox 547 939 578 1009; x_wconf 77' lang='grc' dir='ltr'><strong>ἢ</strong></span> <span class='ocrx_word' id='word_1_57' title='bbox 616 942 1007 1011; x_wconf 76' lang='grc' dir='ltr'>γνωρισθῆναι.</span> <span class='ocrx_word' id='word_1_58' title='bbox 1033 945 1137 995; x_wconf 70' lang='grc' dir='ltr'><strong>Καὶ</strong></span> <span class='ocrx_word' id='word_1_59' title='bbox 1161 944 1303 997; x_wconf 71' lang='grc' dir='ltr'>οὕτω</span> <span class='ocrx_word' id='word_1_60' title='bbox 1326 944 1424 1014; x_wconf 80' lang='grc' dir='ltr'>μὲν</span> <span class='ocrx_word' id='word_1_61' title='bbox 1446 946 1648 997; x_wconf 77' lang='grc' dir='ltr'>ἐκείνοι</span> <span class='ocrx_word' id='word_1_62' title='bbox 1678 962 1813 1013; x_wconf 80' lang='grc' dir='ltr'>φρο-</span> 
     </span>
    </p>
   </div>
   <div class='ocr_carea' id='block_1_11' title="bbox 244 1030 1813 1105">
    <p class='ocr_par' dir='ltr' id='par_1_11' title="bbox 244 1030 1813 1105">
     <span class='ocr_line' id='line_1_11' title="bbox 244 1030 1813 1105; baseline 0.006 -26"><span class='ocrx_word' id='word_1_63' title='bbox 244 1030 424 1093; x_wconf 69' lang='grc' dir='ltr'>νοῦσι,</span> <span class='ocrx_word' id='word_1_64' title='bbox 450 1030 544 1083; x_wconf 71' lang='grc' dir='ltr'><strong>καὶ</strong></span> <span class='ocrx_word' id='word_1_65' title='bbox 575 1032 826 1100; x_wconf 81' lang='grc' dir='ltr'>λέγουσιν</span> <span class='ocrx_word' id='word_1_66' title='bbox 850 1050 864 1065; x_wconf 81' lang='lat'><strong>&#39;</strong></span> <span class='ocrx_word' id='word_1_67' title='bbox 909 1035 1068 1102; x_wconf 83' lang='grc' dir='ltr'><strong>ἡμεῖς</strong></span> <span class='ocrx_word' id='word_1_68' title='bbox 1096 1036 1153 1088; x_wconf 84' lang='grc' dir='ltr'>δὲ</span> <span class='ocrx_word' id='word_1_69' title='bbox 1185 1035 1322 1105; x_wconf 68' lang='grc' dir='ltr'>πρὸς</span> <span class='ocrx_word' id='word_1_70' title='bbox 1355 1036 1551 1097; x_wconf 72' lang='grc' dir='ltr'>αὐτοὺς</span> <span class='ocrx_word' id='word_1_71' title='bbox 1580 1036 1813 1088; x_wconf 82' lang='grc' dir='ltr'>ἀντιτεί-</span> 
     </span>
    </p>
   </div>
   <div class='ocr_carea' id='block_1_12' title="bbox 244 1116 1813 1198">
    <p class='ocr_par' dir='ltr' id='par_1_12' title="bbox 244 1116 1813 1198">
     <span class='ocr_line' id='line_1_12' title="bbox 244 1116 1813 1198; baseline 0.007 -26"><span class='ocrx_word' id='word_1_72' title='bbox 244 1139 431 1185; x_wconf 83' lang='grc' dir='ltr'>νοντες</span> <span class='ocrx_word' id='word_1_73' title='bbox 498 1123 640 1177; x_wconf 80' lang='grc' dir='ltr'>οὕτω</span> <span class='ocrx_word' id='word_1_74' title='bbox 692 1116 969 1194; x_wconf 85' lang='grc' dir='ltr'>λέγομεν·</span> <span class='ocrx_word' id='word_1_75' title='bbox 1016 1130 1079 1181; x_wconf 76' lang='lat' dir='ltr'><strong>Ol</strong></span> <span class='ocrx_word' id='word_1_76' title='bbox 1128 1129 1406 1198; x_wconf 80' lang='grc' dir='ltr'>λογισμοῖς</span> <span class='ocrx_word' id='word_1_77' title='bbox 1454 1129 1813 1198; x_wconf 75' lang='grc' dir='ltr'><strong>ἀνθρωπίνοις</strong></span> 
     </span>
    </p>
   </div>
   <div class='ocr_carea' id='block_1_13' title="bbox 247 1212 1813 1288">
    <p class='ocr_par' dir='ltr' id='par_1_13' title="bbox 247 1212 1813 1288">
     <span class='ocr_line' id='line_1_13' title="bbox 247 1212 1813 1288; baseline 0.006 -27"><span class='ocrx_word' id='word_1_78' title='bbox 247 1212 608 1281; x_wconf 80' lang='grc' dir='ltr'>ὲπιδιδόμενοι</span> <span class='ocrx_word' id='word_1_79' title='bbox 644 1216 752 1268; x_wconf 83' lang='grc' dir='ltr'><strong>κάκ</strong></span> <span class='ocrx_word' id='word_1_80' title='bbox 787 1216 981 1269; x_wconf 85' lang='grc' dir='ltr'>τούτου</span> <span class='ocrx_word' id='word_1_81' title='bbox 1029 1217 1087 1269; x_wconf 74' lang='grc' dir='ltr'>τὸ</span> <span class='ocrx_word' id='word_1_82' title='bbox 1125 1217 1198 1286; x_wconf 82' lang='grc' dir='ltr'>μὴ</span> <span class='ocrx_word' id='word_1_83' title='bbox 1231 1218 1522 1285; x_wconf 77' lang='grc' dir='ltr'>γνωρίζειν</span> <span class='ocrx_word' id='word_1_84' title='bbox 1551 1217 1813 1288; x_wconf 73' lang='grc' dir='ltr'><strong>ἀλλήλους</strong></span> 
     </span>
    </p>
   </div>
   <div class='ocr_carea' id='block_1_14' title="bbox 248 1304 1812 1377">
    <p class='ocr_par' dir='ltr' id='par_1_14' title="bbox 248 1304 1812 1377">
     <span class='ocr_line' id='line_1_14' title="bbox 248 1304 1812 1377; baseline 0.006 -26"><span class='ocrx_word' id='word_1_85' title='bbox 248 1304 427 1353; x_wconf 71' lang='grc' dir='ltr'>ἐκεῖσε</span> <span class='ocrx_word' id='word_1_86' title='bbox 457 1304 875 1375; x_wconf 79' lang='grc' dir='ltr'>διατεινόμενοι,</span> <span class='ocrx_word' id='word_1_87' title='bbox 901 1307 1133 1376; x_wconf 75' lang='grc' dir='ltr'>πρώτην</span> <span class='ocrx_word' id='word_1_88' title='bbox 1164 1308 1334 1376; x_wconf 76' lang='grc' dir='ltr'>αὐτὴν</span> <span class='ocrx_word' id='word_1_89' title='bbox 1369 1308 1725 1377; x_wconf 78' lang='grc' dir='ltr'>ἀθετήσουσιν</span> <span class='ocrx_word' id='word_1_90' title='bbox 1749 1311 1812 1360; x_wconf 77' lang='grc' dir='ltr'><strong>ἐκ</strong></span> 
     </span>
    </p>
   </div>
   <div class='ocr_carea' id='block_1_15' title="bbox 245 1393 1810 1468">
    <p class='ocr_par' dir='ltr' id='par_1_15' title="bbox 245 1393 1810 1468">
     <span class='ocr_line' id='line_1_15' title="bbox 245 1393 1810 1468; baseline 0.006 -26"><span class='ocrx_word' id='word_1_91' title='bbox 245 1394 461 1462; x_wconf 81' lang='grc' dir='ltr'>νεκρῶν</span> <span class='ocrx_word' id='word_1_92' title='bbox 492 1393 601 1445; x_wconf 77' lang='grc' dir='ltr'><strong>τῶν</strong></span> <span class='ocrx_word' id='word_1_93' title='bbox 632 1398 903 1463; x_wconf 75' lang='grc' dir='ltr'>σωμάτων</span> <span class='ocrx_word' id='word_1_94' title='bbox 933 1398 1252 1452; x_wconf 67' lang='grc' dir='ltr'>ἀνάστασιν*</span> <span class='ocrx_word' id='word_1_95' title='bbox 1274 1400 1365 1451; x_wconf 72' lang='grc' dir='ltr'><strong>καὶ</strong></span> <span class='ocrx_word' id='word_1_96' title='bbox 1398 1398 1711 1468; x_wconf 78' lang='grc' dir='ltr'>θαυμαστὸν</span> <span class='ocrx_word' id='word_1_97' title='bbox 1749 1400 1810 1452; x_wconf 82' lang='grc' dir='ltr'><strong>ού</strong></span> 
     </span>
    </p>
   </div>
   <div class='ocr_carea' id='block_1_16' title="bbox 245 1486 1810 1558">
    <p class='ocr_par' dir='ltr' id='par_1_16' title="bbox 245 1486 1810 1558">
     <span class='ocr_line' id='line_1_16' title="bbox 245 1486 1810 1558; baseline 0.004 -21"><span class='ocrx_word' id='word_1_98' title='bbox 245 1486 506 1538; x_wconf 70' lang='grc' dir='ltr'>τοσοῦτόν</span> <span class='ocrx_word' id='word_1_99' title='bbox 531 1489 645 1540; x_wconf 77' lang='grc' dir='ltr'>ἐστι</span> <span class='ocrx_word' id='word_1_100' title='bbox 674 1489 816 1541; x_wconf 84' lang='grc' dir='ltr'>κατὰ</span> <span class='ocrx_word' id='word_1_101' title='bbox 842 1505 904 1556; x_wconf 88' lang='grc' dir='ltr'><strong>γε</strong></span> <span class='ocrx_word' id='word_1_102' title='bbox 933 1490 1069 1551; x_wconf 84' lang='grc' dir='ltr'>τέως</span> <span class='ocrx_word' id='word_1_103' title='bbox 1100 1490 1159 1541; x_wconf 84' lang='grc' dir='ltr'><strong>τὸ</strong></span> <span class='ocrx_word' id='word_1_104' title='bbox 1182 1490 1372 1543; x_wconf 80' lang='grc' dir='ltr'>δοκοῦν</span> <span class='ocrx_word' id='word_1_105' title='bbox 1405 1492 1591 1553; x_wconf 81' lang='grc' dir='ltr'>αὐτοῖς</span> <span class='ocrx_word' id='word_1_106' title='bbox 1613 1507 1628 1522; x_wconf 76' lang='lat'><strong><em>°</em></strong></span> <span class='ocrx_word' id='word_1_107' title='bbox 1654 1492 1810 1558; x_wconf 86' lang='grc' dir='ltr'>σῶμα</span> 
     </span>
    </p>
   </div>
   <div class='ocr_carea' id='block_1_17' title="bbox 242 1575 1808 1651">
    <p class='ocr_par' dir='ltr' id='par_1_17' title="bbox 242 1575 1808 1651">
     <span class='ocr_line' id='line_1_17' title="bbox 242 1575 1808 1651; baseline 0.002 -24"><span class='ocrx_word' id='word_1_108' title='bbox 242 1577 357 1643; x_wconf 75' lang='grc' dir='ltr'>γὰρ</span> <span class='ocrx_word' id='word_1_109' title='bbox 393 1575 669 1647; x_wconf 76' lang='grc' dir='ltr'>διαρρυὲν,</span> <span class='ocrx_word' id='word_1_110' title='bbox 707 1578 866 1645; x_wconf 86' lang='grc' dir='ltr'>σῶμα</span> <span class='ocrx_word' id='word_1_111' title='bbox 918 1578 1125 1649; x_wconf 77' lang='grc' dir='ltr'>βρωθὲν</span> <span class='ocrx_word' id='word_1_112' title='bbox 1160 1579 1265 1632; x_wconf 79' lang='grc' dir='ltr'>ὑπὸ</span> <span class='ocrx_word' id='word_1_113' title='bbox 1311 1580 1531 1649; x_wconf 65' lang='grc' dir='ltr'>θηρίουπ</span> <span class='ocrx_word' id='word_1_114' title='bbox 1558 1580 1741 1647; x_wconf 68' lang='grc' dir='ltr'>τυχὸν,</span> <span class='ocrx_word' id='word_1_115' title='bbox 1774 1580 1808 1651; x_wconf 77' lang='grc' dir='ltr'>ἢ</span> 
     </span>
    </p>
   </div>
   <div class='ocr_carea' id='block_1_18' title="bbox 248 1665 1811 1741">
    <p class='ocr_par' dir='ltr' id='par_1_18' title="bbox 248 1665 1811 1741">
     <span class='ocr_line' id='line_1_18' title="bbox 248 1665 1811 1741; baseline 0.003 -23"><span class='ocrx_word' id='word_1_116' title='bbox 248 1665 436 1735; x_wconf 76' lang='grc' dir='ltr'>ἰχθύος</span> <span class='ocrx_word' id='word_1_117' title='bbox 463 1669 495 1738; x_wconf 80' lang='grc' dir='ltr'>ἦ</span> <span class='ocrx_word' id='word_1_118' title='bbox 529 1669 787 1737; x_wconf 82' lang='grc' dir='ltr'>πετηνοῢ,</span> <span class='ocrx_word' id='word_1_119' title='bbox 818 1670 935 1733; x_wconf 89' lang='grc' dir='ltr'><strong>πῶς</strong></span> <span class='ocrx_word' id='word_1_120' title='bbox 965 1671 1118 1734; x_wconf 74' lang='grc' dir='ltr'>αὖθις</span> <span class='ocrx_word' id='word_1_121' title='bbox 1150 1666 1229 1733; x_wconf 74' lang='grc' dir='ltr'><strong>εἰς</strong></span> <span class='ocrx_word' id='word_1_122' title='bbox 1252 1671 1308 1723; x_wconf 78' lang='grc' dir='ltr'>ἐν</span> <span class='ocrx_word' id='word_1_123' title='bbox 1339 1672 1485 1740; x_wconf 80' lang='grc' dir='ltr'>αύτῷ</span> <span class='ocrx_word' id='word_1_124' title='bbox 1518 1672 1811 1741; x_wconf 83' lang='grc' dir='ltr'>συναχθείη</span> 
     </span>
    </p>
   </div>
   <div class='ocr_carea' id='block_1_19' title="bbox 242 1760 1811 1831">
    <p class='ocr_par' dir='ltr' id='par_1_19' title="bbox 242 1760 1811 1831">
     <span class='ocr_line' id='line_1_19' title="bbox 242 1760 1811 1831; baseline 0.003 -22"><span class='ocrx_word' id='word_1_125' title='bbox 242 1760 341 1810; x_wconf 76' lang='grc' dir='ltr'>καὶ</span> <span class='ocrx_word' id='word_1_126' title='bbox 390 1761 790 1828; x_wconf 77' lang='grc' dir='ltr'>ἀναστήσαιτος</span> <span class='ocrx_word' id='word_1_127' title='bbox 845 1764 951 1815; x_wconf 72' lang='grc' dir='ltr'><strong>Καὶ</strong></span> <span class='ocrx_word' id='word_1_128' title='bbox 990 1762 1109 1824; x_wconf 84' lang='grc' dir='ltr'><strong>πῶς</strong></span> <span class='ocrx_word' id='word_1_129' title='bbox 1156 1762 1297 1815; x_wconf 77' lang='grc' dir='ltr'>οὕτω</span> <span class='ocrx_word' id='word_1_130' title='bbox 1330 1762 1585 1831; x_wconf 80' lang='grc' dir='ltr'>διαχυθὲν</span> <span class='ocrx_word' id='word_1_131' title='bbox 1613 1763 1692 1825; x_wconf 85' lang='grc' dir='ltr'><strong>είς</strong></span> <span class='ocrx_word' id='word_1_132' title='bbox 1715 1763 1811 1831; x_wconf 83' lang='grc' dir='ltr'><strong>τὴν</strong></span> 
     </span>
    </p>
   </div>
   <div class='ocr_carea' id='block_1_20' title="bbox 247 1850 1812 1925">
    <p class='ocr_par' dir='ltr' id='par_1_20' title="bbox 247 1850 1812 1925">
     <span class='ocr_line' id='line_1_20' title="bbox 247 1850 1812 1925; baseline 0.004 -26"><span class='ocrx_word' id='word_1_133' title='bbox 247 1850 527 1920; x_wconf 84' lang='grc' dir='ltr'>προτέραν</span> <span class='ocrx_word' id='word_1_134' title='bbox 553 1853 827 1924; x_wconf 74' lang='grc' dir='ltr'>ἐπανέλθῃ</span> <span class='ocrx_word' id='word_1_135' title='bbox 854 1854 1191 1907; x_wconf 82' lang='grc' dir='ltr'>κατάστασιν</span> <span class='ocrx_word' id='word_1_136' title='bbox 1214 1872 1228 1919; x_wconf 86' lang='grc'><strong>;</strong></span> <span class='ocrx_word' id='word_1_137' title='bbox 1262 1854 1403 1905; x_wconf 84' lang='grc' dir='ltr'>Ἀλλ’</span> <span class='ocrx_word' id='word_1_138' title='bbox 1430 1854 1587 1920; x_wconf 65' lang='grc' dir='ltr'>ἄφες,</span> <span class='ocrx_word' id='word_1_139' title='bbox 1612 1856 1659 1907; x_wconf 83' lang='grc' dir='ltr'><strong>εἰ</strong></span> <span class='ocrx_word' id='word_1_140' title='bbox 1688 1854 1812 1925; x_wconf 83' lang='grc' dir='ltr'>βού-</span> 
     </span>
    </p>
   </div>
   <div class='ocr_carea' id='block_1_21' title="bbox 244 1937 1812 2015">
    <p class='ocr_par' dir='ltr' id='par_1_21' title="bbox 244 1937 1812 2015">
     <span class='ocr_line' id='line_1_21' title="bbox 244 1937 1812 2015; baseline 0.004 -24"><span class='ocrx_word' id='word_1_141' title='bbox 244 1940 353 2003; x_wconf 77' lang='grc' dir='ltr'>λει,</span> <span class='ocrx_word' id='word_1_142' title='bbox 402 1944 540 2006; x_wconf 76' lang='grc' dir='ltr'>τοὺς</span> <span class='ocrx_word' id='word_1_143' title='bbox 570 1937 792 1998; x_wconf 72' lang='grc' dir='ltr'>τοιαῦτα</span> <span class='ocrx_word' id='word_1_144' title='bbox 840 1945 1379 2014; x_wconf 75' lang='grc' dir='ltr'>περιεργαζομένους</span> <span class='ocrx_word' id='word_1_145' title='bbox 1408 1963 1423 1977; x_wconf 90' lang='grc'><strong>·</strong></span> <span class='ocrx_word' id='word_1_146' title='bbox 1470 1946 1689 2015; x_wconf 66' lang='grc' dir='ltr'>ψυχικοὶ</span> <span class='ocrx_word' id='word_1_147' title='bbox 1717 1946 1812 1999; x_wconf 76' lang='grc' dir='ltr'><strong>καὶ</strong></span> 
     </span>
    </p>
   </div>
   <div class='ocr_carea' id='block_1_22' title="bbox 245 2033 1810 2106">
    <p class='ocr_par' dir='ltr' id='par_1_22' title="bbox 245 2033 1810 2106">
     <span class='ocr_line' id='line_1_22' title="bbox 245 2033 1810 2106; baseline 0.004 -23"><span class='ocrx_word' id='word_1_148' title='bbox 245 2033 359 2102; x_wconf 69' lang='grc' dir='ltr'>γᾶρ</span> <span class='ocrx_word' id='word_1_149' title='bbox 390 2033 542 2097; x_wconf 70' lang='grc' dir='ltr'>ὄντες</span> <span class='ocrx_word' id='word_1_150' title='bbox 588 2036 741 2089; x_wconf 78' lang='grc' dir='ltr'>αὐτοὶ</span> <span class='ocrx_word' id='word_1_151' title='bbox 772 2036 912 2089; x_wconf 73' lang='grc' dir='ltr'>κατὰ</span> <span class='ocrx_word' id='word_1_152' title='bbox 944 2036 1032 2089; x_wconf 73' lang='grc' dir='ltr'><strong>τὸν</strong></span> <span class='ocrx_word' id='word_1_153' title='bbox 1074 2037 1376 2090; x_wconf 73' lang='grc' dir='ltr'>ἀπόστολον</span> <span class='ocrx_word' id='word_1_154' title='bbox 1408 2037 1639 2102; x_wconf 81' lang='grc' dir='ltr'>Παῦλον,</span> <span class='ocrx_word' id='word_1_155' title='bbox 1665 2038 1718 2090; x_wconf 78' lang='grc' dir='ltr'><strong>εἴ</strong></span> <span class='ocrx_word' id='word_1_156' title='bbox 1746 2054 1810 2106; x_wconf 80' lang='grc' dir='ltr'><strong>γε</strong></span> 
     </span>
    </p>
   </div>
   <div class='ocr_carea' id='block_1_23' title="bbox 242 2120 1807 2196">
    <p class='ocr_par' dir='ltr' id='par_1_23' title="bbox 242 2120 1807 2196">
     <span class='ocr_line' id='line_1_23' title="bbox 242 2120 1807 2196; baseline 0.004 -24"><span class='ocrx_word' id='word_1_157' title='bbox 242 2120 309 2187; x_wconf 83' lang='grc' dir='ltr'>δὴ</span> <span class='ocrx_word' id='word_1_158' title='bbox 340 2122 434 2173; x_wconf 82' lang='grc' dir='ltr'><strong>τὸν</strong></span> <span class='ocrx_word' id='word_1_159' title='bbox 465 2124 637 2190; x_wconf 82' lang='grc' dir='ltr'>μέγαν</span> <span class='ocrx_word' id='word_1_160' title='bbox 673 2124 848 2176; x_wconf 79' lang='grc' dir='ltr'>εἰπεῖν</span> <span class='ocrx_word' id='word_1_161' title='bbox 882 2126 943 2177; x_wconf 77' lang='grc' dir='ltr'>οὐ</span> <span class='ocrx_word' id='word_1_162' title='bbox 973 2125 1220 2194; x_wconf 79' lang='grc' dir='ltr'>δέχονται</span> <span class='ocrx_word' id='word_1_163' title='bbox 1254 2126 1321 2178; x_wconf 84' lang='grc' dir='ltr'>τὰ</span> <span class='ocrx_word' id='word_1_164' title='bbox 1347 2127 1439 2178; x_wconf 77' lang='grc' dir='ltr'>τοῦ</span> <span class='ocrx_word' id='word_1_165' title='bbox 1476 2126 1807 2196; x_wconf 73' lang='grc' dir='ltr'>πνεύματοςτ</span> 
     </span>
    </p>
   </div>
   <div class='ocr_carea' id='block_1_24' title="bbox 241 2214 1811 2287">
    <p class='ocr_par' dir='ltr' id='par_1_24' title="bbox 241 2214 1811 2287">
     <span class='ocr_line' id='line_1_24' title="bbox 241 2214 1811 2287; baseline 0.001 -20"><span class='ocrx_word' id='word_1_166' title='bbox 241 2214 381 2281; x_wconf 65' lang='grc' dir='ltr'>ἄφες</span> <span class='ocrx_word' id='word_1_167' title='bbox 412 2214 608 2276; x_wconf 79' lang='grc' dir='ltr'>αὐτοὺς</span> <span class='ocrx_word' id='word_1_168' title='bbox 634 2217 685 2267; x_wconf 83' lang='grc' dir='ltr'><strong>εί</strong></span> <span class='ocrx_word' id='word_1_169' title='bbox 718 2233 782 2283; x_wconf 89' lang='grc' dir='ltr'><strong>γε</strong></span> <span class='ocrx_word' id='word_1_170' title='bbox 816 2217 877 2269; x_wconf 82' lang='grc' dir='ltr'><strong>τὸ</strong></span> <span class='ocrx_word' id='word_1_171' title='bbox 904 2216 1142 2271; x_wconf 70' lang='grc' dir='ltr'>τςιοῦτον</span> <span class='ocrx_word' id='word_1_172' title='bbox 1177 2218 1431 2287; x_wconf 83' lang='grc' dir='ltr'>φρόνημα</span> <span class='ocrx_word' id='word_1_173' title='bbox 1453 2256 1471 2274; x_wconf 88' lang='grc'><strong>.</strong></span> <span class='ocrx_word' id='word_1_174' title='bbox 1500 2238 1517 2269; x_wconf 75' lang='grc' dir='ltr'><strong>ι</strong></span> <span class='ocrx_word' id='word_1_175' title='bbox 1552 2220 1710 2285; x_wconf 82' lang='grc' dir='ltr'><strong>Λέγω</strong></span> <span class='ocrx_word' id='word_1_176' title='bbox 1746 2216 1811 2287; x_wconf 81' lang='grc' dir='ltr'>δὴ</span> 
     </span>
    </p>
   </div>
   <div class='ocr_carea' id='block_1_25' title="bbox 240 2306 1811 2376">
    <p class='ocr_par' dir='ltr' id='par_1_25' title="bbox 240 2306 1811 2376">
     <span class='ocr_line' id='line_1_25' title="bbox 240 2306 1811 2376; baseline 0.003 -20"><span class='ocrx_word' id='word_1_177' title='bbox 240 2306 303 2356; x_wconf 79' lang='grc' dir='ltr'><strong>τδ</strong></span> <span class='ocrx_word' id='word_1_178' title='bbox 345 2306 419 2374; x_wconf 82' lang='grc' dir='ltr'>μὴ</span> <span class='ocrx_word' id='word_1_179' title='bbox 452 2308 741 2375; x_wconf 75' lang='grc' dir='ltr'>γνωρίζειν</span> <span class='ocrx_word' id='word_1_180' title='bbox 777 2308 1040 2376; x_wconf 81' lang='grc' dir='ltr'>ἀλλήλους</span> <span class='ocrx_word' id='word_1_181' title='bbox 1088 2310 1292 2372; x_wconf 76' lang='grc' dir='ltr'>ἐκεῖσε,</span> <span class='ocrx_word' id='word_1_182' title='bbox 1324 2312 1415 2362; x_wconf 77' lang='grc' dir='ltr'>καὶ</span> <span class='ocrx_word' id='word_1_183' title='bbox 1444 2309 1616 2376; x_wconf 79' lang='grc' dir='ltr'>αὐτῆς</span> <span class='ocrx_word' id='word_1_184' title='bbox 1656 2309 1811 2361; x_wconf 81' lang='grc' dir='ltr'>ἀναι-</span> 
     </span>
    </p>
   </div>
   <div class='ocr_carea' id='block_1_26' title="bbox 246 2399 1811 2469">
    <p class='ocr_par' dir='ltr' id='par_1_26' title="bbox 246 2399 1811 2469">
     <span class='ocr_line' id='line_1_26' title="bbox 246 2399 1811 2469; baseline 0.004 -23"><span class='ocrx_word' id='word_1_185' title='bbox 246 2399 461 2463; x_wconf 86' lang='grc' dir='ltr'>ρετικόν</span> <span class='ocrx_word' id='word_1_186' title='bbox 486 2399 600 2449; x_wconf 79' lang='grc' dir='ltr'>ἐστι</span> <span class='ocrx_word' id='word_1_187' title='bbox 624 2400 719 2467; x_wconf 81' lang='grc' dir='ltr'>τῆς</span> <span class='ocrx_word' id='word_1_188' title='bbox 748 2400 1047 2469; x_wconf 77' lang='grc' dir='ltr'>μελλούσης</span> <span class='ocrx_word' id='word_1_189' title='bbox 1070 2400 1324 2469; x_wconf 81' lang='grc' dir='ltr'>κρίσεως,</span> <span class='ocrx_word' id='word_1_190' title='bbox 1350 2400 1424 2464; x_wconf 84' lang='grc' dir='ltr'>ὡς</span> <span class='ocrx_word' id='word_1_191' title='bbox 1444 2403 1472 2453; x_wconf 98' lang='lat'><strong>6</strong></span> <span class='ocrx_word' id='word_1_192' title='bbox 1493 2400 1811 2468; x_wconf 66' lang='grc' dir='ltr'>διαληφθεὶς</span> 
     </span>
    </p>
   </div>
   <div class='ocr_carea' id='block_1_27' title="bbox 243 2486 1811 2559">
    <p class='ocr_par' dir='ltr' id='par_1_27' title="bbox 243 2486 1811 2559">
     <span class='ocr_line' id='line_1_27' title="bbox 243 2486 1811 2559; baseline -0.008 -8"><span class='ocrx_word' id='word_1_193' title='bbox 243 2486 349 2555; x_wconf 78' lang='grc' dir='ltr'>ἔφη</span> <span class='ocrx_word' id='word_1_194' title='bbox 381 2487 523 2549; x_wconf 76' lang='grc' dir='ltr'>θεῖος</span> <span class='ocrx_word' id='word_1_195' title='bbox 552 2488 691 2559; x_wconf 70' lang='grc' dir='ltr'>ἀνήρ</span> <span class='ocrx_word' id='word_1_196' title='bbox 712 2505 724 2519; x_wconf 90' lang='grc'><strong>·</strong></span> <span class='ocrx_word' id='word_1_197' title='bbox 753 2491 936 2558; x_wconf 84' lang='grc' dir='ltr'>κρίσις</span> <span class='ocrx_word' id='word_1_198' title='bbox 986 2491 1093 2558; x_wconf 84' lang='grc' dir='ltr'>γὰρ</span> <span class='ocrx_word' id='word_1_199' title='bbox 1125 2492 1557 2559; x_wconf 78' lang='grc' dir='ltr'>ἐπεγνωσμένων</span> <span class='ocrx_word' id='word_1_200' title='bbox 1592 2487 1811 2558; x_wconf 83' lang='grc' dir='ltr'>προσώ-</span> 
     </span>
    </p>
   </div>
   <div class='ocr_carea' id='block_1_28' title="bbox 240 2577 1806 2649">
    <p class='ocr_par' dir='ltr' id='par_1_28' title="bbox 240 2577 1806 2649">
     <span class='ocr_line' id='line_1_28' title="bbox 240 2577 1806 2649; baseline 0.003 -23"><span class='ocrx_word' id='word_1_201' title='bbox 240 2594 363 2627; x_wconf 68' lang='grc' dir='ltr'><strong>πων</strong></span> <span class='ocrx_word' id='word_1_202' title='bbox 394 2577 547 2630; x_wconf 73' lang='grc' dir='ltr'>εἴωθε</span> <span class='ocrx_word' id='word_1_203' title='bbox 578 2579 842 2646; x_wconf 86' lang='grc' dir='ltr'>γίνεσθαι,</span> <span class='ocrx_word' id='word_1_204' title='bbox 868 2580 1009 2633; x_wconf 73' lang='grc' dir='ltr'>καθὰ</span> <span class='ocrx_word' id='word_1_205' title='bbox 1055 2582 1146 2633; x_wconf 72' lang='grc' dir='ltr'>καὶ</span> <span class='ocrx_word' id='word_1_206' title='bbox 1170 2582 1514 2649; x_wconf 67' lang='grc' dir='ltr'>γέγραπται·</span> <span class='ocrx_word' id='word_1_207' title='bbox 1550 2598 1569 2631; x_wconf 78' lang='grc' dir='ltr'><strong>ι</strong></span> <span class='ocrx_word' id='word_1_208' title='bbox 1620 2579 1806 2647; x_wconf 86' lang='grc' dir='ltr'>Ἐλέγ-</span> 
     </span>
    </p>
   </div>
   <div class='ocr_carea' id='block_1_29' title="bbox 238 2669 1808 2740">
    <p class='ocr_par' dir='ltr' id='par_1_29' title="bbox 238 2669 1808 2740">
     <span class='ocr_line' id='line_1_29' title="bbox 238 2669 1808 2740; baseline 0 -18"><span class='ocrx_word' id='word_1_209' title='bbox 238 2669 320 2733; x_wconf 79' lang='grc' dir='ltr'>ξω</span> <span class='ocrx_word' id='word_1_210' title='bbox 360 2686 441 2733; x_wconf 80' lang='grc' dir='ltr'><strong>σε,</strong></span> <span class='ocrx_word' id='word_1_211' title='bbox 493 2672 584 2725; x_wconf 67' lang='grc' dir='ltr'>καὶ</span> <span class='ocrx_word' id='word_1_212' title='bbox 634 2674 967 2740; x_wconf 76' lang='grc' dir='ltr'>παραστήσω</span> <span class='ocrx_word' id='word_1_213' title='bbox 1016 2674 1156 2725; x_wconf 75' lang='grc' dir='ltr'>κατὰ</span> <span class='ocrx_word' id='word_1_214' title='bbox 1218 2673 1510 2740; x_wconf 51' lang='lat' dir='ltr'><strong>apricum-iv</strong></span> <span class='ocrx_word' id='word_1_215' title='bbox 1566 2689 1659 2724; x_wconf 84' lang='grc' dir='ltr'><strong>σου</strong></span> <span class='ocrx_word' id='word_1_216' title='bbox 1710 2674 1808 2733; x_wconf 85' lang='grc' dir='ltr'>τὰς</span> 
     </span>
    </p>
   </div>
   <div class='ocr_carea' id='block_1_30' title="bbox 241 2764 1809 2833">
    <p class='ocr_par' dir='ltr' id='par_1_30' title="bbox 241 2764 1809 2833">
     <span class='ocr_line' id='line_1_30' title="bbox 241 2764 1809 2833; baseline 0.001 -19"><span class='ocrx_word' id='word_1_217' title='bbox 241 2764 521 2832; x_wconf 71' lang='grc' dir='ltr'>ἁμαρτίας</span> <span class='ocrx_word' id='word_1_218' title='bbox 550 2782 664 2827; x_wconf 88' lang='grc' dir='ltr'>σου,</span> <span class='ocrx_word' id='word_1_219' title='bbox 691 2764 829 2817; x_wconf 73' lang='grc' dir='ltr'>ὥστε</span> <span class='ocrx_word' id='word_1_220' title='bbox 861 2767 909 2817; x_wconf 86' lang='grc' dir='ltr'><strong>εί</strong></span> <span class='ocrx_word' id='word_1_221' title='bbox 938 2766 997 2817; x_wconf 83' lang='grc' dir='ltr'><strong>οὐ</strong></span> <span class='ocrx_word' id='word_1_222' title='bbox 1017 2765 1359 2833; x_wconf 75' lang='grc' dir='ltr'>γνωρίσομεν</span> <span class='ocrx_word' id='word_1_223' title='bbox 1387 2764 1668 2832; x_wconf 80' lang='grc' dir='ltr'>ἀλλήλους,</span> <span class='ocrx_word' id='word_1_224' title='bbox 1690 2764 1809 2815; x_wconf 77' lang='grc' dir='ltr'>οὐδὲ</span> 
     </span>
    </p>
   </div>
   <div class='ocr_carea' id='block_1_31' title="bbox 238 2855 1809 2929">
    <p class='ocr_par' dir='ltr' id='par_1_31' title="bbox 238 2855 1809 2929">
     <span class='ocr_line' id='line_1_31' title="bbox 238 2855 1809 2929; baseline -0.001 -21"><span class='ocrx_word' id='word_1_225' title='bbox 238 2857 663 2926; x_wconf 62' lang='grc' dir='ltr'>κριθησόμεθαεο</span> <span class='ocrx_word' id='word_1_226' title='bbox 685 2859 757 2928; x_wconf 86' lang='grc' dir='ltr'>μὴ</span> <span class='ocrx_word' id='word_1_227' title='bbox 787 2861 1095 2929; x_wconf 79' lang='grc' dir='ltr'>κρινόμενοι</span> <span class='ocrx_word' id='word_1_228' title='bbox 1121 2859 1177 2911; x_wconf 79' lang='grc' dir='ltr'><strong>δὲ</strong></span> <span class='ocrx_word' id='word_1_229' title='bbox 1196 2860 1253 2909; x_wconf 80' lang='grc' dir='ltr'><strong>οὐ</strong></span> <span class='ocrx_word' id='word_1_230' title='bbox 1273 2855 1557 2925; x_wconf 73' lang='grc' dir='ltr'>ληψόμεθα</span> <span class='ocrx_word' id='word_1_231' title='bbox 1583 2855 1649 2907; x_wconf 83' lang='grc' dir='ltr'>τὰ</span> <span class='ocrx_word' id='word_1_232' title='bbox 1676 2871 1809 2906; x_wconf 83' lang='grc' dir='ltr'>κατ-</span> 
     </span>
    </p>
   </div>
   <div class='ocr_carea' id='block_1_32' title="bbox 241 2938 1809 3019">
    <p class='ocr_par' dir='ltr' id='par_1_32' title="bbox 241 2938 1809 3019">
     <span class='ocr_line' id='line_1_32' title="bbox 241 2938 1809 3019; baseline -0.001 -18"><span class='ocrx_word' id='word_1_233' title='bbox 241 2948 376 3013; x_wconf 80' lang='grc' dir='ltr'>άξια</span> <span class='ocrx_word' id='word_1_234' title='bbox 428 2949 535 3001; x_wconf 86' lang='grc' dir='ltr'><strong>τῶν</strong></span> <span class='ocrx_word' id='word_1_235' title='bbox 595 2950 942 3018; x_wconf 77' lang='grc' dir='ltr'>βεϐιωμένων</span> <span class='ocrx_word' id='word_1_236' title='bbox 979 2952 1129 3019; x_wconf 77' lang='grc' dir='ltr'>ἡμῖν.</span> <span class='ocrx_word' id='word_1_237' title='bbox 1180 2949 1304 3011; x_wconf 85' lang='grc' dir='ltr'><strong>Πῶς</strong></span> <span class='ocrx_word' id='word_1_238' title='bbox 1340 2950 1524 3002; x_wconf 78' lang='grc' dir='ltr'>δὲκαὶ</span> <span class='ocrx_word' id='word_1_239' title='bbox 1572 2938 1621 3001; x_wconf 66' lang='grc' dir='ltr'><strong>δι</strong></span> <span class='ocrx_word' id='word_1_240' title='bbox 1675 2948 1809 3000; x_wconf 74' lang='grc' dir='ltr'>ἀπό-</span> 
     </span>
    </p>
   </div>
   <div class='ocr_carea' id='block_1_33' title="bbox 240 3041 1810 3111">
    <p class='ocr_par' dir='ltr' id='par_1_33' title="bbox 240 3041 1810 3111">
     <span class='ocr_line' id='line_1_33' title="bbox 240 3041 1810 3111; baseline 0 -19"><span class='ocrx_word' id='word_1_241' title='bbox 240 3042 424 3094; x_wconf 85' lang='grc' dir='ltr'>στολοι</span> <span class='ocrx_word' id='word_1_242' title='bbox 456 3043 546 3093; x_wconf 72' lang='grc' dir='ltr'>ἐπὶ</span> <span class='ocrx_word' id='word_1_243' title='bbox 575 3042 784 3096; x_wconf 82' lang='grc' dir='ltr'>δώδεκα</span> <span class='ocrx_word' id='word_1_244' title='bbox 811 3042 1017 3111; x_wconf 79' lang='grc' dir='ltr'>θρόνων</span> <span class='ocrx_word' id='word_1_245' title='bbox 1043 3042 1326 3094; x_wconf 84' lang='grc' dir='ltr'>καθίσουσι</span> <span class='ocrx_word' id='word_1_246' title='bbox 1351 3042 1447 3103; x_wconf 81' lang='grc' dir='ltr'><strong>τὰς</strong></span> <span class='ocrx_word' id='word_1_247' title='bbox 1473 3041 1680 3101; x_wconf 82' lang='grc' dir='ltr'>δώδεκα</span> <span class='ocrx_word' id='word_1_248' title='bbox 1708 3057 1810 3109; x_wconf 76' lang='grc' dir='ltr'>φυο</span> 
     </span>
    </p>
   </div>
   <div class='ocr_carea' id='block_1_34' title="bbox 1919 586 3481 665">
    <p class='ocr_par' dir='ltr' id='par_1_34' title="bbox 1919 586 3481 665">
     <span class='ocr_line' id='line_1_34' title="bbox 1919 586 3481 665; baseline 0.007 -25"><span class='ocrx_word' id='word_1_249' title='bbox 1919 586 2138 657; x_wconf 84' lang='lat' dir='ltr'><strong>Scytha.</strong></span> <span class='ocrx_word' id='word_1_250' title='bbox 2196 604 2303 642; x_wconf 93' lang='lat' dir='ltr'><strong>non</strong></span> <span class='ocrx_word' id='word_1_251' title='bbox 2344 589 2653 645; x_wconf 70' lang='lat' dir='ltr'><strong>Barbarus?</strong></span> <span class='ocrx_word' id='word_1_252' title='bbox 2704 607 2809 645; x_wconf 93' lang='lat' dir='ltr'><strong>non</strong></span> <span class='ocrx_word' id='word_1_253' title='bbox 2860 608 3065 662; x_wconf 91' lang='lat' dir='ltr'><strong>parvus</strong></span> <span class='ocrx_word' id='word_1_254' title='bbox 3105 606 3159 649; x_wconf 89' lang='lat' dir='ltr'><strong>et</strong></span> <span class='ocrx_word' id='word_1_255' title='bbox 3216 611 3481 665; x_wconf 78' lang='lat' dir='ltr'><strong>magnus;</strong></span> 
     </span>
    </p>
   </div>
   <div class='ocr_carea' id='block_1_35' title="bbox 1916 679 3482 753">
    <p class='ocr_par' dir='ltr' id='par_1_35' title="bbox 1916 679 3482 753">
     <span class='ocr_line' id='line_1_35' title="bbox 1916 679 3482 753; baseline 0.006 -21"><span class='ocrx_word' id='word_1_256' title='bbox 1916 694 2027 733; x_wconf 87' lang='lat' dir='ltr'><strong>non</strong></span> <span class='ocrx_word' id='word_1_257' title='bbox 2065 695 2180 734; x_wconf 89' lang='lat' dir='ltr'><strong>mas</strong></span> <span class='ocrx_word' id='word_1_258' title='bbox 2207 690 2260 733; x_wconf 85' lang='lat' dir='ltr'><strong>et</strong></span> <span class='ocrx_word' id='word_1_259' title='bbox 2296 679 2496 734; x_wconf 77' lang='lat' dir='ltr'><strong>femina</strong></span> <span class='ocrx_word' id='word_1_260' title='bbox 2523 697 2536 744; x_wconf 90' lang='lat'><strong>;</strong></span> <span class='ocrx_word' id='word_1_261' title='bbox 2568 698 2675 735; x_wconf 88' lang='lat' dir='ltr'><strong>non</strong></span> <span class='ocrx_word' id='word_1_262' title='bbox 2708 683 2863 753; x_wconf 78' lang='lat' dir='ltr'><strong>niger</strong></span> <span class='ocrx_word' id='word_1_263' title='bbox 2894 696 2946 737; x_wconf 89' lang='lat' dir='ltr'><strong>et</strong></span> <span class='ocrx_word' id='word_1_264' title='bbox 2974 683 3183 751; x_wconf 85' lang='lat' dir='ltr'><strong>flavus;</strong></span> <span class='ocrx_word' id='word_1_265' title='bbox 3219 700 3326 739; x_wconf 91' lang='lat' dir='ltr'><strong>non</strong></span> <span class='ocrx_word' id='word_1_266' title='bbox 3362 702 3482 741; x_wconf 89' lang='lat' dir='ltr'><strong>ser—</strong></span> 
     </span>
    </p>
   </div>
   <div class='ocr_carea' id='block_1_36' title="bbox 1913 771 3482 842">
    <p class='ocr_par' dir='ltr' id='par_1_36' title="bbox 1913 771 3482 842">
     <span class='ocr_line' id='line_1_36' title="bbox 1913 771 3482 842; baseline 0.005 -19"><span class='ocrx_word' id='word_1_267' title='bbox 1913 786 2014 823; x_wconf 90' lang='lat' dir='ltr'><strong>vus</strong></span> <span class='ocrx_word' id='word_1_268' title='bbox 2048 779 2101 824; x_wconf 91' lang='lat' dir='ltr'><strong>et</strong></span> <span class='ocrx_word' id='word_1_269' title='bbox 2131 771 2302 824; x_wconf 85' lang='lat' dir='ltr'><strong>liber?</strong></span> <span class='ocrx_word' id='word_1_270' title='bbox 2332 771 2427 827; x_wconf 87' lang='lat' dir='ltr'><strong>sed</strong></span> <span class='ocrx_word' id='word_1_271' title='bbox 2471 787 2663 826; x_wconf 87' lang='lat' dir='ltr'><strong>omnes</strong></span> <span class='ocrx_word' id='word_1_272' title='bbox 2694 774 3006 842; x_wconf 79' lang='lat' dir='ltr'><strong>angelorum</strong></span> <span class='ocrx_word' id='word_1_273' title='bbox 3042 775 3250 829; x_wconf 82' lang='lat' dir='ltr'><strong>similes</strong></span> <span class='ocrx_word' id='word_1_274' title='bbox 3276 780 3482 831; x_wconf 88' lang='lat' dir='ltr'><strong>erunt?</strong></span> 
     </span>
    </p>
   </div>
   <div class='ocr_carea' id='block_1_37' title="bbox 1916 858 3481 935">
    <p class='ocr_par' dir='ltr' id='par_1_37' title="bbox 1916 858 3481 935">
     <span class='ocr_line' id='line_1_37' title="bbox 1916 858 3481 935; baseline 0.005 -24"><span class='ocrx_word' id='word_1_275' title='bbox 1916 858 2240 929; x_wconf 85' lang='lat' dir='ltr'><strong>Hujusmodi</strong></span> <span class='ocrx_word' id='word_1_276' title='bbox 2278 862 2503 916; x_wconf 89' lang='lat' dir='ltr'><strong>omnino</strong></span> <span class='ocrx_word' id='word_1_277' title='bbox 2534 862 2872 930; x_wconf 81' lang='lat' dir='ltr'><strong>impossibile</strong></span> <span class='ocrx_word' id='word_1_278' title='bbox 2925 874 2981 919; x_wconf 89' lang='lat' dir='ltr'><strong>ut</strong></span> <span class='ocrx_word' id='word_1_279' title='bbox 3024 878 3359 935; x_wconf 81' lang='lat' dir='ltr'><strong>cognoscant</strong></span> <span class='ocrx_word' id='word_1_280' title='bbox 3396 866 3481 921; x_wconf 85' lang='lat' dir='ltr'><strong>vel</strong></span> 
     </span>
    </p>
   </div>
   <div class='ocr_carea' id='block_1_38' title="bbox 1917 952 3480 1022">
    <p class='ocr_par' dir='ltr' id='par_1_38' title="bbox 1917 952 3480 1022">
     <span class='ocr_line' id='line_1_38' title="bbox 1917 952 3480 1022; baseline 0.006 -19"><span class='ocrx_word' id='word_1_281' title='bbox 1917 960 2339 1020; x_wconf 78' lang='lat' dir='ltr'><strong>cognoscantur.</strong></span> <span class='ocrx_word' id='word_1_282' title='bbox 2357 952 2422 1005; x_wconf 84' lang='lat' dir='ltr'><strong>Et</strong></span> <span class='ocrx_word' id='word_1_283' title='bbox 2441 954 2514 1006; x_wconf 85' lang='lat' dir='ltr'><strong>ita</strong></span> <span class='ocrx_word' id='word_1_284' title='bbox 2534 954 2750 1022; x_wconf 83' lang='lat' dir='ltr'><strong>quidem</strong></span> <span class='ocrx_word' id='word_1_285' title='bbox 2778 954 2850 1007; x_wconf 82' lang='lat' dir='ltr'><strong>illi</strong></span> <span class='ocrx_word' id='word_1_286' title='bbox 2875 964 2929 1009; x_wconf 90' lang='lat' dir='ltr'><strong>et</strong></span> <span class='ocrx_word' id='word_1_287' title='bbox 2946 957 3254 1011; x_wconf 87' lang='lat' dir='ltr'><strong>sentiuntet</strong></span> <span class='ocrx_word' id='word_1_288' title='bbox 3272 958 3480 1014; x_wconf 89' lang='lat' dir='ltr'><strong>dicunt.</strong></span> 
     </span>
    </p>
   </div>
   <div class='ocr_carea' id='block_1_39' title="bbox 1913 1041 3481 1103">
    <p class='ocr_par' dir='ltr' id='par_1_39' title="bbox 1913 1041 3481 1103">
     <span class='ocr_line' id='line_1_39' title="bbox 1913 1041 3481 1103; baseline 0.006 -10"><span class='ocrx_word' id='word_1_289' title='bbox 1913 1041 2022 1095; x_wconf 70' lang='lat' dir='ltr'><strong>Nos</strong></span> <span class='ocrx_word' id='word_1_290' title='bbox 2050 1052 2235 1096; x_wconf 82' lang='lat' dir='ltr'><strong>autem</strong></span> <span class='ocrx_word' id='word_1_291' title='bbox 2267 1053 2453 1097; x_wconf 84' lang='lat' dir='ltr'><strong>contra</strong></span> <span class='ocrx_word' id='word_1_292' title='bbox 2484 1055 2691 1098; x_wconf 84' lang='lat' dir='ltr'><strong>stantes</strong></span> <span class='ocrx_word' id='word_1_293' title='bbox 2714 1046 2791 1099; x_wconf 89' lang='lat' dir='ltr'><strong>eis</strong></span> <span class='ocrx_word' id='word_1_294' title='bbox 2821 1046 2891 1098; x_wconf 88' lang='lat' dir='ltr'><strong>ita</strong></span> <span class='ocrx_word' id='word_1_295' title='bbox 2916 1048 3147 1101; x_wconf 83' lang='lat' dir='ltr'><strong>dicimus</strong></span> <span class='ocrx_word' id='word_1_296' title='bbox 3182 1068 3195 1102; x_wconf 90' lang='lat'><strong>:</strong></span> <span class='ocrx_word' id='word_1_297' title='bbox 3221 1049 3481 1103; x_wconf 87' lang='lat' dir='ltr'><strong>llumanis</strong></span> 
     </span>
    </p>
   </div>
   <div class='ocr_carea' id='block_1_40' title="bbox 1914 1133 3481 1208">
    <p class='ocr_par' dir='ltr' id='par_1_40' title="bbox 1914 1133 3481 1208">
     <span class='ocr_line' id='line_1_40' title="bbox 1914 1133 3481 1208; baseline 0.004 -22"><span class='ocrx_word' id='word_1_298' title='bbox 1914 1133 2420 1187; x_wconf 82' lang='lat' dir='ltr'><strong>ratiocinationibus</strong></span> <span class='ocrx_word' id='word_1_299' title='bbox 2450 1135 2674 1198; x_wconf 81' lang='lat' dir='ltr'><strong>addicti,</strong></span> <span class='ocrx_word' id='word_1_300' title='bbox 2718 1137 2963 1205; x_wconf 80' lang='lat' dir='ltr'><strong>adeoque</strong></span> <span class='ocrx_word' id='word_1_301' title='bbox 3007 1153 3113 1190; x_wconf 92' lang='lat' dir='ltr'><strong>non</strong></span> <span class='ocrx_word' id='word_1_302' title='bbox 3166 1140 3481 1208; x_wconf 85' lang='lat' dir='ltr'><strong>cegnituros</strong></span> 
     </span>
    </p>
   </div>
   <div class='ocr_carea' id='block_1_41' title="bbox 1916 1223 3480 1299">
    <p class='ocr_par' dir='ltr' id='par_1_41' title="bbox 1916 1223 3480 1299">
     <span class='ocr_line' id='line_1_41' title="bbox 1916 1223 3480 1299; baseline 0.005 -24"><span class='ocrx_word' id='word_1_303' title='bbox 1916 1237 1974 1275; x_wconf 87' lang='lat' dir='ltr'><strong>se</strong></span> <span class='ocrx_word' id='word_1_304' title='bbox 2000 1223 2230 1296; x_wconf 80' lang='lat' dir='ltr'><strong>invicem</strong></span> <span class='ocrx_word' id='word_1_305' title='bbox 2270 1224 2342 1277; x_wconf 87' lang='lat' dir='ltr'><strong>ibi</strong></span> <span class='ocrx_word' id='word_1_306' title='bbox 2383 1231 2791 1291; x_wconf 85' lang='lat' dir='ltr'><strong>pertendentes,</strong></span> <span class='ocrx_word' id='word_1_307' title='bbox 2824 1229 3059 1297; x_wconf 87' lang='lat' dir='ltr'><strong>primum</strong></span> <span class='ocrx_word' id='word_1_308' title='bbox 3086 1230 3256 1296; x_wconf 82' lang='lat' dir='ltr'><strong>ipsam</strong></span> <span class='ocrx_word' id='word_1_309' title='bbox 3290 1245 3480 1299; x_wconf 88' lang='lat' dir='ltr'><strong>repro-</strong></span> 
     </span>
    </p>
   </div>
   <div class='ocr_carea' id='block_1_42' title="bbox 1912 1314 3481 1383">
    <p class='ocr_par' dir='ltr' id='par_1_42' title="bbox 1912 1314 3481 1383">
     <span class='ocr_line' id='line_1_42' title="bbox 1912 1314 3481 1383; baseline 0.004 -16"><span class='ocrx_word' id='word_1_310' title='bbox 1912 1314 2040 1367; x_wconf 84' lang='lat' dir='ltr'><strong>bant</strong></span> <span class='ocrx_word' id='word_1_311' title='bbox 2069 1331 2356 1383; x_wconf 85' lang='lat' dir='ltr'><strong>corporum</strong></span> <span class='ocrx_word' id='word_1_312' title='bbox 2382 1332 2410 1369; x_wconf 86' lang='lat' dir='ltr'><strong>a</strong></span> <span class='ocrx_word' id='word_1_313' title='bbox 2438 1319 2665 1370; x_wconf 84' lang='lat' dir='ltr'><strong>mortuis</strong></span> <span class='ocrx_word' id='word_1_314' title='bbox 2706 1321 3186 1373; x_wconf 85' lang='lat' dir='ltr'><strong>resurrectionem.</strong></span> <span class='ocrx_word' id='word_1_315' title='bbox 3225 1321 3285 1373; x_wconf 81' lang='lat' dir='ltr'><strong>Et</strong></span> <span class='ocrx_word' id='word_1_316' title='bbox 3316 1323 3481 1374; x_wconf 90' lang='lat' dir='ltr'><strong>mira-</strong></span> 
     </span>
    </p>
   </div>
   <div class='ocr_carea' id='block_1_43' title="bbox 1911 1405 3484 1480">
    <p class='ocr_par' dir='ltr' id='par_1_43' title="bbox 1911 1405 3484 1480">
     <span class='ocr_line' id='line_1_43' title="bbox 1911 1405 3484 1480; baseline 0.004 -21"><span class='ocrx_word' id='word_1_317' title='bbox 1911 1405 2039 1460; x_wconf 82' lang='lat' dir='ltr'><strong>bilis</strong></span> <span class='ocrx_word' id='word_1_318' title='bbox 2064 1422 2149 1461; x_wconf 85' lang='lat' dir='ltr'><strong>res</strong></span> <span class='ocrx_word' id='word_1_319' title='bbox 2189 1408 2303 1462; x_wconf 81' lang='lat' dir='ltr'><strong>haec</strong></span> <span class='ocrx_word' id='word_1_320' title='bbox 2335 1415 2484 1461; x_wconf 84' lang='lat' dir='ltr'><strong>tanta</strong></span> <span class='ocrx_word' id='word_1_321' title='bbox 2520 1425 2625 1462; x_wconf 93' lang='lat' dir='ltr'><strong>non</strong></span> <span class='ocrx_word' id='word_1_322' title='bbox 2661 1421 2764 1480; x_wconf 72' lang='lat' dir='ltr'><strong>est,</strong></span> <span class='ocrx_word' id='word_1_323' title='bbox 2801 1421 2859 1465; x_wconf 91' lang='lat' dir='ltr'><strong>ut</strong></span> <span class='ocrx_word' id='word_1_324' title='bbox 2890 1413 3021 1480; x_wconf 75' lang='lat' dir='ltr'><strong>ipsis</strong></span> <span class='ocrx_word' id='word_1_325' title='bbox 3070 1414 3305 1469; x_wconf 79' lang='lat' dir='ltr'><strong>videtur.</strong></span> <span class='ocrx_word' id='word_1_326' title='bbox 3346 1414 3484 1467; x_wconf 60' lang='lat' dir='ltr'><strong>Cor»</strong></span> 
     </span>
    </p>
   </div>
   <div class='ocr_carea' id='block_1_44' title="bbox 1911 1500 3482 1570">
    <p class='ocr_par' dir='ltr' id='par_1_44' title="bbox 1911 1500 3482 1570">
     <span class='ocr_line' id='line_1_44' title="bbox 1911 1500 3482 1570; baseline 0.004 -18"><span class='ocrx_word' id='word_1_327' title='bbox 1911 1515 2015 1566; x_wconf 89' lang='lat' dir='ltr'><strong>pus</strong></span> <span class='ocrx_word' id='word_1_328' title='bbox 2043 1500 2188 1553; x_wconf 85' lang='lat' dir='ltr'><strong>enim</strong></span> <span class='ocrx_word' id='word_1_329' title='bbox 2214 1500 2357 1569; x_wconf 90' lang='lat' dir='ltr'><strong>quod</strong></span> <span class='ocrx_word' id='word_1_330' title='bbox 2388 1500 2642 1565; x_wconf 76' lang='lat' dir='ltr'><strong>difﬂuxit,</strong></span> <span class='ocrx_word' id='word_1_331' title='bbox 2675 1517 2877 1570; x_wconf 88' lang='lat' dir='ltr'><strong>corpus</strong></span> <span class='ocrx_word' id='word_1_332' title='bbox 2905 1504 3047 1569; x_wconf 89' lang='lat' dir='ltr'><strong>quod</strong></span> <span class='ocrx_word' id='word_1_333' title='bbox 3077 1502 3217 1558; x_wconf 89' lang='lat' dir='ltr'><strong>forte</strong></span> <span class='ocrx_word' id='word_1_334' title='bbox 3247 1520 3274 1556; x_wconf 90' lang='lat' dir='ltr'><strong>a</strong></span> <span class='ocrx_word' id='word_1_335' title='bbox 3306 1505 3482 1559; x_wconf 81' lang='lat' dir='ltr'><strong>bestia</strong></span> 
     </span>
    </p>
   </div>
   <div class='ocr_carea' id='block_1_45' title="bbox 1912 1592 3485 1662">
    <p class='ocr_par' dir='ltr' id='par_1_45' title="bbox 1912 1592 3485 1662">
     <span class='ocr_line' id='line_1_45' title="bbox 1912 1592 3485 1662; baseline 0.003 -17"><span class='ocrx_word' id='word_1_336' title='bbox 1912 1592 2228 1646; x_wconf 80' lang='lat' dir='ltr'><strong>devoratum</strong></span> <span class='ocrx_word' id='word_1_337' title='bbox 2262 1602 2366 1658; x_wconf 89' lang='lat' dir='ltr'><strong>est,</strong></span> <span class='ocrx_word' id='word_1_338' title='bbox 2400 1593 2485 1647; x_wconf 78' lang='lat' dir='ltr'><strong>vel</strong></span> <span class='ocrx_word' id='word_1_339' title='bbox 2513 1593 2659 1662; x_wconf 86' lang='lat' dir='ltr'><strong>pisce</strong></span> <span class='ocrx_word' id='word_1_340' title='bbox 2682 1594 2764 1647; x_wconf 89' lang='lat' dir='ltr'><strong>vel</strong></span> <span class='ocrx_word' id='word_1_341' title='bbox 2805 1594 3013 1647; x_wconf 79' lang='lat' dir='ltr'><strong>volucri</strong></span> <span class='ocrx_word' id='word_1_342' title='bbox 3039 1635 3053 1659; x_wconf 94' lang='lat'><strong>,</strong></span> <span class='ocrx_word' id='word_1_343' title='bbox 3089 1596 3485 1662; x_wconf 61' lang='lat' dir='ltr'><strong>quotnodoiteo</strong></span> 
     </span>
    </p>
   </div>
   <div class='ocr_carea' id='block_1_46' title="bbox 1913 1684 3486 1756">
    <p class='ocr_par' dir='ltr' id='par_1_46' title="bbox 1913 1684 3486 1756">
     <span class='ocr_line' id='line_1_46' title="bbox 1913 1684 3486 1756; baseline 0.003 -21"><span class='ocrx_word' id='word_1_344' title='bbox 1913 1699 2029 1735; x_wconf 91' lang='lat' dir='ltr'><strong>rum</strong></span> <span class='ocrx_word' id='word_1_345' title='bbox 2050 1684 2102 1736; x_wconf 92' lang='lat' dir='ltr'><strong>in</strong></span> <span class='ocrx_word' id='word_1_346' title='bbox 2123 1700 2285 1737; x_wconf 89' lang='lat' dir='ltr'><strong>unum</strong></span> <span class='ocrx_word' id='word_1_347' title='bbox 2302 1684 2403 1753; x_wconf 83' lang='lat' dir='ltr'><strong>ipsi</strong></span> <span class='ocrx_word' id='word_1_348' title='bbox 2423 1685 2709 1738; x_wconf 91' lang='lat' dir='ltr'><strong>collectum</strong></span> <span class='ocrx_word' id='word_1_349' title='bbox 2732 1685 2894 1739; x_wconf 88' lang='lat' dir='ltr'><strong>fuerit</strong></span> <span class='ocrx_word' id='word_1_350' title='bbox 2911 1695 2963 1739; x_wconf 89' lang='lat' dir='ltr'><strong>et</strong></span> <span class='ocrx_word' id='word_1_351' title='bbox 2981 1687 3333 1756; x_wconf 82' lang='lat' dir='ltr'><strong>rcsurget?Et</strong></span> <span class='ocrx_word' id='word_1_352' title='bbox 3352 1702 3486 1754; x_wconf 86' lang='lat' dir='ltr'><strong>quo-</strong></span> 
     </span>
    </p>
   </div>
   <div class='ocr_carea' id='block_1_47' title="bbox 1912 1774 3484 1845">
    <p class='ocr_par' dir='ltr' id='par_1_47' title="bbox 1912 1774 3484 1845">
     <span class='ocr_line' id='line_1_47' title="bbox 1912 1774 3484 1845; baseline 0.003 -19"><span class='ocrx_word' id='word_1_353' title='bbox 1912 1775 2073 1827; x_wconf 90' lang='lat' dir='ltr'><strong>modo</strong></span> <span class='ocrx_word' id='word_1_354' title='bbox 2093 1774 2164 1827; x_wconf 88' lang='lat' dir='ltr'><strong>ita</strong></span> <span class='ocrx_word' id='word_1_355' title='bbox 2183 1774 2507 1830; x_wconf 80' lang='lat' dir='ltr'><strong>dissolutum</strong></span> <span class='ocrx_word' id='word_1_356' title='bbox 2525 1778 2575 1828; x_wconf 91' lang='lat' dir='ltr'><strong>in</strong></span> <span class='ocrx_word' id='word_1_357' title='bbox 2592 1776 2825 1845; x_wconf 88' lang='lat' dir='ltr'><strong>priorem</strong></span> <span class='ocrx_word' id='word_1_358' title='bbox 2850 1776 3213 1831; x_wconf 73' lang='lat' dir='ltr'><strong>conditionem</strong></span> <span class='ocrx_word' id='word_1_359' title='bbox 3230 1778 3484 1831; x_wconf 87' lang='lat' dir='ltr'><strong>redierit?</strong></span> 
     </span>
    </p>
   </div>
   <div class='ocr_carea' id='block_1_48' title="bbox 1914 1865 3484 1936">
    <p class='ocr_par' dir='ltr' id='par_1_48' title="bbox 1914 1865 3484 1936">
     <span class='ocr_line' id='line_1_48' title="bbox 1914 1865 3484 1936; baseline 0.004 -19"><span class='ocrx_word' id='word_1_360' title='bbox 1914 1865 2017 1919; x_wconf 82' lang='lat' dir='ltr'><strong>Sed</strong></span> <span class='ocrx_word' id='word_1_361' title='bbox 2034 1881 2227 1936; x_wconf 83' lang='lat' dir='ltr'><strong>apage,</strong></span> <span class='ocrx_word' id='word_1_362' title='bbox 2250 1866 2294 1919; x_wconf 82' lang='lat' dir='ltr'><strong>si</strong></span> <span class='ocrx_word' id='word_1_363' title='bbox 2319 1867 2417 1927; x_wconf 87' lang='lat' dir='ltr'><strong>vis,</strong></span> <span class='ocrx_word' id='word_1_364' title='bbox 2441 1867 2747 1936; x_wconf 88' lang='lat' dir='ltr'><strong>hujusmodi</strong></span> <span class='ocrx_word' id='word_1_365' title='bbox 2773 1868 2987 1921; x_wconf 89' lang='lat' dir='ltr'><strong>curiose</strong></span> <span class='ocrx_word' id='word_1_366' title='bbox 3010 1878 3344 1936; x_wconf 85' lang='lat' dir='ltr'><strong>scrutantes;</strong></span> <span class='ocrx_word' id='word_1_367' title='bbox 3366 1871 3484 1923; x_wconf 86' lang='lat' dir='ltr'><strong>ani-</strong></span> 
     </span>
    </p>
   </div>
   <div class='ocr_carea' id='block_1_49' title="bbox 1913 1956 3484 2028">
    <p class='ocr_par' dir='ltr' id='par_1_49' title="bbox 1913 1956 3484 2028">
     <span class='ocr_line' id='line_1_49' title="bbox 1913 1956 3484 2028; baseline 0.004 -20"><span class='ocrx_word' id='word_1_368' title='bbox 1913 1956 2081 2008; x_wconf 88' lang='lat' dir='ltr'><strong>males</strong></span> <span class='ocrx_word' id='word_1_369' title='bbox 2110 1956 2252 2008; x_wconf 83' lang='lat' dir='ltr'><strong>enim</strong></span> <span class='ocrx_word' id='word_1_370' title='bbox 2282 1971 2403 2011; x_wconf 89' lang='lat' dir='ltr'><strong>cum</strong></span> <span class='ocrx_word' id='word_1_371' title='bbox 2433 1958 2534 2027; x_wconf 87' lang='lat' dir='ltr'><strong>ipsi</strong></span> <span class='ocrx_word' id='word_1_372' title='bbox 2567 1958 2695 2023; x_wconf 86' lang='lat' dir='ltr'><strong>sint,</strong></span> <span class='ocrx_word' id='word_1_373' title='bbox 2718 1960 2871 2028; x_wconf 82' lang='lat' dir='ltr'><strong>juxta</strong></span> <span class='ocrx_word' id='word_1_374' title='bbox 2897 1960 3210 2027; x_wconf 86' lang='lat' dir='ltr'><strong>Apostolum</strong></span> <span class='ocrx_word' id='word_1_375' title='bbox 3230 1963 3484 2027; x_wconf 88' lang='lat' dir='ltr'><strong>Paulum,</strong></span> 
     </span>
    </p>
   </div>
   <div class='ocr_carea' id='block_1_50' title="bbox 1914 2047 3476 2123">
    <p class='ocr_par' dir='ltr' id='par_1_50' title="bbox 1914 2047 3476 2123">
     <span class='ocr_line' id='line_1_50' title="bbox 1914 2047 3476 2123; baseline 0.006 -24"><span class='ocrx_word' id='word_1_376' title='bbox 1914 2047 2179 2114; x_wconf 82' lang='lat' dir='ltr'><strong>siquidem</strong></span> <span class='ocrx_word' id='word_1_377' title='bbox 2212 2063 2463 2116; x_wconf 84' lang='lat' dir='ltr'><strong>magnum</strong></span> <span class='ocrx_word' id='word_1_378' title='bbox 2498 2048 2679 2103; x_wconf 81' lang='lat' dir='ltr'><strong>dicere</strong></span> <span class='ocrx_word' id='word_1_379' title='bbox 2711 2060 2945 2121; x_wconf 81' lang='lat' dir='ltr'><strong>oportet,</strong></span> <span class='ocrx_word' id='word_1_380' title='bbox 2979 2068 3086 2105; x_wconf 90' lang='lat' dir='ltr'><strong>non</strong></span> <span class='ocrx_word' id='word_1_381' title='bbox 3109 2054 3335 2121; x_wconf 86' lang='lat' dir='ltr'><strong>capiunt</strong></span> <span class='ocrx_word' id='word_1_382' title='bbox 3364 2055 3476 2123; x_wconf 88' lang='lat' dir='ltr'><strong>spi-</strong></span> 
     </span>
    </p>
   </div>
   <div class='ocr_carea' id='block_1_51' title="bbox 1916 2137 3482 2208">
    <p class='ocr_par' dir='ltr' id='par_1_51' title="bbox 1916 2137 3482 2208">
     <span class='ocr_line' id='line_1_51' title="bbox 1916 2137 3482 2208; baseline 0.006 -20"><span class='ocrx_word' id='word_1_383' title='bbox 1916 2137 2113 2192; x_wconf 81' lang='lat' dir='ltr'><strong>ritalia.</strong></span> <span class='ocrx_word' id='word_1_384' title='bbox 2148 2137 2326 2208; x_wconf 81' lang='lat' dir='ltr'><strong>Apage</strong></span> <span class='ocrx_word' id='word_1_385' title='bbox 2371 2139 2520 2207; x_wconf 91' lang='lat' dir='ltr'><strong>ipsos</strong></span> <span class='ocrx_word' id='word_1_386' title='bbox 2568 2140 2837 2207; x_wconf 84' lang='lat' dir='ltr'><strong>siquidem</strong></span> <span class='ocrx_word' id='word_1_387' title='bbox 2878 2141 2948 2195; x_wconf 90' lang='lat' dir='ltr'><strong>ita</strong></span> <span class='ocrx_word' id='word_1_388' title='bbox 2983 2144 3249 2198; x_wconf 89' lang='lat' dir='ltr'><strong>sentiunt.</strong></span> <span class='ocrx_word' id='word_1_389' title='bbox 3284 2164 3300 2194; x_wconf 76' lang='grc' dir='ltr'><strong>ι</strong></span> <span class='ocrx_word' id='word_1_390' title='bbox 3348 2144 3482 2197; x_wconf 88' lang='lat' dir='ltr'><strong>Dico</strong></span> 
     </span>
    </p>
   </div>
   <div class='ocr_carea' id='block_1_52' title="bbox 1913 2228 3480 2300">
    <p class='ocr_par' dir='ltr' id='par_1_52' title="bbox 1913 2228 3480 2300">
     <span class='ocr_line' id='line_1_52' title="bbox 1913 2228 3480 2300; baseline 0.004 -20"><span class='ocrx_word' id='word_1_391' title='bbox 1913 2228 2181 2297; x_wconf 85' lang='lat' dir='ltr'><strong>profecto,</strong></span> <span class='ocrx_word' id='word_1_392' title='bbox 2233 2245 2341 2282; x_wconf 89' lang='lat' dir='ltr'><strong>non</strong></span> <span class='ocrx_word' id='word_1_393' title='bbox 2395 2245 2725 2300; x_wconf 76' lang='lat' dir='ltr'><strong>cognoscere</strong></span> <span class='ocrx_word' id='word_1_394' title='bbox 2775 2232 2846 2286; x_wconf 89' lang='lat' dir='ltr'><strong>ibi</strong></span> <span class='ocrx_word' id='word_1_395' title='bbox 2894 2247 2953 2286; x_wconf 90' lang='lat' dir='ltr'><strong>se</strong></span> <span class='ocrx_word' id='word_1_396' title='bbox 3002 2233 3260 2295; x_wconf 82' lang='lat' dir='ltr'><strong>invicem,</strong></span> <span class='ocrx_word' id='word_1_397' title='bbox 3315 2234 3480 2287; x_wconf 91' lang='lat' dir='ltr'><strong>etiam</strong></span> 
     </span>
    </p>
   </div>
   <div class='ocr_carea' id='block_1_53' title="bbox 1914 2320 3481 2390">
    <p class='ocr_par' dir='ltr' id='par_1_53' title="bbox 1914 2320 3481 2390">
     <span class='ocr_line' id='line_1_53' title="bbox 1914 2320 3481 2390; baseline 0.002 -17"><span class='ocrx_word' id='word_1_398' title='bbox 1914 2320 2090 2389; x_wconf 89' lang='lat' dir='ltr'><strong>ipsum</strong></span> <span class='ocrx_word' id='word_1_399' title='bbox 2123 2321 2366 2375; x_wconf 86' lang='lat' dir='ltr'><strong>futurum</strong></span> <span class='ocrx_word' id='word_1_400' title='bbox 2404 2322 2667 2390; x_wconf 86' lang='lat' dir='ltr'><strong>judicium</strong></span> <span class='ocrx_word' id='word_1_401' title='bbox 2703 2332 2972 2385; x_wconf 82' lang='lat' dir='ltr'><strong>evertere,</strong></span> <span class='ocrx_word' id='word_1_402' title='bbox 3008 2333 3068 2377; x_wconf 93' lang='lat' dir='ltr'><strong>ut</strong></span> <span class='ocrx_word' id='word_1_403' title='bbox 3102 2324 3356 2379; x_wconf 88' lang='lat' dir='ltr'><strong>laudatus</strong></span> <span class='ocrx_word' id='word_1_404' title='bbox 3395 2325 3481 2377; x_wconf 85' lang='lat' dir='ltr'><strong>vir</strong></span> 
     </span>
    </p>
   </div>
   <div class='ocr_carea' id='block_1_54' title="bbox 1912 2409 3482 2481">
    <p class='ocr_par' dir='ltr' id='par_1_54' title="bbox 1912 2409 3482 2481">
     <span class='ocr_line' id='line_1_54' title="bbox 1912 2409 3482 2481; baseline 0.001 -17"><span class='ocrx_word' id='word_1_405' title='bbox 1912 2409 2131 2465; x_wconf 80' lang='lat' dir='ltr'><strong>divinus</strong></span> <span class='ocrx_word' id='word_1_406' title='bbox 2165 2411 2258 2463; x_wconf 91' lang='lat' dir='ltr'><strong>ait.</strong></span> <span class='ocrx_word' id='word_1_407' title='bbox 2288 2410 2558 2465; x_wconf 77' lang='lat' dir='ltr'><strong>Iudicium</strong></span> <span class='ocrx_word' id='word_1_408' title='bbox 2582 2411 2725 2464; x_wconf 86' lang='lat' dir='ltr'><strong>enim</strong></span> <span class='ocrx_word' id='word_1_409' title='bbox 2751 2412 3089 2481; x_wconf 76' lang='lat' dir='ltr'><strong>cognitarnm</strong></span> <span class='ocrx_word' id='word_1_410' title='bbox 3124 2427 3482 2480; x_wconf 87' lang='lat' dir='ltr'><strong>personarum</strong></span> 
     </span>
    </p>
   </div>
   <div class='ocr_carea' id='block_1_55' title="bbox 1912 2502 3480 2572">
    <p class='ocr_par' dir='ltr' id='par_1_55' title="bbox 1912 2502 3480 2572">
     <span class='ocr_line' id='line_1_55' title="bbox 1912 2502 3480 2572; baseline -0.001 -15"><span class='ocrx_word' id='word_1_411' title='bbox 1912 2502 2195 2557; x_wconf 83' lang='lat' dir='ltr'><strong>consuevit</strong></span> <span class='ocrx_word' id='word_1_412' title='bbox 2239 2516 2381 2567; x_wconf 86' lang='lat' dir='ltr'><strong>esse,</strong></span> <span class='ocrx_word' id='word_1_413' title='bbox 2435 2502 2893 2571; x_wconf 84' lang='lat' dir='ltr'><strong>quemadmodum</strong></span> <span class='ocrx_word' id='word_1_414' title='bbox 2935 2512 2989 2557; x_wconf 87' lang='lat' dir='ltr'><strong>et</strong></span> <span class='ocrx_word' id='word_1_415' title='bbox 3036 2505 3300 2572; x_wconf 89' lang='lat' dir='ltr'><strong>scriptum</strong></span> <span class='ocrx_word' id='word_1_416' title='bbox 3353 2512 3480 2558; x_wconf 86' lang='lat' dir='ltr'><strong>est:</strong></span> 
     </span>
    </p>
   </div>
   <div class='ocr_carea' id='block_1_56' title="bbox 1920 2592 3483 2663">
    <p class='ocr_par' dir='ltr' id='par_1_56' title="bbox 1920 2592 3483 2663">
     <span class='ocr_line' id='line_1_56' title="bbox 1920 2592 3483 2663; baseline 0.003 -19"><span class='ocrx_word' id='word_1_417' title='bbox 1920 2612 1937 2644; x_wconf 79' lang='grc' dir='ltr'><strong>ι</strong></span> <span class='ocrx_word' id='word_1_418' title='bbox 1975 2596 2206 2663; x_wconf 83' lang='lat' dir='ltr'><strong>Arguam</strong></span> <span class='ocrx_word' id='word_1_419' title='bbox 2236 2603 2310 2659; x_wconf 92' lang='lat' dir='ltr'><strong>te,</strong></span> <span class='ocrx_word' id='word_1_420' title='bbox 2340 2605 2392 2647; x_wconf 91' lang='lat' dir='ltr'><strong>et</strong></span> <span class='ocrx_word' id='word_1_421' title='bbox 2423 2593 2609 2647; x_wconf 86' lang='lat' dir='ltr'><strong>sistam</strong></span> <span class='ocrx_word' id='word_1_422' title='bbox 2648 2602 2833 2646; x_wconf 87' lang='lat' dir='ltr'><strong>contra</strong></span> <span class='ocrx_word' id='word_1_423' title='bbox 2858 2592 3052 2647; x_wconf 79' lang='lat' dir='ltr'><strong>faciem</strong></span> <span class='ocrx_word' id='word_1_424' title='bbox 3080 2604 3226 2647; x_wconf 89' lang='lat' dir='ltr'><strong>tuam</strong></span> <span class='ocrx_word' id='word_1_425' title='bbox 3257 2603 3483 2663; x_wconf 87' lang='lat' dir='ltr'><strong>peccata</strong></span> 
     </span>
    </p>
   </div>
   <div class='ocr_carea' id='block_1_57' title="bbox 1915 2674 3484 2755">
    <p class='ocr_par' dir='ltr' id='par_1_57' title="bbox 1915 2674 3484 2755">
     <span class='ocr_line' id='line_1_57' title="bbox 1915 2674 3484 2755; baseline 0.001 -19"><span class='ocrx_word' id='word_1_426' title='bbox 1915 2697 2022 2737; x_wconf 87' lang='lat' dir='ltr'><strong>tua.</strong></span> <span class='ocrx_word' id='word_1_427' title='bbox 2062 2674 2079 2734; x_wconf 63' lang='grc' dir='ltr'><em>ἰ</em></span> <span class='ocrx_word' id='word_1_428' title='bbox 2117 2684 2191 2737; x_wconf 85' lang='lat' dir='ltr'><strong>Ita</strong></span> <span class='ocrx_word' id='word_1_429' title='bbox 2226 2695 2282 2737; x_wconf 93' lang='lat' dir='ltr'><strong>ut</strong></span> <span class='ocrx_word' id='word_1_430' title='bbox 2314 2684 2416 2738; x_wconf 90' lang='lat' dir='ltr'><strong>nisi</strong></span> <span class='ocrx_word' id='word_1_431' title='bbox 2452 2700 2846 2755; x_wconf 83' lang='lat' dir='ltr'><strong>cognoscemus</strong></span> <span class='ocrx_word' id='word_1_432' title='bbox 2877 2699 2978 2738; x_wconf 89' lang='lat' dir='ltr'><strong>nos</strong></span> <span class='ocrx_word' id='word_1_433' title='bbox 3006 2684 3233 2738; x_wconf 84' lang='lat' dir='ltr'><strong>invicem</strong></span> <span class='ocrx_word' id='word_1_434' title='bbox 3264 2726 3275 2747; x_wconf 91' lang='lat'><strong>,</strong></span> <span class='ocrx_word' id='word_1_435' title='bbox 3303 2700 3484 2752; x_wconf 89' lang='lat' dir='ltr'><strong>neque</strong></span> 
     </span>
    </p>
   </div>
   <div class='ocr_carea' id='block_1_58' title="bbox 1906 2775 3481 2845">
    <p class='ocr_par' dir='ltr' id='par_1_58' title="bbox 1906 2775 3481 2845">
     <span class='ocr_line' id='line_1_58' title="bbox 1906 2775 3481 2845; baseline 0.001 -17"><span class='ocrx_word' id='word_1_436' title='bbox 1906 2775 2233 2844; x_wconf 88' lang='lat' dir='ltr'><strong>judicemur.</strong></span> <span class='ocrx_word' id='word_1_437' title='bbox 2254 2776 2371 2829; x_wconf 90' lang='lat' dir='ltr'><strong>Non</strong></span> <span class='ocrx_word' id='word_1_438' title='bbox 2416 2776 2639 2844; x_wconf 87' lang='lat' dir='ltr'><strong>judicati</strong></span> <span class='ocrx_word' id='word_1_439' title='bbox 2686 2792 2834 2841; x_wconf 89' lang='lat' dir='ltr'><strong>vero,</strong></span> <span class='ocrx_word' id='word_1_440' title='bbox 2857 2792 2959 2829; x_wconf 90' lang='lat' dir='ltr'><strong>non</strong></span> <span class='ocrx_word' id='word_1_441' title='bbox 2980 2776 3306 2843; x_wconf 85' lang='lat' dir='ltr'><strong>accipiemus</strong></span> <span class='ocrx_word' id='word_1_442' title='bbox 3324 2776 3481 2845; x_wconf 77' lang='lat' dir='ltr'><strong>digna</strong></span> 
     </span>
    </p>
   </div>
   <div class='ocr_carea' id='block_1_59' title="bbox 1911 2866 3487 2934">
    <p class='ocr_par' dir='ltr' id='par_1_59' title="bbox 1911 2866 3487 2934">
     <span class='ocr_line' id='line_1_59' title="bbox 1911 2866 3487 2934; baseline 0.002 -15"><span class='ocrx_word' id='word_1_443' title='bbox 1911 2866 1973 2919; x_wconf 87' lang='lat' dir='ltr'><strong>iis</strong></span> <span class='ocrx_word' id='word_1_444' title='bbox 1994 2882 2111 2934; x_wconf 69' lang='lat' dir='ltr'><strong>quae</strong></span> <span class='ocrx_word' id='word_1_445' title='bbox 2135 2881 2163 2919; x_wconf 90' lang='lat' dir='ltr'><strong>a</strong></span> <span class='ocrx_word' id='word_1_446' title='bbox 2186 2866 2414 2920; x_wconf 81' lang='lat' dir='ltr'><strong>nobisin</strong></span> <span class='ocrx_word' id='word_1_447' title='bbox 2436 2867 2542 2919; x_wconf 87' lang='lat' dir='ltr'><strong>vita</strong></span> <span class='ocrx_word' id='word_1_448' title='bbox 2567 2867 2705 2922; x_wconf 85' lang='lat' dir='ltr'><strong>faeta</strong></span> <span class='ocrx_word' id='word_1_449' title='bbox 2729 2868 2949 2921; x_wconf 79' lang='lat' dir='ltr'><strong>fuerint.</strong></span> <span class='ocrx_word' id='word_1_450' title='bbox 2976 2868 3257 2934; x_wconf 85' lang='lat' dir='ltr'><strong>Quomodo</strong></span> <span class='ocrx_word' id='word_1_451' title='bbox 3277 2882 3407 2921; x_wconf 87' lang='lat' dir='ltr'><strong>vero</strong></span> <span class='ocrx_word' id='word_1_452' title='bbox 3427 2877 3487 2923; x_wconf 78' lang='lat' dir='ltr'><strong>et</strong></span> 
     </span>
    </p>
   </div>
   <div class='ocr_carea' id='block_1_60' title="bbox 1908 2959 3482 3027">
    <p class='ocr_par' dir='ltr' id='par_1_60' title="bbox 1908 2959 3482 3027">
     <span class='ocr_line' id='line_1_60' title="bbox 1908 2959 3482 3027; baseline 0 -15"><span class='ocrx_word' id='word_1_453' title='bbox 1908 2959 2135 3027; x_wconf 80' lang='lat' dir='ltr'><strong>apoStoli</strong></span> <span class='ocrx_word' id='word_1_454' title='bbox 2151 2974 2311 3027; x_wconf 89' lang='lat' dir='ltr'><strong>super</strong></span> <span class='ocrx_word' id='word_1_455' title='bbox 2334 2959 2617 3013; x_wconf 78' lang='lat' dir='ltr'><strong>duodecim</strong></span> <span class='ocrx_word' id='word_1_456' title='bbox 2646 2961 2864 3014; x_wconf 76' lang='lat' dir='ltr'><strong>sedibus</strong></span> <span class='ocrx_word' id='word_1_457' title='bbox 2888 2961 3176 3021; x_wconf 87' lang='lat' dir='ltr'><strong>scdebunt.</strong></span> <span class='ocrx_word' id='word_1_458' title='bbox 3198 2960 3482 3013; x_wconf 83' lang='lat' dir='ltr'><strong>duodecim</strong></span> 
     </span>
    </p>
   </div>
   <div class='ocr_carea' id='block_1_61' title="bbox 1912 3050 3481 3120">
    <p class='ocr_par' dir='ltr' id='par_1_61' title="bbox 1912 3050 3481 3120">
     <span class='ocr_line' id='line_1_61' title="bbox 1912 3050 3481 3120; baseline -0.001 -17"><span class='ocrx_word' id='word_1_459' title='bbox 1912 3050 2084 3105; x_wconf 82' lang='lat' dir='ltr'><strong>tribus</strong></span> <span class='ocrx_word' id='word_1_460' title='bbox 2101 3050 2263 3104; x_wconf 84' lang='lat' dir='ltr'><strong>Israel</strong></span> <span class='ocrx_word' id='word_1_461' title='bbox 2280 3050 2602 3116; x_wconf 88' lang='lat' dir='ltr'><strong>judicantes,</strong></span> <span class='ocrx_word' id='word_1_462' title='bbox 2644 3052 2687 3104; x_wconf 92' lang='lat' dir='ltr'><strong>si</strong></span> <span class='ocrx_word' id='word_1_463' title='bbox 2713 3067 2820 3104; x_wconf 90' lang='lat' dir='ltr'><strong>non</strong></span> <span class='ocrx_word' id='word_1_464' title='bbox 2847 3061 3170 3120; x_wconf 82' lang='lat' dir='ltr'><strong>cognoscent</strong></span> <span class='ocrx_word' id='word_1_465' title='bbox 3188 3050 3481 3119; x_wconf 85' lang='lat' dir='ltr'><strong>qttosjudi—</strong></span> 
     </span>
    </p>
   </div>
   <div class='ocr_carea' id='block_1_62' title="bbox 235 3134 1809 3210">
    <p class='ocr_par' dir='ltr' id='par_1_62' title="bbox 235 3134 1805 3205">
     <span class='ocr_line' id='line_1_62' title="bbox 235 3134 1805 3205; baseline -0.001 -20"><span class='ocrx_word' id='word_1_466' title='bbox 235 3134 339 3196; x_wconf 68' lang='grc' dir='ltr'>λὰς</span> <span class='ocrx_word' id='word_1_467' title='bbox 375 3134 657 3204; x_wconf 82' lang='grc' dir='ltr'>κρίνοντες</span> <span class='ocrx_word' id='word_1_468' title='bbox 707 3134 801 3186; x_wconf 79' lang='grc' dir='ltr'>τοῦ</span> <span class='ocrx_word' id='word_1_469' title='bbox 865 3135 1105 3205; x_wconf 82' lang='grc' dir='ltr'>Ἰσραὴλ,</span> <span class='ocrx_word' id='word_1_470' title='bbox 1149 3134 1309 3204; x_wconf 83' lang='grc' dir='ltr'>εἴπερ</span> <span class='ocrx_word' id='word_1_471' title='bbox 1342 3134 1401 3186; x_wconf 79' lang='grc' dir='ltr'><strong>ού</strong></span> <span class='ocrx_word' id='word_1_472' title='bbox 1444 3134 1805 3202; x_wconf 79' lang='grc' dir='ltr'>γνωρίσουσιν</span> 
     </span>
    </p>
   </div>
   <div class='ocr_carea' id='block_1_63' title="bbox 1911 3134 3484 3210">
    <p class='ocr_par' dir='ltr' id='par_1_63' title="bbox 1913 3141 3484 3210">
     <span class='ocr_line' id='line_1_63' title="bbox 1913 3141 3484 3210; baseline 0.001 -17"><span class='ocrx_word' id='word_1_473' title='bbox 1913 3152 2036 3194; x_wconf 86' lang='lat' dir='ltr'><strong>cant</strong></span> <span class='ocrx_word' id='word_1_474' title='bbox 2052 3142 2074 3193; x_wconf 86' lang='lat'><strong>?</strong></span> <span class='ocrx_word' id='word_1_475' title='bbox 2089 3141 2369 3207; x_wconf 85' lang='lat' dir='ltr'><strong>Quomodo</strong></span> <span class='ocrx_word' id='word_1_476' title='bbox 2388 3157 2512 3194; x_wconf 87' lang='lat' dir='ltr'><strong>vero</strong></span> <span class='ocrx_word' id='word_1_477' title='bbox 2534 3150 2587 3195; x_wconf 89' lang='lat' dir='ltr'><strong>et</strong></span> <span class='ocrx_word' id='word_1_478' title='bbox 2601 3141 2790 3196; x_wconf 83' lang='lat' dir='ltr'><strong>beatus</strong></span> <span class='ocrx_word' id='word_1_479' title='bbox 2814 3141 2915 3195; x_wconf 82' lang='lat' dir='ltr'><strong>Job</strong></span> <span class='ocrx_word' id='word_1_480' title='bbox 2932 3141 3176 3210; x_wconf 83' lang='lat' dir='ltr'><strong>duplices</strong></span> <span class='ocrx_word' id='word_1_481' title='bbox 3194 3142 3328 3194; x_wconf 88' lang='lat' dir='ltr'><strong>lilios</strong></span> <span class='ocrx_word' id='word_1_482' title='bbox 3346 3142 3484 3195; x_wconf 89' lang='lat' dir='ltr'><strong>reci-</strong></span> 
     </span>
    </p>
   </div>
   <div class='ocr_carea' id='block_1_64' title="bbox 237 3224 1809 3296">
    <p class='ocr_par' dir='ltr' id='par_1_64' title="bbox 237 3224 1809 3296">
     <span class='ocr_line' id='line_1_64' title="bbox 237 3224 1809 3296; baseline 0 -19"><span class='ocrx_word' id='word_1_483' title='bbox 237 3226 336 3288; x_wconf 84' lang='grc' dir='ltr'><strong>οὒς</strong></span> <span class='ocrx_word' id='word_1_484' title='bbox 379 3225 663 3295; x_wconf 77' lang='grc' dir='ltr'>κρίνουσις</span> <span class='ocrx_word' id='word_1_485' title='bbox 704 3228 827 3289; x_wconf 88' lang='grc' dir='ltr'>Πῶς</span> <span class='ocrx_word' id='word_1_486' title='bbox 857 3226 912 3279; x_wconf 74' lang='grc' dir='ltr'>δὲ</span> <span class='ocrx_word' id='word_1_487' title='bbox 950 3228 1043 3279; x_wconf 71' lang='grc' dir='ltr'><strong>καὶ</strong></span> <span class='ocrx_word' id='word_1_488' title='bbox 1077 3228 1104 3278; x_wconf 90' lang='lat'><strong>6</strong></span> <span class='ocrx_word' id='word_1_489' title='bbox 1152 3226 1422 3296; x_wconf 80' lang='grc' dir='ltr'>μακάριος</span> <span class='ocrx_word' id='word_1_490' title='bbox 1460 3224 1580 3278; x_wconf 82' lang='grc' dir='ltr'><strong>’1ὼό</strong></span> <span class='ocrx_word' id='word_1_491' title='bbox 1616 3224 1809 3278; x_wconf 86' lang='grc' dir='ltr'><strong>διπλα⁶</strong></span> 
     </span>
    </p>
   </div>
   <div class='ocr_carea' id='block_1_65' title="bbox 240 3318 1808 3389">
    <p class='ocr_par' dir='ltr' id='par_1_65' title="bbox 240 3318 1808 3389">
     <span class='ocr_line' id='line_1_65' title="bbox 240 3318 1808 3389; baseline 0.001 -20"><span class='ocrx_word' id='word_1_492' title='bbox 240 3319 396 3379; x_wconf 82' lang='grc' dir='ltr'>σίους</span> <span class='ocrx_word' id='word_1_493' title='bbox 449 3319 574 3381; x_wconf 74' lang='grc' dir='ltr'>τοὺς</span> <span class='ocrx_word' id='word_1_494' title='bbox 627 3321 819 3379; x_wconf 80' lang='grc' dir='ltr'>παῖδας</span> <span class='ocrx_word' id='word_1_495' title='bbox 874 3319 1238 3389; x_wconf 66' lang='grc' dir='ltr'>ἀπολήψεται,</span> <span class='ocrx_word' id='word_1_496' title='bbox 1271 3321 1428 3389; x_wconf 72' lang='grc' dir='ltr'>εἴπερ</span> <span class='ocrx_word' id='word_1_497' title='bbox 1456 3319 1515 3371; x_wconf 83' lang='grc' dir='ltr'><strong>ού</strong></span> <span class='ocrx_word' id='word_1_498' title='bbox 1550 3318 1808 3387; x_wconf 84' lang='grc' dir='ltr'>γνωρίσει</span> 
     </span>
    </p>
   </div>
   <div class='ocr_carea' id='block_1_66' title="bbox 238 3409 1808 3481">
    <p class='ocr_par' dir='ltr' id='par_1_66' title="bbox 238 3409 1808 3481">
     <span class='ocr_line' id='line_1_66' title="bbox 238 3409 1808 3481; baseline 0 -21"><span class='ocrx_word' id='word_1_499' title='bbox 238 3409 441 3468; x_wconf 70' lang='grc' dir='ltr'>αὐτοὺς</span> <span class='ocrx_word' id='word_1_500' title='bbox 471 3410 528 3459; x_wconf 85' lang='grc' dir='ltr'>ὲν</span> <span class='ocrx_word' id='word_1_501' title='bbox 559 3412 625 3477; x_wconf 79' lang='grc' dir='ltr'>τῇ</span> <span class='ocrx_word' id='word_1_502' title='bbox 662 3410 908 3479; x_wconf 78' lang='grc' dir='ltr'>βασιλείᾳ</span> <span class='ocrx_word' id='word_1_503' title='bbox 950 3411 1057 3461; x_wconf 87' lang='grc' dir='ltr'><strong>τῶν</strong></span> <span class='ocrx_word' id='word_1_504' title='bbox 1104 3410 1345 3477; x_wconf 71' lang='grc' dir='ltr'>οὐρανῶν</span> <span class='ocrx_word' id='word_1_505' title='bbox 1373 3426 1387 3474; x_wconf 91' lang='grc'><strong>;</strong></span> <span class='ocrx_word' id='word_1_506' title='bbox 1440 3409 1657 3481; x_wconf 79' lang='grc' dir='ltr'>Ἐπειδὴ</span> <span class='ocrx_word' id='word_1_507' title='bbox 1682 3409 1808 3471; x_wconf 77' lang='grc' dir='ltr'>τοὺς</span> 
     </span>
    </p>
   </div>
   <div class='ocr_carea' id='block_1_67' title="bbox 241 3498 1808 3571">
    <p class='ocr_par' dir='ltr' id='par_1_67' title="bbox 241 3498 1808 3571">
     <span class='ocr_line' id='line_1_67' title="bbox 241 3498 1808 3571; baseline 0.001 -21"><span class='ocrx_word' id='word_1_508' title='bbox 241 3498 348 3569; x_wconf 81' lang='grc' dir='ltr'><strong>μὲν</strong></span> <span class='ocrx_word' id='word_1_509' title='bbox 384 3499 612 3552; x_wconf 74' lang='grc' dir='ltr'>ἐνταῦθα</span> <span class='ocrx_word' id='word_1_510' title='bbox 660 3501 932 3569; x_wconf 53' lang='grc' dir='ltr'>ἀπείληφε</span> <span class='ocrx_word' id='word_1_511' title='bbox 961 3517 974 3530; x_wconf 89' lang='grc'>·</span> <span class='ocrx_word' id='word_1_512' title='bbox 1006 3503 1133 3562; x_wconf 75' lang='grc' dir='ltr'>τοὺς</span> <span class='ocrx_word' id='word_1_513' title='bbox 1173 3502 1228 3553; x_wconf 80' lang='grc' dir='ltr'>δὲ</span> <span class='ocrx_word' id='word_1_514' title='bbox 1267 3502 1576 3571; x_wconf 82' lang='grc' dir='ltr'>ἑπήγγελτο</span> <span class='ocrx_word' id='word_1_515' title='bbox 1624 3504 1681 3554; x_wconf 82' lang='grc' dir='ltr'>ὲν</span> <span class='ocrx_word' id='word_1_516' title='bbox 1730 3501 1808 3568; x_wconf 74' lang='grc' dir='ltr'>τῷ</span> 
     </span>
    </p>
   </div>
   <div class='ocr_carea' id='block_1_68' title="bbox 241 3591 1807 3662">
    <p class='ocr_par' dir='ltr' id='par_1_68' title="bbox 241 3591 1807 3662">
     <span class='ocr_line' id='line_1_68' title="bbox 241 3591 1807 3662; baseline -0.001 -19"><span class='ocrx_word' id='word_1_517' title='bbox 241 3591 499 3660; x_wconf 83' lang='grc' dir='ltr'>μέλλοντι</span> <span class='ocrx_word' id='word_1_518' title='bbox 534 3594 691 3645; x_wconf 71' lang='grc' dir='ltr'>αἰῶνι</span> <span class='ocrx_word' id='word_1_519' title='bbox 725 3592 1017 3662; x_wconf 73' lang='grc' dir='ltr'>λήψεσθαι.</span> <span class='ocrx_word' id='word_1_520' title='bbox 1041 3595 1154 3644; x_wconf 74' lang='grc' dir='ltr'><strong>Οὐκ</strong></span> <span class='ocrx_word' id='word_1_521' title='bbox 1181 3592 1293 3651; x_wconf 65' lang='grc' dir='ltr'>οὖν,</span> <span class='ocrx_word' id='word_1_522' title='bbox 1321 3592 1561 3658; x_wconf 69' lang='grc' dir='ltr'>ἀδελφοὶ,</span> <span class='ocrx_word' id='word_1_523' title='bbox 1586 3592 1807 3644; x_wconf 84' lang='grc' dir='ltr'>πιστεύ-</span> 
     </span>
    </p>
   </div>
   <div class='ocr_carea' id='block_1_69' title="bbox 235 3684 1809 3754">
    <p class='ocr_par' dir='ltr' id='par_1_69' title="bbox 235 3684 1809 3754">
     <span class='ocr_line' id='line_1_69' title="bbox 235 3684 1809 3754; baseline -0.001 -19"><span class='ocrx_word' id='word_1_524' title='bbox 235 3700 403 3746; x_wconf 81' lang='grc' dir='ltr'>οντες</span> <span class='ocrx_word' id='word_1_525' title='bbox 432 3685 815 3754; x_wconf 76' lang='grc' dir='ltr'>πιστεύσομεν,</span> <span class='ocrx_word' id='word_1_526' title='bbox 849 3686 931 3737; x_wconf 83' lang='grc' dir='ltr'>ὅτι</span> <span class='ocrx_word' id='word_1_527' title='bbox 962 3685 1054 3738; x_wconf 64' lang='grc' dir='ltr'>καὶ</span> <span class='ocrx_word' id='word_1_528' title='bbox 1096 3684 1517 3753; x_wconf 78' lang='grc' dir='ltr'>ἀναστησόμεθα</span> <span class='ocrx_word' id='word_1_529' title='bbox 1551 3686 1645 3737; x_wconf 79' lang='grc' dir='ltr'>καὶ</span> <span class='ocrx_word' id='word_1_530' title='bbox 1670 3702 1809 3749; x_wconf 85' lang='grc' dir='ltr'>γνω-</span> 
     </span>
    </p>
   </div>
   <div class='ocr_carea' id='block_1_70' title="bbox 239 3771 1808 3845">
    <p class='ocr_par' dir='ltr' id='par_1_70' title="bbox 239 3771 1808 3845">
     <span class='ocr_line' id='line_1_70' title="bbox 239 3771 1808 3845; baseline 0 -19"><span class='ocrx_word' id='word_1_531' title='bbox 239 3775 473 3845; x_wconf 82' lang='grc' dir='ltr'>ριοῦμεν</span> <span class='ocrx_word' id='word_1_532' title='bbox 509 3778 652 3845; x_wconf 70' lang='grc' dir='ltr'>ἡμᾶς</span> <span class='ocrx_word' id='word_1_533' title='bbox 702 3778 788 3844; x_wconf 75' lang='grc' dir='ltr'><strong>ἐφ’</strong></span> <span class='ocrx_word' id='word_1_534' title='bbox 832 3771 912 3838; x_wconf 79' lang='grc' dir='ltr'><strong>οἷς</strong></span> <span class='ocrx_word' id='word_1_535' title='bbox 948 3778 1149 3843; x_wconf 69' lang='grc' dir='ltr'>ἐσμενο</span> <span class='ocrx_word' id='word_1_536' title='bbox 1184 3775 1298 3827; x_wconf 81' lang='grc' dir='ltr'>ἀλλ’</span> <span class='ocrx_word' id='word_1_537' title='bbox 1336 3777 1393 3828; x_wconf 81' lang='grc' dir='ltr'>ὲν</span> <span class='ocrx_word' id='word_1_538' title='bbox 1427 3776 1538 3837; x_wconf 86' lang='grc' dir='ltr'>τοῖς</span> <span class='ocrx_word' id='word_1_539' title='bbox 1594 3775 1693 3842; x_wconf 84' lang='grc' dir='ltr'>τῆς</span> <span class='ocrx_word' id='word_1_540' title='bbox 1745 3775 1808 3826; x_wconf 85' lang='grc' dir='ltr'><strong>ἀ-</strong></span> 
     </span>
    </p>
   </div>
   <div class='ocr_carea' id='block_1_71' title="bbox 238 3865 1809 3937">
    <p class='ocr_par' dir='ltr' id='par_1_71' title="bbox 238 3865 1809 3937">
     <span class='ocr_line' id='line_1_71' title="bbox 238 3865 1809 3937; baseline -0.003 -18"><span class='ocrx_word' id='word_1_541' title='bbox 238 3868 523 3935; x_wconf 70' lang='grc' dir='ltr'>φθαρσίας</span> <span class='ocrx_word' id='word_1_542' title='bbox 555 3868 797 3931; x_wconf 79' lang='grc' dir='ltr'>κάλλεσι,</span> <span class='ocrx_word' id='word_1_543' title='bbox 832 3865 974 3919; x_wconf 83' lang='grc' dir='ltr'>καθὰ</span> <span class='ocrx_word' id='word_1_544' title='bbox 999 3868 1061 3937; x_wconf 77' lang='grc' dir='ltr'>δὴ</span> <span class='ocrx_word' id='word_1_545' title='bbox 1086 3868 1181 3919; x_wconf 70' lang='grc' dir='ltr'><strong>καὶ</strong></span> <span class='ocrx_word' id='word_1_546' title='bbox 1215 3868 1561 3937; x_wconf 83' lang='grc' dir='ltr'>προείρηται.</span> <span class='ocrx_word' id='word_1_547' title='bbox 1588 3866 1649 3918; x_wconf 86' lang='grc' dir='ltr'><strong>Οἱ</strong></span> <span class='ocrx_word' id='word_1_548' title='bbox 1678 3882 1809 3933; x_wconf 87' lang='grc' dir='ltr'>προ-</span> 
     </span>
    </p>
   </div>
   <div class='ocr_carea' id='block_1_72' title="bbox 235 3956 1807 4029">
    <p class='ocr_par' dir='ltr' id='par_1_72' title="bbox 235 3956 1807 4029">
     <span class='ocr_line' id='line_1_72' title="bbox 235 3956 1807 4029; baseline -0.001 -21"><span class='ocrx_word' id='word_1_549' title='bbox 235 3959 485 4025; x_wconf 79' lang='grc' dir='ltr'>πάτορες</span> <span class='ocrx_word' id='word_1_550' title='bbox 540 3960 696 4028; x_wconf 76' lang='grc' dir='ltr'>ἡμῶν</span> <span class='ocrx_word' id='word_1_551' title='bbox 749 3960 806 4010; x_wconf 81' lang='grc' dir='ltr'>ὲν</span> <span class='ocrx_word' id='word_1_552' title='bbox 857 3959 936 4027; x_wconf 80' lang='grc' dir='ltr'>τῷ</span> <span class='ocrx_word' id='word_1_553' title='bbox 1009 3958 1325 4029; x_wconf 83' lang='grc' dir='ltr'>παραδείσῳ</span> <span class='ocrx_word' id='word_1_554' title='bbox 1383 3960 1475 4009; x_wconf 72' lang='grc' dir='ltr'><strong>καὶ</strong></span> <span class='ocrx_word' id='word_1_555' title='bbox 1546 3957 1651 4026; x_wconf 76' lang='grc' dir='ltr'>πρὸ</span> <span class='ocrx_word' id='word_1_556' title='bbox 1709 3956 1807 4024; x_wconf 78' lang='grc' dir='ltr'><strong>τῆς</strong></span> 
     </span>
    </p>
   </div>
   <div class='ocr_carea' id='block_1_73' title="bbox 234 4048 1809 4119">
    <p class='ocr_par' dir='ltr' id='par_1_73' title="bbox 234 4048 1809 4119">
     <span class='ocr_line' id='line_1_73' title="bbox 234 4048 1809 4119; baseline 0 -19"><span class='ocrx_word' id='word_1_557' title='bbox 234 4048 607 4118; x_wconf 73' lang='grc' dir='ltr'>παραῆἀσεως</span> <span class='ocrx_word' id='word_1_558' title='bbox 649 4051 758 4119; x_wconf 66' lang='grc' dir='ltr'>γὰρ</span> <span class='ocrx_word' id='word_1_559' title='bbox 792 4049 1058 4119; x_wconf 78' lang='grc' dir='ltr'>ἀλλήλους</span> <span class='ocrx_word' id='word_1_560' title='bbox 1089 4049 1389 4119; x_wconf 74' lang='grc' dir='ltr'>ἐγνώριζον</span> <span class='ocrx_word' id='word_1_561' title='bbox 1421 4048 1689 4118; x_wconf 79' lang='grc' dir='ltr'>ἄφθαρτοι</span> <span class='ocrx_word' id='word_1_562' title='bbox 1724 4048 1809 4100; x_wconf 83' lang='grc' dir='ltr'>δν-</span> 
     </span>
    </p>
   </div>
   <div class='ocr_carea' id='block_1_74' title="bbox 233 4140 1806 4210">
    <p class='ocr_par' dir='ltr' id='par_1_74' title="bbox 233 4140 1806 4210">
     <span class='ocr_line' id='line_1_74' title="bbox 233 4140 1806 4210; baseline 0.001 -21"><span class='ocrx_word' id='word_1_563' title='bbox 233 4156 355 4203; x_wconf 81' lang='grc' dir='ltr'>τες,</span> <span class='ocrx_word' id='word_1_564' title='bbox 388 4140 485 4193; x_wconf 73' lang='grc' dir='ltr'>καὶ</span> <span class='ocrx_word' id='word_1_565' title='bbox 544 4142 679 4209; x_wconf 84' lang='grc' dir='ltr'><strong>μετὰ</strong></span> <span class='ocrx_word' id='word_1_566' title='bbox 723 4142 820 4210; x_wconf 80' lang='grc' dir='ltr'>τὴν</span> <span class='ocrx_word' id='word_1_567' title='bbox 875 4142 1189 4210; x_wconf 74' lang='grc' dir='ltr'>παράϐασιν</span> <span class='ocrx_word' id='word_1_568' title='bbox 1236 4142 1413 4210; x_wconf 67' lang='grc' dir='ltr'>φθορᾷ</span> <span class='ocrx_word' id='word_1_569' title='bbox 1458 4142 1806 4208; x_wconf 81' lang='grc' dir='ltr'>ὑποκείμενοι</span> 
     </span>
    </p>
   </div>
   <div class='ocr_carea' id='block_1_75' title="bbox 236 4231 1808 4301">
    <p class='ocr_par' dir='ltr' id='par_1_75' title="bbox 236 4231 1808 4301">
     <span class='ocr_line' id='line_1_75' title="bbox 236 4231 1808 4301; baseline -0.001 -19"><span class='ocrx_word' id='word_1_570' title='bbox 236 4231 508 4291; x_wconf 79' lang='grc' dir='ltr'>ὡσαύτως</span> <span class='ocrx_word' id='word_1_571' title='bbox 542 4232 838 4299; x_wconf 72' lang='grc' dir='ltr'>ἐγνώριζον</span> <span class='ocrx_word' id='word_1_572' title='bbox 861 4249 875 4263; x_wconf 64' lang='grc' dir='ltr'>δ</span> <span class='ocrx_word' id='word_1_573' title='bbox 910 4233 1034 4283; x_wconf 72' lang='grc' dir='ltr'>ὅθεν</span> <span class='ocrx_word' id='word_1_574' title='bbox 1088 4232 1400 4301; x_wconf 76' lang='grc' dir='ltr'>πιστευτέον</span> <span class='ocrx_word' id='word_1_575' title='bbox 1435 4233 1513 4283; x_wconf 82' lang='grc' dir='ltr'>ὅτι</span> <span class='ocrx_word' id='word_1_576' title='bbox 1549 4232 1808 4299; x_wconf 79' lang='grc' dir='ltr'>γνωρίσει</span> 
     </span>
    </p>
   </div>
   <div class='ocr_carea' id='block_1_76' title="bbox 237 4322 1807 4393">
    <p class='ocr_par' dir='ltr' id='par_1_76' title="bbox 237 4322 1807 4393">
     <span class='ocr_line' id='line_1_76' title="bbox 237 4322 1807 4393; baseline -0.002 -17"><span class='ocrx_word' id='word_1_577' title='bbox 237 4322 475 4390; x_wconf 73' lang='grc' dir='ltr'>ἀδελφὸς</span> <span class='ocrx_word' id='word_1_578' title='bbox 511 4324 758 4388; x_wconf 74' lang='grc' dir='ltr'>ἀδελφὸν,</span> <span class='ocrx_word' id='word_1_579' title='bbox 803 4325 898 4377; x_wconf 75' lang='grc' dir='ltr'>καὶ</span> <span class='ocrx_word' id='word_1_580' title='bbox 946 4325 1129 4393; x_wconf 78' lang='grc' dir='ltr'>πατὴρ</span> <span class='ocrx_word' id='word_1_581' title='bbox 1182 4325 1395 4385; x_wconf 86' lang='grc' dir='ltr'>τέκνον,</span> <span class='ocrx_word' id='word_1_582' title='bbox 1425 4325 1518 4376; x_wconf 68' lang='grc' dir='ltr'><strong>καὶ</strong></span> <span class='ocrx_word' id='word_1_583' title='bbox 1545 4323 1683 4390; x_wconf 84' lang='grc' dir='ltr'>γυνὴ</span> <span class='ocrx_word' id='word_1_584' title='bbox 1716 4322 1807 4373; x_wconf 72' lang='grc' dir='ltr'>τὸν</span> 
     </span>
    </p>
   </div>
   <div class='ocr_carea' id='block_1_77' title="bbox 243 4413 1808 4483">
    <p class='ocr_par' dir='ltr' id='par_1_77' title="bbox 243 4413 1808 4483">
     <span class='ocr_line' id='line_1_77' title="bbox 243 4413 1808 4483; baseline 0.001 -20"><span class='ocrx_word' id='word_1_585' title='bbox 243 4414 530 4477; x_wconf 84' lang='grc' dir='ltr'>σύνευνον,</span> <span class='ocrx_word' id='word_1_586' title='bbox 556 4415 647 4465; x_wconf 73' lang='grc' dir='ltr'><strong>καὶ</strong></span> <span class='ocrx_word' id='word_1_587' title='bbox 676 4416 825 4480; x_wconf 74' lang='grc' dir='ltr'>φίλος</span> <span class='ocrx_word' id='word_1_588' title='bbox 859 4414 950 4465; x_wconf 73' lang='grc' dir='ltr'>τὸν</span> <span class='ocrx_word' id='word_1_589' title='bbox 977 4414 1132 4483; x_wconf 77' lang='grc' dir='ltr'>φίλον</span> <span class='ocrx_word' id='word_1_590' title='bbox 1156 4431 1171 4444; x_wconf 83' lang='grc'><em>’</em></span> <span class='ocrx_word' id='word_1_591' title='bbox 1205 4414 1501 4482; x_wconf 82' lang='grc' dir='ltr'>προσθείην</span> <span class='ocrx_word' id='word_1_592' title='bbox 1534 4413 1579 4465; x_wconf 81' lang='grc' dir='ltr'>δ’</span> <span class='ocrx_word' id='word_1_593' title='bbox 1620 4413 1685 4466; x_wconf 86' lang='grc' dir='ltr'>ἂν</span> <span class='ocrx_word' id='word_1_594' title='bbox 1714 4413 1808 4465; x_wconf 76' lang='grc' dir='ltr'>καὶ</span> 
     </span>
    </p>
   </div>
   <div class='ocr_carea' id='block_1_78' title="bbox 1910 3230 3481 3301">
    <p class='ocr_par' dir='ltr' id='par_1_78' title="bbox 1910 3230 3481 3301">
     <span class='ocr_line' id='line_1_78' title="bbox 1910 3230 3481 3301; baseline 0 -18"><span class='ocrx_word' id='word_1_595' title='bbox 1910 3232 2041 3301; x_wconf 83' lang='lat' dir='ltr'><strong>pict,</strong></span> <span class='ocrx_word' id='word_1_596' title='bbox 2058 3232 2098 3282; x_wconf 84' lang='lat' dir='ltr'><strong>si</strong></span> <span class='ocrx_word' id='word_1_597' title='bbox 2116 3246 2221 3284; x_wconf 93' lang='lat' dir='ltr'><strong>non</strong></span> <span class='ocrx_word' id='word_1_598' title='bbox 2238 3242 2523 3301; x_wconf 66' lang='lat' dir='ltr'><strong>cognosmt</strong></span> <span class='ocrx_word' id='word_1_599' title='bbox 2542 3247 2635 3284; x_wconf 91' lang='lat' dir='ltr'><strong>eos</strong></span> <span class='ocrx_word' id='word_1_600' title='bbox 2651 3231 2703 3283; x_wconf 93' lang='lat' dir='ltr'><strong>in</strong></span> <span class='ocrx_word' id='word_1_601' title='bbox 2726 3246 2888 3300; x_wconf 83' lang='lat' dir='ltr'><strong>regno</strong></span> <span class='ocrx_word' id='word_1_602' title='bbox 2906 3232 3166 3285; x_wconf 69' lang='lat' dir='ltr'><strong>caelorum</strong></span> <span class='ocrx_word' id='word_1_603' title='bbox 3182 3231 3203 3283; x_wconf 88' lang='lat'><strong>?</strong></span> <span class='ocrx_word' id='word_1_604' title='bbox 3217 3230 3481 3294; x_wconf 82' lang='lat' dir='ltr'><strong>Quoniam</strong></span> 
     </span>
    </p>
   </div>
   <div class='ocr_carea' id='block_1_79' title="bbox 1907 3322 3479 3391">
    <p class='ocr_par' dir='ltr' id='par_1_79' title="bbox 1907 3322 3479 3391">
     <span class='ocr_line' id='line_1_79' title="bbox 1907 3322 3479 3391; baseline -0.001 -15"><span class='ocrx_word' id='word_1_605' title='bbox 1907 3323 2042 3377; x_wconf 90' lang='lat' dir='ltr'><strong>alios</strong></span> <span class='ocrx_word' id='word_1_606' title='bbox 2073 3323 2390 3390; x_wconf 83' lang='lat' dir='ltr'><strong>quidemhic</strong></span> <span class='ocrx_word' id='word_1_607' title='bbox 2414 3322 2619 3391; x_wconf 87' lang='lat' dir='ltr'><strong>recepit</strong></span> <span class='ocrx_word' id='word_1_608' title='bbox 2640 3323 2807 3386; x_wconf 91' lang='lat' dir='ltr'><strong>,alios</strong></span> <span class='ocrx_word' id='word_1_609' title='bbox 2839 3338 2965 3377; x_wconf 87' lang='lat' dir='ltr'><strong>vero</strong></span> <span class='ocrx_word' id='word_1_610' title='bbox 2989 3322 3041 3375; x_wconf 88' lang='lat' dir='ltr'><strong>in</strong></span> <span class='ocrx_word' id='word_1_611' title='bbox 3075 3322 3261 3375; x_wconf 86' lang='lat' dir='ltr'><strong>futuro</strong></span> <span class='ocrx_word' id='word_1_612' title='bbox 3280 3323 3479 3376; x_wconf 68' lang='lat' dir='ltr'><strong>saeculo</strong></span> 
     </span>
    </p>
   </div>
   <div class='ocr_carea' id='block_1_80' title="bbox 1907 3412 3476 3484">
    <p class='ocr_par' dir='ltr' id='par_1_80' title="bbox 1907 3412 3476 3484">
     <span class='ocr_line' id='line_1_80' title="bbox 1907 3412 3476 3484; baseline -0.001 -16"><span class='ocrx_word' id='word_1_613' title='bbox 1907 3430 1965 3469; x_wconf 91' lang='lat' dir='ltr'><strong>se</strong></span> <span class='ocrx_word' id='word_1_614' title='bbox 2014 3425 2360 3484; x_wconf 88' lang='lat' dir='ltr'><strong>recepturum</strong></span> <span class='ocrx_word' id='word_1_615' title='bbox 2397 3412 2812 3482; x_wconf 77' lang='lat' dir='ltr'><strong>promiss&#39;onem</strong></span> <span class='ocrx_word' id='word_1_616' title='bbox 2864 3414 3092 3483; x_wconf 87' lang='lat' dir='ltr'><strong>accepit.</strong></span> <span class='ocrx_word' id='word_1_617' title='bbox 3135 3413 3253 3467; x_wconf 87' lang='lat' dir='ltr'><strong>Non</strong></span> <span class='ocrx_word' id='word_1_618' title='bbox 3290 3414 3476 3484; x_wconf 84' lang='lat' dir='ltr'><strong>igitur,</strong></span> 
     </span>
    </p>
   </div>
   <div class='ocr_carea' id='block_1_81' title="bbox 1908 3507 3482 3573">
    <p class='ocr_par' dir='ltr' id='par_1_81' title="bbox 1908 3507 3482 3573">
     <span class='ocr_line' id='line_1_81' title="bbox 1908 3507 3482 3573; baseline -0.002 -13"><span class='ocrx_word' id='word_1_619' title='bbox 1908 3507 2121 3573; x_wconf 83' lang='lat' dir='ltr'><strong>fratres,</strong></span> <span class='ocrx_word' id='word_1_620' title='bbox 2149 3508 2433 3561; x_wconf 85' lang='lat' dir='ltr'><strong>credentes</strong></span> <span class='ocrx_word' id='word_1_621' title='bbox 2469 3507 2757 3561; x_wconf 87' lang='lat' dir='ltr'><strong>credemus</strong></span> <span class='ocrx_word' id='word_1_622' title='bbox 2774 3513 2826 3558; x_wconf 87' lang='lat' dir='ltr'><strong>et</strong></span> <span class='ocrx_word' id='word_1_623' title='bbox 2846 3522 2945 3560; x_wconf 89' lang='lat' dir='ltr'><strong>nos</strong></span> <span class='ocrx_word' id='word_1_624' title='bbox 2980 3512 3482 3567; x_wconf 76' lang='lat' dir='ltr'><strong>resurrecturos,et</strong></span> 
     </span>
    </p>
   </div>
   <div class='ocr_carea' id='block_1_82' title="bbox 1907 3595 3482 3664">
    <p class='ocr_par' dir='ltr' id='par_1_82' title="bbox 1907 3595 3482 3664">
     <span class='ocr_line' id='line_1_82' title="bbox 1907 3595 3482 3664; baseline -0.001 -16"><span class='ocrx_word' id='word_1_625' title='bbox 1907 3611 2006 3649; x_wconf 85' lang='lat' dir='ltr'><strong>nos</strong></span> <span class='ocrx_word' id='word_1_626' title='bbox 2029 3595 2342 3663; x_wconf 80' lang='lat' dir='ltr'><strong>cognituros</strong></span> <span class='ocrx_word' id='word_1_627' title='bbox 2361 3597 2412 3648; x_wconf 91' lang='lat' dir='ltr'><strong>in</strong></span> <span class='ocrx_word' id='word_1_628' title='bbox 2436 3597 2519 3649; x_wconf 84' lang='lat' dir='ltr'><strong>his</strong></span> <span class='ocrx_word' id='word_1_629' title='bbox 2538 3596 2590 3647; x_wconf 92' lang='lat' dir='ltr'><strong>in</strong></span> <span class='ocrx_word' id='word_1_630' title='bbox 2613 3597 2809 3664; x_wconf 88' lang='lat' dir='ltr'><strong>quibus</strong></span> <span class='ocrx_word' id='word_1_631' title='bbox 2828 3611 3043 3659; x_wconf 89' lang='lat' dir='ltr'><strong>sumus;</strong></span> <span class='ocrx_word' id='word_1_632' title='bbox 3064 3596 3156 3648; x_wconf 84' lang='lat' dir='ltr'><strong>sed</strong></span> <span class='ocrx_word' id='word_1_633' title='bbox 3181 3595 3233 3647; x_wconf 89' lang='lat' dir='ltr'><strong>in</strong></span> <span class='ocrx_word' id='word_1_634' title='bbox 3259 3595 3482 3647; x_wconf 90' lang='lat' dir='ltr'><strong>immor-</strong></span> 
     </span>
    </p>
   </div>
   <div class='ocr_carea' id='block_1_83' title="bbox 1908 3687 3480 3756">
    <p class='ocr_par' dir='ltr' id='par_1_83' title="bbox 1908 3687 3480 3756">
     <span class='ocr_line' id='line_1_83' title="bbox 1908 3687 3480 3756; baseline -0.002 -16"><span class='ocrx_word' id='word_1_635' title='bbox 1908 3688 2133 3741; x_wconf 87' lang='lat' dir='ltr'><strong>talitatis</strong></span> <span class='ocrx_word' id='word_1_636' title='bbox 2168 3688 2685 3756; x_wconf 80' lang='lat' dir='ltr'><strong>pulebritudinibus.</strong></span> <span class='ocrx_word' id='word_1_637' title='bbox 2723 3687 3180 3755; x_wconf 86' lang='lat' dir='ltr'><strong>quemadmodum</strong></span> <span class='ocrx_word' id='word_1_638' title='bbox 3226 3693 3281 3740; x_wconf 91' lang='lat' dir='ltr'><strong>et</strong></span> <span class='ocrx_word' id='word_1_639' title='bbox 3341 3700 3480 3754; x_wconf 77' lang='lat' dir='ltr'><strong>pne-</strong></span> 
     </span>
    </p>
   </div>
   <div class='ocr_carea' id='block_1_84' title="bbox 1905 3777 3482 3845">
    <p class='ocr_par' dir='ltr' id='par_1_84' title="bbox 1905 3777 3482 3845">
     <span class='ocr_line' id='line_1_84' title="bbox 1905 3777 3482 3845; baseline -0.001 -14"><span class='ocrx_word' id='word_1_640' title='bbox 1905 3779 2105 3832; x_wconf 87' lang='lat' dir='ltr'><strong>dictum</strong></span> <span class='ocrx_word' id='word_1_641' title='bbox 2129 3788 2231 3832; x_wconf 86' lang='lat' dir='ltr'><strong>est.</strong></span> <span class='ocrx_word' id='word_1_642' title='bbox 2257 3778 2583 3833; x_wconf 88' lang='lat' dir='ltr'><strong>Primienim</strong></span> <span class='ocrx_word' id='word_1_643' title='bbox 2623 3779 2796 3832; x_wconf 88' lang='lat' dir='ltr'><strong>nostri</strong></span> <span class='ocrx_word' id='word_1_644' title='bbox 2838 3787 3092 3845; x_wconf 83' lang='lat' dir='ltr'><strong>parentes</strong></span> <span class='ocrx_word' id='word_1_645' title='bbox 3134 3777 3186 3830; x_wconf 90' lang='lat' dir='ltr'><strong>in</strong></span> <span class='ocrx_word' id='word_1_646' title='bbox 3228 3778 3482 3845; x_wconf 86' lang='lat' dir='ltr'><strong>paradiso</strong></span> 
     </span>
    </p>
   </div>
   <div class='ocr_carea' id='block_1_85' title="bbox 1908 3868 3478 3940">
    <p class='ocr_par' dir='ltr' id='par_1_85' title="bbox 1908 3868 3478 3940">
     <span class='ocr_line' id='line_1_85' title="bbox 1908 3868 3478 3940; baseline -0.003 -16"><span class='ocrx_word' id='word_1_647' title='bbox 1908 3885 1959 3924; x_wconf 84' lang='lat' dir='ltr'><strong>et</strong></span> <span class='ocrx_word' id='word_1_648' title='bbox 2004 3881 2128 3924; x_wconf 89' lang='lat' dir='ltr'><strong>ante</strong></span> <span class='ocrx_word' id='word_1_649' title='bbox 2174 3871 2655 3940; x_wconf 81' lang='lat' dir='ltr'><strong>transgressionem</strong></span> <span class='ocrx_word' id='word_1_650' title='bbox 2700 3885 2756 3922; x_wconf 88' lang='lat' dir='ltr'><strong>se</strong></span> <span class='ocrx_word' id='word_1_651' title='bbox 2782 3870 3011 3923; x_wconf 89' lang='lat' dir='ltr'><strong>invicem</strong></span> <span class='ocrx_word' id='word_1_652' title='bbox 3061 3868 3478 3937; x_wconf 88' lang='lat' dir='ltr'><strong>cognoscebant,</strong></span> 
     </span>
    </p>
   </div>
   <div class='ocr_carea' id='block_1_86' title="bbox 1908 3961 3482 4030">
    <p class='ocr_par' dir='ltr' id='par_1_86' title="bbox 1908 3961 3482 4030">
     <span class='ocr_line' id='line_1_86' title="bbox 1908 3961 3482 4030; baseline -0.004 -15"><span class='ocrx_word' id='word_1_653' title='bbox 1908 3977 2031 4016; x_wconf 91' lang='lat' dir='ltr'><strong>cum</strong></span> <span class='ocrx_word' id='word_1_654' title='bbox 2089 3961 2449 4030; x_wconf 80' lang='lat' dir='ltr'><strong>corruptionis</strong></span> <span class='ocrx_word' id='word_1_655' title='bbox 2502 3972 2754 4028; x_wconf 85' lang='lat' dir='ltr'><strong>expertes</strong></span> <span class='ocrx_word' id='word_1_656' title='bbox 2800 3969 3013 4019; x_wconf 88' lang='lat' dir='ltr'><strong>essent;</strong></span> <span class='ocrx_word' id='word_1_657' title='bbox 3044 3967 3099 4012; x_wconf 90' lang='lat' dir='ltr'><strong>et</strong></span> <span class='ocrx_word' id='word_1_658' title='bbox 3148 3968 3271 4025; x_wconf 88' lang='lat' dir='ltr'><strong>post</strong></span> <span class='ocrx_word' id='word_1_659' title='bbox 3304 3967 3482 4011; x_wconf 84' lang='lat' dir='ltr'><strong>trans-</strong></span> 
     </span>
    </p>
   </div>
   <div class='ocr_carea' id='block_1_87' title="bbox 1908 4049 3485 4123">
    <p class='ocr_par' dir='ltr' id='par_1_87' title="bbox 1908 4049 3485 4123">
     <span class='ocr_line' id='line_1_87' title="bbox 1908 4049 3485 4123; baseline -0.004 -17"><span class='ocrx_word' id='word_1_660' title='bbox 1908 4054 2237 4123; x_wconf 76' lang='lat' dir='ltr'><strong>greSsionem</strong></span> <span class='ocrx_word' id='word_1_661' title='bbox 2257 4050 2593 4121; x_wconf 88' lang='lat' dir='ltr'><strong>corruptioui</strong></span> <span class='ocrx_word' id='word_1_662' title='bbox 2624 4050 2852 4118; x_wconf 83' lang='lat' dir='ltr'><strong>subjecti</strong></span> <span class='ocrx_word' id='word_1_663' title='bbox 2882 4049 3081 4118; x_wconf 85' lang='lat' dir='ltr'><strong>pariter</strong></span> <span class='ocrx_word' id='word_1_664' title='bbox 3108 4063 3166 4102; x_wconf 91' lang='lat' dir='ltr'><strong>se</strong></span> <span class='ocrx_word' id='word_1_665' title='bbox 3198 4062 3485 4116; x_wconf 85' lang='lat' dir='ltr'><strong>cognosce-</strong></span> 
     </span>
    </p>
   </div>
   <div class='ocr_carea' id='block_1_88' title="bbox 1908 4137 3480 4207">
    <p class='ocr_par' dir='ltr' id='par_1_88' title="bbox 1908 4137 3480 4207">
     <span class='ocr_line' id='line_1_88' title="bbox 1908 4137 3480 4207; baseline -0.008 -7"><span class='ocrx_word' id='word_1_666' title='bbox 1908 4148 2055 4200; x_wconf 88' lang='lat' dir='ltr'><strong>bant.</strong></span> <span class='ocrx_word' id='word_1_667' title='bbox 2080 4143 2234 4198; x_wconf 75' lang='lat' dir='ltr'><strong>llnde</strong></span> <span class='ocrx_word' id='word_1_668' title='bbox 2256 4143 2579 4197; x_wconf 88' lang='lat' dir='ltr'><strong>credendum</strong></span> <span class='ocrx_word' id='word_1_669' title='bbox 2604 4142 2824 4195; x_wconf 79' lang='lat' dir='ltr'><strong>fratrem</strong></span> <span class='ocrx_word' id='word_1_670' title='bbox 2855 4156 2883 4193; x_wconf 91' lang='lat' dir='ltr'><strong>a</strong></span> <span class='ocrx_word' id='word_1_671' title='bbox 2912 4142 3074 4194; x_wconf 82' lang='lat' dir='ltr'><strong>fratre</strong></span> <span class='ocrx_word' id='word_1_672' title='bbox 3096 4140 3368 4207; x_wconf 78' lang='lat' dir='ltr'><strong>cognitum</strong></span> <span class='ocrx_word' id='word_1_673' title='bbox 3390 4137 3480 4199; x_wconf 86' lang='lat' dir='ltr'><strong>iri,</strong></span> 
     </span>
    </p>
   </div>
   <div class='ocr_carea' id='block_1_89' title="bbox 1909 4229 3482 4304">
    <p class='ocr_par' dir='ltr' id='par_1_89' title="bbox 1909 4229 3482 4304">
     <span class='ocr_line' id='line_1_89' title="bbox 1909 4229 3482 4304; baseline -0.005 -14"><span class='ocrx_word' id='word_1_674' title='bbox 1909 4246 1962 4290; x_wconf 89' lang='lat' dir='ltr'><strong>et</strong></span> <span class='ocrx_word' id='word_1_675' title='bbox 1991 4251 2019 4289; x_wconf 91' lang='lat' dir='ltr'><strong>a</strong></span> <span class='ocrx_word' id='word_1_676' title='bbox 2052 4244 2202 4304; x_wconf 87' lang='lat' dir='ltr'><strong>patre</strong></span> <span class='ocrx_word' id='word_1_677' title='bbox 2235 4234 2493 4297; x_wconf 85' lang='lat' dir='ltr'><strong>lilium,et</strong></span> <span class='ocrx_word' id='word_1_678' title='bbox 2518 4232 2764 4301; x_wconf 84' lang='lat' dir='ltr'><strong>maritum</strong></span> <span class='ocrx_word' id='word_1_679' title='bbox 2800 4232 2866 4286; x_wconf 88' lang='lat' dir='ltr'><strong>ab</strong></span> <span class='ocrx_word' id='word_1_680' title='bbox 2893 4246 3078 4295; x_wconf 84' lang='lat' dir='ltr'><strong>uxore,</strong></span> <span class='ocrx_word' id='word_1_681' title='bbox 3111 4238 3165 4283; x_wconf 89' lang='lat' dir='ltr'><strong>ct</strong></span> <span class='ocrx_word' id='word_1_682' title='bbox 3201 4229 3268 4282; x_wconf 89' lang='lat' dir='ltr'><strong>ab</strong></span> <span class='ocrx_word' id='word_1_683' title='bbox 3306 4229 3482 4282; x_wconf 89' lang='lat' dir='ltr'><strong>amico</strong></span> 
     </span>
    </p>
   </div>
   <div class='ocr_carea' id='block_1_90' title="bbox 1911 4324 3484 4384">
    <p class='ocr_par' dir='ltr' id='par_1_90' title="bbox 1911 4324 3484 4384">
     <span class='ocr_line' id='line_1_90' title="bbox 1911 4324 3484 4384; baseline -0.007 -3"><span class='ocrx_word' id='word_1_684' title='bbox 1911 4329 2174 4381; x_wconf 87' lang='lat' dir='ltr'><strong>amicum.</strong></span> <span class='ocrx_word' id='word_1_685' title='bbox 2214 4324 2529 4379; x_wconf 86' lang='lat' dir='ltr'><strong>Addiderim</strong></span> <span class='ocrx_word' id='word_1_686' title='bbox 2560 4339 2711 4384; x_wconf 89' lang='lat' dir='ltr'><strong>vero,</strong></span> <span class='ocrx_word' id='word_1_687' title='bbox 2762 4332 2815 4376; x_wconf 89' lang='lat' dir='ltr'><strong>et</strong></span> <span class='ocrx_word' id='word_1_688' title='bbox 2860 4331 3072 4378; x_wconf 89' lang='lat' dir='ltr'><strong>ascetes</strong></span> <span class='ocrx_word' id='word_1_689' title='bbox 3115 4328 3353 4375; x_wconf 90' lang='lat' dir='ltr'><strong>ascetem</strong></span> <span class='ocrx_word' id='word_1_690' title='bbox 3393 4333 3484 4371; x_wconf 85' lang='grc' dir='ltr'>ιό-</span> 
     </span>
    </p>
   </div>
   <div class='ocr_carea' id='block_1_91' title="bbox 1911 4414 3481 4487">
    <p class='ocr_par' dir='ltr' id='par_1_91' title="bbox 1911 4414 3481 4487">
     <span class='ocr_line' id='line_1_91' title="bbox 1911 4414 3481 4487; baseline -0.008 -16"><span class='ocrx_word' id='word_1_691' title='bbox 1911 4426 2155 4487; x_wconf 81' lang='lat' dir='ltr'><strong>gnoscet,</strong></span> <span class='ocrx_word' id='word_1_692' title='bbox 2188 4424 2242 4470; x_wconf 92' lang='lat' dir='ltr'><strong>et</strong></span> <span class='ocrx_word' id='word_1_693' title='bbox 2282 4416 2567 4469; x_wconf 82' lang='lat' dir='ltr'><strong>confessor</strong></span> <span class='ocrx_word' id='word_1_694' title='bbox 2603 4414 3001 4479; x_wconf 82' lang='lat' dir='ltr'><strong>confessorem,</strong></span> <span class='ocrx_word' id='word_1_695' title='bbox 3036 4422 3089 4465; x_wconf 89' lang='lat' dir='ltr'><strong>et</strong></span> <span class='ocrx_word' id='word_1_696' title='bbox 3129 4420 3333 4480; x_wconf 87' lang='lat' dir='ltr'><strong>martyr</strong></span> <span class='ocrx_word' id='word_1_697' title='bbox 3358 4425 3481 4462; x_wconf 88' lang='lat' dir='ltr'><strong>eum</strong></span> 
     </span>
    </p>
   </div>
   <div class='ocr_carea' id='block_1_92' title="bbox 241 4486 1809 4577">
    <p class='ocr_par' dir='ltr' id='par_1_92' title="bbox 241 4501 1809 4572">
     <span class='ocr_line' id='line_1_92' title="bbox 241 4501 1809 4572; baseline -0.001 -17"><span class='ocrx_word' id='word_1_698' title='bbox 241 4503 494 4570; x_wconf 79' lang='grc' dir='ltr'>ἀσκητὴς</span> <span class='ocrx_word' id='word_1_699' title='bbox 531 4503 622 4554; x_wconf 71' lang='grc' dir='ltr'>τὸν</span> <span class='ocrx_word' id='word_1_700' title='bbox 647 4504 913 4571; x_wconf 74' lang='grc' dir='ltr'>ἁσκητὴν,</span> <span class='ocrx_word' id='word_1_701' title='bbox 965 4505 1059 4556; x_wconf 71' lang='grc' dir='ltr'><strong>καὶ</strong></span> <span class='ocrx_word' id='word_1_702' title='bbox 1106 4503 1454 4572; x_wconf 75' lang='grc' dir='ltr'>ὁμολογητὴς</span> <span class='ocrx_word' id='word_1_703' title='bbox 1497 4502 1587 4554; x_wconf 75' lang='grc' dir='ltr'><strong>τὸν</strong></span> <span class='ocrx_word' id='word_1_704' title='bbox 1617 4501 1809 4571; x_wconf 82' lang='grc' dir='ltr'>ὁμολο-</span> 
     </span>
    </p>
   </div>
   <div class='ocr_carea' id='block_1_93' title="bbox 1911 4486 3486 4577">
    <p class='ocr_par' dir='ltr' id='par_1_93' title="bbox 1914 4486 3486 4577">
     <span class='ocr_line' id='line_1_93' title="bbox 1914 4486 3486 4577; baseline -0.006 -15"><span class='ocrx_word' id='word_1_705' title='bbox 1914 4486 2005 4577; x_wconf 80' lang='lat' dir='ltr'><strong>qui</strong></span> <span class='ocrx_word' id='word_1_706' title='bbox 2036 4524 2138 4562; x_wconf 90' lang='lat' dir='ltr'><strong>una</strong></span> <span class='ocrx_word' id='word_1_707' title='bbox 2186 4507 2500 4570; x_wconf 85' lang='lat' dir='ltr'><strong>certaverit,</strong></span> <span class='ocrx_word' id='word_1_708' title='bbox 2555 4515 2609 4559; x_wconf 90' lang='lat' dir='ltr'><strong>et</strong></span> <span class='ocrx_word' id='word_1_709' title='bbox 2661 4502 2967 4573; x_wconf 85' lang='lat' dir='ltr'><strong>apostolum</strong></span> <span class='ocrx_word' id='word_1_710' title='bbox 3012 4502 3379 4573; x_wconf 87' lang='lat' dir='ltr'><strong>coapostolns,</strong></span> <span class='ocrx_word' id='word_1_711' title='bbox 3430 4509 3486 4553; x_wconf 89' lang='lat' dir='ltr'><strong>et</strong></span> 
     </span>
    </p>
   </div>
   <div class='ocr_carea' id='block_1_94' title="bbox 233 4595 1815 4665">
    <p class='ocr_par' dir='ltr' id='par_1_94' title="bbox 233 4595 1815 4665">
     <span class='ocr_line' id='line_1_94' title="bbox 233 4595 1815 4665; baseline 0.003 -22"><span class='ocrx_word' id='word_1_712' title='bbox 233 4597 420 4663; x_wconf 76' lang='grc' dir='ltr'>γητήν</span> <span class='ocrx_word' id='word_1_713' title='bbox 444 4611 459 4625; x_wconf 87' lang='grc'><strong>·</strong></span> <span class='ocrx_word' id='word_1_714' title='bbox 477 4596 693 4665; x_wconf 84' lang='grc' dir='ltr'>μάρτυρ</span> <span class='ocrx_word' id='word_1_715' title='bbox 725 4598 815 4647; x_wconf 69' lang='grc' dir='ltr'><strong>τὸν</strong></span> <span class='ocrx_word' id='word_1_716' title='bbox 852 4595 1134 4658; x_wconf 82' lang='grc' dir='ltr'>σύναθλον,</span> <span class='ocrx_word' id='word_1_717' title='bbox 1162 4596 1254 4647; x_wconf 77' lang='grc' dir='ltr'><strong>καὶ</strong></span> <span class='ocrx_word' id='word_1_718' title='bbox 1276 4596 1569 4651; x_wconf 81' lang='grc' dir='ltr'>ἀπόστολον</span> <span class='ocrx_word' id='word_1_719' title='bbox 1599 4597 1626 4647; x_wconf 89' lang='grc' dir='ltr'>ὁ</span> <span class='ocrx_word' id='word_1_720' title='bbox 1651 4611 1815 4648; x_wconf 80' lang='grc' dir='ltr'>συνα-</span> 
     </span>
    </p>
   </div>
   <div class='ocr_carea' id='block_1_95' title="bbox 240 4686 1812 4753">
    <p class='ocr_par' dir='ltr' id='par_1_95' title="bbox 240 4686 1812 4753">
     <span class='ocr_line' id='line_1_95' title="bbox 240 4686 1812 4753; baseline 0.001 -16"><span class='ocrx_word' id='word_1_721' title='bbox 240 4686 528 4748; x_wconf 82' lang='grc' dir='ltr'>πόστολος,</span> <span class='ocrx_word' id='word_1_722' title='bbox 584 4687 679 4737; x_wconf 75' lang='grc' dir='ltr'>καὶ</span> <span class='ocrx_word' id='word_1_723' title='bbox 724 4687 921 4747; x_wconf 83' lang='grc' dir='ltr'>πάντες</span> <span class='ocrx_word' id='word_1_724' title='bbox 962 4687 1083 4745; x_wconf 75' lang='grc' dir='ltr'>τοὺς</span> <span class='ocrx_word' id='word_1_725' title='bbox 1121 4688 1350 4747; x_wconf 78' lang='grc' dir='ltr'>πάντας,</span> <span class='ocrx_word' id='word_1_726' title='bbox 1381 4686 1469 4737; x_wconf 84' lang='grc' dir='ltr'><strong>ἵνα</strong></span> <span class='ocrx_word' id='word_1_727' title='bbox 1514 4688 1544 4753; x_wconf 87' lang='grc' dir='ltr'>ἡ</span> <span class='ocrx_word' id='word_1_728' title='bbox 1596 4686 1812 4738; x_wconf 71' lang='grc' dir='ltr'>πάντων</span> 
     </span>
    </p>
   </div>
   <div class='ocr_carea' id='block_1_96' title="bbox 234 4777 1811 4847">
    <p class='ocr_par' dir='ltr' id='par_1_96' title="bbox 234 4777 1811 4847">
     <span class='ocr_line' id='line_1_96' title="bbox 234 4777 1811 4847; baseline 0 -20"><span class='ocrx_word' id='word_1_729' title='bbox 234 4777 497 4829; x_wconf 76' lang='grc' dir='ltr'>κατοικία</span> <span class='ocrx_word' id='word_1_730' title='bbox 525 4778 579 4829; x_wconf 74' lang='grc' dir='ltr'><strong>ἒν</strong></span> <span class='ocrx_word' id='word_1_731' title='bbox 603 4778 694 4846; x_wconf 67' lang='grc' dir='ltr'><strong>⁵τῷ</strong></span> <span class='ocrx_word' id='word_1_732' title='bbox 725 4778 842 4847; x_wconf 85' lang='grc' dir='ltr'><strong>Θεῷ</strong></span> <span class='ocrx_word' id='word_1_733' title='bbox 895 4777 972 4846; x_wconf 79' lang='grc' dir='ltr'><strong>τῷ</strong></span> <span class='ocrx_word' id='word_1_734' title='bbox 1028 4778 1165 4845; x_wconf 83' lang='grc' dir='ltr'>μετὰ</span> <span class='ocrx_word' id='word_1_735' title='bbox 1202 4777 1417 4829; x_wconf 83' lang='grc' dir='ltr'>πάντων</span> <span class='ocrx_word' id='word_1_736' title='bbox 1450 4777 1558 4830; x_wconf 89' lang='grc' dir='ltr'><strong>τῶν</strong></span> <span class='ocrx_word' id='word_1_737' title='bbox 1589 4778 1811 4843; x_wconf 86' lang='grc' dir='ltr'>ἀγαθῶν</span> 
     </span>
    </p>
   </div>
   <div class='ocr_carea' id='block_1_97' title="bbox 1912 4593 3481 4661">
    <p class='ocr_par' dir='ltr' id='par_1_97' title="bbox 1912 4593 3481 4661">
     <span class='ocr_line' id='line_1_97' title="bbox 1912 4593 3481 4661; baseline -0.006 -7"><span class='ocrx_word' id='word_1_738' title='bbox 1912 4600 2155 4654; x_wconf 74' lang='lat' dir='ltr'><strong>universi</strong></span> <span class='ocrx_word' id='word_1_739' title='bbox 2189 4600 2495 4661; x_wconf 87' lang='lat' dir='ltr'><strong>universos,</strong></span> <span class='ocrx_word' id='word_1_740' title='bbox 2522 4607 2577 4651; x_wconf 89' lang='lat' dir='ltr'><strong>ut</strong></span> <span class='ocrx_word' id='word_1_741' title='bbox 2603 4598 2845 4651; x_wconf 88' lang='lat' dir='ltr'><strong>omnium</strong></span> <span class='ocrx_word' id='word_1_742' title='bbox 2876 4595 3144 4649; x_wconf 83' lang='lat' dir='ltr'><strong>habitatio</strong></span> <span class='ocrx_word' id='word_1_743' title='bbox 3180 4595 3231 4647; x_wconf 92' lang='lat' dir='ltr'><strong>in</strong></span> <span class='ocrx_word' id='word_1_744' title='bbox 3250 4595 3359 4647; x_wconf 89' lang='lat' dir='ltr'><strong>Deo</strong></span> <span class='ocrx_word' id='word_1_745' title='bbox 3389 4593 3481 4655; x_wconf 87' lang='lat' dir='ltr'><strong>sit,</strong></span> 
     </span>
    </p>
   </div>
   <div class='ocr_carea' id='block_1_98' title="bbox 1910 4687 3485 4762">
    <p class='ocr_par' dir='ltr' id='par_1_98' title="bbox 1910 4687 3485 4762">
     <span class='ocr_line' id='line_1_98' title="bbox 1910 4687 3485 4762; baseline -0.006 -15"><span class='ocrx_word' id='word_1_746' title='bbox 1910 4694 2000 4762; x_wconf 91' lang='lat' dir='ltr'><strong>qui</strong></span> <span class='ocrx_word' id='word_1_747' title='bbox 2036 4708 2157 4745; x_wconf 90' lang='lat' dir='ltr'><strong>cum</strong></span> <span class='ocrx_word' id='word_1_748' title='bbox 2183 4691 2436 4746; x_wconf 84' lang='lat' dir='ltr'><strong>omnibus</strong></span> <span class='ocrx_word' id='word_1_749' title='bbox 2460 4689 2616 4742; x_wconf 89' lang='lat' dir='ltr'><strong>bonis</strong></span> <span class='ocrx_word' id='word_1_750' title='bbox 2634 4688 2796 4743; x_wconf 84' lang='lat' dir='ltr'><strong>etiam</strong></span> <span class='ocrx_word' id='word_1_751' title='bbox 2821 4703 2878 4741; x_wconf 92' lang='lat' dir='ltr'><strong>se</strong></span> <span class='ocrx_word' id='word_1_752' title='bbox 2900 4687 3132 4741; x_wconf 86' lang='lat' dir='ltr'><strong>invicem</strong></span> <span class='ocrx_word' id='word_1_753' title='bbox 3157 4700 3485 4756; x_wconf 67' lang='lat' dir='ltr'><strong>cognosci-re</strong></span> 
     </span>
    </p>
   </div>
   <div class='ocr_carea' id='block_1_99' title="bbox 1909 4778 3487 4854">
    <p class='ocr_par' dir='ltr' id='par_1_99' title="bbox 1909 4778 3487 4854">
     <span class='ocr_line' id='line_1_99' title="bbox 1909 4778 3487 4854; baseline -0.006 -17"><span class='ocrx_word' id='word_1_754' title='bbox 1909 4784 2154 4854; x_wconf 83' lang='lat' dir='ltr'><strong>largitur.</strong></span> <span class='ocrx_word' id='word_1_755' title='bbox 2178 4782 2281 4837; x_wconf 89' lang='lat' dir='ltr'><strong>Sed</strong></span> <span class='ocrx_word' id='word_1_756' title='bbox 2306 4790 2359 4835; x_wconf 88' lang='lat' dir='ltr'><strong>ct</strong></span> <span class='ocrx_word' id='word_1_757' title='bbox 2379 4781 2672 4849; x_wconf 84' lang='lat' dir='ltr'><strong>disponens</strong></span> <span class='ocrx_word' id='word_1_758' title='bbox 2696 4794 2762 4833; x_wconf 91' lang='lat' dir='ltr'><strong>eo</strong></span> <span class='ocrx_word' id='word_1_759' title='bbox 2777 4788 3038 4846; x_wconf 89' lang='lat' dir='ltr'><strong>tempore,</strong></span> <span class='ocrx_word' id='word_1_760' title='bbox 3054 4792 3161 4846; x_wconf 88' lang='lat' dir='ltr'><strong>quo</strong></span> <span class='ocrx_word' id='word_1_761' title='bbox 3176 4778 3487 4846; x_wconf 82' lang='lat' dir='ltr'><strong>peregrina-</strong></span> 
     </span>
    </p>
   </div>
   <div class='ocr_carea' id='block_1_100' title="bbox 233 4868 1809 4938">
    <p class='ocr_par' dir='ltr' id='par_1_100' title="bbox 233 4868 1804 4938">
     <span class='ocr_line' id='line_1_100' title="bbox 233 4868 1804 4938; baseline 0.001 -18"><span class='ocrx_word' id='word_1_762' title='bbox 233 4868 577 4937; x_wconf 80' lang='grc' dir='ltr'>δωρουμὲνῳ</span> <span class='ocrx_word' id='word_1_763' title='bbox 622 4870 715 4920; x_wconf 76' lang='grc' dir='ltr'>καὶ</span> <span class='ocrx_word' id='word_1_764' title='bbox 759 4869 819 4921; x_wconf 83' lang='grc' dir='ltr'>τὸ</span> <span class='ocrx_word' id='word_1_765' title='bbox 864 4868 1153 4938; x_wconf 77' lang='grc' dir='ltr'>γνωρίζειν</span> <span class='ocrx_word' id='word_1_766' title='bbox 1208 4869 1469 4936; x_wconf 84' lang='grc' dir='ltr'>ἀλλήλους</span> <span class='ocrx_word' id='word_1_767' title='bbox 1500 4884 1514 4898; x_wconf 86' lang='lat'><strong><em>°</em></strong></span> <span class='ocrx_word' id='word_1_768' title='bbox 1551 4870 1686 4922; x_wconf 84' lang='grc' dir='ltr'>ἀλλὰ</span> <span class='ocrx_word' id='word_1_769' title='bbox 1734 4887 1804 4921; x_wconf 85' lang='grc' dir='ltr'>κα</span> 
     </span>
    </p>
   </div>
   <div class='ocr_carea' id='block_1_101' title="bbox 1911 4868 3481 4938">
    <p class='ocr_par' dir='ltr' id='par_1_101' title="bbox 1911 4868 3481 4933">
     <span class='ocr_line' id='line_1_101' title="bbox 1911 4868 3481 4933; baseline -0.006 -2"><span class='ocrx_word' id='word_1_770' title='bbox 1911 4878 2063 4931; x_wconf 83' lang='lat' dir='ltr'><strong>batur</strong></span> <span class='ocrx_word' id='word_1_771' title='bbox 2079 4876 2296 4929; x_wconf 89' lang='lat' dir='ltr'><strong>divinus</strong></span> <span class='ocrx_word' id='word_1_772' title='bbox 2328 4874 2418 4927; x_wconf 84' lang='lat' dir='ltr'><strong>hic</strong></span> <span class='ocrx_word' id='word_1_773' title='bbox 2440 4874 2542 4933; x_wconf 83' lang='lat' dir='ltr'><strong>vir.</strong></span> <span class='ocrx_word' id='word_1_774' title='bbox 2561 4883 2614 4926; x_wconf 88' lang='lat' dir='ltr'><strong>et</strong></span> <span class='ocrx_word' id='word_1_775' title='bbox 2632 4872 2743 4925; x_wconf 62' lang='lat' dir='ltr'><strong>haec</strong></span> <span class='ocrx_word' id='word_1_776' title='bbox 2762 4872 2828 4925; x_wconf 85' lang='lat' dir='ltr'><strong>ad</strong></span> <span class='ocrx_word' id='word_1_777' title='bbox 2866 4872 3087 4924; x_wconf 85' lang='lat' dir='ltr'><strong>verbum</strong></span> <span class='ocrx_word' id='word_1_778' title='bbox 3112 4869 3328 4925; x_wconf 86' lang='lat' dir='ltr'><strong>dicebat</strong></span> <span class='ocrx_word' id='word_1_779' title='bbox 3350 4887 3362 4922; x_wconf 91' lang='lat'><strong>:</strong></span> <span class='ocrx_word' id='word_1_780' title='bbox 3387 4888 3403 4918; x_wconf 80' lang='grc' dir='ltr'><strong>ι</strong></span> <span class='ocrx_word' id='word_1_781' title='bbox 3425 4868 3481 4922; x_wconf 89' lang='lat' dir='ltr'><strong>Si</strong></span> 
     </span>
    </p>
   </div>
   <div class='ocr_carea' id='block_1_102' title="bbox 236 4945 1804 5027">
    <p class='ocr_par' dir='ltr' id='par_1_102' title="bbox 236 4945 1804 5027">
     <span class='ocr_line' id='line_1_102' title="bbox 236 4945 1804 5027; baseline 0 -16"><span class='ocrx_word' id='word_1_782' title='bbox 236 4958 563 5025; x_wconf 79' lang='grc' dir='ltr'>διαθέμενος</span> <span class='ocrx_word' id='word_1_783' title='bbox 600 4945 823 5010; x_wconf 60' lang='grc' dir='ltr'>καθ”ὃν</span> <span class='ocrx_word' id='word_1_784' title='bbox 870 4959 1126 5027; x_wconf 75' lang='grc' dir='ltr'>ἐξεδήμει</span> <span class='ocrx_word' id='word_1_785' title='bbox 1173 4960 1364 5027; x_wconf 80' lang='grc' dir='ltr'>καιρὸν</span> <span class='ocrx_word' id='word_1_786' title='bbox 1407 4961 1436 5010; x_wconf 90' lang='lat'><strong>6</strong></span> <span class='ocrx_word' id='word_1_787' title='bbox 1466 4960 1607 5020; x_wconf 84' lang='grc' dir='ltr'>Οεῖος</span> <span class='ocrx_word' id='word_1_788' title='bbox 1650 4953 1804 5021; x_wconf 74' lang='grc' dir='ltr'>οὗτος</span> 
     </span>
    </p>
   </div>
   <div class='ocr_carea' id='block_1_103' title="bbox 235 5048 1805 5121">
    <p class='ocr_par' dir='ltr' id='par_1_103' title="bbox 235 5048 1805 5121">
     <span class='ocr_line' id='line_1_103' title="bbox 235 5048 1805 5121; baseline -0.001 -18"><span class='ocrx_word' id='word_1_789' title='bbox 235 5052 378 5121; x_wconf 82' lang='grc' dir='ltr'>ἀνὴρ</span> <span class='ocrx_word' id='word_1_790' title='bbox 416 5050 511 5103; x_wconf 75' lang='grc' dir='ltr'>καὶ</span> <span class='ocrx_word' id='word_1_791' title='bbox 545 5052 671 5103; x_wconf 69' lang='grc' dir='ltr'>τάδε</span> <span class='ocrx_word' id='word_1_792' title='bbox 711 5051 849 5103; x_wconf 83' lang='grc' dir='ltr'><strong>κατὰ</strong></span> <span class='ocrx_word' id='word_1_793' title='bbox 880 5050 1025 5113; x_wconf 78' lang='grc' dir='ltr'>λέξιν</span> <span class='ocrx_word' id='word_1_794' title='bbox 1060 5050 1243 5116; x_wconf 78' lang='grc' dir='ltr'>ἔλεγεν</span> <span class='ocrx_word' id='word_1_795' title='bbox 1270 5065 1284 5079; x_wconf 74' lang='grc' dir='ltr'><strong>ο</strong></span> <span class='ocrx_word' id='word_1_796' title='bbox 1339 5067 1357 5100; x_wconf 80' lang='grc' dir='ltr'><strong>ι</strong></span> <span class='ocrx_word' id='word_1_797' title='bbox 1406 5048 1533 5101; x_wconf 77' lang='grc' dir='ltr'><strong>Ἐὰν</strong></span> <span class='ocrx_word' id='word_1_798' title='bbox 1563 5050 1805 5118; x_wconf 82' lang='grc' dir='ltr'>ἐπιτύχω</span> 
     </span>
    </p>
   </div>
   <div class='ocr_carea' id='block_1_104' title="bbox 237 5140 1803 5211">
    <p class='ocr_par' dir='ltr' id='par_1_104' title="bbox 237 5140 1803 5211">
     <span class='ocr_line' id='line_1_104' title="bbox 237 5140 1803 5211; baseline -0.004 -14"><span class='ocrx_word' id='word_1_799' title='bbox 237 5144 539 5211; x_wconf 79' lang='grc' dir='ltr'>σωτηρίας,</span> <span class='ocrx_word' id='word_1_800' title='bbox 567 5143 628 5194; x_wconf 81' lang='grc' dir='ltr'>οὺ</span> <span class='ocrx_word' id='word_1_801' title='bbox 670 5144 880 5210; x_wconf 80' lang='grc' dir='ltr'>σιγήσω</span> <span class='ocrx_word' id='word_1_802' title='bbox 911 5142 1122 5194; x_wconf 83' lang='grc' dir='ltr'>δέεσθαι</span> <span class='ocrx_word' id='word_1_803' title='bbox 1148 5140 1240 5194; x_wconf 78' lang='grc' dir='ltr'>τοῦ</span> <span class='ocrx_word' id='word_1_804' title='bbox 1289 5144 1487 5210; x_wconf 70' lang='grc' dir='ltr'>Κυρίου</span> <span class='ocrx_word' id='word_1_805' title='bbox 1516 5142 1803 5209; x_wconf 86' lang='grc' dir='ltr'>τολμηρῶς</span> 
     </span>
    </p>
   </div>
   <div class='ocr_carea' id='block_1_105' title="bbox 236 5231 1803 5304">
    <p class='ocr_par' dir='ltr' id='par_1_105' title="bbox 236 5231 1803 5304">
     <span class='ocr_line' id='line_1_105' title="bbox 236 5231 1803 5304; baseline -0.002 -16"><span class='ocrx_word' id='word_1_806' title='bbox 236 5235 384 5304; x_wconf 73' lang='grc' dir='ltr'>ὑπὲρ</span> <span class='ocrx_word' id='word_1_807' title='bbox 417 5236 635 5287; x_wconf 84' lang='grc' dir='ltr'>πάντων</span> <span class='ocrx_word' id='word_1_808' title='bbox 666 5233 837 5301; x_wconf 80' lang='grc' dir='ltr'>ὑμῶν,</span> <span class='ocrx_word' id='word_1_809' title='bbox 865 5233 1296 5302; x_wconf 76' lang='grc' dir='ltr'>προσδεχόμενος</span> <span class='ocrx_word' id='word_1_810' title='bbox 1330 5231 1425 5285; x_wconf 76' lang='grc' dir='ltr'><strong>ἕνα</strong></span> <span class='ocrx_word' id='word_1_811' title='bbox 1456 5232 1577 5284; x_wconf 79' lang='grc' dir='ltr'>καθ’</span> <span class='ocrx_word' id='word_1_812' title='bbox 1603 5232 1696 5283; x_wconf 76' lang='grc' dir='ltr'><strong>ἕνα</strong></span> <span class='ocrx_word' id='word_1_813' title='bbox 1717 5231 1803 5285; x_wconf 80' lang='grc' dir='ltr'><strong>διὰ</strong></span> 
     </span>
    </p>
   </div>
   <div class='ocr_carea' id='block_1_106' title="bbox 234 5325 1803 5395">
    <p class='ocr_par' dir='ltr' id='par_1_106' title="bbox 234 5325 1803 5395">
     <span class='ocr_line' id='line_1_106' title="bbox 234 5325 1803 5395; baseline 0 -17"><span class='ocrx_word' id='word_1_814' title='bbox 234 5328 335 5388; x_wconf 76' lang='grc' dir='ltr'>τῆς</span> <span class='ocrx_word' id='word_1_815' title='bbox 361 5325 576 5379; x_wconf 74' lang='grc' dir='ltr'>ἀπὸτοῦ</span> <span class='ocrx_word' id='word_1_816' title='bbox 592 5326 794 5394; x_wconf 78' lang='grc' dir='ltr'>κόσμου</span> <span class='ocrx_word' id='word_1_817' title='bbox 820 5327 1219 5395; x_wconf 79' lang='grc' dir='ltr'>ἀναχωρήσεως</span> <span class='ocrx_word' id='word_1_818' title='bbox 1245 5326 1487 5393; x_wconf 82' lang='grc' dir='ltr'>θεωρεῖν,</span> <span class='ocrx_word' id='word_1_819' title='bbox 1514 5327 1607 5378; x_wconf 69' lang='grc' dir='ltr'><strong>καὶ</strong></span> <span class='ocrx_word' id='word_1_820' title='bbox 1633 5343 1803 5395; x_wconf 83' lang='grc' dir='ltr'>προσ-</span> 
     </span>
    </p>
   </div>
   <div class='ocr_carea' id='block_1_107' title="bbox 230 5418 1800 5488">
    <p class='ocr_par' dir='ltr' id='par_1_107' title="bbox 230 5418 1800 5488">
     <span class='ocr_line' id='line_1_107' title="bbox 230 5418 1800 5488; baseline 0.002 -18"><span class='ocrx_word' id='word_1_821' title='bbox 230 5419 561 5485; x_wconf 70' lang='grc' dir='ltr'>λαμϐάνειν,</span> <span class='ocrx_word' id='word_1_822' title='bbox 588 5418 689 5469; x_wconf 71' lang='grc' dir='ltr'>-καὶ</span> <span class='ocrx_word' id='word_1_823' title='bbox 735 5419 1259 5484; x_wconf 70' lang='grc' dir='ltr'>προσασπάζεσθαιο</span> <span class='ocrx_word' id='word_1_824' title='bbox 1314 5418 1634 5487; x_wconf 82' lang='grc' dir='ltr'>πεποίθησιν</span> <span class='ocrx_word' id='word_1_825' title='bbox 1694 5421 1800 5488; x_wconf 84' lang='grc' dir='ltr'>γὰρ</span> 
     </span>
    </p>
   </div>
   <div class='ocr_carea' id='block_1_108' title="bbox 1909 4962 3485 5029">
    <p class='ocr_par' dir='ltr' id='par_1_108' title="bbox 1909 4962 3485 5029">
     <span class='ocr_line' id='line_1_108' title="bbox 1909 4962 3485 5029; baseline -0.004 -7"><span class='ocrx_word' id='word_1_826' title='bbox 1909 4968 2138 5022; x_wconf 86' lang='lat' dir='ltr'><strong>salutem</strong></span> <span class='ocrx_word' id='word_1_827' title='bbox 2167 4975 2493 5020; x_wconf 89' lang='lat' dir='ltr'><strong>consecutus</strong></span> <span class='ocrx_word' id='word_1_828' title='bbox 2510 4964 2686 5029; x_wconf 84' lang='lat' dir='ltr'><strong>fuero,</strong></span> <span class='ocrx_word' id='word_1_829' title='bbox 2712 4980 2818 5017; x_wconf 90' lang='lat' dir='ltr'><strong>non</strong></span> <span class='ocrx_word' id='word_1_830' title='bbox 2852 4964 3089 5018; x_wconf 76' lang='lat' dir='ltr'><strong>cessabo</strong></span> <span class='ocrx_word' id='word_1_831' title='bbox 3119 4978 3276 5017; x_wconf 89' lang='lat' dir='ltr'><strong>orare</strong></span> <span class='ocrx_word' id='word_1_832' title='bbox 3306 4962 3485 5017; x_wconf 60' lang='lat' dir='ltr'><strong>Deur-</strong></span> 
     </span>
    </p>
   </div>
   <div class='ocr_carea' id='block_1_109' title="bbox 1909 5053 3486 5124">
    <p class='ocr_par' dir='ltr' id='par_1_109' title="bbox 1909 5053 3486 5124">
     <span class='ocr_line' id='line_1_109' title="bbox 1909 5053 3486 5124; baseline -0.004 -11"><span class='ocrx_word' id='word_1_833' title='bbox 1909 5074 2038 5113; x_wconf 88' lang='lat' dir='ltr'><strong>num</strong></span> <span class='ocrx_word' id='word_1_834' title='bbox 2057 5058 2312 5112; x_wconf 89' lang='lat' dir='ltr'><strong>audacter</strong></span> <span class='ocrx_word' id='word_1_835' title='bbox 2334 5072 2430 5124; x_wconf 92' lang='lat' dir='ltr'><strong>pro</strong></span> <span class='ocrx_word' id='word_1_836' title='bbox 2446 5055 2695 5109; x_wconf 88' lang='lat' dir='ltr'><strong>omnibus</strong></span> <span class='ocrx_word' id='word_1_837' title='bbox 2720 5055 2888 5118; x_wconf 87' lang='lat' dir='ltr'><strong>vobis,</strong></span> <span class='ocrx_word' id='word_1_838' title='bbox 2908 5065 3228 5123; x_wconf 81' lang='lat' dir='ltr'><strong>exspectans</strong></span> <span class='ocrx_word' id='word_1_839' title='bbox 3247 5053 3486 5124; x_wconf 79' lang='lat' dir='ltr'><strong>singulos</strong></span> 
     </span>
    </p>
   </div>
   <div class='ocr_carea' id='block_1_110' title="bbox 1912 5146 3484 5219">
    <p class='ocr_par' dir='ltr' id='par_1_110' title="bbox 1912 5146 3484 5219">
     <span class='ocr_line' id='line_1_110' title="bbox 1912 5146 3484 5219; baseline -0.006 -18"><span class='ocrx_word' id='word_1_840' title='bbox 1912 5159 2132 5219; x_wconf 72' lang='lat' dir='ltr'><strong>propter</strong></span> <span class='ocrx_word' id='word_1_841' title='bbox 2152 5147 2513 5201; x_wconf 81' lang='lat' dir='ltr'><strong>secessionem</strong></span> <span class='ocrx_word' id='word_1_842' title='bbox 2529 5162 2554 5197; x_wconf 91' lang='lat' dir='ltr'><strong>a</strong></span> <span class='ocrx_word' id='word_1_843' title='bbox 2586 5146 2788 5199; x_wconf 87' lang='lat' dir='ltr'><strong>mundo</strong></span> <span class='ocrx_word' id='word_1_844' title='bbox 2810 5154 3074 5212; x_wconf 71' lang='lat' dir='ltr'><strong>Suec-tare,</strong></span> <span class='ocrx_word' id='word_1_845' title='bbox 3100 5155 3153 5200; x_wconf 87' lang='lat' dir='ltr'><strong>et</strong></span> <span class='ocrx_word' id='word_1_846' title='bbox 3184 5147 3484 5212; x_wconf 70' lang='lat' dir='ltr'><strong>suscipere,</strong></span> 
     </span>
    </p>
   </div>
   <div class='ocr_carea' id='block_1_111' title="bbox 1909 5235 3487 5307">
    <p class='ocr_par' dir='ltr' id='par_1_111' title="bbox 1909 5235 3487 5307">
     <span class='ocr_line' id='line_1_111' title="bbox 1909 5235 3487 5307; baseline -0.007 -12"><span class='ocrx_word' id='word_1_847' title='bbox 1909 5249 1962 5295; x_wconf 92' lang='lat' dir='ltr'><strong>et</strong></span> <span class='ocrx_word' id='word_1_848' title='bbox 1990 5240 2305 5307; x_wconf 78' lang='lat' dir='ltr'><strong>amplexari.</strong></span> <span class='ocrx_word' id='word_1_849' title='bbox 2329 5237 2515 5292; x_wconf 85' lang='lat' dir='ltr'><strong>Talem</strong></span> <span class='ocrx_word' id='word_1_850' title='bbox 2551 5238 2700 5292; x_wconf 89' lang='lat' dir='ltr'><strong>enim</strong></span> <span class='ocrx_word' id='word_1_851' title='bbox 2729 5236 2977 5292; x_wconf 82' lang='lat' dir='ltr'><strong>ﬁduciam</strong></span> <span class='ocrx_word' id='word_1_852' title='bbox 3004 5238 3352 5305; x_wconf 84' lang='lat' dir='ltr'><strong>babeo,quod</strong></span> <span class='ocrx_word' id='word_1_853' title='bbox 3370 5235 3487 5303; x_wconf 83' lang='lat' dir='ltr'><strong>ejus</strong></span> 
     </span>
    </p>
   </div>
   <div class='ocr_carea' id='block_1_112' title="bbox 1909 5324 3482 5397">
    <p class='ocr_par' dir='ltr' id='par_1_112' title="bbox 1909 5324 3482 5397">
     <span class='ocr_line' id='line_1_112' title="bbox 1909 5324 3482 5397; baseline -0.01 -10"><span class='ocrx_word' id='word_1_854' title='bbox 1909 5332 2124 5387; x_wconf 84' lang='lat' dir='ltr'><strong>bonitas</strong></span> <span class='ocrx_word' id='word_1_855' title='bbox 2146 5330 2332 5389; x_wconf 83' lang='lat' dir='ltr'><strong>eodem</strong></span> <span class='ocrx_word' id='word_1_856' title='bbox 2356 5337 2601 5397; x_wconf 87' lang='lat' dir='ltr'><strong>tempore</strong></span> <span class='ocrx_word' id='word_1_857' title='bbox 2623 5339 2681 5381; x_wconf 91' lang='lat' dir='ltr'><strong>ut</strong></span> <span class='ocrx_word' id='word_1_858' title='bbox 2703 5328 2787 5381; x_wconf 86' lang='lat' dir='ltr'><strong>hic</strong></span> <span class='ocrx_word' id='word_1_859' title='bbox 2810 5328 3048 5382; x_wconf 83' lang='lat' dir='ltr'><strong>servabit</strong></span> <span class='ocrx_word' id='word_1_860' title='bbox 3064 5338 3293 5381; x_wconf 86' lang='lat' dir='ltr'><strong>cunctos</strong></span> <span class='ocrx_word' id='word_1_861' title='bbox 3316 5340 3414 5377; x_wconf 82' lang='lat' dir='ltr'><strong>nos</strong></span> <span class='ocrx_word' id='word_1_862' title='bbox 3432 5324 3482 5372; x_wconf 86' lang='lat' dir='ltr'><strong>in</strong></span> 
     </span>
    </p>
   </div>
   <div class='ocr_carea' id='block_1_113' title="bbox 1909 5418 3407 5489">
    <p class='ocr_par' dir='ltr' id='par_1_113' title="bbox 1909 5418 3407 5489">
     <span class='ocr_line' id='line_1_113' title="bbox 1909 5418 3407 5489; baseline -0.009 -12"><span class='ocrx_word' id='word_1_863' title='bbox 1909 5424 2088 5477; x_wconf 87' lang='lat' dir='ltr'><strong>futuro</strong></span> <span class='ocrx_word' id='word_1_864' title='bbox 2114 5422 2332 5484; x_wconf 49' lang='lat' dir='ltr'><strong>sarculo,</strong></span> <span class='ocrx_word' id='word_1_865' title='bbox 2363 5422 2453 5488; x_wconf 87' lang='lat' dir='ltr'><strong>qui</strong></span> <span class='ocrx_word' id='word_1_866' title='bbox 2479 5422 2599 5488; x_wconf 85' lang='lat' dir='ltr'><strong>ejus</strong></span> <span class='ocrx_word' id='word_1_867' title='bbox 2630 5432 2891 5489; x_wconf 70' lang='lat' dir='ltr'><strong>praecepta</strong></span> <span class='ocrx_word' id='word_1_868' title='bbox 2931 5418 3350 5475; x_wconf 82' lang='lat' dir='ltr'><strong>servaverimus.</strong></span> <span class='ocrx_word' id='word_1_869' title='bbox 3389 5432 3407 5463; x_wconf 67' lang='grc' dir='ltr'><strong>ν</strong></span> 
     </span>
    </p>
   </div>
   <div class='ocr_carea' id='block_1_114' title="bbox 237 5502 3482 5579">
    <p class='ocr_par' dir='ltr' id='par_1_114' title="bbox 237 5502 3482 5579">
     <span class='ocr_line' id='line_1_114' title="bbox 237 5502 3482 5579; baseline 0 -22"><span class='ocrx_word' id='word_1_870' title='bbox 237 5508 504 5577; x_wconf 78' lang='grc' dir='ltr'>τοιαύτην</span> <span class='ocrx_word' id='word_1_871' title='bbox 535 5510 662 5578; x_wconf 78' lang='grc' dir='ltr'>ἔχω,</span> <span class='ocrx_word' id='word_1_872' title='bbox 696 5510 776 5560; x_wconf 83' lang='grc' dir='ltr'>ὅτι</span> <span class='ocrx_word' id='word_1_873' title='bbox 811 5511 844 5576; x_wconf 84' lang='grc' dir='ltr'><strong>ἡ</strong></span> <span class='ocrx_word' id='word_1_874' title='bbox 879 5509 1152 5577; x_wconf 82' lang='grc' dir='ltr'>ἀγαθότης</span> <span class='ocrx_word' id='word_1_875' title='bbox 1200 5507 1365 5561; x_wconf 79' lang='grc' dir='ltr'>αὑτοῦ</span> <span class='ocrx_word' id='word_1_876' title='bbox 1414 5509 1506 5560; x_wconf 71' lang='grc' dir='ltr'><strong>ἐπὶ</strong></span> <span class='ocrx_word' id='word_1_877' title='bbox 1558 5509 1619 5561; x_wconf 72' lang='grc' dir='ltr'>τδ</span> <span class='ocrx_word' id='word_1_878' title='bbox 1675 5511 1808 5563; x_wconf 75' lang='grc' dir='ltr'>αὐτὸ</span> <span class='ocrx_word' id='word_1_879' title='bbox 1842 5512 1917 5576; x_wconf 84' lang='grc' dir='ltr'>ὡς</span> <span class='ocrx_word' id='word_1_880' title='bbox 1949 5509 2185 5565; x_wconf 76' lang='grc' dir='ltr'>ἐνταῦθα</span> <span class='ocrx_word' id='word_1_881' title='bbox 2215 5510 2538 5579; x_wconf 83' lang='grc' dir='ltr'>διατηρήσει</span> <span class='ocrx_word' id='word_1_882' title='bbox 2589 5511 2790 5571; x_wconf 67' lang='grc' dir='ltr'>πάντας</span> <span class='ocrx_word' id='word_1_883' title='bbox 2832 5510 2978 5578; x_wconf 76' lang='grc' dir='ltr'>ἡμᾶς</span> <span class='ocrx_word' id='word_1_884' title='bbox 3007 5509 3065 5559; x_wconf 81' lang='grc' dir='ltr'><strong>ἐν</strong></span> <span class='ocrx_word' id='word_1_885' title='bbox 3106 5504 3183 5573; x_wconf 82' lang='grc' dir='ltr'><strong>τῷ</strong></span> <span class='ocrx_word' id='word_1_886' title='bbox 3236 5502 3482 5572; x_wconf 77' lang='grc' dir='ltr'>μέλλοντι</span> 
     </span>
    </p>
   </div>
   <div class='ocr_carea' id='block_1_115' title="bbox 240 5603 1479 5672">
    <p class='ocr_par' dir='ltr' id='par_1_115' title="bbox 240 5603 1479 5672">
     <span class='ocr_line' id='line_1_115' title="bbox 240 5603 1479 5672; baseline 0.002 -19"><span class='ocrx_word' id='word_1_887' title='bbox 240 5603 401 5655; x_wconf 81' lang='grc' dir='ltr'>αἰῶνι</span> <span class='ocrx_word' id='word_1_888' title='bbox 436 5603 533 5665; x_wconf 81' lang='grc' dir='ltr'>τὰς</span> <span class='ocrx_word' id='word_1_889' title='bbox 569 5603 786 5664; x_wconf 75' lang='grc' dir='ltr'>ἐντολὰς</span> <span class='ocrx_word' id='word_1_890' title='bbox 820 5604 981 5655; x_wconf 77' lang='grc' dir='ltr'>αὑτοῦ</span> <span class='ocrx_word' id='word_1_891' title='bbox 1012 5603 1409 5672; x_wconf 75' lang='grc' dir='ltr'>τετηρηκότας.</span> <span class='ocrx_word' id='word_1_892' title='bbox 1461 5620 1479 5654; x_wconf 74' lang='grc' dir='ltr'><strong>ι</strong></span> 
     </span>
    </p>
   </div>
   <div class='ocr_carea' id='block_1_116' title="bbox 312 5694 1804 5764">
    <p class='ocr_par' dir='ltr' id='par_1_116' title="bbox 312 5694 1804 5764">
     <span class='ocr_line' id='line_1_116' title="bbox 312 5694 1804 5764; baseline 0.001 -18"><span class='ocrx_word' id='word_1_893' title='bbox 312 5695 442 5747; x_wconf 78' lang='grc' dir='ltr'>Ὀτι</span> <span class='ocrx_word' id='word_1_894' title='bbox 469 5694 525 5746; x_wconf 81' lang='grc' dir='ltr'>δὲ</span> <span class='ocrx_word' id='word_1_895' title='bbox 589 5697 636 5746; x_wconf 81' lang='grc' dir='ltr'>οἱ</span> <span class='ocrx_word' id='word_1_896' title='bbox 661 5697 859 5755; x_wconf 78' lang='grc' dir='ltr'>πάντες</span> <span class='ocrx_word' id='word_1_897' title='bbox 899 5696 1024 5758; x_wconf 78' lang='grc' dir='ltr'>τοὺς</span> <span class='ocrx_word' id='word_1_898' title='bbox 1056 5696 1259 5755; x_wconf 81' lang='grc' dir='ltr'>πάντας</span> <span class='ocrx_word' id='word_1_899' title='bbox 1302 5694 1665 5764; x_wconf 81' lang='grc' dir='ltr'>γνωριοῦμεν,</span> <span class='ocrx_word' id='word_1_900' title='bbox 1709 5695 1804 5748; x_wconf 68' lang='grc' dir='ltr'><strong>καὶ</strong></span> 
     </span>
    </p>
   </div>
   <div class='ocr_carea' id='block_1_117' title="bbox 243 5787 1800 5857">
    <p class='ocr_par' dir='ltr' id='par_1_117' title="bbox 243 5787 1800 5857">
     <span class='ocr_line' id='line_1_117' title="bbox 243 5787 1800 5857; baseline 0.002 -17"><span class='ocrx_word' id='word_1_901' title='bbox 243 5787 521 5843; x_wconf 76' lang='grc' dir='ltr'>αὐδίκαιοι</span> <span class='ocrx_word' id='word_1_902' title='bbox 550 5788 791 5850; x_wconf 73' lang='grc' dir='ltr'>δικαίους</span> <span class='ocrx_word' id='word_1_903' title='bbox 822 5788 1000 5857; x_wconf 62' lang='grc' dir='ltr'>μόνον,</span> <span class='ocrx_word' id='word_1_904' title='bbox 1035 5788 1183 5843; x_wconf 70' lang='grc' dir='ltr'><strong>καθά</strong></span> <span class='ocrx_word' id='word_1_905' title='bbox 1223 5805 1367 5850; x_wconf 77' lang='grc' dir='ltr'>τινες</span> <span class='ocrx_word' id='word_1_906' title='bbox 1423 5788 1649 5852; x_wconf 74' lang='grc' dir='ltr'>οἴονται,</span> <span class='ocrx_word' id='word_1_907' title='bbox 1706 5792 1800 5843; x_wconf 83' lang='grc' dir='ltr'>καὶ</span> 
     </span>
    </p>
   </div>
   <div class='ocr_carea' id='block_1_118' title="bbox 1983 5694 3479 5760">
    <p class='ocr_par' dir='ltr' id='par_1_118' title="bbox 1983 5694 3479 5760">
     <span class='ocr_line' id='line_1_118' title="bbox 1983 5694 3479 5760; baseline -0.007 -12"><span class='ocrx_word' id='word_1_908' title='bbox 1983 5694 2136 5760; x_wconf 87' lang='lat' dir='ltr'><strong>Quod</strong></span> <span class='ocrx_word' id='word_1_909' title='bbox 2190 5709 2317 5749; x_wconf 85' lang='lat' dir='ltr'><strong>vero</strong></span> <span class='ocrx_word' id='word_1_910' title='bbox 2366 5694 2550 5747; x_wconf 88' lang='lat' dir='ltr'><strong>cuncti</strong></span> <span class='ocrx_word' id='word_1_911' title='bbox 2591 5700 2817 5749; x_wconf 85' lang='lat' dir='ltr'><strong>cunctos</strong></span> <span class='ocrx_word' id='word_1_912' title='bbox 2844 5702 3236 5759; x_wconf 76' lang='lat' dir='ltr'><strong>cognoscemus</strong></span> <span class='ocrx_word' id='word_1_913' title='bbox 3279 5694 3479 5742; x_wconf 82' lang='lat' dir='ltr'><strong>etnon</strong></span> 
     </span>
    </p>
   </div>
   <div class='ocr_carea' id='block_1_119' title="bbox 1903 5779 3484 5856">
    <p class='ocr_par' dir='ltr' id='par_1_119' title="bbox 1903 5779 3484 5856">
     <span class='ocr_line' id='line_1_119' title="bbox 1903 5779 3484 5856; baseline -0.004 -17"><span class='ocrx_word' id='word_1_914' title='bbox 1903 5787 2030 5856; x_wconf 84' lang='lat' dir='ltr'><strong>justi</strong></span> <span class='ocrx_word' id='word_1_915' title='bbox 2075 5787 2248 5854; x_wconf 82' lang='lat' dir='ltr'><strong>justus</strong></span> <span class='ocrx_word' id='word_1_916' title='bbox 2297 5795 2528 5851; x_wconf 73' lang='lat' dir='ltr'><strong>tantum,</strong></span> <span class='ocrx_word' id='word_1_917' title='bbox 2570 5790 2627 5839; x_wconf 81' lang='lat' dir='ltr'><strong>ut</strong></span> <span class='ocrx_word' id='word_1_918' title='bbox 2660 5783 2885 5853; x_wconf 79' lang='lat' dir='ltr'><strong>quidam</strong></span> <span class='ocrx_word' id='word_1_919' title='bbox 2916 5787 3128 5851; x_wconf 79' lang='lat' dir='ltr'><strong>putant,</strong></span> <span class='ocrx_word' id='word_1_920' title='bbox 3172 5791 3225 5835; x_wconf 87' lang='lat' dir='ltr'><strong>et</strong></span> <span class='ocrx_word' id='word_1_921' title='bbox 3269 5779 3325 5835; x_wconf 81' lang='lat' dir='ltr'><strong>in</strong></span> <span class='ocrx_word' id='word_1_922' title='bbox 3377 5794 3484 5833; x_wconf 72' lang='lat' dir='ltr'><strong>sua</strong></span> 
     </span>
    </p>
   </div>
  </div>
