4088 6186
556 380 563 387 η,
600 333 703 397 791

1846 341 2268 403 MICHAELIS
2305 343 2566 406 GLYC/E

3738 345 3849 409 792

597 450 839 519 Epistula
877 448 943 502 ad
975 448 1267 519 Cyriacum
1296 450 1613 521 episcopum
1653 467 1819 508 aurea
1847 456 2011 509 verba
2041 454 2167 509 fun-

2282 459 2331 511 ἐν
2364 461 2428 529 τῇ
2462 457 2594 526 πρὸς
2632 457 2908 529 Κυριακδν
2941 456 3239 511 ἐπίσκοπον
3297 456 3555 527 ἐπιστολῇ
3588 456 3761 509 αὐτοῦ
3818 459 3852 510 6

596 541 730 594 dens
783 537 1020 593 Joannes
1065 540 1405 608 apertissime
1442 544 1686 599 ostendit
1731 544 1808 600 ita
1841 546 2072 601 dicens:
2110 547 2165 603 Si

594 644 724 683 vero
771 638 826 683 et
869 629 957 684 hic
1005 629 1241 686 invicem
1278 648 1387 687 non
1415 614 1817 703 (convenimus,
1864 646 2044 691 tamen
2090 638 2165 694 ibi

598 734 765 779 nemo
788 720 1170 788 prohibiturus
1199 737 1297 776 nos
1331 725 1472 779 inter
1522 742 1624 781 nos
1661 727 1894 783 invicem
1930 746 2165 785 conver-

594 818 725 885 sari,
767 828 821 873 et
858 819 1164 874 videbimus
1204 836 1299 874 eos
1343 822 1438 891 qui
1472 838 1571 877 nos
1621 824 1676 876 in
1704 825 1955 880 exsilium
2003 827 2167 881 mise-

599 920 748 972 runt,
798 923 857 963 ut
894 909 1134 965 Lazarus
1185 909 1434 977 divitem,
1475 922 1527 967 et
1568 923 1835 982 martyres
1884 925 2164 986 tyrannos.

598 1000 810 1053 Etenim
861 1000 1091 1069 quilibet
1139 1009 1267 1055 tunc
1310 1014 1514 1073 martyr
1555 1004 1836 1072 preprium
1878 1013 2165 1075 tyrannum

597 1098 910 1158 cognoscet,
928 1099 980 1142 et
1007 1090 1237 1157 quilibet
1263 1100 1525 1162 tyrannus
1552 1093 1828 1163 proprium
1856 1109 2165 1167 martyrem,

598 1194 757 1247 quem
786 1182 1073 1233 cruciavit.
1111 1180 1223 1234 Nec
1246 1196 1366 1235 mea
1398 1184 1562 1237 verba
1599 1193 1748 1239 sunt.
1777 1186 1915 1240 Audi
1947 1186 2171 1256 Sapien-

601 1270 727 1323 tiam
760 1270 1073 1324 dicentem:
1124 1291 1142 1323 ‹
1182 1274 1336 1326 Tunc
1378 1273 1429 1339 in
1476 1291 1667 1346 magna
1708 1276 1959 1332 libertate
2003 1278 2171 1334 stabit

594 1362 778 1429 justus
824 1372 1014 1416 contra
1068 1362 1262 1417 faciem
1313 1380 1501 1443 eorum
1559 1367 1651 1436 qui
1698 1382 1824 1422 eum
1874 1369 2168 1424 tribulave-

600 1462 747 1506 runt.
794 1472 813 1506 ›
862 1453 1159 1524 Propterea
1214 1466 1394 1510 autem
1435 1458 1662 1527 omnino
1717 1468 1773 1514 et
1829 1460 2168 1529 punitiynem

599 1543 804 1614 impiis,
836 1553 890 1599 et
912 1547 1159 1614 requiem
1188 1548 1371 1615 iustis,
1400 1564 1429 1604 e
1453 1550 1675 1621 regione
1700 1550 1850 1618 fecit,
1872 1562 1929 1608 ut
1953 1552 2172 1609 videant

598 1650 659 1693 se
690 1637 924 1691 invicem
958 1647 1014 1691 et
1042 1650 1407 1709 cognoscant,
1442 1642 1908 1709 quemadmodum
1934 1643 2173 1699 Lazarus

599 1727 846 1782 divitem.
931 1728 1329 1787 Testimonium
1396 1734 1650 1804 perbibet
1720 1736 1881 1791 simul
1959 1738 2028 1791 de
2088 1736 2173 1790 his

2268 552 2674 621 χρυσορῤήμων
2740 550 2994 619 Ἰωάννης
3054 550 3368 619 σαφέστατα
3416 548 3617 615 ἔδειξεν
3668 548 3852 611 οὕτως

2267 639 2459 692 εἰπών·
2486 642 2552 692 Εἰ
2577 640 2632 693 δὲ
2661 641 2755 695 καὶ
2782 636 2881 694 ὧδε
2906 641 3167 711 ἀλλήλους
3211 640 3272 693 οὐ
3298 641 3673 710 συντύχωμεν,
3728 640 3849 694 ἀλλ’

2260 733 2447 789 ἐκεῖσε
2475 732 2650 796 οὐδεὶς
2689 734 2718 785 6
2771 733 3030 786 κωλύσων
3061 734 3208 804 ἡμᾶς
3272 732 3392 800 μετ’
3438 731 3687 803 ἀλλήλων
3731 732 3851 784 διάσ

2268 841 2406 890 γειν,
2435 826 2532 878 καὶ
2558 824 2801 894 ὀψόμεθα
2821 827 2946 888 τοὺς
2982 825 3336 896 ἐξορίσαντας
3376 824 3545 894 ἡμᾶς,
3596 822 3791 893 ὥσπερ
3821 826 3851 875 6

2266 914 2520 984 Λάζαρος
2548 916 2639 968 τὸν
2657 914 2935 979 πλούσιον,
2959 916 3054 968 καὶ⁹
3098 915 3149 967 oi
3181 914 3455 984 μάρτυρες
3487 914 3613 975 τοὺς
3649 913 3854 982 τυράν-

2270 1018 2413 1065 νουςο
2451 1004 2545 1055 καὶ
2572 1004 2681 1074 γὰρ
2709 1003 2944 1067 ἕκαστος
2970 1004 3092 1056 τότε
3124 1002 3342 1074 μάρτυρ
3368 1003 3461 1054 τὸν
3488 1002 3621 1055 ἴδιον
3645 1000 3853 1069 τύραν-

2272 1111 2362 1149 νον
2388 1094 2771 1163 ἐπιγνώσεται,
2805 1097 2901 1150 καὶ
2950 1095 3184 1158 ἕκαστος
3239 1095 3507 1164 τύραννος
3549 1095 3641 1147 τδν
3713 1093 3852 1146 ἴδιον

2277 1187 2549 1258 μάρτυρα,
2591 1188 2648 1242 δν
2679 1189 2927 1244 ἐκόλασε.
2982 1188 3094 1241 Καὶ
3146 1187 3247 1241 οὐκ
3311 1187 3420 1256 ἐμὰ
3479 1185 3549 1238 τὰ
3597 1185 3850 1255 Mue-ca.-

2273 1280 2504 1334 ἄκουσον
2543 1280 2639 1350 τῆς
2677 1280 2877 1350 Σοφίας
2930 1279 3230 1349 λεγούσης·
3306 1297 3324 1330 ι
3365 1278 3501 1331 Τότε
3562 1279 3622 1329 ἐν
3674 1276 3849 1345 πολλῇ

2274 1371 2561 1442 παρρησίᾳ
2598 1372 2853 1441 στήσεται
2887 1360 3154 1433 δ’δίκαιος
3196 1370 3337 1423 κατᾶ
3388 1368 3688 1438 πρόσωπον
3737 1370 3853 1420 τῶν

2276 1463 2581 1534 θλιψάντων
2614 1464 2779 1519 αὐτόν
2801 1482 2849 1519 ἰ
2881 1462 3087 1518 Τούτου
3106 1464 3162 1516 δέ
3181 1462 3400 1528 πάντως
3427 1461 3590 1515 ἕνεκα
3621 1460 3721 1514 καὶ
3750 1462 3853 1529 τὴν

2278 1553 2498 1608 κόλασιν
2533 1556 2645 1619 τοῖς
2664 1555 2909 1622 ἀσεϐέσι,
2971 1554 3065 1609 καὶ
3095 1556 3196 1625 τὴν
3226 1552 3532 1607 ἀνάπαυσιν
3584 1554 3699 1614 τοῖς
3769 1551 3854 1603 δι-

2275 1643 2471 1705 καίοις,
2502 1642 2817 1707 ἐξεναντίας
2838 1642 3114 1711 ἐποίησεν,
3143 1642 3231 1693 ῖνα
3275 1640 3550 1711 βλέπωσιν
3578 1640 3852 1708 ἀλλήλους

2275 1730 2369 1783 καὶ
2397 1728 2757 1798 γνωρίζωσιν,
2781 1729 2973 1799 ὥσπερ
3020 1732 3048 1783 6
3108 1728 3360 1799 Λάζαρος
3420 1729 3511 1781 τὸν
3566 1727 3851 1791 πλούσιον,

601 1828 655 1873 et
704 1819 953 1892 Dialogus
999 1821 1216 1878 divinus
1259 1822 1551 1896 Gregorius
1588 1827 1779 1882 dicens
1816 1845 1831 1879 :
1866 1846 1884 1879 ι
1930 1826 1997 1882 Ει
2045 1828 2171 1883 boui

2282 1817 2372 1873 καὶ
2394 1817 2422 1869 6
2467 1818 2723 1881 πλούσιος
2746 1819 2836 1871 τὸν
2865 1816 3137 1887 Λάζαρον.
3198 1817 3681 1886 Συνεπιμαρτυρεῖ
3728 1815 3855 1869 τού-

603 1909 867 1987 maios,et
911 1912 1036 1965 mali
1085 1912 1258 1968 bonos
1312 1925 1646 1987 cognoscent
1693 1926 1842 1982 tunc,
1872 1932 1905 1972 ο
1944 1918 2170 1973 Ρειτε.»

602 1983 715 2054 Nisi
747 2002 894 2057 enim
930 2003 983 2057 id
1017 2016 1181 2068 esset,
1214 2006 1358 2063 haud
1386 1983 1579 2076 utique
1602 2009 1670 2062 ab
1703 2008 1938 2063 invicem
1971 2009 2174 2080 cogniti

604 2091 835 2147 fuissent
867 2101 923 2146 et
967 2095 1271 2156 Abraham.
1308 2108 1362 2151 et
1413 2099 1684 2166 Lazarus,
1728 2109 1786 2154 et
1835 2100 2007 2156 dives.
2052 2100 2175 2156 "ac

602 2197 733 2235 vero
767 2183 838 2235 ita
874 2200 933 2238 se
967 2184 1191 2250 habere,
1238 2198 1292 2242 et
1327 2174 1430 2245 nes
1458 2205 1587 2245 vere
1634 2194 1971 2261 cognituros,
2013 2192 2173 2246 etiam

602 2286 722 2337 eos,
750 2288 886 2341 quos
925 2290 1204 2344 nunquam
1233 2280 1496 2350 vidimus,
1529 2282 1777 2337 videntes
1805 2299 1902 2338 eos
1939 2286 2033 2349 ibi,
2067 2301 2175 2340 non

603 2362 779 2417 solum
813 2380 876 2418 ex
918 2367 1106 2423 divitis
1138 2378 1195 2425 et
1234 2371 1425 2427 Lazari
1467 2375 1724 2443 parabole
1758 2379 2179 2447 comprehendi-

604 2472 748 2523 mus,
792 2460 886 2514 sed
935 2460 1101 2515 etiam
1156 2479 1222 2518 ex
1254 2466 1376 2535 ipso
1415 2466 1651 2523 Domino
1695 2470 1824 2526 Jesu
1853 2471 2077 2528 Christo
2122 2482 2179 2529 et

607 2548 899 2631 Servatore
939 2565 1151 2609 nostro.
1182 2557 1243 2624 in
1293 2557 1416 2626 ipso
1441 2559 1587 2623 enim
1639 2560 1935 2633 Evangelio
1981 2580 2179 2628 secun-

603 2640 732 2695 dum
763 2642 964 2698 Lucam
998 2655 1051 2700 et
1082 2647 1200 2703 haec
1230 2648 1300 2702 ad
1335 2652 1599 2718 quosdam
1623 2668 1733 2715 non
1763 2665 1906 2710 recte
1936 2656 2179 2719 viventes

601 2733 786 2788 dicere
820 2738 1125 2805 reperitur:
1154 2756 1173 2790 ι
1211 2740 1472 2796 Recedite
1495 2758 1525 2797 a
1552 2758 1660 2805 me,
1692 2746 1935 2814 operarii
1974 2747 2179 2818 iniqui-

603 2828 770 2893 tatis;
803 2827 875 2882 ibi
920 2829 1026 2883 erit
1063 2830 1226 2887 fletus
1269 2843 1327 2888 et
1370 2834 1583 2893 stridor
1627 2835 1909 2904 dentium;
1959 2840 2180 2909 quando

604 2916 864 2975 videbitis
893 2920 1191 2987 Abraham,
1242 2934 1297 2979 et
1353 2925 1528 2994 lsaac,
1576 2935 1629 2982 et
1657 2927 1847 2995 Jacob,
1888 2941 1944 2986 et
1986 2946 2179 2988 omnes

601 3013 904 3082 prepbetas
934 3014 988 3068 in
1022 3030 1191 3087 regno
1218 3018 1508 3082 caelorum,
1546 3034 1645 3074 vos
1688 3035 1822 3075 vero
1849 3031 2001 3081 extra
2037 3021 2181 3090 ejec-

603 3114 709 3159 tos.
746 3123 765 3156 ι
807 3105 1155 3174 Exploratum
1182 3108 1348 3178 igitur
1378 3117 1609 3165 cunctos
1636 3113 2005 3167 communiter
2039 3112 2183 3168 invi-

601 3211 722 3250 cem
770 3212 870 3251 nos
895 3198 970 3253 ibi
1001 3200 1354 3269 cognituros;
1399 3212 1454 3255 et.
1483 3217 1591 3257 non
1622 3201 1947 3271 simpliciter
1978 3203 2054 3258 ita
2085 3218 2181 3260 co-

602 3300 950 3353 gnoscemus,
1007 3290 1104 3343 sed
1152 3291 1501 3347 manifestius
1550 3303 1606 3348 et
1644 3296 1837 3365 purius
1891 3296 2182 3353 universos

604 3376 905 3444 perspicaci
940 3379 1135 3433 anima:
1168 3384 1353 3436 oculo.
1390 3385 1456 3436 Et
1487 3386 1838 3440 manifestum
1872 3402 1938 3441 ex
1966 3388 2036 3443 iis
2061 3405 2182 3459 quae

606 3482 836 3537 magnus
862 3468 1087 3525 Simeon
1121 3472 1349 3543 Stylites
1379 3491 1490 3531 suae
1529 3480 1694 3535 matri
1726 3480 1966 3545 dicebat,
1998 3499 2179 3552 quan-

606 3558 677 3612 do
720 3570 777 3614 ut
809 3560 875 3614 ab
912 3561 1027 3631 ipsa
1080 3564 1363 3619 videretur
1400 3567 1451 3620 vi
1501 3567 1867 3636 adigebatur:
1923 3589 1942 3622 σ
1990 3573 2047 3627 Si
2086 3574 2177 3628 tibi

604 3651 900 3719 τωρωι-,0
950 3665 1157 3723 mater,
1214 3669 1465 3715 mutuum
1525 3662 1787 3716 intuitum
1842 3664 1897 3717 in
1949 3664 2179 3720 alterum

611 3747 874 3801 saeculum
903 3748 1235 3817 rcjiciamus,
1260 3761 1314 3806 et
1339 3752 1384 3806 si
1408 3751 1519 3807 Deo
1546 3753 1810 3822 placuerit
1835 3759 2182 3811 conversatio

605 3852 815 3905 nostra,
843 3850 1130 3909 pOSLquam
1173 3843 1302 3899 hinc
1346 3845 1792 3913 discesserimus,
1839 3863 1944 3902 una
1977 3851 2182 3905 conire-

606 3926 873 3987 tabir‘nur.
908 3951 927 3986 ι
963 3935 1030 3988 Et
1064 3936 1322 4007 princeps
1359 3936 1556 3994 Petrus
1581 3940 1921 3996 enucleatius
1941 3944 2183 3998 ostendit

605 4024 804 4081 Fausto
829 4027 1126 4083 Clementis
1154 4031 1322 4099 patri,
1360 4047 1485 4087 cum
1524 4034 1769 4089 nondum
1803 4046 1951 4090 esset
1977 4036 2181 4091 illumi-

604 4132 787 4185 natus,
844 4120 918 4189 ita
954 4122 1183 4177 dicens:
1222 4142 1241 4174 ι
1288 4123 1527 4194 Propera
1573 4127 1766 4182 eadem
1811 4114 2017 4185 sentire
2056 4145 2179 4184 cum

604 4214 773 4266 uxore
807 4223 861 4268 et
892 4214 1037 4281 filiis,
1072 4225 1130 4269 ut
1172 4226 1229 4271 et
1273 4218 1361 4273 hic
1387 4235 1491 4273 una
1518 4221 1688 4286 vivas,
1721 4229 1777 4275 et
1805 4222 1878 4276 ibi
1908 4233 2033 4293 post
2065 4225 2181 4278 ani-

605 4318 706 4356 mae
734 4322 765 4355 ιι
801 4318 1033 4373 corpore
1070 4308 1477 4375 separationem
1504 4327 1609 4364 una
1637 4326 1761 4365 cum
1791 4314 1872 4368 eis
1909 4314 1962 4367 in
1989 4314 2179 4369 laetitia
2210 4350 2213 4353 ‹

604 4396 758 4452 vivas
789 4397 924 4467 (85).
958 4418 976 4449 ι
1009 4399 1296 4466 Quomodo
1320 4419 1451 4458 vero
1478 4415 1536 4458 et
1566 4406 2021 4473 quemadmodum
2046 4424 2182 4462 uxor

2280 1923 2390 1968 τοις
2410 1905 2505 1959 καὶ
2527 1909 2552 1959 6
2584 1907 2841 1975 Διάλογος
2864 1907 3003 1970 θεῖος
3023 1905 3323 1979 Γρηγόριος
3338 1904 3535 1971 λέγων,
3558 1904 3643 1955 ὅτι
3684 1921 3704 1954 ι
3738 1903 3856 1954 Καὶ

2279 1999 2329 2051 ei
2386 1998 2585 2065 ἀγαθοὶ
2622 1999 2750 2061 τοὺς
2827 1996 3118 2068 πονηροὺς,
3175 1997 3269 2049 καὶ⁵
3359 1997 3409 2047 oi
3451 1995 3678 2063 πονηροὶ
3725 1994 3853 2056 τοὺς

2279 2089 2519 2158 ἀγαθοὺς
2566 2090 2895 2159 γνωρίσουσι
2946 2089 3088 2152 τότε,
3132 2082 3179 2142 ὧ
3227 2088 3459 2158 Πέτρε.»
3492 2086 3554 2139 Ei
3610 2084 3689 2156 μή
3740 2084 3857 2154 γὰρ

2278 2182 2438 2234 τοῦτο
2497 2177 2585 2253 ἦν,
2626 2183 2724 2235 οὐκ
2757 2183 2822 2236 ἂν
2877 2182 2973 2234 ἀπ’
3007 2182 3255 2251 ἀλλήλων
3309 2179 3664 2250 ἐγνώσθησαν
3705 2180 3737 2232 ὃ
3793 2195 3858 2230 τε

2292 2271 2566 2342 Ἀϐραὰμ,
2600 2274 2740 2327 καὶό
2780 2273 3055 2343 Λάζαρος,
3103 2274 3199 2326 καὶ
3257 2275 3284 2326 ὁ
3324 2272 3598 2335 πλούσιος.
3638 2271 3767 2323 Ὀτι
3798 2269 3857 2322 δέ

2279 2365 2451 2418 ταῦτα
2487 2364 2659 2428 οὕτως
2686 2365 2825 2436 ἔχει,
2850 2367 2944 2419 καὶ
2967 2366 3048 2420 ὅτι
3074 2364 3417 2435 γνωριοῦμεν
3483 2365 3541 2417 ἐν
3589 2361 3855 2433 ἀληθείᾳ,

2281 2456 2374 2509 καὶ
2391 2455 2485 2519 οὓς
2513 2456 2771 2510 οὐδέποτε
2802 2458 3035 2527 εῖδομεν,
3074 2457 3276 2518 ίδόντες
3305 2456 3501 2518 αὐτοὺς
3526 2456 3727 2516 ἐκεῖσε,
3789 2455 3855 2505 οὐ

2283 2550 2448 2619 μόνον
2473 2552 2536 2602 ἐκ
2567 2551 2665 2619 τῆς
2702 2549 3020 2620 παραϐολῆς
3054 2549 3149 2604 τοῦ
3189 2549 3468 2612 πλουσίου,
3498 2548 3590 2603 καὶ
3617 2548 3709 2601 τοῦ
3740 2548 3861 2600 Δαε-

2282 2637 2448 2707 ζὰρου
2473 2637 2631 2691 τοῦτο
2663 2636 3174 2707 καταλαμϐάνομεν,
3236 2638 3372 2693 ἀλλὰ
3415 2636 3510 2690 καὶ
3561 2634 3622 2700 ἐξ
3676 2634 3860 2688 αὑτοῦ

2280 2728 2377 2781 τοῦ
2433 2729 2639 2799 Κυρίου
2683 2728 2858 2799 Ἰησοῦ
2895 2728 3133 2797 Χριστοῦ
3177 2729 3275 2781 καὶ
3304 2728 3557 2797 Σωτῆρος
3579 2727 3765 2796 ἡμῶν·
3798 2729 3866 2779 ἐν

2282 2821 2390 2893 γὰρ
2421 2820 2573 2891 αὐτῷ
2635 2821 2710 2890 τῷ
2757 2820 2902 2875 κατὰ
2950 2820 3165 2873 Λουκᾶν
3226 2818 3547 2888 Εὐαγγελίῳ
3594 2820 3690 2871 καὶ
3717 2816 3869 2870 τάδε

2283 2913 2421 2983 πρός
2454 2929 2606 2976 τινας
2641 2914 2701 2965 οὐ
2746 2912 2929 2976 καλῶς
2979 2912 3440 2981 πολιτευομένους
3497 2911 3726 2981 εὓρηται
3765 2909 3869 2963 λέ-

2280 3020 2416 3073 γων’
2444 3023 2463 3056 ι
2510 3003 2798 3058 Ἀπὲλθετε
2825 3005 2920 3060 ἀπ’
2945 3004 3102 3076 ἐμοῦ,
3125 3005 3173 3057 oi
3209 3004 3438 3073 ἐργάται
3491 3003 3589 3067 τῆς
3611 3000 3869 3062 ἀδικίας·

2283 3101 2402 3154 ἐκεῖ
2424 3084 2580 3155 ἔσται
2609 3105 2636 3155 6
2659 3102 2958 3172 κλαυθμὸς,
2991 3103 3086 3155 καὶ
3114 3104 3141 3155 6
3164 3100 3411 3171 βρυγμὸς
3441 3099 3549 3154 τῶν
3590 3098 3867 3152 ὀδόντων·

2283 3195 2412 3248 ὅταν
2440 3193 2638 3263 ὄψεσθε
2671 3196 2762 3249 τὸν
2779 3194 3057 3266 Ἀδραᾶμ,
3110 3194 3200 3247 τδν
3230 3192 3438 3258 Ἰσαὰκ,
3507 3192 3595 3245 τὸν
3631 3189 3874 3252 Ἰακὼϐ,

2285 3288 2379 3341 καὶ
2407 3288 2611 3350 πάντας
2643 3288 2769 3350 τοὺς
2829 3287 3117 3357 προφήτας
3151 3290 3208 3340 ἐν
3238 3290 3304 3357 τῇ
3338 3283 3590 3356 βασιλεία
3616 3280 3726 3333 τῶν
3772 3283 3878 3334 οὑ-

2288 3379 2487 3448 ρανῶν,
2528 3380 2675 3450 ὑμᾶς
2734 3380 2791 3433 δὲ
2848 3380 3278 3449 ἐκϐαλλομένους
3342 3376 3465 3441 ἔξω.
3511 3393 3530 3426 ι
3585 3374 3877 3446 Πρόδηλον

2284 3465 2377 3524 οὖν
2404 3471 2486 3525 ὅτι
2517 3472 2709 3537 κοινῶς
2727 3472 2973 3536 ἅπαντας
2988 3471 3252 3542 ἀλλήλους
3280 3471 3459 3523 ἐκεῖσε
3487 3466 3871 3536 γνωρίσομεν,

2286 3564 2379 3615 καὶ
2404 3562 2503 3635 οὐχ
2537 3563 2723 3627 ἁπλῶς
2754 3563 2895 3617 οὕτω
2925 3564 3295 3633 γνωρίσομεν,
3343 3560 3479 3615 ἀλλὰ
3529 3558 3877 3628 τρανότερόν

2283 3672 2340 3710 τε
2368 3658 2459 3711 καὶ
2488 3656 2868 3727 καθαρώτερον
2888 3656 2965 3727 τῷ
3009 3654 3305 3725 διορατικῷ
3338 3657 3546 3720 πάντας
3567 3652 3664 3719 τῆς
3682 3659 3876 3727 ψυχῆς

2285 3745 2573 3815 ὀφθαλμῷ.
2602 3748 2709 3800 Καὶ
2743 3748 2902 3815 δῆλον
2932 3747 2990 3812 ἐξ
3018 3743 3092 3802 ὧν
3113 3751 3139 3801 6
3165 3750 3334 3818 μέγας
3363 3748 3579 3817 Σιμεὼν
3619 3748 3649 3799 6
3678 3748 3879 3798 Στυλίο

2285 3855 2383 3907 της
2406 3839 2540 3909 πρὸς
2562 3840 2660 3909 τὴν
2690 3840 2857 3894 αὑτοῦ
2890 3842 3105 3912 μητέρα
3133 3841 3310 3909 ἔλεγε,
3336 3840 3499 3910 ἡνίκα
3528 3840 3662 3910 παρ’
3688 3840 3875 3910 αὐτῆς

2283 3930 2512 4000 ὀφθῆναι
2544 3931 2933 4001 παρεὸιάζετο’
2972 3952 2991 3985 ι
3039 3934 3105 3987 Εἴ
3135 3950 3217 3986 σοι
3255 3934 3425 3994 δοκεῖ,
3460 3925 3505 3983 ὦ
3539 3936 3738 4000 μῆτερ,
3770 3934 3881 3999 τὴν

2286 4022 2535 4092 ἀλλήλων
2559 4025 2689 4077 Θέαν
2714 4023 2790 4094 τῷ
2818 4025 3029 4078 ἐκεῖθεν
3054 4024 3217 4078 αίῶνι
3258 4014 3699 4093 ταμιευσόμεθα·
3772 4024 3879 4075 καὶ

2285 4116 2445 4184 εἴπερ
2475 4115 2767 4185 εὐάρεστος
2800 4118 2879 4188 τῷ
2912 4117 3030 4187 Θεῷ
3058 4119 3092 4188 ἡ
3125 4116 3372 4169 πολιτεία
3404 4114 3564 4185 ἡμῶν
3590 4113 3735 4183 μετὰ
3772 4114 3878 4183 τὴν

2286 4204 2497 4259 ἐκεῖθεν
2542 4206 2807 4275 ἐκδημίαν
2834 4209 2892 4259 ἐν
2921 4207 3101 4276 ταυτῷ
3120 4192 3649 4274 συνευφραινόμεθα.
3668 4221 3688 4253 ι
3712 4202 3832 4255 Καὶ
3854 4205 3883 4253 6

2286 4302 2584 4368 κορυφαῖος
2642 4301 2853 4370 Πέτρος
2909 4298 3298 4368 ἀριδηλότερον
3367 4295 3538 4360 ἔδειξε
3588 4296 3729 4364 πρὸς
3782 4295 3881 4347 τὸν

2284 4394 2380 4445 τοῦ
2414 4392 2728 4462 Κλήμεντος
2758 4392 2971 4462 πατέρα
2999 4391 3243 4445 Φαῦστον
3270 4390 3353 4442 ἔτι
3383 4390 3693 4458 ἀφώτιστον
3716 4391 3878 4451 δντα,

606 4504 713 4542 una
764 4506 888 4545 cum
946 4495 1170 4563 preprio
1212 4497 1332 4551 viro
1379 4498 1507 4561 erit,
1560 4509 1615 4553 et
1666 4500 1829 4555 simul
1857 4502 2171 4569 exsultabit,

2282 4483 2662 4547 οὖτωςείπών·
2704 4503 2721 4536 ι
2760 4485 3001 4538 Σπεῦσόν
3041 4501 3100 4536 σε
3130 4485 3413 4553 ὁμὸρφονα
3460 4481 3724 4550 γενέσθαι
3776 4500 3877 4569 γυ-

604 4596 772 4636 aurca
827 4584 989 4637 verba
1052 4585 1290 4643 fundens
1340 4588 1581 4643 Joannes
1632 4592 2029 4647 demonstrabit
2080 4593 2177 4647 tibi

606 4674 974 4740 apertissime.
1008 4673 1291 4732 Juniurem
1329 4679 1476 4733 enim
1507 4681 1725 4736 viduam
1773 4683 2073 4737 exhortans
2104 4690 2180 4735 aut

608 4763 845 4817 animum
894 4781 1006 4819 non
1060 4767 1431 4836 desponderet
1477 4780 1531 4825 et
1582 4772 1699 4826 haec
1747 4773 2010 4828 adducit:
2058 4792 2077 4825 ι
2120 4773 2179 4828 Si

606 4870 737 4908 vero
778 4866 835 4909 et
885 4856 1025 4911 facie
1077 4859 1143 4913 ad
1186 4860 1379 4915 faciem
1413 4863 1494 4916 vis
1524 4864 1809 4934 proprium
1850 4866 2025 4919 virum
2057 4880 2183 4919 con-

608 4944 859 5012 spicere;
885 4946 1012 5001 novi
1048 4949 1193 5003 enim
1222 4960 1274 5003 te
1306 4950 1361 5006 id
1389 4954 1621 5006 maxime
1640 4953 1987 5018 desiderare;
2020 4969 2181 5008 serva

610 5037 711 5103 ipsi
733 5047 909 5092 torum
935 5040 1001 5093 ab
1014 5042 1187 5097 altero
1205 5044 1319 5097 viro
1346 5044 1630 5108 intactum,
1658 5054 1711 5099 et
1736 5046 1898 5098 vitam
1917 5046 2182 5101 exhibere

608 5138 797 5199 satage
834 5131 882 5185 ei
921 5133 1209 5201 aequalem,
1245 5143 1300 5189 et
1329 5136 1556 5189 omnino
1590 5135 1642 5189 in
1674 5137 1927 5190 eumdem
1961 5137 2067 5191 ibis
2099 5137 2181 5191 lo-

606 5237 728 5274 cum
758 5239 880 5278 cum
935 5224 1075 5294 ipso,
1125 5244 1233 5281 non
1291 5239 1349 5282 ut
1388 5238 1616 5299 cognata
1660 5230 1825 5294 illius,
1881 5230 1974 5284 sed
2024 5240 2082 5283 ut
2119 5246 2183 5285 ea

603 5333 729 5386 quia:
769 5319 1017 5374 eamdem
1062 5337 1287 5391 prorsus
1340 5322 1505 5376 vitam
1558 5325 1885 5378 institueris.
1925 5325 1979 5378 Si
2034 5326 2184 5379 enim

607 5410 897 5479 Lazarum,
923 5414 1140 5482 ignotus
1168 5431 1289 5471 cum
1331 5423 1478 5470 esset
1518 5417 1846 5483 Abraltatno,
1903 5418 1950 5471 is
1987 5418 2039 5471 in
2067 5433 2219 5474 eos-1

608 5519 733 5558 uem
774 5504 931 5558 sinus
956 5521 1142 5559 secum
1171 5507 1425 5573 adduxit;
1458 5508 1656 5563 multos
1690 5509 1855 5563 etiam
1884 5510 1952 5564 ab
1977 5510 2188 5565 oriente

604 5604 667 5650 et
691 5598 1001 5664 occidente,
1046 5608 1105 5654 ut
1134 5614 1259 5653 cum
1293 5600 1415 5669 ipso
1465 5602 1807 5669 recumbunt,
1850 5613 2006 5672 parat
2054 5618 2188 5659 con-

680 5768 798 5838 (85)
841 5769 895 5824 id
932 5787 997 5826 ex
1030 5772 1363 5842 alocrypliis
1398 5782 1691 5845 sumptum.

2286 4578 2434 4630 ναικὶ
2460 4579 2554 4631 καὶ
2588 4578 2822 4642 τέκνοις,
2853 4578 2999 4638 ὅπως
3028 4577 3122 4628 καὶ
3155 4574 3395 4629 ἐνταῦθα
3427 4574 3740 4643 ὁμοδίαιτος
3780 4568 3877 4647 ᾖς,

2287 4670 2509 4723 κάκεῖσε
2544 4670 2683 4739 μετά
2721 4670 2816 4723 τὸν
2843 4670 2951 4723 ἀπὸ
2975 4668 3069 4722 τοῦ
3097 4668 3355 4736 σώματος
3411 4671 3510 4737 τῆς
3536 4667 3729 4736 ψυχῆς
3758 4686 3874 4736 χωο

2291 4760 2484 4830 ρισμὸν
2521 4760 2693 4814 συνὼν
2729 4763 2786 4814 ἐν
2811 4761 3118 4830 εὐφροσύνῃ
3140 4760 3354 4832 διάγῃς.
3406 4778 3425 4811 ι
3467 4758 3733 4819 ὀπωςδὲ
3766 4758 3873 4811 καὶ

2287 4854 2407 4908 τίνα
2436 4858 2637 4926 τρόπον
2670 4858 2702 4926 ἡ
2739 4854 2977 4925 γυνὴτῷ
3020 4856 3134 4925 ίδίῳ
3160 4855 3349 4925 μέλλει
3411 4854 3572 4924 ἀνδρὶ
3624 4855 3883 4907 συνεῖναί

2290 4963 2349 4999 τε
2389 4948 2483 4999 κα)⁸
2540 4947 3000 5015 συναγάλλεσθαι,
3060 4950 3089 5000 6
3139 4949 3552 5019 χρυσορρήμων
3610 4946 3886 5015 Ἰωάννης

2291 5039 2533 5109 παριστᾷ
2564 5056 2643 5092 σοι
2695 5041 3047 5108 σαφέστατα*
3071 5042 3314 5112 νεωτέρα
3349 5040 3458 5109 γάρ
3500 5056 3611 5093 τινι
3670 5056 3883 5109 χηρευσ

2294 5131 2434 5203 σάσῃ
2472 5131 2751 5202 παραινῶν
2774 5131 2849 5201 μὴ
2876 5133 3127 5202 ἀθυμεῖν,
3155 5132 3350 5200 ἐπάγει
3382 5131 3473 5184 καὶ
3501 5130 3646 5183 τάδε·
3684 5148 3703 5179 ι
3734 5129 3800 5183 Ei.
3823 5130 3890 5181 δὲ

2293 5223 2388 5274 καὶ
2415 5222 2704 5291 πρόςωπον
2738 5222 2914 5292 βούλει
2944 5224 3083 5291 πρὸς
3109 5220 3402 5293 πρόσωπον
3439 5222 3570 5275 ἰδεῖν
3620 5221 3718 5277 τὸν
3743 5222 3888 5275 ἴδιον

2293 5314 2485 5383 ἄνδρα·
2507 5317 2666 5370 τοῦτο
2692 5318 2800 5387 γὰρ
2820 5313 2936 5371 οἶδα
2965 5318 3048 5371 ὅτι
3084 5318 3322 5386 μάλιστα
3356 5316 3570 5375 ποθεῖς*
3599 5314 3890 5383 διαφύλαο

2296 5405 2385 5472 ξον
2411 5406 2560 5477 αὐτῴ
2590 5405 2690 5476 τὴν
2726 5406 2888 5476 εὐνὴν
2953 5406 3237 5474 ἀνέπαφον
3288 5405 3485 5474 ἁνὸρδς
3515 5402 3740 5471 ἑτέρου,
3784 5404 3891 5455 καὶ

2300 5499 2413 5568 βίον
2444 5497 2819 5563 ἐπιδείξασθαι
2841 5498 3148 5553 σπούδασον
3186 5500 3304 5552 ίσον
3339 5497 3559 5567 ἐκείνῳ,
3590 5495 3688 5548 καὶ
3744 5495 3895 5546 πάν-

2296 5607 2405 5655 τως
2436 5591 2514 5655 si;
2542 5590 2635 5644 τὸν
2669 5588 2834 5644 αὑτὸν
2884 5590 3175 5644 ἀπελεύσει
3226 5589 3406 5661 χῶρον
3436 5587 3609 5657 αὐτῷ,
3664 5586 3772 5656 οὐχ
3806 5585 3893 5647 ὡς

2638 5712 2709 5729 κθ,
2733 5712 2741 5719 -
2780 5714 2795 5720 ι
2818 5713 2919 5725 μη--
