4088 6186
215 223 324 327 ’193

1564 267 1929 331 EPISTOLA
1968 270 2139 334 VIII.

3364 275 3471 338 794

222 376 494 447 συγγενὴς
520 377 753 444 ἐκείνου,
786 381 902 436 ἀλλ’
936 381 1011 445 ὼς
1055 383 1155 454 τὴν
1181 383 1351 453 αὐτὴν
1385 383 1598 445 πάντως
1626 383 1785 448 δεξα-

1894 384 2128 440 versatio
2155 398 2251 453 per
2279 382 2463 438 omnia
2489 382 2719 448 similis;
2750 391 2803 438 et
2833 392 2883 438 te
2904 399 3029 438 cum
3065 384 3296 459 honesto
3324 383 3469 439 The-

225 470 363 540 μένη
386 470 687 527 πολιτείαν.
726 475 786 527 Ei
815 475 923 545 γὰρ
970 475 1059 529 τὸν
1090 475 1340 547 Λάζαρον
1386 476 1604 544 ἀγνῶτα
1661 477 1788 530 ὄντα

114 622 129 627 ,
225 560 304 632 τῷ
329 561 584 632 Ἀϐραὰμ
610 566 690 627 είς
715 568 841 631 τοὺς
871 568 1067 631 αὐτοὺς
1123 569 1355 632 κόλπους
1390 568 1538 638 αὐτῷ
1588 568 1786 638 ἧγαγε,
1840 592 1845 595 ν

227 654 321 707 καὶ
354 654 585 717 πολλοὺς
610 657 704 729 ἀπ’
732 658 1007 728 ἀνατολῷν
1039 660 1132 712 καὶ
1165 659 1386 729 δυσμῶν
1431 658 1788 729 ἀνακλιθῆναι

226 747 354 816 μετ’
378 747 547 804 αὐτοῦ
570 725 977 819 παρασκευάζει
1008 752 1070 805 τὸ
1094 753 1191 823 τῆς
1218 752 1494 815 πολιτείας
1541 752 1790 822 ἀπαραλ-

221 834 445 901 λακτον,
486 838 580 891 καί
637 856 696 891 σε
760 842 896 909 μετὰ
957 843 1050 894 1:06
1085 842 1250 896 καλοῦ
1312 842 1586 912 Θηρασίου
1641 845 1791 910 ὁτῆς

220 926 571 991 ἀναστάσεως
607 928 883 995 ἐκδέξεται
911 933 1097 996 τόπος,
1133 933 1198 986 ἂν
1222 932 1412 999 ἐκείνῳ
1445 932 1521 1001 τῷ
1548 932 1649 1001 βίῳ
1699 932 1789 984 θέ-

222 1017 325 1088 λῃς
363 1018 455 1070 τὸν
500 1019 663 1072 αὐτὸν
717 1021 1115 1084 ἐπιδείξασθαι·
1165 1023 1306 1076 οὕτω
1354 1023 1447 1075 καὶ
1472 1022 1571 1092 τὴν
1623 1022 1792 1091 αὐτὴν

225 1109 423 1178 ἐκείνῳ
448 1111 792 1177 κατοικήσεις
827 1112 1054 1183 σκηνὴν,
1091 1114 1186 1166 καὶ
1234 1112 1574 1183 συναφθῆναι
1629 1114 1792 1167 πάλιν

225 1203 376 1273 αύτῷ
402 1204 620 1274 δυνήσει
675 1207 753 1268 είς
788 1210 912 1271 τοὺς
962 1210 1263 1273 ἀθανάτους
1308 1199 1551 1274 ἐκείνους
1591 1210 1795 1273 αἰῶνας

225 1292 290 1344 οὗ
323 1293 525 1364 ταύτην
560 1297 657 1363 τὴν
702 1297 799 1349 τοῦ
852 1299 1032 1368 γάμου
1086 1301 1404 1369 συνάφειαν,
1461 1299 1575 1353 ἀλλ’
1602 1300 1795 1369 ἑτέραν

228 1383 410 1453 πολλῷ
435 1386 701 1453 βελτίονα.
740 1389 886 1461 Αὕτη
914 1392 1016 1460 μὲν
1047 1391 1150 1462 γὰρ
1177 1392 1443 1461 σωμάτων
1494 1391 1611 1444 ἐστὶ
1661 1408 1799 1460 συμο

224 1475 408 1545 πλοκὴ
446 1478 624 1546 μόνον·
685 1481 803 1533 τότε
833 1481 888 1534 δὲ
913 1484 1091 1551 ψυχῆς
1140 1485 1257 1536 ἐστι
1288 1483 1422 1551 πρὸς
1457 1482 1635 1552 ψυχὴν
1666 1482 1792 1535 ἕνω-

226 1581 313 1628 σις
338 1568 704 1637 ὀκριόεστέρα
770 1575 863 1625 καὶ
894 1574 1058 1643 ἡδίων
1105 1574 1284 1643 πολλῷ
1348 1575 1443 1627 καὶ
1495 1574 1740 1643 βελτίων.
1775 1591 1792 1624 ι

1897 476 2045 531 rasio
2077 475 2502 529 resurrectionis
2549 475 2704 529 locus
2742 476 2999 543 excipiet,
3044 477 3088 529 si
3130 476 3221 529 illa
3250 477 3358 530 vita
3390 478 3472 546 ip-

1896 577 2017 621 sum
2048 566 2312 621 exhibere
2350 567 2609 621 volueris.
2660 566 2738 621 Ita
2778 579 2832 622 et
2862 560 3004 621 idem
3054 583 3177 622 cum
3218 567 3337 637 ipso
3384 577 3471 622 ιε]-
3536 595 3541 599 η

1897 656 2253 711 bernacttlunt
2309 658 2601 722 habitahis,
2648 667 2702 711 et
2757 659 2920 713 simul
2960 659 3217 729 conjungi
3269 659 3468 712 iterum

1897 751 2104 818 poteris
2135 764 2234 818 per
2287 750 2614 804 immortalia
2664 751 2755 805 illa
2805 753 3021 816 saecula,
3062 769 3168 806 non
3212 753 3313 806 hac
3363 768 3467 806 nn-

1898 838 2135 908 ptiarum
2168 840 2382 907 copula,
2416 841 2511 895 sed
2541 840 2643 893 alia
2696 842 2873 895 multo
2899 843 3130 896 meliori.
3166 841 3290 896 Haec
3319 844 3466 896 enim

1898 945 2189 999 corporum
2222 916 2433 986 tantum
2465 942 2549 985 est
2577 935 2926 1001 complexus;
2957 945 3086 988 tunc
3115 950 3241 988 \‘ero
3274 937 3470 989 animat

1899 1022 2008 1076 erit
2042 1037 2167 1076 cum
2204 1024 2387 1075 anima
2416 1023 2738 1093 conjunctio
2763 1025 3030 1089 exactior,
3062 1035 3115 1080 et
3145 1026 3314 1079 multo
3344 1042 3472 1080 sua-

1900 1115 2019 1168 vior
2072 1130 2134 1169 ac
2194 1115 2553 1183 prmstautinr.
2599 1135 2618 1166 ι
2679 1116 2736 1170 Si
2794 1112 2928 1170 vero
2975 1117 3088 1170 haec
3137 1118 3210 1169 ita
3246 1118 3469 1180 habent,

1894 1208 2065 1263 satius
2122 1216 2205 1261 est
2255 1217 2317 1260 ut
2367 1212 2646 1261 tacea’mus
2684 1217 2739 1262 et
2770 1209 3061 1278 diligamus
3114 1223 3234 1275 ane
3268 1209 3471 1276 scripta

1893 1298 2135 1361 fuerunt,
2172 1307 2227 1352 et
2261 1314 2368 1352 non
2408 1299 2683 1351 contraria
2708 1300 3008 1353 sentiamus
3035 1299 3322 1368 prephelis
3350 1298 3474 1366 Spi-

1894 1389 2065 1453 ritus;
2097 1403 2167 1444 ne
2206 1389 2347 1443 forte
2374 1399 2428 1443 et
2456 1400 2644 1445 contra
2689 1406 2787 1445 nos
2815 1391 3083 1445 inferatur
3121 1389 3474 1459 prepheticus

1896 1481 2396 1549 sermo-quidicit:
2430 1500 2447 1532 ι
2480 1480 2568 1535 Vae
2592 1481 2659 1534 iis
2678 1482 2770 1549 qui
2797 1482 2903 1536 sibi
2935 1482 3071 1551 ipsis
3093 1488 3221 1534 sunt
3250 1479 3469 1547 sapien-

1901 1582 2003 1638 tes,
2032 1578 2087 1623 et
2115 1584 2298 1625 coram
2333 1587 2394 1625 se
2424 1571 2609 1641 periti.
2650 1589 2669 1622 ι

224 1654 366 1708 Είδὲ
390 1656 560 1709 ταῦτα
589 1658 762 1724 οὕτως
794 1660 932 1730 ἔχει,
962 1666 1181 1733 σιωπᾷν
1223 1666 1369 1734 ἡμᾶς
1394 1664 1618 1733 ἄμεινον
1676 1663 1925 1731 στέργειν
1976 1676 2036 1712 τε
2104 1660 2183 1713 τάκ
2235 1662 2624 1731 γεγραμμένα,
2674 1662 2770 1715 καὶ
2817 1663 2891 1733 μὴ
2942 1664 3201 1717 τάναντία
3256 1663 3475 1732 φρονεῖν

222 1753 338 1813 τοῖς
361 1751 668 1822 ύποφήταις
692 1755 783 1808 τοῦ
843 1758 1180 1825 [Ινεύματοςο
1235 1758 1321 1811 ἵνα
1386 1760 1460 1829 μὴ
1514 1761 1608 1813 καὶ
1672 1759 1795 1813 καθ’
1831 1755 1988 1825 ἡμῶν
2019 1758 2049 1809 ὁ
2078 1757 2419 1826 προφητικὸς
2446 1756 2754 1828 ἐξενεχθείη
2798 1758 2956 1826 λόγος
2995 1761 3021 1812 ὁ
3059 1759 3258 1827 λέγων’
3302 1757 3466 1810 «Οὐαὶ

222 1849 274 1901 οἱ
305 1850 440 1919 παρ’
476 1852 689 1915 ἑαυτοῖς
720 1856 893 1921 σοφοὶ,
920 1855 1015 1907 καὶ
1038 1855 1272 1909 ἐνώπιον
1323 1856 1504 1909 αὐτῶν
1566 1856 1954 1925 ἐπιστήμονες.
1990 1869 2009 1903 ι

758 1968 1099 2022 ΕΠΙΣΤΟΛΗ
1154 1967 1237 2024 η’.

232 2066 320 2133 τῷ
334 2072 668 2145 τιμιωτάτῳ
689 2075 933 2143 μοναχῷ
958 2078 1119 2144 κυρῷ
1168 2077 1405 2144 Ἡσαΐᾳ.
1436 2106 1502 2117 -
1524 2079 1662 2145 Περὶ
1685 2079 1791 2132 τοῦ

296 2140 420 2217 εἴτε
442 2140 801 2217 προκόπὲειν
823 2140 879 2198 οἱ
906 2140 1120 2217 δίκαιοι
1173 2140 1465 2215 μέλλουσι
1531 2140 1680 2201 κτίτά
1724 2166 1791 2214 γε

297 2215 549 2288 γνῶσιν,
586 2215 681 2288 καί
724 2215 935 2279 δόξαν,
961 2216 1079 2270 εἴτε
1101 2217 1293 2287 καὶμὴ
1325 2220 1475 2286 μετὰ
1506 2220 1617 2288 τῂν
1647 2218 1792 2271 ἐκεῖ-

298 2294 375 2331 σε
403 2279 926 2339 ἀποκατάστασιν.

280 2392 528 2463 -Πρῶτον
556 2396 655 2463 μὲν
688 2394 780 2450 οὖν
833 2401 925 2452 ἐπὶ
985 2402 1196 2463 τούτοις
1250 2401 1545 2470 ἀναγκαῖον
1595 2404 1789 2465 εἰπεῖν,

224 2479 496 2536 θεοείκελε
532 2485 683 2556 ἄνερ,
715 2489 874 2541 ὁποία
907 2490 990 2550 τίς
1020 2493 1172 2543 ἐστιν
1245 2494 1277 2561 ὴ
1312 2496 1489 2546 ἐκεῖσε
1548 2496 1660 2557 τοῖς
1708 2495 1789 2549 δι-

224 2570 413 2633 καίοις
444 2573 925 2645 άποταμιευομένη
955 2581 1311 2641 κατάστασις·
1370 2583 1461 2634 καὶ
1492 2582 1638 2644 ὅπως
1697 2585 1793 2636 αὑ-

218 2662 338 2714 τῶν
364 2663 591 2728 ἕκαστος
621 2671 718 2722 καὶ
737 2669 858 2721 τινα
889 2670 1091 2740 τρόπον
1149 2672 1292 2740 μετὰ
1332 2673 1547 2725 ἐνθένδε
1606 2675 1790 2745 βιοτὴν

218 2760 627 2831 ἀναπαύσεται*
650 2764 792 2818 οὕτω
822 2766 929 2837 γὰρ
964 2765 1031 2819 ἂν
1051 2768 1192 2837 καὶὴ
1218 2770 1344 2837 περὶ
1376 2768 1470 2822 τοῦ
1494 2771 1789 2838 κεφαλαίου

218 2850 383 2905 τοῦδε
457 2852 753 2925 συζήτησις
809 2858 1258 2929 ἐκφαντικωτέρα
1317 2864 1611 2932 γενήσεται
1677 2869 1791 2926 τοῖς

220 2945 615 3015 προσέχουσιν.
675 2948 735 3001 Ei
801 2950 909 3017 γὰρ
958 2951 1052 3003 καὶ
1112 2953 1359 3022 Σωτῆρος
1396 2954 1557 3024 ήμῶν
1612 2953 1791 3024 Ἰησοῦ

218 3035 467 3103 Χριστοῦ
498 3038 556 3089 ἐν
583 3038 939 3105 Εὑαγγελίοις
986 3042 1324 3112 ἀκούσαιμεν
1381 3044 1654 3112 λέγοντος,
1707 3046 1791 3099 ὅτι

222 3141 247 3175 ‹
284 3124 380 3178 Ἑν
413 3127 481 3194 τῇ
509 3127 654 3196 οἰκίᾳ
679 3128 771 3181 τοῦ
793 3130 1001 3198 Πατρός
1030 3149 1131 3200 μου
1160 3132 1352 3185 πολλαί
1403 3135 1561 3201 μοναί
1591 3137 1784 3201 είσιν,›

217 3214 342 3267 ἀλλ’
368 3216 429 3268 ού
455 3218 717 3287 διαφορὰν
738 3221 1227 3291 οίκημάτωνὲνθεν
1255 3227 1515 3279 κακείθεν
1552 3229 1789 3299 ἐγηγερ-

2426 1960 2765 2020 EPISTOLA
2809 1966 2943 2021 Vill.

1900 2074 2195 2126 Admodum
2264 2073 2556 2128 venerando
2615 2074 2865 2126 monacho
2925 2074 3115 2127 domno
3177 2075 3470 2128 Esaiau—

1975 2141 2158 2197 Utrum
2186 2147 2313 2209 iusti
2346 2145 2599 2212 proﬁcere
2642 2144 2859 2196 debeunt
2899 2146 3115 2196 scientia
3182 2156 3228 2197 et
3275 2146 3466 2212 gloria,

1970 2213 2050 2266 uel
2079 2229 2202 2278 non,
2231 2224 2344 2281 post
2373 2230 2509 2277 eam,
2541 2229 2657 2281 qua:
2700 2213 2772 2265 ibi
2804 2216 2925 2278 erit,
2966 2214 3367 2267 restitutionem.

1970 2389 2211 2445 Primum
2264 2391 2487 2460 quidem
2537 2391 2699 2461 igitur
2748 2390 2814 2444 de
2872 2390 2956 2445 his
3005 2389 3188 2445 dicere
3242 2404 3471 2445 necesse

1898 2489 2001 2546 est,
2030 2481 2215 2537 divine
2238 2484 2341 2547 vir,
2378 2485 2555 2552 qualis
2592 2483 2848 2537 videlicet
2897 2484 3140 2538 conditio
3193 2493 3299 2550 est,
3349 2499 3471 2552 qua:

1898 2576 1974 2631 ibi
2008 2576 2170 2645 iustis
2202 2585 2554 2650 reservatur,
2597 2586 2651 2629 et
2704 2576 2983 2643 quomodo
3029 2577 3270 2645 ipsorum
3304 2577 3469 2646 quili-

1898 2666 1991 2721 bet
2025 2677 2147 2736 post
2204 2670 2344 2721 hanc
2386 2667 2552 2720 vitam
2610 2668 2939 2735 requiescet.
2994 2666 3068 2719 Ita
3116 2669 3259 2719 enim
3308 2678 3361 2721 ct
3405 2670 3471 2723 de

1899 2762 2077 2828 capite
2110 2759 2215 2813 hoc
2269 2759 2500 2827 quaestio
2550 2760 2959 2813 attendentihus
2997 2760 3301 2813 evidentior
3355 2758 3465 2816 lict.

1899 2849 1955 2903 Si
2011 2851 2155 2902 enim
2206 2859 2261 2902 et
2291 2848 2638 2904 Servatorcm
2674 2861 2919 2904 nostrum
2958 2850 3145 2905 Iesum
3190 2852 3466 2908 Christum

1900 2938 1954 2992 in
1984 2930 2295 3010 Evangeliis
2324 2940 2596 2994 dicentem
2644 2940 2950 3003 audiamus,
2995 2943 3050 2995 in
3099 2945 3261 2997 domo
3294 2945 3467 2998 l’atris

1898 3029 1981 3082 sui
2037 3031 2233 3083 multas
2260 3044 2380 3084 esse
2435 3032 2786 3090 mansiones.
2833 3047 2943 3086 non
2996 3035 3185 3099 utique
3240 3036 3467 3088 domici-

1897 3115 2093 3171 liorum
2145 3117 2510 3173 diﬂ‘erentiam
2551 3120 2653 3175 hac
2706 3130 2760 3174 et
2796 3121 2918 3174 illac
2974 3121 3356 3191 excitaturum,
3411 3136 3467 3181 et

1897 3222 1927 3260 a
1990 3207 2155 3277 iustis
2214 3210 2527 3265 haereditate
2571 3213 2971 3279 adeundorum,
3015 3215 3108 3269 sed
3163 3216 3462 3272 charisma-

223 3309 412 3376 μένων
447 3310 676 3374 καὶτοῖς
726 3312 950 3375 δικαίοις
1010 3315 1574 3386 ἀποκεκληρωμένων,
1633 3336 1790 3389 χαρι-

1900 3306 2013 3351 tum
2068 3300 2433 3369 preprietates
2487 3304 2838 3374 evangelicus
2893 3313 2947 3359 et
3000 3306 3219 3361 divinus
3282 3323 3463 3363 sermo

221 3400 453 3469 σμάτων
490 3402 547 3454 δὲ
581 3402 847 3471 ἰδιότητας
878 3406 906 3458 ό
930 3406 1287 3474 εύαγγελικὺς
1328 3412 1422 3461 καὶ
1464 3409 1603 3474 θεῖος
1632 3412 1787 3479 λόγος

215 3488 477 3543 ἐντεῦθεν
515 3491 888 3563 ύπεμνήσατο.
932 3496 1067 3566 Περὶ
1101 3499 1214 3560 τοῖς
1272 3502 1580 3570 χαρίσμασι
1602 3501 1787 3555 λοιπὸν

214 3582 283 3634 τὸ
338 3582 618 3654 διάφορον
687 3588 720 3657 η
789 3588 898 3656 γὰρ
985 3588 1121 3658 μονὴ
1202 3591 1299 3658 μία
1379 3592 1476 3644 καὶ
1528 3592 1589 3643 οὐ
1660 3592 1789 3645 πολ-

213 3672 332 3726 λαί.
380 3674 476 3736 Τίς
534 3674 590 3727 δὲ
641 3676 675 3745 ἡ
733 3679 868 3747 μονὴ
929 3677 1115 3747 ἐκείνη
1162 3680 1258 3733 καὶ
1317 3680 1483 3734 πόθεν
1535 3684 1649 3744 τοῖς
1708 3683 1787 3736 δι-

213 3764 399 3827 καίοις
425 3764 833 3835 ἀπονενέμηται
862 3768 928 3820 τὰ
953 3769 1289 3839 χαρίσματα,
1320 3771 1484 3834 αύτδς
1526 3773 1554 3825 ὁ
1584 3773 1789 3844 Κύριος

208 3856 383 3926 ἡμῶν
418 3857 627 3927 Ἰησοῦς
656 3858 889 3926 Χριστὸς
918 3861 1031 3922 τοῖς
1063 3861 1197 3913 πᾶσι
1236 3863 1412 3917 πάντα.
1458 3864 1576 3917 τότε
1634 3865 1787 3918 καθι-

212 3963 440 4003 σταται.
471 3950 645 4010 Αὐτός
669 3951 818 4004 ἐστιν
856 3952 889 4021 ἠ
925 3953 1081 4020 μονὴ,
1114 3954 1208 4005 καὶ
1238 3949 1278 4024 ἦ
1305 3954 1665 4025 άνεκλάλητος
1682 3957 1790 4011 τῶν

209 4034 450 4092 δικαίων
499 4040 645 4109 χαρά
671 4055 686 4071 °
711 4042 872 4104 αύτδς
914 4042 948 4113 η
978 4041 1297 4109 ἀπόλαυσις,
1327 4043 1537 4115 αὐτὸςὴ
1570 4045 1789 4098 πάντων

210 4131 544 4194 ἀνάστασις.
575 4134 685 4186 Καὶ
715 4133 873 4187 τοῦτο
909 4134 1071 4203 δῆλον
1104 4128 1259 4199 EEth
1287 4138 1315 4188 ὁ
1348 4135 1609 4204 Θεολόγος
1650 4137 1791 4208 Γρης

211 4222 409 4294 γόριος
426 4223 601 4288 οὕτως
631 4224 859 4296 εὓρηται
888 4226 1083 4294 λέγων·
1138 4246 1156 4278 ‹
1198 4227 1393 4280 Οὐκέτι
1444 4228 1627 4281 λοιπὸν
1662 4230 1790 4282 ἀθε-

207 4320 377 4388 τήσω
401 4319 468 4371 τὰ
493 4318 894 4387 ὁμολογηθέντα
924 4338 1016 4389 μοι
1043 4321 1103 4373 ἐν
1147 4320 1226 4390 τῷ
1285 4321 1648 4392 βαπτίσματι,
1670 4356 1677 4359 ε
1700 4324 1788 4377 ἵνα

215 4411 302 4481 μὴ
333 4413 432 4481 τῆς
455 4411 663 4463 ἐκεῖθεν
695 4413 925 4465 ὲκπέσω
965 4414 1392 4484 μακαριότητος.
1441 4413 1504 4467 Ἦ
1533 4414 1589 4468 δέ
1640 4414 1789 4468 ἐστιν

209 4502 250 4572 ἡ
315 4500 414 4569 τῆς
465 4500 695 4571 Τριάδος
753 4502 1110 4571 ἔκτυπωτέρα
1168 4503 1493 4571 κατάληψις.
1540 4521 1560 4555 ι
1630 4503 1782 4575 Πρὸς

209 4592 431 4654 τούτοις
458 4590 517 4645 δὲ
552 4592 647 4645 καὶ
673 4594 701 4645 ό
750 4592 1047 4655 ὁσιώτατος
1109 4593 1405 4663 Βαρλαὰμ,
1440 4594 1526 4655 τίς
1572 4595 1721 4647 ἐστιν
1753 4596 1785 4666 ἡ

209 4683 472 4755 βασιλεία
506 4683 615 4736 τῶν
668 4685 917 4754 οὐρανῶν
953 4686 1271 4755 ἐρωτηθεὶς,
1329 4687 1590 4758 τοιαύτην
1651 4688 1790 4759 πρὸς

206 4779 313 4831 τον
378 4776 621 4845 ’Ῑωάσαφ
695 4780 908 4833 ἐκεῖνον
967 4780 1265 4850 ἐποιήσατο
1318 4781 1421 4849 τῆν
1477 4782 1790 4853 ἀπόκρισιν,

219 4886 239 4918 ι
289 4866 385 4927 Ὠς
411 4869 475 4918 ὲκ
506 4866 729 4935 Γραφῆς
761 4868 1058 4938 μεμάθηκα
1100 4868 1278 4936 ἔγωγε
1330 4871 1391 4922 τὸ
1430 4870 1660 4940 πλησίον
1703 4888 1795 4937 γε-

211 4958 411 5012 νέσθαι
444 4961 544 5027 τῆς
575 4958 806 5028 θεωρίας
837 4959 940 5027 τῆς
968 4960 1130 5028 ἁγίας
1154 4960 1403 5031 Τριάδος·
1457 4969 1548 5014 καὶ
1603 4964 1799 5014 ἀνακε-

215 5049 565 5120 καλυμμένῳ
596 5050 675 5119 τῷ
707 5051 985 5121 προσώπῳ
1014 5051 1111 5121 τὴν
1148 5052 1307 5117 δόξαν
1339 5053 1509 5121 αὐτῆς
1540 5052 1795 5122 ἐνοπτρὶ-

215 5142 438 5207 ζεσθαι.
474 5142 668 5195 Ἔνθεν
688 5160 772 5195 τοι
825 5144 920 5198 καὶ
980 5143 1056 5213 τῷ
1092 5146 1268 5215 νοητῷ
1309 5146 1406 5214 μὲν
1442 5144 1576 5214 ἡλίῳ
1630 5145 1789 5198 ἐπενο

213 5232 578 5301 τρανίσουσιν
635 5232 872 5294 ἅπαντες
903 5234 1121 5299 δίκαιοι,
1164 5235 1370 5289 καὶτοῦ
1400 5234 1541 5287 θείου
1574 5234 1784 5288 ἐκείνου

1892 3390 2020 3445 inde
2067 3394 2538 3449 commemoravit.
2600 3395 2867 3451 Caeterum
2922 3398 3316 3454 charismatum
3372 3402 3462 3455 di-

1889 3484 2127 3538 scrimen
2168 3492 2273 3551 est,
2328 3501 2431 3539 una
2461 3486 2605 3541 enim
2653 3482 2887 3555 man'sio,
2928 3506 3035 3545 non
3083 3492 3285 3547 ωυιιιι».
3331 3492 3463 3559 Quae

1890 3589 2023 3629 vero
2061 3576 2278 3631 mansio
2305 3577 2419 3641 illa,
2451 3588 2506 3633 et
2532 3580 2677 3634 unde
2700 3582 2865 3650 justis
2910 3582 3239 3636 charismata
3275 3584 3462 3637 distri-

1887 3664 2144 3730 buantur,
2182 3666 2297 3736 ipse
2344 3668 2609 3724 Dominus
2640 3682 2825 3726 noster
2855 3671 3013 3727 Jesus
3047 3675 3298 3729 Christus
3321 3691 3458 3729 cun-

1889 3756 1994 3811 ctis
2021 3758 2205 3813 omnia
2239 3768 2367 3814 tunc
2399 3762 2730 3817 constitutus
2776 3773 2877 3819 est.
2931 3765 3049 3835 Ipse
3098 3777 3181 3823 est
3226 3770 3457 3836 mansio,

1890 3860 1943 3902 et
1973 3850 2246 3907 ineﬂ‘ahile
2281 3852 2552 3922 justorum
2585 3855 2881 3923 gaudium;
2933 3857 3050 3925 ipse
3098 3859 3310 3923 fruitio,
3341 3862 3461 3930 ipse

1893 3941 2141 3995 omnium
2177 3945 2531 3998 resurrectio.
2561 3944 2630 3996 Et
2657 3945 2708 3997 id
2744 3945 3095 4000 manifestum
3124 3963 3191 4001 ex
3226 3949 3291 4003 iis
3340 3965 3461 4018 qum

1890 4030 2200 4105 Theologus
2248 4034 2545 4105 Gregorius
2592 4036 2664 4090 ita
2703 4036 2887 4093 dicere
2930 4040 3249 4109 reperitur:
3293 4060 3312 4092 ι
3342 4043 3458 4095 Cae-

1892 4130 2068 4177 terum
2104 4139 2176 4179 ne
2219 4118 2450 4194 amplius
2493 4135 2866 4192 contemnam,
2908 4145 3030 4198 qua:
3083 4130 3135 4184 in
3185 4131 3457 4202 baptismo

1891 4216 2179 4272 confessus
2207 4233 2351 4281 sum,
2391 4232 2459 4272 ne
2509 4218 2597 4271 illa
2631 4219 2971 4275 beatitudine
3013 4223 3283 4279 excidam.
3330 4226 3458 4279 Haec

1890 4316 2073 4362 autem
2111 4315 2195 4363 est
2252 4307 2535 4364 Trinitatis
2581 4312 2900 4381 expressior
2954 4314 3394 4383 comprehensio.
3430 4333 3449 4368 ι

1890 4400 2120 4469 Insuper
2172 4408 2227 4455 et
2297 4401 2674 4457 sanctissimus
2728 4402 2997 4469 Barlaam,
3035 4406 3165 4473 quid
3237 4407 3306 4460 sit
3367 4419 3456 4459 re-

1890 4504 2060 4562 gnum
2110 4492 2377 4547 caelorum
2415 4493 2799 4564 interrogatus,
2848 4496 3009 4549 talem
3055 4494 3331 4563 Joasapho
3381 4496 3456 4549 illi

1892 4584 2309 4654 responsionem
2341 4582 2489 4640 dedit
2516 4601 2530 4638 :
2569 4603 2588 4635 ι
2618 4585 2687 4640 Ut
2716 4601 2778 4639 ex
2807 4586 3089 4657 Scriptura
3122 4588 3240 4658 ipse
3270 4588 3458 4653 didici,

1892 4676 2336 4745 contemplationi
2381 4688 2584 4732 sancta:
2632 4674 2919 4731 Trinitatis
2966 4680 3271 4747 proximum
3319 4680 3455 4748 ﬁeri,

1894 4777 1949 4822 et
1983 4768 2219 4823 revelata
2260 4768 2398 4821 facie
2448 4767 2678 4839 gloriam
2734 4770 2855 4837 ejus
2902 4768 3122 4822 intueri.
3158 4789 3176 4821 ι
3217 4770 3356 4825 llinc
3404 4780 3462 4825 et

1893 4861 1962 4914 ab
2011 4861 2338 4930 intelligibiii
2382 4861 2605 4930 quidem
2657 4861 2757 4914 soli
2800 4848 3220 4915 illustrabuntur
3267 4877 3460 4918 omnes

1890 4951 2048 5020 justi,
2081 4959 2135 5003 et
2170 4951 2367 5004 divina:
2418 4951 2563 5005 illius
2600 4951 2735 5003 lucis
2783 4952 3076 5021 panticipcs
3132 4952 3280 5013 ﬁent.
3337 4954 3463 5008 licet

1896 5059 2006 5098 non
2036 5058 2103 5097 ex
2139 5050 2301 5110 aequo
2329 5056 2539 5109 omnes,
2573 5044 2668 5098 sed
2700 5044 3031 5111 juxtasuam
3072 5048 3274 5113 pariter
3301 5062 3459 5099 mun-

1896 5137 2090 5191 ditiam
2123 5134 2367 5203 quilibet.
2406 5133 2574 5187 Sicuti
2616 5134 2759 5188 enim
2801 5133 3019 5187 sensilis
3065 5135 3153 5189 hic
3189 5136 3269 5189 sol
3307 5150 3460 5187 com-

1894 5232 2075 5285 munis
2135 5228 2198 5281 ad
2253 5228 2627 5297 spectaculum
2680 5226 2937 5281 omnibus
2995 5230 3352 5298 proponitur,
3404 5234 3460 5278 et

215 5324 402 5390 φωτὸς
425 5327 747 5394 γενήσονται
784 5328 1088 5397 μέτοχοι,εί
1125 5331 1217 5382 καὶ
1250 5329 1325 5401 μὴ
1381 5329 1577 5397 ἐπίσης
1613 5329 1789 5381 ἄπαν-

1894 5323 2014 5378 huic
2045 5320 2253 5382 minus.
2300 5319 2375 5372 illi
2413 5319 2794 5375 vehementius
2839 5321 3021 5377 radios
3060 5336 3190 5375 suos
3217 5319 3455 5378 emittit,
3518 5318 3519 5321 “

217 5430 361 5478 τες·
392 5416 529 5469 ἀλλὰ
563 5418 705 5470 κατὰ
733 5418 832 5488 τὴν
859 5420 1055 5471 ἑαυτοῦ
1077 5422 1222 5488 ὅμως
1264 5421 1616 5489 καθαρότητα
1666 5421 1789 5473 ἕκα-

221 5523 368 5571 στος.
409 5508 677 5581 Καθάπερ
711 5513 819 5582 γὰρ
848 5514 873 5563 ό
899 5512 1154 5581 αἰσθητὸς
1196 5508 1353 5574 οὗτος
1404 5513 1555 5582 ἥλιος
1614 5512 1790 5574 κοινὸς

220 5601 302 5661 εἰς
335 5601 463 5653 θέαν
490 5602 663 5655 ἅπασι
692 5608 997 5671 πρόκειται,
1031 5605 1131 5658 καὶ
1163 5603 1307 5657 οὓτω
1331 5604 1428 5674 μὲν
1451 5606 1695 5668 ἔλασσον,
1717 5604 1791 5675 τῷ

225 5689 281 5741 δὲ
311 5690 669 5761 σφοδρότερον
689 5694 789 5757 τὰς
826 5694 1054 5757 ἀκτῖνας
1084 5694 1245 5749 αὑτοῦ
1310 5695 1627 5765 ἐπαφίησιν·
1675 5696 1792 5750 ἀλλ’

1888 5415 1983 5469 sed
2024 5414 2239 5483 lpariter
2287 5413 2438 5481 juxta
2492 5414 2774 5467 oculorum
2826 5413 3241 5482 dispositionem
3286 5408 3456 5477 quili-

1886 5509 1979 5564 bet
2008 5516 2062 5562 et
2116 5505 2241 5561 inde
2276 5505 2540 5574 fulgorem
2578 5507 2794 5576 recipit;
2851 5507 2923 5561 ita
2975 5516 3030 5559 et
3063 5506 3131 5559 de
3163 5503 3254 5557 illo
3304 5503 3458 5554 inac-

1890 5616 2045 5657 ccsso
2096 5598 2410 5668 splendore.
2461 5607 2515 5651 et
2561 5597 2657 5663 eis,
2704 5599 2796 5668 qui
2833 5599 2932 5667 ipsi
2990 5598 3280 5659 iultzerent,
3329 5602 3458 5646 tunc

1892 5693 2006 5748 fore
2036 5692 2214 5747 crcdc.
2259 5691 2419 5746 Juxta
2469 5692 2614 5746 enim
2656 5692 2875 5747 beatum
2914 5689 3141 5744 Paulum
3194 5686 3457 5743 transfor-
