4058 6196
567 196 675 259 ’795

1834 176 2254 240 MlCllAELIS
2292 175 2550 236 GLYCEE
2619 226 2627 234 .

3691 176 3845 241 796‘

570 306 742 362 niabit
777 313 905 359 tunc
946 302 1045 355 hoc
1087 308 1331 354 nostrum
1381 297 1585 351 humile
1615 294 1813 365 corpus
1849 296 2131 358 Servator,

2245 294 2391 361 ὅμως
2412 291 2553 345 κατὰ
2579 295 2675 361 τὴν
2707 289 2813 343 τῶν
2845 284 3109 358 ὀμμάτων
3150 289 3389 343 διάθεσιν
3424 289 3676 355 ἕκαστος,
3709 296 3812 346 καὶ

571 408 632 449 ut
667 393 884 462 corpori
936 405 1034 443 suo
1086 388 1365 442 conforme
1397 386 1507 441 fiat.
1548 386 1818 439 Caeterum
1870 385 1985 454 ipse
2037 384 2129 437 lux

571 495 691 549 est;
744 486 863 552 ipse
900 480 1178 535 ineffabile
1222 480 1355 533 illud
1392 479 1689 547 gaudium;
1732 478 1850 546 ipse
1898 476 2135 531 mansio-

570 592 671 630 nes
700 575 915 635 multae;
948 573 1064 640 ipse
1133 572 1327 634 sedes;
1364 572 1483 638 ipse
1544 584 1772 631 mensa;
1820 568 1937 636 ipse
1980 569 2136 623 cibus

570 680 624 723 et
659 677 841 736 potus,
882 673 936 719 et
976 678 1160 726 omne,
1194 663 1238 716 si
1273 662 1398 731 quid
1447 660 1616 724 aliud,
1651 660 1796 730 quod
1833 673 1999 713 suave
2037 658 2131 711 sit.

572 760 692 827 Ipse
718 768 803 810 est
839 757 1103 809 bonorum
1137 754 1349 806 illorum
1387 752 1752 820 participatio,
1790 765 1907 819 quae
1945 750 2135 803 oculus

572 865 681 903 non
717 850 871 912 vidit,
926 862 1029 901 nec
1066 847 1216 899 auris
1260 845 1491 905 audivit.
1537 858 1639 897 nec
1672 843 1724 897 in
1760 859 1854 899 cor
1899 841 2135 896 hominis

572 942 960 996 ascenderunt.
1011 938 1152 1005 Quid
1199 938 1342 992 enim
1392 936 1766 991 admirabilius
1794 946 1850 990 et
1889 934 2133 989 inelIabi-

573 1037 678 1087 lius
713 1048 874 1101 quam
926 1048 1022 1100 per
1068 1030 1337 1084 visionem
1392 1029 1493 1097 ipsi
1549 1029 1666 1096 ejus
1714 1027 1873 1081 faciei
1913 1026 2137 1081 astare?

573 1126 786 1177 Norunt
817 1124 890 1176 illi
931 1120 1287 1177 enarrabilem
1339 1120 1479 1173 hanc
1522 1129 1579 1172 et
1620 1118 1918 1172 inauditam
1954 1117 2135 1171 exsul-

576 1214 875 1275 tationem,
928 1213 1021 1280 qui
1081 1210 1220 1280 apud
1289 1211 1436 1279 ipsos
1501 1211 1835 1278 imperantes
1911 1208 2136 1261 liberta-

577 1315 684 1358 tem
731 1304 945 1358 dicendi
1000 1302 1348 1371 participant,
1374 1302 1465 1370 qui
1506 1302 1766 1355 continuo
1815 1307 2014 1354 astant.
2074 1297 2137 1351 Et

573 1396 699 1463 quid
767 1394 934 1448 multa
985 1393 1163 1446 dicere
1230 1400 1489 1460 oportet,
1532 1399 1588 1443 et
1646 1389 1857 1459 singula
1907 1402 2133 1442 enume-

574 1486 735 1538 rare?
764 1486 881 1552 Ipse
914 1494 996 1538 est
1027 1486 1267 1537 Omnium
1317 1482 1567 1551 requies;
1619 1480 1736 1549 ipse
1775 1488 1858 1535 est
1901 1480 2133 1549 punitio.

572 1577 639 1631 Et
696 1578 1033 1645 exploratum
1078 1591 1140 1629 ex
1196 1576 1284 1637 iis,
1315 1589 1435 1643 qua:
1489 1572 1797 1644 Theologus
1844 1571 2138 1642 Gregorius

2235 383 2332 453 τὴν
2359 382 2633 450 ἔλλαμψιν
2662 380 2874 433 ἐκεῖθεν
2908 379 3230 449 είσδέχεται·
3264 379 3407 434 οὕτω
3458 382 3552 433 καὶ
3587 383 3681 434 ἐπὶ
3704 384 3809 451 τῆς

2236 474 2535 543 ἀπροσίτου
2565 472 2782 543 ἐκείνης
2808 472 3186 542 μαρμαρυγῆς
3232 474 3325 523 καὶ
3377 473 3484 525 τῶν
3534 476 3810 542 ἐπεντραο

2237 569 2502 621 νισάντων
2525 567 2661 636 αὐτῇ
2688 567 2995 636 τηνικαῦτα
3023 556 3349 635 γενήσεσθαι
3382 567 3632 620 πίστευε·
3662 569 3813 620 κατὰ,

2236 662 2343 727 γὰρ
2396 659 2487 711 τὸν
2507 658 2779 728 μακάριον
2800 657 3012 710 Παῦλον
3072 658 3545 727 μετασχηματίσει
3595 660 3717 711 τότε
3745 660 3811 710 τὸ

2239 750 2394 817 σῶμα
2425 750 2520 818 τῆς
2558 748 2949 809 ταπεινώσεως
2984 747 3140 816 ἡμῶν
3178 749 3206 800 ὁ
3240 747 3429 818 Σωτὴρ
3488 751 3568 812 είς
3599 749 3656 801 τὸ
3708 768 3776 816 γε
3798 778 3815 789 -

2238 838 2428 891 νέσθαι
2461 837 2795 907 σύμμορφον
2854 835 2932 905 τῷ
2990 838 3202 905 σώματι
3254 837 3354 906 τῆς
3406 838 3563 908 δόξης
3613 839 3807 893 αὐτοῦ.

2237 931 2411 993 Αὐτὸς
2444 930 2631 982 λοιπὸν
2658 929 2893 1000 ὑπάρχει
2923 929 2982 982 τὸ
3012 929 3148 998 φῶς·
3181 928 3343 991 αὐτὸς
3374 930 3404 997 ἡ
3435 928 3809 999 ἀνεκλάλητος

2239 1025 2425 1095 ἐκείνη
2461 1026 2635 1094 χαρά·
2674 1024 2839 1085 αὐτὸς
2870 1023 2927 1075 αἱ
2956 1023 3150 1076 πολλαὶ
3172 1022 3352 1092 μοναί·
3384 1022 3546 1085 αὐτὸς
3588 1024 3637 1075 oi
3678 1024 3809 1091 θρό-

2238 1130 2341 1167 νοι·
2375 1115 2534 1175 αὐτὸς
2571 1114 2901 1184 ήτράπεζα·
2932 1114 3097 1175 αὐτὸς
3125 1115 3157 1183 ὴ
3182 1112 3405 1182 βρῶσις,
3439 1115 3582 1182 καὶὴ
3616 1114 3802 1176 πόσις,

2238 1208 2331 1257 καὶ
2361 1208 2488 1273 πᾶν,
2511 1208 2561 1260 ετ
2584 1223 2635 1258 τι
2670 1206 2853 1274 ἕτερον
2878 1206 3110 1275 ἥδυσμα·
3154 1205 3315 1268 αὑτός
3373 1207 3488 1257 ἐστι
3515 1206 3622 1257 τῶν
3665 1208 3809 1272 ἁγαο

2240 1299 2349 1350 θῶν
2378 1299 2601 1351 ἐκείνων
2630 1299 2662 1367 ἠ
2695 1297 2929 1367 μέθεξις·
2958 1298 2993 1350 ἃ
3014 1297 3288 1367 ὀφθαλμὸς
3318 1297 3416 1349 οὐκ
3432 1291 3562 1363 οἶδε,
3588 1301 3683 1349 καὶ
3716 1297 3813 1359 οὓς

2237 1390 2339 1443 οὐκ
2368 1391 2621 1459 ἤκουσεν,
2651 1390 2743 1443 καὶ
2763 1391 2850 1442 ἐπὶ
2880 1390 3105 1460 καρδίαν
3126 1388 3410 1458 ἀνθρώπου
3461 1390 3560 1443 οὐκ
3615 1390 3812 1458 ἀνέϐη.

2241 1480 2303 1532 Τί
2336 1480 2427 1532 καὶ
2458 1480 2568 1549 γὰρ
2600 1479 3028 1552 παραδοξότερόν
3066 1498 3115 1557 τι
3147 1482 3244 1534 καὶ
3288 1462 3658 1553 ἀβρητότερον
3711 1483 3811 1534 τοῦ

2240 1569 2328 1621 διὰ
2362 1569 2491 1632 θέας
2522 1570 2671 1638 αὐτῷ
2695 1572 2789 1624 καὶ
2861 1572 3311 1641 αὐτοπροσώπως
3349 1573 3489 1626 οὕτω
3541 1573 3817 1642 παρίσταο

578 1665 792 1719 dicebat
826 1683 838 1718 :
880 1684 897 1716 ι
935 1666 1132 1718 Sancta
1185 1663 1427 1718 Trinitas
1470 1662 1722 1717 omnibus
1756 1672 1882 1715 tunc
1932 1674 2133 1730 cogno-

2245 1660 2400 1724 σθαι;
2432 1661 2640 1713 Ἴσασιν
2662 1663 2859 1714 ἐκεῖνοι
2885 1662 2985 1729 τὴν
3019 1663 3418 1733 ἀνεκδιήγητον
3463 1666 3669 1732 ταύτην
3722 1664 3822 1716 καὶ

572 1765 788 1818 scetur,
851 1755 934 1808 liis
980 1754 1196 1822 quidem
1249 1754 1575 1822 splendore,
1632 1751 1737 1806 illis
1788 1765 1917 1805 vero
1978 1750 2135 1819 puni-

575 1848 742 1901 tione.
778 1864 795 1896 ι
842 1846 905 1899 Et
957 1846 1197 1900 iterum:
1236 1864 1253 1896 ι
1289 1845 1401 1898 Lux
1460 1844 1568 1898 illic
1623 1843 1773 1913 puris
1828 1842 1920 1897 Dei
1975 1842 2132 1904 visio,

571 1953 733 2007 quam
766 1946 820 1990 et
871 1916 1095 2006 regnum
1149 1937 1408 1990 caelorum
1468 1934 1853 2015 nominamus;
1903 1932 2136 1986 tenebrae

571 2045 699 2082 vero
756 2038 933 2082 mente
986 2028 1273 2082 exczecatis
1333 2026 1426 2079 Dei
1480 2026 1757 2079 alienatio.
1789 2045 1805 2077 ι
1869 2026 2134 2079 Caeterum

572 2131 718 2173 stant
743 2121 873 2189 justi
915 2129 1043 2173 tunc
1078 2119 1397 2171 mirabiliter
1431 2118 1640 2187 fulgore
1684 2116 1889 2185 perfusi
1924 2127 1973 2169 et
2033 2115 2137 2168 ful-

573 2226 797 2282 getres,
853 2221 912 2263 ut
962 2227 1159 2278 corpus
1215 2210 1544 2278 pellucidum
1608 2209 1952 2277 splendorem
2007 2208 2137 2262 solis

572 2302 874 2371 excipiens.
932 2301 1090 2354 Stant
1141 2300 1432 2353 ineffabilis
1473 2299 1617 2352 illius
1672 2298 1807 2353 lucis
1857 2296 2139 2350 equsionis

574 2394 891 2462 participes,
919 2394 1072 2462 juxta
1114 2393 1553 2460 suamquisque,
1585 2402 1643 2445 ut
1670 2392 1875 2445 dictum
1904 2401 2010 2451 est,
2041 2405 2140 2456 pu-

577 2487 817 2539 ritatem.
857 2485 1038 2547 Stant,
1095 2484 1489 2566 intelligibilem
1528 2484 1672 2537 illam
1727 2483 1951 2551 gloriam
1988 2497 2159 2553 como,

575 2579 1004 2647 prehendentes,
1038 2577 1195 2646 cujus
1226 2577 1522 2645 participes
1556 2576 1669 2629 fieri
1704 2574 1849 2645 digiti
1879 2575 2136 2632 fuerunt.

573 2668 729 2735 cujus
761 2666 907 2719 nulla
961 2666 1158 2719 deinde
1210 2666 1467 2729 satietas,
1510 2666 1654 2718 nulla
1690 2680 1970 2728 mensura,
2017 2664 2141 2726 fian

574 2759 775 2811 nullus.
813 2759 917 2812 Sed
976 2773 1043 2812 ne
1078 2758 1415 2827 peregrinanti
1462 2772 1574 2809 rem
1610 2757 1749 2810 banc
1800 2755 2135 2808 existimato.

572 2852 627 2905 Si
659 2853 804 2904 enim
840 2849 1243 2918 incorruptibili
1278 2848 1386 2919 regi
1421 2859 1608 2901 astans
1649 2848 1955 2901 satietatem
2030 2862 2139 2899 non

570 2942 725 2994 novit
749 2942 1045 3010 spectaculi
1077 2942 1222 2995 illius
1276 2951 1331 2994 et
1375 2939 1827 3001 conversationis,
1852 2939 1945 2992 sed
1976 2954 2143 3005 quan-

2238 1744 2949 1821 ἁνήκουστονέιγαλλίασιν,
3014 1755 3065 1806 ei
3123 1756 3459 1823 παράὑτοῖς
3508 1758 3623 1817 τοῖς
3678 1772 3819 1824 κραο

2237 1845 2389 1897 τοῦσι
2418 1836 2737 1915 παρρησίας
2767 1846 3108 1915 μετέχοντες,
3140 1846 3191 1898 οἱ
3232 1845 3500 1914 διηνεκῶς
3540 1850 3817 1915 παριστά-

2242 1953 2415 2005 μενοι.
2449 1938 2555 1989 Καὶ
2598 1938 2650 1988 τί
2683 1938 2787 2005 χρὴ
2824 1937 2999 1989 πολλὰ
3052 1936 3255 2003 λέγειν,
3315 1938 3410 1988 καὶ
3476 1938 3822 2005 ἀπαριθμεῖν

2238 2028 2362 2080 καθ’
2387 2028 2656 2093 ἐκαστονς
2689 2030 2860 2093 Ain-li;
2905 2031 2937 2098 ἡ
2994 2028 3213 2082 πάντων
3268 2029 3597 2090 ἀνάπαυσις·
3649 2028 3821 2090 αὐτὶς

2242 2120 2334 2170 καὶ
2361 2120 2392 2187 η
2426 2119 2666 2180 κόλασις.
2697 2119 2806 2171 Καὶ
2842 2119 3002 2185 δῆλον
3030 2116 3088 2181 ἐξ
3114 2112 3188 2171 ὧν
3246 2120 3271 2169 ὁ
3303 2117 3563 2183 Θεολόγος
3607 2117 3824 2185 Γρηγό-

2243 2228 2356 2279 ριος
2389 2211 2594 2278 ἔλεγεν·
2631 2230 2648 2263 ι
2698 2207 2768 2264 Ὠ
2808 2212 2964 2280 τριὰς
2998 2211 3128 2276 ἁγία
3181 2213 3317 2265 πᾶσι
3342 2211 3462 2264 τότε
3500 2210 3822 2279 γνωσθητο-

2244 2304 2399 2373 μὲνη·
2434 2306 2545 2366 τοῖς
2593 2305 2689 2372 μὲν
2719 2307 2782 2376 τῇ
2820 2305 3104 2375 ἐλλάμψει,
3136 2305 3348 2375 τοϊςνδὲ
3386 2307 3453 2374 τῇ
3514 2304 3738 2357 κολάσει
3762 2321 3816 2373 ;ι

2244 2397 2334 2445 καὶ
2359 2390 2536 2457 αὖθις·
2566 2414 2584 2445 ι
2620 2395 2735 2457 Φῶς
2776 2397 2981 2449 ἐκεῖθεν
3019 2399 3130 2458 τοῖς
3180 2394 3613 2463 κεκαθαρμένοις
3644 2394 3677 2462 ὴ
3724 2391 3821 2445 τοῦ

2242 2481 2377 2533 Θεοῦ
2412 2482 2632 2551 θεωρία,
2658 2486 2724 2553 ἣν
2763 2483 2826 2551 δὴ
2858 2485 2953 2536 καὶ
2995 2483 3269 2553 βασιλείαν
3304 2484 3549 2553 οὐρανῶν
3610 2482 3815 2549 ὀνομά-

2245 2572 2428 2640 ζομεν·
2464 2575 2653 2635 σκότος
2683 2576 2740 2627 δὲ
2772 2577 2883 2638 τοῖς
2912 2575 3010 2643 τὴν
3064 2574 3305 2628 διάνοιαν
3342 2573 3746 2641 τυφλώττουσιν
3785 2574 3819 2642 ἡ

2244 2663 2337 2715 τοῦ
2370 2664 2505 2717 Θεοῦ
2547 2666 2923 2734 ἀλλοτρίωσις.
2963 2685 2984 2717 ι
3024 2666 3306 2718 Ἴστανται
3329 2665 3511 2717 λοιπὸν
3542 2665 3591 2715 cl
3617 2665 3824 2716 δίκα;οι

2244 2756 2365 2807 τότε
2425 2758 2747 2826 παραδόξως
2811 2757 3217 2828 ἐλλαμπὸμενοί
3274 2775 3330 2810 τε
3373 2760 3466 2810 καὶ
3507 2757 3825 2825 λάμποντες

2246 2842 2500 2913 καθάπερ
2530 2844 2590 2895 τὸ
2614 2845 2773 2915 σῶμα
2804 2845 3090 2913 ὃιαφανὲς⁶
3121 2845 3495 2914 μαρμαρυγὴν
3556 2843 3709 2914 ἡλίου
3736 2844 3826 2895 δε-

2250 2938 2500 3005 χόμενον·
2534 2937 2784 2989 ἵστανται
2821 2940 2917 3006 τῆς
2945 2940 3184 3009 ἀρρήτου
3220 2936 3435 3006 ἐκείνης
3478 2936 3827 3004 φωτοχυσξῖς

573 3045 684 3087 tum
732 3034 846 3103 ipse
892 3033 1141 3094 fruatur,‘
1174 3042 1384 3087 tantum
1434 3031 1723 3094 desideret,
1776 3043 1829 3084 et
1868 3031 2028 3083 liceat
2066 3032 2135 3084 ob

2266 3029 2597 3100 μετέχοντες
2626 3030 2760 3082 κατὰ
2793 3032 2893 3099 τὴν
2921 3031 3114 3083 ἐαυτοῦ
3149 3030 3400 3093 ἕκαστος,
3459 3028 3530 3089 ὡς
3578 3028 3827 3095 εἴρηται,

570 3139 688 3178 eam
745 3125 955 3178 deliciis
1014 3124 1269 3185 aﬂluere,
1327 3122 1701 3190 multomagis
1767 3122 1810 3174 is
1852 3122 1941 3190 qui
1991 3119 2134 3174 incf-

571 3216 725 3268 fabiii
767 3216 853 3268 illa
878 3215 1044 3282 gloria
1082 3216 1293 3284 impleri
1332 3224 1382 3269 et
1426 3213 1623 3266 deferri
1651 3214 1903 3281 dignatus
1950 3213 2133 3265 fuerit,

573 3300 640 3374 ἦς
664 3306 763 3355 οὐκ
790 3304 905 3357 ἔστι
934 3306 1091 3371 κόρος
1126 3307 1327 3356 λοιπόν·
1354 3306 1452 3356 οὐκ
1480 3305 1596 3355 ἐστι
1625 3306 1838 3371 μέτρον,
1872 3303 1969 3352 οὐκ
2022 3302 2135 3353 ἐστι

2247 3121 2596 3189 καθαρότητα
2624 3137 2636 3150 ·
2659 3121 2906 3174 ἵστανται
2926 3121 3023 3190 τὴν
3044 3121 3402 3191 ἁπερινόητον
3427 3115 3831 3186 sagi-11316652!!!

2245 3212 2653 3282 περινοούμενοι
2694 3208 2760 3282 ἧς
2802 3214 3018 3283 μέτοχοι
3066 3213 3315 3281 γενέσθαι
3359 3213 3780 3280 κατηξιώθησαν
3810 3222 3831 3241 ⁸

2244 3302 2541 3365 τελείωσις.
2560 3304 2721 3357 Ἀλλὰ
2746 3304 2823 3375 μὴ
2860 3306 3011 3370 ξένον
3035 3307 3095 3359 τὸ
3125 3308 3359 3375 πρᾶγμα
3390 3306 3545 3375 ἡγοῦ·
3615 3305 3663 3356 εἰ
3712 3305 3830 3371 γὰρ

576 3401 838 3469 ἀφθάρτῳ
862 3399 1072 3468 βασιλεί
1099 3399 1495 3467 παριστάμενος
1529 3397 1689 3463 κόρον
1715 3397 1813 3447 οὒκ
1844 3390 1950 3446 οἶδε
1982 3395 2079 3459 τῆς
2108 3397 2313 3450 ἐκείνου
2355 3399 2483 3455 θέας
2510 3406 2603 3451 καὶ
2631 3400 2881 3468 ὁμιλίας·
2904 3400 3020 3453 ἀλλ’
3052 3405 3174 3455 ὅσον
3216 3401 3280 3453 ἂν
3306 3402 3465 3464 αὐτὸς
3496 3401 3836 3457 ἁπολαύοιτο

579 3494 837 3548 τοσοῦτον
868 3493 1101 3571 ἐφίεται,
1145 3491 1237 3543 καὶ
1287 3490 1465 3555 ἔξεστι
1525 3487 1727 3556 ταύτης
1772 3488 2145 3557 κατατρυφᾷν·
2189 3488 2367 3560 πολλῷ
2406 3492 2607 3560 μᾶλλον
2682 3494 2833 3557 ὅστις
2899 3494 3138 3564 ἀρρήτου
3171 3495 3329 3565 δόξης
3379 3496 3593 3567 ἐκείνης
3652 3500 3841 3568 Epigo-

581 3586 789 3656 ρείσθαι
830 3586 949 3636 τότε
980 3581 1363 3651 καταξιωθείη.

652 3681 793 3732 Bene
828 3677 993 3747 igitur
1040 3677 1168 3730 hinc
1216 3675 1347 3745 justi
1407 3684 1463 3729 et
1509 3674 1678 3745 gloria
1725 3683 1779 3728 et
1832 3673 2151 3745 cognitione"

578 3771 842 3839 proficere
871 3771 1163 3832 dicuntur;
1199 3776 1254 3821 et
1286 3767 1407 3822 audi
1446 3766 1574 3835 quid
1597 3766 1744 3821 dicat
1766 3767 2145 3821 sanctissimus

576 3861 815 3916 Joannes
843 3877 869 3913 a
902 3859 1056 3914 Scala
1081 3877 1095 3914 :
1125 3876 1144 3909 ι
1180 3858 1437 3923 Quaedam
1464 3872 1592 3912 vero
1616 3858 1828 3919 eorum,
1862 3872 1981 3926 qua:
2005 3857 2148 3911 facta

579 3964 730 4019 sunt,
777 3952 846 4006 ab
886 3967 974 4016 eo,
1030 3951 1124 4020 qui
1175 3950 1323 4014 fecit,
1381 3949 1544 4003 finem
1602 3949 1932 4013 habuerunt,
1983 3950 2150 4004 veluti

579 4045 894 4113 imperium,
923 4042 1179 4113 regnum’
1204 4050 1259 4096 et
1287 4040 1517 4103 divitiae;
1551 4040 1724 4094 virtus
1766 4051 1948 4095 autem
1989 4041 2149 4094 ﬁnem

577 4134 848 4188 infinitum
907 4133 1167 4201 possidet,
1226 4134 1279 4185 in
1326 4146 1431 4200 qua
1469 4131 1817 4200 proficientes
1864 4147 2146 4201 nunquam

577 4226 943 4293 quiescemus,
970 4239 1081 4277 non
1118 4224 1221 4277 hoc
1253 4224 1474 4287 saeculo,
1508 4238 1617 4277 non
1650 4222 1871 4289 futuro;
1915 4224 2036 4280 luce
2066 4226 2147 4279 lu-

2320 3681 2516 3746 Καλῶς
2548 3682 2640 3736 οὖν
2671 3684 2762 3736 ἐπὶ
2792 3684 3000 3746 τούτοις
3062 3686 3110 3739 oi
3163 3687 3363 3741 δίκαιοι
3418 3691 3511 3742 καὶ
3549 3690 3676 3763 δόξῃ
3735 3694 3841 3746 καὶ

2249 3772 2447 3839 γνώσει
2491 3776 2823 3845 προκόπτειν
2858 3778 3135 3844 λέγονται·
3166 3782 3261 3834 καὶ
3279 3779 3442 3834 ἄκουε
3489 3781 3543 3834 τί
3581 3800 3763 3852 φησιν
3806 3785 3837 3837 ό

2250 3864 2348 3931 τῆς
2382 3865 2664 3935 Κλίμακος
2685 3866 2987 3934 ἁγιώτατος
3032 3868 3305 3939 Ἰωάννης·
3341 3888 3359 3920 ι
3399 3871 3535 3923 Τινά
3564 3871 3665 3940 μὶν
3716 3873 3836 3925 τῶν

2252 3956 2555 4024 γεγονότων
2578 3956 2672 4009 καὶ
2702 3958 2854 4021 τέλος
2882 3960 3031 4029 παρὰ
3061 3960 3155 4014 τοῦ
3189 3962 3556 4030 πεποιηκότος
3587 3964 3837 4032 ἐσχήκα-

2255 4061 2361 4099 σιν·
2392 4042 2526 4108 οἷον,
2557 4047 2846 4117 ἡγεμονία,
2880 4048 3128 4118 βασιλεία
3157 4050 3251 4103 καὶ
3275 4050 3522 4114 πλοῦτος·
3579 4053 3612 4120 ἠ
3655 4054 3835 4124 ἀρετή

2204 4126 2211 4127 ί
2252 4137 2311 4190 δὲ
2340 4138 2398 4190 τὸ
2430 4137 2605 4207 πέρας
2637 4138 2944 4207 ἀπέραντον
2975 4140 3257 4209 κέκτηται·
3303 4142 3362 4194 ἐν
3482 4142 3833 4212 προκόπτον-

2252 4246 2343 4292 τες
2377 4229 2635 4283 οὺδέποτε
2672 4230 3074 4300 καταλήξομεν·
3112 4232 3173 4284 οὐ
3236 4231 3397 4285 κατὰ“
3427 4233 3519 4286 τὸν
3580 4236 3837 4304 παρόντι

579 4331 694 4369 cem
733 4316 977 4371 scientiae
1004 4315 1364 4384 accipientes.
1411 4315 1571 4370 Juxta
1606 4316 1748 4370 hanc
1794 4316 1957 4386 igitur
1998 4330 2140 4372 sum.

2254 4321 2446 4387 αἰῶνα,
2477 4322 2539 4374 οὐ
2569 4322 2708 4375 κατά
2737 4322 2828 4376 τὸν
2858 4323 3145 4390 μέλλοντα·
3209 4323 3350 4394 φωτὶ
3403 4324 3519 4393 φῶς
3568 4324 3835 4391 γνώσεως

584 4419 729 4477 ptam
752 4404 1273 4462 demonstrationem
1293 4408 1639 4462 manifestum
1668 4419 1773 4471 est,
1792 4408 1936 4477 quod
1970 4424 2147 4479 neque

582 4498 951 4568 intelligibilcs
985 4500 1319 4553 substantias
1348 4514 1453 4552 non
1491 4500 1837 4567 proficientes
1866 4517 1966 4570 ego
1996 4502 2148 4556 dixe-

580 4589 715 4653 rim;
752 4590 979 4658 gloriam
1011 4605 1140 4642 vero
1188 4590 1358 4657 gloria
1413 4602 1628 4657 semper
1669 4591 1843 4657 magis
1894 4591 2146 4659 excipere

575 4689 633 4734 et.
685 4681 993 4744 scientiam,
1026 4695 1190 4747 supra
1226 4680 1530 4743 scientiam,
1575 4680 1796 4745 definio,
1853 4680 1992 4735 sicut
2028 4680 2148 4735 dei-

580 4773 779 4841 loquus
803 4782 858 4826 et
914 4787 1145 4839 magnus
1200 4771 1339 4825 dixit
1397 4771 1704 4841 Dionysius.
1737 4791 1755 4823 ι
1828 4771 1924 4826 His
1982 4772 2148 4839 igitur

580 4863 780 4916 laudati
806 4862 1051 4923 Joannis,
1077 4870 1125 4914 et
1154 4862 1474 4916 divinissimi
1497 4861 1813 4916 Damasceni
1844 4863 2007 4916 verba
2034 4878 2149 4915 orn-

580 4950 711 5003 nino
763 4952 1096 5019 concinunt;
1152 4952 1285 5006 dicit
1334 4955 1477 5006 enim
1532 4963 1587 5005 et
1633 4954 1768 5021 ipse,
1822 4962 2145 5020 potestatem

581 5041 783 5096 habere
826 5044 1050 5109 angelos
1091 5045 1371 5107 manendi,
1430 5053 1484 5097 et
1530 5043 1851 5113 proficiendi
1887 5044 1940 5097 in
1980 5044 2145 5109 bono,

578 5140 634 5186 et
674 5148 784 5185 non
817 5132 992 5187 solum
1028 5134 1393 5203 angelos,sed
1432 5145 1484 5190 et
1528 5134 1703 5203 ipsum
1752 5135 2146 5204 protoplastum

582 5223 879 5277 hominem.
907 5220 963 5276 Si
986 5223 1153 5293 igitur
1177 5233 1227 5277 et
1257 5226 1467 5293 primus
1490 5225 1580 5278 ille
1609 5225 1780 5279 Adam
1820 5234 2146 5293 potestatem

583 5314 775 5370 habuit
799 5317 1123 5385 persisteudi
1143 5326 1196 5369 et
1218 5317 1533 5384 proficiendi
1559 5317 1613 5370 in
1635 5318 1812 5382 bono;
1836 5316 2149 5385 respiciunt

585 5422 714 5460 vero
738 5408 957 5475 pariter,
975 5423 1094 5476 qua:
1127 5410 1585 5462 resurrectionem
1620 5408 1874 5471 attinent,
1917 5408 1981 5461 ad
2004 5409 2147 5462 anti-

587 5512 747 5565 quam
771 5498 914 5551 illam
953 5508 1007 5552 et
1048 5499 1333 5569 pristinam
1365 5499 1758 5564 conditionem,
1788 5509 1847 5553 ut
1873 5498 2148 5569 Nyssenus

592 5588 749 5642 divus
779 5590 1075 5658 Gregorius
1114 5590 1287 5657 dixit;
1320 5590 1660 5660 exploratum
1710 5591 1933 5645 omnino
1963 5599 2045 5647 est
2095 5602 2149 5647 ct

2251 4413 2784 4482 προσλαμϐάνοντες.
2842 4416 3000 4468 Κατὰ
3037 4415 3240 4485 ταύτην
3274 4418 3375 4487 μὲν
3423 4415 3517 4470 οἷον
3567 4418 3673 4486 τὴν
3714 4418 3835 4471 δια-

2249 4505 2550 4574 ληφθεῖσαν
2577 4506 2820 4575 δηλονότι
2853 4508 3155 4573 ἀπόδειξιν,
3196 4509 3319 4562 οὐδὲ
3374 4510 3473 4571 τὰς
3506 4510 3706 4579 νοερὰς
3738 4512 3802 4561 ού
3822 4541 3836 4550 -

2251 4595 2371 4675 σίας
2402 4598 2821 4667 ἀπροσκόπτους
2842 4598 3016 4666 ἔγωγε
3052 4600 3265 4669 εἴποιμι
3299 4600 3387 4664 ἂν,
3418 4599 3578 4666 δόξαν
3614 4599 3675 4651 δὲ
3706 4600 3832 4670 δόξῃ

2253 4687 2458 4755 μᾶλλον
2537 4690 2625 4741 ἀεὶ
2685 4688 3240 4758 προσλαμϐανούσας,
3300 4697 3396 4744 καὶ
3456 4692 3665 4758 γνῶσιν
3738 4696 3835 4745 ἐπὶ

2251 4780 2453 4845 γνώσει
2485 4780 2765 4851 ὁρίζομαι,
2819 4780 3001 4843 καθὼς
3050 4783 3078 4832 ό
3143 4782 3460 4853 θεοφὰντωρ
3512 4786 3609 4836 καὶ
3654 4785 3836 4853 μέγας

2250 4868 2352 4938 ἔφη
2400 4871 2708 4933 Διονύσιος.
2742 4889 2761 4922 ι
2802 4872 3027 4935 Τούτοις
3061 4873 3159 4941 μὲν
3219 4873 3313 4926 οὖν
3353 4878 3465 4937 τοῖς
3499 4874 3597 4927 τοῦ
3642 4876 3841 4944 διαλη-

2251 4960 2479 5029 ιεθέντος
2529 4962 2732 5031 δηλαδὴ
2758 4962 3010 5016 Ἰωάννου
3037 4965 3131 5016 καὶ
3174 4964 3240 5017 τὰ
3286 4964 3381 5016 τοῦ
3425 4965 3708 5019 θειοτάτου
3734 4970 3841 5018 A2-

2253 5048 2536 5118 μασκηνοῦ
2587 5051 2904 5103 παντάπασι
2970 5055 3295 5120 συμφωνεῖ·
3354 5052 3504 5117 λέγει
3572 5054 3681 5121 γὰρ
3739 5055 3841 5105 καὶ

2251 5140 2416 5202 αὐτὸς
2445 5138 2693 5203 ἐξουσίαν
2722 5140 2868 5206 ἔχειν
2899 5142 3024 5203 τοὺς
3054 5142 3320 5209 ἀγγέλους
3360 5143 3543 5210 μένειν
3570 5144 3667 5195 καὶ
3706 5161 3840 5212 προ-

2252 5224 2476 5279 κόπτειν
2499 5228 2556 5278 ἐν
2591 5227 2666 5294 τῷ
2697 5227 2890 5297 ἁγαθῷ
2916 5269 2929 5292 ,
2956 5230 3050 5280 καὶ
3083 5230 3144 5279 ού
3181 5229 3339 5297 μόνον
3384 5229 3509 5291 τοὺς
3536 5230 3837 5297 ἀγγέλους,

2252 5314 2391 5369 ἀλλὰ
2423 5318 2514 5368 καὶ
2547 5317 2707 5369 αὑτὸν
2761 5318 2855 5370 τὸν
2918 5320 3346 5387 πρωτόπλαστον
3404 5322 3717 5393 ἄνθρωπον.
3775 5325 3837 5375 Εἰ

2250 5407 2550 5461 τοίνυνκαὶ
2581 5410 2608 5459 ὁ
2657 5409 2871 5479 πρῶτος
2924 5411 3130 5473 ἐκεῖνος
3187 5411 3360 5479 Ἀδὰμ
3411 5411 3659 5474 ὲξρυσίαν
3720 5409 3839 5482 εἶχε

2256 5499 2459 5567 μένειν,
2521 5500 2616 5552 κα)⁴
2645 5500 2983 5570 προκόπτειν
3032 5503 3089 5553 ἐν
3136 5502 3214 5572 τῷ
3266 5501 3482 5572 ἀγαθῷ,
3540 5504 3731 5571 ἀφορᾷ
3775 5505 3834 5554 δὲ

2252 5591 2399 5660 ὅμως
2432 5592 2527 5645 καὶ
2563 5589 2628 5664 tt}
2653 5592 2751 5664 τῆς
2785 5593 3133 5657 ἀναστάσεως
3176 5597 3253 5655 εἰς
3280 5596 3377 5665 τὴν
3410 5594 3646 5664 ἀρχαίαν
3684 5595 3843 5648 ὲκεί-
