4058 6196
288 247 394 312 797

1647 251 2016 312 EPISTOLA
2055 250 2224 312 VIII.

3448 257 3554 326 798

289 383 388 436 νην
449 365 545 418 καὶ
602 363 827 434 πρώτην
883 353 1246 425 κατάστασιν,
1438 361 1718 432 ὁλύσσης
1772 365 1874 434 ἔφη

1984 364 2131 432 ipsos
2171 363 2392 432 angelos
2422 361 2652 418 scientia
2685 371 2740 417 et
2777 361 2950 433 gloria
2989 363 3280 431 prolicere,
3319 375 3377 420 ut
3425 385 3562 435 pm:-

291 458 433 520 Θείος
465 456 789 526 Γρηγόριος,
822 455 1048 525 εὔδηλον
1085 455 1302 517 πάντως
1339 457 1435 507 καὶ
1489 457 1689 518 αὐτοὺς
1745 456 1875 519 τοὺς

290 547 558 617 ἀγγέλους
582 548 725 601 κατά
787 564 853 615 γε
906 547 1108 613 γνῶσιν
1144 548 1238 599 καὶ
1297 546 1458 611 δόξαν
1516 547 1873 616 προκόπτειν,

292 639 366 701 ὡς
396 642 423 691 6
453 637 609 705 λόγος
645 637 859 706 φθάσας
907 637 1196 706 ἐγνώρισε·
1229 636 1324 689 καὶ
1373 639 1566 690 τούτου
1591 637 1754 706 χάριν
1796 635 1874 704 μὴ

293 730 570 799 θαύμαζε.
598 729 658 781 Εἰ
682 729 792 798 γὰρ
824 730 920 782 καὶ
947 728 1228 800 μυστήρια
1249 745 1370 782 τινα
1403 728 1523 782 τότε
1553 727 1876 798 μεμαθηκὲ-

293 841 380 876 ναι
405 823 714 892 μέλλουσιν,
741 822 884 890 ἆπερ
913 823 1168 876 ²ιεντεῦθεν
1197 822 1284 875 διὰ
1326 825 1387 876 τὸ
1415 822 1744 892 ἀδιάληπτον
1775 823 1876 874 αύ-

291 915 402 967 τῶν
424 915 832 968 καταλαόἐσθαι
855 917 958 968 οὐκ
983 914 1238 986 ἴσχυσαν,
1271 915 1346 978 ὡς
1376 917 1404 968 6
1449 915 1710 982 Θεολόγος
1768 914 1875 984 ἔφη

294 1009 616 1078 Γρηγόριος,
653 1007 771 1069 πῶς
805 1009 928 1077 οὐχι
965 1008 1061 1061 κοιλ⁸
1108 1007 1311 1074 γνῶσιν
1342 1007 1436 1059 ἐπὶ
1482 1005 1684 1072 γνώσει
1737 1005 1874 1075 φαίη

295 1119 379 1164 τις
450 1101 514 1154 ἂν
568 1101 679 1164 τοῖς
749 1099 1010 1162 τοιούτοις
1076 1097 1503 1170 προστίθεσθαις
1578 1096 1876 1154 κάντεῦθεν

297 1194 633 1261 προκόπτειν
665 1191 862 1254 αὐτοὺς
891 1191 985 1243 καὶ
1015 1193 1130 1252 τοῖς
1189 1188 1508 1259 ἔμπροσθεν
1562 1189 1877 1242 ἐπεκτείνε-

301 1286 424 1336 σθαι
453 1283 542 1336 διὰ
597 1283 699 1352 τῆς
745 1284 854 1336 τῶν
911 1284 1174 1336 τοιούτων
1226 1283 1551 1353 μαθήσεωςς
1582 1284 1634 1336 εί
1667 1299 1730 1350 γε
1781 1281 1876 1335 καὶ

302 1372 506 1442 μᾶλλον
555 1375 585 1428 6
659 1373 930 1446 ἡμέτερος
989 1377 1114 1438 νοῦς
1176 1374 1511 1445 προκόπτειν
1557 1373 1715 1427 εἴωθε
1765 1376 1874 1437 τοῖς

301 1467 648 1536 μαθήμασιν,
689 1468 765 1526 ὡς
823 1468 852 1518 ό
916 1467 1090 1534 μέγας
1129 1465 1268 1535 φησὶ
1323 1463 1628 1527 Βασιλείος.
1692 1463 1869 1516 Τοῦτο

299 1559 486 1626 μέντοι
536 1556 810 1626 τὸ¹δόγμα
841 1559 936 1611 καὶ
982 1559 1010 1610 6
1045 1557 1346 1627 πάμμεγας
1420 1556 1630 1618 Παῦλος
1683 1555 1876 1623 δνὲφη-

297 1648 584 1712 νενοῢτως
622 1647 814 1702 εἰπών·
853 1668 870 1700 ι
915 1651 1012 1702 Ἐκ
1063 1651 1264 1719 μέρους
1326 1649 1450 1719 ἄρτι
1507 1647 1873 1717 γινώσκομεν,

1979 456 2181 510 cedens
2215 470 2400 510 sermo
2441 455 2834 511 manifestavit.
2889 457 2956 509 Et
3001 449 3288 525 propterea
3339 473 3408 512 ne
3463 463 3564 513 mi-

1983 564 2129 604 rere.
2166 547 2220 603 Si
2255 549 2402 630 enim
2431 559 2486 602 et
2523 549 2782 618 mysteria
2811 549 3058 616 quaedam
3099 558 3230 603 tunc
3257 559 3318 603 ut
3346 551 3561 606 discant

1978 638 2228 694 futurum
2279 651 2387 703 εει,
2436 655 2558 708 quae
2589 640 2681 694 hic
2729 639 2802 694 ob
2830 655 3018 694 eorum
3057 641 3380 695 tenuitatem
3408 657 3560 696 com~

1979 731 2328 800 prehendere
2379 747 2486 785 non
2525 741 2779 800 potuere,
2831 742 2889 786 ut
2921 732 3234 803 Theologus
3266 733 3561 802 Gregorius

1979 822 2078 886 ait,
2109 823 2382 891 quomodo
2439 838 2551 878 nou
2601 835 2657 878 et
2712 823 3001 879 scientiam
3060 840 3227 893 supra
3275 828 3562 880 srientiam

1979 915 2128 971 dicat
2160 917 2286 985 quis
2339 915 2539 970 talibus
2577 932 2687 970 non
2737 916 2884 980 addi,
2920 932 2984 972 ac
3029 919 3260 986 proinde
3292 921 3562 990 prolicere

1980 1009 2152 1076 ipsos,
2203 1015 2259 1061 et
2307 1007 2394 1067 iis,
2447 1021 2570 1076 qua:
2602 1020 2762 1061 antea
2809 1007 3188 1077 possidebant,
3243 1011 3560 1080 adiungere.

1979 1114 2078 1169 per
2134 1114 2320 1153 rerum
2391 1099 2708 1168 huiusmodi
2766 1101 3114 1154 doctrinam?
3174 1102 3216 1154 si
3282 1111 3337 1156 ct
3391 1103 3562 1174 magis

1978 1202 2165 1246 nostra
2191 1207 2346 1246 mens
2376 1192 2647 1260 prolicere
2677 1195 2968 1247 consuevit
2997 1193 3324 1262 disciplinis,
3363 1205 3414 1249 ut
3449 1211 3561 1248 ma-

1977 1299 2118 1353 guns
2154 1283 2394 1338 Basilius
2443 1283 2644 1351 inquit.
2685 1282 2799 1338 Hoc
2841 1294 2996 1339 certe
3041 1285 3300 1353 placitum
3341 1297 3393 1340 ct
3446 1302 3560 1338 om-

1978 1376 2114 1431 nino
2169 1391 2399 1446 magnus
2449 1374 2653 1430 Paulus
2716 1379 2933 1446 aperuit
2999 1382 3071 1432 ita
3122 1377 3311 1432 dicens
3360 1395 3372 1430 :
3427 1397 3447 1428 ‹
3486 1378 3559 1430 Ex

1978 1480 2133 1538 parte
2181 1469 2456 1539 siquidem
2507 1467 2913 1540 cognosrimus,
2949 1479 3002 1524 et
3027 1486 3089 1524 ex
3137 1480 3288 1540 parte
3321 1473 3558 1539 proptre-

1980 1571 2196 1628 tamus;
2248 1577 2374 1616 cum
2455 1571 2638 1616 autem
2697 1563 2960 1632 perfectio
3024 1563 3255 1627 venerit,
3314 1557 3444 1615 tunc
3495 1578 3559 1616 ex

1982 1663 2137 1724 parte
2168 1655 2562 1720 evacuabitur;
2597 1665 2727 1711 tunc
2769 1671 3168 1726 cognoscemus
3199 1657 3339 1712 sicut
3375 1657 3560 1723 utique

295 1740 393 1792 καὶ
419 1743 484 1794 ὲκ
516 1744 719 1810 μέρους
747 1741 1190 1812 προφητεύομεν·
1246 1741 1374 1794 ὅταν
1415 1739 1473 1792 δὲ
1510 1738 1640 1809 ἔλθῃ
1678 1743 1738 1790 τὸ
1790 1736 1878 1789 τὲ-

1984 1756 2036 1803 et
2075 1747 2276 1818 cogniti
2306 1763 2516 1804 sumus.
2543 1767 2562 1802 ι

294 1833 463 1900 item),
488 1838 613 1888 τότε
640 1836 704 1888 ὲκ
740 1835 940 1905 μέρους
970 1834 1479 1904 καταργηθήσεται,
1503 1831 1624 1885 τότε
1647 1827 1881 1898 ἐπιγνώ-

298 1941 488 1992 σομεν,
521 1921 706 1984 καθὼς
736 1924 843 1994 ἄρα
877 1923 970 1976 καὶ
991 1921 1442 1993 ὲπεγνώσθημεν.
1481 1940 1502 1974 ι

371 2015 582 2068 Οὖκοῦν
610 2014 980 2083 ἀμφιϐάλλειν
1033 2015 1128 2067 ἐπὶ
1177 2013 1340 2068 πλέον
1393 2014 1494 2068 οὐκ
1539 2011 1782 2080 εὔλογον·
1828 2013 1879 2065 εἰ

302 2109 413 2177 γὰρ
462 2107 628 2160 αὐτὸν
681 2109 709 2160 6
739 2107 1002 2176 Θεολόγος
1059 2107 1150 2160 τὸν
1188 2105 1415 2177 Κύριον,
1458 2106 1620 2176 ἡνίκα
1673 2105 1742 2158 τὰ
1771 2104 1881 2159 τῶν

297 2199 630 2268 ἀπορρήτων
657 2197 880 2250 ἐκείνων
909 2199 1024 2260 τοῖς
1055 2196 1228 2264 ἀξίοις
1259 2198 1633 2267 παραγυμνοῖ,
1680 2196 1868 2267 τρέφε·

311 2294 437 2345 σθαι
489 2292 636 2358 λέγει
699 2290 840 2344 κατὰ
893 2290 1059 2360 νόμον
1117 2289 1480 2360 ἀνθρώπινον·
1532 2290 1707 2360 τροφὴ
1769 2290 1881 2359 γάρ

304 2388 453 2438 ἔστιν
478 2386 510 2454 ἡ
532 2383 732 2448 δίδαξις
757 2385 855 2436 καὶ
887 2383 982 2437 τοῦ
1009 2382 1281 2451 λέγοντος·
1329 2383 1382 2435 τί
1410 2381 1516 2452 χρὴ
1555 2380 1651 2454 καὶ
1699 2381 1880 2449 λέγειν

303 2476 572 2548 περὶτῶν
622 2475 1034 2546 διδασκομένων
1081 2475 1299 2542 adt-Civ;
1337 2475 1448 2528 Καὶ
1501 2473 1878 2543 τραφήσονται

303 2571 526 2630 πάντως
553 2571 666 2632 τοῖς
698 2568 923 2621 ἐκείνων
974 2565 1292 2637 διδάγμασι,
1358 2566 1454 2619 καὶ
1500 2565 1880 2634 πνευματικὴν

301 2663 546 2714 ἐπίδοσιν
570 2659 952 2721 ἐπιδώσουσιν,
981 2658 1055 2722 ὡς
1076 2660 1104 2710 6
1129 2657 1288 2724 λόγος
1316 2655 1523 2724 φθάσας
1544 2655 1876 2723 ἑγνώρισεν;

301 2753 448 2806 οὕτω
487 2753 585 2823 μὲν
609 2751 750 2806 οἴετω
774 2751 868 2804 καὶ
889 2752 1010 2812 ταῖς
1037 2749 1370 2820 ὑπερτάταις
1418 2747 1571 2800 ἔσται
1594 2745 1878 2814 δυνάμεσι.

304 2845 486 2900 Πολλὰ
530 2845 640 2916 γὰρ
671 2844 767 2897 καὶ
798 2842 968 2896 ταῦτα
1001 2841 1460 2902 διαδιδάσκουσιν,
1487 2838 1558 2900 ὡς
1615 2839 1644 2890 6
1673 2835 1883 2889 θειότα-

300 2944 395 3004 τός
447 2957 582 3011 φησι
613 2938 908 2999 Διονύσιος.
943 2935 1053 2988 Καὶ
1073 2935 1178 3004 ὅρα
1200 2933 1306 3004 πρὸ
1338 2931 1447 2985 τῶν
1507 2930 1686 2984 ἄλλων
1741 2926 1880 2982 αύτὰ

299 3037 372 3088 τὰ
403 3031 751 3100 ὲξαπτέρυγα
775 3027 1043 3099 σεραφὶμ,
1075 3021 1161 3122 ὧν·
1212 3028 1239 3079 6
1293 3025 1582 3122 προφήτης
1649 3021 1876 3122 Ἡσαΐας
1904 3066 1946 3122 c

301 3127 510 3194 θεωρὸς
542 3121 939 3193 ἐχρημάτισεν.
1005 3117 1069 3171 Εί
1103 3115 1178 3186 μὴ
1209 3119 1317 3184 γὰρ
1351 3116 1445 3167 ἐπὶ
1494 3112 1653 3183 δόξης
1708 3113 1877 3178 ἐπλη-

301 3218 468 3287 ροῦτο
497 3212 858 3280 θεοπρεποῦς,
917 3211 966 3262 εἱ
1019 3209 1095 3278 μὴ
1141 3207 1265 3260 καθ’
1292 3205 1441 3278 ὥραν
1503 3205 1880 3274 ἡστρίπτοντο

302 3308 702 3380 μαρμαρυγαῖς
729 3321 842 3358 τισι
875 3301 1154 3371 γνώσεως,
1219 3299 1320 3352 οὐκ
1369 3299 1436 3352 ἂν
1495 3295 1880 3366 ὑπερεκπλητ-

298 3405 506 3473 τόμενα
530 3400 648 3461 ταῖς
679 3395 890 3449 ἑαυτῶν
928 3393 1300 3446 ἐκαλύπτοντο
1345 3387 1632 3458 πτέρυξιν,
1688 3387 1788 3438 οὐκ
1813 3386 1880 3436 ἂν

299 3491 384 3558 εἷς
410 3492 546 3564 πρὸς
577 3493 667 3544 τὸν
697 3490 890 3558 ἕτερον
925 3486 1265 3550 ἀτενίζοντες
1290 3480 1492 3534 οὑτωσὶ
1529 3480 1625 3532 καὶ
1669 3494 1878 3547 κεκρα·

298 3591 457 3657 γέναι
484 3580 903 3654 παρεϐιάζοντο,
938 3597 956 3630 ι
985 3579 1196 3646 Ἀγιος,
1225 3574 1401 3642 ἅγιος,
1433 3572 1585 3639 ἅγιος
1617 3570 1874 3639 Κύριος.»

298 3680 474 3733 Τοῦτο
497 3680 606 3745 γὰρ
637 3678 665 3728 6
702 3673 1104 3744 χρυσορῤἠμων
1137 3666 1394 3735 Ἰωάννης
1439 3664 1606 3734 φησιν
1631 3660 1881 3730 ἀνεκδιη-

298 3773 472 3841 γήτου
509 3769 736 3838 σημεῖον
769 3761 1103 3830 ἐκπλήξεως,
1274 3785 1281 3790 .

371 3863 438 3915 Εἰ
480 3862 539 3915 δὲ
577 3857 751 3912 ταῦτα
799 3855 972 3928 ούτως
1029 3852 1166 3921 ἔχει,
1203 3849 1418 3911 πάντως
1475 3845 1777 3918 ὲπαπορείν
1820 3859 1880 3897 σε

299 3955 402 4007 οὐκ
427 3951 604 4018 ἄξιον,
629 3947 684 4000 εί
713 3964 772 4016 γε
795 3947 920 4008 τοὺς
955 3943 1148 4010 ἁγίους
1179 3941 1320 3994 κα.τά
1353 3955 1418 4006 γε
1451 3937 1654 4007 γνῶσιν
1674 3934 1770 3990 καὶ
1796 3933 1884 3986 δό-

301 4046 400 4111 ξαν
427 4039 766 4112 προκόπτειν
800 4040 856 4100 ἐς
889 4034 1138 4105 διηνεκὲς
1175 4031 1227 4083 oi
1251 4031 1390 4084 θεῖοι
1418 4030 1663 4099 Πατέρες
1691 4042 1874 4095 παρα-

297 4136 624 4192 δεδώκασιν·
707 4131 802 4185 τὸν
855 4129 966 4198 γὰρ
1035 4124 1414 4194 ἁκατανόητον
1467 4119 1880 4191 ἐπιχειροῦντες

299 4227 422 4281 τότε
453 4221 786 4292 κατανοῆσαι
817 4220 868 4274 oi
898 4217 1097 4272 δίκαιοι
1153 4212 1302 4287 πῶς.
1329 4212 1428 4281 τῆς
1476 4209 1736 4279 τοιαύτης
1792 4209 1882 4279 ὁρ-

303 4325 411 4393 μῆς
443 4316 880 4373 ἀποπαύσονται·
934 4312 1030 4366 καὶ
1073 4308 1196 4362 τίνα
1249 4304 1456 4375 τρόπον
1523 4300 1878 4373 ἐπιθήσονται

300 4418 472 4488 πέρας
502 4411 581 4482 τῷ
601 4407 969 4480 ἐγχειρήματι
996 4404 1092 4457 τὸν
1135 4400 1521 4469 ἀκατάληπτον
1572 4393 1877 4465 τηνικαῦτα
1912 4398 1956 4455 ι)

301 4487 712 4561 καταλαϐέσθαι
739 4499 1099 4570 πειρώμενοι,
1132 4495 1248 4556 πῶς
1291 4493 1394 4562 τῆς
1422 4491 1666 4561 ἐφέσεως
1705 4487 1878 4556 αὐτῆς

295 4596 656 4667 ἐπιτύχωσιν,
693 4593 746 4646 εἴ
775 4606 911 4643 ποτε
947 4586 1338 4659 προὸαίνοντες
1369 4581 1464 4634 τοῦ
1499 4579 1704 4651 δρόμου
1729 4576 1881 4638 τέλος

299 4666 666 4754 εἰσδέξονταις
752 4681 1025 4751 Ἐφίενται
1065 4678 1165 4750 μὲν
1216 4676 1326 4728 τῶν
1401 4671 1734 4742 ἔμπροσθεν,
1787 4666 1881 4719 καὶ

297 4784 422 4844 ταῖς
451 4780 649 4850 ὁρμαῖς
683 4774 964 4842 ἀναλόγως
997 4768 1330 4841 προκόπτειν
1384 4763 1704 4832 νομίζουσιν
1749 4760 1882 4812 ἑκα-

301 4890 449 4935 στος,
483 4870 598 4924 ἀλλ’
630 4871 707 4932 είς
732 4865 864 4920 αὐτὸ
886 4865 948 4918 τὸ
973 4864 1150 4931 πέρας
1179 4856 1478 4927 ἀφικέσθαι
1507 4857 1567 4907 οὺ
1599 4853 1880 4906 δύνανται.

298 4969 425 5030 Πῶς
453 4965 561 5034 γὰρ
583 4964 705 5017 ὅλου
734 4958 900 5016 αὑτοῦ
922 4935 1310 5028 περιλαϐέσθαι
1335 4949 1648 5020 ἰσχύσουσιν
1679 4947 1886 5016 ἀπρόσ-

297 5077 411 5113 ιτον
480 5057 610 5110 ὄντα
669 5052 1006 5114 παντάπασι,
1066 5048 1162 5101 καὶ
1220 5042 1650 5111 ἀκατάληπτον;
1699 5040 1886 5108 Ταύτῃ

293 5169 378 5205 τοι
410 5149 506 5204 καὶ
524 5148 782 5201 διώκουσι
811 5143 933 5213 μὲν,
967 5139 1028 5192 οὐ
1057 5134 1545 5206 καταλαμϐάνουσι
1573 5129 1648 5196 δὲ,
1679 5128 1885 5200 γνῶσιν

294 5244 388 5300 ἀεὶ
423 5237 947 5311 προσλαμϐάνοντες
992 5233 1088 5285 ἐπὶ
1108 5227 1332 5297 γνώσει,
1358 5227 1454 5279 καὶ
1484 5225 1578 5279 ἐπὶ
1628 5223 1883 5292 προκηπῇ

298 5337 615 5408 προκοπήν·
649 5333 764 5387 ἀλλ’
797 5327 1185 5399 ύπερπλήρους
1221 5323 1376 5386 ὄντος
1425 5320 1518 5375 τοῦ
1584 5337 1884 5374 κατανοου-

299 5433 492 5505 μένου,
525 5429 643 5489 πῶς
687 5427 841 5480 ἔσται
883 5423 1094 5484 τούτοις
1123 5417 1304 5472 τελεία
1342 5414 1439 5469 τοῦ
1484 5416 1731 5469 τοιούτου
1789 5430 1888 5466 κα-

297 5521 565 5590 τάληψις;
604 5519 739 5572 Πότε
762 5518 818 5570 δὲ
845 5515 938 5569 καὶ
969 5513 1070 5582 τῆς
1100 5512 1191 5563 ἐπὶ
1221 5511 1288 5564 τὰ
1316 5509 1505 5580 πρόσω
1540 5509 1715 5579 φορᾶς
1765 5507 1886 5559 ἐπι-

296 5618 605 5678 λάθωνταις
671 5612 810 5666 Πότε
864 5607 1268 5678 προκόπτοντες
1347 5603 1680 5670 στήσονται;
1746 5598 1884 5652 Πότε

301 5711 402 5782 τῆς
484 5707 696 5791 ὲέεῖθεν
752 5703 908 5774 δόξης
965 5697 1382 5784 ἐμφορούμενοι,
1414 5692 1882 5765 κορεσθήσονται;

2050 2015 2173 2070 Non
2211 2015 2375 2086 igitur
2406 2015 2732 2070 rationabile
2785 2024 2870 2070 est
2909 2015 3145 2086 amplius
3196 2013 3461 2069 dubitare.
3505 2013 3560 2067 Si

1982 2107 2128 2161 enim
2162 2107 2304 2162 idem
2335 2107 2644 2173 Theologus
2679 2106 2996 2169 Dominum,
3037 2121 3160 2160 cum
3220 2121 3414 2160 arcana
3472 2105 3562 2158 illa

1983 2197 2165 2264 dignis
2209 2197 2593 2262 denudaverit,
2647 2197 2716 2250 ali
2763 2198 2894 2252 dicit
2949 2198 3102 2266 juxta
3157 2197 3450 2249 humanam
3484 2196 3564 2249 le-

1983 2307 2136 2362 gem;
2173 2291 2491 2344 alimentum
2522 2289 2672 2360 enim.
2698 2298 2782 2342 est
2813 2287 3057 2342 doctrina
3096 2286 3259 2340 etiam
3297 2285 3561 2347 dicentis;

1983 2384 2115 2452 quid
2148 2393 2366 2452 oportet
2401 2382 2583 2436 dicere
2616 2382 2682 2434 de
2715 2381 2828 2444 bis,
2861 2379 2952 2448 qui
2976 2377 3284 2432 docentur?
3321 2377 3384 2430 Et
3411 2379 3564 2431 alen-

1985 2486 2076 2530 tur
2109 2476 2334 2530 cumino
2365 2474 2585 2528 illorum
2625 2472 2995 2534 documentis.
3038 2479 3092 2524 et
3127 2470 3427 2539 spiritalem
3476 2484 3567 2521 ar,-

1983 2573 2288 2628 cessioncm
2317 2571 2605 2641 adjicient,
2625 2579 2685 2623 ut
2712 2568 3029 2640 praecedens
3055 2580 3236 2620 sermo
3268 2565 3523 2632 exposuit
3548 2603 3561 2616 .

1985 2667 2060 2720 Ita
2091 2666 2346 2734 quidem,
2385 2664 2469 2742 ita
2504 2664 2670 2741 etiam
2714 2660 2984 2731 supremis
3014 2659 3118 2714 erit
3162 2657 3561 2726 potestatibus:

1983 2757 2154 2812 multa
2200 2757 2347 2811 enim
2377 2765 2433 2810 et
2481 2757 2594 2808 [nec
2633 2754 2874 2814 discunt,
2918 2761 2978 2805 ut
3031 2749 3404 2805 divihissimus
3439 2749 3566 2801 Dio-

1985 2853 2175 2920 nysius
2221 2848 2432 2918 inquit;
2465 2856 2522 2903 et
2556 2845 2679 2900 vide
2728 2853 2852 2899 ante
2903 2845 3004 2898 alia
3051 2843 3168 2912 ipsa
3198 2858 3295 2896 sex
3347 2841 3446 2898 alis
3487 2843 3566 2896 in-

1985 2950 2192 2998 structa
2253 2939 2538 3008 Seraphim
2609 2953 2842 3005 quorum
2893 2937 3156 3006 prephcta
3210 2937 3377 2991 Isaias
3439 2952 3566 3006 Spe-

1983 3044 2161 3091 ctator
2186 3032 2306 3088 fuit.
2333 3029 2447 3085 Nisi
2477 3031 2624 3086 enim
2657 3029 2842 3086 divina
2871 3029 3046 3098 gloria
3082 3030 3286 3099 repleta
3310 3029 3562 3092 fuissent,

1984 3126 2090 3181 nisi
2141 3123 2440 3178 identidem
2481 3121 2811 3192 quibusdam
2878 3120 3122 3175 scientia:
3181 3119 3564 3188 splendoribus

1985 3219 2376 3290 fulgurassent,
2412 3230 2519 3269 non
2555 3214 2747 3284 utique
2777 3213 3132 3268 mirabilitate
3171 3211 3418 3282 perculsa
3449 3211 3564 3265 suis

1982 3325 2042 3366 se
2102 3309 2218 3382 alis.
2278 3307 2754 3371 abscondissent;
2824 3321 2934 3358 non
3024 3304 3212 3373 utique
3275 3318 3441 3357 unum
3507 3302 3561 3356 in

1985 3404 2152 3457 alium
2203 3399 2496 3456 intendens
2555 3399 2629 3451 ita
2689 3404 2745 3451 et
2800 3395 3039 3450 clamare
3090 3394 3560 3464 compelleretur:

1992 3515 2008 3547 ι
2049 3494 2312 3559 Sanctus,
2342 3502 2589 3554 sanctus,
2626 3498 2850 3546 sanctus
2891 3488 3175 3543 Dominus.
3212 3506 3230 3538 ι
3273 3487 3386 3541 lloe
3417 3487 3561 3541 enim

1984 3602 2149 3643 aurea
2197 3587 2364 3642 verba
2401 3584 2640 3640 inridens
2685 3580 2928 3638 Joannes
2974 3581 3050 3636 ait
3100 3581 3392 3635 ineﬂ‘abilis
3449 3591 3537 3636 stu

1983 3679 2136 3748 poris
2175 3678 2414 3747 signum.

2056 3859 2111 3916 Si
2148 3873 2279 3913 vero
2317 3858 2437 3912 haec
2463 3858 2539 3911 ita
2573 3856 2798 3921 habent,
2830 3855 3143 3924 ambiguum
3187 3861 3240 3908 te
3275 3855 3562 3908 traducere

1984 3953 2268 4022 indignum
2309 3949 2534 4004 omnino
2562 3957 2668 4011 cst,
2691 3963 2762 4001 an
2795 3955 3016 4002 sanctos
3048 3946 3352 4002 secundum
3383 3947 3564 4000 scien-

1986 4047 2116 4101 tiam
2153 4052 2207 4099 et
2235 4041 2466 4114 gloriam
2505 4039 2768 4096 continuo
2817 4039 3085 4110 prolicere
3135 4037 3309 4092 divini
3377 4036 3564 4092 Patres

1984 4137 2327 4194 tradiderint.
2349 4133 2966 4214 lpcomprehensibilem
2995 4131 3141 4186 enim
3178 4131 3564 4201 aggredientes

1987 4240 2116 4284 tunc
2178 4228 2484 4296 intelligere
2535 4223 2817 4294 quomodo
2881 4223 2950 4278 ab
3010 4221 3324 4292 huiusmodi
3361 4223 3563 4292 impetu

1984 4322 2315 4394 quiescent,
2371 4328 2426 4374 et
2481 4334 2720 4389 quonam
2752 4317 2913 4372 modo
2947 4316 3209 4386 adiicient
3269 4316 3562 4370 terminum

1986 4413 2361 4487 aggressioni?
2409 4412 2966 4482 lncomprehensibile
3017 4422 3150 4466 tunc
3197 4411 3566 4478 comprehen-

1985 4509 2116 4562 dere
2162 4514 2448 4567 conantes,
2489 4501 2768 4571 quomodo
2803 4501 3060 4557 desiderii
3106 4508 3390 4570 compotes
3434 4501 3564 4563 snt,

1985 4598 2029 4652 si
2075 4611 2314 4663 unquam
2347 4593 2756 4664 progredientes
2803 4608 3000 4647 cursus
3049 4591 3212 4646 linem
3267 4606 3567 4660 assequau-

1986 4689 2125 4743 tur?
2158 4687 2574 4758 Concupiscunt
2626 4686 2844 4755 quidem
2879 4700 2962 4747 ea,
3008 4700 3129 4755 quae
3184 4692 3312 4738 ante
3365 4684 3569 4738 habue-

1988 4787 2136 4844 runt,
2173 4789 2229 4832 et
2281 4777 2578 4848 impetibus
2634 4783 3004 4848 congruenter
3056 4773 3325 4844 prolicere
3373 4783 3568 4844 putant

1987 4871 2248 4941 quilibet;
2285 4869 2377 4925 sed
2419 4868 2494 4924 ad‘
2535 4869 2715 4936 ipsum
2753 4869 2914 4922 linem
2963 4867 3254 4936 pervenire
3300 4881 3406 4920 non
3441 4881 3570 4935 pos-

1988 4971 2137 5016 sunt.
2169 4959 2454 5027 Quomodo
2484 4959 2630 5014 enim
2672 4959 2850 5028 ipsum
2887 4965 3061 5012 totum
3095 4955 3571 5026 comprehendere

1985 5047 2269 5117 valebunt,
2312 5067 2433 5105 eum
2472 5050 2542 5104 sit
2593 5049 2925 5128 omnimodis
2967 5050 3314 5104 inaccessum
3364 5055 3419 5101 et
3485 5047 3571 5100 in-

1989 5143 2538 5216 comprehensibile?
2572 5143 2664 5198 Sic
2712 5151 3116 5214 persequuntur
3171 5142 3416 5212 quidem,
3461 5153 3567 5190 non

1991 5248 2172 5293 autem
2226 5236 2732 5304 comprehendunt,
2791 5236 3078 5291 scientiam
3131 5248 3351 5303 semper
3407 5245 3568 5298 supra

1991 5329 2276 5385 scientiam
2315 5328 2664 5396 recipientes,
2703 5336 2759 5382 et
2806 5328 3112 5398 profectum
3162 5339 3328 5393 supra
3381 5321 3568 5390 profe-

1991 5431 2164 5474 ctum.
2192 5417 2299 5472 Sed
2333 5418 2668 5487 superpleno
2696 5424 2995 5474 exsisteme
3030 5431 3119 5478 eo.
3141 5413 3284 5484 quod
3320 5425 3568 5476 compreo

1995 5512 2273 5576 henditur,
2307 5511 2583 5579 quomodo
2613 5512 2719 5565 erit
2747 5511 3038 5564 terminata
3069 5503 3569 5575 lmjusmodi.cont-

1992 5605 2329 5675 prehensio?
2359 5603 2663 5674 Aliquando
2694 5617 2824 5656 vero
2856 5599 3148 5655 delationis
3197 5597 3262 5650 ad
3308 5594 3568 5648 ulteriora

1993 5695 2143 5750 obliti
2185 5694 2408 5764 fuerint,
2447 5691 2740 5760 aliquando
2793 5689 3138 5754 proﬁcientes
3173 5689 3398 5742 Stabunt
3469 5685 3567 5739 ali-
