4058 6196
466 242 577 313 7‘99

1741 236 2166 299 MICHAELIS
2208 224 2467 297 GLYC/E

3600 229 3713 295 800

459 362 686 432 quando
737 361 825 415 illa
874 359 1046 431 gloria
1101 355 1265 411 delati
1319 352 1689 409 satiabuntur.
1739 351 1846 408 Sed
1896 359 1951 406 et
1996 351 2071 411 si,

2177 351 2303 405 Αλλ*
2336 351 2385 404 εί
2418 350 2512 404 καὶ
2542 346 2874 421 κορεσθῆναι
2921 363 3052 401 ποτε
3114 342 3361 412 δόξουσιν
3416 341 3505 394 ἐπὶ
3548 340 3714 393 πλέον

468 463 708 517 unquam
749 446 929 500 satiati
974 458 1096 497 esse
1152 442 1508 504 videbuntur,
1560 440 1798 510 amplius
1843 441 2038 495 iterum

405 591 412 598 ,
472 539 725 593 sitientes
774 536 1143 590 invenientur.
1180 534 1244 586 Et
1290 532 1395 586 tale
1422 531 1552 601 quid
1608 532 1689 586 eis
1728 532 2044 602 contingere

396 625 405 669 ἶ
470 630 688 683 videtur
718 627 878 695 quale
926 626 1014 689 iis,
1069 623 1160 694 qui
1213 624 1449 693 aliquam
1486 632 1860 677 creaturarum
1913 638 2043 691 per-

472 714 584 767 dite
621 721 827 766 amant.
863 712 1130 767 Desiderii
1168 712 1318 766 enim
1354 711 1487 781 ipsis
1518 711 1870 766 succenditur
1896 710 2047 764 Iam-

470 819 582 868 ma,
622 820 732 858 non
767 803 1135 874 exstinguitur
1168 818 1319 867 vero,
1350 802 1618 871 siquidem
1651 816 1739 865 ee,
1777 802 1919 870 quod
1946 801 2044 855 de-

469 895 736 958 siderant,
767 895 1005 948 maxime
1073 894 1178 947 frui
1240 909 1352 948 non
1412 902 1805 963 assequuntur.
1842 892 1907 948 Et
1944 893 2046 949 hoc

467 994 575 1051 cst,
603 984 746 1055 quod
789 993 978 1039 sancta
1013 984 1295 1054 Scriptura
1331 984 1578 1038 divinum
1620 984 1771 1038 illum
1804 998 2044 1039 amorem

467 1078 750 1134 exhibens
788 1076 958 1130 dicit:
996 1094 1015 1125 ε
1050 1076 1150 1140 Qui
1180 1076 1513 1130 manducant
1537 1091 1647 1137 me,
1674 1076 1941 1140 esurient,
1993 1083 2050 1128 et

472 1171 568 1241 qui
611 1170 805 1225 bibunt
833 1182 944 1229 mc,
979 1168 1187 1221 sitient.
1223 1186 1241 1217 ι
1272 1168 1398 1221 llaec
1430 1168 1598 1237 igitur
1626 1177 1940 1221 sanctorum
1962 1174 2051 1220 est

471 1265 552 1318 ibi
605 1260 871 1316 conditio.
908 1259 1036 1313 Inde
1082 1258 1361 1329 profectus
1387 1259 1548 1329 justis
1582 1258 2045 1329 superadjicitur:

480 1355 607 1407 inde
640 1352 868 1406 scientia
905 1353 1039 1419 ipsis
1064 1350 1439 1419 multipliciter
1464 1359 1896 1420 superaugetur;
1925 1348 2050 1401 inde

475 1444 750 1510 iustorum
794 1441 967 1512 gloria
1016 1441 1369 1509 multiplicari
1413 1443 1719 1496 consuevit.
1772 1441 1881 1494 Cur
1919 1452 2051 1493 vero

482 1534 628 1586 luce?
678 1543 731 1586 et
785 1537 940 1601 cujus
1001 1532 1082 1586 rei
1134 1539 1307 1602 gratia
1368 1548 1647 1601 nunquam
1704 1532 2053 1602 proﬁcientes

480 1623 688 1676 stant?
725 1621 859 1687 Quia
914 1621 1064 1674 illum
1097 1659 1111 1683 ,
1169 1620 1261 1689 qui
1313 1620 1599 1689 superﬂuit
1640 1630 1695 1673 et
1752 1619 2054 1686 incompre-

2146 443 2301 506 αὖθις
2327 442 2586 511 διψῶντες
2632 439 2997 511 εὑρίσκονται.
3058 438 3171 492 Καὶ
3214 435 3424 489 τοιοῦτο
3479 433 3716 500 πάσχειν

2145 535 2388 588 ἐοίκασιν
2413 536 2603 586 ὁποῖον
2639 532 2690 585 oi
2713 532 2848 602 πρός
2867 549 2921 584 τι
2955 531 3065 582 τῶν
3086 529 3253 582 ὄντων
3280 525 3559 598 ἐρωτικῶς
3595 527 3719 579 δια-

2149 626 2412 694 κείμενοιο
2442 623 2607 677 πόθου
2634 624 2734 693 μὲν
2764 623 2869 691 γὰρ
2895 621 3080 682 αὐτοῖς
3130 618 3516 672 ύπανάπτεται
3561 613 3716 683 φλόξ⁸

2142 718 2210 769 οὐ
2236 713 2622 777 σϐέννυταιδὲ,
2664 715 2777 779 εῖγε
2816 711 2910 766 τοῦ
2942 710 3283 779 ποθουμένου
3336 708 3430 760 καὶ
3482 706 3721 775 μάλιστα

2149 806 2561 862 καταπολαῦσαι
2588 805 2649 857 ού
2673 804 2964 874 φθάσουσι.
3020 802 3130 856 Καὶ
3171 799 3330 852 τοῦτό
3363 801 3513 852 ἐστιν
3574 798 3718 863 ὅπερ

2148 903 2183 973 ἡ
2216 900 2344 968 ἁγία
2371 897 2561 969 Γραφὴ
2590 898 2678 950 τὸν
2728 897 2870 950 θεῖον
2914 897 3123 948 ἐκεῖνον
3165 894 3345 964 ἔρωτα
3388 889 3724 959 παριστῶσά

2151 1004 2335 1059 φησιν⁸
2370 1005 2389 1039 ε
2417 990 2479 1042 Οί
2505 985 2814 1055 τρώγοντές
2842 1001 2910 1054 με
2944 985 3285 1047 πεινάσουσι,
3306 985 3399 1036 καὶ
3457 984 3507 1035 οῖ
3542 982 3728 1035 πίνον.

2148 1099 2240 1145 τες
2260 1099 2328 1150 με
2348 1081 2690 1150 διψήσουσιν.
2707 1098 2725 1130 ι
2761 1078 2906 1146 Δῦτη
2936 1077 3035 1146 μὲν
3061 1074 3203 1146 οὖνὴ
3229 1078 3379 1147 παρά
3406 1077 3518 1137 τοῖς
3549 1074 3727 1142 ἁγίοις

2152 1178 2331 1229 ἐκεῖσε
2352 1175 2705 1235 κατάστασιςο
2733 1172 3036 1240 ιντεῦθενῆ
3080 1168 3330 1239 προκοπὴ
3351 1170 3463 1229 τοῖς
3489 1166 3729 1227 δικαίοις

2153 1264 2619 1335 προσεπιγίνεται,
2649 1260 2899 1314 ἐντεῦθεν
2948 1262 2981 1330 ἡ
3013 1259 3212 1328 γνῶσις
3257 1258 3441 1320 αὐτοῖς
3468 1259 3548 1319 εἰς
3588 1258 3732 1323 πλῆ-

2154 1355 2243 1419 θος
2271 1353 2591 1418 ἐπαύξεται,
2625 1351 2883 1404 ἐντεῦθεν
2908 1353 2942 1421 ἠ
2972 1352 3081 1403 τῶν
3119 1350 3349 1402 δικαίων
3376 1349 3503 1412 δόξα
3557 1348 3732 1399 πολυ-

2156 1447 2549 1511 πλασιὰζεσθαι
2572 1444 2750 1498 εἴωθε.
2778 1444 2876 1498 Διά
2905 1444 2957 1496 τί
2980 1444 3035 1496 δὲ
3060 1442 3266 1507 ταῦτα;
3309 1442 3401 1495 καὶ
3433 1442 3578 1504 τίνος
3605 1440 3728 1492 ἓνε-

2156 1557 2250 1594 κεν
2301 1538 2559 1592 οὐδέποτε
2629 1538 3033 1606 προκόπτοντες
3102 1535 3385 1598 ἴστανταις
3449 1535 3575 1586 Ὅτι
3633 1531 3732 1583 τὶν

2158 1632 2487 1702 ύπερπλήρη
2536 1630 2631 1682 καὶ
2660 1629 3049 1695 ἀκατάληπτον
3096 1627 3394 1690 κατασγεῖν
3436 1626 3527 1678 ἐπὶ
3563 1622 3734 1675 πλέον

484 1714 779 1767 lieusibilis
833 1722 916 1766 est
949 1712 1236 1766 continere
1295 1713 1533 1782 amplius
1586 1712 1922 1766 desiderant.
1976 1708 2058 1762 Ne

2175 1725 2422 1794 ἐφίενται.
2456 1725 2546 1791 Μὴ
2580 1721 2677 1775 οὖν
2704 1722 2798 1775 ἐπὶ
2859 1721 3023 1773 πλέον
3079 1719 3409 1787 ἀμφίϐαλλε
3472 1715 3736 1776 τοιαύτας

486 1803 648 1871 igitur
684 1801 998 1871 ambiguum
1031 1810 1083 1854 te
1112 1800 1411 1863 traducite,
1441 1815 1566 1854 cum
1594 1797 1904 1869 hujusmodi
1946 1795 2055 1865 jam

487 1893 555 1945 de
615 1890 719 1943 hoc
772 1889 1268 1943 demonstrationes
1298 1898 1353 1942 et
1403 1898 1581 1943 tantas
1637 1889 1943 1958 acceperis.

1035 2002 1372 2058 EPISTULA
1413 2002 1507 2057 ιχ.

486 2120 692 2173 Eidem.
739 2148 809 2161 -—
859 2118 1049 2172 Utrum
1114 2127 1353 2186 oporteat
1409 2119 1680 2172 attendere
1745 2117 2059 2183 dicentibus,

552 2190 942 2253 corruptibilem
975 2205 1084 2242 esse
1129 2190 1464 2254 paradisum,
1498 2199 1546 2240 et
1581 2198 1692 2256 post
1724 2205 1927 2243 crucem
1959 2203 2063 2243 non

556 2261 743 2312 statim
781 2259 837 2311 in
864 2274 983 2311 eum
1011 2259 1273 2311 iutroiisse
1298 2258 1580 2311 latronem.

566 2437 625 2492 Si
666 2446 849 2492 autem
890 2445 947 2490 et
979 2435 1050 2491 de
1088 2436 1209 2506 ipso
1261 2436 1514 2506 paradiso
1562 2436 1646 2492 vis
1682 2437 1898 2493 discere
1931 2454 2067 2507 qua-

489 2528 668 2595 lisque
709 2534 904 2579 natura
936 2527 1028 2589 sit,
1050 2534 1105 2579 et
1138 2525 1227 2579 ubi
1265 2526 1545 2596 hucusque
1580 2528 1793 2582 steterit
1820 2527 1916 2582 Dei
1957 2543 2071 2581 ma-

494 2620 658 2674 nibus
700 2633 732 2672 a
778 2617 1049 2688 principio
1085 2616 1388 2686 plantatus,
1424 2617 1592 2671 alium
1649 2615 1829 2673 inveni
1884 2618 2070 2673 Mosen

493 2709 926 2773 divinissimum,
983 2707 1075 2777 qui
1124 2707 1320 2777 spiritu
1357 2708 1572 2763 occulta
1608 2710 1883 2763 resolvere
1942 2724 2071 2778 pos-

492 2802 586 2857 sit.
638 2800 742 2866 Qui
780 2799 964 2870 potuit
996 2799 1218 2869 quidem
1272 2809 1512 2855 montem
1554 2800 1807 2868 practicze
1857 2800 2073 2854 virtutis

496 2890 833 2957 ascendere;
868 2891 1125 2959 intusque
1173 2900 1463 2958 penetrare
1493 2889 1669 2944 nubes
1706 2889 1894 2944 arcani
1925 2888 2075 2943 Scri-

2158 1817 2259 1887 ῆδη
2290 1814 2536 1885 καὶπερὶ
2584 1813 2773 1867 τούτου
2816 1812 2916 1876 τάς
2949 1811 3276 1875 ἀποδείξεις,
3326 1809 3422 1863 καὶ
3463 1806 3737 1868 τοσαύτας

2156 1908 2474 1976 δεξάμενος.

2717 1984 3064 2076 summm
3100 2016 3179 2072 e'.

2168 2134 2253 2200 Τῷ
2280 2134 2535 2198 αὐτῷ.-
2552 2135 2620 2187 El
2648 2132 2763 2200 χρὴ
2786 2130 3113 2198 προσέχειν
3146 2126 3273 2190 τοῖς
3299 2125 3619 2200 λέγουσιτς,
3647 2122 3742 2200 ὅτι

2235 2193 2496 2274 φθαρὲός
2529 2193 2701 2256 ἐστὶἆί
2726 2193 2761 2256 δ
2789 2193 3172 2274 πίιράδὲιρνρς.
3216 2199 3312 2274 καὶ
3343 2195 3428 2274 ὅτι
3454 2193 3609 2274 μετά
3631 2193 3744 2274 ξύν

2236 2264 2508 2341 Znabpoi-
2532 2274 2747 2326 αὐτίκα
2779 2264 2890 2325 οὐκ
2923 2268 3212 2336 εἰσῆλθεν
3235 2268 3324 2332 εις
3361 2266 3550 2318 αὑτὸν
3578 2266 3610 2315 ό
3636 2264 3743 2329 ,πῃ-

2238 2344 2416 2411 στής.

2241 2465 2303 2519 El
2341 2464 2399 2517 δὲ
2429 2463 2524 2519 καὶ
2552 2463 2682 2530 περ)⁵
2714 2456 2879 2512 αὑτοῦ
2915 2454 3009 2509 τοῦ
3048 2452 3379 2525 παραδείσου
3424 2449 3604 2519 βούλει
3638 2465 3745 2517 μα-

2154 2558 2288 2613 ,θεῖν
2319 2555 2503 2618 ὁποῖός
2540 2573 2599 2607 τε
2634 2554 2733 2624 τὴν
2761 2552 2925 2620 φύσιν
2966 2550 3081 2601 ἐστὶ
3128 2546 3225 2601 καὶ
3267 2546 3403 2600 ὅπου
3441 2544 3603 2613 μέχρι
3647 2541 3748 2593 καὶ

2172 2651 2417 2720 τήμερον
2451 2648 2651 2717 ἕστηκε
2686 2646 2844 2716 χερσὶ
2878 2643 3015 2696 Θεοῦ
3055 2642 3177 2695 κατ’
3208 2639 3381 2709 ἀρχὰς
3430 2637 3747 2705 φυτευθεὶς,

2175 2740 2336 2796 ἄλλον
2367 2730 2493 2810 εὗρε
2517 2737 2724 2792 Μωσέα
2759 2735 3035 2787 θειότατον
3061 2730 3305 2784 ἐπιλύειν
3338 2728 3638 2798 δυνάμενον
3678 2725 3751 2777 τά

2176 2829 2541 2900 κεκρυμμένα
2572 2826 2649 2896 τῷ
2679 2825 2970 2894 πνεύματι·
3004 2822 3060 2885 ὃς
3095 2822 3294 2890 ἔφθασε
3320 2820 3417 2890 μὶν
3437 2819 3598 2888 ὅρους
3626 2818 3753 2868 Em-

2176 2921 2339 2990 ϐῆναι
2367 2920 2464 2989 τῆς
2498 2916 2814 2988 πρακτικῆς
2862 2914 3064 2984 ἀρετῆς
3088 2952 3102 2976 ,
3130 2914 3261 2965 εῖσω
3294 2927 3355 2963 τε
3379 2909 3627 2978 χωρῆσαι
3658 2922 3751 2957 νε-

497 2991 794 3052 plurarum
818 2997 832 3046 ;
859 2983 1171 3036 conversari
1199 2998 1323 3036 cum
1358 2982 1468 3036 Deo
1497 2981 1668 3051 prima
1695 2982 1839 3047 luce,
1857 2990 1912 3035 et
1948 2982 2071 3036 inde

2179 2981 2349 3083 φέλης
2547 2981 2838 3080 ’γραφικῆς
2897 2981 3288 3075 ἐπικρύψεως,
3321 3000 3577 3070 ὁμιλῆσαι
3629 2996 3753 3063 Θεῷ

501 3077 844 3147 splendorem
870 3074 1450 3145 accipercdmauifesta
1478 3074 1768 3129 facientem
1785 3074 1999 3129 occulta
2020 3082 2074 3128 et

497 3170 737 3241 vulgata.
766 3168 923 3222 llunc
950 3169 1157 3231 inveni.
1195 3176 1250 3223 et
1302 3168 1453 3222 illum
1509 3168 1577 3221 de
1611 3167 1865 3237 paradiso
1906 3166 2080 3221 inter-

502 3276 651 3330 roga,
669 3269 723 3314 ct
743 3259 911 3313 disce.
927 3257 1036 3314 Nos
1051 3259 1218 3323 enim,
1238 3258 1423 3312 divine
1445 3258 1549 3321 vir,
1567 3257 1776 3312 indocti
1807 3271 1971 3326 super
1998 3265 2081 3310 ta-

500 3352 739 3408 libus’ac
773 3350 936 3404 tantis
967 3366 1091 3404 cum
1119 3350 1311 3412 simus,
1337 3359 1392 3403 et
1421 3363 1642 3402 sensum
1676 3348 1828 3401 humi
1862 3348 2080 3401 trahen-

501 3454 606 3509 tes,
640 3442 919 3511 quomodo
964 3440 1339 3493 sublimiorem
1366 3439 1623 3492 omnibus
1644 3438 1766 3491 aliis
1795 3437 2080 3507 cogitatio-

503 3551 629 3591 nem
662 3534 931 3604 attingere
955 3531 1251 3585 audeamus
1270 3546 1285 3595 ;
1304 3530 1581 3600 quomodo
1621 3545 1753 3585 vero
1775 3539 1829 3584 et
1859 3545 2080 3585 movere

503 3628 745 3698 linguam
776 3626 1002 3680 omnino
1032 3625 1331 3679 audeamus
1358 3638 1525 3693 super
1558 3622 1663 3686 his,
1700 3638 1930 3691 quorum
1956 3623 2081 3694 Spi-

504 3719 645 3773 ritus
668 3718 843 3773 s’aucti
879 3718 1144 3784 propheta
1178 3715 1367 3769 nescio
1389 3716 1666 3783 quomodo
1715 3715 1868 3784 plura
1904 3715 2081 3770 conti-

505 3808 644 3863 cuit.
680 3806 1020 3877 lmpossibile
1062 3805 1308 3871 omnino,
1344 3805 1698 3874 impossibile.
1736 3805 1887 3862 Unde
1933 3822 2085 3862 rece-

504 3899 639 3955 dere
659 3908 715 3953 et
755 3914 856 3953 nos
888 3899 1065 3963 decet,
1115 3908 1168 3952 et
1220 3897 1459 3968 plurima
1515 3898 1738 3953 silentio
1778 3900 2079 3954 transilire.

506 3991 647 4057 Quid
682 3990 827 4045 enim
850 3989 996 4044 aliud
1020 3988 1312 4043 fecerimus
1340 3988 1394 4043 in
1429 3989 1611 4053 bis,in
1641 3989 1838 4059 quibus
1873 4006 1978 4045 non
2000 3991 2085 4045 in-

505 4083 757 4138 venimus
778 4082 1107 4151 scriptorem
1132 4082 1411 4136 ductorem
1446 4082 1647 4150 pariter
1665 4091 1723 4136 et
1738 4083 2079 4153 magistrum.

424 4226 425 4231 η
507 4176 617 4231 Sed
645 4179 711 4231 de
742 4188 895 4229 more
924 4174 1131 4244 pariter
1152 4174 1218 4228 ad
1248 4184 1339 4227 tua
1382 4174 1637 4228 mandata
1679 4189 1779 4229 nos
1814 4174 2087 4231 inclinan-

506 4280 612 4334 tes,
644 4269 892 4323 volentes
926 4267 1199 4331 nolentes,
1218 4274 1271 4320 et
1300 4266 1446 4336 quod
1474 4266 1816 4320 inaccessqu
1854 4277 1939 4323 est
1967 4268 2080 4336 jam

2180 3108 2257 3177 τῷ
2292 3106 2496 3175 πρώτῳ
2533 3107 2672 3172 φωτὶ
2710 3103 2967 3156 κάκεῖθεν
3001 3100 3266 3170 ἐλλαμψιν
3301 3097 3577 3163 δέξασθαι,
3611 3097 3750 3165 δῆλα

2183 3196 2443 3253 ποιοῦσαν
2474 3196 2541 3250 τὰ
2574 3193 2933 3265 κεκρυμμένα
2968 3193 3065 3247 καὶ
3106 3192 3338 3260 ἔκφορα.
3372 3187 3575 3241 Τοῦτον
3597 3180 3753 3257 εὗρεο

2183 3292 2436 3346 κάκεῖνον
2495 3288 2675 3358 ἐρώτα
2733 3286 2862 3355 περὶ
2911 3282 3245 3351 παραδείσου
3294 3281 3389 3335 καὶ
3466 3279 3705 3349 μάνθανε
3734 3295 3752 3312 ο

2185 3382 2348 3449 ἡμεῖς
2378 3379 2509 3447 γάρ,
2564 3374 2837 3429 θεοείκελε
2883 3374 3034 3443 ἆνερ,
3070 3372 3305 3442 ἀμαθεῖς
3346 3372 3438 3423 ἐπὶ
3481 3369 3758 3422 τοσούτων

2183 3470 2338 3531 ὄντες
2374 3469 2468 3522 καὶ
2493 3467 2668 3537 χαμαὶ
2700 3466 2993 3536 συρόμενοι
3016 3465 3293 3533 φρόνημα,
3346 3462 3462 3521 πῶς
3489 3460 3752 3529 ὑψηλοτέ-

2189 3578 2299 3631 ρων
2326 3559 2565 3628 scaeam
2600 3558 2891 3627 νοημάτων
2932 3556 3345 3627 θαρῤήσαιμεν;
3400 3552 3525 3616 Πῶς
3555 3553 3612 3605 δὲ
3658 3550 3759 3605 καὶ

2188 3652 2411 3721 κινῆσαι
2437 3651 2537 3720 τὴν
2579 3650 2835 3718 γλῶσσαν
2870 3649 3009 3713 ὅλως
3042 3647 3440 3717 τολμήσαιμεν,
3488 3646 3574 3713 ἐφ’
3604 3642 3687 3707 οἷς
3728 3643 3762 3698 ὁ

2188 3742 2474 3813 ὑποφήτης
2518 3739 2613 3793 τοῦ
2662 3738 2981 3807 ιΙνεύματος
3032 3738 3130 3791 ούκ
3156 3733 3255 3790 οἷδ’
3285 3739 3432 3800 ὅπως
3462 3737 3529 3789 τά
3582 3736 3763 3788 πλείω

2190 3814 2514 3904 σεσίγηκεν;
2556 3832 2862 3901 Ἀμήχανον
2887 3830 3122 3895 πάντως,
3156 3828 3635 3900 ἀμήχανον.⁸Ὀθεν
3664 3830 3762 3896 ιγ-

2188 3920 2481 3991 γωνιάζειν
2508 3922 2603 3974 καὶ
2629 3921 2776 3989 ἡμᾶς
2805 3918 3036 3990 ιπρεπε,
3073 3919 3141 3971 τὰ
3164 3918 3391 3971 πλεῖστά
3421 3934 3481 3969 τε
3516 3919 3757 3986 σιωπᾷν·

2190 4014 2284 4067 καὶ
2315 4012 2369 4065 τί
2393 4013 2501 4081 γὰρ
2522 4012 2708 4080 ἕτερον
2733 4009 3040 4081 δράσαιμεν
3068 4009 3152 4079 ἐφ’
3180 4005 3263 4073 οἷς
3284 4012 3381 4079 οὐχ
3405 4007 3641 4079 εὕρομεν
3669 4009 3765 4063 τὸν

2193 4104 2521 4172 συγγραφέα
2549 4100 2687 4170 ὁμοῦ
2719 4101 3041 4172 καθηγητὴν
3066 4104 3160 4155 καλ⁵
3197 4101 3557 4166 διδάσκαλον;
3600 4101 3768 4155 Ἀλλά

2193 4190 2439 4261 συνήθως
2462 4191 2609 4260 ὅμως
2638 4190 3047 4260 ἑπικλινόμενοι
3075 4193 3189 4254 τοῖς
3239 4193 3352 4254 σοῖς
3387 4191 3770 4259 επιτάγμασιν

2194 4282 2411 4345 ἑκόντες
2439 4281 2692 4345 ἀέκοντες
2741 4282 2836 4334 καὶ
2864 4281 2973 4335 τῶν
3000 4282 3310 4351 ἀνεφίκτων
3343 4281 3444 4353 ῆδη
3496 4282 3768 4335 κατατολ-

512 4360 852 4424 audeamus;
892 4358 982 4412 illa
1014 4358 1107 4411 vix
1144 4356 1445 4411 atl‘erentes
1477 4371 1825 4426 quaecunque
1874 4357 2005 4411 hinc
2033 4368 2071 4411 e1

2200 4373 2413 4444 μῶμεν·
2448 4375 2637 4427 ἐκεῖνα
2666 4374 2762 4427 καὶ
2795 4374 2949 4442 μόλις
2980 4374 3396 4443 προσφέροντες
3442 4374 3651 4442 ὅσαπερ
3680 4374 3769 4425 ἔνο

512 4451 642 4505 inde
678 4453 733 4504 in
781 4458 1124 4505 antecessum
1174 4448 1404 4503 summis
1453 4449 1684 4503 auribus
1730 4450 2085 4518 excepimus;

510 4558 568 4600 et
624 4545 845 4615 interim
898 4544 1303 4599 divinissimum
1363 4542 1636 4597 Joannem
1691 4542 2088 4598 Damasceuum

511 4638 579 4692 de
610 4636 862 4707 paradiso
890 4635 955 4689 ad
985 4635 1214 4689 verbum
1243 4635 1314 4687 ita
1340 4633 1652 4702 loquentem
1688 4634 1813 4687 audi
1842 4651 1855 4687 :
1893 4651 1911 4684 ι
1942 4632 2090 4698 Quo-

512 4730 658 4782 niam
705 4726 850 4783 Deus
907 4743 973 4782 es
1020 4725 1276 4780 invisibili
1313 4714 1596 4779 et‘visihili
1636 4735 1883 4778 creatura
1917 4725 2090 4779 homi-

512 4835 639 4874 nem
691 4820 1030 4872 l‘ormaturus
1088 4823 1209 4869 erat
1259 4815 1324 4868 ad
1385 4814 1660 4885 proiiriam
1710 4814 1997 4884 imaginem
2036 4823 2091 4868 ct

516 4908 952 4972 similitudinem,
994 4905 1370 4975 praecedenter
1432 4906 1601 4959 veluti
1652 4905 1852 4975 regiam
1884 4907 2090 4958 consti-

519 5001 643 5062 tuit,
688 5000 743 5052 in
794 5014 898 5068 qua
933 5000 1136 5069 degens
1203 4999 1417 5054 beatam
1457 4999 1622 5053 vitam
1672 4999 1920 5052 duceret.
1967 4997 2089 5053 Hrec

517 5101 700 5147 autem
728 5102 812 5146 est
841 5091 1062 5146 divinus
1098 5093 1382 5162 paradisus
1418 5092 1512 5146 Dei
1545 5090 1798 5145 manibus
1831 5091 1885 5143 in
1920 5090 2087 5145 Edem

513 5188 813 5256 plantatus,
852 5185 908 5238 in
950 5187 1160 5239 oriente
1189 5185 1409 5254 quidem
1436 5185 1688 5237 universa
1733 5194 1876 5237 terra
1914 5184 2086 5237 subli-

516 5282 682 5344 mius,
724 5277 1180 5348 positus,plantis
1213 5292 1430 5347 semper
1466 5276 1767 5330 virentibus
1822 5290 2085 5341 comans;

514 5371 683 5427 odore
730 5370 945 5442 plenus,
1004 5370 1127 5425 luce
1160 5369 1412 5434 alllnens,
1469 5369 1735 5439 cujusque
1790 5368 2088 5437 spectaculi

514 5464 733 5519 sensilis
788 5474 845 5519 et
912 5462 1339 5533 pulchritudinis
1435 5476 1701 5531 superans
1789 5461 2089 5531 intelligenv

517 5560 643 5612 tiam
670 5577 685 5624 ;
732 5556 917 5612 divina
962 5557 1188 5612 omnino
1219 5557 1370 5626 regio
1390 5596 1404 5621 ,
1435 5566 1490 5609 et
1535 5555 1759 5621 dignum
1782 5569 1868 5619 eo,
1901 5554 1995 5624 qui
2021 5540 2086 5607 ad

519 5649 807 5717 imaginem
864 5648 954 5702 Dei
1000 5647 1178 5701 factus
1231 5659 1397 5713 esset,
1459 5645 1854 5711 habitaculum,
1897 5651 1949 5700 in
1980 5662 2088 5716 quo

2191 4465 2283 4518 θεν
2317 4465 2571 4518 κάκεῖθεν
2597 4464 2929 4534 ὲφθάκειμεν
2954 4465 3144 4537 ἄκροις
3187 4465 3321 4518 ὠσὶν
3349 4466 3719 4519 ἑνωτίσασθαι
3749 4482 3768 4498 ·

2193 4558 2286 4610 καὶ
2314 4557 2618 4627 τηνικαῦτα
2667 4555 2760 4609 τοῦ
2813 4557 3094 4611 θειοτάτου
3155 4558 3405 4609 Ἰωάννου
3447 4556 3545 4608 τοῦ
3578 4558 3770 4626 Δαμα-

2194 4643 2394 4711 σκηνοῦ
2425 4643 2566 4695 κατὰ
2598 4642 2744 4707 λέξιν
2781 4641 2925 4696 οὕτω
2955 4643 3084 4713 περὶ
3129 4642 3464 4712 παραδείσου
3511 4644 3769 4711 λέγοντος

2191 4734 2395 4787 ἄκουε·
2431 4751 2451 4784 ε
2495 4733 2715 4802 Ἐπειδὴ
2758 4733 2813 4786 δὲ
2844 4733 3068 4803 ἔμελλεν
3106 4736 3135 4785 ὁ
3162 4733 3294 4796 θεὸς
3340 4731 3400 4796 ἐξ
3439 4734 3678 4802 ἀοράτου
3712 4750 3773 4785 τε

2192 4831 2286 4878 καὶ
2337 4823 2541 4893 ὁρατῆς
2594 4825 2828 4888 κτίσεως
2884 4825 3289 4893 πλαστουργεῖν
3338 4825 3430 4877 τὸν
3479 4825 3772 4894 ἄνθρωπον

2192 4914 2314 4968 κατ’
2337 4914 2517 4967 οἰκίαν
2547 4915 2735 4967 εἰκόνα
2781 4931 2840 4967 τε
2875 4915 2965 4967 καὶ
2993 4915 3279 4983 ὁμοίωσιν,
3326 4915 3773 4984 προκαθίστησιν

2192 5002 2305 5058 οἷόν
2332 5023 2384 5058 τι
2441 5006 2733 5075 βασίλειον,
2772 5009 2830 5059 ὲν
2856 5000 2898 5072 ᾧ
2932 5007 3287 5075 διαιτώμενος
3336 5006 3618 5079 μακαρίαν
3651 5005 3771 5069 ἕξει

2193 5094 2359 5165 ζωήν.
2393 5098 2457 5148 Τί
2486 5096 2542 5149 δὲ
2564 5097 2721 5149 τοῦτό
2747 5099 2928 5162 ὲστιν;
2976 5098 3035 5150 '0
3071 5097 3215 5161 θεῖος
3258 5097 3593 5168 παράδεισος
3628 5097 3771 5151 Θεοῦ

2193 5188 2380 5256 χερσὶν
2410 5190 2466 5240 ὲν
2500 5188 2661 5257 Ἐδὲμ
2706 5190 3137 5258 πεφυτευμένος,
3161 5190 3218 5241 ὲν
3250 5189 3477 5258 ἀνατολῇ
3527 5189 3627 5255 μὲν
3658 5189 3772 5243 πά-

2195 5293 2294 5345 σης
2316 5276 2411 5342 τῆς
2442 5276 2544 5345 γῆς
2577 5276 2913 5347 ὑψηλότερον
2960 5279 3333 5347 διακείμενος,
3366 5281 3556 5345 φυτοῖς
3579 5279 3776 5331 ἀειθα-

2193 5368 2309 5421 λέσι
2352 5369 2556 5437 κωμῶν
2588 5408 2603 5434 ,
2655 5369 2887 5432 εὐωδίας
2946 5369 3183 5439 πλήρης.
3227 5370 3407 5438 φωτὸς
3461 5369 3719 5439 ἔμπλεως
3753 5411 3773 5437 ι

2193 5459 2342 5531 ὥρας
2398 5460 2617 5530 ἀπάσης
2668 5460 2934 5529 αἰσθητῆς
2981 5461 3075 5513 καὶ
3128 5461 3359 5523 κάλλους
3418 5462 3773 5531 ὑπερβαίνων

2196 5552 2443 5604 ἐπίνοιαν
2467 5568 2481 5583 ο
2536 5552 2703 5604 θεῖον.
2732 5552 2897 5615 ὄντως
2932 5553 3133 5622 χωρίον
3185 5552 3280 5605 καὶ⁵
3337 5554 3490 5620 ἀξιον
3520 5553 3617 5606 τοῦ
3646 5554 3773 5607 κατ’

2193 5648 2379 5702 εἰκόνα
2401 5647 2537 5702 Θεοῦ
2561 5650 2906 5721 ἐνδιαίτημα·
2937 5651 2992 5702 έν
3022 5642 3065 5717 ᾧ
3088 5649 3239 5703 οὐδὲν
3257 5650 3467 5720 ἀλόγων
3492 5649 3768 5704 ὲκυλίετο’
