4058 6196
275 317 379 382 801

1630 317 1999 379 EPISTULA
2059 314 2158 375 IX.

3433 304 3542 364 802

281 429 444 499 μόνον
477 427 535 481 δὲ
566 430 594 481 6
647 428 941 501 ἄνθρωπος
991 426 1101 483 τῶν
1140 428 1298 482 θείων
1361 428 1560 498 χειρῶν
1611 427 1671 481 τὸ
1722 426 1857 479 πλα-

1988 429 2249 483 ιτιιιοτιιιη
2298 413 2660 470 animantium
2704 412 2915 467 nullum
2973 412 3327 479 versabatur;
3376 412 3539 473 homo

212 544 219 557 -
282 521 630 589 στούργημα.
653 536 673 570 ι

356 614 463 666 Καὶ
495 613 668 666 ταῦτα
698 611 796 681 μὲν
824 612 850 663 6
872 604 1189 681 διαληφθεὶς
1210 603 1365 672 οὗτος
1396 609 1539 671 θεῖος
1564 608 1704 677 ἀνὴρ
1733 608 1864 678 περὶ⁵

282 703 380 757 τοῦ
414 702 752 773 παραδείσου
777 702 1055 767 διέξεισιν
1089 702 1182 770 ἀφ’
1227 694 1301 753 ὧν
1335 701 1513 767 ἔξεστι
1556 700 1641 770 τῷ,
1669 700 1866 769 προσέ-

285 811 439 864 χοντι
462 792 829 860 καταμαθεῖν.
861 795 1073 863 κτίσμα
1102 811 1161 847 τε
1193 793 1468 866 θειότερον
1497 792 1662 847 αὑτὸν
1700 788 1861 853 εἶναι,

285 882 382 935 καὶ
408 884 508 951 τῆς
536 880 941 951 διεφθαρμένης
969 880 1175 951 ταύτης
1207 880 1481 951 ἀνώτερον
1508 882 1762 941 κτίσεως.
1797 878 1863 932 Ei

288 973 367 1043 μὴ
393 973 501 1041 γὰρ
528 971 690 1024 τοῦτο
733 967 824 1043 ἦν,
869 972 971 1024 οὐκ
997 972 1063 1025 ἂν
1107 976 1135 1026 6
1177 973 1349 1042 Ἀδὰμ
1384 975 1589 1035 ἐκεῖνος
1623 974 1680 1024 ἐν
1714 972 1863 1039 αὑτῷ

283 1064 580 1134 διατρίϐων
611 1062 984 1132 ἠγαλλιάσατο
1010 1066 1102 1117 καὶ
1123 1064 1363 1133 ἔχαιρεν·
1392 1066 1493 1118 οὑκ
1516 1064 1583 1118 ἂν
1603 1067 1629 1117 6
1656 1063 1865 1132 ἀφθαρ-

283 1170 379 1215 τος
409 1155 468 1205 εν
499 1152 725 1223 φθαρτῷ
753 1152 1113 1223 διαιτώμενος
1146 1154 1427 1224 μακαρίας
1466 1150 1537 1225 ἦν
1571 1155 1864 1210 ἀπολαύων

287 1243 459 1313 ζωῆς.
494 1243 617 1296 Ὀτι
648 1244 707 1297 δὲ
736 1243 912 1298 ταῦτα
943 1243 1118 1307 οὑτως
1150 1247 1285 1314 ἔχει,
1318 1248 1413 1299 καὶ¹
1458 1246 1540 1299 ὅτι
1576 1247 1635 1299 τὸ
1663 1248 1865 1315 χωρίον

286 1334 468 1387 ἐκεῖνο
502 1334 745 1386 τοιοῦτον
792 1329 883 1404 ἦν,
930 1336 1028 1388 καὶ
1079 1337 1239 1400 αὑτὸς
1272 1340 1300 1390 6
1363 1338 1538 1407 μέγας
1586 1339 1870 1401 Βασίλειος

284 1425 560 1494 ἀριδήλως
602 1425 852 1491 ὑπέδειξε
901 1426 1031 1495 περὶ
1068 1429 1423 1497 παραδείσου.
1449 1430 1544 1483 καὶ
1577 1431 1701 1483 τάδε
1750 1430 1870 1482 δια.

288 1518 535 1587 ληφθείς·
574 1535 593 1568 ι
635 1516 792 1569 Οὕτω
838 1520 935 1571 καὶ
967 1519 1395 1589 τδ’ὲνδιαίτημα
1446 1522 1542 1573 τοῦ
1577 1519 1867 1590 ἀνθρώπου

285 1611 389 1677 τῆς
420 1609 555 1672 ιδίας
595 1608 763 1662 αὑτοῦ
794 1608 972 1679 χειρὸς
997 1609 1160 1679 ἔργον
1200 1612 1451 1680 ἐποίησε,
1484 1613 1651 1666 τόπον
1698 1613 1868 1678 ὑπερ-

288 1702 531 1774 φέροντα
565 1704 662 1773 τῆς
690 1704 819 1772 ὅλης
878 1704 1139 1769 κτίσεως,
1191 1705 1249 1757 ἐν
1279 1707 1564 1774 περιόπτῳ
1614 1706 1871 1774 κείμενον

1970 529 2101 567 vero
2136 520 2344 567 tantum
2379 509 2688 565 divinarum
2726 522 2983 560 manuum
3012 506 3309 574 opiﬁcium.
3342 524 3362 558 ι

2038 602 2103 657 Et
2136 604 2246 655 lucc
2290 600 2509 669 quidem
2541 597 2797 651 laudatus
2833 597 2921 650 hic
2952 596 3173 650 divinus
3233 599 3316 651 vir
3344 598 3413 652 de
3444 610 3542 667 pa-

1967 691 2152 748 radiso
2190 691 2472 745 dissertat.
2528 687 2604 741 Ex
2642 688 2840 757 quibus
2899 688 3026 743 licet
3079 689 3544 743 animadvertenti

1968 781 2242 844 ediscere,
2281 788 2591 836 creaturam
2653 779 2833 848 ipsum
2891 792 3015 832 esse
3070 779 3442 843 dit‘iniorem,
3491 788 3547 832 et

1970 875 2072 927 hac
2100 882 2359 942 corrupta
2394 884 2589 928 natura
2652 868 3021 937 superiorem.
3064 869 3179 923 Nisi
3240 872 3389 924 enim
3438 870 3544 923 hoc

1967 971 2134 1027 esset,
2168 980 2278 1017 non
2312 962 2500 1032 utique
2535 963 2780 1016 Adamus
2841 964 2932 1017 ille
2972 962 3027 1015 in
3084 977 3152 1015 eo
3194 975 3546 1017 commorans

1975 1054 2310 1109 exsultasset
2365 1063 2421 1106 et
2472 1053 2772 1115 laztarctur.
2810 1069 2919 1108 non
2974 1053 3165 1119 utique
3196 1052 3546 1120 incorruptus

1967 1143 2378 1213 ineorruptibiii
2428 1143 2633 1213 degens
2683 1144 2843 1198 beata
2902 1143 3011 1197 vita
3066 1143 3366 1206 frueretur.
3420 1143 3545 1197 ilice

1970 1245 2153 1304 autem
2176 1235 2249 1288 ita
2286 1234 2508 1296 habere,
2537 1242 2591 1288 et
2616 1234 2797 1289 locum
2828 1235 2980 1289 illum
3018 1234 3340 1304 ltujusmodi
3398 1249 3541 1294 esse.

1968 1337 2026 1380 et
2059 1327 2176 1395 ipse
2206 1340 2439 1395 magnus
2493 1324 2726 1381 Basilius
2783 1326 3073 1380 manifeste
3123 1327 3548 1387 demonstravit,

1969 1418 2133 1472 etiam
2178 1417 2289 1470 haec
2330 1416 2673 1470 dissertans:
2706 1434 2725 1466 ι
2761 1415 2836 1469 Ita
2874 1426 2929 1469 et
2962 1416 3334 1470 habitaculum
3370 1416 3552 1469 homi-

1972 1511 2060 1562 nis
2090 1523 2203 1562 sua:
2239 1508 2473 1577 propriae
2532 1524 2729 1561 manus
2760 1522 2903 1576 opus
2942 1508 3104 1572 fecit,
3170 1508 3349 1560 locum
3401 1512 3549 1559 omni

1972 1580 2225 1654 creatura
2276 1598 2722 1653 excellentiorem
2778 1599 2831 1652 in
2864 1598 3362 1667 circumspectabili
3406 1598 3555 1667 posi-

1972 1699 2131 1752 tum.
2189 1690 2435 1744 tenebris
2510 1690 2851 1744 inaccessum
2912 1700 2968 1744 et
3024 1692 3092 1743 ob
3159 1691 3549 1745 sublimitatem

286 1798 743 1866 ἀνεπισκότητον.
795 1796 883 1850 διὰ
932 1798 993 1850 τὸ
1032 1796 1165 1867 ὕψος
1195 1798 1493 1867 εὑόρατον·
1555 1799 1616 1850 οὑ
1666 1797 1869 1865 λαίλαψ

1992 1783 2207 1835 ηοιιίιηε
2239 1782 2632 1850 spectabilem;
2662 1798 2768 1836 uou
2806 1782 2880 1835 ibi
2914 1782 3175 1851 procella,
3232 1797 3336 1835 non
3366 1783 3550 1845 turbo,

287 1889 495 1953 ἐκεῖσε,
529 1887 593 1941 ού
623 1887 902 1958 πρηστὴρ,
936 1890 997 1941 οὔ
1020 1887 1251 1959 χάλαζα,
1279 1890 1341 1942 ού
1364 1890 1653 1960 χειμερινὴ
1686 1889 1867 1958 πῆξις

287 1976 367 2047 Ὑῆ
407 1977 546 2030 πίων
589 1978 684 2031 καὶ
734 1978 980 2048 μαλακὴ,
1016 1980 1360 2051 κατάρρυτος
1391 1979 1579 2033 ὕδασιν
1628 1996 1873 2049 γονιμω-

289 2071 499 2134 τάτοις.
537 2069 700 2123 Ἀλλά
732 2071 850 2135 πῶς
878 2072 957 2134 είς
982 2072 1106 2141 ὄψιν
1129 2073 1201 2126 τά
1224 2072 1327 2142 τῆς
1360 2071 1624 2141 πατρίδος
1655 2072 1875 2136 ἐκείνης

292 2161 495 2229 ἀγάγω
518 2177 639 2225 σοις
677 2162 828 2226 ὅπως
866 2163 931 2216 ὲκ
958 2163 1057 2233 τῆς
1112 2163 1330 2234 ἰξορίας
1355 2162 1563 2233 ταύτης
1595 2164 1652 2227 ἐς
1706 2164 1874 2216 αὑτὸν

295 2250 558 2306 ἀνακαλῶ
590 2269 650 2305 σε
674 2269 690 2317 ;
736 2271 756 2305 ι

367 2344 621 2398 Μάνθανε
641 2340 736 2398 οὖν
763 2344 1037 2408 ἐντεῦθεν,
1060 2338 1105 2399 ὧ
1129 2344 1251 2416 ῑερά
1286 2345 1520 2416 κεφαλὴ,
1544 2347 1737 2410 ὁποίας
1757 2349 1879 2401 ἐστὶ

299 2436 519 2505 φύσεως
546 2439 574 2491 6
607 2437 962 2508 παράδεισος·
1000 2440 1048 2490 εί
1096 2438 1205 2508 γὰρ
1239 2440 1336 2491 καὶ
1366 2438 1549 2508 δῶμεν
1603 2439 1737 2507 πρὸς
1766 2441 1879 2503 τοὶς

298 2530 483 2593 ἄλλοις
510 2529 686 2585 ἅπασι
716 2531 813 2586 καὶ
865 2530 1033 2583 αὑτὸν
1082 2528 1160 2598 τῷ
1220 2529 1511 2583 κυκλούντι
1569 2530 1750 2583 πᾶσαν
1782 2530 1882 2599 τὴν

301 2622 408 2691 γῆν
468 2618 701 2689 ὠκεανῷ
771 2618 1207 2689 περιορίζεσθαι.
1260 2618 1514 2687 καθάπερ
1561 2619 1609 2670 οί
1660 2617 1882 2682 πλείους

298 2711 582 2783 ᾠήθησαν,
634 2710 774 2765 ἀλλὰ
797 2710 898 2780 τῆς
930 2709 1326 2779 ἀλλοιουμένης
1348 2708 1586 2777 ταύτης,
1643 2710 1738 2762 καὶ
1760 2708 1882 2761 καθ’

301 2800 455 2869 ὥραν
488 2798 964 2869 μεταϐαλλομένης
992 2796 1136 2866 ζωῆς
1167 2797 1443 2865 ἀνώτερον
1483 2797 1836 2867 ὑπολάμϐανε
1866 2812 1880 2828 ·

300 2895 356 2946 εί
388 2894 464 2963 μὴ
520 2892 627 2960 γὰρ
677 2890 837 2944 τοῦτο
882 2885 975 2961 ἦν,
1001 2890 1105 2943 οὑκ
1158 2892 1222 2953 iv
1257 2892 1315 2942 ὲν
1354 2889 1638 2962 περιόπτῳ
1671 2889 1885 2946 κεῖσθαι

300 2987 545 3051 ἐλέγετο,
563 2984 663 3037 οὑκ
695 2982 760 3035 ἂν
794 2982 1016 3049 ἀπάσης
1041 2980 1142 3049 τῆς
1175 2982 1281 3048 γῆς
1307 2982 1664 3053 ὑψηλότερος,
1689 2983 1792 3036 οὐκ
1819 2981 1887 3037 ἂν

300 3071 587 3127 ἅειθαλέσι
637 3072 825 3137 φυτοῖς
870 3070 967 3124 καὶ
1008 3070 1299 3132 ἀθανάτοις
1335 3072 1882 3141 κατακοσμούμενος.

304 3166 435 3216 Ὅτι
464 3163 519 3215 δὲ
549 3161 725 3216 ταῦτα
748 3161 921 3223 οὕτως
946 3159 1083 3231 ἔχει,
1116 3161 1215 3216 καὶ
1259 3162 1341 3216 ὅτι
1379 3162 1482 3231 τῆς
1524 3165 1632 3232 γῆς
1680 3164 1887 3235 ταύτης

306 3255 545 3324 ὕπερθεν
566 3254 594 3306 6
624 3252 978 3323 παράδεισος,
1004 3254 1100 3305 καὶ
1125 3254 1153 3304 6
1196 3253 1267 3305 τά
1299 3253 1418 3307 θεῖα
1450 3256 1611 3323 σοφὸς
1644 3255 1891 3321 ὑπέδειξε

306 3345 659 3415 Θεοδώρητος
687 3345 863 3405 οὕτως
888 3342 1078 3397 εἰπών·
1109 3363 1128 3395 ι
1173 3344 1264 3409 Ἐξ
1288 3345 1508 3414 ἁπάσης
1541 3347 1640 3415 μὲν
1672 3346 1765 3400 οὖν
1792 3348 1893 3417 τῆς

307 3435 416 3503 γῆς
448 3434 643 3504 ὥσπερ
673 3433 796 3486 τινὰ
823 3432 1005 3501 ἔξοχον
1039 3433 1209 3485 τόπον
1258 3434 1382 3487 κατ’
1412 3434 1678 3497 ἀνατολὰς
1712 3436 1740 3487 6
1763 3435 1893 3510 Θεὸς

309 3526 681 3595 ἐκλεξάμενος
745 3525 908 3593 Ἐδὲμ.
939 3522 1362 3595 ὀνομαζόμενον,
1418 3527 1476 3577 ἑν
1517 3526 1667 3598 αύτῷ
1700 3527 1765 3596 δὴ
1798 3526 1895 3581 τὸν

309 3619 643 3692 παράδεισον
668 3616 1096 3673 κατεσκεύασεν
1118 3617 1174 3668 ἐν
1198 3609 1243 3684 ᾧ
1263 3616 1330 3687 δὴ
1353 3617 1587 3687 τιμῆσαι
1613 3616 1895 3688 βουληθεὶς

311 3712 578 3781 γεγονότα
600 3713 695 3763 τὸν
723 3708 1004 3777 άνθρωτον
1058 3707 1250 3775 ἔταξεν
1274 3710 1466 3764 οἰκεῖν.
1504 3708 1745 3779 Πρόσεχε
1776 3708 1891 3764 οὖν’

315 3802 573 3873 φαίνεται
602 3802 711 3870 γὰρ
746 3800 1003 3854 ἐντεῦθεν
1035 3799 1112 3862 ὡς
1139 3798 1417 3869 ἄφθαρτος
1459 3794 1529 3868 ῆν
1568 3802 1596 3853 6
1625 3800 1895 3870 παράδει-

318 3910 432 3957 σος’
466 3895 516 3946 εί
551 3892 626 3962 μῆ
653 3893 765 3962 γάρ
812 3891 974 3944 τοῦτο
1001 3886 1090 3960 ῆν,
1122 3890 1222 3942 οὑκ
1265 3890 1333 3947 ἂν
1387 3891 1446 3943 ὲν
1480 3891 1632 3960 αὑτῷ
1661 3893 1895 3962 τιμῆσαι

316 3985 642 4057 βουλόμενος
674 3983 766 4036 τὸν
825 3982 1113 4052 ἄνθρωπον
1141 3980 1317 4035 ἕθετο’
1352 4002 1371 4035 ι
1409 3982 1505 4037 καὶ
1550 3982 1725 4036 ταῦτα
1768 3985 1899 4052 περὶ

318 4080 505 4149 πάσης
532 4079 628 4149 τῆς
650 4076 1068 4147 ἀγίαςιΓραφῆς
1090 4077 1439 4148 παραχθῆναι
1468 4077 1658 4131 τοῦτον
1687 4077 1900 4149 ἄφθαρ-

315 4189 412 4225 τον
472 4169 931 4240 μαρτυρουμένης
960 4207 972 4222 .
1039 4168 1150 4221 Καὶ
1201 4169 1253 4220 τί
1300 4168 1409 4239 χρὴ
1450 4168 1624 4222 πολλά
1679 4168 1892 4236 λέγεινς

319 4261 633 4332 Ἀφθαρτος
667 4256 736 4333 ῆν
759 4263 787 4314 6
817 4262 1170 4330 παράδεισοςσ
1203 4262 1253 4313 εί
1282 4260 1361 4331 τῷ
1390 4260 1680 4315 κυκλούντι
1713 4262 1896 4315 πᾶσαν

314 4357 418 4424 τὴν
442 4355 569 4422 γῆν,
600 4352 676 4418 ὥς
710 4371 899 4423 φασιν.
931 4354 1162 4423 ὠκεανῷ
1197 4353 1628 4424 περιεγράφετο,
1660 4352 1897 4421 ἔφθασεν

1976 1887 2084 1927 non
2115 1874 2339 1943 grando,
2372 1888 2481 1928 non
2514 1872 2744 1927 hiberna
2771 1874 3088 1939 concretio;
3148 1888 3290 1930 terra
3338 1877 3556 1947 pinguis

1977 1980 2040 2017 ae
2076 1964 2277 2029 mollis,
2315 1965 2517 2033 irrigua
2572 1965 2733 2035 aquis
2768 1960 3201 2022 fecundissimis.
3251 1968 3359 2023 Sed
3413 1985 3555 2039 quo-

1981 2056 2146 2110 modo
2178 2055 2229 2107 iu
2266 2065 2626 2123 conspectum
2662 2066 2813 2109 tuum
2843 2072 2965 2124 quae
2996 2056 3049 2110 in
3092 2057 3184 2111 illa
3223 2060 3397 2127 patria
3425 2070 3557 2112 sunt

1980 2146 2282 2200 adducam?
2312 2145 2600 2212 Quomodo
2631 2161 2697 2199 ex
2730 2145 2835 2202 hoc
2863 2149 3061 2203 exsilio
3090 2150 3145 2203 in
3181 2151 3353 2220 ipsum
3392 2164 3442 2204 te
3471 2169 3556 2204 re-

1981 2252 2168 2292 meent
2187 2238 2210 2290 ?
2252 2257 2269 2289 ι

2053 2330 2209 2384 Disce
2235 2328 2401 2401 igitur
2439 2327 2587 2393 inde,
2619 2344 2653 2383 ο
2680 2343 2897 2384 sacrum
2927 2338 3113 2399 caput,
3149 2330 3327 2400 qualis
3352 2341 3561 2386 natura:

1982 2422 2054 2476 sit
2084 2421 2390 2490 paradisus.
2445 2418 2605 2475 Licet
2657 2421 2805 2474 enim
2869 2422 3240 2477 concedamus
3276 2439 3382 2477 una
3438 2441 3563 2478 cum

1984 2513 2107 2569 aliis
2135 2513 2414 2573 omnibus.
2471 2514 2639 2567 etiam
2683 2514 2863 2582 ipsum
2918 2527 3147 2578 oceano,
3213 2514 3306 2584 qui
3360 2525 3560 2570 terram

1986 2605 2297 2660 universam
2338 2605 2531 2669 ambit.
2557 2606 2965 2669 circumscribi,
3019 2606 3184 2660 sicuti
3223 2608 3408 2675 plures
3469 2624 3561 2662 ar-

1985 2698 2173 2754 bitrati
2197 2708 2347 2764 sunt,
2378 2708 2559 2752 tamen
2590 2698 2717 2765 hac,
2746 2713 2868 2767 quae
2912 2700 3176 2763 variatur,
3227 2710 3287 2754 et
3318 2702 3566 2770 qualibet

1988 2789 2124 2844 hora
2181 2790 2535 2856 immutatur,
2592 2791 2740 2850 vita,
2792 2790 3227 2860 praestantiorem
3285 2794 3564 2852 existima.

1985 2879 2100 2938 Nisi
2134 2881 2282 2937 enim
2319 2882 2423 2937 hoc
2454 2892 2625 2947 esset,
2689 2897 2797 2937 non
2848 2882 3034 2952 utique
3089 2882 3143 2936 in
3179 2884 3301 2937 loco
3332 2885 3567 2939 circum~

1987 2973 2273 3045 spectabili
2304 2975 2517 3044 positus
2551 2974 2864 3038 diceretur;
2916 2989 3027 3028 non
3091 2956 3283 3045 utique
3310 2978 3567 3031 universa

1990 3076 2136 3122 terra
2190 3066 2513 3132 sublimior;
2578 3080 2686 3119 non
2730 3066 2922 3136 utique
2978 3081 3202 3137 semper
3265 3069 3571 3123 virentibus

1991 3157 2192 3228 plantis
2244 3169 2301 3211 et
2359 3156 2770 3212 immortalibus
2823 3167 3144 3213 exornatus.
3205 3159 3330 3215 llaec
3384 3171 3569 3215 autem

1994 3248 2068 3305 ita
2102 3250 2329 3315 habere,
2366 3258 2424 3304 et
2455 3251 2561 3303 hac
2599 3258 2743 3304 terra
2763 3251 3143 3306 sublimiorem
3192 3266 3317 3309 esse
3355 3256 3571 3323 paradi-

1993 3355 2137 3404 sum,
2176 3341 2342 3394 etiam
2366 3340 2676 3395 divinarum
2710 3356 2895 3395 rerum
2946 3342 3158 3412 peritus
3194 3342 3573 3402 Tlteodoretus

1993 3430 2255 3486 imlicavit
2286 3432 2358 3486 ita
2384 3433 2613 3487 dicens:
2678 3450 2696 3483 ι
2753 3433 2827 3487 Es
2863 3434 3121 3489 universa
3176 3435 3343 3506 igitur
3401 3448 3570 3503 terra,

1995 3523 2164 3578 veluti
2230 3524 2525 3591 quemdam
2583 3526 2941 3580 extollentem
2978 3526 3184 3594 locum,
3233 3528 3288 3583 in
3348 3528 3575 3585 Oriente

1997 3613 2141 3669 Deus
2163 3630 2289 3669 cum
2316 3615 2574 3686 elegisset
2610 3616 2779 3671 Edem
2834 3620 3311 3688 cognominatum,
3342 3623 3398 3677 in
3453 3625 3573 3695 ipso

1996 3708 2310 3775 paradisum
2342 3708 2688 3773 construxit;
2714 3708 2770 3762 in
2810 3726 2919 3778 quo
2940 3726 3066 3765 cum
3097 3712 3263 3768 vellet
3296 3715 3574 3771 honorare

1997 3797 2276 3852 hominem
2304 3814 2468 3868 quem
2500 3801 2733 3863 fecerat,
2767 3817 2893 3855 eum
2928 3803 3182 3859 habitare
3234 3805 3422 3874 jussit.
3480 3811 3577 3863 At-

1998 3890 2161 3945 tende
2189 3890 2374 3959 igitur.
2409 3890 2659 3958 Apparet
2690 3894 2839 3945 enim
2882 3892 3010 3946 inde
3070 3897 3446 3963 corruptionis
3475 3913 3575 3952 ex-

1999 3990 2211 4052 pertem
2234 3980 2409 4035 fuisse
2436 3974 2780 4050 paradisum.
2805 3982 2920 4038 Nisi
2947 3985 3096 4039 enim
3132 3988 3237 4042 ltoe
3267 3998 3436 4053 esset,
3462 4005 3573 4045 non

1999 4073 2187 4142 utique
2218 4072 2273 4125 in
2303 4073 2445 4141 ipso,
2476 4087 2599 4127 cum
2644 4073 2852 4128 honore
2896 4075 3114 4130 allicere
3148 4078 3330 4141 vellet,
3394 4081 3574 4135 homi-

1997 4182 2125 4220 nem
2152 4165 2497 4220 collocasset.
2550 4183 2570 4217 ι
2614 4164 2682 4217 Et
2714 4165 2831 4219 haec.
2863 4169 2931 4221 de
2952 4169 3103 4222 omni
3144 4178 3335 4225 sancta
3388 4170 3575 4240 Scrip-

2001 4269 2145 4323 tura,
2174 4257 2505 4328 prodoctum
2536 4256 2706 4311 fuisse
2737 4258 2884 4313 hunc
2907 4247 3571 4333 corruptioniseXpertem

1999 4357 2317 4403 attestante.
2345 4347 2569 4425 thuid
2599 4357 2817 4416 oportet
2850 4351 3020 4405 multa
3053 4352 3281 4407 dicere?
3327 4355 3572 4425 Corrup-

317 4451 385 4505 ἂν
413 4449 470 4514 ἐξ
500 4448 748 4517 ἀνάγκης
780 4450 808 4501 6
843 4448 1194 4518 παγκόσμιος
1229 4448 1437 4510 ἐκεῖνος
1483 4446 1885 4516 κατακλυσμὸς¹

2003 4444 2167 4499 tionis
2196 4458 2390 4513 expers
2412 4452 2529 4498 erat
2562 4444 2884 4513 paradisus;
2914 4457 2970 4501 et
2991 4446 3038 4500 si
3059 4448 3343 4503 ambieute
3366 4462 3569 4504 terram

318 4542 412 4594 καὶ
441 4541 604 4595 αὑτὸν
634 4539 1045 4607 συνδιαφθεῖραι
1083 4538 1223 4606 μετὰ
1253 4541 1362 4591 τῶν
1399 4539 1572 4593 ἄλλων
1601 4538 1677 4601 ὡς
1721 4539 1897 4609 φθορᾷ

318 4633 701 4703 ὑποκείμενον,
735 4632 850 4700 εἴγε
873 4633 1177 4702 τηνικαῦτα
1221 4634 1283 4687 τὸ
1320 4634 1485 4703 ὕδωρ,
1531 4634 1607 4698 ὥς
1645 4651 1812 4705 φησιν
1863 4637 1896 4703 ἡ

320 4725 360 4777 Γ
363 4726 536 4795 ραφὴ,
587 4724 747 4793 δρους
798 4723 1037 4793 ὕπερθεν
1093 4723 1283 4794 ὑψώθη
1316 4727 1518 4789 παντὸς
1568 4727 1662 4779 ἐπὶ
1696 4728 1897 4796 πήχεσι

320 4814 487 4866 πέντε
516 4815 611 4865 καὶ
638 4812 795 4865 δέκα.
831 4811 1069 4881 Εὔδηλον
1097 4811 1191 4865 οὖν
1229 4813 1529 4865 κάντεῦθεν
1556 4816 1638 4867 ὃ.ι
1679 4816 1776 4884 τῆς
1804 4816 1899 4868 ἁλε-

317 4904 644 4974 λοιουμένης
674 4903 880 4972 ταύτης
910 4903 1058 4973 ζωῆς
1089 4904 1363 4973 ἀνώτερος
1401 4906 1428 4956 6
1463 4906 1811 4976 παράδεισος.
1837 4908 1899 4959 ει

317 4996 378 5049 δὲ
433 4997 532 5064 τῆς
580 4994 727 5063 ζωῆς
782 4995 988 5064 ταύτης
1046 4994 1339 5064 ἀνώτερος,
1390 4995 1615 5065 εὔδηλον
1662 5000 1745 5051 ὅτι
1806 4999 1899 5049 καὶ

321 5089 620 5155 ἄφθαρτος·
659 5088 708 5139 εί
740 5086 797 5138 δὲ
833 5086 1138 5156 ἄφθαρτος,
1184 5087 1400 5154 ἀνάγκη
1428 5074 1588 5142 πᾶσα
1620 5091 1714 5143 καὶ
1742 5090 1809 5141 τά
1842 5091 1899 5141 ὲν

322 5179 476 5245 αὑτῴ
512 5179 685 5230 πάντα
715 5179 859 5243 φυτὰ
900 5176 1102 5245 φθορᾶς
1160 5173 1296 5228 εἶναι
1334 5178 1630 5249 ὑπέρτερα.
1677 5180 1740 5233 Ei
1770 5180 1899 5249 γάρ,

322 5269 472 5321 καθά
496 5283 640 5328 τινες
655 5268 885 5331 οῐονται,
917 5268 1093 5338 φθορᾷ
1121 5268 1212 5320 καὶ
1237 5269 1529 5322 ἀλλοιώσει
1564 5270 1738 5323 ταῦτα
1772 5272 1903 5323 ὑπέ-

324 5374 533 5419 κειντο,
562 5357 741 5410 καὶτὸ
784 5357 1087 5426 γευόμενον
1132 5358 1351 5423 πάντως
1397 5360 1559 5413 αὑτὸν
1587 5362 1679 5413 τὸν
1711 5362 1905 5432 αἰσθηο

322 5448 426 5515 τῆς
475 5445 731 5515 βρώσεως
782 5446 840 5497 ἐν
879 5447 1145 5517 μετουσίᾳ
1193 5448 1519 5517 γενόμενον.
1557 5452 1662 5503 Καὶ
1693 5452 1747 5504 τί
1795 5454 1902 5523 χρὴ

327 5537 506 5589 πολλὰ
532 5536 715 5605 λέγειν
740 5554 754 5601 ;
798 5536 860 5589 Εἰ
891 5537 1131 5606 φθαρτὸς
1175 5534 1242 5608 ἦν
1271 5541 1302 5592 6
1328 5542 1677 5609 παράδεισος,
1702 5544 1804 5595 οὐκ
1837 5544 1903 5596 ἂν

327 5631 356 5681 6
384 5628 663 5690 θειότατος
708 5627 1041 5697 Ἀμϐρόσιος
1077 5630 1171 5682 καὶ
1195 5630 1224 5681 6
1271 5630 1367 5682 τοῦ
1398 5633 1639 5703 Χριστοῦ
1684 5635 1901 5704 μάρτυρ

346 5721 633 5783 Ἰουστῐνος
666 5721 893 5789 αἰσχρὸν
914 5717 1054 5774 εἶναι
1098 5721 1285 5788 ἔλεγον
1313 5724 1371 5773 τὸ
1419 5725 1651 5789 φάσκειν
1682 5728 1778 5794 τὴν
1809 5727 1899 5778 τ(ιῦ

703 5813 969 5874 ΡΑτιιοι..
998 5816 1113 5877 Gtt.
1155 5814 1413 5875 CLVIII.

2004 4536 2342 4597 universam,
2375 4546 2435 4589 ut
2470 4535 2685 4600 dicunt,
2747 4551 2958 4592 oceano
2986 4539 3570 4605 circumscribebatur,

1998 4626 2189 4680 debuit
2220 4626 2408 4695 utique
2439 4626 2755 4681 necessario
2804 4629 3062 4699 generale
3110 4629 3246 4684 illud
3303 4632 3569 4686 diluvium

1999 4731 2053 4773 et
2096 4718 2246 4771 illum
2278 4733 2386 4771 una
2434 4733 2560 4772 cum
2594 4718 2714 4773 aliis
2780 4735 3159 4789 corrumpere,
3222 4731 3280 4775 ut
3341 4740 3573 4794 corrup-

2002 4809 2139 4863 tioui
2163 4809 2490 4877 subjectum,
2524 4810 2797 4878 siquidem
2831 4820 2960 4866 tunc
2993 4828 3157 4882 aqua,
3200 4822 3257 4867 ut
3287 4812 3575 4884 Scriptura

3683 4678 3701 4816 ἕ

1999 4901 2098 4964 ait,
2135 4901 2343 4954 elevata
2370 4911 2454 4954 est
2519 4915 2685 4970 super
2712 4905 3026 4956 universum
3056 4904 3373 4972 quindecim
3414 4908 3576 4960 cubi-
3680 4897 3692 4929 ί

2001 4991 2091 5046 tis.
2124 4991 2480 5060 Exploratum
2513 4992 2679 5062 igitur
2707 5001 2793 5046 est
2824 4994 2970 5056 hinc,
3008 4996 3257 5048 mutabili
3301 4997 3403 5051 lia‘c
3463 4999 3574 5051 vita
3676 5002 3681 5007 '

2001 5080 2377 5135 sublimiorem
2406 5096 2529 5134 esse
2568 5080 2907 5148 paradisum.
2944 5081 3000 5135 Si
3046 5098 3181 5139 vero
3217 5086 3317 5140 hac
3348 5096 3457 5141 vnta
3490 5105 3579 5141 su-

2000 5171 2204 5246 perior,
2225 5173 2572 5225 manifestum
2596 5184 2680 5226 est
2698 5187 2822 5227 esse
2848 5176 3221 5244 corruptionis
3250 5188 3530 5244 expertem
3554 5195 3571 5242 ;

2002 5264 2047 5317 si
2080 5280 2209 5317 vero
2249 5264 2621 5331 corruptionis
2665 5280 2880 5335 expers,
2914 5269 3287 5323 necessarium
3347 5270 3575 5322 omnino

2002 5364 2105 5418 est,
2134 5363 2187 5407 et
2221 5369 2412 5409 omnes
2443 5356 2679 5423 plantas,
2707 5370 2828 5423 qua:
2865 5359 2918 5409 in
2942 5373 3008 5409 eo
3027 5367 3175 5419 sunt,
3209 5357 3569 5424 corruptione

2004 5446 2316 5513 superiores
2341 5462 2482 5500 esse.
2517 5447 2573 5500 Si
2624 5448 2794 5510 enim,
2826 5458 2884 5501 ut
2916 5449 3137 5517 quidam
3171 5457 3389 5517 putant,
3446 5463 3581 5501 cor-

2005 5536 2244 5601 ruptioui
2282 5544 2339 5590 et
2370 5540 2657 5591 mutationi
2703 5540 2816 5592 haec
2845 5539 3306 5607 subjiciebantur,
3344 5548 3395 5594 et
3423 5554 3574 5610 eum,

2003 5626 2095 5695 qui
2130 5627 2185 5681 in
2222 5631 2525 5683 mutatione
2575 5629 2784 5697 positus
2835 5640 2972 5695 erat,
3014 5641 3263 5701 gustasse
3314 5633 3578 5689 scnsilem

2006 5723 2185 5777 cltum
2223 5728 2445 5777 omnino
2504 5724 2793 5779 dicendum
2858 5735 2960 5777 est.
3023 5728 3085 5779 iit
3146 5726 3273 5793 quid
3317 5746 3455 5800 opus
3490 5744 3619 5791 est-

3120 5818 3198 5876 26
