4058 6196
420 298 421 303 ‘
435 286 545 349 8οἹ

1696 271 2137 365 ‘MtcuAELts
2176 272 2436 334 eum

3586 265 3698 328 808

435 413 657 463 eorum,
705 397 797 467 qui
833 396 1116 463 hucusque
1172 392 1377 456 vixere,
1437 390 1791 453 ut-‘arbitror,
1834 390 2022 461 cogni-

2146 387 2290 451 ἕξεως
2321 386 2496 439 οὐδενὶ
2520 384 2628 437 τῶν
2663 384 2757 437 ἀπ’
2789 380 3009 445 αἰῶνος,
3037 379 3113 442 ῶς
3145 374 3325 447 οἶμαι,
3356 377 3704 446 διέγνωσται⁰

442 504 557 547 tum
592 498 695 554 est,
746 487 893 557 quia
926 493 982 539 et
1020 482 1402 538 sanctissimus
1451 480 1687 551 Spiritus
1732 483 1846 536 hate
1903 480 2031 533 reti-

439 583 576 637 cuit.
609 580 666 634 Si
692 574 1033 645 corruptioni
1081 573 1354 627 obnoxius
1406 583 1523 626 erat
1577 572 1880 640 paradisus,
1924 588 2029 624 nou

441 673 629 741 utique
654 672 862 738 justum
890 667 1157 720 latronem
1186 665 1242 718 iu
1266 665 1446 734 ipsum
1486 665 1749 718 Servator
1784 675 2032 718 vocasset

441 765 672 818 dicens:
707 776 726 810 ι
770 757 944 814 llodie
972 772 1190 812 mecum
1238 757 1352 812 eris
1413 761 1467 811 in
1532 758 1804 826 paradiso.
1841 776 1860 808 ι
1899 756 2032 821 Quae

439 853 648 910 etenim
677 852 971 908 retributio
1029 849 1398 905 confessionis
1431 849 1809 919 hujuscemodi
1854 849 1934 903 ab
1968 864 2033 902 eo

441 949 499 1001 in
534 960 696 1000 cruce
725 943 909 1007 facta,
953 942 1009 996 in
1049 940 1639 1011 ﬂuxum-paradisum
1693 940 1917 995 induci?
1976 939 2029 993 Si

442 1034 824 1106 corruptibilis
864 1044 983 1089 erat
1024 1032 1313 1103 paradisus
1343 1071 1359 1097 ,
1400 1033 1680 1102 quomodo
1736 1042 1924 1103 raptus
1978 1032 2034 1085 in

443 1129 621 1200 ipsum
653 1127 851 1182 Paulus
879 1124 1182 1191 admirans,
1208 1124 1283 1179 ibi
1306 1125 1572 1179 edoctum
1598 1140 1796 1179 arcane
1830 1141 1889 1180 se
1914 1139 2035 1180 esse

448 1215 748 1272 ineffabilia
776 1216 867 1270 illa
930 1215 1097 1271 verba
1135 1214 1545 1282 pronuntiavit?
1574 1215 1732 1269 Disce
1786 1215 1951 1285 igitur
1982 1226 2037 1270 et

451 1309 544 1363 hic
573 1320 634 1362 ut
662 1323 691 1361 a
723 1306 1170 1362 contradictione
1218 1321 1425 1374 cesses,
1458 1309 1813 1376 corruptione
1869 1322 2035 1378 supe-

450 1398 649 1453 riorem
684 1397 996 1466 paradisum
1030 1396 1224 1451 fuisse.
1259 1394 1377 1450 Nisi
1436 1396 1584 1451 enim
1620 1398 1723 1453 hoc
1746 1407 1885 1463 erat,
1927 1414 2034 1453 non

448 1490 839 1559 utiquejustus
863 1488 1266 1558 Agonothetes,
1302 1499 1360 1543 ut
1390 1490 1471 1542 ait
1498 1488 1915 1554 Theodoretus,
1948 1490 2036 1545 his

448 1580 543 1651 qui
582 1583 635 1633 in
668 1580 967 1633 virtutibus
996 1588 1238 1641 certant.
1265 1579 1905 1650 praemium-paradisum
1961 1583 2035 1635 ita

442 1669 850 1739 proposuisset.
886 1667 1004 1723 Non
1062 1669 1248 1738 utique
1299 1670 1550 1724 victrices
1584 1679 1883 1741 martyrum
1917 1673 2037 1725 ani-

449 1776 567 1815 mas
602 1769 835 1831 posttot
861 1775 925 1814 ac
953 1770 1132 1815 tantos
1159 1762 1395 1829 labores,
1448 1771 1509 1816 ut
1542 1763 1891 1832 requiescant
1923 1765 2041 1834 ipse

448 1854 744 1923 reciperet.
776 1853 1144 1922 (Zorruptione
1174 1863 1362 1908 autem
1396 1859 1739 1924 superiorem
1773 1870 1896 1911 esse
1947 1873 2042 1926 pa-

453 1946 698 2002 radisum
737 1954 790 1999 et
825 1945 941 2015 ipse
981 1961 1212 2015 magnus
1236 1946 1577 2001 Athanasius
1608 1948 1663 2002 in
1705 1948 2041 2014 Quazstioni-

445 2040 557 2094 bus
590 2039 659 2094 ad
690 2036 1045 2093 Antiochum.
1087 2040 1159 2092 ita
1207 2038 1324 2093 ait:
1378 2058 1397 2091 ι
1440 2039 1707 2110 Respectu
1764 2043 2039 2096 fructuum

454 2141 640 2184 autem
662 2130 753 2200 qui
776 2129 920 2199 apud
953 2144 1057 2183 nos
1095 2139 1224 2184 sunt
1280 2140 1336 2185 et
1372 2131 1776 2199 paradisorum,
1805 2131 1897 2186 ille
1922 2146 2043 2186 cur-

436 2223 714 2292 ’ruptione
743 2223 892 2277 omni
952 2221 1239 2275 sublimior
1299 2231 1408 2287 est;
1452 2233 1704 2292 respectu
1761 2239 1891 2279 vero
1927 2223 2043 2294 glo-

436 2314 549 2366 riae
584 2312 893 2367 futurorum
931 2311 1222 2375 honorum,
1254 2326 1376 2380 quae
1399 2311 1596 2367 oculos
1647 2327 1760 2367 non
1788 2312 1950 2374 vidit.
1984 2321 2042 2367 et

446 2402 608 2456 auris
632 2416 737 2455 non
763 2400 994 2464 audivit,
1025 2407 1083 2453 et
1111 2400 1166 2453 in
1196 2413 1296 2454 cer
1324 2398 1572 2455 hominis
1612 2415 1720 2454 non
1777 2398 2042 2453 ascende-

446 2502 610 2555 runt.
641 2492 868 2547 omnino
926 2491 1107 2545 minor
1141 2500 1246 2545 est.
1285 2509 1303 2542 ι
1339 2490 1449 2545 Sed
1503 2500 1558 2546 et
1599 2492 2044 2562 hymnographus

462 2601 692 2656 magnus
724 2585 951 2640 Cosmas
987 2586 1058 2638 ita
1093 2584 1304 2649 dicens,
1342 2602 1361 2635 ι
1405 2584 1639 2654 Lignum
1669 2598 1793 2637 cum
1831 2592 2043 2653 gustas-

466 2688 553 2733 set
586 2678 801 2749 primus
830 2676 1143 2731 mortalium
1179 2674 1525 2746 corruptioni
1576 2675 1795 2729 inhaesit
1817 2714 1832 2740 ,
1862 2693 1880 2726 ι
1916 2690 2042 2743 per-

444 2775 651 2844 spicm:
703 2773 1103 2829 demonstravit
1147 2772 1520 2839 corruptionis
1577 2781 1858 2843 expertem
1918 2786 2044 2828 esse

446 2867 799 2938 paradisum.
836 2866 893 2921 Si
932 2868 1103 2929 enim.
1135 2867 1299 2922 sicuti
1330 2865 1536 2920 dictum
1552 2866 2044 2936 est,corruptioni,

446 2971 749 3033 postquam
783 2962 989 3031 lignum
1016 2970 1314 3030 gustasset,
1346 2960 1591 3015 Adamus
1623 2959 1859 3026 inhaesit,
1916 2976 2045 3014 ma-

2131 482 2212 532 ὅτι
2240 479 2334 532 καὶ
2374 478 2450 547 τῷ
2495 476 2748 545 παναγίῳ
2783 472 2959 527 ταῦτα
2994 471 3282 541 σεσίγηται
3314 470 3616 539 Πνεύματι.
3648 470 3712 523 Ei

2133 570 2371 640 φθαρτὸς
2404 566 2471 640 ἦν
2502 573 2530 623 6
2564 570 2912 640 παράδεισος,
2935 568 3033 619 οὒκ
3060 565 3125 618 ἂν
3153 566 3245 617 τὸν
3266 564 3476 618 δὲκαιον
3503 563 3712 632 λῃστὴν

2132 664 2201 721 εί,
2243 665 2405 719 αὑτὸν
2431 665 2458 715 6
2497 663 2693 731 Σωτὴρ
2741 661 2928 713 ἐκάλει
2976 658 3190 726 λέγων’
3234 673 3252 706 ι
3304 657 3556 725 Σήμερον
3591 654 3712 723 μετ’

2133 753 2270 823 ἐμοῦ
2303 754 2401 824 ἔσῃ
2430 756 2487 806 ἐν
2520 754 2607 823 τῷ
2630 751 2966 821 παραδείσῳ.
3016 767 3035 800 ι
3072 747 3206 801 Ποία
3241 746 3341 799 καὶ
3370 746 3478 814 γὰρ
3506 744 3716 798 ἀντίδε-

2134 862 2217 908 σις
2245 847 2345 914 τῆς
2388 846 2480 898 ἐπὶ
2506 845 2746 914 σταυροῦ
2797 842 3057 911 τοιαύτης
3104 839 3400 909 ὁμολογίας
3431 835 3623 902 αὐτοῦ,
3650 836 3718 887 τὸ

2135 940 2215 1000 είς
2256 937 2483 1008 ρευστὸν
2518 936 2843 1006 εἰσαχθῆναι
2879 932 3253 1004 παράδεισον;
3288 931 3346 983 Εἰ
3377 922 3717 1000 φθαρτὸς-ἦν

2134 1034 2162 1085 6
2194 1031 2548 1097 παράδεισος,
2582 1030 2704 1089 πῶς
2737 1028 2839 1095 τὴν
2884 1027 2946 1078 ιν
2980 1023 3132 1093 αύτῷ
3178 1020 3480 1091 θαυμάζων
3506 1022 3533 1072 6
3566 1018 3719 1070 Βαύ-

2135 1123 2225 1186 λος
2259 1124 2518 1193 ἁρπαγὴν
2541 1123 2657 1176 ἐκεῖ
2681 1116 3187 1191 μυσταγωγηθῆναι
3208 1115 3275 1168 τὰ
3300 1114 3515 1185 ἄρρητα
3540 1113 3722 1163 ἐκεῖνα

2136 1217 2289 1285 ἔλεγε
2318 1219 2543 1287 ῥήματα
2570 1231 2587 1280 ;
2622 1214 2879 1269 Μάνθανε
2906 1210 3001 1265 οὖν
3028 1207 3332 1264 κάντεῦθεν
3358 1206 3438 1269 ὡς
3469 1206 3723 1258 ἀνάπαυ-

2137 1325 2224 1371 σις
2244 1307 2577 1373 ἀντιλογίας
2627 1305 2900 1376 κρείττων
2956 1301 3196 1373 ῥεύσεως
3220 1301 3250 1352 6
3280 1298 3628 1368 παράδεισος.
3650 1296 3726 1347 Ei.

2141 1399 2217 1469 μὴ
2248 1399 2359 1469 γὰρ
2387 1396 2545 1450 τοῦτο
2577 1392 2669 1466 ἦν,
2692 1396 2795 1449 οὐκ
2824 1395 2889 1448 ἂν
2914 1395 2943 1447 6
2977 1394 3190 1453 δίκαιος
3229 1386 3726 1459 Ἀγωνοθέτης,ὦς

2137 1491 2242 1545 πού
2272 1506 2407 1561 φησι
2438 1488 2804 1558 Θεοδώρητος,
2822 1487 2936 1547 τοῖς
2962 1484 3107 1552 ύπὶρ
3139 1481 3351 1551 ἀρετῶν
3381 1480 3727 1549 ἁγωνιζομέδ

2139 1600 2254 1645 νοις
2298 1582 2535 1635 ἔπαθλον
2571 1578 2764 1648 ῶσπερ
2799 1574 3080 1646 προύθηκε
3105 1574 3200 1627 τὸν
3224 1572 3552 1641 παράδεισον
3580 1589 3592 1601 ·
3620 1574 3727 1623 οὐκ

2143 1675 2211 1729 ἂν
2238 1675 2336 1737 τὰς
2369 1671 2715 1733 καλλινίκους
2745 1670 2853 1723 τῶν
2895 1667 3192 1739 μαρτύρων
3243 1664 3418 1735 ψυχας
3465 1664 3607 1732 μετὰ
3630 1681 3729 1715 το-

2144 1767 2684 1835 σούτουςνκαμάτους
2714 1762 3079 1824 ἀναπαύσεως
3133 1761 3323 1813 ἕνεκεν
3356 1756 3522 1817 αὐτὸς
3551 1755 3728 1807 διεδεί-

2140 1877 2289 1933 χετο.
2318 1862 2439 1913 Ὀτι
2474 1858 2683 1928 φθορᾶς
2712 1855 2986 1923 άνῶτερος
3007 1854 3036 1905 6
3062 1850 3409 1922 παράδεισος,
3433 1846 3528 1899 καὶ
3556 1845 3727 1906 αὐτὸς

2143 1957 2172 2007 6
2208 1952 2378 2024 μέγας
2422 1950 2746 2012 Ἀθανάσιος
2783 1949 2842 2001 ιν
2890 1948 3004 2009 τοῖς
3053 1943 3191 2013 πρὸς
3256 1940 3533 2008 ’Δντίοχον
3578 1936 3728 1989 οὕτω

2144 2045 2346 2115 φησίν*
2381 2061 2398 2095 ι
2447 2043 2589 2113 Πρὸς
2624 2041 2725 2111 μὲν
2762 2039 2890 2102 τοὺς
2936 2034 3065 2104 παρ’
3092 2036 3225 2104 ἡμῖν
3257 2029 3502 2101 καρπούς
3533 2045 3594 2080 τε
3626 2028 3726 2078 καὶ

2148 2135 2512 2205 παραδείσους
2540 2132 2731 2207 ,πάσης
2766 2128 2975 2199 φθορᾶς
3004 2124 3157 2178 ἐστιν
3189 2121 3521 2191 ὑψηλότερος
3542 2134 3558 2150 ο
3583 2117 3727 2187 πρὸς

2144 2226 2204 2278 δὲ
2253 2225 2353 2296 τὴν
2387 2224 2545 2289 δόξαν
2601 2222 2712 2276 τῶν
2767 2221 3073 2291 μελλόντων
3126 2215 3346 2284 ἀγαθῶν
3374 2213 3409 2267 ἃ
3441 2210 3728 2280 ὀρθαλμὸς

2145 2321 2248 2375 ούκ
2276 2317 2411 2385 οἶδε,
2441 2319 2533 2374 καὶ
2559 2312 2652 2381 οὖς
2688 2316 2788 2371 οὐκ
2835 2315 3061 2385 ἠκουσε,
3091 2312 3189 2365 καὶ
3223 2308 3319 2363 ἐπὶ
3352 2306 3579 2376 καρδίαν
3627 2304 3727 2355 ἀνι

2147 2415 2367 2486 θρώπου
2396 2412 2498 2465 οὐκ
2525 2408 2719 2478 ἀνέϐη,
2745 2409 2841 2461 καί
2865 2408 3007 2460 πάνυ
3034 2404 3278 2458 ἐλάσσων
3308 2400 3476 2453 ἐστίν.
3510 2414 3530 2449 ι
3557 2393 3726 2486 Ἀλλὰ

2146 2485 2242 2559 καὶ
2272 2505 2301 2557 6
2330 2502 2680 2573 ύμνογράςος
2716 2498 2886 2571 μέγας
2910 2496 3137 2567 Κοσμᾶς
3165 2492 3310 2548 οὕτω
3337 2492 3533 2558 λέγων,
3559 2506 3578 2537 ι
3615 2485 3727 2537 ES-

2147 2595 2242 2647 λου
2277 2592 2617 2662 γευσάμενος
2646 2593 2678 2644 6
2713 2589 2931 2659 πρῶτος
2963 2589 3021 2640 ὲν
3053 2585 3268 2656 βροτοῖς
3309 2581 3488 2651 φθορᾷ
3533 2575 3727 2645 παρῴ-

2148 2704 2342 2758 κησεν,
2391 2703 2411 2737 ο
2455 2683 2730 2756 άριδήλως
2763 2681 2990 2751 ἐνέφηνε
3025 2679 3118 2732 τὸν
3138 2676 3481 2757 παράδεισον
3509 2672 3727 2741 ἄφθαρη

2148 2796 2262 2834 τον.
2293 2780 2356 2832 Ei
2386 2778 2521 2848 γὰρ,
2558 2774 2808 2844 καθάπερ
2835 2775 3077 2843 εἴρηται,
3105 2768 3286 2840 φθορᾶ
3321 2766 3464 2834 μετὰ
3495 2764 3594 2833 τὴν
3624 2760 3724 2815 τοῦ

2151 2872 2310 2938 ξύλου
2334 2871 2525 2941 γεῦσιν
2562 2871 2593 2923 6
2643 2870 2817 2937 ’Λδὰμ
2852 2869 3060 2929 ἐκεῖνος
3105 2861 3462 2932 παρῴκησεν,
3495 2855 3726 2922 εὐλογσν

2151 2966 2369 3028 πάντως
2402 2966 2485 3019 ὅτι
2518 2962 2625 3031 πρὸ
2655 2960 2755 3030 τῆς
2784 2959 3040 3026 τοιαύτης
3075 2955 3316 3025 γεύσεως
3338 2954 3394 3004 ὲν
3420 2949 3728 3019 assem».-

459 3055 723 3110 tiifesttim
750 3054 981 3109 omnino
1011 3064 1117 3119 est,
1146 3051 1607 3123 antehujusmodi
1645 3050 1965 3107 libationem
1991 3052 2044 3108 in

2152 3058 2373 3131 χωρίοις
2410 3057 2652 3111 ἐποιεῖτο
2678 3055 2779 3124 τὴν
2814 3053 3051 3121 οἴκησιν.

465 3144 871 3199 immortalibus
900 3142 1037 3197 locis
1064 3142 1400 3196 domicilium
1426 3141 1710 3195 habuisse.

533 3235 711 3304 Supra
741 3233 1157 3303 corruptionem
1206 3233 1371 3302 igitur
1390 3231 1678 3302 paradisus
1707 3242 1812 3295 est.
1843 3240 1900 3286 et
1922 3232 2045 3299 ejus

459 3327 675 3380 lructus
695 3339 910 3378 omnes.
936 3323 1052 3379 Nisi
1074 3326 1235 3377 enim
1270 3324 1342 3377 ita
1390 3338 1477 3377 res
1528 3339 1588 3378 se
1636 3324 1881 3389 haberet,
1935 3338 2045 3377 non

462 3417 651 3486 utique
680 3416 852 3470 divini
874 3415 1066 3468 Patres
1090 3430 1307 3483 semper
1339 3416 1584 3469 virentes
1611 3415 1887 3469 dixissent
1924 3414 2047 3484 ejus

464 3510 747 3577 plantaset
775 3506 1139 3563 immortales.
1190 3506 1250 3560 Si
1276 3522 1405 3560 vero
1439 3506 1650 3561 fructus
1709 3507 2046 3576 incorrupti-

458 3602 623 3664 biles.
647 3599 812 3655 etiam
843 3599 1252 3669 praestantiores
1301 3598 1525 3653 omnino
1582 3607 1731 3662 sunt,
1789 3614 1952 3668 quam
1989 3609 2048 3653 ut

460 3694 549 3747 edi
581 3693 811 3762 possint.
854 3692 910 3745 Si
938 3692 1083 3745 enim
1121 3703 1178 3746 et
1199 3701 1444 3745 sanctam
1477 3691 1817 3759 Seripturam
1859 3692 1931 3743 ita
1958 3689 2047 3744 di-

457 3796 678 3842 centem
718 3784 954 3839 audisti:
994 3803 1012 3836 ι
1049 3783 1128 3837 Ex
1159 3784 1307 3837 omni
1337 3783 1505 3853 ligno,
1535 3782 1681 3852 quod
1710 3783 1763 3836 in
1796 3783 2046 3851 paradiso

454 3890 571 3942 est,
605 3873 999 3943 manddcabis;
1030 3894 1048 3928 ι
1074 3886 1129 3930 et
1156 3891 1266 3929 non
1301 3883 1588 3945 propterea
1623 3874 1909 3929 oﬂendere
1948 3889 2049 3943 par

455 3981 545 4027 est
568 3972 621 4025 iu
659 3971 758 4026 hac
780 3970 1082 4039 Seriptura:
1127 3968 1468 4038 indulgentia
1504 3976 1561 4023 et
1595 3966 1889 4031 crassitie;
1948 3981 2049 4020 ne-

462 4080 570 4134 que
625 4064 885 4120 seusilem
938 4063 1415 4117 ntanducatiouem
1466 4060 1668 4115 divinis
1723 4059 1906 4114 verbis
1959 4058 2048 4113 hic

464 4154 761 4225 signiﬁcari
782 4154 1098 4224 putandum
1126 4162 1233 4207 est.
1257 4150 1371 4206 Cur
1394 4151 1539 4205 enim
1563 4150 1706 4204 llum
1736 4164 1926 4203 mensa
1948 4164 2048 4217 ap-

462 4255 723 4315 ponatur,
756 4246 800 4299 si
822 4246 980 4312 juxta
1025 4258 1192 4298 aurea
1221 4243 1385 4298 verba
1417 4242 1740 4297 inridentem
1777 4240 2047 4295 Joannem

464 4335 790 4406 protoplasti
827 4336 992 4390 rebus
1021 4334 1281 4389 omnibus
1312 4334 1692 4402 corporalibus
1730 4330 2049 4402 superiores

466 4438 623 4481 erant
644 4428 666 4481 2
691 4431 748 4481 Si
776 4427 924 4481 enim
956 4425 1332 4496 corruptibilis
1363 4435 1581 4479 creatus
1606 4431 1691 4478 est
1711 4439 1741 4477 a
1778 4421 2047 4490 principio

467 4519 733 4583 Adamus,
761 4528 816 4573 et
850 4518 980 4572 ﬂuxi
1015 4518 1330 4572 necessario
1357 4514 1635 4585 indigebat
1662 4512 1933 4578 alimenti,
1965 4513 2051 4567 vel

468 4612 774 4665 secundum
799 4625 1053 4665 cunctam
1078 4619 1323 4664 sanctam
1345 4607 1713 4675 Seripturam,
1734 4603 2057 4672 incorrupti-

468 4703 594 4759 bilis
618 4703 918 4772 [reductus
947 4711 1051 4766 est,
1076 4714 1258 4769 neque
1285 4699 1393 4751 ulla
1416 4707 1534 4752 erat
1552 4695 1779 4751 omnino
1798 4693 2051 4761 indigen-

476 4794 550 4848 tia
581 4793 853 4848 [lusorum
891 4791 1193 4856 fructuum,
1232 4804 1357 4842 cum
1391 4803 1571 4857 neque
1600 4784 1945 4855 corruptibili
1975 4784 2052 4837 uti

468 4900 660 4940 mensa
701 4882 1181 4953 incorruptibilem
1236 4881 1433 4935 rationi
1478 4893 1780 4935 consonum
1814 4877 1905 4931 sit.
1970 4874 2052 4929 Ne

467 4976 634 5047 igitur
682 4974 957 5030 consitum
1020 4972 1118 5027 Dei
1158 4972 1410 5026 manibus
1462 4969 1776 5039 paradisum
1840 4966 2051 5031 [luxum

465 5067 837 5128 exsistimato;
866 5079 1045 5135 neque
1072 5064 1379 5119 secundum
1425 5064 1665 5117 litteram
1698 5070 1909 5115 tantum
1942 5058 2056 5135 Adi-

467 5158 593 5213 vina
633 5155 798 5211 verba
837 5133 970 5210 adi.“
1004 5155 1228 5210 Attente
1260 5155 1409 5208 enim
1457 5152 1581 5207 vide
1612 5151 1749 5207 alios
1786 5133 2053 5221 quosdam

469 5249 714 5321 idipsum
767 5246 1038 5304 facientes
1083 5248 1140 5302 in
1193 5248 1430 5327 absurda
1482 5244 1767 5300 ratiocinia
1802 5244 2054 5313 delapsos

465 5342 660 5399 fuisse.
697 5340 761 5396 Hi
792 5340 941 5396 enim
967 5340 1314 5410 corporalem
1337 5353 1461 5394 esse
1487 5336 1656 5393 Deum
1701 5336 2057 5406 quemadmo-

464 5436 598 5491 dum
650 5449 756 5491 nos
800 5434 1172 5500 censuerunt;
1229 5431 1323 5485 alii
1373 5446 1503 5486 vero
1558 5430 1739 5483 anima
1799 5427 2054 5481 rationali

467 5530 626 5583 bruta
650 5541 776 5584 esse
807 5526 1031 5598 praedita
1061 5524 1271 5593 opinati
1316 5532 1446 5577 sunt
1467 5562 1482 5587 ,
1519 5521 1689 5576 Deum
1721 5522 1929 5577 scilicet
1954 5537 2055 5575 au-

467 5621 684 5674 dientes
709 5620 1026 5676 volucrihus
1054 5628 1110 5672 et
1168 5615 1414 5686 piscibus
1460 5615 1827 5672 benedisisse.
1882 5615 2053 5671 Mani-

468 5712 605 5768 chtei
637 5727 768 5769 vero
815 5720 945 5783 post
976 5710 1370 5780 protoplastos,
1430 5710 1576 5765 viros
1631 5718 1685 5766 et
1731 5708 1960 5766 luminas
1990 5709 2046 5763 iu

2081 4394 2123 4447 D

2216 3241 2428 3311 Φθορᾶς
2482 3240 2582 3307 μὲν
2630 3237 2723 3292 οὖν
2763 3235 3000 3307 ὕπερθεν
3027 3236 3057 3289 6
3090 3233 3437 3305 παράδεισος,
3462 3231 3558 3285 καὶ
3584 3229 3634 3282 ὀί
3666 3231 3729 3283 ἓν

2148 3335 2297 3398 αύτῷ
2333 3336 2532 3395 πάντες
2588 3331 2792 3403 καρποί
2818 3331 2912 3383 ο-εί
2947 3330 3026 3400 μὴ
3069 3327 3177 3398 γὰρ
3221 3325 3380 3379 τούτο
3406 3321 3497 3396 ἦν,
3522 3324 3625 3376 ούκ
3657 3325 3729 3376 ἂν

2145 3428 2199 3481 σί
2234 3426 2369 3478 θεῖοι
2412 3424 2650 3494 Πατέρες
2691 3422 2917 3490 ἀειθαλῆ
2962 3421 3152 3489 ελεγον
3187 3416 3326 3472 εἶναι
3354 3418 3423 3471 τὰ
3471 3419 3529 3470 ὲν
3574 3414 3730 3484 αὐτῷ

2150 3520 2292 3587 φυτὰ
2326 3518 2419 3570 καὶ
2448 3516 2717 3571 ἀθάνατα.
2756 3515 2818 3568 Εἰ
2844 3514 2904 3566 δὲ
2933 3515 3000 3566 τὰ
3026 3513 3141 3566 τῶν
3181 3510 3412 3581 καρπῶν
3444 3509 3726 3579 ἄφθαρτα,

2150 3612 2244 3663 καὶ
2266 3610 2360 3664 τοῦ
2396 3609 2674 3679 βρωθῆναι
2717 3608 2934 3669 πάντως
2966 3604 3232 3674 ἀνώτερα.
3265 3601 3327 3656 Ei
3359 3602 3469 3672 γὰρ
3493 3605 3590 3655 καὶ
3623 3606 3730 3670 τῆς

2150 3704 2311 3771 ἁγίας
2336 3702 2558 3771 Γραφῆς
2590 3700 2734 3751 οὕτω
2756 3698 3026 3767 λεγούσης
3055 3697 3329 3767 ἡκουσαςο
3367 3713 3386 3747 ι
3426 3695 3558 3747 Ἀπὸ
3582 3710 3731 3746 παν-

2149 3797 2236 3858 τὸς
2274 3794 2433 3858 ξύλου
2462 3791 2557 3845 τοῦ
2603 3793 2661 3844 ἐν
2710 3791 2788 3860 τῷ
2819 3790 3143 3861 παραδείσῳ
3192 3788 3398 3859 βρώσει
3429 3788 3611 3857 φάγῃς
3635 3805 3650 3818 ·
3696 3806 3722 3839 ο

2148 3889 2262 3942 ἀλλ’
2288 3887 2350 3939 ού
2396 3885 2483 3937 διὰ
2522 3882 2681 3936 τοῦτο
2740 3884 2831 3934 καὶ
2885 3882 3254 3951 προσκόπτειν
3287 3878 3440 3943 ἀξιον
3480 3882 3545 3949 τῇ
3584 3879 3623 3930 Γ
3626 3895 3729 3946 ρα-

2151 3977 2282 4044 φικῇ
2313 3972 2486 4043 ταύτῃ
2535 3969 2951 4036 συγκαταὸάσει
3002 3983 3063 4019 τε
3108 3965 3211 4018 ικαὶ
3259 3966 3571 4035 παχύτητι,
3601 3965 3729 4018 οὐδὲ

2154 4068 2353 4136 βρῶσιν
2382 4060 2646 4131 αἰσθητὴν
2677 4057 2929 4113 ἐντεῦθεν
2952 4056 3162 4110 οἴεσθαι
3189 4057 3632 4127 κατασημαίνειν
3660 4058 3729 4109 τὰ

2153 4159 2270 4212 θεῖα
2314 4158 2475 4227 ῥητά.
2523 4155 2643 4207 Τίνι
2673 4153 2771 4206 καὶ
2814 4142 2922 4222 γὰρ
2960 4153 2993 4220 η
3027 4152 3230 4220 ρευστὴ
3257 4148 3510 4220 τράπεζα
3552 4151 3731 4217 πραΰ-

2152 4265 2325 4309 κειτο,
2354 4247 2467 4313 ετγε
2498 4244 2642 4297 κατὰ
2674 4243 2767 4297 τὸν
2795 4241 3231 4313 χρυσορῤήμονα
3272 4239 3552 4309 Ἰωάννην,
3584 4238 3736 4291 ἁνώο

2153 4356 2302 4409 τεροι
2319 4333 2460 4408 ἦσαν
2485 4338 2705 4391 πάντων
2727 4335 2835 4387 τῶν
2860 4330 3189 4402 σωματικῶν
3207 4331 3257 4384 οἱ
3281 4330 3729 4400 πρωτόπλαστοις

2153 4433 2216 4485 El
2246 4432 2354 4501 γὰρ
2388 4428 2629 4499 φθαρτὸς
2673 4426 2923 4489 ἰκτίζετο
2974 4424 3099 4479 κατ’
3137 4423 3313 4494 ἀρχὰς
3337 4423 3367 4476 6
3408 4423 3599 4491 Ἀδὰμ,
3636 4425 3735 4475 καὶ

2153 4524 2388 4594 ῥευστῆς
2438 4521 2499 4586 ἐξ
2550 4521 2799 4589 ἀνάγκης
2834 4519 3010 4572 ἐδεῖτο
3063 4517 3311 4587 τροφῆς⁹
3344 4515 3378 4585 ἢ
3436 4517 3580 4568 κατὰ
3630 4515 3736 4584 τὴν

2151 4614 2317 4682 ἁγίαν
2350 4614 2577 4684 Γραφὴν
2631 4614 2813 4665 πᾶσαν
2847 4610 3127 4681 ἄφθαρτος
3164 4610 3377 4668 ικεῖνος
3421 4610 3733 4677 παρήγετο,

2153 4712 2249 4760 καὶ
2284 4709 2442 4778 χρεία
2471 4709 2699 4776 καρπῶν
2732 4706 2795 4759 οὐ
2830 4705 2931 4772 μὲν
2960 4698 3030 4774 ἦν
3065 4702 3285 4764 πάντως
3322 4702 3591 4771 ρευστῶν,
3646 4701 3736 4753 ὅτι

2157 4799 2292 4868 μηδὲ
2330 4796 2541 4867 φθαρτῇ
2574 4795 2881 4866 κεχρῆσθαι
2912 4793 3168 4865 τραπέζῃ
3207 4792 3302 4845 τὸν
3332 4791 3613 4861 ἄφθαρτον
3644 4791 3739 4843 εὓ-

2154 4888 2335 4953 λογον.
2366 4886 2459 4956 Μὴ
2494 4887 2669 4937 τοίνυν
2706 4883 2798 4936 τὸν
2826 4883 2985 4952 χερσὶ
3011 4881 3146 4933 Θεοῦ
3176 4880 3595 4947 πεφυτευμένον
3623 4897 3739 4930 παι

2155 4978 2406 5049 ράδεισον
2429 4976 2655 5045 ρευστὸν
2676 4974 3029 5042 ύπολάμὸανε
3050 4986 3065 5003 ⁶
3091 4971 3228 5040 μηδὲ
3251 4970 3395 5022 κατὰ
3416 4970 3480 5021 τὸ
3496 4971 3740 5039 γράμμα

2158 5068 2319 5138 μόνον
2346 5068 2585 5137 ἐπέρχου
2616 5066 2685 5118 τά
2720 5065 2842 5117 θεῖα
2876 5064 3017 5134 ῥητά
3040 5080 3054 5095 ο
3092 5064 3196 5134 ἄρα
3223 5062 3329 5131 γὰρ
3351 5063 3621 5131 νουνεχῶς
3647 5062 3736 5116 δτι

2154 5161 2248 5214 καί
2278 5176 2422 5222 τινες
2452 5161 2632 5227 ἕτεροι
2663 5157 2828 5210 τούτο
2861 5155 3133 5218 παθόντες
3165 5155 3244 5216 είς
3276 5152 3576 5221 λογισμοὺς
3607 5155 3739 5227 ἀτό-

2156 5268 2293 5313 πους
2323 5250 2722 5319 ἐξεϐλήθησαν.
2774 5250 2837 5300 Οἱ
2889 5248 2988 5318 μὲν
3035 5247 3146 5318 γὰρ
3202 5230 3524 5315 ἐνσώματον
3586 5226 3741 5299 εἶναι

2155 5338 2249 5392 τὸν
2281 5336 2415 5391 Θεὸν
2444 5335 2570 5390 καθ’
2612 5337 2764 5405 ἡμᾶς
2796 5334 3167 5403 ὲδογμάτισαν
3188 5350 3206 5366 ο
3244 5333 3425 5403 ιτεροι
3450 5333 3506 5386 δὲ
3537 5335 3632 5386 καὶ
3664 5340 3740 5389 τὰ

2160 5427 2329 5498 θηρία
2352 5426 2548 5497 νοερὰν
2576 5424 2723 5495 ἔχειν
2744 5423 2924 5494 ψυχὴν
2959 5423 3320 5494 ὑπειλήφασι,
3359 5422 3455 5475 τοῦ
3486 5421 3621 5474 Θεοῦ
3643 5423 3742 5490 δῆ-

2158 5521 2252 5577 θεν
2288 5519 2624 5581 ἀκούσαντες
2652 5517 2721 5571 τὰ
2769 5516 2994 5570 πετεινά
3048 5516 3147 5569 καὶ
3179 5516 3306 5578 τοὺς
3332 5506 3551 5585 Ἰχθύας
3580 5512 3745 5566 εὐλο-

2158 5614 2406 5683 γοῦντος.
2458 5612 2757 5680 Μανιχαῖοι
2806 5608 2865 5662 δὲ
2916 5609 3055 5678 μετὰ
3086 5609 3213 5672 τοὺς
3266 5607 3741 5678 πρωτοπλάστους

2156 5707 2346 5776 ἄνδρες
2382 5704 2520 5777 ὁμοῦ
2550 5705 2647 5760 καὶ
2664 5705 2921 5773 γυναῖκες
2951 5705 3008 5757 ὲν
3031 5700 3356 5771 ἐκκλησίαις
3383 5702 3582 5772 γυμνοὶ
3610 5717 3747 5755 συν-
