4058 6196
378 381 484 448 853

1718 398 1847 462 EPI
1857 402 2091 464 STOLA
2134 407 2283 469 XIV.

3541 420 3646 480 834

381 514 546 571 σχων,
583 498 685 554 ούκ
734 500 799 555 ἂν
835 502 986 576 αὐτῷ
1035 505 1345 577 συνέπασχε
1397 508 1491 563 καὶ
1540 511 1610 565 τὰ
1662 515 1961 585 κτίσματα.

2070 520 2186 578 Nisi
2238 521 2489 578 conditor
2568 532 2711 579 esset
2775 524 2870 595 qui
2916 524 3267 595 patiebatur,
3342 544 3451 583 non
3518 547 3649 586 sane
3722 510 3726 514 ’

380 590 517 660 Περὶ
551 590 738 659 μέντοι
765 592 857 645 τοῦ
888 595 1032 647 κατὰ
1053 594 1147 649 τὸν
1171 599 1413 669 σταυρῦν
1445 606 1760 673 σκοτασμοῦ
1785 623 1960 678 προη-

378 682 639 751 γόρευται
692 683 793 753 μὲν
848 685 943 739 καὶ
993 685 1072 757 τῷ
1119 687 1318 762 Ἡσαΐᾳ
1365 690 1623 761 λέγοντι·
1663 715 1681 748 ι
1723 698 1987 754 Ἐνδύσω’

378 771 472 825 τὸν
500 772 729 842 οὐρανὸν
759 775 969 843 σκάτος,
1010 780 1107 833 καὶ
1143 780 1220 844 ὡς
1271 782 1473 838 σάκκον
1526 786 1679 857 θήσω
1709 789 1770 841 τὸ
1804 808 1963 860 περι-

382 861 596 916 ϐόλαιον
648 865 837 922 αὐτοῦ.
868 885 888 920 ι
925 872 1256 943 Προείρηται
1276 875 1334 927 δὲ
1358 877 1453 930 καὶ
1479 878 1626 949 αύτῷ
1654 880 1733 949 τῷ
1754 881 1962 950 ’Δμὼςο

388 972 407 1006 ι
436 954 671 1008 Δύσεται
711 958 845 1028 γὰρ,
881 978 899 1010 ι
930 963 1114 1030 φησιν,
1153 983 1172 1016 ι
1213 967 1240 1019 6
1273 967 1424 1036 ἥλιος
1459 971 1829 1041 μεσημϐρίας,
1869 973 1963 1025 καὶ

384 1048 710 1104 συσκοτάσει
736 1052 829 1104 ἐπὶ
860 1054 961 1123 τῆς
995 1056 1097 1124 γῆς
1133 1057 1191 1109 ὲν
1221 1059 1407 1131 ἡμέρᾳ
1436 1061 1497 1113 τὸ
1527 1062 1665 1129 φῶς.
1697 1082 1715 1116 ι
1752 1065 1817 1116 Τί
1845 1065 1964 1118 τού-

382 1154 477 1191 του
512 1141 951 1214 παραδοξότερον
991 1148 1160 1202 εἰπὼν
1203 1152 1231 1203 6
1275 1155 1584 1224 προφήτης,
1624 1174 1642 1207 ι
1676 1156 1908 1210 Δύσεται
1938 1162 1963 1212 6

382 1230 534 1320 ᾖλιος
576 1236 952 1308 μεσημϐρίας,
990 1258 1009 1291 ι
1045 1243 1141 1293 κιὶ
1189 1244 1361 1314 αὐτὴν
1408 1244 1507 1314 τὴν
1556 1247 1707 1317 ὥραν
1740 1249 1865 1302 καθ’
1897 1250 1966 1320 ῆν

386 1319 714 1391 ἐσταυροῦτο
740 1325 994 1397 ὁΚύριος
1019 1344 1034 1359 ο
1070 1346 1088 1380 ι
1130 1329 1276 1384 Ὡσεὶ
1307 1331 1425 1403 ὥρα
1474 1335 1607 1405 ἕκτη
1653 1332 1741 1405 ἦν.
1786 1357 1804 1389 ι

470 1426 611 1479 Ἀλλ’
656 1428 718 1481 οὗ
753 1429 885 1501 δέχῃ
935 1434 1003 1486 τὰ
1048 1433 1361 1506 λεγόμενα’
1408 1441 1623 1512 φενάκη
1659 1443 1717 1495 δὲ
1762 1443 1959 1509 ταῦτα,

388 1518 486 1574 καὶ
513 1519 709 1588 ψεῦδος
735 1521 885 1599 δοκεῖ
918 1540 1023 1589 σοι,
1064 1527 1160 1579 καὶ
1182 1528 1242 1580 οὐ
1274 1530 1553 1594 πιστεύεις
1587 1534 1793 1600 αὐτοῖς,
1828 1537 1965 1605 μηδὲ

388 1612 742 1676 πιστεύσειας
796 1614 1058 1669 πώποτε·
1109 1618 1347 1673 ἔκπαλαι
1398 1622 1828 1695 σκληροκάρδιος
1875 1621 1966 1680 εἶ’

385 1702 627 1772 ἀρχῆθεν
651 1704 885 1776 ἀπιστίᾳ
927 1710 1142 1770 νοσεῖς·
1175 1710 1232 1761 ἐν
1267 1711 1460 1783 ἐρήμῳ
1494 1713 1665 1768 πάλαι
1692 1717 1966 1771 τοσούτων

384 1794 613 1861 ἀγαθῶν
659 1795 1000 1865 ἀπολαύσας,
1044 1799 1318 1855 τοσούτων
1347 1804 1600 1871 τεράτων
1636 1807 1838 1875 θεατὴς
1867 1827 1964 1877 γε-

1908 1902 1933 1915 -
1999 1866 2041 1920 Β

384 1878 580 1954 γονὼς.
629 1889 731 1942 οὐκ
784 1891 1073 1960 ἐνέμεινας
1129 1893 1207 1962 τῷ
1246 1896 1559 1966 ἐνεργοῦντι
1608 1900 1781 1954 ταῦτα
1824 1902 1966 1971 Θεῷ,

383 1979 522 2033 ἀλλὰ
554 1981 679 2034 καθ’
701 1982 850 2051 ὥραν
887 1984 1209 2053 ὲγὸγγυζες,
1234 1988 1353 2061 ,καὶ
1391 1990 1683 2060 ἐπείριξες
1725 1993 1818 2045 τὸν
1854 1994 1967 2047 Κύ-

386 2088 505 2139 ριον
549 2071 755 2141 λέγων·
800 2092 819 2126 ι
855 2076 914 2128 El
961 2077 1110 2131 ἐστιν
1157 2079 1216 2131 ἑν
1263 2081 1396 2150 ἡμῖν
1448 2084 1679 2152 Κύριος,
1729 2087 1761 2156 ἢ
1808 2087 1904 2152 οὓς
1943 2107 1961 2140 ι

386 2162 501 2217 Καὶ
527 2163 589 2217 τὸ
617 2164 809 2233 μεῖζον
831 2167 1073 2233 πάντων,
1101 2168 1256 2234 θεοὺς
1282 2172 1550 2243 ἐζήτησας
1578 2175 1628 2227 οἳ
1658 2178 1969 2248 προπορεύ-

389 2256 575 2309 σονταί
607 2272 727 2310 σου.
767 2258 877 2310 Καὶ
917 2259 970 2311 τί
1014 2260 1120 2331 χρὴ
1154 2262 1285 2332 περὶ
1323 2264 1432 2317 τῶν
1481 2265 1782 2335 θαυμάτων
1815 2270 1969 2339 φιλο·

386 2350 632 2413 νεικεῖνς
667 2346 847 2418 Αὐτὴν
887 2349 1113 2421 ταύτην,
1164 2354 1212 2406 εί
1262 2354 1467 2424 βούλει,
1524 2359 1623 2428 τὴν
1654 2361 1712 2413 ὲν
1741 2360 1820 2430 τῷ
1860 2360 1971 2415 ἀπὸ

389 2439 623 2503 κτίσεως
670 2441 879 2511 κόσμου
934 2447 1466 2517 πεντακισχιλιοστῷ
1525 2453 1968 2523 πεντακοσιοστῷ

387 2532 499 2584 ἔτει
527 2536 819 2600 γεγονυῖαν
868 2536 1006 2603 πρὸς
1053 2538 1201 2606 ἡμᾶς
1248 2538 1433 2604 ἄφιξιν
1473 2541 1568 2595 τοῦ
1624 2544 1830 2613 Κυρίου
1871 2544 1968 2598 καὶ

388 2625 645 2695 Σωτῆρος
683 2626 842 2695 ἡμῶν
879 2625 1058 2695 Ἰησοῦ
1102 2628 1344 2701 Χριστοῦ
1384 2629 1719 2701 διισχυρίζου
1770 2632 1969 2700 μηκέτι

387 2713 585 2781 ἐλθεῖν,
623 2717 720 2769 καὶ
749 2716 895 2770 οὕτω
938 2718 1138 2784 δείξεις
1170 2698 1318 2790 ἡμᾶς
1353 2721 1445 2772 ἐπὶ
1473 2698 1610 2773 πᾶσι
1640 2698 1971 2789 ματαιάζον-

388 2823 512 2872 τας.
562 2808 703 2860 Ἀλλ’
733 2808 921 2873 ἔλαθες
947 2811 1163 2875 ἑαυτὸν,
1198 2805 1242 2864 ὦ
1272 2811 1459 2881 δύσερι
1521 2813 1609 2876 σὺ,
1643 2813 1733 2864 καὶ
1771 2811 1970 2879 σοϐαρὲ

390 2898 486 2950 καὶ
512 2896 794 2968 ὑπέρογκα
821 2914 836 2929 ⁸
869 2901 1080 2970 ταύτην
1117 2900 1273 2971 ὑμῶν
1305 2901 1403 2973 τὴν
1436 2901 1630 2973 βουλὴν
1660 2902 1971 2970 ἐματαῖωσσ

389 2989 618 3058 Κύριος,
650 2990 724 3055 ὡς
753 2992 923 3047 πάλαι
958 2994 1058 3066 τὴν
1106 2994 1303 3065 βουλὴν
1341 2995 1649 3065 Ἀχιτόφελ,
1682 2994 1767 3061 ἐφ’
1801 2985 1844 3059 ᾧ
1878 2990 1972 3045 καὶ

388 3081 471 3154 τῷ
495 3082 595 3152 τῆς
621 3085 934 3156 ἀμηχανίας
974 3087 1155 3158 βρόχῳ
1192 3089 1313 3141 κατ’
1338 3091 1548 3143 ἐκεῖνον
1575 3085 1969 3159 συμπνίγεσθε.

2063 628 2185 669 cum
2230 614 2351 684 ipso
2396 624 2450 671 et
2479 625 2659 671 creata
2688 631 2847 686 passa
2876 626 3083 672 essent.
3137 618 3210 673 De
3258 621 3650 678 obscuratione

2066 704 2288 774 quidem
2338 707 2481 761 circa
2524 722 2742 762 crucem
2760 707 2882 779 jam
2910 710 3341 779 prrenuntiatunt
3376 713 3553 768 fuerat
3591 726 3649 770 et

2065 795 2219 851 Isaia:
2238 797 2474 853 dicenti:
2499 818 2516 851 ι
2542 777 2775 855 ιιιιΙιιειιιῖ
2791 803 2987 857 coelum
3009 803 3262 873 caligine,
3279 814 3334 858 et
3350 806 3513 858 veluti
3533 821 3653 861 sac-

2068 902 2196 942 cum
2224 905 2425 959 ponam
2450 893 2713 945 amictum
2738 894 2875 962 ejus.
2911 913 2929 946 ι
2959 894 3285 948 Praedictum
3314 912 3445 949 vero
3470 908 3523 951 et
3546 898 3650 965 ipsi

2065 980 2272 1033 Amos:
2301 999 2316 1051 ς
2348 980 2573 1035 Occidet
2597 983 2769 1045 enim,
2791 984 2887 1047 ait,
2915 984 2996 1038 sol
3023 985 3078 1037 iu
3104 986 3351 1044 meridie.
3373 996 3428 1040 et
3449 987 3537 1040 lux
3561 1004 3650 1041 su-

2067 1085 2166 1139 per
2193 1080 2392 1124 trrram
2417 1073 2871 1128 contenebrescet
2902 1074 2956 1127 in
2991 1075 3098 1129 die.
3136 1093 3155 1126 ι
3190 1077 3459 1143 Quitldam
3484 1081 3647 1133 etiam

2064 1162 2443 1218 incredibilius
2463 1165 2770 1233 adjungens
2785 1167 3053 1234 propheta
3069 1169 3250 1223 verbis
3271 1187 3282 1220 :
3301 1168 3551 1225 (Occidet
3572 1173 3654 1225 sol

2066 1256 2121 1308 in
2159 1255 2419 1317 meridie,
2452 1273 2470 1305 ι
2502 1256 2674 1326 ipsam
2699 1257 2911 1311 scilicet
2943 1260 3169 1325 horam,
3199 1260 3252 1313 in
3285 1277 3389 1330 qua
3430 1265 3650 1317 cruciﬁ-

1992 1354 1995 1357 ‘
2068 1361 2175 1401 xus
2200 1348 2713 1411 cstDominus,ait:
2736 1349 2916 1405 «liora
2934 1351 3078 1404 enim
3094 1364 3214 1407 erat
3243 1354 3401 1422 quasi
3429 1367 3605 1408 sexta.
3630 1373 3648 1407 ι

2141 1450 2249 1505 Sed
2279 1451 2422 1506 dicta
2450 1468 2559 1506 non
2587 1453 2869 1520 admittis;
2896 1456 3154 1525 dereptio
3191 1457 3325 1522 haec,
3386 1473 3449 1512 ac
3506 1475 3657 1513 men-

2071 1542 2291 1597 dacium
2348 1544 2445 1599 tibi
2504 1546 2795 1611 videntur;
2838 1548 2993 1601 hisce
3047 1564 3159 1601 non
3202 1549 3430 1612 credis,
3481 1567 3658 1618 neque

2071 1651 2314 1706 unquam
2368 1638 2691 1705 credidisti;
2750 1640 3084 1707 jampridem
3133 1640 3271 1695 duro
3322 1656 3383 1695 es
3424 1641 3589 1696 corde
3635 1653 3652 1697 :

2063 1727 2176 1798 jam
2231 1728 2301 1783 ab
2358 1728 2517 1783 initio
2580 1729 2967 1785 incredulitate
3030 1732 3247 1786 laboras
3298 1749 3311 1784 :
3364 1734 3421 1785 in
3464 1747 3652 1785 eremo

2072 1816 2205 1870 olim
2274 1818 2445 1872 tantis
2506 1817 2798 1889 perfruens
2854 1820 3014 1875 bcnis
3081 1836 3144 1874 ac
3208 1830 3487 1875 tantorum
3550 1823 3655 1874 mi-

2073 1907 2383 1961 raculorum
2439 1918 2715 1977 spectator
2751 1909 2953 1969 factus.
2990 1910 3044 1964 in
3090 1912 3208 1966 haec
3242 1921 3506 1979 operante
3544 1911 3654 1966 [leo

2073 2010 2187 2072 non
2224 1998 2595 2067 permansisti,
2631 1999 2725 2052 sed
2758 1999 2993 2069 singulis
3044 2002 3195 2056 horis
3245 2002 3651 2066 murmurabas,

2072 2098 2128 2143 et
2184 2090 2438 2145 tentabas
2487 2090 2776 2144 Dominum
2822 2092 3056 2147 dicens:
3095 2111 3114 2144 ι
3153 2093 3209 2146 Si
3246 2104 3329 2148 est
3382 2093 3437 2147 in
3492 2093 3655 2147 nobis

2074 2181 2362 2246 Dominus,
2396 2197 2461 2235 an
2494 2181 2644 2235 non?
2679 2200 2698 2233 ι
2762 2180 2827 2235 Ει
2856 2183 3001 2250 quod
3055 2182 3299 2237 onmium
3354 2184 3652 2235 maximum

2073 2282 2177 2338 est,
2208 2275 2493 2343 quaerebas
2521 2273 2653 2327 deos
2701 2274 2794 2343 qui
2836 2283 2888 2328 te
2932 2274 3329 2341 praecederent.
3366 2272 3473 2326 Sed
3520 2272 3652 2341 quid

2072 2373 2289 2434 oportet
2337 2366 2404 2419 de
2458 2364 2803 2419 mirabilibus
2873 2363 3197 2431 disputare?
3239 2362 3391 2417 lianc
3450 2364 3652 2431 ipsam,

2069 2456 2114 2510 si
2134 2456 2307 2521 lubet,
2333 2457 2385 2510 in
2411 2471 2553 2509 anno
2571 2455 2866 2524 quinquies
2894 2455 3191 2508 millesimo
3207 2453 3655 2523 quingentesimo

2070 2548 2139 2602 ab
2167 2550 2297 2601 orhe
2328 2547 2549 2601 condito
2618 2546 2815 2600 factam
2884 2545 3289 2615 apparitionem
3347 2545 3489 2612 apud
3551 2560 3654 2599 nos

2071 2635 2288 2690 Domini
2317 2645 2371 2691 et
2402 2636 2701 2691 Salvatoris
2735 2636 2908 2690 nostri
2958 2635 3092 2690 Jesu
3128 2635 3356 2699 Christi,
3412 2635 3652 2690 aﬂirnus

2072 2728 2315 2782 nondum
2348 2728 2663 2791 advenisse,
2728 2736 2786 2780 ct
2841 2727 2921 2781 sic
2978 2727 3234 2781 ostendes
3284 2742 3385 2780 nos
3430 2728 3654 2780 omnino

2071 2820 2297 2874 vanitati
2336 2820 2619 2873 studentes
2654 2834 2863 2872 rerum.
2892 2816 2999 2872 Sed
3043 2827 3153 2873 tete
3186 2819 3366 2887 ipsum
3403 2819 3649 2888 ignoras,

2072 2926 2103 2967 0
2132 2912 2495 2976 cnnteutiose,
2528 2910 2772 2965 fastnose
2800 2925 2863 2965 ac
2901 2912 3176 2980 superbe;
3233 2924 3473 2965 vestrum
3543 2910 3648 2964 hoc

2073 3001 2366 3055 consrlium
2418 3001 2582 3054 inane
2633 3000 2872 3055 reddidit
2902 3002 3187 3066 Dominus,
3242 3002 3318 3056 uti
3373 3002 3646 3071 quondam

2074 3090 2365 3145 consilium
2394 3091 2773 3163 AchitOphelis
2815 3093 3024 3166 (δῶ-10)
3064 3100 3287 3163 propter
3309 3108 3416 3163 quo
3454 3085 3645 3146 cedem

392 3287 805 3366 εὴγηίεῌῑρτεω
834 3292 988 3347 urbis
1022 3293 1217 3349 "Nilus
1241 3296 1386 3349 α’(Ιθε
1413 3295 1778 3352 Sllbvet'lcril:
1807 3304 1862 3350 ει
1889 3293 1989 3350 Ῑυ·
2015 3297 2058 3359 C
2090 3300 2277 3356 audire
2324 3300 2492 3354 etiam
2538 3297 2641 3351 hac
2674 3297 2741 3353 de
2785 3313 2843 3353 re
2892 3297 3297 3354 Theodoretum
3332 3299 3559 3366 interpr.
3590 3299 3645 3353 in

391 3358 547 3435 litis“
570 3360 860 3435 Africanus
906 3373 1136 3416 testatur
1189 3367 1379 3419 eadem
1440 3383 1578 3435 pene
1632 3381 1962 3420 memorasse

393 3431 648 3486 Thallum
675 3432 731 3485 in
758 3429 852 3484 lib.
882 3447 940 3485 ιιι
967 3448 1188 3487 suarum
1226 3429 1609 3490 Historiarum.
1645 3437 1835 3491 Mirum
1861 3438 1965 3491 hoc

395 3513 700 3557 monstrum
740 3510 863 3568 post
910 3502 1192 3557 hominum
1245 3506 1559 3559 memoriam
1594 3505 1732 3560 nulli
1771 3521 1967 3559 secun-

393 3571 522 3625 dum
553 3569 807 3640 permulti
850 3571 977 3625 hinc
1017 3572 1143 3627 inde
1175 3574 1499 3629 imminuere
1529 3584 1638 3630 toto
1671 3585 1843 3628 marte
1872 3590 1969 3629 co-

393 3642 506 3695 nati
536 3649 685 3712 sunt,
718 3640 959 3712 Scaliger
988 3643 1263 3712 praecipue
1313 3654 1367 3696 et
1409 3643 1681 3698 Gerardus
1726 3644 1969 3708 Vossius,

397 3713 490 3778 qui
528 3710 777 3763 futilibus
814 3711 956 3764 haud
992 3710 1281 3766 rationum
1320 3714 1612 3770 momentis
1656 3714 1962 3768 naturalem

395 3780 640 3850 eclipsim
680 3778 850 3835 fuisse
895 3784 1185 3837 ostendere
1237 3783 1663 3838 contenderunt.
1704 3783 1961 3838 Nostrum

395 3849 627 3922 nonest
671 3849 759 3903 hic
804 3865 866 3905 ea
915 3852 1097 3905 omnia
1154 3868 1449 3920 rer-nquere
1494 3869 1613 3922 qua;
1638 3854 1961 3919 Calmetius,

397 3921 543 3975 Serri
598 3927 652 3974 et
681 3922 921 3974 sexcenti
954 3921 1040 3973 alii
1072 3923 1162 3985 qui
1210 3922 1261 3976 in
1312 3922 1450 3974 hanc
1479 3938 1697 3977 arenam
1735 3923 1966 3976 descen-

395 3990 615 4052 derunt,
646 4004 890 4057 quosque
921 3991 1071 4044 adire
1104 4001 1281 4058 potest
1305 3994 1389 4045 cui
1419 3992 1633 4045 libitum
1655 4032 1668 4052 .
1707 3994 1962 4057 retulere,

395 4070 456 4114 ut
510 4059 829 4113 miraculum
866 4069 1147 4129 fastruant.
1181 4061 1446 4129 nobisque
1478 4071 1562 4115 sat
1590 4062 1693 4114 erit
1721 4061 1966 4116 innuisse

393 4139 609 4184 veteres
637 4144 828 4183 omnes
863 4128 1115 4185 Ecclesiae
1140 4129 1326 4185 Patres
1354 4128 1455 4185 hoc
1481 4146 1606 4185 usos
1633 4147 1754 4185 esse
1796 4131 1960 4186 veluti

395 4197 710 4254 ﬁrmissimo
728 4209 1074 4267 argumento.
1101 4209 1159 4254 ut
1181 4200 1547 4258 ethnicorum.
1576 4212 1629 4253 et
1651 4200 1964 4255 Iudaeorum

392 4283 457 4323 os
481 4269 827 4322 obstruerent
848 4307 863 4330 ,
889 4278 944 4323 et
972 4270 1217 4324 veritatis
1260 4279 1460 4323 nostra:
1493 4271 1768 4331 religioois
1804 4272 1964 4325 [idem

398 4338 703 4408 ﬁrmarent.
742 4337 853 4392 Into
910 4338 1186 4393 Lucianus
1240 4341 1353 4407 ipse
1404 4352 1628 4408 martyr,
1663 4347 1719 4394 et
1749 4339 1966 4395 Tertul-

395 4407 575 4479 liauus
616 4408 843 4461 miriﬁce
870 4409 1166 4479 ostendunt
1197 4409 1465 4476 eclipseos
1495 4407 1724 4476 hujusce
1753 4427 1960 4465 memo-
2002 4470 2015 4479 ι

397 4478 533 4533 riam
564 4477 615 4531 in
641 4489 885 4532 veterum
920 4478 1133 4546 publica
1171 4479 1432 4533 tabularia
1476 4480 1735 4544 relatam;
1771 4483 1959 4535 horum

396 4550 542 4601 enim
577 4549 715 4602 alter
757 4546 1087 4602 Nicomediae
1131 4564 1316 4604 coram
1355 4550 1584 4618 prazside
1621 4568 1633 4603 :
1669 4568 1701 4601 ι.
1726 4550 1964 4605 Annales

397 4627 631 4682 vestros,
661 4618 856 4685 inquit,
882 4618 1152 4672 consulite
1179 4659 1192 4680 ,
1223 4629 1278 4672 et
1308 4618 1603 4675 invenietis
1632 4620 1787 4674 Pilati
1826 4634 1966 4675 tem-

397 4687 639 4758 poribus,
662 4688 789 4739 dum
822 4694 1099 4753 pateretur
1115 4686 1390 4752 Christus,
1410 4692 1585 4744 media
1613 4691 1702 4745 die
1725 4690 1966 4758 fugatum

396 4756 587 4815 solem,
621 4769 676 4809 et
724 4758 1085 4823 interruptam
1128 4758 1306 4823 diem;
1350 4778 1369 4811 ι
1409 4760 1545 4814 alter
1579 4775 1708 4815 vero
1747 4756 1965 4815 causam

394 4825 831 4900 Christianorum
880 4827 1184 4883 defendens
1243 4829 1464 4900 Apolog.
1518 4846 1637 4897 cap.
1698 4830 1790 4894 3t,
1843 4832 1963 4885 ait:

404 4914 423 4948 ι
461 4895 663 4971 Eodem
696 4906 978 4971 momento
1018 4900 1153 4971 dies.
1189 4895 1429 4953 mediuni
1480 4895 1668 4954 orbem
1716 4902 1966 4971 signante

393 4964 531 5028 sole,
568 4967 838 5020 subducta
869 4978 975 5038 est;
1010 4968 1310 5038 deliquium
1354 4980 1684 5037 putaverunt
1710 5010 1724 5028 .
1769 4964 1865 5038 'qni
1913 4971 1967 5024 id

393 5049 611 5103 qucque
668 5050 835 5105 super
873 5036 1088 5093 Christo
1138 5036 1494 5108 praedicatum
1544 5055 1652 5093 non
1681 5036 1962 5100 scierunt,

394 5114 451 5156 et
500 5113 678 5159 tamen
725 5122 849 5161 eum
905 5109 1092 5160 mundi
1136 5124 1318 5162 casum
1354 5109 1581 5162 relatum
1621 5112 1672 5163 in
1706 5111 1967 5163 archiviis

392 5175 591 5228 vestris
630 5177 862 5229 habetis.
900 5195 916 5225 ι
964 5177 1083 5232 Vid.
1116 5176 1295 5234 Natal.
1330 5179 1484 5233 Alex.
1522 5178 1724 5232 Πεδίον.
1763 5178 1962 5233 Ercles.

393 5245 581 5316 sesein.
612 5261 651 5307 t,
683 5262 802 5313 cap.
831 5246 883 5307 5,
918 5246 945 5316 §
979 5249 1032 5306 5,
1062 5261 1110 5300 et
1146 5248 1369 5302 Paulum
1408 5248 1699 5303 Bautirium
1731 5249 1785 5303 itt
1817 5254 1966 5306 notis

394 5312 857 5387 adlaactantiutn,
896 5312 1024 5369 tum.
1058 5316 1121 5376 ll.
1166 5334 1284 5387 pag.
1311 5320 1434 5374 546.

466 5384 675 5459 (374-19)
697 5384 1067 5459 AcltitOphclis
1088 5384 1370 5443 his—loriam
1392 5391 1622 5458 ejusque
1645 5406 1808 5459 prava
1827 5398 1961 5444 con-

378 5452 511 5521 rsilta
554 5457 751 5522 quibus
783 5452 1025 5523 quotidie
1064 5462 1288 5524 urgebat
1334 5452 1661 5513 Absaloiieni
1704 5463 1754 5513 iit
1797 5462 1963 5516 David

396 5533 604 5597 patrem
661 5540 821 5578 suum
880 5527 1049 5581 habes
1083 5528 1137 5581 'll
1171 5529 1303 5597 Reg.
1344 5545 1462 5593 cap.
1500 5532 1582 5591 16,
1629 5541 1683 5584 et
1735 5532 1819 5591 l7,
1870 5533 1959 5585 ubi

396 5593 599 5669 pariter
646 5609 899 5669 narratur
950 5599 1094 5664 quod
1158 5593 1272 5667 ipse
1332 5617 1355 5649 ι
1417 5601 1603 5653 videns
1647 5603 1791 5669 quod
1853 5618 1962 5656 nott

336 5670 339 5673 ‘
393 5661 587 5718 fuisset
651 5664 852 5719 factum
905 5661 1193 5722 consilium
1233 5684 1391 5723 suum
1417 5708 1433 5731 ,
1475 5661 1678 5723 stravit"
1707 5676 1917 5725 asinum
1945 5714 1957 5733 ,

394 5734 740 5804 surrexitque
780 5748 834 5789 et
862 5738 994 5791 abiit
1036 5739 1086 5791 in
1118 5741 1337 5792 dontmn
1384 5755 1572 5802 suam,
1605 5749 1656 5791 et
1701 5741 1959 5804 disposita

393 5803 555 5859 domo
595 5818 731 5869 sua.
776 5809 1071 5871 suspendio
1131 5809 1356 5865 interiit.
1423 5827 1441 5858 ι
1503 5808 1726 5865 Ριωδιιιι
1776 5803 1959 5866 tamen

2060 3372 2207 3427 Psal.
2251 3388 2325 3425 vit
2356 3410 2370 3431 ,
2416 3371 2487 3424 ita
2552 3384 2665 3421 rem
2726 3384 2952 3436 prorsus
3011 3380 3321 3424 narrantem
3368 3388 3382 3423 :

2063 3443 2333 3513 δράσκωνν
2386 3443 2415 3494 6
2480 3438 2753 3513 μακάριος
2816 3439 3007 3513 ΔοιὸὶδΔ
3049 3440 3150 3513 τὸν,
3218 3438 3650 3513 diris-copia,qu

3438 3371 3650 3423 ’Δποδι-

2066 3503 2406 3579 ¹ιιέιιτραλοέαν
2463 3503 2790 3579 ύὶὺνβεῦρε
2855 3508 3051 3575 βοηθὸν
3107 3509 3196 3561 τὸν
3257 3503 3649 3571 Χουσῖὃξπέ..

2069 3578 2225 3636 mnes.
2248 3579 2339 3633 τὸν
2379 3578 2738 3646 Ἀϐεσσαλὼμ
2767 3580 2837 3643 μὴ
2866 3578 3007 3631 κατὰ
3070 3581 3171 3646 τὴν
3204 3581 3492 3648 είσὴγησιν
3548 3579 3644 3631 τοῦ

2082 3651 2369 3718 Ἀχιτόφελ
2403 3648 2714 3717 παραυτίκα
2738 3648 2926 3712 διῶξαι
2951 3648 3041 3699 τὸν
3076 3649 3308 3718 πατέρα,
3365 3648 3504 3701 ἀλλὰ
3556 3649 3648 3700 τὸν

2075 3718 2203 3776 λαδν
2239 3720 2456 3797 ἅπαντα
2516 3720 2862 3797 συναγεῖραι,
2918 3718 3010 3797 διαὶ
3036 3718 3344 3797 τηνικαῦτα
3365 3723 3520 3797 ,κατὰ
3548 3718 3645 3797 τού

2073 3789 2464 3868 γεγεννηκότος
2523 3787 2875 3868 στρατεῦσαι,
2909 3787 3249 3868 ,Ἀχθεσθεὶς
3297 3790 3475 3868 τοίνυν
3550 3789 3648 3868 παὶ

2072 3857 2193 3912 λίαν
2212 3859 2559 3928 ἀδημονήσας
2576 3858 2618 3928 _6
2656 3857 2959 3928 Ἀχιτόφελ,
3135 3858 3508 3928 αἱρετωτέρας
3547 3859 3647 3923 όφ-

2074 3929 2259 3989 θείσας
2292 3922 2387 3995 τῆς
2444 3922 3129 3996 τοῦ-Χουσὶ-συμϐουλῆς,
3177 3922 3434 3996 αὐτόχειρ
3481 3922 3645 3996 uirgo;

2072 3992 2384 4065 γενόμενος,
2415 3992 2881 4065 τὴνδιήάγχόῌνης
2917 3993 3135 4058 ἐδέξατο
3156 3992 3434 4062 τελευτήν.
3472 4014 3491 4046 ι
3536 3994 3646 4048 Ftt-

2073 4061 2228 4135 giens
2264 4061 3057 4135 beatusDavidﬁnefariumet
3079 4061 3403 4131 parricidam
3436 4064 3604 4135 lilium
3629 4107 3646 4130 ,

2072 4131 2377 4206 adjutorem
2424 4133 2631 4206 invenit
2665 4131 2855 4206 Chnsi,
2896 4134 2988 4200 qui
3036 4133 3295 4206 absaloni
3335 4133 3645 4206 persuasit,

2075 4203 2152 4260 ne'
2174 4205 2470 4260 secundum
2494 4203 2872 4273 Aehitophelis
2905 4204 3192 4257 consilium
3221 4205 3403 4258 statim
3432 4215 3640 4273 patrem

2111 4281 2494 4344 ersequeretur
2516 4314 2532 4339 ,
2572 4272 2667 4326 sed
2709 4282 2767 4325 ut
2798 4272 2945 4339 prius
2974 4284 3190 4343 cogeret
3219 4272 3441 4327 Otitneltt
3474 4289 3642 4342 popu-

2111 4292 2494 4344 ersequeretur
2516 4314 2532 4339 ,
2572 4292 2667 4326 seu
2709 4292 2767 4325 ιιι.
2798 4292 2945 4339 ριιιιδ
2974 4292 3190 4343 cogeret
3219 4292 3437 4327 ouinem
3474 4292 3641 4342 popu-

2074 4292 2219 4410 iitm,
2264 4359 2328 4399 ac
2362 4344 2489 4397 dein
2538 4352 2725 4396 contra
2783 4352 3064 4411 parentem
3127 4344 3327 4396 bellum
3380 4352 3641 4397 moveret.

2074 4414 2302 4470 Maerore
2348 4413 2512 4482 igitur
2556 4411 2804 4482 allectus,
2857 4422 2921 4482 et
2950 4412 3241 4466 admodum
3288 4413 3651 4467 conturbatus

2069 4480 2432 4551 Achitophel,
2478 4498 2545 4535 eo
2593 4481 2738 4549 quod
2776 4480 3063 4551 consilium
3096 4483 3261 4537 Chusi
3303 4482 3652 4550 praestantius

2074 4558 2249 4610 visum
2272 4550 2473 4618 iuerat,
2507 4552 2683 4605 factus
2713 4550 2796 4607 sui
2827 4552 2996 4617 ipsius
3031 4552 3327 4617 homicida,
3356 4553 3652 4621 suspendio

2072 4629 2237 4679 vitam
2280 4623 2439 4677 iittiit.
2482 4640 2499 4673 ι
2530 4621 2744 4674 Videsis
2768 4622 2930 4674 etiam
2958 4621 3283 4691 Josephutn,
3313 4622 3443 4675 Jud.
3471 4623 3653 4690 Atttiq.

2070 4696 2164 4749 ιιι».
2198 4710 2291 4753 vn.
2319 4708 2438 4762 cap.
2468 4693 2522 4755 9,
2557 4691 2840 4762 historiatn
2877 4691 3014 4762 hanc
3050 4694 3274 4762 uberius
3302 4691 3653 4746 referentem.

2069 4765 2324 4819 Salianus
2366 4758 2415 4814 iit
2471 4759 2669 4814 Annal.
2716 4758 2915 4814 Eccles.
2976 4760 3086 4815 νει.
3145 4760 3281 4816 Text.
3336 4763 3403 4817 ad
3450 4778 3654 4814 annum

2071 4835 2259 4890 mundi
2289 4832 2451 4895 2980,
2492 4843 2624 4884 tom.
2661 4830 2749 4893 ill,
2782 4848 2901 4900 pag.
2932 4832 3059 4897 ΗΟ,
3084 4833 3244 4885 Num.
3281 4850 3437 4893 xvnt.
3477 4834 3657 4901 profe-

2070 4921 2197 4959 rens
2238 4907 2401 4959 verba
2439 4902 2690 4956 versiculi
2718 4904 2811 4963 25,
2846 4918 2896 4955 c.
2941 4919 3065 4970 xvt,
3103 4903 3201 4968 lib.
3246 4919 3282 4957 ιι
3342 4904 3477 4972 Heg.
3532 4920 3658 4971 qua:

2070 4986 2199 5029 sunt
2244 4972 2599 5043 huiusmodi:
2642 4990 2659 5021 ι
2722 4972 3025 5043 consilium
3077 4986 3259 5027 autem
3310 4974 3657 5043 Achitophcl,

2070 5045 2215 5109 quod
2250 5041 2415 5098 (labat
2449 5045 2499 5095 in
2545 5042 2735 5096 diebus
2765 5041 2892 5103 illis,
2919 5045 3073 5110 quasi
3105 5046 3149 5097 si
3183 5044 3310 5113 quis
3341 5041 3658 5099 consuleret

2071 5114 2268 5176 Deum,
2294 5114 2375 5167 sic
2409 5122 2527 5174 erat
2555 5126 2718 5165 omne
2752 5114 3040 5167 consilium
3073 5114 3453 5184 Achilophel,»
3480 5114 3659 5181 elogio

2066 5186 2325 5239 donatum
2350 5196 2634 5253 perperam
2654 5191 2820 5253 putat
2856 5184 3266 5252 AchitOpht-lem
3293 5202 3322 5238 a
3350 5186 3655 5251 Scriptura,

2067 5270 2325 5323 eumque,
2352 5250 2547 5307 contra
2589 5250 2687 5304 SS.
2729 5252 2944 5305 Patrum
2996 5250 3154 5308 [idem
3186 5295 3199 5317 ,
3238 5250 3491 5323 omnium
3517 5254 3659 5304 inter

2068 5320 2412 5379 consiliarios
2459 5323 2599 5391 regis
2651 5323 3138 5399 prudentissimum
3156 5332 3351 5399 "vocat.
3392 5340 3410 5372 ι
3454 5320 3653 5399 Verum

2068 5395 2319 5449 laudatur
2353 5407 2482 5445 sane
2516 5398 2571 5445 in
2640 5392 2969 5461 Achitophel
2998 5434 3012 5455 ,
3047 5394 3121 5445 ait
3154 5391 3357 5448 Estius.
3394 5391 3611 5443 solertia
3642 5428 3656 5448 ,

2067 5479 2173 5516 non
2205 5463 2448 5532 probitas
2472 5505 2487 5527 ,
2520 5470 2614 5515 aut
2658 5460 2983 5517 virtus’vcri
3021 5463 3291 5524 nominis;
3326 5460 3660 5532 ct‘laudatnr

2065 5529 2388 5601 Achiiophel
2439 5547 2504 5585 eo
2554 5532 2717 5585 modo
2786 5548 2895 5599 quo
2945 5532 3228 5601 Dominus
3263 5529 3403 5597 apud
3452 5529 3656 5583 Lucam

2065 5599 2303 5657 villicum
2344 5602 2649 5670 iniquitatis
2682 5602 2890 5663 laudat,
2924 5602 3108 5670 aitque
3159 5599 3299 5654 Illius
3336 5600 3501 5669 hujus
3550 5616 3654 5653 sa:—

2065 5674 2173 5743 culi
2210 5669 2594 5743 prudentiores
2624 5687 2747 5727 esse
2776 5672 2830 5726 in
2864 5669 3314 5740 generationibus
3352 5673 3493 5743 suis,
3530 5670 3656 5727 iitiis

2066 5742 2219 5801 lucis.
2256 5761 2274 5795 ι
