4058 6196
413 337 520 399 855
570 398 571 401 η

1629 339 2042 405 MICHAELIS
2075 344 2332 408 GLYCXE

3543 355 3647 415 856

410 457 574 514 atque
607 445 695 499 ille
729 444 1112 513 imprudentia:
1136 443 1329 511 laqueo
1359 438 1971 510 sull'ocamini.Quando

2088 453 2278 507 Ἢνίκα
2313 453 2420 523 γάρ
2450 452 2696 508 ἐτίκτετο
2749 454 2889 508 κατά
2938 455 3135 525 σάρκα,
3184 456 3356 509 πείσει
3400 457 3493 510 τὸν
3540 460 3644 512 Αὔ-

407 544 553 595 t-nim
579 541 878 595 secundum
910 553 1129 591 carnem
1155 548 1313 591 natus
1331 547 1436 598 est,
1461 538 1751 604 persuadet
1779 540 1973 596 Cmsari

409 635 654 699 Augusto
677 630 988 685 describere
1024 628 1332 681 universam
1367 635 1566 682 terram
1592 628 1635 697 (ί
1655 631 1724 692 ι),
1758 645 1819 683 ea
1846 646 1976 687 sane

409 724 474 775 de
506 736 689 783 caiisa,
718 727 774 772 ut
807 718 1065 771 Romanis
1116 714 1396 772 codicibus
1444 718 1706 787 inscripta
1744 734 1865 787 quae
1911 723 1977 775 de

408 826 473 862 cu
499 809 635 861 facta
667 816 814 867 sunt.
854 805 957 858 fide
986 806 1146 876 digna
1181 813 1367 860 essent
1425 806 1565 875 apud
1617 814 1863 874 posteros
1912 822 1976 862 ac

410 912 533 956 nota
557 942 571 962 .
601 910 652 954 et
677 899 986 953 Judzeorum
1016 898 1216 951 exinde
1247 896 1738 964 blasphemantiutn
1771 912 1831 953 os
1879 899 1975 952 ob-

406 1000 731 1044 strueretur.
774 989 915 1042 Deus
944 998 1061 1041 erat
1090 1003 1217 1041 vere
1250 988 1342 1056 qui
1385 1004 1412 1040 a
1469 987 1623 1041 vobis
1680 989 1974 1043 erueilixus

402 1090 507 1135 est.
538 1079 716 1145 Quare
740 1088 793 1133 et
816 1077 1329 1131 immisericorditer
1352 1076 1517 1131 veluti
1537 1077 1630 1131 Dei
1660 1078 1976 1133 interfector

407 1173 634 1242 puniris.
665 1170 820 1236 Quod
852 1170 894 1222 si
922 1184 1029 1223 non
1064 1169 1183 1230 hoc.
1222 1176 1278 1222 et
1310 1183 1414 1238 qua
1445 1168 1512 1222 de
1538 1183 1701 1226 causa
1725 1179 1972 1238 peccato-

405 1279 524 1316 rum
556 1275 730 1331 pmnte
765 1276 792 1313 a
826 1269 879 1313 te
910 1257 1238 1329 exiguntur?

470 1408 633 1480 Igitur
681 1423 788 1462 non
839 1406 1007 1461 habes
1045 1421 1178 1461 sane
1216 1405 1362 1476 quod
1406 1406 1590 1474 dicas;
1651 1406 1762 1461 vita
1818 1407 1969 1462 enim

401 1508 577 1555 vestra
635 1497 1165 1568 irreprebeusibilis;
1229 1499 1383 1565 juxta
1452 1497 1599 1567 leges
1654 1497 1968 1564 anibulatis;

398 1591 598 1643 damno
632 1600 883 1657 expertes
920 1589 1055 1643 estis
1082 1587 1349 1658 cujusque
1376 1589 1499 1642 mali
1532 1589 1754 1658 operis;
1789 1589 1971 1643 vindi-

395 1696 491 1734 ces
522 1681 612 1735 Dei
638 1691 692 1734 et
722 1680 856 1749 legis
890 1680 1018 1737 facti
1057 1680 1216 1743 estis,
1255 1689 1311 1733 et
1352 1681 1751 1747 posterioribus
1800 1681 1969 1735 bene-

2079 559 2305 610 γουστον
2339 546 2592 616 Καίσαρα
2640 546 2739 616 τὴν
2778 546 3104 615 οἰκουμένην
3139 546 3358 599 ἃπασαν
3404 548 3648 619 ἀπογρά-

2078 634 2305 703 ψασθαι.
2340 636 2496 699 Τίνος
2543 636 2759 702 ἓνεκενς
2807 637 2892 700 Ὠς
2931 639 2997 693 ἂν
3018 640 3130 700 τοῖς
3176 637 3500 705 ἰ’ωμαῖκοίς
3538 640 3648 694 κώ-

2079 726 2213 792 διειν
2249 729 2580 797 ἀνάγραπτα
2607 729 2868 797 γεγονότα
2896 729 2967 783 τά
2997 727 3114 781 κατ’
3143 727 3328 793 αὑτὸν,
3358 729 3649 795 ἀξιόπιστά

2078 834 2137 869 τε
2168 813 2276 870 εἷεν
2304 823 2418 880 τοῖς
2449 820 2588 889 μετά
2631 818 2805 872 ταῦτα
2846 821 2938 872 καὶ
2966 819 3244 891 γνώριμα,
3276 822 3369 872 καὶ
3401 822 3648 876 ἐντεῦθεν

2079 909 2188 963 τῶν
2216 910 2428 980 βλασφή
2439 929 2556 980 μων
2586 911 2856 965 Ἰουδαίων
2885 911 3251 981 ἀποφράττειν
3279 911 3343 963 τά
3377 913 3641 979 στόματα.

2077 1001 2210 1063 Θεὸς
2261 997 2329 1071 ἦν
2384 1001 2599 1069 ἀληθῶς
2655 1003 2681 1053 ὁ
2731 1002 2963 1066 Χριστὸς
3013 1004 3218 1063 ἐκεῖνος
3250 1001 3276 1052 ὁ
3322 1002 3453 1071 παρ’
3492 1002 3645 1071 ὑμῶν

2080 1092 2437 1159 σταυρωθείς.
2486 1093 2599 1160 Ἐφ’
2631 1087 2674 1160 ᾧ
2721 1095 2812 1145 καὶ⁵
2855 1092 3199 1162 ἀσυμπαθῶς
3244 1092 3319 1155 ὡς
3363 1092 3640 1155 Θεοκτόνος

2078 1183 2305 1253 κολάζῃ.
2350 1182 2491 1237 Ἀλλ’
2522 1185 2582 1237 οὐ
2634 1184 2703 1238 δι’
2731 1184 2862 1237 αὐτό
2883 1201 2898 1215 ο
2940 1186 3033 1236 καὶ
3066 1185 3210 1247 τίνος
3250 1184 3457 1248 ἕνεκεν,
3492 1185 3634 1251 εἰπὲ,

2074 1276 2494 1347 ἁμαρτημάτων
2522 1275 2680 1339 δίκας
2714 1276 3018 1347 εἰσπράττῃ
3043 1292 3059 1341 ;

2147 1411 2222 1465 Οὐ
2259 1414 2357 1481 μὲν
2387 1407 2480 1466 οὖν
2507 1411 2608 1464 οὐκ
2656 1410 2803 1480 ἔχεις
2848 1411 3026 1463 εἰπεῖν
3052 1426 3066 1440 ⁸
3110 1411 3138 1463 ό
3186 1410 3296 1481 γάρ
3332 1410 3445 1480 βίος
3488 1410 3643 1478 ὑμῶν

2073 1504 2442 1573 ἀνεπίληπτος
2467 1517 2481 1532 ⁸
2507 1504 2648 1556 κατά
2678 1503 2876 1572 νόμους
2905 1500 3199 1571 πορεύεσθε
3224 1518 3239 1533 ·
3266 1502 3444 1568 πάσης
3472 1500 3642 1555 άθῶοι

2072 1594 2271 1656 κακίας
2330 1595 2491 1648 ἐστέ·
2543 1593 2749 1647 ἔκδικοι
2806 1592 2942 1646 Θεοῦ
2975 1593 3067 1646 καὶ
3119 1594 3289 1661 νόμου
3336 1593 3641 1659 γεγόνατεσ

2070 1688 2190 1749 ταῖς
2216 1686 2475 1753 ἐσχάταις
2499 1684 2770 1746 εὐποιίαις
2800 1685 2891 1737 καὶ
2912 1687 2979 1737 τά
3013 1687 3256 1753 πρότερα
3279 1682 3641 1751 άπενίψασθε.

399 1771 557 1825 f..ctis
589 1772 870 1825 anteriora
911 1770 1184 1826 abluistis.
1226 1771 1340 1835 Qua
1372 1786 1502 1826 vero
1532 1772 1600 1827 de
1639 1787 1802 1827 causa
1844 1781 1968 1826 lan-

2072 1776 2228 1839 Τίνος
2265 1777 2452 1829 ἕνεκεν
2496 1777 2587 1828 ἐπὶ
2635 1775 2892 1829 τοσοῦτον
2926 1778 2952 1828 ὁ
2986 1776 3119 1837 Θεὸς
3163 1774 3261 1838 τὴν
3297 1772 3461 1826 αὑτοῦ
3506 1776 3641 1843 pop.-

398 1860 489 1914 diu
511 1876 670 1915 suum
691 1861 860 1931 ipsius
884 1860 1122 1930 gladium
1150 1861 1381 1915 vibravit
1404 1871 1593 1917 contra
1617 1864 1753 1918 vos?
1776 1863 1970 1918 Nonne

400 1952 544 2007 idem
576 1954 692 2023 ipse
722 1964 804 2007 est
826 1955 918 2022 qui
953 1969 1047 2021 per
1091 1955 1414 2024 prophetam
1449 1954 1582 2010 dicit
1615 1969 1628 2006 :
1662 1972 1680 2006 t
1717 1954 1885 2008 Israel
1926 1953 1972 2008 si
2002 1954 2005 1957 λ

400 2047 453 2100 in
489 2046 590 2099 viis
620 2044 756 2098 meis
786 2044 1141 2109 ambulasset,
1181 2060 1279 2113 pro
1310 2045 1481 2100 nihilo
1532 2045 1671 2099 forte
1712 2046 1967 2100 inimicos

376 2128 523 2203 'cjns
566 2135 981 2191 bumiliassem?
1018 2154 1035 2186 ι
1070 2136 1359 2201 Quomodo
1406 2151 1536 2205 ergo
1569 2136 1707 2191 adeo
1741 2152 1975 2192 conver-

402 2242 496 2281 sus
523 2236 607 2279 est
643 2242 674 2279 a
720 2226 914 2279 vobis?
954 2226 1232 2293 quomodo
1263 2240 1455 2293 preces
1493 2237 1703 2281 vestras
1740 2243 1847 2281 non
1880 2243 1981 2281 au-

403 2318 522 2369 dit?
552 2314 843 2380 Quomodo
896 2316 1012 2383 ipse
1058 2330 1159 2385 per
1210 2316 1405 2369 Isaiam
1457 2315 1743 2371 manifeste
1787 2317 1918 2371 dicit
1960 2335 1974 2372 :

410 2426 428 2458 ι
464 2407 601 2461 Cum
636 2406 999 2477 extenderitis
1052 2422 1251 2462 manus
1276 2415 1487 2462 vestras
1511 2412 1577 2461 ad
1603 2422 1711 2470 me,
1736 2418 1976 2463 avertam

400 2496 590 2550 oculos
621 2511 772 2550 meos
793 2511 823 2549 a
858 2497 1048 2563 vobis;
1088 2512 1281 2551 manus
1314 2497 1461 2551 enim
1486 2505 1680 2552 vestra:
1710 2498 1976 2569 sanguine

404 2589 579 2656 plenre
606 2587 775 2641 sunt?
811 2606 828 2636 ι
862 2586 1005 2651 Quid
1035 2602 1166 2641 vero
1197 2588 1298 2642 sibi
1330 2588 1446 2642 vult
1493 2572 1633 2643 hoc?
1659 2587 1775 2642 Non
1811 2587 1980 2643 susti-

402 2694 530 2741 neo,
559 2679 753 2746 inquit,
782 2694 884 2748 ego
913 2678 1005 2747 qui
1036 2678 1199 2734 Pater
1234 2693 1353 2734 sum
1384 2678 1507 2733 Filii
1538 2695 1752 2745 amans,
1781 2695 1978 2735 manus

404 2778 615 2823 vestras
659 2769 850 2823 videre
898 2769 1168 2838 sanguine
1212 2770 1514 2825 maculatas
1553 2771 1823 2840 unigeniti
1856 2770 1980 2827 Filii

401 2860 533 2913 mei.
579 2860 723 2914 Deus
764 2874 895 2929 ergo
940 2875 1070 2916 vere
1101 2868 1220 2915 erat
1257 2870 1311 2916 et
1356 2876 1466 2916 non
1512 2862 1795 2932 deceptor,
1823 2863 1977 2932 quia

400 2950 554 3003 vobis
585 2950 877 3005 crucifixus
914 2959 1035 3014 est;
1063 2966 1171 3004 non
1202 2952 1350 3005 enim
1392 2952 1730 3007 exstinctum
1771 2961 1854 3008 est
1884 2968 1984 3006 no-

401 3058 525 3105 men
552 3042 693 3110 ejus.
725 3058 827 3096 nec
872 3042 990 3111 ipsa
1020 3041 1142 3110 ejus
1171 3042 1440 3110 doctrina,
1470 3044 1603 3100 licet
1640 3044 1979 3114 spirantibus

400 3136 474 3189 ita
510 3144 847 3205 Opportune,
881 3144 1130 3202 tempore
1176 3136 1379 3197 ventis,
1430 3137 1719 3207 prteteriit,
1772 3136 1851 3191 uti
1906 3137 1974 3190 de

2076 1867 2241 1934 φαίαν
2272 1865 2567 1920 ἔστιλϐωσε
2607 1866 2729 1919 καθ’
2760 1866 2946 1934 ύμῶνς
2987 1862 3114 1935 'Ap’
3147 1864 3238 1917 οὖν
3270 1864 3466 1925 καύτός
3497 1866 3645 1916 ἐστιν

2073 1957 2278 2018 ἐκεῖνος
2310 1958 2336 2007 ὁ
2371 1956 2460 2008 διὰ
2492 1955 2588 2008 τοῦ
2641 1957 2921 2031 προφήτου
2969 1952 3139 2007 εἰπών
3164 1969 3176 1982 ·
3216 1971 3235 2003 ι
3276 1952 3497 2023 Ἰσραὴλ
3527 1954 3644 2013 ταῖς

2075 2049 2218 2111 ὁδοῖς
2258 2066 2359 2117 μου
2405 2048 2452 2099 εἰ
2491 2047 2785 2116 ἐπορεύθη,
2820 2048 2878 2099 ὲν
2926 2046 3003 2113 τῷ
3052 2045 3237 2113 μηδενὶ
3285 2043 3351 2097 ἂν
3397 2043 3523 2104 τοὺς
3551 2044 3645 2112 ὲχο

2077 2141 2242 2211 Οροίις
2292 2140 2457 2193 αὐτοῦ
2506 2141 2891 2203 ὲταπείνωσα;
2933 2157 2951 2190 ι
3005 2138 3127 2200 Πῶς
3177 2133 3270 2190 οὖν
3317 2135 3645 2203 ἀπεστράφη

2078 2231 2333 2285 τοσοῦτον
2364 2234 2548 2299 ὑμᾶς;
2580 2232 2700 2295 Πῶς
2732 2234 2831 2284 ούκ
2855 2232 3127 2283 εἰσακούει
3159 2230 3427 2297 δεομένων
3456 2228 3643 2297 ὑμῶν;

2080 2324 2204 2386 Πῶς
2244 2324 2405 2386 αὐτὸς
2440 2323 2531 2376 διά
2560 2323 2651 2376 τοῦ
2699 2324 2920 2374 Ἡσαῖου
2952 2322 3215 2389 ἐδήλωσεν
3241 2320 3410 2372 εἰπών
3431 2335 3443 2347 ⁸
3479 2338 3497 2371 ι
3519 2319 3647 2385 Ἐἀν

2078 2416 2358 2484 ὲκτείνητε
2409 2416 2506 2477 τάς
2561 2417 2753 2484 χεῖρας
2798 2412 2953 2482 ὑμῶν
3010 2413 3144 2482 πρός
3190 2429 3279 2480 με,
3319 2409 3648 2479 ἀποστρέψω

2077 2510 2205 2571 τοὺς
2234 2507 2546 2575 ὀφθαλμούς
2582 2524 2684 2577 μου
2718 2506 2810 2572 ἀφ’
2837 2505 2988 2574 ὑμῶν
3011 2521 3025 2535 ⁸
3062 2506 3118 2557 αἱ
3144 2505 3251 2571 γὰρ
3275 2506 3455 2572 χεῖρες
3492 2504 3646 2571 ὑμῶν

2079 2598 2310 2663 αἵματος
2340 2596 2567 2664 πλήρεις
2597 2612 2610 2661 ;
2644 2612 2662 2645 ι
2703 2594 2767 2646 Τί
2800 2593 2857 2646 δὲ
2885 2591 3043 2644 τοῦτό
3085 2594 3264 2657 tactv;
3298 2592 3415 2643 Οὐκ
3460 2592 3646 2660 ἀνέχο-

2084 2706 2203 2758 μαι,
2251 2688 2403 2753 φησὶ,
2463 2685 2717 2755 φιλόπαις
2766 2683 3025 2753 ὑπάρχων
3081 2681 3285 2750 πατὴρ,
3320 2682 3418 2742 τὰς
3461 2684 3647 2750 χεῖρας

2080 2777 2236 2846 ὑμῶν
2275 2778 2409 2846 ὁρᾷν
2444 2774 2768 2846 ᾑμαγμένας
2812 2773 2893 2844 τῷ
2938 2774 3134 2843 αἵματι
3185 2772 3281 2824 τοῦ
3322 2770 3645 2840 μονογενοῦς

2087 2886 2186 2938 μου
2233 2867 2381 2920 Υῐού.
2418 2866 2549 2928 Θεὸς
2581 2861 2648 2934 ἦν
2691 2863 2903 2932 ἀληθῶς
2949 2863 3045 2915 καὶ
3092 2862 3154 2915 οὐ
3210 2860 3412 2923 πλάνος
3456 2862 3483 2912 ὀ
3512 2859 3645 2927 παρ’

2081 2961 2234 3031 ὑμῶν
2260 2958 2612 3029 σταυρωθείς.
2647 2957 2739 3028 Μὴ
2773 2957 2883 3026 τάρ
2906 2955 3140 3024 ἐσϐέσθη
3169 2953 3230 3007 τὸ
3262 2953 3435 3020 ὄνομα
3458 2950 3644 3015 αὐτοῦ,

2080 3049 2396 3114 καὶταῦτα,
2441 3046 2711 3099 τοσούτων
2764 3044 2983 3113 ἀνέμων
3026 3043 3166 3096 κατὰ
3202 3038 3429 3110 καιροὺς
3482 3038 3644 3102 ἰδίους
3692 3114 3695 3115 ν

2077 3138 2430 3189 πνευσάντων
2456 3153 2469 3199 ;
2516 3133 2609 3203 Μὴ
2655 3132 2904 3201 παρῆλθε
2950 3131 3019 3184 τά
3045 3131 3141 3199 τῆς
3171 3128 3520 3190 διδασκαλίας
3550 3126 3645 3179 αύ-

400 3226 624 3282 Tbcuda
652 3228 741 3282 illo
770 3224 1164 3297 prmstigiatore
1197 3228 1452 3300 contigit,
1488 3236 1652 3300 atque
1686 3227 1825 3283 Juda
1860 3227 1971 3283 Ga-

2076 3223 2193 3289 τοῦ,
2218 3223 2474 3294 καθάπερ
2502 3223 2595 3275 ἐπὶ
2616 3221 2791 3291 Θευδᾷ
2821 3221 3017 3289 ἐκείνῳ
3045 3218 3122 3287 τῷ
3148 3218 3327 3287 γόητι,
3350 3215 3445 3269 καὶ
3472 3214 3646 3284 Ἰούδᾳ

464 3435 703 3506 (Il)Non
735 3437 904 3495 Judaei
930 3440 1125 3502 solum.
1153 3456 1340 3495 verum
1370 3455 1527 3509 quam
1557 3440 1773 3510 plurimi
1803 3440 1963 3495 etiam

395 3510 699 3577 eorunfqui
728 3512 1032 3565 reformatae
1065 3510 1311 3579 religioni
1345 3526 1539 3565 nomen
1562 3509 1771 3565 dedere
1798 3509 1963 3578 impie

394 3593 712 3646 oppugnare
763 3579 879 3632 ausi
917 3588 1047 3633 sunt
1096 3578 1257 3633 Lucae
1300 3579 1545 3635 divinum
1594 3580 1963 3634 testimonium

396 3648 766 3700 confirmantis
796 3648 1071 3703 Christum
1106 3659 1289 3702 natum
1331 3664 1451 3704 esse
1507 3665 1630 3702 cum
1682 3648 1735 3701 in
1780 3648 1965 3703 Iudam

399 3730 595 3787 census
620 3716 1027 3787 haberetur,iae
1057 3718 1268 3772 somnia
1295 3718 1524 3787 jactant,
1560 3727 1619 3771 ut
1649 3720 1828 3787 minus
1859 3718 1964 3772 diis

400 3783 581 3857 eliaris
618 3784 870 3857 illudant.
908 3786 968 3839 Ili
999 3788 1179 3857 itaque
1209 3796 1268 3839 ιιι
1296 3783 1466 3841 ’ῆιίοιιι
1494 3787 1665 3857 sancti
1717 3786 1960 3842 historici

403 3854 676 3926 inlirment
710 3854 940 3926 primum
973 3854 1139 3910 aiunt
1174 3856 1306 3910 falso
1341 3857 1515 3926 ipsum
1552 3856 1837 3924 scripsisse
1879 3858 1961 3909 ἴση

398 3932 540 3995 ctam
569 3921 767 3976 Iudaea:
790 3924 1207 3995 descriptionem
1252 3942 1280 3978 a
1323 3921 1565 3979 Romano
1597 3921 1863 3995 pricside;
1911 3926 1963 3980 id

402 3993 545 4049 enim
574 4008 850 4061 nunquam
880 3993 1095 4050 sivisset
1138 3996 1220 4048 sui
1250 3995 1388 4063 juris
1419 3993 1695 4064 impendio
1724 3994 1963 4049 Herodes

403 4073 532 4133 tunc
584 4064 843 4133 temporis
888 4065 1038 4133 regni
1094 4064 1334 4117 habenas
1379 4080 1473 4131 pro
1526 4080 1624 4118 suo
1676 4065 1964 4119 moderans

403 4130 920 4202 arbitratu.’Verum
954 4130 1091 4200 ‘quis
1134 4136 1202 4185 ita
1244 4134 1296 4185 in
1335 4130 1579 4202 historiis
1619 4134 1841 4200 jejunus
1873 4135 1962 4202 qui

405 4201 609 4255 nesciat
648 4215 757 4253 non
794 4216 912 4265 suo,
943 4202 1033 4255 sed
1059 4201 1404 4255 beneficiario
1443 4202 1565 4267 jure
1605 4217 1827 4268 regnum
1864 4201 1961 4257 Ju-

405 4273 531 4324 dtea:
557 4269 821 4322 Herodem
849 4270 1109 4333 tenuisse,
1130 4285 1250 4324 cum
1276 4286 1337 4323 ex
1371 4270 1618 4338 Appiano
1646 4270 1783 4337 ipso,
1814 4272 1907 4325 ιιι).
1936 4287 1964 4324 v

409 4341 483 4393 De
533 4339 673 4391 civil.
717 4339 1198 4404 belt.,noverimus
1255 4339 1547 4392 Antonium
1597 4339 1963 4393 Romanarum

405 4409 681 4477 copiarum
713 4409 906 4462 ducem
952 4424 1102 4478 rcges
1135 4409 1431 4478 permultos
1476 4409 1825 4478 appellavisse
1873 4409 1967 4471 οὒς

406 4478 771 4549 δοκιμάσειεν,
799 4480 890 4529 ἐπὶ
931 4479 1116 4548 φόροις
1138 4481 1244 4549 ἄρα
1269 4481 1639 4548 τεταγμένοις.
1671 4498 1690 4528 ι
1730 4478 1830 4533 Pro
1864 4495 1964 4534 suo

408 4549 671 4602 arbitratu
718 4548 999 4611 duntaxat,
1053 4549 1143 4611 qui
1187 4559 1392 4603 certum
1449 4550 1713 4601 tributum
1759 4549 1967 4616 pende-

410 4626 551 4678 rent,
598 4634 625 4686 γι
677 4617 728 4669 in
780 4618 977 4683 quibus
1022 4617 1195 4686 ipsum
1250 4618 1548 4671 Herodem?
1603 4619 1864 4671 Prrcterea
1916 4627 1970 4671 et

406 4702 565 4754 quem
596 4685 761 4739 latent
793 4685 1049 4740 Ilomanaé
1086 4688 1323 4756 vietorim
1353 4686 1650 4741 deVJudaeis
1692 4688 1799 4756 jam
1843 4698 1969 4741 ante

408 4756 611 4814 relatae,
644 4756 1069 4825 Pompeiumque
1121 4755 1492 4825 Hierosolyma
1541 4755 1805 4825 occupata
1828 4797 1841 4819 ,
1870 4758 1969 4810 Ju-

402 4825 547 4877 dzeos
579 4825 838 4894 Romana:
872 4827 1009 4894 reip.
1038 4826 1326 4894 vectigales
1352 4825 1569 4894 fecisse.
1607 4827 1682 4879 uti
1717 4842 1825 4894 prre
1861 4841 1968 4879 cae-

403 4905 535 4948 teris
573 4893 843 4961 Josephus
882 4893 995 4962 ipse
1030 4893 1126 4946 lib.
1166 4910 1201 4958 t,
1238 4895 1310 4945 De
1340 4893 1473 4946 bello
1518 4893 1745 4948 Iudaico
1796 4894 1969 4949 fusius

400 4964 679 5017 Osll‘ﬂdll?
707 4963 907 5033 Apvero
941 4962 1119 5031 itaque
1166 4962 1323 5033 longe
1352 4965 1608 5017 aberrant
1642 4966 1732 5032 qui
1784 4975 1841 5017 ut
1888 4966 1971 5016 vi-

405 5035 637 5085 deantur
669 5031 871 5083 nodum
902 5035 953 5084 in
1002 5034 1185 5099 scirpo
1214 5031 1455 5100 qurerere
1500 5031 1681 5087 inania
1712 5033 1972 5087 effutiunt

406 5112 464 5153 ut
510 5102 611 5155 sibi
643 5100 1040 5168 quodammodo
1088 5102 1267 5154 fucum
1314 5103 1535 5163 faciant,
1592 5118 1691 5157 nec
1725 5104 1973 5157 animad-

404 5180 679 5224 vertentes
697 5170 837 5237 quod
870 5171 1160 5239 aliquando
1188 5173 1346 5223 Κίων
1377 5174 1467 5241 ἐπὶ
1497 5172 1691 5241 δεσμά,
1717 5174 1791 5223 uti
1824 5173 1973 5227 Gum-

401 5256 589 5293 corum
613 5241 861 5307 adagium
894 5253 1098 5303 monet,
1125 5251 1359 5293 tenetur.
1386 5240 1493 5293 Nec
1517 5240 1759 5295 Bodinus
1788 5243 1967 5305 nobis,

400 5314 495 5362 lib.
534 5326 561 5361 v
596 5309 671 5363 De
714 5294 904 5361 ἇὸαᾶἰσ
948 5294 1123 5363 rerum
1151 5311 1447 5363 sublimium
1501 5313 1714 5363 arcanis
1748 5294 1970 5380 objieiat

400 5381 674 5433 neminem
709 5389 955 5433 coactum
1001 5380 1171 5433 fuisse
1202 5382 1459 5433 censendi
1504 5396 1668 5434 causa
1701 5383 1815 5435 loca
1850 5398 1971 5434 mu-

404 5459 538 5520 tare,
574 5451 819 5520 adeoque
848 5451 994 5504 omni
1039 5450 1226 5519 procul
1273 5449 1439 5503 dubio
1469 5450 1526 5503 S.
1569 5451 1887 5520 Iosephum.
1918 5463 1973 5504 et

399 5517 621 5571 Mariam
657 5519 879 5574 Matrem
907 5517 1111 5574 Christi
1148 5522 1251 5572 iter
1275 5533 1384 5572 non
1422 5517 1714 5588 arripuisse
1746 5532 1804 5574 ut
1826 5522 1972 5574 dicto

399 5587 628 5642 Caesaris
657 5599 930 5657 parerent,
966 5588 1421 5657 quemadmodum
1449 5587 1779 5654 evangelista
1808 5600 1971 5643 testa-

404 5666 527 5727 tur;
557 5673 789 5724 namque
832 5659 887 5710 in
938 5658 1198 5713 Romanis
1245 5658 1506 5711 censibus
1544 5660 1809 5727 professio
1852 5674 1971 5713 om-

405 5725 536 5777 nin'o
564 5732 715 5789 sequi
744 5728 932 5783 debuit
963 5727 1139 5784 locum
1180 5727 1425 5797 originis,
1454 5736 1511 5782 ut
1539 5725 1804 5797 colligitur
1831 5743 1897 5783 ex
1930 5730 1965 5782 I.

2072 3438 2265 3493 Forma
2294 3435 2320 3508 §
2348 3438 2383 3490 ‘2
2409 3435 2472 3508 D.
2499 3435 2579 3489 De
2606 3434 2859 3508 tensib_us,
2880 3441 2936 3487 et
2960 3446 3025 3486 ex
3051 3429 3300 3508 Illpiano,
3333 3427 3428 3508 lib.
3460 3441 3543 3508 ru,
3575 3428 3643 3508 de

2064 3496 2323 3562 censibus
2352 3507 2625 3578 scribente
2651 3524 2663 3559 :
2700 3522 2730 3578 t_
2766 3503 2818 3578 Is
2845 3496 2976 3556 vero
3005 3501 3095 3578 qui
3123 3496 3313 3578 agrum
3348 3498 3400 3578 in
3430 3496 3538 3578 alia
3567 3500 3646 3551 οἰο-

2062 3579 2229 3632 vitate
2277 3577 2459 3640 habet,
2490 3576 2547 3629 in
2580 3590 2643 3629 ea
2685 3573 2905 3626 civitate
2943 3568 3186 3639 profiteri
3211 3568 3401 3640 debet,
3438 3568 3635 3640 in_q_na

2061 3663 2189 3716 ager
2222 3657 2304 3701 est
2339 3661 2353 3695 :
2394 3635 2507 3715 agri
2535 3644 2692 3717 enitn_
2729 3635 3140 3717 tri_butuin_e_am
3174 3637 3449 3717 civitatem
3481 3635 3642 3716 debet

2063 3705 2266 3779 lEvare,
2301 3716 2356 3769 in
2380 3705 2536 3784 ctijus
2566 3710 3215 3784 territorioupossidetur;
3253 3725 3272 3758 ι
3310 3705 3634 3784 idqnesatis

2067 3774 2329 3840 astruitur
2387 3774 2699 3854 testimonio
2736 3774 2996 3854 Livii-lib.
3037 3792 3269 3854 axrym,
3296 3774 3546 3854 caprﬁji.
3583 3781 3639 3854 et

2069 3857 2161 3908 lib.
2199 3858 2327 3917 xui,
2356 3868 2475 3921 cap.
2506 3853 2559 3913 9,
2586 3850 2854 3921 narrantis
2883 3847 3095 3921 Valerio
3108 3845 3346 3921 _Me§sala
3397 3852 3452 3897 et
3481 3843 3635 3921 Livio

2071 3913 2376 3978 Salinatore
2402 3913 2546 3976 coss.
2577 3919 2884 3989 Campanos
2914 3933 2979 3972 ex
3008 3916 3067 3970 S.
3098 3916 3160 3970 Ο.
3203 3916 3389 3989 Romae
3418 3913 3631 3967 censeri

2068 4003 2285 4049 coactos
2314 3993 2499 4054 fuisse,
2533 4005 2654 4043 cum
2685 3986 2950 4043 incertum
2991 3995 3137 4041 esset
3168 3986 3260 4039 ubi
3307 3991 3463 4036 antea
3506 3997 3638 4054 c_e_n-

2069 4073 2352 4124 serantur;
2388 4050 2551 4129 atque
2579 4059 2705 4129 item
2726 4057 2789 4129 β.
2818 4056 3023 4129 Popilio
3050 4056 3285 4112 Laenate.
3317 4064 3372 4129 et
3397 4054 3459 4129 Ρ.
3490 4050 3636 4129 Allia
3688 4086 3691 4087 ν

2071 4133 2268 4201 Ligure
2302 4121 2595 4203 coss.'t_:t_tm
2618 4128 2683 4194 ρ.
2704 4121 2925 4203 Fulvius
2951 4124 3196 4189 Flaccus,
3236 4122 3489 4203 et_Aulus
3533 4121 3636 4203 Po-

2068 4193 2343 4265 stli'tunius
2378 4199 2603 4253 Albidus
2627 4193 2883 4253 censores
2913 4195 3142 4250 lustrum
3170 4193 3505 4265 conderent,
3537 4193 3637 4265 u_ni-

2074 4261 2260 4325 norem
2309 4270 2585 4338 aliquanto
2620 4268 2890 4323 invenisse
2936 4279 3223 4338 numerum
3248 4302 3263 4326 ,
3301 4280 3326 4338 ι
3372 4262 3499 4338 quia
3536 4261 3637 4314 Po-

2075 4341 2345 4394 sthumius
2372 4332 2487 4393 eos.
2522 4352 2617 4405 pro
2650 4338 2911 4405 concione
2943 4335 3206 4405 editerat,
3239 4332 3328 4401 qui
3355 4332 3635 4405 sociorum

2075 4408 2250 4462 Latini
2288 4401 2612 4462 nominis—'ex
2643 4409 2825 4461 edicto
2865 4404 3076 4459 Claudii
3110 4402 3341 4456 Cassaris
3379 4401 3559 4453 redire
3582 4401 3635 4451 in

2000 4464 2045 4520 ί)
2073 4480 2327 4534 civitates
2377 4493 2506 4531 suas
2541 4477 2872 4535 debuissent.
2919 4489 2987 4527 ne
3024 4473 3147 4541 quis
3179 4485 3364 4525 eorum
3418 4469 3637 4541 Reme,

2072 4550 2163 4603 sed
2186 4564 2387 4601 munes
2418 4549 2469 4599 in
2500 4546 2810 4600 civitatibus
2836 4543 2946 4597 suis
2975 4539 3347 4597 censerentur.
3389 4557 3408 4590 ι
3453 4539 3633 4592 Blate-

2071 4629 2193 4671 rant
2241 4620 2406 4687 igitur
2439 4626 2491 4669 et
2537 4617 2813 4687 somniant
2841 4614 2932 4682 qui
2978 4613 3099 4666 luce
3132 4611 3359 4687 clariora
3396 4608 3636 4687 tenebris

2070 4679 2339 4758 conantur
2385 4687 2567 4758 inepte
2608 4679 2929 4758 effundere;
2974 4696 3174 4758 census
3202 4680 3348 4758 enim
3401 4679 3634 4758 Re_mani

2071 4757 2281 4827 imperii
2329 4747 2546 4809 habitos
2573 4770 2695 4809 esse
2739 4757 2805 4807 ab
2835 4754 3078 4821 Augusto
3111 4748 3409 4827 Suetonius
3459 4747 3637 4827 Τερει-

2070 4819 2241 4895 latque
2273 4826 2566 4895 Ancyrana:
2595 4832 2897 4895 testantur;
2922 4819 3237 4895 testaturjn
3266 4819 3371 4872 hoc
3400 4819 3637 4895 indubia!

2069 4887 2202 4949 sane
2228 4896 2349 4950 ﬁdei
2378 4887 2669 4963 Iosephus,
2698 4894 2878 4963 Autiq.
2904 4891 3119 4944 Judaic.
3140 4890 3413 4963 Iib._xvtt_t,
3432 4902 3559 4963 cap.
3584 4887 3636 4963 ι,

2070 4966 2161 5018 ubi
2194 4966 2269 5018 ait
2303 4979 2317 5016 :
2354 4956 2623 5032 Κυρήνιος
2656 4956 2716 5015 δὲ
2738 4956 3075 5032 ὲπὶίΣυρίας
3123 4959 3306 5032 παρῆ-ν
3352 4957 3459 5032 imo
3501 4956 3637 5032 Καίς

2074 5049 2260 5105 σαρος,
2294 5025 2633 5105 cumbam;
2674 5032 2767 5084 τοῦ
2815 5025 3002 5105 ἔθνους
3056 5025 3487 5105 ἀπεσταλμένος,
3544 5025 3638 5078 καὶ

2069 5120 2119 5155 τι
2129 5096 2303 5173 ρζητὴς
2330 5104 2437 5155 τῶν
2465 5096 2665 5173 οὐσιῶν
2689 5104 3078 5173 γενησόμενος.
3104 5096 3637 5173 gCyreniusinterea

2071 5188 2099 5225 a
2130 5166 2354 5227 Caesare
2385 5174 2438 5225 in
2468 5171 2678 5241 Syriam
2702 5166 2973 5241 'mit'titur,
3011 5183 3071 5222 ut
3096 5169 3219 5237 jura
3268 5166 3483 5241 populis
3505 5166 3637 5241 red-

2071 5244 2244 5301 deret.
2276 5236 2669 5309 facultatesque
2701 5240 2942 5293 omnium
2978 5236 3281 5298 censeret,i
3311 5236 3479 5309 idque
3505 5236 3640 5287 Deus

2072 5313 2186 5383 fieri
2220 5314 2408 5383 volu.t,
2447 5327 2517 5365 ne
2548 5306 2614 5365 de
2647 5309 3369 5383 Servatorisainiversorum
3403 5306 3640 5383 adventu
3682 5342 3685 5345 ς

2072 5380 2463 5452 ambigeretur,
2493 5382 2611 5448 ejus
2658 5380 2713 5434 in
2754 5377 3043 5452 censuales
3094 5375 3329 5452 tabulas,
3377 5383 3435 5452 u_t
3479 5375 3643 5452 moris

2071 5443 2305 5514 erat,'in
2362 5443 2637 5517 publicum
2689 5451 2855 5504 relato
2898 5448 3143 5510 nomine,
3178 5456 3237 5499 ut
3285 5444 3344 5517 S,
3396 5443 3643 5517 Justinus

2070 5532 2295 5592 martyr,
2340 5515 2710 5574 Tertullianus
2766 5531 2833 5592 et
2863 5519 3289 5592 Chrysostomus
3328 5515 3641 5592 innuernnt.

2070 5585 2229 5661 Plura
2256 5592 2324 5645 de
2355 5592 2467 5661 hoc,
2513 5605 2681 5643 censu
2722 5598 2777 5644 et
2804 5590 2871 5661 de
2897 5585 3152 5661 censendi
3189 5587 3294 5661 ritu
3324 5585 3447 5639 vide
3479 5595 3643 5661 Pelles

2074 5660 2351 5783 Daniegem
2426 5660 2679 5715 Iluetium
2712 5702 2726 5727 ,
2797 5657 3269 5723 Demonstrationis
3336 5650 3646 5724 evangelica:

2074 5747 2192 5783 can.
2264 5766 2279 5783 .

2071 5747 2192 5799 cap.
2227 5747 2279 5783 θ.
