4058 6196
436 219 542 283 859

1706 204 2127 267 MICHAELlS
2165 198 2421 264 Ου’οΕ

3578 203 3680 271 860

433 331 670 407 jusmodi
702 327 967 385 mirabilia
999 325 1234 400 patravit
1269 325 1291 379 ?
1329 325 1463 393 Quis
1495 323 1705 379 validos
1734 322 1858 377 illos
1892 321 2010 376 red-

2125 320 2359 390 γυμνοὺς
2396 316 2492 372 καὶ
2524 315 2761 388 ἀπόρους
2801 318 2960 381 ὄντας
3012 318 3191 372 πᾶσαν
3219 318 3315 389 τὴν
3364 317 3680 391 οἰκουμένην

438 432 594 487 deus,
624 420 716 491 qui
752 419 945 490 quavis
976 433 1033 472 re
1063 416 1307 471 destituti
1340 425 1533 480 erant,
1566 423 1622 468 et
1647 413 1859 467 consilii
1894 412 2013 465 iuo-

439 530 555 583 pes,
596 528 815 567 omnem
868 519 1068 564 terram
1117 508 1427 561 discurrere
1476 504 1649 569 dedit,
1699 513 1753 558 et
1783 502 2013 557 cumlo-

437 604 641 672 quendi
672 602 926 656 libertate
967 597 1226 652 nuntiare
1255 594 1656 666 Evangeliunt?
1693 592 1911 663 Optime
1944 591 2011 645 de

442 698 507 747 iis
557 695 768 747 locutus
813 698 898 745 est
942 689 1320 744 divinissimus
1368 687 1581 741 lsaias:
1628 703 1646 736 ι
1680 685 1852 750 Quam
1884 697 2013 752 spe-

438 786 575 839 ciosi
633 784 800 854 pedes
859 782 1306 836 annuntiantium
1363 780 1589 849 pacem!
1639 795 1658 828 ι
1708 774 1809 842 Qui
1862 775 2009 828 enim

438 884 623 931 essent
653 875 743 929 alii
781 874 983 943 ubique
1007 888 1194 942 pacem
1220 874 1638 934 annntttiantes,
1658 877 1715 924 et
1735 868 2011 922 nationem

438 980 713 1034 quamque
746 965 799 1017 in
838 978 1002 1018 unam
1038 962 1198 1016 tidem
1249 961 1609 1030 captivantes,
1662 957 1768 1012 nisi
1814 957 2015 1024 ubique

440 1065 723 1111 currentes
769 1056 1014 1109 dicamus
1063 1052 1363 1122 apostolos,
1404 1064 1638 1120 quorum
1668 1047 1855 1118 .pedcs
1886 1060 2016 1115 spe-

440 1147 574 1199 ciosi
619 1160 682 1198 ac
728 1144 884 1199 valde
931 1142 1180 1212 pulchri?
1214 1141 1370 1210 Ipsos
1418 1141 1562 1193 enim
1600 1137 1837 1207 propriis
1885 1136 2018 1188 lavit

443 1237 695 1290 manibus
742 1235 1040 1297 Dominus,
1073 1241 1291 1304 paratos
1331 1232 1540 1287 faciens
1569 1231 1635 1285 ad
1669 1227 2015 1299 praedicatio-

442 1344 591 1381 nem.
623 1326 748 1386 Dic.
795 1327 921 1394 quis
951 1340 1048 1394 per
1084 1339 1201 1389 eos,
1232 1332 1445 1377 veteres
1480 1335 1672 1376 omnes
1705 1316 2015 1373 sanctiﬁca-

445 1422 622 1474 tioues
657 1433 874 1472 cessare
906 1417 1055 1480 fecit,
1089 1430 1362 1484 unamque
1409 1414 1647 1467 ﬁrmavit
1676 1412 1730 1466 in
1763 1410 2018 1465 omnibus

444 1510 662 1579 populis
696 1508 1066 1578 evangelicam
1100 1507 1308 1577 legem?
1357 1504 1548 1559 Nonne
1600 1503 1757 1557 l‘ortis
1793 1501 1847 1555 in
1875 1498 2017 1554 bello

442 1604 697 1658 Christus
734 1603 848 1656 lttec
895 1601 1076 1654 omnia
1118 1613 1380 1669 prospere
1418 1596 1626 1667 gessit?
1659 1594 1847 1662 Neque
1898 1606 2017 1645 mea

2113 412 2458 481 διαδραμεῖν,
2487 411 2580 462 καὶ
2614 410 2755 479 μετά
2800 410 3120 480 παρῤησίας
3150 410 3385 480 κηρύξαι
3411 410 3472 464 τδ
3501 411 3678 479 Εὐαγ-

2113 503 2318 571 γέλιονς
2338 500 2535 562 Καλῶς
2557 498 2708 567 ἔλεγε
2737 516 2800 550 πε
2810 501 2864 569 pi.
2885 500 3063 552 αὐτῶν
3084 502 3112 552 ό
3133 500 3406 561 Θειότατος
3433 499 3679 561 Ἠσαῖαςσ

2122 612 2140 645 ι
2183 594 2271 655 '0;
2302 593 2497 661 ὡραῖοι
2522 591 2572 643 οἱ
2607 592 2768 653 πόδες
2812 591 2966 660 ὑμῶν
3017 590 3125 643 τῶν
3180 590 3683 661 εὐαγγελιζομένων

2114 684 2379 753 εἰρήνηνι
2422 701 2440 733 ι
2477 682 2634 745 Τίνες
2663 681 2772 752 γὰρ
2799 677 2907 734 εἷεν
2939 681 3117 750 ἕτεροι
3150 682 3200 733 οἱ
3224 679 3499 750 πανταχοῦ
3532 680 3687 750 είρήο

2116 792 2211 843 νην
2243 772 2752 840 εὐαγγελιζόμενοι,
2786 772 2880 824 καὶ
2920 772 2989 824 τά
3032 770 3162 840 ἔθνη
3214 771 3392 824 πάντα
3437 772 3518 833 είς
3556 770 3686 839 μίαν

2116 864 2301 917 πίστιν
2336 861 2687 923 ἑλκύσαντες,
2741 862 2790 912 εί
2847 859 2983 928 μήτε
3036 858 3165 921 τοὺς
3216 856 3529 926 ἁπανταχοῦ
3557 856 3689 926 δρα-

2120 954 2321 1023 μόντας
2367 952 2617 1018 εἴποιμεν
2647 950 3000 1013 ἀποστόλους,
3057 944 3133 1001 ὧν
3177 949 3226 1002 οἱ
3278 950 3437 1009 πόδες
3488 947 3687 1013 ὡραῖοι

2128 1045 2223 1099 καὶ
2249 1034 2455 1112 σφόδρα
2489 1040 2866 1111 περικαλλεῖς;
2900 1039 3089 1104 Ἔνιψε
3115 1041 3217 1110 γὰρ
3250 1040 3445 1101 αὐτοὺς
3461 1038 3693 1101 οἰκείαις

2117 1133 2308 1203 χερσὶν
2338 1131 2365 1183 ό
2398 1114 2624 1197 Κύριος,
2672 1123 2921 1195 ἑτοίμους
2956 1122 3127 1179 ποιῶν
3163 1127 3244 1187 είς
3295 1126 3355 1179 τὸ
3402 1126 3689 1197 κήρυγμα.

2120 1223 2284 1291 Λέγε,
2312 1219 2396 1283 τίς
2424 1216 2458 1272 ό
2491 1216 2557 1272 δι’
2588 1216 2770 1272 αὐτῶν
2818 1216 3000 1280 πάσας
3034 1213 3133 1286 μὲν
3159 1207 3379 1280 τελετὰς
3408 1216 3692 1287 καταργή-

2120 1332 2242 1380 σας,
2278 1312 2447 1382 μόνην
2474 1310 2531 1364 δὲ
2559 1311 2846 1381 κρατήσας
2876 1310 2976 1379 τὴν
3014 1308 3379 1379 εὐαγγελικήν
3411 1304 3692 1361 πολιτείαν

2118 1409 2178 1460 ὲν
2211 1402 2451 1469 armatu;
2499 1401 2558 1456 Ὀ
2589 1401 2851 1473 κραταιὸς
2877 1401 2936 1453 έν
2968 1400 3228 1470 πολέμοις
3254 1392 3496 1469 Χριστὸς
3513 1399 3693 1453 ταῦτα

2121 1493 2473 1563 κατώρθωσε.
2503 1492 2613 1546 Καὶ
2636 1491 2737 1546 οὐκ
2762 1491 2871 1560 ὲμά
2897 1491 2962 1544 τὰ
2991 1490 3212 1561 ῥήματα
3234 1505 3249 1520 ·
3282 1488 3375 1542 τοῦ
3404 1488 3693 1559 προφήτου

2133 1587 2312 1657 ’Λμὼς
2358 1585 2524 1641 ἄκουε
2561 1584 2847 1652 λέγοντοςδ
2888 1601 2907 1634 ι
2938 1577 3050 1637 Καὶ
3096 1578 3220 1634 εἷπε
3254 1582 3282 1633 ό
3319 1572 3523 1651 Κύριος
3550 1581 3695 1652 πρός

443 1709 575 1747 sane
607 1694 722 1747 haec
752 1693 911 1746 verba
945 1690 1107 1755 sunt;
1153 1691 1263 1744 imo
1304 1690 1481 1758 ipsum
1514 1687 1640 1741 audi
1691 1685 2016 1755 prophetam

2127 1697 2194 1751 με
2224 1696 2237 1711 °
2287 1674 2419 1733 Ἰδοὺ
2454 1673 2567 1747 ἐγὼ
2589 1676 2833 1733 ὲντάσσω
2854 1674 3137 1746 ἀδάμαντα
3169 1670 3226 1728 ἐν
3258 1675 3409 1745 μέσῳ
3432 1673 3527 1727 τοῦ
3557 1673 3692 1727 λαοῦ

445 1789 611 1840 Amos
643 1786 912 1839 dicentem
959 1800 973 1836 :
1033 1802 1051 1833 ι
1101 1782 1167 1836 Et
1204 1782 1280 1835 ait
1312 1781 1577 1835 Dominus
1609 1778 1675 1833 ad
1707 1793 1795 1832 me
1829 1792 1843 1827 :
1876 1776 2015 1831 Ecce

444 1895 547 1944 ego
605 1879 876 1947 deponam
913 1875 1127 1930 trullam
1178 1874 1289 1944 (14)
1346 1874 1397 1925 in
1445 1872 1627 1926 medio
1682 1869 1862 1939 populi
1910 1866 2017 1921 mei

446 1969 647 2033 Israel;
681 1985 789 2022 non
820 1966 1072 2036 adjiciam
1106 1967 1243 2019 ultra
1285 1965 1719 2034 superinducere
1747 1963 1890 2030 [eum
1916 2000 1931 2023 ,
1964 1966 2020 2012 et

444 2060 813 2114 demolientur
844 2058 1035 2112 altaria
1070 2058 1233 2122 risus,
1270 2064 1325 2110 et
1355 2054 1817 2109 sanctiﬁcationes
1851 2049 2020 2103 Israel

444 2150 863 2205 desolalzuntur.
899 2167 917 2200 ι
953 2148 1093 2213 Quid
1142 2148 1249 2200 hoc
1296 2143 1628 2213 dilucidius?
1675 2140 1879 2197 Altaria
1930 2139 2023 2192 de-

447 2251 653 2295 structa
682 2241 953 2301 videmus,
988 2236 1453 2292 sanctiﬁcationes
1486 2235 1649 2289 Israel
1696 2236 1751 2287 in
1797 2233 2021 2288 desola-

449 2337 657 2388 tionem
708 2332 978 2385 redactas.
1006 2329 1181 2395 Quem
1233 2328 1468 2397 denique
1514 2327 1679 2380 alium
1729 2340 2022 2381 noscamus

447 2434 668 2492 oportet
701 2423 879 2476 trullw
904 2424 1127 2476 nomine
1150 2421 1518 2491 designatum,
1547 2419 1651 2473 nisi
1684 2419 1911 2473 omnino
1940 2418 2025 2472 in-

450 2517 695 2572 vincihili
728 2515 774 2570 vi
807 2514 1093 2584 praeditum
1116 2511 1434 2565 Christum?
1457 2510 1571 2565 Suo
1595 2511 1740 2565 enim
1761 2510 2019 2574 adventu,

449 2617 506 2660 ct
540 2606 732 2659 altaria
754 2644 769 2667 ,
800 2612 856 2658 et
888 2601 1355 2656 sanctiﬁcationes
1386 2600 1550 2654 Israel
1584 2600 1845 2669 dispersae
1875 2607 2022 2652 sunt.

448 2697 668 2764 Optime
699 2709 829 2749 vero
873 2692 1162 2747 Christum
1212 2690 1426 2745 vocavit
1461 2690 1727 2758 pr0pltcta
1760 2689 2026 2743 adaman-

452 2798 601 2851 tem;
635 2795 839 2855 quanta
864 2783 1008 2838 enim
1038 2791 1095 2837 et
1136 2782 1317 2852 qualia
1350 2781 1645 2835 machinati
1674 2788 1805 2835 sunt
1834 2789 2024 2835 contra

452 2872 628 2941 ipsum
682 2886 859 2941 reges,
909 2870 1077 2925 duces
1133 2880 1191 2924 et
1247 2870 1502 2947 tyranni?
1544 2883 1768 2939 operam
1839 2878 2025 2923 tamen

430 2965 827 3034 'pcrdidorunt;
857 2964 1061 3018 etenim
1094 2963 1147 3016 in
1176 2962 1453 3018 Christum
1484 2960 1649 3017 veluti
1678 2961 2023 3016 adantantem

455 3057 820 3125 impingentes
842 3095 855 3117 ,
892 3054 1115 3108 invalidi
1143 3068 1337 3108 omnes
1374 3061 1501 3109 sunt
1536 3051 1907 3121 deprehensi;
1942 3062 2026 3105 at-

453 3164 560 3214 que
588 3163 651 3199 ex
687 3147 790 3199 hoc
822 3147 990 3199 multo
1016 3145 1187 3215 magis
1212 3144 1379 3198 etiam
1412 3152 1597 3197 nostra
1622 3143 1800 3196 elucet
1832 3142 2030 3210 praedi-

454 3237 617 3290 catio.
660 3236 852 3289 Nonne
882 3221 1013 3308 [ais]
1040 3249 1232 3289 revera
1262 3234 1416 3288 vides
1446 3233 1684 3296 Judaeos,
1716 3231 2026 3302 Ethiopas,

459 3328 763 3382 Ismaelitas
810 3343 842 3381 a
882 3343 978 3381 sua
1028 3329 1273 3395 ipsorum
1322 3326 1588 3396 religione
1616 3325 1932 3379 deﬁcientes
1959 3325 2027 3379 ad

457 3418 735 3471 Christum
768 3417 1042 3470 transire?
1070 3416 1214 3483 Quid
1244 3415 1381 3470 dicis
1412 3418 1479 3470 ad
1503 3417 1653 3470 haec?
1682 3416 1817 3471 Cum
1845 3425 2029 3471 essent

460 3510 615 3564 valde
643 3508 1107 3576 contemptibiles,
1146 3522 1435 3579 pauperes,
1487 3506 1736 3577 perplexi
1763 3546 1793 3576 ,,
1826 3507 2030 3562 divitiis

456 3600 677 3654 obviam
720 3609 1123 3665 processerunt.
1173 3598 1457 3652 Assentior
1499 3597 1849 3667 explicationi
1902 3606 2023 3652 tuae.

460 3689 659 3743 Verum
688 3690 957 3757 quomodo
990 3689 1223 3758 apostoli
1251 3688 1516 3742 mundum
1548 3686 1863 3741 universum
1892 3702 2028 3743 con-

402 3826 403 3829 η
460 3787 765 3839 verterunt,
817 3788 872 3833 et
920 3794 1028 3848 qua
1081 3777 1327 3833 ratione?
1357 3776 1571 3847 generis
1599 3776 1905 3843 nobilitate,
1934 3792 2031 3847 po-

461 3868 656 3935 tentia,
681 3870 951 3939 sapientia
981 3869 1115 3940 (15),
1144 3868 1499 3940 persuasione
1521 3867 1811 3932 sermonis,
1835 3866 2028 3938 gloria,

2122 1788 2224 1840 μου
2270 1770 2521 1840 Ἰσραήλ·
2555 1767 2737 1822 οὐκέτι
2767 1767 2843 1837 μὴ
2874 1767 3095 1835 προσθῶ
3140 1758 3233 1819 τοῦ
3272 1766 3564 1835 παρελθεῖν
3591 1766 3695 1819 αὐο

2120 1862 2236 1925 τὸν,
2259 1862 2353 1914 καὶ
2389 1858 2855 1929 ἀφανισθήσονται
2885 1859 2932 1911 οί
2979 1849 3155 1928 βωμοὶ
3179 1857 3273 1909 τοῦ
3314 1857 3573 1925 γέλωτος,
3597 1859 3697 1911 καὶ

2120 1952 2175 2002 αἱ
2203 1949 2417 2002 τελεταὶ
2442 1945 2536 2000 τοῦ
2576 1946 2795 2017 Ἰσραὴλ
2838 1943 3315 2015 ἑρημωθήσονται.
3345 1962 3364 1996 ι
3403 1943 3471 1998 Τί
3500 1944 3695 1997 τούτου

2122 2040 2495 2108 σαφὲστερονς
2532 2035 2672 2095 Τοὺς
2722 2035 2942 2105 βωμοὺς
2998 2034 3393 2102 ἀφανισθέντας
3448 2034 3694 2104 ὁρῶμεν,

2122 2128 2217 2189 τὰς
2249 2126 2471 2198 τελετὰς
2501 2124 2596 2178 τοῦ
2638 2125 2858 2195 Ἰσραὴλ
2882 2122 3282 2195 ἐρημωθείσας.
3321 2120 3458 2177 Τίνα
3504 2124 3696 2177 λοιπὸν

2123 2219 2228 2289 χρή
2262 2222 2400 2271 νοεῖν
2438 2216 2751 2287 ἀδάμαντα,
2779 2215 2813 2285 ἢ
2864 2217 3085 2278 πάντως
3121 2215 3212 2269 τὸν
3257 2216 3472 2285 ἄμαχον
3500 2213 3699 2285 ἔχοντα

2122 2308 2221 2377 τὴν
2257 2307 2412 2377 ἰσχὺν
2449 2306 2722 2375 Χριστόν;
2755 2304 2834 2375 Τῇ
2882 2304 2990 2371 γὰρ
3030 2302 3199 2358 αὑτοῦ
3248 2301 3527 2374 παρουσίᾳ
3550 2302 3605 2354 οῖ
3634 2318 3699 2354 τε

2127 2398 2323 2470 βωμοὶ,
2356 2396 2454 2452 καὶ
2483 2398 2539 2449 αἱ
2567 2397 2786 2450 τελεταὶ
2812 2395 2907 2449 τοῦ
2950 2396 3171 2465 Ἰσραήλ
3212 2394 3551 2448 ἀπώλλυντο.
3582 2395 3703 2448 Kc.

2124 2492 2231 2556 λῶς
2262 2492 2317 2545 δὲ
2348 2491 2438 2544 τὸν
2461 2489 2697 2561 Χριστὸν
2721 2488 2978 2542 ὲκάλεσεν
3001 2491 3029 2541 ό
3054 2489 3339 2558 προφήτης
3369 2486 3699 2555 ἀδάμανταο

2124 2587 2225 2640 ὅσα
2263 2584 2369 2653 γὰρ
2398 2583 2815 2653 ἐμηχανήσαντο
2843 2579 2963 2634 κατ’
2992 2577 3156 2631 αὐτοῦ
3186 2578 3277 2630 καὶ
3311 2570 3400 2630 οἷα
3427 2576 3697 2646 βασιλεῖς,

2127 2676 2520 2748 ήγεμόνες,καὶ
2547 2674 2803 2744 τύραννοι
2825 2688 2841 2739 ;
2866 2670 3003 2723 Ἀλλ’
3032 2668 3345 2738 ἐσφάλησαν
3366 2667 3460 2721 τοῦ
3489 2667 3697 2721 κόπου·

2126 2768 2203 2831 ὡς
2255 2766 2366 2836 γὰρ
2415 2766 2684 2831 ἀδάμαντι
2737 2762 2812 2833 τῷ
2873 2760 3092 2833 Χριστῷ
3144 2758 3565 2830 προσϐαλόντες,
3602 2760 3701 2813 ἀνα

2131 2860 2343 2931 ίσχυροι
2399 2859 2602 2919 πάντες
2630 2855 2962 2926 ἠλέχθησαν.
3016 2854 3117 2907 Διά
3157 2870 3240 2905 τοι
3288 2850 3449 2905 τοῦτο
3479 2852 3577 2905 καὶ
3608 2852 3703 2905 ἐπὶ

2131 2953 2292 3005 πλέον
2319 2948 2696 3020 λαμπρύνεται
2719 2947 2777 2999 τὸ
2800 2945 3068 3016 ἡμέτερον
3094 2947 3377 3016 κήρυγμα.
3397 2943 3512 3014 Οὐχ
3563 2944 3702 3012 ὁρᾷς

2142 3040 2451 3103 Ἰουδαίους,
2502 3036 2789 3102 Αἰθίοπας,
2841 3034 3193 3107 Ἰσμαηλίτας
3246 3040 3343 3109 τῆς
3399 3037 3704 3109 Θρησκείας

2127 3132 2310 3188 αὐτῶν
2350 3131 2771 3201 ἀποπηδῶντας,
2813 3132 2909 3182 καὶ
2953 3129 3031 3198 τῷ
3066 3129 3289 3200 Χριστῷ
3321 3130 3703 3198 προσερχομέ-

2127 3242 2255 3289 νους
2281 3243 2299 3292 ;
2326 3223 2396 3278 Τί
2429 3223 2567 3293 πρὸς
2593 3222 2766 3275 ταῦτα
2809 3221 2948 3292 φῄ;;
2992 3220 3255 3290 Ἐπείπερ
3299 3220 3438 3272 εἰσὶν
3471 3219 3699 3297 εὐκατατ

2132 3318 2413 3387 φρόνητοι,
2447 3316 2697 3385 πένητες,
2731 3314 2949 3385 ἄποροι,
2984 3314 3096 3375 τοῖς
3129 3313 3402 3384 χρήμασιν
3429 3309 3707 3380 ὕπήντηνι

2128 3424 2240 3462 ται.
2272 3406 2512 3475 Δέχομαι
2546 3405 2644 3475 τὴν
2678 3405 3050 3476 παραγραφήν
3086 3420 3201 3458 σου.
3236 3404 3360 3467 Πῶς
3394 3403 3453 3456 δὲ
3479 3404 3531 3457 oi
3563 3403 3705 3455 ἀπό·

2133 3497 2312 3551 στόλοι
2358 3496 2453 3548 τὸν
2504 3496 2710 3566 κόσμον
2753 3497 3128 3565 ὲσαγήνευσαν
3183 3495 3398 3550 ἅπαντα
3444 3498 3540 3549 καὶ
3598 3496 3707 3549 τίνι

2132 3591 2363 3661 τρόπῳ;
2413 3589 2697 3660 εὐγενείᾳ,
2749 3589 3070 3661 δυναστείᾳ,
3121 3590 3320 3660 σοφίᾳ,
3378 3586 3704 3660 πιθανότητι

2133 3683 2316 3750 λόγου,
2356 3681 2505 3753 δόξῃ,
2550 3682 2785 3750 πλούτῳ,
2829 3683 3153 3753 χρήμασιν;
3200 3682 3315 3736 Οὐκ
3345 3677 3414 3753 ἦν
3457 3683 3707 3736 τοιοῦτον

2134 3775 2287 3829 οὐδὲν
2315 3774 2446 3845 παρ’
2475 3774 2660 3837 αὐτοῖς
2688 3790 2703 3804 ο
2736 3774 2872 3828 ἀλλά
2916 3773 3115 3845 γυμνοὶ
3150 3776 3252 3847 μζν
3273 3769 3414 3845 ἦσαν
3443 3775 3539 3829 καὶ
3564 3772 3706 3828 ἀπο·

2138 3884 2244 3941 ροι,
2276 3867 2444 3938 μόνην
2471 3866 2527 3920 δὲ
2558 3868 2921 3939 ἠμφιεσμένοι
2952 3867 3052 3938 τὴν
3080 3867 3177 3921 τοῦ
3203 3866 3517 3938 Πνεὺματος
3543 3866 3709 3920 66w:-

533 4071 643 4140 (Η)
676 4069 752 4145 Ita
786 4084 1011 4145 prorsus
1035 4066 1517 4145 Vulgatakquique
1540 4082 1656 4145 eam
1682 4050 1853 4123 secuti
1885 4076 2015 4145 sunt
2119 4044 2265 4141 ginta
2314 4084 2443 4145 vero
2475 4070 2828 4143 interpretes,
2850 4072 3048 4145 quibus
3083 4072 3325 4127 adhaeret
3351 4081 3539 4129 noster
3574 4072 3707 4145 Gly-

461 4138 562 4211 pro
600 4141 763 4195 trulla
788 4138 1751 4211 iustrutneututuilluditttelligunt,
1790 4152 1899 4211 quo
1933 4138 2015 4189 l'a-

464 4207 545 4267 bri
606 4209 865 4273 murarii,
920 4209 1159 4263 tectoriis
1212 4207 1447 4261 linendis
1497 4208 2021 4276 complanandisque

461 4283 705 4335 delutare
727 4282 926 4339 solent,
952 4288 1009 4331 ut
1033 4295 1137 4331 non
1158 4280 1356 4341 solum,
1382 4279 1458 4329 ait
1494 4275 1660 4329 Henr.
1686 4278 2020 4343 Stepltatms,

464 4354 702 4421 parietes
756 4348 1212 4421 pulchritudinem
1253 4346 1555 4421 accipiant,
1598 4348 1691 4399 sed
1722 4358 1777 4421 et
1809 4346 2025 4421 fortitu-

463 4416 645 4473 dinem
694 4416 884 4473 contra
952 4417 1203 4483 iujuriam
1266 4416 1516 4468 itttbriuut
1562 4425 1620 4469 'et
1664 4416 2022 4469 creberrimas

468 4498 844 4558 tempestates;
876 4504 939 4542 ac
970 4488 1012 4538 si
1053 4490 1191 4558 Deus
1218 4486 1428 4558 diceret
1460 4485 2018 4558 _:depmtantomuetu

466 4555 651 4611 mnam
692 4558 893 4611 Iinendi
936 4571 1120 4610 tnuros
1168 4555 1398 4617 Israelis,
1431 4555 1711 4621 sinumque
1746 4555 1867 4607 illos
1902 4555 2023 4606 fun-

466 4630 611 4681 ditus
645 4644 921 4689 corruere,
955 4635 1014 4678 ιιι
1055 4626 1432 4693 Hieronymus,
1465 4624 1765 4693 lletuigius,
1796 4622 2020 4693 Hayuto,

468 4697 641 4768 llugo,
666 4708 722 4768 et
767 4698 856 4750 alii
889 4692 1493 4768 senserunt._l.yr_attus_
1516 4710 1663 4756 vero,
1689 4696 1804 4768 ct.~_i_
1823 4692 2022 4768 Vulga-

470 4762 582 4820 ιειιιῖ
618 4777 672 4820 et
702 4767 814 4835 ipse
844 4774 1103 4826 sectetur,
1142 4762 1523 4815 animadvertit
1558 4772 1736 4815 tamen
1769 4762 2021 4835 Hebraeos

466 4837 647 4906 legere
680 4852 692 4887 :
724 4833 748 4885 ⁷(
783 4835 919 4889 Ecce
953 4835 1212 4906 Dominus
1235 4847 1384 4884 Stans
1417 4846 1581 4906 super
1608 4848 1820 4906 murum
1857 4833 2022 4906 liuea-

470 4902 604 4964 tuiu.
638 4917 689 4957 et
726 4906 775 4957 iu
810 4918 970 4957 manu
999 4908 1118 4969 eius
1149 4903 1331 4966 linea;
1371 4919 1389 4950 ι
1429 4902 1610 4969 aitque
1641 4918 1653 4955 :
1688 4920 1704 4951 ι
1744 4902 2021 4966 Accipitur

470 4978 559 5029 hic
589 4977 725 5027 linea
764 4989 859 5042 pro
904 4972 1105 5025 chorda
1154 4971 1367 5034 latomi,
1406 4972 1457 5022 in
1489 4972 1644 5042 cujus
1675 4973 2023 5042 extremitate

468 5056 551 5097 est
582 5041 886 5113 pllllllltlllll,
930 5050 982 5092 et
1022 5058 1145 5113 cunt
1194 5058 1299 5110 qua
1350 5041 1681 5105 considerat,
1732 5041 1775 5094 si
1816 5056 2023 5113 ‘murus

468 5109 689 5183 erigitur
729 5122 871 5164 recte
920 5126 1084 5177 super
1119 5109 1546 5183 fundamentum,
1601 5122 1655 5183 et
1708 5112 1751 5163 si
1816 5109 2023 5163 invertit

465 5182 871 5245 distorsiouettt,
906 5183 1111 5234 reducit
1134 5198 1256 5234 eum
1290 5182 1356 5232 ad
1386 5182 1801 5244 rectituditteut;
1840 5189 1896 5232 et
1928 5195 2024 5248 per

468 5256 571 5307 hoc
600 5255 913 5320 designatur
940 5252 1121 5305 divina
1144 5251 1363 5319 iustitia
1410 5251 1807 5320 tortuositatetn
1852 5255 2024 5317 culpis

464 5317 761 5377 cmendads
797 5338 892 5391 per
922 5317 1167 5391 ptimum,
1206 5324 1326 5373 ideo
1354 5323 1606 5391 sequitur
1641 5336 1655 5372 :
1684 5337 1715 5391 γι
1757 5317 1893 5372 Ecce
1921 5335 2023 5391 ego

469 5410 662 5461 ponam
688 5388 884 5445 luteam
912 5388 965 5444 i'tt
1001 5393 1177 5445 medio
1206 5389 1386 5459 populi
1414 5388 1541 5451 mei,
1577 5408 1593 5440 ι
1643 5390 1695 5442 id
1733 5400 1816 5461 est
1861 5390 2026 5443 recti-

470 5459 709 5517 iudineut
759 5464 979 5530 justitiat
1030 5473 1163 5515 mea:
1226 5474 1343 5526 ejus
1390 5470 1610 5528 peccata
1681 5459 1963 5530 punientis
2012 5475 2024 5511 :

472 5551 488 5581 ι
536 5533 649 5585 Non
680 5529 926 5602 adjiciam
960 5531 1100 5584 ultra
1126 5541 1457 5597 pet'lrausu'c
1488 5544 1632 5602 cum,
1667 5547 1684 5580 ι
1730 5530 1888 5602 idest
1913 5529 2028 5579 (lis-

467 5598 878 5672 svntulare'cjus
910 5611 1130 5670 peccata
1156 5604 1358 5668 absque
1396 5600 1697 5668 punitione.
1735 5617 1751 5649 ι
1792 5598 2024 5665 Septua-

2121 4155 2235 4211 (ιρις,
2261 4141 2599 4211 adamantem
2625 4141 2741 4211 ‘pro
2784 4141 2945 4195 trulla
2982 4144 3191 4207 dixere,
3225 4156 3563 4211 quapropter
3599 4141 3705 4198 au-

2125 4210 2358 4281 diendus
2377 4210 2778 4275 Tlteodoretus,
2806 4213 2897 4281 qui
2925 4213 3181 4281 omnibus
3209 4210 3703 4268 Graecis'Patribus

2060 4307 2100 4360 υ
2128 4280 2183 4333 in
2220 4281 2322 4360 hoc
2351 4281 2728 4360 consentiens.
2755 4279 2838 4360 ac:
2862 4282 2946 4360 de_
2973 4296 3124 4360 more
3158 4279 3451 4360 Scriptura:
3484 4283 3701 4360 dictum

2128 4350 2424 4421 explanatis
2456 4352 2573 4421 ait:
2616 4350 2865 4421 ’ἰσχυρὰν
2896 4352 3097 4413 αὺτοῖς,
3158 4352 3252 4403 καὶ
3308 4368 3463 4421 στερε
3479 4355 3537 4421 ὲν
3575 4352 3702 4404 λίαν

2133 4419 2319 4485 ἐπάξω
2347 4419 2582 4488 πληγὴν,
2634 4421 2729 4472 καὶ
2779 4420 3054 4488 ἀδάμαντι
3109 4419 3413 4481 ἐοικυῖαν(
3476 4420 3536 4484 ὃς
3592 4421 3703 4473 τῶν

2134 4479 2275 4539 ὑλῶν
2301 4479 2706 4559 ἐστιν”ἀπασῶν
2737 4479 3106 4559 στερέώτατῖός
3138 4505 3218 4550 τε,
3282 4479 3384 4540 και
3407 4479 3703 4559 ἰσχυρότα-

2132 4574 2242 4619 τος.
2275 4559 2349 4610 Οὐ
2384 4560 2491 4628 γὰρ
2521 4558 2784 4628 ἀνέξομαι.
2826 4558 3011 4609 λοιπὸν
3042 4560 3305 4628 περιιδεῖν
3341 4560 3439 4625 τὴν
3483 4558 3577 4610 ὑπ’
3602 4562 3703 4611 αὑ-

2131 4629 2241 4677 τῶν
2272 4626 2635 4695 τολμωμένην
2672 4627 2951 4687 ἀσέϐειαν,
3004 4626 3143 4679 ἀλλὰ
3207 4629 3304 4679 σὺν
3368 4629 3557 4689 αὐτοῖς
3606 4630 3702 4679 καὶ

2132 4698 2256 4757 τοὺς
2285 4697 2390 4747 τῶν
2415 4697 2654 4747 εἰδώλων
2685 4697 2898 4764 ἀφανιῶ
2929 4696 3170 4765 βωμοὺς,
3211 4697 3303 4748 καὶ
3340 4701 3440 4757 τὰς
3494 4698 3703 4749 τούτων

2134 4765 2326 4834 ἑορτὰς
2360 4766 2720 4829 καταπαύσω,
2769 4766 2863 4816 καὶ⁵
2910 4766 3245 4828 ἁπαξαπλῶς
3286 4768 3464 4817 πᾶσαν
3519 4769 3702 4818 αὐτῶν

2132 4834 2427 4887 καταλύσω
2455 4838 2555 4901 τὴν
2617 4835 2918 4904 βασιλείαν.
2982 4836 3224 4895 Scilicet,
3272 4852 3290 4884 ι
3341 4835 3583 4887 Validam
3647 4846 3704 4887 et

2132 4905 2439 4971 prmdurant
2479 4906 2689 4970 plagam
2728 4905 2979 4961 inferam.
3011 4905 3353 4971 similemque
3382 4904 3700 4964 adamanti.

2130 4978 2221 5040 qui
2246 4990 2310 5027 ex
2348 4974 2592 5028 materiis
2618 4975 2885 5042 quibusve
2939 4974 3265 5027 durissimus
3313 4982 3395 5026 cst
3428 4986 3480 5026 t‘l
3519 4977 3705 5025 valen-

2134 5043 2395 5095 tissimus.
2434 5044 2549 5096 Non
2590 5046 2734 5096 enim
2772 5044 2947 5110 patiar
2989 5045 3340 5110 imposterunt
3364 5081 3378 5103 ,
3426 5051 3485 5095 ut
3518 5042 3586 5095 ab
3615 5042 3704 5095 lt;s

2132 5113 2660 5180 admissaimpietas
2709 5115 2871 5165 abeat
2916 5113 3179 5178 impunita
3220 5115 3394 5180 :quin
3428 5127 3531 5163 una
3574 5127 3700 5164 cum

2135 5182 2216 5249 ips
2242 5196 2266 5234 s
2295 5184 2484 5235 altaria
2527 5184 2794 5235 idolorum
2826 5181 3037 5241 delebo.
3070 5191 3122 5233 et
3162 5197 3351 5234 eorum
3389 5181 3557 5235 festos
3583 5180 3699 5232 dies

2132 5267 2347 5304 cessare
2379 5253 2602 5314 faciam;
2635 5266 2796 5304 omne
2821 5254 3051 5318 denique
3077 5265 3268 5304 eorum
3301 5265 3521 5318 regnum
3550 5249 3704 5318 peni-

2136 5331 2220 5373 tus
2243 5332 2509 5374 evertam.
2546 5344 2564 5371 ο
2599 5320 2809 5375 Vidi-sis
2842 5320 3096 5374 Basiliutn
3134 5330 3188 5374 et
3217 5321 3658 5390 Chrysoslontum
3681 5356 3697 5383 ,

2133 5392 2223 5458 qui
2255 5391 2443 5443 eadem
2478 5405 2615 5459 pene
2641 5391 2971 5445 edisscruut.

2206 5459 2316 5529 (l5)
2373 5456 2681 5516 l-zteruditos
2738 5463 2987 5519 omnino.
3043 5459 3156 5512 imo
3207 5467 3263 5514 et
3316 5459 3480 5514 rudes
3531 5456 3702 5512 fuisse

2133 5531 2428 5597 apostolos,
2469 5540 2684 5584 veteres
2708 5544 2900 5583 omnes
2944 5531 3136 5582 Patres
3170 5531 3329 5597 pleno
3367 5545 3461 5583 ore
3495 5530 3700 5581 docue-

2136 5610 2279 5665 runt,
2320 5610 2481 5668 atque
2524 5617 2587 5654 ex
2638 5604 2877 5666 ipswum
2924 5600 3234 5656 rusticitate
3284 5610 3339 5652 ct
3384 5598 3649 5669 imperitia
3679 5632 3693 5659 ,
