4058 6196
374 236 478 304 861
1704 230 2070 300 EPISTOLA
2112 232 2274 299 xw.
3515 240 3622 304 362

380 371 498 423 μιν,
527 350 594 421 δι’
633 345 705 419 ἦς
744 350 811 405 τὰ
853 349 980 421 ἔθνη
1028 351 1205 406 πάντα
1252 350 1545 421 ἑλκόμενα,
1587 354 1676 406 καὶ
1719 351 1952 422 προσπί-

2065 348 2281 411 divitiis,
2315 346 2678 403 substantiis?
2708 345 2853 402 Nihil
2906 348 3012 405 tale
3060 360 3178 404 erat
3226 348 3286 411 in
3327 348 3495 417 ipsis;
3527 352 3621 405 scd

378 461 579 498 πτοντα
608 443 685 514 τῷ
733 442 977 512 Χριστῷ,
1016 443 1114 512 τῆς
1175 443 1446 513 προτέρας
1493 443 1674 498 αὐτῶν
1715 459 1946 510 καταγι-

2065 438 2179 492 tudi
2232 438 2449 507 quidem
2496 448 2654 494 erant
2695 449 2753 493 et
2792 439 3007 509 inopes,
3063 441 3350 510 indutique
3410 449 3622 494 tantum

378 536 651 589 ιώσκουςι
708 535 799 587 καὶ
834 533 1040 603 πλάνης
1076 535 1170 587 καὶ
1208 535 1586 604 ματαιότητος.
1639 534 1747 586 Καὶ
1780 534 1947 587 ἄκουε

379 628 474 680 τοῦ
512 626 781 695 Ἰερεμίου
813 626 1094 693 λέγοντος·
1140 645 1159 677 ι
1192 628 1388 696 Κύριε,
1421 625 1485 678 σὺ
1524 625 1675 696 ἰσχύς
1702 642 1824 695 μου,
1853 625 1947 678 καὶ

381 718 669 785 καταφυγή
697 734 797 786 μου
828 718 885 770 ἐν
912 717 1097 787 ήμέρᾳ
1121 717 1306 770 κακῶν
1327 732 1340 745 ⁸
1375 718 1512 783 πρός
1540 733 1600 769 σε
1630 717 1757 785 ἐθνη
1787 716 1946 786 ἥξου-

384 828 466 861 σιν
521 810 616 862 ἀπ’
668 808 899 876 ἐσχάτου
945 810 1046 877 τῆς
1096 810 1222 878 γῆς,
1258 811 1353 864 καὶ
1400 807 1729 879 ἐροῦσινῶς
1774 808 1945 877 ψευδῆ

382 899 679 967 ἐκτήσαντο
710 899 759 950 οἱ
793 897 1029 967 πατέρες
1064 900 1223 968 ἡμῶν
1268 898 1483 962 εἴδωλα,
1531 899 1626 952 καὶ
1661 901 1761 951 οὐκ
1791 894 1859 968 ἦν
1890 901 1948 951 ἐν

382 988 566 1048 αὐτοῖς
598 980 863 1053 ὠφέλεια.
903 1005 922 1039 ι
957 988 1097 1055 Λέγε
1120 989 1332 1052 λοιπὸν,
1370 991 1397 1041 ὁ
1428 988 1768 1058 προφητικδς
1791 982 1947 1051 οὗτος

379 1081 537 1144 λόγος
566 1078 671 1131 τίνι
700 1080 1131 1149 προσαρμόττει,
1163 1080 1240 1150 τῷ
1270 1079 1520 1151 Χριστῷ,
1544 1081 1576 1149 ἢ
1605 1081 1776 1151 ἑτέρῳ
1802 1081 1945 1148 τινί;

384 1170 621 1223 Πειθέτω
654 1171 747 1222 καὶ
791 1172 1069 1239 Σοφωνίας
1124 1172 1267 1241 ὑμᾶς
1320 1171 1524 1242 Κύριον
1570 1171 1661 1225 τὸν
1712 1172 1947 1241 Χριστὸν

380 1262 685 1329 ὁμολογεῖν,
742 1260 886 1314 οὕτω
928 1263 1137 1331 λέγων’
1196 1282 1215 1315 ι
1264 1264 1690 1333 Ἐπιφανήσεται
1744 1264 1948 1332 Κύριος

382 1355 475 1405 ἐπὶ
519 1354 694 1406 πάντα
726 1354 793 1407 τὰ
836 1353 988 1424 ἔθνη,
1036 1355 1131 1408 καὶ
1174 1353 1545 1424 ἐξολοθρεύσει
1582 1356 1787 1416 πάντας
1820 1355 1946 1416 τοὺς

382 1438 539 1506 θεοὺς
570 1443 904 1507 τῶν.ἐθνῶν,
954 1446 1047 1498 καὶ
1092 1447 1565 1516 προσκυνήσουσιν
1597 1445 1780 1509 αὑτὸν,
1820 1445 1946 1498 ἐκα-

385 1543 507 1596 στος
536 1535 641 1588 ἀπὸ
667 1535 764 1587 τοῦ
790 1535 954 1588 τόπου
974 1536 1179 1592 αὐτοῦ.
1207 1556 1225 1588 ι
1275 1537 1340 1589 Τί
1373 1539 1507 1607 πρὸς
1559 1537 1732 1591 ταῦτά
1768 1552 1904 1604 φατε
1929 1553 1943 1602 ;

396 1620 682 1691 Ἐλήλυθεν
714 1624 748 1691 ἡ
772 1625 1012 1694 κυριακῇ
1043 1625 1179 1694 αὕτη
1222 1625 1536 1691 ἐπιφάνεια,
1568 1625 1600 1696 ἦ
1637 1623 1736 1691 οὓς
1781 1624 1946 1688 Ἐξω-

384 1712 759 1796 λοθρεύθησαν
807 1715 856 1767 οί
906 1715 1019 1768 θεοὶ
1062 1716 1173 1768 τῶν
1220 1716 1408 1779 ἐθνῶν,
1441 1716 1598 1780 Ζεὺς,
1649 1716 1945 1781 Ἀπόλλων,

397 1801 685 1873 Ἀφροδίτη
744 1804 838 1857 καὶ
869 1805 1157 1874 ¹Ἀρτεριις,
1194 1806 1226 1875 ἢ
1254 1804 1353 1872 οὗ;
1398 1806 1670 1874 Ἐπέφανε
1700 1806 1889 1860 λοιπὸν
1923 1808 1951 1858 ό

389 1895 591 1965 Κύριος
612 1895 872 1967 κατττὴν
896 1898 991 1949 τοῦ
1022 1896 1295 1965 Σοφωνίου
1322 1897 1626 1967 πρόρρησιν
1654 1898 1746 1950 ἐπὶ
1773 1898 1953 1952 πάντα

382 1990 455 2039 ’τὰ
480 1986 635 2055 ῐθνη.
680 1988 777 2051 Τίς
817 1988 873 2041 δὲ
916 1982 1071 2049 οὗτός
1102 1991 1285 2056 ἐστιν;
1338 1989 1395 2043 ’0
1423 1990 1625 2060 Κύριος
1651 1990 1809 2061 ήμῶν
1846 1991 1952 2056 Ἰη-

392 2075 518 2141 σοῦς
575 2080 841 2150 Χριστόςο
873 2081 939 2151 τῇ
999 2081 1108 2149 γὰρ
1145 2072 1311 2133 αὐτοῦ
1344 2080 1619 2151 παρουσίᾳ
1662 2081 1868 2144 πάντες
1905 2082 1953 2133 οἱ

390 2171 497 2223 τῶν
531 2170 701 2224 ἐθνῶν
736 2169 849 2224 θεοὶΙ
893 2172 1335 2242 κατεϐλήθησαν.
1372 2172 1496 2227 Ὅτι
1537 2174 1593 2226 δὲ
1635 2174 1705 2227 τὰ
1732 2174 1859 2242 ἔθνη
1887 2172 1956 2226 τὰ

394 2263 533 2333 μήτε
574 2263 752 2342 ’νόμον
821 2263 1023 2329 εἰδότα,
1081 2264 1221 2335 μήτε
1280 2264 1574 2343 προφητῶν
1626 2265 1953 2328 ἀκούσαντα,

388 2357 531 2423 μήτε
580 2354 717 2416 ὅλως
761 2353 853 2406 τὸν
897 2353 1103 2425 Κύριον
1150 2355 1551 2427 ἐκζητήσαντα,
1607 2354 1805 2425 καιροῦ
1846 2371 1955 2407 κα-

386 2444 613 2510 λοῦντος
640 2447 1018 2517 προσδραμεῖν
1042 2446 1255 2517 ἔμελλε,
1289 2450 1383 2501 καὶ
1412 2436 1630 2518 άληθῶς
1662 2448 1957 2518 εὑρηκέναι

385 2538 487 2589 ’τὶν
518 2536 745 2608 Κύριον,
776 2538 933 2609 δῆλον
962 2538 1210 2593 ἐντεῦθεν
1229 2555 1244 2569 '
1283 2558 1302 2591 ι
1332 2540 1574 2610 Εὑρέθην
1605 2541 1715 2602 τοῖς
1745 2538 1845 2606 ἐμὲ
1881 2538 1957 2609 μὴ

393 2628 673 2699 ζητοῦσιν,
722 2631 969 2701 ἐμφανής
1013 2632 1281 2701 ἐγενόμην
1331 2634 1446 2693 τοῖς
1493 2631 1595 2699 ἐμὲ
1637 2630 1713 2702 μὴ
1745 2632 1961 2701 ἐπερω-

394 2722 532 2774 τῶσι
562 2738 576 2753 ·
616 2741 637 2774 ι
666 2723 759 2776 καὶ
782 2720 960 2790 αὖθις,
1000 2743 1018 2776 ι
1043 2720 1135 2786 Οἷς
1185 2725 1287 2777 οὐκ
1316 2722 1623 2793 ἀνηγγέλθη
1657 2722 1788 2792 περὶ
1826 2720 1961 2791 ἐμοῦ

396 2810 643 2879 ὄψονται,
674 2814 768 2866 καὶ
802 2813 851 2865 οἳ
880 2816 981 2867 οὐκ
1011 2814 1280 2883 ἀκηκόασι
1310 2816 1655 2883 συνήσουσι.»
1692 2810 1963 2864 Τοιούτων

400 2902 503 2972 μέν
538 2901 629 2955 οὖν
656 2905 750 2956 καὶ
774 2904 1044 2958 τοσούτων
1078 2906 1428 2975 προφητικῶν
1458 2903 1722 2975 ῥημάτων
1742 2902 1966 2957 ἀκούον-

2050 546 2154 586 una
2185 530 2420 601 Spiritds
2448 533 2648 586 virtute
2682 548 2779 601 per
2809 549 2969 602 quam
3012 534 3280 588 universae
3313 542 3501 601 gentes
3539 541 3625 586 at-

2052 632 2239 678 tractte
2269 663 2286 689 ,
2322 632 2377 677 et
2404 623 2470 677 ad
2503 623 2783 677 Christum
2814 634 3165 679 accurrentes
3202 635 3441 680 veterem
3464 638 3625 678 suum

2048 731 2312 781 errorem,
2358 724 2413 769 et
2480 715 2778 769 vanitatem
2849 717 3239 771 condemnant.
3300 715 3438 767 Audi
3491 729 3624 769 sane

2046 804 2333 859 Jeremiam
2373 806 2643 860 dicentem
2693 822 2708 859 :
2748 826 2766 858 ι
2801 808 3046 871 Domine,
3105 817 3160 861 tu
3205 806 3371 861 robur
3416 821 3622 868 meum,

2046 903 2103 949 et
2146 896 2416 966 refugium
2464 911 2643 950 meum
2678 898 2731 950 in
2777 898 2865 952 die
2890 899 3187 965 malorum;
3237 899 3304 951 ad
3340 904 3394 950 te
3433 906 3624 967 gentes

2049 986 2269 1040 venient
2321 986 2389 1040 ab
2416 996 2658 1040 extremo
2687 996 2867 1051 terrm,
2916 998 2971 1042 et
3014 988 3220 1052 dicent,
3279 987 3429 1056 quod
3486 981 3624 1041 con-

2048 1076 2237 1130 sectati
2288 1084 2417 1129 sunt
2464 1066 2808 1130 mendacium
2862 1087 3047 1145 patres
3077 1080 3246 1132 nostri
3279 1078 3437 1133 idolis
3466 1079 3625 1134 obse—

2048 1177 2295 1236 quentes,
2321 1177 2375 1221 et
2402 1182 2510 1221 non
2548 1177 2666 1220 erat
2685 1168 2740 1220 in
2765 1168 2844 1221 eis
2862 1168 3288 1237 adjnmentuma
3318 1168 3414 1221 Dic
3442 1168 3622 1233 sodes,

2049 1256 2401 1325 propheticus
2471 1246 2789 1311 hic'sermo
2843 1255 3138 1325 respicitne
3190 1254 3497 1320 Christum,
3554 1272 3626 1311 an

2048 1348 2353 1418 quempiam
2426 1349 2631 1402 alium?
2689 1341 3025 1403 Persuadéat
3098 1347 3253 1402 vobis
3314 1344 3627 1416 Sophonias

2046 1439 2323 1495 Christum
2358 1440 2645 1495 Dominum
2672 1441 2920 1495 confiteri
2946 1440 3018 1495 ita
3051 1440 3271 1494 dicens:
3303 1440 3630 1510 «Apparebit

2052 1532 2309 1587 Dominus
2357 1534 2424 1588 ad
2483 1548 2674 1588 omnes
2730 1542 2938 1603 gentes,
2992 1543 3048 1588 et
3104 1534 3385 1603 disperdet
3433 1547 3628 1587 omnes

2051 1624 2183 1679 deos
2225 1624 2508 1677 nationum
2536 1662 2552 1687 ,
2591 1633 2645 1678 et
2674 1625 2926 1679 adorabit
2955 1640 3077 1679 eum
3110 1626 3343 1693 quisque
3385 1625 3454 1678 de
3507 1625 3627 1678 loco

2051 1730 2202 1771 δυο.»
2226 1714 2364 1780 Quid
2385 1724 2578 1783 praeter
2604 1716 2709 1769 hoc
2739 1715 3030 1769 dicendum
3046 1715 3315 1769 ?Advenit
3345 1714 3627 1769 Dominica

2054 1809 2167 1861 haec
2218 1808 2505 1876 apparitio,
2533 1807 2757 1861 necne?
2795 1805 3111 1874 Dispersine
3159 1814 3289 1860 sunt
3337 1806 3625 1858 nationum

2052 1900 2147 1960 dii,
2187 1898 2425 1969 Jupiter,
2459 1899 2670 1968 Apollo,
2711 1900 2915 1963 Venus,
2950 1899 3143 1961 Diana,
3177 1912 3243 1950 an
3270 1898 3418 1950 non?
3442 1899 3627 1965 Appa-

2054 1990 2165 2043 ruit
2194 1991 2377 2059 itaque
2401 1989 2670 2045 Dominus
2701 1990 2870 2059 super
2901 2004 3093 2043 omnes
3125 1997 3316 2057 gentes
3339 1988 3497 2057 juxta
3528 1987 3630 2041 So-

2055 2082 2277 2151 phoniai
2308 2083 2652 2137 vaticinium.
2686 2082 2820 2147 Quis
2851 2097 2981 2137 vero
3026 2081 3114 2134 hic
3154 2089 3257 2143 est,
3287 2080 3393 2133 nisi
3436 2077 3629 2133 Domi-

2056 2187 2162 2226 nus
2197 2183 2386 2227 noster
2414 2172 2574 2227 Iesus
2594 2173 2883 2229 Christus?
2905 2172 3033 2240 Ejus
3062 2172 3206 2226 enim
3236 2172 3473 2225 adventu
3507 2185 3630 2224 om-

2057 2279 2157 2319 nes
2192 2279 2417 2335 prorsus
2466 2264 2751 2319 nationum
2799 2264 2875 2318 dii
2917 2271 3268 2319 corruerunt.
3312 2261 3466 2328 Quod
3500 2276 3632 2317 vero

2060 2367 2251 2425 gentes
2280 2372 2456 2426 neque
2488 2357 2727 2411 scientes
2760 2355 2955 2424 legem,
2986 2369 3165 2423 neque
3204 2353 3497 2423 prophetas
3528 2366 3631 2405 au-

2060 2452 2297 2516 dientes,
2322 2464 2503 2519 neque
2531 2447 2750 2518 penitus
2778 2447 3125 2517 exquirentes
3154 2444 3467 2507 Dominum,
3504 2443 3633 2499 data

2062 2544 2324 2616 temporis
2368 2542 2778 2614 Opportunitate
2824 2538 3069 2593 futurum
3111 2546 3229 2593 erat
3272 2547 3334 2591 ut
3382 2549 3636 2590 accurre-

2062 2644 2205 2700 rent,
2254 2643 2310 2689 et
2347 2649 2476 2689 vere
2518 2632 2808 2688 Dominum
2859 2627 3212 2692 invenirent,
3259 2636 3409 2697 patet
3460 2626 3632 2692 hinc,

2063 2726 2208 2797 quod
2257 2746 2276 2779 ι
2322 2726 2581 2780 Inventus
2629 2739 2749 2777 sum
2793 2737 2824 2775 a
2873 2736 2985 2775 non
3025 2719 3393 2789 quaerentibus
3428 2732 3533 2784 me,
3582 2724 3637 2771 et

2064 2833 2184 2874 non
2230 2815 2701 2888 interrogantibus
2751 2828 2839 2867 me
2892 2811 3160 2881 apparui;
3217 2828 3237 2861 ι
3288 2819 3342 2864 et
3387 2822 3634 2863 rursus:

2072 2929 2092 2963 ι
2129 2908 2341 2975 Quibus
2372 2924 2478 2962 non
2512 2904 2896 2959 annuntiatum
2935 2911 3016 2958 est
3056 2901 3125 2956 de
3148 2916 3236 2955 me
3266 2899 3551 2966 videbunt,
3584 2907 3640 2955 et

396 3009 486 3054 τες
526 2993 625 3063 τὴν
674 2994 768 3046 τοῦ
815 2994 1065 3063 Σωτῆρος
1118 2995 1356 3065 Χριστοῦ
1405 2994 1787 3065 κηρυσσόντων
1830 3010 1962 3063 προ-

2068 3000 2163 3070 qui
2198 3013 2307 3053 non
2361 2997 2689 3060 audierunt,
2733 3002 3086 3066 cognoscent.
3134 3010 3154 3044 ι
3191 2990 3342 3047 Talia
3381 2992 3547 3062 igitur
3573 3005 3640 3046 ac

398 3084 583 3152 φανῶς
617 3085 965 3153 ἐπιφάνειαν,
1002 3086 1055 3138 τί
1082 3086 1272 3140 λοιπὸν
1304 3086 1637 3156 ματαιάζετε
1668 3102 1963 3156 καιροσκο-

398 3173 631 3236 ποῦντες
681 3176 772 3225 ἐπὶ
807 3176 984 3232 κενοῖς
1031 3175 1283 3245 Χριστὸν,
1322 3174 1636 3239 ἐλπίζοντες
1692 3174 1965 3244 Ἀντίχρι-

401 3282 564 3332 στον;
596 3265 805 3334 κωφοὶ,
858 3265 1130 3319 ἀκούσατε
1154 3281 1167 3297 ⁸
1202 3268 1231 3319 ὁ
1258 3266 1365 3335 γὰρ
1404 3266 1631 3330 Ἡσαΐας
1660 3268 1753 3319 τὸν
1788 3281 1966 3334 σωτηι

405 3357 522 3427 ρίου
568 3356 992 3425 προσαγορεύων
1026 3358 1242 3429 καιρὸν.
1277 3358 1372 3410 καὶ
1416 3360 1498 3411 ὅτι
1545 3359 1605 3419 οὐ
1655 3356 1723 3410 δι’
1772 3356 1966 3426 ἐτέρου

402 3447 693 3517 γενήσεται
737 3448 772 3515 ἡ
826 3450 1071 3517 σωτηρία
1118 3450 1397 3517 προφήτου
1451 3449 1635 3519 τυχὸν,
1677 3448 1711 3517 ἢ
1759 3447 1966 3502 δικαίου

402 3542 567 3608 τινος,
607 3543 705 3594 καὶ
755 3542 881 3596 τάδε
937 3541 1143 3610 φησίνο
1198 3541 1413 3604 «Αὐτὸς
1467 3539 1609 3609 ἥξει,
1660 3532 1753 3591 καὶ
1806 3538 1970 3590 σώσει

404 3634 575 3702 ἡμᾶς.
628 3633 760 3684 Τότε
810 3629 1082 3701 ὀφθαλμοὶ
1130 3629 1349 3698 τυφλῶν
1402 3634 1801 3698 άνοιγήσονται,
1854 3615 1972 3681 ὦτα

404 3724 606 3791 κωφῶν
644 3725 996 3788 ἀκούσονται,
1026 3723 1120 3777 καὶ
1150 3720 1319 3791 χωλὸς
1360 3719 1571 3773 ἁλετται
1600 3720 1673 3781 ὡς
1713 3719 1964 3785 ἔλαφος.»

416 3814 667 3881 Ἐγένετο
696 3813 873 3866 ταῦτα
920 3815 1011 3868 ἐπὶ
1056 3816 1123 3883 τῇ
1181 3810 1455 3881 παρουσίᾳ
1505 3809 1598 3861 τοῦ
1649 3809 1777 3878 παρ’
1817 3808 1973 3876 ὑμῶν

409 3907 816 3978 σταυρωθέντος
851 3906 1114 3976 Χριστοῦ,
1142 3905 1174 3974 ἢ
1201 3903 1260 3957 οὔ
1286 3921 1304 3969 ;
1337 3903 1462 3956 Ἵνα
1504 3902 1557 3954 τί
1598 3903 1877 3953 ἀπιστεῖτε
1903 3899 1972 3952 τά

408 4000 518 4051 τῶν
555 3998 853 4068 προφητῶν
884 3997 1114 4067 ὁρῶντες
1146 3997 1227 4047 ἐπ’
1256 3995 1406 4065 αὐτῷ
1440 3994 1517 4062 τῷ
1547 3990 1768 4063 Χριστῷ
1800 3991 1973 4062 πέρας

408 4090 795 4160 λαμϐάνοντας
860 4088 999 4142 Ἀλλ’
1057 4090 1138 4142 ὅτι
1199 4088 1295 4157 μὲν
1347 4086 1438 4139 οὖν
1468 4088 1525 4137 τὸ
1571 4084 1710 4138 κατὰ
1738 4081 1973 4153 Χριστὸν

414 4184 714 4253 μυστήριον
757 4180 1104 4235 ἀπιστεῖσθαι
1146 4180 1274 4249 παρ’
1327 4179 1482 4248 ὑμῶν
1519 4177 1708 4246 ἔμελλε
1741 4176 1830 4228 διὰ
1873 4176 1973 4244 τὴν

408 4277 502 4329 τοῦ
530 4275 807 4344 θαύματος
836 4270 1164 4344 ὑπερϐολὴν,
1209 4270 1442 4324 ἔκπαλαι
1484 4270 1640 4339 τοῦτο
1671 4269 1973 4339 δεδήλωκεν

2068 3098 2217 3146 tanta
2263 3087 2652 3157 prophetarum
2687 3084 2832 3139 dicta
2869 3084 3161 3139 audientes
3191 3082 3397 3138 Christi
3443 3080 3639 3136 Serva-

2068 3180 2207 3237 toris
2232 3179 2633 3250 apparitiouem
2675 3176 3022 3245 apertissime
3051 3175 3421 3231 nuntiantium
3446 3213 3463 3238 ,
3507 3173 3641 3241 quid

2069 3283 2333 3347 praeterea
2364 3270 2635 3338 desipitis,
2658 3286 2711 3323 tn
2737 3269 2894 3323 vanis
2914 3268 3316 3338 prospicientes
3337 3266 3639 3330 Christum,

2048 3364 2472 3438 .Antichristum
2503 3362 2827 3433 sperantes?
2860 3360 3021 3415 Surdi
3050 3359 3236 3415 audite
3262 3376 3277 3413 :
3306 3358 3473 3414 Isaias
3495 3358 3643 3414 enim

2071 3456 2368 3513 Salvatoris
2428 3454 2801 3525 pmnuntians
2859 3463 3115 3523 tempus,
3164 3460 3222 3508 et
3271 3467 3302 3507 a
3343 3454 3497 3508 nullo
3537 3453 3643 3507 alio

2071 3547 2339 3619 propheta
2374 3546 2735 3601 salvationem
2785 3542 2904 3597 ﬁeri
2953 3557 3140 3612 posse,
3178 3543 3280 3597 nisi
3329 3557 3357 3593 a
3404 3542 3642 3611 quodam

2073 3636 2261 3701 Iusto,
2290 3636 2408 3690 haec
2440 3650 2572 3689 sane
2600 3634 2677 3688 ait
2706 3650 2721 3687 :
2761 3651 2780 3685 ι
2816 3633 2937 3703 Ipse
2972 3632 3150 3686 veniet
3180 3639 3236 3684 et
3260 3630 3491 3685 salvabit
3519 3648 3642 3687 nos.

2074 3728 2230 3783 Tunc
2262 3726 2407 3781 oculi
2455 3739 2724 3781 etceorum
2771 3723 3112 3794 aperientur,
3150 3738 3311 3777 aures
3354 3724 3643 3780 surdorum

2073 3819 2319 3882 audient,
2355 3824 2411 3871 et
2458 3816 2687 3870 claudus
2718 3815 2877 3868 saliet
2910 3824 2969 3867 ut
2998 3828 3213 3869 cervus.
3257 3832 3277 3865 ι
3326 3812 3487 3868 Facta
3517 3822 3642 3869 sunt

2076 3912 2215 3972 Ιιωιτ,
2245 3923 2445 3968 necne.
2482 3922 2606 3961 cum
2642 3906 2895 3974 apparuit
2937 3905 3191 3959 Christus
3219 3919 3251 3956 a
3277 3907 3433 3958 vobis
3469 3906 3636 3958 cruci-

2076 4000 2257 4055 ﬁxus?
2286 3998 2492 4068 thuid
2519 4014 2650 4067 ergo
2685 4011 2791 4050 non
2822 3997 3053 4052 creditis
3082 3996 3468 4066 prophetarum
3502 3997 3644 4050 dicta

2077 4093 2329 4147 videntes
2362 4090 2417 4144 in
2456 4091 2574 4160 ipso
2595 4089 2815 4144 Christo
2841 4088 3005 4142 linem
3037 4088 3322 4156 accipere?
3343 4086 3496 4153 Quod
3518 4102 3645 4143 vero

2078 4186 2323 4238 futurum
2342 4191 2463 4236 erat
2495 4191 2551 4235 ut
2576 4197 2604 4235 a
2636 4180 2793 4235 vobis
2819 4196 2925 4234 non
2953 4179 3274 4234 crederetur
3303 4180 3503 4235 Christi
3536 4198 3643 4251 my-

2078 4273 2328 4334 sterium.
2360 4281 2583 4342 propter
2609 4271 2855 4326 miraculi
2885 4270 3287 4333 excellentiam,
3316 4271 3442 4325 olim
3465 4280 3652 4325 osten-

408 4372 436 4421 ὁ
470 4369 600 4431 Θεὸς
632 4368 801 4421 είπὼν
825 4384 837 4398 ⁸
877 4386 895 4418 ι
928 4368 1095 4419 Ἴδετε
1132 4367 1183 4418 οἱ
1227 4363 1657 4434 καταφρονηταὶ,
1704 4364 1798 4416 καὶ
1843 4364 1962 4414 θαυ·

2081 4364 2161 4419 dit
2195 4365 2336 4418 Deus
2369 4364 2554 4418 dicens
2586 4378 2601 4415 :
2636 4382 2654 4415 ι
2688 4362 2879 4417 Videte
2911 4371 3349 4431 contemptores,
3387 4372 3443 4417 et
3474 4362 3615 4416 admi
3646 4396 3651 4402 ι

416 4462 647 4528 μάσατε,
671 4460 765 4511 καὶ
797 4459 1159 4527 ἀφανίσθητε,
1191 4457 1273 4509 ὅτι
1305 4456 1465 4525 ἔργον
1515 4456 1626 4523 ἐγὼ
1670 4455 1977 4524 ἐργάζομαι

412 4557 469 4603 ἐν
502 4552 618 4614 ταῖς
653 4549 889 4619 ἡμέραις
924 4547 1077 4615 ὑμῶν
1104 4563 1117 4629 ξ
1147 4547 1306 4616 ἔργον
1340 4545 1368 4597 ὃ
1396 4545 1456 4597 οὐ
1503 4543 1578 4613 μὴ
1625 4545 1977 4614 πιστεύσητε,

412 4644 509 4694 ἐὰν
534 4658 615 4703 τις
643 4639 1041 4708 ἐκδιηγήσηται
1065 4638 1269 4706 ύμῖν.»
1307 4636 1498 4697 Καλῶς
1533 4635 1589 4688 δέ
1627 4636 1655 4688 ὁ
1690 4637 1977 4706 προφήτης

412 4731 595 4785 εἶπεν
627 4751 644 4783 ι
677 4733 847 4795 Αὐτὸς
902 4732 1046 4801 ἥξει,
1100 4731 1194 4783 καὶ
1251 4730 1413 4782 σώσει
1454 4731 1665 4803 ἡμᾶς.»
1722 4731 1819 4782 Ὃν
1866 4732 1975 4799 γὰρ

410 4826 612 4892 τρόπον
647 4822 768 4877 κατ’
803 4824 976 4893 ἀρχὰς
1015 4826 1042 4876 ὁ
1073 4822 1202 4884 Bait;
1248 4822 1497 4874 πλάττων
1539 4822 1626 4874 τὸν
1679 4820 1972 4890 ἄνθρωπον

413 4918 514 4985 οὐχ
545 4915 804 4986 ὑπουργῷ
842 4931 949 4966 τινι
998 4914 1293 4985 ἐχρήσατο,
1347 4911 1519 4973 οὕτως
1570 4912 1692 4964 οὐδὲ
1742 4911 1837 4964 νῦν
1884 4912 1984 4979 τὴν

413 4995 599 5059 εἰκόνα
640 5007 940 5075 φθαρεῖσαν
973 5004 1361 5075 ἀνανεούμενος
1386 5003 1527 5071 ἄλλῳ
1558 5003 1654 5071 τὴν
1678 5003 1982 5057 ἀνάπλασιν

414 5098 741 5168 ἐνεχείρισε.

414 5204 651 5285 Spiritus
671 5204 764 5285 qui
798 5202 1178 5285 ips_os_alIIavit
1205 5200 1507 5285 mirandam
1542 5201 1649 5281 vim
1686 5202 1983 5285 praedicare

417 5289 527 5327 non
566 5272 915 5327 destiterunt.
950 5272 1121 5326 Nemo
1156 5282 1333 5324 tamen
1381 5272 1581 5339 estqui
1626 5274 1837 5326 neseiat
1880 5289 1981 5327 uu-

418 5357 581 5411 gaces
637 5344 885 5397 homines
937 5343 1071 5395 vitio
1118 5344 1346 5395 vertisse
1384 5339 1576 5393 Joauni
1624 5339 1869 5395 Laminio
1905 5342 1982 5411 τῷ

418 5413 696 5482 πανσόφῳ,
720 5422 775 5465 et
796 5412 1066 5482 haereseos
1087 5425 1226 5482 pene
1245 5420 1426 5482 notam
1453 5411 1673 5482 inurere
1700 5413 1979 5469 studuisse

419 5497 488 5533 eo
523 5479 660 5549 quia
684 5480 1003 5536 rusticitatis
1056 5479 1110 5533 et
1157 5479 1440 5548 imperitia:
1488 5480 1547 5532 υ.
1579 5479 1840 5535 Joannem
1890 5498 1981 5535 ar-

421 5548 620 5617 guisset
645 5550 887 5604 nondum
916 5549 1120 5619 Spiritu
1151 5560 1341 5604 sancto
1364 5548 1656 5619 imbutum.
1683 5552 1858 5605 Adeas
1876 5554 1975 5607 ab-

420 5618 811 5675 solutissimum
841 5618 971 5690 ejus
988 5634 1125 5689 opus
1156 5620 1221 5673 de
1246 5618 1551 5674 erulitionc
1578 5624 1970 5687 apostolorum,

2084 4457 2303 4517 ramiui,
2330 4464 2386 4509 et
2417 4455 2822 4524 disperdimini,
2857 4457 3116 4524 quoniam
3146 4472 3284 4525 opus
3316 4471 3418 4526 ego
3453 4460 3691 4525 operor'

2083 4551 2136 4605 in
2178 4550 2374 4604 diebus
2413 4549 2646 4603 vestris:
2673 4562 2811 4615 opus
2841 4548 2930 4600 cui
2966 4562 3075 4599 non
3107 4546 3435 4602 adhibebitis
3468 4549 3649 4613 ﬁdem,

2081 4646 2127 4701 si
2166 4647 2291 4713 quis
2318 4643 2659 4697 enarraverit
2684 4641 2860 4697 vobis.
2894 4658 2912 4692 ι
2942 4641 3157 4709 Optime
3186 4656 3317 4696 vero
3347 4641 3485 4695 dixit
3529 4656 3648 4711 pro-

2084 4738 2286 4807 pheta:
2322 4753 2340 4786 ι
2378 4734 2500 4803 Ipse
2542 4734 2746 4793 veniet.
2779 4743 2837 4788 et
2880 4732 3282 4797 salvahit‘nos;
3326 4752 3343 4785 ι
3392 4734 3625 4802 quemad

2083 4827 2300 4882 modum
2336 4829 2481 4880 enim
2514 4825 2568 4878 in
2596 4824 2865 4895 principio
2895 4826 3038 4879 Deus
3066 4825 3341 4894 plasmans
3376 4825 3650 4879 hominem

2083 4919 2232 4973 nullo
2261 4920 2367 4973 alio
2401 4918 2728 4972 administro
2754 4934 2884 4972 usus
2919 4927 3023 4982 est,
3059 4924 3129 4972 ita
3162 4932 3308 4972 nunc
3340 4926 3650 4988 corruptam

2082 5010 2374 5081 imaginem
2390 5024 2658 5066 reuovans
2678 5011 2879 5065 ne'mini
2902 5010 3340 5065 reformationem
3361 5010 3651 5065 commisit.

2090 5203 2396 5273 omnigenm
2426 5204 2754 5259 eruditionis
2786 5219 2955 5259 sacra:
2985 5202 3447 5273 promptuarium,
3476 5213 3520 5273 Ae
3547 5211 3651 5265 quo

2089 5268 2315 5326 velutt'e
2350 5290 2491 5342 penu
2523 5275 2743 5328 haurire
2774 5274 2959 5329 licebit
2986 5268 3187 5341 quibus
3223 5273 3436 5342 doctior
3466 5268 3564 5319 tias
3598 5275 3650 5342 et

2087 5336 2377 5415 eruditior,
2421 5359 2523 5399 nec
2555 5336 3259 5415 nonicognosres'rquanto
3308 5336 3652 5415 ruboresug

2086 5413 2240 5465 [undi
2292 5404 2535 5467 debucre
2586 5414 2724 5468 male
2782 5404 2961 5467 Ieriali
3013 5404 3253 5483 illi,rqui
3297 5404 3653 5483 maledicendi

2084 5484 2347 5536 cacoethe
2377 5484 2608 5552 quadam
2638 5485 2817 5539 adacti
2850 5492 3056 5537 tantum
3094 5482 3266 5536 virum
3303 5486 3429 5530 sunt
3460 5482 3654 5541 unum

2082 5553 2382 5607 criminati.
3301 5596 3327 5621 ι
