4058 6196
396 226 409 237 '
467 176 580 295 ’δεῖ

1740 208 2157 279 ΜΙΕῙΙΛΕῘΛΞ
2190 206 2447 277 ῦῙΧΟᾹΞ

3602 194 3708 268 εει

546 343 833 401 Simillima
845 340 956 413 jam
979 330 1367 395 demonstratis
1381 328 1756 391 divinissimus
1776 331 2037 385 Malachia

2213 328 2295 383 Τὰ
2323 327 2463 382 αὺτὰ
2507 326 2619 388 τοϊς
2654 320 2993 394 διαληφθεϊσι
3030 322 3120 376 καὶ
3148 320 3177 375 6
3210 312 3481 383 θειότατος
3515 321 3710 376 Μαλα-

428 446 433 449 ’
471 441 581 493 alta
601 437 905 492 inclamans
929 446 1063 486 voce
1089 429 1264 485 dixit:
1301 445 1319 479 ι
1346 424 1465 481 Non
1501 435 1585 481 est
1616 425 1751 479 mihi
1787 425 2037 479 voluntas

475 533 529 585 in
549 529 722 594 vobis,
741 524 871 581 dicit
892 522 1176 585 Dominus,
1195 534 1374 588 neque
1394 532 1602 573 sumam
1623 514 1951 570 sacriﬁcium
1972 512 2053 566 de

476 621 729 676 manibus
749 610 970 681 vestris,
994 613 1255 684 quoniam
1278 613 1347 667 ab
1372 620 1493 665 ortu
1518 610 1647 665 solis
1667 616 1839 677 usque
1861 605 1925 659 ad
1948 619 2041 660 oc;

472 726 660 767 easum
682 722 882 763 nomen
906 721 1086 760 meum
1117 703 1410 775 gloriosum
1433 700 1589 754 estin
1620 698 1964 770 gentibus,et
1987 694 2039 748 in

414 832 419 835 »
474 804 621 858 υτηηὶ
638 803 758 857 loco
780 798 919 853 sacri
930 798 1105 851 licium
1123 796 1393 851 etoblatio
1406 794 1608 847 munda
1626 791 1850 845 oﬂ‘ertur
1864 788 2040 842 nomi-

473 892 526 949 ni
560 907 681 949 meo
708 910 721 947 :
747 906 845 946 vos
869 900 1051 945 autem
1075 903 1139 943 ea
1191 886 1631 942 eontaminastis.
1669 902 1687 934 ι
1719 882 1884 937 Facta
1911 890 2041 935 sunt
2084 928 2087 931 ,

476 990 612 1050 lucc,
651 1000 718 1038 an
746 998 853 1037 non
886 981 1251 1035 ?0ﬂ'erturne
1307 978 1651 1033 incruentum
1686 986 1741 1030 et
1781 973 2040 1027 mundum

472 1077 799 1132 sacriﬁcium
832 1074 941 1127 Deo
970 1073 1020 1125 in
1052 1073 1200 1126 omni
1234 1070 1521 1123 nationum
1582 1068 1722 1128 loco,
1764 1082 1830 1119 an
1894 1064 2043 1117 non?

414 1196 421 1204 -
474 1171 673 1222 Verum
703 1165 829 1236 quid
857 1163 1048 1234 plura?
1074 1162 1370 1217 Audiamus
1389 1160 1705 1230 prophetam
1737 1159 2038 1212 dicentem:

420 1288 423 1291 ‹
479 1277 497 1308 ι
545 1256 618 1311 Ex
645 1257 776 1310 Sion
811 1254 981 1308 exibit
1020 1253 1125 1316 lex,
1164 1262 1218 1305 et
1250 1249 1485 1306 Verbum
1530 1249 1745 1304 Domini
1782 1248 1848 1301 de
1882 1245 2043 1300 Jeru-

478 1352 682 1412 salem;
715 1356 770 1407 et
812 1346 1078 1417 judicium
1114 1344 1277 1398 faciet
1327 1344 1380 1397 in
1428 1343 1603 1397 medio
1635 1341 1939 1401 nationum,
1992 1347 2046 1392 et

482 1449 673 1509 arguet
712 1437 968 1507 populum
1020 1436 1273 1489 multum.
1306 1453 1323 1486 ι
1360 1432 1533 1488 Dicite
1587 1446 1738 1502 ergo,
1791 1444 2042 1500 quaenam

477 1540 564 1584 est
598 1531 682 1583 lex
718 1531 909 1583 exiens
941 1543 1003 1580 ex
1039 1526 1194 1589 Sion,
1227 1533 1281 1579 et
1331 1526 1554 1594 quinam
1586 1534 1711 1579 sunt
1768 1524 1858 1591 qui
1922 1535 2041 1576 eam

2141 416 2262 489 χίας
2295 417 2702 490 προαναφωνῶν
2740 416 2927 483 ἔλεγεν
2947 431 2963 447 ο
2996 432 3014 466 ι
3044 415 3158 468 Οὐκ
3203 415 3315 467 ἔστι
3368 431 3458 484 μοι
3488 416 3545 467 ὲν
3578 416 3710 485 ὑμῖν

2141 509 2373 579 θέλημα,
2408 510 2559 577 λέγει
2587 510 2615 561 6
2644 507 2868 577 Κύριος,
2902 508 2995 559 καὶ
3033 505 3310 560 θυσίαν-οὓ
3344 506 3712 577 προσδεξομαι

2142 599 2205 651 ἐκ
2229 599 2340 651 τῶν
2365 598 2567 669 χειρῶν
2595 596 2769 667 ὑμῶν,
2815 596 2951 649 διότι
2982 595 3077 649 ἀπ’
3117 596 3393 649 ἀνατολῶν
3436 596 3586 665 ήὶίου
3616 599 3712 650 καὶ

2141 690 2245 755 ἕως
2271 690 2493 761 δυσμῶν
2519 691 2580 743 τδ
2609 690 2779 760 ὄνομά
2813 706 2914 759 μου
2939 679 3252 752 δέδόξασται
3283 690 3341 742 ἐν
3364 692 3476 751 τοῖς
3509 690 3711 752 ἔθνεσι,

2144 782 2241 835 καὶ
2267 784 2323 835 ὲν
2346 784 2511 837 παντὶ
2537 781 2687 851 τόπῳ
2716 780 2969 850 θυμίαμα
2999 780 3340 848 προσάγεται
3371 780 3447 848 τῷ
3485 779 3712 849 ὀνόματί

2149 890 2274 943 μου,
2306 875 2400 927 καὶ
2436 873 2597 927 θυσία
2628 874 2845 943 καθαρά
2868 890 2880 903 ·
2914 872 3069 939 ὑμεῖς
3096 872 3152 924 δὲ
3188 871 3478 940 βεϐηλοῦτε
3515 873 3706 925 αὐτά.»

2158 965 2404 1031 Ἐγένετο
2451 965 2647 1029 ταῦτα,
2700 965 2732 1034 ἢ
2779 964 2876 1029 οὔ;
2917 964 3329 1033 Προσάγεταιή
3378 964 3717 1033 ἀναίμακτος

2147 1056 2243 1108 καὶ
2271 1055 2488 1123 καθαρὰ
2507 1054 2673 1108 θυσία
2698 1055 2776 1125 τῷ
2807 1054 2924 1123 Θεῷ
2948 1056 3005 1106 ἐν
3035 1055 3199 1107 παντὶ
3225 1054 3371 1122 τόπῳ
3391 1053 3501 1106 τῶν
3521 1055 3713 1118 ἐθνῶν,

2147 1147 2177 1212 ἦ
2207 1145 2298 1212 ob;
2334 1145 2440 1200 Καὶ
2471 1145 2522 1198 τί
2550 1146 2720 1199 πολλὰ
2748 1147 2925 1214 λέγειν
2950 1163 2965 1213 ;
3007 1145 3398 1214 Ἀκουσὼμεθα
3429 1145 3717 1216 προφήτου

2147 1238 2241 1291 τοῦ
2278 1238 2532 1306 λέγοντος
2552 1256 2567 1269 ο
2603 1258 2621 1291 ι
2644 1238 2738 1290 Ἐκ
2765 1237 2905 1291 Σιὼν
2928 1237 3269 1301 ἐξελεύσεται
3293 1239 3473 1305 κόμος,
3500 1241 3593 1290 καὶ
3624 1236 3716 1289 λό-

2148 1341 2242 1392 γος
2269 1327 2473 1397 Κυρίου
2525 1328 2583 1393 ἐξ
2620 1324 3002 1397 Ἰερουσαλὴμ,
3060 1327 3155 1389 καὶ
3187 1331 3366 1398 κρινεῖ
3408 1329 3512 1380 ἀνὰ
3549 1336 3720 1397 μέσον

2149 1418 2342 1485 ἐθνῶν,
2369 1419 2462 1471 καὶ
2493 1418 2765 1487 ἐξελέγξει
2799 1419 2925 1473 λαὸν
2973 1418 3162 1472 πολύν.
3206 1436 3224 1470 ι
3273 1419 3475 1473 Εῐπατε
3504 1416 3599 1472 οὖν
3629 1423 3719 1483 τίς

2149 1510 2379 1575 ὲξελθὼν
2411 1510 2571 1581 νόμος
2607 1514 2670 1565 ὲκ
2700 1511 2859 1575 Σιὼν,
2912 1512 3006 1565 καὶ
3049 1510 3193 1575 τίνες
3239 1512 3288 1565 οί
3334 1511 3522 1566 τοῦτον
3558 1513 3719 1580 δεξάὸ

479 1623 844 1693 receperunt?
873 1620 1131 1674 Nationes
1165 1634 1295 1673 sane
1326 1638 1339 1683 ;
1381 1619 1511 1687 ipsae
1554 1618 1698 1671 enim
1742 1616 2045 1686 redargutm

2158 1618 2337 1669 μενοι;
2369 1602 2591 1664 Πάντως
2623 1601 2689 1655 τὰ
2718 1603 2846 1673 ἔθνη
2872 1618 2889 1634 ο
2920 1603 3059 1656 αὐτὰ
3088 1604 3183 1656 καὶ
3224 1607 3331 1674 γὰρ
3370 1605 3722 1676 ἠλέγχθησαν

479 1677 623 1769 sunt“
639 1716 788 1768 velut
820 1722 1069 1766 errantes
1108 1726 1135 1763 a
1170 1710 1293 1775 (ide,
1322 1718 1375 1762 et
1398 1708 1599 1763 Christi
1620 1710 1793 1777 legem
1824 1723 2048 1777 recepe-

2158 1692 2338 1763 ὥσπερ
2364 1692 2463 1763 τὴν
2495 1693 2679 1747 πίστιν
2704 1694 3055 1763 πλανώμενα,
3092 1697 3186 1748 καὶ
3220 1693 3309 1747 τὸν
3348 1696 3440 1747 τοῦ
3476 1696 3721 1765 Χριστοῦ

482 1816 635 1866 runt,
667 1820 827 1873 quam
867 1802 1087 1869 quidem
1123 1800 1413 1869 discipulis
1441 1800 1591 1854 dedit
1619 1801 1670 1852 in
1724 1798 2048 1864 Jerusalem,

481 1909 535 1951 et
580 1913 679 1967 per
732 1897 880 1964 ipsos
911 1893 1165 1947 omnibus
1199 1892 1474 1962 gentibus.
1537 1910 1555 1941 ι
1590 1890 1664 1943 Ex
1708 1890 1841 1945 Sion
1885 1891 2055 1945 exibit

422 2004 427 2009 ·
479 1991 565 2041 ivx
594 2005 609 2053 ;
641 2007 660 2039 ι
698 1985 989 2055 oportebat
1023 1985 1166 2040 enim
1197 1999 1389 2037 novam
1427 1982 1541 2036 dari
1578 1983 1752 2052 legem
1798 1996 1941 2036 novo
1988 1996 2055 2035 ex

480 2079 799 2134 nationibus
826 2077 1046 2145 populo,
1080 2074 1539 2144 quemadmodum
1576 2072 1846 2127 Jeremias
1876 2073 2011 2128 dicit
2038 2092 2051 2127 :

432 2186 439 2191 θ
487 2192 506 2224 ι
548 2171 685 2224 Ecce
712 2170 827 2224 dies
863 2169 1111 2230 veniunt,
1171 2175 1226 2219 et
1273 2164 1464 2218 feriam
1524 2180 1648 2219 cum
1704 2166 1869 2219 domo
1919 2161 2059 2219 Juda

484 2265 664 2315 foedus
696 2276 923 2323 nnvum,
960 2272 1069 2312 non
1103 2257 1405 2312 secundum
1442 2267 1661 2326 pactum
1712 2256 1857 2325 quod
1884 2256 2060 2327 pepigi

482 2370 608 2407 eum
652 2353 901 2423 patribus
945 2365 1137 2405 eorum
1187 2349 1243 2402 in
1285 2349 1477 2402 diebus
1509 2349 1560 2402 in
1607 2348 1806 2418 quibus
1861 2364 2061 2418 appre-

482 2444 759 2497 hendente
793 2456 876 2495 me
918 2455 1140 2494 manum
1172 2453 1388 2502 eorum,
1422 2438 1586 2493 eduxi
1639 2440 1761 2493 illos
1804 2439 1873 2494 de
1917 2448 2062 2494 terra

481 2532 720 2603 Egypti.
759 2550 777 2584 ο
812 2530 907 2586 Vel
942 2530 1107 2601 igitur
1157 2531 1345 2585 dicant
1395 2544 1515 2599 qua:
1570 2530 1654 2583 lex
1701 2530 1828 2583 data
1870 2529 1940 2584 sit
1993 2544 2061 2583 ex

438 2656 441 2657 ν
483 2625 639 2683 Sion.
668 2622 751 2675 vel
784 2636 981 2674 novam
1014 2636 1045 2673 a
1087 2620 1311 2678 Christo
1344 2620 1739 2689 legislalionem
1773 2620 2060 2689 recipiant.

484 2715 615 2769 Post
654 2714 800 2768 enim
851 2711 1311 2766 resurrectionem
1366 2712 1482 2781 ejus
1537 2726 1567 2763 a
1597 2710 1845 2776 mortuis,
1878 2722 2069 2781 quem-

2145 1786 2309 1853 νόμον
2367 1783 2636 1850 ἐδέξαντο,
2690 1785 2718 1838 δ
2774 1785 2945 1839 ἔδωκε
2978 1786 3080 1854 μὲν
3117 1787 3173 1840 ὲν
3219 1786 3575 1858 Ἰερουσαλὴμ
3608 1792 3724 1852 τοῖς

2150 1874 2441 1944 μαθηταῖς,
2473 1870 2541 1927 δι’
2569 1875 2750 1929 αὐτῶν
2776 1876 2833 1928 δὲ
2862 1877 2957 1931 καὶ
2987 1878 3120 1931 πᾶσι
3144 1880 3261 1939 τοῖς
3296 1877 3523 1932 ἔθνεσιν.
3557 1897 3577 1931 ι
3624 1879 3723 1933 Ἐκ

2151 1964 2287 2019 Σιὼν
2316 1965 2657 2030 ἐξελεύσεται
2688 1969 2716 2019 ὁ
2757 1966 2923 2036 νόμος
2946 1982 2959 1997 ο
2992 1984 3010 2018 ι
3056 1967 3162 2020 ἔδει
3191 1969 3297 2038 γὰρ
3337 1969 3413 2037 τῷ
3442 1970 3502 2034 ἐξ
3550 1969 3723 2023 tam

2151 2054 2325 2123 καινῷ
2355 2054 2466 2123 λαῷ
2494 2054 2587 2106 καὶ
2614 2056 2778 2124 νόμον
2820 2054 3043 2123 δοθῆναι
3092 2056 3299 2123 καινὸν,
3340 2057 3523 2121 καθὼς
3559 2060 3725 2130 Ἱερεο

2157 2147 2285 2215 μίας
2312 2147 2514 2216 φησίνο
2556 2162 2574 2198 ι
2614 2146 2744 2200 Ἰδοὺ
2789 2146 2998 2216 ήμέραι
3039 2148 3310 2217 ἔρχονται,
3344 2152 3435 2203 καὶ
3465 2151 3725 2222 διαθήσο·

2157 2256 2256 2308 μαι
2291 2238 2366 2307 τῷ
2405 2238 2539 2307 οἴκῳ
2581 2237 2751 2291 Ἰούδα
2783 2238 3050 2308 διαθήκην
3092 2241 3306 2307 καινὴν,
3350 2240 3409 2292 οὐ
3454 2240 3598 2294 κατὰ
3629 2242 3727 2312 τὴν

2155 2328 2425 2399 διαθήκην
2453 2328 2523 2400 ἢν
2549 2328 2807 2399 διεθέμην
2852 2331 2964 2393 τοῖς
3000 2330 3271 2400 πατράσιν
3300 2331 3477 2383 αὐτῶν
3503 2333 3563 2384 ὲν
3592 2333 3724 2401 ήμέο

2158 2439 2280 2491 ραις
2314 2419 2715 2492 ὲπιλαδομένου
2751 2438 2855 2490 μου
2886 2422 2985 2489 τῆς
3026 2422 3212 2492 χειρὸς
3257 2422 3457 2489 αὐτῶν,
3510 2425 3605 2476 καὶ
3640 2424 3724 2488 ἐξὃ

2157 2515 2382 2585 αγαγὼν
2414 2516 2608 2579 αὐτοὺς
2634 2516 2699 2569 ὲκ
2724 2513 2830 2584 γῆς
2857 2514 3159 2582 Αἰγύπτου.
3186 2532 3204 2566 ι
3239 2515 3309 2567 Ἢ
3334 2514 3467 2580 γοῦν
3494 2515 3719 2568 είπάτωι

2164 2624 2265 2661 σαν
2298 2608 2382 2671 τίς
2409 2610 2436 2660 ὁ
2467 2609 2630 2678 νόμος
2658 2610 2685 2661 ὁ
2710 2607 2885 2670 δοθεὶς
2918 2608 2981 2661 ἐκ
3024 2605 3186 2673 Σιὼν,
3214 2607 3247 2678 ἢ
3279 2607 3377 2676 τὴν
3412 2608 3604 2677 καινὴν
3633 2607 3728 2661 τοῦ

2161 2698 2400 2772 Χριστοῦ
2438 2700 2761 2770 νομοθεσίαν
2787 2699 3290 2768 καταδεχέσθωσαν.
3324 2699 3477 2753 Μετὰ
3503 2701 3610 2770 γὰρ
3634 2702 3728 2771 τὴν

436 2806 776 2860 ‘admodum
851 2805 1134 2873 prophetae
1204 2802 1919 2873 praedixerantyascendit
1990 2804 2058 2859 ad

2161 2795 2226 2845 ὲκ
2255 2792 2467 2860 νεκρῶν
2490 2791 2657 2844 αὐτοῦ
2694 2792 2935 2862 ἔγερσιν,
2967 2789 3147 2852 καθὼς
3170 2791 3217 2843 οἱ
3247 2791 3521 2860 προφῆται
3549 2794 3733 2860 προεῖσ

484 2894 673 2958 οωιοε,
696 2902 749 2947 et
781 2894 1039 2956 intonuit,
1065 2894 1168 2947 hoc
1196 2900 1304 2959 est,
1330 2893 1629 2963 ipsumhoc
1645 2888 1856 2949 Novum
1877 2893 2058 2948 Testa-

2167 2898 2289 2946 πον,
2323 2882 2489 2953 ἀνέϐη
2523 2882 2605 2945 είς
2636 2881 2903 2951 οὐρανοὺς
2945 2882 3043 2935 καὶ
3071 2880 3389 2950 ἐϐρόντησε,
3412 2879 3561 2933 τοῦτ’
3585 2880 3729 2971 ἔστιν

487 2995 734 3040 mentum
773 2999 871 3053 per
913 2984 1139 3037 omnino
1191 2991 1439 3037 sanctmn
1494 2981 1755 3051 Spiritum
1800 2984 2058 3053 elargitus

2166 2974 2336 3043 αὐτὴν
2360 2972 2565 3043 ταύτην
2596 2972 2697 3044 τὴν
2741 2973 2869 3026 νέαν
2912 2971 3181 3042 διαθήκην
3212 2971 3300 3025 διὰ
3332 2972 3426 3025 τοῦ
3459 2974 3728 3039 παναγὶου

483 3087 605 3153 est.
625 3077 821 3131 Verum
850 3075 982 3129 mihi
1018 3075 1177 3138 dicis,
1212 3074 1354 3143 quod
1380 3077 1425 3128 si
1460 3075 1550 3128 Dei
1585 3074 1751 3127 Filius
1778 3084 2062 3140 erat,rere

482 3169 649 3222 etiam
689 3166 953 3221 surrexit.
991 3164 1099 3219 Sed
1137 3164 1300 3228 audi;
1334 3165 1379 3218 si
1414 3167 1519 3218 hoc
1551 3162 1753 3218 factum
1784 3164 1904 3227 fuit,
1932 3179 2062 3219 cono

486 3256 642 3308 tinuo
669 3255 936 3309 debueras
967 3255 1237 3308 credere?
1270 3254 1526 3308 Profecto
1582 3268 1730 3317 non;
1787 3254 1879 3322 qui
1916 3252 2061 3307 enim

482 3345 556 3398 iis
614 3360 735 3413 qua:
788 3355 1179 3411 praecesserant
1236 3360 1349 3398 non
1398 3344 1647 3404 credidit,
1695 3358 1873 3411 neque
1915 3343 2063 3398 illius

483 3434 880 3489 resurrectioni
904 3435 1229 3496 crediderit,
1253 3445 1309 3487 et
1333 3434 1380 3487 si
1417 3434 1471 3486 in
1502 3443 1795 3501 conspectu
1819 3434 2061 3487 omnium

482 3524 686 3577 factum
721 3521 769 3575 id
794 3523 882 3576 sit.
909 3521 1102 3575 Nonne
1125 3521 1305 3575 vidisti
1334 3520 1600 3574 Lazarum
1628 3521 2060 3590 quatriduanurn

485 3627 516 3663 a
552 3610 781 3663 mortuis
820 3610 1245 3678 resurgentem?
1275 3608 1559 3673 Quomodo
1597 3626 1703 3663 non
1749 3610 2064 3665 credidisti?

406 3736 413 3743 ι
486 3700 626 3763 Quid
681 3700 783 3752 hoc
834 3698 1242 3761 incredibilius,
1295 3699 1463 3752 solem
1525 3702 1788 3753 cruciﬁxo
1847 3700 2064 3755 Christo

486 3789 907 3844 nbtenebratum
962 3790 1125 3843 esse?
1155 3788 1299 3855 Quid
1332 3790 1540 3857 majus,
1580 3800 1827 3846 mortuos
1888 3806 2065 3847 resur-

488 3880 717 3943 rexisse,
750 3887 934 3948 petras
964 3879 1164 3933 scissas
1193 3894 1337 3943 esse,
1367 3887 1424 3933 et
1454 3880 1630 3949 ipsum
1665 3881 1849 3951 templi
1882 3883 2062 3937 velum

484 3970 544 4023 in
573 3968 708 4023 duas
731 3978 916 4037 partes
946 3969 1179 4023 divisum
1213 3969 1374 4025 esse?
1398 3970 1591 4025 Nonne
1622 3974 1865 4027 omnium
1900 3974 2066 4029 mira-

486 4058 760 4123 culorum,
798 4073 868 4113 ne
897 4059 1017 4127 ipsa
1065 4060 1290 4128 quidem
1345 4069 1573 4128 excepta
1642 4063 2061 4129 resurrectione,

489 4154 605 4205 haec
655 4158 785 4204 sunt
844 4150 1084 4204 maxime
1136 4152 1451 4205 mirabilia?
1513 4152 1799 4217 Quomodo
1866 4153 2062 4207 horum

485 4245 768 4313 signorum
797 4251 1076 4311 spectator
1132 4242 1312 4299 factus
1368 4258 1479 4298 non
1538 4245 1863 4299 credidisti?
1923 4244 2063 4300 Vere

2168 3068 2482 3137 Πνεῦματος
2537 3069 2899 3138 ἐχορήγησεν.
2934 3066 3106 3119 Ἀλλὰ
3148 3066 3328 3135 λέγεις
3376 3085 3490 3137 μοι,
3548 3070 3632 3122 ὅτι
3683 3073 3732 3122 εἰ

2163 3158 2296 3211 Θεοῦ
2327 3158 2457 3222 Υἱὸς
2497 3155 2586 3230 ἦν,
2638 3158 2735 3211 καὶ
2788 3157 3005 3226 ἀληθῶς
3037 3158 3255 3228 ἀνέστη.
3293 3160 3401 3213 Καὶ
3441 3159 3606 3213 ἄκουε
3635 3177 3651 3193 ·
3682 3165 3731 3214 εί

2163 3248 2319 3299 τοῦτο
2346 3247 2582 3314 ἐγένετο,
2616 3244 2907 3299 πιστεῦσαι
2928 3241 3073 3316 εἶχες
3095 3262 3111 3311 ;
3144 3244 3367 3308 Πάντως
3389 3245 3509 3314 οὐχί
3529 3261 3544 3278 ο
3565 3245 3594 3296 6
3623 3249 3731 3317 γὰρ

2166 3339 2240 3408 μὴ
2271 3341 2380 3401 τοῖς
2412 3336 3067 3417 προλαϐοῦσιέπιστεύσας
3103 3337 3226 3391 οὐδὲ
3265 3341 3332 3410 τῇ
3365 3340 3574 3393 ἐκείνου
3603 3340 3736 3393 ἀνα-

2167 3429 2354 3490 στάσει
2394 3430 2721 3482 ἐπίστευσεν
2750 3414 2848 3484 ίᾶν
2879 3414 2973 3484 διαὶ
3018 3433 3065 3483 εί
3098 3430 3331 3484 ἐνώπιον
3363 3432 3583 3485 πάντων
3610 3431 3736 3498 ἐγι-

2165 3538 2302 3575 νετο.
2332 3522 2443 3574 Οὐκ
2476 3518 2626 3585 οῐδας
2656 3522 2746 3574 τὸν
2765 3520 3016 3592 Λάζαρον
3038 3522 3100 3573 ὲκ
3121 3518 3329 3590 νεκρῶν
3355 3522 3735 3591 τετραήμερον

2163 3611 2457 3684 ἐγερθέντα
2484 3630 2499 3679 ;
2531 3613 2651 3675 Πῶς
2690 3613 2789 3665 οὐκ
2814 3613 3139 3681 ἐπίστευσας
3164 3629 3179 3677 ;
3205 3612 3270 3664 Τί
3304 3613 3739 3683 παραδοξότερον

2164 3704 2256 3757 τοῦ
2288 3705 2377 3758 τὸν
2404 3705 2556 3775 ἥλιον
2588 3702 2943 3773 σκοτισθῆναι
2999 3704 3404 3773 σταυρουμένου
3452 3703 3738 3774 Ᾱριστοῦ;

2164 3797 2229 3849 Τί
2263 3796 2447 3868 μεῖξον
2476 3798 2599 3860 τοὺς
2628 3797 2856 3867 νεκροὺς
2899 3794 3213 3864 ἐγερθῆναι,
3253 3782 3459 3864 arisba:
3505 3795 3741 3864 σχισθῖί⁴

2164 3904 2274 3951 ναι,
2310 3889 2403 3941 καὶ
2423 3888 2555 3941 αὐτὸ
2576 3887 2943 3957 διαρραγῆναι
2965 3886 3025 3940 τὸ
3046 3886 3141 3940 τοῦ
3162 3886 3288 3940 ναοῦ
3307 3888 3738 3956 καταπέτασμα;

2165 3979 2239 4031 Οὐ
2276 3977 2492 4031 πάντων
2526 3977 2842 4048 θαυμάτων,
2896 3978 2989 4032 καὶ
3037 3978 3207 4047 αὐτῆς
3248 3978 3312 4047 δὴ
3356 3980 3454 4047 τῆς
3500 3978 3745 4031 ἀναστά-

2169 4087 2323 4133 σεως,
2357 4072 2527 4124 ταῦτα
2563 4069 2987 4140 θαυμασιώτερα
3018 4087 3034 4136 ;
3064 4072 3185 4132 Πῶς
3210 4070 3463 4123 τοιούτων
3492 4071 3745 4139 τεράτων

2124 4228 2127 4229 ν
2166 4163 2364 4231 θεατὴς
2392 4161 2630 4229 γεγονὼς
2664 4162 2763 4213 οὐκ
2794 4162 3120 4225 ἐπίστευσας
3146 4179 3159 4225 ;
3199 4162 3410 4224 Ὄντως
3442 4161 3744 4231 πεπλήρωο

2163 4273 2254 4308 ται
2290 4256 2350 4308 τὸ
2376 4255 2470 4309 τοῦ
2515 4255 2735 4308 Ἡσαΐου
2764 4272 2779 4287 ·
2816 4273 2836 4307 ι
2878 4255 2943 4307 Ἦ
2977 4255 3173 4326 καρδία
3202 4254 3379 4308 αὐτῶν
3409 4253 3693 4323 ἐπαχύνθη
3721 4269 3737 4284 ο

486 4332 845 4402 adimpletum
878 4340 962 4387 est
990 4333 1138 4401 quod
1182 4333 1354 4388 Isaias
1416 4333 1595 4388 dixit:
1653 4352 1673 4385 ι
1708 4334 1817 4389 Cor
1868 4349 2058 4389 eorum

2168 4340 2283 4400 ὦτα
2308 4346 2517 4417 ἔχουσι,
2556 4347 2651 4399 καὶ
2693 4347 2793 4399 οὐκ
2825 4347 3115 4399 ἁκούουσιν
3137 4361 3152 4379 ·
3189 4345 3525 4415 ὀφθαλμοὺς,
3553 4345 3646 4397 καὶ
3670 4346 3739 4397 οὐ
3804 4421 3809 4425 θ

409 4442 431 4465 ίυ
487 4424 886 4493 impinguatum
913 4432 999 4479 est
1030 4440 1045 4477 :
1087 4440 1252 4479 aures
1287 4424 1512 4489 habent,
1549 4434 1604 4480 et
1639 4440 1751 4479 non
1795 4426 2060 4492 audiunt;

491 4516 697 4571 habent
721 4517 937 4581 oculos,
967 4525 1024 4572 et
1069 4532 1180 4571 non
1224 4517 1430 4571 vident.
1471 4535 1490 4568 ι
1528 4518 1602 4571 De
1659 4519 2067 4573 resurrectione

487 4607 707 4675 quidem
732 4617 1074 4663 mortuorum
1111 4623 1232 4677 qua
1260 4609 1462 4664 Christi
1490 4608 1800 4665 Servatoris
1821 4619 2066 4680 tempore

492 4698 744 4768 contigit,
775 4714 805 4752 a
836 4698 1184 4755 divinissimo
1215 4701 1480 4771 propheta
1513 4701 1718 4757 dictum
1751 4713 1869 4757 est:
1895 4720 1914 4753 ι
1953 4702 2065 4758 Cu-

492 4790 635 4843 mbit
664 4799 719 4844 et
770 4791 987 4845 sanabit
1010 4806 1113 4846 nos
1147 4802 1272 4860 post
1324 4792 1461 4847 duos
1516 4792 1669 4858 dies;
1710 4793 1765 4846 in
1803 4794 1891 4847 die
1939 4808 2067 4847 vero

495 4881 656 4934 tertia
683 4881 1063 4946 suscitabitur,
1092 4892 1148 4937 et
1171 4882 1421 4937 vivemus
1452 4883 1510 4937 in
1539 4893 1845 4953 conspectu
1865 4885 2007 4953 ejus.
2042 4902 2059 4933 ι

569 4965 768 5020 Verum
804 4969 1084 5025 enimvero
1114 4980 1171 5025 et
1200 4971 1302 5026 hoc
1348 4974 1631 5041 protendis
1666 4973 1799 5026 mihi
1831 4973 2021 5027 dicens
2048 4989 2065 5027 :

495 5058 638 5123 Quid
668 5058 756 5113 hic
791 5060 958 5114 novi?
991 5061 1048 5115 Si
1104 5073 1280 5117 vester
1319 5065 1407 5118 hic
1443 5064 1696 5119 Christus
1737 5065 1889 5136 signa
1943 5082 2065 5120 cum

496 5147 696 5203 iecerit
737 5149 998 5221 populum
1026 5167 1135 5205 non
1170 5168 1396 5221 parvum
1433 5155 1487 5208 in
1517 5169 1762 5209 errorem
1810 5156 2068 5224 impulit?

496 5238 639 5294 Ecce
694 5242 843 5296 enim
909 5252 965 5297 et
1022 5243 1390 5299 Maomethum
1444 5246 1597 5316 signa
1656 5246 1827 5301 multa
1871 5246 2069 5303 fecisse

496 5326 783 5398 discimus,
815 5347 982 5404 atque
1040 5336 1165 5391 inde
1194 5354 1305 5391 non
1337 5352 1564 5419 partum
1598 5339 1861 5409 populum
1910 5339 2074 5394 dece-

498 5424 665 5491 pisse.
697 5423 753 5478 Si
797 5424 962 5496 igitur
996 5426 1251 5483 Christus
1276 5438 1361 5483 est
1394 5427 1540 5484 Deus
1574 5430 1978 5500 proptersigna
2004 5430 2072 5483 ab

498 5530 564 5568 eo
604 5528 835 5585 patrata,
872 5518 1016 5574 Deus
1041 5520 1231 5574 eodem
1262 5535 1493 5589 prorsus
1522 5521 1683 5575 modo
1714 5523 1820 5575 erit
1839 5532 1894 5574 et
1924 5521 2074 5574 Man-

502 5608 736 5664 metbus.
802 5609 907 5665 Sed
966 5611 1123 5675 audi,
1186 5611 1479 5666 Maomclhi
1541 5616 1726 5683 signa,
1786 5614 2069 5669 manifesta

2167 4437 2450 4508 βλέπουσι.
2485 4456 2504 4489 ι
2552 4438 2691 4507 Περὶ
2735 4438 2921 4507 μέντοι
2949 4439 3050 4506 τῆς
3080 4436 3219 4491 κατὰ
3257 4435 3313 4490 τὸ
3345 4438 3612 4507 σωτήριον
3640 4438 3742 4489 τοῦ

2167 4525 2405 4595 Χριστοῦ
2441 4522 2714 4596 ἐγέρσεως
2740 4526 2851 4580 τῶν
2898 4525 3107 4597 νεκρῶν
3157 4526 3236 4598 τῷ
3285 4527 3548 4596 θειοτάτῳ
3601 4544 3746 4593 προ-

2168 4616 2313 4687 φήτῃ
2353 4613 2569 4683 εἴρηται
2597 4630 2613 4644 ⁶
2654 4633 2674 4665 ι
2704 4615 2954 4668 Μοτὼσει
2985 4618 3082 4669 καὶ
3134 4616 3347 4682 ὑγιάσει
3400 4618 3547 4686 ἡμᾶς
3595 4620 3744 4685 μετὰ

2166 4706 2259 4757 δύο
2289 4707 2502 4772 ἡμέρας
2532 4721 2547 4734 ο
2584 4705 2641 4756 ὲν
2684 4705 2740 4757 δὲ
2788 4708 2855 4773 τῇ
2904 4705 3087 4775 ἡμέρᾳ
3129 4707 3196 4774 τῇ
3237 4705 3393 4775 τρίτῃ
3442 4705 3743 4775 ἐξαναστῇ.

2172 4797 2399 4865 σόμεθα,
2429 4798 2520 4847 καὶ
2552 4796 2831 4867 ζησόμεθα
2861 4796 3097 4850 ἐνώπιον
3133 4797 3321 4853 αὐτοῦ.
3358 4815 3378 4849 ο
3514 4776 3527 4787 ’

2252 4974 2395 5028 Ἀλλ’
2420 4976 2499 5028 ἔτι
2537 4978 2630 5029 καὶ
2658 4976 2814 5030 τοῦτο
2856 4981 3161 5046 προτείνεις
3193 4997 3288 5047 μοι
3317 4979 3491 5046 λέγων
3515 4994 3531 5011 ο
3564 4980 3645 5032 ὅτι
3670 4978 3745 5030 Τί

2170 5071 2391 5133 καινόν;
2424 5068 2485 5121 Et
2511 5072 2539 5122 6
2564 5070 2794 5138 Χριστὸς
2822 5071 3024 5133 ἐκεῖνος
3047 5073 3246 5139 σημεῖα
3272 5069 3591 5139 πεποιηκὼς
3610 5070 3748 5123 λαὸν

2171 5163 2270 5213 οὐκ
2295 5161 2476 5227 ὀλίγον
2507 5161 2852 5230 ἑπλάνησεν;
2904 5161 3033 5213 Ἰδοὺ
3084 5161 3193 5230 γὰρ
3234 5164 3328 5214 καὶ
3355 5163 3448 5214 τὸν
3490 5162 3741 5230 Μωάμεθ

2174 5254 2376 5321 σημεῖα
2410 5251 2581 5303 πολλὰ
2619 5250 2985 5323 πεποιηκέναι
3027 5254 3396 5323 μανθάνομεν,
3445 5252 3745 5305 κάντεῦθεν

2172 5345 2273 5397 οὐκ
2305 5344 2489 5412 ὀλίγον
2535 5344 2946 5414 πεπλανηκέναι
2971 5345 3118 5400 λαόν.
3168 5345 3230 5398 Εἰ
3257 5341 3355 5398 οὖν
3389 5345 3526 5407 Θεὸς
3550 5346 3580 5397 6
3607 5344 3745 5413 Χρι-

2176 5436 2301 5496 στός
2350 5436 2466 5485 ἐστι
2512 5434 2604 5487 διὰ
2654 5434 2723 5486 τὰ
2770 5436 2904 5504 παρ’
2949 5433 3116 5486 αὐτοῦ
3149 5433 3470 5486 τελεσθέντα
3514 5432 3741 5499 σημεῖα,

2173 5522 2308 5583 Θεὸς
2361 5523 2466 5593 ἄρα
2511 5521 2587 5592 τῷ
2633 5525 2820 5593 τρόπῳ
2865 5522 3039 5592 τούτῳ
3082 5524 3178 5575 καὶ
3224 5522 3252 5573 6
3303 5520 3573 5591 Μωάμεθ.
3631 5520 3743 5572 Καὶ

2177 5616 2364 5677 ἄκουε,
2417 5616 2482 5666 τὰ
2527 5614 2618 5667 τοῦ
2666 5614 2912 5685 Μωάμεθ
2957 5618 2988 5682 ή
3044 5614 3220 5681 πλάνη
3265 5612 3566 5680 καθέστηκε
3599 5626 3741 5679 προσ
