4058 6196
270 231 372 295 865

1601 226 1974 289 EPISTOLA
2014 225 2184 290 XIV.

3434 231 3538 293 806

270 343 463 413 φανὴς,
511 341 606 395 καὶ
656 341 720 394 δι’
748 318 889 395 αλλα
947 343 1044 411 μὲν
1080 340 1270 404 πολλὰ,
1313 341 1551 410 μάλιστα
1585 342 1639 394 δὲ
1665 341 1752 393 διὰ
1786 340 1847 393 τὸ

1955 341 2268 394 innituntur
2329 320 2679 409 deceptione.
2747 350 2858 409 tum
2897 340 2967 395 ob
3020 340 3189 394 multa
3240 339 3366 406 alia,
3420 351 3536 397 tum

273 435 473 505 μηδένα
497 433 609 486 τῶν
632 431 929 501 προφητῶν
963 432 1158 484 τούτου
1182 432 1341 505 χᾴριν
1364 432 1422 485 τὸ
1443 431 1648 485 οἱονοῦν
1672 450 1803 502 προε
1816 451 1854 484 ι-

186 544 193 553 ’
271 529 431 579 πεῖν·
483 527 552 576 τὰ
600 524 657 576 δὲ
713 523 807 575 τοῦ
865 522 1103 593 Χριστοῦ
1149 524 1249 575 καὶ
1302 523 1442 576 πάνυ
1490 522 1855 593 τυγχάνουσιν

269 619 463 685 ἀληθῆ,
502 618 578 678 ὡς
620 618 684 668 ὲκ
712 616 821 667 τῶν
858 616 1161 687 προφητῶν
1209 616 1309 685 τὴν
1343 617 1604 670 σύστασιν
1636 616 1851 685 ἔχοντα.

268 711 381 760 Καὶ
410 709 684 777 πρόσσχες
712 710 759 761 εἰ
789 708 968 774 βούλει
1004 712 1117 771 τοῖς
1155 707 1476 777 λεγομένοις
1506 723 1519 737 ·
1555 710 1715 761 αὑτὸν
1747 710 1855 776 γὰρ

272 804 366 852 καὶ
401 796 557 863 αὖθις
582 801 673 851 τὸν
703 800 979 869 Σοφωνίαν
1004 800 1240 870 παράγω
1262 799 1356 852 τοῦ
1386 799 1545 868 λόγου
1576 782 1850 871 μάρτυρα.

276 913 293 945 ι
339 892 774 961 Ἑπιφανήσεται
829 893 1033 961 Κύριος
1080 894 1173 946 ἐπὶ
1216 892 1394 946 πάντα
1444 892 1511 944 τὰ
1558 892 1710 961 ἔθνη,
1763 894 1857 943 καὶ

268 983 645 1053 ὲξολοθρεὺσει
707 984 919 1045 πάντας
969 984 1096 1047 τοὺς
1155 982 1313 1046 θεοὺς
1360 983 1469 1034 τῶν
1521 982 1712 1047 ἐθνῶν,
1762 982 1855 1034 καὶ

268 1075 750 1144 ’προσκυνήσουσιν
798 1074 963 1127 αὐτὸν
998 1074 1227 1137 ἕκαστος
1273 1073 1384 1139 ἀπὸ
1414 1074 1509 1126 τοῦ
1552 1074 1720 1127 τόπου
1758 1076 1857 1126 αὐ-

248 1162 388 1231 τοῦ.
427 1182 444 1213 ι
480 1164 576 1226 Τίς
602 1162 695 1216 οὖν
747 1163 776 1214 6
809 1164 1098 1231 ἐπιφανεὶς
1145 1164 1204 1215 ὲν
1245 1164 1381 1216 πᾶσι
1428 1166 1539 1225 τοῖς
1573 1163 1806 1226 ἔθνεσιν,
1830 1167 1857 1217 6

268 1254 524 1324 Χριστὸς,
559 1255 591 1324 ἢ
627 1257 653 1307 6
693 1254 986 1323 Μωάμεθς
1038 1255 1201 1317 Ποίος
1242 1254 1473 1307 ἐκείνων
1508 1257 1534 1306 6
1586 1257 1711 1319 τοὺς
1749 1258 1857 1309 τῶν

269 1349 439 1402 ἐθνῶν
480 1349 634 1412 θεοὺς
685 1348 1103 1419 ἐξολοθρεὺσας,
1157 1338 1251 1402 καὶ
1286 1350 1421 1402 Θεὸν
1461 1351 1555 1403 ἕνα
1608 1367 1857 1420 προσκυο

272 1441 490 1493 νεῖσθαι
523 1444 580 1493 ὲν
633 1443 770 1494 πᾶσι
798 1442 897 1494 καὶ
940 1442 1028 1495 διὰ
1080 1442 1300 1497 πάντων
1337 1444 1787 1514 παρασκευάσας,
1831 1448 1857 1497 6

265 1532 524 1600 Χριστὸς,
574 1534 607 1603 ἦ
657 1536 686 1587 6
734 1535 1013 1603 Μωάμεθς
1070 1537 1406 1606 Ἀπόκριναι,
1450 1540 1508 1591 ὲν
1536 1540 1641 1591 τίνι
1688 1539 1855 1607 πέρας

262 1624 427 1694 ἔσχεν
462 1627 496 1694 ἡ
525 1624 620 1677 τοῦ
658 1627 935 1694 Σοφωνίου
973 1631 1306 1700 προφητεία,
1346 1631 1402 1681 ἐν
1438 1630 1516 1699 τῷ
1545 1620 1790 1702 Χριστῷ,
1824 1633 1856 1700 ἢ

264 1717 326 1767 ἐν
357 1716 435 1784 τῷ
474 1717 749 1784 Μωάμεθ,
802 1719 833 1788 ἢ
888 1720 1079 1782 ἁπλῶς
1132 1722 1189 1773 ἐν
1240 1721 1414 1791 ἑτέρῳ
1464 1724 1574 1773 τινὶ
1619 1711 1857 1794 tamen,

264 1808 467 1870 αἰῶνος
496 1826 509 1872 ;
560 1810 702 1863 Ἀλλ’
734 1812 834 1863 οὐκ
868 1811 1015 1882 ἐκεις
1044 1810 1243 1877 εἰπεῖν,
1277 1814 1327 1866 εἰ
1366 1814 1440 1883 μὴ
1488 1816 1544 1866 ὲν
1584 1814 1731 1885 αὑτῴ
1761 1817 1857 1868 καὶ

270 1898 425 1967 μόνῳ
450 1898 531 1968 τῷ
571 1903 701 1967 παρ’
740 1902 894 1971 ὑμῶν
934 1905 1309 1973 σταυρωθέντι
1355 1905 1578 1976 Χριστῷ
1618 1907 1692 1976 τῷ
1744 1907 1857 1977 Υἰῷ

264 1989 366 2042 τοῦ
414 1990 549 2044 Θεοῦ
583 1992 678 2045 καὶ
718 1993 861 2064 Θεῷ.
895 1996 1019 2049 Ὅτι
1062 1997 1119 2050 δὲ
1161 1996 1229 2049 τὰ
1262 1999 1381 2050 κατ’
1410 1999 1573 2051 αὑτὸν
1600 2002 1650 2052 οἱ
1683 1999 1856 2055 πάλαι

267 2082 555 2151 προφῆται
605 2086 1054 2155 προανεφώνουν,
1115 2087 1275 2158 δῆλον
1322 2088 1657 2143 κάντεῦθεν
1710 2093 1857 2161 μετά

265 2175 378 2241 γὰρ
406 2177 507 2245 τὴν
529 2177 741 2230 ἐκείνου
765 2180 1073 2249 παρουσίαν
1105 2180 1281 2244 οὐδεὶς
1318 2181 1531 2251 ἠγέρθη
1569 2181 1853 2253 προφήτης

267 2265 414 2318 κατὰ
460 2267 559 2335 τὴν
603 2269 815 2321 ἐκείνου
851 2271 1186 2341 πρόρρησιν.
1229 2273 1295 2323 '0
1336 2272 1499 2341 νόμος
1537 2272 1645 2341 γὰρ
1675 2275 1767 2328 καὶ
1807 2276 1854 2328 οἱ

266 2358 553 2428 προφῆται
593 2359 696 2423 ἕως
750 2361 1006 2432 Ἰωάννην
1028 2380 1043 2394 ’
1092 2362 1285 2431 ἐπειδὴ
1334 2363 1442 2433 γὰρ
1472 2360 1634 2433 ἦλθεν
1664 2368 1691 2418 ό
1724 2381 1856 2435 προ-

264 2450 665 2520 φητευόμενος,
697 2452 794 2505 καὶ
830 2452 893 2504 τὸ
924 2453 1251 2507 κατ”αὐτὸν
1292 2453 1612 2524 ἐπεγνώσθη
1646 2458 1853 2525 μυστή-

266 2557 415 2607 ριον,
464 2542 649 2594 οὐκέτι
704 2543 989 2612 προφήτου
1026 2546 1186 2613 χρεία
1231 2545 1437 2598 λοιπόν.
1494 2546 1603 2597 Καὶ
1645 2548 1697 2597 τί
1746 2550 1851 2616 χρὴ

266 2632 447 2685 πολλᾶ
485 2634 690 2700 λέγειν,
731 2635 841 2686 τῶν
883 2636 1189 2704 προφητῶν
1226 2635 1445 2689 πάντων
1484 2637 1583 2707 τὴν
1616 2637 1852 2707 Χριστοῦ

263 2725 586 2793 παρουσίαν
652 2724 1060 2793 μεγαλοφὼνως
1132 2727 1723 2796 προαναφωνούντων;
1794 2728 1852 2781 '0

263 2811 579 2879 θαυμάσιος
605 2815 804 2884 Δανιὴλ
838 2815 933 2867 καὶ
959 2816 1121 2868 αὑτὸν
1147 2819 1237 2869 τὸν
1270 2819 1370 2887 τῆς
1403 2820 1711 2888 παρουσξας
1735 2837 1854 2872 και-

265 2904 372 2972 ρὸν
412 2904 687 2974 ἁριδήλως
724 2892 1031 2976 μεμήνυκε.
1071 2909 1226 2972 Τίνος
1260 2910 1466 2972 ἕνεκεν,
1510 2911 1605 2962 καὶ
1638 2911 1725 2962 διὰ
1756 2912 1807 2963 τί
1836 2928 1851 2976 ;

229 1133 246 1169 δ

1962 434 2199 485 maxime
2222 433 2366 501 quod
2398 434 2795 503 prolihetarum
2830 433 3014 487 nullus
3050 433 3116 486 de
3144 428 3210 487 eo
3238 434 3538 504 quidquam

1962 523 2299 592 praedixerit,
2334 526 2463 579 dum
2499 542 2558 579 ea
2589 541 2711 596 qua:
2740 526 3021 580 Christum
3056 526 3382 595 spectabant
3416 543 3542 581 vere

1963 617 2189 669 omnino
2219 618 2563 681 acciderunt,
2600 629 2762 687 prout
2797 619 2852 671 in
2890 619 3287 687 prophetarum
3325 635 3542 688 praeno-

1964 707 2205 762 tionibus
2232 710 2519 764 habentur.
2549 710 2613 763 Et
2638 711 2860 763 adverte
2890 712 2933 763 si
2968 710 3098 764 libet
3129 710 3327 776 dictis;
3365 711 3541 780 ipsum

1962 800 2107 852 enim
2144 816 2334 855 rursus
2369 802 2588 870 profero
2648 801 2988 870 Sopbouiam
3025 812 3219 856 testem
3250 803 3540 865 sermonis,

1962 892 2053 959 qui
2090 893 2207 946 ait:
2239 911 2257 944 ι
2293 893 2595 963 Apparebit
2621 892 2891 946 Dominus
2920 892 2985 945 ad
3019 908 3212 946 omnes
3238 902 3443 963 gentes.
3484 908 3547 946 ac

1963 981 2210 1038 fuinditus
2238 986 2428 1052 perdet
2454 999 2647 1039 omnes
2671 985 2804 1043 deos
2831 985 3139 1047 nationum,
3164 993 3218 1037 et
3249 984 3543 1052 unusquis-

1962 1092 2067 1143 que
2104 1077 2171 1132 de
2201 1078 2321 1132 loco
2350 1092 2451 1131 suo
2478 1076 2728 1130 adorabit
2768 1076 2967 1144 ipsum.
3005 1094 3022 1125 ι
3053 1075 3187 1139 Quis
3216 1090 3346 1143 ergo
3381 1090 3546 1143 appa-

1963 1169 2072 1220 ruit
2125 1168 2192 1221 ad
2242 1178 2439 1221 omnes
2489 1176 2699 1237 gentes,
2752 1165 3007 1219 Christus
3041 1180 3110 1216 an
3168 1163 3546 1216 Maomethus?

1964 1252 2095 1326 Uter
2122 1260 2313 1311 horum
2348 1260 2480 1314 deos
2520 1257 2801 1311 nationum
2863 1251 3115 1311 funditus
3170 1253 3432 1325 perdidit,
3493 1264 3550 1307 et

1966 1365 2135 1404 unum
2180 1351 2349 1404 Deum
2382 1350 2450 1403 ab
2487 1349 2748 1403 omnibus
2789 1345 3030 1409 adorari,
3068 1356 3122 1401 et
3180 1345 3384 1415 ubique
3435 1344 3548 1399 dis-

1963 1443 2167 1511 posuit,
2204 1442 2458 1497 Christus
2486 1458 2554 1495 an
2586 1441 2929 1496 Maomethus
2955 1440 2977 1491 ?
3008 1439 3326 1508 Responde,
3360 1438 3545 1503 sodes,

1965 1535 2018 1589 in
2052 1551 2161 1605 quo
2195 1536 2356 1588 tinem
2386 1534 2578 1589 habuit
2628 1534 2913 1603 pr0phetia
2943 1531 3257 1602 Sophoniae,
3292 1532 3345 1585 in
3384 1530 3548 1584 Chri-

1963 1637 2070 1690 sto,
2102 1643 2170 1682 an
2213 1629 2267 1682 in
2299 1628 2627 1693 Maometho,
2678 1627 2763 1681 vel
2808 1628 2913 1681 alio
2963 1626 3156 1696 quovis
3204 1640 3396 1681 eorum
3453 1626 3544 1694 qui

1963 1720 2186 1776 fuerunt
2235 1736 2262 1774 a
2308 1721 2549 1775 saeculo?
2599 1716 2792 1773 vcrum
2827 1734 2934 1773 non
2976 1719 3143 1774 habes
3188 1718 3317 1789 quid
3371 1718 3540 1779 d‘cas,

1960 1812 2066 1866 nisi
2102 1812 2153 1865 in
2188 1812 2307 1881 ipso
2333 1829 2438 1867 uno
2466 1829 2497 1865 a
2527 1812 2681 1867 vobis
2717 1811 2982 1865 cruciﬁxo
3015 1809 3237 1866 Christo
3276 1809 3367 1863 Dei
3404 1806 3542 1862 Filio

1959 1912 2014 1957 et
2044 1904 2171 1959 Deo.
2215 1904 2367 1970 Q'zod
2410 1919 2539 1959 vero
2588 1919 2652 1958 ea
2711 1919 2829 1972 quae
2882 1906 2949 1957 ad
3002 1903 3181 1974 ipsum
3241 1901 3539 1971 pertinent,

1961 1995 2238 2064 propheta)
2285 1995 2414 2049 olim
2468 1995 2907 2065 praenuntiarint,
2955 1993 3303 2049 manifestum
3348 1993 3544 2046 exinde

1959 2094 2061 2148 est,
2095 2088 2238 2155 quod
2293 2095 2412 2154 post
2469 2086 2588 2153 ejus
2644 2085 3039 2155 apparitionem
3088 2098 3250 2138 nemo
3308 2078 3577 2138 surrexit-

1958 2180 2265 2249 propheta,
2323 2183 2475 2259 justo
2536 2180 2655 2247 ejus
2723 2179 3063 2233 vaticinium.
3128 2176 3237 2231 Lex
3294 2178 3438 2232 enim
3488 2188 3544 2231 et

1959 2272 2235 2341 prophetat
2274 2286 2444 2338 usque
2472 2271 2537 2324 ad
2567 2268 2867 2331 Joannem;
2904 2274 3189 2338 postquam
3212 2268 3358 2322 enim
3392 2268 3544 2321 venit

1958 2362 2376 2431 praenuntiatus,
2412 2364 2574 2432 atque
2614 2363 2735 2431 ejus
2770 2361 3048 2432 cognitum
3075 2369 3159 2414 est
3198 2359 3538 2429 mysterium,

1957 2452 2104 2505 nulla
2134 2452 2367 2520 amplius
2390 2460 2508 2506 erat
2542 2453 2824 2521 proizhetm
2854 2452 3080 2505 utilitas.
3126 2451 3191 2503 Et
3220 2450 3351 2518 quid
3386 2450 3540 2519 plura

1955 2552 2172 2613 oportet
2195 2543 2399 2606 dicere,
2420 2544 2671 2598 omnibus
2693 2543 2974 2611 prophetis
3004 2540 3209 2595 Christi
3241 2541 3539 2595 adventum

1957 2650 2151 2705 magna
2182 2650 2314 2689 voce
2366 2634 2897 2703 praenuntiantibus?
2950 2632 3297 2687 Admirabilis
3350 2631 3540 2687 Daniel

1956 2727 2129 2795 ipsum
2151 2740 2288 2794 pene
2328 2726 2593 2780 adventus
2641 2726 2923 2780 manifeste
2956 2726 3259 2794 designavit
3290 2739 3539 2780 momen-

1956 2827 2089 2872 tum.
2110 2817 2226 2883 Qua
2253 2834 2379 2872 vero
2408 2820 2509 2873 hoc
2540 2820 2608 2872 de
2637 2818 2842 2873 causa?
2870 2819 2947 2873 Ne
2976 2819 3045 2873 ab
3081 2820 3384 2889 ignorantia
3417 2833 3543 2887 pro.

1957 2910 2111 2962 tracti
2148 2924 2246 2963 nos
2277 2910 2548 2975 homines,
2576 2911 2806 2965 alterum
2844 2925 2937 2978 pro
2965 2910 3136 2964 altero
3163 2910 3445 2965 Christum
3471 2912 3543 2964 ad

263 2994 395 3048 Ἵνα
418 2994 495 3064 μὴ
526 2995 585 3060 ἐξ
614 2997 834 3064 ἀγνοίας
869 3001 1285 3069 παρασυρέντες
1314 3002 1362 3052 οἱ
1395 3001 1699 3071 ἄνθρωποι,
1732 3002 1848 3054 ἓτε-

1955 3002 2317 3056 mitteremus.
2350 3000 2647 3057 Marcidum
2676 3018 2803 3073 ergo
2831 3017 2961 3057 sane
2991 3001 3060 3057 de
3096 3002 3403 3058 Maomethe
3426 3002 3537 3074 (l6)

269 3101 373 3153 ρον
404 3083 523 3136 ἀνθ’
549 3086 739 3155 ἑτέρου
788 3089 1028 3158 Χριστὸν
1074 3090 1468 3159 εἰσδεξώμεθα.
1505 3092 1715 3161 Σαθρὸν
1751 3094 1850 3162 μὲν

257 3172 365 3228 οὖν
428 3192 510 3227 σοι
573 3178 749 3231 καὶτὸ
801 3181 943 3234 κατὰ
975 3181 1068 3234 τὸν
1114 3181 1360 3250 Μωάμεθ
1429 3182 1744 3254 πρόϐλημα,
1806 3179 1849 3236 ὦ

265 3268 447 3336 σαθρὲ
478 3268 567 3321 τὸν
596 3268 719 3323 νοῦν
740 3272 842 3325 ικαὶ
876 3272 1161 3327 ἁσύστατε.

357 3361 509 3414 Ἀλλ’
529 3363 698 3433 ἄλλην
721 3364 781 3427 ἐξ
806 3366 1116 3435 ἀμηχανίας
1144 3365 1391 3436 ἐτρὰπης
1417 3368 1550 3433 666/,
1574 3370 1666 3421 καὶ
1687 3368 1851 3437 εὐαγ-

261 3454 516 3519 γελικῶν
547 3456 812 3524 ῥημάτων
858 3459 1208 3527 μεμνημένος
1243 3459 1468 3526 ἐπάγεις
1518 3478 1608 3530 μοι
1638 3462 1812 3529 λέγων
1835 3477 1847 3491 ·

260 3546 403 3607 Πῶς
434 3547 597 3599 αὐτὸν
622 3547 756 3601 Θεὸν
774 3547 1200 3619 λογισθήσομαι,
1228 3548 1287 3611 ὃς
1303 3550 1379 3619 τῷ
1400 3552 1610 3621 νομικῴ
1640 3553 1849 3605 εἰπόντι

260 3638 418 3707 πρὸς
472 3638 659 3702 αὑτὸν,
699 3658 716 3690 ι
744 3640 1045 3692 Διδάσκαλε
1097 3641 1291 3707 ἀγαθὲ,
1325 3660 1343 3693 ι
1381 3640 1533 3695 εἶπεν
1560 3660 1572 3673 ·
1609 3662 1627 3694 ι
1665 3644 1854 3707 Οὐδεὶς

254 3732 483 3796 ἀγαθὸς
512 3734 559 3783 εἱ
593 3731 679 3801 μὴ-
701 3732 864 3799 μόνος
886 3734 914 3784 6
957 3734 1129 3796 Θεόςς
1164 3751 1180 3783 ι
1220 3734 1329 3786 Καὶ
1364 3736 1423 3785 ὲν
1475 3734 1711 3803 πρώτοις
1751 3737 1851 3805 μὲν

258 3825 424 3890 λέγω
452 3838 563 3875 σοι·
598 3841 616 3872 ι
638 3822 734 3885 Τίς
768 3824 1023 3877 κοινωνία
1051 3826 1191 3892 φωτὶ
1223 3824 1357 3893 πρὸς
1391 3826 1581 3887 σκότος
1609 3843 1623 3891 ;
1666 3844 1683 3877 ο
1729 3828 1852 3891 [Ιῶς

254 3913 687 3978 ὲπεντρανὲξειν
706 3916 770 3984 τῇ
792 3915 1122 3984 εὐαγγελικῇ
1148 3914 1275 3986 δόξῃ
1298 3919 1617 3987 ἐπιχειρεῖς,
1640 3918 1852 3989 καλύμ-

258 4022 452 4072 ματος
511 4006 864 4075 ἐπικειμένου
917 4008 1029 4069 τοῖς
1086 4012 1301 4077 νοητοῖς
1357 4009 1657 4079 ὀφθαλμοῖς
1713 4027 1849 4078 σου;

256 4096 484 4165 Ἀφελε
526 4097 585 4149 τὸ
616 4098 1015 4167 κάλυμμα,καὶ
1046 4098 1380 4169 παρακύψας
1417 4101 1530 4172 ἴδῃς
1558 4101 1656 4171 τὴν
1690 4093 1851 4169 δόξαν

252 4189 526 4258 Κυρίουο
563 4207 580 4240 ι
624 4190 1005 4259 Ἀποκὰλυψον
1056 4188 1202 4262 γὰρ,
1259 4193 1427 4263 φησὶ,
1479 4196 1605 4258 τοὺς
1649 4195 1849 4263 ὀφθαλ-

252 4279 411 4351 μούς
459 4296 583 4349 μου,
620 4283 714 4334 καὶ
751 4284 1070 4353 κατανοήσω
1113 4284 1183 4337 τὰ
1220 4284 1503 4354 θαυμάσια
1538 4276 1600 4338 ὲκ
1635 4286 1730 4339 τοῦ
1762 4288 1847 4341 νό-

1959 3092 2255 3161 problema,
2280 3108 2312 3145 ο
2339 3095 2517 3163 putris
2550 3102 2726 3148 mente
2754 3100 2809 3147 et
2838 3095 3175 3163 inconstans.

2030 3371 2230 3425 Verum
2262 3384 2326 3424 ex
2361 3370 2673 3425 ditﬁeultate
2705 3372 2759 3424 in
2779 3371 2937 3426 aliam
2962 3372 3257 3427 translatus
3283 3385 3343 3425 es
3369 3372 3531 3436 viam,

1956 3474 2010 3518 et
2048 3463 2483 3535 evangelicorum
2538 3465 2831 3519 verborum
2882 3464 3201 3519 recordatus
3253 3462 3534 3533 subjungis

1958 3555 2092 3607 mihi
2122 3555 2308 3609 dicens
2340 3571 2353 3607 :
2382 3554 2667 3620 Quomodo
2689 3555 2865 3623 ipsum
2892 3556 3057 3609 Deum
3092 3561 3273 3607 mente
3298 3553 3536 3623 cogitare

1956 3655 2161 3715 potero,
2188 3647 2277 3716 qui
2307 3647 2617 3716 legisperito
2667 3646 2872 3701 dicenti
2912 3665 2926 3701 :
2978 3664 2995 3697 ι
3032 3644 3284 3716 Magister
3316 3644 3478 3706 bone,
3510 3662 3528 3694 ι
3560 3690 3566 3696 .

1958 3739 2280 3807 respondit:
2343 3756 2360 3789 ι
2399 3736 2570 3793 Nemo
2608 3739 2784 3793 honus
2841 3740 2943 3793 nisi
2996 3738 3145 3794 solus
3178 3736 3370 3793 Deus?
3400 3756 3417 3788 ι
3468 3736 3537 3792 Et

1956 3831 2193 3899 primum
2230 3830 2446 3897 quidem
2493 3845 2522 3882 a
2581 3838 2631 3883 te
2673 3838 2835 3896 peto:
2881 3847 2897 3878 ι
2933 3829 3063 3892 Quae
3110 3830 3535 3884 communicatio

1952 3920 2093 3974 lucis
2121 3934 2245 3974 cum
2281 3917 2553 3972 tenebris?
2591 3936 2610 3968 ι
2646 3917 2932 3982 Quomodo
2971 3917 3239 3971 obniteris
3293 3932 3534 3987 evange—

1953 4012 2118 4065 licum
2148 4024 2366 4064 sensum
2399 4009 2634 4077 aperire,
2667 4008 2917 4063 obductis
2946 4007 3206 4062 velamine
3231 4008 3405 4063 oculis
3430 4020 3535 4064 tua:

1953 4102 2189 4157 mentis?
2249 4101 2413 4154 Aufer
2454 4101 2727 4163 velamen,
2782 4107 2837 4154 et
2883 4099 3274 4170 introspiciens
3325 4100 3531 4157 videbis

1955 4194 2177 4264 gloriam
2219 4193 2462 4246 Domini:
2498 4191 2703 4246 dictum
2725 4202 2809 4247 est
2840 4191 3024 4246 enim:
3066 4210 3083 4243 ι
3114 4190 3315 4246 Revela
3346 4192 3532 4248 oculos

1958 4300 2129 4349 meos,
2186 4295 2240 4339 et
2296 4284 2656 4340 considerabo
2718 4282 2983 4338 mirabilia
3039 4283 3106 4337 de
3172 4283 3290 4354 iege
3352 4291 3462 4336 tua.
3510 4300 3525 4331 ι

250 4390 377 4443 μου
409 4390 529 4426 σου.
557 4392 575 4426 ι
618 4374 889 4443 Περιελὼν
923 4376 1020 4446 τὴν
1050 4380 1144 4429 τοῦ
1177 4377 1450 4447 στόματός
1480 4394 1575 4430 σου
1604 4378 1849 4448 πικρίαν,

1958 4364 2225 4432 Auferens
2251 4377 2319 4432 ab
2350 4390 2443 4431 ore
2476 4383 2566 4430 tuo
2601 4374 3042 4435 amaritudinem.
3076 4375 3317 4444 gustabis
3362 4388 3528 4427 evan-

245 4465 496 4533 γεύσεις
525 4465 619 4518 τοῦ
658 4466 1017 4535 εὐαγγελικοῦ
1067 4470 1306 4538 μέλιτος,
1350 4468 1444 4522 καὶ
1482 4468 1679 4538 ἡδονῆς
1720 4472 1853 4524 ἁπο-

242 4558 496 4622 λαύσεις
536 4560 798 4629 ἀρρήτου.
838 4560 1028 4613 Ταῦτά
1074 4577 1133 4613 σε
1177 4561 1245 4614 τὰ
1291 4562 1513 4632 ῥήματα
1562 4563 1848 4618 σκανδαλί-

328 4674 456 4749 (16)
500 4673 863 4749 Mahomethis
893 4676 1001 4730 doli
1035 4686 1086 4731 et
1111 4678 1365 4749 ambages
1390 4680 1587 4747 quibus
1622 4680 1845 4734 allicere

238 4745 484 4818 studuit
544 4746 685 4798 male
747 4745 970 4818 feriatos
1024 4745 1550 4818 hominescujusvis
1594 4752 1841 4818 generis,

238 4817 617 4888 maximeque
685 4817 1139 4888 eoncupiscentiae
1196 4816 1439 4885 ipsorum
1502 4816 1846 4888 indulgentes

232 4885 605 4949 omnimode,
632 4885 826 4956 cuique
840 4885 947 4953 jam
968 4895 1260 4951 comperta:
1274 4900 1422 4947 sunt,
1438 4902 1615 4955 neque
1635 4885 1687 4939 in
1712 4904 1846 4956 pree-

233 4958 573 5025 sentiarum
597 4954 801 5007 arridet
828 4964 1041 5025 coctum
1077 4970 1391 5023 recoqucre.
1418 4957 1466 5009 Is
1488 4954 1635 5010 certe
1662 4954 1843 5025 utpote

230 5038 446 5082 matre
467 5022 650 5076 Iudaea
673 5033 852 5083 natus.
879 5023 1097 5077 Judaeos
1128 5025 1180 5076 in
1210 5022 1359 5090 spem
1389 5027 1561 5079 erexit
1592 5022 1843 5091 putantes

229 5100 422 5152 illum
438 5103 810 5164 exspectatum
832 5092 1175 5147 Servatorem
1194 5096 1498 5158 advenisse,
1518 5106 1679 5163 atque
1700 5111 1760 5148 ea
1776 5097 1841 5149 de

232 5178 435 5221 causa
458 5178 726 5233 synagoga
765 5166 969 5232 legatos
994 5163 1060 5216 ad
1090 5164 1266 5231 ipsum
1300 5164 1719 5233 laudatoresque
1746 5166 1842 5217 mi-

228 5241 343 5302 sit,
377 5250 520 5303 pene
540 5249 719 5301 regem
740 5233 842 5287 sibi
857 5234 1153 5303 constitutu
1164 5250 1241 5288 ra.
1258 5234 1329 5286 Ita
1351 5250 1511 5302 porro
1526 5235 1837 5300 Cedrenus:

228 5300 331 5360 Uir
361 5300 429 5355 δὲ
464 5300 868 5375 πεπλανημένοι
912 5300 1175 5375 Ἑϐραῖοι-
1191 5305 1247 5354 ἐν
1296 5300 1439 5373 ἀρχῇ
1471 5306 1595 5375 τῆς,
1630 5316 1841 5375 παρου-

229 5380 384 5435 σίας
421 5374 582 5443 αὐτοῦ
606 5368 864 5441 ἐνόμισαν
909 5368 1086 5443 αὐτον
1125 5368 1263 5425 εἶναι
1320 5368 1437 5426 ειν
1471 5368 1603 5443 παρ’
1654 5368 1838 5437 αυτοῖς

225 5442 1020 5515 προσδοκώμενον-Χριστόν*
1060 5441 1159 5515 ᾡς*
1190 5444 1282 5494 καί
1343 5460 1496 5515 τινας
1530 5441 1626 5515 τὸν
1680 5445 1834 5515 ἀριθ-

230 5511 361 5584 μὸν
422 5514 554 5584 δέκα
621 5512 961 5584 προῦχοντας
1021 5511 1201 5584 αὐτῷν
1258 5514 1589 5584 προσελθεῖν
1658 5513 1827 5582 αὐτῷ,

224 5581 487 5654 ἀφεῖναί
525 5598 583 5633 τε
607 5583 707 5647 τὴν
753 5581 844 5632 τοῦ
876 5581 1105 5633 θεόπτου
1139 5581 1400 5646 Μωσέως,
1430 5584 1524 5635 καὶ
1574 5581 1827 5651 δέξασθαι

520 5680 793 5738 Ρηιιοι.
835 5677 952 5737 Gn.
989 5676 1261 5737 CLVIII.

1952 4470 2183 4541 gelicum
2213 4470 2340 4531 mel,
2380 4477 2433 4523 et
2466 4468 2730 4535 suavitate
2760 4468 2958 4523 frueris
2991 4467 3282 4521 inenarrab
3304 4464 3365 4519 li'.
3402 4462 3529 4519 Haec

1951 4564 2111 4618 verba
2138 4560 2391 4615 seandalo
2428 4560 2521 4613 tibi
2552 4568 2699 4623 sunt,
2732 4560 2848 4614 haec
2882 4559 3036 4614 nobis
3077 4566 3137 4610 tu
3164 4558 3279 4627 ipse
3306 4555 3527 4626 objicis,

1950 4680 2048 4748 τὴν
2077 4674 2243 4732 αὑτοῦ
2276 4678 2594 4748 θρησκείαν,
2648 4677 2741 4748 καὶ
2775 4678 2886 4748 σὺνΔ
2917 4677 3068 4748 αὐτῷ
3122 4675 3333 4748 διᾴγειν
3361 4673 3527 4743 μέχρι

1948 4744 2045 4817 τῆς
2069 4749 2283 4815 σφαγῆς
2313 4744 2502 4799 αὑτοῦ.
2530 4746 2778 4800 Scilicet:
2802 4763 2832 4817 ν(
2859 4744 3029 4799 Judaei
3054 4745 3268 4817 interim
3290 4745 3350 4817 in
3378 4759 3529 4798 erro-

1950 4816 2063 4872 rem
2097 4817 2340 4881 abducti,
2371 4832 2495 4869 cum
2527 4817 2759 4885 primum
2798 4816 2843 4869 is
2877 4817 3105 4878 exstitit,
3140 4816 3528 4868 existimarunt

1948 4888 2098 4941 illum
2134 4903 2251 4940 esse
2288 4886 2591 4948 Christum,
2639 4900 2800 4953 quem
2842 4887 3258 4955 exspectabant,
3293 4886 3428 4938 adeo
3469 4895 3529 4937 ut

1946 4959 2136 5011 decem
2172 4972 2403 5010 numero
2438 4957 2530 5008 viri
2564 4970 2817 5023 proceres
2852 4956 2918 5009 ad
2948 4970 3071 5009 eum
3117 4970 3238 5008 sese
3270 4956 3523 5009 contule—

1949 5028 2074 5090 rint,
2113 5027 2434 5095 desertaque
2459 5024 2641 5084 Mosis.
2671 5025 2756 5078 cui
2788 5038 2845 5079 se
2885 5025 3177 5079 videndum
3213 5025 3351 5095 Deus
3386 5039 3524 5092 pra:-

1945 5096 2157 5161 huerat,
2189 5094 2469 5165 religiene,
2513 5095 2684 5163 ipsius
2713 5096 3151 5163 superstitiosam
3184 5094 3521 5164 impietatem

1946 5166 2179 5234 amplexi
2208 5167 2338 5232 sint,
2369 5176 2423 5218 et
2454 5181 2623 5233 usque
2661 5165 2726 5217 ad
2755 5167 2873 5233 ejus
2898 5169 3099 5220 caedem
3132 5165 3231 5233 ipsi
3275 5165 3521 5217 adhaese-

1946 5237 2075 5307 rint.
2118 5254 2134 5286 ι
2177 5236 2279 5299 Qui
2333 5235 2483 5303 plura
2534 5236 2706 5307 cupit,
2741 5236 2900 5290 adeat
2958 5237 3133 5305 ipsum
3188 5234 3517 5295 Cedrenum,

1943 5302 2749 5377 Zonaram,et’D‘amascenum
2786 5321 2953 5374 penes
2982 5302 3264 5377 antiquos,
3297 5311 3462 5377 atque
3477 5313 3517 5374 te

1944 5375 2341 5448 recentioribus
2371 5374 2660 5448 Historiam
2705 5371 3075 5448 universalem
3109 5371 3138 5426 a
3183 5371 3519 5448 doctissimis

1942 5444 2009 5497 Br
2036 5444 2221 5516 tannis
2247 5446 2376 5499 viris
2404 5446 2810 5516 absolutissime
2840 5443 3372 5516 coniciimatam,_ubi
3406 5451 3521 5516 ont—

1941 5513 2241 5594 nialanda
2294 5526 2348 5570 et
2388 5514 2612 5569 infanda
2660 5516 2893 5585 hujusce
2927 5511 3383 5582 ψευδοπροφήτου
3441 5511 3521 5559 itt-

1944 5593 2144 5639 veniet.

3129 5678 3211 5739 28
