4058 6196
376 380 482 447 853

1716 395 1844 458 EPI
1854 398 2088 459 STOLA
2131 402 2281 463 XIV.

3539 413 3644 473 834

379 514 544 570 σχων,
581 496 683 553 οὒκ
732 498 797 553 ἂν
834 500 985 574 αὐτῷ
1033 502 1342 575 συνέπασχε
1395 505 1489 560 καὶ
1538 508 1608 562 τὰ
1660 511 1959 581 κτίσματα.

2072 515 2184 572 Nisi
2234 515 2487 572 conditor
2566 526 2708 574 esset
2773 518 2868 590 qui
2915 519 3265 590 patiebatur,
3341 536 3449 575 non
3517 539 3649 578 sane
3720 504 3723 507 6

378 589 515 659 Περὶ
549 589 736 658 μέντοι
763 591 856 645 τοῦ
886 592 1029 645 κατὰ
1051 592 1145 647 τὸν
1170 596 1411 667 σταυρὶν
1443 603 1758 670 σκοτασμοῦ
1783 619 1958 673 προη-

377 682 637 750 γόρευται
690 682 791 752 μὲν
847 684 940 737 καὶ
992 683 1070 755 τῷ
1117 685 1317 759 Ἡσαΐᾳ
1364 688 1621 758 λέγοντιο
1661 712 1678 745 ι
1722 694 1984 749 Ἑνδύσω⁶

377 770 471 824 τὸν
498 771 727 842 οὐρανὸν
758 774 968 841 σκότος,
1008 778 1105 831 κει)⁵
1142 777 1218 842 ὡς
1269 780 1470 835 σάκκον
1524 783 1677 854 θήσω
1707 785 1767 837 τὸ
1801 804 1961 856 περι-

381 862 595 914 σόλαιον
646 864 835 921 αὐτοῦ.
868 884 886 918 ι
925 871 1254 940 Προείρηται
1274 872 1331 924 ὁὶ
1355 874 1451 927 καὶ
1477 875 1624 946 αύτῷ
1652 876 1732 946 τῷ
1753 877 1959 946 ’Ᾱμὼςο

388 972 406 1005 ι
435 954 670 1007 Δύσεται
710 957 844 1026 γὰρ,
879 977 898 1008 ‹
928 961 1113 1027 φησὶν,
1151 980 1170 1013 ι
1212 964 1239 1016 6
1271 964 1421 1034 ἥλιος
1457 968 1828 1038 μεσημϐρίας,
1867 969 1962 1021 καὶ

384 1048 708 1102 συσκοτάσει
734 1050 827 1102 ἐπὶ
859 1051 960 1121 τῆς
993 1054 1095 1121 γῆς
1132 1054 1190 1107 ἐν
1220 1056 1405 1128 ἡμέρᾳ
1435 1058 1496 1110 τὸ
1526 1059 1663 1126 φῶς.
1695 1079 1714 1112 ι
1750 1061 1815 1112 Τί
1843 1061 1962 1113 τού·

381 1153 476 1190 του
511 1140 950 1212 παραδοξότερον
990 1145 1160 1199 εἰπὼν
1201 1149 1230 1200 6
1274 1151 1582 1221 προφήτης,
1623 1170 1640 1203 ι
1675 1151 1906 1206 Δύσεται
1936 1157 1962 1207 ὁ

381 1229 533 1298 ἥλιος
574 1234 951 1305 μεσημσρίας,
989 1255 1008 1288 ι
1044 1240 1140 1290 κχὶ
1188 1240 1360 1310 αὐτὴν
1407 1241 1505 1310 τὴν
1554 1243 1706 1312 ὥραν
1738 1245 1863 1297 καθ’
1896 1246 1965 1315 ῆν

386 1318 713 1389 ἐσταυροῦτο
740 1324 768 1374 6
790 1323 993 1394 Κύριος
1018 1341 1033 1356 ο
1069 1343 1088 1377 ι
1129 1325 1275 1380 Ὠσεὶ
1305 1327 1424 1399 ὥρα
1473 1331 1606 1401 ἕκτη
1652 1328 1740 1401 ἦν.
1785 1353 1803 1384 ι

470 1425 611 1477 Ἀλλ’
655 1427 717 1479 οὐ
752 1427 884 1499 δέχῃ
934 1431 1002 1483 τὰ
1047 1430 1360 1502 λεγόμενα·
1407 1437 1621 1507 φενάκη
1658 1439 1717 1491 δὲ
1761 1439 1960 1506 ταῦτα,

387 1517 486 1572 καὶ
512 1518 708 1586 ψεῦδος
734 1519 884 1597 opus!
917 1538 1021 1587 σοι,
1063 1524 1159 1575 καὶ
1181 1524 1241 1576 ού
1273 1526 1553 1590 πιστεύεις
1587 1530 1793 1597 αὐτοῖς,
1828 1533 1966 1601 μηδὲ

387 1610 741 1674 πιστεύσειας
795 1612 1057 1667 πώποτεο
1108 1615 1346 1670 ἔκπαλαι
1397 1618 1829 1692 σκληροκάρδιος
1876 1618 1967 1677 εἴ·

384 1701 626 1771 ἀρχῆθεν
650 1702 884 1774 ἀπιστίᾳ
926 1707 1105 1768 νοσεῖς
1126 1720 1141 1737 ⁸
1175 1707 1232 1758 ἐν
1267 1708 1461 1780 ἐρήμῳ
1495 1710 1665 1765 πάλαι
1693 1713 1968 1768 τοσούτων

383 1793 612 1860 ἀγαθῶν
658 1793 1000 1863 ἀπολαύσας,
1044 1797 1318 1853 τοσούτων
1348 1801 1601 1869 τεράτων
1637 1804 1839 1873 θεατὴς
1869 1823 1966 1873 γε-

1910 1898 1935 1911 -
2001 1863 2043 1916 Β

383 1876 579 1953 γονὼς.
629 1888 730 1940 οὐκ
783 1888 1073 1957 ὲνέμεινας
1130 1891 1208 1960 τῷ
1247 1894 1560 1963 ἑνεργοῦντι
1608 1897 1782 1951 ταῦτα
1826 1898 1968 1967 Θεῷ,

382 1978 521 2032 ἀλλὰ
555 1979 679 2032 καθ’
701 1980 850 2049 ὥραν
886 1982 1210 2052 ὲγὸγγυζες,
1236 1985 1353 2059 ,καὶ
1392 1987 1683 2058 ὲπείραζες
1726 1990 1819 2041 τὸν
1855 1990 1969 2043 K6-

386 2086 504 2138 ριον
549 2070 755 2140 λέγων·
801 2090 819 2124 ι
855 2075 915 2126 El
962 2075 1111 2129 ἔστιν
1158 2077 1217 2129 ἑν
1265 2079 1397 2148 ἡμῖν
1449 2081 1680 2149 Κύριος,
1730 2084 1761 2152 ἦ
1809 2083 1906 2147 οὓς
1944 2102 1963 2136 ι

386 2160 501 2215 Καὶ
527 2161 590 2215 τὸ
618 2162 810 2231 μεῖζον
831 2165 1075 2231 πάντων,
1103 2166 1258 2232 θεοὺς
1284 2170 1551 2240 ἐζήτησας
1580 2173 1629 2225 οἳ
1659 2174 1971 2244 προπορεύ-

389 2255 576 2307 σονταὶ
607 2271 728 2308 σου.
767 2257 879 2309 Καὶ
918 2257 971 2310 τι
1016 2258 1122 2329 χρὴ
1156 2261 1286 2330 περὶ
1324 2262 1433 2315 τῶν
1483 2262 1783 2332 θαυμάτων
1816 2266 1971 2335 φιλο-

387 2349 632 2412 νεικεῐν;
667 2344 848 2417 Αὐτὴν
888 2348 1115 2419 ταύτην,
1165 2353 1213 2404 εἰ
1264 2352 1467 2421 βούλει,
1526 2356 1624 2425 τὴν
1655 2358 1713 2409 ὲν
1742 2357 1821 2427 τῷ
1862 2356 1972 2410 ἀπὸ

390 2438 625 2502 κτίσεως
672 2440 881 2510 κόσμου
936 2445 1468 2514 πεντακισχιλιοστῷ
1526 2449 1969 2520 πεντακοσιοστῷ

388 2531 501 2584 ἔτει
529 2535 821 2599 γεγονυῖαν
869 2534 1008 2602 πρὸς
1055 2536 1203 2605 ἡμᾶς
1250 2535 1435 2602 ἄφιξιν
1475 2538 1570 2591 τοῦ
1625 2541 1831 2609 Κυρίου
1872 2540 1969 2594 καὶ

390 2624 647 2693 Σωτῆρος
685 2625 844 2694 ἡμῶν
881 2623 1060 2693 Ἰησοῦ
1105 2625 1345 2701 Χριστοῦ
1386 2625 1720 2697 διισχυρίζου
1771 2629 1970 2697 μηκέτι

389 2712 588 2779 ἐλθεῖν,
626 2715 722 2768 καὶ
752 2714 898 2767 οὕτω
941 2716 1141 2781 δείξεις
1173 2718 1321 2787 ἡμᾶς
1355 2718 1447 2769 ἐπὶ
1475 2718 1611 2769 πᾶσι
1642 2718 1972 2785 ματαιάζον-

391 2821 515 2870 τας.
565 2806 705 2859 Ἀλλ’
736 2806 923 2871 ἔλαθες
950 2808 1166 2871 ἑαυτὸν,
1200 2802 1245 2861 ὦ
1275 2808 1461 2877 δύσερι
1523 2809 1610 2872 σὺ,
1644 2809 1734 2860 καὶ
1773 2806 1973 2874 σοὸαρὲ

393 2897 489 2948 καὶ
514 2894 797 2965 ὕπέρογκε
824 2912 838 2926 ο
872 2898 1083 2967 ταύτην
1119 2898 1275 2968 ὑμῶν
1308 2898 1405 2969 τὴν
1438 2897 1632 2968 βουλὴν
1661 2897 1973 2965 ἐματαέωσε

391 2987 621 3057 Κύριος,
652 2987 728 3052 ὡς
757 2989 926 3044 πάλαι
961 2992 1060 3062 τὴν
1109 2990 1305 3061 βουὶὴν
1344 2991 1651 3061 Ἀχιτόφελ,
1685 2988 1770 3057 ἐφ’
1803 2981 1847 3055 ᾧ
1880 2986 1975 3040 καὶ

391 3079 473 3153 τῷ
497 3080 598 3150 τῆς
624 3082 937 3154 ἀμηχανίας
978 3084 1157 3154 βρόχῳ
1195 3086 1316 3137 κατ’
1342 3086 1550 3139 ἐκεῖνον
1578 3081 1972 3155 συμπνίγεσθε.

2061 623 2182 664 cum
2228 608 2348 679 ipso
2394 618 2447 664 et
2476 619 2658 666 creata
2687 626 2845 680 passa
2875 620 3081 667 essent.
3134 613 3208 667 De
3256 614 3649 670 obscuratione

2063 699 2287 769 quidem
2336 701 2480 755 circa
2522 716 2741 756 crucem
2762 701 2881 773 jam
2908 704 3339 773 prrenuntiatum
3374 706 3553 760 fuerat
3590 718 3649 761 et

2063 790 2217 847 Isaia:
2236 792 2473 847 dicenti:
2498 812 2515 844 ι
2541 772 2773 849 Ιιιάιιοιιῖ
2790 797 2986 850 coelum
3008 797 3261 867 caligine,
3277 808 3333 851 et
3349 799 3512 852 veluti
3531 814 3651 853 sae-

2066 898 2195 937 cum
2223 900 2424 954 ponam
2449 886 2712 939 amictum
2737 887 2874 956 ejus.
2910 906 2928 940 ι
2958 888 3284 942 Praedictum
3312 906 3443 943 vero
3469 902 3521 945 et
3544 891 3648 958 ipsi

2064 975 2271 1029 Amos:
2300 994 2316 1046 ς
2347 974 2573 1030 Occidet
2596 977 2769 1039 enim,
2790 977 2886 1041 ait,
2914 979 2995 1033 sol
3022 978 3078 1031 in
3103 980 3349 1038 meridie.
3372 990 3427 1034 et
3448 981 3535 1034 lux
3560 997 3649 1034 su-

2067 1080 2165 1135 per
2192 1075 2227 1118 ti
2249 1082 2392 1120 rram
2417 1068 2871 1123 contenebrescet
2901 1070 2955 1122 in
2990 1069 3097 1124 die.
3136 1087 3154 1120 ι
3189 1071 3458 1137 Quiddam
3483 1074 3646 1126 etiam

2063 1158 2443 1214 incredibilius
2463 1160 2769 1229 adjungens
2786 1162 3052 1229 propheta
3068 1163 3249 1217 verbis
3270 1181 3281 1214 :
3299 1162 3551 1218 «Occidet
3571 1165 3653 1218 sol

2066 1252 2121 1304 iit
2159 1251 2420 1313 meridie,
2452 1269 2469 1302 ι
2501 1252 2674 1321 ipsam
2698 1253 2910 1307 scilicet
2941 1255 3168 1319 horam,
3197 1254 3250 1307 in
3283 1271 3387 1324 qna
3429 1258 3650 1309 cruciﬁ-

2068 1358 2176 1397 xus
2200 1352 2285 1397 est
2304 1344 2679 1407 Dominus,ait
2701 1364 2713 1398 :
2736 1364 2753 1395 ι
2772 1344 2915 1399 Ilora
2933 1346 3077 1399 enim
3093 1358 3212 1400 erat
3241 1347 3399 1416 quasi
3427 1360 3604 1401 sexta.
3629 1366 3647 1399 ι

2140 1446 2249 1501 Sed
2278 1447 2422 1502 dicta
2451 1464 2560 1502 non
2588 1448 2869 1514 admittis;
2896 1450 3153 1518 dereptio
3188 1451 3324 1515 haec,
3385 1467 3448 1505 ac
3505 1468 3656 1506 men-

2072 1538 2291 1593 dacium
2348 1539 2445 1594 tibi
2505 1540 2794 1605 videntur;
2838 1541 2993 1595 hisce
3046 1557 3158 1594 non
3200 1542 3429 1605 credis,
3480 1558 3657 1610 neque

2072 1646 2315 1702 unquam
2369 1632 2692 1697 credidisti;
2750 1633 3084 1700 jampridem
3132 1634 3270 1688 duro
3321 1649 3382 1688 es
3424 1634 3588 1689 corde
3634 1646 3651 1690 :

2064 1723 2177 1794 jam
2232 1723 2301 1778 ab
2358 1723 2517 1777 initio
2580 1723 2968 1779 incredulitate
3031 1725 3247 1779 laboras
3298 1742 3311 1778 :
3364 1727 3421 1779 in
3464 1739 3651 1779 eremo

2074 1812 2205 1866 olim
2274 1812 2445 1866 tantis
2507 1811 2799 1883 perfruens
2855 1813 3015 1869 benis
3081 1830 3144 1867 ac
3209 1824 3486 1868 tantorum
3549 1816 3654 1867 mi-

2075 1902 2383 1956 raculorum
2440 1912 2717 1971 spectator
2752 1903 2954 1963 factus.
2991 1904 3045 1957 in
3091 1905 3209 1959 haic
3242 1914 3505 1973 operante
3544 1904 3653 1958 Deo

2076 2006 2187 2067 non
2225 1992 2595 2062 permansisti,
2632 1992 2726 2047 sed
2759 1994 2993 2063 singulis
3045 1996 3197 2049 horis
3246 1994 3650 2057 murniurabas,

2074 2092 2130 2138 et
2186 2084 2439 2139 tentabas
2487 2084 2777 2139 Dominum
2824 2086 3057 2140 dicens:
3096 2105 3115 2137 ι
3154 2086 3209 2139 Si
3247 2096 3330 2141 est
3383 2086 3437 2139 in
3492 2085 3654 2138 nobis

2076 2176 2363 2241 Dominus,
2397 2191 2463 2230 an
2494 2176 2645 2230 non?
2680 2195 2699 2228 ι
2763 2174 2828 2230 Et
2858 2177 3002 2244 quod
3057 2175 3299 2231 omnium
3354 2176 3651 2228 maximum

2073 2276 2179 2333 est,
2210 2269 2494 2338 quaerebas
2522 2268 2653 2323 deos
2702 2268 2795 2338 qui
2837 2277 2890 2323 te
2934 2269 3329 2336 praecederent.
3366 2265 3472 2319 Sed
3519 2265 3652 2334 quid

2073 2368 2292 2429 oportet
2338 2361 2406 2414 de
2460 2359 2804 2414 mirabilibus
2874 2358 3197 2426 disputare?
3239 2356 3390 2410 Hanc
3450 2357 3653 2425 ipsam,

2070 2452 2116 2506 si
2136 2452 2309 2515 lubet,
2335 2453 2387 2505 in
2413 2466 2555 2504 anno
2573 2450 2867 2519 quinquies
2895 2449 3191 2502 millesimo
3208 2447 3655 2517 quingentesimo

2071 2544 2141 2597 ab
2168 2546 2299 2597 orbe
2329 2542 2551 2596 condito
2620 2542 2817 2595 factam
2886 2539 3289 2609 apparitionem
3347 2538 3490 2603 apud
3552 2552 3655 2591 nos

2072 2631 2291 2686 Domini
2319 2641 2373 2686 et
2404 2631 2703 2685 Salvatoris
2737 2631 2910 2684 nostri
2959 2629 3093 2685 Jesu
3129 2629 3357 2692 Christi,
3412 2626 3653 2682 allii-mis

2074 2724 2317 2777 nondum
2351 2723 2665 2786 advenisse,
2731 2730 2788 2775 et
2843 2721 2922 2776 sic
2979 2721 3235 2775 ostendes
3285 2735 3385 2773 nos
3430 2720 3655 2772 omnino

2074 2815 2300 2869 vanitati
2338 2814 2622 2868 studentes
2656 2828 2866 2866 rerum.
2894 2812 3001 2866 Sed
3044 2821 3155 2866 tete
3187 2812 3367 2880 ipsum
3405 2811 3651 2880 ignoras,

2074 2921 2106 2962 0
2135 2906 2498 2969 contentiose,
2530 2905 2775 2959 l'astuose
2803 2919 2866 2958 ac
2903 2905 3178 2973 superbe;
3234 2916 3475 2957 vestrum
3544 2901 3650 2955 hoc

2076 2995 2369 3050 consdium
2422 2995 2585 3048 inane
2636 2994 2874 3048 reddidit
2904 2995 3189 3059 Dominus,
3243 2994 3320 3048 uti
3374 2993 3648 3062 quondam

2076 3085 2369 3140 consilium
2399 3085 2776 3156 AcltitOplielis
2818 3085 3027 3158 (ﬁt-l0)
3067 3092 3288 3156 propter
3310 3099 3418 3155 quo
3456 3078 3648 3138 eodem

395 3285 808 3363 thynial‘licteze
837 3288 991 3344 urbis
1025 3290 1221 3345 multas
1244 3292 1389 3346 mdes
1416 3291 1781 3348 snbverterit:
1810 3299 1864 3346 et
1893 3289 1992 3345 Ju-
2018 3292 2061 3354 C
2094 3294 2280 3351 audire
2330 3294 2495 3348 etiam
2541 3291 2645 3345 hac
2677 3290 2744 3346 de
2788 3306 2846 3346 re
2896 3291 3299 3347 Tlieodoretum
3333 3292 3563 3359 interpr.
3594 3292 3649 3346 in

394 3357 504 3431 litis
572 3358 863 3431 Africanus
910 3370 1139 3413 testatur
1193 3363 1383 3416 eadem
1444 3379 1582 3431 pene
1636 3376 1964 3416 memorasse

395 3430 650 3485 Thallum
679 3430 734 3483 in
761 3428 855 3482 lib.
885 3443 943 3483 ιιι
970 3445 1192 3484 suarum
1230 3428 1612 3486 Historiarum.
1649 3433 1839 3487 Mirum
1864 3433 1969 3487 hoc

398 3512 703 3555 monstrum
744 3507 867 3566 post
914 3500 1196 3553 hominum
1249 3503 1563 3555 memoriam
1600 3501 1736 3557 nulli
1775 3517 1970 3555 secun-

396 3570 525 3624 dum
556 3567 810 3638 permulti
853 3569 982 3623 hinc
1020 3570 1148 3624 inde
1180 3570 1503 3625 imminuere
1533 3580 1643 3627 toto
1676 3582 1848 3624 marte
1876 3586 1973 3625 co-

398 3640 510 3694 nati
539 3647 687 3709 sunt,
722 3638 963 3708 Scaliger
992 3641 1268 3709 praecipue
1317 3650 1372 3693 et
1414 3639 1685 3695 Gerardns
1729 3640 1972 3704 Vossius,

400 3712 494 3777 qui
532 3708 781 3762 futilibus
817 3709 960 3762 haud
996 3708 1287 3764 rationum
1326 3711 1617 3766 momentis
1661 3710 1966 3764 naturalem

399 3776 644 3848 eclipsim
683 3776 854 3832 fuisse
899 3782 1190 3834 ostendere
1242 3780 1667 3835 contenderunt.
1710 3779 1965 3833 Nostrum

399 3864 511 3904 non
547 3856 631 3903 est
675 3848 764 3901 hic
808 3863 871 3902 ea
920 3850 1103 3903 omnia
1158 3864 1455 3917 recoquere
1500 3866 1618 3918 quae
1643 3850 1965 3914 Calmetius,

402 3920 547 3974 Serri
601 3926 656 3972 et
684 3920 927 3973 sexcenti
960 3920 1045 3972 alii
1077 3921 1167 3983 qui
1216 3919 1267 3974 in
1318 3920 1455 3972 lianc
1484 3935 1702 3973 arenam
1740 3919 1970 3972 descen-

400 3989 619 4050 derunt,
650 4002 896 4055 quosque
926 3990 1076 4043 adire
1109 3999 1286 4056 potest
1310 3992 1394 4043 cui
1425 3989 1637 4042 libitum
1660 4028 1673 4048 .
1712 3990 1967 4053 retulere,

400 4069 462 4112 ut
515 4058 835 4112 miraculum
885 4068 1153 4113 astruant.
1186 4058 1452 4126 nobisque
1484 4068 1567 4112 sat
1594 4059 1699 4111 erit
1726 4057 1971 4111 innuisse

399 4138 613 4183 veteres
642 4142 834 4182 omnes
870 4126 1119 4183 Ecclesiae
1145 4126 1331 4182 Patres
1360 4129 1460 4182 hoc
1486 4143 1611 4182 usos
1639 4143 1759 4181 esse
1801 4127 1965 4183 veluti

401 4196 716 4253 firmissimo
733 4208 1080 4265 argumento,
1106 4207 1164 4251 ut
1187 4196 1552 4255 ethnicorum.
1582 4208 1634 4250 et
1656 4196 1969 4251 Judscorum

398 4282 464 4322 os
488 4268 833 4321 obstruerent
854 4306 868 4328 .
895 4277 950 4321 et
977 4267 1223 4322 veritatis
1266 4276 1466 4321 nostra:
1500 4267 1774 4329 religioais
1809 4268 1970 4322 lidem

405 4336 709 4391 ﬁrmarent.
747 4335 859 4390 lino
916 4336 1192 4390 Lucianus
1245 4338 1359 4404 ipse
1410 4348 1634 4405 martyr,
1669 4344 1725 4391 et
1755 4336 1971 4392 Tertul-

402 4406 581 4460 lianus
623 4406 849 4460 mirifice
876 4406 1172 4461 ostendunt
1204 4406 1471 4473 eclipseos
1501 4407 1730 4473 hujusce
1759 4424 1966 4462 memo-

404 4476 540 4533 riam
570 4475 622 4530 itt
647 4486 890 4530 vett-rum
926 4476 1139 4543 publica
1177 4476 1439 4529 tabularia
1482 4477 1742 4540 relatam;
1777 4480 1965 4531 horum

403 4548 549 4599 enim
583 4548 720 4600 alter
762 4544 1093 4600 Nicomedia:
1138 4560 1324 4601 coram
1362 4547 1592 4615 praeside
1628 4565 1641 4600 :
1677 4565 1709 4597 ι.
1733 4547 1971 4602 Annales

404 4626 636 4680 vestros,
666 4616 863 4684 inquit,
887 4615 1158 4669 consulite
1186 4656 1199 4677 ,
1230 4626 1285 4669 et
1316 4615 1611 4671 invenietis
1641 4617 1795 4670 Pilati
1833 4630 1972 4670 tem-

404 4686 645 4755 poribus,
667 4687 796 4738 dutn
828 4692 1106 4751 pateretur
1122 4684 1397 4749 Christus,
1416 4689 1594 4741 media
1621 4688 1709 4741 die
1732 4686 1973 4755 fugatum

403 4754 594 4814 solem,
626 4768 683 4808 et
729 4756 1093 4821 interruptam
1136 4755 1314 4820 diem;
1357 4775 1376 4807 ι
1417 4756 1553 4811 alter
1587 4772 1716 4812 vero
1754 4754 1972 4811 causam

402 4823 838 4897 Christianorum
886 4825 1192 4881 defendens
1251 4826 1473 4897 Apolog.
1526 4843 1644 4894 cap.
1706 4826 1797 4890 2i,
1850 4828 1971 4881 ait:

411 4912 430 4947 ι
469 4893 670 4966 Eodem
708 4904 985 4948 momento
1025 4897 1161 4966 dies,
1197 4893 1437 4950 mediani
1488 4893 1677 4951 orbein
1724 4899 1974 4966 signante

401 4963 540 5025 sole,
575 4967 845 5019 subducta
875 4976 982 5036 est;
1017 4965 1319 5036 deliquium
1363 4976 1692 5035 putaverunt
1718 5006 1732 5025 ,
1780 4963 1873 5034 qui
1921 4967 1975 5020 id

401 5048 618 5103 qucque
674 5050 841 5103 super
880 5035 1097 5091 Christo
1150 5035 1502 5105 piatdiiatnm
1552 5052 1661 5089 non
1689 5036 1969 5096 scierunt,

402 5113 459 5156 et
508 5113 685 5158 tamen
732 5120 857 5159 eum
913 5107 1101 5159 mundi
1143 5121 1327 5160 casum
1364 5106 1589 5159 relatunt
1629 5109 1680 5159 in
1714 5106 1975 5159 arcliiviis

400 5173 598 5227 vestris
638 5176 871 5228 habetis.
908 5194 924 5223 ι
971 5175 1091 5230 Vid.
1125 5174 1304 5232 Natal.
1339 5175 1494 5231 Alex.
1531 5175 1732 5228 "mter.
1772 5174 1970 5228 Ercles.

401 5245 588 5315 saecul.
620 5260 658 5307 t,
690 5261 810 5312 cap.
839 5246 891 5307 5,
926 5244 953 5315 ᾗ
987 5248 1040 5304 5.
1070 5259 1119 5298 et
1154 5246 1378 5300 Paulum
1417 5245 1707 5299 Baudriuin
1740 5246 1794 5298 in
1826 5250 1974 5300 notis

403 5312 864 5386 adjlaactantiuin,
904 5312 1032 5386 tom.
1066 5315 1129 5374 ll.
1175 5333 1292 5386 pag.
1320 5317 1444 5371 546.

474 5384 683 5453 (34-10)
705 5384 1075 5452 Acltitophelis
1096 5384 1379 5441 historiam
1402 5388 1631 5455 ejusque
1655 5402 1817 5455 prava
1835 5401 1969 5439 con-

400 5452 520 5505 silia
563 5457 760 5522 quibus
791 5455 1032 5522 quotidie
1072 5460 1297 5522 urgebat
1344 5452 1671 5510 Absaloiieni
1713 5459 1762 5509 in
1805 5457 1970 5511 David

404 5533 612 5595 patrem
670 5539 829 5576 suam
889 5524 1057 5579 habes
1092 5526 1145 5579 'll
1181 5526 1313 5595 Ηυξ.
1354 5543 1473 5590 cap.
1510 5528 1592 5588 l6,
1638 5537 1691 5580 et
1746 5527 1828 5587 l7,
1878 5528 1968 5580 ubi

405 5593 608 5665 pariter
655 5607 907 5665 narratur
958 5596 1103 5660 quod
1166 5593 1282 5665 ipse
1342 5614 1364 5646 ι
1427 5598 1612 5649 videns
1656 5597 1800 5663 quod
1862 5613 1971 5650 non

342 5674 343 5677 ‘
402 5661 596 5716 fuisset
660 5663 860 5717 factum
914 5661 1203 5720 consilium
1242 5681 1401 5720 suum
1427 5704 1443 5727 ,
1486 5661 1686 5719 stravit
1716 5670 1967 5727 asinum,

402 5733 749 5800 surrexitque
788 5745 842 5787 et
871 5735 1002 5788 abiit
1044 5737 1096 5789 iit
1120 5737 1346 5789 domum
1395 5751 1581 5798 suam,
1614 5745 1665 5787 et
1710 5736 1969 5799 distiosita

401 5803 564 5857 domo
604 5817 740 5867 sua,
784 5806 1080 5868 suspendio
1141 5806 1366 5862 interiit.
1434 5823 1451 5855 ι
1513 5804 1735 5861 Praestat
1785 5810 1968 5861 tamen

2063 3367 2210 3422 Psal.
2254 3382 2328 3419 vit
2359 3404 2374 3425 ,
2419 3365 2490 3418 ita
2556 3377 2669 3414 rem
2730 3378 2956 3430 prorsus
3016 3373 3323 3418 narrantem
3371 3382 3384 3416 :

3441 3364 3654 3417 Ἀποδι-

2066 3438 2337 3509 δράσκωνΔ
2390 3436 2418 3487 6
2484 3431 2758 3509 μακάριος
2821 3433 3013 3509 Δαϐὶξ.
3053 3434 3155 3509 τὸν·
3221 3434 3526 3509 diastema,
3559 3430 3654 3509 καῖ

2069 3497 2409 3575 πίατραλοέαν
2462 3497 2823 3575 υἱὸνηέᾢε
2860 3501 3056 3575 Bonum
3110 3502 3199 3575 τὸν
3244 3497 3518 3575 Χουσῖδζ
3552 3503 3653 3575 ne:

2073 3572 2229 3631 πεεκε
2252 3574 2343 3628 τὸν
2383 3572 2743 3640 Ἀῦεσσαλὼμ
2772 3573 2842 3637 μὴ
2870 3572 3011 3624 κατὰ
3074 3574 3175 3640 τὴν
3207 3574 3495 3642 εἰσήγησιν
3552 3572 3648 3624 τοῦ

2086 3646 2373 3715 Ἀχιτόφελ
2406 3642 2931 3715 παραυτίκαγδιῶεαι
2956 3642 3046 3715 τον
3081 3643 3312 3715 πατέρα,
3369 3642 3508 3694 ἀλλὰ
3560 3643 3652 3715 τὸν

2079 3710 2206 3771 λαὸν
2243 3710 2460 3791 asa?“
2496 3710 2868 3791 συναγεῖραι,
2924 3712 3015 3791 καὶ
3042 3710 3349 3791 τηνικαῦτα
3369 3716 3525 3791 ,κατά
3552 3710 3649 3791 τού

2077 3784 2469 3863 γεγεννηκότος
2529 3781 2881 3863 στρατεῦσαι,
2915 3781 3253 3863 ςΑχθεσῦεὶς
3301 3783 3479 3863 τοίνυν
3555 3781 3653 3863 καὶ

2075 3851 2197 3907 λίαν
2216 3853 2565 3920 ἀδημονήσας
2595 3854 2624 3902 6
2662 3851 2966 3920 'Axttdtpa),
3009 3851 3084 3909 ὡς
3140 3852 3512 3920 αἱρετωτέρας
3551 3852 3651 3920 όφ..

2078 3924 2264 3984 θείσας
2296 3918 2392 3990 τῆς
2450 3918 3134 3990 τοῦᾲΧουσὶΑσυμβουλῆς,
3182 3918 3438 3990 asc/5152p
3486 3919 3650 3990 0.636;

2077 3986 2391 4061 γενόμενά,
2421 3987 2629 4061 thyrsi"
2650 3987 2888 4061 etyx’iv'q;
2924 3987 3140 4052 ἐδέξατο
3162 3986 3509 4061 τελευτή-ἰηι-
3540 3986 3651 4040 Fit-

2078 4056 2233 4131 giens
2269 4056 3408 4131 beatusDavidJiefariumetparricidam
3440 4057 3609 4131 lilium
3635 4098 3651 4121 ,

2078 4125 2383 4202 adjtttorem
2430 4128 2637 4202 invertit
2670 4126 2863 4202 Clittsi,
2903 4127 2995 4194 qui
3043 4127 3300 4202 dbsaloni
3339 4125 3649 4202 persuasit,

2081 4196 2161 4256 ne'
2180 4200 2476 4256 secundum
2500 4197 2877 4265 Aehitaphelis
2912 4196 3198 4249 consilium
3226 4198 3409 4249 statim
3437 4207 3645 4265 patrem

2081 4275 2501 4341 persequeretur
2522 4308 2539 4334 ,
2579 4266 2673 4321 sed
2715 4276 2774 4320 ut
2805 4265 2951 4333 prius
2980 4276 3443 4341 cogeret‘oinnem
3479 4280 3648 4333 μορυς

2079 4336 2225 4406 lum,
2259 4336 2335 4395 'ac
2369 4338 2495 4393 dein
2544 4346 2732 4406 contra
2789 4345 3070 4405 parentem
3133 4336 3333 4406 bellum
3387 4344 3646 4406 moveret.

2079 4405 2309 4466 Manere
2354 4408 2519 4469 igitur
2562 4405 2811 4469 alicctus,
2863 4415 2916 4459 et
2956 4405 3247 4459 admodum
3293 4405 3656 4459 conturbatus

2003 4474 2045 4565 ί)
2074 4474 2397 4565 Aphitophel
2424 4516 2439 4541 ,
2485 4493 2551 4565 ep
2599 4475 2745 4543 quod
2782 4474 3068 4565 consilium
3101 4476 3274 4565 Cliusi.
3309 4474 3657 4565 praestantius

2080 4554 2255 4606 visum
2278 4543 2480 4612 luerat,
2513 4546 2690 4599 fartus
2720 4543 2803 4601 sui
2834 4545 3002 4610 ipsius
3037 4544 3334 4608 homicida,
3362 4544 3658 4613 Sllspeltdtt)

2078 4626 2243 4674 vitam
2288 4618 2446 4671 liniit.
2489 4635 2505 4667 ι
2538 4615 2750 4669 Videsis
2775 4617 2936 4667 etiam
2964 4614 3289 4684 .losephum,
3320 4614 3449 4667 Jud.
3478 4614 3660 4681 Autiq.

2077 4692 2172 4745 lib.
2205 4706 2298 4748 vn.
2326 4703 2445 4756 cap.
2475 4688 2529 4748 9,
2562 4684 2848 4756 liistor_i_atn_
2884 4684 3020 4756 hanc
3056 4686 3281 4756 uberius
3308 4684 3659 4756 referentem.

2076 4760 2331 4814 Salianus
2373 4750 2422 4809 in
2478 4752 2676 4807 Annal.
2723 4750 2922 4807 Eccles.
2982 4753 3092 4807 Vet.
3151 4752 3289 4808 Test.
3342 4755 3410 4808 ad
3457 4770 3660 4806 annum

2078 4830 2266 4885 mundi
2296 4828 2459 4889 2980,
2498 4837 2631 4878 tom.
2668 4823 2756 4885 Ill,
2790 4841 2908 4894 pag.
2939 4825 3066 4890 ﬁt),
3091 4826 3250 4879 Num.
3288 4842 3444 4887 xvni,
3484 4825 3663 4893 prole-

2079 4916 2205 4954 rens
2246 4901 2408 4953 verba
2446 4895 2698 4950 versiculi
2726 4896 2818 4956 i5,
2853 4910 2903 4948 c.
2949 4912 3072 4962 xvt,
3110 4896 3206 4961 lib.
3252 4912 3289 4950 ll
3350 4896 3484 4965 lleg.
3539 4911 3663 4963 qua:

2078 4981 2206 5025 sunt
2251 4966 2606 5037 huiusmodi:
2649 4983 2666 5015 ι
2729 4965 3033 5037 (lotisiliunt
3084 4978 3266 5020 autem
3317 4965 3663 5035 Achitophel,

2078 5040 2224 5103 quod
2257 5033 2422 5092 dabat
2456 5039 2507 5089 in
2553 5035 2743 5089 diebus
2772 5033 2900 5096 illis,
2927 5038 3080 5103 quasi
3112 5038 3155 5089 si
3189 5037 3317 5105 quis
3348 5033 3664 5091 consuleret

2079 5108 2275 5170 Deum,
2301 5108 2383 5161 sic
2416 5116 2535 5167 erat
2564 5120 2725 5158 omne
2760 5107 3048 5159 consilium
3080 5107 3460 5177 Achitophel,»
3487 5106 3665 5173 elogio

2074 5180 2332 5234 donatum
2357 5190 2642 5246 perperatit
2661 5184 2828 5246 putat
2864 5178 3274 5244 Achitophi-lein
3302 5195 3330 5230 a
3358 5177 3661 5246 Scriptura,

2075 5263 2333 5317 eumque,
2360 5244 2573 5317 contra;
2597 5244 2696 5297 SS.
2737 5246 2953 5299 l’atruni
3004 5248 3161 5300 lidem
3194 5288 3207 5310 ,
3246 5247 3497 5317 omniurn
3524 5244 3666 5295 inter

2076 5311 2420 5373 consiliarios
2467 5316 2609 5385 regis
2660 5316 3146 5390 prudentissimum
3164 5325 3359 5390 _vocat.
3401 5333 3417 5363 ι
3461 5311 3660 5390 verum

2076 5390 2327 5443 laudatur
2362 5401 2491 5440 sane
2525 5383 2578 5438 in
2650 5386 2976 5454 Achitophel
3005 5426 3019 5447 ,
3054 5387 3129 5438 ait
3163 5384 3366 5441 Estius.
3402 5383 3618 5454 solertia
3650 5419 3664 5440 ,

2075 5475 2182 5511 non
2215 5458 2456 5527 probitas
2481 5498 2494 5520 ,
2528 5464 2622 5509 aut
2666 5451 2991 5527 νὶηυένοιῇ
3029 5456 3298 5527 nominis;
3334 5451 3668 5527 ct_la_tidatur

2074 5520 2396 5596 Acltitopliel
2448 5542 2512 5580 eo
2563 5526 2727 5580 modo
2796 5541 2904 5593 quo
2955 5525 3238 5596 Dominus
3271 5520 3665 5596 apndLuratn

2075 5591 2312 5670 villicum
2339 5595 2659 5670 iniquitatis
2692 5591 2899 5670 laudat,
2933 5594 3117 5670 aitque
3168 5591 3307 5670 illius
3344 5592 3510 5670 hujus
3544 5607 3663 5670 Israe-

2074 5668 2182 5720 culi
2219 5662 2603 5737 prudentiores
2634 5680 2756 5721 csse
2785 5665 2838 5718 iit
2873 5662 3322 5732 generationibus
3361 5665 3501 5733 suis,
3539 5662 3665 5717 litiis

2075 5736 2228 5794 lucis.
2265 5755 2284 5789 ι
