4058 6196
339 354 446 416 855
1554 356 1967 421 MICHAELlS
2000 360 2257 424 GLYCAZ
3468 368 3579 429 856

336 475 499 531 atque
533 462 620 515 ille
655 461 1037 530 imprudeth
1060 460 1253 528 laqueo
1284 452 1896 526 sull‘ocamini.Quaudo

2013 469 2203 523 Ἢνίκα
2238 468 2345 538 γὰρ
2374 467 2620 523 ἐτίκτετο
2674 470 2814 523 κατὰ
2862 471 3060 540 σάρκα,
3109 470 3281 524 πείθει
3324 471 3417 524 τὸν
3465 474 3574 525 Αύ-

333 561 479 613 cnitn
505 558 804 612 secundum
836 570 1054 608 carnem
1080 565 1239 607 natus
1256 564 1361 615 est,
1386 554 1676 620 persuadet
1704 556 1898 612 Cmsari

334 652 580 715 Augusto
603 647 914 701 describere
950 644 1257 698 universam
1292 651 1491 698 terram
1517 645 1649 714 (Il),
1683 662 1744 700 ea
1770 662 1902 702 sane

335 741 401 791 (le.
432 752 615 800 caiisa,
643 744 700 789 ut
732 734 990 789 Romanis
1041 730 1321 789 codicibus
1369 734 1631 803 inscripta
1670 751 1791 803 quas
1836 738 1902 791 de

334 843 399 879 co
424 826 561 877 facta
592 833 739 885 sunt,
780 822 883 875 [ide
911 823 1072 892 digna
1107 830 1292 876 essent
1350 823 1490 890 apud
1542 831 1789 891 posteros
1838 839 1902 878 ac

336 929 458 973 nota
483 959 497 980 ,
527 926 579 971 et
603 917 912 971 Iudaeorum
942 915 1141 968 exinde
1172 913 1664 981 blaspltetnantiutn
1696 929 1756 969 os
1805 915 1901 968 ob-

332 1017 657 1061 strueretur.
700 1006 841 1059 Deus
870 1014 988 1057 erat
1015 1019 1143 1058 vere
1176 1004 1268 1071 qui
1311 1020 1338 1055 a
1394 1003 1548 1057 vobis
1606 1005 1899 1059 crucifixus

329 1108 433 1152 est.
464 1096 643 1163 Quare
666 1106 719 1150 et
742 1093 1256 1148 immisericorditer
1279 1092 1443 1146 veluti
1462 1093 1556 1147 Dei
1586 1094 1902 1149 interfector

332 1190 560 1259 pttttil‘is.
590 1186 746 1252 Quod
778 1187 820 1239 si
848 1201 956 1239 non
991 1185 1110 1246 hoc.
1149 1191 1205 1238 et
1236 1198 1341 1254 qua
1372 1184 1438 1238 de
1465 1198 1627 1241 causa
1652 1195 1898 1254 peccato-

330 1296 449 1332 rum
481 1292 656 1348 prenze
691 1292 719 1329 a
752 1285 805 1330 te
837 1273 1165 1345 exiguntur?

396 1425 560 1497 Igitur
607 1439 715 1478 non
765 1423 934 1476 habes
971 1436 1105 1476 sane
1143 1420 1288 1491 quod
1332 1422 1516 1488 dicas;
1578 1422 1688 1476 vita
1745 1423 1895 1478 enim

327 1524 504 1571 vestra
561 1512 1091 1583 irreprebensibilis;
1155 1513 1309 1580 juxta
1379 1512 1525 1582 leges
1581 1512 1894 1579 ambulatis;

324 1608 525 1660 damno
558 1614 810 1673 expertes
847 1603 982 1657 estis
1009 1602 1275 1672 cujusque
1302 1604 1425 1657 mali
1459 1604 1680 1673 operis;
1716 1605 1898 1659 vindi-

322 1712 417 1750 ces
449 1696 539 1750 Dei
565 1706 619 1748 et
647 1695 782 1763 legis
816 1694 945 1751 facti
984 1694 1142 1759 estis,
1181 1704 1237 1749 et
1279 1696 1677 1761 posterioribus
1726 1697 1896 1751 bene-

2004 575 2230 626 γουστον
2264 562 2517 631 Καίσαρα
2565 561 2664 631 τὴν
2703 561 3029 630 οἰκουμένην
3064 560 3282 614 ἅπασαν
3328 563 3577 633 ἀπογρά-

2004 650 2230 718 ψασθαι.
2265 652 2421 715 Τίνος
2468 652 2685 717 ἔνεκεν;
2732 652 2818 715 Ὠς
2856 653 2921 707 ἂν
2944 654 3054 715 τοῖς
3100 651 3425 720 Ῥωμαϊκοῖς
3463 654 3576 708 κώ-

2004 742 2138 808 διξιν
2174 745 2505 812 ἀνάγραπτα
2532 745 2793 813 γεγονότα
2822 743 2891 797 τὰ
2922 742 3039 796 κατ’
3068 742 3253 807 αὐτὸν,
3283 744 3576 809 άξιόπιστά

2003 850 2062 885 τε
2093 829 2201 885 εἷεν
2229 838 2344 896 τοῖς
2375 835 2513 905 μετὰ
2556 834 2731 887 ταῦτα
2771 837 2863 887 καὶ
2891 834 3168 905 γνώριμα,
3200 837 3293 887 καὶ
3326 836 3577 890 ἐντεῦθεν

2005 924 2113 979 τῶν
2142 926 2482 995 βλασφήμων
2512 926 2782 980 Ἰουδαίων
2810 925 3175 996 ἀποφράττειν
3203 926 3267 977 τά
3302 927 3567 993 στόματα.

2002 1016 2136 1079 Θεὸς
2186 1013 2254 1086 ἦν
2309 1016 2525 1084 άληθῶς
2580 1018 2607 1068 δ
2657 1017 2888 1081 Χριστὸς
2939 1019 3142 1078 ἐκεῖνος
3174 1015 3201 1067 ὁ
3246 1016 3377 1085 παρ’
3416 1016 3572 1084 ὑμῶν

2006 1107 2362 1173 σταυρωθείς.
2412 1109 2525 1175 Ἐφ’
2557 1102 2600 1176 ᾧ
2647 1110 2739 1160 καὶ
2780 1107 3124 1177 άσυμπαθῶς
3169 1106 3243 1170 ὡς
3288 1107 3566 1169 θεοκτόνος

2004 1198 2231 1268 κολάζῃ.
2275 1198 2417 1252 Ἀλλ’
2447 1200 2508 1252 οὐ
2559 1199 2629 1253 δι’
2656 1199 2788 1252 αὑτό
2810 1216 2823 1230 ·
2866 1200 2959 1251 καὶ
2990 1199 3135 1262 τίνος
3174 1198 3382 1262 ἕνεκεν,
3418 1199 3561 1266 εἰπὲ,

2000 1291 2420 1363 ἁμαρτημάτων
2449 1291 2605 1353 δίκας
2640 1291 2943 1363 εἰσπράττῃ
2968 1306 2985 1355 ἱ

2073 1427 2148 1480 Οὐ
2185 1429 2283 1496 μὲν
2313 1422 2406 1481 οὖν
2433 1426 2533 1479 οὐκ
2582 1424 2729 1495 ἔχεις
2775 1426 2951 1478 είπετν
2978 1441 2992 1455 ’
3034 1425 3064 1477 ό
3112 1425 3221 1495 γὰρ
3258 1424 3371 1494 βίος
3413 1424 3571 1492 ὑμῶν

1998 1519 2368 1587 ἀνεπίληπτος
2393 1532 2407 1548 ’
2433 1519 2574 1572 κατὰ
2604 1518 2802 1587 νόμους
2830 1515 3124 1586 πορεύεσθε
3150 1532 3164 1547 ·
3191 1516 3370 1582 πάσης
3398 1514 3570 1569 όθῶοι

1998 1610 2197 1671 κακίας
2256 1611 2417 1664 ἐστέ·
2469 1608 2674 1663 ἔκδικοι
2732 1608 2868 1661 Θεοῦ
2901 1609 2993 1661 καὶ
3045 1609 3215 1676 νόμου
3261 1608 3569 1673 γεγόνατε·

1996 1704 2116 1765 ταῖς
2142 1701 2402 1769 ἐσχάταις
2425 1699 2695 1761 εὐποιίαις
2726 1700 2817 1752 καὶ
2837 1702 2904 1752 τὰ
2939 1701 3181 1767 πρότερα
3205 1696 3570 1765 ἀπενίψασθε.

325 1787 483 1840 fictis
516 1786 797 1840 anteriora
838 1784 1110 1841 abluistis.
1152 1785 1266 1850 Qua
1299 1801 1428 1840 vero
1459 1788 1525 1841 de
1565 1802 1729 1842 causa
1771 1796 1894 1841 lan-

2000 1792 2154 1854 Τίνος
2191 1792 2378 1844 ἕνεκεν
2422 1792 2512 1843 ἐπὶ
2561 1790 2817 1844 τοσοῦτον
2851 1793 2878 1843 ὁ
2911 1790 3045 1852 Θεὸς
3088 1789 3187 1853 τὴν
3223 1787 3387 1840 αὐτοῦ
3432 1790 3570 1857 ῥομ-

325 1875 416 1929 diu
438 1891 597 1929 suum
618 1876 786 1945 ipsius
810 1874 1048 1945 gladium
1076 1875 1307 1931 vibravit
1330 1886 1519 1931 contra
1543 1878 1680 1933 vos?
1702 1878 1896 1933 Nonne

326 1967 472 2023 idem
503 1969 618 2037 ipse
648 1977 731 2021 est
753 1969 845 2036 qui
879 1983 974 2035 per
1018 1970 1341 2037 prophetam
1375 1969 1509 2023 dicit
1541 1984 1555 2021 :
1588 1987 1606 2021 ι
1642 1969 1812 2023 Israel
1852 1968 1898 2023 si
1928 1972 1931 1973 ⁷

327 2062 379 2115 in
415 2061 517 2114 viis
547 2059 683 2113 meis
713 2059 1067 2123 atnbulasset,
1107 2075 1205 2127 pro
1236 2059 1408 2113 nihilo
1458 2059 1597 2113 forte
1638 2061 1893 2115 inimicos

304 2144 450 2219 'ejus
493 2150 907 2206 humiliassem?
945 2168 962 2201 ι
996 2150 1285 2216 Quomodo
1332 2165 1462 2220 ergo
1495 2151 1633 2205 adeo
1667 2166 1901 2206 conver-

329 2259 423 2297 sus
449 2252 533 2296 est
570 2258 600 2296 a
646 2242 840 2296 vobis?
880 2241 1157 2311 quomodo
1189 2256 1381 2310 preces
1419 2252 1629 2297 vestras
1665 2258 1772 2295 non
1807 2258 1907 2296 au-

330 2335 449 2386 dit?
479 2331 769 2398 Quomodo
822 2333 938 2401 ipse
984 2348 1085 2403 per
1135 2333 1331 2387 Isaiam
1383 2331 1669 2386 manifeste
1713 2332 1844 2386 dicit
1886 2350 1899 2388 :

336 2444 356 2476 ι
390 2424 527 2479 Cum
563 2424 925 2495 extenderitis
978 2439 1176 2479 manus
1202 2432 1412 2479 vestras
1437 2429 1503 2477 ad
1528 2438 1637 2486 me,
1662 2434 1902 2478 avertam

328 2514 516 2567 oculos
548 2529 699 2568 meos
720 2530 749 2566 a
784 2514 973 2580 vobis;
1014 2530 1207 2568 manus
1241 2514 1387 2568 enim
1412 2522 1606 2568 vestra:
1636 2513 1902 2584 sanguine

330 2607 506 2674 plena:
533 2606 701 2659 sunt?
738 2624 754 2655 ι
788 2605 933 2670 Quid
960 2620 1092 2659 vero
1123 2605 1224 2659 sibi
1256 2605 1372 2659 vult
1419 2590 1559 2659 hoc?
1585 2603 1701 2658 Non
1738 2603 1907 2659 susti-

329 2713 458 2760 neo,
486 2697 680 2765 inquit,
709 2712 810 2766 ego
839 2696 932 2766 qui
963 2696 1125 2751 Pater
1161 2711 1280 2751 sum
1311 2695 1433 2750 Filii
1464 2712 1678 2763 amans,
1708 2711 1904 2750 manus

330 2796 541 2842 vestras
586 2788 777 2841 videre
825 2787 1095 2857 sanguine
1140 2787 1440 2842 maculatas
1480 2787 1749 2858 unigeniti
1782 2786 1906 2843 Filii

329 2879 459 2931 mei.
506 2878 649 2933 Deus
691 2893 822 2947 ergo
866 2893 997 2933 vere
1028 2886 1147 2933 erat
1184 2889 1238 2934 et
1282 2893 1393 2934 non
1438 2879 1722 2949 deceptor,
1750 2879 1844 2948 qui
1873 2894 1904 2934 a

2002 1883 2167 1949 φαίαν
2198 1880 2493 1935 ὲστίλὸωσε
2533 1882 2654 1934 καθ’
2686 1882 2872 1950 ὑμῶν;
2912 1878 3039 1949 Ἆρ’
3072 1879 3164 1931 οὖν
3195 1878 3393 1939 καύτός
3424 1881 3575 1931 ἐστιν

1998 1972 2204 2033 ἐκεῖνος
2236 1973 2262 2022 ὀ
2297 1971 2386 2023 διὰ
2414 1970 2513 2026 ,τοῦ
2566 1971 2846 2047 προφήτου
2896 1967 3065 2022 εἰπών
3089 1984 3101 1997 ·
3142 1985 3160 2018 ι
3202 1967 3423 2037 Ἰσραὴλ
3453 1968 3575 2027 ταῖς

2002 2064 2144 2126 ὁδοῖς
2183 2080 2285 2131 μου
2331 2063 2377 2115 εἰ
2417 2062 2710 2131 ἐπορεύθη,
2746 2063 2804 2113 ὲν
2851 2061 2929 2128 τῷ
2978 2059 3162 2129 μηδενὶ
3211 2057 3277 2113 ἂν
3323 2057 3448 2119 τοὺς
3478 2058 3574 2127 ὲχ-

2003 2156 2168 2226 Θροὺς
2217 2154 2383 2207 αὑτοῦ
2432 2156 2817 2218 ὲταπείνωσα;
2859 2172 2876 2204 ι
2930 2153 3053 2214 Πῶς
3103 2147 3195 2205 οὖν
3244 2150 3575 2217 ἀπεστράφη

2004 2247 2259 2301 τοσοῦτον
2290 2248 2433 2314 ὑμᾶς
2459 2265 2474 2312 ;
2506 2248 2625 2309 Πῶς
2658 2248 2757 2299 οὐκ
2780 2247 3054 2298 εἰσακούει
3085 2244 3353 2311 δεομένων
3382 2242 3573 2311 ὑμῶνς

2006 2340 2130 2401 Πῶς
2170 2339 2331 2401 αὐτὸς
2366 2338 2456 2391 διὰ
2486 2337 2577 2391 τοῦ
2624 2339 2845 2389 Ἡσαῖου
2877 2337 3141 2404 ἐδήλωσεν
3168 2336 3336 2386 είπνὶιν
3358 2350 3369 2363 ·
3405 2352 3423 2385 ι
3446 2334 3578 2387 Ἐὰν

2004 2431 2284 2499 ὲκτείνητε
2335 2431 2432 2493 τὰς
2487 2432 2679 2499 χεῖρας
2724 2427 2879 2497 ὑμῶν
2936 2428 3070 2496 πρός
3117 2418 3212 2495 pe,
3246 2424 3577 2494 ἀποστρέψω

2003 2526 2131 2586 τοὺς
2159 2521 2472 2591 ὀφθαλμούς
2508 2539 2609 2591 μου
2644 2520 2736 2586 ἀφ’
2762 2520 2915 2588 ὑμῶν
2938 2536 2951 2550 ⁸
2989 2520 3045 2571 αἱ
3072 2520 3178 2586 γὰρ
3202 2520 3381 2587 χεῖρες
3418 2518 3575 2585 ὑμῶν

2006 2614 2236 2678 αἵματος
2266 2610 2493 2679 πλήρεις
2522 2626 2536 2674 ;
2569 2627 2588 2660 ι
2629 2609 2694 2660 Τί
2726 2607 2783 2661 δὲ
2812 2606 2969 2659 τοῦτό
3012 2608 3191 2671 ἔστινς
3226 2606 3341 2658 Οὐκ
3387 2605 3577 2674 ἀνέχο-

2010 2722 2128 2774 μαι,
2177 2703 2330 2768 φησι,
2389 2700 2643 2770 φιλόπαις
2692 2698 2952 2767 ὑπάρχων
3008 2695 3212 2766 πατὴρ,
3248 2696 3345 2757 τὰς
3388 2698 3577 2764 χεῖρας

2007 2792 2163 2861 ὑμῶν
2202 2793 2335 2861 όρᾷν
2370 2789 2695 2861 ᾑμαγμένας
2738 2788 2819 2858 τῷ
2865 2789 3061 2857 αῐματι
3113 2787 3209 2839 τοῦ
3250 2784 3574 2854 μονογενοῦς

2014 2901 2112 2954 μου
2158 2882 2308 2935 Υίοῦ.
2345 2881 2475 2943 Θεὸς
2508 2875 2574 2948 ἦν
2617 2877 2829 2947 άληθῶς
2876 2877 2972 2929 καὶ
3020 2876 3081 2929 οὐ
3137 2874 3340 2937 πλάνος
3383 2876 3410 2926 ὀ
3439 2873 3574 2941 παρ’

327 2969 482 3022 vobis
512 2969 805 3023 crucilixus
840 2978 962 3032 est;
991 2984 1097 3022 non
1129 2970 1278 3023 enim
1319 2970 1657 3025 exstinctum
1698 2977 1781 3024 est
1811 2985 1898 3022 no-

2008 2976 2160 3046 ὐμῶν
2187 2972 2539 3044 σταυρωθείς.
2574 2972 2666 3042 Μὴ
2700 2972 2809 3040 γὰρ
2833 2970 3069 3038 ὲσδέσθη
3098 2967 3158 3021 τὸ
3190 2967 3363 3035 ὄνομα
3384 2964 3573 3030 αὐτοῦ,

327 3077 452 3123 ntcn
480 3062 621 3129 ejus.
652 3077 755 3114 nec
800 3059 917 3129 ipsa
947 3060 1069 3128 ejus
1098 3060 1367 3127 doctrina,
1397 3062 1530 3117 licet
1567 3061 1907 3130 spirantibus

328 3155 402 3208 ita
437 3164 774 3224 Opportuna,
809 3148 1057 3220 tempore
1104 3154 1307 3214 ventis,
1357 3154 1647 3223 praeteriit,
1700 3152 1778 3206 uti
1834 3152 1902 3205 de

2007 3064 2323 3131 καὶταῦτα,
2368 3062 2638 3114 τοσούτων
2691 3058 2910 3128 ἀνέμων
2954 3057 3094 3110 κατά
3130 3054 3356 3124 καιροὺς
3410 3052 3573 3115 ἰδίους
3628 3126 3633 3133 Δ

2004 3153 2357 3204 πνευσάντων
2383 3167 2396 3215 ;
2444 3148 2535 3217 Μὴ
2582 3146 2832 3215 παρῆλθε
2878 3146 2947 3198 τὰ
2972 3146 3069 3214 τῆς
3099 3142 3447 3203 διδασκαλίας
3477 3140 3575 3192 αύ-

327 3245 552 3301 Thcuda
579 3248 669 3301 illo
697 3243 1092 3316 praestigiatore
1124 3245 1380 3318 contigit,
1415 3253 1580 3316 atque
1613 3244 1753 3332 Juda
1788 3242 1898 3299 Ga-

2004 3238 2129 3304 τοῦ,
2145 3238 2400 3309 καθάπερ
2429 3237 2522 3291 ἐπὶ
2544 3235 2718 3305 Θευδᾷ
2749 3235 2944 3303 ἐκείνῳ
2973 3232 3050 3302 τῷ
3076 3232 3255 3301 γόητι,
3278 3228 3373 3283 καὶ
3400 3228 3576 3315 Ἰούδᾳ

392 3452 632 3524 (IllNon
663 3454 833 3511 Judrei
859 3457 1054 3518 solum.
1081 3472 1269 3511 verum
1299 3471 1455 3524 quam
1486 3456 1702 3526 plurimi
1730 3455 1892 3526 etiam

322 3526 627 3593 eorunfqui
656 3528 960 3581 reformata
993 3526 1238 3595 religioni
1273 3542 1468 3595 nomen
1490 3525 1699 3581 dedere
1726 3525 1891 3593 impie

322 3610 640 3663 oppugnare
691 3596 808 3649 ausi
845 3605 976 3650 sunt
1024 3594 1185 3650 Lucae
1229 3594 1473 3650 divinum
1522 3595 1892 3649 testimonium

324 3665 694 3718 conﬁrmantis
725 3665 1000 3719 Christum
1034 3675 1217 3719 natum
1260 3680 1380 3719 esse
1436 3680 1559 3718 cum
1610 3664 1664 3717 in
1709 3664 1894 3718 Judaaa

326 3747 523 3803 census
550 3733 863 3803 haberetur.
894 3750 956 3787 ac
986 3735 1196 3788 somnia
1224 3734 1453 3803 jactant,
1488 3742 1547 3786 ut
1578 3735 1756 3803 minus
1788 3734 1892 3787 diis

328 3801 509 3856 charis
546 3802 797 3856 illudant.
836 3803 896 3856 Ili
927 3804 1109 3872 itaque
1138 3812 1197 3856 ιιι
1225 3801 1395 3856 ’ῆιιοιιι
1423 3803 1594 3872 sancti
1645 3801 1889 3857 historici

332 3872 604 3941 infirment
637 3872 868 3939 primum
901 3871 1068 3926 aiunt'
1103 3872 1235 3926 falso
1270 3873 1444 3941 ipsum
1481 3871 1765 3940 scripsisse
1808 3873 1889 3924 fa~

327 3950 468 4011 ctam
498 3938 696 3994 Iudaea:
718 3942 1137 4011 descriptionem
1180 3957 1209 3993 a
1252 3938 1494 4011 Romano
1525 3938 1791 4011 prieside;
1838 3942 1891 3996 id

330 4010 474 4067 enim
502 4026 778 4078 nunquam
808 4009 1023 4066 sivisset
1066 4012 1149 4063 sui
1178 4011 1317 4080 juris
1346 4010 1623 4080 impendio
1653 4009 1892 4065 Herodes

332 4091 461 4150 tunc
513 4080 771 4150 temporis
816 4081 967 4150 regni
1023 4080 1262 4133 habenas
1307 4095 1402 4148 pro
1455 4096 1559 4150 suo,
1605 4081 1893 4134 moderans

332 4146 849 4204 arbitratu.'Vernm
884 4146 1019 4216 'qnis
1063 4153 1131 4202 ita
1173 4150 1224 4202 in
1264 4146 1508 4202 historiis
1548 4149 1770 4216 jejunus
1801 4151 1891 4217 qui

333 4218 539 4273 nesciat
577 4232 686 4270 non
722 4232 841 4281 suo,
871 4219 962 4271 sed
988 4218 1333 4272 beneﬁciaria
1372 4218 1495 4284 jure
1534 4234 1755 4284 regnum
1792 4218 1890 4273 Ju-

334 4290 461 4341 ilaea:
486 4286 750 4339 Herodem
777 4287 1039 4351 tenuisse,
1058 4303 1179 4341 cum
1205 4303 1266 4341 ex
1299 4287 1547 4355 Appiano
1576 4286 1712 4354 ipso,
1743 4288 1836 4341 l:b.
1865 4303 1893 4338 v

339 4358 412 4411 De
463 4355 603 4409 civil.
646 4356 1127 4421 bell.,noverimus
1184 4356 1477 4410 Antonium
1527 4355 1893 4409 Romanarum

333 4426 611 4494 copiarum
642 4425 836 4479 ducem
881 4441 1032 4495 reges
1064 4426 1360 4494 permultos
1405 4425 1754 4495 appellavisse
1802 4424 1895 4487 οὒς

335 4495 700 4561 δοκιμάσειεν,
728 4497 820 4545 ἐπὶ
861 4494 1045 4565 φόροις
1067 4498 1173 4565 ἄρα
1198 4494 1568 4564 τεταγμένοις.
1601 4514 1621 4545 ‹
1660 4494 1759 4548 Pro
1792 4510 1893 4549 suo

338 4566 601 4619 arbitratu
648 4565 928 4628 duntaxat,
982 4566 1072 4627 qui
1117 4575 1321 4619 certum
1379 4565 1643 4617 tributum
1689 4565 1896 4631 pende-

338 4644 481 4695 rent,
537 4651 555 4684 ι
607 4633 658 4686 in
710 4634 906 4700 quibus
951 4634 1125 4702 ipsum
1179 4634 1478 4688 Ilerodetn?
1532 4635 1793 4687 Praeterea
1845 4643 1899 4686 et

335 4719 494 4771 quem
525 4702 691 4756 latent
724 4703 980 4756 Romanae
1016 4704 1252 4772 victoriae
1282 4703 1580 4757 dedudwis
1623 4704 1729 4772 jam
1773 4713 1898 4756 ante

338 4773 541 4831 relataa,
574 4772 999 4841 Pompeiumque
1050 4771 1422 4841 Hierosolyma
1470 4771 1735 4840 occupata
1758 4813 1772 4835 ,
1800 4773 1898 4826 Ju-

332 4842 477 4894 dzeos
509 4842 769 4910 Romana:
802 4843 939 4906 reip.
968 4842 1256 4910 vectigales
1288 4842 1499 4901 fecisse.
1537 4842 1612 4895 uti
1646 4857 1755 4910 prze
1791 4857 1898 4894 cre-

333 4922 465 4965 teris
503 4909 774 4978 Josepbus
813 4909 924 4978 ipse
960 4909 1056 4963 lib.
1097 4909 1131 4975 t,
1167 4911 1240 4962 De
1270 4910 1402 4963 bello
1447 4909 1675 4964 Iudaico
1726 4909 1899 4965 fusius

330 4982 609 5045 οκιριιῠίιῖ
637 4980 836 5049 Αγνθιο
871 4979 1049 5047 itaque
1096 4980 1252 5049 longe
1283 4982 1538 5034 aberrant
1572 4981 1662 5049 qui
1714 4990 1771 5032 ut
1819 4980 1902 5031 vi-

336 5051 567 5102 deantur
599 5048 801 5118 nodum
832 5052 883 5101 in
933 5050 1115 5116 scirpo
1145 5048 1385 5118 quaerere
1431 5051 1611 5103 inania
1643 5049 1902 5102 ell‘utiunt

336 5128 395 5171 ιιι
441 5119 541 5172 sibi
573 5117 970 5186 quodammodo
1018 5117 1197 5171 fucum
1244 5120 1465 5180 faciant,
1522 5134 1622 5172 nec
1656 5119 1903 5172 animad-

334 5197 609 5241 vertentes
628 5188 767 5254 quod
801 5188 1091 5256 aliquando
1118 5190 1277 5241 Κίων
1307 5191 1397 5239 ἐπὶ
1428 5188 1621 5257 δεσμά,
1648 5188 1721 5239 uti
1755 5188 1903 5242 Grae-

332 5274 520 5310 corum
544 5258 792 5325 adagium
824 5271 1028 5325 monet,
1056 5268 1290 5311 tenetur.
1318 5257 1424 5310 Nec
1448 5258 1689 5310 Boilinus
1720 5258 1897 5319 nobis,

332 5331 426 5380 lib.
464 5344 493 5379 v
528 5327 602 5380 De
644 5326 835 5379 abdﬂt’s
879 5344 1054 5381 rerum
1082 5328 1378 5380 sublimium
1432 5328 1646 5379 arcanis
1678 5328 1901 5395 objiciat

332 5399 605 5451 neminem
640 5407 886 5451 eoactum
932 5398 1102 5451 fuisse
1133 5398 1390 5450 censendi
1434 5411 1599 5449 causa
1632 5397 1745 5450 loca
1781 5412 1901 5449 tnu-

336 5477 470 5536 tare,
505 5468 750 5534 adeoque
780 5469 925 5521 omni
969 5466 1156 5536 procul
1204 5464 1370 5519 dubio
1400 5466 1456 5518 S.
1500 5466 1819 5535 Josepbum.
1849 5478 1904 5520 et

331 5535 552 5589 Mariam
588 5537 810 5591 Matrem
838 5535 1043 5591 Christi
1079 5537 1182 5588 iter
1206 5550 1315 5587 non
1353 5536 1645 5604 arripuisse
1677 5548 1734 5590 ut
1757 5538 1902 5590 dicto

331 5606 560 5659 Caesaris
589 5616 861 5674 parerent,
898 5604 1352 5674 quemadmodum
1380 5606 1711 5673 evangelista
1739 5616 1902 5659 testa-

336 5683 459 5744 tur;
489 5689 721 5741 namque
764 5675 818 5726 in
870 5674 1130 5729 Romanis
1176 5674 1437 5744 censibus
1476 5676 1740 5744 professio
1784 5690 1903 5729 om-

336 5742 468 5795 niu'o
495 5749 647 5807 sequi
676 5744 863 5799 debuit
895 5744 1071 5801 locum
1112 5743 1355 5815 originis,
1384 5755 1441 5801 ut
1470 5742 1735 5814 colligitur
1762 5760 1829 5798 ex
1861 5745 1897 5798 Ι.

2000 3454 2193 3508 Forma
2222 3450 2249 3522 §
2276 3452 2311 3505 Ξ
2337 3450 2398 3503 D.
2427 3450 2507 3505 De
2533 3448 2786 3522 censibus,
2808 3455 2863 3501 et
2888 3461 2953 3501 ex
2979 3443 3229 3522 U_Ipiano,
3261 3440 3356 3522 lib.
3388 3455 3470 3522 ιιι,
3503 3443 3575 3522 d_e

1993 3510 2251 3578 censibus
2280 3522 2553 3593 scribente
2579 3539 2591 3574 :
2628 3537 2659 3593 «μ
2694 3518 2746 3593 I_s
2772 3510 2904 3570 vero
2934 3516 3024 3593 qui
3051 3510 3241 3593 agrum
3276 3512 3328 3593 in
3358 3510 3465 3593 alia
3494 3514 3577 3565 οἰκ

1990 3593 2157 3648 vitate
2205 3593 2387 3654 habet,
2418 3591 2475 3644 in
2508 3605 2571 3644 ea
2614 3587 2833 3641 civitate
2872 3583 3114 3654 preﬁteri
3139 3583 3329 3654 debet,
3366 3583 3567 3654 in‘qua

1989 3678 2117 3731 ager
2150 3672 2233 3716 est
2267 3676 2281 3709 :
2322 3648 2435 3729 agri
2464 3659 2621 3731 enim_
2657 3648 3069 3731 tributumeam
3102 3652 3377 3731 civitatem
3409 3648 3574 3731 debet

1991 3719 2193 3795 lé'vare,
2229 3732 2285 3783 in
2307 3719 2464 3799 ctijus
2494 3726 2776 3799 territorio
2789 3724 3143 3799 possidetur;
3182 3740 3200 3773 ι
3239 3719 3566 3799 idqttesatis

1995 3787 2257 3855 astruitur
2315 3787 2626 3869 testimonio
2663 3787 2925 3869 LiviiZIib.
2966 3807 3203 3869 axtym,
3225 3787 3473 3869 capaﬁj,
3512 3795 3571 3869 et

1997 3872 2090 3924 lib.
2127 3873 2255 3933 ml,
2284 3884 2403 3935 cap.
2434 3867 2487 3927 9,
2514 3864 2783 3939 narrantis
2811 3859 3274 3939 ValerionMcssala
3310 3856 3381 3911 et
3407 3856 3567 3939 Livio

2000 3930 2304 3993 Salinatore
2330 3930 2474 3991 coss.
2505 3933 2812 4003 Campanos
2842 3948 2907 3986 ex
2937 3930 2996 3984 S.
3027 3930 3089 3984 C.
3132 3931 3318 4003 Romae
3347 3930 3565 3980 censeri

1996 4018 2213 4065 coactos
2243 4008 2427 4069 fuisse,
2461 4019 2582 4058 cum
2612 4000 2879 4057 incertum
2919 4009 3066 4055 esset
3096 4000 3187 4053 ubi
3236 4005 3390 4069 antea
3433 4011 3572 4069 cen-

1998 4064 2280 4139 serentur;
2316 4064 2479 4144 atque
2507 4074 2633 4144 item
2654 4072 2722 4144 _C.
2747 4070 2951 4144 Popilio
2979 4070 3215 4126 Lrenate.
3246 4078 3301 4144 et
3327 4068 3387 4144 ξ’.
3417 4064 3571 4144 Atilio
3636 4102 3641 4105 η

2000 4148 2196 4216 Ligure
2231 4134 2523 4217 coss.'ct_tm
2547 4142 2611 4208 Ο.
2631 4134 2853 4217 Fulvius
2880 4138 3125 4202 Flaccus,
3166 4149 3235 4217 et_
3248 4136 3417 4217 Aulus
3460 4134 3571 4217 Po-

1996 4207 2271 4280 stbwnius
2307 4213 2532 4268 Albidus
2556 4207 2812 4267 censores
2841 4209 3071 4264 lustrum
3098 4207 3434 4280 conderent,
3464 4207 3573 4280 nti-

2003 4274 2188 4339 norem
2238 4285 2514 4352 aliquanto
2549 4283 2819 4337 invenisse
2865 4293 3152 4352 numerum
3178 4317 3193 4341 ,
3231 4295 3255 4352 ι
3301 4276 3428 4352 quia
3464 4274 3574 4328 Po-

2003 4356 2273 4408 stbumius
2302 4346 2415 4407 eos.
2450 4367 2546 4420 pro
2579 4352 2841 4420 cuncione
2872 4350 3135 4420 edixerat,
3168 4346 3258 4415 qui
3284 4347 3571 4420 sociorum
3620 4356 3623 4357 '

2004 4423 2179 4477 Latini
2217 4415 2541 4477 nominis‘ex
2572 4423 2754 4476 edicto
2794 4418 3005 4473 Claudii
3039 4417 3270 4470 Caesaris
3308 4415 3486 4467 redire
3510 4415 3571 4465 in

1930 4479 1973 4536 ο
2003 4494 2255 4549 civitates
2307 4508 2435 4546 suas
2470 4491 2801 4550 debuissent.
2848 4504 2916 4542 ne
2953 4487 3075 4556 quis
3108 4499 3294 4539 eorum
3347 4483 3573 4556 Romae,

2001 4564 2092 4618 sed
2114 4578 2316 4616 vinmes
2348 4563 2399 4614 in
2430 4561 2739 4615 civitatibus
2765 4558 2876 4612 suis
2904 4552 3277 4611 censerentur.
3318 4571 3337 4605 ι
3381 4552 3571 4605 Blate-

2000 4645 2122 4685 rant
2170 4635 2335 4701 igitur
2368 4641 2421 4684 et
2466 4631 2743 4702 somniant
2770 4628 2863 4697 qui
2906 4628 3029 4681 luce
3060 4626 3289 4702 clariora
3325 4623 3573 4702 tenebris

1999 4694 2268 4773 conantur
2314 4702 2497 4773 inepte
2537 4694 2859 4773 oil‘underc;
2903 4710 3104 4773 census
3132 4694 3278 4773 enim
3331 4694 3570 4773 Romani

2000 4772 2212 4839 imperii
2259 4760 2475 4825 habitos
2503 4784 2624 4824 esse
2668 4771 2735 4822 ab
2764 4760 3007 4836 Augusto
3041 4763 3338 4840 Suetonius
3388 4760 3574 4840 Tabu-

2000 4833 2171 4909 lataque
2203 4842 2495 4907 Ancyrante
2524 4846 2826 4901 testantur;
2852 4833 3167 4909 testaturnin
3197 4834 3300 4886 hoc
3328 4833 3576 4909 indubia:

1999 4902 2132 4964 sane
2159 4911 2279 4965 (iilei
2308 4902 2598 4977 Iosephus,
2627 4905 3049 4979 Autiq..ludaic.
3070 4904 3342 4979 Iib._xvu_t,
3361 4916 3487 4979 cap.
3512 4902 3574 4979 ς,

1999 4981 2091 5032 ubi
2124 4981 2199 5033 ait
2233 4994 2248 5030 :
2284 4970 2553 5046 Κυρήνιος
2585 4970 2645 5030 ’δὲ
2668 4970 2990 5046 ὲπΥΣυρίας
3053 4973 3235 5046 παρῆ-ν
3281 4970 3387 5046 uno
3428 4971 3575 5046 Καίς

2005 5064 2190 5120 σαρος,
2224 5039 2563 5120 δικαιοδότης
2604 5047 2697 5098 τοῦ
2745 5039 2931 5120 ἔθνους
2986 5039 3415 5120 ἀπεσταλμένοις,
3472 5040 3578 5092 καὶ

1999 5110 2233 5187 min-ri};
2260 5119 2367 5171 τῶν
2395 5110 2595 5187 οὐσιῶν
2619 5118 3007 5187 γενησόμενος.
3034 5110 3577 5187 _¢Cyrenius_i_nterea

2002 5202 2030 5239 a
2060 5180 2285 5242 Caesare
2316 5189 2368 5240 in
2399 5186 2608 5255 Syriam
2631 5180 2904 5255 'mittitur,
2941 5198 3000 5237 ut
3027 5180 3148 5253 jura
3198 5180 3410 5255 populis
3433 5180 3575 5255 red-

2002 5258 2174 5317 deret.
2206 5250 2600 5323 facultatesque
2632 5254 2873 5308 omnium
2909 5250 3211 5312 censeret,»
3240 5250 3406 5323 idque
3433 5250 3578 5301 Deus

2002 5328 2116 5380 ﬁeri
2150 5329 2339 5390 velut,
2377 5342 2448 5380 ne
2478 5319 2545 5380 de
2577 5324 2886 5379 Servatoris
2918 5323 3298 5390 universorum
3332 5319 3577 5390 advenl_u
3626 5358 3631 5361 .

2003 5387 2394 5468 ambigeretur,
2423 5397 2541 5463 ejus
2588 5396 2644 5448 in
2682 5392 2974 5468 censuales
3024 5389 3259 5468 tabulas,
3305 5397 3364 5468 u_t
3406 5387 3581 5468 moris

2002 5456 2237 5529 erat,vin
2294 5456 2568 5531 publicum
2620 5466 2786 5519 relato
2828 5462 3074 5524 nomine,
3108 5470 3168 5513 ut
3216 5457 3275 5531 Β,
3325 5456 3581 5531 Justinus

2001 5528 2226 5607 martyr,
2272 5528 2641 5589 Tertullianus
2697 5546 2763 5607 et_
2794 5533 3219 5607 Cbrysostomus
3256 5528 3577 5607 innueruitt.

2002 5598 2161 5659 Plura
2187 5606 2254 5659 de
2286 5606 2387 5660 hoc
2444 5620 2611 5658 censu
2653 5613 2707 5659 et
2735 5605 2802 5659 de
2828 5598 3082 5674 censendi
3119 5600 3224 5674 ritu
3254 5598 3376 5652 vide
3406 5610 3581 5674 penes

2006 5675 2281 5798 Daniegetn
2357 5675 2611 5730 Huctium
2644 5716 2657 5741 ,
2728 5671 3199 5737 Demonstratiouis
3265 5662 3585 5736 evangelica:

2006 5762 2123 5798 cati.
2196 5781 2211 5797 .

2003 5762 2123 5814 cap.
2159 5762 2211 5798 υ.
