4058 6196
456 234 562 298 859
1727 222 2037 284 MlCHAEl

2143 254 2147 275 ν
2185 216 2441 282 suae
3373 191 3383 201 ’
3599 223 3701 291 εει)

452 347 689 420 jusmodi
722 344 987 400 mirabilia
1019 343 1255 416 patravit
1290 343 1311 396 ?
1349 342 1483 409 Quis
1515 341 1725 396 validos
1755 340 1879 395 illos
1913 339 2030 394 red-

2143 339 2379 407 γυμνοὺς
2416 335 2512 390 καὶ
2543 334 2781 407 ἀπόρους
2822 337 2980 400 ὄντας
3032 338 3211 392 πᾶσαν
3239 339 3335 408 τὴν
3383 337 3701 411 οἰκουμένην

458 446 612 503 deus,
643 436 736 506 qui
772 434 965 505 quavis
997 449 1053 488 re
1083 433 1327 487 destituti
1360 442 1516 486 erant
1539 472 1553 496 ,
1586 440 1641 484 et
1667 430 1879 485 consilii
1914 429 2033 482 ino-

458 545 574 597 pes,
616 544 835 583 omnem
887 535 1088 580 terram
1137 525 1447 578 discurrere
1496 521 1668 585 dedit,
1719 531 1773 575 et
1802 532 1923 575 cum
1952 520 2033 573 lo-

456 619 661 687 quendi
690 617 945 671 libertate
986 614 1246 669 nuntiare
1274 610 1676 683 Evangelium?
1713 609 1931 680 Optime
1964 609 2032 663 de

459 712 526 762 iis
575 710 787 763 locutus
833 714 917 762 est
962 706 1341 760 divinissimus
1388 703 1600 758 lsaias:
1648 721 1665 754 ι
1700 702 1872 768 Quam
1904 712 2031 769 spe-

457 801 594 855 ciosi
653 801 820 871 pedes
879 798 1325 852 annuutiantium
1383 797 1609 866 pacem!
1660 812 1678 846 ι
1727 792 1829 859 Qui
1881 793 2029 846 enim

456 901 642 947 essent
673 891 763 945 alii
801 890 1002 959 ubique
1027 904 1214 958 pacem
1240 890 1657 951 annuntiautes,
1678 895 1735 941 et
1756 884 2030 939 nationem

457 997 732 1050 quamque
765 981 818 1034 in
858 994 1022 1034 unam
1058 979 1217 1032 ﬁdem
1268 977 1628 1046 eaptivantes,
1681 974 1787 1028 nisi
1832 974 2035 1042 ubique

459 1081 742 1126 currentes
788 1072 1034 1125 dicamus
1082 1068 1382 1137 apostolos,
1424 1081 1656 1137 quorum
1687 1064 1873 1135 .pedcs
1905 1078 2034 1133 spe—

459 1162 593 1215 ciosi
639 1176 701 1214 ac
747 1160 903 1214 valde
950 1159 1199 1228 pulchri?
1234 1158 1389 1226 Ipsos
1437 1158 1580 1211 enim
1620 1154 1856 1224 pr0priis
1904 1153 2037 1206 lavit

463 1253 715 1306 inanibus
762 1250 1059 1313 Dominus,
1092 1258 1311 1320 paratos
1350 1249 1559 1304 faciens
1589 1248 1655 1302 ad
1688 1244 2033 1316 praedicatio-

461 1360 610 1397 nem.
642 1341 767 1403 Dic.
815 1342 939 1410 quis
970 1356 1067 1410 per
1102 1356 1219 1405 eos,
1251 1349 1464 1393 veteres
1498 1352 1691 1392 omnes
1724 1333 2034 1390 sanctiﬁca-

464 1438 641 1489 tiones
676 1449 893 1488 cessare
925 1433 1074 1496 fecit,
1108 1447 1381 1500 unamque
1429 1431 1666 1485 ﬁrmavit
1695 1429 1749 1482 in
1782 1427 2037 1483 omnibus

463 1526 680 1594 populis
715 1524 1084 1594 evangelicam
1118 1523 1327 1594 legem?
1376 1520 1566 1575 Nonne
1619 1520 1776 1574 fortis
1812 1518 1866 1573 in
1894 1516 2036 1572 bello

462 1619 715 1673 Christus
752 1619 867 1671 haec
914 1617 1094 1670 omnia
1136 1630 1398 1685 prospere
1438 1614 1645 1684 gessit?
1677 1612 1866 1680 Neque
1917 1623 2036 1662 mea

2133 430 2478 498 διαδραμεῖν,
2507 430 2600 481 καὶ
2634 430 2776 497 μετὰ
2820 430 3140 500 παρρησίας
3169 430 3404 501 κηρύξαι
3430 430 3491 483 τὸ
3520 431 3698 498 Εὐαγ-

2133 521 2338 589 γέλιον;
2358 519 2555 580 Καλῶς
2576 517 2728 585 ἔλεγε
2756 535 2820 569 πε
2829 520 2884 589 pi.
2904 518 3083 571 αὐτῶν
3103 521 3131 571 ὁ
3153 519 3425 582 θειότατος
3453 519 3699 581 Ἡσαΐας·

2141 630 2160 662 ι
2203 612 2291 673 Ὠς
2323 611 2516 680 ὡραῖοι
2542 610 2591 661 οἱ
2626 611 2787 673 πόδες
2831 610 2985 679 ὑμῶν
3036 610 3145 662 τῶν
3200 610 3703 680 εὐαγγελιζομένων

2134 702 2399 771 εἰρήνηνί
2442 719 2460 751 ι
2497 700 2654 763 Τίνες
2683 700 2792 771 γὰρ
2818 696 2925 753 εἶεν
2958 701 3137 770 ἕτεροι
3171 701 3219 753 οἱ
3245 699 3519 770 πανταχοῦ
3552 700 3705 770 είρήο

2135 810 2230 861 νην
2262 790 2772 859 εὐαγγελιζόμενοι,
2805 791 2899 843 καὶ
2939 792 3008 843 τὰ
3051 790 3182 860 ἔθνη
3234 790 3412 843 πάντα
3456 792 3538 853 είς
3575 790 3705 859 μίαν

2136 882 2320 935 πίστιν
2356 880 2707 941 ἑλκύσαντες,
2761 880 2809 930 εί
2866 879 3003 947 μήτε
3055 877 3185 940 τοὺς
3235 876 3548 946 ἅπανταχοῦ
3577 876 3708 945 δρα-

2139 972 2341 1041 μόντας
2387 970 2636 1037 εἴποιμεν
2666 968 3020 1032 ἀποστόλους,
3076 963 3152 1021 ὧν
3196 968 3245 1022 οί
3298 969 3457 1029 πόδες
3507 967 3706 1033 ὡραῖοι

2147 1063 2242 1117 καὶ
2269 1060 2475 1129 σφόδρα
2507 1059 2885 1128 περικαλλεῖςς
2919 1058 3109 1123 Ἐνιψε
3134 1060 3236 1129 γὰρ
3269 1059 3465 1121 αὐτοὺς
3481 1058 3710 1121 οἰκείαις

2137 1151 2326 1220 χερσὶν
2357 1149 2385 1201 ὁ
2416 1132 2642 1215 Κύριος,
2691 1142 2939 1214 ἑτοίμους
2975 1141 3146 1198 ποιῶν
3182 1146 3263 1207 είς
3314 1146 3375 1198 τὸ
3422 1146 3707 1216 κήρυγμα.

2139 1241 2302 1309 Λέγε,
2330 1237 2415 1300 τίς
2442 1235 2478 1291 ὸ
2510 1236 2576 1290 δι’
2607 1235 2789 1291 αὑτῶν
2837 1235 3019 1299 πάσας
3053 1231 3151 1305 μὲν
3178 1227 3399 1299 τελετὰς
3427 1236 3710 1307 καταργή-

2139 1350 2261 1397 σας,
2297 1331 2466 1400 μόνην
2493 1328 2549 1382 δὲ
2578 1330 2865 1399 κρατήσας
2895 1329 2995 1398 τὴν
3032 1328 3399 1398 εύαγγελικην
3431 1326 3710 1382 πολιτείαν

2137 1427 2197 1478 ὲν
2230 1420 2469 1487 ἆπασινς
2518 1418 2576 1475 '0
2608 1420 2870 1491 κραταιὸς
2896 1420 2955 1472 ὲν
2987 1419 3247 1490 πολέμοις
3273 1412 3515 1488 Χριστὸς
3532 1419 3710 1473 ταῦτα

2140 1511 2491 1581 κατώρθωσε.
2522 1510 2632 1564 Καὶ
2655 1510 2755 1563 οὐκ
2780 1509 2889 1579 ὲμὰ
2915 1510 2980 1563 τὰ
3009 1510 3231 1580 ῥήματα
3253 1524 3268 1539 ⁸
3301 1508 3395 1562 τοῦ
3424 1508 3711 1579 προφήτου

2152 1605 2330 1675 ’Λμὼς
2377 1602 2542 1659 ἄκουε
2580 1602 2867 1671 λέγοντοςδ
2907 1620 2926 1652 ι
2956 1594 3068 1656 Καὶ
3115 1590 3239 1653 εἷπε
3273 1601 3301 1653 ὀ
3338 1601 3542 1670 Κύριος
3569 1601 3712 1671 πρός

462 1725 594 1762 sane
626 1709 740 1762 haec
771 1708 930 1761 verba
963 1706 1125 1771 s'unt;
1171 1708 1281 1760 imo
1322 1707 1499 1773 ipsum
1533 1703 1658 1757 audi
1710 1702 2035 1772 prophetam

2146 1715 2212 1768 με
2242 1714 2256 1729 ο
2305 1692 2437 1751 ’ἰδοὺ
2472 1690 2586 1765 ἐγὼ
2607 1694 2851 1750 ἐντάσσω
2872 1693 3155 1764 ἀδάμαντα
3187 1688 3245 1746 ἐν
3277 1694 3428 1764 μέσῳ
3451 1692 3545 1747 τοῦ
3576 1693 3709 1747 λαοῦ

463 1804 629 1855 Amos
660 1802 929 1855 dicentem
978 1816 991 1852 :
1052 1817 1069 1849 ι
1120 1799 1185 1853 Et
1223 1798 1298 1852 ait
1330 1797 1595 1852 Dominus
1626 1796 1694 1850 ad
1726 1810 1813 1849 me
1847 1810 1860 1844 :
1895 1793 2034 1848 Ecce

463 1910 565 1959 0-,;0
623 1894 894 1963 deponam
932 1890 1145 1946 trullam
1197 1891 1307 1961 (14)
1363 1890 1414 1942 in
1464 1889 1645 1943 medio
1700 1887 1881 1956 populi
1929 1883 2035 1938 mei

464 1984 664 2049 Israel;
699 2000 805 2037 non
838 1982 1091 2051 adjiciam
1124 1983 1261 2035 ultra
1302 1982 1737 2050 snperindueere
1766 1980 1909 2047 [eum
1934 2017 1949 2041 ,
1982 1984 2038 2030 et

462 2076 830 2130 demolientur
862 2074 1053 2128 altaria
1088 2074 1251 2139 risus,
1286 2081 1343 2127 et
1373 2071 1835 2125 sanetilicationes
1870 2066 2038 2121 Israel

461 2166 881 2220 desolaleuntur.
917 2183 935 2216 ι
970 2164 1110 2229 Quid
1160 2164 1267 2216 hoc
1313 2160 1645 2229 dilucidius?
1692 2158 1897 2213 Altaria
1947 2156 2041 2210 de-

464 2267 670 2311 structa
700 2257 971 2317 videmus,
1006 2253 1471 2308 sanetilieationes
1503 2252 1666 2307 Israel
1714 2252 1769 2304 in
1814 2250 2039 2305 desola-

466 2353 674 2403 tionem
725 2348 996 2401 redactas.
1024 2345 1199 2411 Quem
1250 2344 1486 2413 denique
1531 2344 1697 2397 alium
1747 2358 2039 2399 noscamus

464 2450 685 2508 oportet
719 2438 897 2492 trulla:
920 2440 1145 2492 nomine
1167 2437 1535 2507 designatum,
1564 2436 1669 2491 nisi
1701 2437 1928 2491 omnino
1957 2435 2042 2489 in-

467 2533 712 2587 \lnCllllll
745 2531 792 2586 vi
824 2530 1110 2599 praeditum
1134 2528 1451 2582 Christum?
1475 2528 1588 2582 Suo
1612 2528 1757 2582 enim
1779 2528 2036 2591 adventu,

466 2633 523 2676 et
557 2621 749 2675 altaria
772 2660 786 2684 ,
817 2628 873 2674 et
905 2617 1372 2672 sanctiﬁcationes
1404 2617 1568 2671 Israel
1601 2617 1863 2686 dispersa:
1892 2624 2039 2669 sunt.

465 2712 685 2780 Optime
717 2724 847 2765 vero
891 2708 1179 2763 Christum
1229 2706 1443 2761 vocavit
1478 2707 1743 2775 propheta
1777 2706 2043 2759 adaman-

469 2813 618 2866 tem;
653 2810 856 2871 quanta
881 2799 1026 2853 enim
1055 2808 1112 2853 et
1152 2798 1334 2868 qualia
1367 2798 1662 2852 machinati
1691 2806 1822 2851 sunt
1850 2806 2041 2852 contra

469 2888 645 2957 ipsum
700 2902 876 2957 reges,
926 2886 1095 2941 duces
1150 2896 1207 2941 et
1264 2886 1519 2964 tyranni?
1561 2900 1785 2956 operam
1856 2895 2041 2941 tamen

447 2980 844 3050 'perdideruut;
874 2980 1078 3034 etenim
1110 2979 1164 3032 in
1193 2978 1470 3034 Christum
1501 2977 1665 3034 veluti
1695 2978 2040 3034 adamantem

471 3073 837 3140 impingentes
858 3111 872 3133 ,
908 3070 1132 3124 invalidi
1159 3084 1354 3124 omnes
1391 3077 1519 3125 sunt
1553 3068 1924 3138 deprehensi;
1958 3079 2043 3123 at-

470 3178 577 3229 que
605 3178 667 3214 ex
704 3163 807 3216 hoc
839 3162 1007 3215 multo
1032 3161 1204 3231 magis
1229 3160 1395 3214 etiam
1429 3169 1614 3213 nostra
1638 3159 1816 3213 elucet
1850 3159 2047 3227 pracdi-

470 3252 634 3306 callo.
677 3251 868 3305 Nonne
899 3238 1030 3324 [ais]
1057 3265 1249 3305 revera
1279 3251 1432 3304 vides
1462 3249 1701 3312 Judacos,
1733 3248 2043 3319 Etliiopas,

475 3344 779 3397 Ismaelitas
826 3359 858 3396 a
898 3358 995 3397 sua
1045 3345 1289 3411 ipsorum
1338 3343 1605 3412 religione
1633 3341 1948 3396 deﬁcientes
1975 3342 2043 3397 ad

474 3434 752 3487 Christum
784 3433 1059 3486 transire?
1086 3432 1231 3499 Quid
1261 3432 1397 3487 dicis
1428 3434 1495 3486 ad
1519 3433 1669 3487 haec?
1698 3434 1832 3488 Cum
1861 3443 2046 3488 essent

476 3526 631 3580 valde
658 3524 1123 3592 contemptibiles,
1162 3538 1452 3595 pauperes,
1503 3524 1752 3594 perplexi
1779 3563 1809 3593 ,,
1842 3524 2046 3579 divitiis

472 3616 693 3670 obviam
736 3625 1140 3681 processerunt.
1189 3614 1474 3668 Assentior
1515 3614 1865 3684 explieationi
1918 3624 2039 3670 tute.

476 3704 675 3759 Verum
703 3705 973 3773 quomodo
1005 3705 1239 3775 apostoli
1267 3704 1532 3759 mundum
1564 3703 1879 3758 universum
1908 3720 2044 3760 con-

476 3803 781 3855 verterunt,
833 3804 888 3848 et
936 3809 1043 3864 qua
1097 3793 1343 3849 ratione?
1373 3793 1587 3863 generis
1614 3793 1921 3861 nobilitate,
1950 3809 2047 3864 po-

477 3885 671 3950 tentia,
697 3885 967 3955 sapientia
996 3885 1131 3956 (15),
1159 3885 1515 3956 persuasione
1536 3885 1827 3949 sermonis,
1850 3884 2044 3955 gloria,

2140 1806 2243 1858 μου
2288 1788 2540 1858 Ἰσραήλ·
2573 1786 2754 1840 οὐκέτι
2786 1784 2861 1856 μὴ
2892 1786 3113 1854 προσθῶ
3158 1777 3251 1838 τοῦ
3290 1786 3581 1854 παρελθεῖν
3609 1785 3712 1839 αὖα

2138 1879 2254 1942 τὸν,
2277 1880 2371 1932 καὶ
2407 1876 2872 1947 ἀφανισθήσονται
2903 1878 2949 1930 οί
2997 1876 3173 1947 βωμοὶ
3198 1876 3291 1929 τοῦ
3333 1877 3591 1944 γέλωτος,
3615 1879 3713 1931 καὶ

2138 1969 2194 2019 αἱ
2220 1967 2435 2020 τελεταὶ
2460 1963 2554 2018 τοῦ
2594 1964 2813 2035 Ἰσραὴλ
2856 1962 3333 2033 ὲρημωθιίισονσιταιι⁸
3363 1981 3383 2015 ι
3422 1963 3488 2018 Τί
3518 1963 3711 2017 τούτου

2140 2057 2513 2126 σαφέστερονς
2550 2053 2690 2113 Τοὺς
2740 2053 2960 2123 βωμοὺς
3016 2053 3412 2120 ἁφανιοθέντας
3466 2054 3710 2125 ὁρῶμεν,

2140 2145 2235 2206 τὰς
2266 2144 2488 2216 τελετὰς
2518 2142 2613 2196 τοῦ
2656 2143 2875 2214 Ἰσραὴλ
2900 2142 3299 2214 ἑρημωθείσας.
3339 2140 3477 2197 Τίνα
3523 2143 3713 2197 λοιπὸν

2141 2236 2245 2306 χρὴ
2280 2240 2419 2288 νοεῖν
2455 2235 2768 2306 ἀδάμαντα,
2797 2234 2830 2304 ἢ
2881 2236 3103 2297 πάντως
3139 2234 3229 2288 τὸν
3275 2236 3490 2304 ἄμαχον
3518 2233 3714 2304 ἔχοντα

2140 2325 2239 2395 τὴν
2276 2325 2430 2395 ἰσχὺν
2466 2324 2739 2393 Χριστόν;
2772 2321 2851 2393 Τῇ
2899 2323 3007 2390 γὰρ
3047 2321 3216 2377 αὐτοῦ
3265 2321 3545 2393 παρουσίᾳ⁸
3568 2322 3622 2374 οῖ
3650 2338 3714 2373 τε

2144 2416 2340 2487 βωμοὶ,
2374 2414 2471 2470 καὶ⁸
2500 2416 2557 2468 αί
2585 2416 2803 2469 τελεταὶ
2830 2413 2925 2467 τοῦ
2967 2414 3189 2484 Ἰσραὴλ
3229 2414 3568 2467 ἀπώλλυντο.
3599 2415 3716 2468 Κα-

2142 2510 2249 2573 λῶς
2279 2510 2335 2562 δὲ
2365 2509 2456 2561 τὸν
2479 2508 2714 2579 Χριστὸν
2739 2507 2996 2560 ἐκάλεσεν
3019 2510 3047 2560 ό
3071 2508 3356 2577 προφήτης
3386 2506 3678 2574 ἀδάμαντα
3694 2521 3714 2540 ο

2141 2605 2242 2657 ὃσα
2280 2602 2387 2671 γὰρ
2416 2601 2832 2670 ἐμηχανήσαντο
2860 2598 2980 2652 κατ’
3009 2596 3173 2650 αὐτοῦ
3203 2597 3294 2650 καὶ
3328 2589 3417 2649 οἷα
3444 2595 3712 2665 βασιλεῖς,

2144 2694 2537 2765 ἡγεμόνες,καὶ
2565 2692 2820 2762 τύραννοι
2842 2707 2858 2757 ;
2883 2689 3020 2742 Ἀλλ’
3049 2688 3363 2757 ἐσφάλησαν
3383 2687 3477 2741 τοῦ
3506 2686 3712 2740 κόπουθ

2143 2786 2221 2848 ὼς
2273 2784 2383 2854 γὰρ
2432 2784 2701 2849 ἀδάμαντι
2754 2781 2830 2851 τῷ
2891 2779 3109 2851 Χριστῷ
3160 2778 3580 2848 προσϐαλόντες,
3616 2779 3716 2833 ἀνι

2148 2877 2360 2948 ίσχυροι
2416 2877 2619 2938 πάντες
2646 2873 2978 2944 ὴλέχθησαν.
3033 2872 3134 2926 Διά
3174 2889 3256 2925 τοι
3305 2869 3467 2925 τοῦτο
3495 2871 3592 2924 καὶ
3621 2871 3718 2924 ἐπὶ

2148 2970 2309 3023 πλέον
2336 2966 2713 3037 λαμπρύνεται
2736 2965 2794 3017 τὸ
2817 2964 3085 3035 ἡμέτερον
3111 2966 3394 3034 κήρυγμα.
3415 2962 3528 3033 Οὐχ
3577 2963 3717 3031 ὁρᾷς

2158 3058 2467 3121 Ἰουδαίους,
2519 3055 2805 3120 Αἰθίοπας,
2857 3053 3209 3125 Ἰσμαηλίτας
3262 3059 3360 3128 τῆς
3416 3056 3719 3128 Θρησκείας

2144 3150 2327 3205 αὑτῶν
2367 3149 2787 3219 ἀποπηδῶντας,
2830 3150 2926 3201 καὶ
2970 3147 3048 3217 τῷ
3082 3148 3305 3219 Χριστῷ
3338 3150 3718 3217 προσερχομέ-

2143 3260 2271 3306 νους
2298 3261 2314 3310 ;
2343 3241 2412 3296 Τί
2446 3241 2583 3311 πρὸς
2610 3240 2782 3293 ταῦτα
2826 3239 2964 3310 φῄ;;
3008 3238 3272 3309 Ἐπείπερ
3315 3239 3454 3291 εἰσιν
3486 3238 3714 3290 εύκαταυ

2148 3335 2429 3405 φρόνητοι,
2463 3334 2713 3403 πένητες,
2747 3332 2965 3402 ἄποροι,
3001 3332 3112 3394 τοῖς
3144 3332 3419 3403 χρήμασιν
3445 3314 3722 3399 ὑπήντηνς

2144 3441 2256 3480 ται.
2288 3424 2527 3493 Δέχομαι
2562 3422 2661 3493 τὴν
2693 3424 3066 3493 παραγραφὴν
3102 3439 3217 3477 σου.
3251 3423 3376 3485 Πῶς
3411 3422 3468 3475 δὲ
3495 3423 3546 3476 οί
3577 3423 3720 3474 ἀπό-ο

2150 3515 2328 3569 στολοι
2375 3514 2469 3566 τὸν
2520 3514 2727 3583 κόσμον
2769 3516 3145 3584 ὲσαγήνευσαν
3198 3514 3414 3568 ἅπαντα
3459 3517 3555 3568 καὶ
3611 3515 3720 3568 τίνι

2148 3608 2379 3679 τρόπῳ;
2428 3608 2712 3678 εὐγενείᾳ,
2765 3606 3086 3680 δυναστείᾳ,
3136 3609 3336 3679 σοφίᾳ,
3394 3605 3718 3679 πιθανότητι

2148 3700 2332 3768 λόγου,
2372 3699 2521 3771 δόξῃ,
2566 3699 2801 3768 πλούτῳ,
2845 3701 3169 3771 χρήμασιν;
3216 3701 3331 3754 Οὐκ
3360 3696 3430 3772 ἦν
3472 3702 3720 3755 τοιοῦτον

2149 3792 2303 3846 οὐδὲν
2330 3792 2462 3862 παρ’
2491 3791 2675 3856 αὐτοῖς
2704 3808 2719 3822 ο
2751 3792 2888 3846 ἀλλὰ
2931 3792 3131 3863 γυμνοὶ⁵
3165 3794 3267 3865 μζν
3289 3788 3429 3864 ἦσαν
3458 3794 3555 3848 καὶ
3580 3792 3719 3847 ano.

2153 3902 2259 3957 ροι,
2292 3884 2460 3956 μόνην
2486 3884 2543 3938 δὲ
2573 3886 2937 3957 ἠμφιεσμένοι
2968 3885 3067 3956 τὴν
3096 3885 3192 3940 τοῦ
3218 3885 3533 3957 Πνεύματος
3558 3885 3721 3939 δύνα·

548 4086 658 4156 (ιι)
692 4085 767 4164 ita
802 4100 1026 4164 prorsus
1050 4082 1533 4164 Vulgata_,__qu_ique
1556 4099 1671 4164 eam
1697 4066 1868 4164 secuti
1900 4093 2031 4164 sunt
2134 4062 2280 4158 ginta
2329 4102 2459 4164 vero
2491 4088 2843 4160 interpretes,
2865 4090 3063 4164 quibus
3099 4089 3341 4146 adhaeret
3366 4100 3554 4147 noster
3590 4091 3719 4164 Gly-

477 4154 577 4227 pro
616 4156 779 4210 trulla
804 4154 1767 4227 iustrumeuttituill‘udintelligunt,
1805 4170 1914 4227 quo
1948 4155 2031 4206 l'a-

479 4223 561 4283 hri
621 4225 880 4288 murarii,
935 4224 1174 4278 tectoriis
1228 4223 1462 4277 linendis
1512 4225 2036 4292 complanandisque

476 4298 721 4351 delutare
742 4297 942 4355 solent,
967 4304 1025 4347 ut
1047 4310 1152 4347 non
1174 4296 1372 4357 solum,
1397 4296 1473 4345 ait
1509 4291 1676 4346 Henr.
1702 4291 2035 4360 Stephanus,

480 4370 717 4436 parietes
771 4364 1227 4436 pulchritudinem
1268 4363 1569 4436 accipiant,
1613 4365 1706 4416 sed
1738 4375 1791 4436 et
1822 4363 2039 4417 fortitu-

478 4433 661 4489 dinem
709 4444 899 4487 contra
966 4433 1219 4499 iniuriam
1281 4433 1531 4485 imbrimu
1578 4442 1635 4485 "et
1679 4433 2037 4486 creberrimas

483 4513 859 4573 tempestates;
891 4519 955 4557 ac
984 4504 1027 4554 si
1068 4506 1206 4573 Deus
1233 4502 1443 4573 diceret
1475 4518 1489 4573 _:
1516 4501 1787 4573 deponam
1815 4517 2033 4573 omnem

482 4571 666 4626 cuiam
707 4574 908 4627 liuendi
951 4587 1135 4626 muros
1183 4572 1413 4633 Israelis,
1446 4571 1726 4638 sinumque
1760 4572 1882 4624 illos
1916 4572 2037 4624 lun-

480 4646 626 4696 ditus
660 4660 936 4705 corruere,
971 4651 1028 4694 ut
1070 4642 1446 4709 llieruuymtls,
1480 4641 1780 4710 lleiuigius,
1810 4639 2034 4710 Hayuio,

483 4712 655 4782 llugn,
681 4723 737 4766 et
782 4713 870 4766 alii
903 4710 1507 4782 seuseruut.l.yr_anns_
1531 4727 1678 4772 vero,
1704 4713 1818 4782 etsi
1838 4709 2036 4778 Vulga-

485 4779 595 4835 tani
633 4791 687 4835 et
716 4782 829 4849 ipse
858 4790 1118 4842 sectetur,
1156 4780 1538 4831 animadvertit
1572 4789 1751 4832 tamen
1784 4779 2035 4833 llebrteos

481 4852 662 4922 legere
695 4867 707 4903 :
745 4870 763 4901 ι
798 4851 934 4905 Ecce
968 4850 1226 4922 Dominus
1249 4862 1399 4901 stans
1432 4862 1596 4922 super
1623 4865 1834 4922 murum
1871 4849 2035 4922 liuea-

485 4918 619 4979 tuin.
652 4931 704 4973 et
741 4922 789 4972 in
825 4934 985 4973 manu
1014 4922 1132 4984 eius
1163 4918 1345 4983 linea;
1386 4935 1403 4967 ι
1444 4918 1624 4986 aitque
1655 4934 1668 4971 ι
1702 4937 1719 4967 ι
1757 4919 2036 4982 Accipitur

484 4993 574 5043 hic
602 4992 740 5042 linea
778 5004 874 5057 pro
919 4988 1120 5041 chorda
1168 4986 1381 5051 latomi,
1421 4989 1471 5039 in
1504 4990 1658 5055 cujus
1689 4990 2037 5041 extremitate

482 5072 565 5112 est
596 5063 900 5128 plumbum,
945 5065 997 5108 et
1036 5074 1159 5128 cuni
1209 5073 1314 5126 qua
1364 5057 1695 5121 considerat,
1746 5058 1789 5111 si
1831 5072 2037 5128 mni-us

483 5126 703 5198 erigitur
743 5137 885 5180 recte
934 5142 1098 5193 super
1133 5126 1560 5185 funJamentuin.
1615 5138 1669 5180 et
1722 5129 1765 5180 si
1830 5126 2037 5197 invenit

480 5200 885 5261 tltstorsionem,
920 5199 1125 5250 reducit
1148 5214 1270 5250 eum
1303 5198 1369 5248 ad
1400 5198 1816 5261 rectitudinem;
1854 5207 1909 5249 et
1941 5212 2038 5265 per

482 5270 585 5323 huc
614 5270 927 5335 designatur
955 5268 1135 5320 divina
1160 5267 1377 5335 iustitia
1424 5266 1821 5335 tortuositatem
1866 5272 2038 5334 culpae

478 5334 776 5392 eiiiendan’s
810 5353 906 5407 pcr
936 5353 1181 5407 pugnam;
1220 5340 1339 5390 ideo
1368 5339 1619 5407 sequitur
1655 5352 1669 5389 :
1698 5354 1729 5407 ν(
1771 5334 1907 5389 Ecce
1934 5352 2036 5405 ego

483 5424 676 5476 ponam
703 5405 897 5461 lineam
926 5405 979 5460 in
1015 5409 1190 5460 medio
1219 5405 1399 5474 populi
1427 5405 1555 5468 mei,
1591 5423 1608 5456 ι
1656 5406 1709 5458 id
1746 5417 1829 5458 est
1875 5406 2039 5459 recli-

484 5481 723 5532 tudiuem
772 5479 993 5545 iustitiae
1044 5488 1177 5530 mete
1240 5482 1357 5543 eius
1403 5486 1623 5544 peccata
1695 5476 1976 5544 punientis
2025 5492 2037 5528 :

486 5566 503 5596 ι
550 5548 662 5599 Non
693 5548 940 5617 adjiciam
974 5547 1114 5599 ultra
1140 5557 1471 5613 pertransire
1501 5560 1646 5607 cum,
1681 5563 1697 5596 ι
1744 5546 1793 5598 id
1820 5554 1901 5617 est
1926 5545 2041 5596 dis-

481 5621 737 5674 simulare
764 5616 891 5686 ejus
924 5626 1143 5686 peccata
1169 5619 1372 5684 alisque
1408 5616 1710 5684 punitione.
1748 5633 1765 5666 ι
1806 5616 2037 5682 Septua-

2136 4173 2250 4231 (ξος,
2276 4158 2614 4231 adamantem
2640 4158 2756 4228 'pro
2799 4158 2961 4213 trulla
2996 4161 3207 4226 dixere,
3236 4176 3579 4231 quapropter
3614 4158 3716 4217 au-

2140 4227 2373 4299 diendus
2392 4227 2793 4293 Theodoretus,
2820 4230 2912 4299 qui
2939 4231 3197 4299 omnibus
3224 4227 3714 4287 Grazcis-Patrihus

2143 4297 2198 4351 in
2235 4298 2337 4369 hoc
2366 4299 2742 4369 consentiens,
2770 4297 2852 4369 ae
2877 4299 2945 4352 de
2987 4314 3139 4353 more
3173 4298 3466 4369 Scriptura:
3502 4302 3712 4355 dictum

2144 4367 2439 4440 explanatis
2471 4369 2546 4440 ait
2575 4385 2588 4421 :
2630 4368 2884 4440 ’ἰσχυραν
2911 4370 3134 4440 αὺτοῖς,
3173 4370 3267 4421 καὶ
3300 4367 3479 4440 ⁷στερε
3494 4374 3553 4440 liv
3592 4371 3714 4423 λίαν

2148 4436 2334 4502 ἐπάξω
2362 4437 2597 4505 πληγὴν,
2649 4438 2743 4490 καὶ
2794 4438 3069 4505 ἀδάμαντι
3124 4436 3430 4500 ἐοικυῖαν(
3491 4439 3551 4503 ὃς
3607 4440 3715 4492 τῶν

2148 4497 2719 4578 ὑλῶνγὲστιναπασῶν
2752 4497 3121 4578 στερέώταέός
3152 4524 3233 4568 τε,
3296 4497 3400 4559 και
3423 4497 3714 4578 ἰσχυρόταο

2146 4591 2256 4635 τος.
2289 4576 2364 4627 Οὐ
2399 4577 2505 4645 γὰρ
2535 4575 2798 4643 ἀνέξομαι
2840 4575 3025 4628 λοιπὸν
3056 4579 3319 4645 περιιδεῖν
3356 4580 3453 4644 τὴν
3483 4575 3594 4630 ’ὑπ’
3618 4580 3714 4630 αύ-

2145 4645 2256 4695 τῶν
2286 4645 2648 4713 τολμωμένην
2686 4645 2965 4705 ἀσέϐειαν,
3018 4644 3158 4696 ἀλλὰ
3221 4648 3319 4698 σὺν
3383 4649 3572 4709 αὐτοῖς
3621 4648 3713 4697 καὶ

2145 4715 2271 4783 τοὺς
2299 4714 2404 4765 τῶν
2430 4714 2668 4765 εἰδώλων
2699 4714 2913 4783 ἀφανιῶ
2943 4714 3185 4783 βωμοὺς,
3226 4716 3318 4766 καὶ
3354 4721 3454 4776 τὰς
3508 4717 3713 4767 τούτων

2148 4782 2341 4851 ἑορτὰς
2374 4782 2753 4847 καταπαύσω,
2783 4784 2877 4833 καὶ
2925 4782 3259 4847 ἁπαξαπλῶς
3301 4786 3478 4836 πᾶσαν
3534 4788 3712 4837 αὐτῶν

2146 4851 2441 4904 καταλύσω
2470 4855 2569 4918 τὴν
2631 4853 2932 4921 βασιλείαν.
2996 4853 3239 4912 Scilicet,
3286 4870 3305 4903 ι
3356 4853 3598 4907 Validam
3659 4864 3714 4906 et

2146 4922 2453 4988 praeduram
2493 4924 2703 4988 plagam
2741 4923 2993 4979 inferam.
3025 4923 3368 4990 similemque
3397 4922 3711 4982 adaiuanti,

2144 4995 2235 5058 qui
2260 5007 2324 5044 ex
2361 4992 2606 5045 materiis
2632 4992 2899 5059 quibusve
2952 4992 3280 5045 durissimus
3328 5001 3409 5045 cst
3442 5005 3495 5045 ct
3533 4996 3713 5045 valen-

2148 5061 2409 5113 tissimus.
2447 5061 2563 5113 Non
2603 5063 2748 5113 enim
2786 5061 2961 5128 patiar
3002 5063 3353 5129 impostcrum
3378 5100 3392 5122 ,
3440 5069 3499 5113 ut
3533 5062 3602 5114 ab
3631 5062 3714 5114 his

2145 5130 2673 5198 admissajmpietas
2723 5132 2885 5182 abeat
2930 5132 3192 5196 impunita
3234 5134 3408 5199 :quin
3443 5146 3548 5183 una
3590 5146 3710 5183 cuin

2148 5199 2280 5266 ipss
2309 5202 2497 5252 altaria
2541 5202 2807 5253 idolorum
2840 5200 3051 5260 delebo,
3084 5210 3136 5251 et
3176 5215 3365 5253 eorum
3403 5199 3573 5254 festos
3600 5200 3709 5253 dies

2146 5284 2360 5322 cessare
2392 5270 2580 5322 faciam
2605 5287 2615 5332 ;
2648 5284 2809 5322 omne
2834 5271 3066 5337 denique
3091 5283 3281 5322 eorum
3313 5284 3537 5337 regnum
3566 5268 3712 5338 peni-

2150 5347 2233 5390 tus
2257 5350 2521 5409 evertam.
2559 5362 2577 5389 ι
2613 5339 2822 5393 Vidrsis
2856 5338 3109 5392 Basilium
3148 5348 3202 5393 et
3230 5339 3669 5409 Clirysostomunt
3691 5375 3706 5401 ,

2146 5409 2237 5476 qni
2268 5408 2457 5461 eadem
2490 5423 2628 5476 pene
2654 5409 2985 5463 edisserunt.

2220 5477 2329 5545 (Ιὸ)
2387 5478 2694 5533 ineruditos
2752 5482 3000 5537 omnino,
3057 5477 3169 5530 imo
3220 5486 3276 5532 et
3328 5478 3495 5533 rudes
3547 5477 3710 5533 fuisse

2147 5548 2441 5615 npusmlos,
2482 5558 2696 5602 veteres
2721 5562 2913 5601 omnes
2958 5550 3149 5601 Patres
3182 5550 3341 5616 pleno
3381 5564 3475 5602 ore
3510 5549 3708 5602 docue-

2150 5627 2293 5683 runt,
2333 5627 2494 5685 atque
2537 5634 2599 5671 ex
2651 5622 2889 5684 ipsmum
2937 5619 3247 5674 rusticitate
3296 5629 3351 5671 ct
3397 5619 3701 5688 imperitia,
