4058 6196
410 476 435 507 η’
475 471 584 524 alta
605 468 908 523 inclamans
932 478 1066 517 voce
1091 461 1267 517 dixit:
1304 477 1322 511 ι
1350 456 1468 514 Non
1504 468 1589 513 est
1619 458 1753 512 mihi
1790 458 2040 512 voluntas

477 563 531 615 in
552 560 725 625 vobis,
744 556 874 611 dicit
896 554 1179 617 Dominus,
1199 566 1377 620 neque
1397 565 1605 605 sumam
1626 547 1954 603 sacriﬁcium
1975 545 2056 600 de

479 651 732 707 manibus
752 642 974 712 vestris,
997 644 1257 715 quoniam
1280 645 1350 699 ab
1375 652 1495 698 ortu
1521 642 1650 697 solis
1670 652 1842 710 usque
1864 638 1928 692 ad
1951 653 2044 693 oc;

475 757 663 798 casum
686 753 885 794 nomen
909 752 1088 791 meum
1120 735 1413 806 gloriosum
1436 741 1519 787 est
1537 733 1591 786 in
1623 731 1897 804 gentibus,
1914 737 1967 783 et
1989 728 2043 781 in

416 861 421 866 ’
477 834 624 889 omni
641 834 761 887 loco
783 829 1108 885 sacriﬁcium
1126 827 1396 882 etoblatio
1409 826 1611 879 munda
1629 822 2043 878 oﬂ‘erlurnomi-

476 924 529 979 ni
563 937 684 979 meo
710 940 724 977 :
750 938 848 977 vos
871 931 1052 976 autem
1078 935 1142 975 ea
1193 919 1633 974 eontaminastis.
1672 935 1689 967 ι
1721 915 1887 970 Facta
1914 924 2043 969 sunt
2086 962 2089 965 .

479 1020 614 1080 lucc,
653 1031 721 1068 an
748 1028 856 1067 non
889 1012 1253 1066 ?Oﬂ‘ertnrne
1310 1011 1653 1065 incruentum
1689 1018 1744 1063 ct
1783 1007 2042 1060 mundum

416 1126 419 1127 '
474 1108 801 1163 sacriﬁcium
833 1106 943 1157 Deo
972 1104 1022 1156 in
1054 1104 1201 1157 omni
1236 1102 1523 1156 nationum
1583 1101 1725 1161 loco,
1765 1115 1833 1152 an
1896 1097 2045 1151 non?

417 1226 423 1235 -
476 1201 675 1253 Verum
705 1196 831 1267 quid
859 1195 1050 1265 plura?
1076 1194 1371 1248 Audiamus
1391 1192 1708 1262 prophetam
1739 1192 2040 1245 dicentem:

480 1307 499 1338 ι
546 1286 620 1341 Ex
646 1287 778 1340 Sion
812 1285 983 1339 exibit
1022 1284 1126 1347 lex,
1166 1293 1219 1337 et
1252 1282 1487 1338 Verbum
1531 1282 1745 1336 Domini
1783 1281 1850 1335 de
1883 1279 2045 1334 Jeru-

479 1382 683 1443 salem;
717 1388 771 1437 et
813 1377 1080 1447 judicium
1115 1375 1278 1430 faciet
1328 1376 1382 1429 in
1430 1375 1605 1429 medio
1638 1374 1941 1435 nationum,
1993 1381 2047 1425 et

483 1480 674 1540 arguet
714 1468 970 1538 populum
1021 1467 1275 1521 multum.
1307 1485 1325 1518 ι
1362 1465 1534 1520 Dicite
1588 1480 1740 1534 ergo,
1793 1478 2043 1533 quaenam

478 1571 565 1615 est
598 1562 683 1614 lex
720 1561 911 1613 exiens
943 1574 1004 1611 ex
1040 1557 1195 1621 Sion,
1228 1565 1282 1611 et
1332 1558 1555 1627 quinam
1587 1568 1713 1611 sunt
1768 1557 1859 1624 qui
1924 1569 2042 1609 eam

1584 315 1586 317 .
1743 245 1794 313 Μ
1807 244 2161 312 lCHAELlS
2195 238 2451 311 GLYC/E

550 374 836 432 Simillima
848 371 959 444 jam
983 362 1370 427 demonstratis
1384 364 1760 423 divinissimus
1779 364 2040 418 Malachia

2217 362 2299 416 Τὰ
2327 362 2467 416 αύτὰ
2511 361 2623 423 τοῖς
2658 354 2996 429 διαληφοεῐσι
3033 357 3125 412 καὶ
3151 356 3180 411 6
3213 347 3485 419 θειότατος
3519 357 3713 413 Μαλα-

3607 231 3711 305 εῧί

2144 450 2266 523 χίας
2299 452 2706 524 προαναφωνῶν
2744 451 2931 519 ἔλεγεν
2951 467 2967 483 ο
2999 468 3017 502 ι
3047 450 3161 503 Ούκ
3207 451 3318 503 ἔστι
3372 467 3462 520 μοι
3492 452 3549 503 ἒν
3582 453 3715 521 ὑμῖν

2145 543 2376 613 θέλημα,
2411 544 2562 611 λέγει
2590 544 2618 595 6
2647 542 2871 612 Κύριος,
2905 544 2999 595 καὶ
3035 541 3313 595 θυσίαν-ού
3348 543 3718 613 προσδεξομαι

2144 633 2208 684 ὲκ
2232 633 2343 685 τῶν
2369 633 2569 703 χειρῶν
2598 630 2773 701 ὑμῶν,
2819 631 2954 685 διότι
2986 630 3079 684 ἀπ’
3119 632 3397 685 ἀνατολῶν
3439 633 3590 702 ἡλίου
3619 635 3717 686 καὶ

2144 724 2248 788 ἕως
2274 724 2496 795 δυσμῶν
2522 726 2583 778 τὶ)
2612 725 2781 795 ὄνομά
2816 740 2917 794 μου
2941 714 3254 787 δέδόξασται
3285 726 3344 778 ὲν
3368 728 3480 788 τοῖς
3512 726 3717 788 ἔθνεσι,

2147 816 2244 869 καὶ
2270 818 2325 868 ὲν
2349 818 2513 871 παντὶ
2539 816 2690 886 τόπῳ
2719 814 2972 885 θυμίαμα
3002 816 3343 883 προσάγεται
3375 815 3451 884 τῷ
3488 815 3718 886 ὀνόματί

2152 923 2277 976 μου,
2309 910 2403 961 καὶ
2438 907 2599 961 θυσία
2629 909 2848 978 καθαρά
2870 925 2883 938 ο
2917 907 3072 975 ὑμεῖς
3098 907 3155 960 δὲ
3190 907 3482 976 βεϐηλοῦτε
3518 909 3711 963 αὐτά.»

2160 999 2407 1065 Ἐγένετο
2453 1000 2649 1064 ταῦτα,
2702 1000 2734 1070 ἦ
2781 999 2878 1064 οὔ;
2919 999 3331 1069 Προσάγεταιὴ
3380 1000 3722 1069 ἀναίμακτος

2149 1091 2245 1142 xal.
2273 1088 2489 1157 καθαρὰ
2510 1090 2675 1143 θυσία
2700 1090 2779 1159 τῷ
2809 1089 2926 1159 Θεῷ
2951 1092 3007 1141 ἐν
3038 1091 3202 1143 παντὶ
3227 1090 3373 1157 τόπῳ
3394 1089 3503 1143 τῶν
3523 1092 3718 1156 ἐθνῶν,

2148 1181 2179 1247 ἦ
2210 1179 2300 1247 ob;
2336 1179 2443 1234 Καὶ
2473 1179 2524 1232 τί
2552 1181 2722 1234 πολλὰ
2750 1182 2968 1249 λέγειν;
3009 1181 3400 1250 Ἀκουσὼμεθα
3432 1182 3721 1251 προφήτου

2149 1272 2243 1324 τοῦ
2279 1272 2533 1340 λέγοντος
2554 1290 2568 1304 ·
2604 1292 2623 1325 ι
2645 1273 2740 1325 Ἐκ
2766 1272 2907 1327 Σιὼν
2930 1272 3271 1337 ἐξελεύσεται
3295 1275 3476 1341 ιόμος,
3503 1277 3596 1326 καὶ
3627 1273 3721 1326 λό-

2150 1375 2243 1426 γος
2270 1360 2475 1431 Κυρίου
2527 1363 2584 1428 ἐξ
2621 1357 3004 1432 Ἰερουσαλὴμ,
3062 1363 3157 1423 καὶ
3189 1367 3369 1433 κρινεῖ
3411 1365 3514 1417 ἀνὰ
3551 1373 3724 1434 μέσον

2150 1452 2343 1518 ἐθνῶν,
2370 1454 2464 1506 καὶ
2494 1453 2766 1521 ἐξελέγξει
2801 1454 2927 1509 λαὸν
2975 1454 3163 1508 πολύν.
3208 1472 3226 1505 ι
3274 1455 3477 1509 Εἴπατε
3506 1452 3602 1509 οὖν
3632 1460 3722 1521 τίς

2150 1544 2380 1609 ἐξελθὼν
2412 1544 2572 1615 νόμος
2608 1548 2671 1599 ὲκ
2702 1546 2861 1610 Σιὼν,
2913 1548 3007 1600 καὶ
3050 1546 3195 1610 τίνες
3241 1548 3290 1602 oi
3336 1548 3524 1602 τοῦτον
3559 1550 3723 1616 δεξὼ

480 1654 845 1723 receperunt?
874 1651 1132 1705 Nationes
1166 1666 1296 1704 sane
1328 1669 1341 1715 ;
1383 1651 1510 1719 ipsa:
1555 1651 1699 1703 enim
1743 1650 2046 1720 redarguit-.12

2156 1652 2338 1703 μενοι;
2371 1636 2592 1698 Πάντως
2624 1636 2690 1690 τὰ
2720 1638 2847 1708 ἔθνη
2873 1654 2889 1669 ·
2921 1638 3061 1691 αύτὰ
3089 1639 3184 1692 καὶ
3225 1642 3333 1710 γὰρ
3372 1641 3725 1713 ὴλέγχθησαν

479 1757 609 1799 sunt
640 1748 788 1799 velut
820 1752 1070 1797 errantes
1109 1757 1136 1795 a
1170 1741 1294 1807 (ide,
1323 1750 1377 1795 et
1399 1740 1599 1795 Christi
1621 1742 1793 1810 legem
1825 1756 2049 1810 recepe-

2156 1726 2339 1796 ὥσπερ
2365 1726 2464 1797 τὴν
2496 1728 2680 1781 πίστιν
2704 1729 3056 1799 πλανώμενα,
3092 1734 3187 1784 καὶ
3221 1729 3310 1782 τὸν
3350 1732 3441 1783 τοῦ
3477 1733 3725 1802 Χριστοῦ

483 1847 636 1897 runt,
668 1851 828 1903 quam
868 1834 1087 1901 quidem
1123 1832 1413 1901 discipulis
1441 1832 1591 1886 dedit
1620 1834 1671 1885 in
1726 1831 2049 1898 Jerusalem,

481 1940 537 1982 et
580 1944 680 1997 per
733 1928 881 1995 ipsos
911 1924 1166 1979 omnibus
1199 1924 1475 1994 gentibus.
1537 1942 1555 1974 ι
1590 1922 1664 1975 Ex
1709 1923 1841 1977 Sion
1886 1924 2056 1979 exibit

423 2036 429 2041 ’
479 2022 565 2071 lex
594 2036 609 2083 ;
642 2038 660 2070 ι
699 2016 989 2086 oportebat
1023 2016 1166 2071 enim
1197 2031 1389 2068 novam
1427 2015 1541 2067 dari
1578 2015 1753 2084 legem
1798 2030 1941 2069 novo
1988 2030 2055 2069 ex

481 2110 799 2165 nationibus
827 2108 1046 2177 populo,
1080 2106 1540 2176 quemadmodum
1576 2105 1846 2160 Jeremias
1877 2107 2051 2161 dicit:

432 2218 439 2221 ·
488 2224 506 2255 ι
548 2202 685 2256 Ecce
713 2202 828 2256 dies
863 2200 1110 2263 veniunt,
1171 2207 1225 2252 et
1272 2196 1464 2251 feriam
1523 2213 1648 2252 cum
1704 2199 1869 2252 domo
1918 2194 2058 2252 Juda

485 2296 665 2347 rmdus
697 2308 923 2356 novum,
960 2304 1069 2345 non
1102 2290 1404 2347 secundum
1441 2298 1661 2358 pactum
1712 2289 1857 2358 quod
1884 2289 2060 2360 pepigi

483 2401 609 2439 cum
653 2386 900 2455 patrihus
945 2398 1136 2438 eorum
1187 2382 1242 2435 in
1284 2382 1477 2435 diebus
1508 2382 1559 2435 in
1608 2381 1805 2451 quibus
1860 2397 2060 2451 appre-

482 2475 759 2529 hendenle
793 2490 876 2527 me
918 2488 1139 2527 manum
1172 2487 1388 2535 eorum,
1422 2470 1585 2525 eduxi
1638 2473 1760 2526 illos
1804 2472 1872 2527 de
1916 2482 2061 2527 terra

481 2564 720 2635 Egypti.
759 2583 776 2617 ι
811 2562 908 2618 Vel
942 2563 1107 2632 igitur
1156 2563 1344 2617 dicant
1394 2577 1515 2631 qua:
1569 2562 1653 2616 lex
1699 2563 1827 2616 data
1870 2562 1939 2617 sit
1993 2578 2059 2617 ex

438 2686 439 2689 η
483 2656 639 2715 Sion,
669 2655 751 2707 vel
784 2668 980 2706 novam
1014 2668 1044 2705 a
1087 2651 1310 2709 Christo
1343 2652 1738 2721 legislationem
1771 2653 2058 2722 recipiant.

483 2746 613 2800 Post
653 2745 799 2799 enim
850 2742 1311 2796 resurrectionem
1364 2744 1481 2812 ejus
1536 2758 1565 2795 a
1596 2743 1844 2808 mortuis,
1876 2754 2068 2814 quem-

481 2836 774 2891 admodum
850 2835 1133 2904 prophela:
1203 2835 1917 2904 praedixerantyascendit
1988 2837 2057 2891 ad

483 2925 672 2989 etnlos,
694 2933 747 2978 et
779 2924 1038 2987 intonuit,
1063 2926 1167 2978 hoc
1195 2931 1303 2990 est,
1328 2924 1505 2994 ipsum
1528 2926 1627 2979 hoc
1644 2920 1853 2981 Novum
1876 2925 2064 2981 Testa-

2146 1820 2309 1887 νόμον
2368 1818 2637 1884 ἐδέξαντο,
2690 1819 2719 1872 δ
2775 1820 2946 1874 ἔδωκε
2979 1821 3081 1889 μὲν
3117 1823 3174 1875 ὲν
3220 1821 3577 1895 Ἰερουσαλὴμ
3609 1829 3726 1889 τοῖς

2151 1908 2441 1978 μαθηταῖς,
2474 1904 2542 1962 δι’
2570 1910 2751 1963 αὐτῶν
2776 1911 2833 1963 δὲ
2862 1912 2958 1965 καὶ
2987 1914 3120 1966 πᾶσι
3146 1915 3262 1976 τοῖς
3297 1914 3524 1969 ἔθνεσιν.
3557 1933 3578 1967 ι
3625 1916 3726 1970 ἐκ

2150 1998 2287 2052 Σιὼν
2316 1999 2657 2063 ἐξελεύσεται
2688 2003 2716 2053 6
2757 2001 2923 2070 νόμος
2946 2018 2959 2032 ·
2992 2020 3010 2054 ι
3056 2002 3162 2056 ἔδει
3191 2004 3299 2075 γὰρ
3337 2006 3414 2074 τῷ
3441 1988 3503 2071 ἐξ
3550 2006 3728 2060 ἐθνῶν

2150 2088 2325 2157 καινῷ
2355 2088 2466 2157 λαῷ
2494 2089 2587 2141 καὶ
2613 2090 2779 2158 νόμον
2819 2088 3043 2159 δοθῆναι
3091 2092 3298 2160 καινὸν,
3342 2093 3523 2158 καθὼς
3558 2097 3728 2167 Ἱερι-

2157 2181 2285 2249 μίας
2312 2181 2513 2249 φησίν·
2556 2197 2574 2233 ι
2614 2181 2744 2234 Ἰδοὺ
2789 2181 2998 2251 ήμίραι
3039 2183 3311 2253 ἔρχονται,
3345 2189 3436 2240 καὶ
3465 2188 3730 2259 διαθήσοο

2157 2289 2255 2341 μαι
2290 2272 2366 2341 τῷ
2404 2271 2539 2341 οἴκῳ
2581 2271 2751 2325 Ἰούδα
2781 2273 3050 2344 διαθήκην
3093 2277 3306 2344 καινὴν,
3351 2277 3411 2328 ού
3454 2278 3597 2330 κατὰ
3628 2279 3729 2348 τὴν

2154 2362 2423 2432 διαθήκην
2452 2362 2523 2434 ἢν
2548 2362 2806 2434 διεθέμην
2851 2366 2963 2428 τοῖς
3000 2365 3271 2436 πατράσιν
3301 2367 3477 2419 αὐτῶν
3502 2370 3559 2421 ὲν
3590 2370 3727 2437 ήμὲσ

2157 2473 2280 2525 ραις
2313 2454 2714 2526 ἑπιλαδομένου
2750 2472 2853 2525 μου
2885 2457 2984 2525 τῆς
3025 2457 3212 2528 χειρὸς
3257 2458 3457 2525 αὐτῶν,
3509 2462 3604 2512 καὶ
3637 2461 3728 2525 ἐξά

2156 2550 2381 2619 αγαγὼν
2413 2550 2607 2613 αὐτοὺς
2634 2550 2698 2603 ὲκ
2724 2548 2829 2619 γῆς
2856 2550 3158 2617 Αἰγύπτου.
3185 2568 3203 2602 ι
3239 2551 3309 2602 Ἦ
3334 2550 3466 2616 γοῦν
3494 2552 3721 2605 εἰπάτωι

2163 2657 2264 2695 σαν
2297 2641 2380 2705 τίς
2408 2643 2435 2695 6
2465 2643 2628 2712 νόμος
2657 2644 2684 2695 6
2709 2641 2885 2705 δοθεὶς
2917 2644 2979 2696 ὲκ
3023 2641 3184 2709 Σιὼν,
3213 2642 3246 2714 ἢ
3279 2643 3377 2713 τήν
3412 2644 3603 2713 καινὴν
3632 2644 3730 2698 τοῦ

2160 2733 2398 2805 Χριστοῦ
2436 2735 2760 2805 νομοθεσίαν
2785 2735 3289 2804 καταδεχέσθωσαν.
3323 2736 3476 2789 Μετὰ
3503 2737 3609 2806 γὰρ
3633 2738 3730 2808 τὴν

2160 2828 2225 2879 ἐκ
2254 2825 2465 2894 νεκρῶν
2489 2826 2656 2879 αὐτοῦ
2692 2826 2933 2897 ἔγερσιν,
2966 2824 3145 2888 καθὼς
3168 2828 3215 2879 οἱ
3245 2827 3520 2896 προφῆται
3548 2831 3735 2897 πρσεῖο

2165 2932 2287 2979 πον,
2321 2916 2487 2987 ἀνέϐη
2521 2916 2603 2979 είς
2634 2916 2901 2986 οὐρανοὺς
2943 2917 3041 2969 καὶ
3070 2916 3387 2986 ἐϐρόντησε,
3410 2915 3559 2969 τοῦτ’
3584 2917 3730 2970 ἐστιν

485 3025 732 3070 mentum
771 3030 869 3083 per
911 3016 1137 3069 omnino
1189 2993 1437 3069 sanctum
1493 3013 1753 3083 Spiritum
1798 3017 2056 3087 elargitus

2165 3007 2334 3077 αὐτὴν
2359 3006 2563 3077 ταύτην
2594 3007 2695 3078 τὴν
2740 3007 2867 3060 νέαν
2911 3006 3180 3078 διαθήκην
3211 3006 3298 3061 διὰ
3331 3008 3426 3061 τοῦ
3458 2993 3729 3075 παναγίου

481 3108 819 3183 εισιενοιίιιη
848 3106 981 3160 mihi
1016 3107 1175 3170 dicis,
1210 3106 1352 3175 quod
1378 3109 1423 3160 si
1458 3106 1548 3160 Dei
1582 3105 1750 3160 Filius
1776 3117 2060 3172 erat,vere

480 3199 646 3252 etiam
686 3197 951 3252 surrexit.
989 3195 1097 3250 Sed
1134 3196 1298 3260 audi;
1332 3197 1377 3250 si
1412 3199 1517 3250 hoc
1548 3195 1751 3250 factum
1782 3196 1902 3259 fuit,
1930 3212 2060 3251 con-

484 3286 641 3339 tinuo
666 3286 933 3340 debueras
964 3287 1234 3340 credere?
1268 3286 1524 3340 Profecto
1579 3301 1728 3349 non;
1784 3286 1877 3354 qui
1914 3285 2059 3340 enim

480 3375 553 3429 iis
611 3391 732 3443 qua:
786 3387 1177 3442 praecesserant
1234 3391 1346 3429 non
1395 3377 1645 3436 credidit,
1694 3391 1871 3444 neque
1913 3376 2061 3431 illius

481 3466 877 3520 resurrectioni
902 3466 1226 3528 crediderit,
1251 3477 1307 3519 et
1330 3466 1377 3518 si
1415 3466 1469 3519 in
1499 3475 1793 3534 conspectu
1817 3467 2059 3520 omnium

479 3554 683 3608 factum
718 3552 767 3606 id
792 3554 879 3607 sit.
906 3553 1099 3607 Nonne
1122 3553 1303 3607 vidisti
1331 3552 1597 3607 Lazarum
1625 3554 2057 3623 quatriduanum

483 3658 513 3694 a
549 3641 779 3694 mortuis
817 3642 1242 3709 resurgentem?
1272 3640 1556 3705 Quomodo
1594 3658 1700 3696 non
1746 3643 2061 3699 credidisti?

404 3766 410 3774 η
482 3731 623 3793 Quid
678 3731 780 3783 hoc
830 3730 1239 3794 incredibilius,
1291 3731 1460 3784 solem
1522 3734 1784 3787 crueiﬂxo
1844 3734 2061 3789 Christo

483 3820 903 3874 obtenebratum
958 3822 1122 3874 esse?
1152 3820 1296 3886 Quid
1328 3822 1537 3890 majus,
1577 3832 1823 3879 mortuos
1885 3840 2061 3880 resur-

484 3910 713 3974 rexisse,
746 3918 930 3979 petras
961 3910 1161 3965 scissas
1190 3926 1333 3974 esse,
1364 3920 1420 3966 et
1450 3913 1627 3982 ipsum
1662 3914 1845 3984 templi
1879 3916 2058 3970 velum

481 4001 540 4054 in
569 3999 705 4054 duas
727 4010 912 4069 partes
942 4001 1175 4055 divisum
1209 4002 1371 4057 esse?
1395 4002 1587 4058 Nonne
1618 4006 1861 4060 omnium
1896 4007 2062 4061 mira-

2166 3101 2479 3170 Πνεύματος
2535 3102 2898 3172 ἐχορήγησεν.
2932 3101 3104 3155 Ἀλλὰ
3146 3102 3325 3171 λέγεις
3373 3121 3487 3174 μοι,
3547 3106 3632 3159 ὅτι
3680 3110 3733 3160 εί

2127 3261 2131 3264 η
2161 3191 2294 3245 Θεοῦ
2325 3192 2454 3256 Υἱὸς
2496 3189 2584 3263 ἦν,
2636 3192 2733 3246 καὶ
2786 3193 3002 3261 ἀληθῶς
3035 3193 3253 3264 ἀνέστη.
3290 3196 3399 3248 Καὶ.
3439 3196 3604 3250 ἄκουε
3633 3214 3649 3229 ο
3679 3202 3731 3251 εί

2160 3281 2317 3333 τοῦτο
2344 3281 2580 3349 ἐγένετο,
2614 3280 2905 3334 πιστεῦσαι
2926 3276 3070 3350 εἶχες
3093 3298 3108 3347 ;
3142 3279 3365 3344 Πάντως
3385 3282 3508 3350 ούχί
3529 3298 3542 3314 ·
3563 3282 3592 3332 6
3622 3286 3729 3354 γὰρ

2164 3373 2237 3441 μὴ
2269 3375 2378 3435 τοῖς
2410 3371 3065 3451 προλαϐοῦσιᾼπιστεύσας
3101 3373 3223 3426 οὐδὲ
3263 3376 3330 3445 τῇ
3363 3376 3572 3429 ἐκείνου
3600 3377 3734 3429 ἀνα-

2164 3463 2351 3524 στάσει
2391 3464 2718 3517 ἐπίστευσεν
2747 3449 2845 3519 ’ἂν
2877 3449 2970 3519 καὶ
3015 3468 3063 3518 εί
3096 3465 3328 3519 ἐνώπιον
3361 3468 3581 3522 πάντων
3608 3468 3733 3535 ὲγιί-

2162 3573 2299 3608 νετο.
2329 3556 2441 3609 Ούκ
2473 3552 2624 3619 οἶδας
2653 3556 2743 3609 τὸν
2763 3554 3013 3627 Λάζαρον
3035 3558 3096 3608 ὲκ
3118 3554 3326 3626 νεκρῶν
3351 3559 3731 3628 τετραήμερον

2160 3645 2454 3718 ἐγερθέντα
2482 3665 2497 3714 ;
2528 3648 2648 3709 Πῶς
2687 3648 2787 3700 οὐκ
2811 3648 3136 3717 ἐπίστευσας
3160 3665 3175 3713 ;
3201 3647 3267 3700 Τί
3300 3649 3732 3720 παραδοξότερον

2161 3738 2253 3790 τοῦ
2285 3738 2375 3791 τὸν
2400 3739 2553 3808 ἥλιον
2585 3737 2940 3809 σκοτισθῆναι
2996 3741 3401 3809 σταυρουμένου
3450 3740 3726 3811 Apto-toﬁ;

2160 3831 2226 3883 Τί
2259 3831 2444 3901 μεῖξον
2472 3832 2596 3894 τοὺς
2625 3832 2852 3902 νεκροὺς
2896 3830 3210 3899 ἐγερθῆναι,
3249 3818 3457 3900 πέτρας
3502 3831 3730 3901 σχισθπῖνι⁴

2161 3938 2270 3985 ναι,
2306 3922 2399 3974 καίΙ
2419 3922 2551 3975 αὐτὸ
2572 3922 2940 3992 διαρραγῆναι
2961 3922 3021 3975 τδ
3043 3922 3137 3975 τοῦ
3158 3922 3285 3976 ναοῦ
3302 3924 3728 3993 καταπέτασμα;

2161 4012 2235 4065 Οὐ
2272 4011 2488 4064 πάντων
2522 4012 2838 4083 θαυμάτων,
2892 4014 2985 4067 καὶ
3034 4014 3203 4083 αὐτῆς
3244 4013 3308 4083 δὴ
3352 4016 3451 4083 τῆς
3496 4015 3735 4068 ἀναστά-

482 4089 756 4154 culorum,
794 4104 864 4144 ne
892 4091 1014 4159 ipsa
1061 4091 1285 4159 quidem
1341 4102 1569 4161 excepta
1638 4096 2056 4162 resurrectione,

2165 4121 2319 4167 σεως,
2353 4105 2522 4158 ταῦτα
2559 4104 2984 4176 θαυμασιώτερα
3014 4123 3030 4171 ;
3061 4107 3181 4168 Πῶς
3206 4105 3459 4159 τοιούτων
3487 4108 3734 4175 τεράτων

485 4184 601 4235 haec
651 4188 781 4236 sunt
841 4182 1079 4236 maxime
1133 4183 1446 4237 mirabilia?
1509 4184 1795 4249 Quomodo
1861 4186 2056 4240 horum

2161 4196 2359 4265 θεατὴς
2387 4195 2626 4264 γεγονὼς
2660 4196 2759 4249 οὐκ
2790 4197 3116 4261 ἐπίστευσας
3142 4214 3155 4262 ;
3195 4198 3406 4261 Ὄντως
3436 4198 3737 4268 πεπλήρωο

481 4275 764 4343 signorum
793 4283 1073 4342 spectator
1128 4273 1307 4331 factus
1364 4291 1475 4330 non
1533 4278 1858 4332 credidisti?
1919 4278 2056 4334 Vere

2159 4307 2249 4342 ται
2285 4290 2346 4342 τὸ
2371 4290 2466 4343 τοῦ
2511 4290 2731 4343 Ἡσαΐου
2760 4307 2775 4322 ·
2812 4308 2841 4361 ι
2873 4290 2939 4342 Ἦ
2972 4291 3168 4362 καρδία
3198 4290 3375 4344 αὐτῶν
3404 4290 3692 4360 ἐπαχύνθη
3716 4306 3731 4319 δ

482 4364 841 4433 adimpletum
873 4373 958 4419 est
985 4364 1134 4433 quod
1178 4365 1349 4420 Isaias
1411 4366 1591 4420 dixit:
1649 4385 1668 4418 ι
1704 4367 1812 4422 Cor
1863 4382 2054 4422 eorum

2164 4374 2278 4434 ὦτα
2304 4381 2512 4450 ἔχουσι,
2551 4382 2647 4434 καὶ
2688 4382 2790 4435 οὐκ
2821 4382 3110 4435 ἁκούουσιν
3132 4397 3148 4415 ο
3185 4381 3519 4451 ὀφθαλμοὺς,
3549 4382 3643 4434 καὶ
3670 4383 3734 4436 οὐ

406 4474 429 4495 ην
483 4454 881 4523 impinguatum
909 4464 995 4510 est
1025 4472 1039 4508 :
1082 4471 1248 4511 aures
1282 4457 1507 4522 habent,
1544 4466 1599 4512 et
1633 4472 1746 4512 non
1790 4459 2055 4525 audiunt;

2163 4471 2446 4542 βλέπουσι.
2480 4491 2499 4524 ι
2548 4472 2686 4542 Περὶ
2730 4474 2916 4542 μέντοι
2944 4474 3045 4541 τῆς
3075 4473 3215 4527 κατὰ
3250 4472 3309 4526 τὸ
3340 4475 3607 4544 σωτήριον
3636 4476 3736 4527 τοῦ
3798 4458 3803 4461 ⁷

485 4547 693 4601 habent
717 4547 932 4613 oculos,
962 4556 1020 4603 et
1065 4563 1175 4603 non
1219 4549 1425 4602 vident.
1466 4567 1485 4600 ι
1523 4550 1598 4604 De
1654 4552 2056 4606 resurrectione

2162 4560 2399 4629 Χριστοῦ
2436 4556 2709 4630 ὲγέρσεως
2735 4562 2846 4616 τῶν
2893 4561 3102 4632 νεκρῶν
3153 4562 3231 4634 τῷ
3280 4563 3543 4632 θειοτάτῳ
3597 4581 3741 4630 προ-

483 4637 703 4705 quidem
728 4648 1069 4695 mortuorum
1107 4655 1227 4708 qua:
1255 4641 1456 4696 Christi
1486 4641 1795 4698 Servatoris
1816 4652 2056 4713 tempore

2163 4650 2308 4720 φήτῃ
2348 4648 2565 4718 εἴρηται
2592 4664 2608 4679 ο
2649 4668 2668 4700 ι
2698 4650 2949 4703 Μοτῶσει
2980 4653 3077 4704 καὶ
3129 4651 3342 4719 ὑγιάσει
3394 4654 3543 4722 ἡμᾶς
3591 4658 3740 4720 μετά

487 4729 739 4799 contigit,
770 4745 800 4783 a
831 4730 1179 4786 divinissimo
1210 4732 1474 4802 propheta
1508 4733 1713 4789 dictum
1745 4746 1863 4789 est:
1890 4753 1910 4786 ι
1948 4735 2060 4791 Cu-

487 4821 630 4874 rabit
659 4830 714 4875 et
766 4822 981 4875 sanabit
1005 4837 1108 4877 nos
1141 4833 1267 4891 post
1318 4824 1456 4879 duos
1512 4825 1663 4890 dies;
1703 4826 1759 4879 in
1797 4827 1886 4881 die
1934 4842 2061 4881 vero

490 4912 650 4964 tertia
678 4912 1058 4977 suscitabitur,
1086 4923 1143 4968 et
1166 4913 1415 4969 vivemus
1446 4914 1505 4969 in
1534 4926 1840 4986 conspectu
1859 4918 2003 4985 ejus.
2035 4935 2053 4966 ι

564 4996 762 5051 Verum
798 5000 1079 5056 enimvero
1108 5012 1165 5057 et
1195 5002 1297 5058 hoc
1343 5006 1625 5073 protendis
1661 5005 1794 5058 mihi
1825 5006 2058 5060 dicens:

489 5089 632 5154 Quid
663 5089 750 5144 hic
785 5092 952 5146 novi?
985 5092 1041 5147 Si
1098 5106 1275 5149 vester
1313 5097 1401 5151 hic
1437 5097 1690 5151 Christus
1732 5097 1883 5168 signa
1937 5114 2059 5153 emn

491 5178 690 5233 fecerit
730 5181 991 5252 populum
1019 5199 1128 5238 non
1164 5201 1389 5254 parvum
1427 5187 1481 5239 in
1511 5201 1756 5241 errorem
1803 5188 2062 5257 impulit?

490 5270 633 5325 Ecce
688 5273 837 5327 enim
902 5284 959 5329 et
1015 5275 1384 5331 Maomethum
1438 5278 1591 5348 signa
1650 5278 1820 5333 multa
1865 5279 2062 5335 fecisse

490 5358 777 5428 discimus,
808 5378 975 5436 atque
1034 5368 1159 5423 inde
1187 5385 1299 5423 non
1331 5384 1558 5450 partum
1592 5372 1854 5441 populum
1903 5373 2067 5427 dece-

492 5454 658 5521 pisse.
691 5454 746 5509 Si
791 5455 955 5527 igitur
989 5457 1245 5514 Christus
1270 5470 1355 5514 est
1387 5458 1533 5515 Deus
1567 5472 1791 5532 prepter
1814 5464 1970 5533 signa
1997 5464 2065 5517 ab

491 5559 558 5597 eo
597 5558 827 5615 patrata,
866 5549 1008 5604 Deus
1034 5551 1225 5605 eodem
1256 5566 1486 5620 prorsus
1515 5553 1675 5608 modo
1707 5556 1887 5609 critet
1917 5555 2067 5608 Man-

496 5638 730 5694 metbus.
796 5640 900 5695 Sed
959 5642 1116 5707 audi,
1180 5642 1473 5697 Maomelhi
1534 5649 1719 5716 signa,
1778 5648 2061 5701 manifesta

2161 4739 2253 4791 δύο
2284 4741 2497 4806 ἡμέρας
2527 4756 2541 4769 ·
2578 4740 2636 4791 ὲν
2678 4739 2735 4791 δὲ
2783 4742 2850 4808 τῇ
2898 4740 3082 4811 ἡμέρᾳ.
3124 4742 3190 4811 τῇ
3232 4741 3387 4811 τρίτῃ
3436 4741 3741 4823 ἐξαναστη-

2166 4830 2394 4899 σόμεθα,
2424 4833 2514 4882 καὶ
2548 4831 2825 4902 ζησόμεθα
2856 4832 3091 4885 ἐνώπιον
3128 4833 3315 4889 αὑτοῦ.
3351 4851 3372 4885 ι

2246 5009 2390 5062 Ἀλλ’
2414 5010 2493 5063 ἔτι
2531 5013 2624 5063 καὶ
2652 5011 2809 5065 τοῦτο
2850 5018 3156 5082 προτείνεις
3188 5032 3281 5083 μοι
3312 5015 3486 5082 λέγων
3508 5031 3524 5047 ·
3558 5017 3639 5068 ὅτι
3668 5016 3741 5069 τί

2164 5104 2384 5167 καινόν;
2419 5102 2479 5156 El
2505 5106 2533 5157 6
2558 5104 2788 5173 Χριστὸς
2816 5106 3018 5168 ἐκεῖνος
3041 5108 3241 5175 σημεῖα
3266 5106 3587 5175 πεποιηκὼς
3605 5107 3744 5161 λαδν

2164 5197 2263 5247 οὐκ
2289 5195 2471 5262 ὀλίγον
2500 5195 2846 5264 ἑπλὰνησενς
2897 5196 3027 5249 Ἰδοὺ
3077 5196 3188 5265 γὰρ
3228 5199 3440 5250 καὶτὸν
3484 5198 3737 5265 Μωάμεθ

2167 5288 2369 5355 σημεῖα
2403 5285 2575 5338 πολλὰ
2612 5285 2978 5358 πεποιηκέναι
3020 5289 3389 5359 μανθάνομεν,
3437 5288 3741 5341 κάντεῦθεν

2165 5379 2267 5430 οὐκ
2299 5377 2482 5446 ὀλίγον
2528 5380 2940 5449 πεπλανηκέναι
2964 5380 3111 5435 λαόν.
3161 5380 3223 5433 Ei
3250 5377 3348 5433 οὖν
3382 5380 3519 5444 Θεὸς
3543 5383 3573 5433 6
3602 5381 3741 5449 Χρι-

2168 5470 2295 5530 στός
2342 5470 2460 5519 ἐστι
2505 5468 2598 5522 διὰ
2648 5469 2717 5521 τὰ
2764 5471 2898 5539 παρ’
2943 5468 3109 5522 αὑτοῦ
3142 5469 3462 5522 τελεσθέντα
3508 5469 3738 5536 σημεῖα,

2166 5556 2302 5616 Θεὸς
2354 5557 2459 5627 ἄρα
2504 5556 2580 5626 τῷ
2626 5560 2813 5628 τρόπῳ
2858 5557 3032 5628 τούτῳ
3075 5558 3171 5610 καὶ
3216 5558 3245 5609 6
3296 5557 3565 5627 Μωάμεθ.
3625 5556 3741 5609 Καὶ

2170 5649 2357 5710 ἄκουε,
2410 5650 2475 5701 τὰ
2519 5649 2611 5701 τοῦ
2659 5649 2904 5719 Μωάμεθ
2949 5653 2980 5717 ἡ
3037 5650 3213 5716 πλάνη
3258 5648 3559 5716 καθέστηκε
3594 5662 3736 5715 προσ
