4058 6196
305 202 410 265 865

1637 198 2012 260 EPISTULA
2050 196 2220 261 XIV.

3471 202 3575 264 866

306 314 500 385 φανὴς,
548 313 644 367 καὶ
694 312 757 365 δι’
784 290 927 366 an;
984 314 1082 381 μὲν
1118 311 1308 374 πολλὰ,
1350 312 1589 381 μάλιστα
1622 313 1676 365 δὲ
1703 312 1789 365 διὰ
1823 311 1885 364 τὸ

1992 312 2305 365 innituntur
2365 290 2716 381 deceptione.
2784 321 2895 381 tum
2934 311 3004 367 oh
3058 311 3227 366 multa
3277 311 3404 377 alia,
3457 323 3573 369 tum

309 406 511 477 μηδένα
535 405 647 457 τῶν
670 402 967 472 προφητῶν
1000 402 1196 455 τούτου
1220 403 1379 480 χᾴριν
1401 402 1459 456 τὸ
1481 402 1685 457 οἱονοῦν
1709 420 1891 472 προει-

216 512 225 525 '
307 500 468 550 πεῖν·
521 498 589 547 τὰ
638 494 694 547 δὲ
750 494 844 545 τοῦ
902 493 1141 563 Χριστοῦ
1187 494 1286 547 καὶ
1339 494 1479 547 πάνυ
1528 494 1891 564 τυγχάνουσιν

304 589 500 657 ἀληθῆ,
539 589 615 649 ὡς
658 589 721 640 ἐκ
749 587 859 638 τῶν
894 586 1198 659 προφητῶν
1246 587 1346 657 τὴν
1380 588 1641 642 σύστασιν
1673 588 1888 656 ἔχοντα.

305 682 417 731 Καὶ
447 680 721 748 πρόσσχες
750 681 796 732 εἰ
826 679 1006 746 βούλει
1041 684 1154 742 τοῖς
1193 679 1513 749 λεγομένοις
1544 694 1556 709 ·
1592 681 1752 732 αὐτὸν
1784 681 1891 753 γὰρ

308 776 402 823 καὶ
436 767 593 834 αὖθις
619 772 711 823 τὸν
740 772 1016 841 Σοφωνίαν
1042 771 1277 842 παράγω
1299 771 1393 824 τοῦ
1423 771 1582 839 λόγου
1613 754 1888 842 μάρτυρα.

312 884 329 916 ι
376 864 812 933 Ἐπιφανὴσεται
866 864 1069 933 Κύριος
1117 865 1209 917 ἐπὶ
1252 863 1432 917 πάντα
1482 864 1547 917 τὰ
1596 864 1746 932 ἔθνη,
1799 865 1894 915 καὶ

303 954 682 1024 ὲξολοθρεύσει
745 956 956 1017 πάντας
1006 956 1132 1019 τοὺς
1192 954 1350 1018 θεοὺς
1398 955 1506 1006 τῶν
1557 954 1748 1018 ἐθνῶν,
1798 953 1891 1005 καὶ

306 1046 788 1114 ποοσκυνὴσουσιν
836 1045 1000 1098 αὑτὸν
1035 1046 1264 1107 ἕκαστος
1309 1045 1421 1111 ἀπὸ
1451 1046 1545 1097 τοῦ
1589 1045 1756 1098 τόπου
1795 1047 1894 1097 αὐ-

262 1104 280 1137 θ
306 1133 424 1188 τοῦ.
464 1153 481 1184 ι
518 1135 613 1197 Τίς
639 1133 732 1187 οῦν
784 1134 812 1185 ὁ
846 1135 1134 1201 ἐπιφανεὶς
1182 1136 1240 1186 ὲν
1281 1135 1418 1187 πᾶσι
1465 1137 1575 1195 τοῖς
1609 1135 1842 1198 ἔθνεσιν,
1866 1138 1894 1189 ὁ

307 1224 562 1294 Χριστὸς,
595 1225 628 1295 ἢ
664 1228 690 1278 ὁ
730 1225 1023 1293 Μωάμεθ;
1075 1226 1236 1287 Ποϊος
1278 1225 1509 1279 ἐκείνων
1545 1229 1570 1278 ὁ
1622 1229 1747 1291 τοὺς
1785 1230 1894 1282 τῶν

307 1320 476 1372 ἐθνῶν
517 1320 672 1383 θεοὺς
722 1318 1140 1389 ὲξολοθρεύσας,
1193 1324 1287 1373 καὶ
1323 1322 1457 1373 Θεὸν
1497 1322 1591 1374 ἕνα
1644 1339 1894 1392 προσκυο

310 1411 527 1463 νεῖσθαι
560 1414 617 1464 ὲν
670 1413 807 1464 πᾶσι
835 1412 934 1464 καὶ
975 1413 1065 1465 διὰ
1116 1414 1336 1469 πάντων
1374 1415 1823 1485 παρασκευάσας,
1868 1420 1895 1469 ὁ

300 1502 561 1570 Χριστὸς,
611 1504 643 1574 ἢ
694 1506 723 1558 ὁ
771 1505 1050 1572 Μωάμεθς
1107 1508 1443 1577 Ἀπόκριναι,
1487 1512 1545 1563 ἐν
1573 1512 1678 1564 τίνι
1726 1511 1893 1580 πέρας

297 1593 463 1664 ἔσχεν
500 1597 533 1664 ἡ
562 1594 656 1647 τοῦ
694 1597 972 1664 Σοφωνίου
1009 1601 1343 1670 προφητεία,
1383 1602 1440 1653 ἐν
1475 1602 1553 1672 τῷ
1582 1603 1827 1674 Χριστῷ,
1861 1606 1893 1673 ἢ

299 1686 361 1737 ὲν
393 1686 470 1755 τῷ
512 1687 786 1754 Μωάμεθ,
838 1689 870 1758 ἢ
924 1690 1116 1752 ἁπλῶς
1170 1692 1226 1743 ὲν
1277 1692 1451 1763 ἑτέρῳ
1502 1696 1611 1745 τινὶ
1656 1685 1893 1766 τῶνήὰπ’

299 1778 503 1841 αἰῶνος
531 1797 547 1843 ;
596 1780 739 1833 Ἀλλ’
770 1781 870 1833 οὐκ
905 1781 1052 1853 ἔχεις
1081 1781 1281 1848 εἰπεῖν,
1314 1785 1365 1837 εί
1403 1786 1477 1854 μὴ
1525 1788 1581 1838 ὲν
1621 1787 1769 1857 αὐτῴ
1798 1789 1893 1841 καὶ

306 1869 460 1939 μόνῳ
486 1869 568 1939 τῷ
607 1874 737 1938 παρ’
776 1873 931 1943 ὑμῶν
971 1876 1346 1943 σταυρωθέντι
1392 1876 1615 1948 Χριστῷ
1655 1879 1730 1947 τῷ
1782 1879 1893 1949 Υίῷ

299 1960 402 2013 τοῦ
450 1962 585 2015 Θεοῦ
619 1964 713 2016 καὶ
754 1964 899 2035 Θεῷ.
932 1967 1057 2020 Ὅτι
1100 1968 1157 2021 δὲ
1198 1967 1267 2020 τὰ
1300 1970 1419 2021 κατ’
1447 1970 1610 2022 αὑτὸν
1637 1973 1687 2023 οἱ
1721 1970 1892 2027 πάλαι

302 2053 591 2122 προφῆται
640 2058 1092 2127 προανεφώνουν,
1152 2058 1313 2130 δῆλον
1360 2060 1693 2113 κάντεῦθεν·
1755 2063 1892 2132 μετὰ

300 2146 414 2214 γὰρ
442 2149 542 2216 τὴν
565 2149 778 2201 ἐκείνου
801 2150 1110 2221 παρουσίαν
1142 2151 1318 2215 οὐδεὶς
1356 2152 1569 2222 ἠγέρθη
1606 2152 1889 2224 προφήτης

302 2237 450 2290 κατὰ
494 2238 595 2307 τὴν
638 2240 851 2293 ἐκείνου
887 2243 1223 2313 πρόρρησιν.
1266 2244 1333 2294 '0
1373 2243 1536 2312 νόμος
1574 2243 1683 2311 γὰρ
1712 2245 1804 2298 καὶ
1843 2248 1889 2299 οξ

302 2328 588 2399 προφῆται
629 2332 733 2394 ἕως
786 2332 1080 2403 Ἰωάννην·
1129 2333 1322 2402 ἐπειδὴ
1372 2334 1479 2403 γὰρ
1509 2330 1671 2404 ἦλθεν
1701 2338 1727 2388 ὑ
1761 2350 1893 2405 προ-

301 2422 701 2491 φητευόμενος,
734 2420 830 2477 καί
866 2423 929 2475 τὸ
960 2423 1288 2478 κατ”αὐτὺν
1329 2423 1649 2494 ἐπεγνώσθη
1683 2429 1891 2496 μυστή-

303 2520 450 2579 ριον,
499 2513 684 2566 οὐκέτι
740 2514 1025 2584 προφήτου
1062 2517 1222 2584 χρεία
1266 2515 1474 2569 λοιπόν.
1531 2517 1639 2567 Καὶ
1682 2517 1733 2567 τί
1783 2520 1887 2586 χρὴ

303 2603 481 2656 non}
519 2604 725 2671 λέγειν,
767 2606 878 2657 τῶν
920 2606 1225 2676 προφητῶν
1262 2606 1482 2659 πάντων
1520 2608 1620 2678 τὴν
1652 2607 1889 2678 Χριστοῦ

300 2696 622 2764 παρουσίαν
688 2696 1095 2764 μεγαλοφώνως
1168 2697 1759 2766 προαναφωνούντων;
1831 2699 1889 2751 Ὀ

301 2781 615 2851 θαυμάσιος
641 2786 840 2855 Δανιὴλ
874 2786 969 2838 καὶ
994 2786 1156 2839 αὐτὸν
1184 2789 1273 2839 τὸν
1307 2789 1407 2857 τῆς
1440 2790 1747 2857 παρουσίας
1772 2807 1891 2843 και-

304 2874 408 2943 ρὸν
447 2875 722 2945 ἀριδήὶως
760 2862 1066 2946 μεμήνυκε.
1106 2879 1262 2942 Τίνος
1297 2880 1504 2942 ἕνεκεν,
1546 2881 1642 2931 καὶ
1675 2881 1761 2933 διὰ
1792 2882 1888 2946 τί;

1999 405 2236 456 maxime
2260 404 2403 472 quod
2435 405 2832 474 prophetarum
2868 404 3051 459 nullus
3088 404 3154 457 de
3181 420 3247 458 eo
3276 405 3574 476 quidquam

1999 495 2336 562 praedixerit,
2370 498 2500 550 dum
2535 514 2595 551 ea
2625 512 2748 568 qua:
2778 497 3059 553 Christum
3093 497 3419 566 spectabant
3453 514 3579 553 vere

2000 588 2226 640 omnino
2256 589 2600 652 acciderunt,
2636 601 2798 659 prout
2834 591 2889 643 in
2927 576 3323 659 prophetarum
3362 606 3579 659 praeno-

2001 678 2241 734 tionihus
2269 682 2556 736 habentur.
2585 682 2649 735 Et
2675 683 2897 735 adverte
2927 684 2970 735 si
3005 681 3135 736 libet
3166 681 3365 747 dictis;
3401 682 3578 751 ipsum

1999 772 2145 823 enim
2181 788 2371 826 rursus
2405 774 2625 842 profero
2685 773 3025 842 Sophoniam
3062 784 3256 828 testem
3286 774 3577 837 sermonis,

1999 863 2091 931 qui
2128 864 2203 915 ait
2232 880 2244 917 ι
2275 883 2294 915 ‹
2330 864 2633 934 Apparebit
2658 864 2928 918 Dominus
2956 864 3022 916 ad
3056 862 3249 918 ontnos
3274 874 3480 935 gentes.
3520 880 3585 918 ac

2000 953 2247 1010 fimditus
2274 957 2465 1023 perdet
2491 971 2683 1010 omnes
2707 957 2841 1015 deos
2868 956 3177 1019 nationum,
3201 965 3255 1009 et
3285 956 3581 1024 unuSqnis-

1999 1063 2104 1115 que
2140 1048 2209 1104 de
2238 1049 2357 1103 loco
2387 1064 2488 1103 suo
2515 1048 2765 1103 adorabit
2804 1048 3003 1116 ipsum.
3042 1066 3059 1097 ›
3090 1047 3224 1112 Quis
3253 1062 3383 1115 ergo
3418 1063 3583 1115 appa-

2000 1141 2110 1192 ruit
2162 1141 2229 1193 ad
2279 1150 2475 1193 omnes
2525 1149 2736 1209 gentes,
2789 1138 3044 1192 Christus
3078 1152 3147 1189 an
3205 1136 3584 1189 Maomethus?

2001 1229 2131 1284 Uter
2159 1232 2350 1284 hormn
2385 1232 2517 1286 deos
2556 1230 2838 1284 nationum
2899 1229 3153 1283 funditus
3207 1227 3469 1298 perdidit,
3530 1236 3587 1280 et

2003 1337 2172 1376 unum
2216 1323 2385 1376 Deum
2419 1322 2487 1376 ab
2524 1322 2785 1376 omnibus
2825 1320 3067 1383 adorari,
3106 1330 3159 1374 et
3217 1320 3421 1389 ubique
3472 1317 3585 1372 dis-

2000 1415 2203 1483 posuit,
2242 1414 2496 1470 Christus
2523 1430 2591 1468 an
2622 1413 2966 1469 Maomethus
2992 1414 3014 1465 ?
3045 1412 3363 1481 Responde,
3396 1412 3582 1475 sodes,

2002 1508 2055 1561 in
2088 1523 2197 1577 quo
2232 1508 2393 1561 tinem
2423 1506 2615 1561 habuit
2664 1506 2949 1576 prophetia
2980 1504 3293 1574 SOpIioniai,
3328 1504 3381 1556 in
3420 1502 3584 1556 Chri-

2000 1610 2106 1663 sto,
2138 1616 2207 1654 an
2249 1601 2304 1655 in
2336 1599 2663 1665 Maometho,
2715 1600 2799 1654 vel
2844 1601 2950 1654 alio
3000 1598 3192 1669 quovis
3241 1610 3433 1653 eorum
3489 1598 3580 1665 qui

1999 1692 2222 1749 fuerunt
2272 1708 2299 1747 a
2345 1693 2586 1747 sreculo?
2636 1690 2829 1746 verum
2864 1707 2971 1745 non
3013 1691 3179 1746 habes
3223 1691 3352 1761 quid
3407 1690 3577 1752 d'cas,

1996 1785 2102 1838 nisi
2138 1784 2188 1837 in
2225 1785 2343 1853 ipso
2369 1801 2475 1839 uno
2502 1801 2535 1837 a
2564 1785 2717 1839 vobis
2754 1783 3019 1837 erucilixo
3052 1781 3273 1837 Christo
3311 1782 3403 1835 Dei
3441 1779 3578 1835 Filio

1995 1884 2050 1930 et
2080 1876 2206 1931 Deo.
2251 1875 2403 1942 Quod
2445 1891 2575 1931 vero
2625 1891 2689 1930 ea
2747 1891 2864 1944 quae
2919 1877 2985 1929 ad
3040 1875 3217 1945 ipsum
3276 1873 3575 1942 pertinent,

1996 1967 2273 2035 propheta:
2320 1967 2449 2022 olim
2504 1966 2943 2036 praenuntiarint,
2991 1965 3340 2019 manifestum
3385 1965 3580 2018 exinde

1995 2066 2097 2119 est,
2131 2060 2274 2127 quod
2329 2066 2448 2126 post
2505 2058 2624 2125 ejus
2680 2056 3076 2125 apparitionem
3124 2069 3287 2109 nemo
3344 2048 3617 2109 surrexiti

1993 2152 2300 2220 propheta,
2360 2155 2511 2231 juxta
2571 2151 2691 2219 ejus
2759 2150 3100 2205 vaticinium.
3164 2147 3274 2203 Lex
3331 2149 3475 2203 enim
3525 2160 3581 2202 et

1994 2243 2272 2312 propheta:
2310 2257 2480 2310 usque
2508 2242 2574 2294 ad
2603 2239 2904 2303 Joannem;
2940 2247 3226 2309 postquam
3248 2239 3394 2294 enim
3428 2238 3581 2293 venit

1993 2334 2411 2401 praenuntiatus,
2448 2342 2609 2403 atque
2650 2334 2771 2403 ejus
2807 2332 3084 2403 cognitum
3111 2340 3195 2386 est
3235 2330 3575 2401 mysterium,

1994 2423 2140 2476 nulla
2171 2424 2403 2491 amplius
2426 2432 2545 2477 erat
2577 2424 2860 2493 proiiheta:
2889 2423 3116 2477 utilitas.
3163 2422 3227 2474 Et
3257 2421 3387 2490 quid
3422 2422 3576 2490 plura

1992 2522 2208 2584 Oportet
2232 2514 2434 2578 dicere,
2457 2516 2707 2569 omnibus
2729 2515 3010 2584 problietis
3040 2512 3246 2567 Christi
3278 2513 3576 2566 adventum

1994 2621 2188 2676 magna
2219 2621 2351 2660 voce
2402 2606 2933 2675 prarnuntiantibus?
2986 2604 3334 2659 Admirabilis
3386 2603 3577 2658 Daniel

1993 2697 2166 2765 ipsum
2188 2711 2325 2765 pene
2365 2698 2629 2751 adventus
2676 2698 2959 2752 manifeste
2991 2697 3295 2766 designavit
3325 2711 3575 2752 momen-

1993 2798 2126 2842 tum.
2147 2787 2263 2853 Qua
2291 2805 2415 2843 vero
2444 2790 2545 2845 hoc
2576 2792 2644 2844 de
2672 2790 2877 2845 causa?
2905 2791 2983 2845 Ne
3012 2791 3081 2845 ab
3116 2791 3419 2861 ignorantia
3452 2804 3579 2859 pro-

1995 2880 2148 2933 tracti
2186 2895 2284 2934 nos
2314 2881 2584 2947 homines,
2612 2882 2842 2935 alterum
2880 2897 2973 2949 pro
3001 2882 3172 2935 altero
3198 2881 3481 2935 Christum
3507 2884 3577 2935 ad

302 2965 430 3018 Ἵνα
454 2965 531 3035 μὴ
562 2966 620 3031 ἐξ
650 2967 870 3034 ἀγνοίας
905 2971 1321 3040 παρασυρέντες
1350 2972 1399 3022 οἱ
1432 2970 1735 3042 ἅνθρωποι,
1768 2973 1885 3025 ἓτε-

1992 2974 2353 3027 mitteremus.
2387 2971 2683 3027 Marcidum
2712 2989 2839 3044 ergo
2867 2988 2997 3027 sane
3026 2972 3095 3027 de
3132 2972 3438 3029 Maomethe
3462 2974 3573 3045 (16)

308 3071 412 3123 ρον
440 3053 559 3107 ἀνθ’
585 3056 775 3126 ἑτέρου
824 3060 1064 3129 Χριστὸν
1109 3061 1505 3130 εἰσδεξώμεθα.
1542 3062 1752 3132 Σαθρὸν
1788 3064 1887 3133 μὲν

296 3142 406 3198 οὖν
464 3163 546 3199 σοι
609 3148 786 3202 καὶτὸ
838 3151 978 3205 κατὰ
1010 3151 1104 3205 τὸν
1149 3152 1397 3222 Μωὰμεθ
1466 3153 1781 3224 πρόϐλημα,
1843 3150 1886 3207 ὧ

305 3238 484 3306 σαθρὲ
514 3239 603 3291 τὸν
633 3240 755 3293 νοῦν
775 3242 877 3296 οιαὶ
911 3242 1198 3297 ἁσύστατε.

400 3331 545 3384 Ἀλλ’
566 3333 734 3404 ἄλλην
757 3334 816 3397 ἐξ
841 3336 1153 3405 ἀμηχανίας
1182 3336 1427 3407 ἐτράπης
1454 3339 1587 3404 ὁδὸν,
1611 3342 1704 3392 καὶ
1725 3339 1888 3409 εὐαγ-

302 3423 553 3490 γελικῶν
584 3427 847 3495 ῥημάτων
893 3430 1244 3497 μεμνημένος
1280 3430 1506 3497 ἐπάγεις
1556 3449 1645 3501 μοι
1676 3433 1849 3501 λέγων
1872 3449 1884 3463 ’

301 3517 441 3578 Πῶς
470 3518 632 3569 αὐτὸν
657 3517 792 3571 Θεὸν
809 3516 1238 3590 λογισθήσομαι,
1265 3520 1323 3583 ὃς
1340 3521 1416 3590 τῷ
1437 3523 1647 3592 νομικῷ
1678 3524 1887 3577 εἰπόντι

302 3609 453 3678 πρὸς
507 3608 695 3673 αὑτὸν,
736 3629 753 3660 ι
780 3611 1082 3663 Διδάσκαλε
1134 3612 1327 3679 ἀγαθὲ,
1362 3632 1380 3664 ι
1418 3611 1571 3667 εἶπεν
1597 3631 1610 3644 ·
1647 3634 1665 3666 ι
1702 3616 1891 3678 Οὐδεὶς

296 3703 518 3766 ἀγαθὸς
546 3704 596 3754 εἰ
628 3702 715 3773 μὴν
739 3704 950 3771 μόνοςὸ
993 3705 1165 3767 Θεόςς
1201 3723 1217 3755 ι
1257 3705 1365 3757 Καὶ
1401 3706 1459 3757 ὲν
1513 3705 1750 3775 πρώτοις
1789 3708 1888 3775 μὲν

299 3796 460 3861 λέγω
487 3809 599 3846 σοι’
634 3812 652 3844 ι
674 3794 771 3856 Τίς
805 3795 1060 3848 κοινωνία
1088 3798 1227 3863 φωτὶ
1260 3796 1394 3865 πρὸς
1428 3797 1619 3859 σκότος
1647 3814 1661 3862 ;
1704 3816 1721 3848 ι
1767 3799 1888 3861 Πῶς

297 3884 724 3950 ὲπεντρανίζειν
742 3888 807 3956 τῇ
828 3887 1159 3955 εὐαγγελικῇ
1185 3886 1312 3957 δόξῃ
1334 3890 1655 3959 ἐπιχειρεῖς,
1678 3890 1889 3959 καλύμ-

302 3993 488 4044 ματος
547 3977 901 4046 ἔπικειμένου
954 3980 1066 4041 τοῖς
1123 3983 1337 4048 νοητοῖς
1393 3981 1694 4050 ὀφθαλμοῖς
1749 3996 1885 4047 ceu;

300 4067 520 4135 ’Ᾱφελε
561 4068 620 4120 τὸ
652 4069 1052 4139 κάλυμμα,καὶ
1084 4070 1417 4141 παρακύψας
1454 4072 1567 4143 ἴδῃς
1595 4073 1693 4143 τὴν
1727 4064 1887 4140 δόξαν

295 4160 562 4229 Κυρίου*
599 4178 616 4210 ι
661 4161 1044 4230 ’Δποκὰλυψον
1094 4160 1239 4232 ﬁt),
1297 4164 1464 4233 φησὶ,
1516 4167 1641 4229 τοὺς
1685 4166 1885 4234 ὀφθαλ-

296 4251 449 4323 μούς
494 4268 619 4320 μου,
656 4254 751 4304 καὶ
786 4255 1109 4323 κατανοήσω
1151 4255 1220 4308 τὰ
1256 4255 1541 4325 θαυμάσια
1576 4250 1637 4309 ἔκ
1672 4257 1766 4310 τοῦ
1798 4259 1882 4312 v6-

1996 3064 2292 3132 problema,
2318 3080 2349 3117 ο
2376 3065 2553 3134 putris
2586 3073 2762 3140 mente
2790 3072 2846 3117 et
2875 3066 3210 3134 inconstans.

2067 3343 2267 3396 Verum
2299 3356 2363 3396 ex
2398 3341 2709 3396 diiﬁeultate
2740 3343 2793 3394 in
2814 3342 2973 3396 aliam
2997 3343 3293 3398 translatus
3319 3356 3378 3397 es
3404 3342 3567 3407 viam,

1993 3445 2047 3490 et
2084 3434 2519 3505 evangelicorum
2574 3435 2866 3489 verborum
2918 3435 3237 3489 recordatus
3288 3434 3569 3504 subjungis

1994 3526 2128 3579 mihi
2158 3527 2344 3580 dicens
2376 3541 2389 3578 :
2418 3525 2702 3591 Quomodo
2724 3526 2900 3593 ipsunt
2928 3526 3094 3580 Deum
3129 3532 3309 3579 mente
3334 3524 3571 3595 cogitare

1993 3626 2197 3687 potero,
2224 3617 2312 3687 qui
2343 3617 2652 3687 legisperito
2701 3616 2907 3672 dicenti
2948 3635 2962 3671 :
3014 3635 3032 3667 ι
3069 3614 3319 3686 Magister
3351 3615 3514 3677 bone,
3546 3633 3563 3664 ι
3596 3660 3601 3667 .

1995 3710 2316 3778 respondit:
2379 3728 2395 3760 ι
2434 3707 2605 3764 Nemo
2642 3710 2819 3763 bonus
2877 3710 2978 3763 nisi
3032 3709 3182 3764 solus
3214 3707 3405 3763 Deus?
3436 3727 3453 3759 ι
3504 3707 3573 3762 Et

1993 3802 2229 3869 primum
2266 3801 2481 3867 quidem
2528 3815 2557 3853 a
2616 3809 2666 3853 te
2707 3809 2871 3866 peto:
2916 3818 2933 3849 ι
2969 3799 3100 3863 Quin
3146 3800 3570 3855 communicatio

1990 3890 2128 3944 lucis
2156 3905 2280 3944 cum
2316 3887 2589 3943 tenebris?
2625 3906 2645 3939 ι
2681 3888 2968 3953 Quomodo
3006 3887 3275 3942 obniteris
3329 3902 3570 3957 evange—

1989 3982 2154 4035 licum
2184 3995 2402 4034 sensum
2434 3978 2669 4047 aperire,
2702 3979 2953 4034 obductis
2980 3978 3242 4033 velamine
3267 3977 3442 4033 oculis
3466 3990 3570 4034 tua:

1989 4072 2225 4127 mentis?
2285 4072 2448 4125 Aufer
2489 4072 2763 4134 velamen,
2817 4078 2872 4125 et
2918 4070 3309 4140 introspiciens
3360 4069 3568 4126 videbis

1992 4164 2213 4235 gloriam
2256 4164 2497 4217 Domini:
2534 4161 2739 4217 dictum
2760 4172 2844 4217 est
2875 4162 3060 4217 enim:
3102 4180 3119 4213 ι
3151 4161 3350 4216 Revela
3382 4163 3568 4218 oculos

1994 4270 2165 4319 meos.
2223 4266 2276 4310 et
2331 4254 2692 4311 considerabo
2753 4253 3018 4308 mirabilia
3075 4253 3142 4307 de
3208 4253 3325 4324 lege
3387 4262 3499 4306 tua.
3546 4271 3561 4301 ι

294 4361 417 4414 μου
447 4361 564 4398 σου.
593 4362 612 4397 ι
653 4345 925 4414 Περιελὼν
959 4347 1058 4417 τὴν
1087 4350 1182 4400 τοῦ
1215 4348 1487 4417 στόματός
1517 4364 1611 4399 σου
1641 4349 1885 4419 πικρίαν,

1994 4349 2261 4403 Anferens
2287 4348 2354 4403 ab
2385 4361 2479 4401 ore
2512 4354 2602 4401 tuo
2637 4344 3077 4406 amaritudinem.
3112 4344 3353 4413 gustabis
3398 4359 3565 4397 evm-

288 4436 532 4504 γεύσεις
561 4436 655 4489 τοῦ
694 4437 1054 4506 εὐαγγελικοῦ
1104 4440 1349 4509 μέλιτος,
1387 4439 1480 4493 καὶ
1519 4438 1715 4508 ὴδονῆς
1756 4443 1888 4495 ἀπο-

286 4529 533 4592 λαύσεις
572 4531 836 4601 ἀρρήτου.
876 4531 1065 4585 Ταῦτά
1112 4549 1170 4584 σε
1214 4531 1282 4585 τὰ
1327 4532 1549 4602 ῥήματα
1599 4533 1884 4587 σκανδαλί-

376 4645 493 4717 (16)
537 4645 900 4701 Mahomethis
930 4647 1038 4701 doli
1072 4656 1123 4701 et
1148 4648 1402 4717 ambages
1426 4651 1623 4717 quibus
1659 4650 1881 4705 allicere

284 4716 520 4789 studuit
580 4717 721 4769 male
784 4716 1008 4789 feriatos
1061 4716 1586 4789 homines'cujusvis
1614 4722 1877 4789 generis,

283 4788 652 4859 maximeque
721 4787 1177 4859 concupiscentia:
1234 4786 1475 4855 ipsorum
1537 4786 1882 4859 indulgentes

277 4856 641 4920 omnimode,
668 4856 862 4926 cuique
877 4856 984 4923 jam
1005 4865 1296 4921 compertae
1310 4871 1458 4917 sunt,
1474 4872 1650 4925 neque
1671 4856 1723 4909 in
1748 4875 1882 4926 pra:-

277 4928 609 4995 sentiargum
633 4924 837 4978 arridet
864 4934 1077 4978 coctum
1114 4939 1426 4993 recoquere.
1454 4928 1502 4980 Is
1524 4924 1671 4980 certe
1697 4924 1879 4995 utpote

278 5008 483 5053 matre
504 4993 686 5047 Judaaa
708 5004 889 5054 natus,
915 4994 1134 5047 Iudaeos
1165 4994 1217 5046 in
1246 5010 1394 5061 spem
1424 4997 1596 5049 erexit
1627 4993 1879 5061 putantes

276 5070 457 5123 illum
474 5074 846 5134 exspectatum
867 5064 1211 5118 Servatorem
1231 5066 1533 5125 advenisse,
1553 5076 1715 5134 atque
1736 5081 1796 5118 ea
1812 5067 1878 5119 de

277 5150 470 5191 causa
495 5133 762 5203 synagoga
800 5137 1005 5213 legatos
1030 5133 1096 5212 ad
1126 5135 1309 5213 ipsum
1337 5133 1755 5213 laudatornesque
1782 5137 1878 5187 mi-

275 5211 396 5269 sit,
420 5220 557 5272 pene
577 5219 757 5273 regem
775 5204 878 5257 sibi
893 5204 1277 5258 constitutura.
1294 5204 1366 5257 Ita
1387 5220 1546 5273 porro
1561 5205 1873 5270 Cedrenqs:

276 5280 361 5330 υἱ
410 5278 465 5325 δὲ
501 5275 904 5344 πεπλανημένοι
948 5274 1283 5345 Ἑϐραῖοι-ἐν
1333 5277 1475 5344 αρχῇ
1506 5276 1631 5345 τῆς,
1665 5286 1877 5345 παρου-

277 5348 428 5404 σίας
454 5344 619 5395 αὐτοῦ
642 5339 899 5412 ἐνόμισαν
944 5339 1121 5413 αὑτὸν,
1162 5339 1298 5395 εἶναι
1356 5339 1471 5396 τον
1506 5339 1638 5413 παρ’
1690 5339 1874 5408 αὐτοῖς

274 5412 759 5484 προσδοκώμενον
781 5413 1056 5484 Χριστόν·
1097 5412 1195 5484 ώςᾼ
1226 5414 1318 5464 καί
1379 5431 1531 5476 τινας
1568 5412 1661 5467 τὸν
1716 5416 1870 5479 ἀριθ-

280 5481 413 5554 μὸν
456 5485 590 5554 δέκα
657 5481 996 5554 προῦχοντας
1057 5481 1237 5554 αὐτῴν
1294 5484 1610 5554 προσελθεῖν
1694 5484 1863 5553 αὐτῷ,

275 5551 523 5622 ἀφεῖναί
562 5567 620 5603 τε
645 5554 744 5617 τὴν
789 5551 880 5603 τοῦ
912 5552 1142 5603 θεοπτου
1175 5551 1435 5615 Μωσέως,
1465 5554 1559 5605 καὶ
1609 5551 1863 5622 δέξασθαι

558 5650 827 5707 ΡΑΤιιοι..
871 5648 988 5707 Gn.
1025 5645 1297 5707 CLVIII.

1988 4441 2219 4512 gelicum
2249 4441 2376 4502 mel,
2416 4447 2470 4493 et
2502 4438 2765 4505 suavitate
2795 4438 2993 4492 frueris
3026 4434 3401 4491 inenarrah‘li'.
3438 4433 3566 4489 Haec

1986 4535 2147 4589 verba
2174 4530 2427 4586 seandalo
2463 4530 2557 4583 tibi
2587 4538 2734 4593 sunt,
2767 4530 2882 4583 haec
2917 4529 3072 4584 nobis
3112 4536 3171 4580 tu
3200 4528 3315 4597 ipse
3343 4526 3563 4597 objicis,

1986 4651 2084 4719 τὴν
2113 4646 2279 4703 αὐτοῦ
2312 4647 2649 4719 θρησκείαν,
2682 4647 2776 4719 καὶ
2810 4648 2920 4719 σὺν.
2952 4648 3103 4719 αὐτῷ
3157 4645 3369 4719 διᾶιγειν
3397 4644 3564 4714 μέχρι

1984 4715 2081 4787 τῆς
2105 4718 2319 4786 σφαγῆς
2349 4715 2537 4770 αὐτοῦ.
2565 4716 2813 4770 Scilicet:
2847 4733 2867 4767 ι
2894 4715 3064 4770 «Ιιιάςιεὶ
3089 4715 3305 4787 interim
3328 4715 3387 4787 in
3415 4731 3565 4769 erro-

1986 4786 2099 4843 rem
2132 4788 2375 4851 abducti,
2407 4802 2531 4839 cum
2563 4787 2795 4855 primum
2832 4786 2879 4840 is
2913 4788 3140 4849 exstitit,
3176 4786 3564 4839 existimarunt

1984 4858 2134 4911 illum
2169 4873 2285 4911 esse
2323 4856 2626 4918 Christum,
2674 4870 2835 4924 quem
2878 4858 3294 4926 exspectabant,
3329 4857 3465 4909 adeo
3506 4865 3565 4908 ut

1983 4928 2171 4981 decem
2207 4941 2438 4980 numero
2473 4927 2566 4977 viri
2600 4940 2853 4994 proceres
2887 4926 2953 4980 ad
2984 4940 3106 4979 eum
3152 4941 3273 4979 sese
3306 4926 3559 4980 contule-

1985 4998 2110 5059 rint,
2149 4997 2471 5065 desertaque
2494 4995 2677 5055 Mosis.
2707 4996 2791 5049 cui
2823 5009 2880 5050 se
2920 4996 3212 5050 videndum
3248 4996 3387 5049 Deus
3422 5010 3560 5063 pra:-

1981 5066 2193 5132 buerat,
2223 5067 2506 5135 religione,
2549 5065 2720 5133 ipsius
2748 5066 3186 5133 superstitiosum
3220 5065 3558 5135 impietatem

1983 5136 2214 5204 amplexi
2242 5138 2372 5203 sint,
2404 5147 2459 5189 et
2491 5151 2660 5204 usque
2697 5136 2761 5187 ad
2790 5137 2907 5203 ejus
2932 5140 3134 5191 caedem
3167 5136 3266 5204 ipsi
3310 5137 3557 5188 adhaese-

1981 5207 2111 5276 rint.
2153 5224 2170 5257 ι
2212 5205 2313 5270 Qui
2367 5207 2520 5274 plura
2570 5206 2741 5274 cupit,
2777 5207 2935 5259 adeat
2995 5207 3168 5276 ipsum
3223 5205 3553 5265 Cedrenum,

1980 5273 2269 5335 Zonaram.
2303 5273 2785 5330 et'Damaseenuin
2821 5292 2988 5344 penes
3017 5273 3299 5345 antiquos,
3332 5282 3553 5345 atqnee

1980 5346 2375 5402 recentioribus
2406 5345 2696 5399 Historiam
2750 5340 3112 5399 universalem
3145 5340 3175 5396 a
3219 5340 3555 5397 doctissimis

1978 5414 2045 5467 Br
2072 5416 2256 5468 tannis
2283 5417 2411 5470 viris
2439 5416 2844 5470 absolutissime
2874 5417 3282 5473 concinnatam,
3315 5410 3407 5463 ubi
3441 5422 3557 5461 om—

1978 5487 2068 5537 nia
2114 5484 2276 5539 fanda
2329 5497 2382 5541 et
2423 5486 2647 5540 infanda
2696 5486 2927 5555 hujusce
2962 5480 3418 5553 ψευδοπροφήτου
3477 5477 3557 5531 itt-

1980 5555 2180 5610 veniet.

3165 5648 3247 5708 ‘28
