4058 6196
362 175 470 238 869

1706 166 2071 243 EPIS’I‘OLA
2112 167 2275 245 xiv.

3512 174 3621 255 8'10

363 284 484 338 οὐδὲ
525 285 636 355 γὰρ
676 270 852 351 άλλως
885 287 951 342 τά
995 288 1114 343 θεῖα
1146 284 1412 359 γνωρίσαι
1447 289 1723 360 δυνάμεθα
1747 309 1759 322 ·
1795 291 1934 345 οὕτω

2040 293 2279 349 demisse
2316 302 2372 349 et
2398 295 2739 352 oeconomice
2770 288 2995 366 propter
3030 282 3278 381 nostram
3333 300 3619 357 inﬁrmita=

364 377 666 434 κάνταῦθα.
718 379 864 449 Πλὴν
891 380 1057 435 ἄκουε
1083 396 1097 412 ⁶
1138 383 1197 435 '0
1224 382 1355 444 Θεὸς
1382 382 1593 445 πλάσας
1616 383 1707 435 τὸν
1732 384 1941 452 ἄνθρω-

364 485 466 521 πον
478 494 500 534 ὸ
530 470 764 537 φυσικὸν
796 470 945 541 αὑτῷ
976 474 1139 541 νόμον
1168 472 1464 542 ἐνέθηκεν,
1496 475 1646 538 ὅπως
1677 475 1820 545 ὁρῶν
1852 477 1941 528 οὐ-

362 561 527 629 ρανὸν
546 600 562 624 ,
593 561 699 630 γῆν
720 602 734 626 ,
768 563 1045 618 θάλασσαν
1073 566 1169 617 καὶ
1199 565 1379 617 πάντα
1411 567 1469 618 ἐν
1497 566 1633 635 αὐτῇ
1655 607 1670 631 ,
1704 566 1902 639 δοξάςῃ
1923 608 1938 630 ,

364 652 460 704 καὶ
503 657 786 724 προσκυνῇ
827 655 921 708 τὸν
960 656 1297 724 δημιουργὸν
1336 658 1433 707 καὶ
1473 656 1700 727 κτίστην
1738 658 1937 711 αὐτῶν.

380 744 476 796 Ἐκ
510 744 777 812 μεγέθους
807 746 952 816 γάρ,
986 747 1153 817 φησὶ,
1188 748 1285 799 καὶ
1321 746 1586 815 καλλονῆς
1623 749 1941 818 κτισμάτων

367 835 647 905 ἀναλόγως
676 837 703 888 ὁ
732 837 1116 907 γενεσιουργδς
1144 838 1326 891 αὐτῶν
1356 838 1668 909 θεωρείται.
1693 838 1862 893 ’Ἐπεὶ
1885 842 1942 893 δὲ

364 921 472 977 εἶδε
517 926 685 994 μηδὲν
728 927 877 995 ἡμᾶς
920 929 986 980 ἐκ
1008 927 1215 981 τούτων
1257 928 1352 982 ἐπὶ
1392 929 1491 998 τὴν
1534 930 1701 982 αὑτοῦ
1744 931 1941 997 γνῶσιν

366 1018 798 1086 προκόπτοντας,
828 1018 907 1079 είς
935 1018 1135 1071 κακίαν
1166 1019 1222 1071 δὲ
1254 1020 1437 1072 πᾶσαν
1462 1020 1938 1090 έγκυλιουμὲνους,

366 1107 557 1174 ἑτέραν
587 1106 888 1176 θεραπείαν
920 1111 1270 1179 μετέρχεται,
1305 1111 1399 1162 καὶ
1427 1110 1520 1163 τὸν
1550 1111 1751 1166 Μωσέα
1780 1129 1939 1180 νομο-

366 1198 528 1267 θέτην
568 1199 839 1269 καθιστᾷ,
882 1200 979 1253 καὶ
1030 1201 1119 1255 διὰ
1170 1201 1513 1272 πραγμάτων
1555 1203 1691 1270 ἡμῖν
1738 1202 1937 1271 ὁμιλεῖ.

378 1292 533 1345 Ἐπεὶ
562 1291 617 1343 δὲ
647 1291 746 1344 καὶ
778 1291 871 1345 τοῦ
904 1293 1193 1360 γεγονότος
1226 1293 1347 1348 οῦδὲ
1382 1293 1625 1346 τοιούτου
1656 1292 1943 1364 ὠφελήθη-

329 1366 340 1455 ἶ
368 1400 468 1453 μεν
487 1424 501 1448 ,
532 1383 594 1436 ού
632 1383 786 1452 παρὰ
814 1384 916 1453 τὴν
948 1383 1043 1437 τοῦ
1078 1384 1265 1455 ίατροῦ
1296 1384 1496 1455 τέχνην
1518 1424 1531 1447 ,
1568 1385 1723 1455 παρὰ
1755 1384 1811 1436 δὲ
1841 1384 1940 1455 τὴν

328 1450 334 1461 ’
366 1450 646 1543 μοχθηρὰν
684 1450 845 1543 ἡμῶν
871 1450 1131 1528 δίαιταν*
1171 1450 1392 1543 gnem;
1418 1450 1475 1528 δέ
1516 1475 1577 1527 τὸ
1621 1450 1817 1540 κακὸν,
1857 1450 1939 1529 ἔτι

360 1567 455 1618 καὶ
481 1567 562 1618 ἔτι
590 1566 622 1635 ή
652 1567 805 1629 νόσος
834 1567 1175 1636 προέκοπτεν
1200 1583 1214 1597 ·
1244 1568 1417 1637 ἑτέρῳ
1446 1565 1657 1635 μείζονι
1683 1568 1777 1620 κα)⁸
1805 1568 1936 1621 Θαυ-

2047 391 2154 437 tem
2186 382 2465 449 dicuntur,
2527 399 2709 454 neque
2749 386 2899 440 enim
2948 386 3105 441 aliter
3148 387 3331 441 divina
3389 399 3621 443 noscere

2044 484 2372 537 possumus,
2426 471 2503 525 ita
2552 484 2607 528 et
2672 474 2782 529 hic.
2851 475 3125 531 Praeterea
3180 476 3408 531 audias:
3479 477 3622 541 Deus

2044 562 2323 630 plasmatis
2351 562 2652 629 hominem,
2691 566 2974 636 physicam
3008 567 3057 621 ei
3088 568 3381 621 consrituit
3420 568 3619 639 legem,

2046 661 2104 705 ut
2129 652 2322 706 videns
2366 654 2591 717 corium,
2618 663 2846 722 terram,
2884 672 3035 712 mare
3070 664 3126 711 et
3163 659 3346 712 omnia
3386 675 3506 727 quae
3561 660 3617 713 in

2042 756 2108 797 eo
2134 752 2284 809 sunt,
2318 744 2606 815 gloriiicet.
2639 760 2703 800 ac
2740 758 3035 801 veneretur
3058 748 3312 818 opificem
3342 759 3398 801 et
3428 750 3620 802 conui-

2044 841 2218 886 torem
2248 848 2477 900 eorum;
2530 850 2594 889 ex
2621 836 3034 904 pulchritudine
3061 840 3231 907 enim,
3268 840 3365 900 ait,
3399 848 3456 893 et
3507 856 3622 893 am—

2043 924 2309 993 plitudine
2333 927 2673 983 conditarum
2699 944 2881 983 rerum
2905 945 3017 985 non
3049 931 3349 999 incongrue
3377 933 3619 1003 ipsarum

2044 1016 2224 1085 Opiiex
2257 1018 2621 1089 dignoscitur.
2656 1019 2933 1084 Quoniam
2971 1038 3101 1078 vero
3138 1024 3275 1079 vidit
3311 1040 3413 1079 nos
3438 1042 3502 1079 ex
3538 1028 3623 1080 his

2042 1107 2267 1162 minime
2285 1109 2582 1178 profecisse
2614 1111 2668 1164 in
2686 1111 2806 1180 ejus
2835 1111 3167 1178 cognitione,
3203 1116 3394 1185 imolin
3426 1120 3621 1186 quovis

2042 1199 2186 1253 malo
2219 1199 2552 1267 implicatos,
2584 1200 2811 1254 alteram
2844 1202 3149 1257 curationis
3182 1205 3426 1273 speciem
3458 1207 3620 1259 adhi-

2042 1291 2154 1357 bet,
2191 1302 2244 1346 et
2270 1291 2488 1360 Moysen
2551 1292 2920 1363 legislatorcm
2957 1296 3173 1360 statuit,
3212 1306 3267 1351 et
3306 1313 3404 1366 per
3455 1314 3622 1366 Opera

2042 1383 2199 1439 nobis
2229 1384 2492 1454 loquitur.
2529 1383 2637 1440 Sed
2662 1400 2785 1440 cum
2823 1402 3004 1456 neque
3034 1402 3102 1442 ex
3135 1388 3238 1443 hoc
3265 1389 3409 1443 facto
3461 1393 3623 1459 quid-

2041 1491 2202 1545 quam
2260 1477 2511 1532 utilitatis
2576 1479 2917 1548 ceperimus,
2970 1495 3083 1535 non
3140 1489 3367 1551 prOptcr
3422 1485 3623 1539 medici

2043 1578 2237 1635 artem,
2278 1584 2468 1625 verum
2499 1580 2723 1641 propter
2768 1572 2892 1627 vita:
2933 1582 3136 1628 nostra:
3178 1574 3620 1643 improbitatem;

364 1657 546 1725 μασέιρ
577 1658 777 1725 χρᾶται
809 1659 1107 1727 φαρμάκῳ,
1139 1658 1237 1712 καὶ
1259 1658 1326 1710 δι’
1350 1659 1547 1713 ἑαυτοῦ
1580 1660 1712 1729 ἡμῖν
1740 1659 1934 1727 ἐπιδη-

2042 1662 2247 1717 malum
2272 1678 2402 1717 vero
2429 1664 2484 1717 in
2518 1664 2639 1719 dies
2677 1675 2998 1734 augeretur,
3027 1677 3082 1719 et
3120 1667 3345 1720 morbus
3371 1666 3619 1735 ingrave-

362 1751 477 1817 μεϊ.
518 1768 537 1800 ι
570 1748 741 1811 Αὐτὸς
769 1749 899 1818 γὰρ,
930 1750 1098 1819 φησιν
1122 1749 1151 1801 δ
1184 1748 1435 1814 Ἡσαΐας,
1461 1749 1606 1819 ἥξει,
1637 1751 1732 1803 καὶ
1772 1749 1934 1803 σώσει

359 1841 506 1909 ἡμᾶς
530 1854 545 1868 ⁸
589 1858 608 1891 ι
645 1839 808 1907 αὐτὸς
849 1841 945 1893 καὶ
982 1841 1082 1910 οὐχ
1108 1841 1293 1910 ἔτερος
1322 1840 1567 1903 κενώσας
1614 1842 1807 1895 ἑαυτὸν
1848 1843 1943 1896 καὶ

359 1930 484 1984 καθ’
512 1933 659 2001 ημᾶς
695 1931 1044 2001 χρηματίσας
1077 1930 1399 2003 ἄνθρωπος,
1433 1933 1524 1986 ἵνα
1562 1931 1793 2002 περιέλῃ
1831 1935 1939 1988 πᾶ·-

362 2038 463 2075 σαν
491 2022 648 2093 ήμῶν
677 2022 957 2092 ἀφορμήν.

428 2224 643 2291 Μηκέτι
676 2224 861 2279 λοιπὸν
894 2208 1228 2294 ἀμφίὸαλλε,
1265 2218 1339 2296 μή
1375 2210 1606 2297 θορυδοῦ
1646 2226 1769 2279 καθ’
1798 2228 1928 2279 έαυξ

355 2316 448 2369 τὸν
478 2317 757 2385 σάρκωσιν
788 2316 1002 2370 ἀκούων
1032 2317 1168 2369 Θεοῦ
1191 2357 1207 2381 ,
1240 2320 1335 2370 καὶ
1366 2317 1436 2369 τὰ
1466 2318 1565 2387 τῆς
1599 2315 1930 2389 σαρκώσεως

359 2408 488 2461 ῐδια.
520 2409 748 2470 Ἡσαΐας
776 2408 876 2479 βοᾷ
902 2424 985 2460 σοι
1010 2423 1025 2438 ·
1058 2426 1076 2458 ι
1125 2408 1254 2461 Ἰδοὺ
1284 2410 1317 2477 ή
1352 2407 1617 2477 παρθένος
1645 2408 1704 2460 ὲν
1732 2414 1931 2479 γαστρὶ

355 2499 591 2568 λήψεται
621 2503 719 2552 καὶ
747 2500 966 2566 τέξεται
1011 2500 1151 2566 υίδν,
1184 2501 1281 2553 καὶ
1310 2500 1601 2554 καλέσουσι
1662 2502 1723 2554 τὸ
1756 2502 1930 2574 ὄνομα

355 2589 524 2644 αὐτοῦ
570 2590 924 2659 Ἐμμανουήλ
948 2605 963 2620 ·
1003 2590 1124 2659 μέλι
1154 2591 1248 2642 καὶ
1294 2590 1554 2660 βούτυρον
1593 2593 1829 2662 φάγεται
1853 2610 1867 2623 '
1906 2613 1925 2646 ι

359 2682 457 2735 καὶ
498 2677 654 2744 αὖθις
673 2698 688 2713 ο
728 2699 748 2732 ι
783 2682 1005 2735 Παιδίον
1032 2683 1295 2750 ἐγεννήθη
1328 2685 1484 2753 ήμῖν,
1513 2685 1610 2737 καὶ
1640 2686 1751 2748 υἱὸς
1776 2685 1929 2757 ἐδόθη

354 2774 512 2843 ἡμῖν,
543 2771 603 2823 οῦ
646 2774 678 2841 ή
710 2772 852 2842 ἀρχὴ
886 2774 981 2824 ἐπὶ
1018 2772 1111 2825 τοῦ
1159 2771 1314 2842 ὤμου
1365 2773 1557 2833 αὐτοῦ.
1617 2774 1928 2845 θαυμαστὸς

358 2862 685 2932 σύμϐουλος,
754 2863 887 2925 Θεὸς
952 2864 1190 2933 ἰσχυρὸς,
1245 2865 1427 2935 πατὴρ
1484 2864 1580 2918 τοῦ
1636 2867 1924 2935 μέλλοντος

357 2954 606 3017 αἰῶνος.»
640 2955 701 3006 Et
727 2955 907 3007 τοίνυν
932 2954 992 3007 τὸ
1014 2954 1274 3024 γεννηθὲν
1302 2954 1519 3015 παιδίον
1545 2956 1680 3021 Θεὸν
1710 2957 1930 3026 ἰσχυρὸν
1955 2986 2000 3048 C

354 3046 385 3098 ὁ
414 3048 703 3117 προφήτης
735 3048 870 3116 φησὶ
900 3048 994 3099 καὶ
1022 3046 1117 3100 τοῦ
1154 3047 1439 3117 μέλλοντος
1470 3049 1667 3112 αἰῶνος
1700 3050 1926 3120 πατέρα,

358 3140 476 3202 πῶς
514 3141 639 3209 οὐχὶ
679 3140 929 3200 θεοτόκος
972 3139 1068 3193 καὶ
1108 3139 1382 3208 παρθένος
1423 3139 1649 3209 κληθείη
1690 3141 1755 3193 ἂν
1798 3143 1831 3210 ἡ
1870 3142 1932 3194 τὸ

356 3232 570 3285 παιδίον
597 3232 756 3285 τοῦτο
785 3231 1127 3301 γεννήσασα;
1158 3231 1276 3282 ἰνα
1303 3232 1354 3284 τί
1383 3229 1572 3284 λοιπόν
1604 3231 1931 3301 ματαιάζεις

356 3328 453 3379 καὶ
481 3325 575 3380 ἐπὶ
604 3327 784 3388 κενοῖς
817 3328 1180 3393 κακουργεέῃ
1209 3326 1331 3378 Ἵνα
1353 3326 1406 3377 τί
1433 3325 1528 3387 τὰς
1558 3324 1732 3389 λέξεις
1762 3325 1931 3377 ὑπαλ-

355 3418 587 3480 λάττεις,
621 3416 715 3469 καὶ
744 3417 923 3468 νεᾶνιν
953 3415 1074 3467 ἀντὶ
1106 3414 1375 3483 παρθένου
1404 3414 1822 3481 ἀναγινώσκεις,
1850 3413 1929 3484 τῷ

358 3508 437 3577 σῷ
467 3507 774 3577 διδασκάλῳ
805 3508 908 3559 κάν
937 3507 1148 3569 τούτοις
1179 3505 1512 3568 ἀκολουθῶν,
1553 3505 1756 3575 Ἀκύλᾳ
1786 3507 1929 3574 λέγω

353 3599 433 3668 τῷ
465 3599 864 3667 ματαιόφρονι;
906 3598 1100 3665 Ἡμεῖς
1134 3596 1262 3666 περὶ
1293 3597 1389 3665 τὴν
1418 3596 1563 3660 λέξιν
1592 3597 1652 3648 οὐ
1685 3596 1930 3667 ζυγομασο

353 3690 558 3760 χοῦμεν
581 3706 594 3719 ·
636 3691 835 3743 ταυτὸν
868 3689 977 3757 γάρ
1015 3689 1254 3751 νεάνιδος
1290 3690 1385 3743 καὶ
1421 3687 1695 3757 παρθένου
1734 3691 1794 3743 τὸ
1835 3686 1930 3758 om

357 3786 547 3851 μαίνον
579 3782 723 3835 κατὰ
751 3782 851 3852 τὴν
883 3780 976 3833 τοῦ
1010 3780 1434 3851 Δευτερονομίου
1467 3781 1786 3849 παράδοσιν.
1823 3782 1929 3835 Καὶ

351 3872 408 3924 τί
437 3876 545 3944 χρη
573 3873 741 3925 πολλὰ
770 3873 984 3941 λέγειν;
1016 3873 1079 3925 ΕΞ
1117 3874 1191 3941 μὴ
1222 3874 1312 3925 τὸν
1343 3871 1505 3925 τόκον
1529 3872 1830 3941 παράδοξον
1855 3873 1930 3924 εῖ-

354 3979 556 4032 πομεν,
596 3965 646 4016 εί
688 3964 924 4031 γυναῖκα
966 3958 1239 4031 παρθένον
1279 3961 1494 4029 μητέρα
1532 3960 1746 4013 παιδίου
1784 3960 1931 4027 γενέ-

354 4055 483 4108 σθαι
524 4055 960 4125 ὁμολογήσομεν,
1003 4052 1257 4122 ψεύδεται
1301 4054 1330 4104 ὁ
1379 4051 1665 4121 προφήτης
1706 4053 1929 4119 σημεῖον

350 4144 435 4211 τῷ
456 4145 631 4211 Ἀχαζ
660 4144 875 4213 δοθῆναι
902 4143 1077 4211 λέγων
1107 4141 1260 4212 παρὰ
1286 4140 1444 4194 Θεοῦ.
1486 4139 1646 4192 Ἀλλὰ
1672 4140 1723 4191 τί
1749 4140 1928 4205 τοῦτο,

349 4235 450 4287 καὶ
482 4235 725 4287 ποταπόν
756 4237 872 4298 εστι
901 4236 962 4286 τὸ
995 4235 1256 4303 σημεῖον;
1293 4231 1602 4300 υρόσσχες,
1635 4232 1683 4281 εἰ
1718 4231 1925 4299 βούλει,

2047 1763 2227 1809 seeret
2256 1773 2271 1810 :
2301 1755 2412 1810 alio
2447 1756 2695 1811 validiori
2722 1770 2778 1812 et
2804 1758 3034 1813 mirifico
3072 1758 3247 1813 utitur
3278 1760 3538 1824 remedio,
3570 1772 3624 1815 rt

2045 1863 2141 1916 per
2164 1862 2222 1902 se
2246 1847 2427 1917 ipsum
2456 1849 2522 1903 ad
2548 1856 2650 1904 nos
2677 1850 2849 1905 venit:
2880 1869 2898 1902 ι
2938 1851 3063 1919 ipse
3114 1852 3283 1915 enim,
3318 1852 3490 1909 lsaias
3521 1856 3619 1919 ait,

2044 1939 2248 2004 veniet,
2275 1947 2330 1992 et
2354 1940 2587 1994 salrabit
2617 1955 2742 2017 nos,
2791 1959 2809 1993 ι
2847 1942 2965 2011 ipse
2992 1952 3047 1996 et
3095 1958 3205 1997 non
3232 1944 3395 2008 alius,
3429 1946 3624 1999 exinaa

2044 2028 2206 2083 niens
2239 2031 2621 2099 semetipsum,
2655 2040 2711 2086 et
2732 2033 2875 2101 apud
2902 2048 3003 2088 nos
3030 2049 3199 2105 agens
3230 2044 3290 2091 ut
3340 2035 3527 2103 homo,
3564 2048 3623 2094 ut

2047 2136 2269 2175 omnem
2306 2136 2337 2174 a
2365 2122 2523 2183 nobis
2549 2122 2762 2177 auferat
2785 2124 2956 2178 animi
2991 2128 3438 2183 commotionem.
3640 2132 3643 2137 ’

2109 2216 2190 2272 Ne
2212 2217 2449 2285 amplius
2475 2217 2640 2287 igitur
2668 2218 2904 2284 dubites,
2939 2235 3118 2288 neque
3154 2223 3391 2277 turbet-is
3427 2226 3481 2277 in
3539 2234 3619 2279 te-~

2037 2308 2271 2377 metipso
2301 2308 2575 2362 carnalem
2598 2310 3261 2381 audiens.generationem
3283 2315 3401 2381 Dei,
3428 2326 3483 2370 et
3503 2320 3622 2386 qua!

2038 2403 2267 2473 hujusce
2299 2403 2535 2458 carnalis
2560 2406 2935 2473 generationis
2964 2416 3094 2461 sunt
3130 2410 3371 2478 propria,
3402 2406 3620 2465 anudn-
3650 2392 3661 2407 χ

2038 2494 2209 2549 tiante
2239 2494 2412 2550 Isaia:
2469 2516 2487 2548 ι
2521 2497 2659 2551 Ecce
2696 2496 2849 2567 virgo
2894 2497 2949 2551 in
2975 2509 3164 2554 ventre
3220 2502 3513 2571 concipiet,
3569 2506 3623 2559 et

2038 2586 2221 2656 pariet
2257 2588 2451 2653 lilium,
2484 2597 2541 2643 et
2563 2588 2842 2643 vocabunt
2884 2603 3084 2644 nomen
3113 2591 3232 2659 ejus
3262 2590 3619 2658 Emmanuel;

2039 2679 2146 2731 mel
2180 2688 2235 2733 et
2261 2681 2512 2750 butyrum
2550 2683 2800 2735 comedet
2837 2696 2851 2745 ;
2890 2698 2909 2731 ι
2942 2688 2997 2734 et
3025 2680 3258 2736 iterum:
3304 2704 3322 2734 ι
3356 2682 3496 2737 Puer
3526 2702 3594 2738 na

2039 2778 2127 2825 tus
2150 2780 2233 2825 cat
2267 2773 2448 2836 nobis,
2478 2773 2623 2827 ﬁlius
2647 2774 2805 2829 datus
2856 2771 2944 2827 est
2995 2775 3174 2837 nobis,
3222 2778 3379 2845 cujus
3414 2778 3618 2847 prinei-I

2038 2871 2199 2931 patus
2232 2876 2400 2930 super
2461 2860 2751 2917 humerum
2784 2864 2906 2930 ejus
2934 2903 2951 2930 ,
2985 2863 3322 2919 admirabilis
3367 2868 3621 2921 consum;

2038 2954 2174 3017 rius,
2226 2952 2373 3006 Deus
2403 2953 2584 3027 fortis,
2609 2964 2763 3023 pater
2814 2953 2981 3009 futuri
3038 2956 3243 3011 saeculi.
3285 2977 3303 3007 ι
3336 2960 3393 3012 Si
3455 2960 3621 3030 igitur

2033 3054 2221 3099 natum
2272 3045 2669 3112 ﬁlium,Deum
2717 3047 2916 3102 fortem
2942 3048 3081 3103 dixit
3116 3050 3404 3120 propheta,
3431 3062 3483 3107 et
3535 3050 3618 3107 fu-

2033 3138 2138 3190 turi
2193 3138 2378 3193 szeculi
2442 3146 2694 3207 patrem,
2759 3141 3035 3208 quomodo
3092 3158 3203 3211 non
3269 3142 3364 3196 Dei
3424 3156 3624 3212 parens

2031 3239 2085 3282 et
2115 3230 2265 3297 virgo
2298 3228 2602 3294 vocabitur,
2642 3243 2765 3297 qua:
2798 3230 2969 3285 lilium
3029 3233 3178 3285 hunc
3238 3233 3459 3301 genuit?
3501 3233 3621 3290 Ca:-

2033 3328 2211 3372 terum
2240 3320 2369 3388 quid
2399 3322 2584 3375 inania
2607 3330 2821 3392 captas,
2853 3324 2989 3378 etin
3028 3324 3283 3379 inanibus
3305 3326 3450 3379 male
3482 3331 3617 3396 dpe-‘

2032 3410 2206 3464 raris?
2265 3411 2406 3476 Quid
2468 3414 2745 3469 dictiones
2794 3415 3049 3481 invertis,
3113 3426 3170 3470 et
3226 3417 3463 3485 puellam
3523 3428 3621 3486 pro

2030 3499 2240 3570 virgine
2270 3502 2425 3573 legis,
2456 3519 2584 3559 cum
2630 3506 2894 3575 magistro
2928 3516 3023 3561 tuo
3076 3515 3132 3560 et
3180 3508 3236 3560 in
3271 3507 3423 3563 hisce
3481 3524 3619 3563 con-

2033 3592 2297 3657 sentiens,
2338 3596 2555 3664 Aquila,
2584 3596 2728 3662 dico,
2783 3598 3124 3667 desipienti?
3197 3597 3307 3654 Nos
3358 3602 3503 3654 eirea
3535 3601 3621 3654 dio'

2032 3684 2268 3739 ctionem
2293 3700 2404 3741 non
2435 3688 2701 3751 rixamur,
2747 3690 2939 3744 eadem
2996 3690 3145 3743 enim
3197 3687 3392 3760 puella:
3452 3701 3614 3761 atque

2032 3774 2256 3845 virginis
2285 3776 2607 3846 signiﬁcatio
2626 3779 2781 3848 juxta
2809 3780 3215 3837 Deuteronomil
3238 3785 3613 3839 traditionem.

2032 3863 2232 3919 Verum
2273 3866 2406 3934 quid
2446 3870 2603 3936 plura
2623 3870 2643 3921 ι
2666 3868 2780 3923 Nisi
2804 3880 3021 3939 partum
3049 3875 3428 3929 admirandum
3474 3877 3622 3930 dicas

2033 3968 2177 4018 mus,
2211 3956 2317 4012 nisi
2355 3959 2639 4014 mulierem
2664 3960 2927 4031 virginem
2960 3963 3120 4030 pueri
3167 3974 3396 4017 matrem
3446 3966 3616 4019 fuisse

2033 4046 2432 4125 contiteamur,-
2479 4050 2743 4103 mentitur
2794 4050 3059 4120 propheta
3120 4052 3331 4123 signum
3368 4053 3485 4109 dari
3538 4056 3621 4109 dis

2034 4148 2169 4191 cens
2192 4136 2376 4191 Achaz
2410 4153 2441 4194 a
2481 4140 2615 4194 Deo.
2649 4140 2756 4195 Sed
2790 4142 3067 4210 quodnam
3104 4142 3208 4197 hoc
3239 4152 3293 4196 et
3327 4144 3486 4211 quale
3538 4144 3619 4198 est

2034 4226 2285 4296 signum?
2317 4229 2572 4301 Attende,
2608 4230 2652 4285 si
2691 4231 2850 4298 libet,
2892 4232 3071 4300 Isaiae;
3106 4233 3448 4303 pr0phetiam
3500 4235 3618 4304 lege
3684 4226 3695 4229 ’

348 4325 431 4393 τῷ
468 4324 702 4391 Ἡσαΐᾳ.
733 4324 829 4391 τήν
862 4325 1201 4393 προφητείαν
1238 4321 1515 4389 ἀνάγνωθι
1553 4321 1673 4374 καθ’
1702 4321 1925 4390 εἱρμὸν,

2037 4330 2132 4383 per
2157 4317 2405 4373 ordinem
2429 4336 2443 4384 ;
2492 4335 2611 4390 qua:
2636 4322 2739 4376 sibi
2768 4334 3023 4378 constant
3048 4341 3117 4380 ne
3139 4327 3503 4393 detorqueas;
3531 4314 3618 4378 in-

355 4413 436 4484 μὴ
460 4412 638 4473 καλῶς
663 4411 877 4465 ἑστῶτα
900 4413 1214 4479 διάστρεφε,
1238 4415 1348 4474 τοῖς
1373 4412 1524 4465 κάτω
1545 4412 1613 4464 τὰ
1636 4409 1748 4465 avo
1773 4413 1932 4465 σύνα-

352 4523 457 4557 πτε
479 4521 495 4536 ·
527 4506 623 4557 καὶ
652 4502 795 4557 οὕτω
828 4500 1049 4573 μαθήσῃ
1080 4501 1174 4555 τοῦ
1210 4502 1517 4573 μυστηρίου
1546 4503 1647 4571 τὴν
1675 4502 1927 4571 δύναμιν.

348 4596 461 4649 Τοῦ
497 4599 607 4669 γὰρ
632 4596 838 4666 Ἄχας,
872 4596 1037 4664 ἡνίκα
1070 4595 1221 4665 παρὰ
1251 4594 1345 4648 τοῦ
1385 4595 1665 4664 προφήτου
1705 4598 1930 4663 σημεῖον

351 4692 575 4759 αἰτῆσαι
626 4689 1023 4760 παρεὸιάζετο,
1075 4688 1353 4752 εἰπόντος,
1409 4706 1425 4738 ι
1463 4688 1537 4740 Οὐ
1575 4687 1650 4757 μὴ
1699 4687 1930 4756 αἰτήσω,

352 4782 479 4834 οὐδὲ
513 4783 573 4834 ού
617 4781 692 4850 μὴ
725 4780 970 4851 πειράσω
1012 4779 1101 4832 τὸν
1136 4779 1336 4847 Κύριον
1362 4794 1375 4807 '
1411 4798 1429 4831 ι
1462 4782 1489 4831 ὁ
1521 4781 1804 4848 προφήτης
1836 4779 1930 4832 αῦ-

353 4872 442 4934 θις
469 4872 717 4940 ἐπήγαγε
742 4872 917 4938 λέγων
940 4887 954 4902 ο
1001 4888 1019 4921 ι
1050 4869 1146 4921 Διά
1178 4869 1332 4921 τοῦτο
1354 4869 1511 4922 δώσει
1544 4869 1744 4937 Κύριος
1772 4869 1931 4932 αὐτὸς

353 4964 488 5029 ὑμῖν
536 4966 798 5035 σημεῖον·
845 4961 950 5013 itSo-3
1006 4964 1037 5031 ἡ
1095 4959 1361 5028 παρθένος
1397 4962 1454 5012 ὲν
1510 4960 1708 5027 γαστρὶ
1766 4959 1933 5028 λήψε-

346 5044 502 5107 ται.»
532 5055 787 5107 Μάνθανε
823 5049 915 5106 οὖν
943 5052 1192 5105 ἐντεῦθεν
1224 5053 1306 5103 ὅτι
1329 5051 1387 5102 τὸ
1420 5050 1570 5103 δοθὲν
1602 5052 1828 5119 σημεῖον
1857 5052 1934 5117 τῷ

360 5146 538 5216 Ἀχαζ
569 5148 669 5216 οὐχ
701 5145 888 5213 ἕτερον
920 5145 1067 5195 ἐστιν
1102 5144 1135 5213 ἦ
1166 5143 1227 5195 τὸ
1260 5145 1498 5211 γυναῖκα
1532 5143 1631 5212 μὲν
1662 5143 1844 5195 λαϐεῖν
1878 5147 1933 5196 ἐν

266 5281 271 5285 .
354 5240 593 5307 γαστρὶ,
625 5239 798 5308 ἑτέρῳ
828 5235 884 5289 δέ
913 5252 1024 5288 τινι
1054 5236 1242 5305 τρόπῳ
1273 5234 1716 5304 παρηλλαγμένῳ
1748 5235 1841 5288 καὶ
1870 5236 1931 5287 ού

354 5329 600 5399 συνήθει.
639 5328 703 5382 Ei
744 5328 853 5396 γὰρ
890 5327 951 5379 τὸ
995 5330 1220 5397 σημεῖον
1263 5327 1410 5390 ξένον
1449 5325 1502 5378 τί
1546 5327 1659 5377 ἐστι
1698 5330 1932 5395 πρᾶγμα

354 5422 450 5472 καὶ
478 5421 642 5488 ἄηθες
662 5463 675 5486 ,
704 5421 945 5482 τοιοῦτος
973 5420 1179 5488 ὀφείλει
1207 5422 1299 5470 καὶ
1324 5420 1351 5471 ὁ
1376 5420 1532 5480 τόκος
1558 5414 1697 5469 εἶναι
1724 5418 1928 5472 λοιπόν.

355 5510 430 5561 Τὸ
461 5509 517 5562 δὲ
541 5514 599 5562 ὲκ
624 5512 927 5579 θελήματος
952 5512 1141 5579 ἀνδρὸς
1169 5509 1450 5575 γεννηθὲν,
1480 5506 1713 5573 ὀπηνῖκα
1746 5506 1933 5574 δηλον-

358 5599 446 5653 ότι
473 5602 697 5670 γυναικὶ
732 5602 1103 5670 συμπλακείη,
1153 5601 1246 5651 καὶ
1274 5597 1445 5649 ταυτα
1487 5598 1703 5657 vain-25:,
1738 5600 1836 5649 οὐκ
1868 5601 1931 5651 ἄν

2016 4406 2326 4499 ιΐεξι·ἰοι·ἱι)ιιει
2366 4412 2649 4478 superiora
2691 4414 2969 4485 conjuge:
3012 4430 3076 4470 ac
3112 4417 3191 4471 sic
3222 4416 3435 4470 edisees
3500 4433 3615 4487 my-

2034 4496 2186 4549 sterii
2221 4499 2544 4566 potentiam.
2570 4500 2800 4567 Quando
2829 4505 2976 4557 enim
3023 4505 3207 4559 Achaz
3249 4509 3546 4576 cogebatur
3580 4524 3610 4561 a

2035 4589 2299 4657 propheta
2338 4602 2395 4646 ut
2437 4604 2646 4661 peteret
2691 4595 2932 4665 signum,
2970 4612 3096 4651 cum
3137 4599 3399 4653 dixisset:
3437 4620 3453 4651 ι
3497 4598 3614 4654 Non

2036 4676 2233 4745 petam,
2275 4698 2451 4752 neque
2507 4687 2731 4740 omnino
2783 4688 3009 4743 tentabo
3050 4690 3363 4752 hominum,
3434 4710 3452 4742 ι
3491 4707 3613 4761 pro.

2034 4770 2194 4837 pheta
2227 4774 2420 4827 iterum
2443 4776 2685 4831 subdidit
2718 4778 2952 4833 dicens:
3015 4799 3033 4829 ‹
3076 4781 3307 4849 Propter
3337 4782 3439 4836 hoc
3494 4784 3611 4850 ipse

2036 4861 2297 4917 Dominus
2326 4866 2474 4920 dabit
2523 4869 2677 4926 vobis
2700 4870 2951 4940 signum:
3010 4856 3323 4941 eccerirgo
3370 4874 3423 4927 in
3458 4883 3613 4928 utare

2037 4954 2324 5023 concipiet.
2366 4975 2383 5007 ι
2422 4957 2576 5017 Disce
2604 4960 2767 5027 igitur
2796 4978 2862 5014 ex
2896 4963 3023 5024 hoc,
3058 4963 3203 5032 quod
3258 4966 3469 5033 signum
3523 4967 3615 5021 da-‘

2039 5057 2149 5098 tum
2182 5047 2362 5101 Achaz
2417 5050 2626 5104 nullum
2662 5051 2811 5106 aliud
2865 5063 2947 5106 est
2998 5071 3159 5121 quam
3219 5060 3362 5126 quod
3419 5060 3615 5112 mulier

2037 5139 2251 5205 quidem
2283 5140 2555 5209 concipiet
2588 5143 2641 5195 in
2675 5155 2891 5207 ventre.
2926 5148 3021 5200 sed
3061 5146 3166 5203 alid
3196 5152 3427 5218 quodam
3452 5154 3612 5204 modo

2038 5230 2254 5283 diverso
2303 5236 2357 5283 et
2410 5231 2650 5287 insolito.
2714 5232 2772 5289 Si
2806 5237 2954 5289 enim
3012 5239 3226 5309 signum
3290 5250 3609 5292 nominest

2037 5322 2238 5390 aliquid
2270 5333 2343 5396 ret
2394 5324 2751 5388 inusitatum,
2805 5340 2994 5396 partus
3048 5333 3209 5384 etiam
3261 5346 3392 5381 sane
3450 5329 3608 5381 debet

2038 5428 2157 5467 esse
2186 5395 2312 5481 quid
2341 5415 2542 5468 simile.
2602 5414 2759 5480 Quod
2790 5435 2919 5473 vero
2964 5424 3203 5471 nascitur
3233 5434 3296 5469 ex
3337 5416 3611 5470 γιιὶυιιίέιίιὲ

2038 5507 2163 5571 γὶιηὶ,
2187 5507 2406 5575 quando
2441 5509 2699 5561 nimirum
2739 5516 2864 5563 cum
2908 5514 3077 5562 uxore
3102 5510 3471 5577 conjungitur,
3528 5508 3609 5563 \‘el

2040 5600 2203 5651 etiam
2240 5616 2360 5652 cum
2421 5584 2617 5669 puclla,
2657 5614 2939 5667 nunquam
2996 5604 3125 5653 Sane
3157 5599 3402 5668 signum,
3436 5601 3611 5661 ttsqué
