  <div class='ocr_page' id='page_1' title='image "/cluster/home/n/w/nwhite01/storage/ocr_20150623/158/hvd.32044073502676/519.png"; bbox 0 0 4058 6196; ppageno 0'>
   <div class='ocr_carea' id='block_1_1' title="bbox 393 294 3647 386">
    <p class='ocr_par' dir='ltr' id='par_1_1' title="bbox 393 294 3647 386">
     <span class='ocr_line' id='line_1_1' title="bbox 393 294 3647 386; baseline 0.009 -30"><span class='ocrx_word' id='word_1_1' title='bbox 393 294 503 359; x_wconf 78' lang='lat'><strong>879</strong></span> <span class='ocrx_word' id='word_1_2' title='bbox 1671 306 1725 362; x_wconf 86' lang='lat' dir='ltr'><strong><em>M</em></strong></span> <span class='ocrx_word' id='word_1_3' title='bbox 1737 306 2090 366; x_wconf 81' lang='lat' dir='ltr'><strong>lCHAELlS</strong></span> <span class='ocrx_word' id='word_1_4' title='bbox 2129 309 2388 370; x_wconf 64' lang='lat' dir='ltr'><strong>GLYCE</strong></span> <span class='ocrx_word' id='word_1_5' title='bbox 3538 318 3647 386; x_wconf 83' lang='lat'><strong>880</strong></span> 
     </span>
    </p>
   </div>
   <div class='ocr_carea' id='block_1_2' title="bbox 396 415 1998 513">
    <p class='ocr_par' dir='ltr' id='par_1_2' title="bbox 396 415 1998 492">
     <span class='ocr_line' id='line_1_2' title="bbox 396 415 1998 492; baseline 0.003 -20"><span class='ocrx_word' id='word_1_6' title='bbox 396 425 502 483; x_wconf 86' lang='lat' dir='ltr'><strong>est,</strong></span> <span class='ocrx_word' id='word_1_7' title='bbox 551 415 698 486; x_wconf 90' lang='lat' dir='ltr'><strong>quod</strong></span> <span class='ocrx_word' id='word_1_8' title='bbox 738 431 884 472; x_wconf 91' lang='lat' dir='ltr'><strong>nunc</strong></span> <span class='ocrx_word' id='word_1_9' title='bbox 931 417 1274 487; x_wconf 74' lang='lat' dir='ltr'><strong>proponitur,</strong></span> <span class='ocrx_word' id='word_1_10' title='bbox 1332 435 1438 474; x_wconf 89' lang='lat' dir='ltr'><strong>non</strong></span> <span class='ocrx_word' id='word_1_11' title='bbox 1485 422 1615 475; x_wconf 84' lang='lat' dir='ltr'><strong>illud</strong></span> <span class='ocrx_word' id='word_1_12' title='bbox 1655 425 1798 492; x_wconf 85' lang='lat' dir='ltr'><strong>quod</strong></span> <span class='ocrx_word' id='word_1_13' title='bbox 1837 439 1958 477; x_wconf 80' lang='lat' dir='ltr'><strong>eum</strong></span> <span class='ocrx_word' id='word_1_14' title='bbox 1993 473 1998 484; x_wconf 48' lang='grc' dir='ltr'>η</span> 
     </span>
    </p>
   </div>
   <div class='ocr_carea' id='block_1_3' title="bbox 2039 415 3641 513">
    <p class='ocr_par' dir='ltr' id='par_1_3' title="bbox 2068 427 3641 513">
     <span class='ocr_line' id='line_1_3' title="bbox 2068 427 3641 513; baseline 0.011 -37"><span class='ocrx_word' id='word_1_15' title='bbox 2068 427 2204 488; x_wconf 75' lang='grc' dir='ltr'><strong>ἐστι,</strong></span> <span class='ocrx_word' id='word_1_16' title='bbox 2239 429 2298 483; x_wconf 81' lang='grc' dir='ltr'><strong>τὸ</strong></span> <span class='ocrx_word' id='word_1_17' title='bbox 2329 429 2424 497; x_wconf 70' lang='grc' dir='ltr'><strong>νῦν</strong></span> <span class='ocrx_word' id='word_1_18' title='bbox 2457 433 2870 504; x_wconf 75' lang='grc' dir='ltr'><strong>προτιθέμενον,</strong></span> <span class='ocrx_word' id='word_1_19' title='bbox 2913 436 3007 490; x_wconf 81' lang='grc' dir='ltr'><strong>καὶ</strong></span> <span class='ocrx_word' id='word_1_20' title='bbox 3040 438 3116 506; x_wconf 78' lang='grc' dir='ltr'><strong>μὴ</strong></span> <span class='ocrx_word' id='word_1_21' title='bbox 3149 438 3350 491; x_wconf 79' lang='grc' dir='ltr'><strong>ταυτὸν</strong></span> <span class='ocrx_word' id='word_1_22' title='bbox 3379 439 3456 508; x_wconf 81' lang='grc' dir='ltr'><strong>τῷ</strong></span> <span class='ocrx_word' id='word_1_23' title='bbox 3495 456 3641 513; x_wconf 74' lang='grc' dir='ltr'><strong>παρ-</strong></span> 
     </span>
    </p>
   </div>
   <div class='ocr_carea' id='block_1_4' title="bbox 395 507 1997 603">
    <p class='ocr_par' dir='ltr' id='par_1_4' title="bbox 395 507 1965 586">
     <span class='ocr_line' id='line_1_4' title="bbox 395 507 1965 586; baseline 0.005 -27"><span class='ocrx_word' id='word_1_24' title='bbox 395 507 674 576; x_wconf 77' lang='lat' dir='ltr'><strong>praeterito</strong></span> <span class='ocrx_word' id='word_1_25' title='bbox 722 507 866 561; x_wconf 89' lang='lat' dir='ltr'><strong>idem</strong></span> <span class='ocrx_word' id='word_1_26' title='bbox 915 517 968 560; x_wconf 88' lang='lat' dir='ltr'><strong>et</strong></span> <span class='ocrx_word' id='word_1_27' title='bbox 1021 516 1104 561; x_wconf 87' lang='lat' dir='ltr'><strong>est</strong></span> <span class='ocrx_word' id='word_1_28' title='bbox 1151 517 1206 562; x_wconf 90' lang='lat' dir='ltr'><strong>et</strong></span> <span class='ocrx_word' id='word_1_29' title='bbox 1256 520 1502 579; x_wconf 76' lang='lat' dir='ltr'><strong>apparet.</strong></span> <span class='ocrx_word' id='word_1_30' title='bbox 1553 511 1666 569; x_wconf 74' lang='lat' dir='ltr'><strong>Hoc</strong></span> <span class='ocrx_word' id='word_1_31' title='bbox 1710 514 1820 584; x_wconf 88' lang='lat' dir='ltr'><strong>jam</strong></span> <span class='ocrx_word' id='word_1_32' title='bbox 1871 532 1965 586; x_wconf 82' lang='lat' dir='ltr'><strong>pa-</strong></span> 
     </span>
    </p>
   </div>
   <div class='ocr_carea' id='block_1_5' title="bbox 2035 507 3637 603">
    <p class='ocr_par' dir='ltr' id='par_1_5' title="bbox 2068 507 3637 603">
     <span class='ocr_line' id='line_1_5' title="bbox 2068 507 3637 603; baseline 0.011 -35"><span class='ocrx_word' id='word_1_33' title='bbox 2068 517 2349 587; x_wconf 73' lang='grc' dir='ltr'><strong>εληλνθὸτι</strong></span> <span class='ocrx_word' id='word_1_34' title='bbox 2402 521 2498 573; x_wconf 75' lang='grc' dir='ltr'>καὶ</span> <span class='ocrx_word' id='word_1_35' title='bbox 2540 517 2726 576; x_wconf 69' lang='grc' dir='ltr'><strong>ὃνκαὶ</strong></span> <span class='ocrx_word' id='word_1_36' title='bbox 2769 527 3116 596; x_wconf 83' lang='grc' dir='ltr'><strong>φαινόμενον.</strong></span> <span class='ocrx_word' id='word_1_37' title='bbox 3175 529 3284 580; x_wconf 79' lang='grc' dir='ltr'><strong>Καὶ</strong></span> <span class='ocrx_word' id='word_1_38' title='bbox 3344 507 3505 594; x_wconf 57' lang='grc' dir='ltr'><strong>τοῦτο</strong></span> <span class='ocrx_word' id='word_1_39' title='bbox 3538 507 3637 603; x_wconf 60' lang='grc' dir='ltr'><strong>δέ,-</strong></span> 
     </span>
    </p>
   </div>
   <div class='ocr_carea' id='block_1_6' title="bbox 395 596 1997 690">
    <p class='ocr_par' dir='ltr' id='par_1_6' title="bbox 395 596 1964 673">
     <span class='ocr_line' id='line_1_6' title="bbox 395 596 1964 673; baseline 0.007 -23"><span class='ocrx_word' id='word_1_40' title='bbox 395 598 654 654; x_wconf 80' lang='lat' dir='ltr'><strong>telaciens</strong></span> <span class='ocrx_word' id='word_1_41' title='bbox 719 596 980 651; x_wconf 86' lang='lat' dir='ltr'><strong>Dominus</strong></span> <span class='ocrx_word' id='word_1_42' title='bbox 1039 598 1211 653; x_wconf 85' lang='lat' dir='ltr'><strong>dixit:</strong></span> <span class='ocrx_word' id='word_1_43' title='bbox 1273 619 1291 651; x_wconf 80' lang='grc' dir='ltr'><strong>ι</strong></span> <span class='ocrx_word' id='word_1_44' title='bbox 1330 601 1542 673; x_wconf 80' lang='lat' dir='ltr'><strong>Feriam</strong></span> <span class='ocrx_word' id='word_1_45' title='bbox 1604 620 1736 660; x_wconf 82' lang='lat' dir='ltr'><strong>sane</strong></span> <span class='ocrx_word' id='word_1_46' title='bbox 1785 607 1964 662; x_wconf 68' lang='lat' dir='ltr'><strong>foedus</strong></span> 
     </span>
    </p>
   </div>
   <div class='ocr_carea' id='block_1_7' title="bbox 2041 596 3643 690">
    <p class='ocr_par' dir='ltr' id='par_1_7' title="bbox 2067 596 3643 690">
     <span class='ocr_line' id='line_1_7' title="bbox 2067 596 3643 690; baseline 0.011 -31"><span class='ocrx_word' id='word_1_47' title='bbox 2067 607 2174 661; x_wconf 79' lang='grc' dir='ltr'><strong>λῶν</strong></span> <span class='ocrx_word' id='word_1_48' title='bbox 2207 612 2234 662; x_wconf 85' lang='grc' dir='ltr'>ὁ</span> <span class='ocrx_word' id='word_1_49' title='bbox 2265 611 2468 680; x_wconf 85' lang='grc' dir='ltr'><strong>Κύριος</strong></span> <span class='ocrx_word' id='word_1_50' title='bbox 2497 611 2684 682; x_wconf 78' lang='grc' dir='ltr'><strong>ἔλεγεν</strong></span> <span class='ocrx_word' id='word_1_51' title='bbox 2706 630 2719 644; x_wconf 95' lang='grc'>·</span> <span class='ocrx_word' id='word_1_52' title='bbox 2756 634 2773 668; x_wconf 83' lang='grc' dir='ltr'><strong>ι</strong></span> <span class='ocrx_word' id='word_1_53' title='bbox 2805 616 3149 686; x_wconf 78' lang='grc' dir='ltr'><strong>Διαθήσομαι</strong></span> <span class='ocrx_word' id='word_1_54' title='bbox 3196 618 3462 690; x_wconf 73' lang='grc' dir='ltr'><strong>διαθήκην</strong></span> <span class='ocrx_word' id='word_1_55' title='bbox 3521 596 3643 675; x_wconf 72' lang='grc' dir='ltr'><strong>και-</strong></span> 
     </span>
    </p>
   </div>
   <div class='ocr_carea' id='block_1_8' title="bbox 393 689 1995 780">
    <p class='ocr_par' dir='ltr' id='par_1_8' title="bbox 393 689 1959 765">
     <span class='ocr_line' id='line_1_8' title="bbox 393 689 1959 765; baseline 0.005 -18"><span class='ocrx_word' id='word_1_56' title='bbox 393 706 614 756; x_wconf 84' lang='lat' dir='ltr'><strong>novum,</strong></span> <span class='ocrx_word' id='word_1_57' title='bbox 667 703 774 743; x_wconf 76' lang='lat' dir='ltr'><strong>non</strong></span> <span class='ocrx_word' id='word_1_58' title='bbox 824 689 984 760; x_wconf 83' lang='lat' dir='ltr'><strong>quale</strong></span> <span class='ocrx_word' id='word_1_59' title='bbox 1022 692 1226 746; x_wconf 85' lang='lat' dir='ltr'><strong>sancivi</strong></span> <span class='ocrx_word' id='word_1_60' title='bbox 1279 708 1400 747; x_wconf 88' lang='lat' dir='ltr'><strong>cum</strong></span> <span class='ocrx_word' id='word_1_61' title='bbox 1456 697 1705 765; x_wconf 73' lang='lat' dir='ltr'><strong>patribus</strong></span> <span class='ocrx_word' id='word_1_62' title='bbox 1739 701 1959 761; x_wconf 85' lang='lat' dir='ltr'><strong>vestris.</strong></span> 
     </span>
    </p>
   </div>
   <div class='ocr_carea' id='block_1_9' title="bbox 2037 689 3639 780">
    <p class='ocr_par' dir='ltr' id='par_1_9' title="bbox 2067 689 3639 780">
     <span class='ocr_line' id='line_1_9' title="bbox 2067 689 3639 780; baseline 0.01 -29"><span class='ocrx_word' id='word_1_63' title='bbox 2067 700 2183 769; x_wconf 82' lang='grc' dir='ltr'><strong>νὴν,</strong></span> <span class='ocrx_word' id='word_1_64' title='bbox 2213 701 2310 771; x_wconf 84' lang='grc' dir='ltr'><strong>οὐχ</strong></span> <span class='ocrx_word' id='word_1_65' title='bbox 2335 701 2452 756; x_wconf 80' lang='grc' dir='ltr'><strong>οἵαν</strong></span> <span class='ocrx_word' id='word_1_66' title='bbox 2482 704 2738 774; x_wconf 80' lang='grc' dir='ltr'><strong>διεθέμην</strong></span> <span class='ocrx_word' id='word_1_67' title='bbox 2788 709 2900 769; x_wconf 81' lang='grc' dir='ltr'><strong>τοῖς</strong></span> <span class='ocrx_word' id='word_1_68' title='bbox 2942 689 3434 780; x_wconf 73' lang='grc' dir='ltr'><strong>πατράσιν-ὐμῶν,</strong></span> <span class='ocrx_word' id='word_1_69' title='bbox 3471 767 3474 770; x_wconf 75' lang='grc'><strong>,</strong></span> <span class='ocrx_word' id='word_1_70' title='bbox 3515 714 3639 778; x_wconf 76' lang='grc' dir='ltr'><strong>ἐξά-</strong></span> 
     </span>
    </p>
   </div>
   <div class='ocr_carea' id='block_1_10' title="bbox 393 781 1995 874">
    <p class='ocr_par' dir='ltr' id='par_1_10' title="bbox 393 781 1960 858">
     <span class='ocr_line' id='line_1_10' title="bbox 393 781 1960 858; baseline 0.004 -22"><span class='ocrx_word' id='word_1_71' title='bbox 393 783 632 837; x_wconf 85' lang='lat' dir='ltr'><strong>cducens</strong></span> <span class='ocrx_word' id='word_1_72' title='bbox 671 781 822 850; x_wconf 89' lang='lat' dir='ltr'><strong>ipsos</strong></span> <span class='ocrx_word' id='word_1_73' title='bbox 862 797 926 836; x_wconf 83' lang='lat' dir='ltr'><strong>ex</strong></span> <span class='ocrx_word' id='word_1_74' title='bbox 963 781 1228 852; x_wconf 56' lang='lat' dir='ltr'><strong>Egypto;</strong></span> <span class='ocrx_word' id='word_1_75' title='bbox 1256 803 1272 834; x_wconf 76' lang='grc' dir='ltr'><strong>ι</strong></span> <span class='ocrx_word' id='word_1_76' title='bbox 1329 785 1382 840; x_wconf 83' lang='lat' dir='ltr'><strong>Si</strong></span> <span class='ocrx_word' id='word_1_77' title='bbox 1415 786 1597 858; x_wconf 88' lang='lat' dir='ltr'><strong>itaque</strong></span> <span class='ocrx_word' id='word_1_78' title='bbox 1641 789 1754 845; x_wconf 63' lang='lat' dir='ltr'><strong>haec</strong></span> <span class='ocrx_word' id='word_1_79' title='bbox 1799 791 1872 844; x_wconf 89' lang='lat' dir='ltr'><strong>ita</strong></span> <span class='ocrx_word' id='word_1_80' title='bbox 1901 805 1960 844; x_wconf 89' lang='lat' dir='ltr'><strong>se</strong></span> 
     </span>
    </p>
   </div>
   <div class='ocr_carea' id='block_1_11' title="bbox 2035 781 3637 874">
    <p class='ocr_par' dir='ltr' id='par_1_11' title="bbox 2064 793 3637 874">
     <span class='ocr_line' id='line_1_11' title="bbox 2064 793 3637 874; baseline 0.008 -30"><span class='ocrx_word' id='word_1_81' title='bbox 2064 807 2176 857; x_wconf 85' lang='grc' dir='ltr'><strong>γων</strong></span> <span class='ocrx_word' id='word_1_82' title='bbox 2199 793 2396 856; x_wconf 80' lang='grc' dir='ltr'><strong>αὐτοὺς</strong></span> <span class='ocrx_word' id='word_1_83' title='bbox 2419 794 2480 859; x_wconf 74' lang='grc' dir='ltr'>ἐξ</span> <span class='ocrx_word' id='word_1_84' title='bbox 2509 794 2810 862; x_wconf 76' lang='grc' dir='ltr'><strong>Αἰγύπτου.</strong></span> <span class='ocrx_word' id='word_1_85' title='bbox 2850 815 2868 847; x_wconf 71' lang='grc' dir='ltr'><strong>ι</strong></span> <span class='ocrx_word' id='word_1_86' title='bbox 2903 798 2963 850; x_wconf 85' lang='grc' dir='ltr'><strong>Εί</strong></span> <span class='ocrx_word' id='word_1_87' title='bbox 3003 799 3060 851; x_wconf 82' lang='grc' dir='ltr'><strong>δὲ</strong></span> <span class='ocrx_word' id='word_1_88' title='bbox 3087 799 3258 854; x_wconf 78' lang='grc' dir='ltr'><strong>ταῦτα</strong></span> <span class='ocrx_word' id='word_1_89' title='bbox 3280 802 3455 865; x_wconf 80' lang='grc' dir='ltr'><strong>οὓτως</strong></span> <span class='ocrx_word' id='word_1_90' title='bbox 3500 803 3637 874; x_wconf 68' lang='grc' dir='ltr'><strong>ἔχει,</strong></span> 
     </span>
    </p>
   </div>
   <div class='ocr_carea' id='block_1_12' title="bbox 390 872 1992 960">
    <p class='ocr_par' dir='ltr' id='par_1_12' title="bbox 390 872 1960 952">
     <span class='ocr_line' id='line_1_12' title="bbox 390 872 1960 952; baseline 0.003 -22"><span class='ocrx_word' id='word_1_91' title='bbox 390 875 608 939; x_wconf 83' lang='lat' dir='ltr'><strong>habent,</strong></span> <span class='ocrx_word' id='word_1_92' title='bbox 657 881 713 928; x_wconf 91' lang='lat' dir='ltr'><strong>et</strong></span> <span class='ocrx_word' id='word_1_93' title='bbox 765 872 990 928; x_wconf 84' lang='lat' dir='ltr'><strong>Sabbati</strong></span> <span class='ocrx_word' id='word_1_94' title='bbox 1029 875 1356 931; x_wconf 78' lang='lat' dir='ltr'><strong>solutionem</strong></span> <span class='ocrx_word' id='word_1_95' title='bbox 1405 892 1504 947; x_wconf 87' lang='lat' dir='ltr'><strong>par</strong></span> <span class='ocrx_word' id='word_1_96' title='bbox 1555 887 1637 933; x_wconf 91' lang='lat' dir='ltr'><strong>est</strong></span> <span class='ocrx_word' id='word_1_97' title='bbox 1666 879 1874 952; x_wconf 84' lang='lat' dir='ltr'><strong>videre,</strong></span> <span class='ocrx_word' id='word_1_98' title='bbox 1908 891 1960 934; x_wconf 89' lang='lat' dir='ltr'><strong>et</strong></span> 
     </span>
    </p>
   </div>
   <div class='ocr_carea' id='block_1_13' title="bbox 2029 872 3631 960">
    <p class='ocr_par' dir='ltr' id='par_1_13' title="bbox 2063 883 3631 960">
     <span class='ocr_line' id='line_1_13' title="bbox 2063 883 3631 960; baseline 0.008 -25"><span class='ocrx_word' id='word_1_99' title='bbox 2063 885 2156 936; x_wconf 69' lang='grc' dir='ltr'><strong>καὶ</strong></span> <span class='ocrx_word' id='word_1_100' title='bbox 2185 883 2466 939; x_wconf 75' lang='grc' dir='ltr'><strong>Σαδῦἀτου</strong></span> <span class='ocrx_word' id='word_1_101' title='bbox 2496 887 2795 942; x_wconf 74' lang='grc' dir='ltr'><strong>κατάλυσιν</strong></span> <span class='ocrx_word' id='word_1_102' title='bbox 2823 888 2968 952; x_wconf 71' lang='grc' dir='ltr'><strong>εἰκός</strong></span> <span class='ocrx_word' id='word_1_103' title='bbox 2995 892 3143 944; x_wconf 73' lang='grc' dir='ltr'><strong>ἐστιν</strong></span> <span class='ocrx_word' id='word_1_104' title='bbox 3167 893 3344 960; x_wconf 57' lang='lat' dir='ltr'><strong>iaetu,</strong></span> <span class='ocrx_word' id='word_1_105' title='bbox 3405 896 3500 948; x_wconf 73' lang='grc' dir='ltr'><strong>καὶ</strong></span> <span class='ocrx_word' id='word_1_106' title='bbox 3529 913 3631 947; x_wconf 77' lang='grc' dir='ltr'><strong>πε-</strong></span> 
     </span>
    </p>
   </div>
   <div class='ocr_carea' id='block_1_14' title="bbox 386 965 1988 1054">
    <p class='ocr_par' dir='ltr' id='par_1_14' title="bbox 386 965 1960 1050">
     <span class='ocr_line' id='line_1_14' title="bbox 386 965 1960 1050; baseline 0.004 -32"><span class='ocrx_word' id='word_1_107' title='bbox 386 965 825 1020; x_wconf 76' lang='lat' dir='ltr'><strong>circumcisionis</strong></span> <span class='ocrx_word' id='word_1_108' title='bbox 865 966 1324 1032; x_wconf 87' lang='lat' dir='ltr'><strong>immutationem,</strong></span> <span class='ocrx_word' id='word_1_109' title='bbox 1372 983 1474 1022; x_wconf 91' lang='lat' dir='ltr'><strong>nec</strong></span> <span class='ocrx_word' id='word_1_110' title='bbox 1521 986 1630 1024; x_wconf 93' lang='lat' dir='ltr'><strong>non</strong></span> <span class='ocrx_word' id='word_1_111' title='bbox 1664 980 1717 1025; x_wconf 91' lang='lat' dir='ltr'><strong>et</strong></span> <span class='ocrx_word' id='word_1_112' title='bbox 1766 972 1960 1050; x_wconf 84' lang='lat' dir='ltr'><strong>multa-</strong></span> 
     </span>
    </p>
   </div>
   <div class='ocr_carea' id='block_1_15' title="bbox 2036 965 3638 1054">
    <p class='ocr_par' dir='ltr' id='par_1_15' title="bbox 2065 965 3638 1054">
     <span class='ocr_line' id='line_1_15' title="bbox 2065 965 3638 1054; baseline 0.008 -28"><span class='ocrx_word' id='word_1_113' title='bbox 2065 975 2301 1044; x_wconf 83' lang='grc' dir='ltr'><strong>ριτομῆς.</strong></span> <span class='ocrx_word' id='word_1_114' title='bbox 2344 965 2676 1047; x_wconf 66' lang='grc' dir='ltr'><strong>ἓναλλαγὴν,</strong></span> <span class='ocrx_word' id='word_1_115' title='bbox 2727 981 2820 1032; x_wconf 75' lang='grc' dir='ltr'><strong>καὶ</strong></span> <span class='ocrx_word' id='word_1_116' title='bbox 2869 980 3081 1033; x_wconf 68' lang='grc' dir='ltr'><strong>πολλῶν</strong></span> <span class='ocrx_word' id='word_1_117' title='bbox 3149 983 3354 1054; x_wconf 78' lang='grc' dir='ltr'><strong>ἑτέρων</strong></span> <span class='ocrx_word' id='word_1_118' title='bbox 3394 986 3638 1054; x_wconf 75' lang='grc' dir='ltr'><strong>νομικῶν</strong></span> 
     </span>
    </p>
   </div>
   <div class='ocr_carea' id='block_1_16' title="bbox 387 1052 1989 1140">
    <p class='ocr_par' dir='ltr' id='par_1_16' title="bbox 387 1052 1954 1126">
     <span class='ocr_line' id='line_1_16' title="bbox 387 1052 1954 1126; baseline 0.006 -19"><span class='ocrx_word' id='word_1_119' title='bbox 387 1071 505 1108; x_wconf 90' lang='lat' dir='ltr'><strong>rttm</strong></span> <span class='ocrx_word' id='word_1_120' title='bbox 567 1055 796 1110; x_wconf 88' lang='lat' dir='ltr'><strong>aliarum</strong></span> <span class='ocrx_word' id='word_1_121' title='bbox 847 1056 1098 1126; x_wconf 80' lang='lat' dir='ltr'><strong>legalium</strong></span> <span class='ocrx_word' id='word_1_122' title='bbox 1161 1052 1636 1114; x_wconf 75' lang='lat' dir='ltr'><strong>constitutionum.</strong></span> <span class='ocrx_word' id='word_1_123' title='bbox 1701 1062 1759 1116; x_wconf 86' lang='lat' dir='ltr'><strong>Si</strong></span> <span class='ocrx_word' id='word_1_124' title='bbox 1809 1063 1954 1118; x_wconf 88' lang='lat' dir='ltr'><strong>enim</strong></span> 
     </span>
    </p>
   </div>
   <div class='ocr_carea' id='block_1_17' title="bbox 2037 1052 3639 1140">
    <p class='ocr_par' dir='ltr' id='par_1_17' title="bbox 2059 1052 3639 1140">
     <span class='ocr_line' id='line_1_17' title="bbox 2059 1052 3639 1140; baseline 0.009 -22"><span class='ocrx_word' id='word_1_125' title='bbox 2059 1067 2372 1134; x_wconf 73' lang='grc' dir='ltr'><strong>διατάξεων.</strong></span> <span class='ocrx_word' id='word_1_126' title='bbox 2407 1068 2468 1121; x_wconf 72' lang='lat' dir='ltr'><strong>Ei</strong></span> <span class='ocrx_word' id='word_1_127' title='bbox 2494 1070 2605 1138; x_wconf 76' lang='grc' dir='ltr'><strong>γὰρ</strong></span> <span class='ocrx_word' id='word_1_128' title='bbox 2631 1070 2697 1123; x_wconf 82' lang='grc' dir='ltr'><strong>τὰ</strong></span> <span class='ocrx_word' id='word_1_129' title='bbox 2728 1072 2996 1126; x_wconf 67' lang='grc' dir='ltr'><strong>Μωσαῖκὲι</strong></span> <span class='ocrx_word' id='word_1_130' title='bbox 3035 1074 3220 1140; x_wconf 79' lang='grc' dir='ltr'><strong>ἐκεῖνα</strong></span> <span class='ocrx_word' id='word_1_131' title='bbox 3245 1052 3252 1054; x_wconf 19' lang='grc'><strong><em>⁷</em></strong></span> <span class='ocrx_word' id='word_1_132' title='bbox 3277 1077 3369 1127; x_wconf 77' lang='grc' dir='ltr'><strong>καὶ</strong></span> <span class='ocrx_word' id='word_1_133' title='bbox 3429 1052 3639 1132; x_wconf 59' lang='grc' dir='ltr'>ἐταλαιὰ</span> 
     </span>
    </p>
   </div>
   <div class='ocr_carea' id='block_1_18' title="bbox 382 1147 1984 1237">
    <p class='ocr_par' dir='ltr' id='par_1_18' title="bbox 382 1147 1956 1224">
     <span class='ocr_line' id='line_1_18' title="bbox 382 1147 1956 1224; baseline 0.005 -24"><span class='ocrx_word' id='word_1_134' title='bbox 382 1147 618 1203; x_wconf 83' lang='lat' dir='ltr'><strong>Mosaica</strong></span> <span class='ocrx_word' id='word_1_135' title='bbox 666 1147 757 1202; x_wconf 85' lang='lat' dir='ltr'><strong>illa</strong></span> <span class='ocrx_word' id='word_1_136' title='bbox 788 1156 841 1202; x_wconf 85' lang='lat' dir='ltr'><strong>et</strong></span> <span class='ocrx_word' id='word_1_137' title='bbox 871 1147 1095 1218; x_wconf 82' lang='lat' dir='ltr'><strong>antiqua</strong></span> <span class='ocrx_word' id='word_1_138' title='bbox 1130 1147 1377 1204; x_wconf 88' lang='lat' dir='ltr'><strong>instituta</strong></span> <span class='ocrx_word' id='word_1_139' title='bbox 1415 1159 1473 1209; x_wconf 91' lang='lat' dir='ltr'><strong>ut</strong></span> <span class='ocrx_word' id='word_1_140' title='bbox 1509 1166 1746 1224; x_wconf 48' lang='lat' dir='ltr'><strong>semper,</strong></span> <span class='ocrx_word' id='word_1_141' title='bbox 1774 1164 1956 1222; x_wconf 91' lang='lat' dir='ltr'><strong>perse-</strong></span> 
     </span>
    </p>
   </div>
   <div class='ocr_carea' id='block_1_19' title="bbox 2035 1147 3637 1237">
    <p class='ocr_par' dir='ltr' id='par_1_19' title="bbox 2059 1155 3637 1237">
     <span class='ocr_line' id='line_1_19' title="bbox 2059 1155 3637 1237; baseline 0.008 -29"><span class='ocrx_word' id='word_1_142' title='bbox 2059 1155 2403 1227; x_wconf 80' lang='grc' dir='ltr'><strong>διατάγματα</strong></span> <span class='ocrx_word' id='word_1_143' title='bbox 2443 1162 2498 1222; x_wconf 81' lang='grc' dir='ltr'><strong>ἐς</strong></span> <span class='ocrx_word' id='word_1_144' title='bbox 2523 1160 2609 1213; x_wconf 69' lang='grc' dir='ltr'><strong>ἀεὶ</strong></span> <span class='ocrx_word' id='word_1_145' title='bbox 2635 1162 2982 1231; x_wconf 83' lang='grc' dir='ltr'><strong>παραμένειν</strong></span> <span class='ocrx_word' id='word_1_146' title='bbox 3037 1164 3253 1232; x_wconf 80' lang='grc' dir='ltr'><strong>ἔμελλε,</strong></span> <span class='ocrx_word' id='word_1_147' title='bbox 3315 1166 3406 1220; x_wconf 74' lang='grc' dir='ltr'><strong>καὶ</strong></span> <span class='ocrx_word' id='word_1_148' title='bbox 3474 1167 3637 1237; x_wconf 77' lang='grc' dir='ltr'><strong>μέχρι</strong></span> 
     </span>
    </p>
   </div>
   <div class='ocr_carea' id='block_1_20' title="bbox 383 1240 1985 1327">
    <p class='ocr_par' dir='ltr' id='par_1_20' title="bbox 383 1240 1952 1310">
     <span class='ocr_line' id='line_1_20' title="bbox 383 1240 1952 1310; baseline 0.002 -14"><span class='ocrx_word' id='word_1_149' title='bbox 383 1250 640 1297; x_wconf 89' lang='lat' dir='ltr'><strong>vcrarent</strong></span> <span class='ocrx_word' id='word_1_150' title='bbox 693 1240 936 1300; x_wconf 78' lang='lat' dir='ltr'><strong>futurum</strong></span> <span class='ocrx_word' id='word_1_151' title='bbox 991 1251 1126 1305; x_wconf 88' lang='lat' dir='ltr'><strong>erat,</strong></span> <span class='ocrx_word' id='word_1_152' title='bbox 1185 1249 1240 1294; x_wconf 89' lang='lat' dir='ltr'><strong>et</strong></span> <span class='ocrx_word' id='word_1_153' title='bbox 1273 1257 1446 1310; x_wconf 90' lang='lat' dir='ltr'><strong>usque</strong></span> <span class='ocrx_word' id='word_1_154' title='bbox 1489 1243 1552 1297; x_wconf 88' lang='lat' dir='ltr'><strong>ad</strong></span> <span class='ocrx_word' id='word_1_155' title='bbox 1592 1243 1751 1297; x_wconf 82' lang='lat' dir='ltr'><strong>linem</strong></span> <span class='ocrx_word' id='word_1_156' title='bbox 1802 1245 1952 1299; x_wconf 80' lang='lat' dir='ltr'><strong>llrtna</strong></span> 
     </span>
    </p>
   </div>
   <div class='ocr_carea' id='block_1_21' title="bbox 2035 1240 3637 1327">
    <p class='ocr_par' dir='ltr' id='par_1_21' title="bbox 2057 1245 3637 1327">
     <span class='ocr_line' id='line_1_21' title="bbox 2057 1245 3637 1327; baseline 0.008 -28"><span class='ocrx_word' id='word_1_157' title='bbox 2057 1247 2244 1311; x_wconf 79' lang='grc' dir='ltr'>τέλους</span> <span class='ocrx_word' id='word_1_158' title='bbox 2266 1245 2325 1302; x_wconf 77' lang='grc' dir='ltr'><strong>τὸ</strong></span> <span class='ocrx_word' id='word_1_159' title='bbox 2354 1250 2553 1320; x_wconf 77' lang='grc' dir='ltr'><strong>πάγιον</strong></span> <span class='ocrx_word' id='word_1_160' title='bbox 2580 1252 2746 1322; x_wconf 84' lang='grc' dir='ltr'><strong>ἔχειν,</strong></span> <span class='ocrx_word' id='word_1_161' title='bbox 2779 1253 2880 1305; x_wconf 80' lang='grc' dir='ltr'><strong>οὐκ</strong></span> <span class='ocrx_word' id='word_1_162' title='bbox 2918 1252 2984 1307; x_wconf 77' lang='grc' dir='ltr'><strong>ἂν</strong></span> <span class='ocrx_word' id='word_1_163' title='bbox 3008 1255 3166 1323; x_wconf 76' lang='grc' dir='ltr'><strong>ἔλεγε</strong></span> <span class='ocrx_word' id='word_1_164' title='bbox 3221 1256 3310 1308; x_wconf 76' lang='grc' dir='ltr'><strong>διὰ</strong></span> <span class='ocrx_word' id='word_1_165' title='bbox 3341 1257 3434 1310; x_wconf 76' lang='grc' dir='ltr'><strong>τοῦ</strong></span> <span class='ocrx_word' id='word_1_166' title='bbox 3474 1258 3637 1327; x_wconf 79' lang='grc' dir='ltr'><strong>Ἱερε-</strong></span> 
     </span>
    </p>
   </div>
   <div class='ocr_carea' id='block_1_22' title="bbox 386 1331 1988 1413">
    <p class='ocr_par' dir='ltr' id='par_1_22' title="bbox 386 1331 1951 1401">
     <span class='ocr_line' id='line_1_22' title="bbox 386 1331 1951 1401; baseline 0.001 -13"><span class='ocrx_word' id='word_1_167' title='bbox 386 1335 743 1399; x_wconf 76' lang='lat' dir='ltr'><strong>haberentur,</strong></span> <span class='ocrx_word' id='word_1_168' title='bbox 787 1348 894 1386; x_wconf 84' lang='lat' dir='ltr'><strong>non</strong></span> <span class='ocrx_word' id='word_1_169' title='bbox 932 1331 1160 1386; x_wconf 72' lang='lat' dir='ltr'><strong>dixisset</strong></span> <span class='ocrx_word' id='word_1_170' title='bbox 1203 1346 1296 1401; x_wconf 88' lang='lat' dir='ltr'><strong>per</strong></span> <span class='ocrx_word' id='word_1_171' title='bbox 1342 1331 1638 1388; x_wconf 81' lang='lat' dir='ltr'><strong>Jeremiam</strong></span> <span class='ocrx_word' id='word_1_172' title='bbox 1673 1349 1951 1390; x_wconf 86' lang='lat' dir='ltr'><strong>recessura</strong></span> 
     </span>
    </p>
   </div>
   <div class='ocr_carea' id='block_1_23' title="bbox 2031 1331 3633 1413">
    <p class='ocr_par' dir='ltr' id='par_1_23' title="bbox 2059 1341 3633 1413">
     <span class='ocr_line' id='line_1_23' title="bbox 2059 1341 3633 1413; baseline 0.006 -21"><span class='ocrx_word' id='word_1_173' title='bbox 2059 1341 2206 1408; x_wconf 83' lang='grc' dir='ltr'><strong>μίου,</strong></span> <span class='ocrx_word' id='word_1_174' title='bbox 2233 1341 2528 1412; x_wconf 79' lang='grc' dir='ltr'>παρελθεῖν</span> <span class='ocrx_word' id='word_1_175' title='bbox 2562 1343 2660 1412; x_wconf 82' lang='grc' dir='ltr'><strong>μὲν</strong></span> <span class='ocrx_word' id='word_1_176' title='bbox 2696 1343 2762 1396; x_wconf 74' lang='grc' dir='ltr'><strong>τὰ</strong></span> <span class='ocrx_word' id='word_1_177' title='bbox 2792 1345 3020 1411; x_wconf 66' lang='grc' dir='ltr'><strong>παλαιὰ,</strong></span> <span class='ocrx_word' id='word_1_178' title='bbox 3053 1345 3219 1413; x_wconf 75' lang='grc' dir='ltr'><strong>ἕτερα</strong></span> <span class='ocrx_word' id='word_1_179' title='bbox 3243 1347 3298 1410; x_wconf 75' lang='grc' dir='ltr'><strong>δὲ</strong></span> <span class='ocrx_word' id='word_1_180' title='bbox 3327 1350 3446 1400; x_wconf 77' lang='grc' dir='ltr'><strong>ἀντὶ</strong></span> <span class='ocrx_word' id='word_1_181' title='bbox 3503 1350 3633 1408; x_wconf 80' lang='grc' dir='ltr'><strong>τού·</strong></span> 
     </span>
    </p>
   </div>
   <div class='ocr_carea' id='block_1_24' title="bbox 383 1419 1985 1510">
    <p class='ocr_par' dir='ltr' id='par_1_24' title="bbox 383 1421 1950 1496">
     <span class='ocr_line' id='line_1_24' title="bbox 383 1421 1950 1496; baseline 0.001 -18"><span class='ocrx_word' id='word_1_182' title='bbox 383 1426 628 1494; x_wconf 86' lang='lat' dir='ltr'><strong>antiqua,</strong></span> <span class='ocrx_word' id='word_1_183' title='bbox 675 1430 728 1490; x_wconf 84' lang='lat' dir='ltr'><strong>et</strong></span> <span class='ocrx_word' id='word_1_184' title='bbox 767 1437 865 1491; x_wconf 84' lang='lat' dir='ltr'><strong>pro</strong></span> <span class='ocrx_word' id='word_1_185' title='bbox 916 1421 1022 1496; x_wconf 84' lang='lat' dir='ltr'><strong>illis</strong></span> <span class='ocrx_word' id='word_1_186' title='bbox 1071 1437 1209 1476; x_wconf 85' lang='lat' dir='ltr'><strong>nova</strong></span> <span class='ocrx_word' id='word_1_187' title='bbox 1260 1423 1612 1494; x_wconf 85' lang='lat' dir='ltr'><strong>surroganda.</strong></span> <span class='ocrx_word' id='word_1_188' title='bbox 1667 1423 1950 1490; x_wconf 87' lang='lat' dir='ltr'><strong>Quodnam</strong></span> 
     </span>
    </p>
   </div>
   <div class='ocr_carea' id='block_1_25' title="bbox 2033 1419 3635 1510">
    <p class='ocr_par' dir='ltr' id='par_1_25' title="bbox 2055 1419 3635 1510">
     <span class='ocr_line' id='line_1_25' title="bbox 2055 1419 3635 1510; baseline 0.007 -28"><span class='ocrx_word' id='word_1_189' title='bbox 2055 1447 2163 1482; x_wconf 86' lang='grc' dir='ltr'><strong>των</strong></span> <span class='ocrx_word' id='word_1_190' title='bbox 2200 1431 2362 1484; x_wconf 79' lang='grc' dir='ltr'><strong>καινὰ</strong></span> <span class='ocrx_word' id='word_1_191' title='bbox 2383 1432 2670 1487; x_wconf 70' lang='grc' dir='ltr'><strong>εἰσελθεῖν.</strong></span> <span class='ocrx_word' id='word_1_192' title='bbox 2696 1433 2792 1498; x_wconf 82' lang='grc' dir='ltr'><strong>Τίς</strong></span> <span class='ocrx_word' id='word_1_193' title='bbox 2821 1435 2877 1488; x_wconf 79' lang='grc' dir='ltr'><strong>δὲ</strong></span> <span class='ocrx_word' id='word_1_194' title='bbox 2911 1437 2944 1507; x_wconf 80' lang='grc' dir='ltr'>ἠ</span> <span class='ocrx_word' id='word_1_195' title='bbox 2977 1436 3141 1507; x_wconf 71' lang='grc' dir='ltr'><strong>καινὴ</strong></span> <span class='ocrx_word' id='word_1_196' title='bbox 3175 1419 3312 1508; x_wconf 81' lang='grc' dir='ltr'><strong>αὕτη</strong></span> <span class='ocrx_word' id='word_1_197' title='bbox 3371 1439 3635 1510; x_wconf 77' lang='grc' dir='ltr'><strong>διαθήκη,</strong></span> 
     </span>
    </p>
   </div>
   <div class='ocr_carea' id='block_1_26' title="bbox 386 1511 1988 1595">
    <p class='ocr_par' dir='ltr' id='par_1_26' title="bbox 386 1511 1949 1588">
     <span class='ocr_line' id='line_1_26' title="bbox 386 1511 1949 1588; baseline 0.001 -20"><span class='ocrx_word' id='word_1_198' title='bbox 386 1532 511 1571; x_wconf 80' lang='lat' dir='ltr'><strong>vero</strong></span> <span class='ocrx_word' id='word_1_199' title='bbox 536 1515 638 1570; x_wconf 89' lang='lat' dir='ltr'><strong>hoc</strong></span> <span class='ocrx_word' id='word_1_200' title='bbox 667 1527 865 1588; x_wconf 83' lang='lat' dir='ltr'><strong>novum</strong></span> <span class='ocrx_word' id='word_1_201' title='bbox 897 1511 1072 1568; x_wconf 78' lang='lat' dir='ltr'><strong>foedus</strong></span> <span class='ocrx_word' id='word_1_202' title='bbox 1103 1514 1195 1579; x_wconf 86' lang='lat' dir='ltr'><strong>sit,</strong></span> <span class='ocrx_word' id='word_1_203' title='bbox 1223 1515 1356 1571; x_wconf 88' lang='lat' dir='ltr'><strong>etin</strong></span> <span class='ocrx_word' id='word_1_204' title='bbox 1378 1529 1484 1583; x_wconf 87' lang='lat' dir='ltr'><strong>quo</strong></span> <span class='ocrx_word' id='word_1_205' title='bbox 1511 1515 1632 1570; x_wconf 90' lang='lat' dir='ltr'><strong>loco</strong></span> <span class='ocrx_word' id='word_1_206' title='bbox 1658 1517 1949 1585; x_wconf 85' lang='lat' dir='ltr'><strong>sancitum,</strong></span> 
     </span>
    </p>
   </div>
   <div class='ocr_carea' id='block_1_27' title="bbox 2034 1511 3636 1595">
    <p class='ocr_par' dir='ltr' id='par_1_27' title="bbox 2056 1522 3636 1595">
     <span class='ocr_line' id='line_1_27' title="bbox 2056 1522 3636 1595; baseline 0.006 -22"><span class='ocrx_word' id='word_1_207' title='bbox 2056 1522 2151 1574; x_wconf 73' lang='grc' dir='ltr'><strong>καὶ</strong></span> <span class='ocrx_word' id='word_1_208' title='bbox 2180 1523 2236 1574; x_wconf 84' lang='grc' dir='ltr'><strong>ὲν</strong></span> <span class='ocrx_word' id='word_1_209' title='bbox 2267 1525 2406 1590; x_wconf 83' lang='grc' dir='ltr'><strong>ποίῳ</strong></span> <span class='ocrx_word' id='word_1_210' title='bbox 2437 1524 2588 1594; x_wconf 80' lang='grc' dir='ltr'><strong>τόπῳ</strong></span> <span class='ocrx_word' id='word_1_211' title='bbox 2613 1525 2838 1592; x_wconf 77' lang='grc' dir='ltr'><strong>δίδοται,</strong></span> <span class='ocrx_word' id='word_1_212' title='bbox 2874 1528 2903 1579; x_wconf 85' lang='grc' dir='ltr'>ὁ</span> <span class='ocrx_word' id='word_1_213' title='bbox 2945 1527 3175 1592; x_wconf 80' lang='grc' dir='ltr'>Ἡσαΐας</span> <span class='ocrx_word' id='word_1_214' title='bbox 3213 1529 3412 1595; x_wconf 76' lang='grc' dir='ltr'><strong>διδάξει</strong></span> <span class='ocrx_word' id='word_1_215' title='bbox 3449 1547 3507 1583; x_wconf 85' lang='grc' dir='ltr'><strong>σε</strong></span> <span class='ocrx_word' id='word_1_216' title='bbox 3541 1531 3636 1582; x_wconf 79' lang='grc' dir='ltr'><strong>λέ-</strong></span> 
     </span>
    </p>
   </div>
   <div class='ocr_carea' id='block_1_28' title="bbox 384 1600 1986 1688">
    <p class='ocr_par' dir='ltr' id='par_1_28' title="bbox 384 1600 1953 1674">
     <span class='ocr_line' id='line_1_28' title="bbox 384 1600 1953 1674; baseline 0.004 -16"><span class='ocrx_word' id='word_1_217' title='bbox 384 1608 549 1661; x_wconf 79' lang='lat' dir='ltr'><strong>lsaias</strong></span> <span class='ocrx_word' id='word_1_218' title='bbox 575 1613 627 1660; x_wconf 89' lang='lat' dir='ltr'><strong>te</strong></span> <span class='ocrx_word' id='word_1_219' title='bbox 666 1600 883 1660; x_wconf 82' lang='lat' dir='ltr'><strong>docebit</strong></span> <span class='ocrx_word' id='word_1_220' title='bbox 914 1604 1104 1660; x_wconf 88' lang='lat' dir='ltr'><strong>dicens</strong></span> <span class='ocrx_word' id='word_1_221' title='bbox 1138 1622 1150 1657; x_wconf 89' lang='lat'><strong>:</strong></span> <span class='ocrx_word' id='word_1_222' title='bbox 1199 1624 1214 1655; x_wconf 82' lang='grc' dir='ltr'><strong>ι</strong></span> <span class='ocrx_word' id='word_1_223' title='bbox 1250 1605 1328 1659; x_wconf 79' lang='lat' dir='ltr'><strong>Ex</strong></span> <span class='ocrx_word' id='word_1_224' title='bbox 1371 1605 1504 1660; x_wconf 88' lang='lat' dir='ltr'><strong>Sion</strong></span> <span class='ocrx_word' id='word_1_225' title='bbox 1548 1607 1718 1662; x_wconf 85' lang='lat' dir='ltr'><strong>exibit</strong></span> <span class='ocrx_word' id='word_1_226' title='bbox 1755 1609 1866 1674; x_wconf 87' lang='lat' dir='ltr'><strong>lex,</strong></span> <span class='ocrx_word' id='word_1_227' title='bbox 1899 1619 1953 1664; x_wconf 86' lang='lat' dir='ltr'><strong>et</strong></span> 
     </span>
    </p>
   </div>
   <div class='ocr_carea' id='block_1_29' title="bbox 2034 1600 3636 1688">
    <p class='ocr_par' dir='ltr' id='par_1_29' title="bbox 2060 1615 3636 1688">
     <span class='ocr_line' id='line_1_29' title="bbox 2060 1615 3636 1688; baseline 0.006 -22"><span class='ocrx_word' id='word_1_228' title='bbox 2060 1631 2192 1681; x_wconf 79' lang='grc' dir='ltr'><strong>γων’</strong></span> <span class='ocrx_word' id='word_1_229' title='bbox 2243 1634 2260 1667; x_wconf 82' lang='lat' dir='ltr'><strong>t</strong></span> <span class='ocrx_word' id='word_1_230' title='bbox 2319 1615 2416 1668; x_wconf 83' lang='grc' dir='ltr'><strong>Ἐκ</strong></span> <span class='ocrx_word' id='word_1_231' title='bbox 2467 1617 2609 1670; x_wconf 84' lang='grc' dir='ltr'><strong>Σιὼν</strong></span> <span class='ocrx_word' id='word_1_232' title='bbox 2661 1615 3008 1682; x_wconf 75' lang='grc' dir='ltr'><strong>ἐξελεύσεται</strong></span> <span class='ocrx_word' id='word_1_233' title='bbox 3071 1619 3258 1688; x_wconf 78' lang='grc' dir='ltr'><strong>νόμος,</strong></span> <span class='ocrx_word' id='word_1_234' title='bbox 3325 1622 3418 1676; x_wconf 70' lang='grc' dir='ltr'><strong>καὶ</strong></span> <span class='ocrx_word' id='word_1_235' title='bbox 3472 1622 3636 1687; x_wconf 78' lang='grc' dir='ltr'><strong>λόγος</strong></span> 
     </span>
    </p>
   </div>
   <div class='ocr_carea' id='block_1_30' title="bbox 383 1695 1985 1777">
    <p class='ocr_par' dir='ltr' id='par_1_30' title="bbox 383 1695 1948 1777">
     <span class='ocr_line' id='line_1_30' title="bbox 383 1695 1948 1777; baseline 0.001 -24"><span class='ocrx_word' id='word_1_236' title='bbox 383 1699 604 1754; x_wconf 80' lang='lat' dir='ltr'><strong>verbum</strong></span> <span class='ocrx_word' id='word_1_237' title='bbox 653 1697 868 1751; x_wconf 91' lang='lat' dir='ltr'><strong>Domini</strong></span> <span class='ocrx_word' id='word_1_238' title='bbox 912 1696 980 1750; x_wconf 86' lang='lat' dir='ltr'><strong>de</strong></span> <span class='ocrx_word' id='word_1_239' title='bbox 1012 1695 1337 1750; x_wconf 81' lang='lat' dir='ltr'><strong>Jerusalem.</strong></span> <span class='ocrx_word' id='word_1_240' title='bbox 1381 1715 1398 1748; x_wconf 77' lang='grc' dir='ltr'><strong>ι</strong></span> <span class='ocrx_word' id='word_1_241' title='bbox 1449 1695 1590 1757; x_wconf 83' lang='lat' dir='ltr'><strong>Vide</strong></span> <span class='ocrx_word' id='word_1_242' title='bbox 1633 1706 1813 1777; x_wconf 84' lang='lat' dir='ltr'><strong>tamen</strong></span> <span class='ocrx_word' id='word_1_243' title='bbox 1857 1699 1948 1775; x_wconf 88' lang='lat' dir='ltr'><strong>Dei</strong></span> 
     </span>
    </p>
   </div>
   <div class='ocr_carea' id='block_1_31' title="bbox 2026 1695 3628 1777">
    <p class='ocr_par' dir='ltr' id='par_1_31' title="bbox 2057 1705 3628 1776">
     <span class='ocr_line' id='line_1_31' title="bbox 2057 1705 3628 1776; baseline 0.005 -19"><span class='ocrx_word' id='word_1_244' title='bbox 2057 1706 2267 1774; x_wconf 80' lang='grc' dir='ltr'><strong>κυρίου</strong></span> <span class='ocrx_word' id='word_1_245' title='bbox 2324 1706 2382 1772; x_wconf 74' lang='grc' dir='ltr'><strong>ἐξ</strong></span> <span class='ocrx_word' id='word_1_246' title='bbox 2417 1705 2804 1776; x_wconf 76' lang='grc' dir='ltr'><strong>Ἰερουσαλήμ.</strong></span> <span class='ocrx_word' id='word_1_247' title='bbox 2845 1726 2862 1759; x_wconf 79' lang='grc' dir='ltr'><strong>ι</strong></span> <span class='ocrx_word' id='word_1_248' title='bbox 2906 1705 3051 1759; x_wconf 76' lang='grc' dir='ltr'>Ἀλλ’</span> <span class='ocrx_word' id='word_1_249' title='bbox 3078 1707 3180 1775; x_wconf 80' lang='grc' dir='ltr'><strong>δρα</strong></span> <span class='ocrx_word' id='word_1_250' title='bbox 3234 1710 3427 1776; x_wconf 77' lang='grc' dir='ltr'><strong>σοφίαν</strong></span> <span class='ocrx_word' id='word_1_251' title='bbox 3463 1709 3628 1765; x_wconf 74' lang='grc' dir='ltr'><strong>Θεοῦ.</strong></span> 
     </span>
    </p>
   </div>
   <div class='ocr_carea' id='block_1_32' title="bbox 380 1771 1982 1867">
    <p class='ocr_par' dir='ltr' id='par_1_32' title="bbox 380 1773 1954 1861">
     <span class='ocr_line' id='line_1_32' title="bbox 380 1773 1954 1861; baseline 0.002 -16"><span class='ocrx_word' id='word_1_252' title='bbox 380 1790 724 1861; x_wconf 76' lang='lat' dir='ltr'><strong>sapientiam.</strong></span> <span class='ocrx_word' id='word_1_253' title='bbox 757 1789 929 1860; x_wconf 87' lang='lat' dir='ltr'><strong>Tuam</strong></span> <span class='ocrx_word' id='word_1_254' title='bbox 959 1789 1104 1843; x_wconf 89' lang='lat' dir='ltr'><strong>enim</strong></span> <span class='ocrx_word' id='word_1_255' title='bbox 1131 1789 1527 1844; x_wconf 86' lang='lat' dir='ltr'><strong>contumaciam</strong></span> <span class='ocrx_word' id='word_1_256' title='bbox 1560 1773 1872 1860; x_wconf 3' lang='lat' dir='ltr'><strong>praevidens,</strong></span> <span class='ocrx_word' id='word_1_257' title='bbox 1899 1805 1954 1848; x_wconf 89' lang='lat' dir='ltr'><strong>et</strong></span> 
     </span>
    </p>
   </div>
   <div class='ocr_carea' id='block_1_33' title="bbox 2035 1771 3637 1867">
    <p class='ocr_par' dir='ltr' id='par_1_33' title="bbox 2056 1793 3637 1867">
     <span class='ocr_line' id='line_1_33' title="bbox 2056 1793 3637 1867; baseline 0.001 -19"><span class='ocrx_word' id='word_1_258' title='bbox 2056 1795 2166 1866; x_wconf 77' lang='grc' dir='ltr'><strong>Τὴν</strong></span> <span class='ocrx_word' id='word_1_259' title='bbox 2193 1797 2301 1866; x_wconf 79' lang='grc' dir='ltr'><strong>γὰρ</strong></span> <span class='ocrx_word' id='word_1_260' title='bbox 2327 1796 2427 1866; x_wconf 78' lang='grc' dir='ltr'>σὴν</span> <span class='ocrx_word' id='word_1_261' title='bbox 2460 1797 2722 1867; x_wconf 85' lang='grc' dir='ltr'><strong>προειδὼς</strong></span> <span class='ocrx_word' id='word_1_262' title='bbox 2755 1798 3042 1866; x_wconf 53' lang='grc' dir='ltr'><strong>ἀνηκοΐαν,</strong></span> <span class='ocrx_word' id='word_1_263' title='bbox 3069 1799 3164 1850; x_wconf 63' lang='grc' dir='ltr'><strong>καὶ</strong></span> <span class='ocrx_word' id='word_1_264' title='bbox 3213 1793 3495 1863; x_wconf 77' lang='grc' dir='ltr'><strong>ἀπιστίαν,</strong></span> <span class='ocrx_word' id='word_1_265' title='bbox 3536 1801 3637 1854; x_wconf 72' lang='grc' dir='ltr'><strong>καὶ</strong></span> 
     </span>
    </p>
   </div>
   <div class='ocr_carea' id='block_1_34' title="bbox 380 1870 1982 1960">
    <p class='ocr_par' dir='ltr' id='par_1_34' title="bbox 380 1870 1951 1957">
     <span class='ocr_line' id='line_1_34' title="bbox 380 1870 1951 1957; baseline 0.003 -25"><span class='ocrx_word' id='word_1_266' title='bbox 380 1870 836 1957; x_wconf 79' lang='lat' dir='ltr'><strong>incredulitatem,</strong></span> <span class='ocrx_word' id='word_1_267' title='bbox 888 1893 990 1948; x_wconf 86' lang='lat' dir='ltr'><strong>per</strong></span> <span class='ocrx_word' id='word_1_268' title='bbox 1024 1878 1171 1949; x_wconf 88' lang='lat' dir='ltr'><strong>hunc</strong></span> <span class='ocrx_word' id='word_1_269' title='bbox 1215 1878 1435 1946; x_wconf 89' lang='lat' dir='ltr'><strong>quidem</strong></span> <span class='ocrx_word' id='word_1_270' title='bbox 1481 1879 1802 1949; x_wconf 84' lang='lat' dir='ltr'><strong>prophetam</strong></span> <span class='ocrx_word' id='word_1_271' title='bbox 1849 1897 1951 1937; x_wconf 89' lang='lat' dir='ltr'><strong>no-</strong></span> 
     </span>
    </p>
   </div>
   <div class='ocr_carea' id='block_1_35' title="bbox 2032 1870 3634 1960">
    <p class='ocr_par' dir='ltr' id='par_1_35' title="bbox 2051 1885 3634 1960">
     <span class='ocr_line' id='line_1_35' title="bbox 2051 1885 3634 1960; baseline 0.003 -22"><span class='ocrx_word' id='word_1_272' title='bbox 2051 1887 2142 1940; x_wconf 73' lang='lat' dir='ltr'><strong>6-.3t</strong></span> <span class='ocrx_word' id='word_1_273' title='bbox 2166 1885 2318 1940; x_wconf 83' lang='grc' dir='ltr'><strong>τοῦδε</strong></span> <span class='ocrx_word' id='word_1_274' title='bbox 2352 1886 2450 1956; x_wconf 81' lang='grc' dir='ltr'><strong>μὲν</strong></span> <span class='ocrx_word' id='word_1_275' title='bbox 2493 1887 2587 1940; x_wconf 81' lang='grc' dir='ltr'><strong>τοῦ</strong></span> <span class='ocrx_word' id='word_1_276' title='bbox 2617 1890 2899 1960; x_wconf 70' lang='grc' dir='ltr'><strong>προφήτου</strong></span> <span class='ocrx_word' id='word_1_277' title='bbox 2930 1891 3058 1960; x_wconf 72' lang='grc' dir='ltr'><strong>περὶ</strong></span> <span class='ocrx_word' id='word_1_278' title='bbox 3090 1890 3191 1958; x_wconf 74' lang='grc' dir='ltr'><strong>τῆς</strong></span> <span class='ocrx_word' id='word_1_279' title='bbox 3243 1891 3437 1958; x_wconf 76' lang='grc' dir='ltr'><strong>καινῆς</strong></span> <span class='ocrx_word' id='word_1_280' title='bbox 3494 1892 3634 1942; x_wconf 80' lang='grc' dir='ltr'><strong>ὑπε-</strong></span> 
     </span>
    </p>
   </div>
   <div class='ocr_carea' id='block_1_36' title="bbox 378 1968 1980 2050">
    <p class='ocr_par' dir='ltr' id='par_1_36' title="bbox 378 1968 1952 2046">
     <span class='ocr_line' id='line_1_36' title="bbox 378 1968 1952 2046; baseline 0.005 -24"><span class='ocrx_word' id='word_1_281' title='bbox 378 1985 504 2023; x_wconf 84' lang='lat' dir='ltr'><strong>vum</strong></span> <span class='ocrx_word' id='word_1_282' title='bbox 551 1968 728 2046; x_wconf 73' lang='lat' dir='ltr'><strong>fmdus</strong></span> <span class='ocrx_word' id='word_1_283' title='bbox 778 1969 1133 2024; x_wconf 88' lang='lat' dir='ltr'><strong>sanciendum</strong></span> <span class='ocrx_word' id='word_1_284' title='bbox 1175 1969 1436 2034; x_wconf 85' lang='lat' dir='ltr'><strong>ostendit,</strong></span> <span class='ocrx_word' id='word_1_285' title='bbox 1487 1985 1585 2039; x_wconf 85' lang='lat' dir='ltr'><strong>per</strong></span> <span class='ocrx_word' id='word_1_286' title='bbox 1621 1971 1770 2026; x_wconf 89' lang='lat' dir='ltr'><strong>illum</strong></span> <span class='ocrx_word' id='word_1_287' title='bbox 1821 1990 1952 2031; x_wconf 87' lang='lat' dir='ltr'><strong>vero</strong></span> 
     </span>
    </p>
   </div>
   <div class='ocr_carea' id='block_1_37' title="bbox 2017 1968 3619 2050">
    <p class='ocr_par' dir='ltr' id='par_1_37' title="bbox 2057 1979 3619 2050">
     <span class='ocr_line' id='line_1_37' title="bbox 2057 1979 3619 2050; baseline 0.002 -19"><span class='ocrx_word' id='word_1_288' title='bbox 2057 1979 2354 2048; x_wconf 85' lang='grc' dir='ltr'><strong>σημαίνετο</strong></span> <span class='ocrx_word' id='word_1_289' title='bbox 2378 1979 2664 2049; x_wconf 74' lang='grc' dir='ltr'><strong>διαθήκης,</strong></span> <span class='ocrx_word' id='word_1_290' title='bbox 2696 1981 2764 2033; x_wconf 84' lang='grc' dir='ltr'><strong>δι’</strong></span> <span class='ocrx_word' id='word_1_291' title='bbox 2792 1983 3000 2035; x_wconf 73' lang='grc' dir='ltr'><strong>ἐκείνου</strong></span> <span class='ocrx_word' id='word_1_292' title='bbox 3039 1983 3094 2035; x_wconf 74' lang='grc' dir='ltr'><strong>δὲ</strong></span> <span class='ocrx_word' id='word_1_293' title='bbox 3122 1983 3218 2035; x_wconf 71' lang='grc' dir='ltr'><strong>καὶ</strong></span> <span class='ocrx_word' id='word_1_294' title='bbox 3263 1984 3428 2034; x_wconf 71' lang='grc' dir='ltr'><strong>αὐτὸν</strong></span> <span class='ocrx_word' id='word_1_295' title='bbox 3489 1983 3619 2050; x_wconf 69' lang='grc' dir='ltr'><strong>ἐδή-</strong></span> 
     </span>
    </p>
   </div>
   <div class='ocr_carea' id='block_1_38' title="bbox 376 2057 1978 2143">
    <p class='ocr_par' dir='ltr' id='par_1_38' title="bbox 376 2057 1954 2130">
     <span class='ocr_line' id='line_1_38' title="bbox 376 2057 1954 2130; baseline 0.004 -18"><span class='ocrx_word' id='word_1_296' title='bbox 376 2057 556 2128; x_wconf 75' lang='lat' dir='ltr'><strong>ipsttm</strong></span> <span class='ocrx_word' id='word_1_297' title='bbox 601 2073 819 2128; x_wconf 83' lang='lat' dir='ltr'><strong>quoque</strong></span> <span class='ocrx_word' id='word_1_298' title='bbox 875 2057 1140 2112; x_wconf 77' lang='lat' dir='ltr'><strong>indicavit</strong></span> <span class='ocrx_word' id='word_1_299' title='bbox 1191 2058 1412 2124; x_wconf 77' lang='lat' dir='ltr'><strong>locum,</strong></span> <span class='ocrx_word' id='word_1_300' title='bbox 1457 2060 1510 2113; x_wconf 91' lang='lat' dir='ltr'><strong>in</strong></span> <span class='ocrx_word' id='word_1_301' title='bbox 1568 2075 1678 2130; x_wconf 89' lang='lat' dir='ltr'><strong>quo</strong></span> <span class='ocrx_word' id='word_1_302' title='bbox 1726 2063 1954 2119; x_wconf 89' lang='lat' dir='ltr'><strong>debebat</strong></span> 
     </span>
    </p>
   </div>
   <div class='ocr_carea' id='block_1_39' title="bbox 2035 2057 3637 2143">
    <p class='ocr_par' dir='ltr' id='par_1_39' title="bbox 2054 2065 3637 2143">
     <span class='ocr_line' id='line_1_39' title="bbox 2054 2065 3637 2143; baseline 0.004 -24"><span class='ocrx_word' id='word_1_303' title='bbox 2054 2068 2193 2121; x_wconf 85' lang='grc' dir='ltr'><strong>λωσε</strong></span> <span class='ocrx_word' id='word_1_304' title='bbox 2228 2071 2321 2122; x_wconf 76' lang='grc' dir='ltr'><strong>τὸν</strong></span> <span class='ocrx_word' id='word_1_305' title='bbox 2344 2071 2526 2134; x_wconf 85' lang='grc' dir='ltr'><strong>τόπον,</strong></span> <span class='ocrx_word' id='word_1_306' title='bbox 2559 2071 2617 2123; x_wconf 82' lang='grc' dir='ltr'><strong>ὲν</strong></span> <span class='ocrx_word' id='word_1_307' title='bbox 2639 2065 2682 2140; x_wconf 83' lang='grc' dir='ltr'>ᾧ</span> <span class='ocrx_word' id='word_1_308' title='bbox 2707 2073 2980 2143; x_wconf 77' lang='grc' dir='ltr'><strong>ἡτοιαύτη</strong></span> <span class='ocrx_word' id='word_1_309' title='bbox 3034 2069 3228 2140; x_wconf 70' lang='grc' dir='ltr'><strong>ἔμελλε</strong></span> <span class='ocrx_word' id='word_1_310' title='bbox 3263 2073 3484 2142; x_wconf 67' lang='grc' dir='ltr'><strong>διιθῆναι</strong></span> <span class='ocrx_word' id='word_1_311' title='bbox 3546 2092 3637 2126; x_wconf 80' lang='grc' dir='ltr'><strong>νο-</strong></span> 
     </span>
    </p>
   </div>
   <div class='ocr_carea' id='block_1_40' title="bbox 375 2149 1977 2235">
    <p class='ocr_par' dir='ltr' id='par_1_40' title="bbox 375 2149 1950 2220">
     <span class='ocr_line' id='line_1_40' title="bbox 375 2149 1950 2220; baseline 0.004 -16"><span class='ocrx_word' id='word_1_312' title='bbox 375 2150 688 2217; x_wconf 78' lang='lat' dir='ltr'><strong>hujusmodi</strong></span> <span class='ocrx_word' id='word_1_313' title='bbox 718 2149 853 2220; x_wconf 86' lang='lat' dir='ltr'><strong>legis</strong></span> <span class='ocrx_word' id='word_1_314' title='bbox 906 2151 1226 2204; x_wconf 87' lang='lat' dir='ltr'><strong>constitutio</strong></span> <span class='ocrx_word' id='word_1_315' title='bbox 1258 2150 1482 2206; x_wconf 83' lang='lat' dir='ltr'><strong>ﬁrmari.</strong></span> <span class='ocrx_word' id='word_1_316' title='bbox 1535 2155 1801 2209; x_wconf 67' lang='lat' dir='ltr'><strong>Cancrum</strong></span> <span class='ocrx_word' id='word_1_317' title='bbox 1835 2155 1950 2211; x_wconf 80' lang='lat' dir='ltr'><strong>fru-</strong></span> 
     </span>
    </p>
   </div>
   <div class='ocr_carea' id='block_1_41' title="bbox 2033 2149 3635 2235">
    <p class='ocr_par' dir='ltr' id='par_1_41' title="bbox 2062 2158 3635 2235">
     <span class='ocr_line' id='line_1_41' title="bbox 2062 2158 3635 2235; baseline 0.004 -26"><span class='ocrx_word' id='word_1_318' title='bbox 2062 2158 2313 2227; x_wconf 81' lang='grc' dir='ltr'><strong>μοθεσία.</strong></span> <span class='ocrx_word' id='word_1_319' title='bbox 2349 2159 2538 2230; x_wconf 80' lang='grc' dir='ltr'><strong>Μάτην</strong></span> <span class='ocrx_word' id='word_1_320' title='bbox 2569 2162 2759 2214; x_wconf 77' lang='grc' dir='ltr'><strong>λοιπὸν</strong></span> <span class='ocrx_word' id='word_1_321' title='bbox 2805 2163 3010 2235; x_wconf 76' lang='grc' dir='ltr'><strong>ἀντέγῃ</strong></span> <span class='ocrx_word' id='word_1_322' title='bbox 3042 2166 3141 2231; x_wconf 74' lang='grc' dir='ltr'><strong>τῆς</strong></span> <span class='ocrx_word' id='word_1_323' title='bbox 3192 2165 3286 2215; x_wconf 72' lang='grc' dir='ltr'><strong>τοῦ</strong></span> <span class='ocrx_word' id='word_1_324' title='bbox 3351 2163 3635 2216; x_wconf 60' lang='grc' dir='ltr'><strong>Σλῦὖᾶτου</strong></span> 
     </span>
    </p>
   </div>
   <div class='ocr_carea' id='block_1_42' title="bbox 374 2239 1976 2324">
    <p class='ocr_par' dir='ltr' id='par_1_42' title="bbox 374 2239 1946 2304">
     <span class='ocr_line' id='line_1_42' title="bbox 374 2239 1946 2304; baseline 0.005 -11"><span class='ocrx_word' id='word_1_325' title='bbox 374 2249 485 2297; x_wconf 85' lang='lat' dir='ltr'><strong>stra</strong></span> <span class='ocrx_word' id='word_1_326' title='bbox 508 2240 748 2294; x_wconf 85' lang='lat' dir='ltr'><strong>adhaercs</strong></span> <span class='ocrx_word' id='word_1_327' title='bbox 773 2239 992 2294; x_wconf 85' lang='lat' dir='ltr'><strong>Sabbati</strong></span> <span class='ocrx_word' id='word_1_328' title='bbox 1011 2241 1226 2304; x_wconf 89' lang='lat' dir='ltr'><strong>honori,</strong></span> <span class='ocrx_word' id='word_1_329' title='bbox 1249 2240 1383 2301; x_wconf 72' lang='lat' dir='ltr'><strong>[rust</strong></span> <span class='ocrx_word' id='word_1_330' title='bbox 1394 2257 1450 2294; x_wconf 90' lang='lat' dir='ltr'><strong>ra</strong></span> <span class='ocrx_word' id='word_1_331' title='bbox 1472 2243 1946 2301; x_wconf 84' lang='lat' dir='ltr'><strong>circumcisionem</strong></span> 
     </span>
    </p>
   </div>
   <div class='ocr_carea' id='block_1_43' title="bbox 2033 2239 3635 2324">
    <p class='ocr_par' dir='ltr' id='par_1_43' title="bbox 2057 2251 3635 2324">
     <span class='ocr_line' id='line_1_43' title="bbox 2057 2251 3635 2324; baseline 0.004 -24"><span class='ocrx_word' id='word_1_332' title='bbox 2057 2251 2243 2320; x_wconf 79' lang='grc' dir='ltr'><strong>τιμῆς,</strong></span> <span class='ocrx_word' id='word_1_333' title='bbox 2273 2252 2452 2322; x_wconf 74' lang='grc' dir='ltr'><strong>μάτην</strong></span> <span class='ocrx_word' id='word_1_334' title='bbox 2486 2253 2649 2324; x_wconf 71' lang='grc' dir='ltr'>ἐξέχῃ</span> <span class='ocrx_word' id='word_1_335' title='bbox 2677 2255 2778 2322; x_wconf 75' lang='grc' dir='ltr'><strong>τῆς</strong></span> <span class='ocrx_word' id='word_1_336' title='bbox 2805 2257 3136 2324; x_wconf 57' lang='grc' dir='ltr'><strong>περιτομῆς</strong></span> <span class='ocrx_word' id='word_1_337' title='bbox 3191 2253 3460 2322; x_wconf 76' lang='grc' dir='ltr'><strong>διαθήκην</strong></span> <span class='ocrx_word' id='word_1_338' title='bbox 3522 2253 3635 2320; x_wconf 75' lang='grc' dir='ltr'><strong>γὰρ</strong></span> 
     </span>
    </p>
   </div>
   <div class='ocr_carea' id='block_1_44' title="bbox 375 2329 1977 2418">
    <p class='ocr_par' dir='ltr' id='par_1_44' title="bbox 375 2329 1948 2404">
     <span class='ocr_line' id='line_1_44' title="bbox 375 2329 1948 2404; baseline 0.003 -18"><span class='ocrx_word' id='word_1_339' title='bbox 375 2331 615 2398; x_wconf 86' lang='lat' dir='ltr'><strong>retines;</strong></span> <span class='ocrx_word' id='word_1_340' title='bbox 649 2331 829 2386; x_wconf 71' lang='lat' dir='ltr'><strong>fmdus</strong></span> <span class='ocrx_word' id='word_1_341' title='bbox 879 2329 1024 2384; x_wconf 88' lang='lat' dir='ltr'><strong>enim</strong></span> <span class='ocrx_word' id='word_1_342' title='bbox 1077 2345 1280 2404; x_wconf 81' lang='lat' dir='ltr'><strong>novum</strong></span> <span class='ocrx_word' id='word_1_343' title='bbox 1333 2340 1597 2401; x_wconf 66' lang='lat' dir='ltr'><strong>praestans</strong></span> <span class='ocrx_word' id='word_1_344' title='bbox 1632 2333 1794 2398; x_wconf 89' lang='lat' dir='ltr'><strong>Deus,</strong></span> <span class='ocrx_word' id='word_1_345' title='bbox 1835 2336 1948 2391; x_wconf 72' lang='lat' dir='ltr'><strong>haec</strong></span> 
     </span>
    </p>
   </div>
   <div class='ocr_carea' id='block_1_45' title="bbox 2039 2329 3641 2418">
    <p class='ocr_par' dir='ltr' id='par_1_45' title="bbox 2057 2341 3641 2418">
     <span class='ocr_line' id='line_1_45' title="bbox 2057 2341 3641 2418; baseline 0.001 -25"><span class='ocrx_word' id='word_1_346' title='bbox 2057 2343 2086 2393; x_wconf 84' lang='grc'>6</span> <span class='ocrx_word' id='word_1_347' title='bbox 2132 2341 2266 2405; x_wconf 80' lang='grc' dir='ltr'><strong>Θεὸς</strong></span> <span class='ocrx_word' id='word_1_348' title='bbox 2333 2343 2526 2414; x_wconf 80' lang='grc' dir='ltr'><strong>καινὴν</strong></span> <span class='ocrx_word' id='word_1_349' title='bbox 2581 2345 3123 2416; x_wconf 74' lang='grc' dir='ltr'><strong>παρασχὼν,·ταῦτα</strong></span> <span class='ocrx_word' id='word_1_350' title='bbox 3185 2344 3360 2397; x_wconf 78' lang='grc' dir='ltr'><strong>πάντα</strong></span> <span class='ocrx_word' id='word_1_351' title='bbox 3427 2344 3641 2418; x_wconf 63' lang='grc' dir='ltr'><strong>κατήρ-</strong></span> 
     </span>
    </p>
   </div>
   <div class='ocr_carea' id='block_1_46' title="bbox 374 2420 1976 2502">
    <p class='ocr_par' dir='ltr' id='par_1_46' title="bbox 374 2420 844 2476">
     <span class='ocr_line' id='line_1_46' title="bbox 374 2420 844 2476; baseline -0.002 0"><span class='ocrx_word' id='word_1_352' title='bbox 374 2420 556 2476; x_wconf 89' lang='lat' dir='ltr'><strong>omnia</strong></span> <span class='ocrx_word' id='word_1_353' title='bbox 593 2420 844 2476; x_wconf 83' lang='lat' dir='ltr'><strong>abolevit.</strong></span> 
     </span>
    </p>
   </div>
   <div class='ocr_carea' id='block_1_47' title="bbox 646 2420 2248 2502">
    <p class='ocr_par' dir='ltr' id='par_1_47' title="bbox 646 2420 2248 2502">
     <span class='ocr_line' id='line_1_47' title="bbox 646 2420 2248 2502; baseline 0.006 -26"><span class='ocrx_word' id='word_1_354' title='bbox 646 2420 844 2476; x_wconf 66' lang='lat' dir='ltr'><strong>tolevit.</strong></span> <span class='ocrx_word' id='word_1_355' title='bbox 2057 2449 2248 2502; x_wconf 79' lang='grc' dir='ltr'><strong>γησεν⁴</strong></span> 
     </span>
    </p>
   </div>
   <div class='ocr_carea' id='block_1_48' title="bbox 443 2512 2045 2595">
    <p class='ocr_par' dir='ltr' id='par_1_48' title="bbox 443 2512 1942 2590">
     <span class='ocr_line' id='line_1_48' title="bbox 443 2512 1942 2590; baseline 0.002 -22"><span class='ocrx_word' id='word_1_356' title='bbox 443 2512 714 2569; x_wconf 78' lang='lat' dir='ltr'><strong>Caeterum</strong></span> <span class='ocrx_word' id='word_1_357' title='bbox 767 2514 895 2567; x_wconf 91' lang='lat' dir='ltr'><strong>data</strong></span> <span class='ocrx_word' id='word_1_358' title='bbox 949 2512 1251 2582; x_wconf 21' lang='lat' dir='ltr'><strong>etiamlpro</strong></span> <span class='ocrx_word' id='word_1_359' title='bbox 1295 2513 1454 2582; x_wconf 69' lang='lat' dir='ltr'><strong>signa</strong></span> <span class='ocrx_word' id='word_1_360' title='bbox 1497 2513 1942 2590; x_wconf 74' lang='lat' dir='ltr'><strong>circumcisione,</strong></span> 
     </span>
    </p>
   </div>
   <div class='ocr_carea' id='block_1_49' title="bbox 2037 2512 3639 2595">
    <p class='ocr_par' dir='ltr' id='par_1_49' title="bbox 2127 2522 3639 2595">
     <span class='ocr_line' id='line_1_49' title="bbox 2127 2522 3639 2595; baseline 0.001 -20"><span class='ocrx_word' id='word_1_361' title='bbox 2127 2525 2335 2594; x_wconf 57' lang='grc' dir='ltr'><strong>Ἀλλως</strong></span> <span class='ocrx_word' id='word_1_362' title='bbox 2362 2542 2421 2576; x_wconf 89' lang='grc' dir='ltr'><strong>τε</strong></span> <span class='ocrx_word' id='word_1_363' title='bbox 2458 2525 2692 2595; x_wconf 79' lang='grc' dir='ltr'><strong>σημείου</strong></span> <span class='ocrx_word' id='word_1_364' title='bbox 2721 2525 2912 2578; x_wconf 73' lang='grc' dir='ltr'><strong>ἕνεκεν</strong></span> <span class='ocrx_word' id='word_1_365' title='bbox 2967 2522 3216 2594; x_wconf 81' lang='grc' dir='ltr'><strong>δοθείσης</strong></span> <span class='ocrx_word' id='word_1_366' title='bbox 3270 2523 3369 2592; x_wconf 71' lang='grc' dir='ltr'><strong>τῆς</strong></span> <span class='ocrx_word' id='word_1_367' title='bbox 3413 2538 3639 2594; x_wconf 84' lang='grc' dir='ltr'><strong>περιτο-</strong></span> 
     </span>
    </p>
   </div>
   <div class='ocr_carea' id='block_1_50' title="bbox 373 2603 1975 2685">
    <p class='ocr_par' dir='ltr' id='par_1_50' title="bbox 373 2603 1944 2680">
     <span class='ocr_line' id='line_1_50' title="bbox 373 2603 1944 2680; baseline 0.003 -21"><span class='ocrx_word' id='word_1_368' title='bbox 373 2603 504 2675; x_wconf 87' lang='lat' dir='ltr'><strong>quid</strong></span> <span class='ocrx_word' id='word_1_369' title='bbox 540 2614 723 2680; x_wconf 84' lang='lat' dir='ltr'><strong>tamen</strong></span> <span class='ocrx_word' id='word_1_370' title='bbox 751 2604 1039 2680; x_wconf 82' lang='lat' dir='ltr'><strong>insoleseis</strong></span> <span class='ocrx_word' id='word_1_371' title='bbox 1073 2619 1239 2674; x_wconf 90' lang='lat' dir='ltr'><strong>super</strong></span> <span class='ocrx_word' id='word_1_372' title='bbox 1285 2605 1444 2675; x_wconf 79' lang='lat' dir='ltr'><strong>ipsa?</strong></span> <span class='ocrx_word' id='word_1_373' title='bbox 1495 2605 1778 2672; x_wconf 86' lang='lat' dir='ltr'><strong>Quomodo</strong></span> <span class='ocrx_word' id='word_1_374' title='bbox 1812 2625 1944 2664; x_wconf 75' lang='lat' dir='ltr'><strong>vero</strong></span> 
     </span>
    </p>
   </div>
   <div class='ocr_carea' id='block_1_51' title="bbox 2033 2603 3635 2685">
    <p class='ocr_par' dir='ltr' id='par_1_51' title="bbox 2057 2611 3635 2685">
     <span class='ocr_line' id='line_1_51' title="bbox 2057 2611 3635 2685; baseline -0.008 -9"><span class='ocrx_word' id='word_1_375' title='bbox 2057 2614 2268 2685; x_wconf 74' lang='grc' dir='ltr'><strong>μῆς,“τί</strong></span> <span class='ocrx_word' id='word_1_376' title='bbox 2303 2611 2444 2684; x_wconf 81' lang='grc' dir='ltr'><strong>μέγα</strong></span> <span class='ocrx_word' id='word_1_377' title='bbox 2494 2617 2672 2684; x_wconf 75' lang='grc' dir='ltr'>φυσᾷς</span> <span class='ocrx_word' id='word_1_378' title='bbox 2705 2615 2987 2682; x_wconf 79' lang='grc' dir='ltr'><strong>ὲπάύτῇ;</strong></span> <span class='ocrx_word' id='word_1_379' title='bbox 3046 2613 3168 2674; x_wconf 84' lang='grc' dir='ltr'><strong>Πῶς</strong></span> <span class='ocrx_word' id='word_1_380' title='bbox 3195 2612 3249 2664; x_wconf 85' lang='grc' dir='ltr'><strong>δὲ</strong></span> <span class='ocrx_word' id='word_1_381' title='bbox 3316 2613 3412 2663; x_wconf 74' lang='grc' dir='ltr'><strong>καὶ</strong></span> <span class='ocrx_word' id='word_1_382' title='bbox 3477 2611 3635 2682; x_wconf 71' lang='grc' dir='ltr'><strong>ἡμῶν</strong></span> 
     </span>
    </p>
   </div>
   <div class='ocr_carea' id='block_1_52' title="bbox 376 2693 1978 2778">
    <p class='ocr_par' dir='ltr' id='par_1_52' title="bbox 376 2696 1946 2774">
     <span class='ocr_line' id='line_1_52' title="bbox 376 2696 1946 2774; baseline 0.001 -22"><span class='ocrx_word' id='word_1_383' title='bbox 376 2700 432 2752; x_wconf 90' lang='lat' dir='ltr'><strong>iu</strong></span> <span class='ocrx_word' id='word_1_384' title='bbox 483 2713 584 2751; x_wconf 85' lang='lat' dir='ltr'><strong>nos</strong></span> <span class='ocrx_word' id='word_1_385' title='bbox 634 2713 745 2751; x_wconf 91' lang='lat' dir='ltr'><strong>non</strong></span> <span class='ocrx_word' id='word_1_386' title='bbox 779 2696 1136 2774; x_wconf 75' lang='lat' dir='ltr'><strong>cireuntt-isos</strong></span> <span class='ocrx_word' id='word_1_387' title='bbox 1188 2697 1468 2770; x_wconf 84' lang='lat' dir='ltr'><strong>insurgis?</strong></span> <span class='ocrx_word' id='word_1_388' title='bbox 1519 2699 1598 2751; x_wconf 88' lang='lat' dir='ltr'><strong>Ttt</strong></span> <span class='ocrx_word' id='word_1_389' title='bbox 1643 2715 1807 2754; x_wconf 86' lang='lat' dir='ltr'><strong>carne</strong></span> <span class='ocrx_word' id='word_1_390' title='bbox 1841 2700 1946 2755; x_wconf 88' lang='lat' dir='ltr'><strong>cir-</strong></span> 
     </span>
    </p>
   </div>
   <div class='ocr_carea' id='block_1_53' title="bbox 2088 2693 3690 2778">
    <p class='ocr_par' dir='ltr' id='par_1_53' title="bbox 2096 2693 3632 2778">
     <span class='ocr_line' id='line_1_53' title="bbox 2096 2693 3632 2778; baseline -0.003 -19"><span class='ocrx_word' id='word_1_391' title='bbox 2096 2706 2370 2778; x_wconf 80' lang='grc' dir='ltr'><strong>ατεπαίρῃ</strong></span> <span class='ocrx_word' id='word_1_392' title='bbox 2419 2693 2530 2777; x_wconf 77' lang='grc' dir='ltr'><strong>τῶν</strong></span> <span class='ocrx_word' id='word_1_393' title='bbox 2565 2708 3004 2777; x_wconf 80' lang='grc' dir='ltr'><strong>ἁπεριτμήτων;</strong></span> <span class='ocrx_word' id='word_1_394' title='bbox 3063 2705 3132 2758; x_wconf 79' lang='grc' dir='ltr'><strong>Σὺ</strong></span> <span class='ocrx_word' id='word_1_395' title='bbox 3199 2703 3632 2774; x_wconf 75' lang='grc' dir='ltr'><strong>περιτέμνεσθαι</strong></span> 
     </span>
    </p>
   </div>
   <div class='ocr_carea' id='block_1_54' title="bbox 375 2789 1977 2868">
    <p class='ocr_par' dir='ltr' id='par_1_54' title="bbox 375 2789 1945 2864">
     <span class='ocr_line' id='line_1_54' title="bbox 375 2789 1945 2864; baseline 0.001 -19"><span class='ocrx_word' id='word_1_396' title='bbox 375 2789 607 2846; x_wconf 90' lang='lat' dir='ltr'><strong>cumcidi</strong></span> <span class='ocrx_word' id='word_1_397' title='bbox 650 2789 862 2858; x_wconf 83' lang='lat' dir='ltr'><strong>cogeris</strong></span> <span class='ocrx_word' id='word_1_398' title='bbox 886 2805 901 2855; x_wconf 88' lang='lat'><strong>;</strong></span> <span class='ocrx_word' id='word_1_399' title='bbox 930 2805 1029 2860; x_wconf 80' lang='lat' dir='ltr'><strong>ego</strong></span> <span class='ocrx_word' id='word_1_400' title='bbox 1054 2799 1236 2843; x_wconf 88' lang='lat' dir='ltr'><strong>autem</strong></span> <span class='ocrx_word' id='word_1_401' title='bbox 1271 2790 1637 2864; x_wconf 30' lang='lat' dir='ltr'><strong>clircumcidor</strong></span> <span class='ocrx_word' id='word_1_402' title='bbox 1665 2791 1853 2855; x_wconf 85' lang='lat' dir='ltr'><strong>corde,</strong></span> <span class='ocrx_word' id='word_1_403' title='bbox 1878 2807 1945 2846; x_wconf 86' lang='lat' dir='ltr'><strong>ne</strong></span> 
     </span>
    </p>
   </div>
   <div class='ocr_carea' id='block_1_55' title="bbox 2032 2789 3634 2868">
    <p class='ocr_par' dir='ltr' id='par_1_55' title="bbox 2055 2791 3634 2868">
     <span class='ocr_line' id='line_1_55' title="bbox 2055 2791 3634 2868; baseline -0.002 -19"><span class='ocrx_word' id='word_1_404' title='bbox 2055 2796 2443 2868; x_wconf 72' lang='grc' dir='ltr'><strong>καταναγκάζη</strong></span> <span class='ocrx_word' id='word_1_405' title='bbox 2472 2799 2655 2865; x_wconf 62' lang='grc' dir='ltr'><strong>σαρκὶ,</strong></span> <span class='ocrx_word' id='word_1_406' title='bbox 2683 2797 2794 2865; x_wconf 74' lang='grc' dir='ltr'><strong>ἐγὼ</strong></span> <span class='ocrx_word' id='word_1_407' title='bbox 2839 2798 2897 2850; x_wconf 79' lang='grc' dir='ltr'><strong>δὲ</strong></span> <span class='ocrx_word' id='word_1_408' title='bbox 2927 2799 2992 2867; x_wconf 79' lang='grc' dir='ltr'><strong>τῇ</strong></span> <span class='ocrx_word' id='word_1_409' title='bbox 3053 2791 3248 2867; x_wconf 65' lang='grc' dir='ltr'><strong>καρδίᾳ</strong></span> <span class='ocrx_word' id='word_1_410' title='bbox 3303 2797 3634 2864; x_wconf 78' lang='grc' dir='ltr'><strong>περιτέμνο-</strong></span> 
     </span>
    </p>
   </div>
   <div class='ocr_carea' id='block_1_56' title="bbox 375 2881 1977 2961">
    <p class='ocr_par' dir='ltr' id='par_1_56' title="bbox 375 2881 1948 2954">
     <span class='ocr_line' id='line_1_56' title="bbox 375 2881 1948 2954; baseline 0.001 -18"><span class='ocrx_word' id='word_1_411' title='bbox 375 2881 612 2950; x_wconf 78' lang='lat' dir='ltr'><strong>maligna</strong></span> <span class='ocrx_word' id='word_1_412' title='bbox 641 2882 896 2952; x_wconf 88' lang='lat' dir='ltr'><strong>cogitem.</strong></span> <span class='ocrx_word' id='word_1_413' title='bbox 931 2882 1086 2946; x_wconf 86' lang='lat' dir='ltr'><strong>Quod</strong></span> <span class='ocrx_word' id='word_1_414' title='bbox 1123 2897 1253 2936; x_wconf 84' lang='lat' dir='ltr'><strong>vero</strong></span> <span class='ocrx_word' id='word_1_415' title='bbox 1286 2882 1482 2952; x_wconf 88' lang='lat' dir='ltr'><strong>placita</strong></span> <span class='ocrx_word' id='word_1_416' title='bbox 1515 2881 1626 2938; x_wconf 89' lang='lat' dir='ltr'><strong>Deo</strong></span> <span class='ocrx_word' id='word_1_417' title='bbox 1661 2883 1731 2937; x_wconf 90' lang='lat' dir='ltr'><strong>sit</strong></span> <span class='ocrx_word' id='word_1_418' title='bbox 1758 2884 1948 2954; x_wconf 85' lang='lat' dir='ltr'><strong>hujus-</strong></span> 
     </span>
    </p>
   </div>
   <div class='ocr_carea' id='block_1_57' title="bbox 2031 2881 3633 2961">
    <p class='ocr_par' dir='ltr' id='par_1_57' title="bbox 2057 2881 3633 2961">
     <span class='ocr_line' id='line_1_57' title="bbox 2057 2881 3633 2961; baseline -0.003 -18"><span class='ocrx_word' id='word_1_419' title='bbox 2057 2907 2178 2958; x_wconf 88' lang='grc' dir='ltr'><strong>μαι,</strong></span> <span class='ocrx_word' id='word_1_420' title='bbox 2214 2891 2300 2943; x_wconf 80' lang='grc' dir='ltr'>ἵνα</span> <span class='ocrx_word' id='word_1_421' title='bbox 2331 2891 2404 2960; x_wconf 77' lang='grc' dir='ltr'><strong>μὴ</strong></span> <span class='ocrx_word' id='word_1_422' title='bbox 2438 2892 2648 2961; x_wconf 70' lang='grc' dir='ltr'><strong>πονηρὰ</strong></span> <span class='ocrx_word' id='word_1_423' title='bbox 2677 2881 3004 2960; x_wconf 52' lang='grc' dir='ltr'><strong>λογίζωμαι,</strong></span> <span class='ocrx_word' id='word_1_424' title='bbox 3043 2888 3163 2941; x_wconf 86' lang='grc' dir='ltr'><strong>’Ὁτι</strong></span> <span class='ocrx_word' id='word_1_425' title='bbox 3191 2887 3249 2939; x_wconf 81' lang='grc' dir='ltr'><strong>δὲ</strong></span> <span class='ocrx_word' id='word_1_426' title='bbox 3280 2888 3376 2942; x_wconf 69' lang='grc' dir='ltr'><strong>καὶ</strong></span> <span class='ocrx_word' id='word_1_427' title='bbox 3401 2885 3474 2957; x_wconf 84' lang='grc' dir='ltr'><strong>τῷ</strong></span> <span class='ocrx_word' id='word_1_428' title='bbox 3506 2883 3633 2956; x_wconf 84' lang='grc' dir='ltr'><strong>Θεῷ</strong></span> 
     </span>
    </p>
   </div>
   <div class='ocr_carea' id='block_1_58' title="bbox 376 2973 1978 3051">
    <p class='ocr_par' dir='ltr' id='par_1_58' title="bbox 376 2973 1946 3044">
     <span class='ocr_line' id='line_1_58' title="bbox 376 2973 1946 3044; baseline 0.001 -16"><span class='ocrx_word' id='word_1_429' title='bbox 376 2973 517 3028; x_wconf 88' lang='lat' dir='ltr'><strong>modi</strong></span> <span class='ocrx_word' id='word_1_430' title='bbox 550 2975 911 3039; x_wconf 86' lang='lat' dir='ltr'><strong>circumcisio,</strong></span> <span class='ocrx_word' id='word_1_431' title='bbox 941 2975 1068 3029; x_wconf 88' lang='lat' dir='ltr'><strong>audi</strong></span> <span class='ocrx_word' id='word_1_432' title='bbox 1101 2975 1228 3044; x_wconf 82' lang='lat' dir='ltr'><strong>quid</strong></span> <span class='ocrx_word' id='word_1_433' title='bbox 1257 2973 1400 3029; x_wconf 83' lang='lat' dir='ltr'><strong>dicat</strong></span> <span class='ocrx_word' id='word_1_434' title='bbox 1431 2989 1667 3044; x_wconf 84' lang='lat' dir='ltr'><strong>arguens</strong></span> <span class='ocrx_word' id='word_1_435' title='bbox 1691 2975 1946 3030; x_wconf 84' lang='lat' dir='ltr'><strong>lsraelem</strong></span> 
     </span>
    </p>
   </div>
   <div class='ocr_carea' id='block_1_59' title="bbox 2029 2973 3631 3051">
    <p class='ocr_par' dir='ltr' id='par_1_59' title="bbox 2056 2977 3631 3051">
     <span class='ocr_line' id='line_1_59' title="bbox 2056 2977 3631 3051; baseline -0.003 -18"><span class='ocrx_word' id='word_1_436' title='bbox 2056 2980 2406 3051; x_wconf 80' lang='grc' dir='ltr'><strong>εὐάρεστοςή</strong></span> <span class='ocrx_word' id='word_1_437' title='bbox 2442 2980 2667 3049; x_wconf 81' lang='grc' dir='ltr'><strong>τοιαύτη</strong></span> <span class='ocrx_word' id='word_1_438' title='bbox 2711 2979 3005 3050; x_wconf 65' lang='grc' dir='ltr'><strong>περιτομὴ,</strong></span> <span class='ocrx_word' id='word_1_439' title='bbox 3034 2981 3199 3034; x_wconf 80' lang='grc' dir='ltr'><strong>ἄκουε</strong></span> <span class='ocrx_word' id='word_1_440' title='bbox 3250 2977 3304 3030; x_wconf 84' lang='grc' dir='ltr'><strong>τί</strong></span> <span class='ocrx_word' id='word_1_441' title='bbox 3338 2993 3472 3045; x_wconf 77' lang='grc' dir='ltr'><strong>φησι</strong></span> <span class='ocrx_word' id='word_1_442' title='bbox 3519 2991 3631 3029; x_wconf 75' lang='grc' dir='ltr'><strong>κα-</strong></span> 
     </span>
    </p>
   </div>
   <div class='ocr_carea' id='block_1_60' title="bbox 375 3051 1977 3142">
    <p class='ocr_par' dir='ltr' id='par_1_60' title="bbox 375 3051 1952 3136">
     <span class='ocr_line' id='line_1_60' title="bbox 375 3051 1952 3136; baseline -0.001 -15"><span class='ocrx_word' id='word_1_443' title='bbox 375 3082 472 3136; x_wconf 80' lang='lat' dir='ltr'><strong>per</strong></span> <span class='ocrx_word' id='word_1_444' title='bbox 499 3051 833 3136; x_wconf 83' lang='lat' dir='ltr'><strong>Jeremiam:</strong></span> <span class='ocrx_word' id='word_1_445' title='bbox 871 3084 888 3118; x_wconf 86' lang='grc' dir='ltr'><strong>ι</strong></span> <span class='ocrx_word' id='word_1_446' title='bbox 934 3066 1138 3122; x_wconf 90' lang='lat' dir='ltr'><strong>Omnes</strong></span> <span class='ocrx_word' id='word_1_447' title='bbox 1169 3075 1357 3135; x_wconf 86' lang='lat' dir='ltr'><strong>gentes</strong></span> <span class='ocrx_word' id='word_1_448' title='bbox 1388 3067 1787 3122; x_wconf 72' lang='lat' dir='ltr'><strong>incircumcisat</strong></span> <span class='ocrx_word' id='word_1_449' title='bbox 1822 3075 1952 3121; x_wconf 90' lang='lat' dir='ltr'><strong>sunt</strong></span> 
     </span>
    </p>
   </div>
   <div class='ocr_carea' id='block_1_61' title="bbox 2031 3051 3633 3142">
    <p class='ocr_par' dir='ltr' id='par_1_61' title="bbox 2053 3067 3633 3142">
     <span class='ocr_line' id='line_1_61' title="bbox 2053 3067 3633 3142; baseline -0.002 -19"><span class='ocrx_word' id='word_1_450' title='bbox 2053 3070 2305 3140; x_wconf 84' lang='grc' dir='ltr'><strong>τηγορῶν</strong></span> <span class='ocrx_word' id='word_1_451' title='bbox 2337 3069 2432 3123; x_wconf 79' lang='grc' dir='ltr'><strong>τοῦ</strong></span> <span class='ocrx_word' id='word_1_452' title='bbox 2465 3071 2684 3142; x_wconf 78' lang='grc' dir='ltr'><strong>Ἰσραὴλ</strong></span> <span class='ocrx_word' id='word_1_453' title='bbox 2737 3069 2826 3123; x_wconf 81' lang='grc' dir='ltr'><strong>διὰ</strong></span> <span class='ocrx_word' id='word_1_454' title='bbox 2889 3070 3163 3140; x_wconf 81' lang='grc' dir='ltr'><strong>Ἰερεμίου</strong></span> <span class='ocrx_word' id='word_1_455' title='bbox 3199 3081 3214 3099; x_wconf 78' lang='grc'><strong>⁸</strong></span> <span class='ocrx_word' id='word_1_456' title='bbox 3261 3086 3279 3120; x_wconf 81' lang='lat' dir='ltr'><strong>t</strong></span> <span class='ocrx_word' id='word_1_457' title='bbox 3315 3068 3499 3120; x_wconf 81' lang='grc' dir='ltr'><strong>Πάντα</strong></span> <span class='ocrx_word' id='word_1_458' title='bbox 3555 3067 3633 3126; x_wconf 65' lang='grc' dir='ltr'><strong>τὰ,</strong></span> 
     </span>
    </p>
   </div>
   <div class='ocr_carea' id='block_1_62' title="bbox 375 3153 1977 3230">
    <p class='ocr_par' dir='ltr' id='par_1_62' title="bbox 375 3157 1944 3222">
     <span class='ocr_line' id='line_1_62' title="bbox 375 3157 1944 3222; baseline -0.001 -12"><span class='ocrx_word' id='word_1_459' title='bbox 375 3173 560 3220; x_wconf 86' lang='lat' dir='ltr'><strong>carne,</strong></span> <span class='ocrx_word' id='word_1_460' title='bbox 584 3159 780 3213; x_wconf 88' lang='lat' dir='ltr'><strong>domus</strong></span> <span class='ocrx_word' id='word_1_461' title='bbox 812 3172 942 3212; x_wconf 79' lang='lat' dir='ltr'><strong>vero</strong></span> <span class='ocrx_word' id='word_1_462' title='bbox 969 3157 1137 3212; x_wconf 81' lang='lat' dir='ltr'><strong>lsrael</strong></span> <span class='ocrx_word' id='word_1_463' title='bbox 1164 3157 1550 3213; x_wconf 89' lang='lat' dir='ltr'><strong>iucircumcisa</strong></span> <span class='ocrx_word' id='word_1_464' title='bbox 1578 3168 1656 3212; x_wconf 90' lang='lat' dir='ltr'><strong>est</strong></span> <span class='ocrx_word' id='word_1_465' title='bbox 1686 3157 1849 3212; x_wconf 88' lang='lat' dir='ltr'><strong>corde</strong></span> <span class='ocrx_word' id='word_1_466' title='bbox 1874 3173 1888 3222; x_wconf 89' lang='lat'><strong>;</strong></span> <span class='ocrx_word' id='word_1_467' title='bbox 1926 3175 1944 3208; x_wconf 74' lang='grc' dir='ltr'><strong>ι</strong></span> 
     </span>
    </p>
   </div>
   <div class='ocr_carea' id='block_1_63' title="bbox 2025 3153 3627 3230">
    <p class='ocr_par' dir='ltr' id='par_1_63' title="bbox 2051 3153 3627 3230">
     <span class='ocr_line' id='line_1_63' title="bbox 2051 3153 3627 3230; baseline -0.003 -20"><span class='ocrx_word' id='word_1_468' title='bbox 2051 3158 2178 3227; x_wconf 74' lang='grc' dir='ltr'><strong>ἔθνη</strong></span> <span class='ocrx_word' id='word_1_469' title='bbox 2215 3159 2569 3227; x_wconf 75' lang='grc' dir='ltr'><strong>ἀπερίτμητα</strong></span> <span class='ocrx_word' id='word_1_470' title='bbox 2598 3159 2783 3230; x_wconf 76' lang='grc' dir='ltr'><strong>σαρκὶ,</strong></span> <span class='ocrx_word' id='word_1_471' title='bbox 2811 3161 2838 3211; x_wconf 78' lang='grc' dir='ltr'><strong><em>ὁ</em></strong></span> <span class='ocrx_word' id='word_1_472' title='bbox 2871 3157 2927 3210; x_wconf 79' lang='grc' dir='ltr'><strong>δὲ</strong></span> <span class='ocrx_word' id='word_1_473' title='bbox 2952 3155 3101 3221; x_wconf 77' lang='grc' dir='ltr'><strong>οἶκος</strong></span> <span class='ocrx_word' id='word_1_474' title='bbox 3147 3155 3369 3227; x_wconf 82' lang='grc' dir='ltr'><strong>Ἰσραὴλ</strong></span> <span class='ocrx_word' id='word_1_475' title='bbox 3425 3153 3627 3223; x_wconf 82' lang='grc' dir='ltr'><strong>ἀπερί-</strong></span> 
     </span>
    </p>
   </div>
   <div class='ocr_carea' id='block_1_64' title="bbox 375 3244 1977 3324">
    <p class='ocr_par' dir='ltr' id='par_1_64' title="bbox 375 3249 1947 3324">
     <span class='ocr_line' id='line_1_64' title="bbox 375 3249 1947 3324; baseline 0 -22"><span class='ocrx_word' id='word_1_476' title='bbox 375 3265 486 3303; x_wconf 91' lang='lat' dir='ltr'><strong>non</strong></span> <span class='ocrx_word' id='word_1_477' title='bbox 513 3251 658 3324; x_wconf 87' lang='lat' dir='ltr'><strong>enim</strong></span> <span class='ocrx_word' id='word_1_478' title='bbox 686 3249 798 3316; x_wconf 86' lang='lat' dir='ltr'><strong>ipsa</strong></span> <span class='ocrx_word' id='word_1_479' title='bbox 823 3249 1168 3304; x_wconf 86' lang='lat' dir='ltr'><strong>circumcisio</strong></span> <span class='ocrx_word' id='word_1_480' title='bbox 1189 3249 1440 3318; x_wconf 66' lang='lat' dir='ltr'><strong>prmputii</strong></span> <span class='ocrx_word' id='word_1_481' title='bbox 1466 3250 1604 3304; x_wconf 88' lang='lat' dir='ltr'><strong>valet</strong></span> <span class='ocrx_word' id='word_1_482' title='bbox 1622 3249 1947 3319; x_wconf 81' lang='lat' dir='ltr'><strong>justiﬁeare.</strong></span> 
     </span>
    </p>
   </div>
   <div class='ocr_carea' id='block_1_65' title="bbox 2025 3244 3627 3324">
    <p class='ocr_par' dir='ltr' id='par_1_65' title="bbox 2052 3244 3627 3318">
     <span class='ocr_line' id='line_1_65' title="bbox 2052 3244 3627 3318; baseline -0.002 -19"><span class='ocrx_word' id='word_1_483' title='bbox 2052 3263 2257 3316; x_wconf 86' lang='grc' dir='ltr'><strong>τμητος</strong></span> <span class='ocrx_word' id='word_1_484' title='bbox 2282 3248 2538 3318; x_wconf 82' lang='grc' dir='ltr'><strong>καρδίαις</strong></span> <span class='ocrx_word' id='word_1_485' title='bbox 2570 3247 2786 3301; x_wconf 78' lang='grc' dir='ltr'><strong>αὐτῶν·</strong></span> <span class='ocrx_word' id='word_1_486' title='bbox 2840 3267 2857 3299; x_wconf 75' lang='grc' dir='ltr'><strong>ι</strong></span> <span class='ocrx_word' id='word_1_487' title='bbox 2899 3251 2971 3318; x_wconf 74' lang='grc' dir='ltr'><strong>μὴ</strong></span> <span class='ocrx_word' id='word_1_488' title='bbox 3007 3247 3116 3316; x_wconf 78' lang='grc' dir='ltr'><strong>γὰρ</strong></span> <span class='ocrx_word' id='word_1_489' title='bbox 3166 3249 3197 3315; x_wconf 80' lang='grc' dir='ltr'><strong>ἡ</strong></span> <span class='ocrx_word' id='word_1_490' title='bbox 3233 3247 3332 3315; x_wconf 79' lang='grc' dir='ltr'><strong>τῆς</strong></span> <span class='ocrx_word' id='word_1_491' title='bbox 3381 3244 3627 3312; x_wconf 71' lang='grc' dir='ltr'><strong>ἀκροθιν-</strong></span> 
     </span>
    </p>
   </div>
   <div class='ocr_carea' id='block_1_66' title="bbox 375 3336 1977 3408">
    <p class='ocr_par' dir='ltr' id='par_1_66' title="bbox 375 3338 1948 3408">
     <span class='ocr_line' id='line_1_66' title="bbox 375 3338 1948 3408; baseline 0.002 -16"><span class='ocrx_word' id='word_1_492' title='bbox 375 3339 455 3392; x_wconf 86' lang='lat' dir='ltr'><strong>Ad</strong></span> <span class='ocrx_word' id='word_1_493' title='bbox 492 3339 853 3406; x_wconf 84' lang='lat' dir='ltr'><strong>patriarcham</strong></span> <span class='ocrx_word' id='word_1_494' title='bbox 887 3340 1156 3392; x_wconf 81' lang='lat' dir='ltr'><strong>Abraham</strong></span> <span class='ocrx_word' id='word_1_495' title='bbox 1203 3348 1255 3393; x_wconf 88' lang='lat' dir='ltr'><strong>te</strong></span> <span class='ocrx_word' id='word_1_496' title='bbox 1295 3338 1458 3404; x_wconf 75' lang='lat' dir='ltr'><strong>refer,</strong></span> <span class='ocrx_word' id='word_1_497' title='bbox 1509 3348 1564 3394; x_wconf 92' lang='lat' dir='ltr'><strong>ct</strong></span> <span class='ocrx_word' id='word_1_498' title='bbox 1606 3340 1730 3394; x_wconf 72' lang='lat' dir='ltr'><strong>ride</strong></span> <span class='ocrx_word' id='word_1_499' title='bbox 1770 3340 1948 3408; x_wconf 68' lang='lat' dir='ltr'><strong>ipsum</strong></span> 
     </span>
    </p>
   </div>
   <div class='ocr_carea' id='block_1_67' title="bbox 2028 3336 3630 3408">
    <p class='ocr_par' dir='ltr' id='par_1_67' title="bbox 2053 3336 3630 3408">
     <span class='ocr_line' id='line_1_67' title="bbox 2053 3336 3630 3408; baseline -0.001 -19"><span class='ocrx_word' id='word_1_500' title='bbox 2053 3337 2206 3400; x_wconf 82' lang='grc' dir='ltr'><strong>στίας</strong></span> <span class='ocrx_word' id='word_1_501' title='bbox 2236 3340 2509 3408; x_wconf 84' lang='grc' dir='ltr'><strong>περιτομὴ</strong></span> <span class='ocrx_word' id='word_1_502' title='bbox 2541 3339 2786 3392; x_wconf 77' lang='grc' dir='ltr'><strong>δικαιοῦν</strong></span> <span class='ocrx_word' id='word_1_503' title='bbox 2814 3338 3060 3392; x_wconf 80' lang='grc' dir='ltr'><strong>δύναται.</strong></span> <span class='ocrx_word' id='word_1_504' title='bbox 3091 3339 3216 3391; x_wconf 71' lang='grc' dir='ltr'><strong>Ἐπὶ</strong></span> <span class='ocrx_word' id='word_1_505' title='bbox 3247 3338 3337 3390; x_wconf 77' lang='grc' dir='ltr'><strong>τδν</strong></span> <span class='ocrx_word' id='word_1_506' title='bbox 3355 3336 3630 3404; x_wconf 76' lang='grc' dir='ltr'><strong>πατριάρ-</strong></span> 
     </span>
    </p>
   </div>
   <div class='ocr_carea' id='block_1_68' title="bbox 377 3411 1979 3503">
    <p class='ocr_par' dir='ltr' id='par_1_68' title="bbox 377 3411 1945 3503">
     <span class='ocr_line' id='line_1_68' title="bbox 377 3411 1945 3503; baseline 0 -20"><span class='ocrx_word' id='word_1_507' title='bbox 377 3430 483 3483; x_wconf 78' lang='lat' dir='ltr'><strong>title</strong></span> <span class='ocrx_word' id='word_1_508' title='bbox 519 3411 754 3503; x_wconf 86' lang='lat' dir='ltr'><strong>tantum,</strong></span> <span class='ocrx_word' id='word_1_509' title='bbox 803 3443 910 3480; x_wconf 89' lang='lat' dir='ltr'><strong>non</strong></span> <span class='ocrx_word' id='word_1_510' title='bbox 958 3428 1069 3496; x_wconf 88' lang='lat' dir='ltr'><strong>jam</strong></span> <span class='ocrx_word' id='word_1_511' title='bbox 1100 3429 1518 3484; x_wconf 83' lang='lat' dir='ltr'><strong>circumcisione</strong></span> <span class='ocrx_word' id='word_1_512' title='bbox 1549 3429 1900 3498; x_wconf 85' lang='lat' dir='ltr'><strong>jttstiﬁcatum</strong></span> <span class='ocrx_word' id='word_1_513' title='bbox 1931 3446 1945 3484; x_wconf 89' lang='lat'>:</span> 
     </span>
    </p>
   </div>
   <div class='ocr_carea' id='block_1_69' title="bbox 2021 3411 3623 3503">
    <p class='ocr_par' dir='ltr' id='par_1_69' title="bbox 2052 3428 3623 3501">
     <span class='ocr_line' id='line_1_69' title="bbox 2052 3428 3623 3501; baseline -0.001 -20"><span class='ocrx_word' id='word_1_514' title='bbox 2052 3446 2154 3499; x_wconf 87' lang='grc' dir='ltr'><strong>χην</strong></span> <span class='ocrx_word' id='word_1_515' title='bbox 2181 3429 2373 3485; x_wconf 78' lang='grc' dir='ltr'><strong>ἄνελθε</strong></span> <span class='ocrx_word' id='word_1_516' title='bbox 2413 3430 2692 3501; x_wconf 78' lang='grc' dir='ltr'><strong>Ἀϐραὰμ,</strong></span> <span class='ocrx_word' id='word_1_517' title='bbox 2728 3434 2825 3484; x_wconf 79' lang='grc' dir='ltr'><strong>καὶ</strong></span> <span class='ocrx_word' id='word_1_518' title='bbox 2891 3431 2965 3483; x_wconf 80' lang='grc' dir='ltr'><strong>ἴδε</strong></span> <span class='ocrx_word' id='word_1_519' title='bbox 3001 3429 3164 3483; x_wconf 81' lang='grc' dir='ltr'><strong>αὐτὸν</strong></span> <span class='ocrx_word' id='word_1_520' title='bbox 3201 3430 3383 3486; x_wconf 83' lang='grc' dir='ltr'><strong>πίστει</strong></span> <span class='ocrx_word' id='word_1_521' title='bbox 3421 3428 3623 3498; x_wconf 86' lang='grc' dir='ltr'>μόνως,</span> 
     </span>
    </p>
   </div>
   <div class='ocr_carea' id='block_1_70' title="bbox 383 3519 1985 3594">
    <p class='ocr_par' dir='ltr' id='par_1_70' title="bbox 383 3521 1947 3594">
     <span class='ocr_line' id='line_1_70' title="bbox 383 3521 1947 3594; baseline 0.003 -22"><span class='ocrx_word' id='word_1_522' title='bbox 383 3541 402 3572; x_wconf 77' lang='grc' dir='ltr'><strong>ι</strong></span> <span class='ocrx_word' id='word_1_523' title='bbox 437 3521 704 3576; x_wconf 75' lang='lat' dir='ltr'><strong>Abraham</strong></span> <span class='ocrx_word' id='word_1_524' title='bbox 742 3522 886 3576; x_wconf 85' lang='lat' dir='ltr'><strong>enim</strong></span> <span class='ocrx_word' id='word_1_525' title='bbox 928 3524 1159 3578; x_wconf 85' lang='lat' dir='ltr'><strong>credidit</strong></span> <span class='ocrx_word' id='word_1_526' title='bbox 1200 3525 1331 3588; x_wconf 87' lang='lat' dir='ltr'><strong>Deo,</strong></span> <span class='ocrx_word' id='word_1_527' title='bbox 1364 3533 1416 3578; x_wconf 87' lang='lat' dir='ltr'><strong>et</strong></span> <span class='ocrx_word' id='word_1_528' title='bbox 1449 3531 1758 3594; x_wconf 86' lang='lat' dir='ltr'><strong>reputatum</strong></span> <span class='ocrx_word' id='word_1_529' title='bbox 1787 3533 1872 3579; x_wconf 89' lang='lat' dir='ltr'><strong>est</strong></span> <span class='ocrx_word' id='word_1_530' title='bbox 1895 3524 1947 3578; x_wconf 90' lang='lat' dir='ltr'><strong>ei</strong></span> 
     </span>
    </p>
   </div>
   <div class='ocr_carea' id='block_1_71' title="bbox 2023 3519 3625 3594">
    <p class='ocr_par' dir='ltr' id='par_1_71' title="bbox 2055 3519 3625 3592">
     <span class='ocr_line' id='line_1_71' title="bbox 2055 3519 3625 3592; baseline -0.003 -18"><span class='ocrx_word' id='word_1_531' title='bbox 2055 3521 2129 3590; x_wconf 79' lang='grc' dir='ltr'><strong>μὴ</strong></span> <span class='ocrx_word' id='word_1_532' title='bbox 2161 3521 2346 3591; x_wconf 81' lang='grc' dir='ltr'><strong>μέντοι</strong></span> <span class='ocrx_word' id='word_1_533' title='bbox 2371 3539 2434 3588; x_wconf 84' lang='grc' dir='ltr'><strong>γε</strong></span> <span class='ocrx_word' id='word_1_534' title='bbox 2469 3524 2741 3592; x_wconf 78' lang='grc' dir='ltr'><strong>περιτομῇ</strong></span> <span class='ocrx_word' id='word_1_535' title='bbox 2773 3521 3179 3590; x_wconf 67' lang='grc' dir='ltr'><strong>δικαιούμενον*</strong></span> <span class='ocrx_word' id='word_1_536' title='bbox 3219 3519 3470 3592; x_wconf 77' lang='grc' dir='ltr'><strong>Ἀϐραὰμ</strong></span> <span class='ocrx_word' id='word_1_537' title='bbox 3509 3519 3625 3587; x_wconf 79' lang='grc' dir='ltr'><strong>γὰρ</strong></span> 
     </span>
    </p>
   </div>
   <div class='ocr_carea' id='block_1_72' title="bbox 375 3609 1977 3683">
    <p class='ocr_par' dir='ltr' id='par_1_72' title="bbox 375 3610 1944 3682">
     <span class='ocr_line' id='line_1_72' title="bbox 375 3610 1944 3682; baseline 0.003 -18"><span class='ocrx_word' id='word_1_538' title='bbox 375 3611 440 3665; x_wconf 90' lang='lat' dir='ltr'><strong>ad</strong></span> <span class='ocrx_word' id='word_1_539' title='bbox 469 3610 760 3681; x_wconf 86' lang='lat' dir='ltr'><strong>justitiam.</strong></span> <span class='ocrx_word' id='word_1_540' title='bbox 791 3630 810 3662; x_wconf 69' lang='grc' dir='ltr'><strong>ι</strong></span> <span class='ocrx_word' id='word_1_541' title='bbox 847 3611 1087 3682; x_wconf 88' lang='lat' dir='ltr'><strong>Denique</strong></span> <span class='ocrx_word' id='word_1_542' title='bbox 1111 3613 1456 3668; x_wconf 79' lang='lat' dir='ltr'><strong>circumcisio</strong></span> <span class='ocrx_word' id='word_1_543' title='bbox 1500 3614 1617 3682; x_wconf 81' lang='lat' dir='ltr'><strong>lege</strong></span> <span class='ocrx_word' id='word_1_544' title='bbox 1644 3615 1944 3669; x_wconf 89' lang='lat' dir='ltr'><strong>constituta</strong></span> 
     </span>
    </p>
   </div>
   <div class='ocr_carea' id='block_1_73' title="bbox 2027 3609 3629 3683">
    <p class='ocr_par' dir='ltr' id='par_1_73' title="bbox 2051 3609 3629 3683">
     <span class='ocr_line' id='line_1_73' title="bbox 2051 3609 3629 3683; baseline -0.001 -19"><span class='ocrx_word' id='word_1_545' title='bbox 2051 3612 2344 3666; x_wconf 74' lang='grc' dir='ltr'><strong>ἐπίστευσε</strong></span> <span class='ocrx_word' id='word_1_546' title='bbox 2375 3616 2451 3683; x_wconf 80' lang='grc' dir='ltr'><strong>τῷ</strong></span> <span class='ocrx_word' id='word_1_547' title='bbox 2483 3613 2623 3682; x_wconf 80' lang='grc' dir='ltr'><strong>Θεῷ,</strong></span> <span class='ocrx_word' id='word_1_548' title='bbox 2672 3613 2768 3666; x_wconf 67' lang='grc' dir='ltr'><strong>καὶ</strong></span> <span class='ocrx_word' id='word_1_549' title='bbox 2797 3613 3049 3682; x_wconf 67' lang='grc' dir='ltr'><strong>ἐλογίσθη</strong></span> <span class='ocrx_word' id='word_1_550' title='bbox 3082 3611 3231 3682; x_wconf 79' lang='grc' dir='ltr'><strong>αὐτῷ</strong></span> <span class='ocrx_word' id='word_1_551' title='bbox 3290 3612 3371 3674; x_wconf 87' lang='grc' dir='ltr'><strong>είς</strong></span> <span class='ocrx_word' id='word_1_552' title='bbox 3420 3609 3629 3662; x_wconf 86' lang='grc' dir='ltr'><strong>δικαιο-</strong></span> 
     </span>
    </p>
   </div>
   <div class='ocr_carea' id='block_1_74' title="bbox 376 3701 1978 3777">
    <p class='ocr_par' dir='ltr' id='par_1_74' title="bbox 376 3701 1945 3777">
     <span class='ocr_line' id='line_1_74' title="bbox 376 3701 1945 3777; baseline 0.004 -22"><span class='ocrx_word' id='word_1_553' title='bbox 376 3701 479 3755; x_wconf 79' lang='lat' dir='ltr'><strong>fuit</strong></span> <span class='ocrx_word' id='word_1_554' title='bbox 509 3702 697 3758; x_wconf 77' lang='lat' dir='ltr'><strong>indicii</strong></span> <span class='ocrx_word' id='word_1_555' title='bbox 734 3706 928 3774; x_wconf 87' lang='lat' dir='ltr'><strong>gratia,</strong></span> <span class='ocrx_word' id='word_1_556' title='bbox 965 3713 1026 3759; x_wconf 91' lang='lat' dir='ltr'><strong>ut</strong></span> <span class='ocrx_word' id='word_1_557' title='bbox 1074 3721 1172 3776; x_wconf 90' lang='lat' dir='ltr'><strong>per</strong></span> <span class='ocrx_word' id='word_1_558' title='bbox 1221 3707 1361 3760; x_wconf 88' lang='lat' dir='ltr'><strong>hanc</strong></span> <span class='ocrx_word' id='word_1_559' title='bbox 1403 3707 1610 3760; x_wconf 87' lang='lat' dir='ltr'><strong>scilicet</strong></span> <span class='ocrx_word' id='word_1_560' title='bbox 1657 3707 1945 3777; x_wconf 71' lang='lat' dir='ltr'><strong>d‘gnosce-</strong></span> 
     </span>
    </p>
   </div>
   <div class='ocr_carea' id='block_1_75' title="bbox 2018 3701 3620 3777">
    <p class='ocr_par' dir='ltr' id='par_1_75' title="bbox 2053 3703 3620 3775">
     <span class='ocr_line' id='line_1_75' title="bbox 2053 3703 3620 3775; baseline -0.001 -19"><span class='ocrx_word' id='word_1_561' title='bbox 2053 3704 2242 3770; x_wconf 87' lang='grc' dir='ltr'><strong>σύνην.</strong></span> <span class='ocrx_word' id='word_1_562' title='bbox 2275 3704 2665 3775; x_wconf 80' lang='grc' dir='ltr'><strong>Γνωρὶσματος</strong></span> <span class='ocrx_word' id='word_1_563' title='bbox 2716 3706 2879 3775; x_wconf 79' lang='grc' dir='ltr'><strong>χάριν</strong></span> <span class='ocrx_word' id='word_1_564' title='bbox 2935 3705 3165 3775; x_wconf 77' lang='grc' dir='ltr'><strong>ὕστερον</strong></span> <span class='ocrx_word' id='word_1_565' title='bbox 3218 3705 3252 3774; x_wconf 79' lang='grc' dir='ltr'>ἡ</span> <span class='ocrx_word' id='word_1_566' title='bbox 3339 3703 3620 3774; x_wconf 83' lang='grc' dir='ltr'><strong>περιτομὴ</strong></span> 
     </span>
    </p>
   </div>
   <div class='ocr_carea' id='block_1_76' title="bbox 377 3792 1979 3867">
    <p class='ocr_par' dir='ltr' id='par_1_76' title="bbox 377 3794 1948 3867">
     <span class='ocr_line' id='line_1_76' title="bbox 377 3794 1948 3867; baseline 0.005 -21"><span class='ocrx_word' id='word_1_567' title='bbox 377 3803 568 3848; x_wconf 89' lang='lat' dir='ltr'><strong>rentur</strong></span> <span class='ocrx_word' id='word_1_568' title='bbox 600 3794 786 3854; x_wconf 79' lang='lat' dir='ltr'><strong>ﬁdeles</strong></span> <span class='ocrx_word' id='word_1_569' title='bbox 818 3803 1082 3851; x_wconf 82' lang='lat' dir='ltr'><strong>tumcum</strong></span> <span class='ocrx_word' id='word_1_570' title='bbox 1115 3797 1259 3851; x_wconf 87' lang='lat' dir='ltr'><strong>inter</strong></span> <span class='ocrx_word' id='word_1_571' title='bbox 1289 3806 1480 3867; x_wconf 83' lang='lat' dir='ltr'><strong>gentes</strong></span> <span class='ocrx_word' id='word_1_572' title='bbox 1500 3808 1871 3865; x_wconf 75' lang='lat' dir='ltr'><strong>versarentur,</strong></span> <span class='ocrx_word' id='word_1_573' title='bbox 1895 3809 1948 3854; x_wconf 88' lang='lat' dir='ltr'><strong>et</strong></span> 
     </span>
    </p>
   </div>
   <div class='ocr_carea' id='block_1_77' title="bbox 2017 3792 3619 3867">
    <p class='ocr_par' dir='ltr' id='par_1_77' title="bbox 2049 3792 3619 3867">
     <span class='ocr_line' id='line_1_77' title="bbox 2049 3792 3619 3867; baseline 0 -21"><span class='ocrx_word' id='word_1_574' title='bbox 2049 3795 2493 3865; x_wconf 70' lang='grc' dir='ltr'><strong>νενομοθέτηται,</strong></span> <span class='ocrx_word' id='word_1_575' title='bbox 2561 3797 2701 3848; x_wconf 69' lang='grc' dir='ltr'><strong>ὥστε</strong></span> <span class='ocrx_word' id='word_1_576' title='bbox 2767 3795 2835 3849; x_wconf 89' lang='grc' dir='ltr'><strong>δι’</strong></span> <span class='ocrx_word' id='word_1_577' title='bbox 2885 3796 3060 3866; x_wconf 73' lang='grc' dir='ltr'><strong>αὐτῆς</strong></span> <span class='ocrx_word' id='word_1_578' title='bbox 3105 3792 3619 3867; x_wconf 77' lang='grc' dir='ltr'><strong>χαρακτηρίζεσθαι</strong></span> 
     </span>
    </p>
   </div>
   <div class='ocr_carea' id='block_1_78' title="bbox 377 3881 1979 3959">
    <p class='ocr_par' dir='ltr' id='par_1_78' title="bbox 377 3883 1944 3959">
     <span class='ocr_line' id='line_1_78' title="bbox 377 3883 1944 3959; baseline 0.005 -24"><span class='ocrx_word' id='word_1_579' title='bbox 377 3884 753 3959; x_wconf 81' lang='lat' dir='ltr'><strong>universorum</strong></span> <span class='ocrx_word' id='word_1_580' title='bbox 802 3883 971 3939; x_wconf 88' lang='lat' dir='ltr'><strong>Deum</strong></span> <span class='ocrx_word' id='word_1_581' title='bbox 1017 3885 1076 3940; x_wconf 89' lang='lat' dir='ltr'><strong>in</strong></span> <span class='ocrx_word' id='word_1_582' title='bbox 1113 3886 1430 3956; x_wconf 88' lang='lat' dir='ltr'><strong>memoriam</strong></span> <span class='ocrx_word' id='word_1_583' title='bbox 1493 3899 1835 3944; x_wconf 81' lang='lat' dir='ltr'><strong>revocarent.</strong></span> <span class='ocrx_word' id='word_1_584' title='bbox 1889 3890 1944 3943; x_wconf 92' lang='lat' dir='ltr'><strong>In</strong></span> 
     </span>
    </p>
   </div>
   <div class='ocr_carea' id='block_1_79' title="bbox 2018 3881 3620 3959">
    <p class='ocr_par' dir='ltr' id='par_1_79' title="bbox 2049 3881 3620 3958">
     <span class='ocr_line' id='line_1_79' title="bbox 2049 3881 3620 3958; baseline -0.001 -20"><span class='ocrx_word' id='word_1_585' title='bbox 2049 3887 2178 3949; x_wconf 72' lang='grc' dir='ltr'><strong>τοὺς</strong></span> <span class='ocrx_word' id='word_1_586' title='bbox 2243 3888 2491 3951; x_wconf 78' lang='grc' dir='ltr'><strong>πιστοὺς,</strong></span> <span class='ocrx_word' id='word_1_587' title='bbox 2545 3888 2790 3958; x_wconf 80' lang='grc' dir='ltr'><strong>ὁπηνίκα</strong></span> <span class='ocrx_word' id='word_1_588' title='bbox 2827 3889 2940 3950; x_wconf 62' lang='grc' dir='ltr'><strong>ἰι-,ῖς</strong></span> <span class='ocrx_word' id='word_1_589' title='bbox 2998 3881 3176 3940; x_wconf 75' lang='grc' dir='ltr'><strong>ἔθνεσι</strong></span> <span class='ocrx_word' id='word_1_590' title='bbox 3249 3883 3620 3954; x_wconf 76' lang='grc' dir='ltr'><strong>συναναστρέο</strong></span> 
     </span>
    </p>
   </div>
   <div class='ocr_carea' id='block_1_80' title="bbox 376 3961 1978 4048">
    <p class='ocr_par' dir='ltr' id='par_1_80' title="bbox 376 3961 1942 4048">
     <span class='ocr_line' id='line_1_80' title="bbox 376 3961 1942 4048; baseline 0.004 -22"><span class='ocrx_word' id='word_1_591' title='bbox 376 3973 533 4027; x_wconf 83' lang='lat' dir='ltr'><strong>ﬁdem</strong></span> <span class='ocrx_word' id='word_1_592' title='bbox 599 3973 762 4044; x_wconf 82' lang='lat' dir='ltr'><strong>igitur</strong></span> <span class='ocrx_word' id='word_1_593' title='bbox 813 3961 1082 4030; x_wconf 82' lang='lat' dir='ltr'><strong>dictorum</strong></span> <span class='ocrx_word' id='word_1_594' title='bbox 1142 3961 1272 4044; x_wconf 86' lang='lat' dir='ltr'><strong>ipsa</strong></span> <span class='ocrx_word' id='word_1_595' title='bbox 1318 3986 1369 4030; x_wconf 90' lang='lat' dir='ltr'><strong>te</strong></span> <span class='ocrx_word' id='word_1_596' title='bbox 1429 3992 1591 4048; x_wconf 89' lang='lat' dir='ltr'><strong>opera</strong></span> <span class='ocrx_word' id='word_1_597' title='bbox 1648 3978 1942 4034; x_wconf 88' lang='lat' dir='ltr'><strong>deducant.</strong></span> 
     </span>
    </p>
   </div>
   <div class='ocr_carea' id='block_1_81' title="bbox 2023 3961 3625 4048">
    <p class='ocr_par' dir='ltr' id='par_1_81' title="bbox 2049 3975 3625 4048">
     <span class='ocr_line' id='line_1_81' title="bbox 2049 3975 3625 4048; baseline -0.001 -17"><span class='ocrx_word' id='word_1_598' title='bbox 2049 3995 2254 4047; x_wconf 81' lang='grc' dir='ltr'><strong>φοιντο,</strong></span> <span class='ocrx_word' id='word_1_599' title='bbox 2304 3979 2396 4031; x_wconf 76' lang='grc' dir='ltr'><strong>καὶ</strong></span> <span class='ocrx_word' id='word_1_600' title='bbox 2427 3979 2507 4041; x_wconf 75' lang='grc' dir='ltr'><strong>εἰς</strong></span> <span class='ocrx_word' id='word_1_601' title='bbox 2543 3979 2766 4048; x_wconf 80' lang='grc' dir='ltr'><strong>μνήμην</strong></span> <span class='ocrx_word' id='word_1_602' title='bbox 2803 4033 2805 4035; x_wconf 80' lang='grc'><strong>,</strong></span> <span class='ocrx_word' id='word_1_603' title='bbox 2835 3977 3138 4046; x_wconf 78' lang='grc' dir='ltr'><strong>ἀνάγεσθαι</strong></span> <span class='ocrx_word' id='word_1_604' title='bbox 3195 3976 3290 4030; x_wconf 76' lang='grc' dir='ltr'><strong>τοῦ</strong></span> <span class='ocrx_word' id='word_1_605' title='bbox 3323 3977 3429 4030; x_wconf 82' lang='grc' dir='ltr'><strong>τῶν</strong></span> <span class='ocrx_word' id='word_1_606' title='bbox 3479 3975 3625 4030; x_wconf 79' lang='grc' dir='ltr'><strong>ὅλων</strong></span> 
     </span>
    </p>
   </div>
   <div class='ocr_carea' id='block_1_82' title="bbox 372 4063 1974 4140">
    <p class='ocr_par' dir='ltr' id='par_1_82' title="bbox 372 4063 1945 4140">
     <span class='ocr_line' id='line_1_82' title="bbox 372 4063 1945 4140; baseline 0.004 -23"><span class='ocrx_word' id='word_1_607' title='bbox 372 4063 600 4129; x_wconf 86' lang='lat' dir='ltr'><strong>Quando</strong></span> <span class='ocrx_word' id='word_1_608' title='bbox 629 4065 792 4120; x_wconf 89' lang='lat' dir='ltr'><strong>Israel</strong></span> <span class='ocrx_word' id='word_1_609' title='bbox 841 4067 893 4120; x_wconf 92' lang='lat' dir='ltr'><strong>in</strong></span> <span class='ocrx_word' id='word_1_610' title='bbox 925 4081 1112 4121; x_wconf 84' lang='lat' dir='ltr'><strong>eremo</strong></span> <span class='ocrx_word' id='word_1_611' title='bbox 1152 4068 1300 4122; x_wconf 88' lang='lat' dir='ltr'><strong>solus</strong></span> <span class='ocrx_word' id='word_1_612' title='bbox 1334 4084 1432 4138; x_wconf 88' lang='lat' dir='ltr'><strong>per</strong></span> <span class='ocrx_word' id='word_1_613' title='bbox 1459 4070 1814 4140; x_wconf 77' lang='lat' dir='ltr'><strong>quadraginta</strong></span> <span class='ocrx_word' id='word_1_614' title='bbox 1845 4087 1945 4124; x_wconf 89' lang='lat' dir='ltr'><strong>an-</strong></span> 
     </span>
    </p>
   </div>
   <div class='ocr_carea' id='block_1_83' title="bbox 2023 4063 3625 4140">
    <p class='ocr_par' dir='ltr' id='par_1_83' title="bbox 2049 4068 3625 4138">
     <span class='ocr_line' id='line_1_83' title="bbox 2049 4068 3625 4138; baseline -0.003 -16"><span class='ocrx_word' id='word_1_615' title='bbox 2049 4068 2208 4125; x_wconf 78' lang='grc' dir='ltr'><strong>Θεοῦ.</strong></span> <span class='ocrx_word' id='word_1_616' title='bbox 2240 4069 2332 4131; x_wconf 81' lang='grc' dir='ltr'><strong>Εἰς</strong></span> <span class='ocrx_word' id='word_1_617' title='bbox 2367 4069 2548 4122; x_wconf 75' lang='grc' dir='ltr'><strong>πίστιν</strong></span> <span class='ocrx_word' id='word_1_618' title='bbox 2577 4069 2670 4122; x_wconf 81' lang='grc' dir='ltr'><strong>οὖν</strong></span> <span class='ocrx_word' id='word_1_619' title='bbox 2690 4071 2798 4120; x_wconf 81' lang='grc' dir='ltr'><strong>τῶν</strong></span> <span class='ocrx_word' id='word_1_620' title='bbox 2821 4069 3134 4138; x_wconf 77' lang='grc' dir='ltr'><strong>λεγομένων</strong></span> <span class='ocrx_word' id='word_1_621' title='bbox 3155 4070 3296 4122; x_wconf 75' lang='grc' dir='ltr'>αὑτά</span> <span class='ocrx_word' id='word_1_622' title='bbox 3325 4085 3384 4120; x_wconf 82' lang='grc' dir='ltr'><strong>σε</strong></span> <span class='ocrx_word' id='word_1_623' title='bbox 3440 4082 3625 4136; x_wconf 81' lang='grc' dir='ltr'><strong>παρα-</strong></span> 
     </span>
    </p>
   </div>
   <div class='ocr_carea' id='block_1_84' title="bbox 373 4157 1975 4232">
    <p class='ocr_par' dir='ltr' id='par_1_84' title="bbox 373 4157 1946 4229">
     <span class='ocr_line' id='line_1_84' title="bbox 373 4157 1946 4229; baseline 0.006 -23"><span class='ocrx_word' id='word_1_624' title='bbox 373 4169 476 4208; x_wconf 90' lang='lat' dir='ltr'><strong>nos</strong></span> <span class='ocrx_word' id='word_1_625' title='bbox 507 4157 792 4222; x_wconf 87' lang='lat' dir='ltr'><strong>processit,</strong></span> <span class='ocrx_word' id='word_1_626' title='bbox 828 4157 1054 4211; x_wconf 88' lang='lat' dir='ltr'><strong>minime</strong></span> <span class='ocrx_word' id='word_1_627' title='bbox 1085 4158 1241 4213; x_wconf 87' lang='lat' dir='ltr'><strong>alteri</strong></span> <span class='ocrx_word' id='word_1_628' title='bbox 1285 4160 1428 4229; x_wconf 80' lang='lat' dir='ltr'><strong>genti</strong></span> <span class='ocrx_word' id='word_1_629' title='bbox 1461 4161 1805 4226; x_wconf 85' lang='lat' dir='ltr'><strong>commistus,</strong></span> <span class='ocrx_word' id='word_1_630' title='bbox 1843 4177 1946 4215; x_wconf 88' lang='lat' dir='ltr'><strong>ne-</strong></span> 
     </span>
    </p>
   </div>
   <div class='ocr_carea' id='block_1_85' title="bbox 2018 4157 3620 4232">
    <p class='ocr_par' dir='ltr' id='par_1_85' title="bbox 2049 4160 3620 4232">
     <span class='ocr_line' id='line_1_85' title="bbox 2049 4160 3620 4232; baseline -0.002 -19"><span class='ocrx_word' id='word_1_631' title='bbox 2049 4161 2194 4228; x_wconf 82' lang='grc' dir='ltr'><strong>γέτω</strong></span> <span class='ocrx_word' id='word_1_632' title='bbox 2220 4161 2286 4212; x_wconf 83' lang='grc' dir='ltr'><strong>τὰ</strong></span> <span class='ocrx_word' id='word_1_633' title='bbox 2344 4161 2671 4230; x_wconf 74' lang='grc' dir='ltr'><strong>πράγματα.</strong></span> <span class='ocrx_word' id='word_1_634' title='bbox 2726 4163 2855 4218; x_wconf 85' lang='grc' dir='ltr'><strong>Ὅτε</strong></span> <span class='ocrx_word' id='word_1_635' title='bbox 2915 4163 3134 4232; x_wconf 81' lang='grc' dir='ltr'><strong>Ἰσραὴλ</strong></span> <span class='ocrx_word' id='word_1_636' title='bbox 3190 4164 3249 4214; x_wconf 82' lang='grc' dir='ltr'><strong>ἐν</strong></span> <span class='ocrx_word' id='word_1_637' title='bbox 3303 4162 3369 4231; x_wconf 81' lang='grc' dir='ltr'><strong>τῇ</strong></span> <span class='ocrx_word' id='word_1_638' title='bbox 3419 4160 3620 4229; x_wconf 75' lang='grc' dir='ltr'><strong>ἐρήμῳ</strong></span> 
     </span>
    </p>
   </div>
   <div class='ocr_carea' id='block_1_86' title="bbox 373 4248 1975 4324">
    <p class='ocr_par' dir='ltr' id='par_1_86' title="bbox 373 4248 1948 4323">
     <span class='ocr_line' id='line_1_86' title="bbox 373 4248 1948 4323; baseline 0.004 -23"><span class='ocrx_word' id='word_1_639' title='bbox 373 4248 609 4302; x_wconf 88' lang='lat' dir='ltr'><strong>cessaria</strong></span> <span class='ocrx_word' id='word_1_640' title='bbox 631 4263 742 4321; x_wconf 90' lang='lat' dir='ltr'><strong>non</strong></span> <span class='ocrx_word' id='word_1_641' title='bbox 769 4261 887 4323; x_wconf 80' lang='lat' dir='ltr'><strong>erat</strong></span> <span class='ocrx_word' id='word_1_642' title='bbox 911 4249 1292 4314; x_wconf 78' lang='lat' dir='ltr'><strong>circumcisio;</strong></span> <span class='ocrx_word' id='word_1_643' title='bbox 1325 4267 1430 4321; x_wconf 89' lang='lat' dir='ltr'><strong>qua</strong></span> <span class='ocrx_word' id='word_1_644' title='bbox 1461 4251 1529 4306; x_wconf 86' lang='lat' dir='ltr'><strong>de</strong></span> <span class='ocrx_word' id='word_1_645' title='bbox 1560 4267 1620 4308; x_wconf 86' lang='lat' dir='ltr'><strong>re</strong></span> <span class='ocrx_word' id='word_1_646' title='bbox 1653 4253 1948 4308; x_wconf 88' lang='lat' dir='ltr'><strong>incircum-</strong></span> 
     </span>
    </p>
   </div>
   <div class='ocr_carea' id='block_1_87' title="bbox 2019 4248 3621 4324">
    <p class='ocr_par' dir='ltr' id='par_1_87' title="bbox 2048 4249 3621 4324">
     <span class='ocr_line' id='line_1_87' title="bbox 2048 4249 3621 4324; baseline -0.001 -19"><span class='ocrx_word' id='word_1_647' title='bbox 2048 4255 2458 4324; x_wconf 81' lang='grc' dir='ltr'><strong>τεσσαράκοντα</strong></span> <span class='ocrx_word' id='word_1_648' title='bbox 2513 4249 2609 4323; x_wconf 73' lang='grc' dir='ltr'><strong>ἔτή</strong></span> <span class='ocrx_word' id='word_1_649' title='bbox 2673 4255 2847 4324; x_wconf 73' lang='grc' dir='ltr'><strong>,μόνος</strong></span> <span class='ocrx_word' id='word_1_650' title='bbox 2907 4255 3030 4309; x_wconf 86' lang='grc' dir='ltr'><strong>καθ’</strong></span> <span class='ocrx_word' id='word_1_651' title='bbox 3076 4254 3274 4308; x_wconf 80' lang='grc' dir='ltr'><strong>ἑαυτὸν</strong></span> <span class='ocrx_word' id='word_1_652' title='bbox 3328 4253 3621 4323; x_wconf 77' lang='grc' dir='ltr'><strong>διέτριδεν,</strong></span> 
     </span>
    </p>
   </div>
   <div class='ocr_carea' id='block_1_88' title="bbox 371 4341 1973 4420">
    <p class='ocr_par' dir='ltr' id='par_1_88' title="bbox 371 4342 1941 4420">
     <span class='ocr_line' id='line_1_88' title="bbox 371 4342 1941 4420; baseline 0.005 -24"><span class='ocrx_word' id='word_1_653' title='bbox 371 4342 468 4397; x_wconf 90' lang='lat' dir='ltr'><strong>eisi</strong></span> <span class='ocrx_word' id='word_1_654' title='bbox 527 4344 734 4398; x_wconf 87' lang='lat' dir='ltr'><strong>inventi</strong></span> <span class='ocrx_word' id='word_1_655' title='bbox 795 4355 924 4400; x_wconf 87' lang='lat' dir='ltr'><strong>sunt</strong></span> <span class='ocrx_word' id='word_1_656' title='bbox 973 4347 1064 4416; x_wconf 86' lang='lat' dir='ltr'><strong>qui</strong></span> <span class='ocrx_word' id='word_1_657' title='bbox 1117 4348 1286 4420; x_wconf 85' lang='lat' dir='ltr'><strong>geniti</strong></span> <span class='ocrx_word' id='word_1_658' title='bbox 1345 4347 1568 4402; x_wconf 80' lang='lat' dir='ltr'><strong>fuerunt</strong></span> <span class='ocrx_word' id='word_1_659' title='bbox 1613 4349 1668 4402; x_wconf 91' lang='lat' dir='ltr'><strong>in</strong></span> <span class='ocrx_word' id='word_1_660' title='bbox 1719 4363 1941 4414; x_wconf 90' lang='lat' dir='ltr'><strong>eremo;</strong></span> 
     </span>
    </p>
   </div>
   <div class='ocr_carea' id='block_1_89' title="bbox 2012 4341 3614 4420">
    <p class='ocr_par' dir='ltr' id='par_1_89' title="bbox 2049 4341 3614 4416">
     <span class='ocr_line' id='line_1_89' title="bbox 2049 4341 3614 4416; baseline -0.001 -18"><span class='ocrx_word' id='word_1_661' title='bbox 2049 4347 2222 4416; x_wconf 74' lang='grc' dir='ltr'><strong>ἑτέρῳ</strong></span> <span class='ocrx_word' id='word_1_662' title='bbox 2251 4345 2396 4398; x_wconf 78' lang='grc' dir='ltr'><strong>ἔθνει</strong></span> <span class='ocrx_word' id='word_1_663' title='bbox 2427 4345 2502 4416; x_wconf 81' lang='grc' dir='ltr'><strong>μὴ</strong></span> <span class='ocrx_word' id='word_1_664' title='bbox 2540 4345 3102 4415; x_wconf 81' lang='grc' dir='ltr'><strong>συναναμιγνύμενος,</strong></span> <span class='ocrx_word' id='word_1_665' title='bbox 3163 4346 3266 4399; x_wconf 82' lang='grc' dir='ltr'><strong>οὐκ</strong></span> <span class='ocrx_word' id='word_1_666' title='bbox 3325 4341 3394 4415; x_wconf 78' lang='grc' dir='ltr'><strong>ἦν</strong></span> <span class='ocrx_word' id='word_1_667' title='bbox 3439 4345 3614 4412; x_wconf 79' lang='grc' dir='ltr'><strong>ἀναγ-</strong></span> 
     </span>
    </p>
   </div>
   <div class='ocr_carea' id='block_1_90' title="bbox 373 4409 1975 4508">
    <p class='ocr_par' dir='ltr' id='par_1_90' title="bbox 373 4438 1942 4508">
     <span class='ocr_line' id='line_1_90' title="bbox 373 4438 1942 4508; baseline 0.003 -18"><span class='ocrx_word' id='word_1_668' title='bbox 373 4445 660 4506; x_wconf 79' lang='lat' dir='ltr'><strong>postquam</strong></span> <span class='ocrx_word' id='word_1_669' title='bbox 712 4447 892 4492; x_wconf 90' lang='lat' dir='ltr'><strong>autem</strong></span> <span class='ocrx_word' id='word_1_670' title='bbox 941 4438 1068 4493; x_wconf 84' lang='lat' dir='ltr'><strong>Jesu</strong></span> <span class='ocrx_word' id='word_1_671' title='bbox 1105 4454 1243 4492; x_wconf 84' lang='lat' dir='ltr'><strong>nave</strong></span> <span class='ocrx_word' id='word_1_672' title='bbox 1305 4455 1398 4506; x_wconf 79' lang='lat' dir='ltr'><strong>per</strong></span> <span class='ocrx_word' id='word_1_673' title='bbox 1445 4440 1739 4494; x_wconf 68' lang='lat' dir='ltr'><strong>Iordanem</strong></span> <span class='ocrx_word' id='word_1_674' title='bbox 1792 4441 1942 4508; x_wconf 86' lang='lat' dir='ltr'><strong>ipsos</strong></span> 
     </span>
    </p>
   </div>
   <div class='ocr_carea' id='block_1_91' title="bbox 2021 4409 3623 4508">
    <p class='ocr_par' dir='ltr' id='par_1_91' title="bbox 2049 4409 3623 4508">
     <span class='ocr_line' id='line_1_91' title="bbox 2049 4409 3623 4508; baseline -0.003 -16"><span class='ocrx_word' id='word_1_675' title='bbox 2049 4409 2242 4508; x_wconf 44' lang='grc' dir='ltr'><strong>καίοι-ἡ</strong></span> <span class='ocrx_word' id='word_1_676' title='bbox 2277 4409 2574 4508; x_wconf 75' lang='grc' dir='ltr'><strong>περιτομή·</strong></span> <span class='ocrx_word' id='word_1_677' title='bbox 2609 4438 2694 4507; x_wconf 77' lang='grc' dir='ltr'><strong>ἐφ’</strong></span> <span class='ocrx_word' id='word_1_678' title='bbox 2798 4409 2891 4490; x_wconf 73' lang='grc' dir='ltr'><strong>καὶ</strong></span> <span class='ocrx_word' id='word_1_679' title='bbox 2921 4409 3296 4506; x_wconf 63' lang='grc' dir='ltr'><strong>απερίτμητοι</strong></span> <span class='ocrx_word' id='word_1_680' title='bbox 3324 4409 3623 4505; x_wconf 70' lang='grc' dir='ltr'><strong>ἐτύγχανον</strong></span> 
     </span>
    </p>
   </div>
   <div class='ocr_carea' id='block_1_92' title="bbox 374 4527 1976 4600">
    <p class='ocr_par' dir='ltr' id='par_1_92' title="bbox 374 4528 1976 4592">
     <span class='ocr_line' id='line_1_92' title="bbox 374 4528 1976 4592; baseline 0.002 -11"><span class='ocrx_word' id='word_1_681' title='bbox 374 4529 632 4592; x_wconf 78' lang='lat' dir='ltr'><strong>traduxit,</strong></span> <span class='ocrx_word' id='word_1_682' title='bbox 687 4528 875 4584; x_wconf 90' lang='lat' dir='ltr'><strong>divino</strong></span> <span class='ocrx_word' id='word_1_683' title='bbox 921 4531 1174 4588; x_wconf 85' lang='lat' dir='ltr'><strong>mandato</strong></span> <span class='ocrx_word' id='word_1_684' title='bbox 1219 4532 1526 4585; x_wconf 64' lang='lat' dir='ltr'><strong>circumcisi</strong></span> <span class='ocrx_word' id='word_1_685' title='bbox 1565 4541 1714 4586; x_wconf 85' lang='lat' dir='ltr'><strong>sunt.</strong></span> <span class='ocrx_word' id='word_1_686' title='bbox 1777 4551 1794 4583; x_wconf 84' lang='lat' dir='ltr'><strong>t</strong></span> <span class='ocrx_word' id='word_1_687' title='bbox 1833 4533 1976 4588; x_wconf 76' lang='lat' dir='ltr'><strong>Fac&#39;</strong></span> 
     </span>
    </p>
   </div>
   <div class='ocr_carea' id='block_1_93' title="bbox 2018 4527 3620 4600">
    <p class='ocr_par' dir='ltr' id='par_1_93' title="bbox 2049 4527 3620 4600">
     <span class='ocr_line' id='line_1_93' title="bbox 2049 4527 3620 4600; baseline -0.004 -16"><span class='ocrx_word' id='word_1_688' title='bbox 2049 4533 2098 4584; x_wconf 81' lang='grc' dir='ltr'><strong>οἱ</strong></span> <span class='ocrx_word' id='word_1_689' title='bbox 2126 4532 2483 4600; x_wconf 77' lang='grc' dir='ltr'><strong>γεννηθέντες</strong></span> <span class='ocrx_word' id='word_1_690' title='bbox 2506 4532 2644 4583; x_wconf 62' lang='lat' dir='ltr'><strong>uti</strong></span> <span class='ocrx_word' id='word_1_691' title='bbox 2695 4530 2794 4598; x_wconf 76' lang='grc' dir='ltr'><strong>τὴν</strong></span> <span class='ocrx_word' id='word_1_692' title='bbox 2826 4531 3053 4598; x_wconf 81' lang='grc' dir='ltr'><strong>ἔρημον.</strong></span> <span class='ocrx_word' id='word_1_693' title='bbox 3117 4528 3311 4581; x_wconf 72' lang='grc' dir='ltr'><strong>Ἠνίκα</strong></span> <span class='ocrx_word' id='word_1_694' title='bbox 3361 4528 3419 4580; x_wconf 74' lang='grc' dir='ltr'><strong>δὲ</strong></span> <span class='ocrx_word' id='word_1_695' title='bbox 3467 4530 3495 4580; x_wconf 82' lang='grc' dir='ltr'><em>ὁ</em></span> <span class='ocrx_word' id='word_1_696' title='bbox 3522 4527 3620 4580; x_wconf 80' lang='grc' dir='ltr'><strong>τοῦ</strong></span> 
     </span>
    </p>
   </div>
   <div class='ocr_carea' id='block_1_94' title="bbox 370 4615 1972 4692">
    <p class='ocr_par' dir='ltr' id='par_1_94' title="bbox 370 4615 1940 4692">
     <span class='ocr_line' id='line_1_94' title="bbox 370 4615 1940 4692; baseline 0.003 -19"><span class='ocrx_word' id='word_1_697' title='bbox 370 4623 539 4686; x_wconf 91' lang='lat' dir='ltr'><strong>enim,</strong></span> <span class='ocrx_word' id='word_1_698' title='bbox 578 4620 715 4674; x_wconf 91' lang='lat' dir='ltr'><strong>dixit</strong></span> <span class='ocrx_word' id='word_1_699' title='bbox 743 4621 909 4688; x_wconf 90' lang='lat' dir='ltr'><strong>Deus,</strong></span> <span class='ocrx_word' id='word_1_700' title='bbox 958 4622 1202 4692; x_wconf 86' lang='lat' dir='ltr'><strong>lapideos</strong></span> <span class='ocrx_word' id='word_1_701' title='bbox 1243 4622 1474 4692; x_wconf 82' lang='lat' dir='ltr'><strong>gladios.</strong></span> <span class='ocrx_word' id='word_1_702' title='bbox 1519 4631 1575 4677; x_wconf 88' lang='lat' dir='ltr'><strong>et</strong></span> <span class='ocrx_word' id='word_1_703' title='bbox 1605 4615 1940 4677; x_wconf 84' lang='lat' dir='ltr'><strong>circumcide</strong></span> 
     </span>
    </p>
   </div>
   <div class='ocr_carea' id='block_1_95' title="bbox 2019 4615 3621 4692">
    <p class='ocr_par' dir='ltr' id='par_1_95' title="bbox 2048 4617 3621 4691">
     <span class='ocr_line' id='line_1_95' title="bbox 2048 4617 3621 4691; baseline -0.003 -17"><span class='ocrx_word' id='word_1_704' title='bbox 2048 4621 2203 4691; x_wconf 70' lang='grc' dir='ltr'><strong>Ναυῆ</strong></span> <span class='ocrx_word' id='word_1_705' title='bbox 2228 4621 2434 4690; x_wconf 78' lang='grc' dir='ltr'><strong>Ἰησοῦς</strong></span> <span class='ocrx_word' id='word_1_706' title='bbox 2471 4623 2564 4674; x_wconf 71' lang='grc' dir='ltr'><strong>τὸν</strong></span> <span class='ocrx_word' id='word_1_707' title='bbox 2591 4621 2866 4691; x_wconf 78' lang='grc' dir='ltr'><strong>Ἰορδάνην</strong></span> <span class='ocrx_word' id='word_1_708' title='bbox 2917 4620 3114 4682; x_wconf 74' lang='grc' dir='ltr'><strong>αὐτοὺς</strong></span> <span class='ocrx_word' id='word_1_709' title='bbox 3175 4617 3467 4682; x_wconf 75' lang='grc' dir='ltr'><strong>διεϐίϐαζε,</strong></span> <span class='ocrx_word' id='word_1_710' title='bbox 3529 4634 3621 4670; x_wconf 85' lang='grc' dir='ltr'><strong>κε-</strong></span> 
     </span>
    </p>
   </div>
   <div class='ocr_carea' id='block_1_96' title="bbox 372 4707 1974 4783">
    <p class='ocr_par' dir='ltr' id='par_1_96' title="bbox 372 4707 1941 4783">
     <span class='ocr_line' id='line_1_96' title="bbox 372 4707 1941 4783; baseline 0.002 -19"><span class='ocrx_word' id='word_1_711' title='bbox 372 4712 510 4766; x_wconf 84' lang='lat' dir='ltr'><strong>ﬁlios</strong></span> <span class='ocrx_word' id='word_1_712' title='bbox 538 4713 725 4768; x_wconf 85' lang='lat' dir='ltr'><strong>Israel.</strong></span> <span class='ocrx_word' id='word_1_713' title='bbox 760 4731 777 4766; x_wconf 80' lang='grc' dir='ltr'><strong>ι</strong></span> <span class='ocrx_word' id='word_1_714' title='bbox 824 4713 1068 4780; x_wconf 89' lang='lat' dir='ltr'><strong>Quanam</strong></span> <span class='ocrx_word' id='word_1_715' title='bbox 1119 4714 1188 4769; x_wconf 90' lang='lat' dir='ltr'><strong>de</strong></span> <span class='ocrx_word' id='word_1_716' title='bbox 1232 4707 1394 4768; x_wconf 82' lang='lat' dir='ltr'><strong>causa</strong></span> <span class='ocrx_word' id='word_1_717' title='bbox 1451 4715 1586 4777; x_wconf 89' lang='lat' dir='ltr'><strong>hoc,</strong></span> <span class='ocrx_word' id='word_1_718' title='bbox 1641 4724 1696 4769; x_wconf 90' lang='lat' dir='ltr'><strong>et</strong></span> <span class='ocrx_word' id='word_1_719' title='bbox 1719 4721 1941 4783; x_wconf 85' lang='lat' dir='ltr'><strong>propter</strong></span> 
     </span>
    </p>
   </div>
   <div class='ocr_carea' id='block_1_97' title="bbox 2021 4707 3623 4783">
    <p class='ocr_par' dir='ltr' id='par_1_97' title="bbox 2048 4709 3623 4782">
     <span class='ocr_line' id='line_1_97' title="bbox 2048 4709 3623 4782; baseline -0.003 -18"><span class='ocrx_word' id='word_1_720' title='bbox 2048 4713 2230 4766; x_wconf 77' lang='grc' dir='ltr'><strong>λεύσει</strong></span> <span class='ocrx_word' id='word_1_721' title='bbox 2257 4713 2378 4782; x_wconf 80' lang='grc' dir='ltr'><strong>θείᾳ</strong></span> <span class='ocrx_word' id='word_1_722' title='bbox 2429 4713 2898 4781; x_wconf 78' lang='grc' dir='ltr'><strong>περιετμήθησαν.</strong></span> <span class='ocrx_word' id='word_1_723' title='bbox 2923 4732 2964 4763; x_wconf 57' lang='grc' dir='ltr'><strong>μς</strong></span> <span class='ocrx_word' id='word_1_724' title='bbox 3005 4712 3237 4780; x_wconf 87' lang='grc' dir='ltr'><strong>Ποίησον</strong></span> <span class='ocrx_word' id='word_1_725' title='bbox 3265 4713 3398 4778; x_wconf 67' lang='grc' dir='ltr'><strong>γὰρ,</strong></span> <span class='ocrx_word' id='word_1_726' title='bbox 3448 4709 3623 4778; x_wconf 73' lang='grc' dir='ltr'><strong>φησιν</strong></span> 
     </span>
    </p>
   </div>
   <div class='ocr_carea' id='block_1_98' title="bbox 367 4800 1969 4877">
    <p class='ocr_par' dir='ltr' id='par_1_98' title="bbox 367 4805 1942 4877">
     <span class='ocr_line' id='line_1_98' title="bbox 367 4805 1942 4877; baseline 0.003 -21"><span class='ocrx_word' id='word_1_727' title='bbox 367 4805 541 4874; x_wconf 82' lang='lat' dir='ltr'><strong>quid?</strong></span> <span class='ocrx_word' id='word_1_728' title='bbox 572 4807 708 4872; x_wconf 90' lang='lat' dir='ltr'><strong>Quia</strong></span> <span class='ocrx_word' id='word_1_729' title='bbox 742 4814 865 4877; x_wconf 89' lang='lat' dir='ltr'><strong>post</strong></span> <span class='ocrx_word' id='word_1_730' title='bbox 919 4807 1206 4861; x_wconf 82' lang='lat' dir='ltr'><strong>transitum</strong></span> <span class='ocrx_word' id='word_1_731' title='bbox 1248 4806 1510 4862; x_wconf 66' lang='lat' dir='ltr'><strong>Iordanis</strong></span> <span class='ocrx_word' id='word_1_732' title='bbox 1541 4806 1781 4860; x_wconf 82' lang='lat' dir='ltr'><strong>futurum</strong></span> <span class='ocrx_word' id='word_1_733' title='bbox 1823 4816 1942 4861; x_wconf 85' lang='lat' dir='ltr'><strong>erat</strong></span> 
     </span>
    </p>
   </div>
   <div class='ocr_carea' id='block_1_99' title="bbox 2017 4800 3619 4877">
    <p class='ocr_par' dir='ltr' id='par_1_99' title="bbox 2046 4800 3619 4873">
     <span class='ocr_line' id='line_1_99' title="bbox 2046 4800 3619 4873; baseline -0.003 -17"><span class='ocrx_word' id='word_1_734' title='bbox 2046 4805 2255 4869; x_wconf 83' lang='grc' dir='ltr'><strong>ὁΘεδς,</strong></span> <span class='ocrx_word' id='word_1_735' title='bbox 2328 4803 2604 4873; x_wconf 69' lang='grc' dir='ltr'><strong>μαχαίρας</strong></span> <span class='ocrx_word' id='word_1_736' title='bbox 2661 4805 2944 4873; x_wconf 67' lang='grc' dir='ltr'><strong>πετρίνας,</strong></span> <span class='ocrx_word' id='word_1_737' title='bbox 3025 4803 3121 4854; x_wconf 71' lang='grc' dir='ltr'><strong>καὶ</strong></span> <span class='ocrx_word' id='word_1_738' title='bbox 3167 4802 3435 4872; x_wconf 80' lang='grc' dir='ltr'><strong>περίτεμε</strong></span> <span class='ocrx_word' id='word_1_739' title='bbox 3488 4800 3619 4861; x_wconf 77' lang='grc' dir='ltr'><strong>τοὺς</strong></span> 
     </span>
    </p>
   </div>
   <div class='ocr_carea' id='block_1_100' title="bbox 370 4893 1972 4969">
    <p class='ocr_par' dir='ltr' id='par_1_100' title="bbox 370 4897 1940 4968">
     <span class='ocr_line' id='line_1_100' title="bbox 370 4897 1940 4968; baseline 0 -18"><span class='ocrx_word' id='word_1_740' title='bbox 370 4905 426 4950; x_wconf 84' lang='grc' dir='ltr'><strong>ιιι</strong></span> <span class='ocrx_word' id='word_1_741' title='bbox 453 4898 942 4954; x_wconf 78' lang='lat' dir='ltr'><strong>commiscerentur</strong></span> <span class='ocrx_word' id='word_1_742' title='bbox 995 4912 1118 4950; x_wconf 89' lang='lat' dir='ltr'><strong>cum</strong></span> <span class='ocrx_word' id='word_1_743' title='bbox 1167 4898 1332 4952; x_wconf 86' lang='lat' dir='ltr'><strong>variis</strong></span> <span class='ocrx_word' id='word_1_744' title='bbox 1375 4898 1647 4968; x_wconf 81' lang='lat' dir='ltr'><strong>gentibus.</strong></span> <span class='ocrx_word' id='word_1_745' title='bbox 1679 4897 1732 4968; x_wconf 76' lang='lat' dir='ltr'><strong>Si</strong></span> <span class='ocrx_word' id='word_1_746' title='bbox 1776 4898 1940 4967; x_wconf 80' lang='lat' dir='ltr'><strong>igitur</strong></span> 
     </span>
    </p>
   </div>
   <div class='ocr_carea' id='block_1_101' title="bbox 2020 4893 3622 4969">
    <p class='ocr_par' dir='ltr' id='par_1_101' title="bbox 2051 4893 3622 4969">
     <span class='ocr_line' id='line_1_101' title="bbox 2051 4893 3622 4969; baseline -0.005 -17"><span class='ocrx_word' id='word_1_747' title='bbox 2051 4900 2198 4963; x_wconf 80' lang='grc' dir='ltr'><strong>υἱοὺς</strong></span> <span class='ocrx_word' id='word_1_748' title='bbox 2250 4899 2488 4969; x_wconf 79' lang='grc' dir='ltr'><strong>Ἰσραήλ.</strong></span> <span class='ocrx_word' id='word_1_749' title='bbox 2527 4917 2544 4950; x_wconf 76' lang='grc' dir='ltr'><strong>ι</strong></span> <span class='ocrx_word' id='word_1_750' title='bbox 2598 4900 2754 4960; x_wconf 73' lang='grc' dir='ltr'><strong>Τίνος</strong></span> <span class='ocrx_word' id='word_1_751' title='bbox 2809 4897 2998 4950; x_wconf 70' lang='grc' dir='ltr'><strong>ἕνεκεν</strong></span> <span class='ocrx_word' id='word_1_752' title='bbox 3048 4897 3142 4958; x_wconf 79' lang='grc' dir='ltr'><strong>καὶ</strong></span> <span class='ocrx_word' id='word_1_753' title='bbox 3189 4895 3276 4947; x_wconf 79' lang='grc' dir='ltr'><strong>διὰ</strong></span> <span class='ocrx_word' id='word_1_754' title='bbox 3337 4895 3426 4958; x_wconf 73' lang='grc' dir='ltr'><strong>τίς</strong></span> <span class='ocrx_word' id='word_1_755' title='bbox 3493 4893 3622 4944; x_wconf 82' lang='grc' dir='ltr'><strong>Ὀτι</strong></span> 
     </span>
    </p>
   </div>
   <div class='ocr_carea' id='block_1_102' title="bbox 366 4985 1968 5060">
    <p class='ocr_par' dir='ltr' id='par_1_102' title="bbox 366 4987 1936 5058">
     <span class='ocr_line' id='line_1_102' title="bbox 366 4987 1936 5058; baseline 0 -16"><span class='ocrx_word' id='word_1_756' title='bbox 366 4989 714 5044; x_wconf 88' lang='lat' dir='ltr'><strong>circumcisio</strong></span> <span class='ocrx_word' id='word_1_757' title='bbox 742 4987 954 5057; x_wconf 78' lang='lat' dir='ltr'><strong>perlicit</strong></span> <span class='ocrx_word' id='word_1_758' title='bbox 982 4997 1037 5040; x_wconf 89' lang='lat' dir='ltr'><strong>et</strong></span> <span class='ocrx_word' id='word_1_759' title='bbox 1065 4989 1361 5044; x_wconf 84' lang='lat' dir='ltr'><strong>sanctilicat</strong></span> <span class='ocrx_word' id='word_1_760' title='bbox 1394 4990 1800 5048; x_wconf 86' lang='lat' dir='ltr'><strong>circumcisum.</strong></span> <span class='ocrx_word' id='word_1_761' title='bbox 1831 5005 1936 5058; x_wconf 90' lang='lat' dir='ltr'><strong>qua</strong></span> 
     </span>
    </p>
   </div>
   <div class='ocr_carea' id='block_1_103' title="bbox 2022 4985 3624 5060">
    <p class='ocr_par' dir='ltr' id='par_1_103' title="bbox 2052 4985 3624 5060">
     <span class='ocr_line' id='line_1_103' title="bbox 2052 4985 3624 5060; baseline -0.005 -16"><span class='ocrx_word' id='word_1_762' title='bbox 2052 4992 2192 5059; x_wconf 75' lang='grc' dir='ltr'><strong>μετὰ</strong></span> <span class='ocrx_word' id='word_1_763' title='bbox 2217 4992 2308 5044; x_wconf 76' lang='grc' dir='ltr'><strong>τὸν</strong></span> <span class='ocrx_word' id='word_1_764' title='bbox 2354 4991 2628 5060; x_wconf 80' lang='grc' dir='ltr'><strong>Ἰορδάνην</strong></span> <span class='ocrx_word' id='word_1_765' title='bbox 2660 4988 3034 5058; x_wconf 83' lang='grc' dir='ltr'><strong>ἀναμεμίχθαι</strong></span> <span class='ocrx_word' id='word_1_766' title='bbox 3070 4987 3349 5054; x_wconf 65' lang='grc' dir='ltr'><strong>διαφόροις</strong></span> <span class='ocrx_word' id='word_1_767' title='bbox 3405 4985 3624 5036; x_wconf 79' lang='grc' dir='ltr'><strong>ἔθνεσιν</strong></span> 
     </span>
    </p>
   </div>
   <div class='ocr_carea' id='block_1_104' title="bbox 368 5065 1970 5150">
    <p class='ocr_par' dir='ltr' id='par_1_104' title="bbox 368 5065 1938 5147">
     <span class='ocr_line' id='line_1_104' title="bbox 368 5065 1938 5147; baseline 0.001 -13"><span class='ocrx_word' id='word_1_768' title='bbox 368 5083 434 5135; x_wconf 86' lang='lat' dir='ltr'><strong>de</strong></span> <span class='ocrx_word' id='word_1_769' title='bbox 466 5097 631 5136; x_wconf 85' lang='lat' dir='ltr'><strong>causa</strong></span> <span class='ocrx_word' id='word_1_770' title='bbox 657 5082 710 5135; x_wconf 91' lang='lat' dir='ltr'><strong>in</strong></span> <span class='ocrx_word' id='word_1_771' title='bbox 745 5095 932 5136; x_wconf 89' lang='lat' dir='ltr'><strong>eremo</strong></span> <span class='ocrx_word' id='word_1_772' title='bbox 963 5097 1073 5136; x_wconf 92' lang='lat' dir='ltr'><strong>non</strong></span> <span class='ocrx_word' id='word_1_773' title='bbox 1097 5091 1227 5139; x_wconf 90' lang='lat' dir='ltr'><strong>sunt</strong></span> <span class='ocrx_word' id='word_1_774' title='bbox 1259 5083 1610 5139; x_wconf 86' lang='lat' dir='ltr'><strong>circumcisi?</strong></span> <span class='ocrx_word' id='word_1_775' title='bbox 1639 5082 1774 5147; x_wconf 91' lang='lat' dir='ltr'><strong>Quia</strong></span> <span class='ocrx_word' id='word_1_776' title='bbox 1809 5065 1938 5136; x_wconf 88' lang='lat' dir='ltr'><strong>tunc</strong></span> 
     </span>
    </p>
   </div>
   <div class='ocr_carea' id='block_1_105' title="bbox 2016 5065 3618 5150">
    <p class='ocr_par' dir='ltr' id='par_1_105' title="bbox 2048 5073 3618 5150">
     <span class='ocr_line' id='line_1_105' title="bbox 2048 5073 3618 5150; baseline -0.004 -18"><span class='ocrx_word' id='word_1_777' title='bbox 2048 5081 2292 5150; x_wconf 72' lang='grc' dir='ltr'><strong>ἔμελλον.</strong></span> <span class='ocrx_word' id='word_1_778' title='bbox 2341 5081 2401 5136; x_wconf 79' lang='lat' dir='ltr'><strong>Ei</strong></span> <span class='ocrx_word' id='word_1_779' title='bbox 2435 5081 2672 5150; x_wconf 75' lang='grc' dir='ltr'><strong>τοί-ιυνη</strong></span> <span class='ocrx_word' id='word_1_780' title='bbox 2708 5079 2983 5148; x_wconf 77' lang='grc' dir='ltr'><strong>περιτομὴ</strong></span> <span class='ocrx_word' id='word_1_781' title='bbox 3024 5077 3224 5130; x_wconf 85' lang='grc' dir='ltr'><strong>τελειοί</strong></span> <span class='ocrx_word' id='word_1_782' title='bbox 3257 5077 3351 5128; x_wconf 68' lang='grc' dir='ltr'><strong>καὶ</strong></span> <span class='ocrx_word' id='word_1_783' title='bbox 3397 5073 3618 5141; x_wconf 72' lang='grc' dir='ltr'><strong>ἁγιάζει</strong></span> 
     </span>
    </p>
   </div>
   <div class='ocr_carea' id='block_1_106' title="bbox 367 5166 1969 5244">
    <p class='ocr_par' dir='ltr' id='par_1_106' title="bbox 367 5173 1938 5243">
     <span class='ocr_line' id='line_1_106' title="bbox 367 5173 1938 5243; baseline 0 -15"><span class='ocrx_word' id='word_1_784' title='bbox 367 5191 473 5228; x_wconf 86' lang='lat' dir='ltr'><strong>non</strong></span> <span class='ocrx_word' id='word_1_785' title='bbox 522 5184 644 5230; x_wconf 88' lang='lat' dir='ltr'><strong>erat</strong></span> <span class='ocrx_word' id='word_1_786' title='bbox 693 5175 1000 5229; x_wconf 88' lang='lat' dir='ltr'><strong>necessaria</strong></span> <span class='ocrx_word' id='word_1_787' title='bbox 1064 5176 1410 5230; x_wconf 86' lang='lat' dir='ltr'><strong>circumcisio</strong></span> <span class='ocrx_word' id='word_1_788' title='bbox 1463 5174 1671 5237; x_wconf 88' lang='lat' dir='ltr'><strong>lsraeli,</strong></span> <span class='ocrx_word' id='word_1_789' title='bbox 1723 5173 1836 5243; x_wconf 89' lang='lat' dir='ltr'><strong>qui,</strong></span> <span class='ocrx_word' id='word_1_790' title='bbox 1881 5183 1938 5228; x_wconf 87' lang='lat' dir='ltr'><strong>ut</strong></span> 
     </span>
    </p>
   </div>
   <div class='ocr_carea' id='block_1_107' title="bbox 2017 5166 3619 5244">
    <p class='ocr_par' dir='ltr' id='par_1_107' title="bbox 2047 5166 3619 5244">
     <span class='ocr_line' id='line_1_107' title="bbox 2047 5166 3619 5244; baseline -0.006 -20"><span class='ocrx_word' id='word_1_791' title='bbox 2047 5171 2656 5244; x_wconf 56' lang='lat' dir='ltr'><strong>zbv_nsptzspvépavov,</strong></span> <span class='ocrx_word' id='word_1_792' title='bbox 2702 5169 2790 5222; x_wconf 72' lang='grc' dir='ltr'><strong>διὰ</strong></span> <span class='ocrx_word' id='word_1_793' title='bbox 2827 5169 2988 5237; x_wconf 78' lang='grc' dir='ltr'><strong>τίμὴ</strong></span> <span class='ocrx_word' id='word_1_794' title='bbox 3040 5167 3184 5220; x_wconf 80' lang='grc' dir='ltr'><strong>κατὰ</strong></span> <span class='ocrx_word' id='word_1_795' title='bbox 3257 5167 3355 5236; x_wconf 76' lang='grc' dir='ltr'><strong>τὴν</strong></span> <span class='ocrx_word' id='word_1_796' title='bbox 3403 5166 3619 5235; x_wconf 72' lang='grc' dir='ltr'><strong>ἔρημον</strong></span> 
     </span>
    </p>
   </div>
   <div class='ocr_carea' id='block_1_108' title="bbox 365 5253 1967 5337">
    <p class='ocr_par' dir='ltr' id='par_1_108' title="bbox 365 5267 1932 5337">
     <span class='ocr_line' id='line_1_108' title="bbox 365 5267 1932 5337; baseline 0.001 -19"><span class='ocrx_word' id='word_1_797' title='bbox 365 5269 622 5331; x_wconf 76' lang='lat' dir='ltr'><strong>diximus,</strong></span> <span class='ocrx_word' id='word_1_798' title='bbox 675 5268 825 5322; x_wconf 90' lang='lat' dir='ltr'><strong>solus</strong></span> <span class='ocrx_word' id='word_1_799' title='bbox 879 5277 1016 5334; x_wconf 89' lang='lat' dir='ltr'><strong>erat,</strong></span> <span class='ocrx_word' id='word_1_800' title='bbox 1053 5278 1108 5322; x_wconf 89' lang='lat' dir='ltr'><strong>et</strong></span> <span class='ocrx_word' id='word_1_801' title='bbox 1143 5283 1310 5337; x_wconf 89' lang='lat' dir='ltr'><strong>penes</strong></span> <span class='ocrx_word' id='word_1_802' title='bbox 1361 5283 1421 5322; x_wconf 89' lang='lat' dir='ltr'><strong>se</strong></span> <span class='ocrx_word' id='word_1_803' title='bbox 1471 5267 1932 5322; x_wconf 75' lang='lat' dir='ltr'><strong>commorabatur.</strong></span> 
     </span>
    </p>
   </div>
   <div class='ocr_carea' id='block_1_109' title="bbox 2019 5253 3621 5337">
    <p class='ocr_par' dir='ltr' id='par_1_109' title="bbox 2048 5253 3621 5332">
     <span class='ocr_line' id='line_1_109' title="bbox 2048 5253 3621 5332; baseline -0.006 -16"><span class='ocrx_word' id='word_1_804' title='bbox 2048 5263 2503 5332; x_wconf 80' lang='grc' dir='ltr'><strong>περιετέμνοντο;</strong></span> <span class='ocrx_word' id='word_1_805' title='bbox 2573 5259 2717 5311; x_wconf 79' lang='grc' dir='ltr'>Ἀλλ’</span> <span class='ocrx_word' id='word_1_806' title='bbox 2745 5255 2844 5310; x_wconf 78' lang='grc' dir='ltr'><strong>οὐκ</strong></span> <span class='ocrx_word' id='word_1_807' title='bbox 2885 5255 2952 5326; x_wconf 79' lang='grc' dir='ltr'><strong>ἦν</strong></span> <span class='ocrx_word' id='word_1_808' title='bbox 2976 5257 3252 5325; x_wconf 81' lang='grc' dir='ltr'><strong>ἀναγκαία</strong></span> <span class='ocrx_word' id='word_1_809' title='bbox 3311 5253 3621 5326; x_wconf 73' lang='grc' dir='ltr'><strong>τηνικαῦτα</strong></span> 
     </span>
    </p>
   </div>
   <div class='ocr_carea' id='block_1_110' title="bbox 367 5343 1969 5434">
    <p class='ocr_par' dir='ltr' id='par_1_110' title="bbox 367 5359 1936 5434">
     <span class='ocr_line' id='line_1_110' title="bbox 367 5359 1936 5434; baseline -0.003 -16"><span class='ocrx_word' id='word_1_810' title='bbox 367 5363 572 5418; x_wconf 75' lang='lat' dir='ltr'><strong>Exinde</strong></span> <span class='ocrx_word' id='word_1_811' title='bbox 598 5378 727 5434; x_wconf 88' lang='lat' dir='ltr'><strong>ergo</strong></span> <span class='ocrx_word' id='word_1_812' title='bbox 759 5359 960 5425; x_wconf 85' lang='lat' dir='ltr'><strong>discas,</strong></span> <span class='ocrx_word' id='word_1_813' title='bbox 1001 5361 1144 5431; x_wconf 90' lang='lat' dir='ltr'><strong>quod</strong></span> <span class='ocrx_word' id='word_1_814' title='bbox 1185 5360 1400 5431; x_wconf 83' lang='lat' dir='ltr'><strong>signum</strong></span> <span class='ocrx_word' id='word_1_815' title='bbox 1438 5367 1556 5415; x_wconf 88' lang='lat' dir='ltr'><strong>erat</strong></span> <span class='ocrx_word' id='word_1_816' title='bbox 1586 5368 1794 5414; x_wconf 88' lang='lat' dir='ltr'><strong>tantum</strong></span> <span class='ocrx_word' id='word_1_817' title='bbox 1830 5360 1936 5414; x_wconf 90' lang='lat' dir='ltr'><strong>cir—</strong></span> 
     </span>
    </p>
   </div>
   <div class='ocr_carea' id='block_1_111' title="bbox 2019 5343 3621 5434">
    <p class='ocr_par' dir='ltr' id='par_1_111' title="bbox 2046 5343 3621 5434">
     <span class='ocr_line' id='line_1_111' title="bbox 2046 5343 3621 5434; baseline -0.008 -26"><span class='ocrx_word' id='word_1_818' title='bbox 2046 5357 2078 5424; x_wconf 86' lang='grc' dir='ltr'><strong>ή</strong></span> <span class='ocrx_word' id='word_1_819' title='bbox 2139 5354 2413 5426; x_wconf 81' lang='grc' dir='ltr'><strong>περιτομὴ</strong></span> <span class='ocrx_word' id='word_1_820' title='bbox 2464 5351 2560 5404; x_wconf 80' lang='grc' dir='ltr'><strong>τοῦ</strong></span> <span class='ocrx_word' id='word_1_821' title='bbox 2609 5349 2847 5420; x_wconf 63' lang='grc' dir='ltr'><strong>Ἰσραὴλ,</strong></span> <span class='ocrx_word' id='word_1_822' title='bbox 2908 5349 2982 5412; x_wconf 84' lang='grc' dir='ltr'><strong>ὡς</strong></span> <span class='ocrx_word' id='word_1_823' title='bbox 3020 5347 3270 5434; x_wconf 57' lang='grc' dir='ltr'><strong>εἴπομεν,</strong></span> <span class='ocrx_word' id='word_1_824' title='bbox 3305 5347 3468 5414; x_wconf 77' lang='grc' dir='ltr'><strong>μόνον</strong></span> <span class='ocrx_word' id='word_1_825' title='bbox 3517 5343 3621 5396; x_wconf 75' lang='grc' dir='ltr'><strong>καὶ</strong></span> 
     </span>
    </p>
   </div>
   <div class='ocr_carea' id='block_1_112' title="bbox 365 5433 1967 5524">
    <p class='ocr_par' dir='ltr' id='par_1_112' title="bbox 365 5433 1937 5524">
     <span class='ocr_line' id='line_1_112' title="bbox 365 5433 1937 5524; baseline -0.001 -17"><span class='ocrx_word' id='word_1_826' title='bbox 365 5455 627 5510; x_wconf 85' lang='lat' dir='ltr'><strong>cumcisio</strong></span> <span class='ocrx_word' id='word_1_827' title='bbox 647 5433 909 5524; x_wconf 15' lang='lat' dir='ltr'><strong>sieparans</strong></span> <span class='ocrx_word' id='word_1_828' title='bbox 938 5453 1191 5516; x_wconf 86' lang='lat' dir='ltr'><strong>Israelem</strong></span> <span class='ocrx_word' id='word_1_829' title='bbox 1223 5468 1252 5506; x_wconf 86' lang='lat' dir='ltr'><strong>a</strong></span> <span class='ocrx_word' id='word_1_830' title='bbox 1286 5451 1604 5507; x_wconf 91' lang='lat' dir='ltr'><strong>nationibus</strong></span> <span class='ocrx_word' id='word_1_831' title='bbox 1636 5452 1781 5506; x_wconf 86' lang='lat' dir='ltr'><strong>inter</strong></span> <span class='ocrx_word' id='word_1_832' title='bbox 1801 5468 1937 5520; x_wconf 88' lang='lat' dir='ltr'><strong>quas</strong></span> 
     </span>
    </p>
   </div>
   <div class='ocr_carea' id='block_1_113' title="bbox 2009 5433 3611 5524">
    <p class='ocr_par' dir='ltr' id='par_1_113' title="bbox 2045 5433 3611 5512">
     <span class='ocr_line' id='line_1_113' title="bbox 2045 5433 3611 5512; baseline -0.01 -11"><span class='ocrx_word' id='word_1_833' title='bbox 2045 5445 2170 5501; x_wconf 74' lang='grc' dir='ltr'><strong>καθ’</strong></span> <span class='ocrx_word' id='word_1_834' title='bbox 2203 5444 2393 5498; x_wconf 76' lang='grc' dir='ltr'><strong>ἑαυτὸν</strong></span> <span class='ocrx_word' id='word_1_835' title='bbox 2443 5442 2838 5512; x_wconf 75' lang='grc' dir='ltr'><strong>διατρίϐοντος.</strong></span> <span class='ocrx_word' id='word_1_836' title='bbox 2888 5439 3171 5493; x_wconf 78' lang='grc' dir='ltr'><strong>Ἐντεῦθεν</strong></span> <span class='ocrx_word' id='word_1_837' title='bbox 3200 5433 3294 5491; x_wconf 74' lang='grc' dir='ltr'><strong>οὖν</strong></span> <span class='ocrx_word' id='word_1_838' title='bbox 3351 5435 3611 5505; x_wconf 77' lang='grc' dir='ltr'><strong>μάνθανε,</strong></span> 
     </span>
    </p>
   </div>
   <div class='ocr_carea' id='block_1_114' title="bbox 364 5525 1966 5614">
    <p class='ocr_par' dir='ltr' id='par_1_114' title="bbox 364 5540 1931 5614">
     <span class='ocr_line' id='line_1_114' title="bbox 364 5540 1931 5614; baseline -0.002 -20"><span class='ocrx_word' id='word_1_839' title='bbox 364 5544 714 5609; x_wconf 83' lang='lat' dir='ltr'><strong>versabatur;</strong></span> <span class='ocrx_word' id='word_1_840' title='bbox 777 5552 943 5614; x_wconf 89' lang='lat' dir='ltr'><strong>atque</strong></span> <span class='ocrx_word' id='word_1_841' title='bbox 998 5542 1101 5596; x_wconf 91' lang='lat' dir='ltr'><strong>hoc</strong></span> <span class='ocrx_word' id='word_1_842' title='bbox 1153 5541 1405 5612; x_wconf 87' lang='lat' dir='ltr'><strong>aperiens</strong></span> <span class='ocrx_word' id='word_1_843' title='bbox 1459 5541 1718 5596; x_wconf 89' lang='lat' dir='ltr'><strong>Dominus</strong></span> <span class='ocrx_word' id='word_1_844' title='bbox 1758 5540 1931 5594; x_wconf 75' lang='lat' dir='ltr'><strong>dixit:</strong></span> 
     </span>
    </p>
   </div>
   <div class='ocr_carea' id='block_1_115' title="bbox 2017 5525 3619 5614">
    <p class='ocr_par' dir='ltr' id='par_1_115' title="bbox 2044 5525 3619 5607">
     <span class='ocr_line' id='line_1_115' title="bbox 2044 5525 3619 5607; baseline -0.008 -15"><span class='ocrx_word' id='word_1_845' title='bbox 2044 5542 2124 5592; x_wconf 77' lang='grc' dir='ltr'><strong>ὅτι</strong></span> <span class='ocrx_word' id='word_1_846' title='bbox 2170 5540 2397 5607; x_wconf 83' lang='grc' dir='ltr'><strong>σημεῖον</strong></span> <span class='ocrx_word' id='word_1_847' title='bbox 2447 5537 2609 5604; x_wconf 80' lang='grc' dir='ltr'><strong>μόνον</strong></span> <span class='ocrx_word' id='word_1_848' title='bbox 2666 5530 2735 5603; x_wconf 82' lang='grc' dir='ltr'><strong>ἦν</strong></span> <span class='ocrx_word' id='word_1_849' title='bbox 2773 5534 2807 5602; x_wconf 80' lang='grc' dir='ltr'><strong>ἡ</strong></span> <span class='ocrx_word' id='word_1_850' title='bbox 2867 5532 3162 5602; x_wconf 85' lang='grc' dir='ltr'><strong>περιτομὴ,</strong></span> <span class='ocrx_word' id='word_1_851' title='bbox 3221 5528 3479 5597; x_wconf 77' lang='grc' dir='ltr'><strong>ἁφορίζον</strong></span> <span class='ocrx_word' id='word_1_852' title='bbox 3515 5525 3619 5580; x_wconf 66' lang='grc' dir='ltr'><strong>τὸν</strong></span> 
     </span>
    </p>
   </div>
   <div class='ocr_carea' id='block_1_116' title="bbox 370 5617 1972 5698">
    <p class='ocr_par' dir='ltr' id='par_1_116' title="bbox 370 5632 1930 5692">
     <span class='ocr_line' id='line_1_116' title="bbox 370 5632 1930 5692; baseline 0 -7"><span class='ocrx_word' id='word_1_853' title='bbox 370 5654 384 5684; x_wconf 77' lang='grc' dir='ltr'><strong>ι</strong></span> <span class='ocrx_word' id='word_1_854' title='bbox 421 5633 854 5690; x_wconf 72' lang='grc' dir='ltr'><strong>Οἰτοιιιηοῑιιειιιι·</strong></span> <span class='ocrx_word' id='word_1_855' title='bbox 904 5634 1059 5689; x_wconf 86' lang='lat' dir='ltr'><strong>vobis</strong></span> <span class='ocrx_word' id='word_1_856' title='bbox 1107 5649 1271 5687; x_wconf 84' lang='lat' dir='ltr'><strong>omne</strong></span> <span class='ocrx_word' id='word_1_857' title='bbox 1302 5632 1624 5692; x_wconf 85' lang='lat' dir='ltr'><strong>masculum.</strong></span> <span class='ocrx_word' id='word_1_858' title='bbox 1657 5643 1712 5686; x_wconf 92' lang='lat' dir='ltr'><strong>ct</strong></span> <span class='ocrx_word' id='word_1_859' title='bbox 1739 5633 1844 5685; x_wconf 85' lang='lat' dir='ltr'><strong>erit</strong></span> <span class='ocrx_word' id='word_1_860' title='bbox 1878 5634 1930 5686; x_wconf 90' lang='lat' dir='ltr'><strong>in</strong></span> 
     </span>
    </p>
   </div>
   <div class='ocr_carea' id='block_1_117' title="bbox 2015 5617 3617 5698">
    <p class='ocr_par' dir='ltr' id='par_1_117' title="bbox 2055 5617 3617 5698">
     <span class='ocr_line' id='line_1_117' title="bbox 2055 5617 3617 5698; baseline -0.009 -15"><span class='ocrx_word' id='word_1_861' title='bbox 2055 5627 2271 5698; x_wconf 71' lang='grc' dir='ltr'><strong>Ἰσραὴλ</strong></span> <span class='ocrx_word' id='word_1_862' title='bbox 2320 5629 2383 5679; x_wconf 84' lang='grc' dir='ltr'><strong>ἐκ</strong></span> <span class='ocrx_word' id='word_1_863' title='bbox 2459 5626 2567 5677; x_wconf 81' lang='grc' dir='ltr'><strong>τῶν</strong></span> <span class='ocrx_word' id='word_1_864' title='bbox 2627 5625 2797 5676; x_wconf 73' lang='grc' dir='ltr'><strong>ἐθνῶν</strong></span> <span class='ocrx_word' id='word_1_865' title='bbox 2848 5617 2928 5684; x_wconf 81' lang='grc' dir='ltr'><strong>οἷς</strong></span> <span class='ocrx_word' id='word_1_866' title='bbox 3003 5623 3213 5691; x_wconf 81' lang='grc' dir='ltr'><strong>ἑωρᾶτο</strong></span> <span class='ocrx_word' id='word_1_867' title='bbox 3279 5633 3617 5688; x_wconf 75' lang='grc' dir='ltr'><strong>συναναστρι</strong></span> 
     </span>
    </p>
   </div>
   <div class='ocr_carea' id='block_1_118' title="bbox 361 5712 1963 5797">
    <p class='ocr_par' dir='ltr' id='par_1_118' title="bbox 361 5723 1934 5797">
     <span class='ocr_line' id='line_1_118' title="bbox 361 5723 1934 5797; baseline 0.001 -20"><span class='ocrx_word' id='word_1_868' title='bbox 361 5727 574 5792; x_wconf 71' lang='lat' dir='ltr'><strong>signum</strong></span> <span class='ocrx_word' id='word_1_869' title='bbox 609 5726 825 5784; x_wconf 77' lang='lat' dir='ltr'><strong>[cedetis</strong></span> <span class='ocrx_word' id='word_1_870' title='bbox 857 5728 999 5784; x_wconf 82' lang='lat' dir='ltr'><strong>inter</strong></span> <span class='ocrx_word' id='word_1_871' title='bbox 1033 5741 1118 5781; x_wconf 84' lang='lat' dir='ltr'><strong>tuc</strong></span> <span class='ocrx_word' id='word_1_872' title='bbox 1160 5735 1214 5779; x_wconf 89' lang='lat' dir='ltr'><strong>et</strong></span> <span class='ocrx_word' id='word_1_873' title='bbox 1239 5741 1351 5780; x_wconf 84' lang='lat' dir='ltr'><strong>vos.</strong></span> <span class='ocrx_word' id='word_1_874' title='bbox 1387 5745 1402 5775; x_wconf 77' lang='grc' dir='ltr'><strong>ι</strong></span> <span class='ocrx_word' id='word_1_875' title='bbox 1454 5723 1530 5780; x_wconf 76' lang='lat' dir='ltr'><strong>Nc</strong></span> <span class='ocrx_word' id='word_1_876' title='bbox 1556 5724 1736 5795; x_wconf 85' lang='lat' dir='ltr'><strong>jactes</strong></span> <span class='ocrx_word' id='word_1_877' title='bbox 1767 5725 1934 5797; x_wconf 77' lang='lat' dir='ltr'><strong>igitur</strong></span> 
     </span>
    </p>
   </div>
   <div class='ocr_carea' id='block_1_119' title="bbox 1987 5712 3589 5797">
    <p class='ocr_par' dir='ltr' id='par_1_119' title="bbox 2044 5712 3589 5792">
     <span class='ocr_line' id='line_1_119' title="bbox 2044 5712 3589 5792; baseline -0.008 -18"><span class='ocrx_word' id='word_1_878' title='bbox 2044 5724 2296 5792; x_wconf 67' lang='grc' dir='ltr'><strong>φάμενος.</strong></span> <span class='ocrx_word' id='word_1_879' title='bbox 2332 5720 2440 5773; x_wconf 77' lang='grc' dir='ltr'><strong>Καὶ</strong></span> <span class='ocrx_word' id='word_1_880' title='bbox 2487 5716 2642 5771; x_wconf 81' lang='grc' dir='ltr'><strong>τοῦτο</strong></span> <span class='ocrx_word' id='word_1_881' title='bbox 2672 5715 2846 5786; x_wconf 77' lang='grc' dir='ltr'><strong>δηλῶν</strong></span> <span class='ocrx_word' id='word_1_882' title='bbox 2877 5715 2903 5768; x_wconf 83' lang='grc' dir='ltr'>ὁ</span> <span class='ocrx_word' id='word_1_883' title='bbox 2937 5715 3141 5785; x_wconf 76' lang='grc' dir='ltr'><strong>Κύριος</strong></span> <span class='ocrx_word' id='word_1_884' title='bbox 3182 5714 3333 5781; x_wconf 74' lang='grc' dir='ltr'><strong>ἔλεγε</strong></span> <span class='ocrx_word' id='word_1_885' title='bbox 3359 5725 3373 5742; x_wconf 77' lang='grc'><strong><em>³</em></strong></span> <span class='ocrx_word' id='word_1_886' title='bbox 3410 5729 3429 5763; x_wconf 85' lang='lat' dir='ltr'><strong>t</strong></span> <span class='ocrx_word' id='word_1_887' title='bbox 3475 5712 3589 5764; x_wconf 82' lang='grc' dir='ltr'><strong>Πε-</strong></span> 
     </span>
    </p>
   </div>
  </div>
