4058 6196
353 345 452 408 881

1702 349 2062 414 EPISTOLA
2103 353 2264 419 XIV.

3501 361 3606 428 882

356 453 759 525 ριτμηθήσεται
803 455 956 526 ὑμῶν
1009 457 1116 510 πᾶν
1172 457 1480 524 ἂρσενικὸν,
1519 462 1612 514 καὶ
1667 465 1818 518 ἔσται
1851 470 1926 529 είς

2033 467 2305 522 carnalem
2331 467 2832 534 circumcisionem,
2878 485 3052 540 neque
3086 479 3136 525 te
3178 470 3380 527 ederas
3411 483 3603 530 contra
3666 470 3668 473 ’

355 549 582 615 σημεῖον
635 545 907 615 διαθήκης
967 547 1236 615 ἀναριέσον
1289 549 1426 626 sum}
1460 551 1553 602 καὶ
1590 553 1762 624 ὑμῶν.
1790 573 1807 604 ι
1834 557 1926 624 Μὴ

351 635 529 687 τοίνυν
579 637 644 703 τῇ
700 636 935 703 σαρκικῇ
995 635 1332 704 μεγαλαύχει
1407 644 1704 707 περιτομῇ,
1789 642 1932 710 μηδὲ

352 727 690 794 κατεπαίρον
743 725 852 784 τῶν
919 726 1314 794 ἀπεριτμήτων
1365 727 1550 797 ἡμῶν,
1619 731 1712 781 καὶ
1757 733 1927 785 ταῦτα

2038 575 2139 614 nos
2176 560 2608 624 incircumi-isos,
2647 561 2887 631 itemque
2922 571 3112 617 contra
3167 580 3367 620 novum
3405 564 3606 628 fmdus,

2034 659 2089 703 ut
2125 649 2352 714 dictum,
2388 660 2493 715 est,
2526 650 2810 705 nobiscum
2847 653 3148 714 sancitum,
3198 655 3422 724 antiquo
3471 670 3607 710 sane
3657 669 3662 676 ‘

2032 738 2326 814 sublimius
2353 747 2404 792 et
2434 739 2650 794 melius.

347 819 614 889 διαθήκης
667 819 882 889 καινῆς,
931 819 1006 881 ὡς
1065 819 1318 888 εἴπομεν,
1367 822 1617 892 δοθείσης
1653 825 1786 892 ἡμῖν
1838 828 2018 900 πολλῷ
2047 832 2146 898 τῆς
2205 832 2399 902 πρώην
2428 833 2765 904 ὑψηλοτέρας
2792 839 2886 890 καὶ
2913 836 3184 905 μείζονος,

417 915 498 968 Τά
525 915 657 967 αὖτᾶ
684 913 889 977 τούτοις
913 914 1060 968 ἔστιν
1094 918 1268 986 εἰπεῖν
1301 917 1396 968 καὶ
1432 919 1490 968 ὲν
1545 919 1738 982 αὑταῖς
1787 920 1920 984 ζωο-

351 1007 584 1065 θυσίτις.
653 999 739 1068 αἷς
795 1006 1212 1075 ἀπερισκέπτως
1280 1009 1623 1077 κεχρήμεθα.
1683 1011 1748 1064 Ἦ
1811 1014 1920 1082 γὰρ

2101 925 2301 982 Eadem
2341 923 2422 982 his
2451 928 2684 983 dicenda
2715 938 2843 982 sunt
2879 939 2933 984 et
2969 933 3034 985 de
3077 932 3212 1000 ipsis
3243 933 3607 988 animantium

2029 1017 2331 1083 sacrificiis,
2367 1034 2488 1088 quae
2535 1019 2910 1073 indifferenter
2949 1021 3181 1074 mutuati
3218 1037 3426 1077 sumus.
3458 1016 3607 1079 Nova

351 1097 508 1165 καινὴ
536 1095 764 1148 ἐλθοῦσα
789 1097 1080 1165 νομοθεσία
1105 1097 1198 1158 τὰς
1224 1097 1318 1150 τοῦ
1373 1099 1538 1168 νόμου
1591 1103 1926 1174 παρατηρή-1

2031 1107 2171 1160 enim
2203 1108 2502 1162 adveniens
2550 1108 2820 1180 lcgislatio
2870 1125 2962 1164 eas
3010 1110 3144 1180 legis
3193 1113 3606 1168 observationes

352 1205 465 1250 σεις
485 1187 803 1256 κατήργησε
837 1186 1042 1251 τέλεον,
1075 1188 1196 1240 τότε
1227 1189 1287 1256 δὴ
1311 1189 1428 1240 τότε
1453 1189 1538 1241 διὰ
1564 1189 1655 1242 τοῦ
1680 1192 1917 1262 Ἰσραὴλ,

347 1273 420 1333 ὠς
461 1272 702 1338 simus).
733 1271 980 1335 δοθείσας
1002 1273 1312 1328 ἀσθένειαν.
1341 1275 1459 1328 Ἵνα
1489 1277 1597 1346 γὰρ
1628 1279 1728 1344 τῆς
1755 1279 1919 1348 Λίγυ-

352 1364 585 1432 τττιακῆς
627 1364 884 1422 ἀσεϐείας
915 1365 1267 1418 παντάπασιν
1300 1367 1371 1418 ὲπ
1397 1367 1698 1431 λάϐωνται,
1724 1370 1920 1439 νόμους

348 1469 406 1503 τε
439 1451 716 1514 τοιούτους
739 1451 888 1505 ἔθετο
921 1456 946 1506 ό
974 1453 1126 1517 Θεὸς,
1153 1455 1248 1508 καὶ
1275 1455 1341 1508 τὰ
1379 1455 1494 1520 ζῶα
1563 1460 1735 1512 πάντα
1787 1461 1920 1515 διεῖ-

349 1543 438 1594 λεν
489 1543 569 1604 είς
598 1543 820 1612 καθαρὰ
855 1543 950 1595 καὶ
1003 1545 1312 1616 ἀκάθαρτα,
1371 1547 1458 1616 ἐφ’
1495 1541 1538 1616 ᾧ
1588 1552 1916 1619 σφάττεσθαι

350 1635 450 1698 μὲν
481 1633 735 1686 ἐκέλευσε
766 1633 900 1704 παρ’
930 1635 1112 1699 αὐτοῖς
1138 1638 1310 1691 ὁπόσα
1365 1640 1485 1692 κατ’
1525 1640 1832 1707 Αἴγυπτον’“
1859 1645 1918 1694 ἐν

2023 1194 2252 1266 prorsus
2282 1201 2544 1262 abolevit,
2579 1216 2699 1269 qua:
2724 1214 2854 1254 tunc
2886 1210 3108 1269 propter
3134 1201 3349 1256 lsraelis
3375 1204 3606 1256 infirmi-

2029 1296 2214 1355 tatem,
2253 1302 2308 1346 ut
2337 1292 2596 1354 diximus,
2632 1292 2770 1346 datae
2823 1292 3059 1347 fuerant.
3111 1293 3184 1348 Ut
3223 1296 3368 1347 enim
3399 1295 3468 1347 ab
3510 1297 3607 1346 im-

2024 1376 2558 1452 pietate/Egyptian
2611 1383 2839 1436 omnino
2898 1386 3308 1445 coercerentur,
3372 1394 3427 1437 et
3459 1384 3608 1454 leges

2026 1469 2338 1539 hujusmodi
2395 1473 2681 1527 constituit
2741 1473 2905 1536 Deus,
2964 1481 3018 1525 et
3068 1473 3365 1526 animantia
3417 1474 3607 1526 omnia

2026 1560 2277 1615 distinxit
2307 1563 2361 1616 in
2394 1563 2595 1618 munda
2631 1575 2684 1619 ct
2708 1565 2987 1620 immimda
3019 1565 3156 1635 (25),
3189 1581 3255 1619 ex
3285 1580 3395 1634 quo
3429 1564 3606 1620 occidi

2024 1653 2244 1723 quidem
2271 1654 2435 1722 jussit
2468 1657 2536 1709 ab
2568 1657 2700 1726 ipsis
2747 1667 3016 1727 quotquot
3051 1673 3148 1726 per
3195 1657 3486 1726 ngyplum
3543 1657 3599 1709 iu

347 1724 498 1789 τάξει
531 1723 665 1775 θεῶν
687 1725 992 1792 ἐνομίζετο,
1026 1727 1250 1780 ἐκείνων
1308 1729 1354 1782 δ’
1393 1726 1460 1783 αὖ
1491 1731 1566 1794 ὡς
1598 1732 1923 1800 ἀκαθάρτων

2031 1743 2216 1798 ordine
2264 1745 2493 1800 deorum
2546 1748 2977 1816 reputabuntur,
3031 1762 3203 1814 eaque
3237 1763 3432 1800 rursus
3475 1757 3604 1799 tau-

351 1814 426 1883 μὴ
461 1814 751 1878 ἅπτεσθαι,
777 1815 988 1883 ὅσαπερ
1019 1817 1098 1878 είς
1128 1816 1338 1888 τροφὴν
1369 1819 1546 1872 ἐκεῖσε
1576 1820 1654 1890 τῷ
1696 1821 1919 1892 Ἰσραὴλ

347 1906 742 1975 ἐχρημάτιζεν.
789 1907 847 1958 Ei
895 1907 951 1959 δὲ
1006 1908 1352 1976 ἀκαθάρτους
1396 1913 1544 1980 ἡμᾶς
1608 1914 1917 1982 ἐπικαλεῖς,

345 1999 422 2060 ὼς
461 1997 533 2068 μὴ
558 1998 696 2051 κατὰ
729 1999 896 2066 νόμον
925 1998 1088 2068 δῆθεν
1115 2000 1398 2064 ἐσθίοντας
1426 2003 1517 2055 τὸν
1568 2006 1780 2072 χοῖρον,
1830 2005 1922 2057 τὸν

346 2087 547 2154 λαγὼν,
579 2089 675 2150 καὶ
706 2090 807 2143 ὅσα
836 2089 1082 2150 τοιαῦτα,
1112 2091 1328 2160 ἀνάγκη
1389 2108 1472 2145 σοι
1499 2095 1648 2146 πᾶσα
1703 2094 1798 2148 καὶ
1830 2095 1923 2148 τὸν

347 2178 405 2230 ὲν
437 2180 742 2246 προφήταις
775 2180 1030 2247 μέγιστον
1073 2180 1258 2233 Ἠλίαν
1288 2183 1400 2244 τοῖς
1423 2183 1616 2246 αὐτοῖς
1674 2184 1921 2238 καθυπο-

348 2270 566 2331 βάλλειν
598 2273 960 2342 ἐγκλήμασιν.
1021 2275 1322 2345 Ἐπορεύθη
1351 2277 1461 2347 γὰρ
1490 2277 1569 2340 είς
1600 2279 1920 2346 ἀλλόφυλον,

347 2363 627 2433 τραπέζης
651 2365 805 2435 παρὰ
833 2367 1038 2435 ταύτην
1084 2367 1446 2439 μετέσχηκεν,
1500 2369 1560 2424 ὲν
1576 2369 1662 2443 τῷ
1689 2372 1924 2442 Καρμή-

347 2456 428 2524 λῳ
465 2455 852 2526 θυσιαστήριον
907 2458 1137 2526 ἤνεγκεν
1193 2461 1250 2512 ἐν
1305 2461 1628 2528 Σαϐϐάτοις,
1684 2465 1923 2536 μακραῖς

348 2546 686 2616 ὁδοιπορίαις
717 2549 1074 2617 κατίτρυχεν,
1133 2549 1191 2614 ἐξ
1249 2551 1562 2624 ἀκαθάρτου
1633 2553 1773 2618 (ibeo
1825 2556 1921 2610 τοῦ

348 2641 585 2707 κὶρακος
619 2639 711 2692 τὸν
765 2640 929 2710 ἄρτον
994 2642 1287 2710 δεχόμενος
1349 2645 1562 2715 ἤσθιεν.
1629 2647 1819 2710 Ὅπως
1865 2648 1923 2700 δὲ

349 2731 521 2796 ταῦτα
551 2731 850 2797 συνέϐαινε,
891 2734 986 2785 καὶ
1005 2732 1195 2800 esset;
1225 2735 1346 2788 Ἵνα
1381 2735 1561 2809 μάθῃς
1583 2741 1662 2791 ὅτι
1691 2739 1796 2808 πρὸ
1824 2739 1924 2808 τῆς

349 2825 575 2894 χάριτος
604 2825 634 2894 ὴ
664 2824 871 2876 παλαιὰ
900 2822 969 2876 τὰ
998 2823 1092 2876 τοῦ
1121 2824 1288 2894 νόμου
1340 2826 1658 2896 άνέτρεπεν.
1710 2831 1772 2882 Ei
1812 2829 1922 2898 γὰρ

351 2917 660 2986 ἀκάθαρτος
685 2913 754 2987 ἦν
775 2917 804 2969 δ
830 2915 1022 2987 κόραξ,
1057 2917 1176 2978 πῶς
1199 2917 1258 2982 ἐξ
1290 2917 1456 2969 αὑτοῦ
1507 2919 1608 2988 τὴν
1662 2919 1870 2988 βρῶσιν
1894 2921 1922 2971 6

349 3005 604 3067 τοσοῦτος
637 3005 855 3069 ,Ἠλίας
917 3005 1165 3075 ὲδέχετο;
1229 3005 1354 3068 Πῶς
1379 3005 1435 3059 δὲ
1473 3007 1567 3060 καὶ
1600 3007 1627 3058 δ
1680 3007 1920 3076 Σαμψὼν

351 3095 668 3166 Ναζηραίος
695 3093 791 3160 ὣν,
837 3096 929 3149 καὶ
963 3095 1067 3148 ὑπὸ
1099 3097 1266 3164 νΰμον
1297 3095 1465 3148 τελῶν
1489 3097 1552 3149 τὸ
1604 3098 1797 3166 κηρίον
1829 3097 1924 3150 τοῦ
1951 3065 1996 3126 C

357 3185 570 3254 μέλιτος
593 3185 816 3255 ἔφαγεν,
875 3186 1014 3253 ὅπερ
1086 3187 1146 3238 ὲν
1190 3186 1368 3256 νεκρῷ
1425 3186 1601 3240 λέοντι
1654 3187 1926 3252 ὲξύφαναν

356 3279 600 3350 μέλιτται
619 3297 634 3346 ;
655 3279 777 3342 Πῶς
801 3278 857 3332 δὲ
883 3280 972 3331 καὶ
997 3278 1235 3348 διψῶντα
1255 3279 1440 3333 τοῦτον
1461 3281 1546 3333 διὰ
1567 3283 1666 3350 τῆς
1692 3264 1929 3346 ἀκαθάρλ

359 3367 452 3422 του
481 3369 574 3420 καὶ
607 3367 888 3436 μιαιφόνου
917 3368 1168 3432 σιαγόνος
1206 3369 1636 3438 παρεμυθήσατο
1669 3371 1696 3420 ὁ
1735 3369 1870 3431 Θεὸς
1905 3385 1919 3433 ;

366 3459 492 3519 Ἐὰν
523 3459 804 3529 δκὸραξ,ὀ
828 3458 1019 3528 νεκρδς
1043 3457 1204 3521 λέων,
1226 3459 1319 3510 καὶ
1351 3459 1382 3525 ἡ
1421 3458 1629 3524 σιαγὼν
1664 3457 1764 3527 τῆς
1797 3457 1924 3511 δνου

353 3554 656 3623 ἀκάθαρτα,
682 3553 795 3615 πῶς
830 3553 915 3605 διά
945 3551 1053 3606 τῶν
1079 3551 1382 3605 τοιούτωνὸ
1408 3551 1540 3614 Θεδς
1583 3551 1710 3610 τοὺς
1745 3551 1918 3605 αὐτοῦ

355 3647 694 3718 θεράποντας
717 3645 1079 3716 ὲθεράπευτες
1101 3643 1223 3703 Πῶς
1241 3643 1402 3705 αὐτὸς
1432 3642 1625 3694 ἑαυτὸν
1648 3643 1676 3693 δ
1699 3641 1928 3711 νομοθέ-

355 3755 454 3807 της
481 3737 809 3806 άνέτρεπενς
834 3737 945 3789 Οὐκ
961 3731 1074 3790 οὖν.
1102 3735 1163 3786 El
1183 3735 1208 3786 ὁ
1229 3732 1428 3801 λαγὼς,
1451 3734 1478 3786 ὁ
1493 3734 1673 3804 χοῖρος
1689 3731 1931 3802 ἀκάθαρ-

360 3848 462 3892 τοι,
507 3829 624 3892 πῶς
652 3830 840 3898 κοινὴν
867 3827 1110 3898 ἀρχῆθεν
1156 3825 1578 3896 τὴν”εύιρημίαν
1643 3823 1926 3890 ὲδὲξαντος

367 3940 382 3972 ι
416 3919 533 3974 Εῐδε
559 3920 689 3989 γὰρ,
721 3920 906 3990 φησιν,
939 3922 964 3972 ὁ
989 3919 1120 3981 Θεὸς
1151 3915 1311 3979 αὐτὰ,
1330 3917 1425 3968 καὶ
1450 3911 1601 3969 εἶπεν
1621 3916 1702 3969 ὅτι
1731 3915 1925 3971 καλά.»
1949 3952 1958 3962 .

363 4013 424 4065 El
463 4010 558 4067 οὖν
593 4013 756 4076 καλὸς
784 4015 812 4066 ὀ
850 4011 1052 4078 λαγὼς,
1083 4010 1159 4073 ὠς
1191 4009 1401 4078 κτίσμα
1431 4007 1594 4076 Θεοῦ,
1635 4007 1729 4061 καὶ
1765 4007 1931 4073 καλὸς

363 4103 501 4168 λίαν,
523 4105 782 4168 ὡσαύτως
810 4105 904 4157 καὶ
929 4102 1054 4156 θστε
1067 4119 1176 4172 ρον.
1205 4103 1458 4155 Φαίνεται
1485 4099 1580 4155 οὖν
1605 4101 1670 4154 ὲκ
1695 4101 1928 4166 πολλῶν,

363 4193 445 4247 ὅτι
472 4185 564 4246 τοῦ
603 4193 818 4264 Ἰσραὴλ
849 4195 929 4254 είς
963 4192 1160 4244 κακίαν
1191 4189 1494 4262 ὀξύρροπον
1548 4189 1930 4260 διορθούμενος

365 4287 392 4338 ὁ
420 4285 550 4346 Θεὸς
582 4286 858 4347 τοιούτους
911 4285 1107 4352 νόμους
1136 4282 1314 4349 ἔθετο,
1368 4282 1460 4336 καὶ
1492 4283 1730 4338 τοιαῖσδε
1767 4283 1932 4354 θερα-

2025 1849 2184 1904 quam
2216 1836 2493 1893 immunda
2525 1853 2631 1892 non
2667 1839 2971 1909 tangi,qu-.e
2993 1839 3064 1892 ibi
3102 1840 3154 1891 in
3185 1839 3368 1893 cibum
3396 1839 3601 1892 consti-

2027 1934 2141 1984 tuta
2197 1939 2354 1982 erant
2401 1928 2608 1984 lsraeli.
2644 1930 2800 1997 Quod
2853 1931 2899 1985 si
2937 1931 3250 1985 immundos
3287 1945 3388 1984 nos
3417 1947 3603 1996 vocas,

2023 2018 2154 2088 quia
2181 2020 2395 2075 scilicet
2425 2031 2614 2076 contra
2665 2023 2836 2094 legem
2887 2023 3102 2076 edimus
3151 2037 3398 2092 porcum,
3451 2022 3603 2090 lepo-

2024 2113 2140 2166 r'em
2173 2121 2229 2167 et
2267 2123 2464 2167 caetera
2501 2112 2844 2183 hujusmodi,
2895 2115 3124 2167 omnino
3171 2128 3397 2166 necesse
3431 2121 3510 2166 est
3551 2120 3603 2164 te

2024 2203 2191 2257 etiam
2221 2204 2516 2258 maximum
2557 2204 2700 2257 inter
2743 2205 3044 2272 prophetas
3077 2201 3246 2255 Etiam
3295 2202 3426 2269 ipsis
3471 2202 3602 2254 sub-

2020 2295 2192 2364 jicere
2231 2293 2590 2359 criminibus;
2635 2309 2694 2347 se
2746 2287 2894 2348 enim
2941 2293 3175 2346 contulit
3231 2292 3295 2344 ad
3339 2291 3604 2360 alienige-

2028 2401 2175 2452 nam,
2209 2401 2274 2441 ex
2305 2385 2475 2454 ipsius
2498 2399 2686 2439 mensa
2719 2383 2993 2452 particeps
3027 2381 3201 2436 factus
3235 2389 3338 2444 est,
3376 2381 3428 2434 in
3465 2381 3602 2434 Car-

2023 2477 2166 2531 melo
2187 2475 2356 2530 altare
2384 2469 2557 2528 erexit
2582 2475 2635 2527 in
2662 2472 2936 2538 Sabbatis,
2957 2473 3328 2542 longa'itinera
3352 2473 3602 2542 arripuit,

2022 2581 2090 2620 ex
2130 2562 2412 2619 immundo
2446 2563 2664 2617 animali
2702 2576 2866 2616 corvo
2894 2571 3180 2631 acceptum
3221 2577 3414 2631 panem
3459 2578 3606 2614 com-

2024 2657 2162 2712 edit.
2221 2655 2508 2722 Quomodo
2555 2668 2686 2709 vero
2738 2655 2852 2710 liaac
2904 2654 3047 2708 facta
3101 2661 3248 2715 sunt,
3304 2663 3357 2706 et
3401 2669 3504 2721 qua
3543 2653 3610 2705 do

2023 2746 2222 2799 causa?
2245 2743 2309 2798 Ut
2340 2743 2519 2798 discas
2537 2741 2679 2811 quod
2705 2750 2834 2796 ante
2866 2741 3092 2814 gratiam
3117 2739 3403 2808 antiquum
3432 2740 3607 2794 rudus

2024 2851 2144 2904 quae
2169 2835 2314 2904 leges
2333 2842 2488 2887 erant
2511 2833 2797 2886 destruxit.
2819 2829 2874 2885 Si
2901 2830 3050 2885 enim
3075 2843 3272 2883 corvus
3293 2828 3604 2881 immundus

2028 2926 2242 2988 fuisset,
2277 2921 2552 2991 quomodo
2603 2922 2669 2975 ab
2724 2921 2844 2989 ipso
2874 2929 3056 2973 tantus
3100 2919 3185 2974 vir
3238 2919 3381 2972 Elias
3424 2919 3604 2970 ribuzu

2030 3014 2372 3084 accepisset?
2397 3012 2680 3078 Quomodo
2705 3026 2836 3064 vero
2867 3010 3158 3079 Sampson,
3186 3011 3278 3080 qui
3315 2997 3608 3062 Nazarceus

2032 3112 2150 3158 erat
2206 3105 2343 3174 (‘24),
2401 3111 2456 3157 et
2504 3101 2827 3179 perfectioni
2885 3101 3023 3170 legis
3074 3100 3378 3165 subjectus,
3422 3098 3604 3152 favum

2032 3197 2209 3252 mellis
2248 3197 2597 3254 comedisset.
2629 3207 2792 3262 quem
2829 3193 2885 3246 in
2914 3199 3133 3245 mortuo
3169 3189 3326 3244 leone
3351 3189 3604 3242 confece-

2034 3298 2161 3343 runt
2189 3289 2356 3358 apes?
2404 3286 2691 3353 Quomodo
2729 3285 2926 3340 fuisset
2977 3283 3155 3352 ipsum
3202 3280 3477 3334 sitientem
3513 3295 3610 3347 per

2034 3379 2371 3436 immundam
2407 3387 2464 3434 et
2511 3378 2779 3448 sanguine
2827 3383 3130 3432 scatentem
3191 3370 3468 3425 maxillam
3522 3385 3612 3424 so-o

2034 3473 2177 3527 latus
2216 3470 2402 3525 Deus?
2435 3469 2493 3524 Si
2521 3484 2746 3540 porcus,
2773 3467 2863 3522 leo
2883 3473 3152 3526 mortuus,
3184 3469 3239 3518 et
3267 3460 3481 3516 maxilla
3508 3461 3610 3515 asi~

2035 3579 2138 3628 me,
2171 3562 2448 3618 immunda
2482 3560 2740 3622 fuissent,
2779 3556 3056 3628 quomodo
3104 3569 3201 3622 per
3249 3553 3368 3607 haec
3419 3565 3607 3605 servos

2035 3667 2162 3706 suos
2192 3653 2335 3708 Deus
2373 3650 2714 3707 curavisset?
2744 3646 3018 3716 Numquid
3049 3644 3330 3715 legislator
3353 3642 3469 3710 ipse
3488 3657 3610 3710 quae

2037 3743 2395 3820 constituerat
2427 3740 2668 3797 evertit?
2699 3738 2818 3793 Non
2847 3737 3050 3806 utique.
3090 3735 3146 3789 Si
3183 3733 3342 3802 lepus
3372 3741 3428 3787 et
3483 3747 3608 3802 por-

2036 3842 2132 3882 cus
2157 3840 2341 3883 essent
2383 3828 2672 3889 immundi,
2701 3825 2978 3896 quomodo
3019 3837 3368 3879 communem
3398 3822 3506 3890 jam
3540 3823 3606 3873 ab

2037 3922 2194 3976 initio
2251 3920 2668 3990 appellationem
2705 3919 2900 3971 bonam
2950 3915 3333 3982 accepissent?
3385 3930 3403 3964 ι
3462 3912 3611 3966 Vidit
3685 3927 3700 3938 ν

2037 4013 2205 4079 enim,
2235 4012 2432 4080 inquit,
2467 4011 2609 4065 Deus
2641 4009 2781 4078 ipsa,
2825 4015 2880 4061 et
2918 4004 3050 4060 dixit
3089 4005 3348 4074 queniam
3380 4005 3541 4057 bona.
3583 4021 3603 4052 ι

2039 4105 2095 4160 Si
2119 4105 2281 4174 igitur
2305 4103 2482 4159 bonus
2501 4111 2619 4156 erat
2645 4101 2800 4170 lepus
2821 4112 2892 4153 eo
2917 4097 3041 4166 quia
3064 4111 3202 4167 opus
3224 4095 3342 4161 Dei,
3369 4103 3425 4149 et
3453 4094 3610 4149 valde

2039 4199 2240 4260 bonus,
2266 4197 2457 4252 eodem
2495 4194 2655 4250 modo
2685 4194 2790 4249 erit
2824 4198 2879 4246 et
2911 4198 3116 4260 postea.
3173 4188 3250 4243 Ex
3285 4187 3470 4242 multis
3502 4187 3606 4256 ἰείη

2041 4298 2127 4348 tur
2169 4297 2508 4358 compertum
2547 4292 2652 4351 est,
2691 4282 2838 4354 quod
2884 4280 3100 4336 lsraelis
3145 4281 3199 4334 in
3236 4279 3436 4334 malum
3479 4293 3606 4347 pro-

369 4379 548 4440 πείαις
579 4378 870 4448 ἐχρήσατο.
893 4378 955 4430 Ei.
975 4377 1084 4446 γὰρ
1109 4376 1205 4429 καὶ
1236 4374 1486 4438 κνίσσαις
1514 4376 1540 4428 ὁ
1558 4375 1691 4440 Θεὸς
1717 4375 1926 4445 ἔχαιρε,

2038 4379 2330 4436 elivitatem
2373 4377 2760 4432 emendaturus
2805 4375 2952 4427 Deus
2979 4370 3249 4441 ejusmodi
3294 4371 3441 4439 leges
3473 4383 3606 4422 conc

366 4473 460 4523 καὶ
491 4470 678 4531 θυσίας
715 4468 946 4536 ἐδέχετο,
971 4466 1069 4520 οὐκ
1091 4465 1157 4519 ἂν
1200 4465 1351 4532 ἔλεγε
1375 4464 1463 4518 διὰ
1522 4465 1619 4518 τοῦ
1677 4465 1924 4520 Ἡσαΐου·

377 4579 391 4611 ι
431 4561 525 4622 Τίς
555 4559 730 4614 ταῦτα
777 4557 1105 4629 ὲξεζήτησεν
1148 4560 1208 4610 ἐκ
1242 4557 1350 4610 τῶν
1385 4556 1588 4626 χειρῶν
1650 4557 1807 4627 ὑμῶν
1850 4576 1863 4623 ;
1908 4577 1926 4610 ι

371 4653 433 4704 Εί
474 4654 529 4706 δὲ
565 4652 662 4705 καὶ
724 4653 1003 4722 μουσικοῖς
1060 4651 1312 4718 ὀργάνοις
1369 4649 1655 4720 ἐτέρπετο,
1717 4650 1815 4704 οὐκ
1869 4649 1934 4704 ἂν

371 4743 551 4810 ἔλεγεν
588 4741 833 4812 ὕστερον·
868 4760 886 4793 ι
915 4733 1252 4810 Ἀπόστησον
1287 4739 1380 4792 ἀπ’
1408 4741 1541 4810 ἐμοῦ
1583 4741 1750 4810 ἤχους
1783 4740 1934 4812 ᾠδῶν

373 4851 486 4886 του.
531 4853 548 4886 ι
604 4835 713 4888 Καὶ
744 4832 928 4896 ἁπλῶς
968 4833 1160 4896 εἰπεῖν,
1198 4833 1246 4885 εἰ
1282 4831 1358 4902 μὴ
1409 4834 1473 4886 σὺ
1523 4832 1787 4900 ὲπετέθης
1853 4832 1933 4902 τῷ

379 4924 590 4994 Ἀαρὼν
626 4924 1075 4996 θεοὺς-ἐκζητῶν,
1109 4925 1154 4976 εί
1188 4924 1262 4994 μὴ
1290 4927 1484 4994 χοροὺς
1533 4925 1664 4992 περὶ
1721 4923 1810 4976 τὸν
1838 4924 1935 4992 μό-

443 5109 554 5178 (25)
595 5109 779 5164 Cuivis
834 5110 1035 5163 arridet
1081 5107 1441 5178 animantium
1497 5103 1821 5158 mundorum
1877 5113 1933 5158 et

373 5176 773 5234 immundorum
797 5177 1156 5241 enumeratio,
1191 5176 1496 5232 Leviticum
1525 5183 1779 5228 excurrat
1805 5189 1927 5242 cap.

372 5265 412 5306 ιι
449 5260 498 5304 et
527 5265 668 5317 seq.,
697 5263 908 5302 necnon
944 5246 1429 5317 Deuteropomium
1456 5259 1723 5317 capaxtv.
1758 5244 1929 5317 Multa

373 5336 501 5374 sane
541 5313 737 5371 in'hoc
775 5321 1117 5370 somniarunt
1167 5313 1458 5378 Rhabbini,
1508 5313 1600 5384 qui
1640 5329 1778 5384 pene
1825 5313 1929 5368 sibi

375 5387 714 5456 plaudentes,
747 5388 899 5454 quasi
943 5387 1182 5456 ipsorum
1231 5393 1445 5456 tantum
1493 5383 1563 5456 sit
1595 5383 1771 5436 omnia
1798 5384 1930 5454 legis

369 5453 438 5512 ad
471 5458 720 5510 trutinam
752 5453 1030 5516 revocare,
1063 5458 1114 5508 in
1141 5454 1319 5508 multis
1345 5453 1764 5515 hallucinantur,
1793 5455 1930 5507 suis-

371 5543 479 5592 que
516 5527 701 5580 fucum
746 5526 967 5580 I’aciuut.
1007 5525 1137 5580 Vide
1169 5525 1267 5592 bac
1320 5523 1372 5576 in
1428 5539 1486 5577 re
1535 5522 1828 5592 Seldenum
1872 5533 1926 5577 et

374 5589 715 5649 Sleuochium
753 5595 826 5648 De
864 5594 1126 5662 republica
1159 5589 1766 5662 Ηεὸᾼνιεοιιιηιεὸίᾲίιιιίε
1799 5606 1925 5644 vero

375 5681 594 5719 causam
642 5659 928 5732 exquirere
974 5662 1202 5716 voluerit
1241 5659 1580 5732 discriminis
1619 5660 1844 5732 liujusee
1893 5677 1921 5712 ιι

375 5735 486 5790 Deo
513 5728 815 5798 constituti,
855 5749 960 5788 non
995 5729 1324 5788 aberrarerit
1351 5728 1504 5794 forte,
1539 5730 1582 5786 si
1615 5728 1922 5785 Judmorum

2034 4470 2234 4535 stituit,
2285 4478 2339 4523 et
2382 4465 2646 4535 ejusmodi
2681 4463 2995 4519 curationes
3031 4461 3302 4516 adhibuit.
3353 4457 3410 4512 Si
3461 4460 3608 4513 enim

2035 4561 2146 4617 Deo
2185 4571 2240 4616 et
2263 4559 2510 4614 carnium
2545 4557 2706 4610 nidor
2731 4555 3032 4624 jucundus,
3070 4560 3125 4605 et
3157 4549 3426 4606 sacriﬁcia
3458 4560 3609 4620 grata

2035 4654 2287 4715 fuissent,
2320 4665 2431 4704 non
2461 4647 2689 4702 dixisset
2721 4661 2816 4714 per
2843 4643 3035 4698 Isaiam
3067 4661 3080 4694 :
3113 4660 3130 4694 ι
3163 4641 3291 4709 Qu’s
3319 4640 3611 4710 exquisivi!

2041 4747 2157 4800 haec
2192 4743 2260 4799 de
2292 4741 2546 4795 manibus
2581 4737 2820 4792 vestris?
2857 4735 2913 4789 Si
2948 4734 3174 4789 musicis
3199 4734 3361 4788 etiam
3395 4732 3613 4800 organis

2041 4835 2341 4891 delectatus
2389 4840 2556 4894 esset,
2604 4843 2714 4882 non
2761 4827 2988 4882 dixisset
3035 4823 3262 4895 poswa:
3301 4823 3550 4879 «Amove
3581 4839 3612 4879 ιι

2041 4940 2128 4980 me
2161 4923 2374 4980 sonitus
2400 4921 2771 4978 cantationum
2814 4927 3053 4973 tuarum.
3088 4935 3106 4967 ι
3146 4917 3318 4986 Atque
3353 4922 3414 4970 ut
3457 4915 3612 4986 inge-

2036 5105 2333 5160 valetudini
2358 5105 2526 5159 Deum
2557 5102 2791 5156 maxime
2818 5099 3163 5166 prospexisse
3193 5095 3422 5159 dixerit;
3448 5095 3610 5146 innu-

2038 5176 2205 5229 meris
2232 5176 2379 5229 enim
2418 5171 2756 5240 argumentis
2795 5170 2850 5224 id
2885 5167 3328 5240 p_otrest_ostendi._

2110 5246 2220 5314 (24)
2263 5235 2531 5306 Νοῑτιταιῖ,
2566 5244 2657 5312 qui
2685 5241 2854 5314 juxta
2887 5235 3167 5314 Hebraica:
3212 5235 3362 5314 vocis
3395 5243 3609 5314 etymon

2038 5301 2180 5369 idem
2203 5301 2409 5368 [sonant
2434 5329 2498 5366 ac
2519 5301 2784 5379 separati,
2820 5307 3213 5380 iidicebantur
3235 5306 3321 5373 qui
3349 5301 3608 5380 peculiari

2033 5384 2268 5452 quodam
2308 5395 2432 5436 voto
2457 5392 2510 5452 et
2558 5371 2933 5452 sanctitnonize
2972 5371 3339 5452 professione
3373 5371 3609 5452 Deonin-

2032 5437 2362 5507 s'ervicbant.
2403 5451 2502 5516 Qui
2533 5455 2683 5518 plura
2709 5437 3075 5518 cupitﬁjdeat
3108 5437 3457 5518 prze.c_:§teris
3491 5437 3599 5488 Me-

2029 5506 2289 5576 nechium
2341 5506 2444 5575 ιιιιῖ
2473 5506 2552 5579 Ill:
2592 5521 2666 5574 De
2709 5506 2821 5588 rep.
2870 5506 3030 5588 Hebr.
3085 5506 3202 5588 cap.
3409 5506 3604 5588 Pauly.

2028 5594 2362 5658 Apparatum
2392 5589 2670 5658 Biblicum,
2708 5578 3113 5644 et'Calmetium
3149 5583 3203 5632 in
3245 5578 3593 5632 Dissertatio-

2025 5663 2206 5716 nibus.
2307 5669 2310 5672 ’
