4058 6196
332 400 375 450 ·,
429 378 535 441 ess

1772 386 2132 457 EPISTOLA
2180 396 2331 461 XIV.

3556 419 3659 482 886

431 488 676 558 ἀπῆλθον
703 491 1133 559 ἀποδιδράσκων,
1168 499 1391 551 κέκεῖσε
1440 501 1733 573 ἠγαγόμην
1764 505 1965 571 ἀλλόφυ

2102 525 2249 572 nam,
2288 511 2358 564 ita
2400 522 2453 566 et
2487 514 2574 567 ille
2606 530 2633 567 a
2667 516 3066 575 contribulibus
3100 519 3351 587 rejeetus,
3386 523 3450 577 ad
3496 525 3659 584 aliam

428 580 542 645 λον,
570 581 713 635 οὕτω
762 585 1015 647 κάκεῖνος
1080 590 1187 639 τῶν
1238 592 1530 659 ὁμοφύλων
1587 597 1992 664 ἀποπεμφθεὶς,

428 670 565 738 πρὸς
600 669 1016 740 ἀλλογενήματα
1046 676 1293 744 βήσεται,
1326 683 1424 749 τὴν
1477 683 1534 746 ἐξ
1564 678 1732 736 ἐθνῶν
1787 685 1992 757 δηλαδὴ

427 760 745 828 ἐκκλησίαν.
779 780 796 811 ι
818 762 913 826 Ὠς
937 768 1097 831 ὲμέ.›
1136 767 1347 839 Ὠσπερ
1398 773 1509 839 ἐγὼ
1544 776 1694 843 παρὰ
1722 779 1814 830 τοῦ
1855 780 1991 831 Θεοῦ

428 852 736 923 ἀπεστάλην
769 856 859 906 ἐπὶ
893 856 984 908 τὸν
1030 858 1158 910 λαὸν
1225 863 1321 914 ἀπ’
1355 864 1633 930 Αἰγύπτου
1692 868 1991 934 ἐξελέσθαι,

428 939 570 993 οὕτω
601 943 850 1006 κάκεῖλος
880 947 1031 1015 παρά
1063 950 1159 1001 τοῦ
1214 953 1416 1005 οἰκείου
1477 956 1709 1025 Πατρδς,
1780 958 1867 1010 ἵνα
1900 959 1991 1012 τὸν

429 1036 635 1100 κόσμον
660 1036 812 1106 ἐξέλῃ
843 1038 942 1105 τῆς
979 1042 1319 1112 κατεχούσης
1359 1045 1523 1097 αὑτὸν
1583 1048 1819 1116 ζοφερᾶς
1849 1049 1988 1102 πλά-

426 1142 520 1193 νης
555 1128 648 1178 καὶ
678 1128 970 1195 ἁμαρτίας.
1032 1149 1051 1209 ι
1097 1132 1185 1194 Ὠς
1240 1136 1359 1202 ἐμέ.
1400 1153 1419 1187 ι
1454 1137 1667 1209 ’Ὠσπερ
1729 1140 1841 1206 ἐγὼ
1898 1141 1989 1193 διὰ

424 1218 521 1281 τῆς
550 1218 660 1269 τῶν
684 1220 885 1288 χειρῶν
913 1223 1188 1295 ἐκτάσεως
1236 1227 1636 1297 ἐτροπωσάμην
1690 1230 1780 1281 τὸν
1823 1231 1989 1300 ’Δμα-

424 1306 545 1375 λὴκ,
577 1308 718 1360 οὕτω
749 1311 999 1373 κάκεῖνος
1030 1314 1128 1375 τὰς
1161 1317 1349 1384 χεῖρας
1390 1318 1632 1381 ἐκτείνας
1696 1319 1788 1371 ἐπὶ
1826 1337 1987 1373 σταυ-

428 1390 516 1463 ροῦ
547 1397 634 1447 τὸν
665 1397 852 1467 νοητὸν
873 1398 1145 1469 τροπώσει
1179 1402 1270 1455 τὸν
1310 1402 1583 1472 Ἀμαλήκ.
1625 1421 1643 1455 ι
1666 1403 1680 1421 ⁹
1700 1406 1770 1466 Ως
1801 1406 1924 1473 ἐμὲ.
1961 1424 1979 1457 ι

425 1488 635 1558 Ὠσπερ
657 1491 763 1556 γὰρ
783 1490 914 1557 ἐγὼ,
936 1492 1022 1544 ἵνα
1048 1493 1122 1562 μὴ
1142 1492 1284 1561 λέγω
1312 1494 1380 1547 τὰ
1406 1494 1525 1546 καθ’
1553 1493 1806 1561 ἕκαστον,
1829 1513 1988 1565 νομο-

422 1578 582 1649 θέτης
611 1581 739 1634 λαοῦ
765 1585 856 1635 καὶ
873 1584 1056 1652 ἄρχων
1074 1568 1423 1655 κεχειροτόνη
1433 1605 1552 1655 μαι,
1571 1586 1631 1639 οῦ
1644 1604 1713 1638 τω
1731 1590 1985 1650 κάκεῖνος

419 1672 716 1738 νομοθέτης
746 1673 861 1734 νέος
891 1673 1212 1743 ὀφθήσεται,
1248 1692 1265 1725 ι
1305 1675 1415 1728 Καὶ
1448 1676 1623 1738 ἔσται,
1656 1677 1803 1729 πᾶσα
1836 1676 1983 1747 ψυχὴ

417 1759 532 1829 ἣτις
570 1759 669 1811 οὐκ
698 1762 1077 1815 εἰσακούσεται
1102 1762 1290 1829 αὑτοῦ,
1318 1763 1849 1835 ἐξολοθρευθήσεται.
1884 1784 1925 1821 t.

2097 610 2313 673 gentem
2358 603 2672 669 descendet,
2725 607 2789 660 ad
2828 614 3028 660 emtum
3072 610 3281 663 scilicet
3312 626 3374 665 ex
3403 615 3656 682 gentibus

2094 689 2373 745 coalitum.
2416 713 2434 743 ς
2469 693 2537 747 Ut
2588 712 2695 749 me.
2728 716 2745 747 ι
2801 694 3266 763 Quemadmodum
3323 718 3421 770 ego
3461 719 3489 755 a
3550 706 3657 757 Deo

2094 780 2291 833 missus
2343 797 2461 834 sum
2500 793 2559 837 ut
2611 786 2871 854 populum
2906 788 2972 840 ab
3014 786 3248 856 Egypto
3302 791 3654 856 vindicarem,

2092 868 2171 922 sic
2202 879 2257 923 et
2302 872 2392 925 ille
2428 874 2495 926 ab
2530 876 2773 942 ejusdem
2822 885 3029 931 natura:
3079 878 3234 932 Patre
3287 881 3556 940 mittetur.
3598 890 3656 934 ut

2092 961 2351 1014 mundum
2401 972 2557 1019 eruat
2600 980 2629 1018 a
2665 966 2961 1033 coliginoso
2997 983 3104 1036 quo
3136 970 3412 1024 detinetur
3467 987 3653 1024 errore

2091 1055 2145 1099 et
2166 1057 2411 1116 peccato.
2457 1068 2475 1100 ι
2511 1051 2579 1104 Ut
2628 1066 2735 1106 me.
2777 1071 2795 1101 ι
2846 1053 3314 1117 Quemadmodum
3360 1058 3504 1111 enim
3552 1074 3653 1127 ego

2089 1136 2390 1191 elevatione
2423 1155 2676 1192 manuum
2721 1142 2856 1210 fuga:
2905 1143 3026 1195 dedi
3072 1146 3310 1210 Amalec,
3346 1148 3424 1199 sic
3454 1157 3509 1201 et
3564 1149 3653 1202 ille

2090 1240 2283 1279 manus
2328 1229 2627 1283 extendens
2692 1230 2745 1283 in
2807 1247 2970 1286 cruce
3035 1233 3374 1300 spiritualem
3430 1237 3651 1293 Amalec

2090 1314 2389 1371 subvertet.
2461 1335 2479 1367 ‹
2513 1315 2583 1371 Ut
2625 1334 2729 1372 me.
2765 1338 2783 1370 ›
2819 1320 3283 1386 Quemadmodum
3328 1324 3473 1377 enim
3510 1340 3610 1392 ego
3633 1365 3648 1387 ,

2088 1418 2156 1457 ne
2194 1406 2396 1472 quaevis
2446 1407 2720 1477 sigillatim
2760 1426 3107 1483 percurram,
3157 1413 3434 1483 legislator
3465 1417 3650 1484 populi

2086 1503 2139 1547 et
2170 1493 2276 1548 dux
2319 1497 2634 1567 designatus
2668 1499 2780 1563 fui,
2819 1502 2893 1555 ita
2940 1509 2996 1555 et
3037 1502 3128 1555 ille
3167 1518 3342 1557 novus
3376 1504 3652 1574 legislator

2085 1586 2388 1653 apparebit,
2433 1606 2451 1638 ι
2480 1589 2546 1641 Ει
2578 1590 2753 1643 omnis
2785 1591 2965 1647 anima
3014 1606 3134 1662 quae
3165 1592 3354 1663 ipsum'
3394 1610 3500 1648 non
3549 1611 3650 1650 au-

2085 1673 2267 1738 dierit,
2312 1674 2677 1744 disperdetur.
2713 1696 2731 1729 »
3220 1694 3229 1700 ’

438 1838 444 1842 ’
488 1848 598 1913 Καὶ
626 1851 797 1916 ταῦτα
836 1851 934 1920 μὲν
965 1851 1155 1904 τοῦτον
1180 1852 1293 1922 ἔχει
1327 1853 1419 1906 τὸν
1448 1831 1670 1921 τρόπονλ
1707 1855 1779 1907 Σὺ
1812 1854 1856 1906 δ’
1894 1855 1969 1907 ἔτι

2149 1843 2213 1897 Ει
2253 1845 2365 1898 haec
2411 1845 2629 1913 quidem
2683 1848 2754 1901 ita
2806 1862 2865 1903 se
2913 1842 3135 1905 habent.
3172 1850 3252 1905 Tu
3304 1865 3437 1906 vero
3469 1853 3646 1909 adhuc

414 1940 754 2001 ἀντιπῖπτεις
772 1943 864 1994 ἐπὶ
893 1944 959 2011 τῇ
994 1942 1238 2011 ἀληθείᾳ,
1278 1946 1394 2005 ταῖς
1422 1946 1825 2013 παραγραφαῖς
1876 1962 1972 1998 σου

415 2031 654 2103 θαῤῥεῖς,
685 2036 776 2086 ἐπὶ
805 2037 897 2087 τὸν
922 2034 1014 2088 τοῦ
1039 2035 1198 2104 Ναυῆ
1243 2036 1450 2105 Ἰησοῦν
1483 2038 1688 2105 ταύτην
1723 2037 1973 2109 ἐπανάγῃ

412 2124 512 2193 τὴν
562 2126 918 2193 προφητείαν.
986 2128 1223 2198 Δέχομαι
1255 2128 1354 2194 τὴν
1414 2129 1791 2198 παραγραφὴν
1853 2144 1969 2181 σου.

416 2214 523 2265 Ποῦ
555 2215 611 2266 δὲ
636 2214 875 2283 θήσομεν
900 2215 961 2267 τὸ
983 2215 1077 2267 τοῦ
1116 2216 1363 2281 Ἡσαΐου,
1414 2216 1691 2285 τρισάθλιε
1763 2216 1826 2268 σὺ
1878 2217 1974 2268 καὶ

410 2307 763 2374 ταλαίπωρες
797 2305 923 2379 'Ap’
957 2309 1197 2377 ἰσχύσεις
1243 2312 1336 2361 καὶ
1393 2309 1491 2378 τὴν
1532 2306 1696 2361 αὐτοῦ
1753 2324 1971 2378 προφη·

410 2397 556 2449 τείαν
587 2398 1023 2467 ἐκκρούσασθαις
1061 2399 1282 2464 Πάντως
1313 2398 1454 2469 οὐχί.
1514 2399 1678 2465 Λέγει
1737 2401 1848 2469 γὰρ
1905 2399 1972 2450 δι’

408 2488 575 2540 αὐτοῦ
608 2490 742 2559 πρὸς
772 2490 861 2542 τὸν
906 2488 1122 2558 Ἰσραὴλ
1145 2493 1171 2543 δ
1201 2489 1357 2549 Θεόςο
1400 2478 1419 2542 ἀ
1465 2490 1645 2560 ’Υμᾶς
1670 2491 1769 2559 μὲν
1797 2490 1971 2542 ἀνελῶ

408 2578 474 2645 τῇ
509 2577 751 2648 μαχαίρᾳ
790 2595 911 2646 μου,
943 2580 1052 2639 τοῖς
1080 2578 1137 2630 δὲ
1166 2577 1477 2631 δουλεύουσί
1537 2596 1628 2647 μοι
1673 2580 1973 2648 ἐπικληθῆ-

410 2680 563 2720 σεται
596 2669 766 2736 ὄνομα
794 2669 854 2720 τὸ
882 2668 1089 2723 καινόν.
1122 2686 1141 2719 ι
1171 2667 1236 2721 Τί
1258 2668 1473 2735 λέγειςς
1534 2670 1769 2722 ’Ᾱνεῖλεν
1800 2671 1966 2739 ὑμᾶς,

407 2756 631 2828 ἢοὺχίς
682 2759 1039 2813 Δουλεύουσιν
1063 2759 1243 2829 ἕτεροι
1297 2759 1378 2830 τῷ
1427 2759 1569 2830 Θεῷ,
1619 2762 1653 2829 ἢ
1687 2759 1790 2826 οὖς
1847 2761 1968 2813 Κᾶν

410 2853 475 2904 σὺ
518 2853 591 2921 μὴ
614 2853 920 2921 ὁμολογεῖς,
951 2850 1066 2906 ἀλλ’
1094 2852 1226 2905 αὐτὸ
1257 2850 1316 2905 τὸ
1347 2851 1531 2905 καινὸν
1558 2851 1730 2921 ὄνομα
1772 2852 1968 2922 τρανὸ-

403 2957 562 3012 τερον
588 2942 886 3011 σάλπιγγος
918 2941 1038 3013 βοᾷ,
1095 2943 1188 2996 καὶ
1216 2942 1675 3017 διαμαρτύρεται.
1737 2942 1809 2995 Ἢ
1833 2942 1966 3010 γοῦν

407 3033 592 3085 καινὸν
616 3032 789 3096 δεῖξον
821 3022 1008 3102 ἕτερον
1039 3033 1231 3101 ὄνομα,
1268 3034 1301 3103 ἢ
1361 3035 1419 3087 τὸ
1450 3035 1559 3086 τῶν
1620 3031 1993 3109 Χριστιανῶν»

404 3124 498 3177 καὶ
544 3124 691 3176 ἄκων
753 3124 1073 3187 κατάδεξαι.
1127 3124 1234 3177 Τοῦ
1264 3126 1373 3194 γὰρ
1431 3124 1720 3192 ἐπωνύμου
1772 3124 1961 3177 τούτου

403 3216 716 3283 καινότερον
742 3214 839 3283 οὐχ
872 3214 1022 3285 εὖροι
1050 3230 1135 3278 τις
1189 3216 1275 3270 ἄν.
1333 3216 1393 3267 Εἰ
1447 3215 1504 3268 δὲ
1562 3216 1732 3271 ταῦτα
1790 3214 1963 3279 οὕτως

403 3305 536 3375 ἔχει,
570 3305 656 3357 ἵνα
685 3305 736 3357 τί
766 3307 860 3357 καὶ
891 3305 1058 3358 εἰσέτι
1093 3306 1450 3375 ματαιάζεις;
1485 3306 1607 3360 Ἷνα
1636 3307 1690 3359 τί
1717 3307 1812 3360 καὶ
1842 3325 1965 3359 και-

405 3400 692 3466 ρῖσκοπεῖς
714 3399 805 3448 ἐπὶ
836 3400 1035 3461 κενοῖς,
1065 3398 1159 3450 καὶ
1193 3399 1357 3450 αὐτὸν
1406 3400 1608 3470 ἐκδέχῃ
1656 3399 1745 3452 τὸν
1772 3400 1965 3469 ἡλειμο

405 3488 585 3555 μένον,
617 3486 750 3556 μηδὲ
778 3487 958 3546 τοῦτο,
995 3486 1099 3540 κᾶν
1128 3488 1381 3553 ἐννοῆσαι
1426 3488 1685 3558 δυνηθῇς,
1738 3488 1818 3551 τίς
1848 3505 1906 3540 τε
1935 3489 1964 3540 ὁ

402 3576 729 3644 ὴλειμμένος
752 3576 1010 3638 ὲστὶ,καὶ
1042 3576 1209 3628 πόθεν
1254 3576 1401 3645 αὐτῷ
1460 3576 1688 3646 συσταίη
1742 3579 1811 3629 τὰ
1866 3580 1965 3647 τῆς

400 3665 689 3733 γενέσεως.
737 3667 895 3720 Ἀλλά
923 3668 1079 3736 ψιλὸς
1107 3667 1437 3738 ἀνθρωποςς
1466 3670 1579 3722 Καὶ
1616 3668 1724 3739 μὴν
1750 3671 1797 3722 oi
1823 3687 1961 3739 προ-

402 3759 572 3828 φῆται
600 3758 676 3826 τῷ
703 3759 984 3833 ἐρχομένῳ
1018 3761 1222 3830 σημεῖα
1256 3758 1510 3828 θεότητος
1551 3759 1961 3826 προστιθέασιν.

414 3850 577 3917 Ἀ).λά
613 3849 1007 3919 θεάνθρωπος;
1042 3851 1149 3902 Καὶ
1174 3850 1227 3903 τί
1258 3851 1364 3921 χρὴ
1416 3851 1511 3909 καὶ
1549 3851 1769 3919 Mrem;
1829 3852 1962 3905 Ἰδοὺ

401 3941 509 4010 γὰρ
534 3941 722 4011 ἕτερον
748 3940 999 4011 θεότητος
1030 3941 1326 4008 πρόσωπον
1347 3941 1630 3995 λανθάνων
1658 3943 1961 4011 δμολογεῖςο

403 4032 478 4101 μὴ
512 4032 620 4100 γὰρ
660 4030 751 4082 τὸν
786 4030 1002 4098 πατέρα
1063 4029 1207 4098 ἔχεις
1250 4032 1452 4095 εἰπεῖν,
1485 4032 1579 4084 καὶ¹
1635 4030 1809 4084 ταῦτα
1864 4027 1962 4081 τοῦ

401 4126 680 4193 προφήτου
711 4124 981 4191 λέγοντοςο
1019 4141 1038 4174 ι
1071 4124 1290 4177 Παιδίον
1341 4123 1610 4194 ἑγεννήθη
1654 4124 1811 4192 ἡμῖν,
1848 4123 1963 4186 υίὸς

398 4218 497 4271 καὶ
542 4216 699 4285 ἐδόθη
734 4218 885 4283 ἡμῖν.
919 4234 938 4267 ι
990 4214 1119 4282 ’0ψὲ
1153 4231 1285 4267 ποτε
1338 4215 1431 4267 τὸν
1470 4215 1566 4269 τοῦ
1636 4216 1965 4285 γράμματος

400 4309 595 4378 βότρυν
627 4306 1008 4377 ἐκθλίψαντες,
1046 4306 1203 4359 πίετε
1231 4304 1379 4360 οἶνον
1408 4307 1704 4378 ἀνθρώπου
1733 4308 1965 4378 καρδίαν

397 4403 787 4471 εὐφραίνοντα.

2077 1934 2340 1990 obniteris
2368 1946 2557 1990 contra
2611 1938 2915 2004 veritatem,
2972 1941 3026 1993 in
3072 1943 3481 1996 commentariis
3534 1943 3643 1997 tuis

2074 2022 2327 2085 confidis,
2361 2032 2414 2076 et
2451 2026 2516 2077 ad
2568 2026 2755 2079 Jesum
2805 2027 2955 2081 Nave
3003 2029 3267 2083 transfers
3318 2028 3460 2084 hanc
3515 2043 3644 2098 pro-

2076 2105 2337 2173 phetiam.
2394 2109 2855 2163 Commentarium
2909 2121 3059 2165 tuum
3117 2129 3225 2166 non
3282 2129 3480 2179 renuo;
3546 2115 3640 2169 sed

2073 2194 2345 2260 quomodo
2394 2194 2524 2248 illud
2577 2195 2729 2250 Isaia:
2780 2196 3199 2265 explicabimus.
3244 2214 3278 2253 o
3333 2202 3640 2255 miserrimc

2070 2290 2126 2335 et
2152 2284 2493 2335 :erumnose?
2535 2282 2818 2338 Poterisne
2846 2293 2901 2337 et
2945 2286 3085 2338 hanc
3133 2287 3252 2353 ejus
3294 2288 3639 2354 prophetiam

2073 2370 2373 2438 repellere?
2404 2369 2565 2423 Nullo
2606 2372 2767 2426 modo
2815 2381 2984 2426 certe.
3033 2373 3123 2426 Ait
3155 2374 3301 2427 enim
3351 2373 3492 2429 Deus
3542 2389 3642 2443 per

2071 2462 2246 2530 ipsum
2303 2465 2368 2515 ad
2418 2460 2625 2517 Israel:
2664 2484 2681 2515 ι
2712 2464 2971 2520 Auferam
3025 2465 3244 2534 quidem
3298 2481 3395 2520 vos
3444 2466 3639 2520 robore

2068 2548 2225 2618 gladii
2263 2550 2391 2611 mei,
2433 2560 2489 2604 et
2525 2550 2618 2619 qui
2673 2550 2968 2604 famulatur
3021 2545 3177 2612 mihi,
3231 2551 3451 2605 nomine
3496 2566 3637 2604 novo

2068 2637 2504 2705 compellabitur.
2540 2656 2557 2689 ι
2600 2636 2716 2703 Dic,
2740 2638 2923 2701 sodes,
2962 2638 3182 2692 sustulit
3210 2654 3325 2702 vos,
3366 2653 3434 2691 an
3485 2637 3638 2691 non?

2068 2726 2422 2782 Famulantur
2452 2728 2562 2783 Deo
2617 2729 2730 2794 alii,
2780 2732 3007 2783 necne?
3051 2728 3166 2784 Hoc
3214 2729 3260 2783 si
3310 2737 3368 2783 tu
3415 2731 3636 2784 minime

2066 2814 2397 2877 conﬁtearis,
2441 2816 2621 2885 ipsum
2673 2823 2855 2870 tamen
2906 2808 3105 2872 novum
3154 2832 3358 2872 nomen
3414 2824 3469 2871 et
3521 2817 3636 2871 cla,

2068 2903 2179 2963 rius
2210 2904 2338 2959 tuba
2388 2906 2606 2958 insonat
2657 2913 2713 2959 et
2757 2914 3118 2963 contestatur.
3165 2904 3263 2961 Vel
3297 2904 3461 2975 igitur
3488 2905 3635 2961 aliud

2066 3006 2269 3049 novum
2296 2992 2501 3049 indices
2523 3007 2743 3056 nomen,
2769 2992 2853 3045 vel
2873 2992 3002 3046 illud
3023 2993 3452 3047 Christianorum
3472 2992 3635 3046 etiam

2067 3082 2275 3137 invitus
2321 3097 2714 3150 recognoscas;
2773 3082 2918 3147 haud
2966 3082 3069 3138 erit
3103 3085 3243 3139 enim
3286 3083 3377 3152 qui
3428 3098 3636 3153 cogno-

1990 3160 2034 3217 C
2069 3183 2193 3220 men
2232 3167 2505 3222 invenerit
2539 3168 2643 3221 hoc
2674 3170 2969 3222 recentius.
3023 3168 3176 3233 Quod
3218 3167 3264 3222 si
3320 3169 3433 3220 haec
3462 3167 3533 3219 ita
3577 3180 3637 3219 se

2066 3256 2290 3322 habent,
2322 3257 2519 3326 ecquid
2565 3258 2744 3312 adhuc
2779 3255 3023 3327 desipis?
3068 3254 3210 3331 Quid
3257 3255 3457 3310 frustra
3500 3264 3637 3308 tem-

2069 3360 2203 3414 pora
2236 3346 2520 3415 expendis,
2557 3354 2613 3400 et
2665 3346 2843 3419 ipsum
2892 3354 3178 3415 exspectas
3228 3354 3477 3410 unctum,
3511 3359 3637 3399 cum

2067 3451 2243 3507 neque
2270 3437 2386 3509 ipse
2417 3438 2592 3506 possis
2624 3437 2964 3508 dignoscere.
3019 3446 3075 3492 et
3128 3438 3249 3515 quis
3284 3437 3355 3499 sit
3385 3437 3501 3505 ipse
3538 3452 3641 3490 un-

2064 3534 2207 3589 ctus,
2237 3535 2293 3579 et
2323 3525 2465 3580 unde
2500 3525 2601 3596 ipsi
2652 3527 2722 3582 sit
2752 3526 3125 3596 generationis
3158 3525 3351 3596 origo?
3383 3525 3542 3579 Forte
3594 3523 3639 3578 is

2064 3618 2245 3669 nudus
2276 3616 2477 3669 homo?
2508 3615 2761 3669 Attamen
2794 3623 3025 3669 venturo
3056 3615 3337 3683 prephetae
3380 3612 3639 3666 divinita-

2066 3704 2133 3758 tis
2190 3705 2387 3759 indicia
2440 3705 2766 3759 tribuerunt.
2828 3703 2988 3758 Forte
3053 3701 3195 3757 Deus
3242 3702 3443 3758 homo?
3495 3700 3624 3770 quid

2067 3795 2261 3865 plura?
2292 3797 2433 3850 Ecce
2481 3796 2626 3849 enim
2654 3796 2813 3849 aliam
2869 3793 3168 3849 divinitatis
3199 3808 3489 3864 personam
3537 3793 3637 3846 im-

2064 3887 2306 3957 prudens
2370 3888 2683 3951 confiteris;
2742 3901 2848 3940 non
2904 3887 3051 3939 enim
3108 3895 3266 3956 potes
3317 3886 3497 3941 dicere
3543 3899 3639 3953 pa-

2066 3985 2225 4041 trem,
2257 3990 2377 4029 cum
2412 3974 2677 4045 praphcta
2698 3972 2842 4027 dicat
2869 3989 2881 4025 :
2907 3990 2926 4023 ι
2957 3972 3097 4025 Puer
3127 3979 3289 4035 natus
3310 3981 3417 4027 est
3451 3971 3632 4035 nobis,

2067 4067 2209 4120 filius
2248 4066 2407 4120 datus
2440 4073 2524 4119 est
2554 4063 2735 4118 nobis.
2768 4080 2787 4113 ι
2837 4061 3078 4115 Tandem
3110 4060 3399 4133 aliquando
3446 4061 3639 4115 litterae

2067 4170 2341 4209 racemum
2392 4154 2782 4222 exprimentes,
2828 4150 2999 4213 bibite
3052 4150 3239 4205 viuum
3275 4164 3368 4204 cor
3398 4148 3637 4206 hominis

2068 4245 2493 4301 cxhilarantem.

480 4497 637 4549 Ἀ).λά
668 4497 777 4564 γάρ
810 4513 926 4559 πως
957 4495 1036 4559 ἔτι
1067 4492 1210 4551 κατά
1239 4495 1339 4569 τῆς
1394 4493 1652 4563 ἀληθείας
1719 4494 1962 4564 φρονεῖς,

2143 4502 2346 4563 Verum
2409 4500 2689 4560 enimvero
2735 4500 3116 4572 quoquomodo
3171 4507 3226 4556 et
3289 4495 3467 4552 adhuc
3502 4510 3636 4551 con-

394 4590 490 4642 xai.
529 4590 629 4657 τὴν
674 4588 768 4640 τοῦ
811 4587 1048 4657 Χριστοῦ
1088 4587 1396 4655 παρουσίαν
1442 4584 1598 4638 οῦπω
1650 4584 1964 4653 λέγειςογε-

394 4680 596 4743 νέσθιι,
622 4679 722 4745 τὰς
754 4678 1010 4748 ἀφορμὰς
1037 4675 1198 4747 δῆθεν
1224 4678 1289 4731 ὲκ
1317 4675 1414 4730 τοῦ
1442 4675 1670 4729 Ἡσαΐου
1693 4675 1965 4743 λέγοντος·

400 4790 421 4823 ι
462 4772 568 4824 Καὶ
616 4770 948 4840 συγκόψουσι
1004 4771 1127 4833 τότε
1174 4768 1270 4834 τὰς
1326 4770 1601 4840 μαχαίρας
1663 4767 1843 4821 αὐτῶν
1886 4768 1967 4830 εἰς

392 4862 620 4930 ἄροτρα,
655 4863 749 4914 καὶ
786 4862 882 4924 τὰς
933 4859 1157 4923 ζιόύνας
1207 4859 1391 4913 αὐτῶν
1441 4861 1522 4921 εἰς
1552 4858 1796 4927 δρέπανα
1821 4873 1836 4888 ⁸
1872 4859 1966 4912 καὶ

392 4954 456 5006 οὐ
480 4952 711 5021 λήψεται
755 4952 907 5019 ιθνος
966 4941 1054 5003 ἐπ’
1079 4952 1232 5012 ἔθνος
1289 4951 1589 5022 μάχαιραν,
1634 4952 1730 5003 καὶ
1764 4950 1825 5002 οὐ
1883 4950 1959 5019 μὴ

394 5045 635 5115 μάθωσιν
665 5044 1049 5113 ἔτιπολιμεῖν.
1096 5064 1117 5097 ο
1168 5042 1289 5097 Ἵνα
1320 5041 1372 5092 τί
1402 5045 1531 5105 τοὺς
1578 5039 1773 5105 ἄλλους
1826 5057 1960 5109 προ-

391 5137 567 5206 φήτας
597 5137 757 5204 ἀφεὶς
782 5138 908 5198 τοὺς
938 5133 1348 5203 λαμπροτέρους
1375 5134 1631 5201 κήρυκας
1682 5135 1779 5183 τοῦ
1810 5131 1948 5200 Χρι-

391 5228 540 5296 στοῦ,
569 5229 789 5298 καὶτῆς
819 5229 1120 5299 παρουσίας
1178 5225 1367 5289 αὑτοῦ,
1425 5225 1486 5278 τδ
1544 5224 1639 5277 τοῦ
1722 5224 1949 5278 Ἦσαϊου

389 5318 547 5371 τοῦτο
571 5320 736 5389 ῥητὸν
787 5320 939 5382 ὅλαις
980 5320 1234 5389 κατέχεις
1292 5304 1469 5388 χερσὶ,
1525 5318 1621 5370 καὶ
1671 5315 1946 5386 πανταχοῦ

391 5408 696 5478 περιάγεις,
758 5409 854 5462 καὶ
903 5409 1081 5480 ψυχὰς
1139 5407 1537 5478 ἀπειροκάλους
1591 5407 1944 5477 διαστρέφειν

459 5562 802 5640 (25)_Merito
831 5563 1180 5640 sane__Glycas
1206 5573 1390 5619 noster
1421 5565 1743 5640 Judmoshic
1766 5566 1944 5635 arguit
2050 5580 2115 5640 ex
2165 5563 2438 5633 Babylone
2468 5563 2559 5640 ab
2600 5563 2738 5620 Isaia
2791 5561 2878 5640 his
2914 5556 3121 5640 verbis,

2049 5634 2182 5687 falso
2214 5620 2433 5694 tamen;
2468 5635 2698 5699 Πόλεμοι
2744 5631 2871 5697 γὰρ,
2902 5630 2979 5682 ait
3012 5620 3634 5699 Τιιθοιιονοιιιεῇξπάλὲ-

389 5634 533 5704 quod
578 5634 889 5704 Scripturas
937 5635 1305 5704 distorqueant
1358 5652 1456 5703 pro
1502 5637 1691 5698 1ἱ1ιίιιι;
1749 5634 1939 5689 contra

2052 4607 2156 4652 .tra
2201 4597 2483 4651 veritatem
2538 4592 2731 4655 sentis,
2774 4602 2831 4647 et
2879 4592 3152 4647 Christum
3190 4588 3430 4643 nondum
3469 4588 3637 4642 adve-

2073 4690 2220 4746 nisse
2251 4688 2411 4749 dicis,
2459 4683 2767 4754 perfugium
2802 4684 3015 4738 scilicet
3070 4681 3363 4751 exquirens
3403 4695 3470 4735 ex
3499 4678 3636 4733 Isaia

2070 4777 2291 4833 dicente
2318 4793 2333 4829 :
2371 4795 2390 4827 ι
2418 4776 2481 4830 Et
2531 4784 2665 4829 tunc
2696 4770 3013 4833 conflabunt
3037 4772 3244 4844 gladios
3295 4786 3422 4826 suos
3454 4771 3507 4823 in
3543 4783 3641 4824 vo—

2070 4881 2266 4929 meres,
2296 4874 2353 4920 et
2389 4864 2656 4921 venabula
2701 4879 2797 4918 sua
2830 4864 2884 4918 in
2938 4862 3123 4928 falces,
3155 4876 3256 4917 nec
3284 4876 3415 4932 gens
3442 4858 3641 4917 levabit

2065 4958 2299 5028 gladium
2337 4957 2392 5010 in
2428 4964 2669 5028 gentem,
2722 4969 2899 5023 neque
2951 4954 3349 5008 exercebuntur
3378 4952 3516 5007 ultra
3567 4950 3637 5005 ad

2062 5045 2328 5114 prmlium.
2359 5062 2378 5094 ι
2450 5042 2557 5097 Sed
2617 5041 2746 5110 quid
2791 5041 2927 5095 alios
2961 5039 3291 5109 prophetas.
3353 5041 3444 5110 qui
3480 5038 3639 5093 lucu-

2060 5136 2262 5190 lentius
2286 5134 2676 5195 annuntiarunt
2698 5133 2764 5187 de
2788 5131 3001 5186 Christo
3031 5132 3206 5202 deque
3233 5131 3351 5201 ejus
3380 5130 3635 5191 adventu,

2057 5225 2329 5294 rejiciens,
2348 5225 2450 5280 hoc
2478 5224 2631 5279 Isaize
2657 5222 2870 5278 effatum
2895 5234 3120 5293 utraque
3158 5221 3502 5293 amplecteris
3521 5233 3640 5271 ma.

2054 5334 2149 5380 nu,
2192 5328 2243 5371 et
2278 5331 2602 5387 quocunque
2632 5313 2973 5376 circumfers,
3007 5324 3063 5370 et
3110 5313 3389 5383 imperitas
3426 5308 3634 5362 animas

2055 5416 2367 5478 pervertere
2410 5405 2692 5461 contendis
2740 5403 2891 5475 (25)?
2927 5404 3158 5458 Advenit
3204 5411 3330 5455 vere
3384 5395 3636 5451 Christus

3149 5552 3367 5622 praedici
3417 5560 3631 5622 putant,

389 5691 604 5778 émnem
658 5691 940 5778 veritatem
985 5691 1186 5778 etenim
1225 5691 1620 5778 aper'tissimam
1678 5691 1816 5778 hanc
1874 5706 1941 5757 de

2070 5705 2198 5778 ,ηλοι
2222 5701 2360 5778 ἦσαν
2386 5691 2526 5756 κατὰ
2548 5691 2730 5778 πᾶσαν
2747 5691 2845 5765 τὴν
2861 5695 3313 5778 οίκουμένηνηεες
3331 5692 3502 5778 πολλά
3523 5691 3626 5760 τῆς

392 5773 607 5827 Christo
641 5774 981 5844 prophetiam
1020 5772 1308 5841 explicant,
1344 5780 1399 5826 et
1422 5773 1657 5827 reditum
1696 5774 1935 5841 ipsorum

2048 5761 2322 5839 βασιλείας
2360 5761 2922 5840 μεμερισμένηςίκαὶ
2948 5761 3056 5821 τῶν
3102 5761 3224 5818 κατ’
3258 5761 3409 5826 ἔθνος
3470 5762 3628 5829 βασι·
