4058 6196
345 271 489 344 .887
538 220 542 222 Π

1659 272 2078 333 MICHAELIS
2113 269 2372 342 GLYCx’E

369 377 523 444 iusta
594 382 743 436 Isaiae
798 382 1252 451 praedictionem,
1312 390 1366 436 et
1418 397 1538 451 qure
1594 384 1746 450 pacis
1801 392 1958 439 erant

2064 381 2397 448 ἐπιχειρεῖς;
2469 376 2758 445 Ἐλήλυθεν
2789 375 3004 447 ἀληθῶς
3031 378 3058 430 ὁ
3079 377 3317 446 Χριστὸς
3346 379 3490 438 κατᾶ
3537 381 3640 447 τὴν

377 471 660 542 splendide
691 473 819 524 oriri
871 472 1031 535 fecit;
1064 472 1340 540 quomodo
1388 488 1538 538 vero,
1583 474 1730 528 audi.
1777 476 1954 528 Adve-

377 563 536 616 niens
567 561 769 615 Christi
803 561 906 623 lex,
948 570 1003 614 et
1049 577 1242 616 omnes
1280 564 1333 616 in
1370 579 1534 616 unum
1593 580 1952 635 congregans,
1998 580 2004 585 ·

376 662 432 706 et
461 651 679 705 Iudaeos
713 662 775 705 et
813 662 1026 721 gentes,
1057 665 1116 706 ut
1167 654 1234 708 ad
1282 644 1514 711 invicem
1549 673 1737 725 pacem
1786 659 1956 714 habe-

379 751 518 807 rent,
568 743 713 793 velut
749 742 912 796 simul
948 745 1250 798 sentientes
1303 745 1356 798 in
1407 746 1530 810 ﬁde,
1557 746 1705 802 fecit.
1757 749 1952 804 Verum

375 847 486 885 non
537 833 822 900 assentiris
877 834 1072 900 dictis;
1142 837 1289 904 atqui
1337 837 1583 891 dicendis
1640 851 1693 892 et
1751 841 1954 896 invitus

313 953 318 956 -
374 922 667 977 assentire.
721 923 1027 980 Romanum
1066 927 1352 996 imperium
1402 930 1731 998 multiplices
1782 931 1956 986 disso-

309 1049 318 1066 .-
378 1015 628 1068 luturum
692 1015 1040 1080 dominatus.
1097 1019 1304 1072 bellicis
1343 1021 1722 1076 instrumentis
1764 1033 1956 1078 contra

311 1087 327 1154 4“.
376 1119 436 1158 se
468 1116 656 1160 mutuo
686 1105 916 1174 populos
958 1108 1031 1160 uti
1063 1121 1170 1160 non
1200 1109 1345 1164 sivit.
1382 1109 1576 1165 Nonne
1609 1112 1783 1178 vides,
1817 1128 1954 1180 quo-

327 1201 329 1203 ’
379 1196 565 1256 modo.
601 1195 728 1248 dum
779 1197 890 1250 haec
929 1199 1386 1266 prcedicebantur,
1437 1202 1576 1254 alter
1625 1199 1866 1270 quidem”
1899 1203 1954 1256 in

377 1284 678 1339 Jerusalem
737 1287 1137 1350 dominabatur,
1196 1291 1332 1343 alter
1378 1290 1432 1343 in
1492 1289 1756 1353 Samaria,
1793 1293 1952 1346 alter

380 1391 514 1430 vero
551 1376 851 1444 imperabat
893 1377 1141 1433 Moabitis
1173 1380 1458 1445 Arabibus,
1487 1383 1622 1435 alter
1650 1382 1950 1450 Ascalone;

381 1467 524 1520 facto
555 1478 738 1521 amem
779 1467 831 1521 in
885 1460 1050 1523 éarne
1108 1468 1364 1535 Domino,
1419 1473 1668 1526 Romano
1724 1475 1955 1544 imperio

379 1572 569 1613 Omms
602 1559 840 1627 gentium
872 1559 1214 1630 principatus
1249 1565 1583 1631 paruerunt?
1625 1563 1759 1620 lluic
1790 1566 1952 1637 igitur

383 1647 558 1702 adacti
614 1663 808 1704 omnes
843 1665 964 1704 sese
1017 1652 1291 1720 subjicere
1339 1657 1614 1723 potestati,
1670 1658 1748 1710 vel
1797 1658 1951 1714 inviti

2061 470 2152 522 τοῦ
2205 470 2426 544 'umtou
2452 468 2785 539 πρόρρησιν,
2820 467 2912 519 καὶ
2965 467 3032 518 τὰ
3085 468 3182 537 τῆς
3223 468 3450 537 εἰρήνης
3509 487 3641 537 τοι.

2060 562 2201 630 δρῶς
2225 559 2614 614 ἀνατέταλκενο
2653 558 2748 610 καὶ
2776 557 2893 620 πῶς
2921 559 3107 613 ἄκουε.
3161 559 3220 612 Ὀ
3250 558 3345 612 τοῦ
3392 559 3638 629 Χριστοῦ

2067 653 2230 721 νόμος
2261 651 2454 716 ὲλθὼν,
2480 652 2573 702 καὶ
2605 654 2814 711 πάντας
2845 649 2924 709 είς
2975 650 3031 701 ’ἑν
3089 650 3438 718 συναγαγὼν,
3510 651 3642 703 ἰου-

2059 743 2246 806 δαίους
2270 759 2331 795 τε
2368 743 2460 795 καί
2488 742 2764 804 ὲθνικοὺς,
2821 741 3130 810 εἰρηνεύειν
3191 740 3330 810 πρὸς
3373 742 3640 811 ἀλλήλους

2059 833 2133 895 ὡς
2160 815 2488 902 ὁμοπίστους
2537 832 2815 901 ἐποίησεν..
2889 830 3034 882 Ἀλλ’
3062 831 3123 884 ού
3151 831 3284 902 δέχῃ
3343 832 3638 900 λεγόμενα·

2058 923 2252 975 οὐκοῦν
2280 922 2375 976 καὶ
2410 924 2560 976 ἄκων
2585 922 2654 974 τὰ
2706 920 3088 990 λεχθησόμενα
3155 921 3361 987 δέδεξο.
3408 921 3471 973 Ἦ
3528 922 3640 974 τῶν

2069 1014 2356 1081 Ῥωμαίων
2389 1011 2532 1083 ἀρχὴ
2561 1012 2658 1074 τὰς
2689 1011 2891 1074 πολλὰς
2943 1011 3110 1064 κατα)
3125 1013 3300 1074 ύσασα
3355 1012 3641 1082 βασιλείας

2060 1105 2171 1162 τοῖς
2201 1104 2516 1171 ποτεμικοῖς
2552 1101 2673 1155 κατ’
2701 1100 2950 1170 ἀλλήλων
2986 1102 3238 1172 ὀργάνοις
3270 1103 3507 1172 χρῆσθαι
3534 1104 3640 1156 οὐκ

2060 1195 2262 1248 εἴασεν.
2298 1195 2366 1246 Ἢ
2398 1196 2498 1246 οὐκ
2533 1191 2708 1257 οἶδας,
2735 1195 2808 1254 ὡς
2870 1195 3107 1262 ὁπηνίκα
3160 1193 3335 1245 ταῦτα
3387 1210 3640 1263 προειρη-

2059 1285 2267 1346 τεύετο,
2299 1283 2458 1347 ἄλλος
2494 1285 2591 1351 μὲν
2623 1284 2721 1352 τῆς
2761 1284 3128 1354 Ἰερουσαλὴμ
3175 1285 3417 1354 ἐκράτει,
3473 1285 3640 1346 diluo;

2058 1375 2114 1426 δὲ
2146 1376 2242 1445 τῆς
2279 1374 2612 1443 Σαμαρείας,
2645 1367 2828 1444 ἕτερος
2876 1375 2932 1427 δὲ
2983 1375 3291 1428 Μωαϐιτῶν
3366 1376 3640 1446 Ἀράϐων,

2059 1468 2216 1528 ἄλλος
2262 1467 2624 1529 Ἀσκάλωνοςο
2655 1465 2748 1518 τοῦ
2781 1465 2835 1518 δὲ
2867 1466 3073 1535 Κυρίου
3109 1468 3250 1537 μετὰ
3277 1469 3458 1536 σάρκα
3509 1485 3641 1535 γεν-

2059 1556 2337 1623 νηθέντος,
2367 1555 2473 1607 ὑπὸ
2511 1555 2613 1623 τὴν
2651 1546 2968 1622 Ῥωμαϊκὴν
3002 1556 3177 1626 ἀρχὴν
3204 1558 3258 1608 αἱ
3317 1557 3642 1625 ὲθνεαρχξαι

2063 1648 2234 1700 πᾶσαι
2287 1647 2620 1714 γεγόνασινς
2703 1644 3058 1696 ’Υποκεῖσῦαι
3125 1645 3216 1698 οὖν
3277 1649 3343 1716 τῇ
3396 1647 3645 1718 τοσαύτῃ

379 1733 445 1788 ad
490 1733 720 1788 invicem
773 1751 962 1804 pacem
1008 1737 1269 1803 habuere,
1325 1751 1382 1795 et
1414 1743 1758 1811 agriculturae
1807 1745 1950 1800 labo-

2064 1738 2200 1807 ᾰρχῇ
2234 1738 2436 1800 πάντες
2459 1734 2924 1804 ἀναγκαζόμενοι,
2959 1738 3054 1788 καὶ
3085 1737 3308 1799 ἄκοντες
3340 1739 3442 1806 μὲν
3495 1740 3637 1808 πρὸς

381 1823 532 1876 ribus
558 1839 617 1877 se
645 1826 863 1891 penitus
899 1828 1176 1894 dedidere,
1208 1830 1398 1887 bellica
1447 1833 1804 1888 instrumenta
1833 1850 1863 1890 a
1895 1850 1956 1890 se

380 1913 540 1984 longe
567 1913 926 1996 ‘abjicicntcs.

452 2108 519 2161 Et
556 2109 670 2164 inec
694 2125 826 2164 sane
858 2111 932 2166 ita
965 2126 1026 2165 se
1061 2113 1290 2172 habent.
1328 2115 1381 2170 Si
1427 2133 1557 2172 vere
1586 2120 1825 2176 nondum
1857 2139 1958 2193 pu-

383 2207 467 2252 tas
500 2198 786 2254 advenisse
809 2199 1112 2265 Christum,
1147 2205 1274 2272 quia
1321 2207 1641 2262 universalis
1686 2226 1790 2279 pax
1819 2229 1958 2266 nou-

381 2287 511 2340 dum
545 2289 841 2344 constituta
871 2289 1005 2361 (ac),
1037 2293 1165 2362 quid
1197 2309 1308 2348 non
1341 2296 1479 2352 dicis
1528 2313 1708 2368 neque
1754 2285 1955 2356 Mosem

381 2379 533 2445 juxta
567 2379 808 2434 divinum
844 2381 1133 2451 imperium
1181 2393 1236 2440 et
1267 2385 1331 2440 ad
1363 2387 1700 2444 Pharaonem
1750 2393 1959 2462 ingres-

385 2483 503 2522 sum
544 2485 693 2535 csse,
744 2481 800 2526 et
847 2472 1102 2529 lsraelem
1134 2475 1386 2532 eduxisse
1417 2496 1478 2534 ex
1525 2479 1797 2551 Egypto?
1825 2482 1958 2538 Cum

385 2556 530 2608 enim
566 2557 708 2612 Deus
741 2558 966 2640 dixisset
1008 2562 1076 2616 ad
1111 2562 1314 2618 Mosem
1344 2583 1358 2620 :
1394 2583 1412 2618 ι
1447 2565 1648 2623 Videns
1673 2571 1780 2624 vidi
1815 2571 1958 2627 ailli-

383 2646 618 2700 ctionetn
651 2649 830 2716 pepuli
881 2651 987 2704 mei
1021 2651 1074 2704 in
1109 2651 1360 2723 Egypto,
1399 2666 1454 2710 et
1484 2657 1743 2712 descendi
1803 2671 1862 2713 ut
1897 2661 1962 2714 li—

384 2736 566 2791 berem
608 2752 720 2803 eos,
762 2750 817 2794 et
845 2739 1038 2795 ducam
1072 2743 1126 2796 iu
1159 2755 1357 2799 terram
1407 2747 1622 2812 bonam,
1668 2749 1718 2802 in
1758 2759 1957 2805 terram

309 2838 314 2844 ·
381 2828 640 2884 ﬂuentem
701 2830 786 2885 lae
832 2843 888 2886 et
920 2833 1060 2900 mel;
1099 2853 1116 2884 ι
1151 2836 1202 2889 id
1235 2837 1476 2892 nondum
1527 2837 1728 2895 factum
1760 2851 1864 2906 est,
1899 2853 1960 2896 ut

383 2936 447 2974 ex
481 2920 706 2976 historia
729 2923 1030 2991 discimus;
1055 2927 1254 2996 quippe
1283 2933 1580 3001 omnesqui
1599 2936 1854 2990 exierunt
1887 2951 1953 2990 ex

383 3011 618 3082 Egypto
669 3015 924 3081 prostrati
972 3016 1193 3070 fuerunt
1233 3019 1286 3072 in
1321 3035 1528 3084 eremo,
1580 3021 1646 3077 ac
1689 3040 1851 3079 nemo
1886 3008 1953 3080 ex

383 3103 450 3158 iis
481 3105 532 3158 in
568 3112 765 3158 terram
816 3107 960 3159 illam
996 3108 1274 3178 ingressus
1300 3121 1383 3166 est
1415 3123 1610 3180 prmter
1653 3114 1954 3170 Chalebum

383 3195 552 3248 lilium
603 3194 858 3263 Jephaui,
910 3207 964 3250 et
1022 3198 1210 3253 Jesum
1263 3201 1432 3255 lilium
1491 3205 1652 3260 Nave.
1711 3205 1951 3262 Duorum

385 3287 550 3354 igitur
583 3285 902 3338 alterutrum
940 3288 1406 3356 respondendum,
1443 3293 1526 3346 vel
1573 3292 1739 3347 Deum
1801 3309 1954 3348 men-

385 3374 470 3426 tiri
500 3381 554 3426 et
583 3373 844 3428 seducere
875 3375 1146 3440 homines,
1175 3377 1258 3430 vel
1295 3388 1506 3448 tempus
1548 3380 1679 3434 illud
1709 3382 1951 3436 nondum

384 3465 706 3531 advenisse,
765 3467 832 3521 de
885 3484 994 3537 qtto
1031 3468 1174 3523 Deus
1223 3470 1435 3524 locutus
1473 3482 1560 3526 est
1611 3473 1677 3527 ad
1723 3474 1947 3531 Mosem.

388 3558 492 3617 Sed
525 3559 984 3627 quemadmodum
1018 3570 1149 3614 tunc
1176 3561 1393 3616 volebat
1426 3564 1644 3631 quidem
1678 3564 1822 3620 Deus
1853 3581 1954 3621 au-

387 3649 529 3703 ferre
594 3649 844 3704 lsraelem
893 3665 958 3702 ex
1009 3653 1276 3722 angustia"
1314 3668 1419 3722 qua
1477 3655 1849 3723 premebatur,
1905 3665 1964 3710 et

387 3741 656 3795 deducere
695 3741 748 3794 in
789 3751 986 3796 terram
1023 3743 1222 3812 quietis
1261 3753 1317 3799 et
1357 3745 1412 3798 in
1461 3747 1740 3816 paciﬁcam
1771 3748 1964 3804 condi-

387 3831 622 3894 tionem;
657 3827 912 3883 eﬂectum
946 3846 1074 3885 vero
1121 3832 1311 3886 sortita
1357 3849 1464 3887 non
1515 3843 1598 3888 est
1627 3835 1746 3902 ejus
1777 3837 1968 3892 volun-

385 3932 486 3986 tas,
517 3934 710 3974 omnes
737 3921 882 3974 enim
917 3921 970 3975 in
1009 3936 1194 3976 eremo
1240 3922 1477 3976 animam
1507 3923 1787 3986 elllarunt,
1820 3936 1968 3994 post-

2060 1829 2323 1899 ἀλληλους
2356 1829 2656 1899 είρήνευον,
2706 1827 3020 1910 ὁλοσχερῶς.
3061 1830 3115 1883 δὲ
3176 1831 3285 1884 τῶν
3334 1835 3430 1896 τῆς
3465 1847 3648 1900 γεωρ-

2062 1921 2185 1991 γίας
2215 1922 2392 1975 πόνων
2424 1921 2752 1989 ἀντείχοντο,
2784 1919 2848 1973 τὰ
2889 1921 3160 1990 πολεμικὰ
3201 1923 3390 1994 πόρρω
3415 1939 3521 1976 που
3557 1925 3643 1992 ῥί-

2063 2011 2268 2080 ψαντες
2293 2013 2526 2082 ὄργανα.

2133 2108 2238 2158 Καὶ
2263 2106 2438 2159 ταῦτα
2473 2108 2572 2176 μὲν
2597 2107 2788 2180 τοῦτον
2813 2108 2926 2178 ἔχει
2959 2108 3048 2160 τὸν
3079 2107 3300 2177 τρόπον.
3349 2108 3411 2161 Εἰ
3457 2108 3516 2162 δὲ
3547 2109 3640 2162 διὰ

2058 2197 2115 2248 τὸ
2142 2197 2216 2266 μὴ
2248 2200 2597 2268 παγκὸσμιον
2629 2201 2858 2269 εἰρήνην
2882 2197 3142 2266 γενέσθαι
3173 2197 3327 2251 οὔπω
3388 2200 3639 2268 νομίζεις

2056 2289 2230 2342 ἐλθεῖν
2264 2291 2353 2342 τὸν
2385 2291 2646 2360 Χριστὸν,
2683 2291 2768 2343 ἵνα
2816 2294 2869 2342 τί
2909 2291 2984 2361 μὴ
3015 2291 3110 2343 καὶ
3157 2291 3247 2345 τὶν
3277 2291 3486 2344 Μωσὲα
3553 2292 3646 2342 λέ-

2059 2399 2174 2448 γεις
2209 2384 2375 2452 μήπω
2413 2383 2554 2434 κατὰ.
2594 2381 2692 2452 τὴν
2739 2381 2894 2433 Θείαν
2930 2381 3182 2434 κέλευσιν
3235 2381 3371 2448 πρὸς
3433 2383 3642 2452 Φαραὼ

2063 2471 2349 2536 εἰσελθεῖν,
2393 2472 2488 2526 καὶ
2532 2472 2627 2524 τὸν
2689 2472 2910 2542 Ἰσραὴλ
2957 2472 3188 2539 ἀγαγεῖν
3224 2471 3284 2534 ἐξ
3311 2471 3639 2538 Αίγύπτους

2075 2565 2229 2620 Ἐπεὶ
2257 2567 2367 2634 γὰρ
2398 2566 2424 2616 ό
2461 2563 2594 2626 Θεὸς
2618 2557 2736 2614 εἷπε
2763 2563 2897 2632 πρὸς
2929 2562 3154 2616 Minae-1°
3204 2580 3222 2613 ι
3265 2562 3412 2614 Ἰδὼν
3484 2559 3632 2616 εἶδον

2061 2656 2161 2722 τὴν
2200 2655 2442 2708 κάκωσιν
2505 2654 2600 2706 τοῦ
2638 2653 2768 2706 λαοῦ
2805 2671 2908 2724 μου
2971 2653 3064 2707 τοῦ
3095 2654 3153 2706 ὲν
3197 2653 3483 2724 Αἰγύπτῳ,
3539 2655 3641 2707 καὶ

2063 2747 2302 2816 κατέϐην
2329 2747 2420 2798 ἐπὶ
2447 2745 2523 2814 τῷ
2548 2744 2829 2811 ἐξελέσθαι
2861 2745 3086 2808 αὐτοὺς,
3128 2744 3225 2796 καὶ
3269 2745 3500 2811 ἀγαγεῖν
3551 2745 3636 2806 είς

2062 2837 2167 2906 γῆν
2193 2838 2427 2906 ἀγαθὴν,
2455 2839 2533 2899 είς
2560 2837 2664 2905 γῆν
2689 2837 2920 2906 ῥέουσαν
2949 2835 3072 2905 μέλι
3108 2836 3200 2890 καὶ
3225 2835 3421 2905 γάλα.»
3459 2835 3640 2890 Τοῦτο

2063 2930 2116 2982 δὲ
2175 2932 2275 2982 οὐκ
2326 2929 2568 2996 ἐγένετο,
2612 2929 2685 2990 ὡς
2713 2929 2776 2980 ἐκ
2829 2928 2928 2998 τῆς
2982 2928 3224 2996 ἱστορίας
3269 2926 3638 2996 μανθάνομεν

2062 3021 2514 3090 κατεστρώθησαν
2549 3020 2656 3086 γὰρ
2689 3021 2892 3082 πάντες
2949 3020 2996 3071 οἱ
3027 3019 3336 3086 ἐξελθόντες
3388 3017 3484 3070 ἀπ’
3538 3021 3644 3070 Ai—

2057 3112 2265 3179 γύπτου
2300 3112 2357 3164 ἐν
2386 3114 2450 3181 τῇ
2489 3113 2700 3180 ἐρήμῳ,
2731 3111 2825 3166 καὶ
2875 3111 3048 3173 οὐδεὶς
3095 3111 3155 3176 ἐξ
3196 3109 3380 3162 αὐτῶν
3406 3111 3486 3172 εἰς
3536 3109 3640 3180 τὴν

2067 3202 2172 3268 γῆν
2207 3200 2429 3270 ἐκείνην
2469 3200 2720 3267 εἰσῆλθεν
2753 3202 2883 3254 ἄνευ
2930 3201 3114 3269 μέντοι
3144 3200 3328 3252 Χάὶεϐ
3367 3199 3460 3252 τοῦ
3522 3197 3640 3252 υίοῦ

2069 3292 2295 3359 Ὶεφωνῆ
2318 3294 2409 3345 καὶ
2439 3291 2612 3361 Ἰησοῦ
2640 3289 2735 3343 τοῦ
2761 3292 2938 3359 Ναυῆ.
2965 3293 3120 3344 Δνοῖν
3137 3291 3241 3360 γὰρ
3261 3291 3486 3360 θάτερον
3508 3291 3640 3342 ὐπο-

2054 3382 2366 3452 ληπτέον,ἢ
2401 3385 2488 3434 τὸν
2527 3383 2658 3434 Θεὸν
2688 3382 2978 3451 ψεύδεσθαι
3024 3382 3118 3436 καὶ
3150 3381 3365 3452 ἀπατᾷν
3391 3383 3516 3444 τοὺς
3545 3383 3642 3435 ἁν-

2057 3470 2330 3540 θριὶιπους,
2369 3473 2400 3542 ἢ
2435 3473 2525 3524 τὶν
2551 3472 2741 3542 καιρὸν
2798 3475 3004 3527 ἐκεῖνον
3057 3473 3259 3542 μηκέτι
3316 3472 3514 3538 ἐλθεῖν,
3570 3466 3638 3524 οἷο

2061 3564 2252 3616 ’ἐνεκεν
2280 3567 2305 3617 ὁ
2341 3565 2471 3627 Θεὸς
2516 3564 2744 3634 ἐλάλησε
2801 3565 2938 3634 πρὸς
2990 3566 3215 3617 Μωσέα.
3275 3563 3417 3617 Ἀλλ’
3447 3563 3639 3634 ὥσπερ

2065 3655 2186 3709 ἐκεῖ
2217 3657 2318 3726 μὲν
2349 3657 2603 3710 ἐϐούλετο
2625 3659 2652 3710 ὁ
2682 3657 2814 3719 Θεὸς
2843 3657 3123 3724 ἐξελέσθαι
3155 3657 3246 3708 τὸν
3299 3655 3512 3726 Ἰσραὴλ
3534 3657 3638 3723 τῆς

2064 3747 2405 3817 κατεχούσης
2439 3747 2602 3801 αὐτὸν
2633 3748 2868 3817 θλίψεως
2906 3750 3000 3802 καὶ
3037 3749 3175 3818 πρὸς
3227 3751 3329 3816 γῆν
3387 3747 3638 3799 ἀναπαύ-

2063 3851 2224 3900 σεως,
2251 3839 2343 3888 καὶ
2385 3839 2673 3908 εἰρηναίαν
2706 3838 3044 3906 κατάστασιν
3079 3839 3328 3905 ἀγαγεῖν,
3370 3837 3472 3889 οὐκ
3503 3838 3636 3907 ἔσχε

2062 3926 2118 3978 δὲ
2175 3929 2350 3997 πέρας
2397 3929 2466 3981 τὰ
2512 3928 2612 3996 τῆς
2663 3927 2859 3996 βουλῆς
2917 3927 3105 3981 αὑτοῦ·
3169 3929 3368 3990 πάντες
3411 3929 3518 3997 γὰρ
3576 3931 3637 3980 ὲν

3533 270 3642 332 888
3727 323 3748 332 .-

290 4239 294 4243 ·
384 4221 650 4290 λευὸντων
679 4221 1131 4288 ἐπανισταμένων
1161 4220 1437 4289 ἀλλήλοιςο
1481 4239 1500 4272 ι
1540 4223 1683 4277 Bella
1715 4237 1953 4290 namque

383 4029 543 4084 quam
577 4011 633 4066 in
664 4011 834 4066 Deum
877 4028 1312 4081 murmuravere,
1348 4023 1640 4085 postquam
1667 4017 1960 4086 concupie-

2066 4018 2260 4088 ἐρήμῳ
2313 4019 2413 4086 τὴν
2463 4018 2642 4090 ψυχὴν
2699 4019 3097 4090 ἁπερρίψαντο,
3163 4020 3351 4089 ἐπειδὴ
3383 4023 3465 4081 εἰς
3505 4019 3641 4071 Θεὸν

2052 4232 2336 4278 autumant
2369 4223 2674 4277 Servatoris
2724 4222 2960 4275 adventu
3005 4219 3312 4274 Judaaorum
3363 4219 3626 4277 doctores

387 4301 577 4344 mutua
611 4289 914 4360 fueruutin
959 4292 1213 4343 universa
1261 4301 1426 4354 terra,
1480 4307 1647 4360 regno
1685 4293 1779 4346 illo
1814 4293 1954 4345 mul-

388 4371 470 4413 tas
505 4359 556 4412 iu
598 4367 778 4426 partes
810 4359 1004 4430 divisn,
1050 4369 1102 4412 et
1148 4360 1480 4429 singularum
1522 4359 1765 4430 gentium
1815 4361 1954 4430 ι·εεί-
1985 4373 2032 4430 ι)
2059 4370 2194 4425 tum,
2223 4371 2282 4414 ut
2320 4370 2562 4416 nostram
2596 4361 2754 4430 [idem
2789 4359 3422 4430 infirmareipcrtentent,
3464 4362 3646 4413 incas-

2055 4292 2211 4346 lsaiaz
2249 4292 2506 4346 vaticinio
2537 4292 2732 4353 innixi,
2765 4291 2907 4342 aliud
2950 4299 3294 4358 ancnpantur
3342 4305 3640 4358 argumen-
3725 4319 3734 4323 -

391 4433 490 4483 bus
541 4435 730 4482 contra
778 4443 836 4498 se
892 4429 1121 4483 invicem
1175 4429 1596 4498 insurgentibus.
1648 4451 1666 4482 ι
1714 4431 1791 4484 Ex
1826 4429 1956 4484 Sion

388 4500 516 4553 exiit
545 4499 628 4552 lex
652 4513 755 4567 qua
793 4497 1000 4552 Novum
1033 4499 1220 4566 utique
1244 4497 1654 4554 Testamentum
1689 4501 1958 4561 innuitur,

388 4569 532 4635 quod
589 4568 781 4639 primis
816 4569 889 4621 ibi
943 4571 1125 4639 datum
1174 4579 1258 4623 est
1302 4570 1584 4639 apostolis,
1617 4585 1691 4625 'ae
1727 4584 1822 4639 per
1867 4585 1962 4624 eos

393 4639 516 4691 inde
545 4637 1127 4708 omnibuseshibitum
1165 4648 1246 4693 est
1292 4638 1578 4708 gentibus;
1624 4647 1680 4692 et
1727 4637 1828 4694 Sub
1867 4640 1964 4694 ad-

392 4718 612 4778 ventum
670 4706 762 4761 Dei
808 4705 1136 4778 Sérvatorisi
1169 4705 1337 4760 nostri
1383 4707 1687 4762 Romanum
1737 4723 1964 4778 prorsus

394 4777 576 4830 lloruit
617 4778 935 4848 imperium,
995 4776 1140 4844 quod
1176 4778 1397 4848 quidem
1446 4779 1612 4832 multa
1649 4776 1753 4834 alia
1801 4794 1966 4848 regna

395 4849 706 4910 destruens.
738 4847 1092 4913 omniumque
1139 4847 1395 4900 obtinens
1435 4849 1816 4915 principatum,
1858 4847 1965 4901 ter-

396 4933 468 4970 ra:
500 4919 744 4984 marique
771 4931 959 4984 pacem
998 4915 1223 4985 tribuit,
1257 4919 1478 4985 quando
1505 4918 1712 4972 scilicet
1745 4932 1809 4970 ex
1844 4915 1970 4970 llic-

396 4985 603 5054 ronymi
657 4983 882 5049 mente,
936 4993 992 5039 et
1039 4983 1302 5051 Eusebii}
1337 4988 1472 5042 Jano
1523 5002 1619 5055 per
1665 4987 1968 5055 Augustum

398 5055 856 5124 tertiumiclauso,
889 5055 1162 5108 tutissima
1193 5064 1306 5108 toto
1340 5057 1474 5110 orbe
1517 5072 1616 5122 pax
1657 5056 1794 5120 fuit;
1833 5072 1966 5124 gen-

397 5136 588 5194 tesque
625 5123 870 5178 Romano
906 5125 1135 5194 imperio
1167 5126 1444 5194 subjectae,
1473 5125 1626 5192 addit
1660 5123 1970 5178 Theodore-

399 5208 525 5264 tus,
569 5195 770 5247 Οὐκέτι
819 5196 934 5257 τοῖς
991 5195 1304 5264 πολεμικοῖς
1357 5196 1610 5264 ὀργάνοις
1673 5196 1972 5264 κέχρηνται

397 5263 518 5318 κατ’
541 5264 806 5335 ἀλλήλιιινυ
840 5264 946 5317 τῶν
965 5264 1020 5335 ᾷὲ
1042 5263 1149 5316 ἀπὸ
1177 5266 1446 5335 γεωργίας
1467 5263 1709 5335 ᾇπαντες
1730 5263 1974 5317 ἀπολαύ-

397 5351 550 5387 ουσιν
592 5333 834 5402 ἀγαθῶν,
885 5352 902 5385 ι
954 5333 1070 5387 Νοιι
1123 5333 1358 5402 amplius
1397 5333 1606 5388 bellicis
1659 5344 1846 5388 contra
1915 5347 1975 5386 se

400 5416 590 5458 mutuo
633 5411 862 5457 utuntur
899 5405 1296 5467 instrumentis,
1329 5403 1421 5457 sed
1453 5403 1792 5471 agriculturae
1821 5402 1977 5456 bouis

403 5474 642 5542 gaudent
683 5481 970 5528 universe.
1019 5491 1038 5524 ι
1084 5475 1262 5528 Adisis
1303 5474 1688 5529 etiamJustini
1727 5474 1979 5541 martyris

405 5542 689 5613 Diali)ng
727 5560 844 5596 cum
875 5547 1172 5613 Tryplione.

480 5610 592 5679 (26')
623 5611 698 5664 Ex
733 5615 887 5666 bellis
923 5610 1042 5680 qua:
1075 5612 1318 5680 quotidie
1347 5612 1490 5666 inter
1528 5613 1678 5681 ipsos
1705 5610 1977 5668 Christia-

413 5691 516 5733 nos
561 5683 786 5748 populos
833 5693 1133 5750 geruntur,
1194 5697 1422 5751 quaeque
1468 5687 1692 5738 omnino
1742 5681 1978 5736 tollenda

2063 4445 2184 4484 sum
2229 4439 2442 4494 tamen;
2475 4431 2708 4483 litteram
2738 4428 2885 4482 Enim
2935 4429 3186 4481 occidere
3219 4442 3321 4481 nos
3354 4428 3640 4483 docemur.

2062 4500 2308 4568 adeoque
2361 4516 2468 4553 non
2517 4498 3232 4568 Scripiurarumaquibus,
3273 4497 3367 4550 sed
3422 4498 3648 4568 spiritui

2064 4565 2370 4623 studemus.
2405 4565 2654 4622 \‘erbum’
2679 4567 2893 4621 Domini
2924 4566 2992 4620 de
3024 4565 3326 4621 Jerusalem
3363 4567 3555 4622 exivit.
3593 4581 3648 4617 et

2064 4639 2185 4707 lege
2223 4639 2490 4691 sancitum
2522 4647 2604 4690 est
2634 4647 2876 4707 mutuam
2911 4635 3258 4707 d_ilectioneui
3303 4639 3644 4707 ethcharita-

2068 4703 2176 4761 tein
2212 4709 2352 4760 inter
2394 4723 2509 4768 nos,
2546 4707 2710 4760 veluti
2746 4705 2884 4759 Novi
2927 4705 3262 4759 Testameuti
3313 4703 3634 4756 ﬁdissimum

2069 4787 2333 4830 tesseram
2368 4777 2610 4830 adhiberi
2642 4777 2878 4835 debere;
2914 4789 3099 4828 verum
3141 4776 3182 4828 si
3222 4775 3422 4840 injuste
3453 4787 3644 4840 aggie-

2069 4847 2302 4908 diamur,
2346 4862 2454 4899 non
2489 4857 2734 4899 velamur
2762 4861 2831 4913 qu
2859 4860 2891 4896 ιι
2927 4845 3109 4898 irritos
3162 4844 3509 4913 inimicorum
3544 4858 3640 4892 co—

2069 4924 2232 4969 natus
2273 4917 2575 4980 fau-iamus,
2621 4932 2718 4970 nos
2776 4911 3066 4982 nostraque
3127 4922 3390 4966 tutentur.
3444 4911 3650 4962 [δι-αξιοι·

2071 4985 2170 5038 sibi
2209 4986 2441 5038 inaniter
2474 4983 2792 5051 plaudentes
2825 4981 3062 5044 Judmbs,
3095 4989 3362 5051 errarun_t_
3387 4983 3569 5051 itaque
3592 4989 3651 5051 et

2051 5054 2368 5110 -Lutllerus.
2404 5047 2888 5120 et'Anabaptistze,
2928 5064 3088 5116 atque
3137 5051 3264 5103 oluu
3319 5047 3600 5102 Maniclmi
3631 5085 3650 5109 ,

2073 5129 2162 5192 qui
2217 5127 2268 5176 in
2321 5139 2438 5177 eam
2488 5126 2652 5192 gratis
2704 5122 3028 5175 sententiam
3088 5121 3238 5192 iere,
3284 5133 3584 5192 nunquam
3621 5134 3650 5192 ιι

2075 5183 2398 5248 Christianis
2424 5183 2622 5245 bellum
2649 5192 2759 5260 geri
2787 5207 2942 5258 posse
2969 5193 3069 5242 etsi
3107 5189 3392 5260 lacessitis,
3425 5183 3474 5260 td
3501 5183 3649 5260 quod

2077 5273 2131 5316 et
2167 5273 2374 5314 naturae
2416 5257 2748 5314 contrarium
2781 5257 2864 5313 est
2904 5269 2959 5312 et
2993 5259 3226 5316 vri-itali,
3276 5257 3351 5309 ιιιὶ
3402 5257 3654 5324 pluribus

2078 5331 2438 5385 ostenderunt
2471 5329 2858 5390 Tertullianus,
2912 5331 3002 5384 lib.
3043 5346 3096 5381 Ill
3129 5327 3326 5379 Contra
3360 5325 3652 5386 Marciam;

2079 5403 2359 5469 Origenes.
2389 5402 2480 5453 lib.
2523 5414 2552 5469 γ
2606 5400 2802 5469 (Iouini
2833 5398 3079 5460 Celsum;
3122 5391 3653 5469 Athanasiusnljbzn

2083 5473 2155 5524 Ile.
2177 5461 2457 5522 incanuit.
2497 5468 2668 5532 Verbi;
2698 5477 2752 5521 et
2785 5468 3037 5540 lrenteus,
3074 5469 3170 5540 lib.
3192 5482 3283 5540 ‘iv,
3313 5478 3433 5540 cap.
3463 5461 3550 5540 67ξ
3581 5461 3656 5540 De

2077 5541 2203 5608 jure
2239 5547 2415 5591 autem
2472 5540 2622 5602 belli,
2651 5529 2833 5608 quave
2871 5529 3074 5608 ratione
3116 5529 3464 5588 indicendum
3495 5529 3548 5608 id
3581 5529 3660 5608 sit

2083 5597 2137 5662 et
2173 5609 2464 5677 regendum
2494 5597 2654 5677 adeas
2679 5597 3146 5659 absolutissimum
3191 5617 3328 5672 Opus
3377 5599 3521 5670 quod
3582 5597 3661 5650 De

2077 5682 2198 5746 jure
2227 5676 2343 5732 belli
2377 5677 2446 5731 ll.
2485 5676 2705 5732 Grotius
2743 5679 3098 5744 ιιιιιιρυιιεινὶι.
