4058 6196
371 281 479 344 893

1669 307 1677 318 ε
1742 283 2112 342 EPISTOLA
2154 285 2308 345 XIV.

3419 287 3426 294 ’
3503 291 3610 357 894

375 409 509 448 σατο
552 389 675 446 κατ’
704 389 881 462 ἀρχὰς
928 393 957 444 ὁ
1015 391 1174 457 Θεὸς,
1227 391 1325 446 ἆτε
1375 392 1439 462 δὴ
1499 393 1766 463 προειδὼς
1820 394 1947 456 τοὺς

2055 393 2161 448 Sed
2211 394 2340 464 quid
2399 394 2746 465 plurafNisi
2811 395 2980 452 radici
3021 399 3357 466 pepercisset
3412 399 3522 470 iam
3553 406 3622 460 ab

372 480 764 549 ἐλευσομένους
795 479 856 543 ἐξ
883 479 1055 549 αὐτῆς
1085 479 1321 550 ὡραίους
1381 481 1654 552 καρποὺς,
1714 484 1947 552 εὐαγγε-

371 570 565 633 λιστάς
611 570 882 640 δηλονότι,
951 571 1309 636 ἀποστόλους,
1364 573 1631 638 δικαίους,
1689 577 1786 628 καὶ
1838 576 1946 645 πρὸ

371 663 595 718 πάντων
623 661 794 733 αὐτὴν
831 662 933 734 τὴν
974 663 1069 716 τοῦ
1093 664 1333 733 Χριστοῦ
1362 665 1454 718 καὶ
1494 666 1748 736 Σωτῆρος
1784 667 1944 736 ἡμῶν

372 753 816 825 ὶνανθρώπησιν,
842 753 1088 822 ἀνηλεῶς
1120 754 1186 808 ἂν
1215 749 1402 808 ἔκτοτε
1438 755 1530 808 τὸν
1570 756 1788 828 Ἰσραὴλ
1818 759 1946 811 συν-

373 846 595 916 έτριψεν
623 844 866 899 ἅπαντα.
893 847 1004 900 Καὶ
1029 845 1192 899 τοῦτο
1225 847 1401 917 δηλῶν
1432 848 1459 900 ό
1483 848 1772 918 προφήτης
1825 847 1946 900 ἐλε-

373 941 494 1008 γεν-
523 955 543 990 ι
579 939 642 991 Εἰ
691 937 768 1007 μὴ
794 936 998 1006 Κύριος
1033 939 1163 1008 ἡμῖν
1191 939 1528 1006 ἐγκατέλιπε
1583 939 1831 1009 σπέρμα,
1864 940 1941 1002 ὡς

375 1019 585 1098 Σόδομα
617 1031 683 1084 ἂν
706 1030 1074 1100 ἐγενήθημεν,
1133 1032 1231 1086 καὶ
1261 1031 1335 1093 ὡς
1364 1030 1619 1102 Γόμορρα
1638 1030 1704 1084 ἂν
1732 1028 1947 1098 ὡμοιώ-

376 1119 570 1188 θημεν·
618 1137 636 1170 ›
676 1119 964 1172 τουτέστιν
1005 1119 1258 1190 ἀπωλείᾳ
1314 1119 1572 1176 παντελεῖ
1639 1119 1939 1191 παρεδόθη·

381 1224 502 1278 μεν.
545 1208 722 1278 Χάριν
753 1204 867 1274 οὖν,
916 1209 993 1272 ὡς
1018 1209 1256 1280 ἔφημεν,
1287 1211 1396 1262 τῶν
1431 1211 1658 1282 καρπῶν
1703 1212 1803 1281 τῆς
1858 1211 1942 1281 ῥί-

379 1301 476 1366 ζης
505 1299 932 1369 ἀγνωμονούσης
959 1299 1263 1369 τηνικαῦτα
1293 1301 1572 1367 ἐφείσατο,
1605 1301 1692 1354 ἵνα
1737 1300 1814 1370 μὴ
1847 1302 1947 1353 σὺν

379 1393 517 1462 αὐτῇ
541 1390 834 1452 κάκείνους
874 1388 1183 1458 ὲκκὸψοιεψ
1217 1389 1357 1442 ἐπὰν
1385 1389 1446 1442 δὲ
1481 1391 1794 1459 προήνεγκε
1817 1388 1948 1450 τοὺς

2054 484 2214 539 initio
2258 486 2424 552 Deus,
2458 496 2646 556 utpote
2677 488 2898 557 quidem
2932 488 3237 557 prmvidens
3268 500 3528 547 venturos
3557 510 3624 548 ex

2054 576 2172 646 ipsa
2228 577 2508 646 Speciosos
2575 581 2832 646 fructus,
2895 580 3258 647 evangelistas
3325 584 3623 650 nimirum,

2058 669 2359 738 apostolos,
2395 669 2574 738 justas
2613 685 2680 723 ac
2706 685 2818 738 prae
2867 668 3084 724 caeteris
3127 670 3298 738 ipsam
3333 672 3536 727 Christi
3570 683 3626 728 et

2057 760 2368 816 Servatoris
2395 761 2568 815 nOStri
2609 772 2944 830 assumptam
3003 761 3420 825 humanitatem,
3445 766 3625 820 immi-

2053 850 2402 904 Sericorditcr
2428 861 2496 904 ex
2535 857 2666 904 tunc
2702 865 2922 904 omnem
2963 853 3317 907 contrivisset
3347 854 3622 908 lsraelem.

2052 939 2232 1008 Atque
2305 940 2407 994 hoc
2452 941 2718 1010 propheta
2788 950 2977 1008 aperte
3035 943 3274 998 innuens
3357 945 3622 1000 dicebat:

2058 1027 2221 1083 «Nisi
2273 1029 2536 1085 Dominus
2603 1032 2922 1100 reliquisset
2985 1034 3144 1088 nobis
3191 1043 3399 1100 semen,
3467 1039 3623 1103 quasi

2055 1119 2293 1176 Sodoma
2323 1122 2450 1176 facti
2487 1123 2804 1185 fuissemus,
2823 1133 2877 1176 et
2907 1125 3061 1192 quasi
3091 1126 3392 1180 Gomorrlia
3419 1127 3626 1182 similes

2051 1221 2334 1275 eSSemus,
2367 1229 2383 1264 ο
2421 1214 2713 1282 perditioni
2753 1214 2966 1269 scilicet
3010 1216 3235 1285 integra:
3266 1218 3450 1270 traditi
3489 1219 3627 1272 fuis-

2047 1314 2249 1358 semus.
2291 1305 2476 1358 Gratia
2514 1304 2702 1375 igitur.
2741 1318 2798 1360 ut
2823 1306 3084 1369 diximus,
3115 1307 3420 1372 fructuum,
3455 1311 3625 1365 radici

2049 1391 2278 1461 ingratae
2306 1401 2435 1448 tunc
2465 1395 2734 1463 pepercit,
2757 1400 2831 1448 ne
2857 1410 2982 1448 cum
3011 1395 3125 1464 ipsa
3153 1405 3206 1450 ct
3248 1397 3370 1452 illos
3417 1399 3626 1452 rescin-

378 1483 651 1551 καρποὺς,
685 1479 870 1533 οὐκέτι
903 1479 1121 1548 στέγειν
1149 1479 1435 1552 ἠνέσχετο,
1462 1479 1578 1532 ἀλλ’
1609 1478 1950 1550 ἀσυμπαθῶς

2054 1484 2242 1548 deret;
2271 1494 2576 1553 postquam.
2625 1501 2756 1541 vero
2803 1485 3016 1540 fruetus
3073 1487 3320 1556 protulit,
3355 1504 3474 1541 eam
3515 1505 3625 1542 non

373 1574 544 1645 αὐτὴν
571 1572 900 1642 ὲξεθέρισεν.

449 1759 624 1828 Ἀφες
650 1757 839 1811 λοιπὸν
865 1757 993 1820 τοὺς
1027 1757 1337 1828 προφήτας.
1389 1757 1568 1828 μάτην
1619 1756 1807 1827 διέΡΧὩ
1844 1755 1946 1818 τὰς
1974 1721 2025 1782 Β

377 1849 595 1919 βίϐλους
659 1849 857 1902 αὐτῶν·
889 1849 1046 1902 οὐδέν
1091 1867 1174 1902 σοι
1216 1849 1281 1903 τὸ
1317 1849 1509 1921 κέρδος
1537 1848 1809 1901 ἐντεῦθεν.
1855 1849 1948 1901 Βί-

375 1943 503 1997 6λον
528 1944 977 2014 ὲσφραγισμένην
1032 1943 1208 2005 οὐδεὶς
1255 1942 1470 2010 ἀνέγνω
1525 1943 1682 1996 ποτέ.
1741 1941 1860 1995 ’Ίνα
1887 1941 1941 1994 τί

372 2035 560 2088 λοιπὸν
587 2035 729 2088 ἑκὼν
766 2035 993 2088 σεαυτὸν
1022 2035 1282 2106 ἀπατᾷς;
1313 2031 1490 2120 Γνξόθι
1512 2035 1597 2110 τίς
1629 2051 1690 2086 τε
1731 2029 1804 2096 εἴ,
1849 2035 1945 2086 καὶ

375 2128 482 2181 ποῦ
519 2127 812 2196 δυστυχίας
865 2127 1236 2197 κάτήντησας·
1294 2117 1455 2188 ἀόνες
1501 2127 1586 2178 ὅτι
1643 2125 1780 2194 πρὸς
1830 2117 1944 2188 τοῖς

376 2221 557 2284 ἄλλοις
584 2222 680 2274 καὶ
715 2221 879 2276 αὑτὸν
917 2211 1202 2292 ἀφῃρέθης
1244 2219 1336 2272 τδν
1367 2219 1600 2273 πλοῦτον
1651 2221 1752 2288 τῆς
1797 2217 1945 2288 γνώ-

377 2327 535 2373 σεως.
567 2310 680 2363 Καὶ
705 2311 807 2362 οὐκ
839 2310 949 2379 ὲμά
978 2309 1046 2362 τά
1083 2309 1327 2378 ῥήματα·
1349 2309 1378 2360 ὁ
1411 2307 1502 2370 σὸς
1533 2305 1767 2369 Ἡσαΐας
1796 2300 1946 2376 διαρο

379 2403 550 2472 ρήδην
579 2401 678 2472 βοᾷ
708 2417 811 2454 σοι*
847 2419 866 2453 ι
912 2403 1022 2455 Καὶ
1055 2401 1208 2453 ἔσται
1236 2399 1368 2469 ὑμῖν
1395 2400 1462 2452 τὰ
1515 2400 1737 2471 ῥήματα
1770 2396 1947 2452 ταῦτα

375 2493 450 2556 ὡς
480 2496 530 2546 οι
579 2494 731 2560 λόγοι
785 2491 882 2546 τοῦ
963 2483 1322 2562 βιϐλίουτοῦ
1400 2491 1861 2561 ἐσφραγισμένου.
1921 2507 1942 2541 ι

377 2576 691 2656 Ἔπαχύνθη
719 2586 815 2639 κα)⁸
845 2584 956 2655 γὰρ
986 2587 1019 2654 ὴ
1049 2584 1250 2655 καρδία
1284 2591 1400 2649 σου,
1447 2585 1562 2645 τοῖς
1590 2573 1694 2635 ὠσὶ
1737 2577 1946 2652 βαρέως

376 2679 637 2748 ἤκουσας,
668 2679 912 2739 καὶτοὺς
940 2676 1258 2746 ὀφθαλμοὺς
1287 2675 1430 2730 ἑκὼν
1457 2674 1813 2744 ὲκάμμυσας.
1838 2671 1948 2724 Καί

381 2789 468 2825 σοι
499 2771 600 2841 μὲν
630 2770 708 2841 τῷ
737 2763 909 2825 πάλαι
943 2769 1148 2840 συνετῷ
1197 2769 1294 2823 καὶ
1351 2767 1502 2837 σοφῷ
1545 2767 1616 2819 τὰ
1654 2765 1750 2836 τῆς
1801 2763 1950 2824 θείας

383 2865 752 2933 ἑσφράγισται
821 2863 1076 2929 γνώσεως
1115 2877 1129 2892 ·
1181 2861 1315 2932 ἡμῖν
1367 2860 1424 2912 δὲ
1490 2860 1602 2918 τοῖς
1671 2855 1951 2915 ἀσυνέτοις

380 2953 560 3007 ἔθνεσι
591 2956 684 3006 καὶ
709 2953 851 3006 πάνυ
883 2951 1341 3021 ὲξήπλωται.Καὶ
1379 2952 1454 3020 μὴ
1487 2947 1758 3018 θαῦμαζεο
1789 2948 1950 3016 ἡμεῖς

343 3033 487 3115 ’γὰρ
517 3045 851 3118 ἠκούσαμεν,
890 3044 1048 3114 ἡμεῖς
1093 3043 1191 3096 καὶ
1226 3035 1572 3112 ἑωράκαμεν,
1613 3041 1774 3138 ημεῖς
1812 3055 1952 3138 ,συν-
1973 3073 2020 3138 c

378 3134 622 3200 ήκαμεν,
671 3133 765 3184 καὶ
827 3131 926 3202 τὴν
998 3130 1257 3199 ἀλήθειαν
1311 3130 1582 3199 ἔγνωμεν.
1626 3129 1736 3182 Καὶ
1778 3129 1827 3180 εί
1872 3126 1948 3198 μὴ

380 3222 559 3274 πείθει
609 3223 721 3284 τοῖς
777 3219 1116 3290 λεγομένοις,
1167 3221 1314 3290 αὐτῷ
1353 3220 1446 3273 καὶ
1485 3204 1640 3282 αὖθις
1688 3217 1774 3288 τῷ·
1816 3234 1950 3288 προ-

377 3315 528 3385 φήτῃ
565 3330 658 3366 σου
710 3312 990 3384 πείσθητι·
1043 3313 1192 3381 λέγει
1231 3313 1371 3382 γάρ’
1408 3330 1426 3363 ι
1476 3313 1587 3364 Καὶ
1621 3311 1947 3365 ἀκούσονται

381 3407 439 3458 ὲν
473 3408 537 3475 τῇ
591 3405 776 3476 ἡμέρᾳ
818 3405 1005 3474 ἐκείνῃ
1064 3403 1244 3472 κωφοὶ
1285 3404 1478 3472 λόγους
1509 3403 1740 3472 βιϐλίου,
1773 3401 1868 3454 καὶ
1899 3401 1948 3452 oi

380 3501 440 3552 ἐν
482 3498 562 3568 τῷ
607 3499 812 3562 σκότει,
853 3496 948 3548 καὶ
977 3497 1027 3548 oi
1056 3498 1112 3550 ὲν
1163 3497 1230 3566 τῇ
1280 3495 1481 3565 ὁμίχλῃ
1536 3493 1806 3563 ὀφθαλμοὶ
1850 3511 1946 3544 τυ-

381 3589 528 3659 φλῶν
557 3589 801 3658 ὂψονται.
841 3606 859 3639 ι
897 3587 1070 3657 Δῆλον
1106 3583 1201 3641 οὖν
1227 3585 1496 3650 ἐντεῦθεν,
1552 3585 1626 3647 ὡς
1689 3584 1749 3648 ἐξ
1795 3585 1949 3653 ὑμῶν

383 3681 485 3749 μὲν
525 3679 634 3732 τῶν
671 3679 946 3732 Ἰουδαίων
984 3680 1017 3749 ἡ
1057 3677 1260 3745 γνῶσις
1319 3676 1554 3746 ἀπέστη*
1614 3675 1682 3728 τὰ
1735 3675 1794 3726 δὲ
1845 3691 1949 3726 κω-

380 3772 617 3842 φεύοντα
668 3771 798 3836 ἔθνη
831 3769 930 3826 καὶ
958 3771 1164 3840 ἀνόητα
1194 3769 1442 3832 νοοῦντες
1496 3771 1556 3822 ἐν
1610 3765 1812 3834 γνώσει
1851 3762 1947 3818 τοῦ

381 3863 548 3933 νόμου
577 3863 887 3931 γεγόνασιν·
945 3879 961 3912 ι
1004 3855 1121 3926 Οἷς,
1157 3859 1265 3930 γάρ
1302 3876 1490 3929 φησιν,
1541 3859 1641 3911 οὐκ
1685 3855 1950 3926 ἀνηγγέλ-

382 3955 477 4025 θη,
510 3955 639 4024 περὶ
679 3952 816 4022 ἐμοῦ
845 3946 1091 4023 ὄψονται,
1125 3952 1222 4006 καὶ
1253 3951 1303 4004 οἳ
1332 3952 1434 4005 οὐκ
1465 3953 1788 4022 ἀκηκόασιν.
1829 3967 1848 3999 ι
1885 3949 1949 4001 Ei

380 4047 491 4116 γὰρ
522 4047 618 4098 καὶ
643 4045 992 4116 πρωτότοκος
1019 4046 1134 4108 υίὸς
1175 4043 1418 4115 Ἰσραὴλ,
1455 4045 1506 4096 εί
1565 4041 1664 4104 τὰς
1703 4043 1948 4109 ἐπαγγε-

378 4135 497 4198 λίας
520 4135 738 4203 πρῶτος
765 4134 1006 4199 ἐδέξατο,
1051 4133 1167 4186 ἀλλ’
1206 4133 1280 4196 ὡς
1313 4132 1652 4236 πατραλὲας
1703 4131 1952 4232 ἐκκήρυῖ

381 4245 506 4290 κτος
553 4228 771 4295 γέγονε,
833 4225 1136 4280 κάντεῦθεν
1186 4227 1214 4277 ό
1265 4225 1451 4288 ἄθλιος
1496 4219 1606 4278 τῶν
1655 4222 1751 4275 τοῦ
1812 4219 1948 4274 Θεοῦ

377 4318 600 4389 δωρεῶν
625 4318 850 4381 δικαίως
875 4317 1258 4372 ἐκπέπτωκεν·
1284 4317 1372 4384 ἐφ’
1401 4310 1445 4384 ᾧ
1499 4315 1595 4369 καὶ
1647 4312 1950 4378 ταλανίζων

2051 1575 2289 1644 amplius
2319 1576 2598 1631 custodire
2653 1577 2935 1640 sustinuit,
2989 1577 3085 1632 sed
3121 1577 3627 1634 immiscritorditer

2052 1665 2372 1723 demessuit.

2124 1749 2394 1814 Caeterum
2431 1761 2644 1816 dimitte
2691 1763 3010 1832 prophetas,
3046 1777 3239 1817 eorum
3295 1762 3496 1818 l‘rustra
3554 1764 3625 1819 li-'

2050 1848 2180 1906 bros
2229 1852 2524 1921 pervolvis,
2559 1853 2768 1908 nullum
2827 1855 2974 1908 enim
3037 1855 3130 1908 tibi
3198 1854 3327 1908 inde
3388 1858 3623 1910 lucrum.

2051 1941 2274 1997 Librum
2303 1945 2493 2012 sigillis
2520 1945 2793 1999 munitum
2830 1962 2992 2001 nemo
3028 1948 3160 2018 legit
3192 1965 3453 2016 unquam.
3481 1943 3625 2017 Quid

2052 2035 2233 2090 adhuc
2263 2050 2393 2104 ergo
2423 2037 2606 2091 sciens
2642 2038 2964 2108 tibimetipsi
2995 2040 3223 2094 illudis?
3252 2041 3425 2096 Nosce
3453 2051 3506 2096 et
3532 2043 3625 2112 qui

2052 2125 2149 2192 sis,
2178 2136 2233 2180 et
2261 2126 2316 2179 in
2350 2143 2516 2196 quam
2563 2128 2936 2183 calamitatem
2974 2132 3271 2197 incideris;
3307 2135 3548 2204 intelligo:
3595 2152 3627 2190 a

2053 2223 2106 2270 te
2137 2227 2335 2284 praeter
2362 2217 2466 2270 alia
2499 2217 2679 2286 ipsum
2708 2234 2929 2286 quoque
2956 2219 3197 2274 ablatum
3239 2222 3409 2277 fuisse
3439 2228 3631 2294 cogni-

2052 2308 2218 2363 tionis
2253 2309 2593 2362 thesaurum.
2652 2309 2841 2378 Neque
2893 2326 3012 2365 mea
3077 2314 3242 2366 verba
3288 2313 3404 2367 inec
3460 2325 3626 2380 sunt;

2053 2394 2220 2453 Isaias
2245 2408 2369 2452 tuus
2397 2397 2619 2453 disertis
2648 2399 2836 2468 utique
2864 2400 3048 2456 uerbis
3078 2403 3144 2456 ad
3180 2411 3232 2456 te
3259 2403 3458 2458 clamat
3486 2423 3499 2458 :
3533 2405 3632 2461 «Et

2053 2503 2218 2544 erunt
2251 2490 2406 2545 vobis
2458 2491 2574 2544 hme
2631 2491 2798 2545 verba
2850 2492 2927 2546 uti
2969 2504 3256 2550 sermones
3310 2496 3430 2550 libri
3485 2498 3632 2551 obsi-

2052 2582 2222 2653 gnati.
2252 2601 2270 2633 ι
2308 2583 2708 2654 lmpinguatum
2748 2584 2954 2638 etenim
2983 2595 3070 2640 est
3098 2601 3193 2640 cor
3227 2594 3403 2650 tuum,
3441 2589 3629 2657 gravi-

2053 2683 2136 2727 ter
2191 2676 2417 2728 auribus
2471 2675 2696 2738 audisti,
2729 2684 2784 2730 et
2821 2677 2963 2731 ultro
3027 2678 3216 2732 oculos
3264 2679 3631 2736 clausisti.Et

2057 2765 2151 2819 tibi
2205 2765 2450 2834 quidem,
2475 2765 2604 2819 olim
2661 2763 2987 2837 intelligenti
3043 2777 3098 2822 et
3152 2770 3411 2840 sapienti,
3444 2773 3629 2827 divma

2053 2855 2296 2923 cognitio
2320 2855 2604 2924 obsignata
2645 2857 2778 2922 l'uit;
2806 2859 2964 2913 nobis
2998 2876 3147 2924 vero,
3177 2871 3280 2915 ηομ
3312 2863 3627 2932 intelligen-

2056 2944 2200 2998 tibus
2259 2947 2598 3008 nationibus,
2634 2949 2948 3004 omnimode
3013 2952 3277 3020 explicata
3347 2953 3469 3009 luit.
3517 2955 3628 3008 Nec

2055 3033 2309 3101 mireris;
2341 3051 2442 3090 nos
2473 3037 2623 3092 enim
2652 3038 2985 3105 audivimus,
3020 3053 3122 3095 nos
3153 3044 3317 3097 etiam
3372 3046 3628 3110 vidimus,

2056 3141 2158 3182 nos
2215 3127 2587 3182 intelleximus
2641 3140 2696 3186 ct
2754 3135 3038 3186 veritatem
3107 3137 3381 3190 noviums.
3442 3139 3517 3190 Ac
3575 3139 3628 3192 ni

2055 3218 2236 3274 credis
2270 3218 2378 3288 jam
2411 3220 2589 3286 dictis,
2625 3221 2725 3288 ipsi
2782 3232 2876 3276 tuo
2934 3235 3125 3278 rursus
3179 3228 3458 3294 ιινοιιιιιειςιε
3512 3243 3634 3282 cre-

2055 3309 2189 3374 das;
2227 3309 2356 3364 dicit
2384 3310 2530 3363 enim
2557 3327 2569 3363 :
2613 3330 2630 3362 ι
2661 3309 2724 3365 Et
2754 3313 2977 3366 audient
3007 3313 3059 3366 in
3084 3314 3173 3368 die
3204 3315 3290 3367 illa
3329 3317 3480 3370 surdi
3511 3333 3632 3370 ser-

2057 3413 2247 3454 mones
2292 3400 2439 3465 libri,
2479 3412 2534 3454 et
2581 3403 2728 3456 oculi
2796 3419 3087 3464 caecorum,
3118 3407 3204 3474 qui
3276 3407 3328 3460 in
3395 3411 3634 3464 tenebris

2055 3501 2184 3547 sunt
2213 3491 2350 3546 etin
2378 3494 2610 3564 caligine
2643 3495 2926 3550 videbunt.
2961 3514 2979 3548 ι
3013 3496 3168 3552 Patet
3199 3500 3361 3569 igitur
3406 3502 3550 3566 quod
3603 3521 3632 3556 a

2057 3583 2212 3638 vobis
2243 3584 2465 3651 quidem
2515 3587 2722 3640 .luda-is
2780 3589 3024 3659 cognitio
3073 3592 3297 3644 recessit
3327 3611 3352 3656 ;\
3385 3595 3633 3649 nationes

2056 3688 2185 3728 vero
2234 3685 2396 3729 antea
2440 3674 2669 3733 hebetes
2734 3689 2789 3733 ct
2851 3679 3179 3749 insipientes
3211 3681 3263 3734 in
3299 3681 3433 3752 leg‘s
3478 3685 3633 3755 agni-

2057 3765 2206 3820 tione
2231 3768 2530 3836 prudentes
2560 3769 2717 3824 factae
2740 3782 2903 3826 sunt.
2949 3789 2967 3822 ι
2997 3771 3209 3838 Quibus
3239 3776 3385 3829 enim
3418 3777 3533 3846 (ait)
3565 3779 3634 3832 dc

2056 3874 2142 3912 me
2176 3874 2286 3912 non
2311 3867 2394 3912 est
2446 3863 2780 3926 nuntiatum,
2810 3873 2864 3916 et
2898 3865 2991 3932 qui
3031 3881 3143 3919 non
3182 3869 3498 3934 audierunt,
3529 3870 3631 3938 ipsi

2055 3947 2384 4003 videbunt.)
2451 3947 2856 4020 Primogenitus
2895 3967 3028 4008 sane
3084 3956 3230 4012 (ilius
3290 3958 3452 4012 Israel
3504 3960 3628 4023 fuit,

2055 4037 2460 4107 promissiones
2495 4043 2704 4110 primus
2764 4044 2999 4113 accepit,
3029 4061 3218 4100 verum
3251 4059 3311 4102 ut
3362 4050 3631 4118 parricida

2055 4129 2208 4184 exsul
2241 4131 2414 4186 factus
2457 4134 2559 4198 est,
2589 4142 2751 4203 atque
2781 4136 2984 4192 exinde
3039 4138 3229 4192 infelix
3264 4155 3293 4193 a
3333 4141 3492 4196 donis
3536 4142 3631 4196 Dei

2057 4223 2252 4277 merito
2283 4224 2524 4288 excidit;
2561 4239 2730 4293 quare
2775 4227 3175 4282 commiserans
3219 4247 3314 4283 eos
3364 4234 3628 4301 prophita

2056 4312 2312 4368 dicebat:
2353 4333 2370 4366 ι
2406 4315 2610 4370 Divites
2652 4329 2942 4386 pauperes-
2986 4319 3114 4374 lacti
3163 4334 3292 4375 sunt
3339 4334 3394 4376 et
3423 4325 3633 4376 esurie-

379 4411 579 4474 αὐτοὺς
608 4412 634 4463 ό
668 4411 958 4482 προφήτης
1000 4410 1209 4479 ἔλεγεν*
1241 4427 1260 4461 ι
1291 4407 1547 4462 Πλούσιοι
1598 4408 1950 4477 ὲπτώχευσαν

2056 4413 2205 4459 runt.
2231 4423 2252 4457 ι
2287 4403 2354 4457 Et
2403 4407 2601 4461 merito
2639 4423 2794 4474 sane,
2830 4425 3026 4478 panem
3056 4411 3202 4465 enim
3261 4413 3380 4467 vitae
3436 4415 3628 4468 interi-

380 4503 476 4556 καὶ¹
501 4503 818 4558 ἐπείνασαν.
855 4523 875 4556 ι
935 4504 1045 4556 Καὶ
1071 4504 1322 4566 εἰκότως·
1354 4503 1448 4557 τδν
1477 4501 1585 4571 γὰρ
1631 4499 1798 4570 ἄρτον
1847 4497 1949 4567 τῆς

381 4592 526 4661 ζωῆς
581 4593 1030 4658 ἀποκτείναντες,
1065 4593 1230 4665 πείνῃ
1263 4593 1506 4662 διηνεκεῖ
1523 4587 1951 4658 συνεσχέθησαν.

380 4683 599 4752 Μηκέτι
647 4682 838 4736 λοιπὸν
880 4683 980 4752 τῆς
1032 4682 1273 4745 παλαιᾶς
1322 4677 1604 4734 ἀντιποιοῦ
1665 4677 1837 4746 τιμῆς
1891 4690 1952 4727 τε

382 4777 477 4827 καὶ
505 4775 738 4839 τάξεωςο
765 4773 978 4826 ἐκεῖθεν
1009 4774 1118 4843 γὰρ
1163 4773 1523 4835 ἐκπεσόντας,
1576 4769 1832 4839 καθάπερ
1873 4768 1954 4821 εί-

383 4881 580 4934 πομεν,
615 4865 943 4916 ἐπανελθεῖν
973 4860 1131 4927 αὖθις
1156 4864 1462 4934 ἀμήχανον.
1505 4864 1566 4914 '0
1597 4861 1736 4915 Κάῖν
1799 4877 1953 4931 πρω-

381 4956 603 5032 τότοκος
632 4951 724 5026 ἦν,
751 4956 870 5009 ἀλλ’
893 4957 1046 5009 οὐδὲν
1077 4955 1337 5008 ἐντεῦθεν·
1375 4954 1654 5008 ἀπώνατο·
1699 4954 1787 5010 διὰ
1846 4953 1953 5023 γὰρ

381 5047 443 5098 τὸ
477 5044 572 5100 τοῦ
606 5046 775 5099 Ἀῦελ
803 5043 942 5115 αἷμα
972 5047 1068 5099 καὶ⁵
1101 5047 1192 5098 τδν
1238 5045 1424 5098 ἄδικον
1465 5045 1648 5113 φόνον,
1706 5044 1766 5096 ὃν
1797 5042 1952 5096 ὥδινε

384 5135 506 5188 κατ’
536 5136 725 5201 αὑτοῦ,
762 5135 924 5205 ἐξέϐη
949 5152 1010 5188 τε
1070 5137 1178 5190 ἀπὸ
1211 5135 1507 5204 προσώπου
1544 5134 1705 5198 Θεοῦ,
1740 5133 1830 5184 καὶ
1884 5129 1953 5202 ἦν

385 5227 569 5280 ἔκτοτε
623 5228 827 5282 στένων
867 5229 961 5279 καὶ
993 5228 1215 5297 τρέμων
1244 5226 1348 5279 ἀνὰ
1390 5227 1570 5278 πᾶσαν
1638 5225 1804 5276 αὐτοῦ
1854 5225 1954 5293 τὴν

385 5323 554 5394 ζωήν.
583 5323 936 5393 Πρωτότοκος
958 5320 1026 5394 ἦν
1051 5325 1080 5375 ὁ
1099 5321 1324 5385 Ἦσαοῦ,
1354 5321 1492 5375 ἀλλὰ
1522 5322 1612 5374 διὰ
1653 5321 1753 5390 τὴν
1783 5319 1952 5372 αὑτοῦ

385 5415 591 5469 κακίαν
643 5414 739 5468 καὶ
775 5413 1088 5483 ἀπληστίαν
1125 5415 1268 5468 αὐτὰ
1312 5430 1372 5464 τε
1423 5414 1750 5482 πρωτότοκα
1786 5409 1954 5480 προῦ-

383 5507 525 5560 δωκε
550 5506 646 5560 καὶ
679 5505 780 5575 τῆς
808 5489 1455 5572 εὐλογίας’ὲκπέπτωκε.
1509 5503 1700 5556 Ταῦτα
1737 5502 1834 5571 μὲν
1859 5498 1951 5553 οὖν

386 5598 481 5648 καὶ
507 5599 574 5652 τὰ
599 5597 829 5652 τοιαῦτα
858 5597 1094 5652 πειθέτω
1123 5597 1218 5650 καί
1250 5613 1310 5649 σε
1335 5596 1427 5648 τὸν
1477 5593 1822 5665 πρωτότοκον
1860 5592 1951 5645 καὶ

384 5689 588 5743 ἄκοντα
629 5691 883 5762 στέργειν
917 5691 1015 5762 τὴν
1057 5691 1352 5753 ἔκπτωσιν,
1385 5688 1477 5740 καὶ
1507 5687 1586 5756 μὴ
1609 5687 1678 5740 τὰ
1706 5685 1952 5754 πρωτεῖα

2054 4502 2265 4549 mentes
2301 4505 2564 4565 perpetua
2603 4494 2751 4550 fame
2813 4506 2944 4553 sunt
2976 4500 3236 4554 devincti.
3270 4501 3347 4554 Ne
3395 4503 3630 4572 amplius

2054 4584 2238 4654 itaque
2269 4587 2553 4656 antiquum
2597 4597 2652 4642 et
2683 4589 2914 4658 gradum
2955 4601 3010 4646 ct
3037 4592 3302 4646 honorem
3348 4593 3628 4658 vindices;

2054 4676 2179 4730 inde
2205 4679 2352 4731 enim
2409 4679 2630 4748 elapsis,
2661 4691 2851 4752 utpote
2900 4683 3158 4748 diximus,
3195 4685 3339 4737 nulla
3390 4689 3632 4754 suppetit

2055 4769 2198 4823 ratio
2228 4779 2288 4825 ut
2317 4771 2444 4826 illuc
2470 4773 2720 4828 redeant.
2749 4775 2884 4829 Cain
2941 4776 3342 4846 primogenitus
3388 4790 3526 4841 erat,
3557 4781 3632 4833 nil

2058 4871 2240 4916 tamen
2291 4863 2365 4917 illi
2412 4865 2467 4919 id
2495 4866 2733 4934 profuit;
2765 4869 2970 4922 etenim
3026 4880 3246 4940 propter
3305 4861 3628 4943 sanguinem

2055 4956 2244 5010 Abelis
2277 4966 2332 5011 et
2403 4957 2670 5027 injustam
2723 4961 3080 5017 homicidium
3139 4966 3283 5034 quod
3344 4968 3395 5021 in
3451 4971 3628 5038 ipsum

2057 5051 2314 5116 patravit,
2339 5058 2395 5103 et
2421 5065 2450 5102 a
2481 5049 2623 5104 facie
2657 5050 2749 5104 Dei
2781 5054 3036 5119 recessit,
3058 5067 3112 5108 ct
3163 5073 3228 5110 ex
3279 5073 3346 5111 eo
3385 5070 3630 5126 tunqmre

2057 5155 2280 5209 gemens
2329 5141 2665 5211 pavidusque
2695 5142 2876 5200 lactus
2903 5155 2989 5200 est
3039 5147 3093 5200 in
3146 5150 3294 5203 omni
3347 5151 3475 5202 vita.
3513 5149 3628 5199 Ριὶ-

2057 5232 2365 5301 mogenitus
2398 5241 2519 5284 erat
2543 5232 2708 5298 Esau,
2741 5247 3193 5311 verum-pr0pter
3227 5254 3381 5293 suam
3426 5241 3624 5303 implo-

2056 5321 2285 5374 bitatem
2345 5329 2401 5372 et
2455 5320 2745 5390 ingluviem
2802 5334 2860 5378 et
2918 5325 3032 5395 ipsa
3099 5327 3448 5395 pritnngeniti
3506 5329 3630 5390 jura

2058 5413 2324 5472 vendidit,
2356 5421 2410 5465 et
2447 5429 2477 5466 a
2507 5414 2890 5470 benedictione
2944 5419 3168 5470 decidit.
3200 5418 3324 5469 llme
3381 5419 3543 5486 igifur
3575 5429 3629 5470 ct

2057 5504 2142 5559 bis
2163 5505 2356 5559 similia
2390 5505 2611 5572 quidem
2659 5508 3122 5572 animadvertetis,
3163 5510 3544 5576 pursuadearis
3575 5521 3630 5564 et

2057 5607 2112 5650 tu
2161 5597 2557 5665 primogenitus
2615 5599 2697 5653 vel
2785 5600 2990 5654 invitus
3044 5600 3396 5667 acquiescere
3450 5604 3627 5668 casui,

2057 5705 2238 5760 neque
2273 5690 2498 5761 antiqua
2533 5692 2586 5746 in
2633 5695 2955 5748 memoriam
3012 5707 3292 5749 revocare.
3330 5695 3406 5751 Ne
3464 5695 3631 5767 igitur
