4058 6196
329 297 432 363 89‘!

1667 301 2031 363 EPISTOLA
2074 302 2192 364 XV.

3479 311 3585 371 8‘78

330 420 477 473 οὓτω
501 420 746 490 ποιῶμεν
775 422 884 489 ἀεὶ,
915 422 1011 476 ἐὰν
1049 422 1193 478 οὕτω
1225 422 1325 492 τὴν
1376 418 1555 491 ψυχήν
1608 419 1770 491 ἡμῶν
1800 416 1894 471 αῦ-

2011 425 2163 473 turos
2202 419 2254 472 in
2283 418 2502 476 Christo
2529 419 2659 476 Iesu
2702 419 2930 476 Domino
2956 430 3173 488 nostro,
3207 422 3293 479 cui
3327 421 3496 494 gloria
3532 428 3582 478 in

326 515 471 567 λακα
508 515 821 583 τέμνωμεν,
846 516 945 570 καὶ
965 515 1195 571 τοιαῦτα
1228 515 1524 585 σπέρματα
1574 511 1897 565 κατασάλω-

2005 510 2221 566 saecula.
2253 510 2451 567 Amen.

330 623 451 676 μεν,
489 606 786 677 θαρρῶμεν
812 607 896 661 δτι
922 610 1021 662 καὶ
1052 610 1271 680 καρπὸν
1298 605 1542 676 άνδρῷον
1565 604 1911 676 κομισόμεθα
1950 605 2009 658 ὲν
2060 604 2286 677 Χριστῷ
2331 603 2509 676 Ἰησοῦ
2557 602 2635 676 τῷ
2687 604 2878 677 Κυρίῳ
2910 604 3088 677 ἡμῶν,
3130 603 3173 677 ᾧ
3208 610 3242 680 ἠ
3316 610 3443 679 δόξα
3498 618 3580 677 εἰς

325 704 454 767 τοὺς
479 703 710 768 αἰῶνας.
749 703 947 775 Ἀμήν.

848 849 1193 903 ΕΠΙΣΤΟΛΗ
1250 852 1329 903 IE'
1368 852 1469 921 (ι).

328 951 440 1031 Τᾷῖ
460 964 946 1033 πανεντιμοτὰτφ
975 965 1075 1019 καὶ
1123 965 1194 1019 έν
1226 965 1421 1034 Κυρίῳ
1459 965 1629 1034 ἡμῶν
1653 964 1898 1034 ἀδελφῷ

397 1034 556 1086 aeva
600 1032 849 1086 Ἰωάννη
906 1035 987 1086 τῶ
1048 1032 1335 1086 Τοιγᾶ.-
1374 1034 1507 1086 Πῶι·
1536 1034 1791 1086 νουτέον
1828 1035 1896 1086 τὸ

397 1034 581 1114 κυρῷ-
600 1034 849 1102 Ἰωάννῃ
906 1035 987 1100 τῷ
1048 1034 1335 1117 Τριχᾷ.-
1374 1034 1507 1100 Πῶς
1536 1034 1791 1100 νοητέον
1828 1035 1896 1087 τὸ

393 1105 465 1158 ὲν
508 1122 579 1170 τῃ
613 1105 1018 1173 Ἀποκαλύψει
1066 1121 1175 1158 του
1241 1107 1542 1173 Θεολόγου
1590 1105 1896 1173 εὐαγγελι-

392 1175 544 1228 στοῦ
570 1174 861 1228 Ἰωάννου
893 1172 1331 1243 εὑρισκόμενον
1352 1191 1363 1202 ·
1400 1193 1421 1229 ε
1436 1172 1615 1228 Εἶδον
1637 1172 1897 1242 οὐρανὸν

393 1243 630 1367 ἓαινὸνέ
661 1245 761 1297 καὶ
798 1244 915 1314 γῆν
963 1244 1206 1311 καινὴν,
1235 1244 1333 1297 καί
1372 1246 1411 1315 ἡ
1467 1243 1752 1300 θάλασσα
1785 1246 1897 1298 οὐκ

427 1330 569 1368 στιν⁵
636 1331 710 1367 τι.
748 1330 769 1366 ι

405 1450 627 1516 ’1στέον,
654 1451 755 1518 ,ὅτι
806 1450 865 1504 έν
910 1450 1195 1523 ἑξηκοστῷ
1231 1451 1470 1523 πέμπτῳ
1501 1452 1788 1523 κεφαλαίῳ
1817 1450 1892 1523 (2)

320 1543 422 1613 τῆς
478 1542 907 1612 ’.ἀποκαλύψεως
964 1542 1057 1597 τοῦ
1128 1543 1521 1613 εὐαγγελιστοῦ
1590 1544 1686 1597 καὶ
1744 1542 1891 1597 θείου

332 1636 582 1690 Ἰωάννου
617 1637 712 1690 καὶ
740 1636 867 1689 τάδε
912 1635 1239 1706 διείληπται·
1265 1634 1449 1717 Εἶδοκ
1481 1636 1746 1706 οὐρανὸν
1766 1652 1894 1689 και-

2546 839 2883 898 EPISTOLA
2923 839 3040 899 XV.

2014 957 2466 1031 Ven_erandis§imo
2501 958 2555 1010 in
2589 957 2812 1031 Domino
2844 961 3003 1031 fratri
3033 958 3218 1015 domno
3240 962 3435 1017 Jommi
3468 964 3586 1018 Trio

2077 1028 2284 1104 char.—-
2312 1027 2738 1104 Qyonqn:__rn_od_o
2765 1027 3256 1104 sit'intelligendum
3285 1036 3417 1087 illud
3447 1040 3586 1104 quod

2073 1099 2125 1150 in
2172 1098 2492 1166 Apocalypsi
2542 1098 2705 1150 divini
2737 1098 3071 1166 evangelistie
3109 1100 3332 1156 Joannis
3381 1098 3585 1157 inueni-

2074 1184 2189 1220 mus
2221 1183 2239 1221 :
2294 1186 2311 1218 ι
2344 1166 2461 1219 Vidi
2492 1166 2677 1220 caelum
2709 1184 2896 1221 novum
2957 1177 3006 1221 et
3052 1178 3252 1226 terram
3292 1189 3501 1237 novam,
3538 1185 3587 1228 et

2069 1253 2219 1291 mare
2240 1236 2363 1306 jam
2403 1253 2506 1290 non
2533 1248 2631 1291 est.
2666 1256 2685 1290 ι
3490 1236 3496 1237 ί
3560 1238 3565 1244 ’

2069 1437 2228 1495 Scire
2264 1454 2491 1496 necesse
2543 1449 2663 1507 est,
2702 1444 2843 1513 quod
2906 1445 2960 1498 in
3013 1447 3192 1517 capite
3249 1452 3588 1522 sexagesimo
3648 1436 3651 1441 ’

2002 1530 2196 1600 quinto
2227 1533 2576 1605 Apocalypsis
2603 1534 2746 1590 beati
2775 1530 3004 1593 Joannis
3033 1540 3382 1611 evangelistae
3420 1545 3434 1574 ¹
3473 1546 3589 1601 haec

2000 1622 2163 1677 etiam
2195 1625 2544 1695 reperiuntur
2572 1637 2588 1685 :
2624 1646 2645 1679 ι
2678 1627 2796 1682 Vidi
2831 1630 3031 1685 caelum
3064 1647 3265 1688 novum
3300 1643 3354 1690 et
3385 1632 3585 1691 terram

315 1728 432 1782 νὺν
470 1728 570 1781 καί
613 1728 734 1797 γῆν
756 1727 999 1795 καινὴν,
1031 1728 1131 1782 καί
1175 1729 1215 1798 ἠ
1262 1728 1549 1784 θάλασσα
1579 1728 1692 1782 οὐκ
1722 1727 1893 1782 ἐστιν

1999 1729 2222 1783 novam,
2255 1725 2313 1772 et
2356 1732 2507 1773 mare
2535 1718 2644 1789 jam
2684 1736 2794 1774 non
2827 1730 2967 1777 est.)
3004 1725 3259 1780 Animum
3300 1728 3465 1799 igitur
3494 1732 3590 1785 ad-

316 1822 426 1875 ἔτι.
462 1820 708 1891 Πρόσεχε
759 1818 876 1876 οὖν.
914 1820 1036 1873 Ἐπὶ
1082 1820 1181 1890 μὲν
1226 1820 1337 1891 γάρ
1384 1818 1628 1889 οὐρανοῦ
1657 1821 1753 1873 καὶ
1785 1817 1889 1887 γῆς

318 1913 422 1966 οὐκ
455 1912 799 1983 άνυπαρξίαν
822 1912 1102 1982 ἐνέφηνεν,
1131 1912 1246 1965 ἀλλ’
1280 1913 1676 1981 άνακαινισμὸν
1711 1911 1805 1965 ἐπὶ
1827 1909 1890 1964 τδ

321 2002 534 2073 βέλτιον
560 2005 587 2057 6
618 2003 773 2073 λόγος
814 2004 1228 2075 ὑπεσημήνατο.
1274 2004 1432 2057 Κατὰ
1479 2005 1589 2073 γάρ
1619 2002 1711 2056 τὸν
1741 2002 1892 2073 πάμ-

323 2111 501 2165 μεγαν
535 2094 770 2162 Παῦλον,
805 2096 901 2149 καὶ
935 2096 1074 2167 αὑτὴ
1107 2098 1142 2166 ή
1177 2096 1361 2160 κτίσις
1386 2095 1889 2166 ἐλευθερωθήσεται

321 2185 429 2240 ἀπὸ
458 2185 557 2255 τῆς
582 2185 829 2249 δουλείας
862 2186 963 2256 τῆς
995 2187 1199 2255 φθορᾶς
1226 2187 1305 2250 είς
1327 2185 1426 2257 τὴν
1448 2186 1763 2257 ἐλευθερίαν
1791 2185 1890 2255 τῆς

321 2276 481 2345 δόξης
507 2276 618 2330 τῶν
649 2277 856 2330 τέκνων
883 2276 979 2330 τοῦ
1004 2276 1165 2335 Θεοῦ.
1196 2279 1304 2332 Καὶ
1334 2281 1361 2332 6
1400 2278 1540 2342 θεῖος
1570 2277 1626 2330 δὲ
1658 2276 1891 2344 μελῳδὸς

321 2368 465 2422 οὕτω
502 2369 632 2440 περὶ
679 2369 788 2422 τῶν
826 2369 1073 2440 οὐρανῶν
1096 2368 1326 2439 εὕρηται
1357 2368 1567 2438 λέγων’
1594 2384 1613 2419 ε
1663 2365 1892 2431 Ἐλίξεις

322 2462 546 2528 αὐτοὺς,
573 2461 668 2515 καὶ
694 2461 1117 2532 ἀλλαγήσονται.
1149 2482 1169 2515 ι
1197 2463 1270 2516 Τὸ
1296 2463 1404 2532 γὰρ
1430 2460 1738 2515 παλαιωθέν
1766 2461 1895 2514 άνα-

322 2556 710 2626 καινιζόμενον
762 2555 823 2609 οὐ
870 2557 970 2625 τῆς
1018 2555 1208 2620 οὐσίας
1255 2556 1587 2627 ἀφανισμὸν,
1623 2554 1758 2609 ἀλλὰ
1798 2554 1891 2607 τοῦ

321 2648 509 2719 γήρως
544 2649 640 2701 καὶ
680 2647 789 2700 τῶν
824 2647 1054 2719 ῥυτίδων
1087 2648 1397 2718 ἐπιδέχεται
1462 2651 1563 2718 τήν
1613 2646 1890 2714 ἁπόξεσιν.

322 2742 437 2797 Καὶ
462 2740 605 2795 οὕτω
651 2739 751 2809 μὲν
778 2741 954 2794 εἰπεῖν
984 2738 1184 2809 ἔφθασε
1216 2741 1342 2812 περὶ
1377 2739 1611 2811 οὐρανοῦ
1640 2741 1736 2794 καὶ⁵
1765 2739 1889 2809 γῆς’

322 2832 453 2901 περὶ
500 2831 555 2884 δὲ
601 2832 703 2900 τῆς
752 2831 1029 2902 Θαλάσσης
1092 2831 1193 2902 οὐχ
1232 2830 1426 2897 οὕτως,
1462 2831 1598 2885 ἀλλὰ
1668 2832 1754 2895 τίς
1787 2829 1895 2885 Kal

322 2925 361 2992 ὴ
393 2924 678 2979 θάλασσα
707 2925 819 2979 οὐκ
867 2923 1041 2978 ἔστιν
1082 2925 1193 2978 ἐτι.
1223 2923 1319 2984 Τίς
1357 2923 1465 2994 γὰρ
1499 2923 1661 2993 χρεία
1697 2921 1890 2978 θαλάσ-

325 3033 449 3088 σης,
479 3016 555 3087 μὴ
584 3015 856 3086 δεομένων
886 3014 1192 3088 ἀνθρώπων
1216 3014 1311 3068 τοῦ
1345 3014 1502 3068 πλεῖν
1538 3013 1729 3085 αὐτὴν,
1754 3014 1787 3084 ἢ
1825 3014 1894 3067 δι’

321 3109 495 3178 αὐτῆς
548 3106 873 3179 πορίζεσθαι
920 3108 990 3161 τά
1040 3108 1098 3161 ὲν
1158 3109 1279 3171 ταῖς
1334 3108 1556 3179 μακράν
1612 3107 1893 3177 κειμέναις

321 3199 533 3273 χώραις
578 3200 977 3270 γεωργούμενα
1026 3199 1323 3269 άγὼγιμα;
1366 3198 1657 3253 Πιστοῦται
1692 3202 1896 3270 ταύτην

318 3293 421 3363 τὴν
448 3292 709 3347 ὑπόνοιαν
738 3294 831 3345 καὶ
861 3294 889 3345 6
929 3294 1101 3363 μέγας
1131 3293 1432 3359 Βασίλειος,
1463 3292 1758 3364 προφέρων
1793 3293 1892 3363 τὴν

322 3385 416 3440 τοῦ
452 3383 676 3439 Ἡσαΐου
712 3385 873 3456 ῥῆσιν
922 3386 1022 3455 την
1086 3384 1391 3453 λέγουσανο
1464 3384 1528 3438 '0
1579 3385 1774 3455 λέγων
1821 3382 1896 3453 τῇ

323 3475 602 3540 ἀσύσσφ,
656 3475 1052 3546 Ἔρημωθήσῃ
1078 3513 1094 3539 ,
1131 3475 1230 3528 καί
1264 3475 1497 3541 πάντας
1526 3476 1668 3542 τοὺς
1715 3492 1897 3531 ποῖαι

318 3570 483 3639 μούς
506 3585 624 3623 σου
656 3566 917 3637 ξηρανῶ.
949 3568 1058 3623 Καὶ
1109 3567 1253 3622 οὕτω
1287 3568 1388 3639 μὲν
1433 3572 1483 3622 oi
1512 3569 1579 3622 τὰ
1605 3569 1705 3639 τῆς
1731 3570 1896 3623 Ἀποσ-

324 3658 613 3729 καλῦψεως
649 3658 1079 3730 ὲπεξηγούμενοι
1105 3656 1227 3711 θεῖα
1250 3659 1413 3730 ῥητά·
1455 3660 1483 3713 6
1518 3659 1577 3713 δέ
1628 3676 1691 3728 γε
1724 3664 1899 3730 μέγας

323 3751 609 3815 Βασίλειος
658 3753 717 3806 έν
766 3754 833 3823 τῇ
884 3752 966 3815 εἰς
996 3750 1096 3823 τήν
1138 3750 1479 3822 Ἐξαήμερον
1526 3752 1686 3822 τρίτῃ
1731 3752 1895 3806 αὐτοῦ

321 3845 514 3917 ὁμιλίᾳ
536 3836 920 3917 ἀριδηλότερον
945 3843 1038 3899 τὸν
1069 3845 1198 3915 περὶ
1221 3843 1415 3897 τούτου
1452 3842 1611 3911 λόγον
1642 3846 1894 3908 ποιεῖται,

322 3940 420 3990 καλ⁸
472 3936 614 3991 οὕτω
656 3938 811 4007 φησί’
843 3938 995 3991 Διατί
1035 3940 1131 3991 καὶ
1167 3936 1311 4001 τίνος
1344 3936 1533 3988 ἕνεκεν
1568 3937 1596 3989 6
1646 3936 1749 4007 τῆς
1774 3936 1897 3989 καθ’

322 4031 473 4100 ἡμᾶς
498 4029 829 4100 οἰκουμένης
855 4030 1021 4092 τόπος
1060 4028 1228 4081 ὕδατι
1279 4026 1696 4098 περιείληπται,
1734 4028 1900 4081 πελά-

321 4121 448 4189 γεσί
471 4138 531 4175 τε
572 4121 831 4184 ἀπλέτοις
859 4119 1224 4189 ἐνδεδεμένος,
1255 4119 1354 4173 καὶ
1386 4119 1602 4189 μυρίοις
1629 4120 1899 4188 ποταμοῖς

321 4215 573 4277 ἀεννάοις
605 4214 993 4285 κατάῤῥυτοςς
1038 4213 1136 4265 Διὰ
1168 4212 1268 4281 τὴν
1306 4212 1547 4283 άρῤητον
1578 4212 1773 4279 σοφίαν
1801 4208 1897 4263 τοῦ

318 4307 420 4377 τὴν
450 4306 741 4360 ἀντίπαλον
771 4304 848 4374 τῷ
879 4306 1019 4375 πυρὶ⁹
1082 4288 1246 4372 φύσιν
1293 4302 1730 4369 δυσεξανάλωτον
1757 4299 1896 4356 εἶναι

1998 1816 2151 1862 verte
2191 1825 2207 1863 :
2245 1810 2468 1866 minime
2503 1813 2650 1867 enim
2684 1814 2805 1868 caeli
2844 1825 3109 1887 terraeque
3146 1820 3583 1878 inexsistentiam

1996 1900 2086 1956 hic
2109 1900 2429 1965 declaravit,
2457 1904 2567 1961 imo
2593 1905 2647 1959 in
2678 1907 2875 1963 melius
2918 1908 3374 1968 instaurationem
3405 1932 3588 1972 sermo

1998 1993 2100 2048 iste
2134 1995 2366 2063 aperuit.
2399 1995 2649 2067 Namque
2669 2000 2825 2069 jux’ta
2851 2017 3105 2073 magnum
3133 2003 3359 2061 Paulum
3389 2018 3445 2065 et
3471 2011 3585 2080 ipsa

1997 2093 2257 2141 creatura
2284 2086 2605 2144 liberabitur
2634 2107 2665 2146 a
2696 2093 2959 2149 servitute
2994 2099 3373 2167 corruptionis
3427 2103 3482 2157 in
3522 2106 3587 2159 II-

1998 2179 2261 2235 bertatem
2312 2182 2496 2251 gloria:
2548 2184 2780 2239 ﬁliorum
2812 2186 2929 2241 Dei.
2973 2188 3195 2245 Diviuus
3222 2194 3387 2247 etiam
3434 2198 3585 2263 psal-

2002 2269 2164 2326 mista
2202 2272 2275 2327 ita
2304 2271 2373 2327 de
2408 2274 2564 2328 cadis
2594 2274 2821 2345 loquens
2855 2277 3163 2333 invenitur:
3190 2300 3207 2332 ι
3236 2281 3469 2340 Μυιιὼίε
3492 2302 3586 2341 eos

2000 2371 2056 2416 et
2086 2365 2496 2420 mutabuntur.»
2528 2366 2661 2424 IlIud
2692 2368 2855 2440 igitur
2882 2372 3024 2440 quod
3057 2375 3341 2431 veterascit
3372 2377 3586 2434 instau-

1998 2456 2131 2523 rari,
2168 2472 2278 2511 non
2326 2459 2579 2513 essentia:
2626 2460 3079 2529 destructionem,
3142 2466 3238 2520 sed
3289 2472 3585 2526 vetustatis

2000 2563 2368 2619 rugarumque
2407 2550 2735 2605 ablationem
2784 2553 3031 2607 exhibet.
3073 2554 3139 2609 Et
3198 2557 3312 2612 haec
3360 2561 3583 2628 quidem

2000 2639 2068 2694 de
2098 2640 2236 2695 caelo
2274 2650 2329 2695 et
2358 2651 2500 2696 terra
2540 2642 2695 2707 dixit,
2742 2642 2810 2699 de
2850 2645 2985 2699 mari
3021 2661 3152 2702 vero
3204 2663 3311 2703 non
3348 2651 3448 2716 ita,
3488 2657 3583 2708 sed

2000 2730 2176 2800 quid?
2204 2749 2223 2782 ι
2260 2732 2325 2786 Ει
2361 2747 2510 2787 mare
2553 2734 2666 2803 jam
2716 2750 2828 2790 non
2875 2742 2980 2792 ‘est.
3018 2755 3037 2789 θ
3071 2738 3205 2805 Quae
3253 2743 3398 2797 enim
3454 2755 3572 2810 est,

2002 2837 2206 2893 quaeso,
2238 2823 2406 2878 maris
2434 2825 2660 2891 utilitas,
2698 2841 2820 2882 cum
2855 2828 3107 2887 homines
3137 2848 3239 2890 nec
3270 2836 3401 2892 illud
3432 2841 3582 2912 traji-

2002 2929 2128 2969 cere
2156 2919 2408 2987 navigiis,
2440 2931 2543 2972 nec
2590 2932 2686 2988 per
2716 2919 2892 2989 ipsum
2944 2938 3156 2979 merces
3210 2934 3583 2999 transportare

2004 3005 2071 3061 ad
2111 3005 2434 3079 longinquas
2493 3016 2670 3065 terras
2714 3015 2955 3069 curent?
2992 3014 3143 3073 Hanc
3176 3021 3422 3077 eamdem
3455 3040 3583 3079 sen-

1920 3086 1962 3145 C
1997 3098 2224 3155 tentiam
2261 3115 2491 3171 magnus
2522 3105 2700 3173 aperit
2731 3105 2986 3173 Basilius,
3019 3107 3169 3165 Isaia:
3201 3113 3365 3168 verba
3398 3116 3583 3185 profe-

1999 3204 2128 3245 rens
2146 3193 2362 3248 hzecce:
2389 3212 2409 3248 ι
2441 3195 2543 3261 Qui
2562 3196 2686 3252 dico
2708 3199 2998 3268 profundo,
3021 3201 3301 3270 Desolare,
3318 3213 3374 3260 et
3391 3209 3575 3262 omnia

1996 3281 2222 3339 ﬂumina
2255 3293 2343 3340 tua
2374 3276 2720 3343 arefaciam.»
2752 3290 2820 3346 Et
2853 3292 2967 3347 haec
2995 3293 3217 3363 quidem
3246 3309 3583 3353 censuerunt

1995 3375 2090 3445 qui
2146 3376 2331 3433 divina
2377 3378 2733 3453 Apocalypsis
2769 3384 2932 3439 verba
2978 3386 3434 3456 explanaverunt.
3472 3389 3581 3445 Ma-

1996 3484 2134 3541 gnus
2161 3470 2403 3527 Basilius
2435 3472 2491 3527 in
2515 3472 2737 3528 homilia
2766 3476 2926 3530 tertia
2969 3476 3023 3531 in
3058 3476 3432 3536 Hexaemeron
3474 3484 3584 3539 cla-

1997 3562 2199 3618 riorem
2241 3564 2420 3619 adhuc
2465 3564 2536 3620 de
2580 3565 2682 3621 hoc
2737 3558 3049 3623 sermonem
3099 3571 3332 3626 habuit:
3375 3574 3578 3641 Quare,

1998 3651 2198 3723 inquit,
2250 3654 2473 3724 cujusve
2519 3656 2693 3724 gratia
2746 3657 2992 3727 planitiei
3042 3670 3244 3717 nostrae
3297 3663 3413 3718 loca
3470 3667 3582 3722 sint

1997 3747 2152 3814 aquis
2188 3747 2619 3819 circumscripta,
2657 3752 2901 3807 maribus
2941 3754 3104 3808 etiam
3141 3755 3421 3815 immensis
3452 3775 3581 3817 eon-

1999 3840 2209 3903 stricta,
2253 3856 2356 3895 nec
2410 3856 2519 3896 non
2578 3844 2883 3899 innumeris
2938 3842 3573 3921 ﬂuminibusﬁierpetuo

1999 3930 2366 3986 deﬂuentibus
2400 3932 3085 4003 irrigataYOb‘inauditam
3119 3953 3252 3992 sane
3290 3941 3435 3996 illius
3479 3959 3571 3997 sa-

2000 4018 2255 4088 pientiam
2289 4021 2380 4091 qui
2415 4022 2743 4077 contrariam
2769 4024 2877 4095 igni
2910 4035 3160 4081 naturam
3194 4028 3570 4087 inexhaustam

1998 4126 2119 4166 esse
2173 4112 2431 4168 decrevit.
2475 4113 2764 4171 Enimvero
2810 4117 3037 4173 Creator
3106 4120 3346 4176 universi
3421 4126 3573 4177 novit

2000 4214 2264 4275 quantum
2356 4205 2586 4275 hujusce
2645 4209 2835 4263 mundi
2916 4211 3288 4267 subsistentia:
3356 4224 3573 4286 tempus

2002 4297 2182 4352 ﬁxerit
2237 4310 2639 4370 proptereaque
2683 4312 2884 4357 tantam
2928 4304 3046 4375 ipse
3070 4305 3300 4377 largitus
3333 4317 3417 4363 est
3460 4308 3569 4377 igni

319 4398 814 4469 οἱκονομήσαντος.
853 4397 1010 4470 ’ᾘδει
1041 4397 1138 4450 καὶ
1179 4395 1286 4466 γὰρ
1330 4398 1358 4449 6
1383 4395 1483 4463 τῆς
1530 4394 1761 4457 κτίσεως
1801 4393 1894 4464 δη-

2002 4390 2369 4458 adustionem,
2394 4401 2453 4447 ut
2474 4402 2601 4449 ante
2634 4405 2848 4465 tempus
2871 4397 2973 4455 hoc
2996 4399 3286 4469 perigmum
3313 4400 3571 4455 succendi

323 4490 610 4560 μιουργδς,
642 4492 767 4545 ὅσον
792 4492 1040 4561 ἀφώρισε
1071 4488 1267 4559 χρόνον
1312 4489 1379 4557 τῇ
1412 4485 1506 4539 τοῦ
1536 4486 1745 4558 κόσμου
1773 4484 1897 4539 τοῦ-

320 4585 377 4634 δε
406 4583 686 4647 συστάσει,
728 4583 822 4636 καὶ
848 4583 937 4637 διὰ
968 4582 1124 4636 τοῦτο
1149 4580 1420 4650 τοσαύτην
1447 4581 1655 4643 ἐκεῖνος
1682 4595 1896 4650 προαπ-

319 4675 478 4728 έοετο
532 4675 611 4744 τῷ
672 4678 807 4746 πυρὶ
853 4676 1121 4746 δαπάνην,
1153 4674 1296 4729 ὥστε
1347 4672 1424 4743 μή
1470 4671 1895 4741 καταφρυγῆναι

318 4767 414 4818 καὶ
441 4766 547 4837 πρὸ
576 4767 771 4832 καιροῦ
801 4768 952 4820 τουτὶ
970 4767 1030 4819 τὸ
1060 4767 1343 4838 περίγειον
1392 4767 1456 4834 τῇ
1488 4764 1764 4834 ὑπερὸολῇ
1801 4764 1896 4816 τοῦ

320 4856 763 4926 θερμοῦ.Ἐσται
823 4860 1049 4929 μέντοι,
1092 4858 1179 4911 ὅτε
1227 4858 1325 4911 καὶ
1365 4856 1545 4911 πάντα
1602 4857 1671 4908 τά
1729 4854 1896 4908 ὕδατα

276 4950 297 4965 ‘
319 4950 812 5020 καταφρυγήσεται
839 4951 917 5020 τῷ
938 4951 1095 5021 πυρὶ,
1125 4950 1200 5015 ὥς
1228 4968 1396 5021 φησιν
1437 4950 1692 5014 Ἡσαΐας,
1725 4951 1783 5002 έν
1814 4944 1897 5012 οἷς

319 5041 461 5110 πρὸς
488 5041 579 5094 τὸν
618 5041 725 5095 τῶν
755 5044 893 5096 ὅλων
923 5043 1056 5096 Θεὸν
1086 5042 1397 5109 διαλέγεται
1419 5058 1433 5073 ·
1474 5043 1530 5097 Ὀ
1576 5041 1775 5114 λέγων
1821 5040 1897 5112 τῇ

318 5133 594 5199 ἀϐύσσῳ,
637 5133 1064 5204 Ἕρημωθήσῃ,
1117 5133 1217 5189 καί
1250 5133 1482 5201 πάντας
1531 5133 1677 5201 τοὺς
1714 5149 1896 5188 ποτα.

318 5226 475 5292 μούς
528 5240 647 5279 σου
708 5226 972 5295 ξηρανῶ.
1015 5229 1128 5282 Καὶ
1179 5225 1352 5282 ταῦτα
1398 5229 1586 5281 τοῦτον
1638 5230 1751 5298 ἔχει
1802 5229 1894 5280 τὸν

396 5408 412 5437 ¹
452 5411 623 5481 Apoc.
658 5423 770 5475 xxi,
814 5409 867 5491 t.

393 5567 631 5637 (lIHanc
648 5565 935 5637 epistolam
964 5578 1086 5618 cum
1120 5562 1329 5637 duabus
1360 5562 1721 5637 sequentibus
1734 5560 1905 5637 edidit

323 5631 490 5694 C(F.
525 5631 853 5700 Mattli'aaius,
885 5634 1139 5703 blosquae,
1190 5632 1349 5697 I776,
1369 5645 1432 5687 ex
1470 5631 1658 5686 codice
1708 5632 1906 5703 biblio-

327 5713 498 5765 theca:
566 5706 932 5778 typographia:
996 5702 1302 5775 Synodalis.
1379 5702 1899 5770 Interpretationcm

604 5826 875 5884 PATnOL.
926 5823 1045 5883 Gtt.
1091 5818 1354 5882 CLVIII.

2006 4494 2243 4551 nequeat
2278 4483 2477 4542 caloris
2511 4495 2679 4553 aastu;
2712 4488 2858 4556 quod
2900 4498 3077 4545 tamen
3123 4491 3218 4546 ﬁet
3244 4531 3259 4555 ,
3291 4493 3379 4547 ubi
3414 4508 3572 4563 aqua:

2005 4590 2197 4630 omnes
2237 4576 2362 4647 igne
2402 4580 2968 4648 consummabuntur,
3005 4584 3157 4653 juxta
3197 4583 3331 4639 illud
3378 4586 3566 4649 Isaiae,

2002 4669 2243 4724 universi
2279 4669 2447 4725 Deum
2480 4672 2553 4726 ita
2585 4672 2912 4745 alloqucntis
2947 4693 2959 4728 :
2997 4695 3013 4726 ι
3049 4674 3154 4741 Qui
3192 4675 3314 4730 dico
3348 4676 3576 4745 profun-

2000 4759 2090 4825 do,
2129 4762 2407 4831 Desolare,
2449 4774 2505 4819 et
2552 4767 2736 4823 omnia
2787 4768 3011 4821 ﬂumina
3053 4778 3141 4823 tua
3191 4769 3505 4825 arefaciam.
3548 4791 3566 4821 υ

2004 4856 2289 4912 Sententia
2316 4864 2401 4910 est
2430 4872 2442 4907 ι
2472 4855 2528 4909 Si
2566 4857 2786 4928 quidem
2824 4858 3055 4913 desolari
3085 4870 3216 4915 tunc
3240 4860 3572 4931 profundum

2001 4949 2224 5017 dixerit,
2286 4948 2501 5005 areﬁeri
2561 4966 2689 5006 vero
2740 4953 2793 5005 in
2842 4951 3162 5008 ﬂuminibus
3216 4961 3273 5008 et
3328 4955 3575 5010 maribus

2000 5056 2189 5109 aquas,
2224 5041 2412 5095 mirari
2445 5057 2555 5097 non
2590 5043 2766 5106 decet,
2788 5045 2932 5121 quod
2955 5055 3008 5099 et
3038 5046 3155 5116 ipse
3194 5047 3387 5101 beatus
3407 5046 3575 5102 Joan-

1999 5148 2095 5187 nes
2136 5135 2191 5187 in
2235 5134 2553 5204 Apocalypsi
2587 5134 2729 5189 inter
2759 5135 2862 5189 alia
2895 5136 2998 5192 hoc
3043 5138 3234 5193 dicat:
3268 5156 3286 5189 ι
3328 5137 3395 5192 Ει
3424 5154 3575 5191 mare

1997 5228 2109 5298 jam
2157 5241 2267 5281 non
2319 5237 2423 5283 est.
2470 5248 2487 5279 ι
2524 5227 2656 5283 Nam
2706 5229 2939 5285 desolari
2986 5243 3116 5286 tunc
3162 5230 3489 5302 profundum
3522 5238 3575 5282 et

2009 5560 2264 5615 Latinam
2298 5563 2636 5620 addidimus.
2668 5567 2825 5622 EDIT.

2078 5631 2154 5710 (ἓ)
2193 5631 2435 5710 I_i_espicit
2461 5634 2785 5710 divisirniem
2815 5636 3049 5710 Andreae
3060 5635 3357 5710 cretensis,
3379 5638 3448 5696 de
3469 5654 3577 5710 qua

2005 5703 2127 5757 vide
2158 5702 2449 5760 editibnem
2477 5702 2608 5759 Novi
2639 5704 2970 5759 Testamenti
3006 5706 3173 5760 Millii.

3188 5826 3265 5885 29
