4058 6196
489 293 588 353 ςθθ
1767 289 2188 352 MICHAELIS
2230 290 2272 350 G
2286 291 2490 352 εγω
3646 298 3757 361 900

489 426 641 466 mare
675 411 786 482 jam
817 425 927 467 non
959 426 1076 467 esse
1100 451 1121 476 ,
1163 410 1310 464 nullo
1339 411 1518 478 modo,
1553 419 1614 467 ut
1644 410 1899 482 equidem
1940 408 2063 464 πω.

2189 411 2412 480 τρόπον.
2462 410 2527 462 Εἰ
2565 409 2716 477 λέγει
2756 409 2853 479 μὲν
2889 410 3249 481 ἐρημωθῆναι
3296 411 3419 465 τότε
3464 411 3564 482 τὴν
3592 410 3759 465 6.6m:-

494 510 641 572 tror,
697 507 1032 576 discrepant.
1074 504 1229 572 Quod
1302 505 1350 560 si
1402 506 1472 560 ita
1521 523 1608 562 res
1665 521 1787 563 sese
1844 507 2047 561 habent

2189 516 2306 564 σον,
2332 498 2568 569 ξηρᾶναι
2617 499 2676 552 δὲ
2705 499 2767 552 τδ
2815 501 2873 553 ὲν
2904 505 3173 570 ποταμοῖς
3204 502 3297 554 καὶ
3331 502 3548 571 λίμναις
3586 500 3753 573 ὕδωρ,

478 598 815 670 ‘Scripturas
851 600 1029 655 vereri
1077 602 1358 668 convenit,
1402 616 1505 657 nec
1536 599 1813 656 contraria
1846 596 2063 667 scripto-

2185 591 2492 662 θαυμάζειν
2523 591 2624 645 οὐκ
2653 589 2901 660 εὔλογον,
2937 593 3053 659 εἴγε
3100 594 3191 645 καὶ
3224 592 3545 664 δ’θιηγόρος
3581 593 3760 649 Ἰωάν-

491 691 643 747 ribus
678 692 853 747 sacris
883 692 1101 763 apinari
1134 694 1424 749 debemus.
1483 691 1695 748 Suiiicit
1740 691 1887 747 enim
1920 687 2063 745 disci

2183 702 2281 754 νης
2313 686 2371 737 ἐν
2402 687 2469 756 τῇ
2501 683 2876 752 Ἀποκαλύψει
2910 684 3079 737 αὐτοῦ
3122 687 3218 739 καὶ
3262 687 3424 740 τοῦτό
3456 698 3591 757 φησι
3620 690 3757 756 πρὸς

480 784 638 853 pulo,
677 784 876 854 inquit,
913 796 971 840 ut
997 786 1068 840 sit
1102 786 1244 842 sicut
1271 787 1556 858 magister.

2182 781 2294 841 τοῖς
2324 778 2529 843 ἄλλοις,
2575 779 2658 830 ὅτι
2695 777 2806 830 Καὶ
2840 778 2877 845 ἠ
2914 777 3198 832 θάλασσα
3253 780 3365 832 οὐκ
3424 780 3599 833 ἔστιν
3646 781 3759 836 ἔτι.

489 879 565 930 Τὸ
596 877 704 948 γὰρ
756 878 1119 950 ἐρημωθῆναι
1151 880 1274 932 τότε
1332 879 1432 949 τὴν
1476 878 1739 942 ἄϐυσσον,
1776 875 1873 930 καὶ
1911 875 1993 940 τὸ,
2043 874 2117 931 Ἦ
2179 873 2464 929 θάλασσα
2518 871 2629 921 οὐκ
2685 869 2861 923 ἐστιν
2910 870 3022 935 ἐτι,
3077 869 3199 924 κατ’
3232 871 3425 937 οὐδὲν,
3471 873 3547 934 ὠς
3578 867 3757 942 οἶμαι,

495 975 632 1045 πρὸς
665 972 874 1044 ἄλληλα
929 965 1302 1046 διαφέρουσιν.
1354 976 1419 1030 El
1455 974 1513 1029 δὶ
1573 973 1746 1028 ταῦτα
1792 972 1967 1040 οὕτως
2017 974 2153 1045 ἔχει,
2184 973 2253 1026 τὰ
2287 965 2650 1054 γεγραμμένα
2702 967 2951 1036 στέργειν
2981 966 3292 1038 ὀφείλομεν,
3321 969 3416 1023 καὶ
3452 971 3528 1041 μῆ
3565 974 3762 1025 τάνανο

492 1066 583 1121 τία
623 1069 846 1136 φρονεῖν
869 1069 982 1131 τοῖς
1040 1068 1353 1138 ὑποφήταις
1421 1066 1519 1122 τοῦ
1584 1066 1929 1137 Πνεύματος.
1979 1065 2237 1140 *Αρκετέιν
2300 1063 2434 1132 γὰρ.
2466 1059 2624 1130 sane",
2659 1062 2735 1130 τῷ
2768 1059 3007 1130 μαθητῇ.
3034 1060 3126 1115 ἐὰν
3155 1061 3229 1127 ὼς
3259 1066 3285 1116 ὁ
3317 1062 3631 1127 διδάσκαλος
3663 1065 3763 1117 αὖ-

492 1163 587 1217 τοῦ
613 1165 863 1233 γένηται.

1027 1306 1365 1363 EPISTOLA
1402 1307 1544 1362 XVI.

2728 1302 3074 1356 ΕΠΙΣΤΟΛΗ
3108 1274 3226 1367 ιςέν.

502 1415 961 1495 γριιρναηάὶξεὶιηο
992 1417 1246 1468 monacho
1263 1414 1461 1495 domno
1490 1413 1865 1469 Charitom'.-—
1888 1415 2063 1495 pirum

2174 1418 2273 1495 .Té
2296 1419 2623 1495 τιμιωτάτῳ
2657 1491 2665 1495 _
2679 1416 2926 1495 μοναχῷ
2977 1417 3143 1495 κυρεῖ)
3189 1415 3496 1495 Χαρίτωνα⁸
3523 1444 3593 1495 τ
3615 1416 3759 1495 Περὶ

565 1488 747 1540 beatus
779 1485 1012 1539 Joannes
1058 1483 1378 1554 evangelista
1408 1489 1564 1538 morti
1611 1488 1945 1549 concesserit,
1971 1486 2078 1538 sive

563 1574 689 1619 non.

2180 1490 2183 1509 "
2255 1485 2383 1551 τοῦ,
2410 1490 2533 1543 εἴτε
2579 1485 2692 1553 aut
2724 1489 2987 1541 θανάτου
3031 1486 3205 1553 τέλος
3240 1490 3272 1540 ὀ
3318 1485 3762 1555 εὐαγγελιστὴς

2214 1566 2219 1575 ”
2251 1558 2538 1629 Ἰωάννης
2572 1556 2845 1623 ἐδέξατο,
2888 1556 3010 1610 εἴτε
3061 1558 3157 1609 καί
3208 1557 3316 1626 μή.

563 1690 783 1744 Minime
815 1703 914 1743 nos
956 1687 1093 1756 fugit
1137 1686 1284 1756 quod
1333 1685 1425 1741 ille
1468 1686 1563 1756 qui
1609 1701 1696 1742 res
1729 1696 1911 1758 gestas
1940 1703 2063 1757 apo-

2253 1694 2378 1749 Ὀτι
2400 1696 2501 1765 μὲν
2533 1689 2625 1749 οὖν
2659 1694 2687 1746 ὁ
2719 1694 2785 1748 τά
2812 1694 2919 1746 τῶν
2946 1692 3268 1746 ἀποστόλων
3291 1692 3759 1762 συγγραψάμενος

488 1784 757 1839 stolorum
785 1781 1062 1835 memoriae
1090 1778 1399 1845 mandavit,
1442 1787 1499 1835 et
1530 1778 1644 1849 ipse
1670 1793 1899 1850 magnus
1929 1779 2071 1836 inter

499 1886 766 1947 martyres
804 1871 1473 1945 liippolytus,evangelica
1497 1871 1588 1926 illa
1614 1871 1803 1936 verba,
1834 1882 1892 1927 ut
1920 1872 2070 1928 vide-

500 1979 606 2032 tur,
643 1968 972 2023 audiverunt
1006 1984 1018 2020 :
1060 1983 1079 2017 ι
1116 1962 1313 2022 Sienm
1346 1962 1467 2019 volo
1489 1977 1709 2019 manere
1746 1963 1921 2021 donec
1954 1964 2070 2033 ipse

494 2061 732 2126 veniam,
773 2060 903 2129 quid
944 2059 1009 2114 ad
1048 2058 1147 2114 te?
1178 2066 1235 2111 tu
1271 2072 1360 2113 me
1387 2070 1648 2127 sequere;
1691 2073 1710 2108 ι
1748 2055 1889 2111 inter
1920 2056 2071 2112 vivos

497 2154 717 2206 beatum
752 2150 1023 2205 Joannem
1055 2148 1443 2218 evangelistam
1474 2147 1685 2203 versari
1726 2147 2066 2218 praedicant,

493 2243 783 2311 ipsumque
814 2239 1038 2294 lienocb
1090 2248 1147 2295 et
1193 2239 1326 2294 Elite
1366 2240 1706 2297 consociant.
1755 2241 1870 2297 Etsi
1920 2239 2069 2295 enim

495 2333 665 2412 multa
697 2332 918 2401 quidem
958 2346 1059 2386 nos
1101 2340 1470 2401 praetereant,
1519 2340 1764 2413 attamen
1791 2346 1961 2401 opera
2001 2331 2070 2388 de

495 2427 614 2497 ipso
644 2442 672 2479 a
708 2426 843 2480 viris
869 2440 1035 2493 supra
1073 2424 1236 2495 dictis
1270 2423 1614 2491 elucubrata,
1648 2434 1704 2479 et
1731 2424 1912 2496 magni
1941 2424 2071 2480 ieci-

495 2534 616 2574 mus
637 2516 699 2573 'et
731 2517 1059 2582 didicimus;
1083 2516 1416 2586 proindeque
1440 2516 1754 2586 Scripturas
1788 2517 2065 2586 venerari,

492 2625 669 2679 neque
715 2609 767 2663 in
810 2608 1211 2665 controversias
1259 2608 1413 2662 abire
1463 2607 1728 2678 oportuit.
1780 2607 1914 2663 Cum
1966 2625 2067 2664 au-

493 2715 601 2757 tem
629 2704 802 2758 sancti
835 2702 935 2756 viri
970 2700 1116 2755 haud
1167 2700 1349 2770 pauci,
1379 2700 1482 2755 alia
1531 2700 1623 2754 alii
1653 2700 1721 2755 de
1775 2699 1861 2754 bis
1905 2701 2069 2756 rebus

493 2796 813 2864 opinentur,
847 2793 1042 2847 horum
1072 2792 1234 2848 etiam
1264 2792 1612 2847 sermonibus
1642 2792 1802 2847 ﬁdem
1828 2803 1881 2848 et
1906 2793 2068 2848 obse-

491 2888 968 2956 quiumprzestare
992 2886 1171 2949 decet,
1214 2883 1484 2954 siquidem
1530 2883 1703 2940 sacris
1764 2884 2067 2940 canonibus

491 2978 868 3034 contradicere
902 2978 1130 3033 omnino
1154 2991 1265 3031 non
1290 2975 1550 3031 valemus.
1579 2974 1712 3031 Nam
1750 2978 1797 3031 si
1830 2976 2064 3046 plurium

2179 1788 2582 1858 ὑπομνήματα,
2634 1788 2733 1840 καὶ
2776 1786 2940 1849 αὐτὸς
2970 1785 2998 1835 ὁ
3043 1787 3108 1857 ,ιν
3159 1783 3398 1854 μάρτυσι
3429 1783 3604 1853 μέγας
3642 1782 3758 1836 '11s-

2178 1880 2413 1944 πόλυτος
2436 1880 2545 1933 τῶν
2572 1877 2969 1948 εὖαγγελικῶν,
2992 1877 3067 1939 ὡς
3098 1876 3265 1940 ἔοικε,
3298 1877 3564 1948 ῥημάτων
3588 1876 3752 1929 ἀκού-

2180 1986 2375 2035 σαντες
2398 1972 2507 2023 τῶν
2551 1968 2695 2023 οὕτω
2742 1968 3029 2037 λεγόντων,
3063 1967 3206 2022 Ἐὰν
3239 1966 3429 2021 αὑτὸν
3470 1966 3627 2023 θέλω
3647 1967 3754 2036 μέο

2179 2077 2329 2127 γειν,
2360 2061 2473 2128 ἕως
2507 2060 2758 2130 εῃχομαι
2781 2098 2797 2125 ,
2840 2060 2897 2113 τί
2959 2054 3107 2128 πρὸς
3158 2058 3264 2123 σέ;
3304 2052 3388 2113 Σὺ
3426 2059 3753 2114 ἀκολούθει

2172 2171 2297 2223 μοι,
2328 2156 2385 2207 ὲν
2432 2155 2547 2217 τοῖς
2580 2153 2719 2216 ζῶσι
2749 2151 3004 2223 λέγουσιν
3038 2146 3180 2203 εἶναι
3223 2150 3314 2202 τὸν
3346 2150 3752 2221 εὐαγγελιστὴν

2176 2247 2272 2299 καὶ
2309 2244 2453 2298 θεῖον
2501 2246 2758 2317 Ἰωάννην
2791 2245 2869 2313 τῷ
2906 2234 3079 2313 Ἑνὼχ
3101 2260 3160 2296 τε
3194 2244 3289 2296 καὶ
3328 2242 3485 2311 Ἠλία
3517 2258 3752 2310 συναγε-

2177 2336 2458 2401 λάζεσθαι,
2492 2335 2616 2389 οὐδὲ
2653 2337 2789 2405 ἡμῖν
2833 2334 3056 2397 πάντως
3090 2334 3380 2411 ἠγνόηται.
3412 2333 3477 2387 Ei
3518 2333 3627 2401 γὰρ
3655 2335 3754 2386 καὶ

2177 2430 2413 2499 ἀμαθεῖς
2448 2429 2540 2480 ἐπὶ
2569 2427 2826 2481 τοσοῦτόν
2867 2430 3059 2497 ἐσμεν,
3093 2426 3208 2479 ἀλλ’
3242 2422 3335 2481 οὖν
3384 2426 3451 2483 τὰ
3488 2428 3603 2488 τοῖς
3628 2426 3752 2480 διαο

2176 2521 2462 2592 ληφθεῖσιν
2487 2520 2747 2591 ἀνδράσιν
2783 2518 2870 2571 ἐπ’
2900 2520 3050 2589 αὐτῷ
3078 2517 3254 2589 τούτῳ
3283 2518 3592 2588 πονηθέντα
3625 2535 3753 2571 συν-

2173 2610 2437 2681 ’τάγματα
2462 2611 2558 2665 καὶ
2586 2609 2821 2680 εὕρομεν
2861 2609 2968 2680 πρὸ
3001 2608 3223 2674 πολλοῦ,
3256 2609 3353 2663 καὶ
3407 2610 3750 2679 ἀνέγνωμεν.

2180 2704 2375 2759 Ἔνθεν
2404 2721 2487 2757 τοι
2521 2704 2619 2757 καὶ
2650 2703 2904 2771 στέργειν
2949 2693 3019 2755 τά
3052 2702 3415 2772 γεγραμμένα
3457 2701 3648 2771 ἐχρῆν,
3686 2703 3751 2754 οὐ

2178 2788 2287 2867 μὴν
2317 2796 2454 2860 ὅλως
2498 2794 2846 2851 ἀντιπίπτειν
2900 2794 2995 2848 ἐπὶ
3043 2793 3257 2856 τούτοις
3292 2793 3386 2848 καὶ
3441 2793 3751 2865 άντιμάχεο

2181 2889 2328 2943 σθαι.
2366 2886 2507 2942 Ἀλλ’
2534 2886 2729 2957 ἐπειδὴ
2753 2888 2848 2939 καὶ
2879 2886 3104 2957 ἑτέρους
3134 2886 3242 2939 τῶν
3287 2885 3462 2954 ἁγίων
3502 2885 3603 2939 οὐκ
3637 2885 3753 2937 61i-

2175 2998 2306 3050 γους
2348 2980 2557 3035 ἐκεῖθεν
2612 2979 2974 3042 ἀνθέλκοντας
3017 2978 3217 3049 ἔχομεν
3245 3016 3259 3040 ,
3288 2979 3386 3031 καὶ
3415 2977 3563 3048 ἕτερ’
3605 2977 3751 3037 ἄττα

489 3070 817 3125 sententiam
866 3068 1161 3139 praevalere
1196 3066 1340 3123 sacri
1387 3081 1631 3123 canones
1681 3067 1986 3134 suadeant,
2036 3082 2063 3121 a

2176 3075 2307 3143 περὶ
2330 3073 2521 3129 τούτου
2558 3072 3030 3142 διαλαμϐάνοντας
3055 3113 3069 3137 ,
3104 3071 3201 3124 καὶ
3248 3075 3357 3133 τοῖς
3405 3066 3633 3125 ἐκείνων
3662 3070 3753 3123 λό-

488 3166 649 3221 nobis
685 3179 902 3235 quoque
950 3163 1080 3218 illud
1114 3164 1290 3233 ipsum
1327 3161 1541 3216 admitti
1572 3175 1789 3231 aequum
1821 3171 1922 3216 est.
1956 3161 2063 3217 Etsi

2177 3183 2295 3235 γοις
2325 3165 2384 3229 ἐξ
2433 3165 2682 3235 ἀνάγκης
2738 3163 3045 3231 πειθόμεθά
3101 3180 3162 3217 τε
3208 3163 3303 3217 καὶ
3339 3162 3750 3233 ὑποπίπτομεν,

488 3261 633 3313 enim
670 3259 895 3313 divinus
926 3271 1090 3326 supra
1115 3253 1294 3309 dictus
1322 3253 1648 3324 Hippolytus
1681 3254 1822 3309 inter
1870 3253 2063 3313 Christi

2178 3259 2275 3313 ἆτε
2343 3258 2419 3329 μὴ
2492 3260 2605 3321 τοῖς
2656 3259 2821 3329 ἱεροῖς
2880 3257 3102 3311 κανόσιν
3173 3256 3562 3326 ἀντιπράττειν
3610 3252 3751 3319 ὅλως

490 3360 759 3422 martyres
817 3349 1098 3413 enitucrit,
1138 3347 1373 3416 indeque
1420 3346 1591 3415 ipsius
1628 3361 1793 3417 Opera
1837 3363 1867 3401 a
1913 3346 2063 3402 nobis

2180 3350 2480 3421 ἰσχύοντες.
2523 3351 2585 3404 El
2627 3351 2735 3422 γὰρ
2776 3353 2875 3422 τὴν
2931 3349 3041 3405 τῶν
3094 3350 3356 3404 πλειόνων
3389 3351 3570 3420 ψῆφον
3609 3367 3752 3421 κρα-

489 3442 653 3496 recoli
698 3454 923 3497 necesse
949 3440 1043 3504 sit,
1074 3453 1185 3492 non
1226 3438 1428 3492 idcirco
1470 3436 1738 3505 sequitur,
1766 3446 1825 3491 ut
1868 3439 1921 3490 in
1951 3452 2071 3491 om-

489 3534 649 3587 nibus
679 3532 764 3586 his
809 3532 858 3586 ei
896 3528 1285 3593 assentiamur,
1334 3528 1388 3581 in
1433 3527 1623 3597 primis
1672 3527 1718 3582 si
1761 3526 2068 3583 orthodoxa

490 3626 747 3680 Ecclesiae
775 3624 959 3679 sensui
993 3633 1289 3693 Oppugnat.
1323 3621 1465 3677 Ecce
1498 3621 1643 3676 enim
1668 3662 1684 3690 ,
1719 3622 1865 3692 quod
1908 3623 2067 3677 Anti-

480 3718 755 3772 christum
801 3715 996 3778 illum,
1056 3714 1215 3784 cujus
1268 3713 1578 3781 adventus,
1631 3714 1789 3784 juxta
1815 3713 2064 3783 Apostoli

489 3810 675 3872 verba,
716 3808 998 3863 itrvirtute
1029 3816 1233 3862 satana:
1263 3806 1374 3869 ﬁet,
1405 3821 1530 3861 cum
1572 3814 1840 3876 potestate
1868 3805 2062 3872 multa,

484 3913 541 3956 et
572 3901 740 3971 signis
766 3908 822 3954 et
848 3898 1109 3971 prodigiis
1155 3900 1330 3964 falsis,
1373 3899 1647 3954 diabolum
1705 3900 1759 3953 in
1810 3899 1947 3954 libro
1995 3899 2065 3956 de

486 3993 829 4049 Periectione
878 4002 1156 4058 vocat;ac
1179 3991 1430 4062 proinde,
1455 4007 1521 4047 ex
1567 3992 1796 4048 muliere
1859 3992 2065 4059 virgine

484 4097 682 4157 sponte
705 4094 867 4141 natus
889 4095 972 4141 est
995 4083 1273 4152 Christus,
1294 4084 1378 4138 ita
1400 4093 1456 4139 et
1480 4084 1571 4138 ille
1597 4084 1771 4154 quoad
1798 4087 2060 4154 speciem,

484 4185 538 4234 in
580 4180 785 4234 mundo
819 4180 980 4233 etiam
1016 4177 1294 4233 habitasse
1324 4184 1379 4231 et
1407 4193 1437 4230 a
1488 4176 1785 4246 semetipso
1822 4187 1950 4231 tunc
1982 4176 2062 4231 si-

485 4289 588 4343 gna
637 4283 690 4326 et
744 4271 987 4341 prodigia
1035 4270 1234 4325 iecisse
1271 4269 1424 4324 dicit.
1459 4267 1525 4323 Et
1564 4269 1693 4323 talia
1738 4268 1958 4339 quidem
1993 4268 2060 4323 de

480 4365 693 4420 Joanne
741 4363 1101 4433 evangelista,
1129 4362 1275 4431 quod
1326 4360 1440 4428 jam
1499 4360 1763 4425 diximus,
1798 4360 1931 4417 viris
1969 4375 2060 4416 su-

480 4471 579 4525 pra
621 4455 789 4513 dictis
833 4424 1070 4511 videtur.
1114 4424 1360 4509 disertus
1389 4465 1518 4508 vero
1545 4424 1790 4508 Joannes
1824 4469 2059 4525 evange-
2092 4424 2134 4477 θ

470 4547 645 4602 licum
677 4547 809 4602 illud
843 4546 1068 4601 verbum
1101 4560 1266 4615 supra
1321 4544 1527 4599 dictum
1555 4561 1570 4598 :
1603 4561 1623 4596 ι
1660 4543 1719 4598 Si
1759 4560 1886 4599 eum
1936 4544 2058 4598 vol)

473 4653 706 4693 manere
723 4638 896 4692 donec
927 4636 1160 4702 veniam,
1184 4635 1314 4706 quid
1336 4636 1403 4690 ad
1432 4635 1519 4690 te?
1552 4643 1607 4690 tu
1646 4650 1734 4691 me
1764 4650 2052 4705 sequere,»

479 4746 583 4786 nec
603 4731 670 4785 de
701 4730 808 4785 vita
831 4744 929 4784 sua
947 4728 1216 4783 intellexit
1238 4742 1341 4782 nec
1360 4727 1524 4798 hujus
1546 4714 2061 4796 interpretationem

482 4823 661 4877 inhoc
691 4836 861 4877 sensu
891 4819 1041 4883 fecit,
1066 4820 1184 4882 sed.
1207 4838 1225 4871 ι
1247 4818 1327 4873 Tu
1358 4818 1603 4889 quidem,
1626 4804 1816 4884 ‘Petre,
1847 4833 1934 4874 me
1965 4834 2055 4881 see

472 4928 670 4984 quere,
714 4931 733 4965 ι
769 4912 820 4966 id
852 4921 954 4975 est,
982 4909 1127 4965 Vade
1166 4911 1409 4981 undique
1442 4906 1669 4975 docens,
1695 4920 1751 4964 ct
1781 4925 1811 4964 a
1840 4911 2057 4966 Joanne

420 4990 737 5070 \discede;
769 5007 886 5073 ipse
923 5019 1052 5059 vero
1089 5005 1176 5058 hic
1207 4986 1444 5069 maneat,
1489 5004 1665 5058 donec
1695 5002 1902 5075 .abiero
1946 5001 2055 5058 Ro-

478 5113 640 5153 mana
672 5097 822 5167 virga
848 5097 1200 5164 confringens
1228 5111 1323 5150 eos
1357 5096 1450 5166 qui
1503 5109 1589 5149 me
1637 5093 2051 5150 cruciﬁxcrunt.

474 5192 744 5245 Praeterea
778 5188 1102 5244 Ammonius
1144 5187 1403 5243 sacerdos
1449 5186 1674 5241 verbum
1714 5185 1848 5239 illud
1888 5201 2054 5240 evan—

476 5283 712 5354 gelicum
750 5280 1088 5350 explanans,
1125 5299 1143 5333 ι
1179 5280 1236 5335 Si
1267 5294 1394 5334 eum
1438 5279 1565 5333 volo
1597 5291 1841 5343 manere,
1874 5277 2052 5333 donec

468 5376 594 5442 ipse
634 5373 872 5439 veniam,
910 5390 929 5424 ι
966 5373 1264 5443 longaevam
1314 5369 1544 5427 Joannis
1590 5368 1758 5425 vitam
1806 5368 2052 5423 indicare

474 5465 633 5519 dicit.
667 5459 941 5535 Tempd‘e
970 5464 1121 5518 enim
1147 5462 1364 5532 'l'rajani
1399 5462 1605 5531 absque
1626 5460 1876 5516 cruciatu
1906 5473 2053 5512 mor-

460 5566 601 5611 tuus
636 5565 741 5611 est.
793 5557 871 5611 Ad
924 5558 1038 5611 haec
1080 5555 1243 5610 etiam
1296 5553 1447 5608 addit
1482 5552 1870 5624 Apollinarius,
1903 5550 2048 5621 quod

472 5663 537 5699 ex
570 5647 883 5715 ignorantia
912 5647 1109 5703 fratres
1154 5647 1283 5701 inde
1328 5645 1698 5707 deduxerunt,
1742 5644 1892 5715 quod
1934 5659 2045 5699 non

468 5734 776 5792 moriturus
802 5747 903 5792 est.
944 5738 1178 5794 Sanctus
1217 5752 1385 5808 porro
1415 5735 1646 5793 Joannes
1676 5736 2044 5792 Dainascenns

2173 3446 2286 3496 τεῒν
2332 3443 2382 3495 οί
2429 3444 2561 3497 θεῖοι
2610 3444 2837 3505 κανόνες
2897 3441 3411 3513 παρακελεύονται,
3460 3443 3556 3495 καὶ
3596 3444 3750 3512 ἡμᾶς

2176 3538 2392 3600 πάντως
2426 3538 2559 3591 αὐτὸ
2607 3536 2767 3590 τοῦτο
2811 3535 3205 3605 καταδέχεσθαι
3260 3537 3492 3590 δίκαιον.
3528 3536 3590 3588 ΕΞ
3633 3538 3747 3605 γὰρ

2174 3628 2270 3683 καὶ⁸
2299 3630 2327 3681 ὁ
2354 3627 2669 3698 διαληφθεὶς
2701 3629 2844 3691 θεῖος
2878 3627 3203 3690 Ἱππόλυτος
3248 3629 3306 3679 ὲν
3333 3629 3448 3691 τοῖς
3478 3622 3575 3679 τοῦ
3606 3628 3747 3697 Χρι-

2173 3720 2301 3774 στοῦ
2336 3721 2594 3789 διέπρεψε
2629 3723 2893 3791 μάρτυσι,
2937 3719 3234 3773 κάντεῦθεν
3276 3719 3594 3787 ἐπάναγκες
3627 3722 3749 3783 τοῖς

2171 3813 2335 3864 αὐτοῦ
2387 3812 2730 3882 συντάγμασι
2773 3811 3213 3865 κατατίθεσθαι·
3242 3808 3359 3863 ἀλλ’
3387 3811 3489 3862 οὐκ
3531 3813 3750 3865 ὲπικλιο

2168 3910 2279 3967 νεῑς
2320 3905 2468 3975 ἡμᾶς
2514 3906 2608 3955 ἐπὶ
2665 3906 2802 3957 πᾶσ.
2828 3896 3042 3968 τούτοις
3088 3905 3374 3974 φαίνεσθαι
3419 3898 3591 3972 ἄξιον,
3625 3908 3747 3973 εἴγε

2168 3999 2263 4051 καὶ
2295 3998 2538 4067 μάλιστα
2567 3996 2646 4066 τῷ
2699 3997 2798 4066 τῆς
2828 3996 3166 4066 Ἐκκλησέας
3218 3989 3553 4051 ἁντίκεινται
3583 3998 3746 4066 ὀρθο-

2166 4091 2300 4159 δὰξῳ
2328 4092 2658 4161 φρονήματι.
2689 4093 2830 4163 Ὀρσ
2858 4094 2987 4161 γάρ,
3011 4092 3095 4145 ὅτι
3119 4092 3213 4146 καὶ
3240 4091 3335 4146 τὸν
3360 4092 3744 4163 ’Δντίχριστον

2166 4184 2397 4245 ἐκεῖνον,
2437 4176 2498 4234 οὗ
2552 4183 2586 4252 ή
2640 4182 2915 4252 παρουσία
2947 4182 3239 4252 γενήσεται
3297 4182 3417 4235 κατ’
3451 4182 3746 4252 ἐνέργειαν

2165 4275 2260 4327 τοῦ
2303 4276 2518 4328 Σατανᾶ
2575 4276 2632 4328 ὲν
2665 4275 2893 4343 δυνάμει
2953 4274 3125 4344 πολλῇ
3189 4264 3284 4328 καὶ
3336 4276 3593 4346 σημείοις
3646 4280 3747 4331 καὶ

2165 4365 2355 4436 τέρασι
2404 4366 2660 4436 ψεύδους,
2696 4365 2839 4422 καθά
2889 4383 3055 4434 φησιν
3114 4368 3142 4417 ὁ
3187 4364 3540 4431 ’Δπὸστολυς,
3573 4369 3746 4420 αὺτῖν

2164 4444 2305 4512 εἶναι
2348 4459 2494 4527 λέγει
2540 4458 2634 4511 τὸν
2676 4457 2924 4513 διάϐολον
2992 4461 3049 4513 ὲν
3096 4450 3175 4529 τῷ
3224 4459 3356 4527 περὶ
3417 4459 3742 4522 συντελείας

2163 4551 2307 4621 λόγῳ
2341 4550 2527 4605 αὑτοῦ·
2562 4550 2861 4604 κάντεῦθεν
2884 4550 2991 4603 ἀπὸ
3016 4538 3287 4621 παρθένου
3321 4552 3581 4618 γυναικὸς
3615 4568 3745 4619 γεν-

2159 4643 2386 4712 νηθῆναι
2422 4641 2544 4702 κατ’
2570 4642 2732 4695 αὑτὸν
2775 4641 2839 4712 δὴ
2880 4642 2969 4695 τὸν
3002 4642 3258 4712 Χριστὸν,
3295 4644 3387 4695 καὶ
3423 4642 3567 4695 οὕτω
3593 4644 3740 4696 κατά

2159 4729 2463 4800 φαντασίαν
2511 4730 2588 4799 τῷ
2649 4730 2838 4800 κόσμῳ
2885 4730 3362 4799 ἐμπεριπατῆσαι,
3397 4728 3491 4783 καὶ
3527 4734 3742 4801 σημεῖα

2157 4821 2227 4874 δι’
2266 4821 2462 4874 ἑαυτοῦ
2513 4821 2816 4892 τηνικαῦτα
2851 4822 3169 4875 ἐπιτελέσαι
3215 4825 3310 4875 καὶ
3362 4823 3593 4893 τέρατα.
3623 4824 3740 4876 Καὶ

2157 4912 2381 4965 τοιαῦτα
2408 4914 2507 4983 μὲν
2539 4913 2666 4982 περὶ
2693 4913 2785 4967 τοῦ
2829 4913 3221 4983 εὐαγγελιστοῦ
3257 4914 3507 4968 Ἰωάννου
3530 4954 3544 4977 ,
3572 4916 3739 4969 ὁποῖα

2155 5002 2219 5073 δὴ
2248 5005 2342 5056 καὶ
2382 5004 2688 5072 φθάσαντες
2738 5004 2989 5081 εἴπομεν,
3038 5006 3154 5067 τοῖς
3204 4998 3581 5073 διαληφθείσιν
3639 5007 3735 5059 ἁν-

2154 5094 2317 5163 δράσι
2368 5097 2553 5150 δοκεῖ·
2606 5098 2633 5149 ὁ
2678 5096 2735 5149 δὲ
2769 5097 3180 5168 χρυσορῤήμων
3211 5097 3469 5166 Ἰωάννης
3517 5098 3579 5151 τὸ
3620 5097 3738 5151 δια-

2155 5185 2362 5257 ληφθὲν
2405 5188 2611 5242 ἄνωθεν
2660 5188 3014 5257 εὐαγγελικδν
3046 5188 3215 5259 ῥητὸν
3266 5189 3329 5242 τὸ
3361 5190 3519 5258 λέγον
3546 5229 3561 5254 ,
3587 5190 3737 5245 Ἐὰν

2152 5279 2343 5333 αὐτὸν
2373 5277 2526 5334 θέλω
2564 5281 2775 5348 μένειν
2800 5321 2816 5345 ,
2848 5280 2958 5346 ἕως
3004 5280 3275 5350 ἔρχομαι,
3304 5280 3363 5333 τί
3411 5281 3561 5349 πρὸς
3611 5281 3735 5343 ad;

2154 5369 2238 5422 Σὺ
2272 5370 2592 5424 ἀκολούθει
2624 5389 2745 5439 μοι,
2793 5373 2852 5424 οὐ
2910 5372 3043 5442 περὶ
3091 5372 3240 5442 ζωῆς
3270 5372 3578 5440 ἐξελάδετο,
3609 5372 3733 5425 οὐδὲ

2152 5462 2251 5532 τὴν
2301 5460 2469 5515 αὐτοῦ
2524 5463 2786 5533 ἐξήγησιν
2841 5464 2983 5517 κατά
3050 5481 3113 5532 γε
3169 5463 3413 5517 τοιοῦτον
3465 5463 3731 5535 λογισμὸν

2152 5552 2470 5624 ἐποιήσατο,
2496 5556 2655 5619 ἀλλὰ,
2678 5556 2763 5609 Σὺ
2780 5556 2916 5626 μὲν,
2956 5550 3004 5610 ὦ
3035 5556 3238 5626 Πέτρε,
3260 5556 3578 5611 ἀκολούθει
3600 5572 3729 5625 μοι,

2151 5645 2449 5710 τουτέστιν,
2483 5649 2705 5712 Ἔξελθε
2762 5649 3047 5720 πανταχοῦ
3104 5651 3413 5715 διδάσκων,
3479 5649 3575 5702 καὶ
3631 5648 3729 5700 τοῦ

2165 5738 2412 5791 Ἰωάννου
2469 5738 2854 5813 διαζεύχθητι·
2892 5745 3052 5806 αὐτὸς
3085 5744 3140 5796 δὲ
3191 5743 3401 5813 μενέτω
3467 5738 3730 5809 ἐνταῦθα,
