4058 6196
351 294 454 360 901

1702 292 2068 357 EPISTOLA
2112 296 2266 359 XVI.

3502 306 3610 362 902

352 416 516 484 ἄχρις
551 406 615 468 οὗ
655 412 952 486 ἐλεύσομαι
983 418 1072 473 διὰ
1094 421 1195 491 τῆς
1232 418 1547 490 Ῥωμαῖκῆς
1575 412 1777 488 ρἁἶου
1816 431 1910 468 παε

2050 420 2098 464 ta
2133 412 2202 467 de
2251 430 2318 471 eo
2368 417 2610 487 loquitur
2640 435 2652 469 :
2682 416 2963 473 Mittentur
3002 415 3227 471 Henoch
3261 428 3319 471 et
3348 415 3521 481 Elias,
3560 430 3615 473 i-t

353 508 534 575 τάεων
579 509 707 571 τοὺς
756 509 1182 580 σταυρώσαντάς
1238 530 1327 582 με.
1379 510 1544 565 ams
1578 510 1673 565 καὶ
1731 508 1761 560 ό
1802 523 1935 577 πρε-

358 599 622 671 σσύτιρος
643 598 967 669 Ἀμμώνιος,
986 601 1047 654 τὸ
1066 600 1318 655 τοιοῦτον
1346 600 1709 669 εύαγγελικὸν
1742 596 1930 667 ῥητὸν.

353 694 438 759 τὸ,
476 693 613 747 Ἐὰν
650 694 841 747 αὐτὸν
891 695 1049 750 θέλω
1104 694 1346 763 μένειν,
1389 693 1501 759 ἕως
1537 690 1786 759 ἔρχομαι
1818 728 1833 753 ,
1872 688 1936 738 τὸ

361 785 665 856 μκρόόιον
706 784 811 854 τῆς
856 784 1025 837 αὐτοῦ
1074 783 1223 853 ζωῆς
1263 783 1516 837 ἐντεῦθεν
1562 781 1713 847 λέγει
1766 776 1937 831 αἰνίτ-

359 880 573 949 τεσθαι.
621 877 711 931 Ἐν
758 876 870 948 γὰρ
917 879 1030 938 τοῖς
1085 876 1299 945 χρόνοις
1362 872 1638 945 Τραϊανοῦ
1696 870 1933 923 ἀπέθανε

358 970 635 1040 τιμωρίας
663 967 820 1023 ἄνευ.
872 968 1014 1037 Πρὸς
1056 968 1272 1030 τούτοις
1317 966 1376 1019 δὲ
1422 966 1518 1017 καὶ
1548 966 1577 1017 ὁ
1606 959 1934 1015 ’Δπολλινὰ-

366 1062 481 1131 ριός
512 1078 669 1130 φησι,
710 1062 793 1113 ὅτι
827 1058 887 1124 ἐξ
914 1060 1146 1127 ἀγνοίας
1191 1057 1463 1112 ὑπέλαϐον
1497 1057 1547 1108 οἱ
1578 1052 1821 1121 ἀδελφοὶ,
1856 1051 1936 1104 ὅτι

362 1154 464 1206 οὐκ
494 1152 873 1205 ἀποθανεῖται.
910 1153 1021 1204 Καὶ
1078 1153 1106 1204 ό
1156 1151 1213 1203 ὲν
1261 1149 1436 1216 ἁγίοις
1490 1146 1547 1200 δὲ
1610 1145 1866 1213 Ἰωάννης
1908 1144 1936 1194 ὁ

363 1242 731 1314 Δαμασκηνὸς
760 1244 854 1295 καὶ
881 1241 1008 1295 τάδε
1052 1242 1177 1310 περὶ
1210 1240 1406 1295 τούτου
1444 1238 1634 1309 φησὶν.
1664 1236 1939 1289 Ἀποσταο

363 1338 593 1408 λήσεται
625 1334 799 1404 Ἑνὼχ
865 1333 1066 1404 δηλαδὴ
1119 1332 1426 1397 καὶἮλίας
1457 1369 1473 1394 ,
1525 1328 1623 1382 καὶ
1678 1328 1937 1396 ὲπιστρὲο

364 1428 526 1497 ψουσι
557 1424 785 1496 καρδίας
845 1423 1096 1493 πατέρων
1150 1423 1244 1474 ἐπὶ
1303 1422 1497 1484 τέκνα,
1554 1417 1651 1472 καὶ
1708 1415 1814 1469 ὑπὸ
1843 1413 1936 1467 τοῦ

368 1518 740 1589 ’Δντιχρίστου
784 1514 1260 1585 ἀναιρεθήσονται.
1306 1512 1415 1566 Τοῦ
1465 1511 1653 1583 μέντοι
1698 1509 1936 1578 εύαγγευ

366 1610 549 1665 λιστοῦ
577 1610 831 1663 Ἰωάννου
862 1606 1120 1676 οὖδαμῶς
1158 1603 1514 1676 μνημονεύει,
1545 1604 1579 1675 ἢ
1630 1602 1762 1671 γοῦν
1809 1604 1939 1654 ἑπε-

2037 506 2204 560 corda
2237 514 2453 575 patrum
2485 506 2540 561 in
2574 507 2715 563 ﬁlios
2765 515 3109 571 convertent,
3132 515 3186 561 et
3219 506 3286 562 ab
3332 505 3615 562 Antichri-

2035 604 2121 652 sto
2152 597 2431 668 peribunt.
2465 598 2827 670 Evangelista:
2891 608 3077 655 tamen
3128 597 3358 655 Joannis
3408 601 3615 673 nullam

2037 689 2371 745 mentionem
2410 690 2573 757 facit;
2599 700 2692 745 aut
2724 691 2897 760 ipsius
2928 691 3097 760 igitur
3131 690 3334 746 oblitus
3358 700 3462 755 est.
3488 708 3613 747 cum

2040 790 2249 839 tantum
2281 783 2507 839 Henoch
2562 792 2619 837 et
2667 782 2839 837 Eliam
2893 797 3233 838 memorasse
3277 782 3615 842 inveniatur.

1991 920 1996 925 .
2040 872 2126 927 vel
2157 874 2337 941 ipsum
2368 871 2638 928 Joannem
2669 873 2812 929 vivis
2834 888 2947 928 non
2971 874 3323 930 adnumerat.
3355 874 3459 929 Sed
3500 890 3616 929 ma.

2037 980 2178 1034 gnus
2227 966 2507 1034 apostolus
2550 965 2688 1020 duos
2718 974 2892 1020 testes
2942 966 2998 1019 in
3034 966 3358 1036 Apocalypsi
3408 967 3619 1030 induci;

2037 1056 2129 1126 qui
2172 1058 2380 1113 ultimis
2423 1058 2618 1115 diebus
2646 1058 3055 1128 prephetabunt
3110 1068 3165 1113 et
3215 1060 3366 1129 signa
3415 1059 3620 1115 facient

2038 1166 2137 1221 per
2169 1160 2278 1206 tres
2298 1167 2482 1221 annos
2509 1166 2572 1205 ac
2604 1150 2861 1213 medium,
2895 1150 3050 1205 hisce
3081 1151 3263 1205 verbis
3290 1168 3302 1203 :
3335 1170 3354 1203 ι
3386 1151 3451 1206 Ει
3480 1153 3621 1206 dabo

2040 1242 2259 1309 duobus
2297 1243 2527 1297 testibus
2558 1242 2722 1303 meis,
2750 1252 2803 1297 et
2824 1242 3232 1311 prophetabunt
3261 1241 3453 1296 diebus
3477 1244 3622 1296 mille

2040 1332 2290 1389 ducentis
2322 1333 2624 1404 sexaginta,
2657 1332 2840 1387 amicti
2868 1333 3065 1388 saccis.
3111 1352 3129 1384 ι
3169 1330 3276 1387 Per
3318 1333 3422 1386 hos
3455 1341 3624 1388 testes

2041 1423 2263 1481 Henoch
2320 1435 2376 1481 et
2435 1424 2605 1480 Eliam
2669 1427 3060 1482 intellexerunt
3120 1435 3622 1489 commentatores,

2039 1516 2181 1571 alius
2226 1531 2357 1571 vero
2387 1517 2439 1571 in
2475 1516 2799 1588 Apocalypsi
2831 1532 2939 1572 nou
2980 1498 3321 1588 designatur:
3359 1516 3423 1571 Et
3462 1519 3624 1587 paulo

2041 1621 2163 1678 post
2188 1608 2359 1675 addit,
2381 1627 2398 1660 ι
2424 1609 2491 1663 Et
2516 1608 2888 1664 inhabitantes
2904 1616 3105 1663 terram
3125 1607 3441 1678 gaudebunt
3461 1625 3627 1678 super

322 1705 562 1759 ’λάθετο
617 1702 712 1756 τοῦ
770 1699 1039 1765 τοιούτου,
1072 1697 1367 1753 κάντεῦθεν
1423 1695 1532 1749 τῶν
1596 1697 1692 1748 δύο
1755 1692 1935 1763 μόνων

2046 1702 2167 1757 illos
2221 1700 2602 1771 interemptos,
2635 1708 2692 1757 et
2719 1717 2944 1755 munera
2967 1701 3071 1755 sibi
3102 1701 3322 1756 mittent
3352 1701 3623 1757 invicem:

371 1795 622 1857 ἐκείνων,
644 1791 817 1861 Ἑνὼχ
860 1790 1062 1860 δηλαδὴ
1096 1795 1195 1843 καὶ
1239 1787 1421 1853 Ἠλία,
1446 1786 1804 1857 μνημονεύων
1851 1785 1944 1837 εὑ-

374 1888 644 1958 ρίσκεται,
687 1885 814 1947 Τοῖς
861 1881 1029 1946 ζῶσιν
1077 1883 1179 1935 οὐκ
1230 1877 1375 1950 εἶχεν
1405 1880 1566 1933 αὐτὸν
1603 1878 1938 1948 ἐναρίθμιον.

368 1975 533 2029 Ἀλλὰ
558 1973 653 2028 καὶ
681 1971 842 2035 αὐτὸς
892 1971 919 2023 ό
965 1970 1135 2041 μέγας
1166 1966 1468 2032 ἀπόστολος
1515 1970 1574 2021 ὲν
1606 1970 1673 2038 τῇ
1710 1967 1944 2020 Ἀποκα-

372 2068 533 2138 λύψει
566 2067 739 2121 αὐτοῦ
777 2065 871 2119 δύο
912 2064 1067 2123 τινὰς
1096 2064 1428 2133 παρεισάγει
1461 2060 1945 2133 προφητεύσυντας

372 2165 434 2216 ἐν
463 2160 726 2232 ἐσχάταις
760 2158 994 2228 ἡμέραις
1039 2158 1137 2209 καὶ
1174 2158 1378 2226 σημεῖα
1408 2154 1822 2221 ὲπιτελὲσοντας
1848 2150 1946 2218 ἔτη

371 2254 500 2324 τρία
524 2252 617 2306 καὶ
644 2253 842 2323 ἥμισυ,
878 2250 1050 2319 λέγων
1076 2248 1267 2310 οὕτως’
1303 2245 1412 2301 Κὰὶ
1440 2246 1613 2299 δώσω
1646 2242 1767 2310 τοῖς
1801 2243 1944 2297 δυσὶ

366 2344 640 2416 μάρτυσί
658 2361 800 2415 μου,
818 2342 916 2395 καὶ
942 2342 1483 2411 προφητεύσουσιν
1507 2338 1730 2408 ἡμέρας
1747 2338 1945 2407 χιλίας

370 2439 694 2504 διακοσίας
730 2436 1052 2505 ἐξήκοντα,
1095 2432 1589 2503 περιϐεϐλημένοι
1645 2430 1940 2495 σάκκους.

373 2532 610 2595 Τούτους
662 2532 763 2601 μὲν
815 2528 1109 2599 οὗνἘνὼχ
1165 2528 1259 2581 καὶ
1308 2526 1496 2579 Ἠλίαν
1542 2525 1774 2593 ἐνόησαν
1806 2522 1945 2576 ait}

375 2612 601 2684 τοιαῦτα
647 2621 1122 2693 ὲπεξηγησάμενοι
1142 2637 1155 2651 ·
1195 2620 1381 2689 ἕτερος
1410 2618 1467 2671 δέ.
1509 2634 1591 2680 τις
1623 2618 1688 2687 τῇ
1721 2614 1948 2686 τοιαύτῃ

376 2718 746 2785 ’Δποκαλύψει
795 2716 895 2770 οὐκ
949 2713 1263 2785 ἐκφέρεται.
1312 2712 1421 2768 Καὶ
1454 2712 1571 2781 μετ’
1599 2709 1754 2778 ὀλίγα
1781 2724 1796 2739 ο
1831 2706 1948 2761 Καὶ

374 2814 430 2866 οἱ
455 2809 881 2874 κατοικοῦντες
932 2806 1029 2859 ἐπὶ
1072 2803 1183 2873 τῆς
1219 2802 1329 2872 γῆς
1356 2802 1691 2871 ’χαίρουσιν
1722 2796 1815 2851 ἐπ’
1845 2799 1947 2851 αὺ-

372 2900 498 2966 τοῖς
521 2897 911 2967 ἀναιρεθεῖσι,
935 2894 1033 2949 καὶ
1055 2894 1214 2962 δῶρα
1244 2890 1600 2962 πέμψουσιν
1628 2888 1945 2955 ἀλλήλοις,

372 2995 463 3048 ὅτι
496 2988 663 3048 οὗτοι
693 2993 747 3046 οὶ
774 2990 883 3044 δύο
913 2986 1213 3056 προφῆται
1235 2984 1609 3040 ἐϐασάνισαν
1641 2983 1786 3047 τοὺς
1808 2996 1947 3036 κατ-

2048 1792 2310 1862 quoniam
2353 1793 2409 1848 hi
2459 1793 2569 1848 duo
2619 1794 2905 1864 prophetae
2958 1792 3345 1849 cruciaverunt
3387 1809 3482 1849 eos
3529 1798 3624 1856 qui

2047 1884 2366 1939 habitabant
2413 1900 2577 1955 super
2608 1894 2848 1953 terram;
2874 1897 3063 1957 postea
3099 1901 3232 1942 vero
3268 1898 3618 1958 resurgent.»

2044 1975 2273 2029 Aliunde
2310 1974 2631 2048 Hippolytus
2656 1976 2947 2033 historicus
2975 1977 3041 2033 de
3066 1978 3328 2048 apostolis
3375 1977 3627 2047 loquens,

2048 2068 2266 2122 beatum
2294 2067 2562 2125 Joannem
2594 2069 3007 2139 evangelistam,
3030 2068 3242 2126 Nerone
3274 2070 3624 2138 imperatore,

2046 2160 2113 2215 ab
2169 2159 2365 2217 exsilio
2420 2170 2732 2216 revocatum
2782 2159 2953 2217 fuisse
2999 2170 3271 2227 testatur,
3329 2162 3623 2235 ipsumque

2048 2261 2238 2321 postea
2269 2253 2341 2307 ita
2377 2253 2544 2307 vitam
2582 2253 2814 2318 (iniisse,
2839 2260 2900 2311 ut
2931 2257 3050 2323 ejus
3086 2254 3334 2323 reliquiae
3363 2266 3659 2325 nusquam“

2049 2344 2159 2400 sint
2209 2355 2460 2414 repertae.
2514 2345 2610 2400 His
2672 2354 3046 2402 consentanea
3104 2345 3413 2403 Prochorus
3463 2348 3626 2402 etiam

2049 2437 2291 2513 tradidit.
2320 2439 2463 2495 Dicit
2494 2439 2639 2495 enim
2674 2438 2819 2510 (μιοά
2852 2438 3001 2497 Illius
3046 2439 3201 2509 jussu
3234 2440 3446 2497 foveam
3493 2441 3631 2496 οσο-

2048 2530 2261 2597 derant,
2286 2530 2340 2585 in
2365 2547 2527 2601 quam
2556 2532 2846 2602 prolapsus
2871 2531 3124 2601 maleque
3152 2533 3384 2589 obrutus
3418 2549 3445 2587 a
3476 2535 3631 2589 nobis

2048 2623 2232 2679 emisit
2259 2623 2530 2693 spiritum.
2572 2621 2708 2678 Cum
2744 2623 2858 2677 haec
2900 2632 3090 2692 postea
3157 2623 3393 2678 civitatis
3434 2624 3629 2679 incolis

2049 2716 2371 2769 annuntiata
2393 2723 2597 2783 essent,
2618 2715 2819 2772 reversi
2838 2715 3018 2770 locum
3040 2729 3268 2771 vacuum
3292 2715 3627 2771 invenimus.

2052 2803 2161 2859 Sed
2198 2805 2371 2860 divini
2418 2805 2666 2877 Gregorii
2713 2806 2874 2861 frater
2928 2804 3201 2860 Caesarius
3254 2804 3323 2863 de
3355 2806 3460 2860 hoc
3487 2804 3632 2860 Con-

2049 2897 2403 2968 stantlnopoli
2431 2908 2642 2961 secrete
2665 2898 3051 2969 interrogatus,
3083 2896 3434 2967 dixit,ipsum
3458 2894 3627 2951 Joan-

2052 3004 2178 3044 nem
2208 2990 2263 3045 in
2298 2990 2593 3061 Evangelia
2627 3006 2729 3046 suo
2758 2991 2824 3046 de
2854 2991 2960 3047 hoc
2985 3000 3172 3061 aperte
3198 2991 3509 3045 declarasse
3542 2989 3630 3044 his

374 3085 699 3150 οικοῦντας
768 3080 866 3135 ἐπὶ
924 3078 1037 3148 τῆς
1086 3077 1235 3151 γῆς,
1282 3074 1408 3132 εἶτα
1471 3076 1943 3143 ἀναστήσονται.

2058 3081 2237 3137 verbis
2264 3099 2278 3135 :
2323 3100 2341 3133 ι
2380 3080 2525 3137 Exiit
2557 3097 2686 3153 ergo
2725 3098 2906 3137 sermo
2936 3083 3078 3137 inter
3107 3082 3331 3148 fratres,
3364 3082 3518 3156 illum
3548 3081 3631 3136 di-

376 3176 546 3231 Ἀλλὰ
591 3174 686 3229 καὶ
729 3174 757 3226 ό
816 3172 1086 3240 ἱστορικὸς
1139 3170 1454 3233 Ἱππόλυτος
1500 3171 1630 3240 περὶ
1672 3169 1784 3222 τῶν
1811 3169 1948 3221 ἀπο-

379 3258 586 3328 στόλων
643 3260 859 3328 διεξιὼν
900 3261 1049 3330 λέγει
1105 3259 1197 3313 τὸν
1259 3259 1651 3328 εύαγγελιστὴν
1691 3258 1947 3326 Ἰωάννην

376 3355 826 3427 ἑπανακληθῆναι
853 3353 953 3425 τῆς
993 3352 1206 3424 ὲξορίας
1246 3351 1354 3405 ὑπὸ
1380 3352 1630 3422 Νερούα,
1668 3352 1764 3404 καὶ
1803 3348 1949 3403 οὕτω

379 3449 521 3521 μετὰ
545 3448 718 3503 ταῦτα
748 3445 1100 3515 τελευτῆσαι,
1132 3439 1192 3500 οὗ
1221 3447 1314 3498 καὶ
1340 3446 1401 3499 τὸ
1428 3443 1681 3513 λείψανον
1713 3442 1949 3514 ζητηθὲν

374 3544 477 3616 οὐχ
504 3543 727 3614 εὑρέθη.
767 3542 849 3595 Τὰ
876 3541 1017 3594 αὐτὰ
1045 3545 1157 3606 τοῖς
1201 3540 1544 3612 διαληφθείσι
1576 3539 1669 3592 καὶ
1695 3537 1773 3609 τῷ
1809 3540 1951 3608 Προ-

378 3634 546 3707 χώρῳ
598 3634 931 3705 διείληπται.
965 3632 1129 3701 Λέγει
1198 3634 1329 3702 γὰρ,
1390 3634 1470 3686 ὅτι
1520 3632 1640 3684 κατ’
1681 3629 1950 3700 ἐπιταγὴν

378 3730 596 3783 ἐκείνου
627 3729 828 3791 λάκκος
879 3726 1117 3799 ὼρυκτο,
1183 3727 1240 3780 ὲν
1268 3722 1311 3795 ᾧ
1357 3724 1540 3779 πεσὼν
1592 3727 1688 3778 καὶ
1734 3724 1950 3795 χώματι

384 3821 720 3885 σκεπασθεὶς
759 3818 890 3892 παρ’
934 3820 1093 3892 ἡμῶν
1125 3820 1409 3892 παρέδωκε
1454 3821 1514 3874 τὸ
1543 3820 1783 3888 πνεῦμα.
1818 3816 1951 3874 Εἶτα

377 3916 778 3987 διηγησάμενος
807 3914 982 3969 ταῦτα
1010 3916 1122 3976 τοῖς
1156 3915 1213 3968 ὲν
1245 3916 1310 3984 τῇ
1350 3914 1525 3979 πόλει,
1558 3914 1653 3968 καὶ
1682 3914 1949 3984 ὑποστρέ-

379 4008 579 4077 ψαντες
614 4007 771 4061 κενὸν
804 4006 896 4060 τὸν
921 4007 1089 4061 τόπον
1111 4006 1459 4076 εὑρήκαμεν.
1492 4006 1657 4059 Ἀλλὰ
1685 4011 1779 4061 καὶ
1807 4007 1835 4058 ό
1862 4006 1951 4059 τοῦ

381 4098 645 4167 Θεολόγου
676 4099 986 4170 Γρηγοριου
1023 4097 1255 4167 ἁδελφὸς
1285 4099 1609 4168 Καισάριος,
1654 4098 1953 4169 ἐρωτηθεὶς

380 4194 475 4244 ἐπὶ
518 4190 779 4260 σεκρέτου
833 4192 892 4243 ἐν
931 4189 1511 4244 Κωνσταντινουπόλει
1557 4191 1689 4259 περὶ
1732 4191 1952 4253 τούτου,

377 4277 557 4349 εἶπεν,
598 4283 680 4335 ὅτι
714 4282 875 4344 αὐτὸς
907 4282 935 4333 ὁ
965 4280 1223 4350 Ἰωάννης
1254 4281 1312 4333 ὲν
1346 4279 1421 4351 τῷ
1448 4280 1573 4333 κατ’
1594 4280 1755 4333 αὐτὸν
1780 4281 1956 4349 Εὐαγ-

2052 3176 2321 3247 scipulum
2345 3192 2452 3231 non
2477 3177 2803 3232 moriturum
2827 3192 2971 3234 esse.
2996 3178 3181 3235 Etnon
3208 3177 3345 3235 dixit
3374 3178 3423 3233 ei
3446 3176 3624 3234 Jesus:

2052 3269 2170 3324 Non
2201 3270 2472 3334 moritur;
2507 3270 2627 3336 sed,
2657 3270 2715 3327 Si
2750 3286 2874 3326 eum
2911 3272 3036 3327 volo
3065 3288 3288 3328 manere
3314 3273 3489 3328 donec
3515 3278 3631 3344 ipse

2054 3362 2296 3428 veniam,
2347 3362 2479 3434 quid
2509 3363 2577 3418 ad
2611 3363 2706 3417 te?
2750 3374 2808 3419 tu
2852 3379 2941 3418 me
2966 3380 3228 3434 sequere.
3272 3383 3289 3416 ι
3325 3365 3389 3421 Et
3414 3366 3539 3437 jure
3575 3366 3629 3420 id

2050 3455 2225 3522 dixit,
2281 3455 2445 3510 falsas
2480 3470 2671 3510 eorum
2718 3456 3059 3525 suspiciones
3094 3456 3447 3526 redarguens,
3481 3458 3625 3526 quod

2052 3548 2254 3618 saepius
2302 3548 2412 3618 egit
2435 3587 2452 3613 ,
2487 3548 2685 3603 stultos
2731 3550 2879 3618 ipsos
2912 3563 3114 3603 vocans
3146 3556 3202 3603 et
3240 3548 3409 3603 duros
3439 3551 3628 3603 corde.

2057 3640 2112 3694 In
2142 3641 2373 3710 epistola
2422 3656 2550 3695 vero
2593 3639 2894 3711 Polycratis
2951 3642 3290 3699 successoris
3319 3641 3631 3714 Ephesique

2056 3732 2455 3804 archiepiscopi
2488 3734 2557 3788 ad
2589 3731 2863 3789 Victorem
2898 3748 3280 3791 successorem
3313 3751 3631 3808 magnaeque

2056 3828 2241 3883 Itonia:
2298 3827 2771 3905 archiepiscopum
2822 3829 2939 3882 haec
2994 3828 3159 3881 etiam
3210 3828 3417 3898 scripta
3463 3839 3628 3883 sunt:

2056 3920 2247 3989 Magna
2271 3933 2369 3988 per
2388 3919 2572 3973 Asiam
2602 3918 2869 3973 elementa
2894 3918 3261 3981 dormierunt,
3290 3934 3410 3986 qua:
3441 3918 3632 3971 ultimo

2055 4012 2144 4066 die
2180 4016 2486 4080 resurgent.
2511 4007 2795 4078 Philippus
2829 4024 2971 4062 unus
2996 4024 3060 4062 ex
3092 4008 3382 4063 duodecim
3411 4018 3633 4076 aposto—

2055 4101 2143 4168 lis,
2189 4100 2278 4172 qui
2308 4098 2579 4170 Hierapoli
2631 4114 2738 4155 una
2787 4114 2913 4153 cum
2944 4097 3160 4154 filiabus
3192 4098 3307 4154 suis
3332 4098 3630 4161 dormivit;

2057 4194 2298 4249 Joannes
2350 4193 2512 4248 etiam
2558 4192 2649 4261 qui
2697 4194 2860 4261 Supra
2924 4202 3111 4261 pectus
3159 4189 3288 4246 Jesu
3351 4190 3630 4257 recubuit,

2058 4286 2258 4357 Ephesi
2292 4300 2511 4357 quoque
2545 4283 2787 4338 dormiit.
2816 4283 3044 4355 Magnus
3088 4283 3442 4357 Athanasius,
3470 4284 3528 4336 in
3564 4283 3631 4336 li—

376 4375 538 4443 γελίῳ
561 4374 859 4445 διεσάφησε
870 4373 938 4426 τὰ
955 4374 1083 4443 περὶ
1099 4374 1314 4438 τούτου,
1339 4374 1395 4426 ὲν
1413 4366 1494 4434 οἷς
1512 4373 1572 4425 οὗ
1582 4389 1652 4424 τω
1676 4372 1943 4437 διέξεισιν·

2066 4380 2161 4431 hro
2194 4377 2269 4432 De
2298 4376 2719 4438 resurrectione,
2747 4374 2970 4433 Henoch
2998 4383 3051 4428 et
3076 4376 3249 4430 Eliam
3305 4377 3449 4433 inter
3479 4378 3631 4433 vivos

390 4464 682 4535 Ἐξῆλθεν
727 4460 841 4519 οὖν
876 4468 908 4519 ὁ
946 4466 1132 4533 λόγος
1177 4467 1268 4531 εἰς
1317 4464 1462 4530 τοὺς
1491 4464 1816 4532 ἀδελφοὺς,
1870 4464 1943 4518 ὅτ.

2066 4470 2271 4529 versari
2315 4467 2471 4535 dixit,
2518 4482 2619 4522 nec
2656 4466 2823 4521 alium
2876 4481 3257 4537 quemcunque
3310 4467 3421 4521 ullo
3466 4467 3631 4521 modo

378 4562 410 4613 ὀ
439 4557 716 4628 μαθητὴς
750 4556 987 4623 ἐκεῖνος
1044 4560 1159 4611 οὐκ
1210 4557 1610 4623 ἀποθνήσκει.
1681 4559 1789 4611 Kal
1846 4560 1943 4611 of».

2063 4560 2408 4619 memoravit.
2458 4558 2578 4631 Ipse
2615 4560 2779 4613 etiam
2814 4557 3113 4628 Gregorius
3148 4558 3376 4627 Magnus
3408 4560 3632 4613 Sermo-

377 4647 551 4707 εἷπεν
590 4650 754 4716 αὐτῷ
821 4654 853 4704 ὀ
921 4648 1187 4717 Ἰησοῦς,
1250 4650 1337 4703 ὅτι
1388 4653 1502 4704 οὐκ
1557 4650 1943 4716 ἀποθνήσκει,

2061 4655 2273 4709 cinator
2319 4652 2587 4707 Jacobum
2650 4661 2905 4706 necatum
2960 4666 3085 4705 esse
3145 4651 3316 4715 dicit,
3364 4649 3631 4727 Joannem

377 4744 518 4799 ἀλλ’
563 4742 700 4796 Ἐὰν
730 4743 918 4796 αὐτὸν
953 4744 1108 4796 θέλω
1131 4741 1360 4811 μένειν,
1396 4742 1508 4810 ἓως
1556 4742 1805 4812 ἔρχομαι
1829 4785 1844 4808 ,
1899 4760 1943 4797 τι

2062 4763 2188 4803 vero
2215 4747 2268 4801 in
2301 4760 2435 4818 pace
2465 4760 2498 4800 e
2527 4746 2634 4800 vita
2659 4744 2981 4800 decessisse.
3004 4742 3388 4799 Divinissimus
3413 4744 3632 4801 tandem

375 4838 528 4906 πρὸς
583 4837 687 4903 σέ;
738 4836 821 4891 Σὺ
870 4836 1192 4891 ἀκολούθει
1238 4854 1359 4906 μοι.
1402 4836 1573 4891 Τοῦτο
1628 4839 1734 4909 γὰρ
1799 4834 1943 4891 εἶπεν

2060 4842 2306 4912 Ephratm
2330 4842 2385 4895 in
2413 4853 2669 4895 sermone
2699 4838 2765 4892 de
2787 4836 3031 4893 secundo
3053 4838 3290 4892 adventu
3339 4836 3475 4893 duos
3512 4848 3633 4893 tan-

377 4935 601 5001 ἇριστα,
651 4930 1039 5000 διορθούμενος
1086 4928 1184 5000 τὴν
1218 4930 1567 5002 ὲσφαλμένην
1598 4931 1781 4985 αὐτῶν
1819 4933 1951 4985 ύπό-

372 5043 545 5090 νοιαν,
575 5024 650 5088 ὡς
692 5018 965 5093 πολλαχοῦ
996 5023 1157 5078 τοῦτο
1190 5024 1511 5094 πεποίηκεν,
1546 5026 1807 5095 ἀνοήτους
1852 5042 1950 5080 κα-

372 5120 481 5171 λῶν
530 5119 727 5181 αὐτοὺς
781 5118 876 5169 καὶ
933 5116 1147 5187 βραδεῖς
1201 5119 1266 5187 τῇ
1319 5118 1536 5189 καρδίᾳ.
1574 5117 1737 5172 Ἀλλὰ
1764 5120 1859 5174 καὶ
1891 5121 1948 5173 ὲν

369 5215 437 5284 τῇ
488 5212 625 5281 πρὸς
674 5212 913 5278 Βίκτορα
961 5212 1055 5263 τὸν
1106 5210 1353 5281 διάδοχον
1386 5212 1481 5266 καὶ
1512 5212 1944 5281 ἁρχιεπισκοπον

367 5303 469 5368 τῆς
502 5302 743 5374 μεγάλης
781 5302 1005 5373 Ῥώμης
1030 5305 1286 5373 ἐπιστολῇ
1336 5303 1719 5375 Πολυκράτους
1765 5308 1941 5361 διαδό-

297 5449 313 5461 ,
370 5412 471 5464 χου
514 5396 951 5466 ἁρχιεπισκόπου
995 5394 1224 5463 Ἐφέσου
1286 5396 1380 5449 καὶ
1424 5396 1549 5450 τάδε
1595 5399 1936 5470 γέγραπταιο

2054 4948 2167 4991 tum
2199 4936 2349 4990 viros
2374 4933 2790 5005 praenuntiatus,
2818 4928 3041 4985 Henoch
3093 4929 3305 4984 scilicet
3352 4939 3405 4985 et
3428 4929 3627 4995 Elian),

2044 5028 2253 5082 citasse
2295 5027 2592 5097 reperitur.
2624 5025 2691 5078 Et
2722 5022 2839 5077 haec
2859 5022 3080 5092 quidem
3112 5020 3179 5076 de
3210 5022 3366 5077 beato
3394 5037 3631 5094 evange-

2051 5118 2177 5176 lista
2208 5118 2422 5173 Joanne
2478 5133 2507 5170 a
2561 5116 2818 5170 Patribus
2855 5113 3190 5184 supradictis
3237 5115 3433 5169 tradita
3480 5124 3631 5169 sunt.

2055 5212 2188 5266 Sive
2215 5210 2398 5264 adhuc
2424 5209 2584 5263 vivus
2610 5204 2835 5261 Henoch
2862 5215 2921 5259 et
2957 5205 3087 5259 Elia:
3121 5204 3487 5269 censocietur,
3518 5202 3632 5255 sive

2046 5319 2178 5366 non,
2215 5319 2243 5356 a
2265 5302 2600 5358 sublimitate
2624 5311 2713 5356 tua
2733 5298 3143 5369 diiudicandum
3174 5306 3279 5364 est,
3311 5311 3411 5351 nec
3439 5310 3546 5349 non
3566 5309 3631 5349 ex

2049 5414 2201 5454 more
2229 5393 2596 5450 nescientium
2615 5392 2790 5449 oculis
2807 5388 3333 5457 subministrandum
3356 5386 3629 5456 relinquo.

371 5492 530 5546 Κατὰ
576 5494 675 5564 τὴν
726 5491 913 5546 Ἀσίαν
970 5494 1190 5565 μεγάλα
1242 5496 1482 5566 στοιχεῖα
1537 5499 1944 5570 κεκοίμηνται,
2003 5504 2164 5579 ἅτινα
2200 5496 2599 5561 ἀναστήσονται
2662 5496 2726 5561 τῇ
2789 5494 2997 5562 ἐσχάτῃ
3029 5493 3227 5565 ἡμέρᾳ.
3256 5492 3519 5549 Φίλιππος
3550 5481 3630 5548 εἷς

377 5591 453 5644 ὢν
503 5590 611 5642 τῶν
670 5589 878 5644 δώδεκα
930 5593 1268 5659 ἀποστόλων,
1321 5593 1379 5656 δς
1445 5593 1773 5663 κεκοίμηται
1809 5599 1866 5650 ὲν
1907 5597 2213 5669 Ἱεραπόλει
2247 5591 2347 5646 καὶ
2391 5587 2690 5660 θυγατέρες
2724 5588 2915 5641 αὑτοῦ.
2954 5586 3155 5640 Ἐτιδὲ
3190 5586 3285 5639 καὶ
3310 5585 3563 5653 Ἰωάννης
3604 5596 3632 5647 6

382 5687 476 5741 ἐπὶ
528 5682 605 5753 τῷ
660 5683 844 5753 στήθει
876 5686 969 5741 τοῦ
1020 5686 1193 5757 Ἰησοῦ
1257 5686 1544 5741 ἀναπεσὼν
1574 5703 1588 5719 ο
1617 5684 1773 5751 οὗτος
1827 5692 1882 5743 ὲν
1925 5689 2136 5758 Ἐφέσῳ
2170 5688 2520 5756 κεκοίμηται.
2573 5686 2683 5737 Καὶ
2733 5685 2759 5735 ό
2816 5682 2988 5750 μέγας
3034 5680 3090 5733 δὲ
3118 5679 3434 5744 ’Δθανάσιος
3469 5680 3528 5736 ὲν
3555 5679 3633 5752 τῷ
