4058 6196
454 264 574 350 ὀοῑι
1726 283 2144 346 MICHAEIJS
2182 284 2442 345 suos
3626 288 3733 350 θοι

469 402 551 463 είς
608 399 709 471 τὴν
762 399 1032 472 ἀνάληψιν
1083 397 1229 469 λόγῳ
1282 396 1451 452 αὐτοῦ
1510 396 1684 468 Ἑνὼχ
1735 397 1828 451 καὶ
1866 397 2058 451 Ἠλίαν
2135 395 2543 469 μνημονεύσας,
2597 399 2693 451 καὶ
2751 394 2923 450 είπὼν
2965 395 3024 451 ὲν
3070 396 3185 461 τοῖς
3214 395 3350 463 ζῶσι
3390 394 3598 461 διάγειν
3636 401 3736 455 αι-

465 495 615 557 τοὺς,
676 494 865 565 ἑτέρου
906 493 1050 555 τινὸς
1118 490 1383 562 οὐμενοῦν
1456 492 1855 561 ἐμνημόνευσε.
1907 491 2019 544 Καὶ
2079 490 2239 555 αὐτὸς
2282 491 2339 544 δὲ
2398 491 2427 543 6
2482 489 2660 559 μέγας
2711 489 3015 560 Γρηγόριος
3080 490 3110 543 6
3154 489 3423 559 Διάλογος
3479 491 3574 544 τὸν
3633 492 3740 561 μὲν

385 626 393 635 .
480 587 737 645 Ἰάκωϐον
764 586 932 654 λέγει
991 585 1346 656 ἀναιρεθῆναι
1375 624 1390 649 ,
1435 584 1528 639 τὸν
1580 585 1638 639 δὲ
1689 586 1947 656 Ἰωάννην
1988 587 2048 639 ὲν
2109 584 2304 655 εἰρήνῃ
2360 583 2768 653 ἀναπαυθῆναι.
2796 582 2954 637 Οὕτω
3003 583 3105 655 μὶν
3129 582 3224 638 οῦν
3254 584 3349 639 καὶ
3381 584 3411 637 6
3457 585 3738 651 θειότατος

466 681 717 753 Ἐφρατμ
787 684 847 736 ἑν
892 682 970 752 τῷ
1004 685 1083 746 είς
1134 683 1235 753 τὴν
1270 682 1530 754 δευτέραν
1572 682 1880 753 παρουσίαν
1937 682 2083 753 λόγῳ
2114 681 2309 748 αὐτοῦ,
2335 680 2446 735 τῶν
2488 679 2998 751 ἀναγεγραμμένων
3045 679 3142 734 δύο
3170 681 3269 735 καὶ
3294 680 3474 749 μόνων
3499 682 3736 754 ἀνδρῶν,

467 776 561 830 τοῦ
618 776 791 845 Ἑνὼχ
855 776 1059 845 δηλαδὴ
1112 779 1205 829 καὶ¹
1260 774 1448 841 Ἠλία,
1487 776 1840 846 μεμνημένος
1889 775 2233 853 εὑρίσκεται.
2297 773 2485 828 Ταῦτα
2559 774 2661 844 μὲν
2704 770 2800 828 οὖν
2850 774 2982 843 περὶ
3024 773 3120 828 τοῦ
3181 774 3574 843 εὐαγγελιστοῦ
3645 784 3746 834 καὶ

470 868 618 924 θείου
659 869 912 924 Ἰωάννου
959 870 1076 933 τοῖς
1124 869 1510 940 διαληφθεῖσιν
1554 869 1763 925 ἀνωθεν
1807 869 2053 939 Πατράσι
2115 868 2467 939 διείληπταιο
2530 868 2643 921 είτε
2692 868 2755 922 δὲ
2802 867 2881 939 τῷ
2926 867 3101 939 Ἑνὼχ
3149 871 3245 923 κα)⁵
3279 868 3443 942 Ἠλίᾳ
3499 870 3608 935 ζῶν
3660 870 3747 923 ἔτι

467 970 925 1039 συναγελάζεται,
980 967 1092 1020 εἴτε
1141 966 1365 1037 καὶμὴ,
1415 969 1484 1037 τῇ
1533 969 1600 1039 σῇ
1652 966 1985 1039 μεγαλονοίᾳ
2030 966 2129 1022 καὶ
2161 964 2561 1037 διασκέψασθαι
2617 965 2686 1020 τὰ
2741 965 2872 1036 περὶ
2926 965 3133 1020 τούτων
3182 963 3435 1038 ἀφίημι,
3476 968 3572 1022 καὶ
3625 967 3745 1027 τοῖς

466 1062 760 1132 ἀγνοοῦσιν
792 1061 870 1126 ὡς
913 1061 1036 1128 ἔθος
1067 1058 1559 1114 ύποτυπώνσασθαι.

988 1240 1324 1298 EPISTOLA
1356 1224 1526 1297 Xvu.

486 1359 943 1416 Venerandissimo
998 1358 1253 1411 monacho
1310 1356 1502 1410 domno
1553 1354 1827 1410 Nectario.
1870 1386 1939 1396 —
1980 1354 2056 1409 De

544 1432 716 1492 Juda,
781 1439 955 1483 utrum
990 1427 1177 1497 laqueo
1213 1442 1265 1480 se
1291 1426 1625 1495 suspenderit
1647 1427 1806 1495 juxta
1833 1441 2054 1495 evange-

545 1504 700 1556 licam
737 1501 1038 1559 historiam,
1070 1498 1177 1551 sive
1205 1506 1317 1565 post
1341 1501 1451 1550 Iuro
1479 1506 1760 1565 superstes,
1792 1508 1849 1551 ut
1871 1497 2052 1550 dicunt

545 1572 737 1641 aliqui,
765 1587 901 1642 aqua
948 1568 1193 1621 intercuti
1233 1567 1573 1631 laboraverit,
1611 1579 1659 1621 et
1704 1568 1781 1623 ita
1816 1575 2054 1621 mortuus

542 1645 630 1695 sit.

542 1817 775 1889 Pappias
826 1815 1139 1879 historicus,
1170 1814 1262 1883 qui
1288 1811 1485 1868 Judam
1518 1827 1772 1881 magnum
1802 1809 2053 1882 impieta-

472 1916 543 1970 tis
570 1913 783 1983 signum
812 1925 907 1981 per
932 1907 1196 1963 mundum
1220 1906 1511 1962 incessisse
1540 1905 1699 1966 dixit.
1721 1921 1788 1959 ex
1816 1906 2051 1959 Actuum

472 2008 613 2062 libro
663 2003 953 2060 materiam
996 1999 1281 2064 hauriens,
1336 1999 1425 2053 liis
1466 1996 1736 2067 principis
1776 1996 2054 2067 apostolo-

472 2114 591 2153 rum
613 2096 761 2152 Petri
785 2095 966 2149 verbis
988 2090 1339 2160 utzmendacii
1380 2104 1504 2144 reus
1547 2087 1723 2158 palam
1774 2087 2056 2143 convinci-

476 2201 585 2244 tur.
605 2188 856 2256 Namque
898 2184 1119 2238 divinus
1150 2182 1239 2256 ille
1266 2181 1549 2249 apostolus
1600 2189 1751 2235 stans
1778 2180 1835 2235 in
1867 2179 2049 2236 medio

468 2282 705 2336 Tratrum
739 2255 795 2331 in
835 2255 1226 2337 cmuaculoﬁn
1249 2286 1358 2341 quo
1384 2271 1536 2337 juxta
1562 2271 1789 2326 verbum
1835 2271 2055 2326 Domini

475 2371 734 2428 sedentes
786 2365 1065 2437 discipuli,
1119 2363 1514 2434 exspectabant
1564 2363 1742 2418 donec
1794 2363 2056 2418 virtutem

475 2466 712 2533 desuper
737 2461 1117 2524 induerentur,
1149 2458 1267 2512 haec
1292 2456 1440 2512 inter
1464 2458 1567 2511 alia
1600 2458 1667 2513 de
1692 2455 1833 2512 Juda
1872 2456 2011 2512 dixit
2040 2474 2054 2513 :

479 2577 498 2609 ι
540 2556 708 2610 ludas
733 2552 866 2608 emit
891 2565 1080 2622 agrum
1114 2549 1182 2604 de
1213 2548 1465 2604 mercede
1492 2548 1822 2619 iniquitatis,
1848 2557 1903 2604 et
1934 2564 2060 2605 sus-

476 2664 675 2721 pensus
706 2645 918 2716 crepuit
948 2642 1187 2705 medius,
1222 2652 1277 2696 et
1301 2640 1494 2696 din‘usa
1534 2648 1662 2695 sunt
1684 2641 1894 2697 viscera
1916 2641 2056 2712 ejus,

473 2754 527 2797 et
568 2741 809 2794 innotuit
837 2736 1098 2791 omnibus
1134 2733 1521 2789 habitantibus
1553 2731 1882 2800 Jerusalem,
1912 2734 2058 2804 quod

473 2833 844 2904 appellaretur
870 2844 998 2898 ager
1051 2828 1140 2883 ille
1162 2828 1345 2899 lingua
1371 2842 1562 2882 eorum
1585 2825 1928 2893 Haceldama,
1952 2828 2059 2883 hoc

473 2933 583 2989 est,
612 2924 755 2992 Ager
790 2919 1092 2990 sanguinis.
1121 2936 1142 2971 ι
1171 2918 1451 2985 Animum,
1481 2933 1688 2987 quaeso,
1730 2916 1970 2974 attende.
2000 2917 2057 2972 Si

428 3065 441 3073 .
472 3018 621 3071 enin)
665 2996 817 3086 juxta
850 3014 1060 3068 dictum
1100 3013 1359 3083 Pappiam
1404 3012 1744 3082 aliquantum
1796 3012 2060 3080 temporis

474 3117 601 3177 post
648 3107 1005 3177 suspendium
1073 3115 1351 3175 superstes
1408 3103 1601 3168 fuisset
1669 3101 1873 3170 ludas,
1915 3098 2061 3158 hunc

474 3216 787 3255 sermonem
838 3214 951 3255 non
998 3198 1408 3269 pronuntiasset
1466 3198 1722 3266 princeps
1785 3196 2060 3265 apostolo-

476 3310 597 3348 rum
646 3292 861 3355 Petrus,
888 3290 990 3344 nisi
1049 3289 1141 3344 diu
1204 3300 1328 3359 post
1382 3288 1847 3343 resurrectionem
1902 3286 2062 3341 Chri-

392 3448 393 3451 η
476 3386 547 3440 sti
580 3401 609 3438 a
644 3383 896 3438 mortuis.
936 3382 992 3435 Si
1045 3380 1190 3435 enim
1232 3380 1324 3434 ille
1357 3388 1474 3433 tum
1502 3379 1644 3433 inter
1680 3378 1831 3433 vivos
1867 3392 2061 3431 nume.

476 3485 717 3541 raretur,
760 3489 869 3545 quo
908 3482 1066 3541 pacto
1098 3472 1165 3526 de
1203 3472 1324 3541 ipso
1351 3480 1411 3525 ut
1457 3477 1673 3525 mortuo
1706 3469 1899 3525 beatus
1928 3484 2060 3540 apo-

478 3570 653 3624 stolus
702 3563 1151 3622 sermocinatur?
1197 3562 1294 3618 Sin
1343 3572 1525 3618 autem
1578 3562 1648 3618 ab
1693 3562 1816 3631 ipso
1870 3577 2059 3632 agrum

477 3662 806 3732 acquisitum
863 3674 985 3714 esse
1029 3659 1082 3713 in
1124 3661 1355 3712 Actuum
1388 3657 1528 3712 libro
1561 3656 1780 3729 legitur,
1818 3671 2059 3727 eumque

483 3766 807 3824 suspensum
855 3748 1243 3805 miserabiliter
1278 3748 1548 3805 cecidisse
1578 3758 1819 3819 ruptum,
1851 3748 1963 3805 noli
1989 3749 2060 3805 ob

486 3849 589 3902 hoc
607 3844 811 3910 mirari,
835 3843 1048 3906 dicens,
1069 3842 1126 3897 Si
1144 3858 1330 3913 agrum
1348 3843 1499 3908 emit,
1518 3841 1587 3897 de
1609 3843 1918 3898 necessario
1940 3851 2061 3913 post

481 3939 836 4009 suspendium
864 3932 1139 3990 vixit.Nisi
1163 3936 1308 3990 enim
1334 3944 1611 4005 superstes
1635 3934 1845 4002 fuisset,
1872 3950 2058 4007 agrum

480 4050 587 4086 non
624 4031 866 4086 emisset.
902 4030 1119 4096 Desino,
1150 4044 1351 4099 quaeso,
1387 4028 1514 4083 talia
1544 4030 1746 4085 sentire
1768 4044 1833 4085 ac
1852 4030 2056 4093 dicere,

479 4123 703 4177 Minime
731 4122 876 4175 enim
904 4135 935 4174 a
963 4121 1258 4190 semetipso
1295 4135 1488 4192 agrum
1521 4120 1633 4174 ullo
1665 4122 1825 4176 modo
1850 4122 2054 4178 emisse

456 4215 781 4277 *invenitur,
811 4213 906 4269 sed
939 4213 1104 4268 veluti
1156 4213 1210 4267 in
1245 4213 1406 4267 tertia
1449 4212 1517 4267 de
1568 4212 1797 4268 Actibus
1833 4214 2055 4269 homilia

480 4306 718 4361 disertus
741 4304 979 4361 Joannes
995 4305 1201 4370 docuit,
1224 4304 1313 4357 alii
1334 4302 1553 4373 quidam
1573 4318 1765 4374 egrum
1782 4315 2055 4373 emerunt,

2085 1706 2132 1765 Δ

2708 1240 3057 1297 ΕΠΙΣΤΟΛΗ
3110 1237 3213 1294 lZ'.

2160 1359 2252 1429 Τῷ
2282 1361 2606 1431 τιμιωτάτῳ
2641 1356 3088 1431 μοναχῷγκυρῷ
3120 1358 3429 1431 Νεκταρίῳ
3458 1356 3591 1431 περὶ
3628 1356 3743 1431 τοῦ

2243 1426 2462 1496 Ἰοῦδα,
2503 1426 2730 1498 εἴτετῇ
2754 1426 2985 1500 ἀγχόνη
3014 1427 3388 1500 ἐγαπέψυξε,
3414 1428 3570 1500 κᾳτὰ
3616 1426 3740 1500 τὴν

2228 1500 2636 1571 εὐαγγελικὴν
2688 1497 2984 1567 ἱστορίαν,
3022 1499 3145 1571 sits
3180 1500 3329 1566 μετὰ
3384 1497 3572 1571 ταῦτα
3603 1497 3740 1571 ὲπιτ

2232 1567 2441 1638 ζήσας.
2475 1570 2557 1637 ὥς
2583 1567 2750 1640 φασί
2804 1585 2985 1640 τινες.
3019 1569 3218 1640 ὐδέρῳᾼ
3244 1567 3565 1636 περιέπεσε
3587 1609 3603 1634 ,
3638 1568 3743 1621 καί

2233 1642 2421 1709 οὕτως
2447 1643 2514 1696 τὸ
2550 1638 2657 1695 τοῦ
2680 1640 2831 1705 ,βίον
2872 1638 3049 1705 τέλος
3092 1638 3364 1703 ἐδέξατο.

2224 1813 2329 1868 Τὸν
2357 1814 2457 1885 μὲν
2502 1813 2596 1868 οὖν
2624 1813 2902 1882 ἱστορικὸν
2928 1812 3137 1865 ἐκεῖνον
3170 1811 3438 1867 Παππίαν
3470 1813 3617 1882 μέγα
3643 1811 3742 1865 τὸν

2154 1892 2360 1962 Ἰούδαν
2388 1906 2642 1971 ἀσεϐείας
2672 1907 2983 1976 ὑπόδειγμα
3019 1905 3404 1976 περιπατῆσαι
3427 1904 3506 1974 τῷ
3538 1903 3736 1971 κόσμῳ

2155 2000 2389 2071 λέγοντα
2441 1998 2671 2071 ὕστερον
2696 2038 2712 2065 ,
2746 1998 2842 2053 ἅτε
2874 1998 2973 2063 τάς
3013 1998 3269 2068 ἀφορμὰς
3310 1999 3373 2051 ὲκ
3415 2000 3516 2067 τῆς
3549 1997 3737 2066 βίϐλου

2158 2094 2398 2149 λαϐόντα
2426 2092 2536 2147 τῶν
2576 2093 2859 2165 Πράξεων,
2896 2092 3039 2146 αύτά
3068 2092 3132 2162 δὴ
3163 2092 3230 2145 τά
3282 2091 3377 2145 τοῦ
3429 2090 3738 2160 κορυφαίου

2162 2186 2371 2257 Πέτρου
2400 2184 2586 2252 σαφῶς
2618 2183 2913 2254 ἀπελέγχει
2953 2183 3308 2252 ψευδόμενον.
3352 2180 3413 2235 '0
3449 2179 3558 2251 γάρ
3593 2181 3739 2243 θεῖος

2168 2275 2322 2340 οὗτος
2346 2275 2650 2339 ἀπόστολος
2680 2275 2812 2340 στὰς
2855 2279 2913 2331 ὲν
2955 2275 3034 2345 τῷ
3068 2272 3303 2345 ὑπερῴῳ
3336 2274 3534 2343 ἐκείνῳ
3573 2272 3740 2342 μέσον

2169 2367 2265 2420 τοῦ
2294 2366 2476 2438 ὄχλου,
2508 2368 2567 2422 ἔν
2606 2361 2651 2437 ᾧ
2683 2368 2828 2421 κατὰ
2859 2370 2958 2439 τὴν
2985 2367 3079 2420 τοῦ
3129 2366 3337 2435 Κυρίου
3366 2365 3554 2436 φωνὴν
3583 2363 3739 2418 καθί-

2160 2464 2353 2522 σαντες
2411 2461 2462 2513 οί
2514 2461 2757 2532 μαθηταὶ
2801 2460 3035 2530 δύναμιν
3084 2459 3179 2529 ἀφ’
3216 2456 3384 2528 ὕψους
3413 2457 3740 2510 ἐνδύσασθαι

2160 2548 2575 2625 προσεδέχοντο,
2626 2558 2723 2609 καὶ
2774 2554 2899 2609 τάδε
2940 2553 3076 2624 πρὸς
3120 2554 3233 2618 τοῖς
3268 2552 3452 2616 ἀλλοις
3482 2550 3616 2622 περὶ
3640 2551 3740 2603 τοῦ

2160 2646 2329 2700 Ἰούδα
2364 2646 2702 2715 ὲφθὲγξατο’
2728 2647 3009 2719 ,Ἐκεῖνος
3030 2645 3148 2715 μὲν
3180 2640 3295 2701 οὖν
3324 2644 3545 2714 χωρίον
3566 2644 3743 2709 ἐκτή-

2160 2757 2313 2796 σατο
2351 2740 2421 2793 ἐκ
2455 2739 2562 2794 τοῦ
2612 2740 2834 2809 μισθοῦ
2887 2738 2999 2807 τῆς
3033 2739 3294 2803 ἀδικίας.
3343 2738 3445 2791 καί
3496 2737 3740 2806 πρηνὴς

2160 2833 2485 2901 γενόμενος
2501 2830 2749 2884 extimas
2768 2830 2983 2899 μέσος,
3008 2829 3106 2882 καί
3129 2829 3386 2898 ἐξεχύθη
3412 2826 3485 2881 τὰ
3502 2827 3741 2895 σπλάγ-

2161 2940 2280 2992 χνα
2334 2922 2567 2985 αὐτοῦ’,
2625 2925 2725 2975 καί
2775 2922 3054 2990 γνωστὸν
3108 2919 3348 2991 ἐγένετο
3406 2917 3557 2975 πᾶσι
3610 2917 3741 2982 τοῖς

2096 3017 2555 3105 Βκατοικοῦσιν
2620 3011 3062 3105 Ἰερουσαλὴμ,
3115 3011 3273 3105 citate
3315 3010 3615 3105 κληθῆκαι
3669 3011 3741 3061 τὸ

2165 3110 2386 3178 χωρίον
2439 3106 2637 3160 ἐκεῖνο
2671 3104 2746 3175 τῇ
2794 3106 2916 3174 ίδίᾳ
2973 3103 3268 3169 διαλέκτῳ
3314 3102 3515 3158 αὐτῶν
3544 3103 3742 3158 Ἁκελ-

2163 3197 2352 3268 δαμὰ,
2402 3199 2680 3252 τουτέστι
2733 3198 2958 3268 χωρίον
3008 3198 3281 3267 αἳματος,
3338 3196 3584 3267 Πρόσεχε
3642 3194 3743 3259 οὖν

2164 3292 2428 3361 ἀκριϐῶς.
2463 3292 2524 3343 Εἰ
2560 3291 2689 3360 γὰρ,
2728 3296 2873 3345 κατὰ
2915 3290 3007 3345 τὸν
3044 3289 3408 3360 διαληφθέντα
3447 3290 3739 3355 Παππίαν,

2165 3382 2356 3453 καιρὸν
2394 3382 2579 3435 ἱκανὸν
2625 3383 2655 3435 6
2684 3380 2890 3445 Ἰούδας
2928 3381 3066 3452 μετὰ
3107 3382 3208 3450 τὴν
3258 3382 3501 3454 ἀγχόνην
3530 3380 3740 3452 ἐπέζη-

2166 3490 2279 3537 σεν,
2311 3473 2410 3525 οὐκ
2455 3471 2520 3525 ἂν
2567 3473 2666 3543 τὴν
2715 3472 3059 3543 δημηγορίαν
3109 3472 3315 3542 ταύτην
3350 3474 3472 3545 μετ’
3504 3474 3566 3527 οὐ
3599 3473 3737 3527 πολὺ

2162 3566 2262 3635 τῆς
2317 3568 2381 3618 ὲκ
2428 3565 2640 3636 νεκρῶν
2691 3565 3047 3629 ἀναστάσεως
3098 3565 3191 3619 τοῦ
3230 3565 3468 3635 Χριστοῦ
3503 3568 3533 3621 6
3567 3584 3741 3637 κορυ-

2164 3659 2321 3725 φαῖος
2372 3656 2578 3723 Πέτρος
2628 3655 2911 3723 εποίησεν.
2949 3654 3012 3708 Εί
3040 3654 3148 3725 γάρ
3178 3656 3289 3716 τοῖς
3316 3653 3486 3718 ζῶσιν
3526 3654 3741 3716 ἑκεῐνος

2163 3748 2465 3818 τηνικαῦτα
2498 3746 2821 3816 ἐναρίθμιος
2844 3740 2912 3816 ἦν
2938 3785 2953 3809 ,
2988 3745 3106 3811 πῶς
3144 3746 3221 3809 ὡς
3271 3748 3402 3816 περὶ
3436 3744 3740 3809 τεθνεῶτος

2163 3838 2334 3893 αὐτοῦ
2391 3840 2419 3891 6
2466 3840 2611 3898 θεῖος
2659 3836 2996 3909 ἐδημηγόρει
3053 3838 3393 3905 ἀπόστολος;
3448 3838 3512 3891 Ei
3537 3836 3597 3893 δὲ
3637 3841 3740 3891 καὶ

2166 3933 2367 4004 χωρίον
2433 3932 2739 4005 κτήσασθαι
2788 3935 2879 3986 τὸν
2932 3931 3178 3986 τοιοῦτον
3232 3933 3264 4002 ἠ
3321 3933 3431 3986 τῶν
3464 3932 3740 4002 Πράξεων

2163 4024 2344 4094 βίϐλος
2382 4026 2657 4097 ἱστόρησε,
2692 4026 2873 4096 πρηνῆ
2914 4043 2974 4079 τε
3013 4028 3201 4080 πεσεῖν
3247 4027 3346 4079 καὶ
3369 4026 3597 4081 λακίσαι
3632 4030 3737 4096 μέ-

2163 4133 2255 4170 σον
2286 4117 2376 4171 τὸν
2404 4118 2608 4181 ἀθλιον,
2646 4118 2722 4188 μὴ
2754 4118 3006 4189 θαύμαζε
3036 4119 3234 4189 τούτου
3269 4117 3484 4184 ἕνεκεν,
3520 4120 3733 4189 λέγων,

2164 4208 2335 4278 Εῖπερ
2360 4209 2632 4278 ἐκτήσατο
2662 4210 2887 4278 χωρίον,
2914 4211 3009 4265 καὶ
3036 4210 3205 4279 ζῆσαι
3238 4209 3428 4265 τοῦτον
3460 4212 3603 4281 μετά
3633 4213 3739 4283 τὴν

2159 4300 2399 4372 ἀγχόνην
2433 4302 2765 4371 ἐπάναγκες.
2790 4302 2849 4356 Ei
2898 4305 2976 4373 μὴ
3027 4305 3137 4377 γὰρ
3168 4304 3436 4375 ὲπέζησεν
3480 4304 3737 4376 ὕστερον,

456 4400 605 4467 'ipse
644 4411 773 4450 vero
823 4409 1042 4465 quoque
1073 4404 1263 4465 utpote
1306 4395 1397 4463 qui
1430 4394 1661 4464 pretium
1716 4394 1830 4465 agri
1863 4395 2048 4451 solvit.

2157 4390 2257 4442 οὐκ
2300 4389 2366 4444 ἀν
2399 4392 2600 4463 χωρίον
2632 4395 2921 4459 ἐκτήσατο.
2958 4395 3155 4464 Ἀφες,
3176 4395 3225 4448 εί
3276 4393 3478 4465 βούλει,
3503 4397 3738 4454 τοιαῦτα

470 4488 728 4559 Namque
755 4488 1095 4557 principibus
1123 4487 1469 4541 sacerdotum
1495 4486 1723 4557 proiecit
1745 4495 2052 4557 argenteos,

476 4593 618 4647 quos
653 4579 958 4634 mercedem
985 4578 1290 4648 iniquitatis
1314 4587 1471 4631 vocat
1501 4593 1516 4631 :
1541 4577 1736 4633 merito
1760 4578 1922 4649 igitur
1946 4568 2052 4634 liu-

473 4671 566 4740 jus
604 4672 711 4742 agri
755 4671 1010 4725 dominus
1049 4670 1269 4726 dicitur.
1308 4670 1451 4740 Ager
1497 4684 1629 4725 vero
1676 4669 1769 4726 ille
1820 4685 2052 4742 campus

480 4762 629 4832 ﬁguli
661 4773 909 4826 vocatur,
933 4762 1029 4832 qui
1056 4762 1218 4817 etiam
1243 4762 1440 4816 domus
1478 4762 1764 4819 maledicta
1809 4763 2049 4831 dicitur;

460 4852 695 4906 'tumulo
743 4853 889 4906 enim
951 4852 1090 4906 nihil
1126 4851 1296 4923 magis
1340 4852 1672 4907 solitarium.
1712 4853 1852 4910 inde
1903 4864 2053 4924 patet

478 4943 774 5013 quod'ipse
804 4959 831 4997 a
873 4942 1168 5013 semetipso
1208 4958 1397 5014 agrum
1428 4958 1536 4997 non
1567 4944 1721 4998 emit.
1756 4945 1864 4997 Etsi
1901 4945 2047 4998 enim

462 5032 787 5102 iniquitatis
842 5034 1176 5098 mercedem,
1212 5034 1265 5089 id
1315 5045 1437 5100 est,
1488 5037 1709 5107 triginta
1765 5046 2050 5104 argenteos

460 5122 821 5193 principibus
853 5126 1193 5179 sacerdotum
1223 5124 1389 5181 indas
1418 5138 1611 5196 sponte
1662 5128 1887 5197 proiecit
1930 5130 2051 5199 qui-

454 5214 581 5269 ‘bus
608 5227 823 5285 emptus
852 5226 970 5270 erat
991 5232 1117 5287 ager
1143 5220 1272 5289 (non
1306 5219 1503 5274 licebat
1534 5221 1681 5273 enim
1710 5234 1803 5274 eos
1826 5221 2048 5276 mittere

456 5310 534 5363 'in
570 5310 867 5365 corbonam
906 5322 1093 5381 utpote
1118 5317 1351 5379 pretium
1394 5312 1722 5382 sanguinis),
1768 5316 2046 5383 quomodo

470 5404 557 5456 vel
590 5405 736 5458 unde
764 5401 933 5458 ludas
998 5406 1243 5473 possedit
1278 5420 1487 5475 agrum,
1531 5419 1655 5460 cum
1688 5405 1806 5474 ipse
1864 5409 2044 5460 statim

452 5491 528 5545 ein
559 5494 761 5562 templo
804 5492 1040 5562 proiecta
1069 5494 1320 5548 mercede
1379 5494 1683 5563 iniquitatis
1746 5494 1951 5563 laqueo
1987 5513 2047 5551 se

468 5582 859 5648 suspenderit?
885 5583 1022 5636 Aliis
1056 5597 1187 5653 ergo
1226 5598 1415 5651 agrum
1447 5584 1781 5650 ementibus,
1824 5593 1879 5640 et
1931 5585 2043 5655 ipse

446 5673 665 5727 -cmisse
715 5674 942 5737 dicitur,
985 5683 1042 5728 ut
1091 5690 1254 5743 supra
1319 5676 1832 5731 demonstravimus.
1889 5678 2042 5743 Quod

2157 4487 2377 4553 φρονεῖν
2423 4502 2483 4538 τε
2534 4488 2629 4541 καὶ
2663 4486 2871 4555 λέγειν.
2907 4486 3045 4541 Οὐδὲ
3073 4487 3184 4559 γὰρ
3232 4488 3396 4553 αὐτὸς
3428 4489 3499 4543 δι’
3530 4492 3739 4544 ἑαυτοῦ

2155 4577 2356 4647 χωρίον
2418 4580 2763 4649 ὁπουδήποτε
2834 4582 3179 4651 κτησάμενος
3244 4581 3475 4653 εὕρηται
3518 4624 3533 4650 ,
3589 4585 3735 4638 ἀλλὰ

2153 4669 2408 4743 καθάπερ
2444 4673 2503 4723 ὲν
2530 4674 2594 4743 τῇ
2627 4672 2709 4735 είς
2751 4673 2849 4737 τάς
2884 4674 3119 4745 Πράξεις
3144 4675 3304 4748 τρίτῃ
3334 4677 3522 4748 ὁμιλία
3553 4677 3733 4734 αὐτοῦ

2152 4763 2180 4815 6
2213 4764 2619 4834 χρυσοῤῥήμων
2659 4763 2918 4833 Ἰωάννης
2943 4766 3204 4833 ἑδίδαξεν,
3235 4767 3416 4843 ἕτεροι
3449 4772 3551 4839 μέν
3586 4775 3737 4826 είσιν

2153 4852 2202 4903 oi
2246 4853 2303 4905 τὸ
2353 4856 2553 4925 χωρίον
2588 4856 2949 4927 ὴγορακότες,
2976 4858 3141 4921 αὐτὸς
3188 4860 3247 4913 δὲ
3301 4861 3491 4931 ὅμως,
3541 4862 3621 4926 ὡς
3670 4867 3736 4918 τὸ

2152 4943 2371 5015 τίμημα
2397 4948 2745 5001 καταϐαλών·
2778 4948 2973 5020 ἔρριψε
3004 4951 3114 5021 γάρ
3139 4992 3155 5018 ,
3194 4955 3353 5023 φησὶ,
3387 4954 3456 5007 τά
3481 4955 3733 5025 ἀργύρια

2154 5037 2293 5107 πρὸς
2320 5040 2455 5111 ,τοὺς
2487 5041 2769 5113 ἀρχιερεῖς
2793 5082 2807 5105 ,
2854 5042 2889 5096 ἀ
2922 5045 3019 5097 καὶ
3056 5045 3248 5114 μισθὸν
3296 5047 3514 5111 ἀδικίας
3545 5050 3729 5103 καλεῖ·

2158 5129 2390 5193 είκότως
2418 5130 2513 5183 τοῦ
2546 5132 2791 5186 τοιούτου
2836 5133 3041 5203 χωρίου
3087 5134 3277 5204 κύριος
3328 5136 3567 5205 λέγεται.
3600 5139 3729 5192 Χω-

2155 5219 2268 5284 ρίον
2319 5221 2375 5273 δὲ
2414 5222 2506 5274 τὸν
2560 5223 2731 5293 ἀγρὸν
2795 5224 2890 5277 τοῦ
2925 5226 3220 5297 κεράμεὼς
3275 5244 3463 5298 φησιν,
3514 5229 3577 5295 δν
3629 5235 3731 5285 καὶ

2149 5310 2376 5366 ἔπαυλιν
2409 5314 2786 5387 ἠρημωμένην
2835 5319 3015 5373 καλεῖ.
3046 5319 3232 5387 Τάφου
3259 5320 3368 5390 γὰρ
3394 5321 3552 5376 οὐδὲν
3596 5324 3725 5393 ὲρη-

2152 5403 2399 5474 μότερον.
2439 5406 2678 5479 Εὔδηλον
2714 5409 2811 5463 οὐν
2840 5410 3114 5476 ἐντεῦθεν,
3150 5413 3227 5477 ὡς
3255 5414 3524 5483 οὐμενοῦν
3557 5416 3723 5477 αὐτὸς

2146 5497 2215 5548 δι’
2243 5497 2442 5550 ἑαυτοῦ
2487 5501 2687 5570 χωρίον
2720 5502 3011 5573 ἐκτήσατο.
3041 5502 3106 5557 Ei
3163 5506 3273 5576 γὰρ
3311 5507 3340 5558 6
3372 5505 3475 5572 τῆς
3499 5506 3723 5569 ἀδικίας

2151 5580 2379 5659 μισθὸς,
2412 5595 2660 5647 τουτέστι
2715 5595 2785 5649 τά
2829 5597 3125 5666 τριάκοντα
3173 5597 3443 5668 ἀργύρια,
3475 5601 3614 5670 πρός
3657 5617 3721 5667 γε

2145 5685 2270 5745 τοὺς
2291 5686 2571 5755 ἀρχιερεῖς
2605 5689 2736 5757 παρ’
2778 5689 2943 5743 αὐτοῦ
2971 5689 3065 5743 τοῦ
3094 5689 3264 5744 Ἰούδα
3295 5690 3521 5763 ῥιφῆναι
3543 5693 3723 5762 ἐφθα-
