4058 6196
345 330 457 395 905

1680 330 2048 393 EPISTOLA
2094 334 2288 398 XVII.

3494 331 3629 395 90$“

345 458 440 495 σεν
468 478 484 505 ,
519 442 611 512 ὑφ’
650 431 726 497 ὧν
778 442 873 496 καὶ
915 443 975 495 τδ
1025 444 1268 498 τοιοῦτον
1311 444 1516 515 χωρίον
1558 444 1872 515 ἡγόρασται
1899 457 1912 471 ·

2019 443 2075 496 si
2100 445 2304 500 ita-.res
2332 458 2392 500 se
2427 444 2654 511 habent,
2685 442 2970 499 evidenter
3015 449 3342 498 erraverunt
3390 442 3481 511 qui
3527 443 3601 495 ob

342 535 464 588 οῦδὲ
496 535 607 605 γὰρ
640 533 772 607 ιξῆν
811 534 986 590 ταῦτα
1020 537 1205 607 βαλεῖν
1235 538 1314 600 είς
1344 539 1438 592 τὸν
1480 538 1787 608 κορϐωνᾶν,
1840 554 1919 589 τι-

349 627 457 696 μὴν
506 626 826 698 ὑπάρχοντα
863 627 1094 695 αἵματος
1119 643 1135 658 ο
1176 628 1311 681 πότε
1373 628 1563 683 λοιπὸν
1623 627 1656 699 ἦ
1692 626 1858 680 πόθεν
1890 627 1919 679 6

343 718 547 782 Ἰούδας
578 718 783 789 χωρίον
814 719 1090 787 ἐκτήσατο
1116 736 1131 786 ;
1166 720 1329 792 εἴπερ
1378 720 1471 775 καὶ
1508 719 1712 790 μᾶλλον
1752 722 1811 773 ὲν
1840 718 1917 789 τῷ

339 810 451 881 ναῷ
484 810 648 883 ῥίψας
672 812 762 865 τὸν
787 812 885 881 τῆς
909 811 1123 876 ἀδικίας
1157 813 1350 883 μισθὸν
1372 816 1578 887 ἀγχόνῃ
1609 814 1918 886 τηνικαῦτα

340 906 637 976 ἐχρήσατο.
688 906 900 962 ¹’Λλλων
948 908 1132 961 τοίνυν
1185 910 1550 980 ἠγορακότων
1585 911 1752 975 αὐτὸς
1783 912 1919 979 ἁγο-

343 994 505 1067 ράσαι
545 996 806 1065 λέγεται,
851 999 929 1061 ὡς
975 998 1189 1053 ἄνωθεν
1239 1000 1482 1071 είρηται.
1550 1001 1609 1054 Εί
1646 1000 1703 1055 δὲ
1743 1001 1918 1056 ταῦτα

337 1087 514 1153 οῦτως
565 1090 705 1160 εχει,
757 1090 1135 1163 πεπλάνηνται
1187 1094 1486 1165 προφανῶς
1513 1096 1562 1149 οί
1590 1094 1680 1149 διά
1718 1112 1781 1162 γε
1817 1095 1918 1167 τὴν

337 1181 431 1236 τοῦ
460 1183 666 1252 χωρίου
708 1182 869 1253 δῆθεν
925 1185 1193 1255 ἐξιῦνησιν
1245 1187 1340 1241 καὶ
1370 1186 1535 1257 ζῆσαι
1583 1186 1675 1241 τὸν
1714 1187 1918 1242 Ἰούδαν

342 1274 479 1343 μετὰ
523 1274 622 1343 τὴν
681 1276 921 1345 ἀγχόνην
969 1277 1321 1346 νομίσαντες.
1363 1278 1429 1332 Et
1482 1278 1540 1332 δὲ
1581 1278 1679 1333 καὶ
1731 1278 1915 1350 πρηνῆ

338 1367 526 1418 πεσεῖν
563 1365 657 1418 τὸν
689 1365 897 1421 Ἰούδαν
921 1407 937 1431 ,
987 1368 1212 1422 λακίσαι
1251 1385 1310 1422 τε
1366 1369 1535 1437 μέσον
1573 1369 1742 1424 αύτδν
1771 1370 1804 1440 ἡ
1836 1369 1916 1441 βε.

337 1455 463 1519 ϐλος
492 1456 809 1527 διαγορεύει
847 1457 957 1511 τῶν
990 1458 1253 1528 Πράξεων
1276 1500 1292 1525 ,
1332 1459 1408 1524 ὡς
1437 1460 1644 1514 ἄνωθεν
1674 1462 1915 1531 εἴρηται,

336 1547 410 1607 di;
456 1546 710 1602 ἐντεῦθεν
761 1549 943 1603 δοκεῖν
995 1550 1372 1603 ἐναντιοῦσθαι
1405 1552 1662 1622 ἀλλήλοις
1713 1552 1815 1623 τήν
1855 1569 1916 1607 τε

334 1639 728 1709 διαληφθεῐσαν
756 1641 936 1711 βίϐλον
985 1642 1080 1695 καὶ
1126 1642 1268 1697 αὐτὰ
1299 1643 1368 1698 τὰ
1405 1643 1528 1713 ιερὰ
1577 1645 1912 1714 Εύαγγέλιασ

332 1731 453 1785 ἀλλ’
498 1733 560 1786 ού
595 1732 850 1787 τοσοῦτον
897 1733 1205 1802 θαυμάζειν
1252 1737 1347 1791 tati
1380 1737 1596 1801 τούτοις
1635 1755 1695 1791 σε
1733 1739 1913 1804 ἄξιον.

335 1825 499 1889 Εἰκὸς
528 1826 637 1895 γὰρ
670 1827 766 1880 καὶ
816 1827 1113 1897 ἀμφότερα
1149 1829 1331 1883 ταῦτα
1385 1830 1463 1900 τῷ
1493 1832 1614 1885 τότε
1655 1829 1722 1904 [Ῑ.
1750 1832 1808 1885 έν
1837 1833 1917 1903 τῷ

332 1919 459 1970 τότε
500 1916 700 1993 χρόνῳ]
733 1917 1012 1985 γενέσθαι,
1064 1921 1126 1972 τὸ
1179 1919 1536 1989 τελειωθῆναι
1566 1938 1625 1974 τε
1654 1923 1722 1976 δι’
1746 1924 1913 1993 ἀγχό-

334 2026 434 2076 νης
468 2009 653 2077 αὐτὸν,
700 2011 796 2064 καὶ
833 2010 896 2064 τὸ
944 2013 1012 2066 τὰ
1047 2013 1333 2084 σπλάγχνα
1384 2013 1548 2068 αὐτοῦ
1592 2015 1913 2086 ἑκχυθῆναι,

334 2099 411 2162 ὡς
441 2100 702 2164 πολλάκις
729 2101 1064 2173 διείληπται,
1107 2104 1205 2159 ἆτε
1245 2102 1340 2158 τοῦ
1382 2105 1648 2160 καλωδίου
1688 2105 1917 2179 διαρῤα-

332 2191 546 2255 γέντος,
598 2193 656 2244 ὲν
697 2186 740 2260 ᾧ
794 2193 1114 2266 ἀπηὼρητο,
1155 2193 1452 2251 κάντεῦθεν
1485 2197 1567 2261 είς
1608 2195 1714 2267 γῆν
1754 2213 1916 2251 κατε-

335 2282 618 2351 νεχθέντος
658 2284 870 2336 ἐκείνου
901 2325 917 2351 ,
979 2286 1072 2338 καὶ
1130 2287 1272 2340 οῦτω
1326 2287 1491 2357 μέσον
1534 2288 1914 2355 λελακικότος,

334 2371 409 2435 ὡς
461 2371 644 2443 θέαμα
706 2378 1031 2446 προκεῖσθαι
1082 2382 1195 2442 τοῖς
1236 2381 1403 2435 πᾶσιν
1447 2380 1708 2448 ἐξαίσιον.
1752 2382 1916 2446 Heio;

330 2466 431 2517 καὶ
465 2467 571 2536 γὰρ
602 2468 767 2522 αὑτὸν
798 2469 993 2524 εαυτοῦ
1029 2474 1297 2541 γεγονότα
1330 2475 1632 2547 αὐτόχειρα
1665 2477 1697 2548 ῆ
1727 2479 1911 2549 ταφῆς

331 2557 469 2621 ὅλως
514 2561 770 2630 ἠξίωσεν,
806 2563 838 2633 ἢ
876 2565 1018 2618 κατά
1070 2582 1195 2621 τινα
1239 2568 1445 2638 τρόπον
1474 2574 1912 2643 περιεποιήσατο

331 2646 556 2718 ἓτερονς
615 2653 868 2707 Μάνθανε
926 2654 1019 2709 οὖν
1083 2656 1361 2721 ἐντεῦθεν,
1396 2659 1473 2723 ὡς
1531 2663 1589 2714 ὲν
1648 2663 1788 2735 αὐτῇ
1840 2666 1909 2736 τῇ

330 2742 539 2814 ἀγχόνῃ
573 2744 632 2798 τὸ
678 2745 772 2799 τοῦ
810 2746 927 2817 βίου
972 2748 1128 2813 τέλος
1167 2751 1408 2817 ἐδέξατο.
1440 2752 1545 2807 Ἴδε
1577 2754 1687 2826 γὰρ
1711 2755 1790 2809 ὅτι
1815 2756 1912 2811 καὶ

330 2835 360 2887 6
417 2834 515 2906 τὴν
565 2837 814 2905 γλῶτταν
842 2841 1078 2909 χρυσοῦς
1132 2843 1191 2894 έν
1241 2845 1306 2913 τῇ
1343 2846 1429 2907 είς
1477 2845 1538 2899 τὸ
1589 2848 1731 2901 κατὰ
1761 2848 1910 2903 Ματ-

331 2926 485 2980 θατον
523 2928 862 2996 Εὑαγγέλιον
884 2931 1222 3005 ὀγδοηκοστῇ
1252 2935 1479 3011 πέμπτῃ
1510 2936 1701 3011 ὁμιλίᾳ
1733 2940 1906 2994 αὐτοῦ

328 3016 691 3088 διαλαμϐάνει
721 3023 822 3089 μὲν
858 3023 993 3093 περὶ
1042 3027 1141 3095 τῆς
1199 3008 1439 3097 ἀγχόνης
1465 3026 1559 3081 τοῦ
1585 3008 1780 3095 Ἰούδα,
1815 3032 1910 3084 καὶ

2022 538 2135 606 agri
2168 538 2502 607 emptionem
2557 537 2752 593 ludam
2790 548 2915 609 post
2960 536 3375 607 suspensionem
3404 534 3604 589 vixisse

2019 631 2444 687 contenderunt.
2489 630 2733 702 Namque
2758 632 2802 688 si
2850 630 3047 686 ludam
3101 642 3430 697 suspensum
3480 641 3605 683 cre-

2020 721 2211 791 puisse
2240 723 2483 777 medium
2512 723 2565 777 in
2594 724 2828 778 Actuum
2861 722 3002 777 libro
3035 727 3312 784 narratur,
3345 726 3407 773 ut
3437 733 3603 786 supra

2020 811 2289 877 diximus,
2329 814 2527 869 exinde
2558 814 2918 884 sibimetipsis
2956 811 3337 867 contradicere
3370 809 3600 864 videan-

2022 910 2109 958 tur
2144 903 2282 959 liber
2313 905 2663 974 supradictus
2691 913 2746 959 et
2775 906 2890 974 ipsa
2916 913 3107 959 sancta
3136 902 3466 974 Evangelia;
3503 899 3599 956 sed

2018 1010 2132 1050 non
2157 997 2297 1053 adeo
2324 996 2391 1052 de
2422 997 2508 1051 his
2538 997 2725 1052 mirari
2758 998 2938 1051 decet.
2969 995 3182 1051 Etenim
3207 995 3317 1050 duo
3343 996 3444 1049 ista
3471 1001 3604 1049 tunc

2020 1087 2138 1143 ﬁeri
2173 1089 2436 1157 oportuit,
2468 1088 2644 1157 ipsum
2674 1087 2932 1142 videlicet
2964 1087 3158 1157 laqueo
3190 1101 3221 1141 e
3254 1086 3362 1140 vita
3394 1086 3603 1141 disces-

2018 1179 2179 1247 sisse,
2221 1189 2278 1238 et
2307 1179 2503 1235 dill‘usa
2535 1180 2838 1251 procidisse
2870 1180 3081 1235 viscera
3112 1178 3265 1245 ejus,
3301 1177 3444 1233 sicut
3491 1193 3600 1231 sat-

2018 1275 2142 1344 pius
2170 1273 2430 1344 scriptum
2461 1282 2579 1339 est;
2607 1272 2879 1342 siquidem
2911 1272 3082 1326 fracto
3125 1271 3320 1340 laqueo
3346 1286 3454 1339 quo
3482 1269 3603 1323 fue-

2020 1375 2106 1421 rat
2139 1380 2458 1435 suspensus,
2514 1376 2569 1421 et
2601 1365 2682 1420 sic
2715 1365 2834 1434 ipso
2869 1365 2925 1417 in
2962 1371 3161 1419 terram
3193 1362 3435 1431 delapso,
3486 1375 3604 1415 me-

2019 1458 2144 1512 dius
2176 1458 2414 1529 crepuit,
2448 1466 2509 1512 ut
2539 1457 2739 1511 mirum
2773 1456 2940 1511 veluti
2971 1457 3190 1525 aliquod
3221 1456 3435 1526 signum
3484 1471 3605 1510 om-

2019 1550 2181 1605 nibus
2214 1558 2524 1619 appareret.
2567 1548 2703 1615 Quis
2734 1548 2881 1603 enim
2910 1548 3173 1602 suicidam
3210 1549 3288 1601 rel
3317 1547 3601 1617 sepultura

2018 1641 2243 1712 dignum
2277 1641 2541 1706 habebit,
2575 1641 2660 1697 vel
2705 1641 2814 1696 alio
2844 1640 3079 1710 quodam
3128 1640 3291 1694 modo
3343 1641 3599 1694 auxiliari

2019 1733 2311 1790 volet?Ab
2349 1735 2451 1790 hoc
2491 1734 2656 1804 igitur
2678 1734 2852 1797 disce,
2875 1733 3021 1803 quod
3061 1733 3259 1803 laqueo
3297 1746 3600 1801 suspensus

2016 1845 2048 1884 e
2080 1831 2191 1883 vita
2224 1829 2496 1884 discessit.
2545 1829 2683 1883 Ecce
2715 1827 2861 1883 enim
2896 1827 3167 1896 quomodo
3187 1825 3602 1895 Chrysostomus

2017 1921 2073 1977 in
2111 1923 2442 1991 ovtngesima
2496 1922 2690 1987 quinta
2741 1920 2795 1974 in
2844 1919 3238 1987 evangelistam
3291 1917 3601 1972 Manlia-um

2015 2014 2262 2080 ltomilia,
2284 2014 2352 2069 de
2378 2011 2531 2069 ludas
2551 2012 2853 2084 proditoris
2882 2012 3176 2083 suspendio
3198 2012 3424 2082 ejuSque
3450 2011 3600 2066 exitu

2015 2105 2326 2169 disserens,
2382 2106 2455 2159 nil
2509 2106 2745 2175 amplius
2799 2104 2965 2171 dicit;
3023 2104 3358 2175 proindeque
3404 2101 3597 2159 ludam

2014 2209 2201 2267 postea
2242 2200 2595 2267 superstitem
2621 2213 2728 2253 non
2764 2196 2932 2252 fuisse
2961 2197 3078 2251 viro
3107 2196 3391 2273 illisancto
3423 2196 3600 2250 visum

2014 2298 2133 2357 est,
2191 2299 2249 2344 ut
2296 2290 2540 2360 plerique
2581 2290 2950 2345 crediderunt.
3011 2289 3158 2343 Idem
3213 2288 3428 2342 divinus
3470 2303 3603 2341 con-

2016 2377 2203 2435 litetur
2237 2380 2389 2435 Nilus
2438 2382 2624 2436 dicens
2652 2399 2668 2439 :
2710 2381 2847 2448 Quid
2879 2380 3031 2437 Judac
3055 2379 3377 2449 profuerunt
3399 2378 3603 2435 Christi

2014 2473 2248 2537 monita,
2296 2473 2425 2543 quid
2471 2473 2593 2541 ejus
2638 2473 2921 2538 miracula,
2954 2489 3078 2528 cum
3112 2483 3302 2542 postea
3342 2471 3537 2541 laqueo
3571 2487 3602 2526 e

2014 2567 2125 2619 vita
2165 2565 2494 2622 dicesserit?
2531 2565 2657 2624 Hec
2706 2566 2872 2622 etiam
2918 2565 3266 2621 conﬁrmavit
3315 2565 3604 2633 presbyter

2012 2658 2357 2727 Ammonius,
2388 2659 2577 2714 dicens
2608 2699 2625 2724 ,
2654 2660 2798 2731 quod
2827 2674 2950 2713 cum
2980 2658 3232 2713 Christus
3293 2656 3356 2711 ad
3396 2655 3603 2710 inferos

2014 2752 2405 2817 descendisset,
2444 2753 2641 2807 anima:
2672 2768 2886 2817 omnes,
2921 2759 2978 2807 et
3010 2750 3184 2821 ipsius
3210 2750 3363 2805 Juilze
3390 2749 3598 2814 anima,

2012 2859 2043 2899 a
2072 2845 2306 2900 vinculis
2337 2848 2527 2900 solutae
2569 2854 2721 2909 sunt,
2771 2860 2965 2901 omnes
3001 2860 3130 2900 vero
3160 2844 3441 2901 Christum
3491 2859 3605 2897 non.

2014 2945 2236 3001 secutae,
2270 2936 2365 2992 sed
2396 2946 2607 2992 tantum
2637 2937 2977 2993 credentium
3013 2940 3228 2992 animae.
3261 2936 3604 3007 Quapropter
3694 2982 3695 2985 η

2013 3031 2059 3086 si
2092 3041 2216 3101 post
2267 3031 2622 3103 suspendium
2670 3032 2841 3087 Judas
2891 3043 3169 3101 superSIes
3216 3031 3434 3094 fuisset,
3464 3044 3602 3099 quo-

328 3108 429 3174 τῆς
483 3109 649 3162 αὑτοῦ
687 3112 964 3183 τελευτῆς·
1005 3113 1151 3184 λέγει
1199 3116 1256 3170 δὲ
1298 3118 1448 3187 ὅμως
1502 3119 1690 3174 πλεῖον
1729 3121 1902 3178 οὐδέν.

2013 3123 2173 3178 modo
2216 3124 2273 3179 in
2316 3124 2507 3180 inferis
2556 3124 2795 3179 animam
2854 3126 2975 3192 ejus
3029 3123 3246 3194 ligatam
3304 3120 3602 3177 invenisset

344 3194 437 3259 Ὦς
483 3200 739 3255 ἐντεῦθεν
791 3204 1161 3274 ύπεμφαίνειν
1203 3208 1296 3261 τὸν
1354 3209 1513 3279 ἅγιον
1550 3215 1686 3283 μηδὲ
1723 3216 1785 3268 τὸ
1816 3233 1909 3269 τυ-

331 3288 426 3357 χὸν
481 3292 744 3361 έπιζῆσαι
795 3296 889 3349 τὸν
917 3297 1123 3352 Ἰούδαν
1172 3299 1529 3373 ῦστερον,ὼς
1576 3308 1625 3359 οί
1685 3308 1907 3375 πλείους

330 3378 609 3449 ᾠήθησαν.
641 3385 803 3439 Ἀλλὰ
835 3390 930 3441 καὶ
983 3392 1011 3443 6
1052 3389 1330 3457 θειότατος
1358 3394 1550 3460 Νεῖλος
1579 3398 1712 3453 αὐτὸ
1741 3403 1903 3457 τοῦτο

331 3474 650 3544 παρίστησι,
676 3477 870 3547 λέγων·
901 3479 968 3535 Τί
1006 3484 1099 3536 τὸν
1130 3485 1337 3539 Ἰούδαν
1394 3488 1678 3560 ὠφέλησεν
1732 3496 1764 3565 ἡ
1808 3496 1904 3550 τοῦ

330 3566 572 3635 Χριστοῦ
622 3573 769 3642 πρὸς
800 3574 970 3628 αὑτὸν
1021 3576 1351 3632 διδασκαλία
1401 3585 1498 3633 καὶ
1551 3583 1908 3657 θαυματουρ-

330 3661 448 3729 γία,
497 3663 657 3729 εἴπερ
705 3669 761 3720 ὲν
791 3669 1001 3741 ἀγχόνῃ
1041 3672 1132 3723 τὸν
1185 3671 1298 3741 βίον
1342 3673 1716 3745 κατέστρεψεν
1749 3677 1908 3731 ὔστε-

335 3772 462 3824 9ov;
510 3757 850 3813 Ἐπιϐεϐαιοῐ
898 3761 953 3813 δὲ
982 3762 1155 3815 ταῦτα
1184 3766 1280 3816 καὶ
1306 3767 1333 3817 ὁ
1364 3766 1741 3838 πρεσϐύτερος
1771 3771 1909 3844 ’Δμ-

336 3846 535 3915 μὼνιος
595 3850 810 3918 λέγων,
852 3853 935 3907 ὅτι
989 3854 1085 3907 τοῦ
1134 3856 1376 3925 Χριστοῦ
1421 3859 1776 3925 κατελθόντος
1827 3865 1908 3928 είς

333 3938 468 4010 ᾅδην
519 3943 770 4014 αίψυχαὶ
817 3947 989 4001 πᾶσαι
1034 3948 1129 4001 καὶ
1164 3949 1302 4021 αὐτὴ
1343 3951 1378 4021 ή
1436 3952 1532 4005 τοῦ
1580 3953 1753 4007 Ἰούδα
1798 3955 1908 4010 τῶν

331 4029 550 4101 δεσμῶν
618 4035 717 4104 μὲν
769 4036 1121 4106 ἀπελύθησαν
1149 4078 1163 4103 ,
1200 4040 1384 4094 οὐκέτι
1414 4042 1471 4096 δὲ
1500 4044 1596 4098 καὶ
1627 4046 1799 4099 πᾶσαι
1826 4047 1908 4117 τῷ

336 4122 559 4195 Χριστῷ
616 4128 1048 4197 συνανήλθοσαν,
1106 4131 1268 4201 μόναι
1313 4132 1371 4186 δὲ
1406 4134 1462 4187 αί
1517 4137 1906 4195 πιστεύσασαι.

334 4215 546 4269 Οὐκοῦν
590 4219 639 4271 εί
674 4221 815 4289 μετὰ
843 4221 941 4281 τὴν
970 4223 1213 4294 ἀγχόνην
1239 4226 1267 4277 6
1292 4226 1496 4291 Ἰούδας
1523 4227 1719 4300 ἔζησεν
1750 4229 1909 4285 ὕστε-

330 4323 445 4375 ρον,
478 4308 598 4372 πῶς
629 4313 690 4363 έν
716 4311 820 4382 ᾅδῃ
841 4313 943 4385 τὴν
977 4313 1160 4385 ψυχὴν
1205 4316 1375 4371 αὐτοῦ
1420 4319 1719 4393 δεδεμένην
1745 4322 1908 4395 εὗρεν

2012 3214 2274 3271 Dominus
2311 3215 2488 3270 ?lude
2533 3216 2693 3269 etiam
2759 3217 2921 3271 vitam
2951 3217 3148 3285 laqueo
3203 3228 3326 3267 eum
3395 3212 3602 3267 Ilniisse

2015 3319 2257 3378 apparet.
2298 3308 2403 3364 Sed
2444 3318 2625 3363 tamen
2684 3325 2792 3364 non
2832 3313 2936 3364 hac
2995 3309 3207 3363 ratione
3248 3306 3315 3360 ad
3346 3306 3598 3374 laqueum

2014 3402 2187 3467 venit,
2241 3412 2302 3457 ut
2356 3402 2578 3472 quidam
2642 3402 3046 3467 existimarunt,
3113 3410 3173 3456 ut
3233 3404 3602 3454 anteverteret

2013 3495 2319 3561 Christum,
2366 3503 2420 3550 et
2472 3495 2538 3550 ad
2576 3494 2781 3551 inferos
2825 3494 3166 3550 descendens
3200 3492 3269 3547 ab
3302 3507 3367 3547 eo
3400 3490 3506 3546 sibi
3535 3505 3621 3545 eo-

2014 3587 2071 3639 in
2104 3590 2224 3642 loco
2260 3588 2473 3642 veniam
2504 3589 2845 3658 impetraret.
2878 3585 2936 3641 Id
2973 3588 3119 3642 enim
3152 3599 3319 3639 nemo
3350 3597 3598 3653 unquam

2013 3678 2315 3744 admiserit,
2365 3679 2667 3735 dummodo
2707 3677 2920 3734 consilii
2956 3691 3180 3747 compos
3222 3676 3312 3731 sit.
3345 3676 3448 3742 Qui
3482 3684 3600 3730 eteo

2011 3768 2128 3824 nim
2189 3773 2528 3827 tantumdem
2581 3770 2746 3827 corde
2797 3769 3103 3826 obduratus
3160 3777 3363 3833 est,et
3423 3768 3602 3824 modis

2014 3861 2272 3917 omnibus
2318 3861 2387 3917 de
2437 3862 2655 3932 propria
2690 3862 2865 3916 salute
2916 3861 3255 3930 desperavit,
3314 3861 3597 3930 quomodo

2013 3962 2109 4007 aut
2158 3969 2393 4023 quanam
2448 3955 2657 4011 ratione
2712 3954 2768 4008 in
2823 3964 2946 4008 sese
2993 3955 3194 4009 similia
3253 3952 3601 4009 resolvebati

2011 4044 2299 4111 Quomodo
2333 4046 2698 4101 meditabatur
2738 4046 2806 4102 ad
2852 4045 3060 4103 inferos
3092 4045 3447 4111 descendere,
3494 4044 3600 4100 ibi-

2012 4153 2120 4208 que
2147 4137 2527 4209 pmnitentiam
2559 4137 2764 4209 agere?
2802 4137 3032 4209 insuper
3069 4136 3341 4191 undenam
3376 4138 3463 4193 ille
3497 4153 3601 4192 aa-

2012 4229 2135 4294 diit,
2168 4239 2263 4285 aut
2290 4244 2398 4299 quo
2430 4229 2483 4285 id
2513 4228 2789 4285 referente
2816 4229 3060 4295 edidicit,
3093 4230 3366 4285 descensu
3399 4245 3500 4285 suo
3529 4231 3600 4288 ad

2010 4322 2223 4379 inferos
2268 4322 2553 4380 Christum
2601 4322 2984 4394 penitentiam
3030 4322 3144 4377 illis
3188 4323 3281 4393 qui
3328 4323 3408 4379 ibi
3438 4334 3600 4380 erant

327 4399 358 4450 6
412 4398 660 4469 Κύριος;
699 4401 938 4471 Εὔδηλον
971 4400 1068 4458 οὖν
1097 4406 1417 4473 κάντεῦθεν,
1448 4409 1524 4473 ὡς
1569 4412 1629 4466 ὲν
1660 4413 1799 4485 αὐτῇ
1833 4417 1899 4487 τῇ

330 4488 529 4515 ,ιηηιω
565 4491 621 4515 ,ι
656 4491 834 4515 __-__.___
889 4494 1053 4515 μιν
1081 4498 1094 4513 .
1373 4501 1470 4515 ..η
1618 4504 1632 4515 .
1761 4504 1785 4515 -

2013 4415 2451 4487 praedicaturum,
2484 4429 2664 4485 eoque
2690 4414 3030 4485 potissimum
3062 4414 3109 4469 si
3139 4414 3327 4470 audiat
3353 4415 3600 4486 quotidie

328 4488 533 4559 ἀγχόνη
564 4491 625 4542 τδ
656 4491 835 4561 χρεὼν
885 4494 1334 4567 έλειτούργησεν.
1373 4501 1519 4572 Πλὴν
1578 4504 1679 4575 οὐχ
1727 4504 1903 4571 οὕτως

326 4580 423 4631 ἐπὶ
443 4581 543 4653 τὴν
575 4584 816 4653 ἀγχόνην
846 4587 1100 4656 ἐλήλυθε,
1146 4591 1293 4645 καθᾶ
1320 4609 1468 4659 τινες
1496 4595 1901 4668 ὑπειλήφασιν,

325 4671 471 4728 ὥστε
505 4677 797 4747 προλαϐεῖν
828 4680 918 4733 τὸν
947 4679 1181 4750 Χριστὸν
1223 4683 1326 4755 (Ι),
1369 4687 1464 4742 καὶ
1504 4691 1586 4753 είς
1606 4690 1742 4762 ᾅδην
1766 4668 1907 4748 κατα

322 4766 503 4821 ελθεῑν
563 4771 659 4823 ἐπὶ
704 4772 783 4843 τῷ
835 4776 1023 4843 τυχεῖν
1083 4778 1265 4830 ἐκεῖσε
1315 4781 1447 4850 παρ’
1469 4782 1639 4837 αὐτοῦ
1680 4786 1903 4858 συγχω-

332 4858 571 4927 ρήσεως.
622 4862 796 4915 Τοῦτο
839 4865 950 4935 γὰρ
991 4866 1094 4919 οὐκ
1139 4866 1206 4919 ἄν
1235 4868 1371 4922 ποτέ
1412 4887 1496 4934 τις
1539 4876 1902 4942 καταδέξαιτο

322 4948 592 5017 λογισμοῦ
629 4950 814 5022 κύρ.ος
837 4953 933 5008 ἄν.
973 4957 1032 5008 Ὀ
1074 4957 1180 5027 γὰρ
1213 4958 1499 5027 πωρωθεὶς
1524 4962 1617 5017 ἐπὶ
1641 4966 1899 5023 τοσοῦτον

324 5041 428 5110 τὴν
458 5042 726 5108 διάνοιαν,
780 5048 809 5100 6
858 5050 1179 5104 παντάπασι
1226 5052 1326 5121 τὴν
1389 5053 1590 5108 ἑαυτοῦ
1626 5058 1900 5126 ἀπογνοὺς

329 5136 637 5205 σωτηρίαν,
668 5137 785 5200 πῶς
832 5139 863 5208 ἧ
898 5142 1038 5210 ποίῳ
1064 5141 1254 5225 τρόπιρ
1284 5142 1409 5196 καθ’
1454 5145 1650 5200 ἑαυτὸν
1677 5148 1900 5205 τοιαῦτα

326 5226 692 5296 συνέστρεψε;
724 5230 842 5293 πῶς
876 5232 1112 5299 ἐμελέτα
1137 5234 1420 5289 κατελθεῖν
1448 5254 1510 5291 τε
1534 5240 1616 5303 είς
1640 5239 1777 5311 ᾅδην
1806 5244 1904 5297 κὰ-

325 5319 479 5371 κεῖσε
515 5318 686 5374 θεῖναι
746 5323 1079 5393 μετάνοιαν;
1125 5327 1336 5393 ’Δλλως
1387 5345 1447 5383 τε
1500 5331 1665 5385 πόθεν
1695 5333 1902 5399 ἐκεῖνος

324 5411 599 5481 ἥκουσιν,
633 5413 667 5485 ἢ
739 5415 884 5480 τίνος
920 5419 1173 5483 εἰπόντος
1219 5420 1381 5474 τοῦτο
1428 5424 1777 5495 μεμάθηκεν,
1815 5426 1897 5480 ὅτι

324 5504 466 5574 πρὸς
492 5504 626 5578 ᾅδην
664 5510 943 5565 κατελθὼν
968 5513 996 5565 6
1026 5512 1265 5581 Χριστὸς
1293 5515 1562 5586 κήρυγμα
1610 5518 1899 5588 μετανοίας

2007 4506 2333 4578 Prophetam
2369 4506 2641 4564 dicentem
2670 4522 2684 4560 :
2714 4525 2735 4560 ι
2772 4508 2834 4563 ln
2860 4505 3288 4562 infernoautem
3319 4507 3442 4577 quis
3464 4521 3599 4562 con-

2004 4600 2249 4655 ﬁtebitur
2296 4599 2436 4655 tibi?
2490 4619 2510 4653 ι
2563 4598 2767 4655 Praeter
2799 4600 2911 4671 jam
2943 4599 3110 4664 dicta,
3151 4614 3185 4654 o
3230 4598 3598 4673 sacratissime

2002 4706 2105 4756 νιν,
2137 4689 2267 4761 quid
2293 4690 2360 4745 de
2386 4686 2526 4745 Iuda
2547 4687 2812 4761 Georgius
2835 4688 3120 4747 Cedrenus
3143 4689 3598 4761 chronographus

2008 4796 2035 4835 r
2070 4780 2205 4835 ferat
2241 4779 2385 4836 scire
2415 4788 2490 4847 te,
2523 4788 2581 4835 ut
2615 4778 2671 4834 id
2700 4794 2918 4850 quoque
2950 4795 3062 4836 non
3107 4789 3161 4835 te
3185 4780 3376 4844 lateat,
3406 4781 3595 4851 cupio.

2010 4874 2199 4930 Tradit
2230 4874 2381 4929 enim
2413 4874 2559 4945 quod
2587 4873 2661 4930 ab
2688 4873 2951 4944 apostolis
2984 4873 3306 4929 sollicitatus
3333 4872 3506 4930 ludas
3535 4882 3595 4930 ut

2009 4964 2301 5020 accederet
2331 4964 2571 5035 factique
2605 4964 2921 5034 paeniteret,
2954 4973 3275 5023 constanter
3300 4980 3594 5020 recusave-

2010 5056 2102 5120 rit,
2126 5056 2360 5125 ideoque
2390 5057 2619 5111 audiens
2648 5055 2937 5114 Christum
2959 5055 3213 5112 inlcmlos
3251 5056 3592 5120 ascendisse,

2010 5148 2068 5203 in
2125 5157 2336 5205 tantum
2388 5148 2715 5205 tumefactus
2746 5158 2853 5215 est,
2903 5157 2963 5204 ut
3013 5150 3293 5219 crepuerit
3355 5147 3591 5203 medius.

2012 5241 2077 5295 Et
2110 5240 2227 5298 haec
2254 5240 2479 5311 quidem
2507 5242 2576 5297 de
2618 5242 2784 5313 hujus
2814 5242 3105 5300 sententia:
3135 5242 3417 5297 inanitate.
3453 5239 3589 5295 Eum

2010 5348 2172 5403 porro
2198 5334 2267 5389 de
2301 5336 2519 5405 propria
2548 5336 2725 5393 salute
2750 5335 3154 5407 desperantem,
3189 5350 3298 5390 non
3327 5334 3470 5405 apud
3504 5333 3588 5386 in-

2009 5428 2155 5483 feros
2188 5428 2255 5483 de
2291 5429 2467 5485 salute
2497 5439 2808 5501 sperantem
2847 5431 3042 5500 laqueo
3074 5429 3199 5483 vita:
3246 5427 3407 5481 tinem
3442 5440 3593 5494 qua:-

2007 5519 2442 5594 siisse,magnus
2459 5522 2796 5579 Athanasius
2825 5520 3116 5577 manifesto
3135 5518 3326 5579 docuit
3360 5519 3413 5574 in
3442 5533 3593 5588 quae.

396 5677 473 5753 (1)
502 5682 650 5756 lLec,
686 5689 743 5745 ni
778 5689 961 5760 fallor,
1000 5694 1281 5751 sententia
1314 5704 1399 5751 est
1430 5696 1677 5760 Gregorii
1720 5698 2077 5759 Nazianzeui.
