4058 6196
355 248 465 313 909

1687 266 2045 327 EPISTOLA
2091 270 2310 332 XVIII.

3511 285 3614 343 me

358 368 704 462 μεταναστὰς
720 369 943 462 *ἐντοῖς
978 375 1100 429 κατ’
1121 374 1354 446 οὐρανὸν
1388 378 1683 449 βασιλείοις
1718 382 1932 449 αὐλίζεο

2040 383 2170 438 hinc
2201 385 2459 447 discedit.
2511 388 2562 441 in
2615 389 2767 444 caelis
2810 390 2984 462 regias
3028 391 3186 447 sedes
3230 390 3465 447 incolit:
3500 394 3615 448 luce

354 471 445 511 ται
471 470 485 485 ·
518 456 613 510 δύο
646 460 820 517 ταῦτά
853 462 1003 517 ἐστιν
1036 467 1276 536 στοιχεῖα
1311 468 1375 521 ἐκ
1406 470 1515 523 τῶν
1545 470 1715 525 ὄντων
1748 474 1926 528 κτίσει

2038 477 2149 532 duo
2182 490 2313 533 sunt
2348 481 2616 535 elementa
2673 480 2726 535 in
2783 490 2891 536 tota
2930 483 3209 537 creatione
3246 498 3341 553 per
3374 484 3614 539 transfu-

354 549 491 618 πρὸς
520 551 799 624 διαγωγὴν
828 554 927 626 τῆς
955 556 1179 625 λογικῆς
1212 560 1429 627 φύσεως
1461 566 1864 635 μεμερισμένα,
1894 568 1928 637 ἡ

353 639 424 714 γῆ
465 658 524 695 τε
568 644 666 697 καὶ
706 646 735 698 6
776 645 1004 725 οὐρανός
1030 664 1045 680 ο
1091 649 1254 712 τόπος
1294 653 1404 707 τῶν
1441 654 1531 709 διά
1577 657 1783 726 σαρκὸς
1823 660 1926 730 τὴν

354 730 505 801 ζωὴν
531 735 828 805 εἰληχότων
852 739 885 807 ἠ
912 740 981 810 γῆ
1003 781 1017 801 ,
1047 743 1074 794 6
1102 742 1159 796 δὲ
1190 743 1420 813 οὐρανὸς
1444 746 1553 800 τῶν
1579 750 1890 820 ἀσωμάτων
1912 766 1927 783 ο

355 823 569 895 ἀνάγκη
592 828 770 884 τοίνυν
789 830 1009 897 πάντως
1032 827 1174 889 εἷναί
1198 855 1301 892 που
1323 838 1424 910 τὴν
1444 840 1724 912 ἡμετέραν
1745 843 1891 915 ζωήν
1912 860 1926 875 ·

350 917 446 970 tam
477 918 533 972 δὲ
576 921 649 992 μὴ
689 922 1012 996 διωχθῶμεν
1046 928 1158 983 ἀπὸ
1189 931 1287 1001 τῆς
1328 933 1466 1001 γῆς,
1502 936 1567 1005 τῇ
1611 938 1681 1007 γῇ
1726 935 1931 1001 πάντες

350 1010 763 1084 ἐναπομένομεν
786 1032 802 1049 ο
836 1019 931 1078 Rw
960 1021 1014 1076 δὲ
1047 1023 1302 1078 ἐντεῦθεν
1334 1026 1684 1098 ἀπέλθωμεν,
1716 1030 1808 1084 ἐπὶ
1839 1031 1932 1086 τὸν

349 1104 579 1197 οὐρανὸν
610 1112 1167 1186 μετοικισθησόμεθαα
1200 1119 1310 1177 Καὶ
1339 1120 1403 1173 οὐ
1436 1119 1599 1190 μόνον
1628 1123 1934 1197 ἀναγνωρί-

351 1196 538 1264 ζουσιν
561 1202 619 1257 al
645 1201 848 1273 ψυχαὶ,
876 1207 1012 1261 ἀλλὰ
1040 1210 1132 1291 καὶ
1159 1214 1435 1280 κρεῖττον,
1466 1214 1498 1283 ἢ
1527 1215 1615 1270 ὅτε
1642 1217 1700 1269 ἂν
1724 1215 1804 1288 τῷ
1832 1196 1931 1288 βίῳ

354 1291 606 1357 συνόντες
631 1293 890 1365 ἀλλήλαις
913 1299 1212 1370 ἐγνώριζον
1231 1319 1247 1335 ·
1278 1304 1361 1355 ναὶ
1387 1302 1450 1375 δὴ
1475 1306 1568 1359 καὶ
1595 1323 1931 1377 συνευφραι·

351 1381 577 1461 νόμεναι
594 1386 697 1456 τῆς
718 1388 1001 1459 ἀφράστου
1031 1395 1125 1447 καὶ
1152 1397 1431 1467 μακαρίας
1454 1399 1669 1471 ἐκείνης
1692 1402 1786 1454 καὶ
1808 1401 1931 1454 ἀνε-

351 1480 610 1547 πινοήτου
652 1480 760 1534 τῶν
801 1483 1095 1554 θεαμάτων
1135 1489 1329 1557 αἴγλης
1365 1491 1617 1562 τρυφῶσι
1653 1492 1753 1563 τὴν
1790 1492 1929 1547 ἀπό-

349 1566 563 1626 λαυσιν.
607 1589 627 1625 ι
659 1572 785 1628 “Uri.
821 1575 878 1629 δὲ
922 1578 1060 1646 μετά
1092 1579 1192 1647 τὴν
1228 1580 1505 1647 διάζευξιν
1541 1583 1635 1638 τοῦ
1678 1586 1929 1655 σώματος

349 1660 667 1731 ἐνεργοῦσιν
697 1666 756 1719 al
786 1668 990 1739 ψυχαὶ,
1026 1658 1269 1727 διδάσκει
1303 1675 1450 1745 ἡμᾶς
1481 1677 1510 1729 6
1548 1676 1719 1746 μέγας
1752 1676 1931 1749 κῆρυξ

2034 571 2245 627 sionem
2281 583 2488 627 natura:
2518 575 2798 630 rationalis
2832 575 3025 640 divisa,
3072 585 3214 630 terra
3243 573 3554 647 cmlumque
3595 595 3608 641 ;

2036 661 2194 719 locus
2259 680 2448 719 eorum
2513 666 2603 733 qui
2654 667 2705 719 in
2766 682 2931 722 carne
2986 667 3152 721 vitam
3213 667 3399 721 sortiti
3455 676 3607 729 sunt,

2038 763 2218 822 terra;
2249 759 2447 812 coelum
2496 774 2625 813 vero
2656 760 3107 830 incorporeorum
3143 778 3156 814 :
3190 762 3418 815 omnino
3449 761 3612 831 igitur

2037 847 2265 903 necesse
2292 859 2374 904 est
2409 850 2611 905 alicubi
2642 867 2741 906 nos
2770 852 2935 907 vitam
2972 867 3132 923 agere
3154 855 3360 913 :donec
3380 863 3558 907 autem
3580 869 3610 907 a

2038 948 2179 994 terra
2223 941 2762 1011 transplantabimur,
2792 951 2951 998 terrae
2997 959 3190 999 omnes
3235 944 3612 1010 adhaeretnus;

2035 1031 2079 1085 si
2108 1049 2233 1088 vero
2264 1033 2397 1088 inde
2440 1035 2848 1101 recesserimus,
2874 1036 2927 1089 in
2955 1037 3155 1090 cwlum
3192 1036 3609 1107 transmigrabi-

2034 1137 2176 1178 mus.
2205 1123 2324 1179 Non
2376 1124 2553 1180 solum
2608 1140 2734 1180 vero
2768 1140 2888 1180 sese
2921 1138 3229 1196 agnoscunt
3264 1128 3481 1192 animae,
3518 1130 3610 1183 sed

2035 1214 2201 1270 etiam
2259 1215 2431 1270 multo
2480 1216 2674 1272 melius
2729 1232 2891 1287 quam
2926 1233 3048 1271 cum
3102 1218 3263 1272 vitam
3326 1234 3431 1274 una
3478 1235 3608 1289 per-

2036 1314 2228 1377 agrent
2285 1306 2387 1361 sibi
2461 1308 2695 1363 invicem
2777 1308 3163 1376 innatuerunt;
3224 1310 3334 1363 imo
3388 1309 3612 1379 partici-

2034 1413 2132 1468 pes
2166 1399 2370 1455 effectae
2412 1400 2791 1456 inenarrabilis
2839 1401 2994 1455 istius
3036 1402 3290 1471 beatique
3340 1417 3443 1456 nec
3498 1417 3627 1455 non-

2036 1487 2609 1559 incomprebensibilis
2648 1493 3085 1562 spectaculorum
3126 1493 3432 1563 splendoris
3469 1510 3572 1562 gau
3596 1522 3608 1531 -

2036 1580 2142 1636 diis
2197 1582 2572 1651 perfruuntur.
2635 1603 2654 1637 ι
2705 1584 2863 1651 Quod
2930 1593 3111 1638 autem
3164 1594 3291 1655 post
3361 1585 3609 1654 corporis
3653 1610 3657 1614 ι

2035 1672 2435 1743 wjunctionem
2462 1684 2763 1745 operantur
2791 1675 3010 1738 animae,
3038 1690 3140 1730 nos
3174 1675 3336 1730 docet
3380 1688 3609 1743 magnus

363 1751 681 1822 Ἀθανάσιος
710 1774 723 1787 ’
758 1759 909 1828 λέγει
938 1762 1119 1816 τοίνυν
1150 1764 1210 1819 ἐν
1238 1766 1315 1836 τῷ
1349 1770 1491 1823 κατά
1525 1768 1759 1825 εἰδώλων
1786 1771 1931 1841 λόγῳ

2034 1775 2188 1821 vates
2219 1766 2551 1823 Athanasius
2586 1786 2599 1823 :
2635 1768 2755 1824 haec
2781 1768 2928 1823 enim
2963 1768 3019 1822 in
3053 1783 3308 1823 sermone
3339 1767 3406 1822 de
3451 1767 3609 1821 idolis

350 1842 516 1903 αὐτοῦ
548 1846 772 1903 τοιαῦτα
791 1866 807 1883 ο
847 1868 867 1903 ι
904 1852 967 1906 El
997 1855 1031 1925 ἡ
1062 1855 1209 1927 ψυχὴ
1239 1857 1299 1911 τὺ
1331 1858 1490 1928 σῶμα
1517 1862 1678 1928 κινεῖ,
1707 1862 1934 1916 ἀκόλου-

351 1933 445 1988 θόν
492 1939 640 1993 ἐστιν
688 1940 781 2011 ὑφ’
813 1944 1016 2013 ἑαυτῆς
1067 1949 1400 2019 κινουμένην
1445 1949 1544 2021 τὴν
1591 1951 1791 2022 ψυχὴν,
1840 1952 1932 2006 καὶ

350 2026 494 2094 μετὰ
533 2030 633 2099 τὴν
671 2033 749 2095 είς
793 2035 896 2104 γῆν
934 2037 1196 2095 ἀπόθεσιν
1229 2041 1327 2093 τοῦ
1370 2039 1623 2110 σώματος
1666 2032 1931 2097 κινεῖσθαι

351 2121 519 2175 πάλιν
560 2124 731 2194 αὐτὴν
772 2127 862 2197 ὑφ’
890 2130 1093 2200 ἑαυτῆς
1120 2148 1135 2163 ο
1181 2133 1243 2185 οὐ
1288 2132 1398 2203 γὰρ
1443 2135 1476 2203 η
1519 2134 1664 2205 ψυχή
1712 2135 1856 2189 ἐστιν
1897 2136 1931 2206 ἡ

350 2214 804 2285 ἀποθνήσκουσι,
853 2221 990 2275 ἀλλὰ
1040 2222 1129 2277 διά
1174 2224 1277 2293 τὴν
1329 2225 1538 2295 ταύτης
1585 2226 1933 2299 ἀναχώρησιν

351 2303 687 2376 ἀποθνήσκει
717 2311 780 2363 τὸ
810 2312 994 2382 σῶμα.
1024 2308 1123 2373 Ὧν
1182 2315 1288 2385 γὰρ
1340 2316 1376 2385 ἡ
1426 2316 1587 2385 φύσις
1645 2318 1778 2387 μία,
1807 2318 1932 2373 τούο

350 2410 458 2446 των
493 2397 588 2449 καὶ
628 2398 686 2451 αί
726 2400 998 2471 ινιργειαι
1037 2403 1204 2465 αὗται
1227 2422 1241 2439 ·
1282 2402 1358 2465 ὧν
1392 2407 1452 2461 δι
1484 2408 1545 2461 τὸ
1580 2407 1745 2479 ἔργον
1781 2410 1929 2477 ῖσον,

348 2488 554 2543 τούτων
586 2492 613 2544 6
646 2493 835 2561 μισθὸς
861 2494 890 2546 6
919 2496 1101 2560 αὐτός.
1141 2515 1160 2549 ι

425 2580 491 2650 β’.
515 2582 908 2654 ’Δμέλει,ξκατὰ
930 2589 1057 2652 τοὺς
1083 2589 1370 2658 ἀγγέλους,
1385 2590 1480 2646 τοῦ
1506 2593 1823 2662 σωματικοῦ
1839 2595 1931 2649 λυ·

351 2670 505 2727 θεῖσα
530 2676 759 2747 δεσμοῦ,
783 2679 1067 2734 ἀναϐαίνει
1092 2698 1150 2735 τε
1181 2683 1277 2735 καὶ
1303 2683 1648 2749 καταϐαίνει,
1674 2688 1767 2739 καὶ
1794 2689 1931 2742 ἀπο-

354 2767 635 2823 στέλλεται
682 2771 750 2823 δι’
776 2773 1104 2843 εὐεργεσίαν
1153 2776 1248 2835 καὶ
1295 2776 1569 2847 ὠφέλειαν
1613 2780 1813 2850 ἑτέρων
1854 2780 1932 2844 ὠς

353 2861 485 2928 ἁγία
514 2865 609 2915 καὶ
644 2864 822 2936 ἀγαθή
853 2882 867 2896 ο
899 2867 996 2921 καὶ
1028 2869 1177 2921 πᾶσα
1205 2868 1348 2939 ψυχὴ
1378 2871 1561 2925 δικαία
1595 2872 1733 2941 μετά
1764 2873 1931 2940 ἀγγέ-

352 2956 462 3013 λων
533 2958 860 3027 συγχορεύει
916 2961 1010 3013 καὶ
1049 2962 1444 3029 συναγάλλεται
1471 2979 1485 2993 ·
1529 2966 1589 3018 τὸ
1625 2964 1683 3018 δὲ
1734 2981 1932 3036 συγχο-

356 3053 537 3122 ρεύειν
571 3055 823 3122 ἀγγέλοις
859 3057 1144 3126 ἐνεργείας
1178 3050 1319 3123 εῐδός
1356 3062 1539 3125 ἐστιν,
1576 3060 1699 3131 0th
1734 3062 1790 3115 δὲ
1827 3063 1929 3133 ἀρ·
1954 3089 2000 3153 C

353 3148 475 3215 γίας
494 3165 512 3183 ι
543 3150 653 3202 τῶν
680 3150 850 3217 ἁγίων
879 3149 990 3219 γάρ
1021 3149 1079 3203 αί
1106 3148 1279 3220 ψυχαὶ
1312 3151 1448 3221 πρὸς
1475 3153 1566 3206 τὸν
1597 3153 1802 3207 σκοπὸν
1827 3153 1929 3223 τῆς

352 3242 614 3311 ἀληθινῆς
678 3244 775 3296 καὶ
794 3242 1059 3312 όμοτίμου
1080 3244 1192 3306 τοῖς
1216 3242 1467 3311 ἀγγέλοις
1492 3244 1737 3307 δουλείας
1760 3247 1930 3299 ἀπευ-

352 3334 649 3401 θυνόμεναι
672 3349 685 3365 ⁸
716 3333 928 3389 δουλεία
955 3333 1012 3386 δὲ
1042 3335 1148 3388 τῶν
1174 3334 1422 3403 ἀγγέλων
1446 3336 1478 3404 ἡ
1511 3336 1647 3407 πρὸς
1676 3336 1768 3391 τὸν
1794 3336 1926 3391 Θεὸν

352 3426 776 3488 ἀκατάπαυστος
824 3426 1123 3495 δοξολογία,
1172 3428 1269 3481 καὶ
1313 3428 1375 3481 τὸ
1420 3428 1782 3499 λειτουργεῖν,
1833 3430 1928 3483 καὶ

349 3518 644 3582 διακονεῖν,
678 3518 774 3571 καὶ
805 3518 1258 3586 ἀποστέλλεσθαι,
1292 3521 1383 3573 καὶ
1414 3520 1636 3591 βοηθεῖν
1666 3524 1780 3585 τοῖς
1808 3522 1924 3575 oso-

355 3609 560 3676 μένοις,
590 3611 685 3662 καὶ
715 3611 1082 3679 χειραγωγεῖν
1108 3612 1233 3674 τοὺς
1265 3612 1720 3681 πεπλανημένους
1738 3630 1754 3647 ο
1785 3612 1929 3684 πλὴν

349 3701 476 3756 οὔτε
504 3705 554 3756 οί
581 3702 727 3772 ἅγιοι
757 3702 1004 3772 ἄγγελοι,
1032 3702 1156 3756 οὒτε
1187 3702 1295 3773 μὴν
1319 3703 1425 3756 τῶν
1454 3704 1627 3772 ἁγίων
1652 3706 1708 3759 αί
1732 3705 1927 3776 ψυχαὶ,

352 3795 489 3850 Θεοῦ
515 3795 819 3858 κελεύσεως
845 3796 967 3865 δίχα
988 3797 1088 3859 τὰς
1120 3795 1420 3867 ἐμφανείας
1449 3795 1732 3851 ποιοῦνταί
1760 3813 1892 3851 ποτε
1911 3812 1925 3827 ⁸

352 3890 492 3943 ἀλλά
525 3893 632 3960 μὴν
665 3891 761 3944 καὶ
791 3892 919 3960 περὶ
947 3890 1060 3942 τῶν
1094 3890 1281 3959 μεῖζον
1315 3888 1649 3960 συγγνώμης
1679 3890 1928 3960 ἐξημαρ-

351 3982 621 4050 τηκότων.
658 3983 774 4037 Καὶ
801 3983 910 4050 γὰρ
940 3983 1148 4043 ἐκεῖνος
1174 3984 1202 4034 6
1230 3982 1289 4034 ἑν
1322 3980 1707 4052 φιλανθρωπίᾳ
1736 3982 1928 4047 πένης,

354 4075 449 4128 καὶ
482 4074 738 4137 πλούσιος
766 4074 866 4143 τὴν
892 4072 1178 4143 ὠμότητα,
1202 4072 1302 4135 τάς
1332 4071 1563 4134 εὐθύνας
1593 4063 1671 4125 ὧν
1700 4070 1932 4139 ὤφειλεν

351 4167 833 4236 είσπραττόμενος,
854 4166 919 4217 ού
949 4165 1057 4235 μὴν
1082 4164 1202 4217 οὐδὲ
1227 4148 1337 4218 τῶν
1362 4163 1612 4232 ἀδελφῶν
1639 4162 1933 4234 ὑπερεώρα

350 4262 453 4325 τὴν
492 4261 770 4339 πρόνοιαν,
812 4259 887 4321 ώς
934 4257 999 4310 ἀν
1041 4256 1354 4311 ἐπανελθὼν
1394 4257 1537 4325 πρὸς
1576 4254 1785 4326 ἀρετὴν
1824 4255 1933 4309 ἀπὸ

352 4350 555 4412 κακίας
586 4352 713 4413 τοὺς
742 4348 805 4413 ἐξ
836 4350 1093 4420 αἵματος,
1130 4349 1227 4402 καὶ
1258 4349 1359 4418 τῆς
1396 4347 1698 4419 μελλούσης
1732 4347 1933 4410 αὐτοὺς

2034 1856 2202 1913 dicit:
2236 1875 2257 1909 ι
2288 1856 2343 1914 Si
2381 1874 2574 1927 corpus
2602 1860 2669 1914 ab
2696 1859 2880 1917 anima
2920 1869 3187 1927 movetur,
3209 1858 3457 1929 sequitur
3492 1860 3612 1912 atii-

2033 1965 2176 2006 mam
2208 1966 2236 2005 a
2269 1965 2330 2006 se
2368 1951 2498 2021 ‘ipsa
2529 1950 2762 2015 moveri,
2816 1953 3159 2023 proindeque
3208 1961 3334 2023 post
3362 1952 3610 2021 corporis

2034 2043 2471 2099 iubumationem
2528 2046 2699 2115 ipsam
2759 2044 2942 2100 denuo
2995 2060 3025 2099 a
3087 2060 3145 2100 se
3177 2045 3297 2115 ipsa
3354 2043 3606 2099 moveri:

2032 2135 2215 2190 anima
2239 2136 2384 2191 enim
2424 2150 2534 2191 non
2569 2142 2822 2201 moritur,
2852 2139 2945 2192 sed
2980 2153 3045 2191 ex
3074 2137 3249 2208 ipsius
3269 2137 3607 2192 discessione

2032 2241 2235 2297 corpus
2266 2229 2536 2298 moritur;
2570 2242 2804 2299 quorum
2837 2230 2984 2283 enim
3018 2240 3208 2284 natura
3245 2245 3375 2293 una,
3415 2230 3607 2282 horum

2032 2327 2090 2372 et
2115 2318 2507 2387 operationes:
2547 2333 2783 2390 quorum
2803 2332 2938 2373 vero
2975 2332 3113 2388 Opus
3148 2318 3379 2389 mquale,
3410 2318 3606 2373 horum

2032 2417 2090 2465 et
2114 2424 2342 2468 merces.

2101 2591 2158 2645 2.
2196 2592 2293 2655 ita,
2331 2604 2387 2646 ut
2421 2592 2629 2663 angeli,
2652 2590 2927 2662 corporali
2959 2589 3140 2646 soluta
3170 2588 3391 2645 vinculo
3414 2604 3607 2646 ascen-

2031 2682 2113 2738 dit
2162 2690 2219 2737 et
2272 2680 2577 2746 descendit,
2610 2691 2665 2736 et
2696 2681 2764 2737 ad
2819 2690 3145 2737 eaeterorum
3203 2678 3491 2733 commoda
3548 2686 3605 2733 et

2032 2773 2325 2830 utilitatem
2386 2773 2640 2838 mittitur,
2676 2782 2738 2828 ut
2771 2782 2976 2836 ,sancta
3003 2780 3062 2828 et
3100 2772 3355 2843 benigna.
3387 2771 3605 2827 Etenim

2032 2867 2209 2921 omnis
2243 2868 2423 2920 anima
2452 2866 2596 2933 justa
2625 2866 2943 2936 angelorum
3002 2865 3189 2919 choris
3244 2864 3523 2925 miscetur,
3551 2872 3607 2917 et
3697 2856 3709 2876 ’

2031 2958 2267 3013 exsultat
2296 2974 2312 3011 :
2338 2958 2659 3028 angelorum
2680 2972 2810 3014 vero
2831 2955 3016 3013 choris
3076 2956 3317 3017 misceri,
3339 2955 3604 3023 operatio-

2032 3051 2121 3107 nis
2144 3050 2336 3106 activa
2367 3050 2532 3122 figura
2555 3058 2661 3117 est,
2691 3048 2917 3103 minime
2946 3062 3074 3103 vero
3104 3047 3314 3101 inertia:
3346 3064 3358 3099 :
3390 3053 3605 3100 sancto-

2032 3158 2150 3198 rum
2175 3142 2322 3197 enim
2342 3142 2539 3196 animm
2567 3139 2816 3200 veritatis
2832 3130 3002 3195 cultui
3035 3154 3099 3193 ae
3118 3137 3229 3208 pari
3250 3152 3374 3191 cum
3396 3134 3615 3206 angelis:

2031 3233 2281 3290 servituti
2303 3232 2692 3304 subjiciuntur;
2717 3231 3034 3303 angelorum
3061 3244 3194 3285 vero
3216 3227 3454 3285 servitus
3485 3241 3605 3294 per-

2028 3335 2223 3397 petuas
2273 3327 2385 3382 Deo
2416 3326 2607 3382 laudes
2659 3337 2859 3382 canere
2886 3333 2943 3379 et
3001 3337 3155 3379 sacra
3202 3335 3363 3392 agere
3389 3328 3445 3375 et
3501 3317 3606 3373 mi-

2029 3416 2265 3471 nistrare
2327 3425 2383 3470 et
2444 3414 2609 3479 m'itti,
2652 3413 2897 3469 infirmos
2936 3412 3218 3483 adjuvare,
3247 3418 3607 3477 errantesque

2029 3524 2196 3562 manu
2224 3507 2427 3562 ducere
2456 3523 2474 3573 ;
2510 3494 2750 3561 attamen
2783 3518 2887 3561 nec
2908 3502 3083 3558 sancti
3110 3500 3311 3572 angeli,
3343 3515 3447 3559 nec
3479 3515 3607 3554 san-

2030 3607 2242 3654 ctorum
2278 3598 2495 3663 animae,
2524 3599 2731 3668 absque
2772 3596 2869 3651 Dei
2907 3597 3090 3666 jussu,
3141 3593 3243 3650 sub
3270 3592 3442 3648 forma
3477 3591 3608 3647 visi-

2032 3692 2125 3747 bili
2184 3691 2479 3761 aliquando
2520 3698 2815 3760 apparent,
2843 3688 2954 3743 imo
2976 3687 3102 3755 item
3129 3685 3197 3741 de
3222 3683 3609 3754 peccatoribus

2030 3784 2124 3853 qui
2170 3781 2342 3852 magis
2371 3789 2738 3851 peccaverunt
2764 3795 2928 3849 quam
2965 3786 3026 3834 ut
3057 3777 3271 3838 veniam
3294 3776 3604 3835 obtineant.

2033 3872 2127 3926 Vir
2156 3873 2301 3929 enim
2350 3871 2637 3927 ebaritatis
2686 3882 2909 3939 expers,
2972 3868 3159 3924 cordis
3214 3882 3345 3921 vero
3398 3866 3607 3922 duritir.

2031 3965 2255 4035 plenus,
2314 3962 2624 4018 debitorum
2682 3960 2900 4017 reddita
2972 3959 3186 4014 ratione
3240 3959 3390 4016 nullo
3447 3957 3608 4012 modo

2033 4055 2263 4113 fratrum
2316 4068 2503 4111 curam
2548 4052 2870 4123 negligeret,
2908 4049 2983 4105 ita
3038 4058 3097 4103 ut
3123 4047 3370 4113 rediens,
3420 4062 3454 4102 a
3506 4062 3607 4101 nerv

2033 4149 2204 4220 quitia
2227 4148 2295 4203 ad
2321 4148 2581 4202 virtutem
2619 4143 3060 4213 consanguineos
3089 4157 3118 4199 a
3157 4139 3339 4211 poenis
3390 4155 3608 4210 quoque

2036 4241 2233 4296 futuris
2274 4240 2495 4295 eximat.
2519 4238 2671 4293 Licet
2696 4235 2843 4290 enim
2868 4235 3043 4306 justas
3072 4248 3263 4304 poenas
3285 4248 3384 4302 pro
3411 4232 3627 4287 debitis,

2034 4334 2312 4397 dederint,
2367 4348 2476 4387 non
2529 4332 2638 4401 jam
2688 4331 2745 4385 in
2773 4327 3069 4385 amentiam
3119 4326 3253 4395 ipsis
3315 4340 3415 4395 pro
3447 4338 3608 4395 poma

352 4444 630 4512 τιμωρίας
661 4417 1027 4513 ἑξαρπάσειεν
1050 4457 1065 4473 ·
1101 4442 1148 4493 εί
1179 4442 1289 4512 γὰρ
1318 4417 1414 4495 καί
1441 4441 1596 4511 δίκην
1625 4438 1827 4494 διδόασι
1857 4432 1932 4492 ὧν

2040 4442 2197 4482 mens
2251 4434 2529 4490 vertetur;
2586 4436 2820 4492 quorum
2880 4419 3029 4475 enim
3080 4417 3132 4472 in
3181 4432 3348 4475 carne
3399 4417 3611 4471 ﬁrmam

354 4535 663 4604 ὀφείλουσι,
691 4535 807 4587 ἀλλ’
832 4535 953 4588 οὐδέ
985 4532 1088 4586 πού
1118 4550 1182 4601 γε
1215 4537 1310 4588 καὶ
1338 4534 1399 4587 τὸ
1427 4534 1613 4603 νοερὸν
1640 4532 1826 4594 αὐτοῖς
1855 4532 1933 4594 είς

354 4626 540 4681 ἄνοιαν
572 4626 717 4697 λόγῳ
749 4627 1020 4696 τιμωρίας
1054 4625 1468 4697 παρατρέπεται
1494 4641 1509 4658 ·
1540 4619 1616 4678 ὧν
1649 4625 1760 4694 γὰρ
1795 4623 1935 4693 μετά

358 4719 560 4790 σαρκὸς
591 4714 737 4788 εἰχον
766 4719 988 4789 ἀσφαλῆ
1017 4720 1115 4790 τὴν
1143 4718 1368 4788 εἴδησιν,
1392 4718 1453 4771 οὐ
1484 4719 1646 4787 μόνον
1678 4716 1935 4778 ἐλάττους

356 4815 577 4881 φανεῖεν
600 4813 697 4881 τῆς
722 4810 1189 4883 προϋπαρχούσης
1217 4813 1493 4879 γνώσεως,
1520 4810 1656 4863 ἀλλά
1678 4808 1774 4862 καὶ
1797 4807 1935 4879 πρὸς

356 4902 758 4972 ἀκριδεστέραν
794 4901 1103 4971 κατάληψιν
1139 4900 1502 4971 ἀναφέροιντο
1525 4915 1538 4928 ·
1574 4899 1671 4952 καὶ
1709 4892 1783 4952 ὧν
1822 4914 1937 4950 κοι-

359 4996 561 5055 νωνοὺς
593 4987 738 5063 εἶχον
768 4993 860 5044 ἐπὶ
888 4992 999 5044 τῶν
1025 4991 1278 5062 πράξεων
1305 4990 1413 5043 τῶν
1441 4991 1679 5055 ἀτόπων,
1707 4991 1820 5053 τοῖς
1850 4990 1936 5042 λο-

360 5082 580 5151 γισμοῖς
624 5079 1260 5151 ,συνδιαμνημονεὺεσθαι
1300 5080 1485 5149 ἔχουσι
1508 5094 1524 5111 ⁸
1570 5077 1711 5150 πλὴν
1749 5079 1937 5141 δοῦλος

356 5174 550 5226 δοῦλον
588 5176 695 5229 οὐκ
736 5174 1041 5244 ἐλευθεροῖ,
1086 5172 1207 5227 ἀλλ’
1226 5170 1365 5225 inlice
1410 5170 1603 5241 νεκρὸς
1652 5170 1937 5235 ζωοποιεῖν

359 5264 611 5323 δύναται.
641 5266 703 5320 Et
726 5265 821 5321 οὖν
842 5268 870 5321 6
894 5267 1174 5323 καθεύδων
1197 5266 1306 5321 τών
1330 5264 1452 5337 μεθ’
1474 5266 1754 5337 ήμερινῶν
1775 5281 1938 5335 φρον-

358 5358 521 5411 τίδων
553 5359 772 5422 εἰκόνας
804 5361 861 5412 ὲν
892 5359 1121 5429 ὀνείροις
1154 5359 1348 5430 φέρει,
1383 5358 1481 5412 καὶ
1516 5357 1794 5428 μέμνηται
1829 5355 1938 5409 τῶν

360 5450 491 5520 παρ’
517 5450 686 5504 αὐτοῦ
728 5450 1104 5522 πραχθέντων,
1144 5449 1222 5513 ὡς
1261 5453 1355 5503 καὶ
1394 5452 1472 5521 τῷ
1521 5450 1748 5522 μεγάλῳ
1791 5450 1940 5503 δοκεῖ

361 5537 659 5610 Βασιλείῳ,
689 5540 784 5593 καὶ
817 5540 941 5609 περὶ
971 5539 1150 5591 αὐτῶν
1180 5543 1237 5591 ὲν
1266 5538 1496 5611 ὀνείροις
1524 5542 1559 5611 ἡ
1592 5540 1738 5610 ψυχὴ
1771 5538 1935 5593 αὐτοῦ

363 5631 569 5701 ἑτέροις
602 5632 701 5685 καὶ
732 5633 898 5703 ἑαυτῇ
931 5630 1243 5700 διαλέγεται
1266 5645 1283 5660 ⁶
1316 5634 1411 5685 καὶ
1446 5632 1608 5685 πάλιν
1640 5633 1938 5703 ἀφυπνιζό-

365 5740 527 5793 μενος
572 5724 681 5780 τῶν
730 5725 1034 5796 ὁραθέντωί
1083 5722 1249 5778 αὑτοῦ
1301 5724 1648 5788 καθ’ὖπνους
1702 5724 1937 5791 ἐνεργῶς

2038 4518 2323 4575 scientiam
2380 4518 2714 4579 habuerunt,
2769 4512 2969 4568 nedum
3023 4508 3192 4579 priori
3221 4508 3487 4580 agnitioni
3527 4508 3613 4564 in-

2038 4612 2268 4669 feriores
2318 4611 2385 4666 ad
2422 4610 2711 4667 clariorem
2759 4607 2951 4663 adhuc
2976 4604 3342 4677 cognitionem
3388 4618 3612 4674 promo-

2044 4716 2275 4770 rentur;
2339 4703 2449 4758 imo
2520 4717 2659 4771 quos
2731 4716 3021 4771 pravarum
3091 4698 3366 4754 actionum
3432 4697 3614 4751 socios

2039 4798 2353 4855 habuerunt
2387 4795 2503 4849 suis
2536 4792 2785 4849 consiliis
2829 4807 2939 4875 una
2994 4790 3283 4845 memorari
3338 4796 3611 4860 possunt:

2039 4900 2402 4962 preterquam
2464 4902 2658 4942 servus
2709 4878 2928 4941 servum
2982 4898 3094 4937 non
3143 4881 3474 4952 emancipat,
3514 4894 3616 4935 nec

2036 4993 2290 5037 mortuus
2355 4979 2638 5035 vivificare
2703 4976 2870 5033 valet.
2934 4975 3092 5041 Quod
3161 4975 3208 5030 si
3266 4974 3616 5031 obdormiens

2038 5090 2296 5132 curarum
2345 5073 2668 5128 diurnarum
2725 5068 2996 5139 imagines
3050 5065 3110 5120 in
3195 5064 3427 5125 somniis
3480 5062 3612 5124 fert,

2036 5182 2333 5238 rerumque
2368 5181 2403 5227 ea
2433 5180 2492 5221 se
2520 5172 2767 5220 actarum
2797 5160 3065 5226 meminit,
3100 5168 3161 5217 ut
3184 5172 3384 5230 magno
3412 5152 3615 5210 Basilio

2036 5260 2278 5323 videtur,
2302 5272 2368 5313 ac
2390 5257 2457 5312 de
2482 5256 2570 5312 his
2601 5255 2654 5309 in
2706 5251 2937 5310 somniis
2956 5254 3158 5311 animae
3214 5264 3340 5307 eum
3397 5243 3611 5301 caeteris

2037 5364 2336 5421 secumque
2403 5345 2790 5404 confabulatur
2843 5362 2859 5401 :
2934 5353 3129 5414 postea
3200 5334 3618 5408 expergefactus

2038 5456 2273 5516 quaeque
2303 5437 2475 5497 oculis
2506 5453 2603 5508 per
2648 5449 2904 5495 somnum
2952 5434 3136 5495 oblata
3184 5430 3252 5484 ad
3295 5425 3613 5489 metueriam

2041 5545 2280 5599 revocat,
2316 5531 2488 5589 multo
2513 5529 2685 5600 magis
2720 5529 2905 5582 anima
2955 5533 3079 5596 post
3102 5522 3325 5581 obitum
3362 5534 3621 5589 corporis

2043 5630 2276 5687 vinculis
2308 5628 2487 5683 soluta
2518 5622 2908 5688 doloribusque
2930 5618 3044 5673 suis
3066 5614 3347 5679 immunis,
3373 5614 3616 5684 apertius

2042 5725 2123 5780 sui
2159 5722 2331 5789 ipsius
2354 5717 2671 5774 memoriam
2697 5712 3071 5782 maioremque
3105 5698 3475 5779 cognitionem
3502 5723 3621 5779 prae
