4058 6196
487 263 541 328 9,·
563 259 583 323 1

1748 264 2168 325 MICHAELIS
2222 268 2483 359 eum

3636 276 3735 340 9i?

484 394 543 433 se
582 379 782 442 ferens,
817 393 997 433 rerum
1033 395 1061 432 a
1086 393 1146 433 se
1168 389 1412 434 actarum
1438 378 1639 435 clarius
1661 380 2058 447 recordabitur,

2170 382 2258 436 ἐπὶ
2279 383 2340 435 τὸ
2368 384 2804 451 μνημονευτικδν
2830 385 2928 455 τῆς
2954 385 3133 457 ψυχῆς
3158 390 3325 443 αὐτοῦ
3353 392 3530 461 φέρει,
3557 395 3733 464 πολλᾷΙ

486 488 646 540 quam
675 473 720 529 si
749 471 925 527 adhuc
954 473 1007 525 in
1032 471 1137 525 vita
1166 483 1364 533 esset...‘

2172 473 2373 545 μᾶλλον
2402 474 2512 527 τῶν
2543 475 2723 531 πεδῶν
2753 478 2785 548 ἠ
2818 476 2966 548 ψυχή
3002 482 3147 549 μετὰ
3181 480 3411 537 θάνατον
3440 482 3715 553 ὲλευθερω

488 570 640 621 θεῖσα
667 567 763 620 τοῦ
796 569 1070 640 σώματος,
1116 572 1210 627 καὶ
1258 574 1440 644 γυμνὴ
1490 573 1601 626 τῶν
1629 572 1829 643 ἑαυτῆς
1856 573 2120 643 γενομένη
2162 571 2387 635 παθῶν,
2440 571 2809 644 καθαρότερόν
2855 591 2915 627 τε
2968 575 3030 629 τὸ
3088 580 3521 646 μνημονευτικδν
3568 581 3734 653 αὐτῆς

487 663 608 713 τότε
638 663 914 732 φέρουσα,
945 664 1039 720 καὶ
1065 664 1163 737 τὴν
1190 669 1386 738 νοεράν
1450 669 1737 740 αῐσθησιν,
1762 667 1871 721 τῶν
1902 665 2103 735 ἑαυτῆς
2140 664 2472 736 τρανότερον
2502 666 2879 736 μνησθήσεται
2911 667 3189 739 πράξεων,
3222 668 3254 739 ἢ
3285 669 3373 725 ὅτε
3404 670 3485 725 ἔτι
3516 671 3727 736 (cum...

487 754 663 823 (Deest
692 754 929 825 folium.)
1478 820 1481 821 ,

558 846 940 904 5....Etchori
962 859 1073 905 trcs
1091 868 1104 906 :
1124 866 1357 920 quorum
1379 851 1587 922 primus
1617 851 1877 907 trinarius
1904 852 2058 915 ordo,

489 942 720 1006 'l‘hroni,
746 942 1068 1008 Cherubim,
1095 945 1381 1015 Seraphim
1418 962 1431 1000 :
1457 946 1513 1001 hi
1553 947 1805 1001 suntloci
1827 947 2061 1016 quietis:

489 1031 577 1086 hic
630 1033 835 1101 quietis
886 1049 1025 1102 aqua
1078 1034 1219 1089 Deus
1273 1046 1374 1101 est,
1410 1052 1573 1106 supra
1632 1038 1828 1092 solium
1880 1037 2064 1107 gloriae

486 1124 688 1179 sedens
736 1126 1076 1195 praemiaque
1144 1127 1397 1195 centupla
1458 1129 1690 1184 reddens
1724 1129 1788 1183 iis
1827 1130 1916 1199 qui
1956 1130 2063 1183 fru-

486 1229 635 1271 ctum
666 1218 734 1273 ad
766 1218 1065 1287 perfectam
1114 1221 1356 1288 centupli
1407 1237 1721 1277 mensuram
1781 1223 2059 1287 tulerunt;

487 1310 787 1374 secundus,
820 1311 1259 1377 Dominationes,
1284 1311 1532 1368 Virtutes
1591 1322 1645 1367 et
1704 1312 2009 1366 Potestates
2039 1330 2052 1364 :

489 1404 541 1457 hi
582 1412 711 1457 sunt
745 1404 1135 1459 viridescentes
1173 1406 1528 1461 recreationis
1579 1405 1706 1467 loci,
1733 1405 1822 1460 hic
1852 1404 2058 1474 placida

492 1497 730 1565 Spiritus
776 1496 951 1552 sancti
1004 1498 1180 1567 gratia
1217 1498 1501 1553 innumera
1558 1498 1777 1567 prmmia
1823 1498 2061 1568 largiens

491 1588 577 1643 his
607 1588 698 1658 qui
741 1589 808 1641 ad
841 1603 1160 1643 mensuram
1206 1590 1601 1660 sexagesimum
1643 1589 1883 1643 fructum
1924 1589 2060 1643 tule-

488 1690 650 1746 runt;
689 1681 904 1747 tertius,
957 1680 1329 1750 Principatus,
1379 1681 1729 1753 Archangeli,
1755 1681 1968 1751 Angeli:
2005 1680 2059 1735 hi

486 1784 615 1828 sunt
640 1774 914 1843 splendidi
954 1774 1234 1844 divinique
1263 1776 1387 1841 loci,
1420 1776 1525 1830 ubi
1572 1774 1773 1844 quietis
1804 1774 2058 1829 taberna-

2170 1765 2401 1838 ηκοστοῦ
2431 1766 2634 1836 μέτρου
2658 1770 3152 1837 καρποφορήσασιν
3174 1785 3187 1798 ·
3215 1771 3244 1823 6
3265 1769 3447 1839 τρίτος
3471 1770 3528 1822 δὲ
3553 1772 3749 1840 ἀρχαὶ,
3848 1792 3859 1799 -

487 1866 695 1932 culum,
725 1866 849 1921 cceli
882 1868 1008 1921 novi
1059 1882 1307 1936 novaque
1337 1877 1482 1921 terra
1510 1883 1524 1919 :
1558 1866 1649 1920 hic
1679 1874 1764 1919 est
1793 1865 1875 1920 sol
1897 1865 2058 1934 justi-

490 1959 577 2011 tiae
603 1956 855 2014 Christus
883 1958 1030 2014 Deus
1066 1969 1273 2024 noster,
1291 1960 1521 2030 iustitiae
1558 1972 1792 2015 coronas
1820 1957 2060 2029 largiens

487 2052 555 2106 iis
607 2051 702 2121 qui
750 2051 818 2107 ad
876 2066 1193 2107 mensuram
1264 2052 1597 2107 tricesimam
1658 2049 1950 2105 ministerii
1994 2064 2059 2103 ac

488 2145 871 2199 retributionis
935 2144 1175 2199 fructum
1234 2145 1550 2215 centuplum
1614 2144 1857 2198 tulerunt
1912 2159 1926 2195 :
1975 2143 2061 2197 vir

487 2235 636 2290 enim
672 2245 898 2291 sanctus
940 2236 1084 2305 apud
1138 2249 1240 2290 nos
1271 2236 1632 2289 hierarchiam
1683 2245 1740 2290 et
1785 2234 2057 2299 ordinem,

488 2324 744 2380 ccelestes
792 2325 933 2378 inter
981 2324 1234 2391 virtutes,
1268 2324 1323 2378 in
1368 2324 1649 2394 proprium
1705 2325 2055 2380 lucrabitur:

492 2416 653 2486 cujus
703 2416 883 2471 locum
946 2427 1180 2487 occupat
1233 2419 1285 2472 in
1338 2418 1706 2473 ecclesiastica
1756 2418 1900 2487 apud
1959 2431 2061 2472 nos

492 2509 822 2573 hierarcbia,
853 2510 921 2565 ad
957 2511 1097 2565 hanc
1128 2520 1251 2580 pest
1288 2511 1499 2566 obitum
1532 2518 1777 2573 evectus,
1804 2517 1859 2563 et
1896 2508 2061 2577 hujus

493 2603 667 2656 haeres
716 2601 946 2658 eﬂ‘ectus
1005 2603 1273 2672 quiescet,
1333 2602 1514 2657 locum
1570 2603 1747 2672 ipsum
1808 2601 2059 2666 sortitus,

488 2693 695 2746 «larum
718 2692 813 2747 Dei
838 2692 1038 2763 quietis
1066 2691 1422 2747 domicilium.

2231 854 2372 917 γ’....
2410 846 2519 899 Καὶ
2553 846 2735 913 τάξεις
2759 849 2911 919 τρεῖς
2936 866 2951 880 ο
2987 850 3103 905 ἔστι
3138 851 3194 906 δὲ
3228 854 3255 906 6
3289 853 3508 923 πρῶτος
3537 856 3741 924 τριαδιο

2164 940 2259 1003 κὸς
2288 940 2589 1009 διάκοσμος
2619 938 2823 1011 θρόνοι,
2854 943 3143 1012 χερουσὶμ,
3177 946 3423 1015 σεραφίμ
3445 963 3459 976 ·
3491 938 3638 1000 οὗτοί
3667 948 3749 999 εί.

2164 1050 2249 1085 σιν
2274 1034 2322 1085 οί
2346 1031 2504 1085 τόποι
2528 1032 2629 1101 τῆς
2652 1033 3015 1097 ἀναπαύσεως
3036 1052 3051 1067 ο
3082 1034 3211 1089 ἔνθα
3235 1042 3295 1090 τὸ
3320 1035 3465 1108 ὕδωρ
3489 1036 3589 1107 τῆς
3610 1039 3747 1092 ἀνα-

2166 1122 2420 1186 παύσεώς
2449 1124 2599 1178 ἐστιν
2624 1126 2654 1177 ό
2679 1125 2835 1193 Θεὸς,
2866 1128 2960 1179 ἐπὶ
2991 1127 3181 1196 θρόνου
3213 1128 3371 1199 δόξης
3402 1129 3743 1200 καθήμενος,

2169 1218 2261 1271 καὶ
2306 1217 2601 1286 ἀπονέμων
2643 1217 3159 1282 ἑκατονταπλασίως
3203 1220 3301 1282 τὰς
3348 1220 3585 1283 ἀμοιϐὰς
3626 1224 3747 1285 τοῖς

2169 1311 2247 1371 είς
2274 1310 2366 1363 τὸν
2391 1309 2598 1363 τέλειον
2627 1306 2721 1361 τοῦ
2751 1309 3045 1363 ἑκατοστοῦ
3079 1311 3280 1380 μέτρου
3311 1313 3746 1383 καρποφορήσει-

2170 1417 2254 1452 σιν
2280 1416 2295 1430 ο
2328 1402 2357 1453 ό
2386 1398 2637 1470 δεύτερος
2667 1399 3010 1469 κυριότητες,
3043 1400 3306 1471 δυνάμεις
3335 1404 3431 1456 καὶ
3460 1402 3708 1467 ἐξουσίαι
3731 1418 3747 1435 ο

2167 1491 2313 1544 οὗτοί
2345 1494 2481 1543 εἰσιν
2509 1492 2556 1543 οἱ
2593 1491 2807 1561 χλοεροὶ
2838 1495 2938 1562 τῆς
2974 1492 3297 1562 ἀναψύξεως
3325 1494 3517 1561 τόποι,
3544 1496 3579 1564 ή
3614 1494 3748 1563 χλόη

2167 1584 2264 1661 τῇς
2307 1582 2401 1635 τοῦ
2444 1582 2601 1649 ἁγίου
2644 1582 2965 1653 Πνεύματος
3005 1585 3389 1649 ἀναπαύσεως,
3434 1588 3753 1656 παρέχουσα

2167 1674 2547 1729 πολλαπλάσια
2579 1675 2649 1728 τὰ
2688 1675 2920 1745 βραδεῖα
2956 1680 3069 1740 τοῖς
3106 1678 3186 1741 είς
3219 1677 3279 1731 τὸ
3324 1679 3491 1748 μέσον
3523 1680 3620 1732 τοῦ
3665 1680 3752 1746 ἐξ·

2165 1858 2537 1929 ἀρχάγγελοι,
2584 1858 2844 1927 ἄγγελοι·
2889 1853 3037 1913 οὗτοί
3078 1861 3218 1914 εἰσιν
3264 1862 3313 1915 οί
3357 1863 3613 1929 φωτεινοὶ
3655 1863 3751 1915 καὶ

2168 1953 2301 2006 θεῖοι
2328 1955 2509 2016 τόποι,
2535 1952 2665 2006 ἔνθα
2693 1954 2726 2023 ή
2765 1951 2937 2022 σκηνὴ
2964 1951 3065 2018 τῆς
3093 1952 3513 2017 καταπαύσεως,
3545 1955 3596 2005 οἱ
3629 1969 3753 2005 arato

2166 2044 2250 2099 νοὶ
2278 2045 2498 2114 οὐρανοὶ
2529 2044 2621 2096 καὶ
2651 2045 2683 2115 ή
2714 2046 2875 2115 καινὴ
2905 2043 2978 2111 γῆ
3006 2082 3022 2106 ,
3059 2042 3151 2096 καὶ
3181 2045 3209 2095 6
3236 2043 3392 2114 ἥλιος
3418 2045 3518 2112 τῆς
3543 2044 3754 2096 δικαιο-

2169 2138 2337 2209 σύνης
2367 2138 2483 2190 ἐστὶ
2512 2138 2749 2208 Χριστὸς
2776 2138 2805 2189 6
2832 2136 2965 2200 Θεὸς
2993 2136 3152 2206 ήμῶν
3179 2135 3470 2198 ἀποδιδοὺς
3494 2137 3628 2200 τοὺς
3652 2137 3752 2206 τῆς

2163 2226 2509 2297 δικαιοσύνης
2554 2228 2855 2295 στεφάνους
2888 2229 2999 2289 τοῖς
3042 2216 3124 2288 είς
3159 2226 3455 2298 τριάκοντα
3490 2226 3584 2279 τὸν
3620 2228 3754 2279 στάς

2165 2336 2267 2389 χυν
2326 2321 2426 2388 τῆς
2466 2318 2803 2389 προστασίας
2847 2318 2943 2372 καὶ
2974 2317 3077 2387 τῆς
3115 2317 3455 2388 ἀντιλήψεως
3486 2318 3598 2372 τῶν
3631 2320 3750 2372 δεο-

2169 2413 2349 2481 μένων
2389 2411 2663 2481 πολύχουν
2704 2410 3200 2480 καρποφορήσασιν
3226 2425 3241 2440 ·
3281 2410 3429 2473 ὅστις
3471 2410 3586 2463 τῶν
3628 2410 3751 2463 καθ’

2164 2503 2314 2574 ἡμᾶς
2340 2502 2505 2572 ἱερῶν
2530 2501 2745 2572 ἀνδρῶν
2766 2501 2827 2555 τὸ
2854 2501 2984 2554 ίδιον
3009 2501 3275 2571 κτήσεται
3304 2502 3434 2570 μιᾶς
3461 2502 3750 2570 ίεραρχίας

2170 2598 2265 2650 καὶ
2298 2596 2509 2662 τάξεως
2544 2594 2653 2649 τῶν
2691 2595 2808 2648 άνω
2841 2594 3129 2664 δυνάμεων
3151 2609 3169 2627 ·
3196 2588 3279 2664 ξῆς
3313 2591 3629 2663 ἀναπληροῖ
3659 2592 3750 2644 τὸν

2168 2689 2333 2740 τόπον
2362 2688 2421 2741 ὲν
2445 2689 2512 2757 τῇ
2543 2687 2978 2757 ἑκκλησιαστικῇ
3011 2688 3107 2740 καὶ
3137 2685 3260 2739 καθ’
3287 2685 3435 2756 ήμᾶς
3465 2682 3750 2755 ίεραρχίᾳ,

490 2791 549 2839 ὲν
581 2787 764 2857 ὲκείιῃ
830 2758 923 2839 καὶ
963 2786 1103 2856 μετά
1174 2785 1381 2854 πότμον
1437 2784 1820 2855 ἀνερχόμενος,
1854 2758 1969 2836 καί
2011 2781 2417 2851 συναπτόμενος
2466 2782 2607 2852 αὐτῇ
2627 2821 2644 2847 ,
2674 2779 3057 2845 ἀναπαύεται,
3086 2779 3252 2834 τόπον
3276 2778 3447 2849 αὐτὴν
3471 2779 3752 2848 εὑρίσκων

494 2878 630 2932 θεοῦ
660 2879 923 2947 φωτεινόν
951 2880 1335 2944 ἀναπαύσεως.

567 2975 621 3029 4.
668 2974 1025 3032 Peccatorum
1076 2979 1273 3034 animae
1305 2978 1569 3043 tenebris,
1602 2986 1657 3031 et
1698 2976 2061 3031 immunditiis

2238 2976 2299 3031 6'.
2339 2976 2402 3029 Δί
2432 2976 2488 3029 δὲ
2514 2976 2683 3044 ψυχαὶ
2709 2975 2818 3029 τῶν
2845 2975 3188 3046 ἁμαρτωλῶν
3215 2974 3378 3028 αὗται
3407 2974 3485 3037 ὡς
3517 2973 3753 3044 πλήρεις

496 3075 553 3119 et.
615 3076 859 3123 stercore
914 3069 981 3122 ab
1039 3070 1251 3137 angelis
1286 3070 1381 3123 ira:
1434 3066 1699 3123 ministris
1748 3065 2060 3128 foedantur;

2170 3068 2371 3138 ζόφου,
2418 3071 2513 3123 καὶ
2557 3068 2859 3137 δυσοσμίας
2904 3070 3000 3121 καὶ
3045 3067 3221 3136 ῥύπου
3269 3066 3422 3136 παρά
3465 3066 3752 3119 κολαστῶν

492 3170 662 3228 atque
695 3158 782 3214 his
831 3160 1074 3215 tenebris
1129 3161 1407 3226 involutae,
1462 3159 1645 3214 invitae
1692 3167 1747 3212 et
1796 3173 1925 3213 cum
1955 3165 2065 3211 tre-

410 3279 416 3283 <
498 3269 675 3318 more,
707 3262 763 3309 et
801 3269 1001 3322 pavore
1022 3264 1076 3309 et
1118 3265 1267 3308 metu
1303 3254 1369 3307 ad
1405 3252 1612 3306 inferos
1644 3258 1700 3305 et
1725 3249 1780 3303 in
1805 3250 2067 3304 obscuros

496 3362 749 3404 carceres
774 3358 1045 3417 protrusa:
1080 3347 1379 3401 immundis
1410 3346 1695 3415 spiritibus
1737 3354 1795 3415 ut
1825 3341 2067 3396 custodi-

497 3439 596 3489 bus
635 3436 944 3521 traduntur.
1005 3434 1103 3487 Hic
1154 3434 1506 3488 tenebrarum
1567 3434 1825 3502 princeps
1874 3428 2064 3483 aeterni

494 3528 639 3599 ignis
682 3526 916 3580 ﬂammis
963 3533 1158 3595 captus
1198 3524 1497 3579 includitur
1543 3534 1668 3578 cum
1718 3524 1884 3578 sociis
1927 3523 2062 3578 suis.

496 3620 651 3674 Scire
680 3634 908 3674 necesse
936 3627 1022 3672 cst
1053 3616 1200 3686 quod
1234 3617 1461 3687 mystica
1489 3614 1663 3672 cilicia
1710 3626 1766 3670 et
1799 3615 2065 3670 sacriﬁcia

496 3727 596 3778 pro
627 3712 713 3765 his
752 3712 844 3780 qui
883 3711 1077 3765 mortis
1115 3721 1400 3780 peccatum
1448 3711 1845 3767 commiserunt
1886 3709 2064 3763 oblata

496 3804 808 3858 frustranea
842 3813 1002 3869 sunt;
1036 3802 1119 3856 his
1146 3816 1276 3857 vero
1328 3803 1422 3871 qui
1460 3802 1589 3855 talia
1636 3816 1745 3855 non
1774 3799 2066 3855 commise-

499 3904 626 3950 runt
651 3894 889 3949 maxime
926 3903 1179 3964 prosunt.
1211 3893 1501 3949 Peccatum
1546 3893 1775 3947 mortale
1808 3891 2066 3946 incredu-

498 3987 621 4041 litas
642 3996 746 4048 est,
773 3997 829 4041 et
847 3987 1176 4056 desperatio,
1202 3987 1556 4056 impmnitens
1588 4001 1702 4048 cor,
1736 3995 1792 4040 et
1815 3984 2067 4053 blasphe-

498 4078 607 4131 mia
632 4077 872 4147 Spiritus
899 4078 1097 4141 sancti,
1132 4087 1187 4131 et
1212 4076 1493 4133 Christum
1543 4090 1767 4146 negare,
1800 4084 1855 4130 et
1888 4075 2064 4130 bare-

501 4174 666 4227 ticum
696 4172 752 4226 in
784 4170 964 4242 aliqua
996 4170 1187 4226 haeresi
1231 4179 1509 4226 mortuum
1540 4184 1684 4225 esse.

2171 3168 2424 3235 ἀγγέλων
2475 3167 2573 3219 καὶ
2632 3164 2946 3229 σκοτεινῶν,
2987 3163 3303 3233 ἀϐουλήτως
3338 3162 3432 3216 καὶ
3473 3161 3617 3231 μετά
3655 3161 3755 3228 φόο

2174 3258 2269 3311 6ου
2302 3257 2502 3321 δεινοῦ,
2533 3259 2739 3328 τρόμου
2771 3274 2830 3310 τε
2863 3255 2958 3310 καὶ
2986 3254 3208 3319 δειλίας,
3239 3255 3319 3317 είς
3380 3254 3508 3324 ᾅδου
3543 3254 3753 3323 μυχοὺς

2173 3353 2268 3404 καὶ
2306 3352 2386 3411 είς
2424 3350 2673 3419 φρουρὰς
2705 3350 2982 3420 γνοφεράς
3023 3349 3392 3417 ὰπαγόμεναι,
3429 3346 3755 3416 παραδίδον-

2174 3458 2263 3493 ται
2294 3440 2661 3512 φρουράρχοις
2692 3440 3004 3510 πνεύμασιν
3032 3440 3368 3507 ἀκαθάρτοις
3387 3479 3401 3502 ,
3434 3437 3567 3491 ἔνθα
3594 3439 3625 3489 ό
3658 3436 3754 3490 τοῦ

2173 3535 2402 3596 σκότους
2448 3535 2632 3605 ἄρχων
2674 3534 2756 3597 είς
2800 3534 2973 3605 πυρὸς
3015 3533 3238 3587 αἰωνίου
3280 3532 3532 3602 τηρεῖται
3579 3529 3755 3582 ὑπέκ-

2170 3641 2361 3693 καυμα
2389 3625 2530 3692 μετά
2555 3626 2664 3678 τῶν
2690 3626 2894 3695 ὁμοίων
2920 3623 3109 3678 αὐτοῦ.
3143 3622 3341 3675 Ἰστέον
3366 3623 3449 3674 ὅτι
3473 3622 3529 3672 ai
3558 3636 3752 3689 μυστιο

2172 3718 2264 3771 καὶ
2291 3717 2512 3771 τελεταὶ
2535 3718 2630 3770 καὶ
2660 3716 2843 3769 θυσίαι
2874 3716 3016 3784 ὑπὲρ
3042 3715 3155 3767 τῶν
3183 3713 3541 3784 ἁμαρτόντων
3570 3711 3757 3779 ἁμαρ·

2169 3811 2295 3863 τίαν
2334 3810 2434 3879 τὴν
2469 3810 2605 3880 πρὸς
2643 3808 2876 3861 θάνατον
2912 3808 3194 3876 γινόμεναι
3238 3804 3416 3873 μάτην
3457 3802 3713 3871 γίνονται
3737 3812 3752 3829 ⁸

2167 3905 2279 3964 τοῖς
2318 3901 2375 3954 δὲ
2415 3901 2491 3970 μὴ
2547 3901 2718 3964 οὕτως
2755 3900 3147 3969 ἁμαρτήσασιν
3187 3894 3461 3965 ὠφελοῦσι
3490 3894 3559 3946 τὰ
3597 3893 3758 3961 μέγι-

2170 4010 2292 4047 στα.
2309 3990 2375 4044 Ἦ
2410 3991 2468 4044 δὲ
2487 3989 2621 4060 πρὸς
2643 3988 2872 4043 θάνατον
2907 3986 3151 4057 ἁμαρτία
3182 3984 3330 4038 ἐστὶν
3346 3979 3641 4051 ήάπιστία,
3666 3977 3758 4031 καὶ

2167 4088 2201 4154 ή
2227 4085 2562 4152 ἀπόγνωσις.
2584 4083 2680 4135 καὶ
2711 4082 2773 4133 τὸ
2808 4080 2884 4149 μή
2920 4080 3220 4148 μετανοεῖν,
3242 4076 3339 4129 καὶ
3368 4075 3401 4143 ή
3433 4070 3759 4142 βλασφημία

2177 4174 2271 4227 τοῦ
2341 4174 2498 4243 ἁγίου
2545 4171 2894 4249 Πγεύματος,
2955 4169 3049 4222 καὶ
3109 4168 3171 4221 1:6
3236 4164 3582 4237 ἀρνήσασθαι
3664 4163 3756 4214 τὸν

2181 4264 2439 4333 Χριστὸν,
2462 4264 2561 4317 καὶ
2589 4264 2651 4316 τὸ
2682 4261 2959 4332 αίρετικον
2978 4259 3274 4314 ἀποθανεῖν
3302 4259 3361 4309 ὲν
3391 4252 3752 4325 αἱρέσειτινί.

570 4356 626 4409 5.
669 4353 774 4409 Sed
838 4321 969 4409 illud
1018 4368 1232 4424 quoque
1285 4353 1428 4407 scire
1479 4365 1707 4407 necesse
1760 4358 1865 4415 est,
1918 4349 2062 4419 quod

2243 4356 2305 4412 ε’.
2347 4356 2469 4427 Χρὴ
2519 4356 2611 4410 καὶ
2654 4354 2814 4408 τοῦτο
2858 4352 3172 4422 γινώσκειν,
3215 4352 3298 4404 ὅτι
3340 4349 3441 4410 τὰς
3484 4345 3759 4414 τεσσαρά-

497 4446 855 4517 quadraginta
909 4447 1150 4501 diuturni
1218 4445 1397 4499 luctus
1451 4444 1567 4499 dies
1610 4443 1895 4513 tripliciter
1940 4456 2066 4510 par-

498 4540 580 4596 titi
634 4550 763 4597 sunt
816 4539 1066 4611 apostoli,
1128 4538 1182 4592 in
1239 4539 1435 4603 tertia,
1514 4552 1659 4591 nona
1717 4547 1773 4591 ct
1830 4535 2068 4606 quadra-

501 4634 761 4702 gesiman
801 4631 882 4685 Ita
949 4631 1112 4686 etiam
1191 4630 1456 4685 Dominus
1533 4629 1651 4698 ipse
1708 4637 1831 4698 post
1890 4629 2066 4683 tertiae

497 4723 605 4777 diei
665 4723 1126 4777 resurrectionem
1176 4722 1416 4791 seipsum
1466 4721 1752 4791 discipulis
1804 4721 2065 4785 ostendit,

496 4814 678 4882 januis
729 4814 951 4879 clausis,
1011 4823 1069 4868 et
1121 4813 1416 4867 insulilavit
1477 4813 1672 4867 dicens
1745 4829 1761 4867 :
1827 4812 2071 4882 Accipite

498 4906 766 4976 Spiritum
801 4917 1050 4961 sanctum
1086 4925 1100 4961 :
1133 4920 1188 4962 et
1220 4915 1342 4976 post
1372 4905 1490 4962 dies
1517 4917 1642 4961 octo
1688 4920 1817 4963 ecce
1852 4906 2072 4971 iterum,

2174 4468 2341 4505 κοντα
2372 4450 2593 4521 ἡμέρας
2623 4448 2718 4501 τοῦ
2756 4445 2989 4501 παλαιοῦ
3025 4446 3257 4507 πένθους
3287 4441 3454 4513 τριχῆ
3486 4440 3759 4500 διελόντες

2172 4546 2221 4599 oi
2247 4544 2560 4609 ἀπόστολοι,
2593 4542 2674 4604 είς
2704 4540 2883 4610 τρίτα,
2917 4540 3115 4593 ἔννατα
3170 4536 3269 4592 καὶ
3299 4531 3756 4603 τεσσαρακοστά’

2173 4635 2347 4701 οὕτως
2381 4638 2491 4708 γὰρ
2525 4636 2621 4689 καὶ
2653 4633 2819 4694 αὐτὸς
2852 4634 2881 4686 6
2916 4630 3122 4697 Κύριος
3157 4628 3297 4699 μετὰ
3327 4630 3425 4697 τὴν
3458 4626 3656 4695 τριήμε
3668 4639 3759 4693 ρον

2172 4730 2392 4797 ἔγερσιν
2419 4725 2583 4780 αὑτοῦ
2611 4724 2956 4795 ἐφανέρωσεν
2983 4720 3175 4774 ἑαυτὸν
3200 4721 3312 4781 τοῖς
3343 4713 3761 4786 μαθηταῖς,τῶν

2175 4820 2356 4891 θυρῶν
2388 4817 2813 4886 κεκλεισμένων,
2840 4814 2935 4869 καὶ
2967 4810 3299 4882 ἐνεφύσησεν
3330 4809 3513 4869 αὐτοῖς
3547 4805 3723 4873 λέγων
3742 4818 3756 4832 °
3786 4886 3789 4887 ν

2180 4909 2401 4964 Λάϐετε
2433 4907 2681 4977 Πνεῦμα
2707 4905 2907 4973 ἅγιον.
2940 4902 3051 4957 Καὶ
3082 4900 3201 4971 μεθ’
3226 4900 3444 4970 ἡμέρας
3476 4895 3624 4949 ὀκτὼ
3657 4892 3760 4945 πά-

502 5006 626 5067 post
653 4998 1115 5053 resurrectionem
1146 4998 1289 5054 intra
1313 5006 1438 5053 octo
1459 4998 1594 5061 dies.
1622 4998 1803 5053 denuo
1825 4996 2062 5067 apparuit

2178 5003 2262 5053 λιν
2291 5001 2400 5055 ἰδοὺ
2430 4998 2570 5070 μετά
2593 4999 2692 5069 τὴν
2722 4996 3018 5050 ἀνάστασιν
3050 4993 3197 5055 ἐντὸς
3222 4992 3333 5044 τῶν
3358 4988 3504 5043 ὀκτὼ
3532 4988 3565 5053 ή
3576 4985 3759 5056 μερῶν

501 5089 608 5143 eis.
646 5088 995 5161 Evangelista
1024 5091 1195 5145 enim
1233 5091 1363 5146 dum
1398 5090 1555 5157 dixit,
1603 5089 1735 5143 Post
1767 5087 1885 5142 dies
1926 5098 2073 5151 octo,

2183 5094 2439 5163 δεύτερον
2469 5093 2642 5160 ἐφάνη
2671 5089 2855 5152 αὐτοῖς
2879 5106 2892 5118 ο
2929 5086 3100 5139 εἰπὼν
3129 5085 3240 5154 γὰρ
3267 5085 3297 5138 6
3322 5077 3722 5149 εύαγγελιστὴς

502 5180 928 5236 resurrectionis
980 5182 1124 5238 diem
1172 5199 1280 5239 non
1328 5183 1665 5255 computavit
1712 5195 1819 5251 qua
1869 5180 2062 5235 inclusa

2176 5184 2306 5255 μεθ’
2336 5183 2564 5252 ἡμέρας
2614 5180 2808 5247 ὀκτὼ,
2854 5178 2956 5250 τὴν
3005 5176 3379 5245 ἀναστάσιμον
3431 5171 3645 5243 ἡμέραν
3697 5166 3756 5217 οὐ

503 5290 702 5328 novem
736 5285 1111 5331 numerantur.
1142 5277 1455 5333 secundum
1489 5277 1629 5330 hanc
1673 5274 1938 5329 rationem
1977 5286 2062 5328 not

2183 5277 2558 5346 συνηρίθμησε
2577 5290 2593 5305 ο
2626 5274 2743 5343 μετ’
2767 5273 2985 5342 ἐκείνης
3008 5268 3141 5339 γοῦν
3168 5268 3325 5321 ιννέα
3350 5262 3585 5333 καταριθ
3596 5258 3760 5331 μοῦνο

501 5385 569 5423 υι
596 5369 685 5424 die
708 5368 1005 5440 sepulturae
1030 5369 1097 5425 ad
1126 5385 1326 5425 nonam
1356 5369 1443 5424 bis
1487 5368 1737 5423 fuiterum
1756 5366 2062 5423 memoriam

2181 5384 2271 5422 ται
2292 5384 2306 5399 ⁸
2338 5369 2481 5422 κατὰ
2508 5367 2640 5432 γοῦν
2665 5368 2760 5440 τὸν
2785 5366 2956 5419 τύπον
2984 5363 3175 5417 τοῦτον
3203 5362 3365 5432 ἡμεῖς
3398 5356 3507 5411 ἀπὸ
3536 5355 3636 5423 τῆς
3663 5366 3757 5403 ταο

503 5463 717 5531 agimus
840 5461 1051 5531 pariter
1108 5469 1166 5516 et
1232 5461 1301 5515 de
1358 5461 1742 5530 quadraginta,
1805 5459 2062 5530 siquidem

2188 5460 2295 5530 φῆς
2322 5459 2428 5523 ἕως
2450 5460 2561 5512 τῶν
2585 5438 2824 5514 ὲννάτων
2847 5456 3102 5527 δεύτερον
3125 5455 3224 5517 τάς
3251 5452 3443 5522 μνείας
3465 5447 3574 5502 τῶν
3596 5443 3755 5498 ὁσίων

505 5554 927 5626 quadragesima
959 5555 1047 5610 die
1076 5561 1392 5623 assumptus
1423 5562 1508 5608 est
1548 5554 1840 5611 Dominus,

2187 5553 2610 5623 κεκοιμημένων
2666 5550 3025 5623 ἐπιτελοῦμεν
3051 5566 3066 5582 ο
3102 5548 3300 5620 ὁμοίως
3322 5546 3380 5601 δὲ
3412 5545 3508 5597 καὶ
3537 5538 3607 5595 τά
3637 5549 3745 5591 σει

510 5648 827 5723 σαρακοστά
848 5687 863 5715 ,
894 5647 1084 5729 ἐπειδὴ
1117 5650 1181 5718 τῇ
1213 5650 1627 5717 τεσσαρακοστῇ
1662 5647 1847 5718 ήμέρξι
1881 5645 2162 5717 ἀνελήφθη
2191 5648 2218 5699 ό
2244 5646 2472 5713 Κύριος.
