  <div class='ocr_page' id='page_1' title='image "/cluster/home/n/w/nwhite01/storage/ocr_20150623/158/hvd.32044073502676/536.png"; bbox 0 0 4058 6196; ppageno 0'>
   <div class='ocr_carea' id='block_1_1' title="bbox 322 295 426 361">
    <p class='ocr_par' dir='ltr' id='par_1_1' title="bbox 322 295 426 361">
     <span class='ocr_line' id='line_1_1' title="bbox 322 295 426 361; baseline -0.038 -1"><span class='ocrx_word' id='word_1_1' title='bbox 322 295 426 361; x_wconf 85' lang='lat' dir='ltr'><strong>9I3</strong></span> 
     </span>
    </p>
   </div>
   <div class='ocr_carea' id='block_1_2' title="bbox 862 415 1356 476">
    <p class='ocr_par' dir='ltr' id='par_1_2' title="bbox 862 415 1356 476">
     <span class='ocr_line' id='line_1_2' title="bbox 862 415 1356 476; baseline 0.014 -8"><span class='ocrx_word' id='word_1_2' title='bbox 862 415 1210 473; x_wconf 81' lang='grc' dir='ltr'><strong>ΕΠΙΣΤΟΛΗ</strong></span> <span class='ocrx_word' id='word_1_3' title='bbox 1252 421 1356 476; x_wconf 84' lang='lat' dir='ltr'><strong>IH&#39;.</strong></span> 
     </span>
    </p>
   </div>
   <div class='ocr_carea' id='block_1_3' title="bbox 327 524 1896 608">
    <p class='ocr_par' dir='ltr' id='par_1_3' title="bbox 327 524 1896 608">
     <span class='ocr_line' id='line_1_3' title="bbox 327 524 1896 608; baseline 0.01 -29"><span class='ocrx_word' id='word_1_4' title='bbox 327 524 414 592; x_wconf 73' lang='grc' dir='ltr'><em>Ὶῴ</em></span> <span class='ocrx_word' id='word_1_5' title='bbox 431 527 757 608; x_wconf 50' lang='grc' dir='ltr'><strong>τιμέωτᾴτῳ</strong></span> <span class='ocrx_word' id='word_1_6' title='bbox 768 530 1014 608; x_wconf 72' lang='grc' dir='ltr'><strong>μονᾳχῷ</strong></span> <span class='ocrx_word' id='word_1_7' title='bbox 1033 532 1481 608; x_wconf 28' lang='grc' dir='ltr'><strong>καίῌδομεστίκῳ</strong></span> <span class='ocrx_word' id='word_1_8' title='bbox 1498 537 1657 608; x_wconf 79' lang='grc' dir='ltr'><strong>κυρῷ</strong></span> <span class='ocrx_word' id='word_1_9' title='bbox 1671 539 1896 608; x_wconf 75' lang='grc' dir='ltr'><strong>Ἡσαΐᾳ.</strong></span> 
     </span>
    </p>
   </div>
   <div class='ocr_carea' id='block_1_4' title="bbox 390 597 1900 679">
    <p class='ocr_par' dir='ltr' id='par_1_4' title="bbox 390 597 1900 679">
     <span class='ocr_line' id='line_1_4' title="bbox 390 597 1900 679; baseline 0.011 -30"><span class='ocrx_word' id='word_1_10' title='bbox 390 627 459 679; x_wconf 58' lang='grc' dir='ltr'><strong>τ-</strong></span> <span class='ocrx_word' id='word_1_11' title='bbox 470 599 545 679; x_wconf 61' lang='grc' dir='ltr'><strong>[ει</strong></span> <span class='ocrx_word' id='word_1_12' title='bbox 568 597 1035 679; x_wconf 49' lang='grc' dir='ltr'><strong>χρὴμρροςέῂιγ</strong></span> <span class='ocrx_word' id='word_1_13' title='bbox 1053 602 1175 679; x_wconf 79' lang='grc' dir='ltr'><strong>τοῖς</strong></span> <span class='ocrx_word' id='word_1_14' title='bbox 1199 597 1510 679; x_wconf 49' lang='grc' dir='ltr'><strong>λέγουσιν,</strong></span> <span class='ocrx_word' id='word_1_15' title='bbox 1528 597 1697 679; x_wconf 60' lang='grc' dir='ltr'><strong>ὅξίαι</strong></span> <span class='ocrx_word' id='word_1_16' title='bbox 1717 597 1900 664; x_wconf 60' lang='grc' dir='ltr'><strong>ἀπελ-</strong></span> 
     </span>
    </p>
   </div>
   <div class='ocr_carea' id='block_1_5' title="bbox 390 670 1897 741">
    <p class='ocr_par' dir='ltr' id='par_1_5' title="bbox 390 670 1897 741">
     <span class='ocr_line' id='line_1_5' title="bbox 390 670 1897 741; baseline 0.01 -20"><span class='ocrx_word' id='word_1_17' title='bbox 390 670 609 741; x_wconf 77' lang='grc' dir='ltr'><strong>θοῦσαι</strong></span> <span class='ocrx_word' id='word_1_18' title='bbox 634 670 752 721; x_wconf 82' lang='grc' dir='ltr'><strong>τῶν</strong></span> <span class='ocrx_word' id='word_1_19' title='bbox 772 671 957 741; x_wconf 69' lang='grc' dir='ltr'><strong>ἁγίων</strong></span> <span class='ocrx_word' id='word_1_20' title='bbox 974 673 1174 741; x_wconf 16' lang='grc' dir='ltr'><strong>,ψυχαὶ</strong></span> <span class='ocrx_word' id='word_1_21' title='bbox 1200 670 1352 727; x_wconf 69' lang='lat' dir='ltr'><strong>me</strong></span> <span class='ocrx_word' id='word_1_22' title='bbox 1380 692 1511 729; x_wconf 81' lang='grc' dir='ltr'><strong>τινα</strong></span> <span class='ocrx_word' id='word_1_23' title='bbox 1538 678 1728 733; x_wconf 85' lang='grc' dir='ltr'><em>τόπον</em></span> <span class='ocrx_word' id='word_1_24' title='bbox 1750 683 1897 735; x_wconf 80' lang='grc' dir='ltr'><strong>ἁνα-</strong></span> 
     </span>
    </p>
   </div>
   <div class='ocr_carea' id='block_1_6' title="bbox 392 739 1899 821">
    <p class='ocr_par' dir='ltr' id='par_1_6' title="bbox 392 739 1899 821">
     <span class='ocr_line' id='line_1_6' title="bbox 392 739 1899 821; baseline 0.011 -33"><span class='ocrx_word' id='word_1_25' title='bbox 392 739 883 821; x_wconf 47' lang='grc' dir='ltr'><strong>ςεαυόμεηαι-οὒτε</strong></span> <span class='ocrx_word' id='word_1_26' title='bbox 916 739 1155 820; x_wconf 64' lang='grc' dir='ltr'><strong>δέονται</strong></span> <span class='ocrx_word' id='word_1_27' title='bbox 1178 742 1328 821; x_wconf 55' lang='grc' dir='ltr'><strong>ὐζεὲρ</strong></span> <span class='ocrx_word' id='word_1_28' title='bbox 1353 744 1541 813; x_wconf 73' lang='grc' dir='ltr'><strong>ἡμῶν,</strong></span> <span class='ocrx_word' id='word_1_29' title='bbox 1560 751 1899 817; x_wconf 81' lang='grc' dir='ltr'><strong>αὺτοπροσ-</strong></span> 
     </span>
    </p>
   </div>
   <div class='ocr_carea' id='block_1_7' title="bbox 390 811 1897 887">
    <p class='ocr_par' dir='ltr' id='par_1_7' title="bbox 390 811 1897 887">
     <span class='ocr_line' id='line_1_7' title="bbox 390 811 1897 887; baseline 0.012 -30"><span class='ocrx_word' id='word_1_30' title='bbox 390 811 561 887; x_wconf 61' lang='lat' dir='ltr'><strong>dtan</strong></span> <span class='ocrx_word' id='word_1_31' title='bbox 610 811 687 887; x_wconf 64' lang='grc' dir='ltr'><strong>ζιῖ)</strong></span> <span class='ocrx_word' id='word_1_32' title='bbox 719 811 955 887; x_wconf 62' lang='grc' dir='ltr'><strong>Χριστῷ</strong></span> <span class='ocrx_word' id='word_1_33' title='bbox 984 811 1443 887; x_wconf 74' lang='grc' dir='ltr'><strong>παριστάμεναι,</strong></span> <span class='ocrx_word' id='word_1_34' title='bbox 1477 817 1615 870; x_wconf 83' lang='grc' dir='ltr'><strong>οὔτε</strong></span> <span class='ocrx_word' id='word_1_35' title='bbox 1650 811 1776 886; x_wconf 65' lang='grc' dir='ltr'><strong>τοῖξε</strong></span> <span class='ocrx_word' id='word_1_36' title='bbox 1801 822 1897 874; x_wconf 79' lang='grc' dir='ltr'><strong>ὲν-</strong></span> 
     </span>
    </p>
   </div>
   <div class='ocr_carea' id='block_1_8' title="bbox 387 877 1759 957">
    <p class='ocr_par' dir='ltr' id='par_1_8' title="bbox 387 877 1759 957">
     <span class='ocr_line' id='line_1_8' title="bbox 387 877 1759 957; baseline 0.012 -29"><span class='ocrx_word' id='word_1_37' title='bbox 387 877 579 930; x_wconf 83' lang='grc' dir='ltr'><strong>ταῦθα</strong></span> <span class='ocrx_word' id='word_1_38' title='bbox 607 877 766 944; x_wconf 76' lang='grc' dir='ltr'><strong>ὅλως</strong></span> <span class='ocrx_word' id='word_1_39' title='bbox 794 877 1153 948; x_wconf 69' lang='grc' dir='ltr'><strong>ἐφίστανται</strong></span> <span class='ocrx_word' id='word_1_40' title='bbox 1177 897 1190 912; x_wconf 94' lang='grc'>·</span> <span class='ocrx_word' id='word_1_41' title='bbox 1223 877 1324 938; x_wconf 55' lang='grc' dir='ltr'><strong>καί</strong></span> <span class='ocrx_word' id='word_1_42' title='bbox 1359 877 1493 953; x_wconf 76' lang='grc' dir='ltr'><strong>περὶ</strong></span> <span class='ocrx_word' id='word_1_43' title='bbox 1526 877 1759 957; x_wconf 66' lang='grc' dir='ltr'><strong>ψυχῆςξ</strong></span> 
     </span>
    </p>
   </div>
   <div class='ocr_carea' id='block_1_9' title="bbox 389 988 1897 1070">
    <p class='ocr_par' dir='ltr' id='par_1_9' title="bbox 389 988 1897 1070">
     <span class='ocr_line' id='line_1_9' title="bbox 389 988 1897 1070; baseline 0.013 -30"><span class='ocrx_word' id='word_1_44' title='bbox 389 992 461 1040; x_wconf 84' lang='grc' dir='ltr'><strong>α’.</strong></span> <span class='ocrx_word' id='word_1_45' title='bbox 483 988 545 1043; x_wconf 80' lang='lat' dir='ltr'><strong>Ol</strong></span> <span class='ocrx_word' id='word_1_46' title='bbox 571 989 900 1055; x_wconf 80' lang='grc' dir='ltr'><strong>ἀπελθόντες</strong></span> <span class='ocrx_word' id='word_1_47' title='bbox 926 991 1096 1062; x_wconf 68' lang='grc' dir='ltr'><strong>ἅγιοι,</strong></span> <span class='ocrx_word' id='word_1_48' title='bbox 1125 994 1310 1059; x_wconf 77' lang='grc' dir='ltr'><strong>καθὼς</strong></span> <span class='ocrx_word' id='word_1_49' title='bbox 1335 997 1719 1070; x_wconf 72' lang='grc' dir='ltr'><strong>ἐδιδάχθημεν,</strong></span> <span class='ocrx_word' id='word_1_50' title='bbox 1744 1003 1897 1059; x_wconf 73' lang='grc' dir='ltr'><strong>οὔπω</strong></span> 
     </span>
    </p>
   </div>
   <div class='ocr_carea' id='block_1_10' title="bbox 322 1080 1896 1162">
    <p class='ocr_par' dir='ltr' id='par_1_10' title="bbox 322 1080 1896 1162">
     <span class='ocr_line' id='line_1_10' title="bbox 322 1080 1896 1162; baseline 0.011 -31"><span class='ocrx_word' id='word_1_51' title='bbox 322 1080 423 1147; x_wconf 79' lang='grc' dir='ltr'><strong>μὲν</strong></span> <span class='ocrx_word' id='word_1_52' title='bbox 474 1083 805 1151; x_wconf 75' lang='grc' dir='ltr'><strong>ἐκομίσαντο</strong></span> <span class='ocrx_word' id='word_1_53' title='bbox 854 1087 952 1153; x_wconf 78' lang='grc' dir='ltr'><strong>τὴν</strong></span> <span class='ocrx_word' id='word_1_54' title='bbox 999 1088 1334 1157; x_wconf 78' lang='grc' dir='ltr'><strong>ἐπαγγελίαν</strong></span> <span class='ocrx_word' id='word_1_55' title='bbox 1384 1092 1629 1162; x_wconf 77' lang='grc' dir='ltr'><strong>δι’ἡμᾶς</strong></span> <span class='ocrx_word' id='word_1_56' title='bbox 1678 1096 1896 1159; x_wconf 84' lang='grc' dir='ltr'><strong>πάντως</strong></span> 
     </span>
    </p>
   </div>
   <div class='ocr_carea' id='block_1_11' title="bbox 321 1174 1897 1259">
    <p class='ocr_par' dir='ltr' id='par_1_11' title="bbox 321 1174 1897 1259">
     <span class='ocr_line' id='line_1_11' title="bbox 321 1174 1897 1259; baseline 0.011 -34"><span class='ocrx_word' id='word_1_57' title='bbox 321 1176 464 1227; x_wconf 89' lang='grc' dir='ltr'><strong>κατά</strong></span> <span class='ocrx_word' id='word_1_58' title='bbox 490 1174 582 1228; x_wconf 85' lang='grc' dir='ltr'><strong>τδν</strong></span> <span class='ocrx_word' id='word_1_59' title='bbox 614 1178 789 1246; x_wconf 80' lang='grc' dir='ltr'><strong>μέγαν</strong></span> <span class='ocrx_word' id='word_1_60' title='bbox 824 1180 1170 1246; x_wconf 67' lang='grc' dir='ltr'><strong>Ἃπόστολοὺ,</strong></span> <span class='ocrx_word' id='word_1_61' title='bbox 1204 1183 1291 1237; x_wconf 82' lang='grc' dir='ltr'><strong>ἵνα</strong></span> <span class='ocrx_word' id='word_1_62' title='bbox 1325 1185 1400 1257; x_wconf 77' lang='grc' dir='ltr'><strong>μὴ</strong></span> <span class='ocrx_word' id='word_1_63' title='bbox 1429 1188 1596 1258; x_wconf 82' lang='grc' dir='ltr'><strong>χωρὶς</strong></span> <span class='ocrx_word' id='word_1_64' title='bbox 1625 1189 1785 1259; x_wconf 80' lang='grc' dir='ltr'><strong>ἡμῶν</strong></span> <span class='ocrx_word' id='word_1_65' title='bbox 1810 1208 1897 1243; x_wconf 84' lang='grc' dir='ltr'><strong>τε·</strong></span> 
     </span>
    </p>
   </div>
   <div class='ocr_carea' id='block_1_12' title="bbox 317 1267 1896 1348">
    <p class='ocr_par' dir='ltr' id='par_1_12' title="bbox 317 1267 1896 1348">
     <span class='ocr_line' id='line_1_12' title="bbox 317 1267 1896 1348; baseline 0.012 -31"><span class='ocrx_word' id='word_1_66' title='bbox 317 1267 618 1322; x_wconf 84' lang='grc' dir='ltr'><strong>λειωθῶσιν</strong></span> <span class='ocrx_word' id='word_1_67' title='bbox 640 1286 653 1299; x_wconf 84' lang='grc'><strong>·</strong></span> <span class='ocrx_word' id='word_1_68' title='bbox 682 1270 1052 1341; x_wconf 71' lang='grc' dir='ltr'><strong>ἀρραδῶναδ’</strong></span> <span class='ocrx_word' id='word_1_69' title='bbox 1070 1276 1218 1345; x_wconf 85' lang='grc' dir='ltr'><strong>ὅμως</strong></span> <span class='ocrx_word' id='word_1_70' title='bbox 1247 1278 1513 1348; x_wconf 64' lang='grc' dir='ltr'><strong>ἐσχήκασι</strong></span> <span class='ocrx_word' id='word_1_71' title='bbox 1539 1281 1646 1334; x_wconf 84' lang='grc' dir='ltr'><strong>τῶν</strong></span> <span class='ocrx_word' id='word_1_72' title='bbox 1672 1283 1896 1336; x_wconf 80' lang='grc' dir='ltr'><strong>ἀποκει-</strong></span> 
     </span>
    </p>
   </div>
   <div class='ocr_carea' id='block_1_13' title="bbox 325 1361 1895 1441">
    <p class='ocr_par' dir='ltr' id='par_1_13' title="bbox 325 1361 1895 1441">
     <span class='ocr_line' id='line_1_13' title="bbox 325 1361 1895 1441; baseline 0.01 -31"><span class='ocrx_word' id='word_1_73' title='bbox 325 1361 505 1426; x_wconf 81' lang='grc' dir='ltr'><strong>μένων</strong></span> <span class='ocrx_word' id='word_1_74' title='bbox 540 1361 725 1424; x_wconf 79' lang='grc' dir='ltr'><strong>αύτοῖς</strong></span> <span class='ocrx_word' id='word_1_75' title='bbox 766 1363 991 1430; x_wconf 79' lang='grc' dir='ltr'>ἀγαθῶν</span> <span class='ocrx_word' id='word_1_76' title='bbox 1026 1367 1169 1420; x_wconf 83' lang='grc' dir='ltr'><strong>κατά</strong></span> <span class='ocrx_word' id='word_1_77' title='bbox 1202 1368 1294 1420; x_wconf 79' lang='grc' dir='ltr'><strong>τὸν</strong></span> <span class='ocrx_word' id='word_1_78' title='bbox 1330 1373 1757 1441; x_wconf 72' lang='grc' dir='ltr'><strong>χρυσορῤήμονα</strong></span> <span class='ocrx_word' id='word_1_79' title='bbox 1801 1372 1895 1425; x_wconf 80' lang='grc' dir='ltr'><strong>καὶ</strong></span> 
     </span>
    </p>
   </div>
   <div class='ocr_carea' id='block_1_14' title="bbox 316 1448 1895 1530">
    <p class='ocr_par' dir='ltr' id='par_1_14' title="bbox 316 1448 1895 1530">
     <span class='ocr_line' id='line_1_14' title="bbox 316 1448 1895 1530; baseline 0.008 -30"><span class='ocrx_word' id='word_1_80' title='bbox 316 1448 462 1502; x_wconf 79' lang='grc' dir='ltr'><strong>θεῖον</strong></span> <span class='ocrx_word' id='word_1_81' title='bbox 496 1450 747 1520; x_wconf 84' lang='grc' dir='ltr'><strong>Ἰωάννην</strong></span> <span class='ocrx_word' id='word_1_82' title='bbox 780 1453 842 1504; x_wconf 78' lang='grc' dir='ltr'><strong>τὸ</strong></span> <span class='ocrx_word' id='word_1_83' title='bbox 882 1454 1021 1522; x_wconf 88' lang='grc' dir='ltr'><strong>μετά</strong></span> <span class='ocrx_word' id='word_1_84' title='bbox 1058 1456 1375 1527; x_wconf 74' lang='grc' dir='ltr'><strong>παρρησίας</strong></span> <span class='ocrx_word' id='word_1_85' title='bbox 1413 1457 1781 1529; x_wconf 76' lang='grc' dir='ltr'><strong>παρίστασθαι</strong></span> <span class='ocrx_word' id='word_1_86' title='bbox 1817 1460 1895 1530; x_wconf 82' lang='grc' dir='ltr'><strong>τῷ</strong></span> 
     </span>
    </p>
   </div>
   <div class='ocr_carea' id='block_1_15' title="bbox 312 1537 1893 1620">
    <p class='ocr_par' dir='ltr' id='par_1_15' title="bbox 312 1537 1893 1620">
     <span class='ocr_line' id='line_1_15' title="bbox 312 1537 1893 1620; baseline 0.009 -31"><span class='ocrx_word' id='word_1_87' title='bbox 312 1537 457 1605; x_wconf 83' lang='grc' dir='ltr'><strong>Θεῷ,</strong></span> <span class='ocrx_word' id='word_1_88' title='bbox 482 1540 541 1591; x_wconf 76' lang='grc' dir='ltr'><strong>τὸ</strong></span> <span class='ocrx_word' id='word_1_89' title='bbox 577 1538 795 1592; x_wconf 80' lang='grc' dir='ltr'><strong>δέεσθαι</strong></span> <span class='ocrx_word' id='word_1_90' title='bbox 836 1541 975 1613; x_wconf 74' lang='grc' dir='ltr'><strong>ὑπὲρ</strong></span> <span class='ocrx_word' id='word_1_91' title='bbox 999 1542 1192 1612; x_wconf 81' lang='grc' dir='ltr'><strong>ἡμῶν,</strong></span> <span class='ocrx_word' id='word_1_92' title='bbox 1230 1547 1325 1598; x_wconf 82' lang='grc' dir='ltr'><strong>καὶ</strong></span> <span class='ocrx_word' id='word_1_93' title='bbox 1357 1546 1416 1599; x_wconf 84' lang='grc' dir='ltr'><strong>τὸ</strong></span> <span class='ocrx_word' id='word_1_94' title='bbox 1456 1549 1720 1616; x_wconf 79' lang='grc' dir='ltr'><strong>κατάγειν</strong></span> <span class='ocrx_word' id='word_1_95' title='bbox 1755 1549 1893 1620; x_wconf 82' lang='grc' dir='ltr'><strong>πρὸς</strong></span> 
     </span>
    </p>
   </div>
   <div class='ocr_carea' id='block_1_16' title="bbox 310 1630 1895 1702">
    <p class='ocr_par' dir='ltr' id='par_1_16' title="bbox 310 1630 1895 1702">
     <span class='ocr_line' id='line_1_16' title="bbox 310 1630 1895 1702; baseline 0.008 -21"><span class='ocrx_word' id='word_1_96' title='bbox 310 1631 462 1697; x_wconf 77' lang='grc' dir='ltr'><strong>ἡμᾶς</strong></span> <span class='ocrx_word' id='word_1_97' title='bbox 490 1630 698 1684; x_wconf 79' lang='grc' dir='ltr'><strong>ἀνωθεν</strong></span> <span class='ocrx_word' id='word_1_98' title='bbox 725 1633 835 1685; x_wconf 83' lang='grc' dir='ltr'><strong>πᾶν</strong></span> <span class='ocrx_word' id='word_1_99' title='bbox 859 1633 1090 1702; x_wconf 81' lang='grc' dir='ltr'><strong>δώρημα</strong></span> <span class='ocrx_word' id='word_1_100' title='bbox 1115 1635 1341 1691; x_wconf 84' lang='grc' dir='ltr'><strong>τέλειον.</strong></span> <span class='ocrx_word' id='word_1_101' title='bbox 1368 1637 1489 1690; x_wconf 84' lang='grc' dir='ltr'><strong>Ὀτι</strong></span> <span class='ocrx_word' id='word_1_102' title='bbox 1519 1638 1576 1692; x_wconf 81' lang='grc' dir='ltr'><strong>δὲ</strong></span> <span class='ocrx_word' id='word_1_103' title='bbox 1602 1638 1775 1694; x_wconf 87' lang='grc' dir='ltr'><strong>ταῦτα</strong></span> <span class='ocrx_word' id='word_1_104' title='bbox 1803 1640 1895 1693; x_wconf 83' lang='grc' dir='ltr'><strong>οῦ·-</strong></span> 
     </span>
    </p>
   </div>
   <div class='ocr_carea' id='block_1_17' title="bbox 306 1717 1889 1795">
    <p class='ocr_par' dir='ltr' id='par_1_17' title="bbox 306 1717 1889 1795">
     <span class='ocr_line' id='line_1_17' title="bbox 306 1717 1889 1795; baseline 0.011 -28"><span class='ocrx_word' id='word_1_105' title='bbox 306 1732 420 1779; x_wconf 86' lang='grc' dir='ltr'><strong>τως</strong></span> <span class='ocrx_word' id='word_1_106' title='bbox 455 1717 602 1787; x_wconf 79' lang='grc' dir='ltr'><strong>ἔχει,</strong></span> <span class='ocrx_word' id='word_1_107' title='bbox 639 1721 735 1775; x_wconf 74' lang='grc' dir='ltr'><strong>καὶ</strong></span> <span class='ocrx_word' id='word_1_108' title='bbox 768 1720 935 1774; x_wconf 85' lang='grc' dir='ltr'><strong>αὐτοῦ</strong></span> <span class='ocrx_word' id='word_1_109' title='bbox 964 1721 1060 1775; x_wconf 89' lang='grc' dir='ltr'><strong>τοῦ</strong></span> <span class='ocrx_word' id='word_1_110' title='bbox 1096 1724 1366 1794; x_wconf 83' lang='grc' dir='ltr'><strong>Κυρίλλου</strong></span> <span class='ocrx_word' id='word_1_111' title='bbox 1400 1726 1653 1795; x_wconf 70' lang='grc' dir='ltr'><strong>λέγοντος</strong></span> <span class='ocrx_word' id='word_1_112' title='bbox 1682 1730 1847 1784; x_wconf 77' lang='grc' dir='ltr'><strong>ἄκουε</strong></span> <span class='ocrx_word' id='word_1_113' title='bbox 1872 1746 1889 1762; x_wconf 78' lang='grc'><strong>⁸</strong></span> 
     </span>
    </p>
   </div>
   <div class='ocr_carea' id='block_1_18' title="bbox 319 1811 1888 1892">
    <p class='ocr_par' dir='ltr' id='par_1_18' title="bbox 319 1811 1888 1892">
     <span class='ocr_line' id='line_1_18' title="bbox 319 1811 1888 1892; baseline 0.008 -29"><span class='ocrx_word' id='word_1_114' title='bbox 319 1811 388 1863; x_wconf 83' lang='grc' dir='ltr'><strong>Ἠ</strong></span> <span class='ocrx_word' id='word_1_115' title='bbox 421 1811 615 1880; x_wconf 79' lang='grc' dir='ltr'><strong>λογικὴ</strong></span> <span class='ocrx_word' id='word_1_116' title='bbox 649 1812 797 1882; x_wconf 75' lang='grc' dir='ltr'><strong>ψυχὴ</strong></span> <span class='ocrx_word' id='word_1_117' title='bbox 830 1815 921 1866; x_wconf 74' lang='grc' dir='ltr'><strong>καὶ</strong></span> <span class='ocrx_word' id='word_1_118' title='bbox 959 1817 1098 1884; x_wconf 83' lang='grc' dir='ltr'><strong>μετά</strong></span> <span class='ocrx_word' id='word_1_119' title='bbox 1125 1816 1225 1886; x_wconf 82' lang='grc' dir='ltr'><strong>τὴν</strong></span> <span class='ocrx_word' id='word_1_120' title='bbox 1255 1818 1350 1871; x_wconf 92' lang='grc' dir='ltr'><strong>τοῦ</strong></span> <span class='ocrx_word' id='word_1_121' title='bbox 1384 1818 1641 1889; x_wconf 78' lang='grc' dir='ltr'><strong>σώματος</strong></span> <span class='ocrx_word' id='word_1_122' title='bbox 1671 1821 1888 1892; x_wconf 76' lang='grc' dir='ltr'><strong>ἀναχώο</strong></span> 
     </span>
    </p>
   </div>
   <div class='ocr_carea' id='block_1_19' title="bbox 307 1902 1886 1985">
    <p class='ocr_par' dir='ltr' id='par_1_19' title="bbox 307 1902 1886 1985">
     <span class='ocr_line' id='line_1_19' title="bbox 307 1902 1886 1985; baseline 0.01 -32"><span class='ocrx_word' id='word_1_123' title='bbox 307 1920 473 1972; x_wconf 85' lang='grc' dir='ltr'><strong>ρησιν</strong></span> <span class='ocrx_word' id='word_1_124' title='bbox 512 1905 606 1955; x_wconf 75' lang='grc' dir='ltr'><strong>καὶ</strong></span> <span class='ocrx_word' id='word_1_125' title='bbox 645 1902 712 1974; x_wconf 79' lang='grc' dir='ltr'><strong>ζῇ</strong></span> <span class='ocrx_word' id='word_1_126' title='bbox 755 1906 847 1957; x_wconf 75' lang='grc' dir='ltr'><strong>καὶ</strong></span> <span class='ocrx_word' id='word_1_127' title='bbox 884 1906 1131 1977; x_wconf 80' lang='grc' dir='ltr'><strong>διαμένει</strong></span> <span class='ocrx_word' id='word_1_128' title='bbox 1172 1909 1268 1964; x_wconf 79' lang='grc' dir='ltr'><strong>καὶ</strong></span> <span class='ocrx_word' id='word_1_129' title='bbox 1309 1910 1462 1965; x_wconf 85' lang='grc' dir='ltr'><strong>λαλεί</strong></span> <span class='ocrx_word' id='word_1_130' title='bbox 1502 1913 1886 1985; x_wconf 79' lang='grc' dir='ltr'><strong>καταλλήλως,</strong></span> 
     </span>
    </p>
   </div>
   <div class='ocr_carea' id='block_1_20' title="bbox 306 1994 1887 2073">
    <p class='ocr_par' dir='ltr' id='par_1_20' title="bbox 306 1994 1887 2073">
     <span class='ocr_line' id='line_1_20' title="bbox 306 1994 1887 2073; baseline 0.008 -27"><span class='ocrx_word' id='word_1_131' title='bbox 306 1994 407 2047; x_wconf 75' lang='grc' dir='ltr'><strong>καὶ</strong></span> <span class='ocrx_word' id='word_1_132' title='bbox 434 1997 647 2067; x_wconf 69' lang='grc' dir='ltr'><strong>ἐνεργεῖ</strong></span> <span class='ocrx_word' id='word_1_133' title='bbox 667 2012 681 2027; x_wconf 88' lang='grc'><strong>·</strong></span> <span class='ocrx_word' id='word_1_134' title='bbox 711 1998 978 2063; x_wconf 79' lang='grc' dir='ltr'><strong>ὡσαύτως</strong></span> <span class='ocrx_word' id='word_1_135' title='bbox 1005 2002 1100 2054; x_wconf 77' lang='grc' dir='ltr'><strong>καὶ</strong></span> <span class='ocrx_word' id='word_1_136' title='bbox 1125 2001 1260 2055; x_wconf 86' lang='grc' dir='ltr'><strong>Θεοῦ</strong></span> <span class='ocrx_word' id='word_1_137' title='bbox 1289 2005 1727 2073; x_wconf 78' lang='grc' dir='ltr'><strong>προστάσσοντος</strong></span> <span class='ocrx_word' id='word_1_138' title='bbox 1754 2006 1887 2058; x_wconf 86' lang='grc' dir='ltr'><strong>ἀπο-</strong></span> 
     </span>
    </p>
   </div>
   <div class='ocr_carea' id='block_1_21' title="bbox 303 2085 1882 2167">
    <p class='ocr_par' dir='ltr' id='par_1_21' title="bbox 303 2085 1882 2167">
     <span class='ocr_line' id='line_1_21' title="bbox 303 2085 1882 2167; baseline 0.008 -30"><span class='ocrx_word' id='word_1_139' title='bbox 303 2085 589 2140; x_wconf 79' lang='grc' dir='ltr'><strong>στέλλεται</strong></span> <span class='ocrx_word' id='word_1_140' title='bbox 616 2089 697 2150; x_wconf 84' lang='grc' dir='ltr'><strong>είς</strong></span> <span class='ocrx_word' id='word_1_141' title='bbox 729 2089 878 2142; x_wconf 86' lang='grc' dir='ltr'><strong>τόνδε</strong></span> <span class='ocrx_word' id='word_1_142' title='bbox 908 2092 998 2144; x_wconf 77' lang='grc' dir='ltr'><strong>τὸν</strong></span> <span class='ocrx_word' id='word_1_143' title='bbox 1029 2092 1142 2162; x_wconf 75' lang='grc' dir='ltr'><strong>βίον</strong></span> <span class='ocrx_word' id='word_1_144' title='bbox 1171 2093 1259 2147; x_wconf 80' lang='grc' dir='ltr'><strong>διὰ</strong></span> <span class='ocrx_word' id='word_1_145' title='bbox 1288 2093 1490 2167; x_wconf 81' lang='grc' dir='ltr'><strong>πολλὴν</strong></span> <span class='ocrx_word' id='word_1_146' title='bbox 1518 2096 1842 2166; x_wconf 83' lang='grc' dir='ltr'><strong>εὐεργεσίαν</strong></span> <span class='ocrx_word' id='word_1_147' title='bbox 1867 2113 1882 2128; x_wconf 89' lang='grc'><strong>·</strong></span> 
     </span>
    </p>
   </div>
   <div class='ocr_carea' id='block_1_22' title="bbox 200 2178 1885 2259">
    <p class='ocr_par' dir='ltr' id='par_1_22' title="bbox 200 2178 1885 2259">
     <span class='ocr_line' id='line_1_22' title="bbox 200 2178 1885 2259; baseline 0.007 -31"><span class='ocrx_word' id='word_1_148' title='bbox 200 2236 201 2239; x_wconf 26' lang='grc' dir='ltr'><strong>η</strong></span> <span class='ocrx_word' id='word_1_149' title='bbox 299 2180 401 2229; x_wconf 80' lang='grc' dir='ltr'><strong>καὶ</strong></span> <span class='ocrx_word' id='word_1_150' title='bbox 447 2180 555 2249; x_wconf 83' lang='grc' dir='ltr'><strong>γὰρ</strong></span> <span class='ocrx_word' id='word_1_151' title='bbox 606 2178 961 2252; x_wconf 86' lang='grc' dir='ltr'><strong>αύτοκίνητος</strong></span> <span class='ocrx_word' id='word_1_152' title='bbox 1006 2179 1178 2247; x_wconf 84' lang='grc' dir='ltr'><strong>οῦσα,</strong></span> <span class='ocrx_word' id='word_1_153' title='bbox 1222 2185 1475 2239; x_wconf 80' lang='grc' dir='ltr'><strong>οὐδέποτε</strong></span> <span class='ocrx_word' id='word_1_154' title='bbox 1524 2187 1885 2259; x_wconf 83' lang='grc' dir='ltr'><strong>ἀνενέργητος</strong></span> 
     </span>
    </p>
   </div>
   <div class='ocr_carea' id='block_1_23' title="bbox 303 2270 1885 2347">
    <p class='ocr_par' dir='ltr' id='par_1_23' title="bbox 303 2270 1885 2347">
     <span class='ocr_line' id='line_1_23' title="bbox 303 2270 1885 2347; baseline 0.008 -27"><span class='ocrx_word' id='word_1_155' title='bbox 303 2271 486 2339; x_wconf 81' lang='grc' dir='ltr'><strong>μένει.</strong></span> <span class='ocrx_word' id='word_1_156' title='bbox 526 2270 693 2325; x_wconf 82' lang='grc' dir='ltr'><strong>Ταῦτ’</strong></span> <span class='ocrx_word' id='word_1_157' title='bbox 716 2274 810 2327; x_wconf 84' lang='grc' dir='ltr'><strong>οῦν</strong></span> <span class='ocrx_word' id='word_1_158' title='bbox 846 2274 1156 2329; x_wconf 72' lang='grc' dir='ltr'><strong>ἐπιϐεϐαιοί</strong></span> <span class='ocrx_word' id='word_1_159' title='bbox 1192 2277 1291 2330; x_wconf 79' lang='grc' dir='ltr'><strong>καὶ</strong></span> <span class='ocrx_word' id='word_1_160' title='bbox 1326 2278 1355 2330; x_wconf 90' lang='lat'><strong>6</strong></span> <span class='ocrx_word' id='word_1_161' title='bbox 1394 2279 1566 2347; x_wconf 71' lang='grc' dir='ltr'><strong>μέγας</strong></span> <span class='ocrx_word' id='word_1_162' title='bbox 1610 2280 1885 2345; x_wconf 81' lang='grc' dir='ltr'><strong>Βασίλειος</strong></span> 
     </span>
    </p>
   </div>
   <div class='ocr_carea' id='block_1_24' title="bbox 297 2361 1883 2437">
    <p class='ocr_par' dir='ltr' id='par_1_24' title="bbox 297 2361 1883 2437">
     <span class='ocr_line' id='line_1_24' title="bbox 297 2361 1883 2437; baseline 0.007 -24"><span class='ocrx_word' id='word_1_163' title='bbox 297 2361 451 2414; x_wconf 78' lang='grc' dir='ltr'><strong>οὕτω</strong></span> <span class='ocrx_word' id='word_1_164' title='bbox 491 2363 665 2430; x_wconf 75' lang='grc' dir='ltr'><strong>λέγων</strong></span> <span class='ocrx_word' id='word_1_165' title='bbox 689 2379 706 2396; x_wconf 79' lang='grc' dir='ltr'><strong><em>ο</em></strong></span> <span class='ocrx_word' id='word_1_166' title='bbox 746 2364 965 2435; x_wconf 82' lang='grc' dir='ltr'><strong>Ἀμέλει</strong></span> <span class='ocrx_word' id='word_1_167' title='bbox 1002 2368 1095 2421; x_wconf 59' lang='grc' dir='ltr'><strong>καὶ⁵</strong></span> <span class='ocrx_word' id='word_1_168' title='bbox 1136 2367 1281 2421; x_wconf 82' lang='grc' dir='ltr'><strong>κατά</strong></span> <span class='ocrx_word' id='word_1_169' title='bbox 1319 2370 1446 2433; x_wconf 78' lang='grc' dir='ltr'><strong>τοὺς</strong></span> <span class='ocrx_word' id='word_1_170' title='bbox 1486 2370 1752 2437; x_wconf 67' lang='grc' dir='ltr'><strong>ἀγγέλους</strong></span> <span class='ocrx_word' id='word_1_171' title='bbox 1789 2371 1883 2425; x_wconf 86' lang='grc' dir='ltr'><strong>τοῦ</strong></span> 
     </span>
    </p>
   </div>
   <div class='ocr_carea' id='block_1_25' title="bbox 295 2455 1882 2532">
    <p class='ocr_par' dir='ltr' id='par_1_25' title="bbox 295 2455 1882 2532">
     <span class='ocr_line' id='line_1_25' title="bbox 295 2455 1882 2532; baseline 0.008 -27"><span class='ocrx_word' id='word_1_172' title='bbox 295 2457 622 2523; x_wconf 79' lang='grc' dir='ltr'><strong>σωματικοῦ</strong></span> <span class='ocrx_word' id='word_1_173' title='bbox 670 2455 894 2511; x_wconf 83' lang='grc' dir='ltr'><strong>λυθεῖσα</strong></span> <span class='ocrx_word' id='word_1_174' title='bbox 942 2459 1144 2528; x_wconf 78' lang='grc' dir='ltr'><strong>δεσμοῦ</strong></span> <span class='ocrx_word' id='word_1_175' title='bbox 1196 2462 1230 2531; x_wconf 79' lang='grc' dir='ltr'><strong>ἠ</strong></span> <span class='ocrx_word' id='word_1_176' title='bbox 1276 2461 1443 2532; x_wconf 77' lang='grc' dir='ltr'><strong>ψυχὴ,</strong></span> <span class='ocrx_word' id='word_1_177' title='bbox 1488 2463 1772 2518; x_wconf 76' lang='grc' dir='ltr'><strong>ἀναϐαίνει</strong></span> <span class='ocrx_word' id='word_1_178' title='bbox 1823 2483 1882 2518; x_wconf 83' lang='grc' dir='ltr'><strong>τε</strong></span> 
     </span>
    </p>
   </div>
   <div class='ocr_carea' id='block_1_26' title="bbox 293 2548 1884 2624">
    <p class='ocr_par' dir='ltr' id='par_1_26' title="bbox 293 2548 1884 2624">
     <span class='ocr_line' id='line_1_26' title="bbox 293 2548 1884 2624; baseline 0.006 -25"><span class='ocrx_word' id='word_1_179' title='bbox 293 2550 397 2600; x_wconf 74' lang='grc' dir='ltr'><strong>καὶ</strong></span> <span class='ocrx_word' id='word_1_180' title='bbox 422 2548 744 2604; x_wconf 74' lang='grc' dir='ltr'><strong>καταϐαίνει</strong></span> <span class='ocrx_word' id='word_1_181' title='bbox 763 2591 779 2617; x_wconf 95' lang='grc'><strong>,</strong></span> <span class='ocrx_word' id='word_1_182' title='bbox 807 2551 903 2605; x_wconf 77' lang='grc' dir='ltr'><strong>καὶ</strong></span> <span class='ocrx_word' id='word_1_183' title='bbox 927 2550 1320 2607; x_wconf 73' lang='grc' dir='ltr'><strong>ἀποστέλλεται</strong></span> <span class='ocrx_word' id='word_1_184' title='bbox 1346 2553 1415 2607; x_wconf 80' lang='grc' dir='ltr'><strong>δι’</strong></span> <span class='ocrx_word' id='word_1_185' title='bbox 1438 2554 1761 2624; x_wconf 80' lang='grc' dir='ltr'><strong>εὐεργεσίαν</strong></span> <span class='ocrx_word' id='word_1_186' title='bbox 1789 2558 1884 2611; x_wconf 80' lang='grc' dir='ltr'><strong>καὶ</strong></span> 
     </span>
    </p>
   </div>
   <div class='ocr_carea' id='block_1_27' title="bbox 291 2640 1883 2717">
    <p class='ocr_par' dir='ltr' id='par_1_27' title="bbox 291 2640 1883 2717">
     <span class='ocr_line' id='line_1_27' title="bbox 291 2640 1883 2717; baseline 0.006 -26"><span class='ocrx_word' id='word_1_187' title='bbox 291 2640 570 2709; x_wconf 73' lang='grc' dir='ltr'><strong>ὠφέλειαν</strong></span> <span class='ocrx_word' id='word_1_188' title='bbox 618 2642 872 2697; x_wconf 77' lang='grc' dir='ltr'><strong>πολλῶν·</strong></span> <span class='ocrx_word' id='word_1_189' title='bbox 924 2647 1163 2716; x_wconf 81' lang='grc' dir='ltr'><strong>ὁπηνίκα</strong></span> <span class='ocrx_word' id='word_1_190' title='bbox 1212 2647 1398 2699; x_wconf 84' lang='grc' dir='ltr'><strong>λοιπδν</strong></span> <span class='ocrx_word' id='word_1_191' title='bbox 1448 2646 1732 2717; x_wconf 76' lang='grc' dir='ltr'><strong>διηθῶμεν</strong></span> <span class='ocrx_word' id='word_1_192' title='bbox 1784 2650 1883 2717; x_wconf 83' lang='grc' dir='ltr'><strong>τῆς</strong></span> 
     </span>
    </p>
   </div>
   <div class='ocr_carea' id='block_1_28' title="bbox 291 2733 1880 2810">
    <p class='ocr_par' dir='ltr' id='par_1_28' title="bbox 291 2733 1880 2810">
     <span class='ocr_line' id='line_1_28' title="bbox 291 2733 1880 2810; baseline 0.006 -25"><span class='ocrx_word' id='word_1_193' title='bbox 291 2733 483 2785; x_wconf 79' lang='grc' dir='ltr'><strong>αὐτῶν</strong></span> <span class='ocrx_word' id='word_1_194' title='bbox 514 2735 796 2803; x_wconf 86' lang='grc' dir='ltr'><strong>μεσιτείας</strong></span> <span class='ocrx_word' id='word_1_195' title='bbox 817 2752 877 2787; x_wconf 87' lang='grc' dir='ltr'><strong>τε</strong></span> <span class='ocrx_word' id='word_1_196' title='bbox 910 2738 1004 2789; x_wconf 73' lang='grc' dir='ltr'><strong>καὶ</strong></span> <span class='ocrx_word' id='word_1_197' title='bbox 1034 2738 1401 2808; x_wconf 79' lang='grc' dir='ltr'><strong>ἀντιλήψεως,</strong></span> <span class='ocrx_word' id='word_1_198' title='bbox 1431 2740 1562 2792; x_wconf 66' lang='grc' dir='ltr'><strong>ποτε</strong></span> <span class='ocrx_word' id='word_1_199' title='bbox 1595 2742 1693 2810; x_wconf 75' lang='grc' dir='ltr'><strong>μὲν</strong></span> <span class='ocrx_word' id='word_1_200' title='bbox 1720 2741 1880 2794; x_wconf 88' lang='grc' dir='ltr'><strong>αῦται</strong></span> 
     </span>
    </p>
   </div>
   <div class='ocr_carea' id='block_1_29' title="bbox 289 2823 1881 2897">
    <p class='ocr_par' dir='ltr' id='par_1_29' title="bbox 289 2823 1881 2897">
     <span class='ocr_line' id='line_1_29' title="bbox 289 2823 1881 2897; baseline 0.008 -22"><span class='ocrx_word' id='word_1_201' title='bbox 289 2823 368 2876; x_wconf 84' lang='grc' dir='ltr'><strong>δι’</strong></span> <span class='ocrx_word' id='word_1_202' title='bbox 389 2825 601 2879; x_wconf 76' lang='grc' dir='ltr'><strong>ἑαυτῶν</strong></span> <span class='ocrx_word' id='word_1_203' title='bbox 628 2828 757 2897; x_wconf 74' lang='grc' dir='ltr'><strong>ἡμῖν</strong></span> <span class='ocrx_word' id='word_1_204' title='bbox 785 2828 1127 2897; x_wconf 76' lang='grc' dir='ltr'><strong>ἐφίστανται.</strong></span> <span class='ocrx_word' id='word_1_205' title='bbox 1156 2830 1287 2884; x_wconf 76' lang='grc' dir='ltr'><strong>ποτὲ</strong></span> <span class='ocrx_word' id='word_1_206' title='bbox 1314 2832 1371 2884; x_wconf 77' lang='grc' dir='ltr'><strong>δὲ</strong></span> <span class='ocrx_word' id='word_1_207' title='bbox 1398 2832 1515 2885; x_wconf 80' lang='grc' dir='ltr'><strong>ἀντ’</strong></span> <span class='ocrx_word' id='word_1_208' title='bbox 1536 2833 1720 2887; x_wconf 82' lang='grc' dir='ltr'><strong>αὐτῶν</strong></span> <span class='ocrx_word' id='word_1_209' title='bbox 1746 2835 1881 2891; x_wconf 85' lang='grc' dir='ltr'><strong>θεῖοι</strong></span> 
     </span>
    </p>
   </div>
   <div class='ocr_carea' id='block_1_30' title="bbox 290 2918 1879 2993">
    <p class='ocr_par' dir='ltr' id='par_1_30' title="bbox 290 2918 1879 2993">
     <span class='ocr_line' id='line_1_30' title="bbox 290 2918 1879 2993; baseline 0.006 -24"><span class='ocrx_word' id='word_1_210' title='bbox 290 2918 609 2972; x_wconf 72' lang='grc' dir='ltr'><strong>στέλλονται</strong></span> <span class='ocrx_word' id='word_1_211' title='bbox 641 2919 888 2988; x_wconf 73' lang='grc' dir='ltr'><strong>ἄγγελοι,</strong></span> <span class='ocrx_word' id='word_1_212' title='bbox 915 2920 1011 2973; x_wconf 78' lang='grc' dir='ltr'><strong>καὶ</strong></span> <span class='ocrx_word' id='word_1_213' title='bbox 1041 2921 1215 2974; x_wconf 71' lang='grc' dir='ltr'><strong>ἐνίοτε</strong></span> <span class='ocrx_word' id='word_1_214' title='bbox 1247 2922 1387 2993; x_wconf 78' lang='grc' dir='ltr'><strong>αὑτὴ</strong></span> <span class='ocrx_word' id='word_1_215' title='bbox 1419 2923 1452 2992; x_wconf 82' lang='grc' dir='ltr'>ή</span> <span class='ocrx_word' id='word_1_216' title='bbox 1482 2923 1575 2976; x_wconf 89' lang='grc' dir='ltr'><strong>τοῦ</strong></span> <span class='ocrx_word' id='word_1_217' title='bbox 1608 2925 1879 2993; x_wconf 83' lang='grc' dir='ltr'><strong>παναγίου</strong></span> 
     </span>
    </p>
   </div>
   <div class='ocr_carea' id='block_1_31' title="bbox 290 3012 1885 3085">
    <p class='ocr_par' dir='ltr' id='par_1_31' title="bbox 290 3012 1885 3085">
     <span class='ocr_line' id='line_1_31' title="bbox 290 3012 1885 3085; baseline 0.004 -21"><span class='ocrx_word' id='word_1_218' title='bbox 290 3012 615 3081; x_wconf 80' lang='grc' dir='ltr'><strong>Πνεύματος</strong></span> <span class='ocrx_word' id='word_1_219' title='bbox 662 3014 843 3084; x_wconf 81' lang='grc' dir='ltr'><strong>χάρις,</strong></span> <span class='ocrx_word' id='word_1_220' title='bbox 889 3014 964 3077; x_wconf 85' lang='grc' dir='ltr'><strong>ὡς</strong></span> <span class='ocrx_word' id='word_1_221' title='bbox 1010 3013 1140 3079; x_wconf 79' lang='grc' dir='ltr'><strong>οῐδε,</strong></span> <span class='ocrx_word' id='word_1_222' title='bbox 1176 3014 1496 3085; x_wconf 83' lang='grc' dir='ltr'><strong>παραδόξως</strong></span> <span class='ocrx_word' id='word_1_223' title='bbox 1544 3014 1840 3071; x_wconf 83' lang='grc' dir='ltr'><strong>ὀπτάνεται</strong></span> <span class='ocrx_word' id='word_1_224' title='bbox 1869 3033 1885 3049; x_wconf 88' lang='grc'><strong>·</strong></span> 
     </span>
    </p>
   </div>
   <div class='ocr_carea' id='block_1_32' title="bbox 1665 313 2300 379">
    <p class='ocr_par' dir='ltr' id='par_1_32' title="bbox 1665 313 2300 379">
     <span class='ocr_line' id='line_1_32' title="bbox 1665 313 2300 379; baseline 0.009 -7"><span class='ocrx_word' id='word_1_225' title='bbox 1665 313 2033 377; x_wconf 83' lang='lat' dir='ltr'><strong>EPISTOLA</strong></span> <span class='ocrx_word' id='word_1_226' title='bbox 2078 318 2300 379; x_wconf 75' lang='lat' dir='ltr'>XVIII.</span> 
     </span>
    </p>
   </div>
   <div class='ocr_carea' id='block_1_33' title="bbox 1926 432 1981 490">
    <p class='ocr_par' dir='ltr' id='par_1_33' title="bbox 1926 432 1981 490">
     <span class='ocr_line' id='line_1_33' title="bbox 1926 432 1981 490; baseline 0 0"><span class='ocrx_word' id='word_1_227' title='bbox 1926 432 1981 490; x_wconf 77' lang='grc' dir='ltr'><strong>Δ</strong></span> 
     </span>
    </p>
   </div>
   <div class='ocr_carea' id='block_1_34' title="bbox 3480 329 3579 392">
    <p class='ocr_par' dir='ltr' id='par_1_34' title="bbox 3480 329 3579 392">
     <span class='ocr_line' id='line_1_34' title="bbox 3480 329 3579 392; baseline 0.04 -3"><span class='ocrx_word' id='word_1_228' title='bbox 3480 329 3579 392; x_wconf 71' lang='lat' dir='ltr'><strong>9N</strong></span> 
     </span>
    </p>
   </div>
   <div class='ocr_carea' id='block_1_35' title="bbox 2505 438 3091 501">
    <p class='ocr_par' dir='ltr' id='par_1_35' title="bbox 2505 438 3091 501">
     <span class='ocr_line' id='line_1_35' title="bbox 2505 438 3091 501; baseline 0.015 -9"><span class='ocrx_word' id='word_1_229' title='bbox 2505 438 2843 495; x_wconf 71' lang='lat' dir='ltr'><strong>EPISTULA</strong></span> <span class='ocrx_word' id='word_1_230' title='bbox 2903 441 3091 501; x_wconf 78' lang='lat' dir='ltr'>XVIII.</span> 
     </span>
    </p>
   </div>
   <div class='ocr_carea' id='block_1_36' title="bbox 2003 545 3582 611">
    <p class='ocr_par' dir='ltr' id='par_1_36' title="bbox 2003 545 3582 611">
     <span class='ocr_line' id='line_1_36' title="bbox 2003 545 3582 611; baseline 0.007 -12"><span class='ocrx_word' id='word_1_231' title='bbox 2003 545 2241 604; x_wconf 75' lang='lat' dir='ltr'><strong>Maxime</strong></span> <span class='ocrx_word' id='word_1_232' title='bbox 2295 554 2589 605; x_wconf 65' lang='lat' dir='ltr'><strong>venerando</strong></span> <span class='ocrx_word' id='word_1_233' title='bbox 2644 556 2894 609; x_wconf 83' lang='lat' dir='ltr'><strong>monacho</strong></span> <span class='ocrx_word' id='word_1_234' title='bbox 2945 566 2996 610; x_wconf 81' lang='lat' dir='ltr'><strong>et</strong></span> <span class='ocrx_word' id='word_1_235' title='bbox 3058 559 3339 611; x_wconf 81' lang='lat' dir='ltr'><strong>domestico</strong></span> <span class='ocrx_word' id='word_1_236' title='bbox 3389 557 3582 610; x_wconf 78' lang='lat' dir='ltr'><strong>domno</strong></span> 
     </span>
    </p>
   </div>
   <div class='ocr_carea' id='block_1_37' title="bbox 2071 617 3584 694">
    <p class='ocr_par' dir='ltr' id='par_1_37' title="bbox 2071 617 3584 694">
     <span class='ocr_line' id='line_1_37' title="bbox 2071 617 3584 694; baseline 0.005 -22"><span class='ocrx_word' id='word_1_237' title='bbox 2071 617 2341 694; x_wconf 14' lang='lat' dir='ltr'><strong>[snitu—7</strong></span> <span class='ocrx_word' id='word_1_238' title='bbox 2364 622 2510 675; x_wconf 82' lang='lat' dir='ltr'><strong>Nunt</strong></span> <span class='ocrx_word' id='word_1_239' title='bbox 2535 625 2825 679; x_wconf 79' lang='lat' dir='ltr'><strong>adhibenda</strong></span> <span class='ocrx_word' id='word_1_240' title='bbox 2858 627 2985 694; x_wconf 76' lang='lat' dir='ltr'><strong>ﬁdes</strong></span> <span class='ocrx_word' id='word_1_241' title='bbox 3012 629 3078 680; x_wconf 86' lang='lat' dir='ltr'><strong>sit</strong></span> <span class='ocrx_word' id='word_1_242' title='bbox 3105 628 3415 691; x_wconf 71' lang='lat' dir='ltr'><strong>dicentibus,</strong></span> <span class='ocrx_word' id='word_1_243' title='bbox 3444 627 3584 694; x_wconf 81' lang='lat' dir='ltr'><strong>quod</strong></span> 
     </span>
    </p>
   </div>
   <div class='ocr_carea' id='block_1_38' title="bbox 2070 689 3585 767">
    <p class='ocr_par' dir='ltr' id='par_1_38' title="bbox 2070 689 3585 767">
     <span class='ocr_line' id='line_1_38' title="bbox 2070 689 3585 767; baseline 0.007 -27"><span class='ocrx_word' id='word_1_244' title='bbox 2070 689 2191 767; x_wconf 62' lang='lat' dir='ltr'><strong>{tina</strong></span> <span class='ocrx_word' id='word_1_245' title='bbox 2220 689 3027 767; x_wconf 65' lang='lat' dir='ltr'><strong>profectcesauctorumunima&#39;</strong></span> <span class='ocrx_word' id='word_1_246' title='bbox 3053 698 3107 750; x_wconf 83' lang='lat' dir='ltr'><strong>in</strong></span> <span class='ocrx_word' id='word_1_247' title='bbox 3139 697 3367 767; x_wconf 82' lang='lat' dir='ltr'><strong>aliquem</strong></span> <span class='ocrx_word' id='word_1_248' title='bbox 3392 689 3585 767; x_wconf 74' lang='lat' dir='ltr'><strong>quietis</strong></span> 
     </span>
    </p>
   </div>
   <div class='ocr_carea' id='block_1_39' title="bbox 2072 758 3584 837">
    <p class='ocr_par' dir='ltr' id='par_1_39' title="bbox 2072 758 3584 837">
     <span class='ocr_line' id='line_1_39' title="bbox 2072 758 3584 837; baseline 0.003 -25"><span class='ocrx_word' id='word_1_249' title='bbox 2072 758 2265 821; x_wconf 87' lang='lat' dir='ltr'><strong>locum,</strong></span> <span class='ocrx_word' id='word_1_250' title='bbox 2306 758 2697 837; x_wconf 5' lang='lat' dir='ltr'><strong>nonAjamgpro</strong></span> <span class='ocrx_word' id='word_1_251' title='bbox 2740 765 2887 818; x_wconf 83' lang='lat' dir='ltr'><strong>nobis</strong></span> <span class='ocrx_word' id='word_1_252' title='bbox 2940 783 3114 835; x_wconf 81' lang='lat' dir='ltr'><strong>preces</strong></span> <span class='ocrx_word' id='word_1_253' title='bbox 3168 758 3483 837; x_wconf 39' lang='lat' dir='ltr'><strong>faciunt-ac</strong></span> <span class='ocrx_word' id='word_1_254' title='bbox 3526 766 3584 817; x_wconf 83' lang='lat' dir='ltr'><strong>in</strong></span> 
     </span>
    </p>
   </div>
   <div class='ocr_carea' id='block_1_40' title="bbox 2071 831 3647 893">
    <p class='ocr_par' dir='ltr' id='par_1_40' title="bbox 2071 831 3647 893">
     <span class='ocr_line' id='line_1_40' title="bbox 2071 831 3647 893; baseline 0.004 -12"><span class='ocrx_word' id='word_1_255' title='bbox 2071 838 2343 893; x_wconf 76' lang='lat' dir='ltr'><strong>conspectu</strong></span> <span class='ocrx_word' id='word_1_256' title='bbox 2404 831 2601 887; x_wconf 79' lang='lat' dir='ltr'><strong>Christi</strong></span> <span class='ocrx_word' id='word_1_257' title='bbox 2648 845 2880 889; x_wconf 73' lang='lat' dir='ltr'><strong>astantes</strong></span> <span class='ocrx_word' id='word_1_258' title='bbox 2926 831 3073 890; x_wconf 77' lang='lat' dir='ltr'><strong>nullo</strong></span> <span class='ocrx_word' id='word_1_259' title='bbox 3116 831 3272 891; x_wconf 70' lang='lat' dir='ltr'><strong>modo</strong></span> <span class='ocrx_word' id='word_1_260' title='bbox 3333 840 3396 889; x_wconf 86' lang='lat' dir='ltr'><strong>de</strong></span> <span class='ocrx_word' id='word_1_261' title='bbox 3441 845 3585 888; x_wconf 71' lang='lat' dir='ltr'><strong>terra</strong></span> <span class='ocrx_word' id='word_1_262' title='bbox 3644 840 3647 843; x_wconf 73' lang='grc'><em>’</em></span> 
     </span>
    </p>
   </div>
   <div class='ocr_carea' id='block_1_41' title="bbox 2069 896 3657 960">
    <p class='ocr_par' dir='ltr' id='par_1_41' title="bbox 2069 896 3657 960">
     <span class='ocr_line' id='line_1_41' title="bbox 2069 896 3657 960; baseline 0.011 -10"><span class='ocrx_word' id='word_1_263' title='bbox 2069 911 2257 951; x_wconf 85' lang='lat' dir='ltr'><strong>curant</strong></span> <span class='ocrx_word' id='word_1_264' title='bbox 2286 915 2319 952; x_wconf 55' lang='grc' dir='ltr'><strong>ελ</strong></span> <span class='ocrx_word' id='word_1_265' title='bbox 2338 902 2459 955; x_wconf 84' lang='lat' dir='ltr'><strong>item</strong></span> <span class='ocrx_word' id='word_1_266' title='bbox 2489 903 2550 956; x_wconf 82' lang='lat' dir='ltr'><strong>de</strong></span> <span class='ocrx_word' id='word_1_267' title='bbox 2578 904 2784 960; x_wconf 79' lang='lat' dir='ltr'><strong>anima.</strong></span> <span class='ocrx_word' id='word_1_268' title='bbox 3647 896 3657 917; x_wconf 38' lang='grc' dir='ltr'><strong>ι</strong></span> 
     </span>
    </p>
   </div>
   <div class='ocr_carea' id='block_1_42' title="bbox 2071 1008 3581 1086">
    <p class='ocr_par' dir='ltr' id='par_1_42' title="bbox 2071 1008 3581 1086">
     <span class='ocr_line' id='line_1_42' title="bbox 2071 1008 3581 1086; baseline 0.008 -19"><span class='ocrx_word' id='word_1_269' title='bbox 2071 1015 2123 1068; x_wconf 79' lang='grc'><strong>1.</strong></span> <span class='ocrx_word' id='word_1_270' title='bbox 2167 1013 2352 1069; x_wconf 89' lang='lat' dir='ltr'><strong>Sancti</strong></span> <span class='ocrx_word' id='word_1_271' title='bbox 2391 1015 2517 1070; x_wconf 84' lang='lat' dir='ltr'><strong>hinc</strong></span> <span class='ocrx_word' id='word_1_272' title='bbox 2551 1017 2779 1085; x_wconf 80' lang='lat' dir='ltr'><strong>proiecti</strong></span> <span class='ocrx_word' id='word_1_273' title='bbox 2807 1058 2823 1083; x_wconf 95' lang='lat'><strong>,</strong></span> <span class='ocrx_word' id='word_1_274' title='bbox 2860 1029 2919 1074; x_wconf 91' lang='lat' dir='ltr'><strong>ut</strong></span> <span class='ocrx_word' id='word_1_275' title='bbox 2952 1022 3297 1086; x_wconf 82' lang='lat' dir='ltr'><strong>audivimus,</strong></span> <span class='ocrx_word' id='word_1_276' title='bbox 3330 1008 3581 1078; x_wconf 81' lang='lat' dir='ltr'><strong>nondum</strong></span> 
     </span>
    </p>
   </div>
   <div class='ocr_carea' id='block_1_43' title="bbox 2000 1106 3580 1186">
    <p class='ocr_par' dir='ltr' id='par_1_43' title="bbox 2000 1106 3580 1186">
     <span class='ocr_line' id='line_1_43' title="bbox 2000 1106 3580 1186; baseline 0.004 -25"><span class='ocrx_word' id='word_1_277' title='bbox 2000 1106 2391 1175; x_wconf 67' lang='lat' dir='ltr'><strong>promis-siones</strong></span> <span class='ocrx_word' id='word_1_278' title='bbox 2413 1119 2636 1178; x_wconf 78' lang='lat' dir='ltr'><strong>propter</strong></span> <span class='ocrx_word' id='word_1_279' title='bbox 2657 1124 2760 1165; x_wconf 82' lang='lat' dir='ltr'><strong>nos</strong></span> <span class='ocrx_word' id='word_1_280' title='bbox 2787 1115 3302 1181; x_wconf 77' lang='lat' dir='ltr'><strong>acceperunt,juxta</strong></span> <span class='ocrx_word' id='word_1_281' title='bbox 3323 1130 3580 1186; x_wconf 86' lang='lat' dir='ltr'><strong>magnum</strong></span> 
     </span>
    </p>
   </div>
   <div class='ocr_carea' id='block_1_44' title="bbox 1998 1198 3583 1271">
    <p class='ocr_par' dir='ltr' id='par_1_44' title="bbox 1998 1198 3583 1271">
     <span class='ocr_line' id='line_1_44' title="bbox 1998 1198 3583 1271; baseline 0.004 -21"><span class='ocrx_word' id='word_1_282' title='bbox 1998 1198 2343 1267; x_wconf 80' lang='lat' dir='ltr'><strong>Apostolum,</strong></span> <span class='ocrx_word' id='word_1_283' title='bbox 2382 1214 2452 1253; x_wconf 90' lang='lat' dir='ltr'><strong>ne</strong></span> <span class='ocrx_word' id='word_1_284' title='bbox 2487 1201 2718 1254; x_wconf 87' lang='lat' dir='ltr'><strong>seorsim</strong></span> <span class='ocrx_word' id='word_1_285' title='bbox 2751 1218 2780 1255; x_wconf 92' lang='lat' dir='ltr'><strong>a</strong></span> <span class='ocrx_word' id='word_1_286' title='bbox 2820 1202 2976 1256; x_wconf 88' lang='lat' dir='ltr'><strong>nobis</strong></span> <span class='ocrx_word' id='word_1_287' title='bbox 3019 1203 3373 1271; x_wconf 82' lang='lat' dir='ltr'><strong>perﬁciantur</strong></span> <span class='ocrx_word' id='word_1_288' title='bbox 3418 1220 3433 1256; x_wconf 88' lang='lat'><strong>:</strong></span> <span class='ocrx_word' id='word_1_289' title='bbox 3483 1207 3583 1257; x_wconf 83' lang='lat' dir='ltr'><strong>bo-</strong></span> 
     </span>
    </p>
   </div>
   <div class='ocr_carea' id='block_1_45' title="bbox 1996 1292 3578 1363">
    <p class='ocr_par' dir='ltr' id='par_1_45' title="bbox 1996 1292 3578 1363">
     <span class='ocr_line' id='line_1_45' title="bbox 1996 1292 3578 1363; baseline 0.001 -19"><span class='ocrx_word' id='word_1_290' title='bbox 1996 1306 2190 1345; x_wconf 90' lang='lat' dir='ltr'><strong>norum</strong></span> <span class='ocrx_word' id='word_1_291' title='bbox 2232 1307 2364 1346; x_wconf 91' lang='lat' dir='ltr'><strong>vero</strong></span> <span class='ocrx_word' id='word_1_292' title='bbox 2393 1292 2542 1362; x_wconf 83' lang='lat' dir='ltr'><strong>ipsos</strong></span> <span class='ocrx_word' id='word_1_293' title='bbox 2581 1295 2918 1348; x_wconf 89' lang='lat' dir='ltr'><strong>manentium</strong></span> <span class='ocrx_word' id='word_1_294' title='bbox 2972 1294 3169 1363; x_wconf 84' lang='lat' dir='ltr'><strong>pignus</strong></span> <span class='ocrx_word' id='word_1_295' title='bbox 3195 1294 3578 1360; x_wconf 84' lang='lat' dir='ltr'><strong>obtinuerunt,</strong></span> 
     </span>
    </p>
   </div>
   <div class='ocr_carea' id='block_1_46' title="bbox 1996 1380 3584 1453">
    <p class='ocr_par' dir='ltr' id='par_1_46' title="bbox 1996 1380 3584 1453">
     <span class='ocr_line' id='line_1_46' title="bbox 1996 1380 3584 1453; baseline 0.003 -22"><span class='ocrx_word' id='word_1_296' title='bbox 1996 1381 2293 1433; x_wconf 88' lang='lat' dir='ltr'><strong>secundum</strong></span> <span class='ocrx_word' id='word_1_297' title='bbox 2324 1380 2570 1435; x_wconf 90' lang='lat' dir='ltr'><strong>divinum</strong></span> <span class='ocrx_word' id='word_1_298' title='bbox 2604 1380 2872 1436; x_wconf 84' lang='lat' dir='ltr'><strong>Joannem</strong></span> <span class='ocrx_word' id='word_1_299' title='bbox 2909 1384 3389 1453; x_wconf 77' lang='lat' dir='ltr'><strong>ChrySOstomum,</strong></span> <span class='ocrx_word' id='word_1_300' title='bbox 3430 1383 3584 1437; x_wconf 83' lang='lat' dir='ltr'><strong>vide-</strong></span> 
     </span>
    </p>
   </div>
   <div class='ocr_carea' id='block_1_47' title="bbox 1995 1472 3583 1544">
    <p class='ocr_par' dir='ltr' id='par_1_47' title="bbox 1995 1472 3583 1544">
     <span class='ocr_line' id='line_1_47' title="bbox 1995 1472 3583 1544; baseline 0.001 -19"><span class='ocrx_word' id='word_1_301' title='bbox 1995 1472 2122 1525; x_wconf 89' lang='lat' dir='ltr'><strong>licet</strong></span> <span class='ocrx_word' id='word_1_302' title='bbox 2157 1472 2210 1525; x_wconf 91' lang='lat' dir='ltr'><strong>in</strong></span> <span class='ocrx_word' id='word_1_303' title='bbox 2236 1483 2531 1542; x_wconf 90' lang='lat' dir='ltr'><strong>conspectu</strong></span> <span class='ocrx_word' id='word_1_304' title='bbox 2563 1474 2653 1529; x_wconf 86' lang='lat' dir='ltr'><strong>Dei</strong></span> <span class='ocrx_word' id='word_1_305' title='bbox 2694 1474 3015 1529; x_wconf 88' lang='lat' dir='ltr'><strong>liducialiter</strong></span> <span class='ocrx_word' id='word_1_306' title='bbox 3046 1485 3226 1529; x_wconf 85' lang='lat' dir='ltr'><strong>astare</strong></span> <span class='ocrx_word' id='word_1_307' title='bbox 3256 1512 3270 1537; x_wconf 96' lang='lat'><strong>,</strong></span> <span class='ocrx_word' id='word_1_308' title='bbox 3296 1489 3397 1544; x_wconf 91' lang='lat' dir='ltr'><strong>pro</strong></span> <span class='ocrx_word' id='word_1_309' title='bbox 3424 1474 3583 1529; x_wconf 90' lang='lat' dir='ltr'><strong>nobis</strong></span> 
     </span>
    </p>
   </div>
   <div class='ocr_carea' id='block_1_48' title="bbox 1995 1565 3581 1641">
    <p class='ocr_par' dir='ltr' id='par_1_48' title="bbox 1995 1565 3581 1641">
     <span class='ocr_line' id='line_1_48' title="bbox 1995 1565 3581 1641; baseline 0.003 -23"><span class='ocrx_word' id='word_1_310' title='bbox 1995 1579 2177 1641; x_wconf 65' lang='lat' dir='ltr'><strong>orare,</strong></span> <span class='ocrx_word' id='word_1_311' title='bbox 2216 1571 2273 1619; x_wconf 72' lang='lat' dir='ltr'><strong>et</strong></span> <span class='ocrx_word' id='word_1_312' title='bbox 2309 1565 2377 1620; x_wconf 84' lang='lat' dir='ltr'><strong>ad</strong></span> <span class='ocrx_word' id='word_1_313' title='bbox 2410 1580 2513 1620; x_wconf 88' lang='lat' dir='ltr'><strong>nos</strong></span> <span class='ocrx_word' id='word_1_314' title='bbox 2551 1581 2716 1620; x_wconf 87' lang='lat' dir='ltr'><strong>omne</strong></span> <span class='ocrx_word' id='word_1_315' title='bbox 2753 1567 2958 1622; x_wconf 86' lang='lat' dir='ltr'><strong>donum</strong></span> <span class='ocrx_word' id='word_1_316' title='bbox 3001 1567 3307 1637; x_wconf 79' lang='lat' dir='ltr'><strong>perfectura</strong></span> <span class='ocrx_word' id='word_1_317' title='bbox 3339 1566 3581 1635; x_wconf 83' lang='lat' dir='ltr'><strong>desuper</strong></span> 
     </span>
    </p>
   </div>
   <div class='ocr_carea' id='block_1_49' title="bbox 1992 1654 3578 1725">
    <p class='ocr_par' dir='ltr' id='par_1_49' title="bbox 1992 1654 3578 1725">
     <span class='ocr_line' id='line_1_49' title="bbox 1992 1654 3578 1725; baseline 0.001 -16"><span class='ocrx_word' id='word_1_318' title='bbox 1992 1654 2210 1709; x_wconf 79' lang='lat' dir='ltr'><strong>afferre.</strong></span> <span class='ocrx_word' id='word_1_319' title='bbox 2241 1654 2397 1721; x_wconf 85' lang='lat' dir='ltr'><strong>Quod</strong></span> <span class='ocrx_word' id='word_1_320' title='bbox 2455 1664 2637 1713; x_wconf 87' lang='lat' dir='ltr'><strong>autem</strong></span> <span class='ocrx_word' id='word_1_321' title='bbox 2697 1660 2810 1712; x_wconf 65' lang='lat' dir='ltr'><strong>haec</strong></span> <span class='ocrx_word' id='word_1_322' title='bbox 2856 1657 2928 1711; x_wconf 88' lang='lat' dir='ltr'><strong>ita</strong></span> <span class='ocrx_word' id='word_1_323' title='bbox 2984 1672 3043 1712; x_wconf 89' lang='lat' dir='ltr'><strong>se</strong></span> <span class='ocrx_word' id='word_1_324' title='bbox 3094 1657 3350 1721; x_wconf 84' lang='lat' dir='ltr'><strong>habeant,</strong></span> <span class='ocrx_word' id='word_1_325' title='bbox 3400 1656 3578 1725; x_wconf 89' lang='lat' dir='ltr'><strong>ipsum</strong></span> 
     </span>
    </p>
   </div>
   <div class='ocr_carea' id='block_1_50' title="bbox 1922 1744 3577 1843">
    <p class='ocr_par' dir='ltr' id='par_1_50' title="bbox 1922 1744 3577 1843">
     <span class='ocr_line' id='line_1_50' title="bbox 1922 1744 3577 1843; baseline 0.001 -44"><span class='ocrx_word' id='word_1_326' title='bbox 1922 1787 1964 1843; x_wconf 68' lang='grc' dir='ltr'>Β</span> <span class='ocrx_word' id='word_1_327' title='bbox 1992 1744 2256 1817; x_wconf 84' lang='lat' dir='ltr'><strong>Cyrillum</strong></span> <span class='ocrx_word' id='word_1_328' title='bbox 2292 1748 2566 1803; x_wconf 76' lang='lat' dir='ltr'><strong>dicentem</strong></span> <span class='ocrx_word' id='word_1_329' title='bbox 2598 1749 2724 1803; x_wconf 90' lang='lat' dir='ltr'><strong>audi</strong></span> <span class='ocrx_word' id='word_1_330' title='bbox 2766 1764 2780 1801; x_wconf 90' lang='lat'><strong>:</strong></span> <span class='ocrx_word' id='word_1_331' title='bbox 2818 1747 3124 1829; x_wconf 81' lang='lat' dir='ltr'><strong>Rationalis</strong></span> <span class='ocrx_word' id='word_1_332' title='bbox 3175 1747 3359 1801; x_wconf 83' lang='lat' dir='ltr'><strong>anima</strong></span> <span class='ocrx_word' id='word_1_333' title='bbox 3411 1748 3577 1801; x_wconf 88' lang='lat' dir='ltr'><strong>etiam</strong></span> 
     </span>
    </p>
   </div>
   <div class='ocr_carea' id='block_1_51' title="bbox 1995 1828 3578 1907">
    <p class='ocr_par' dir='ltr' id='par_1_51' title="bbox 1995 1828 3578 1907">
     <span class='ocr_line' id='line_1_51' title="bbox 1995 1828 3578 1907; baseline -0.003 -15"><span class='ocrx_word' id='word_1_334' title='bbox 1995 1846 2118 1907; x_wconf 90' lang='lat' dir='ltr'><strong>post</strong></span> <span class='ocrx_word' id='word_1_335' title='bbox 2152 1838 2403 1907; x_wconf 89' lang='lat' dir='ltr'><strong>corporis</strong></span> <span class='ocrx_word' id='word_1_336' title='bbox 2430 1838 2762 1893; x_wconf 81' lang='lat' dir='ltr'><strong>solutionem</strong></span> <span class='ocrx_word' id='word_1_337' title='bbox 2797 1847 2851 1892; x_wconf 91' lang='lat' dir='ltr'><strong>et</strong></span> <span class='ocrx_word' id='word_1_338' title='bbox 2889 1828 3059 1904; x_wconf 82' lang='lat' dir='ltr'><strong>vivit,</strong></span> <span class='ocrx_word' id='word_1_339' title='bbox 3088 1845 3145 1891; x_wconf 88' lang='lat' dir='ltr'><strong>et</strong></span> <span class='ocrx_word' id='word_1_340' title='bbox 3179 1844 3485 1906; x_wconf 74' lang='lat' dir='ltr'><strong>permanet,</strong></span> <span class='ocrx_word' id='word_1_341' title='bbox 3521 1842 3578 1889; x_wconf 90' lang='lat' dir='ltr'><strong>et</strong></span> 
     </span>
    </p>
   </div>
   <div class='ocr_carea' id='block_1_52' title="bbox 1991 1926 3576 2000">
    <p class='ocr_par' dir='ltr' id='par_1_52' title="bbox 1991 1926 3576 2000">
     <span class='ocr_line' id='line_1_52' title="bbox 1991 1926 3576 2000; baseline -0.001 -18"><span class='ocrx_word' id='word_1_342' title='bbox 1991 1928 2243 1984; x_wconf 84' lang='lat' dir='ltr'><strong>similiter</strong></span> <span class='ocrx_word' id='word_1_343' title='bbox 2269 1929 2530 1999; x_wconf 89' lang='lat' dir='ltr'><strong>loquitur,</strong></span> <span class='ocrx_word' id='word_1_344' title='bbox 2555 1939 2611 1985; x_wconf 90' lang='lat' dir='ltr'><strong>et</strong></span> <span class='ocrx_word' id='word_1_345' title='bbox 2631 1930 2780 2000; x_wconf 85' lang='lat' dir='ltr'><strong>agit;</strong></span> <span class='ocrx_word' id='word_1_346' title='bbox 2808 1930 2882 1984; x_wconf 88' lang='lat' dir='ltr'><strong>ita</strong></span> <span class='ocrx_word' id='word_1_347' title='bbox 2907 1930 3094 1995; x_wconf 84' lang='lat' dir='ltr'><strong>etiam,</strong></span> <span class='ocrx_word' id='word_1_348' title='bbox 3120 1928 3230 1983; x_wconf 90' lang='lat' dir='ltr'><strong>Deo</strong></span> <span class='ocrx_word' id='word_1_349' title='bbox 3255 1928 3483 1997; x_wconf 75' lang='lat' dir='ltr'><strong>iubente</strong></span> <span class='ocrx_word' id='word_1_350' title='bbox 3505 1926 3576 1980; x_wconf 91' lang='lat' dir='ltr'><strong>ob</strong></span> 
     </span>
    </p>
   </div>
   <div class='ocr_carea' id='block_1_53' title="bbox 1991 2018 3573 2077">
    <p class='ocr_par' dir='ltr' id='par_1_53' title="bbox 1991 2018 3573 2077">
     <span class='ocr_line' id='line_1_53' title="bbox 1991 2018 3573 2077; baseline -0.002 -2"><span class='ocrx_word' id='word_1_351' title='bbox 1991 2023 2214 2076; x_wconf 88' lang='lat' dir='ltr'><strong>multam</strong></span> <span class='ocrx_word' id='word_1_352' title='bbox 2248 2023 2533 2077; x_wconf 85' lang='lat' dir='ltr'><strong>utilitatem</strong></span> <span class='ocrx_word' id='word_1_353' title='bbox 2566 2023 2623 2077; x_wconf 90' lang='lat' dir='ltr'><strong>iu</strong></span> <span class='ocrx_word' id='word_1_354' title='bbox 2664 2024 2805 2077; x_wconf 85' lang='lat' dir='ltr'><strong>hanc</strong></span> <span class='ocrx_word' id='word_1_355' title='bbox 2840 2024 3007 2077; x_wconf 85' lang='lat' dir='ltr'><strong>vitam</strong></span> <span class='ocrx_word' id='word_1_356' title='bbox 3035 2021 3276 2076; x_wconf 87' lang='lat' dir='ltr'><strong>mittitur</strong></span> <span class='ocrx_word' id='word_1_357' title='bbox 3306 2035 3321 2071; x_wconf 91' lang='lat'><strong>:</strong></span> <span class='ocrx_word' id='word_1_358' title='bbox 3366 2018 3573 2075; x_wconf 88' lang='lat' dir='ltr'><strong>etenim</strong></span> 
     </span>
    </p>
   </div>
   <div class='ocr_carea' id='block_1_54' title="bbox 1989 2111 3576 2184">
    <p class='ocr_par' dir='ltr' id='par_1_54' title="bbox 1989 2111 3576 2184">
     <span class='ocr_line' id='line_1_54' title="bbox 1989 2111 3576 2184; baseline -0.001 -17"><span class='ocrx_word' id='word_1_359' title='bbox 1989 2128 2018 2167; x_wconf 87' lang='lat' dir='ltr'><strong>a</strong></span> <span class='ocrx_word' id='word_1_360' title='bbox 2049 2114 2227 2183; x_wconf 67' lang='lat' dir='ltr'><strong>seipse</strong></span> <span class='ocrx_word' id='word_1_361' title='bbox 2268 2123 2474 2169; x_wconf 91' lang='lat' dir='ltr'><strong>motum</strong></span> <span class='ocrx_word' id='word_1_362' title='bbox 2508 2115 2807 2184; x_wconf 85' lang='lat' dir='ltr'><strong>accipiens,</strong></span> <span class='ocrx_word' id='word_1_363' title='bbox 2836 2126 2961 2169; x_wconf 86' lang='lat' dir='ltr'><strong>actu</strong></span> <span class='ocrx_word' id='word_1_364' title='bbox 2992 2128 3182 2169; x_wconf 86' lang='lat' dir='ltr'><strong>carere</strong></span> <span class='ocrx_word' id='word_1_365' title='bbox 3211 2112 3420 2181; x_wconf 91' lang='lat' dir='ltr'><strong>nequit.</strong></span> <span class='ocrx_word' id='word_1_366' title='bbox 3448 2111 3576 2165; x_wconf 69' lang='lat' dir='ltr'><strong>Haec</strong></span> 
     </span>
    </p>
   </div>
   <div class='ocr_carea' id='block_1_55' title="bbox 1988 2200 3566 2276">
    <p class='ocr_par' dir='ltr' id='par_1_55' title="bbox 1988 2200 3566 2276">
     <span class='ocr_line' id='line_1_55' title="bbox 1988 2200 3566 2276; baseline -0.003 -18"><span class='ocrx_word' id='word_1_367' title='bbox 1988 2205 2156 2274; x_wconf 86' lang='lat' dir='ltr'><strong>igitur</strong></span> <span class='ocrx_word' id='word_1_368' title='bbox 2197 2206 2360 2259; x_wconf 87' lang='lat' dir='ltr'><strong>etiam</strong></span> <span class='ocrx_word' id='word_1_369' title='bbox 2408 2220 2636 2276; x_wconf 86' lang='lat' dir='ltr'><strong>magnus</strong></span> <span class='ocrx_word' id='word_1_370' title='bbox 2683 2204 2912 2259; x_wconf 85' lang='lat' dir='ltr'><strong>Basilius</strong></span> <span class='ocrx_word' id='word_1_371' title='bbox 2950 2204 3034 2258; x_wconf 91' lang='lat' dir='ltr'><strong>his</strong></span> <span class='ocrx_word' id='word_1_372' title='bbox 3075 2203 3259 2257; x_wconf 79' lang='lat' dir='ltr'><strong>verbis</strong></span> <span class='ocrx_word' id='word_1_373' title='bbox 3285 2200 3515 2255; x_wconf 74' lang='lat' dir='ltr'><strong>aﬂlrmat</strong></span> <span class='ocrx_word' id='word_1_374' title='bbox 3551 2218 3566 2254; x_wconf 90' lang='lat'><strong>:</strong></span> 
     </span>
    </p>
   </div>
   <div class='ocr_carea' id='block_1_56' title="bbox 1990 2294 3574 2366">
    <p class='ocr_par' dir='ltr' id='par_1_56' title="bbox 1990 2294 3574 2366">
     <span class='ocr_line' id='line_1_56' title="bbox 1990 2294 3574 2366; baseline -0.001 -17"><span class='ocrx_word' id='word_1_375' title='bbox 1990 2295 2184 2351; x_wconf 80' lang='lat' dir='ltr'><strong>Procul</strong></span> <span class='ocrx_word' id='word_1_376' title='bbox 2215 2296 2404 2361; x_wconf 88' lang='lat' dir='ltr'><strong>dubiu,</strong></span> <span class='ocrx_word' id='word_1_377' title='bbox 2436 2296 2580 2350; x_wconf 87' lang='lat' dir='ltr'><strong>sicut</strong></span> <span class='ocrx_word' id='word_1_378' title='bbox 2613 2297 2815 2366; x_wconf 79' lang='lat' dir='ltr'><strong>angeli,</strong></span> <span class='ocrx_word' id='word_1_379' title='bbox 2843 2295 3114 2364; x_wconf 83' lang='lat' dir='ltr'><strong>corporali</strong></span> <span class='ocrx_word' id='word_1_380' title='bbox 3146 2296 3324 2349; x_wconf 89' lang='lat' dir='ltr'><strong>soluta</strong></span> <span class='ocrx_word' id='word_1_381' title='bbox 3355 2294 3574 2348; x_wconf 91' lang='lat' dir='ltr'><strong>vinculo</strong></span> 
     </span>
    </p>
   </div>
   <div class='ocr_carea' id='block_1_57' title="bbox 1987 2387 3571 2457">
    <p class='ocr_par' dir='ltr' id='par_1_57' title="bbox 1987 2387 3571 2457">
     <span class='ocr_line' id='line_1_57' title="bbox 1987 2387 3571 2457; baseline -0.002 -14"><span class='ocrx_word' id='word_1_382' title='bbox 1987 2388 2170 2443; x_wconf 87' lang='lat' dir='ltr'><strong>anima</strong></span> <span class='ocrx_word' id='word_1_383' title='bbox 2204 2388 2467 2454; x_wconf 88' lang='lat' dir='ltr'><strong>ascendit,</strong></span> <span class='ocrx_word' id='word_1_384' title='bbox 2500 2398 2663 2457; x_wconf 86' lang='lat' dir='ltr'><strong>atque</strong></span> <span class='ocrx_word' id='word_1_385' title='bbox 2693 2387 2997 2449; x_wconf 87' lang='lat' dir='ltr'><strong>descendit,</strong></span> <span class='ocrx_word' id='word_1_386' title='bbox 3051 2396 3107 2442; x_wconf 86' lang='lat' dir='ltr'><strong>el</strong></span> <span class='ocrx_word' id='word_1_387' title='bbox 3152 2387 3224 2442; x_wconf 92' lang='lat' dir='ltr'><strong>ob</strong></span> <span class='ocrx_word' id='word_1_388' title='bbox 3270 2390 3571 2441; x_wconf 89' lang='lat' dir='ltr'><strong>multorum</strong></span> 
     </span>
    </p>
   </div>
   <div class='ocr_carea' id='block_1_58' title="bbox 1989 2478 3570 2549">
    <p class='ocr_par' dir='ltr' id='par_1_58' title="bbox 1989 2478 3570 2549">
     <span class='ocr_line' id='line_1_58' title="bbox 1989 2478 3570 2549; baseline -0.001 -16"><span class='ocrx_word' id='word_1_389' title='bbox 1989 2478 2253 2533; x_wconf 88' lang='lat' dir='ltr'><strong>utilitates</strong></span> <span class='ocrx_word' id='word_1_390' title='bbox 2284 2481 2561 2545; x_wconf 88' lang='lat' dir='ltr'><strong>mittitur;</strong></span> <span class='ocrx_word' id='word_1_391' title='bbox 2602 2495 2730 2535; x_wconf 88' lang='lat' dir='ltr'><strong>cum</strong></span> <span class='ocrx_word' id='word_1_392' title='bbox 2767 2496 2870 2534; x_wconf 87' lang='lat' dir='ltr'><strong>nos</strong></span> <span class='ocrx_word' id='word_1_393' title='bbox 2919 2480 3164 2549; x_wconf 89' lang='lat' dir='ltr'><strong>ipsarum</strong></span> <span class='ocrx_word' id='word_1_394' title='bbox 3208 2478 3570 2548; x_wconf 85' lang='lat' dir='ltr'><strong>patrocinium</strong></span> 
     </span>
    </p>
   </div>
   <div class='ocr_carea' id='block_1_59' title="bbox 1983 2570 3572 2641">
    <p class='ocr_par' dir='ltr' id='par_1_59' title="bbox 1983 2570 3572 2641">
     <span class='ocr_line' id='line_1_59' title="bbox 1983 2570 3572 2641; baseline -0.003 -15"><span class='ocrx_word' id='word_1_395' title='bbox 1983 2580 2040 2626; x_wconf 88' lang='lat' dir='ltr'><strong>et</strong></span> <span class='ocrx_word' id='word_1_396' title='bbox 2068 2573 2462 2639; x_wconf 85' lang='lat' dir='ltr'><strong>protectionem</strong></span> <span class='ocrx_word' id='word_1_397' title='bbox 2490 2572 2876 2641; x_wconf 86' lang='lat' dir='ltr'><strong>deprecamur,</strong></span> <span class='ocrx_word' id='word_1_398' title='bbox 2900 2571 3193 2639; x_wconf 88' lang='lat' dir='ltr'><strong>aliquando</strong></span> <span class='ocrx_word' id='word_1_399' title='bbox 3219 2570 3351 2639; x_wconf 71' lang='lat' dir='ltr'><strong>ipsa:</strong></span> <span class='ocrx_word' id='word_1_400' title='bbox 3376 2578 3572 2638; x_wconf 89' lang='lat' dir='ltr'><strong>sponte</strong></span> 
     </span>
    </p>
   </div>
   <div class='ocr_carea' id='block_1_60' title="bbox 1984 2657 3571 2732">
    <p class='ocr_par' dir='ltr' id='par_1_60' title="bbox 1984 2657 3571 2732">
     <span class='ocr_line' id='line_1_60' title="bbox 1984 2657 3571 2732; baseline -0.002 -16"><span class='ocrx_word' id='word_1_401' title='bbox 1984 2663 2146 2717; x_wconf 85' lang='lat' dir='ltr'><strong>nobis</strong></span> <span class='ocrx_word' id='word_1_402' title='bbox 2195 2662 2547 2728; x_wconf 83' lang='lat' dir='ltr'><strong>auxiliantur,</strong></span> <span class='ocrx_word' id='word_1_403' title='bbox 2593 2663 2890 2731; x_wconf 83' lang='lat' dir='ltr'><strong>aliquando</strong></span> <span class='ocrx_word' id='word_1_404' title='bbox 2938 2662 3180 2732; x_wconf 89' lang='lat' dir='ltr'><strong>ipsarum</strong></span> <span class='ocrx_word' id='word_1_405' title='bbox 3231 2660 3354 2715; x_wconf 92' lang='lat' dir='ltr'><strong>loco</strong></span> <span class='ocrx_word' id='word_1_406' title='bbox 3398 2657 3571 2714; x_wconf 83' lang='lat' dir='ltr'><strong>divini</strong></span> 
     </span>
    </p>
   </div>
   <div class='ocr_carea' id='block_1_61' title="bbox 1986 2750 3569 2825">
    <p class='ocr_par' dir='ltr' id='par_1_61' title="bbox 1986 2750 3569 2825">
     <span class='ocr_line' id='line_1_61' title="bbox 1986 2750 3569 2825; baseline -0.001 -18"><span class='ocrx_word' id='word_1_407' title='bbox 1986 2754 2277 2807; x_wconf 88' lang='lat' dir='ltr'><strong>mittuntur</strong></span> <span class='ocrx_word' id='word_1_408' title='bbox 2313 2753 2514 2825; x_wconf 89' lang='lat' dir='ltr'><strong>angeli,</strong></span> <span class='ocrx_word' id='word_1_409' title='bbox 2558 2754 2853 2821; x_wconf 83' lang='lat' dir='ltr'><strong>aliquando</strong></span> <span class='ocrx_word' id='word_1_410' title='bbox 2882 2754 3048 2808; x_wconf 88' lang='lat' dir='ltr'><strong>etiam</strong></span> <span class='ocrx_word' id='word_1_411' title='bbox 3102 2752 3279 2807; x_wconf 79' lang='lat' dir='ltr'><strong>sancti</strong></span> <span class='ocrx_word' id='word_1_412' title='bbox 3329 2750 3569 2821; x_wconf 82' lang='lat' dir='ltr'><strong>Spiritus</strong></span> 
     </span>
    </p>
   </div>
   <div class='ocr_carea' id='block_1_62' title="bbox 1988 2842 3571 2916">
    <p class='ocr_par' dir='ltr' id='par_1_62' title="bbox 1988 2842 3571 2916">
     <span class='ocr_line' id='line_1_62' title="bbox 1988 2842 3571 2916; baseline 0 -19"><span class='ocrx_word' id='word_1_413' title='bbox 1988 2846 2185 2916; x_wconf 89' lang='lat' dir='ltr'><strong>gratia,</strong></span> <span class='ocrx_word' id='word_1_414' title='bbox 2210 2854 2271 2901; x_wconf 92' lang='lat' dir='ltr'><strong>ut</strong></span> <span class='ocrx_word' id='word_1_415' title='bbox 2318 2845 2420 2906; x_wconf 85' lang='lat' dir='ltr'><strong>illi,</strong></span> <span class='ocrx_word' id='word_1_416' title='bbox 2455 2845 2783 2901; x_wconf 83' lang='lat' dir='ltr'><strong>mirabiliter</strong></span> <span class='ocrx_word' id='word_1_417' title='bbox 2820 2853 3087 2915; x_wconf 89' lang='lat' dir='ltr'><strong>apparet,</strong></span> <span class='ocrx_word' id='word_1_418' title='bbox 3124 2844 3391 2914; x_wconf 89' lang='lat' dir='ltr'><strong>siquidem</strong></span> <span class='ocrx_word' id='word_1_419' title='bbox 3452 2842 3571 2897; x_wconf 86' lang='lat' dir='ltr'><strong>sive</strong></span> 
     </span>
    </p>
   </div>
   <div class='ocr_carea' id='block_1_63' title="bbox 1994 2934 3571 3006">
    <p class='ocr_par' dir='ltr' id='par_1_63' title="bbox 1994 2934 3571 3006">
     <span class='ocr_line' id='line_1_63' title="bbox 1994 2934 3571 3006; baseline 0 -18"><span class='ocrx_word' id='word_1_420' title='bbox 1994 2935 2198 2997; x_wconf 87' lang='lat' dir='ltr'><strong>sancti,</strong></span> <span class='ocrx_word' id='word_1_421' title='bbox 2237 2935 2352 2990; x_wconf 87' lang='lat' dir='ltr'><strong>sive</strong></span> <span class='ocrx_word' id='word_1_422' title='bbox 2391 2935 2590 3006; x_wconf 90' lang='lat' dir='ltr'><strong>angeli,</strong></span> <span class='ocrx_word' id='word_1_423' title='bbox 2624 2945 2812 3005; x_wconf 90' lang='lat' dir='ltr'><strong>utpote</strong></span> <span class='ocrx_word' id='word_1_424' title='bbox 2862 2936 2969 3006; x_wconf 89' lang='lat' dir='ltr'><strong>ipsi</strong></span> <span class='ocrx_word' id='word_1_425' title='bbox 2996 2937 3183 2991; x_wconf 90' lang='lat' dir='ltr'><strong>cuncti</strong></span> <span class='ocrx_word' id='word_1_426' title='bbox 3217 2934 3571 2989; x_wconf 83' lang='lat' dir='ltr'><strong>circumscri-</strong></span> 
     </span>
    </p>
   </div>
   <div class='ocr_carea' id='block_1_64' title="bbox 1993 3025 3568 3097">
    <p class='ocr_par' dir='ltr' id='par_1_64' title="bbox 1993 3025 3568 3097">
     <span class='ocr_line' id='line_1_64' title="bbox 1993 3025 3568 3097; baseline -0.001 -19"><span class='ocrx_word' id='word_1_427' title='bbox 1993 3025 2068 3093; x_wconf 93' lang='lat' dir='ltr'><strong>pti</strong></span> <span class='ocrx_word' id='word_1_428' title='bbox 2099 3041 2203 3081; x_wconf 92' lang='lat' dir='ltr'><strong>una</strong></span> <span class='ocrx_word' id='word_1_429' title='bbox 2236 3027 2536 3097; x_wconf 86' lang='lat' dir='ltr'><strong>eademque</strong></span> <span class='ocrx_word' id='word_1_430' title='bbox 2588 3028 2721 3081; x_wconf 83' lang='lat' dir='ltr'><strong>hora</strong></span> <span class='ocrx_word' id='word_1_431' title='bbox 2776 3027 2942 3081; x_wconf 77' lang='lat' dir='ltr'><strong>variis</strong></span> <span class='ocrx_word' id='word_1_432' title='bbox 2988 3025 3042 3081; x_wconf 89' lang='lat' dir='ltr'><strong>in</strong></span> <span class='ocrx_word' id='word_1_433' title='bbox 3075 3025 3209 3081; x_wconf 91' lang='lat' dir='ltr'><strong>locis</strong></span> <span class='ocrx_word' id='word_1_434' title='bbox 3249 3033 3568 3080; x_wconf 88' lang='lat' dir='ltr'><strong>occurrunt.</strong></span> 
     </span>
    </p>
   </div>
   <div class='ocr_carea' id='block_1_65' title="bbox 285 3107 3573 3192">
    <p class='ocr_par' dir='ltr' id='par_1_65' title="bbox 285 3107 3573 3192">
     <span class='ocr_line' id='line_1_65' title="bbox 285 3107 3573 3192; baseline 0.004 -30"><span class='ocrx_word' id='word_1_435' title='bbox 285 3108 392 3162; x_wconf 71' lang='grc' dir='ltr'><strong>ἅτε</strong></span> <span class='ocrx_word' id='word_1_436' title='bbox 421 3108 486 3178; x_wconf 76' lang='grc' dir='ltr'><strong>δὴ</strong></span> <span class='ocrx_word' id='word_1_437' title='bbox 518 3108 594 3179; x_wconf 75' lang='grc' dir='ltr'><strong>μὴ</strong></span> <span class='ocrx_word' id='word_1_438' title='bbox 623 3108 939 3178; x_wconf 85' lang='grc' dir='ltr'><strong>δυναμένων</strong></span> <span class='ocrx_word' id='word_1_439' title='bbox 968 3110 1078 3162; x_wconf 72' lang='grc' dir='ltr'><strong>εἴτε</strong></span> <span class='ocrx_word' id='word_1_440' title='bbox 1107 3108 1215 3163; x_wconf 86' lang='grc' dir='ltr'><strong>τῶν</strong></span> <span class='ocrx_word' id='word_1_441' title='bbox 1246 3109 1419 3177; x_wconf 85' lang='grc' dir='ltr'><strong>ἁγίων</strong></span> <span class='ocrx_word' id='word_1_442' title='bbox 1447 3149 1463 3174; x_wconf 91' lang='grc'><strong>,</strong></span> <span class='ocrx_word' id='word_1_443' title='bbox 1513 3107 1625 3161; x_wconf 87' lang='grc' dir='ltr'><strong>εῐτε</strong></span> <span class='ocrx_word' id='word_1_444' title='bbox 1685 3108 1797 3162; x_wconf 87' lang='grc' dir='ltr'><strong>τῶν</strong></span> <span class='ocrx_word' id='word_1_445' title='bbox 1828 3112 2113 3185; x_wconf 82' lang='grc' dir='ltr'><strong>ἀγγέλων,</strong></span> <span class='ocrx_word' id='word_1_446' title='bbox 2150 3121 2518 3192; x_wconf 82' lang='grc' dir='ltr'><strong>περίγραπτοι</strong></span> <span class='ocrx_word' id='word_1_447' title='bbox 2556 3121 2655 3192; x_wconf 75' lang='grc' dir='ltr'><strong>μὶν</strong></span> <span class='ocrx_word' id='word_1_448' title='bbox 2691 3121 2802 3191; x_wconf 80' lang='grc' dir='ltr'><strong>γὰρ</strong></span> <span class='ocrx_word' id='word_1_449' title='bbox 2836 3114 2983 3176; x_wconf 74' lang='grc' dir='ltr'><strong>οὗτοι</strong></span> <span class='ocrx_word' id='word_1_450' title='bbox 3030 3123 3233 3183; x_wconf 80' lang='grc' dir='ltr'><strong>πάντες</strong></span> <span class='ocrx_word' id='word_1_451' title='bbox 3272 3119 3573 3191; x_wconf 36' lang='grc' dir='ltr'><strong>,ὑπάρχουο</strong></span> 
     </span>
    </p>
   </div>
   <div class='ocr_carea' id='block_1_66' title="bbox 288 3200 2433 3284">
    <p class='ocr_par' dir='ltr' id='par_1_66' title="bbox 288 3200 2433 3284">
     <span class='ocr_line' id='line_1_66' title="bbox 288 3200 2433 3284; baseline 0.008 -30"><span class='ocrx_word' id='word_1_452' title='bbox 288 3218 415 3263; x_wconf 81' lang='grc' dir='ltr'><strong>σιν,</strong></span> <span class='ocrx_word' id='word_1_453' title='bbox 454 3203 512 3254; x_wconf 70' lang='grc' dir='ltr'><strong>ἐν</strong></span> <span class='ocrx_word' id='word_1_454' title='bbox 561 3202 662 3273; x_wconf 79' lang='grc' dir='ltr'><strong>μιᾷ</strong></span> <span class='ocrx_word' id='word_1_455' title='bbox 706 3202 803 3254; x_wconf 78' lang='grc' dir='ltr'><strong>καὶ</strong></span> <span class='ocrx_word' id='word_1_456' title='bbox 846 3205 914 3273; x_wconf 83' lang='grc' dir='ltr'><strong>τῇ</strong></span> <span class='ocrx_word' id='word_1_457' title='bbox 942 3202 1084 3273; x_wconf 76' lang='grc' dir='ltr'><strong>ἀὐτῇ</strong></span> <span class='ocrx_word' id='word_1_458' title='bbox 1135 3200 1256 3273; x_wconf 79' lang='grc' dir='ltr'><strong>ὥρᾳ</strong></span> <span class='ocrx_word' id='word_1_459' title='bbox 1303 3201 1447 3255; x_wconf 80' lang='grc' dir='ltr'><strong>κατά</strong></span> <span class='ocrx_word' id='word_1_460' title='bbox 1496 3201 1792 3273; x_wconf 75' lang='grc' dir='ltr'><strong>διαφόρους</strong></span> <span class='ocrx_word' id='word_1_461' title='bbox 1820 3205 2018 3273; x_wconf 83' lang='grc' dir='ltr'><strong>τόπους</strong></span> <span class='ocrx_word' id='word_1_462' title='bbox 2053 3212 2433 3284; x_wconf 80' lang='grc' dir='ltr'><strong>εὑρίσκεσθαι.</strong></span> 
     </span>
    </p>
   </div>
   <div class='ocr_carea' id='block_1_67' title="bbox 368 3293 1882 3386">
    <p class='ocr_par' dir='ltr' id='par_1_67' title="bbox 368 3293 1867 3372">
     <span class='ocr_line' id='line_1_67' title="bbox 368 3293 1867 3372; baseline -0.015 -2"><span class='ocrx_word' id='word_1_463' title='bbox 368 3299 613 3369; x_wconf 76' lang='grc' dir='ltr'><strong>β’·Ἀφες</strong></span> <span class='ocrx_word' id='word_1_464' title='bbox 641 3293 755 3362; x_wconf 73' lang='grc' dir='ltr'><strong>οὖν,</strong></span> <span class='ocrx_word' id='word_1_465' title='bbox 785 3300 833 3351; x_wconf 80' lang='grc' dir='ltr'><strong>εί</strong></span> <span class='ocrx_word' id='word_1_466' title='bbox 864 3297 1065 3367; x_wconf 78' lang='grc' dir='ltr'><strong>βούλει,</strong></span> <span class='ocrx_word' id='word_1_467' title='bbox 1093 3298 1185 3352; x_wconf 86' lang='grc' dir='ltr'><strong>τδν</strong></span> <span class='ocrx_word' id='word_1_468' title='bbox 1216 3299 1387 3368; x_wconf 83' lang='grc' dir='ltr'><strong>μέγαν</strong></span> <span class='ocrx_word' id='word_1_469' title='bbox 1404 3296 1722 3352; x_wconf 72' lang='grc' dir='ltr'><strong>’Δθανάσιον</strong></span> <span class='ocrx_word' id='word_1_470' title='bbox 1743 3314 1760 3331; x_wconf 77' lang='lat'><strong><em>°</em></strong></span> <span class='ocrx_word' id='word_1_471' title='bbox 1792 3301 1867 3372; x_wconf 79' lang='grc' dir='ltr'><strong>μὴ</strong></span> 
     </span>
    </p>
   </div>
   <div class='ocr_carea' id='block_1_68' title="bbox 1989 3293 3568 3386">
    <p class='ocr_par' dir='ltr' id='par_1_68' title="bbox 2046 3309 3568 3386">
     <span class='ocr_line' id='line_1_68' title="bbox 2046 3309 3568 3386; baseline 0 -23"><span class='ocrx_word' id='word_1_472' title='bbox 2046 3309 2101 3365; x_wconf 78' lang='grc'><strong>2.</strong></span> <span class='ocrx_word' id='word_1_473' title='bbox 2134 3310 2500 3369; x_wconf 66' lang='lat' dir='ltr'><strong>Praetermitto</strong></span> <span class='ocrx_word' id='word_1_474' title='bbox 2541 3331 2694 3386; x_wconf 86' lang='lat' dir='ltr'><strong>ergo,</strong></span> <span class='ocrx_word' id='word_1_475' title='bbox 2732 3314 2778 3370; x_wconf 91' lang='lat' dir='ltr'><strong>si</strong></span> <span class='ocrx_word' id='word_1_476' title='bbox 2804 3315 3002 3386; x_wconf 87' lang='lat' dir='ltr'><strong>placet,</strong></span> <span class='ocrx_word' id='word_1_477' title='bbox 3035 3328 3289 3385; x_wconf 88' lang='lat' dir='ltr'><strong>magnum</strong></span> <span class='ocrx_word' id='word_1_478' title='bbox 3324 3311 3568 3367; x_wconf 81' lang='lat' dir='ltr'><strong>Athana-</strong></span> 
     </span>
    </p>
   </div>
   <div class='ocr_carea' id='block_1_69' title="bbox 289 3389 1876 3463">
    <p class='ocr_par' dir='ltr' id='par_1_69' title="bbox 289 3389 1876 3463">
     <span class='ocr_line' id='line_1_69' title="bbox 289 3389 1876 3463; baseline 0.002 -20"><span class='ocrx_word' id='word_1_479' title='bbox 289 3392 436 3461; x_wconf 67' lang='grc' dir='ltr'><strong>πρὸς</strong></span> <span class='ocrx_word' id='word_1_480' title='bbox 481 3389 639 3460; x_wconf 77' lang='grc' dir='ltr'><strong>ὕϐριν</strong></span> <span class='ocrx_word' id='word_1_481' title='bbox 683 3390 886 3460; x_wconf 80' lang='grc' dir='ltr'><strong>ἐτέρων</strong></span> <span class='ocrx_word' id='word_1_482' title='bbox 926 3390 993 3442; x_wconf 83' lang='grc' dir='ltr'><strong>τά</strong></span> <span class='ocrx_word' id='word_1_483' title='bbox 1034 3390 1241 3444; x_wconf 75' lang='grc' dir='ltr'><strong>ἐκείνου</strong></span> <span class='ocrx_word' id='word_1_484' title='bbox 1283 3390 1590 3463; x_wconf 81' lang='grc' dir='ltr'><strong>παρείσαγε</strong></span> <span class='ocrx_word' id='word_1_485' title='bbox 1616 3407 1631 3423; x_wconf 79' lang='grc' dir='ltr'><strong>ο</strong></span> <span class='ocrx_word' id='word_1_486' title='bbox 1677 3393 1725 3445; x_wconf 88' lang='grc' dir='ltr'><strong>εί</strong></span> <span class='ocrx_word' id='word_1_487' title='bbox 1766 3395 1876 3462; x_wconf 80' lang='grc' dir='ltr'><strong>γὰρ</strong></span> 
     </span>
    </p>
   </div>
   <div class='ocr_carea' id='block_1_70' title="bbox 291 3481 1877 3555">
    <p class='ocr_par' dir='ltr' id='par_1_70' title="bbox 291 3481 1877 3555">
     <span class='ocr_line' id='line_1_70' title="bbox 291 3481 1877 3555; baseline 0.003 -21"><span class='ocrx_word' id='word_1_488' title='bbox 291 3484 398 3536; x_wconf 70' lang='grc' dir='ltr'><strong>καὶ</strong></span> <span class='ocrx_word' id='word_1_489' title='bbox 429 3484 565 3551; x_wconf 79' lang='grc' dir='ltr'><strong>πρὸς</strong></span> <span class='ocrx_word' id='word_1_490' title='bbox 603 3483 874 3552; x_wconf 72' lang='grc' dir='ltr'><strong>Ἀντίοχον</strong></span> <span class='ocrx_word' id='word_1_491' title='bbox 903 3484 931 3535; x_wconf 90' lang='lat'><strong>6</strong></span> <span class='ocrx_word' id='word_1_492' title='bbox 963 3481 1105 3545; x_wconf 85' lang='grc' dir='ltr'><strong>θεῖος</strong></span> <span class='ocrx_word' id='word_1_493' title='bbox 1137 3482 1292 3546; x_wconf 77' lang='grc' dir='ltr'><strong>οὗτος</strong></span> <span class='ocrx_word' id='word_1_494' title='bbox 1329 3482 1468 3555; x_wconf 83' lang='grc' dir='ltr'><strong>ἀνὴρ</strong></span> <span class='ocrx_word' id='word_1_495' title='bbox 1498 3482 1727 3538; x_wconf 85' lang='grc' dir='ltr'><strong>τοιαῦτά</strong></span> <span class='ocrx_word' id='word_1_496' title='bbox 1756 3502 1877 3538; x_wconf 84' lang='grc' dir='ltr'><strong>τινα</strong></span> 
     </span>
    </p>
   </div>
   <div class='ocr_carea' id='block_1_71' title="bbox 291 3577 1876 3649">
    <p class='ocr_par' dir='ltr' id='par_1_71' title="bbox 291 3577 1876 3649">
     <span class='ocr_line' id='line_1_71' title="bbox 291 3577 1876 3649; baseline 0.001 -20"><span class='ocrx_word' id='word_1_497' title='bbox 291 3577 464 3643; x_wconf 71' lang='grc' dir='ltr'><strong>δῆθεν</strong></span> <span class='ocrx_word' id='word_1_498' title='bbox 503 3577 827 3646; x_wconf 73' lang='grc' dir='ltr'><strong>εὒρίσκεται</strong></span> <span class='ocrx_word' id='word_1_499' title='bbox 860 3577 1110 3647; x_wconf 80' lang='grc' dir='ltr'><strong>γράφων,</strong></span> <span class='ocrx_word' id='word_1_500' title='bbox 1154 3577 1269 3631; x_wconf 85' lang='grc' dir='ltr'><strong>ἀλλ’</strong></span> <span class='ocrx_word' id='word_1_501' title='bbox 1292 3579 1393 3631; x_wconf 85' lang='grc' dir='ltr'><strong>ούκ</strong></span> <span class='ocrx_word' id='word_1_502' title='bbox 1439 3579 1530 3631; x_wconf 75' lang='grc' dir='ltr'><strong>ἐπὶ</strong></span> <span class='ocrx_word' id='word_1_503' title='bbox 1569 3577 1750 3649; x_wconf 86' lang='grc' dir='ltr'><strong>τούτῳ</strong></span> <span class='ocrx_word' id='word_1_504' title='bbox 1789 3596 1876 3631; x_wconf 82' lang='grc' dir='ltr'><strong>τε·</strong></span> 
     </span>
    </p>
   </div>
   <div class='ocr_carea' id='block_1_72' title="bbox 293 3669 1876 3742">
    <p class='ocr_par' dir='ltr' id='par_1_72' title="bbox 293 3669 1876 3742">
     <span class='ocr_line' id='line_1_72' title="bbox 293 3669 1876 3742; baseline -0.001 -19"><span class='ocrx_word' id='word_1_505' title='bbox 293 3669 638 3742; x_wconf 75' lang='grc' dir='ltr'><strong>θαρῤηκὲναι</strong></span> <span class='ocrx_word' id='word_1_506' title='bbox 684 3686 743 3721; x_wconf 94' lang='grc' dir='ltr'><strong>σε</strong></span> <span class='ocrx_word' id='word_1_507' title='bbox 794 3670 921 3738; x_wconf 80' lang='grc' dir='ltr'><strong>χρὴ,</strong></span> <span class='ocrx_word' id='word_1_508' title='bbox 973 3669 1269 3724; x_wconf 84' lang='grc' dir='ltr'><strong>κάντεῦθεν</strong></span> <span class='ocrx_word' id='word_1_509' title='bbox 1310 3672 1438 3734; x_wconf 82' lang='grc' dir='ltr'><strong>τοὺς</strong></span> <span class='ocrx_word' id='word_1_510' title='bbox 1479 3671 1876 3741; x_wconf 77' lang='grc' dir='ltr'><strong>διαληφθέντας</strong></span> 
     </span>
    </p>
   </div>
   <div class='ocr_carea' id='block_1_73' title="bbox 292 3759 1876 3831">
    <p class='ocr_par' dir='ltr' id='par_1_73' title="bbox 292 3759 1876 3831">
     <span class='ocr_line' id='line_1_73' title="bbox 292 3759 1876 3831; baseline 0 -17"><span class='ocrx_word' id='word_1_511' title='bbox 292 3762 506 3814; x_wconf 79' lang='grc' dir='ltr'><strong>ἄνωθεν</strong></span> <span class='ocrx_word' id='word_1_512' title='bbox 537 3759 718 3824; x_wconf 77' lang='grc' dir='ltr'><strong>ὁσίους</strong></span> <span class='ocrx_word' id='word_1_513' title='bbox 753 3760 952 3830; x_wconf 77' lang='grc' dir='ltr'><strong>ἄνδρας</strong></span> <span class='ocrx_word' id='word_1_514' title='bbox 990 3760 1318 3830; x_wconf 84' lang='grc' dir='ltr'><strong>κακολογεῖν</strong></span> <span class='ocrx_word' id='word_1_515' title='bbox 1345 3776 1358 3790; x_wconf 91' lang='grc'>·</span> <span class='ocrx_word' id='word_1_516' title='bbox 1393 3761 1534 3831; x_wconf 73' lang='grc' dir='ltr'><strong>τάχα</strong></span> <span class='ocrx_word' id='word_1_517' title='bbox 1569 3761 1677 3831; x_wconf 76' lang='grc' dir='ltr'><strong>γὰρ</strong></span> <span class='ocrx_word' id='word_1_518' title='bbox 1714 3763 1876 3830; x_wconf 74' lang='grc' dir='ltr'><strong>ἠγνό-</strong></span> 
     </span>
    </p>
   </div>
   <div class='ocr_carea' id='block_1_74' title="bbox 292 3835 1875 3923">
    <p class='ocr_par' dir='ltr' id='par_1_74' title="bbox 292 3835 1875 3923">
     <span class='ocr_line' id='line_1_74' title="bbox 292 3835 1875 3923; baseline 0.001 -18"><span class='ocrx_word' id='word_1_519' title='bbox 292 3835 444 3923; x_wconf 61' lang='grc' dir='ltr'><strong>ᾖκας</strong></span> <span class='ocrx_word' id='word_1_520' title='bbox 463 3892 478 3916; x_wconf 90' lang='grc'><strong>,</strong></span> <span class='ocrx_word' id='word_1_521' title='bbox 510 3852 592 3906; x_wconf 82' lang='grc' dir='ltr'><strong>ὅτι</strong></span> <span class='ocrx_word' id='word_1_522' title='bbox 620 3853 688 3906; x_wconf 89' lang='grc' dir='ltr'><strong>τά</strong></span> <span class='ocrx_word' id='word_1_523' title='bbox 717 3853 887 3906; x_wconf 87' lang='grc' dir='ltr'><strong>πλείω</strong></span> <span class='ocrx_word' id='word_1_524' title='bbox 915 3852 1024 3907; x_wconf 85' lang='grc' dir='ltr'><strong>τῶν</strong></span> <span class='ocrx_word' id='word_1_525' title='bbox 1056 3853 1192 3923; x_wconf 75' lang='grc' dir='ltr'><strong>πρὸς</strong></span> <span class='ocrx_word' id='word_1_526' title='bbox 1228 3853 1501 3922; x_wconf 82' lang='grc' dir='ltr'><strong>Ἀντίοχον</strong></span> <span class='ocrx_word' id='word_1_527' title='bbox 1532 3854 1839 3908; x_wconf 79' lang='grc' dir='ltr'><strong>νενόθιυται</strong></span> <span class='ocrx_word' id='word_1_528' title='bbox 1859 3894 1875 3919; x_wconf 91' lang='grc'><strong>,</strong></span> 
     </span>
    </p>
   </div>
   <div class='ocr_carea' id='block_1_75' title="bbox 296 3945 1874 4018">
    <p class='ocr_par' dir='ltr' id='par_1_75' title="bbox 296 3945 1874 4018">
     <span class='ocr_line' id='line_1_75' title="bbox 296 3945 1874 4018; baseline -0.001 -18"><span class='ocrx_word' id='word_1_529' title='bbox 296 3950 397 4000; x_wconf 74' lang='grc' dir='ltr'><strong>καὶ</strong></span> <span class='ocrx_word' id='word_1_530' title='bbox 429 3950 509 4000; x_wconf 84' lang='grc' dir='ltr'><strong>ὅτι</strong></span> <span class='ocrx_word' id='word_1_531' title='bbox 541 3946 618 4017; x_wconf 82' lang='grc' dir='ltr'><strong>τῷ</strong></span> <span class='ocrx_word' id='word_1_532' title='bbox 649 3945 877 4015; x_wconf 81' lang='grc' dir='ltr'><strong>καθαρῷ</strong></span> <span class='ocrx_word' id='word_1_533' title='bbox 914 3947 1044 4015; x_wconf 82' lang='grc' dir='ltr'><strong>σίτῳ</strong></span> <span class='ocrx_word' id='word_1_534' title='bbox 1078 3945 1171 3999; x_wconf 70' lang='grc' dir='ltr'><strong>καὶ</strong></span> <span class='ocrx_word' id='word_1_535' title='bbox 1206 3945 1430 4015; x_wconf 82' lang='grc' dir='ltr'><strong>ρυπὼδη</strong></span> <span class='ocrx_word' id='word_1_536' title='bbox 1463 3947 1587 4000; x_wconf 70' lang='grc' dir='ltr'><strong>τινὰ</strong></span> <span class='ocrx_word' id='word_1_537' title='bbox 1618 3948 1874 4018; x_wconf 73' lang='grc' dir='ltr'><strong>παραμέ-</strong></span> 
     </span>
    </p>
   </div>
   <div class='ocr_carea' id='block_1_76' title="bbox 298 4037 1877 4109">
    <p class='ocr_par' dir='ltr' id='par_1_76' title="bbox 298 4037 1877 4109">
     <span class='ocr_line' id='line_1_76' title="bbox 298 4037 1877 4109; baseline 0.003 -20"><span class='ocrx_word' id='word_1_538' title='bbox 298 4056 516 4108; x_wconf 84' lang='grc' dir='ltr'><strong>μικται.</strong></span> <span class='ocrx_word' id='word_1_539' title='bbox 554 4040 701 4103; x_wconf 74' lang='grc' dir='ltr'><strong>Καὶ,</strong></span> <span class='ocrx_word' id='word_1_540' title='bbox 736 4039 783 4090; x_wconf 89' lang='grc' dir='ltr'><strong>εί</strong></span> <span class='ocrx_word' id='word_1_541' title='bbox 818 4037 1035 4107; x_wconf 84' lang='grc' dir='ltr'><strong>βούλει,</strong></span> <span class='ocrx_word' id='word_1_542' title='bbox 1069 4038 1346 4107; x_wconf 81' lang='grc' dir='ltr'><strong>ἀνάγνωθι</strong></span> <span class='ocrx_word' id='word_1_543' title='bbox 1381 4040 1449 4091; x_wconf 73' lang='grc' dir='ltr'><strong>τὰ</strong></span> <span class='ocrx_word' id='word_1_544' title='bbox 1483 4039 1751 4109; x_wconf 79' lang='grc' dir='ltr'><strong>κεφάλαια</strong></span> <span class='ocrx_word' id='word_1_545' title='bbox 1772 4081 1786 4105; x_wconf 96' lang='grc'><strong>,</strong></span> <span class='ocrx_word' id='word_1_546' title='bbox 1818 4042 1877 4093; x_wconf 78' lang='grc' dir='ltr'><strong>ὲν</strong></span> 
     </span>
    </p>
   </div>
   <div class='ocr_carea' id='block_1_77' title="bbox 296 4128 1876 4205">
    <p class='ocr_par' dir='ltr' id='par_1_77' title="bbox 296 4128 1876 4205">
     <span class='ocr_line' id='line_1_77' title="bbox 296 4128 1876 4205; baseline 0.003 -22"><span class='ocrx_word' id='word_1_547' title='bbox 296 4128 383 4196; x_wconf 74' lang='grc' dir='ltr'><strong>οἷς</strong></span> <span class='ocrx_word' id='word_1_548' title='bbox 420 4134 551 4203; x_wconf 73' lang='grc' dir='ltr'><strong>περὶ</strong></span> <span class='ocrx_word' id='word_1_549' title='bbox 584 4131 769 4185; x_wconf 89' lang='grc' dir='ltr'><strong>κοινοῦ</strong></span> <span class='ocrx_word' id='word_1_550' title='bbox 805 4132 1049 4186; x_wconf 76' lang='grc' dir='ltr'><strong>διδάσκει</strong></span> <span class='ocrx_word' id='word_1_551' title='bbox 1081 4133 1191 4187; x_wconf 86' lang='grc' dir='ltr'><strong>τῶν</strong></span> <span class='ocrx_word' id='word_1_552' title='bbox 1225 4132 1535 4203; x_wconf 84' lang='grc' dir='ltr'><strong>ἀνθρώπων</strong></span> <span class='ocrx_word' id='word_1_553' title='bbox 1568 4135 1876 4205; x_wconf 80' lang='grc' dir='ltr'><strong>ἀναγνωρι-</strong></span> 
     </span>
    </p>
   </div>
   <div class='ocr_carea' id='block_1_78' title="bbox 290 4224 1875 4297">
    <p class='ocr_par' dir='ltr' id='par_1_78' title="bbox 290 4224 1875 4297">
     <span class='ocr_line' id='line_1_78' title="bbox 290 4224 1875 4297; baseline 0.001 -21"><span class='ocrx_word' id='word_1_554' title='bbox 290 4224 446 4293; x_wconf 68' lang='grc' dir='ltr'><strong>ὶιμοῦ</strong></span> <span class='ocrx_word' id='word_1_555' title='bbox 472 4263 488 4289; x_wconf 92' lang='grc'><strong>,</strong></span> <span class='ocrx_word' id='word_1_556' title='bbox 535 4224 629 4278; x_wconf 68' lang='grc' dir='ltr'><strong>καὶ</strong></span> <span class='ocrx_word' id='word_1_557' title='bbox 673 4225 860 4293; x_wconf 80' lang='grc' dir='ltr'><strong>γνοίης</strong></span> <span class='ocrx_word' id='word_1_558' title='bbox 909 4224 975 4278; x_wconf 85' lang='grc' dir='ltr'><strong>ἂν</strong></span> <span class='ocrx_word' id='word_1_559' title='bbox 1020 4224 1271 4278; x_wconf 73' lang='grc' dir='ltr'><strong>ἐντεῦθεν</strong></span> <span class='ocrx_word' id='word_1_560' title='bbox 1317 4226 1559 4297; x_wconf 81' lang='grc' dir='ltr'><strong>εὐχερῶς</strong></span> <span class='ocrx_word' id='word_1_561' title='bbox 1600 4227 1697 4297; x_wconf 80' lang='grc' dir='ltr'><strong>τὴν</strong></span> <span class='ocrx_word' id='word_1_562' title='bbox 1741 4227 1875 4297; x_wconf 81' lang='grc' dir='ltr'><strong>ἀλή-</strong></span> 
     </span>
    </p>
   </div>
   <div class='ocr_carea' id='block_1_79' title="bbox 298 4317 1876 4388">
    <p class='ocr_par' dir='ltr' id='par_1_79' title="bbox 298 4317 1876 4388">
     <span class='ocr_line' id='line_1_79' title="bbox 298 4317 1876 4388; baseline 0.001 -18"><span class='ocrx_word' id='word_1_563' title='bbox 298 4318 456 4370; x_wconf 83' lang='grc' dir='ltr'><strong>Θειαν</strong></span> <span class='ocrx_word' id='word_1_564' title='bbox 480 4332 494 4346; x_wconf 76' lang='grc'><strong><em>⁸</em></strong></span> <span class='ocrx_word' id='word_1_565' title='bbox 534 4317 670 4385; x_wconf 77' lang='grc' dir='ltr'><strong>μηδὲ</strong></span> <span class='ocrx_word' id='word_1_566' title='bbox 707 4319 814 4387; x_wconf 84' lang='grc' dir='ltr'><strong>γὰρ</strong></span> <span class='ocrx_word' id='word_1_567' title='bbox 848 4319 904 4379; x_wconf 78' lang='grc' dir='ltr'><strong>ἐς</strong></span> <span class='ocrx_word' id='word_1_568' title='bbox 938 4317 1197 4372; x_wconf 86' lang='grc' dir='ltr'><strong>τοσοῦτον</strong></span> <span class='ocrx_word' id='word_1_569' title='bbox 1235 4319 1571 4388; x_wconf 79' lang='grc' dir='ltr'><strong>μανείημεν,</strong></span> <span class='ocrx_word' id='word_1_570' title='bbox 1605 4320 1680 4383; x_wconf 84' lang='grc' dir='ltr'><strong>ὡς</strong></span> <span class='ocrx_word' id='word_1_571' title='bbox 1714 4320 1876 4372; x_wconf 64' lang='grc' dir='ltr'><strong>αὑτὸν</strong></span> 
     </span>
    </p>
   </div>
   <div class='ocr_carea' id='block_1_80' title="bbox 299 4391 1875 4485">
    <p class='ocr_par' dir='ltr' id='par_1_80' title="bbox 299 4391 1875 4485">
     <span class='ocr_line' id='line_1_80' title="bbox 299 4391 1875 4485; baseline 0.002 -24"><span class='ocrx_word' id='word_1_572' title='bbox 299 4411 479 4485; x_wconf 76' lang='grc' dir='ltr'><strong>εἰπεῖν</strong></span> <span class='ocrx_word' id='word_1_573' title='bbox 513 4408 605 4461; x_wconf 74' lang='grc' dir='ltr'><strong>τὸν</strong></span> <span class='ocrx_word' id='word_1_574' title='bbox 643 4410 819 4481; x_wconf 83' lang='grc' dir='ltr'><strong>μέγαν</strong></span> <span class='ocrx_word' id='word_1_575' title='bbox 855 4408 1178 4464; x_wconf 76' lang='grc' dir='ltr'><strong>Ἀθανάσιον</strong></span> <span class='ocrx_word' id='word_1_576' title='bbox 1211 4391 1591 4463; x_wconf 71' lang='grc' dir='ltr'><strong>ἐναντιοῦσθαί</strong></span> <span class='ocrx_word' id='word_1_577' title='bbox 1628 4427 1760 4463; x_wconf 87' lang='grc' dir='ltr'><strong>ποτε</strong></span> <span class='ocrx_word' id='word_1_578' title='bbox 1798 4411 1875 4482; x_wconf 83' lang='grc' dir='ltr'><strong>τῷ</strong></span> 
     </span>
    </p>
   </div>
   <div class='ocr_carea' id='block_1_81' title="bbox 300 4501 1876 4574">
    <p class='ocr_par' dir='ltr' id='par_1_81' title="bbox 300 4501 1876 4574">
     <span class='ocr_line' id='line_1_81' title="bbox 300 4501 1876 4574; baseline 0.002 -21"><span class='ocrx_word' id='word_1_579' title='bbox 300 4502 404 4569; x_wconf 69' lang='grc' dir='ltr'><strong>τῆς</strong></span> <span class='ocrx_word' id='word_1_580' title='bbox 440 4501 768 4571; x_wconf 76' lang='grc' dir='ltr'><strong>Ἐκκλησίας</strong></span> <span class='ocrx_word' id='word_1_581' title='bbox 802 4501 1069 4573; x_wconf 73' lang='grc' dir='ltr'><strong>ὀρθοδόξῳ</strong></span> <span class='ocrx_word' id='word_1_582' title='bbox 1110 4507 1443 4574; x_wconf 85' lang='grc' dir='ltr'><strong>φρονήματι.</strong></span> <span class='ocrx_word' id='word_1_583' title='bbox 1482 4502 1624 4573; x_wconf 83' lang='grc' dir='ltr'><strong>Πρὸς</strong></span> <span class='ocrx_word' id='word_1_584' title='bbox 1664 4502 1876 4566; x_wconf 79' lang='grc' dir='ltr'><strong>τούτοις</strong></span> 
     </span>
    </p>
   </div>
   <div class='ocr_carea' id='block_1_82' title="bbox 300 4589 1872 4665">
    <p class='ocr_par' dir='ltr' id='par_1_82' title="bbox 300 4589 1872 4665">
     <span class='ocr_line' id='line_1_82' title="bbox 300 4589 1872 4665; baseline 0.001 -19"><span class='ocrx_word' id='word_1_585' title='bbox 300 4596 358 4647; x_wconf 82' lang='grc' dir='ltr'><strong>δὲ</strong></span> <span class='ocrx_word' id='word_1_586' title='bbox 392 4597 418 4647; x_wconf 97' lang='lat'><strong>6</strong></span> <span class='ocrx_word' id='word_1_587' title='bbox 451 4595 591 4660; x_wconf 85' lang='grc' dir='ltr'><strong>θεῖος</strong></span> <span class='ocrx_word' id='word_1_588' title='bbox 622 4589 775 4660; x_wconf 71' lang='grc' dir='ltr'><strong>οὗτος</strong></span> <span class='ocrx_word' id='word_1_589' title='bbox 805 4597 944 4665; x_wconf 75' lang='grc' dir='ltr'><strong>ἀνὴρ</strong></span> <span class='ocrx_word' id='word_1_590' title='bbox 976 4597 1228 4662; x_wconf 77' lang='grc' dir='ltr'><strong>φαίνεται</strong></span> <span class='ocrx_word' id='word_1_591' title='bbox 1259 4597 1611 4665; x_wconf 81' lang='grc' dir='ltr'><strong>μεμνημένος</strong></span> <span class='ocrx_word' id='word_1_592' title='bbox 1644 4595 1737 4649; x_wconf 89' lang='grc' dir='ltr'><strong>τοῦ</strong></span> <span class='ocrx_word' id='word_1_593' title='bbox 1773 4608 1872 4665; x_wconf 51' lang='grc' dir='ltr'><strong>μεθ</strong></span> 
     </span>
    </p>
   </div>
   <div class='ocr_carea' id='block_1_83' title="bbox 1978 3403 3565 3476">
    <p class='ocr_par' dir='ltr' id='par_1_83' title="bbox 1978 3403 3565 3476">
     <span class='ocr_line' id='line_1_83' title="bbox 1978 3403 3565 3476; baseline -0.001 -18"><span class='ocrx_word' id='word_1_594' title='bbox 1978 3404 2140 3470; x_wconf 83' lang='lat' dir='ltr'><strong>sium,</strong></span> <span class='ocrx_word' id='word_1_595' title='bbox 2161 3419 2260 3467; x_wconf 81' lang='lat' dir='ltr'><strong>nec</strong></span> <span class='ocrx_word' id='word_1_596' title='bbox 2289 3420 2414 3460; x_wconf 90' lang='lat' dir='ltr'><strong>eum</strong></span> <span class='ocrx_word' id='word_1_597' title='bbox 2436 3406 2554 3461; x_wconf 89' lang='lat' dir='ltr'><strong>aliis</strong></span> <span class='ocrx_word' id='word_1_598' title='bbox 2581 3409 2631 3460; x_wconf 92' lang='lat' dir='ltr'><strong>in</strong></span> <span class='ocrx_word' id='word_1_599' title='bbox 2658 3406 3008 3476; x_wconf 75' lang='lat' dir='ltr'><strong>opprobrium</strong></span> <span class='ocrx_word' id='word_1_600' title='bbox 3028 3406 3156 3461; x_wconf 86' lang='lat' dir='ltr'><strong>cita.</strong></span> <span class='ocrx_word' id='word_1_601' title='bbox 3184 3405 3297 3459; x_wconf 87' lang='lat' dir='ltr'><strong>Etsi</strong></span> <span class='ocrx_word' id='word_1_602' title='bbox 3323 3404 3466 3458; x_wconf 79' lang='lat' dir='ltr'><strong>enim</strong></span> <span class='ocrx_word' id='word_1_603' title='bbox 3498 3403 3565 3457; x_wconf 89' lang='lat' dir='ltr'><strong>ad</strong></span> 
     </span>
    </p>
   </div>
   <div class='ocr_carea' id='block_1_84' title="bbox 1975 3494 3569 3574">
    <p class='ocr_par' dir='ltr' id='par_1_84' title="bbox 1975 3494 3569 3574">
     <span class='ocr_line' id='line_1_84' title="bbox 1975 3494 3569 3574; baseline -0.003 -24"><span class='ocrx_word' id='word_1_604' title='bbox 1975 3496 2307 3574; x_wconf 85' lang='lat' dir='ltr'><strong>A_utiocbum</strong></span> <span class='ocrx_word' id='word_1_605' title='bbox 2339 3497 2557 3553; x_wconf 70' lang='lat' dir='ltr'><strong>divinus</strong></span> <span class='ocrx_word' id='word_1_606' title='bbox 2590 3498 2679 3553; x_wconf 91' lang='lat' dir='ltr'><strong>ille</strong></span> <span class='ocrx_word' id='word_1_607' title='bbox 2725 3498 2809 3554; x_wconf 83' lang='lat' dir='ltr'><strong>vir</strong></span> <span class='ocrx_word' id='word_1_608' title='bbox 2838 3499 2961 3553; x_wconf 89' lang='lat' dir='ltr'><strong>talia</strong></span> <span class='ocrx_word' id='word_1_609' title='bbox 3008 3497 3299 3567; x_wconf 86' lang='lat' dir='ltr'><strong>scripsisse</strong></span> <span class='ocrx_word' id='word_1_610' title='bbox 3363 3494 3569 3565; x_wconf 85' lang='lat' dir='ltr'><strong>reperi-</strong></span> 
     </span>
    </p>
   </div>
   <div class='ocr_carea' id='block_1_85' title="bbox 1980 3588 3570 3657">
    <p class='ocr_par' dir='ltr' id='par_1_85' title="bbox 1980 3588 3570 3657">
     <span class='ocr_line' id='line_1_85' title="bbox 1980 3588 3570 3657; baseline -0.001 -16"><span class='ocrx_word' id='word_1_611' title='bbox 1980 3597 2089 3654; x_wconf 91' lang='lat' dir='ltr'><strong>tur,</strong></span> <span class='ocrx_word' id='word_1_612' title='bbox 2133 3606 2234 3645; x_wconf 90' lang='lat' dir='ltr'><strong>nec</strong></span> <span class='ocrx_word' id='word_1_613' title='bbox 2272 3589 2403 3644; x_wconf 85' lang='lat' dir='ltr'><strong>huic</strong></span> <span class='ocrx_word' id='word_1_614' title='bbox 2444 3590 2541 3644; x_wconf 86' lang='lat' dir='ltr'><strong>tibi</strong></span> <span class='ocrx_word' id='word_1_615' title='bbox 2572 3588 2958 3645; x_wconf 78' lang='lat' dir='ltr'><strong>conﬁdendum</strong></span> <span class='ocrx_word' id='word_1_616' title='bbox 2990 3598 3095 3654; x_wconf 90' lang='lat' dir='ltr'><strong>est,</strong></span> <span class='ocrx_word' id='word_1_617' title='bbox 3124 3603 3222 3644; x_wconf 89' lang='lat' dir='ltr'><strong>nec</strong></span> <span class='ocrx_word' id='word_1_618' title='bbox 3261 3603 3422 3657; x_wconf 89' lang='lat' dir='ltr'><strong>supra</strong></span> <span class='ocrx_word' id='word_1_619' title='bbox 3452 3601 3570 3640; x_wconf 80' lang='lat' dir='ltr'><strong>me-</strong></span> 
     </span>
    </p>
   </div>
   <div class='ocr_carea' id='block_1_86' title="bbox 1978 3679 3568 3745">
    <p class='ocr_par' dir='ltr' id='par_1_86' title="bbox 1978 3679 3568 3745">
     <span class='ocr_line' id='line_1_86' title="bbox 1978 3679 3568 3745; baseline 0 -9"><span class='ocrx_word' id='word_1_620' title='bbox 1978 3692 2220 3737; x_wconf 88' lang='lat' dir='ltr'><strong>moratos</strong></span> <span class='ocrx_word' id='word_1_621' title='bbox 2250 3691 2469 3745; x_wconf 82' lang='lat' dir='ltr'><strong>sanctos</strong></span> <span class='ocrx_word' id='word_1_622' title='bbox 2533 3681 2680 3735; x_wconf 88' lang='lat' dir='ltr'><strong>viros</strong></span> <span class='ocrx_word' id='word_1_623' title='bbox 2730 3682 3055 3735; x_wconf 90' lang='lat' dir='ltr'><strong>calumniari</strong></span> <span class='ocrx_word' id='word_1_624' title='bbox 3117 3681 3245 3737; x_wconf 89' lang='lat' dir='ltr'><strong>licet</strong></span> <span class='ocrx_word' id='word_1_625' title='bbox 3287 3679 3568 3736; x_wconf 80' lang='lat' dir='ltr'><strong>:fortasse</strong></span> 
     </span>
    </p>
   </div>
   <div class='ocr_carea' id='block_1_87' title="bbox 1978 3772 3563 3845">
    <p class='ocr_par' dir='ltr' id='par_1_87' title="bbox 1978 3772 3563 3845">
     <span class='ocr_line' id='line_1_87' title="bbox 1978 3772 3563 3845; baseline 0 -20"><span class='ocrx_word' id='word_1_626' title='bbox 1978 3774 2126 3826; x_wconf 85' lang='lat' dir='ltr'><strong>enim</strong></span> <span class='ocrx_word' id='word_1_627' title='bbox 2212 3774 2479 3843; x_wconf 76' lang='lat' dir='ltr'><strong>przeteriit</strong></span> <span class='ocrx_word' id='word_1_628' title='bbox 2548 3774 2697 3843; x_wconf 90' lang='lat' dir='ltr'><strong>quod</strong></span> <span class='ocrx_word' id='word_1_629' title='bbox 2760 3775 2909 3845; x_wconf 82' lang='lat' dir='ltr'><strong>apud</strong></span> <span class='ocrx_word' id='word_1_630' title='bbox 2982 3774 3313 3828; x_wconf 83' lang='lat' dir='ltr'><strong>Antiochum</strong></span> <span class='ocrx_word' id='word_1_631' title='bbox 3379 3772 3563 3843; x_wconf 83' lang='lat' dir='ltr'><strong>plera-</strong></span> 
     </span>
    </p>
   </div>
   <div class='ocr_carea' id='block_1_88' title="bbox 1978 3864 3566 3934">
    <p class='ocr_par' dir='ltr' id='par_1_88' title="bbox 1978 3864 3566 3934">
     <span class='ocr_line' id='line_1_88' title="bbox 1978 3864 3566 3934; baseline -0.001 -17"><span class='ocrx_word' id='word_1_632' title='bbox 1978 3880 2083 3933; x_wconf 87' lang='lat' dir='ltr'><strong>que</strong></span> <span class='ocrx_word' id='word_1_633' title='bbox 2121 3864 2231 3918; x_wconf 86' lang='lat' dir='ltr'><strong>sint</strong></span> <span class='ocrx_word' id='word_1_634' title='bbox 2296 3865 2624 3930; x_wconf 88' lang='lat' dir='ltr'><strong>adulterata,</strong></span> <span class='ocrx_word' id='word_1_635' title='bbox 2660 3873 2714 3919; x_wconf 88' lang='lat' dir='ltr'><strong>et</strong></span> <span class='ocrx_word' id='word_1_636' title='bbox 2761 3867 2905 3934; x_wconf 86' lang='lat' dir='ltr'><strong>quod</strong></span> <span class='ocrx_word' id='word_1_637' title='bbox 2932 3866 3075 3919; x_wconf 89' lang='lat' dir='ltr'><strong>bono</strong></span> <span class='ocrx_word' id='word_1_638' title='bbox 3099 3866 3372 3919; x_wconf 77' lang='lat' dir='ltr'><strong>frumento</strong></span> <span class='ocrx_word' id='word_1_639' title='bbox 3399 3865 3566 3919; x_wconf 88' lang='lat' dir='ltr'><strong>etiam</strong></span> 
     </span>
    </p>
   </div>
   <div class='ocr_carea' id='block_1_89' title="bbox 1977 3953 3566 4024">
    <p class='ocr_par' dir='ltr' id='par_1_89' title="bbox 1977 3953 3566 4024">
     <span class='ocr_line' id='line_1_89' title="bbox 1977 3953 3566 4024; baseline -0.002 -16"><span class='ocrx_word' id='word_1_640' title='bbox 1977 3953 2224 4023; x_wconf 69' lang='lat' dir='ltr'><strong>quaedam</strong></span> <span class='ocrx_word' id='word_1_641' title='bbox 2260 3955 2447 4024; x_wconf 87' lang='lat' dir='ltr'><strong>spuria</strong></span> <span class='ocrx_word' id='word_1_642' title='bbox 2488 3963 2617 4009; x_wconf 85' lang='lat' dir='ltr'><strong>sunt</strong></span> <span class='ocrx_word' id='word_1_643' title='bbox 2647 3955 2935 4009; x_wconf 77' lang='lat' dir='ltr'><strong>immista?</strong></span> <span class='ocrx_word' id='word_1_644' title='bbox 2964 3953 3023 4007; x_wconf 89' lang='lat' dir='ltr'><strong>Si</strong></span> <span class='ocrx_word' id='word_1_645' title='bbox 3064 3955 3263 4023; x_wconf 86' lang='lat' dir='ltr'><strong>placet,</strong></span> <span class='ocrx_word' id='word_1_646' title='bbox 3294 3955 3566 4023; x_wconf 71' lang='lat' dir='ltr'><strong>praecipua</strong></span> 
     </span>
    </p>
   </div>
   <div class='ocr_carea' id='block_1_90' title="bbox 1980 4044 3564 4115">
    <p class='ocr_par' dir='ltr' id='par_1_90' title="bbox 1980 4044 3564 4115">
     <span class='ocr_line' id='line_1_90' title="bbox 1980 4044 3564 4115; baseline -0.001 -16"><span class='ocrx_word' id='word_1_647' title='bbox 1980 4044 2117 4115; x_wconf 88' lang='lat' dir='ltr'><strong>lege,</strong></span> <span class='ocrx_word' id='word_1_648' title='bbox 2168 4045 2368 4115; x_wconf 90' lang='lat' dir='ltr'><strong>quibus</strong></span> <span class='ocrx_word' id='word_1_649' title='bbox 2406 4045 2475 4100; x_wconf 89' lang='lat' dir='ltr'><strong>de</strong></span> <span class='ocrx_word' id='word_1_650' title='bbox 2518 4046 2799 4100; x_wconf 90' lang='lat' dir='ltr'><strong>communi</strong></span> <span class='ocrx_word' id='word_1_651' title='bbox 2852 4045 3137 4109; x_wconf 75' lang='lat' dir='ltr'><strong>hominum</strong></span> <span class='ocrx_word' id='word_1_652' title='bbox 3200 4059 3366 4098; x_wconf 88' lang='lat' dir='ltr'><strong>sensu</strong></span> <span class='ocrx_word' id='word_1_653' title='bbox 3428 4044 3564 4097; x_wconf 84' lang='lat' dir='ltr'><strong>edo-</strong></span> 
     </span>
    </p>
   </div>
   <div class='ocr_carea' id='block_1_91' title="bbox 1978 4135 3566 4204">
    <p class='ocr_par' dir='ltr' id='par_1_91' title="bbox 1978 4135 3566 4204">
     <span class='ocr_line' id='line_1_91' title="bbox 1978 4135 3566 4204; baseline -0.003 -11"><span class='ocrx_word' id='word_1_654' title='bbox 1978 4139 2145 4204; x_wconf 89' lang='lat' dir='ltr'><strong>ceris,</strong></span> <span class='ocrx_word' id='word_1_655' title='bbox 2177 4146 2232 4192; x_wconf 91' lang='lat' dir='ltr'><strong>et</strong></span> <span class='ocrx_word' id='word_1_656' title='bbox 2278 4138 2356 4193; x_wconf 90' lang='lat' dir='ltr'><strong>ibi</strong></span> <span class='ocrx_word' id='word_1_657' title='bbox 2401 4138 2544 4193; x_wconf 80' lang='lat' dir='ltr'><strong>forte</strong></span> <span class='ocrx_word' id='word_1_658' title='bbox 2571 4138 2857 4193; x_wconf 87' lang='lat' dir='ltr'><strong>veritatem</strong></span> <span class='ocrx_word' id='word_1_659' title='bbox 2905 4137 3062 4192; x_wconf 77' lang='lat' dir='ltr'><strong>facile</strong></span> <span class='ocrx_word' id='word_1_660' title='bbox 3111 4137 3353 4191; x_wconf 84' lang='lat' dir='ltr'><strong>noveris.</strong></span> <span class='ocrx_word' id='word_1_661' title='bbox 3411 4135 3566 4190; x_wconf 82' lang='lat' dir='ltr'><strong>Absit</strong></span> 
     </span>
    </p>
   </div>
   <div class='ocr_carea' id='block_1_92' title="bbox 1977 4226 3567 4299">
    <p class='ocr_par' dir='ltr' id='par_1_92' title="bbox 1977 4226 3567 4299">
     <span class='ocr_line' id='line_1_92' title="bbox 1977 4226 3567 4299; baseline -0.004 -12"><span class='ocrx_word' id='word_1_662' title='bbox 1977 4233 2125 4287; x_wconf 88' lang='lat' dir='ltr'><strong>enim</strong></span> <span class='ocrx_word' id='word_1_663' title='bbox 2154 4232 2290 4285; x_wconf 89' lang='lat' dir='ltr'><strong>adeo</strong></span> <span class='ocrx_word' id='word_1_664' title='bbox 2323 4248 2424 4286; x_wconf 90' lang='lat' dir='ltr'><strong>nos</strong></span> <span class='ocrx_word' id='word_1_665' title='bbox 2452 4230 2719 4293; x_wconf 87' lang='lat' dir='ltr'><strong>insanire,</strong></span> <span class='ocrx_word' id='word_1_666' title='bbox 2752 4240 2810 4284; x_wconf 90' lang='lat' dir='ltr'><strong>ut</strong></span> <span class='ocrx_word' id='word_1_667' title='bbox 2836 4231 3015 4299; x_wconf 92' lang='lat' dir='ltr'><strong>ipsum</strong></span> <span class='ocrx_word' id='word_1_668' title='bbox 3044 4245 3297 4299; x_wconf 79' lang='lat' dir='ltr'><strong>magnum</strong></span> <span class='ocrx_word' id='word_1_669' title='bbox 3325 4226 3567 4282; x_wconf 82' lang='lat' dir='ltr'><strong>Albana-</strong></span> 
     </span>
    </p>
   </div>
   <div class='ocr_carea' id='block_1_93' title="bbox 1978 4323 3661 4392">
    <p class='ocr_par' dir='ltr' id='par_1_93' title="bbox 1978 4323 3661 4392">
     <span class='ocr_line' id='line_1_93' title="bbox 1978 4323 3661 4392; baseline -0.005 -13"><span class='ocrx_word' id='word_1_670' title='bbox 1978 4323 2121 4379; x_wconf 89' lang='lat' dir='ltr'><strong>sium</strong></span> <span class='ocrx_word' id='word_1_671' title='bbox 2147 4325 2470 4380; x_wconf 65' lang='lat' dir='ltr'><strong>orthodoxae</strong></span> <span class='ocrx_word' id='word_1_672' title='bbox 2506 4324 2762 4380; x_wconf 67' lang='lat' dir='ltr'><strong>Ecclesia:</strong></span> <span class='ocrx_word' id='word_1_673' title='bbox 2791 4323 3055 4381; x_wconf 65' lang='lat' dir='ltr'><strong>doctrina:</strong></span> <span class='ocrx_word' id='word_1_674' title='bbox 3083 4323 3375 4392; x_wconf 86' lang='lat' dir='ltr'><strong>aliquando</strong></span> <span class='ocrx_word' id='word_1_675' title='bbox 3402 4338 3566 4392; x_wconf 83' lang='lat' dir='ltr'><strong>repu-</strong></span> <span class='ocrx_word' id='word_1_676' title='bbox 3656 4362 3661 4371; x_wconf 92' lang='lat'>.</span> 
     </span>
    </p>
   </div>
   <div class='ocr_carea' id='block_1_94' title="bbox 1978 4413 3563 4490">
    <p class='ocr_par' dir='ltr' id='par_1_94' title="bbox 1978 4413 3563 4490">
     <span class='ocr_line' id='line_1_94' title="bbox 1978 4413 3563 4490; baseline -0.004 -18"><span class='ocrx_word' id='word_1_677' title='bbox 1978 4433 2143 4490; x_wconf 84' lang='lat' dir='ltr'><strong>gnare</strong></span> <span class='ocrx_word' id='word_1_678' title='bbox 2165 4417 2430 4477; x_wconf 87' lang='lat' dir='ltr'><strong>dicamus.</strong></span> <span class='ocrx_word' id='word_1_679' title='bbox 2456 4418 2728 4471; x_wconf 65' lang='lat' dir='ltr'><strong>Prmterea</strong></span> <span class='ocrx_word' id='word_1_680' title='bbox 2754 4416 2971 4471; x_wconf 86' lang='lat' dir='ltr'><strong>divinus</strong></span> <span class='ocrx_word' id='word_1_681' title='bbox 2993 4416 3082 4469; x_wconf 91' lang='lat' dir='ltr'><strong>ille</strong></span> <span class='ocrx_word' id='word_1_682' title='bbox 3105 4417 3186 4469; x_wconf 90' lang='lat' dir='ltr'><strong>vir</strong></span> <span class='ocrx_word' id='word_1_683' title='bbox 3211 4413 3392 4485; x_wconf 75' lang='lat' dir='ltr'><strong>magni</strong></span> <span class='ocrx_word' id='word_1_684' title='bbox 3415 4413 3563 4466; x_wconf 71' lang='lat' dir='ltr'><strong>Itasi-</strong></span> 
     </span>
    </p>
   </div>
   <div class='ocr_carea' id='block_1_95' title="bbox 1981 4498 3563 4571">
    <p class='ocr_par' dir='ltr' id='par_1_95' title="bbox 1981 4498 3563 4571">
     <span class='ocr_line' id='line_1_95' title="bbox 1981 4498 3563 4571; baseline -0.004 -9"><span class='ocrx_word' id='word_1_685' title='bbox 1981 4498 2037 4562; x_wconf 89' lang='lat' dir='ltr'><strong>Iii</strong></span> <span class='ocrx_word' id='word_1_686' title='bbox 2073 4509 2389 4563; x_wconf 85' lang='lat' dir='ltr'><strong>meminisse</strong></span> <span class='ocrx_word' id='word_1_687' title='bbox 2419 4508 2637 4562; x_wconf 88' lang='lat' dir='ltr'><strong>videtur</strong></span> <span class='ocrx_word' id='word_1_688' title='bbox 2662 4549 2677 4571; x_wconf 92' lang='lat'><strong>,</strong></span> <span class='ocrx_word' id='word_1_689' title='bbox 2708 4523 2812 4562; x_wconf 89' lang='lat' dir='ltr'><strong>nec</strong></span> <span class='ocrx_word' id='word_1_690' title='bbox 2838 4523 2947 4562; x_wconf 87' lang='lat' dir='ltr'><strong>non</strong></span> <span class='ocrx_word' id='word_1_691' title='bbox 2968 4506 3161 4561; x_wconf 89' lang='lat' dir='ltr'><strong>lsidori</strong></span> <span class='ocrx_word' id='word_1_692' title='bbox 3192 4504 3504 4569; x_wconf 62' lang='lat' dir='ltr'><strong>Pelusiotze,</strong></span> <span class='ocrx_word' id='word_1_693' title='bbox 3534 4519 3563 4556; x_wconf 89' lang='lat' dir='ltr'><strong>a</strong></span> 
     </span>
    </p>
   </div>
   <div class='ocr_carea' id='block_1_96' title="bbox 1981 4594 3565 4670">
    <p class='ocr_par' dir='ltr' id='par_1_96' title="bbox 1981 4594 3565 4670">
     <span class='ocr_line' id='line_1_96' title="bbox 1981 4594 3565 4670; baseline -0.004 -17"><span class='ocrx_word' id='word_1_694' title='bbox 1981 4616 2090 4670; x_wconf 93' lang='lat' dir='ltr'><strong>quo</strong></span> <span class='ocrx_word' id='word_1_695' title='bbox 2111 4600 2307 4654; x_wconf 87' lang='lat' dir='ltr'><strong>melius</strong></span> <span class='ocrx_word' id='word_1_696' title='bbox 2355 4600 2536 4654; x_wconf 82' lang='lat' dir='ltr'><strong>adhuc</strong></span> <span class='ocrx_word' id='word_1_697' title='bbox 2568 4599 2761 4655; x_wconf 89' lang='lat' dir='ltr'><strong>audire</strong></span> <span class='ocrx_word' id='word_1_698' title='bbox 2791 4600 2936 4666; x_wconf 90' lang='lat' dir='ltr'><strong>licet,</strong></span> <span class='ocrx_word' id='word_1_699' title='bbox 2963 4599 3107 4669; x_wconf 90' lang='lat' dir='ltr'><strong>quod</strong></span> <span class='ocrx_word' id='word_1_700' title='bbox 3143 4597 3413 4665; x_wconf 57' lang='lat' dir='ltr'><strong>praecipua</strong></span> <span class='ocrx_word' id='word_1_701' title='bbox 3446 4594 3565 4648; x_wconf 89' lang='lat' dir='ltr'><strong>loca</strong></span> 
     </span>
    </p>
   </div>
   <div class='ocr_carea' id='block_1_97' title="bbox 302 4657 1882 4760">
    <p class='ocr_par' dir='ltr' id='par_1_97' title="bbox 302 4657 1874 4760">
     <span class='ocr_line' id='line_1_97' title="bbox 302 4657 1874 4760; baseline -0.001 -19"><span class='ocrx_word' id='word_1_702' title='bbox 302 4689 475 4756; x_wconf 78' lang='grc' dir='ltr'><strong>γάλου</strong></span> <span class='ocrx_word' id='word_1_703' title='bbox 516 4657 800 4742; x_wconf 82' lang='grc' dir='ltr'><strong>Βασιλείου</strong></span> <span class='ocrx_word' id='word_1_704' title='bbox 822 4729 838 4754; x_wconf 90' lang='grc'><strong>,</strong></span> <span class='ocrx_word' id='word_1_705' title='bbox 986 4657 1275 4758; x_wconf 49' lang='grc' dir='ltr'><strong>-Ἱσιδώροῦ</strong></span> <span class='ocrx_word' id='word_1_706' title='bbox 1311 4657 1404 4741; x_wconf 73' lang='grc' dir='ltr'><strong>τοῦ</strong></span> <span class='ocrx_word' id='word_1_707' title='bbox 1430 4657 1833 4760; x_wconf 42' lang='grc' dir='ltr'><strong>’ίῖηλοιισιώτου</strong></span> <span class='ocrx_word' id='word_1_708' title='bbox 1859 4726 1874 4752; x_wconf 89' lang='grc'><strong>,</strong></span> 
     </span>
    </p>
   </div>
   <div class='ocr_carea' id='block_1_98' title="bbox 1989 4657 3567 4760">
    <p class='ocr_par' dir='ltr' id='par_1_98' title="bbox 1989 4688 3567 4758">
     <span class='ocr_line' id='line_1_98' title="bbox 1989 4688 3567 4758; baseline -0.006 -11"><span class='ocrx_word' id='word_1_709' title='bbox 1989 4692 2292 4747; x_wconf 86' lang='lat' dir='ltr'><strong>adulterata</strong></span> <span class='ocrx_word' id='word_1_710' title='bbox 2351 4701 2511 4758; x_wconf 89' lang='lat' dir='ltr'><strong>sunt;</strong></span> <span class='ocrx_word' id='word_1_711' title='bbox 2554 4691 2600 4747; x_wconf 90' lang='lat' dir='ltr'><strong>si</strong></span> <span class='ocrx_word' id='word_1_712' title='bbox 2633 4691 2780 4745; x_wconf 88' lang='lat' dir='ltr'><strong>enim</strong></span> <span class='ocrx_word' id='word_1_713' title='bbox 2842 4691 2916 4744; x_wconf 89' lang='lat' dir='ltr'><strong>ita</strong></span> <span class='ocrx_word' id='word_1_714' title='bbox 2963 4706 3022 4744; x_wconf 80' lang='lat' dir='ltr'><strong>se</strong></span> <span class='ocrx_word' id='word_1_715' title='bbox 3052 4705 3139 4744; x_wconf 90' lang='lat' dir='ltr'><strong>res</strong></span> <span class='ocrx_word' id='word_1_716' title='bbox 3174 4704 3286 4743; x_wconf 89' lang='lat' dir='ltr'><strong>non</strong></span> <span class='ocrx_word' id='word_1_717' title='bbox 3317 4688 3567 4747; x_wconf 85' lang='lat' dir='ltr'><strong>haberet,</strong></span> 
     </span>
    </p>
   </div>
   <div class='ocr_carea' id='block_1_99' title="bbox 301 4777 1876 4855">
    <p class='ocr_par' dir='ltr' id='par_1_99' title="bbox 301 4777 1876 4855">
     <span class='ocr_line' id='line_1_99' title="bbox 301 4777 1876 4855; baseline -0.002 -16"><span class='ocrx_word' id='word_1_718' title='bbox 301 4784 398 4853; x_wconf 79' lang='grc' dir='ltr'><strong>ἀφ’</strong></span> <span class='ocrx_word' id='word_1_719' title='bbox 422 4777 483 4838; x_wconf 75' lang='grc' dir='ltr'><strong>οὗ</strong></span> <span class='ocrx_word' id='word_1_720' title='bbox 513 4785 606 4839; x_wconf 75' lang='grc' dir='ltr'><strong>καὶ</strong></span> <span class='ocrx_word' id='word_1_721' title='bbox 638 4786 839 4854; x_wconf 82' lang='grc' dir='ltr'><strong>μᾶλλον</strong></span> <span class='ocrx_word' id='word_1_722' title='bbox 867 4783 1302 4854; x_wconf 85' lang='grc' dir='ltr'><strong>διαγινώσκομεν</strong></span> <span class='ocrx_word' id='word_1_723' title='bbox 1330 4785 1403 4848; x_wconf 83' lang='grc' dir='ltr'><strong>ὡς</strong></span> <span class='ocrx_word' id='word_1_724' title='bbox 1434 4785 1491 4837; x_wconf 77' lang='grc' dir='ltr'><strong>ὲν</strong></span> <span class='ocrx_word' id='word_1_725' title='bbox 1525 4783 1754 4855; x_wconf 75' lang='grc' dir='ltr'><strong>ἀληθεία</strong></span> <span class='ocrx_word' id='word_1_726' title='bbox 1787 4800 1876 4836; x_wconf 86' lang='grc' dir='ltr'><strong>νε⁴</strong></span> 
     </span>
    </p>
   </div>
   <div class='ocr_carea' id='block_1_100' title="bbox 1986 4785 3567 4857">
    <p class='ocr_par' dir='ltr' id='par_1_100' title="bbox 1986 4785 3567 4857">
     <span class='ocr_line' id='line_1_100' title="bbox 1986 4785 3567 4857; baseline -0.002 -19"><span class='ocrx_word' id='word_1_727' title='bbox 1986 4785 2313 4855; x_wconf 70' lang='grc' dir='ltr'><strong>ρτίοτζιειοιε</strong></span> <span class='ocrx_word' id='word_1_728' title='bbox 2343 4795 2685 4857; x_wconf 82' lang='lat' dir='ltr'><strong>posterorum</strong></span> <span class='ocrx_word' id='word_1_729' title='bbox 2715 4785 3028 4840; x_wconf 89' lang='lat' dir='ltr'><strong>meminisse</strong></span> <span class='ocrx_word' id='word_1_730' title='bbox 3062 4800 3193 4839; x_wconf 87' lang='lat' dir='ltr'><strong>sane</strong></span> <span class='ocrx_word' id='word_1_731' title='bbox 3221 4799 3329 4837; x_wconf 90' lang='lat' dir='ltr'><strong>non</strong></span> <span class='ocrx_word' id='word_1_732' title='bbox 3363 4787 3567 4853; x_wconf 68' lang='lat' dir='ltr'><strong>posset“</strong></span> 
     </span>
    </p>
   </div>
   <div class='ocr_carea' id='block_1_101' title="bbox 304 4879 3571 4956">
    <p class='ocr_par' dir='ltr' id='par_1_101' title="bbox 304 4879 3571 4956">
     <span class='ocr_line' id='line_1_101' title="bbox 304 4879 3571 4956; baseline -0.001 -22"><span class='ocrx_word' id='word_1_733' title='bbox 304 4884 554 4937; x_wconf 80' lang='grc' dir='ltr'><strong>νὸθευται</strong></span> <span class='ocrx_word' id='word_1_734' title='bbox 607 4884 675 4936; x_wconf 76' lang='grc' dir='ltr'><strong>τὰ</strong></span> <span class='ocrx_word' id='word_1_735' title='bbox 733 4881 1095 4952; x_wconf 78' lang='grc' dir='ltr'><strong>διαληφθέντα</strong></span> <span class='ocrx_word' id='word_1_736' title='bbox 1152 4882 1457 4952; x_wconf 75' lang='grc' dir='ltr'><strong>κεφάλαιαο</strong></span> <span class='ocrx_word' id='word_1_737' title='bbox 1490 4884 1538 4935; x_wconf 77' lang='grc' dir='ltr'><strong>εἰ</strong></span> <span class='ocrx_word' id='word_1_738' title='bbox 1570 4882 1646 4955; x_wconf 83' lang='grc' dir='ltr'><strong>μὴ</strong></span> <span class='ocrx_word' id='word_1_739' title='bbox 1672 4882 1782 4953; x_wconf 84' lang='grc' dir='ltr'><strong>γὰρ</strong></span> <span class='ocrx_word' id='word_1_740' title='bbox 1807 4882 1965 4936; x_wconf 61' lang='grc' dir='ltr'><strong>τιῦτο</strong></span> <span class='ocrx_word' id='word_1_741' title='bbox 1991 4879 2059 4949; x_wconf 77' lang='grc' dir='ltr'><strong>ἦν</strong></span> <span class='ocrx_word' id='word_1_742' title='bbox 2080 4926 2097 4950; x_wconf 94' lang='grc'><strong>,</strong></span> <span class='ocrx_word' id='word_1_743' title='bbox 2128 4886 2227 4938; x_wconf 83' lang='grc' dir='ltr'><strong>οὐκ</strong></span> <span class='ocrx_word' id='word_1_744' title='bbox 2258 4885 2324 4943; x_wconf 78' lang='grc' dir='ltr'><strong>ἂν</strong></span> <span class='ocrx_word' id='word_1_745' title='bbox 2354 4889 2382 4940; x_wconf 89' lang='lat'><strong>6</strong></span> <span class='ocrx_word' id='word_1_746' title='bbox 2416 4884 2849 4956; x_wconf 81' lang='grc' dir='ltr'><strong>προγενέστερος</strong></span> <span class='ocrx_word' id='word_1_747' title='bbox 2880 4883 2988 4937; x_wconf 83' lang='grc' dir='ltr'><strong>τῶν</strong></span> <span class='ocrx_word' id='word_1_748' title='bbox 3017 4881 3392 4952; x_wconf 84' lang='grc' dir='ltr'><strong>ύστερογενῶν</strong></span> <span class='ocrx_word' id='word_1_749' title='bbox 3428 4897 3571 4949; x_wconf 90' lang='grc' dir='ltr'><strong>μεμ-</strong></span> 
     </span>
    </p>
   </div>
   <div class='ocr_carea' id='block_1_102' title="bbox 303 4976 827 5046">
    <p class='ocr_par' dir='ltr' id='par_1_102' title="bbox 303 4976 827 5046">
     <span class='ocr_line' id='line_1_102' title="bbox 303 4976 827 5046; baseline 0 -20"><span class='ocrx_word' id='word_1_750' title='bbox 303 4976 537 5046; x_wconf 84' lang='grc' dir='ltr'><strong>νημένος</strong></span> <span class='ocrx_word' id='word_1_751' title='bbox 561 4976 827 5044; x_wconf 75' lang='grc' dir='ltr'><strong>ἐφαίνετο.</strong></span> 
     </span>
    </p>
   </div>
   <div class='ocr_carea' id='block_1_103' title="bbox 375 5070 1879 5143">
    <p class='ocr_par' dir='ltr' id='par_1_103' title="bbox 375 5070 1879 5143">
     <span class='ocr_line' id='line_1_103' title="bbox 375 5070 1879 5143; baseline -0.003 -16"><span class='ocrx_word' id='word_1_752' title='bbox 375 5070 447 5141; x_wconf 85' lang='grc' dir='ltr'><strong>γ’.</strong></span> <span class='ocrx_word' id='word_1_753' title='bbox 478 5073 602 5126; x_wconf 87' lang='grc' dir='ltr'><strong>Ὅτι</strong></span> <span class='ocrx_word' id='word_1_754' title='bbox 644 5074 701 5125; x_wconf 76' lang='grc' dir='ltr'><strong>δὲ</strong></span> <span class='ocrx_word' id='word_1_755' title='bbox 735 5073 908 5128; x_wconf 86' lang='grc' dir='ltr'><strong>ταῦτα</strong></span> <span class='ocrx_word' id='word_1_756' title='bbox 926 5072 1098 5137; x_wconf 76' lang='grc' dir='ltr'><strong>οὕτως</strong></span> <span class='ocrx_word' id='word_1_757' title='bbox 1140 5072 1276 5143; x_wconf 73' lang='grc' dir='ltr'><strong>ἔχει,</strong></span> <span class='ocrx_word' id='word_1_758' title='bbox 1311 5071 1404 5127; x_wconf 76' lang='grc' dir='ltr'><strong>καὶ</strong></span> <span class='ocrx_word' id='word_1_759' title='bbox 1440 5071 1515 5134; x_wconf 87' lang='grc' dir='ltr'><strong>ὠς</strong></span> <span class='ocrx_word' id='word_1_760' title='bbox 1551 5071 1653 5124; x_wconf 85' lang='grc' dir='ltr'><strong>οὐκ</strong></span> <span class='ocrx_word' id='word_1_761' title='bbox 1687 5071 1744 5124; x_wconf 77' lang='grc' dir='ltr'>ἐν</span> <span class='ocrx_word' id='word_1_762' title='bbox 1775 5089 1879 5123; x_wconf 87' lang='grc' dir='ltr'><strong>τινι</strong></span> 
     </span>
    </p>
   </div>
   <div class='ocr_carea' id='block_1_104' title="bbox 303 5162 1880 5234">
    <p class='ocr_par' dir='ltr' id='par_1_104' title="bbox 303 5162 1880 5234">
     <span class='ocr_line' id='line_1_104' title="bbox 303 5162 1880 5234; baseline -0.001 -18"><span class='ocrx_word' id='word_1_763' title='bbox 303 5164 454 5234; x_wconf 79' lang='grc' dir='ltr'><strong>τόπῳ</strong></span> <span class='ocrx_word' id='word_1_764' title='bbox 475 5204 491 5228; x_wconf 91' lang='grc'><strong>,</strong></span> <span class='ocrx_word' id='word_1_765' title='bbox 525 5164 778 5231; x_wconf 84' lang='grc' dir='ltr'><strong>καθάπερ</strong></span> <span class='ocrx_word' id='word_1_766' title='bbox 806 5166 856 5216; x_wconf 83' lang='grc' dir='ltr'><strong>οι</strong></span> <span class='ocrx_word' id='word_1_767' title='bbox 890 5164 1109 5228; x_wconf 82' lang='grc' dir='ltr'><strong>πλείους</strong></span> <span class='ocrx_word' id='word_1_768' title='bbox 1142 5162 1399 5218; x_wconf 82' lang='grc' dir='ltr'><strong>εἰώθασιν</strong></span> <span class='ocrx_word' id='word_1_769' title='bbox 1421 5203 1436 5227; x_wconf 90' lang='grc'><strong>,</strong></span> <span class='ocrx_word' id='word_1_770' title='bbox 1468 5163 1516 5214; x_wconf 86' lang='lat' dir='ltr'><strong>0l</strong></span> <span class='ocrx_word' id='word_1_771' title='bbox 1546 5162 1880 5227; x_wconf 79' lang='grc' dir='ltr'><strong>ἀπελθόντες</strong></span> 
     </span>
    </p>
   </div>
   <div class='ocr_carea' id='block_1_105' title="bbox 307 5254 1883 5328">
    <p class='ocr_par' dir='ltr' id='par_1_105' title="bbox 307 5254 1883 5328">
     <span class='ocr_line' id='line_1_105' title="bbox 307 5254 1883 5328; baseline 0 -18"><span class='ocrx_word' id='word_1_772' title='bbox 307 5258 457 5325; x_wconf 83' lang='grc' dir='ltr'><strong>ἆγιοι</strong></span> <span class='ocrx_word' id='word_1_773' title='bbox 486 5258 916 5328; x_wconf 75' lang='grc' dir='ltr'><strong>περιορίζονται,</strong></span> <span class='ocrx_word' id='word_1_774' title='bbox 950 5258 1086 5313; x_wconf 82' lang='grc' dir='ltr'><strong>ἀλλά</strong></span> <span class='ocrx_word' id='word_1_775' title='bbox 1119 5259 1256 5328; x_wconf 84' lang='grc' dir='ltr'><strong>μετά</strong></span> <span class='ocrx_word' id='word_1_776' title='bbox 1286 5254 1604 5328; x_wconf 68' lang='grc' dir='ltr'><strong>παρρησίας</strong></span> <span class='ocrx_word' id='word_1_777' title='bbox 1635 5256 1718 5310; x_wconf 82' lang='grc' dir='ltr'><strong>ὅτι</strong></span> <span class='ocrx_word' id='word_1_778' title='bbox 1750 5255 1883 5310; x_wconf 88' lang='grc' dir='ltr'><strong>πολ-</strong></span> 
     </span>
    </p>
   </div>
   <div class='ocr_carea' id='block_1_106' title="bbox 307 5346 1882 5420">
    <p class='ocr_par' dir='ltr' id='par_1_106' title="bbox 307 5346 1882 5420">
     <span class='ocr_line' id='line_1_106' title="bbox 307 5346 1882 5420; baseline 0.001 -20"><span class='ocrx_word' id='word_1_779' title='bbox 307 5349 405 5416; x_wconf 76' lang='grc' dir='ltr'><strong>λῆς</strong></span> <span class='ocrx_word' id='word_1_780' title='bbox 434 5350 795 5420; x_wconf 80' lang='grc' dir='ltr'><strong>παρίστανται</strong></span> <span class='ocrx_word' id='word_1_781' title='bbox 825 5350 902 5416; x_wconf 86' lang='grc' dir='ltr'><strong>τῷ</strong></span> <span class='ocrx_word' id='word_1_782' title='bbox 931 5349 1081 5419; x_wconf 85' lang='grc' dir='ltr'><strong>Θεῷ,</strong></span> <span class='ocrx_word' id='word_1_783' title='bbox 1112 5346 1276 5403; x_wconf 81' lang='grc' dir='ltr'><strong>αὑτοῦ</strong></span> <span class='ocrx_word' id='word_1_784' title='bbox 1308 5348 1403 5403; x_wconf 89' lang='grc' dir='ltr'><strong>τοῦ</strong></span> <span class='ocrx_word' id='word_1_785' title='bbox 1438 5349 1693 5420; x_wconf 81' lang='grc' dir='ltr'><strong>Σωτῆρος</strong></span> <span class='ocrx_word' id='word_1_786' title='bbox 1725 5348 1882 5418; x_wconf 77' lang='grc' dir='ltr'><strong>ἡμῶν</strong></span> 
     </span>
    </p>
   </div>
   <div class='ocr_carea' id='block_1_107' title="bbox 327 5439 1881 5513">
    <p class='ocr_par' dir='ltr' id='par_1_107' title="bbox 327 5439 1881 5513">
     <span class='ocr_line' id='line_1_107' title="bbox 327 5439 1881 5513; baseline 0.001 -19"><span class='ocrx_word' id='word_1_787' title='bbox 327 5442 498 5513; x_wconf 84' lang='grc' dir='ltr'><strong>Ἰησοῦ</strong></span> <span class='ocrx_word' id='word_1_788' title='bbox 532 5443 781 5511; x_wconf 83' lang='grc' dir='ltr'><strong>λέγοντος</strong></span> <span class='ocrx_word' id='word_1_789' title='bbox 816 5443 978 5497; x_wconf 79' lang='grc' dir='ltr'><strong>ἄκουε</strong></span> <span class='ocrx_word' id='word_1_790' title='bbox 1000 5458 1016 5475; x_wconf 79' lang='grc' dir='ltr'><strong><em>ο</em></strong></span> <span class='ocrx_word' id='word_1_791' title='bbox 1052 5442 1274 5511; x_wconf 80' lang='grc' dir='ltr'><strong>Πάτερ,</strong></span> <span class='ocrx_word' id='word_1_792' title='bbox 1307 5442 1417 5507; x_wconf 81' lang='grc' dir='ltr'><strong>οὓς</strong></span> <span class='ocrx_word' id='word_1_793' title='bbox 1447 5439 1715 5506; x_wconf 80' lang='grc' dir='ltr'><strong>δέδωκάς</strong></span> <span class='ocrx_word' id='word_1_794' title='bbox 1740 5458 1843 5509; x_wconf 86' lang='grc' dir='ltr'><strong>μοι</strong></span> <span class='ocrx_word' id='word_1_795' title='bbox 1866 5481 1881 5507; x_wconf 89' lang='grc'><strong>,</strong></span> 
     </span>
    </p>
   </div>
   <div class='ocr_carea' id='block_1_108' title="bbox 316 5531 1883 5605">
    <p class='ocr_par' dir='ltr' id='par_1_108' title="bbox 316 5531 1883 5605">
     <span class='ocr_line' id='line_1_108' title="bbox 316 5531 1883 5605; baseline 0.002 -18"><span class='ocrx_word' id='word_1_796' title='bbox 316 5537 465 5589; x_wconf 67' lang='grc' dir='ltr'><strong>θέλω</strong></span> <span class='ocrx_word' id='word_1_797' title='bbox 493 5536 593 5589; x_wconf 75' lang='grc' dir='ltr'><strong>ἵνα</strong></span> <span class='ocrx_word' id='word_1_798' title='bbox 626 5536 779 5592; x_wconf 78' lang='grc' dir='ltr'><strong>ὅπου</strong></span> <span class='ocrx_word' id='word_1_799' title='bbox 808 5536 924 5605; x_wconf 75' lang='grc' dir='ltr'><strong>εἰμὶ</strong></span> <span class='ocrx_word' id='word_1_800' title='bbox 952 5536 1066 5604; x_wconf 75' lang='grc' dir='ltr'><strong>ἐγὼ</strong></span> <span class='ocrx_word' id='word_1_801' title='bbox 1125 5534 1389 5589; x_wconf 78' lang='grc' dir='ltr'><strong>κάκεῖνοι</strong></span> <span class='ocrx_word' id='word_1_802' title='bbox 1419 5531 1532 5593; x_wconf 86' lang='grc' dir='ltr'><strong>ὦσι</strong></span> <span class='ocrx_word' id='word_1_803' title='bbox 1560 5535 1689 5605; x_wconf 83' lang='grc' dir='ltr'><strong>μετ’</strong></span> <span class='ocrx_word' id='word_1_804' title='bbox 1714 5534 1883 5605; x_wconf 78' lang='grc' dir='ltr'><strong>ἐμοῦ,</strong></span> 
     </span>
    </p>
   </div>
   <div class='ocr_carea' id='block_1_109' title="bbox 312 5626 1885 5697">
    <p class='ocr_par' dir='ltr' id='par_1_109' title="bbox 312 5626 1885 5697">
     <span class='ocr_line' id='line_1_109' title="bbox 312 5626 1885 5697; baseline 0.003 -22"><span class='ocrx_word' id='word_1_805' title='bbox 312 5626 410 5679; x_wconf 77' lang='grc' dir='ltr'><strong>ἵνα</strong></span> <span class='ocrx_word' id='word_1_806' title='bbox 453 5628 713 5696; x_wconf 82' lang='grc' dir='ltr'><strong>θεωρῶσι</strong></span> <span class='ocrx_word' id='word_1_807' title='bbox 762 5627 876 5695; x_wconf 75' lang='grc' dir='ltr'><strong>τὴν</strong></span> <span class='ocrx_word' id='word_1_808' title='bbox 919 5626 1107 5691; x_wconf 77' lang='grc' dir='ltr'><strong>δόξαν</strong></span> <span class='ocrx_word' id='word_1_809' title='bbox 1149 5628 1264 5697; x_wconf 75' lang='grc' dir='ltr'><strong>τὴν</strong></span> <span class='ocrx_word' id='word_1_810' title='bbox 1300 5626 1474 5695; x_wconf 80' lang='grc' dir='ltr'><strong>ἐμήν.</strong></span> <span class='ocrx_word' id='word_1_811' title='bbox 1516 5629 1678 5681; x_wconf 84' lang='grc' dir='ltr'><strong>Ἀλλὰ</strong></span> <span class='ocrx_word' id='word_1_812' title='bbox 1723 5629 1816 5680; x_wconf 77' lang='grc' dir='ltr'><strong>καὶ</strong></span> <span class='ocrx_word' id='word_1_813' title='bbox 1858 5630 1885 5680; x_wconf 92' lang='lat'><strong>6</strong></span> 
     </span>
    </p>
   </div>
   <div class='ocr_carea' id='block_1_110' title="bbox 317 5718 1882 5790">
    <p class='ocr_par' dir='ltr' id='par_1_110' title="bbox 317 5718 1882 5790">
     <span class='ocr_line' id='line_1_110' title="bbox 317 5718 1882 5790; baseline 0.003 -23"><span class='ocrx_word' id='word_1_814' title='bbox 317 5718 621 5788; x_wconf 78' lang='grc' dir='ltr'><strong>πάμμεγας</strong></span> <span class='ocrx_word' id='word_1_815' title='bbox 642 5721 849 5785; x_wconf 74' lang='grc' dir='ltr'><strong>Παῦλος</strong></span> <span class='ocrx_word' id='word_1_816' title='bbox 880 5721 1048 5784; x_wconf 68' lang='grc' dir='ltr'><strong>οὕτως</strong></span> <span class='ocrx_word' id='word_1_817' title='bbox 1079 5718 1310 5790; x_wconf 76' lang='grc' dir='ltr'><strong>εὓρηται</strong></span> <span class='ocrx_word' id='word_1_818' title='bbox 1342 5719 1515 5788; x_wconf 82' lang='grc' dir='ltr'><strong>λέγων</strong></span> <span class='ocrx_word' id='word_1_819' title='bbox 1539 5736 1551 5750; x_wconf 75' lang='grc' dir='ltr'><strong>ο</strong></span> <span class='ocrx_word' id='word_1_820' title='bbox 1585 5718 1882 5774; x_wconf 80' lang='grc' dir='ltr'><strong>Ἐπιποοῶ</strong></span> 
     </span>
    </p>
   </div>
   <div class='ocr_carea' id='block_1_111' title="bbox 2058 5074 3569 5142">
    <p class='ocr_par' dir='ltr' id='par_1_111' title="bbox 2058 5074 3569 5142">
     <span class='ocr_line' id='line_1_111' title="bbox 2058 5074 3569 5142; baseline -0.003 -13"><span class='ocrx_word' id='word_1_821' title='bbox 2058 5076 2110 5129; x_wconf 79' lang='lat'><strong>3.</strong></span> <span class='ocrx_word' id='word_1_822' title='bbox 2150 5076 2305 5141; x_wconf 86' lang='lat' dir='ltr'><strong>Quod</strong></span> <span class='ocrx_word' id='word_1_823' title='bbox 2333 5084 2516 5130; x_wconf 87' lang='lat' dir='ltr'><strong>autem</strong></span> <span class='ocrx_word' id='word_1_824' title='bbox 2552 5076 2665 5131; x_wconf 67' lang='lat' dir='ltr'><strong>haec</strong></span> <span class='ocrx_word' id='word_1_825' title='bbox 2691 5076 2762 5131; x_wconf 89' lang='lat' dir='ltr'><strong>ita</strong></span> <span class='ocrx_word' id='word_1_826' title='bbox 2796 5091 2857 5131; x_wconf 84' lang='lat' dir='ltr'><strong>se</strong></span> <span class='ocrx_word' id='word_1_827' title='bbox 2892 5075 3144 5141; x_wconf 80' lang='lat' dir='ltr'><strong>habeant,</strong></span> <span class='ocrx_word' id='word_1_828' title='bbox 3186 5074 3411 5142; x_wconf 90' lang='lat' dir='ltr'><strong>etquod</strong></span> <span class='ocrx_word' id='word_1_829' title='bbox 3444 5088 3569 5127; x_wconf 86' lang='lat' dir='ltr'><strong>san-</strong></span> 
     </span>
    </p>
   </div>
   <div class='ocr_carea' id='block_1_112' title="bbox 1987 5162 3631 5234">
    <p class='ocr_par' dir='ltr' id='par_1_112' title="bbox 1987 5162 3631 5234">
     <span class='ocr_line' id='line_1_112' title="bbox 1987 5162 3631 5234; baseline -0.001 -19"><span class='ocrx_word' id='word_1_830' title='bbox 1987 5162 2063 5215; x_wconf 89' lang='lat' dir='ltr'><strong>cli</strong></span> <span class='ocrx_word' id='word_1_831' title='bbox 2103 5162 2229 5217; x_wconf 85' lang='lat' dir='ltr'><strong>hinc</strong></span> <span class='ocrx_word' id='word_1_832' title='bbox 2260 5162 2511 5234; x_wconf 79' lang='lat' dir='ltr'><strong>profecti,</strong></span> <span class='ocrx_word' id='word_1_833' title='bbox 2547 5180 2655 5219; x_wconf 88' lang='lat' dir='ltr'><strong>non</strong></span> <span class='ocrx_word' id='word_1_834' title='bbox 2691 5164 2747 5217; x_wconf 91' lang='lat' dir='ltr'><strong>in</strong></span> <span class='ocrx_word' id='word_1_835' title='bbox 2797 5164 2981 5234; x_wconf 88' lang='lat' dir='ltr'><strong>aliquo</strong></span> <span class='ocrx_word' id='word_1_836' title='bbox 3014 5165 3154 5228; x_wconf 86' lang='lat' dir='ltr'><strong>loco,</strong></span> <span class='ocrx_word' id='word_1_837' title='bbox 3189 5164 3267 5217; x_wconf 91' lang='lat' dir='ltr'><strong>uti</strong></span> <span class='ocrx_word' id='word_1_838' title='bbox 3318 5163 3568 5233; x_wconf 88' lang='lat' dir='ltr'><strong>plerique</strong></span> <span class='ocrx_word' id='word_1_839' title='bbox 3624 5196 3631 5201; x_wconf 94' lang='lat'><strong><em>-</em></strong></span> 
     </span>
    </p>
   </div>
   <div class='ocr_carea' id='block_1_113' title="bbox 1988 5253 3564 5328">
    <p class='ocr_par' dir='ltr' id='par_1_113' title="bbox 1988 5253 3564 5328">
     <span class='ocr_line' id='line_1_113' title="bbox 1988 5253 3564 5328; baseline -0.002 -19"><span class='ocrx_word' id='word_1_840' title='bbox 1988 5254 2193 5321; x_wconf 81' lang='lat' dir='ltr'><strong>solent,</strong></span> <span class='ocrx_word' id='word_1_841' title='bbox 2223 5255 2773 5322; x_wconf 75' lang='lat' dir='ltr'><strong>circumscribantur,</strong></span> <span class='ocrx_word' id='word_1_842' title='bbox 2812 5259 2906 5312; x_wconf 91' lang='lat' dir='ltr'><strong>sed</strong></span> <span class='ocrx_word' id='word_1_843' title='bbox 2950 5272 3144 5328; x_wconf 86' lang='lat' dir='ltr'><strong>magna</strong></span> <span class='ocrx_word' id='word_1_844' title='bbox 3190 5270 3316 5310; x_wconf 86' lang='lat' dir='ltr'><strong>cum</strong></span> <span class='ocrx_word' id='word_1_845' title='bbox 3365 5253 3564 5306; x_wconf 80' lang='lat' dir='ltr'><strong>ﬁducia</strong></span> 
     </span>
    </p>
   </div>
   <div class='ocr_carea' id='block_1_114' title="bbox 1990 5341 3565 5427">
    <p class='ocr_par' dir='ltr' id='par_1_114' title="bbox 1990 5341 3565 5427">
     <span class='ocr_line' id='line_1_114' title="bbox 1990 5341 3565 5427; baseline -0.003 -25"><span class='ocrx_word' id='word_1_846' title='bbox 1990 5361 2175 5402; x_wconf 91' lang='lat' dir='ltr'><strong>coram</strong></span> <span class='ocrx_word' id='word_1_847' title='bbox 2235 5347 2349 5402; x_wconf 89' lang='lat' dir='ltr'><strong>Deo</strong></span> <span class='ocrx_word' id='word_1_848' title='bbox 2374 5356 2579 5414; x_wconf 86' lang='lat' dir='ltr'><strong>astent,</strong></span> <span class='ocrx_word' id='word_1_849' title='bbox 2610 5349 2950 5404; x_wconf 88' lang='lat' dir='ltr'><strong>Salvatorem</strong></span> <span class='ocrx_word' id='word_1_850' title='bbox 2983 5348 3158 5419; x_wconf 90' lang='lat' dir='ltr'><strong>ipsum</strong></span> <span class='ocrx_word' id='word_1_851' title='bbox 3192 5354 3444 5427; x_wconf 82' lang='lat' dir='ltr'><strong>nostrum</strong></span> <span class='ocrx_word' id='word_1_852' title='bbox 3469 5341 3565 5397; x_wconf 79' lang='lat' dir='ltr'><strong>Je-</strong></span> 
     </span>
    </p>
   </div>
   <div class='ocr_carea' id='block_1_115' title="bbox 1989 5432 3564 5511">
    <p class='ocr_par' dir='ltr' id='par_1_115' title="bbox 1989 5432 3564 5511">
     <span class='ocr_line' id='line_1_115' title="bbox 1989 5432 3564 5511; baseline -0.006 -16"><span class='ocrx_word' id='word_1_853' title='bbox 1989 5454 2110 5495; x_wconf 91' lang='lat' dir='ltr'><strong>sum</strong></span> <span class='ocrx_word' id='word_1_854' title='bbox 2158 5439 2434 5495; x_wconf 87' lang='lat' dir='ltr'><strong>dicentem</strong></span> <span class='ocrx_word' id='word_1_855' title='bbox 2491 5440 2620 5496; x_wconf 90' lang='lat' dir='ltr'><strong>audi</strong></span> <span class='ocrx_word' id='word_1_856' title='bbox 2654 5458 2670 5496; x_wconf 87' lang='lat'><strong>:</strong></span> <span class='ocrx_word' id='word_1_857' title='bbox 2710 5459 2729 5492; x_wconf 80' lang='grc' dir='ltr'><strong>ι</strong></span> <span class='ocrx_word' id='word_1_858' title='bbox 2768 5440 2950 5505; x_wconf 85' lang='lat' dir='ltr'><strong>Pater,</strong></span> <span class='ocrx_word' id='word_1_859' title='bbox 2980 5454 3120 5511; x_wconf 85' lang='lat' dir='ltr'><strong>quos</strong></span> <span class='ocrx_word' id='word_1_860' title='bbox 3145 5434 3343 5492; x_wconf 88' lang='lat' dir='ltr'><strong>dedisti</strong></span> <span class='ocrx_word' id='word_1_861' title='bbox 3382 5432 3519 5489; x_wconf 89' lang='lat' dir='ltr'><strong>mihi</strong></span> <span class='ocrx_word' id='word_1_862' title='bbox 3547 5470 3564 5497; x_wconf 93' lang='lat'><strong>,</strong></span> 
     </span>
    </p>
   </div>
   <div class='ocr_carea' id='block_1_116' title="bbox 1990 5528 3563 5605">
    <p class='ocr_par' dir='ltr' id='par_1_116' title="bbox 1990 5528 3563 5605">
     <span class='ocr_line' id='line_1_116' title="bbox 1990 5528 3563 5605; baseline -0.004 -19"><span class='ocrx_word' id='word_1_863' title='bbox 1990 5534 2116 5589; x_wconf 89' lang='lat' dir='ltr'><strong>volo</strong></span> <span class='ocrx_word' id='word_1_864' title='bbox 2145 5543 2207 5588; x_wconf 90' lang='lat' dir='ltr'><strong>ut</strong></span> <span class='ocrx_word' id='word_1_865' title='bbox 2243 5534 2565 5605; x_wconf 90' lang='lat' dir='ltr'><strong>ubicunque</strong></span> <span class='ocrx_word' id='word_1_866' title='bbox 2606 5550 2728 5590; x_wconf 89' lang='lat' dir='ltr'><strong>sum</strong></span> <span class='ocrx_word' id='word_1_867' title='bbox 2769 5550 2893 5603; x_wconf 88' lang='lat' dir='ltr'><strong>ego,</strong></span> <span class='ocrx_word' id='word_1_868' title='bbox 2943 5542 2999 5587; x_wconf 89' lang='lat' dir='ltr'><strong>et</strong></span> <span class='ocrx_word' id='word_1_869' title='bbox 3038 5532 3126 5587; x_wconf 88' lang='lat' dir='ltr'><strong>isti</strong></span> <span class='ocrx_word' id='word_1_870' title='bbox 3161 5544 3379 5587; x_wconf 82' lang='lat' dir='ltr'><strong>mecum</strong></span> <span class='ocrx_word' id='word_1_871' title='bbox 3414 5528 3563 5593; x_wconf 84' lang='lat' dir='ltr'><strong>sint,</strong></span> 
     </span>
    </p>
   </div>
   <div class='ocr_carea' id='block_1_117' title="bbox 1993 5622 3563 5696">
    <p class='ocr_par' dir='ltr' id='par_1_117' title="bbox 1993 5622 3563 5696">
     <span class='ocr_line' id='line_1_117' title="bbox 1993 5622 3563 5696; baseline -0.004 -16"><span class='ocrx_word' id='word_1_872' title='bbox 1993 5636 2053 5680; x_wconf 95' lang='lat' dir='ltr'><strong>ut</strong></span> <span class='ocrx_word' id='word_1_873' title='bbox 2105 5626 2334 5696; x_wconf 84' lang='lat' dir='ltr'><strong>gloriam</strong></span> <span class='ocrx_word' id='word_1_874' title='bbox 2392 5643 2568 5683; x_wconf 87' lang='lat' dir='ltr'><strong>meam</strong></span> <span class='ocrx_word' id='word_1_875' title='bbox 2623 5626 2890 5681; x_wconf 70' lang='lat' dir='ltr'><strong>videant.)</strong></span> <span class='ocrx_word' id='word_1_876' title='bbox 2938 5625 3053 5681; x_wconf 80' lang='lat' dir='ltr'><strong>luto</strong></span> <span class='ocrx_word' id='word_1_877' title='bbox 3106 5638 3237 5679; x_wconf 86' lang='lat' dir='ltr'><strong>vero</strong></span> <span class='ocrx_word' id='word_1_878' title='bbox 3291 5622 3563 5678; x_wconf 74' lang='lat' dir='ltr'><strong>maximus</strong></span> 
     </span>
    </p>
   </div>
   <div class='ocr_carea' id='block_1_118' title="bbox 1991 5716 3562 5782">
    <p class='ocr_par' dir='ltr' id='par_1_118' title="bbox 1991 5716 3562 5782">
     <span class='ocr_line' id='line_1_118' title="bbox 1991 5716 3562 5782; baseline -0.001 -9"><span class='ocrx_word' id='word_1_879' title='bbox 1991 5718 2191 5773; x_wconf 78' lang='lat' dir='ltr'><strong>Paulus</strong></span> <span class='ocrx_word' id='word_1_880' title='bbox 2221 5718 2291 5773; x_wconf 86' lang='lat' dir='ltr'><strong>ita</strong></span> <span class='ocrx_word' id='word_1_881' title='bbox 2339 5718 2538 5774; x_wconf 73' lang='lat' dir='ltr'><strong>dixisse</strong></span> <span class='ocrx_word' id='word_1_882' title='bbox 2588 5718 2913 5772; x_wconf 81' lang='lat' dir='ltr'><strong>invenitur:</strong></span> <span class='ocrx_word' id='word_1_883' title='bbox 2958 5737 2975 5770; x_wconf 79' lang='grc' dir='ltr'><strong>ι</strong></span> <span class='ocrx_word' id='word_1_884' title='bbox 3006 5716 3181 5782; x_wconf 85' lang='lat' dir='ltr'><strong>Cupio</strong></span> <span class='ocrx_word' id='word_1_885' title='bbox 3228 5716 3451 5773; x_wconf 85' lang='lat' dir='ltr'><strong>dissolvi</strong></span> <span class='ocrx_word' id='word_1_886' title='bbox 3507 5723 3562 5771; x_wconf 78' lang='lat' dir='ltr'><strong>et</strong></span> 
     </span>
    </p>
   </div>
  </div>
