4058 6196
512 297 623 363 9l9

1745 293 2166 359 MICHAELIS
2203 295 2461 359 GLYC/E

3655 291 3758 355 920

517 435 537 466 ε
585 411 879 468 Vobiscum
952 410 1120 474 enim,
1177 403 1379 478 inquit,
1418 407 1676 464 omnibus
1725 424 1851 465 sum
1900 406 2087 462 diebus

2194 389 2360 460 ama
2381 404 2561 462 πάντα
2584 404 2831 461 ποιοῦσιν
2849 406 2948 460 ὅσα
2972 405 3070 460 καὶ⁸
3092 403 3374 475 βούλονται
3392 418 3410 437 ο
3436 404 3579 462 Μεθ’
3597 404 3763 475 ὑμῶν

513 518 685 572 usque
716 504 783 558 ad
817 499 1348 558 consummationem
1378 498 1584 554 saeculi.
1620 516 1641 551 ι
1672 498 1750 554 Ne
1775 497 1938 570 igitur
1965 499 2086 553 diu-

513 597 623 655 tius
654 594 917 663 inquiras,
954 591 1229 661 quomodo
1270 590 1490 646 aliunde
1519 590 1797 647 distractae
1844 590 1927 646 bis
1987 592 2081 661 qui

511 700 675 755 supra
706 692 902 738 terram
934 690 1250 753 appareant.
1292 680 1349 736 Si
1378 681 1523 735 enim
1555 682 1816 751 propheta
1846 680 1935 735 ille
1978 679 2085 734 Ha-

509 778 703 841 hacuc,
732 774 999 844 corporali
1062 773 1280 829 vinculo
1321 773 1498 828 adhuc
1546 772 1825 835 detentus,
1856 771 1924 826 ah
1956 770 2086 827 Hie-

509 866 781 947 rosolyma
818 881 923 920 una
954 865 1255 934 eademque
1284 865 1417 920 liora
1447 864 1503 918 in
1525 864 1872 919 Chaldaicam
1905 863 2087 933 regio-

510 975 637 1014 nem
689 960 976 1029 pervenit,
1030 957 1242 1014 Danieli
1290 958 1569 1029 pr0phetae
1617 958 1673 1012 in
1725 957 1878 1011 fovea
1934 956 2087 1010 cibos

510 1051 744 1106 aﬂ‘erens
768 1090 785 1117 ,
817 1052 1091 1121 quomodo
1134 1052 1298 1104 etiam
1339 1042 1894 1105 sanctorumanimas
1930 1048 2088 1103 invo-

510 1146 764 1200 cantibus
779 1144 1072 1215 aliquando
1098 1158 1365 1214 apparere
1396 1142 1756 1213 nugabimus?
1782 1141 1933 1197 Mitte
1959 1156 2087 1212 ergo

511 1250 759 1304 qua2rere
792 1251 1012 1291 causam
1046 1252 1061 1289 :
1095 1236 1184 1288 ubi
1229 1244 1315 1289 est
1343 1234 1513 1305 gratia
1549 1232 1686 1299 Dei,
1741 1247 1961 1288 causam
2003 1232 2088 1286 in-

514 1326 813 1395 vestigandi
882 1326 1035 1380 locus
1093 1340 1203 1379 non
1233 1332 1318 1380 est
1351 1343 1365 1378 :
1396 1325 1541 1395 quod
1571 1331 1895 1394 appareant,
1935 1324 2086 1379 scio;

515 1420 745 1473 Patrum
777 1418 923 1472 enim
976 1417 1366 1475 traditionibus
1415 1432 1523 1471 non
1569 1418 1728 1472 obsto
1762 1434 1778 1472 :
1815 1417 2089 1487 quomodo

514 1525 665 1574 vero,
700 1510 883 1565 nescio
916 1525 929 1561 :
963 1508 1070 1563 scit
1105 1508 1374 1563 mirabilis
1424 1508 1515 1563 ille
1563 1508 1618 1563 in
1666 1509 1873 1564 sanctis
1921 1509 2084 1564 suis:

513 1600 662 1669 quod
702 1600 846 1664 vivo,
878 1601 1021 1669 quod
1052 1601 1284 1664 nutrior,
1319 1601 1477 1655 scio:
1512 1600 1787 1671 quomodo
1810 1616 1961 1667 vero,
1994 1617 2090 1655 ne-

514 1692 842 1761 sciozquod
893 1691 1055 1746 etiam
1107 1691 1326 1761 corpori
1376 1691 1559 1745 anima
1602 1690 1873 1762 jungitur,
1908 1692 2022 1747 scio
2071 1709 2085 1745 ε

512 1784 786 1853 quomodo
812 1798 964 1848 vero,
992 1783 1176 1839 nescio
1208 1796 1228 1835 :
1262 1782 1408 1853 quod
1449 1782 1711 1853 spiritalis
1744 1793 1800 1838 et
1835 1785 2087 1839 immate-

517 1875 687 1942 rialis,
718 1873 855 1941 scio,
892 1874 1072 1929 audivi
1105 1876 1251 1930 enim
1286 1892 1299 1927 :
1328 1875 1510 1945 qualis
1540 1890 1671 1931 vero
1702 1875 1824 1945 ejus
1851 1877 2086 1946 species,

513 1982 577 2022 ac
630 1966 806 2037 qualis
860 1967 1096 2023 essentia
1123 2006 1140 2033 ,
1173 1968 1358 2023 nescio
1391 1985 1404 2022 :
1433 1966 1540 2035 hoc
1582 1968 1728 2022 enim
1781 1968 2089 2037 inexplora-

515 2066 628 2110 tum
666 2058 866 2112 mansit
897 2075 911 2111 :
951 2058 1225 2128 quomodo
1266 2059 1413 2114 enim
1456 2059 1676 2115 noverit
1721 2060 1845 2129 quis
1876 2074 1987 2113 rem
2020 2059 2089 2114 ad

514 2148 808 2218 imaginem
844 2159 1086 2204 creatam
1120 2150 1551 2221 impenetrabilis
1580 2160 1744 2222 atque
1777 2151 2088 2220 incompre-

516 2240 802 2296 hensibilis
829 2240 961 2296 Dei?
988 2241 1046 2296 Si
1088 2243 1285 2297 animae
1324 2244 1561 2298 essentia
1592 2242 2091 2313 comprehendere-

516 2340 699 2396 tur,et
746 2332 925 2401 ipsum
973 2332 1229 2402 imaginis
1282 2341 1655 2403 prototypum.
1691 2333 1847 2400 Quod
1882 2334 1927 2388 si
1959 2348 2090 2390 vero

516 2431 863 2494 prototypum
923 2424 1481 2495 incomprehensibile
1530 2434 1637 2490 est,
1667 2425 2091 2497 incomprehen-

516 2517 690 2573 sibilis
770 2518 1086 2573 necessario
1151 2527 1207 2573 et
1248 2517 1364 2588 ipsa
1411 2518 1682 2589 prototypi
1712 2518 1886 2590 imago
1920 2534 1933 2571 :
1963 2519 2092 2573 inde

519 2609 750 2671 plurima
801 2620 1029 2666 tractata
1085 2620 1214 2666 sunt
1260 2612 1329 2668 de
1377 2626 1478 2678 ea;
1512 2626 1675 2667 nemo
1728 2627 1860 2666 vero
1928 2611 2092 2679 hujus

516 2701 809 2771 aliquando
844 2703 1024 2773 potuit
1080 2718 1279 2776 capere
1346 2712 1641 2768 naturam,
1676 2703 1742 2759 ad
1797 2703 2090 2773 imaginem

516 2794 736 2859 factam,
767 2802 825 2849 ut
854 2794 1065 2860 dicunt,
1105 2794 1673 2867 incomprehensibilis
1720 2810 1787 2852 ac
1839 2794 2090 2851 inacces-

516 2886 691 2943 sibilis
722 2886 838 2943 Dei.

2186 500 2316 569 γὰρ,
2344 500 2499 570 φησὶ,
2516 498 2717 565 πάσας
2744 500 2851 565 τὰς
2875 499 3098 568 ἡμέρας
3121 498 3234 563 ἕως
3258 497 3368 565 τῆς
3382 498 3762 565 συντελείας.

2185 591 2278 663 Μὴ
2306 586 2400 645 οὖν
2427 592 2521 645 ἐπὶ
2550 591 2712 646 πλέον
2738 590 3067 661 ἀμφίϐαλλε,
3093 589 3213 652 πῶς
3240 588 3474 659 ἀλλαχοῦ
3504 588 3766 663 μεθιστά-

2187 682 2362 737 Μεναι
2386 683 2500 747 τοῖς
2527 681 2760 737 ἐνταῦθα
2786 682 3320 750 πάλινὲφίστανται.
3350 682 3413 735 Et
3439 687 3548 751 γὰρ
3576 683 3606 735 6
3624 662 3768 751 τπρο-

2187 773 2367 846 φήτης
2393 775 2599 836 εκεῖνος
2628 772 2948 843 Ἀϐϐακοὺμ
2975 772 3114 843 μετά
3138 770 3235 825 τοῦ
3263 772 3522 842 σαρκίνου
3549 770 3764 824 ἐκείνου

2187 875 2398 937 πάχους
2438 867 2546 921 ἀπὸ
2583 866 2945 938 Ἰερουσαλὴμ
2985 868 3045 921 ἐν
3079 868 3145 937 τῇ
3191 865 3330 936 αὐτῇ
3371 864 3467 917 καὶ
3511 865 3611 934 μιᾷ
3648 864 3768 935 ὥρᾳ

2186 960 2286 1030 τὴν
2317 959 2633 1031 Χαλδαϊκὴν
2662 959 2931 1013 κατέλαϐε
2973 960 3105 1029 γῆν,
3139 958 3227 1029 τῷ,
3259 959 3519 1031 προφήτῃ
3561 956 3770 1025 Δανιὴλ

2188 1051 2521 1121 είσκομίζων
2550 1054 2611 1106 ιν
2642 1052 2720 1123 τῷ
2758 1052 2947 1123 λάκκῳ
2979 1053 3040 1105 τὸ
3077 1053 3317 1119 ἄριστον,
3352 1051 3473 1114 πῶς
3510 1050 3632 1120 ούχὶ
3671 1050 3771 1102 καὶ

2186 1144 2287 1209 τάς
2318 1144 2428 1197 τῶν
2464 1144 2638 1213 ἁγίων
2670 1145 2844 1214 ψυχὰς
2876 1146 2991 1207 τοῖς
3030 1141 3487 1213 ἐπικαλουμένοις
3530 1140 3766 1195 ὀπτάνεο

2191 1237 2316 1292 σθαί
2365 1254 2499 1291 ποτε
2547 1239 2823 1308 είπωμενς
2861 1238 3031 1305 ’Ἄφες
3078 1238 3261 1289 τοίνυν
3309 1235 3369 1288 τὸ
3422 1234 3582 1298 πῶς·
3636 1233 3772 1287 ἔνθα

2188 1330 2351 1401 χάρις
2390 1328 2525 1383 Θεοῦ
2546 1370 2559 1395 ,
2596 1329 2782 1400 χώραν
2815 1330 2917 1381 οὐκ
2949 1328 3061 1398 εχει
3093 1328 3153 1381 τδ
3185 1328 3304 1391 πῶς
3329 1343 3344 1359 ·
3388 1327 3470 1381 ὃτι
3514 1326 3613 1397 μὲν
3650 1327 3772 1394 ἐφί-

2192 1439 2413 1475 στανται
2454 1418 2575 1475 οῖδα
2600 1436 2613 1451 ·
2657 1420 2779 1474 οὐδὲ
2822 1420 2933 1489 γὰρ
2979 1419 3265 1473 ἁντιτείνω
3299 1420 3422 1482 ταῖς
3466 1419 3770 1486 πατρικαῖς

2190 1512 2521 1583 παραδόσεσι
2547 1528 2562 1543 ·
2598 1511 2659 1565 τὸ
2698 1513 2755 1565 δὲ
2791 1512 2908 1574 πῶς
2947 1512 3050 1565 οὐκ
3088 1508 3207 1565 οἶδα
3232 1526 3247 1543 ο
3283 1506 3427 1564 οἶδεν
3483 1510 3699 1570 ἐκεῖνος
3738 1511 3768 1561 6

2189 1604 2502 1673 θαυμαστὸς
2541 1605 2600 1656 ἑν
2631 1605 2744 1666 τοῖς
2787 1603 2964 1671 ἁγίοις
3004 1601 3206 1655 αὐτοῦ·
3240 1601 3325 1655 ὅτι
3372 1600 3474 1671 μὶν
3541 1599 3624 1664 ζῶ
3672 1599 3772 1652 καὶ

2188 1695 2495 1766 τρεφομαι,
2528 1690 2646 1749 οἴδα
2667 1711 2682 1727 ⁸
2719 1695 2776 1748 τὸ
2808 1695 2865 1748 δὲ
2928 1694 3045 1758 πῶς
3090 1694 3193 1747 οὐκ
3227 1688 3344 1747 οἶδα
3369 1711 3384 1726 υ
3422 1695 3517 1747 καὶ
3547 1693 3631 1745 ὅτι
3666 1692 3771 1761 μιν

2190 1784 2283 1841 οὖν
2327 1786 2404 1855 τῷ
2437 1785 2654 1857 σώματι
2722 1786 2968 1840 σύνεστιν
2997 1787 3032 1852 ἡ
3065 1786 3212 1856 ψυχὴ
3233 1824 3248 1849 ,
3279 1780 3396 1838 οῖδα
3418 1799 3434 1815 ’
3466 1784 3528 1836 τὸ
3558 1783 3616 1837 δλ
3650 1783 3773 1846 πῶς

2189 1881 2288 1933 οὐκ
2327 1876 2446 1936 οἶδα
2470 1896 2486 1912 ·
2522 1881 2620 1934 καὶ
2660 1880 2742 1934 ὅτι
2789 1881 2888 1949 μὲν
2923 1880 3217 1949 ἀσώματος
3263 1878 3358 1932 καὶ
3401 1877 3585 1942 ἀῢλος,
3620 1874 3766 1942 οἶδα,

2190 1975 2400 2043 ἤκουσα
2430 1974 2535 2046 γάρ
2563 1990 2577 2005 ⁸
2610 1975 2664 2027 τί
2694 1975 2751 2029 δὲ
2781 1973 2841 2029 τὸ
2872 1972 3012 2038 εἶδος
3043 1975 3214 2047 αὐτῆς
3235 2015 3249 2037 ,
3283 1975 3379 2027 καὶ
3412 1972 3633 2041 ποταπὴ
3665 1972 3769 2041 τὴν

2189 2068 2376 2120 ούσίαν
2404 2067 2582 2130 ἐστὶν,
2609 2068 2710 2120 οὐκ
2736 2066 2854 2122 οῖδα
2879 2108 2895 2132 ,
2928 2068 3012 2121 ὅτι
3044 2067 3140 2121 καὶ
3170 2065 3575 2136 ἀνερμήνευτον
3604 2063 3769 2117 τοῦτο

2193 2157 2475 2227 μεμένηκε
2501 2174 2517 2191 ·
2554 2157 2674 2221 πῶς
2710 2159 2820 2227 γὰρ
2858 2159 2925 2212 ἂν
2958 2156 3053 2212 καὶ
3088 2157 3258 2225 είδοίη
3294 2173 3379 2220 τις
3411 2155 3511 2226 τὴν
3543 2156 3669 2209 κατ’
3694 2154 3772 2207 sl-

2190 2250 2323 2303 κόνα
2358 2247 2674 2302 κτισθεῖσαν
2709 2248 2803 2301 τοῦ
2842 2249 3206 2320 ἀπερινοήτου
3251 2246 3350 2302 καὶ
3383 2246 3769 2315 ἀκαταλήπτου

2190 2339 2357 2405 Θεοῦς
2391 2340 2521 2393 Ἐὰν
2550 2344 2584 2410 ὴ
2618 2339 2726 2409 τῆς
2767 2340 2949 2411 ψυχῆς
2991 2340 3151 2395 οὓσία
3191 2339 3638 2408 κατελαμϐάνετο
3678 2338 3768 2403 ἂν,

2191 2430 2286 2483 καὶ
2314 2429 2448 2483 αύτὸ
2473 2430 2534 2483 τὸ
2560 2429 2661 2500 τῆς
2689 2430 2901 2494 εἰκόνος
2927 2431 3290 2499 πρωτότυπον
3310 2445 3328 2462 ο
3359 2429 3409 2482 εί
3433 2428 3493 2482 δὲ
3522 2429 3586 2481 τὸ
3617 2445 3769 2498 πρω-

2191 2520 2424 2574 τότυπον
2453 2521 2845 2591 ἀκατάληπτον
2866 2561 2883 2586 ,
2916 2522 3306 2590 ἀκατάληπτος
3336 2521 3641 2589 ἑξάναγκες
3670 2522 3769 2574 καὶ

2192 2613 2228 2682 ἡ
2259 2611 2357 2666 τοῦ
2392 2614 2754 2682 πρωτοτύπου
2788 2613 2952 2668 είκών
2976 2630 2992 2645 ·
3027 2613 3181 2667 ἐνθεν
3211 2631 3295 2667 τοι
3329 2614 3424 2667 καὶ⁵
3457 2612 3632 2666 πολλά
3662 2611 3770 2682 ’μιν

2191 2704 2562 2774 ὲφιλοσοφήθη
2591 2706 2721 2775 περὶ
2750 2706 2922 2775 αὐτῆς
2947 2722 2962 2738 ο
2994 2705 3167 2769 οὐδεὶς
3193 2706 3250 2760 δὲ
3280 2703 3609 2775 τὴνταύτης
3639 2704 3773 2775 ἡδυ-

2190 2794 2329 2866 νήθη
2377 2794 2780 2850 καταλαϐέσθαι
2832 2796 2997 2866 φύσιν
3047 2796 3218 2861 ποτὲ,
3263 2795 3385 2849 κατ’
3414 2794 3601 2848 είκόνα
3653 2810 3773 2848 κτι-

2195 2886 2415 2940 σθεῖσαν
2434 2926 2450 2951 ,
2480 2886 2556 2950 ὥς
2584 2888 2799 2959 εῖρηται
2820 2928 2835 2955 ,
2863 2887 2961 2942 τοῦ
2989 2888 3375 2960 ἀκαταλήπτου
3404 2890 3500 2941 καὶ
3527 2888 3769 2957 ἀπροσί-

2192 2995 2285 3033 του
2316 2977 2477 3032 Θεοῦ.

589 3067 640 3124 9.
672 3066 753 3123 Ne
784 3067 948 3139 igitur
976 3084 1197 3125 causam
1231 3070 1489 3142 indagare
1535 3069 1705 3137 velis,
1738 3082 1809 3125 ne
1837 3067 1977 3124 forte
2008 3069 2080 3126 ob

2257 3067 2323 3124 θ’.
2348 3069 2530 3137 ’Δφες
2560 3069 2742 3123 τοίνυν
2775 3069 2870 3123 ἐπὶ
2901 3069 3010 3123 τῶν
3042 3068 3358 3140 παραδόξων
3389 3068 3452 3122 τὸ
3482 3067 3635 3130 πῶς,
3675 3066 3771 3121 ενα

522 3161 627 3217 hoc
652 3160 1053 3218 incredulitatis
1088 3165 1363 3219 accuseris
1394 3180 1408 3216 :
1438 3162 1574 3219 dicit
1599 3164 1802 3227 enim,c
1833 3163 1947 3219 Nisi
1972 3177 2091 3219 cre-

515 3252 801 3319 uideritis,
835 3269 944 3309 non
978 3254 1330 3324 \intelligetls.
1371 3274 1389 3308 ι
1418 3255 1489 3311 Ut
1540 3271 1608 3311 ex
1664 3255 1870 3311 ultimis
1928 3265 2089 3311 terra

515 3345 783 3412 apostoli.
822 3355 876 3399 et
912 3348 1025 3400 haec
1057 3347 1186 3401 dum
1221 3348 1458 3401 molesto
1492 3362 1723 3417 corpore
1771 3348 2091 3402 detineren-

516 3444 625 3496 tur,
655 3434 712 3487 in
740 3435 895 3490 obitu
928 3438 1283 3492 sanctissima:
1307 3439 1402 3492 Dei
1442 3438 1628 3493 Matris
1657 3439 1713 3493 in
1760 3428 1927 3493 unum
1960 3448 2092 3495 sunt

521 3524 838 3590 coadunati,
867 3526 972 3579 nisi
1021 3525 1162 3582 forte
1200 3527 1289 3582 hic
1316 3528 1539 3599 angelos
1568 3529 1938 3599 apostolorum
1968 3531 2091 3587 loco

513 3619 837 3673 convenisse
892 3618 1193 3674 dixerimus
1231 3636 1246 3672 :
1279 3629 1337 3673 ut
1372 3618 1575 3683 Paulus
1608 3621 1676 3676 ad
1730 3622 1951 3677 tertium
1979 3638 2093 3680 orna

515 3710 626 3762 lum
659 3710 941 3779 abreptus,
977 3712 1103 3765 inde
1136 3712 1191 3767 in
1221 3712 1532 3781 paradisum
1579 3713 1899 3781 descendit,
1926 3726 1983 3772 et
2011 3716 2092 3771 in-

514 3799 747 3854 uti’abilia
790 3801 954 3856 verba
1001 3803 1213 3858 audivit
1260 3819 1274 3857 :
1315 3804 1591 3873 quomodo
1643 3805 1903 3861 tollentur
1953 3807 2091 3873 justi

513 3891 729 3946 obviam
775 3892 1003 3948 Domino
1040 3895 1094 3949 in
1142 3911 1268 3950 acra
1307 3913 1321 3949 :
1354 3897 1631 3964 quomodo
1666 3898 1831 3953 etiam
1867 3902 2092 3955 transii-

512 3995 705 4053 gurato
724 3985 943 4040 Christo
972 3984 1180 4057 Moyses
1207 3997 1264 4043 et
1292 3988 1438 4043 Elias
1464 3989 1518 4042 in
1545 3999 1730 4045 monte
1751 3992 2047 4046 astiterunt
2072 4007 2089 4043 :

514 4072 637 4129 utut
684 4074 847 4145 igitur
867 4077 1002 4130 mira
1023 4076 1241 4146 quidem
1270 4078 1381 4134 sint
1424 4080 1549 4143 ista,
1574 4081 1670 4136 sed
1701 4073 1890 4136 revera
1916 4080 2090 4150 fuere,

511 4181 578 4220 ac
608 4168 918 4225 credimus:
942 4171 1016 4225 ita
1038 4170 1203 4225 etiam
1235 4171 1593 4229 redeuntibus
1622 4182 1939 4229 sanctorum
1967 4175 2090 4230 ani.

513 4259 621 4313 mis
648 4260 819 4315 ﬁdere
846 4269 899 4315 te
923 4262 1101 4317 decet.
1134 4262 1294 4329 Quod
1327 4275 1511 4319 autem
1556 4266 1950 4336 superstitibus
1987 4283 2088 4338 ap-

512 4359 728 4420 parent,
761 4354 925 4409 crede
955 4369 1019 4409 ex
1062 4370 1225 4425 supra
1256 4356 1481 4423 relatis;
1514 4361 1786 4427 quomodo
1814 4375 1965 4422 vero,
1984 4360 2086 4431 ipsi

2195 3157 2272 3230 μὴ
2315 3160 2410 3213 καὶ
2451 3159 2714 3214 ἀπιστίαν
2746 3160 2841 3213 ἐπὶ
2874 3161 3053 3231 τούτῳ
3111 3160 3472 3231 κατακριθῇς.
3514 3156 3659 3213 Ἐὰν
3685 3157 3774 3227 μὴ

2191 3249 2566 3318 πιστεύσητε
2594 3252 2729 3322 γὰρ,
2759 3251 2950 3322 φησὶν,
2980 3250 3107 3306 οὐδ’
3131 3252 3203 3304 οὐ
3229 3249 3316 3319 μὴ
3345 3247 3579 3317 συνῆτε
3602 3265 3618 3281 ·
3652 3249 3770 3312 πῶς

2194 3342 2258 3394 ἐκ
2287 3341 2540 3409 περάτων
2562 3344 2611 3395 σί
2637 3342 2953 3408 ἀπόστολοι,
2981 3343 3079 3396 καὶ
3102 3340 3272 3395 ταῦτα
3295 3342 3376 3412 τῷ
3403 3342 3570 3411 παχεῖ
3593 3340 3771 3409 τούτῳ

2195 3432 2520 3504 βαρούμενοι
2561 3432 2797 3503 σώματι,
2839 3436 2896 3488 ὲν
2933 3436 3000 3505 τῇ
3051 3434 3383 3504 μεταστάσει
3424 3432 3524 3502 τῆς
3565 3432 3772 3503 ὑπερα-

2191 3522 2316 3592 γίας
2339 3522 2604 3578 Θεοτὸκου
2631 3523 2755 3578 κατ’
2777 3525 2939 3578 αύτδν
2966 3524 3461 3597 συνηθροίσθησαν,
3489 3522 3579 3577 ῖνα
3605 3525 3662 3575 τί
3693 3522 3769 3593 μὴ

2193 3615 2288 3670 καὶ
2313 3615 2579 3683 ἀγγέλους
2605 3614 2839 3671 ενταῦθα
2867 3616 3136 3686 λέγωμεν,
3161 3616 3286 3670 ἀντὶ
3311 3614 3422 3668 τῶν
3447 3614 3772 3668 ἀποστόλων

2192 3707 2408 3775 ιλθεῖνς
2443 3707 2562 3772 πῶς
2595 3708 2624 3760 6
2663 3707 2876 3773 Παῦλος
2911 3709 2995 3771 είς
3028 3708 3214 3780 τρίτον
3245 3708 3480 3778 ἀνῆλθεν
3511 3708 3772 3777 οὐρανὸν,

2196 3800 2449 3854 κάκεῖθεν
2482 3803 2565 3864 είς
2596 3802 2692 3853 τὸν
2726 3801 3058 3871 παράδεισον
3093 3799 3378 3871 ἀπηνέχθη
3399 3838 3417 3862 ,
3451 3799 3548 3852 καὶ
3584 3796 3770 3868 ρημάο

2192 3909 2304 3947 των
2325 3893 2581 3964 ἀρρήτων
2610 3893 2811 3965 ἢκουσε
2837 3910 2853 3926 ο
2883 3892 3001 3957 πῶς
3049 3892 3463 3963 ἀρπαγήσονται
3491 3891 3540 3943 oi
3568 3889 3773 3943 δίκαιοι

2196 3985 2336 4055 πρὸς
2364 3984 2670 4055 ἀπάντησιν
2690 3984 2787 4038 τοῦ
2810 3983 3015 4055 Κυρίου
3039 3985 3120 4047 είς
3140 3984 3301 4055 ἀέρα,
3323 3982 3443 4043 πῶς
3466 3980 3522 4034 δὲ
3551 3980 3650 4033 καὶ
3681 3996 3774 4049 με-

2192 4078 2631 4149 ταμορφουμένῳ
2662 4076 2741 4148 τῷ
2774 4077 2996 4149 Χριστῷ
3030 4076 3244 4146 Μωσῆς
3277 4076 3370 4129 καὶ
3403 4073 3593 4135 Ἠλίας
3631 4071 3768 4142 ὁμοῦ

2193 4168 2288 4222 ἐπὶ
2312 4167 2403 4222 τοῦ
2432 4168 2594 4239 ὅρους
2623 4168 2960 4239 ἐπέστησαν.
2984 4168 3201 4239 Ὠσπερ
3229 4162 3325 4222 οὖν
3354 4162 3637 4236 παράδοξα
3674 4164 3772 4234 μέν

2193 4260 2300 4313 εἰσι
2329 4259 2501 4314 ταῦτα
2532 4259 2733 4322 πάντα,
2763 4259 2983 4328 ἐγένετο
3009 4258 3055 4312 δ’
3078 4259 3231 4329 ὅμως
3260 4258 3359 4311 καὶ
3387 4256 3729 4325 πιστεύομεν
3753 4270 3768 4284 “

2192 4351 2337 4406 οὕτω
2376 4353 2479 4405 κάν
2513 4354 2632 4415 ταῖς
2670 4351 3023 4414 ἀνελθούσαις
3056 4351 3166 4405 τῶν
3201 4350 3375 4419 ἁγίων
3406 4348 3609 4419 ψυχαῖς
3648 4348 3769 4401 διαο

513 4441 743 4498 Domino
775 4445 1088 4511 committe;
1126 4462 1235 4501 non
1263 4447 1409 4501 enim
1455 4426 1610 4517 plura
1653 4464 1751 4520 per
1779 4450 1956 4521 ipsum
1992 4426 2084 4508 co-

2193 4444 2432 4499 νοεῖτθαί
2468 4462 2527 4498 σε
2559 4445 2711 4511 ἀξιον
2734 4462 2751 4478 ο
2799 4445 2896 4499 καὶ
2926 4446 3008 4499 δτι
3045 4444 3147 4515 μὲν
3179 4444 3503 4513 ἐφίστανται
3534 4442 3654 4503 τοῖς
3685 4441 3769 4493 ἑν-

509 4535 684 4603 gitare
715 4535 872 4600 licet,
901 4552 970 4592 ne
998 4537 1104 4592 tale
1126 4538 1256 4608 quid
1287 4539 1581 4609 patiamur,
1609 4542 1768 4611 quale
1797 4546 2085 4600 damnatus

513 4626 770 4694 Lucifer;
804 4630 1047 4698 quicum
1076 4629 1181 4701 ipsi
1221 4630 1473 4687 collatam
1509 4649 1540 4687 a
1574 4632 1804 4689 Domino
1829 4634 2081 4705 gloriam,

509 4727 693 4787 utpote
727 4720 1022 4785 diliicilem,
1047 4724 1190 4779 l'crre
1212 4739 1323 4778 non
1357 4734 1562 4795 posset,
1582 4726 1637 4780 in
1659 4718 1861 4782 terram
1884 4727 2083 4783 misere

509 4820 735 4881 repente
762 4813 1019 4884 delapsus
1051 4825 1156 4870 est.
1189 4816 1535 4887 Quapropter
1564 4827 1620 4873 et
1673 4835 1868 4889 magno
1911 4820 2079 4876 Paulo

507 4918 619 4971 quo
647 4914 891 4973 tempore
925 4907 978 4959 in
1021 4907 1220 4962 malum
1263 4918 1347 4963 est
1398 4911 1681 4981 abreptus,
1720 4912 2082 4970 revelationes

508 4994 612 5049 sub
646 4994 863 5051 silentio
888 4996 1100 5053 tradita:
1127 5009 1256 5054 sunt
1299 5017 1315 5054 :
1360 5000 1519 5056 aliter
1547 5003 1693 5057 enim
1731 5005 1894 5060 totius
1928 5004 2079 5060 orbis

508 5083 771 5154 magister
822 5084 1042 5141 silentio
1085 5103 1193 5143 non
1248 5090 1689 5158 praetermisisset
1739 5106 1754 5142 :
1804 5094 2080 5159 quomodo

510 5191 642 5253 vero
675 5187 855 5232 tacere
884 5193 992 5232 non
1024 5180 1349 5236 maluisset?
1377 5182 1470 5252 qui
1512 5181 1631 5251 ipse
1662 5183 1897 5253 prepriae
1926 5184 2078 5239 carni

508 5254 762 5322 stimulos
801 5268 1061 5325 adbibere
1103 5285 1164 5327 se
1208 5271 1365 5337 dixit,
1412 5287 1483 5329 ne
1514 5272 1907 5331 revelationum
1939 5276 2081 5333 mole

505 5359 850 5417 obrueretur.

2189 4535 2384 4601 ταῦθα,
2418 4536 2639 4589 πίστευε
2669 4535 2763 4605 ἀφ’
2787 4528 2863 4590 ὧν
2891 4534 3100 4589 ἀνωθεν
3129 4535 3369 4605 ἤκουσας
3394 4548 3410 4564 ·
3442 4533 3505 4586 τὸ
3545 4531 3604 4584 δι
3649 4532 3767 4594 πῶς

2188 4628 2338 4699 αὐτῷ
2382 4628 2458 4699 τῷ
2505 4628 2697 4699 Κυρίῳ
2740 4625 3110 4697 κατάλειψαι⁹
3156 4625 3278 4679 οὐδὲ
3328 4625 3438 4695 γὰρ
3486 4622 3676 4677 πλεῖόν
3711 4638 3765 4674 τι

2188 4722 2377 4793 νοῆσαι
2408 4722 2540 4793 παρ’
2568 4720 2736 4776 αὐτοῦ
2769 4719 3207 4793 ωγχωρούμεοα
3234 4758 3250 4784 ,
3288 4718 3377 4772 ῖνα
3410 4716 3486 4789 μὴ
3512 4714 3763 4769 τοιοῦτόν

2187 4831 2241 4867 τι
2280 4811 2580 4882 πάθωμεν,
2616 4814 2797 4866 ὁποῖον
2830 4815 2858 4866 6
2898 4810 3082 4865 πεσὼν
3119 4810 3431 4879 Ἐωσφόρος
3457 4824 3472 4839 θ
3513 4806 3617 4873 τὴν
3651 4807 3760 4874 γὰρ

2185 4905 2435 4959 δοθεῖσαν
2478 4903 2628 4976 αύτῷ
2671 4905 2822 4976 παρά
2863 4905 3068 4976 Κυρίου
3089 4902 3454 4973 λαμπρότητα
3480 4898 3557 4969 μὴ
3598 4898 3761 4966 δυνη-

2187 4997 2299 5060 θεὶς
2355 4998 2603 5065 ἐνεγκεῖν
2623 5037 2638 5063 ,
2664 4988 2760 5050 ἀτε
2788 4994 3165 5066 τυγχάνουσαν
3191 4992 3449 5055 ἀπλετον,
3474 4990 3754 5059 ἀνετράπη

2186 5108 2247 5143 τε
2272 5089 2615 5160 παραχρῆμα
2642 5091 2737 5142 καὶ
2763 5089 2964 5158 πτῶμα
2990 5090 3130 5143 κατὰ
3154 5089 3260 5158 γῆς
3308 5085 3542 5152 ἐξαίσιον
3566 5082 3751 5135 ἔπεσε.

2188 5184 2288 5239 Διά
2307 5199 2389 5235 τοι
2414 5181 2574 5235 τοῦτο
2599 5182 2694 5235 καὶ
2718 5182 2798 5251 τῷ
2828 5181 3049 5252 μεγάλῳ
3078 5180 3272 5249 Παύλῳ
3299 5176 3421 5230 καθ’
3445 5176 3503 5230 δν
3530 5176 3757 5246 ἡρπάγη

2190 5277 2381 5347 καιρὸν
2411 5276 2874 5343 ἀποκαλυφθέντα
2908 5276 3087 5344 σιωπῇ
3123 5271 3497 5342 παρεδόθησαν
3519 5283 3535 5299 ·
3569 5270 3618 5320 εἰ
3647 5266 3756 5335 γὰρ

2190 5369 2436 5440 εκφθορα
2464 5367 2561 5420 κα)⁸
2584 5365 2760 5422 ταῦτα
2788 5365 3011 5437 συνέϐη,
3040 5367 3360 5435 συνέφερεν,
3389 5363 3488 5416 οὐκ
3514 5361 3580 5414 ἀν
3603 5360 3632 5413 6
3654 5357 3755 5426 τῆς

506 5458 832 5528 οἰκουμένης
900 5456 1222 5520 διδάσκαλος
1282 5457 1376 5511 ἐπὶ
1427 5456 1686 5513 τοσοῦτον
1722 5460 1984 5532 σεσίγηκε
2010 5481 2025 5497 ο
2059 5476 2148 5524 καὶ
2193 5468 2307 5530 πῶς
2339 5466 2448 5537 γὰρ
2476 5464 2536 5519 ού
2573 5463 2802 5534 σιγῆσαι
2833 5463 3137 5537 διεκρινεν;
3170 5465 3327 5534 ειπερ
3357 5463 3519 5525 αὐτὸς
3549 5464 3612 5532 τῇ
3646 5463 3752 5529 ίδίᾳ

509 5552 676 5622 σαρκὶ
733 5553 974 5607 σκόλοπα
1035 5555 1224 5609 λαϐεῖν
1271 5554 1496 5631 ἔλεγεν,
1536 5555 1623 5607 ῖνα
1662 5557 1737 5625 μὴ
1771 5561 1836 5628 τῇ
1875 5560 2148 5636 ὑπερϐολῇ
2189 5564 2297 5617 τῶν
2328 5562 2728 5632 ἀποκαλύψεων
2757 5563 3147 5636 ύπεραίρηται.

580 5645 665 5699 l0.
710 5644 1018 5718 Scripturas
1042 5650 1207 5721 igitur
1239 5651 1487 5722 amplecti
1518 5652 1801 5719 debemus,
1848 5671 1907 5709 ea
1945 5673 2067 5714 vero

2249 5660 2301 5714 ι’.
2347 5656 2601 5730 Στέργειν
2635 5660 2727 5714 οὖν
2785 5663 2852 5715 τά
2887 5661 3247 5734 γεγραμμένα
3309 5661 3626 5733 ὀφείλομεν,
3654 5657 3750 5712 καὶ
