4058 6196
344 306 442 375 ρει

1667 303 2033 364 EPISTOLA
2075 307 2232 367 XIX.

3465 304 3570 368 922

343 423 453 474 τῶν
501 419 638 486 ὑπὲρ
679 415 983 486 κατάληψιν
1023 417 1157 480 ὅλως
1205 417 1279 488 μὴ
1323 417 1628 480 ἅπτεσθαι,
1669 417 1785 469 ἀλλ’
1814 418 1885 468 Er;

2012 431 2130 486 quae
2150 431 2315 486 supra
2341 425 2576 470 mentem
2603 425 2728 471 sunt
2752 415 2973 470 minime
3001 417 3369 485 tangere,'imo
3398 417 3572 487 impo-

350 511 558 570 τούτοις
601 508 699 574 τὴν
741 502 910 577 ἦτταν
955 510 1256 574 ὁμολογεῖν,
1304 513 1396 560 καὶ
1442 509 1582 577 μετὰ
1625 507 1718 558 τοῦ
1764 507 1910 559 θείου

265 609 268 612 ’
343 599 523 662 λέγειν
578 596 738 648 Δαὸίδ
765 591 787 624 ·’
822 596 1274 661 Ἐθαυμαστώοη
1325 599 1361 661 ἡ
1412 597 1635 665 γνῶσίς
1679 611 1796 649 σου
1840 596 1909 658 ἐξ

345 687 511 755 ἡμῶν
537 703 550 717 ·
598 685 993 752 ἑκραταιὼθη.
1035 687 1103 738 οὐ
1140 686 1224 753 μὴ
1270 687 1572 751 δυνάμεοα
1613 687 1762 752 πρὸς
1805 689 1908 739 αὐ-

343 778 475 841 τήν.
525 778 648 838 Τοῖς
692 777 799 844 γὰρ
839 777 896 827 ὲν
940 775 1160 844 Χριστῷ
1205 777 1545 846 κοιμηθεῖσιν
1592 777 1766 842 ἁγίοις
1812 795 1906 845 με-

340 868 616 922 ταδέδοται
645 867 739 918 καὶ
765 867 1017 935 ὑπερφυῆ
1042 868 1108 918 τὰ
1135 869 1449 936 χαρίσματα
1474 884 1485 896 ·
1513 868 1606 917 καὶ
1631 867 1898 934 δεομένων

342 961 452 1027 γὰρ
489 959 642 1026 ἡμῶν
678 957 1037 1022 ἐπακούουσι,
1075 959 1168 1010 καὶ
1210 957 1545 1025 θλιϐομένοις
1586 958 1900 1024 ἐφίστανται

342 1048 680 1118 παρηγορίας
711 1049 917 1109 ἕνεκεν,
949 1049 1021 1110 ὼς
1052 1047 1260 1101 άνωθεν
1288 1048 1523 1117 εἴρηται.
1561 1049 1685 1099 Ἐὰν
1716 1049 1822 1117 γὰρ
1852 1049 1897 1100 oi

343 1137 462 1188 κατ’
485 1137 582 1203 ἐμὲ
617 1135 873 1204 ῥαθύμως
899 1135 988 1186 τὸν
1021 1135 1131 1203 βίον
1160 1134 1452 1196 ἀνύσαντες
1480 1135 1584 1187 τῶν
1616 1136 1684 1186 δι’
1706 1137 1902 1198 αὐτοὺς

343 1227 575 1279 ἐνταῦθα
603 1228 941 1294 τελουμένων
969 1227 1224 1279 εὐποιιῶν
1249 1227 1708 1292 ὲπαισθάνωνται,
1737 1229 1810 1290 ὼς
1840 1230 1902 1280 ἐκ

341 1322 449 1371 τῶν
479 1319 639 1388 ίερῶν
670 1319 898 1387 Γραφῶν
923 1319 1301 1388 διδασκόμεθα,
1332 1317 1509 1388 πολλῷ
1541 1319 1741 1388 μᾶλλον
1767 1321 1813 1372 οί
1845 1321 1901 1371 ὲν

317 1399 488 1476 ἀὐτῷ
519 1409 595 1476 τῷ
628 1409 848 1479 Χριστῷ
878 1410 952 1476 τῷ
987 1409 1162 1477 χρεῶν
1193 1409 1900 1478 λειτουργήσαντες.Ἐνθεν

341 1519 424 1552 τοι
456 1503 553 1554 καὶ
582 1503 609 1553 6
641 1500 899 1568 Θεολόγος
933 1501 972 1552 Γ
977 1500 1232 1568 ρηγόριος
1262 1501 1316 1550 ὲν
1349 1498 1423 1564 τῷ
1455 1502 1589 1568 πρὸς
1621 1499 1717 1568 τὴν
1748 1500 1899 1552 ἀδελ-

342 1591 450 1656 φὴν
477 1589 639 1641 αὐτοῦ
669 1589 940 1658 ἐπιταφίῳ
969 1588 1112 1657 λόγῳ
1143 1588 1237 1641 καὶ
1265 1587 1386 1639 τάδε
1420 1587 1555 1654 πρὸς
1582 1590 1692 1648 τοῖς
1723 1587 1900 1650 ἄλλοις

2020 508 2242 562 tentiam
2287 507 2468 570 lateri,
2515 517 2571 561 et
2617 521 2737 560 cum
2770 507 2956 561 divino
2989 508 3185 562 Davide
3210 510 3513 563 exclamare
3553 527 3566 562 :

2021 615 2040 648 ι
2079 597 2209 652 Mira
2237 608 2316 652 est
2347 599 2572 652 scientia
2607 599 2682 652 tui
2716 613 2744 651 a
2778 599 2951 662 nobis,
2984 600 3145 653 nimis
3170 602 3274 653 alta
3301 612 3402 664 est;
3431 604 3568 656 nihil

2013 691 2256 743 valemus
2288 690 2354 744 ad
2383 705 2523 744 eam.
2561 709 2578 741 ι
2608 689 2664 742 ln
2693 691 2909 744 Christo
2936 691 3082 745 enim
3112 694 3341 747 mortuis
3366 696 3571 749 sanctis

2009 781 2170 833 etiam
2211 781 2639 848 supematuralia
2663 781 2799 834 dona
2822 781 2944 835 data
2967 791 3093 835 sunt
3117 800 3131 846 ;
3165 785 3443 837 orantibus
3473 801 3569 839 no-

2011 872 2093 926 bis
2119 874 2417 928 assistunt:
2454 877 2728 942 oppressis
2769 876 3162 929 consolabundi
3217 890 3565 942 succurrunt,

2011 971 2247 1030 utsupra
2285 963 2484 1015 dictum
2521 970 2623 1015 est.
2652 964 2706 1014 Si
2738 963 2877 1015 enim
2897 964 3113 1030 quidam
3134 965 3239 1017 vita
3282 983 3386 1020 non
3429 969 3566 1020 bene

2010 1059 2153 1114 acta,
2189 1051 2346 1103 bonis
2372 1051 2627 1119 Operihus
2654 1062 2866 1119 propter
2912 1053 3061 1120 ipsos
3105 1054 3338 1123 impletis
3375 1056 3567 1109 fruun-

2011 1148 2116 1200 tur,
2150 1137 2207 1192 ut
2233 1156 2294 1192 ex
2323 1141 2492 1193 sacris
2520 1141 2834 1208 .Scripturis
2872 1142 3198 1202 audivimus,
3233 1155 3432 1210 quanto
3457 1162 3568 1198 ma-

2009 1228 2089 1296 gis
2113 1229 2200 1296 qui
2233 1228 2284 1280 in
2309 1232 2425 1296 ipso
2457 1229 2672 1282 Christo
2699 1230 2948 1282 mandata
2980 1243 3350 1286 servaverunt.
3387 1235 3567 1298 Quare

2008 1317 2167 1369 etiam
2211 1317 2491 1383 theologus
2529 1316 2821 1386 Gregorius
2854 1319 2905 1370 in
2935 1318 3146 1372 funebri
3194 1322 3439 1375 oratione
3501 1325 3566 1376 ad

2007 1421 2271 1469 sororem,
2295 1406 2406 1459 haec
2437 1407 2577 1460 inter
2601 1407 2699 1459 alia
2734 1407 2892 1464 dicit:
2915 1406 3237 1461 Praesentem
3262 1424 3564 1464 sermonem

2006 1497 2206 1565 accipe,
2244 1512 2276 1549 ο
2308 1497 2464 1550 beata
2498 1514 2510 1549 ς
2541 1496 2670 1551 illud
2699 1499 2839 1551 enim
2903 1499 2978 1552 tui
3027 1501 3298 1555 similibus
3347 1518 3568 1558 conces-

2007 1587 2077 1639 sit
2105 1587 2265 1649 Deus,
2304 1597 2363 1640 ut
2393 1587 2588 1642 talibus
2613 1587 2881 1641 fruantur.

340 1680 529 1746 ἔλεγεν
557 1696 570 1710 ·
601 1681 787 1745 Δέδεξο
834 1681 922 1732 τὸν
983 1679 1226 1750 παρόντα
1256 1679 1434 1747 λόγον,
1463 1673 1507 1732 ὦ
1538 1680 1783 1750 μακαρία
1809 1695 1823 1710 ⁸
1855 1682 1949 1734 καὶ
2012 1680 2167 1731 τοῦτο
2204 1681 2309 1750 γάρ
2346 1680 2660 1750 ἐδωρήσατο
2690 1685 2801 1745 τοῖς
2836 1681 2974 1734 κατὰ
3013 1682 3072 1734 σὲ
3107 1685 3134 1736 ό
3167 1684 3331 1747 Θεὸς,
3367 1695 3426 1736 το
3459 1686 3564 1737 τῶν

338 1775 599 1826 τοιούτων
628 1773 1000 1831 αἰσθάνεσθαι.

413 1873 503 1919 ια’.
544 1865 607 1916 El
634 1866 688 1918 δὲ
714 1865 885 1917 ταῦτα
913 1864 1081 1925 οὕτως
1111 1863 1247 1932 ἔχει,
1277 1865 1437 1916 πόθεν
1465 1866 1621 1934 ἡμεῖς
1650 1864 1885 1934 ὁρμώμε-

2076 1868 2160 1920 14.
2189 1867 2242 1920 Si
2279 1869 2389 1921 haec
2421 1867 2492 1920 ita
2521 1883 2580 1924 se
2609 1868 2828 1930 habent,
2860 1883 2956 1920 cur
2988 1884 3084 1922 nos
3112 1869 3199 1923 tali
3230 1873 3397 1940 gratia
3433 1874 3562 1926 hinc

337 1976 420 2010 νοι
453 1955 709 2022 τοιαύτης
740 1953 1147 2024 ἀποστεροῦμεν
1178 1956 1397 2024 χάριτος
1428 1956 1524 2019 τὰς
1559 1955 1897 2018 ἀπελθούσαις

337 2051 445 2103 ’τῶν
489 2049 653 2114 ἁγίων
692 2046 905 2114 ψυχάςς
951 2045 1044 2098 καὶ
1087 2045 1260 2098 ταῦτα
1302 2045 1396 2098 τοῦ
1443 2047 1744 2116 κορυφαίου
1791 2047 1897 2098 τῶν

338 2139 649 2192 ἀποστόλων
678 2137 878 2202 Πέτρου
906 2134 1173 2201 λέγοντος,
1199 2135 1279 2186 ὅτι
1296 2134 1509 2203 Ἀγαθὰ
1534 2134 1648 2200 τοῖς
1681 2133 1897 2201 ἀνθρὼ-

338 2248 475 2296 πωςη
502 2233 533 2284 ὀ
569 2229 710 2293 Θεὸς
739 2226 1077 2295 ἐχαρίσατο,
1110 2227 1193 2287 είς
1227 2225 1263 2279 ἂ
1294 2225 1692 2293 ἐπιθυμοῦσιν
1723 2226 1898 2294 ἄγγε-

336 2328 432 2377 λοι
474 2321 842 2387 παρακύψαι.
884 2319 988 2370 Καὶ
1017 2319 1068 2370 τί
1105 2318 1209 2386 χρὴ
1245 2317 1410 2368 πολλὰ.
1441 2317 1654 2383 λέγειν;
1692 2317 1754 2369 Ei
1797 2316 1900 2386 γὰρ

337 2417 433 2466 καὶ
468 2412 595 2480 περί
630 2427 790 2463 τινων
825 2411 992 2475 ἁγίων
1029 2409 1107 2459 ἔτι
1140 2409 1216 2477 τῷ
1255 2409 1353 2478 βίῳ
1385 2407 1558 2477 τούτῳ
1596 2408 1895 2476 περιόντων

334 2504 671 2573 ἠκούσαμεν,
701 2503 783 2554 ὅτι
808 2501 874 2554 δι’
898 2501 1060 2568 εὐχῆς
1089 2499 1267 2552 αὐτῶν
1294 2499 1384 2550 καί
1409 2515 1558 2561 τινας
1587 2501 1642 2550 ἐν
1669 2498 1894 2570 ἀσεϐείᾳ

333 2598 428 2647 τὸν
461 2596 571 2662 βίον
602 2592 1010 2652 καταλύσαντας
1039 2589 1398 2659 αἰωνιζούσης
1429 2589 1700 2650 κολάσεως
1730 2591 1892 2658 ἠλευ-

334 2685 649 2752 Θερὼθησαν
676 2683 779 2752 (1),
807 2682 860 2734 τί
883 2682 940 2734 τὸ
971 2680 1174 2732 κωλύον
1204 2680 1280 2749 μὴ
1310 2683 1404 2731 καὶ
1451 2679 1542 2731 τὸν
1589 2679 1701 2747 βίον
1729 2679 1890 2732 ἀλλά-

334 2775 552 2840 ξαντας,
581 2775 674 2824 καὶ
699 2772 790 2825 τοῦ
817 2769 951 2824 Θεοῦ
981 2770 1138 2836 δῆθεν
1165 2769 1455 2838 ἐγγύτερον
1479 2770 1794 2836 γεγονότας,
1821 2770 1888 2821 τὰ

332 2867 472 2918 αὐτὰ
509 2868 620 2926 τοῖς
661 2862 988 2932 προλαϐοῦσι
1034 2863 1226 2922 ποιεῖν,
1265 2861 1358 2911 καὶ
1398 2861 1494 2928 τὴν
1535 2860 1702 2929 αὐτὴν
1743 2859 1886 2928 ἔχειν

2005 1956 2271 2024 profectas
2291 1967 2601 2011 sanctorum
2631 1957 2836 2011 animas
2859 1959 3246 2025 spoliabimus?
3269 1965 3559 2028 praesertim

2006 2063 2131 2101 cum
2163 2048 2526 2116 apostolorum
2551 2049 2794 2116 princeps
2817 2048 3006 2104 Petrus
3033 2050 3206 2104 dicat:
3247 2071 3263 2102 ι
3300 2051 3443 2107 Dona
3467 2054 3562 2108 ho-

2008 2138 2246 2191 minibus
2280 2137 2502 2206 largitus
2551 2146 2633 2190 est
2685 2138 2842 2200 Deus,
2882 2154 3000 2205 quae
3034 2142 3198 2193 etiam
3225 2141 3428 2196 vellent
3461 2160 3560 2197 an-

2009 2228 2165 2298 geli.»
2202 2227 2341 2292 Quid
2370 2227 2558 2294 plura?
2589 2227 2641 2280 Si
2673 2228 2813 2280 enim
2849 2228 2916 2281 de
2948 2229 3215 2296 aliquibus
3249 2235 3449 2286 sanctis
3479 2236 3557 2287 vi-

2009 2325 2116 2369 tam
2154 2318 2331 2369 adhuc
2361 2316 2643 2386 agentibus
2686 2317 3008 2380 audivimus,
3043 2335 3137 2372 eos
3167 2321 3279 2374 suis
3306 2324 3558 2390 precibus

2009 2407 2269 2475 quosdam
2298 2408 2386 2474 qui
2428 2408 2479 2458 in
2522 2406 2800 2475 impietate
2833 2409 3124 2475 perierant,
3157 2426 3184 2463 a
3226 2415 3558 2480 sempiterno

1998 2497 2260 2566 supplicio
2285 2497 2566 2561 liberasse,
2592 2495 2721 2564 quid
2758 2496 2936 2550 obstat
2965 2499 3255 2566 quominus
3290 2502 3386 2562 illi.
3421 2519 3557 2571 pra:-

1994 2587 2134 2642 senti
2172 2589 2278 2640 vita
2330 2588 2608 2640 immutata
2671 2586 2885 2656 Deoque
2957 2589 3368 2658 prepinquiores
3428 2591 3553 2647 facti

1997 2693 2056 2732 ea
2125 2692 2243 2744 qua:
2307 2687 2677 2730 antecesstares
2738 2681 3258 2746 agant,eademque
3293 2682 3555 2738 fruantur

1995 2769 2191 2821 virtute
2229 2784 2292 2823 ac
2336 2769 2592 2830 elﬁcacia,
2624 2783 2692 2822 ne
2726 2768 2898 2822 dicam
2959 2772 3124 2824 multo
3188 2773 3376 2841 majori
3427 2790 3551 2841 pro-

1995 2866 2111 2925 pter
2134 2857 2358 2925 hujusce
2382 2859 2562 2912 carnis
2583 2859 2971 2926 depositionem
2998 2859 3115 2914 ‘lNe
3141 2861 3303 2931 igitur
3330 2862 3548 2917 Patrum

328 2958 610 3026 ἐνέργειάν
645 2972 700 3006 τε
735 2955 831 3006 καὶ
861 2953 1113 3021 δύναμιν,
1153 2952 1237 3003 ῐνα
1274 2951 1346 3020 μὴ
1379 2951 1521 3016 λέγω
1557 2950 1736 3018 πολλῷ
1773 2952 1885 3019 μεί-

1993 2944 2332 3012 dogmatibus
2361 2946 2728 3009 adversemur,
2754 2947 3129 3003 incredulitate
3152 2958 3206 3003 et
3227 2951 3546 3005 dubitando.

328 3049 490 3111 ζονα,
525 3047 609 3098 διά
643 3061 703 3112 γε
736 3044 834 3113 τὴν
864 3042 962 3109 τῆς
996 3042 1196 3112 σαρκὸς
1228 3041 1428 3109 ταύτης
1462 3040 1754 3104 ἀπόθεσιν;
1791 3041 1882 3111 Μὴ

322 3135 422 3190 οῦν
454 3138 864 3204 ὰντιπίπτωμεν
893 3136 1007 3194 ταῖς
1037 3135 1327 3202 πατρικαῖς
1359 3133 1719 3201 παραδόσεσι,
1753 3133 1884 3202 μηδὲ

323 3232 473 3290 ὅπως
521 3230 689 3296 ἔχοιεν
735 3220 895 3279 αὗται
942 3223 1469 3293 περιεργαζὼμεθα·
1517 3223 1731 3295 ἐγράφη
1776 3225 1882 3292 γὰρ

325 3319 497 3372 ταῦτα
525 3320 620 3388 οὺχ
649 3319 734 3371 ῖνα
763 3315 1324 3384 πολυπραγμονῶμεν,
1357 3315 1470 3367 ἀλλ’
1499 3315 1581 3366 ίνα
1612 3315 1880 3367 πιστεύω-

1994 3032 2118 3088 Haec
2138 3033 2282 3087 enim
2319 3037 2516 3103 scripta
2544 3044 2691 3100 sunt,
2719 3053 2823 3090 non
2857 3047 2913 3091 ut
2946 3050 3339 3104 scrutaremur,
3369 3043 3460 3095 sed
3493 3052 3549 3095 ut

1994 3127 2364 3184 crederemus.
2401 3142 2463 3179 ac
2495 3128 2722 3196 proinde
2765 3137 2820 3179 ut
2849 3130 3157 3194 credentes,
3199 3131 3362 3184 vitam
3392 3143 3544 3186 αξιοι-

1989 3233 2111 3270 nam
2148 3217 2460 3280 habeamus,
2493 3218 2544 3271 in
2575 3216 2788 3272 Christo
2815 3216 2946 3272 Jesu
2971 3218 3195 3274 Domino
3231 3233 3434 3286 nostro,
3459 3223 3545 3276 eui

1986 3310 2152 3381 gloria
2196 3311 2250 3363 in
2284 3309 2494 3363 szecula.
2535 3309 2727 3365 Amen.

328 3428 449 3478 μεν,
492 3413 583 3464 καὶ
624 3410 710 3462 ῐνα
749 3405 1091 3466 πιστεύοντες
1131 3406 1274 3474 ζωὴν
1313 3406 1528 3460 αἰώνιον
1568 3407 1785 3476 ἔχοιμεν
1826 3409 1881 3459 ὲν
1949 3404 2166 3474 Χριστῷ
2201 3403 2377 3474 Ἰησοῦ
2431 3402 2508 3473 τῷ
2542 3404 2728 3473 Κυρίῳ
2763 3404 2950 3474 ἡμῶν,
3010 3400 3052 3474 ᾧ
3087 3405 3121 3476 η
3153 3405 3278 3470 δόξα
3310 3408 3386 3470 είς
3420 3409 3544 3473 τοὺς

324 3523 358 3557 α
371 3506 546 3568 ίῶνας.
587 3505 778 3574 Ἀμήν.

1631 3577 1636 3584 ’
1675 3577 2006 3676 EPISTOLA
2044 3617 2186 3671 xxx.

679 3769 754 3820 Ad
791 3765 967 3820 Nilum
1009 3765 1340 3818 monachum.
1380 3790 1448 3804 —-
1481 3759 1664 3814 Preces
1693 3777 1786 3828 pro
1819 3757 2037 3812 mortuis
2068 3767 2114 3809 ct
2146 3757 2495 3824 eleemosytms
2531 3771 2631 3807 non
2661 3755 2859 3822 [rustra
2897 3753 3015 3822 ﬁeri
3047 3753 3144 3824 ('2).

395 3908 516 3960 Ὀτι
554 3905 652 3974 μὲν
683 3900 774 3958 οῦν
811 3905 869 3956 οὐ
899 3904 1004 3973 χρὴ
1058 3902 1199 3955 κατά
1248 3919 1299 3954 τι
1329 3901 1596 3964 διστάζειν
1627 3899 1716 3950 ἐπὶ
1755 3900 1874 3958 ταῖς

324 3998 637 4065 γινομέναις
675 3996 942 4057 εύποιίαις
973 3995 1123 4062 παρὰ
1174 3994 1359 4058 τινῶν,
1389 3994 1550 4061 χάριν
1586 3991 1683 4059 μὲν
1716 3990 1866 4040 εὐσε-

323 4091 458 4152 ϐῶν,
493 4087 832 4157 ἁμαρτωλῶν
876 4086 930 4137 δὲ
956 4127 969 4150 ,
1005 4085 1354 4136 πειθέτωσαν
1416 4084 1565 4152 ἡμᾶς
1629 4081 1734 4148 πρδ
1763 4079 1871 4131 τῶν

2053 3896 2167 3947 Νοη
2197 3911 2316 3949 esse
2347 3895 2528 3961 itaque
2558 3893 2916 3946 dubitandum
2967 3895 3032 3946 de
3078 3895 3233 3947 bonis
3280 3897 3538 3963 operibus

1980 3999 2097 4053 qua-
2131 3986 2195 4036 ab
2223 3983 2490 4050 aliquibus
2519 3981 2671 4042 ﬁunt,
2709 3983 2920 4048 piorum
2953 3981 3169 4048 quidem
3201 3983 3367 4048 gratia
3391 4023 3405 4046 ,
3441 3985 3535 4036 sed

1980 4085 2358 4145 peccatorum,
2409 4073 2762 4140 persuadeant
2806 4087 2902 4125 uos
2937 4082 3062 4124 ante
3108 4074 3246 4127 alios
3283 4075 3532 4143 discipuli

321 4181 496 4233 ἄλλων
542 4181 590 4230 oi
626 4177 861 4247 μαθηταὶ
899 4175 1134 4244 Χριστοῦ
1191 4177 1284 4227 καὶ
1341 4171 1646 4232 ἀπόστολοι,
1695 4173 1870 4236 τρίτα,

1993 4167 2173 4222 Ξιιτίεῑὶ
2204 4175 2255 4220 et
2281 4165 2529 4235 apostoli,
2564 4165 2754 4219 diebus
2783 4166 2962 4229 tertio,
3006 4180 3150 4219 nono
3202 4177 3255 4220 et
3294 4168 3531 4233 quadra-

320 4272 517 4321 ἕννατα
569 4268 660 4320 καὶ
691 4265 1121 4336 τεσσαρακοστά,
1189 4263 1277 4316 ναὶ
1324 4261 1449 4331 μὴν,
1490 4261 1583 4312 καὶ⁵
1629 4259 1874 4311 ἐνιαύσια

1993 4260 2198 4329 gesimo,
2227 4274 2326 4311 nec
2355 4274 2463 4311 non
2485 4268 2537 4311 et
2562 4270 2752 4312 exacto
2779 4273 2922 4312 anno
2955 4258 3166 4325 publlce
3196 4270 3530 4313 mortuorum

321 4359 593 4412 τελεῖσθαι
628 4357 821 4418 κοινῶς
860 4358 952 4410 ἐπὶ
1004 4359 1114 4416 τοῖς
1150 4354 1407 4406 τεθνεῶσι
1457 4349 1864 4417 διαταξάμενοι.

321 4447 378 4496 Εἰ
408 4447 514 4512 γὰρ
539 4445 565 4495 6
599 4443 882 4506 Νυσσαεὺς
911 4443 1048 4504 θεῖος
1073 4442 1390 4511 Γρηγόριος,
1412 4442 1522 4500 τοῖς
1545 4439 1711 4505 ίεροῖς
1743 4441 1896 4489 ἀπο--

323 4535 530 4594 στόλοις
567 4532 829 4599 ἑπόμενος
865 4531 1038 4592 οὕτως
1072 4530 1298 4598 εὕρηται
1329 4530 1523 4597 λέγων,
1545 4528 1711 4580 Οὐδὲν
1744 4527 1868 4579 dlo-

318 4623 513 4685 γίστως
561 4622 679 4674 οὐδὲ
711 4619 956 4688 ἀκερδῶς
1004 4619 1108 4670 ἀπὸ
1165 4619 1271 4670 τῶν
1301 4619 1393 4670 τοῦ
1415 4616 1650 4688 Χριστοῦ
1682 4615 1864 4686 μαθη-

316 4714 427 4764 τῶν
481 4712 854 4779 παραδίδοται,
895 4710 1028 4762 ἀλλὰ
1069 4710 1128 4761 τὸ
1156 4711 1387 4778 πρᾶγμα
1413 4711 1630 4769 πάντως
1661 4709 1869 4774 ἐπωφε-

315 4804 425 4864 λὲς,
457 4804 514 4852 τὸ
551 4802 772 4869 μνήμην
809 4803 980 4850 ποιεῖν
1024 4801 1116 4851 ἐπὶ
1150 4801 1249 4868 τῆς
1295 4799 1445 4861 θείας
1481 4798 1868 4866 μυσταγωγίας

313 4894 423 4944 τῶν
455 4892 661 4944 πιστῶν
717 4890 1173 4959 κεκοιμημένων
1237 4889 1416 4956 πολλῷ
1473 4887 1670 4957 μᾶλλον
1716 4889 1862 4956 ἡμᾶς

314 4983 776 5052 άλογοπραγήτως
809 4982 1034 5034 ἕπεσθαι
1078 4981 1206 5050 χρή.
1242 4980 1304 5032 El
1341 4982 1471 5048 γὰρ,
1505 4979 1756 5046 καθάπερ
1787 4979 1864 5029 εί-

316 5078 608 5145 ρήκαμεν,
675 5075 812 5140 ὑπὲρ
865 5073 972 5124 τῶν
1026 5075 1084 5123 ὲν
1133 5072 1426 5139 ἁμαρτίαις
1483 5069 1862 5122 ἀποθανόντων

313 5166 506 5217 θυσίαν
547 5166 843 5232 προσάγειν
874 5166 972 5215 οὐκ
1005 5162 1427 5228 ἀποκλειόμεθα,
1478 5161 1569 5211 καὶ
1620 5162 1646 5212 6
1692 5161 1858 5228 μέγας

316 5257 590 5316 Βασίλειος
628 5258 684 5307 ὲν
723 5261 787 5324 τῇ
819 5256 977 5325 τρίτη
1014 5256 1142 5324 εὐχῇ
1175 5257 1239 5324 τῇ
1283 5253 1550 5322 λεγομένῃ
1591 5253 1732 5305 κατὰ
1761 5251 1858 5321 τὴν

382 5432 456 5499 (l)
497 5433 735 5501 Respicit
774 5439 848 5497 (ut
883 5431 1267 5497 cognoscimus
1301 5447 1363 5483 ex
1397 5432 1519 5486 aliis
1550 5431 1727 5501 Glyca:
1757 5433 1869 5501 cpi-

313 5505 470 5571 stohs
518 5520 611 5555 seu
660 5502 1001 5571 tractatibus)
1029 5501 1092 5552 ad
1137 5502 1500 5571 nar_rationem
1534 5501 1591 5554 S.
1617 5502 1859 5571 Gregorii

316 5569 416 5630 l‘l‘,
483 5587 528 5621 t'l
607 5573 837 5622 aliorum
893 5570 958 5623 de
1010 5571 1184 5622 salute
1213 5568 1429 5635 Traiani
1466 5571 1619 5637 imp.,
1657 5568 1861 5638 deiqua

1976 4349 2262 4401 memorias
2293 4347 2403 4401 lieri
2441 4346 2817 4400 decernentes.
2853 4346 3061 4400 Etenim
3115 4347 3216 4401 etsi
3259 4347 3533 4417 Nyssenus

1973 4441 2129 4494 divus
2155 4439 2442 4506 Gregorius
2470 4440 2638 4491 sacris
2663 4439 2916 4506 apostolis
2948 4437 3205 4493 insistens
3237 4439 3350 4492 haec
3382 4454 3530 4507 repco

1972 4534 2108 4584 ritur
2153 4531 2395 4585 dixisse:
2432 4529 2574 4582 Nihil
2621 4529 2735 4582 sine
2781 4529 2987 4581 ratione
3034 4537 3086 4580 et
3132 4531 3247 4582 sine
3299 4529 3449 4583 lucro
3502 4546 3529 4579 a

1969 4623 2170 4678 Christi
2201 4622 2477 4690 discipulis
2507 4622 2764 4684 traditur,
2801 4636 2886 4674 res
2919 4629 3096 4672 tamen
3146 4620 3259 4688 ipsa
3309 4620 3530 4674 omnino

1971 4713 2116 4766 utilis
2151 4723 2251 4774 est,
2285 4711 2598 4765 memoriam
2635 4712 2872 4764 recolere
2908 4712 2958 4764 in
2989 4710 3167 4765 divina
3198 4713 3410 4779 liturgia
3441 4729 3531 4766 eo-

1966 4820 2106 4864 rum,
2146 4805 2235 4871 qui
2288 4805 2340 4855 in
2392 4804 2492 4856 (ide
2529 4802 2955 4867 obdormierunt,
2991 4803 3159 4856 multo
3206 4805 3374 4872 magis
3429 4819 3527 4856 nos

1965 4897 2080 4947 sine
2132 4893 2356 4947 auctiori
2408 4893 2652 4947 examine
2702 4895 2851 4962 sequi
2908 4895 3152 4947 addecet.
3203 4896 3408 4948 Etenim
3458 4899 3522 4967 si.

1970 4983 2414 5052 quemadmodum
2466 4984 2716 5047 diximus,
2771 4999 2866 5052 pro
2920 4985 3008 5050 iis,
3039 4985 3130 5053 qui
3181 4987 3232 5038 in
3287 4987 3524 5054 peccatis

1973 5073 2242 5125 immortui
2278 5080 2424 5135 sunt,
2453 5073 2772 5126 sacriﬁcium
2794 5073 2990 5126 oll‘erre
3020 5090 3127 5128 non
3155 5076 3517 5141 prohibemur;

1967 5163 2106 5230 quod
2141 5173 2194 5215 et
2216 5148 2426 5216 divinus
2462 5164 2691 5217 Basilius
2726 5163 2778 5217 in
2813 5167 2967 5219 tertia
2998 5167 3261 5228 oratione,
3291 5183 3408 5234 quae
3433 5166 3518 5217 die

1966 5251 2295 5306 Pentecoste
2319 5268 2474 5307 sacro
2495 5253 2713 5318 dicitur,
2741 5254 2898 5323 plane
2918 5257 3127 5337 edocet,
3163 5257 3231 5311 ita
3258 5256 3324 5310 ad
3349 5257 3514 5308 Deum

1965 5431 2100 5554 1satis
2141 5443 2191 5485 et
2223 5447 2250 5485 a
2282 5433 2466 5486 multis
2512 5433 2718 5488 criticis
2751 5444 2802 5488 et
2832 5451 2861 5488 a
2895 5435 3154 5506 theologis
3186 5434 3511 5500 disputatum

1992 5515 2085 5554 1111.

1992 5515 2108 5640 l"82.)
2152 5571 2311 5624 Allat.
2356 5573 2428 5626 De
2457 5587 2750 5635 consensu,
2781 5572 2882 5624 col.
2919 5574 3068 5626 llﬂt.
3136 5576 3140 5584 '
