4058 6196
523 287 633 350 9‘2l

1807 276 2228 337 MICHAELIS
2265 273 2525 336 GLYC/E

3673 269 3777 333 92$

524 404 754 457 dicens:
801 396 957 465 Quod
984 402 1047 450 et
1095 395 1150 449 iu
1190 393 1291 448 hac
1327 392 1721 463 perfectissima
1761 392 2092 446 solemnitate

2208 390 2423 461 ἡμέραν
2457 391 2554 459 τῆς
2603 387 3007 458 Πεντηκοστῆς.
3065 387 3254 457 σαφῶς
3304 385 3398 440 οὖν
3461 383 3769 442 ἐκδιδάσκει

525 505 576 548 et
610 492 869 557 salutari,
901 488 1309 559 propitiationes
1333 487 1735 559 deprecatorias
1769 501 1867 555 pro
1891 486 1977 550 iis,
2013 485 2102 555 qui

525 599 579 636 tn
609 581 884 636 infernum
919 580 1347 641 descenderunt,
1381 562 1662 645 suscipere
1697 590 1803 630 non
1837 576 2103 641 dedigna-

524 685 616 727 tus
642 688 721 736 es,
758 671 1006 740 ingentes
1044 669 1198 723 nobis
1250 685 1372 738 spes
1403 670 1688 732 exhibens,
1725 669 2102 722 remissionem

525 780 652 816 vero
682 763 767 825 iis,
803 763 894 829 qui
927 753 1239 816 detinentur
1286 762 1352 813 ab
1387 761 1820 828 oppritnentibus
1854 775 1948 815 eos
1986 775 2101 813 ma-

522 855 607 919 lis,
645 856 839 907 exaudi
881 868 1006 916 nos,
1035 866 1090 907 te
1149 854 1525 920 deprecantes.
1569 851 1686 907 Non
1727 854 1871 906 enim
1905 851 2101 905 mortui

521 947 818 1001 laudabunt
858 956 939 1011 te,
973 945 1219 1009 Domine,
1248 961 1427 1013 neque
1473 946 1561 1014 qui
1595 946 1650 998 in
1690 944 1900 999 inferno
1933 955 2098 1007 sunt,

520 1037 839 1092 confitcntes
887 1039 1063 1092 libere
1108 1038 1201 1091 tibi
1239 1038 1507 1102 offerunt;
1560 1038 1655 1091 sed
1706 1052 1803 1091 uos
1857 1037 2100 1127 tri-rentes

520 1146 812 1184 exoramus
852 1146 952 1199 pro
978 1130 1263 1185 animabus
1291 1146 1503 1183 eorum.
1536 1133 1595 1183 Et
1632 1146 1699 1183 ne
1723 1130 1889 1184 dicito
1918 1129 2045 1183 mihi
2082 1146 2097 1184 :

520 1222 971 1291 Quandoquidem
994 1223 1249 1277 universe
1281 1237 1380 1293 pro
1406 1222 1665 1276 omnibus
1690 1221 1965 1276 defunctis
1993 1222 2099 1275 Deo

520 1314 787 1368 sacrificia
812 1312 1137 1376 offeruntur,
1174 1315 1431 1368 universe
1464 1304 1625 1367 etiam
1652 1329 1840 1368 omnes
1869 1315 2096 1368 salutem

522 1415 949 1471 consequentur.
994 1403 1170 1458 Habes
1206 1404 1477 1473 siquidem
1513 1418 1623 1474 prae
1668 1405 1791 1457 aliis
1842 1420 2096 1475 maguum

520 1495 854 1565 Dionysium,
895 1494 1036 1549 hanc
1065 1495 1382 1563 Opinionem
1415 1512 1445 1550 e
1480 1497 1658 1549 medio
1690 1496 1968 1550 tollentem
1995 1538 2010 1563 ,
2043 1505 2097 1550 et

518 1601 640 1653 quae
686 1600 750 1637 ex
807 1584 1048 1653 peccatis
1095 1584 1467 1650 remittantur,
1518 1602 1766 1653 quaenam
1815 1600 1937 1640 vero
1988 1601 2096 1638 non

519 1676 920 1740 condonentur,
949 1674 1236 1729 manifesto
1258 1677 1597 1731 edocentem.
1628 1677 1703 1731 De
1738 1677 1804 1730 iis
1834 1692 2089 1745 namque,

516 1768 609 1837 qui
646 1768 698 1821 in
735 1768 974 1838 peccatis
1011 1771 1175 1822 vitam
1227 1769 1489 1822 finierunt
1516 1810 1531 1834 ,
1579 1769 1926 1834 edisserens,
1984 1771 2094 1823 haec
2130 1754 2168 1807 Β

519 1872 736 1924 quoque
765 1858 914 1911 a-ldit
952 1875 966 1910 :
1000 1856 1055 1911 Si
1090 1858 1283 1928 pusilla
1317 1858 1564 1927 quaedam
1597 1856 1870 1913 adfuerint
1895 1898 1910 1919 .
1957 1858 2102 1912 utili-

516 1955 684 1999 tatem
716 1956 939 2016 propter
987 1946 1129 2000 bona
1157 1961 1345 2015 opera,
1385 1960 1506 2013 qna:
1540 1960 1637 2015 pro
1666 1945 1731 1998 iis
1764 1945 1922 2009 fiunt,
1960 1944 2105 1998 acci-

514 2038 708 2107 piunt;
743 2039 788 2092 si
816 2038 1057 2107 ingentia
1089 2053 1153 2092 ac
1203 2038 1559 2091 immoderata
1617 2043 1783 2101 sunt,
1836 2035 2102 2090 conclusit

519 2129 664 2182 Deus
702 2139 889 2183 contra
922 2131 1087 2198 ipsos.
1119 2129 1196 2181 Ad
1228 2130 1345 2183 haec
1373 2129 1612 2198 suppetit
1636 2138 1692 2182 et
1720 2143 1945 2197 magnus
1969 2126 2099 2197 Epi-

525 2218 783 2285 phanius,
823 2218 875 2272 in
916 2216 1167 2271 Panariis
1209 2218 1326 2272 haec
1351 2218 1559 2273 habens
1596 2235 1612 2273 :
1651 2218 1818 2272 Utiles
1852 2224 1980 2271 sunt
2003 2230 2101 2285 pro

521 2310 794 2363 defunctis
828 2309 1042 2379 piorum
1077 2324 1294 2379 preces,
1346 2309 1393 2364 si
1441 2311 1677 2380 lugentia
1729 2310 1958 2365 crimina
1994 2325 2097 2363 non

519 2400 844 2472 impediunt.

590 2753 658 2806 Et
692 2750 743 2805 lii
776 2751 996 2822 quidem
1030 2751 1145 2805 hare
1179 2752 1421 2806 tradunt.
1452 2748 1689 2806 Joannes
1735 2764 1863 2804 vero
1911 2750 2102 2805 Βειυοο

518 2861 719 2900 scenus
748 2846 990 2913 apertius
1025 2845 1143 2898 haec
1175 2844 1358 2898 eadem
1396 2844 1746 2914 prosequitur
1767 2883 1782 2908 ,
1830 2843 2100 2898 Ostendit-

514 2951 645 3005 que,
684 2952 933 3004 quisnam
976 2950 1040 2989 ex
1071 2935 1285 2989 delictis
1320 2933 1481 2989 facile
1513 2936 1811 2990 condonari
1844 2935 2055 3006 possint
2081 2978 2095 3001 ,

509 3044 760 3097 quasnam
816 3027 1116 3082 condonari
1149 3028 1373 3082 omnino
1413 3036 1728 3097 nequeant,
1766 3028 1818 3081 in
1851 3029 2097 3081 oratione

2204 482 2379 551 λέγων
2429 482 2574 535 οὕτω
2615 485 2752 553 πρὸς
2805 484 2899 535 τὸν
2944 482 3080 535 Θεὸν
3110 497 3125 512 ’
3162 501 3181 534 ι
3232 480 3294 534 '0
3319 480 3416 534 καὶ
3448 483 3507 533 ὲν
3539 481 3676 551 αὐτῇ
3704 485 3773 552 τῇ

2205 574 2461 629 παντελεῖ
2514 577 2675 646 ἑορτῇ
2752 576 2849 630 καὶ
2923 575 3257 646 σωτηριώδει
3328 573 3587 643 ἱλασμοὺς
3669 574 3772 643 μὲν

2204 670 2444 733 ἱκεσίους
2484 670 2622 740 ὑπὲρ
2662 669 2772 722 τῶν
2819 669 3199 739 ἀποιχομένων
3249 670 3306 721 ὲν
3339 668 3467 739 ᾅδου
3501 667 3774 733 καταξιῶ-

2205 775 2304 823 σας
2356 760 2646 830 δέχεσθαι,
2703 761 2949 830 μεγάλας
3025 761 3279 831 παρέχων
3329 761 3463 829 ἡμῖν
3530 759 3776 822 ἐλπίδας,

2203 852 2389 905 ἄνεσιν
2417 852 2470 906 δὲ
2501 856 2613 917 τοῖς
2646 855 3033 924 κατεχομένοις
3062 855 3171 906 τῶν
3202 853 3547 922 κατεχόντων
3579 852 3781 912 αὐτοὺς

2203 946 2467 1014 ἀνιαρῶν,
2521 946 2833 999 ἐπάκουσον
2867 947 3027 1015 ἡμῶν
3067 946 3337 1019 δεομένων
3376 961 3491 1009 σου,
3528 946 3611 999 ὅτι
3651 944 3778 1014 οὐχὶ

2202 1038 2391 1109 νεκροὶ
2427 1039 2701 1092 οιίνὲσουσῖ
2734 1052 2793 1093 σε
2818 1080 2833 1105 ,
2868 1039 3061 1110 Κύριε,
3101 1039 3222 1093 οὐδὲ
3252 1040 3301 1091 οἱ
3336 1040 3395 1091 εν
3421 1037 3550 1108 ᾅδου
3590 1036 3757 1105 ὲξομο

2200 1131 2519 1201 λογούμενοι
2567 1132 3045 1204 παρῤησιάζονται
3098 1131 3290 1202 φέρειν
3340 1148 3446 1191 σοι,
3480 1130 3599 1183 ἀλλ’
3622 1131 3780 1198 ἡμεῖς

2200 1224 2247 1275 οἱ
2307 1223 2529 1291 ζῶντες,
2553 1224 2872 1295 ἱκετεύομεν
2914 1224 3043 1293 περὶ
3083 1224 3191 1277 τῶν
3217 1222 3404 1293 ψυχῶν
3433 1222 3635 1276 αὐτῶν.
3672 1221 3785 1275 Καὶ

2204 1318 2278 1386 μή
2328 1336 2420 1387 μοι
2469 1318 2620 1386 λέγε,
2670 1319 2747 1383 ὡς
2808 1318 2925 1386 εῐγε
2971 1318 3167 1380 κοινῶς
3214 1316 3362 1386 ὑπὲρ
3418 1317 3639 1370 πάντων
3666 1318 3782 1369 τῶν

2199 1408 2516 1462 τεθνεώτων
2549 1410 2733 1463 θυσίαι
2780 1409 2858 1479 τῷ
2891 1410 3009 1479 Θεῷ
3042 1408 3434 1479 προσάγονται,
3463 1411 3556 1463 καὶ
3581 1407 3785 1471 κοινῶς

2200 1497 2394 1550 λοιπὸν
2430 1498 2671 1564 ἅπαντες
2707 1501 2985 1572 σωτηρίας
3013 1502 3409 1567 ἐπιτεύξονται.
3449 1500 3643 1570 Ἔχεις
3671 1502 3783 1570 γὰρ

2200 1588 2308 1656 πρὸ
2336 1576 2444 1640 τῶν
2468 1588 2642 1642 ἄλλων
2672 1591 2835 1643 αὑτὸν
2861 1593 2954 1645 τὸν
2986 1593 3175 1661 μέγαν
3198 1591 3477 1645 Διονύσιον
3504 1594 3571 1644 εκ
3608 1592 3781 1660 μέσον

2199 1680 2297 1748 τὴν
2336 1680 2593 1735 ὑπόνοιαν
2624 1682 2828 1752 ταύτην
2859 1684 3207 1754 ποιούμενον,
3237 1683 3335 1737 καὶ
3385 1686 3506 1738 τίνα
3545 1685 3649 1755 μιν
3674 1685 3783 1738 τῶν

2206 1769 2703 1842 πλημμελημάτων
2753 1775 3033 1843 ἀφίενται,
3069 1776 3190 1828 τίνα
3237 1774 3294 1827 δὲ
3338 1774 3442 1828 οὐκ
3490 1775 3778 1844 ἀφίενται,

2207 1863 2396 1931 σαφῶς
2441 1881 2500 1916 σε
2539 1864 2880 1919 διδάσκοντα.
2938 1868 3074 1937 Περί
3120 1885 3282 1921 τινων
3321 1868 3430 1937 γὰρ
3487 1871 3545 1920 ἐν
3597 1869 3783 1937 ἁμαρ-

2208 1955 2355 2018 τίαις
2390 1956 2484 2008 τὸν
2523 1957 2637 2026 βίον
2692 1959 3080 2013 ἀπολιπόντων
3120 1960 3355 2026 διεξιὼν,
3390 1962 3488 2015 καὶ
3512 1961 3641 2016 τάδε
3676 1977 3781 2029 φη-

2207 2047 2313 2101 σιν’
2344 2049 2408 2101 Ei
2442 2050 2541 2119 μὲν
2566 2049 2698 2119 ψιλά
2731 2068 2860 2105 τινα
2889 2054 3205 2122 πρόσεστιν,
3238 2053 3453 2121 ἔχουσιν
3501 2052 3779 2120 ὠφέλειαν

2208 2139 2294 2192 διὰ
2326 2141 2425 2203 τὰς
2471 2140 2764 2212 γινομένᾶς
2824 2144 3097 2207 εὐποιίαςο
3155 2147 3203 2197 εί
3261 2146 3316 2197 δὲ
3364 2145 3583 2215 χαλεπά
3613 2147 3775 2209 εἰσιν,

2203 2232 2536 2285 ἀπέκλεισεν
2569 2236 2597 2287 ό
2637 2232 2770 2298 Θεὸς
2808 2236 2930 2289 κατ’
2961 2236 3165 2290 αὐτῶν.
3194 2238 3336 2307 Πρὸς
3358 2238 3573 2300 τούτοις
3602 2238 3660 2291 δὲ
3682 2240 3778 2292 καὶ

2202 2325 2367 2379 αὑτὸν
2386 2325 2539 2396 ἔχεις
2566 2327 2658 2379 τὸν
2688 2328 2865 2396 μέγαν
2887 2328 3210 2399 Ἔπιφάνιον
3231 2332 3290 2383 ἐν
3308 2334 3420 2395 τοῖς
3449 2332 3779 2400 Παναρίοις

2204 2417 2347 2471 οὕτω
2388 2417 2615 2487 λέγοντα
2638 2435 2653 2450 ·
2696 2420 2911 2489 Ὠφελεῖ
2939 2421 2997 2474 δὲ
3051 2422 3147 2475 καὶ
3180 2424 3320 2493 ὑπὲρ
3353 2425 3461 2477 τῶν
3502 2442 3777 2494 κεκοιμη-

2206 2510 2387 2578 μένων
2419 2510 2664 2563 εὺσεὸὦν
2703 2512 2863 2585 εὐχὴ,
2908 2512 2958 2565 εί
3000 2512 3187 2566 καὶτὰ
3222 2513 3435 2583 μεγάλα
3466 2506 3778 2587 αἰτιάματα

2205 2600 2280 2672 μὴ
2326 2602 2633 2676 ἀποκόπτῃ.

2273 2738 2384 2792 Καὶ
2412 2737 2565 2801 οὗτος
2602 2739 2701 2810 μὶν
2740 2739 2937 2804 οὕτως·
2970 2742 2998 2794 ὀ
3029 2742 3088 2796 δὲ
3119 2744 3483 2814 Δαμασκηνὸς
3514 2748 3780 2818 Ἰωάννης

2201 2828 2590 2900 ἀριδηλότερον
2645 2830 2713 2885 τὰ
2774 2834 2902 2901 περὶ
2961 2834 3148 2888 τούτου
3204 2836 3616 2906 διαλαμϐάνων,
3677 2842 3778 2893 καὶ

2201 2918 2463 2971 δεικνύων
2510 2920 2790 2985 ἐντεῦθεν,
2816 2928 2954 2977 -τίνα
2983 2927 3083 2995 μέν
3118 2928 3258 2981 εἰσιν
3286 2928 3396 2981 τῶν
3438 2931 3776 3003 πλημμελη-

2204 3010 2394 3076 μάτων
2427 3011 2841 3081 εὑσύγγνωστα,
2875 3018 2994 3070 τίνα
3016 3017 3075 3070 δὲ
3098 3021 3193 3070 καὶ
3220 3020 3362 3072 πάνυ
3383 3021 3778 3090 ἀσύγγνωστα,

506 3135 614 3172 sua
689 3117 760 3171 De
826 3119 1304 3182 obdormienttbus,
1376 3118 1461 3174 his
1513 3120 1740 3173 verbis:
1775 3117 2092 3186 Quicunque

2199 3103 2257 3154 ὲν
2295 3101 2373 3170 τῷ
2402 3103 2546 3170 Περὶ
2573 3106 3025 3174 κεκοιμημένων
3075 3107 3218 3179 λόγῳ
3275 3112 3443 3165 αὑτοῦ
3498 3084 3595 3166 καὶ
3641 3084 3775 3170 τάδε

514 3212 697 3280 itaque
727 3228 848 3263 cum
884 3212 1088 3279 reliqua
1117 3226 1210 3264 sua
1244 3211 1635 3265 inhumanitate
1662 3220 1823 3281 atque
1859 3211 2096 3264 crudeli-

508 3310 629 3363 tate
664 3302 886 3369 penitus
909 3315 1064 3354 erant
1095 3302 1576 3367 immisericordes,
1610 3313 1665 3356 et
1686 3303 1753 3354 ad
1787 3302 2096 3370 supplican-

516 3392 649 3444 tium
695 3408 887 3460 preccs
923 3393 1043 3445 duri
1074 3409 1138 3447 ac
1174 3394 1523 3457 inflexibiles,
1554 3394 1663 3447 imo
1704 3394 1865 3446 etiam
1911 3408 2092 3447 rerum

502 3486 815 3538 alienarum
847 3485 989 3538 avidi
1024 3495 1291 3552 raptores,
1332 3483 1385 3537 bi
1420 3484 1567 3537 nullo
1615 3484 1776 3539 modo
1808 3486 2092 3540 commoda

513 3587 922 3647 cnnsequentur
958 3594 971 3630 :
1000 3576 1271 3630 conclusit
1300 3577 1445 3630 enim
1480 3584 1671 3631 contra
1714 3593 1808 3633 eos
1839 3579 1998 3643 Deus,
2036 3588 2094 3634 ut

506 3683 742 3736 magnus
798 3665 978 3735 inquit
1030 3666 1341 3737 Dionysius.
1392 3666 1718 3736 Quicunque
1764 3684 1895 3723 vero
1956 3684 2092 3723 con-

514 3761 743 3814 scientia
772 3767 928 3812 erant
965 3765 1134 3820 recta,
1178 3773 1286 3812 non
1317 3766 1615 3827 potuerunt
1642 3768 1843 3826 tamen,
1873 3770 2092 3828 propter

516 3858 746 3903 mortem
790 3851 1161 3915 immaturam,
1198 3851 1507 3905 divinarum
1536 3852 1714 3924 legum
1760 3855 1969 3908 sancita
1997 3869 2090 3924 per

504 3957 572 3996 se
608 3942 755 4012 ipsos
777 3943 1072 4012 complere,
1108 3943 1161 3997 hi
1193 3944 1416 3999 omnino
1459 3955 1687 4015 propter
1727 3961 1940 4016 preces,
1988 3963 2088 4017 pro

506 4036 581 4089 iis
612 4035 835 4099 effusas,
888 4037 1183 4090 maximum
1230 4037 1286 4091 in
1340 4038 1561 4092 modum
1615 4040 1924 4109 proficient.
1974 4041 2089 4097 Nec

511 4126 694 4178 minus
722 4125 791 4179 de
816 4125 916 4179 hac
941 4126 1130 4179 eadem
1165 4141 1225 4179 re
1254 4126 1474 4181 divinus
1506 4126 1922 4199 Chrysostomus
1940 4144 2089 4185 com-

508 4217 805 4284 plectitur:
834 4216 951 4270 Non
982 4218 1230 4286 potuisti,
1262 4234 1386 4271 cum
1444 4219 1676 4284 viveres,
1714 4222 1929 4291 negotia
1962 4220 2081 4275 ani-

496 4322 611 4361 inae
665 4317 771 4361 tum.
823 4311 1003 4362 omnia
1068 4311 1507 4374 accommodare,
1560 4312 1615 4365 in
1655 4313 1775 4382 ipso
1811 4315 1934 4368 vitae
1977 4325 2084 4369 tua;

2201 3193 2387 3262 φησιν.
2422 3195 2578 3247 Ὅσοι
2610 3198 2710 3266 μὲν
2733 3198 2824 3251 οὖν
2856 3201 2996 3265 μετὰ
3035 3200 3136 3268 τῆς
3179 3192 3345 3271 ἄλλης
3386 3205 3566 3257 αὐτῶν
3599 3208 3779 3263 ἁπαν-

2200 3284 2445 3353 θρωπίας
2506 3291 2601 3339 καὶ
2653 3288 2937 3359 ὠμότητος
2996 3292 3342 3361 ἀσυμπαθεῖς
3387 3296 3571 3350 τέλεον
3622 3294 3774 3369 ἦσαν

2200 3377 2338 3444 μήτε
2373 3377 2482 3444 μὴν
2511 3379 2625 3440 τοῖς
2655 3379 2937 3448 δεομένοις
2970 3384 3474 3456 ὲπικαμπτόμενοι,
3503 3388 3650 3443 ἀλλὰ
3680 3393 3773 3444 καὶ

2194 3467 2262 3519 τὰ
2289 3467 2492 3522 τούτων
2522 3472 2917 3543 ἀφαιρούμενοι
2952 3475 3207 3544 μάλιστα,
3249 3479 3516 3549 οὐμενοῦν
3554 3485 3608 3535 οἱ
3661 3480 3762 3536 τοι·

2195 3556 2343 3610 οὗτοι
2391 3558 2841 3632 ὠρεληθήσονται
2863 3578 2877 3592 ·
2915 3566 3207 3620 ἀπέκλεισε
3236 3568 3345 3638 γὰρ
3374 3568 3496 3623 κατ’
3527 3572 3717 3624 αὐτῶν
3743 3574 3771 3626 ό

2194 3648 2353 3714 Θεὸς,
2402 3653 2476 3715 ὡς
2525 3657 2552 3705 ὁ
2606 3657 2783 3723 μέγας
2814 3655 2918 3727 ἔφη
2951 3658 3247 3722 Διονύσιοςο
3273 3662 3387 3714 ὅσοι
3418 3662 3476 3715 δὲ
3517 3665 3771 3735 συνειδή-

2195 3759 2334 3807 eam;
2365 3744 2616 3815 ὑπῆρχον
2646 3748 2885 3818 ἀγαθῆς,
2930 3751 3031 3802 οὐκ
3084 3751 3333 3820 ἔφθασαν
3378 3754 3435 3807 δὲ
3476 3757 3634 3826 ὅμως
3682 3762 3771 3814 διὰ
3812 3808 3817 3811 ς

2191 3835 2252 3889 τὸ
2283 3837 2376 3890 τοῦ
2411 3838 2645 3893 θανάτου
2692 3842 2874 3915 ᾷωρον
2924 3844 2993 3896 τὰ
3044 3844 3152 3897 τῶν
3186 3847 3346 3901 θείων
3399 3850 3585 3919 νόμων
3631 3854 3768 3907 ἀπο-

2192 3932 2482 4002 πληρῶσαι
2515 3932 2582 3985 δι’
2617 3933 2853 4002 ἑαυτῶν,
2886 3935 3088 3990 ἐκεῖνοι
3136 3940 3338 4002 πάντες
3367 3941 3453 3995 διὰ
3490 3944 3597 4007 τὰς
3624 3947 3771 4017 ὑπὲρ

2190 4024 2372 4075 αὐτῶν
2395 4025 2687 4093 γινομένας
2716 4026 2882 4095 εὐχὰς
2916 4028 2985 4080 τὰ
3018 4029 3263 4099 μάλιστα
3287 4032 3767 4106 ὠφεληθήσονται.

2189 4114 2302 4183 Οὐχ
2336 4110 2498 4185 ἦττον
2531 4116 2590 4169 δὲ
2629 4118 2697 4170 τὰ
2756 4120 2883 4189 περὶ
2916 4119 3109 4175 τούτου
3141 4123 3233 4175 καὶ
3279 4125 3307 4177 ό
3347 4126 3489 4189 θεῖος
3530 4128 3771 4200 διαὶαμ·

2190 4206 2347 4260 ὀάνει
2399 4208 2785 4279 Χρυσὸστομος
2816 4211 3013 4279 λέγων,
3050 4215 3162 4267 Οὐκ
3197 4216 3438 4283 ἔφθασας
3464 4219 3675 4291 περιὼν
3713 4225 3771 4275 ἑν

2186 4298 2265 4368 τῷ
2291 4299 2390 4369 βίῳ
2423 4304 2487 4353 τὰ
2530 4301 2631 4369 τῆς
2671 4301 2845 4373 ψυχῆς
2885 4320 2980 4357 σου
3032 4306 3211 4360 πάντα
3240 4308 3618 4379 διευθετῆσαι,
3659 4316 3770 4367 κᾶν

505 4401 657 4455 exitu
692 4404 797 4453 luis
836 4402 1092 4471 prmtipe.
1138 4413 1224 4457 tua
1274 4416 1395 4473 post
1426 4412 1656 4459 mortem
1693 4406 1792 4460 tibi
1828 4407 2042 4461 mittere
2066 4446 2080 4470 ,

2195 4392 2248 4443 ὲν
2272 4391 2350 4460 τῷ
2383 4392 2529 4445 τέλει
2555 4394 2647 4447 τοῦ
2685 4396 2801 4464 βίου
2842 4396 3048 4451 ἔντειλε
3077 4401 3189 4462 τοῖς
3219 4403 3330 4463 σοῖς
3358 4403 3496 4471 μετὰ
3527 4403 3769 4459 θάνατον

497 4501 557 4544 et
591 4493 855 4546 auxilium
890 4495 1135 4563 praebere
1168 4510 1265 4565 per
1295 4497 1437 4550 bona
1465 4512 1650 4565 opera,
1691 4498 2081 4570 eleemosynas,

502 4582 848 4652 inquam,et
897 4586 1201 4640 oblationes
1271 4590 1400 4642 inde
1447 4589 1746 4659 propitium
1808 4591 1901 4645 tibi
1959 4592 2084 4646 red-

500 4674 601 4729 das
648 4677 1031 4743 liberatorem;
1086 4681 1197 4734 bazc
1242 4680 1384 4733 enim
1441 4681 1515 4734 illi
1567 4692 1717 4752 grata
1749 4690 1881 4737 sunt
1906 4690 1959 4736 et
1995 4698 2087 4736 ae-

501 4777 679 4834 ct‘pta.
714 4768 771 4821 Si
807 4784 937 4823 vero
967 4772 1130 4823 etiam
1167 4786 1394 4840 magnus
1426 4771 1657 4826 Basilius
1687 4772 1886 4827 alicubi
1908 4773 2079 4828 dicit:

497 4858 581 4913 Ne
607 4859 888 4924 fallamini,
929 4861 1069 4916 Deus
1098 4879 1199 4916 non
1232 4865 1507 4927 irridetur,
1535 4874 1808 4919 mortuum
1836 4867 1890 4920 in
1912 4867 2083 4923 altare

499 4964 612 5002 non
649 4949 925 5013 adducito,
974 4951 1157 5006 vivum
1209 4952 1346 5007 oﬂcr
1378 4954 1706 5008 sacrificium
1744 4966 1935 5023 tuum;
1969 4959 2081 5013 ha:—

496 5038 729 5093 rcntlum
769 5042 995 5095 minime
1020 5052 1124 5103 est,
1155 5058 1335 5112 neque
1372 5055 1656 5114 propterea
1684 5061 1780 5115 pro
1806 5045 2081 5104 defunctis

494 5126 639 5179 bona
668 5142 834 5195 opera
861 5129 1204 5198 negligenda.
1242 5130 1390 5186 Scito
1419 5134 1585 5197 enim,
1618 5150 1741 5188 eum
1765 5136 1832 5189 ad
1863 5152 2079 5203 avaros,

493 5232 744 5287 rapaces,
775 5219 1174 5291 immorigeros.
1214 5234 1379 5293 atque
1430 5226 1647 5294 penitus
1689 5227 2079 5283 immisericor-

490 5310 613 5373 dt-s,
650 5324 960 5368 sermonem
1004 5315 1281 5387 dirigere;
1312 5316 1456 5385 qttod
1489 5316 1713 5385 planum
1749 5328 1833 5371 est
1876 5334 1941 5373 ex
1985 5319 2075 5385 iis,

489 5416 615 5468 qua:
668 5402 884 5456 divinus
923 5405 1026 5460 iste
1063 5408 1145 5459 vir
1178 5404 1453 5463 subnectit
1502 5425 1517 5462 :
1548 5408 1658 5463 Cor
1690 5409 1960 5478 lapideum
2001 5411 2078 5464 al-

498 5492 793 5558 loquimur.
846 5495 1141 5567 Proptcrca
1180 5516 1406 5567 magnus
1432 5501 1532 5555 iste
1574 5502 1930 5570 probcfecit;
1973 5506 2077 5560 nisi

488 5582 639 5633 enim
685 5586 1018 5640 austeriores
1068 5603 1349 5642 sermones
1384 5602 1720 5657 usurpasset,
1752 5608 2031 5662 nunquam
2058 5632 2071 5653 ,

491 5673 585 5735 qui
630 5688 691 5723 eo
718 5683 964 5744 tempore
999 5677 1139 5732 fante
1170 5679 1511 5747 deperibaut,
1541 5682 1762 5734 enutriti
1796 5682 2029 5737 fuissent
2054 5725 2071 5749 ,

2190 4486 2557 4555 παραπέμψαι
2614 4506 2698 4541 σοι
2755 4490 2823 4541 τὰ
2859 4488 2950 4554 σὰ,
2994 4492 3089 4544 καὶ
3146 4491 3403 4563 βοήθειαν
3453 4497 3650 4551 δοῦναί
3680 4518 3765 4553 σοι

2185 4576 2250 4629 δι’
2278 4577 2455 4646 ἔργων
2486 4579 2730 4645 ἀγαθῶν),
2791 4582 3177 4651 ἐλεημοσυνῶν
3228 4585 3375 4655 λέγω
3431 4590 3526 4639 καὶ
3599 4608 3769 4659 προσ-

2187 4668 2409 4734 φορῶν.
2469 4669 2764 4723 κάντεῦθεν
2824 4670 2917 4722 τὸν
2969 4672 3267 4745 Λυτρωτὴν
3339 4677 3761 4743 καταλλὰξειας.

2183 4760 2390 4812 Δεκτέα
2416 4760 2524 4829 γὰρ
2563 4762 2716 4830 αὐτῷ
2758 4762 2929 4814 ταῦτα
2994 4768 3089 4817 καὶ
3122 4767 3433 4838 πρόσφορα.
3469 4770 3531 4821 Εἰ
3558 4770 3617 4822 δέ
3659 4789 3767 4824 που

2183 4854 2275 4903 τὸν
2321 4853 2493 4919 μέγαν
2543 4854 2831 4907 Βασίλειον
2881 4854 3081 4925 ἔχομεν
3137 4857 3391 4926 λέγοντα,
3427 4861 3517 4929 Μὴ
3553 4863 3768 4917 πλανᾶ-

2185 4946 2303 5013 00's,
2334 4947 2467 5008 Θεὸς
2500 4948 2560 4999 ού
2602 4949 3029 5017 μυκτηρίζεται,
3082 4953 3273 5021 νεκρὸν
3330 4953 3407 5016 εἰς
3454 4954 3766 5025 θυσιαστή-

2186 5052 2300 5107 ριον
2320 5037 2421 5091 οὐκ
2444 5039 2725 5106 ἀνάγεται,
2743 5040 2923 5103 ζῶσαν
2940 5044 3260 5111 προσάγαγε
3287 5046 3388 5112 τὴν
3414 5045 3610 5099 θυσίαν
3636 5065 3760 5111 σου,

2178 5129 2241 5181 οὑ
2275 5131 2379 5200 χρὴ
2419 5132 2561 5185 κατά
2593 5150 2643 5185 τι
2675 5132 2970 5199 διστάζειν,
3003 5135 3126 5187 οὐδὲ
3156 5136 3256 5206 τῆς
3305 5136 3447 5207 ὑπὲρ
3487 5139 3599 5189 τῶν
3646 5139 3762 5188 τῶν

2178 5224 2601 5293 κεκοιμημένων
2651 5227 2904 5290 εὐποιίας
2954 5220 3208 5281 ἐντεῦθεν
3267 5229 3753 5300 καταρρᾳθυμεῖν,

2183 5314 2291 5366 Ἴδε
2322 5316 2431 5384 γὰρ
2479 5316 2563 5367 ὅτι
2622 5317 2759 5387 πρὸς
2810 5319 3143 5381 πλεονέκτας
3174 5320 3416 5373 ἐποιεῖτο
3440 5322 3533 5371 τὸν
3570 5321 3757 5388 λόγον,

2179 5410 2313 5476 πρὸς
2343 5407 2626 5481 ἅρπαγας,
2662 5409 2795 5477 πρὸς
2823 5411 3128 5475 ἀσπόνδους
3173 5413 3354 5481 πάντη
3399 5413 3496 5465 καὶ
3518 5414 3757 5481 ἀνελεή-

2180 5516 2371 5569 μονας.
2406 5501 2514 5553 Καὶ
2539 5501 2699 5572 δῆλον
2728 5504 2788 5568 ἐξ
2816 5497 2891 5556 ὧν
2915 5507 2942 5558 ό
2973 5505 3115 5569 θεῖος
3139 5501 3295 5569 οὗτος
3321 5506 3461 5576 ἀνὴρ
3492 5506 3756 5575 ἐπιφέρει

2175 5591 2372 5659 λέγων·
2414 5593 2608 5664 Λιθίνῃ
2640 5596 2839 5667 καρδίᾳ
2868 5596 3250 5667 διαλεγόμεθα.
3292 5598 3488 5651 Ἔνθεν
3527 5615 3607 5650 τοι
3650 5601 3753 5649 καὶ

2179 5684 2356 5747 καλῶς
2387 5686 2414 5736 ὁ
2447 5686 2620 5754 μέγας
2650 5689 2927 5756 ἐποίησενο
2974 5692 3021 5743 εί
3061 5690 3277 5761 μὴ’γὰρ
3318 5689 3753 5761 αὐστηροτέροις
