4058 6196
303 284 407 366 (25

1648 295 2014 357 EPISTOLA
2050 296 2210 355 XIX.

3456 302 3558 365 926

297 414 483 480 λόγοις
514 410 605 464 ἐπὶ
636 408 894 462 τοσοῦτον
920 408 1229 480 ἐχρήσατο,
1269 405 1370 461 οὐκ
1403 405 1470 460 ἂν
1499 405 1549 459 οἱ
1580 404 1866 466 πεινῶντες

1980 403 2228 474 aliosque
2255 402 2419 458 etiam
2448 404 2701 461 nolentes
2742 406 2863 485 ipsi
2900 406 2952 462 in
2998 422 3179 464 rerum
3212 408 3559 480 propriarum
3618 427 3626 434 ·

296 502 601 575 τηνικαῦτα
661 502 987 574 ἐτράφησαν
1018 543 1030 564 ,
1064 501 1161 555 καὶ
1189 500 1368 553 ταῦτα
1412 496 1575 564 λιμοῦ
1611 496 1874 566 μεγίστου

1984 494 2458 564 participationem
2490 508 2837 554 evocassent.

297 573 364 667 τῇ
412 595 571 648 πόλει
640 590 1035 662 ἐνσκήψαντος,
1104 591 1208 644 οὐκ
1255 588 1323 643 ἂν
1369 584 1817 656 ὲπικαμφθέντες
1872 584 2371 658 οῖ’φιλοχρήματοι
2440 587 2535 641 καὶ
2591 588 2819 653 ἄκοντες
2871 589 3174 661 ἐτράποντο
3209 607 3344 663 προς
3394 573 3561 664 μετὰέ

304 689 477 744 δοσιν.
1384 730 1401 739 ρ

365 782 460 851 Μὴ
507 776 602 832 οῦν
640 778 702 844 ιε
738 779 999 845 ἀπειρίας
1028 777 1143 831 τῶν
1186 779 1597 848 γεγραμμένων
1644 775 1876 835 ἑαυτοὺς

293 873 814 943 καταϐλάπτωμεν,
857 872 947 925 ἵνα
998 871 1073 942 μὴ
1121 872 1214 924 καὶ
1249 872 1608 934 λανθάνοντες
1660 870 1875 940 αἱρέσει

295 967 707 1038 περιπέσωμεν,
736 959 805 1035 ἧς
828 964 1168 1034 ἐχρημάτισε
1199 964 1436 1032 σπορεὺς
1469 963 1497 1015 6
1518 961 1763 1031 Ἀέριος,
1798 960 1875 1031 μὴ

292 1064 407 1115 δεῖν
434 1061 612 1128 λέγων
665 1059 809 1130 ὑπὲρ
857 1057 967 1112 τῶν
1022 1054 1457 1128 κεκοιμημένων
1512 1055 1873 1127 προσφέρειν.

293 1157 379 1208 ὅτι
415 1153 550 1225 μηδὲ
576 1150 934 1222 προσγίνεταί
956 1167 1042 1215 τις
1073 1151 1324 1204 ἐντεῦθεν
1348 1150 1583 1211 ἐκείνοις
1611 1148 1872 1218 ὠφέλεια.

299 1247 361 1298 Ei
390 1245 445 1298 δὲ
471 1244 649 1298 ταῦτα
679 1242 854 1305 οὕτως
896 1241 1033 1313 ἔχει,
1078 1234 1353 1306 διστάζειν
1388 1243 1606 1305 πάντως
1635 1241 1727 1295 ἐπὶ
1752 1243 1875 1300 ταῖς

298 1339 407 1391 τῶν
433 1336 818 1406 ἀποιχομένων
858 1330 1113 1405 μνήμαις
1132 1336 1230 1387 οὐκ
1278 1334 1519 1400 εὔλογον.
1554 1332 1711 1398 Πῶς;
1764 1331 1873 1385 Καὶ

298 1430 409 1496 γὰρ
441 1426 553 1493 εἴγε
601 1425 732 1496 περί
765 1441 931 1479 τινων
963 1426 1023 1477 ὲν
1070 1424 1325 1494 εὐσεϐείᾳ
1368 1425 1460 1477 τὸν
1489 1424 1604 1494 βίον
1638 1422 1874 1477 καταλυ-

297 1522 511 1572 σάντων
542 1517 781 1587 δεήσεως
803 1516 1094 1586 γεγονυίας
1126 1516 1534 1585 ἐπικάμπτεται
1560 1518 1588 1569 6
1620 1516 1872 1585 ἐλεήμων

294 1610 450 1673 Θεὸς,
482 1610 573 1662 καὶ
606 1609 959 1680 συγχώρησιν
1006 1609 1236 1678 παρέχει
1260 1611 1373 1671 τοῖς
1400 1611 1730 1678 πταίσμασι.
1759 1607 1872 1661 Καὶ

2056 770 2136 827 Ne
2162 771 2350 843 itaque
2378 789 2444 829 ex
2476 775 2815 844 ignoratione
2845 779 3175 850 scriptorum
3198 781 3564 853 nosmetipsos

1985 862 2279 929 laedamus,
2317 881 2387 918 ne
2421 865 2652 920 latenter
2696 869 2749 921 in
2783 870 3009 925 haeresin
3042 872 3372 937 incidamus,
3399 890 3561 945 quam

1984 955 2182 1008 Acrius
2216 956 2615 1023 disseminavit,
2646 975 2754 1012 non
2783 975 2937 1026 esse,
2967 962 3237 1031 inquiens,
3282 981 3381 1033 pro
3417 981 3561 1018 mor-

1984 1043 2092 1097 tuis
2122 1043 2457 1098 ot'ferendum
2486 1085 2501 1108 ,
2536 1047 2681 1114 quod
2735 1048 2883 1101 nulla
2919 1049 3027 1103 illis
3065 1051 3191 1104 inde
3222 1053 3425 1107 utilitas
3463 1054 3561 1107 ad.

1981 1144 2254 1189 nascatur.
2302 1136 2429 1189 Haec
2460 1138 2505 1190 si
2540 1137 2614 1189 ita
2645 1153 2701 1191 se
2737 1138 2965 1206 habent,
3001 1143 3259 1210 quaelibet
3292 1145 3564 1200 dubitatio

1980 1226 2047 1280 de
2071 1228 2457 1282 defunctorum
2486 1231 2748 1284 memoria
2773 1231 3008 1286 absurda
3045 1233 3211 1287 fuerit
3234 1252 3247 1288 :
3281 1252 3402 1289 cum
3425 1253 3563 1291 non-

1979 1320 2165 1384 nullis,
2192 1322 2287 1391 qui
2343 1322 2395 1375 in
2451 1323 2654 1392 pietate
2690 1327 2853 1379 vitam
2886 1328 3276 1395 deseruerunt,
3312 1331 3561 1397 precibus

1976 1413 2510 1479 eﬂ‘usis,misericors
2539 1417 2786 1473 ﬂeetatnr
2810 1420 3301 1491 Deus,delictisque
3322 1424 3562 1492 praheat

1982 1508 2383 1564 remissionem.
2410 1510 2548 1564 Audi
2581 1522 2818 1566 veterem
2849 1513 3152 1578 historiam,
3188 1516 3349 1586 cujus
3374 1519 3562 1572 memi—

1980 1600 2062 1654 nit
2088 1601 2455 1656 Damascenus
2478 1602 2722 1658 Joannes
2746 1642 2761 1667 ,
2790 1604 2844 1658 in
2873 1607 3074 1676 saapius
3113 1619 3410 1676 praenotata
3439 1626 3560 1667 ora-

293 1701 460 1751 ἀκουε
510 1698 746 1760 παλαιᾶς
782 1698 1066 1767 ἱστορίας,
1108 1694 1186 1771 ἦς’
1213 1699 1540 1769 ἐπεμνήσθη
1572 1701 1668 1752 καὶ
1701 1700 1729 1750 ὁ
1762 1700 1866 1751 Δα-

1979 1690 2149 1746 tione.
2205 1692 2428 1764 Magnus
2481 1694 2795 1767 Gregorius.
2852 1710 3213 1768 cognomento
3262 1702 3561 1773 Dialogus,

299 1790 583 1861 μασκηνδς
605 1790 862 1861 Ἰωάννης
911 1792 970 1843 εν
1018 1791 1098 1861 τῷ
1144 1791 1496 1860 διαληφθέντι
1524 1788 1692 1843 αὐτοῦ
1728 1790 1871 1860 λόγῳ

291 1880 515 1948 λέγων’
558 1880 620 1933 ’0
654 1880 829 1950 μέγας
871 1878 1176 1951 Γρηγόριος
1230 1884 1259 1934 6
1307 1881 1567 1949 Διάλογος
1614 1882 1720 1934 δινὰ
1766 1881 1870 1949 τὴν

290 1971 512 2041 λιθίνην
560 1973 793 2041 πορείαν
850 1972 1166 2041 γενόμενος,
1226 1971 1322 2025 καὶ
1374 1972 1503 2035 στὰς
1555 1969 1869 2042 ἐξεπίτηδες

289 2064 466 2133 εὐχὴν
495 2064 770 2134 κραταιὰν
802 2064 941 2134 πρὸς
966 2065 1058 2118 τὸν
1088 2065 1386 2134 φιλόψυχον
1411 2063 1545 2139 Θεὸν
1572 2063 1712 2134 ὑπὲρ
1742 2080 1871 2132 συγ-

290 2154 596 2226 χωρήσεως
654 2152 927 2231 Τραϊανοῦ
976 2152 1071 2208 τοῦ
1127 2154 1391 2225 βασιλέως
1437 2154 1730 2224 πεποίηκε.
1758 2157 1870 2209 Καὶ

292 2248 615 2317 παραυτίκα
660 2248 846 2317 φωνῆς
891 2246 1075 2300 θεόθεν
1133 2248 1449 2317 ἐνεχθείσης
1485 2247 1631 2317 αὐτῷ
1665 2248 1872 2318 ὲπακή-

292 2355 417 2401 κοε,
455 2339 549 2391 καὶ
604 2338 729 2393 τάδε
786 2337 1129 2407 διεξιούσης·
1177 2341 1292 2408 Τῆς
1338 2340 1529 2410 εὐχῆς
1573 2354 1690 2394 σου
1715 2341 1871 2409 ὑπή-

291 2442 513 2495 κουσα,
546 2431 647 2485 καὶ
705 2431 1076 2501 συγγνώμην
1112 2432 1375 2500 Τραιανῷ
1403 2433 1632 2502 δίδωμι,
1676 2434 1760 2487 σὺ
1802 2432 1872 2486 δὲ

284 2523 507 2593 μηκέτι
535 2522 815 2592 προσθῇς
866 2526 1020 2593 ὑπὲρ
1064 2525 1304 2581 ἀσεϐῶν
1329 2525 1514 2595 εὐχὰς
1543 2526 1872 2596 προσενέγ-

290 2633 397 2670 και
417 2635 541 2687 μοι.
573 2618 829 2671 Ἰὀιοῦτον
882 2618 941 2670 δέ
987 2635 1039 2673 τι
1090 2619 1398 2688 παράδοξον
1449 2623 1544 2673 καὶ
1575 2622 1608 2690 ἡ
1659 2638 1872 2692 πρωτο-

295 2712 510 2781 μάρτυς
544 2712 719 2765 Θέκλα
751 2712 1070 2784 εἰργάσατο.
1112 2713 1381 2783 Δεηθείσα
1414 2713 1524 2783 γὰρ
1559 2714 1699 2784 ὑπὲρ
1731 2714 1871 2767 Φαλ-

293 2804 525 2874 κονίλης
559 2805 708 2867 τινος
755 2802 988 2866 ἀσεϐοῦς
1023 2803 1192 2874 οὔσης
1250 2806 1548 2876 ἐπικαμπῆ
1595 2806 1685 2859 τὸν
1717 2805 1872 2877 ἐλεή-

296 2911 443 2965 μονα
472 2896 566 2949 καὶ
597 2895 739 2968 αὕτη
779 2896 916 2951 Θεὸν
948 2895 1173 2968 εὕρατο.

370 2991 432 3043 Et
461 2991 520 3044 δὲ
552 2989 727 3046 ταῦτα
760 2991 936 3055 οὕτως
974 2993 1089 3063 ἔχει
1117 3033 1132 3059 ,
1187 2994 1304 3056 πῶς
1338 2993 1442 3047 οὐκ
1483 2992 1869 3063 είσακουσθείη

1976 1798 2101 1838 cum
2131 1799 2230 1853 per
2279 1786 2461 1839 forum
2514 1787 2784 1856 lapidibus
2830 1799 3059 1845 stratum
3103 1793 3208 1846 iter
3235 1793 3463 1858 faceret,
3492 1811 3559 1849 ex

1974 1868 2243 1930 industria
2284 1872 2553 1945 constitit,
2591 1888 2645 1932 et
2684 1880 2893 1935 validas
2921 1897 3112 1950 preces
3146 1884 3214 1937 ad
3245 1884 3559 1941 misericor-

1974 1964 2097 2019 dem
2121 1964 2518 2038 animabusque
2541 1971 2839 2039 propitium
2869 1972 3080 2037 habuit,
3110 1983 3170 2027 ut
3198 1974 3549 2044 imperatoris

1948 2050 2198 2125 Traiani
2234 2054 2449 2111 delictis
2486 2057 2828 2129 ignosceret;
2863 2070 2916 2114 et
2967 2061 3259 2118 confestim
3309 2080 3436 2130 vox,
3479 2067 3560 2120 di-

1972 2142 2182 2197 vinitus
2209 2144 2394 2219 allata.
2429 2146 2612 2201 audita
2645 2156 2765 2210 est,
2800 2148 2855 2201 in
2886 2150 3033 2205 hunc
3063 2154 3284 2207 modum
3315 2154 3505 2209 dicens
3542 2174 3557 2210 ;

1974 2231 2166 2287 Preces
2199 2242 2317 2288 tua:
2366 2237 2568 2299 audivi,
2600 2243 2649 2291 et
2677 2239 2885 2290 veniant
2914 2239 3148 2308 Trajano
3176 2242 3279 2307 do;
3314 2236 3369 2295 at
3404 2253 3461 2297 tu
3497 2262 3561 2298 ne

1976 2325 2103 2378 mihi
2126 2326 2344 2393 post/iac
2368 2343 2465 2395 pro
2494 2328 2669 2397 impiis
2698 2330 3026 2397 precationes
3058 2333 3332 2389 adhibeas.
3364 2335 3558 2389 Simile

1973 2414 2250 2487 quidpiam
2309 2418 2694 2472 admirandum
2750 2430 2806 2474 et
2857 2422 3030 2490 prima
3094 2433 3299 2495 martyr
3354 2426 3557 2483 Thecla

1973 2516 2195 2575 Operata
2227 2516 2332 2562 est.
2368 2508 2781 2565 Precationibus
2812 2527 3049 2582 namque
3079 2514 3266 2570 eﬂ'usis
3304 2533 3402 2587 pro
3432 2519 3558 2573 Fal-

1975 2598 2171 2653 eonilla
2198 2598 2453 2670 quapiam
2486 2601 2677 2670 impia,
2702 2604 2999 2674 propitium
3031 2614 3087 2660 et
3112 2606 3225 2676 ipsa
3259 2606 3425 2663 Deum
3456 2614 3558 2665 mi-

1973 2690 2305 2747 sericordem
2339 2691 2571 2749 invenit.

2045 2971 2173 3028 Haec
2201 2987 2325 3027 cum
2365 2974 2440 3028 ita
2467 2972 2600 3041 sint,
2633 2974 2914 3044 quomodo
2942 2990 3050 3031 non
3082 2980 3428 3047 exaudietur,
3458 2986 3551 3053 qui

292 3085 365 3136 ἂν
390 3085 419 3135 6
450 3084 593 3155 ὑπὲρ
642 3086 834 3138 πιστοῦ
864 3102 1010 3149 τινος
1038 3086 1337 3156 προσάγων
1367 3086 1467 3157 τὴν
1492 3087 1717 3155 δέησιν;
1754 3087 1865 3141 Καὶ

1977 3081 2077 3136 pro
2104 3065 2246 3119 lideli
2280 3064 2386 3121 alio
2414 3082 2605 3136 preces
2644 3067 2916 3126 eﬂ'undit?
2947 3071 3013 3126 Et
3048 3070 3172 3126 audi
3196 3112 3210 3137 ,
3253 3074 3380 3142 quid
3410 3075 3556 3131 dicat

288 3178 460 3230 ἄκουε
505 3176 559 3230 τί
600 3192 766 3246 φησιν
794 3179 822 3230 6
865 3177 1039 3247 μέγας
1073 3178 1355 3241 Διονύσιος
1389 3194 1403 3208 ·
1436 3179 1504 3231 Ai
1537 3180 1646 3231 τῶν
1695 3179 1867 3249 ἁγίων

291 3270 601 3338 προσευχαὶ
644 3272 740 3323 καὶ
786 3272 929 3324 κατὰ
981 3270 1072 3325 τὸν
1115 3272 1242 3341 τῇδε
1282 3271 1418 3342 βίον,
1459 3273 1589 3343 μήτι
1638 3289 1701 3341 γε
1728 3271 1868 3343 μετὰ

275 3361 529 3414 -θάνατον
572 3360 653 3424 είς
693 3354 819 3425 τοὺς
860 3361 1047 3428 ἀξίους
1098 3364 1261 3434 ἱερῶν
1292 3364 1488 3436 εὐχῶν,
1522 3366 1695 3435 ήγουν
1742 3367 1868 3429 τοὺς

290 3453 542 3519 πιστοὺς,
582 3454 893 3524 ἐνεργοῦσι.
941 3457 1052 3510 Καὶ
1098 3459 1126 3510 6
1166 3459 1572 3529 χρυσορρήμιιιν
1616 3458 1870 3529 Ἰωάννης

289 3549 349 3600 ὲν
396 3551 463 3619 τῇ
522 3548 662 3617 πρὸς
695 3549 1096 3619 Φιλιππησίους
1151 3550 1410 3621 ἐπιστολῇ
1458 3550 1730 3604 διδάσκων
1781 3547 1869 3605 οἶα

289 3646 387 3694 καὶ
409 3643 513 3696 ὅσα
536 3644 677 3715 ὑπὲρ
705 3638 816 3696 τῶν
841 3644 1222 3713 ἀποιχομένων
1249 3643 1509 3697 δύνανται
1534 3645 1865 3714 προσφοραὶ,

291 3738 392 3788 καὶ
432 3734 560 3787 τάδε
598 3734 787 3805 φησίν·
827 3732 889 3790 Et
922 3737 1031 3807 γὰρ
1055 3737 1529 3804 συγκατακαίουσι
1560 3739 1674 3799 τοῖς
1701 3737 1867 3788 ἀπελε

291 3826 481 3879 οοῦσιν
509 3830 561 3879 οι
589 3828 854 3899 ’Έλληνες
876 3868 892 3895 ,
941 3828 1087 3901 ἅπερ
1123 3832 1320 3883 ἐκεῖνοι
1353 3830 1555 3894 ζῶντες
1605 3833 1866 3900 ἐκέκτην-

291 3935 376 3981 το,
416 3920 567 3990 πόσῳ
606 3936 672 3988 γε
733 3921 937 3991 μᾶλλον
983 3922 1043 3975 σὲ
1105 3922 1200 3978 τὸν
1250 3924 1445 3978 πιστὸν
1497 3923 1866 3994 παραπέμψαι

291 4010 375 4064 δεῖ
403 4011 480 4079 τῷ
495 4014 843 4083 ἀπειχομένῳ
865 4014 935 4066 τὰ
957 4016 1131 4067 οίκεία
1155 4031 1170 4080 ;
1202 4016 1298 4085 οὐχ
1343 4017 1429 4069 ἵνα
1459 4019 1631 4085 τέφρα
1659 4019 1866 4084 γένων-

290 4119 404 4165 ται,
435 4100 619 4169 καθὼς
651 4108 854 4172 ὲκεῐνα,
886 4105 1002 4159 ἀλλ’
1027 4108 1111 4161 ἵνα
1140 4110 1369 4177 μείζονα
1394 4110 1570 4180 τούτῳ
1598 4110 1868 4183 περιϐάλῃ

289 4197 390 4267 τὴν
424 4198 583 4264 δόξαν
608 4212 623 4229 ι
650 4200 740 4251 καὶ
758 4201 807 4251 εί
840 4201 937 4269 μὲν
963 4201 1293 4270 ἁμαρτωλὸς
1312 4202 1340 4254 6
1376 4200 1661 4271 τεθνηκὼς
1695 4204 1866 4257 mea:

292 4292 667 4361 ἁμαρτήματα
727 4290 888 4362 λύσῃο
922 4294 972 4345 ει
1028 4294 1086 4346 δὲ
1144 4278 1387 4359 δίκαιος,
1433 4294 1521 4347 ἵνα
1572 4295 1862 4367 προσθήκη

290 4388 519 4453 γένηται
562 4384 754 4453 μισθοῦ
804 4386 901 4438 καὶ
963 4387 1307 4449 ἀντιδόσεως.
1371 4389 1556 4442 Ταῦτα
1611 4390 1711 4459 μὲν
1768 4385 1864 4445 οῦν

290 4478 597 4531 ἐπιϐεϐαιιοῖ
634 4478 728 4530 καὶ
775 4476 846 4530 τὰ
897 4479 954 4530 ὲν
991 4478 1069 4545 τῷ
1106 4479 1204 4549 βίῳ
1242 4480 1335 4533 τοῦ
1371 4484 1644 4550 μακαρίου
1678 4483 1855 4537 Ἰωάν-

289 4585 381 4620 νου
450 4569 546 4622 τοῦ
598 4568 940 4639 Ἐλεήμσνος.
1014 4571 1240 4642 Ὀογὰρ
1292 4574 1433 4636 θεῖος
1504 4574 1660 4637 οὗτος
1720 4576 1860 4648 ἀνὴρ

288 4663 578 4730 παραινῶν
621 4662 870 4727 συνάξεις
918 4664 1195 4716 ἐπιτελεῖν
1241 4668 1350 4717 τῶν
1394 4666 1707 4721 τεθνεώτων
1742 4669 1859 4722 ἓνε-

288 4770 408 4817 κεν,
437 4755 533 4807 ἆτε
570 4755 638 4807 τὰ
673 4756 908 4824 μέγιστα
951 4754 1268 4824 ὠφελούσας
1302 4759 1523 4824 αὐτοὺς,
1561 4761 1657 4812 καὶ
1683 4761 1861 4814 τοιοῦ-

286 4851 380 4898 τόν
411 4862 464 4898 τι
491 4847 793 4918 προσετίθη
824 4846 1095 4917 διήγημαο
1130 4849 1366 4911 Νεανίας
1406 4867 1491 4914 τις
1526 4854 1675 4923 παρὰ
1713 4854 1858 4923 Περ-

290 4940 401 4992 σῶν
445 4939 907 5009 αἰχμαλωτισθεὶς
936 4942 995 4992 ὲν
1038 4940 1253 5011 φυλακῇ
1293 4944 1358 5011 τῇ
1396 4942 1665 5015 λεγομένῃ
1702 4945 1857 5014 Λήθῃ

284 5032 543 5100 ἀσφαλῶς
581 5031 922 5101 δφρουρείτο.
951 5030 1109 5084 Οὕτω
1145 5034 1238 5083 καὶ
1280 5033 1387 5101 γὰρ
1437 5032 1576 5102 αῦτη
1611 5035 1855 5103 ἐλέγετο,

284 5123 375 5175 διὰ
403 5123 464 5174 τὸ
500 5122 628 5186 τοὺς
658 5125 836 5175 ἐκεῖσε
873 5121 1237 5192 βαλλομένους
1271 5123 1539 5193 μηδέποτε
1583 5124 1853 5179 ἀνίεσθαι.

284 5217 346 5268 Οί
379 5214 472 5267 οῦν
506 5214 673 5269 αὑτοῦ
728 5214 1052 5286 γεννήτορες
1102 5216 1176 5277 ὡς
1239 5218 1331 5269 ἐπὶ
1371 5218 1550 5286 νεκρῷ
1591 5218 1660 5271 τὰ
1710 5237 1859 5273 νενο-

290 5308 531 5377 μισμένα
573 5307 810 5360 ἐτέλουν.
843 5309 1023 5375 Φυγὰς
1049 5303 1145 5361 οὖν
1184 5309 1212 5360 6
1247 5310 1363 5372 νέος
1394 5312 1607 5364 ἐκεῖθεν
1639 5315 1857 5367 ἐπανελ-

285 5385 414 5462 θὶῦν,
435 5399 742 5453 διεσεὸαίου
774 5399 997 5453 λύεσθαι
1026 5402 1133 5453 τῶν
1155 5401 1371 5470 δεσμῶν
1393 5406 1686 5477 ἐπιστασία
1712 5410 1853 5473 τινος

285 5493 617 5564 λευκοφόρου
642 5535 656 5559 ,
710 5494 831 5546 καθ’
866 5494 923 5547 ὃν
949 5496 1005 5547 αἱ
1039 5495 1291 5561 συνάξεις
1320 5499 1598 5556 ἐτελοῦντο
1638 5506 1851 5573 καιρόν.

353 5586 467 5639 Καὶ
509 5587 561 5638 τί
625 5587 732 5657 χρὴ
792 5587 967 5640 πολλὰ
997 5588 1213 5656 λὸγεινς
1269 5590 1328 5643 '0
1360 5593 1533 5662 μέγας
1564 5596 1854 5667 Μακάριος

286 5675 449 5744 εὐχὰς
480 5677 619 5747 ὑπὲρ
650 5680 760 5730 τῶν
790 5683 1208 5749 κεκοιμημένων
1244 5685 1567 5752 ποιούμενος
1609 5691 1853 5759 ἐγλίχετο

287 5767 501 5835 μαθεῖν,
542 5772 654 5838 εἴγε
710 5772 844 5840 πρὸς
894 5772 1078 5844 ὄνησιν
1110 5774 1333 5827 ἐκείνων
1368 5776 1535 5829 ταῦτα
1586 5781 1849 5844 γίνονται.

1981 3173 2211 3229 magnus
2254 3158 2544 3230 Dionysius
2591 3177 2606 3214 :
2654 3162 2979 3218 Sanctorum
3015 3166 3381 3234 precationes,
3410 3168 3552 3223 etin
3618 3184 3625 3187 '

1972 3250 2230 3319 praesenti
2257 3251 2388 3317 vita,
2422 3266 2530 3305 non
2568 3262 2780 3306 tantum
2812 3264 2935 3323 post
2977 3264 3229 3320 mortem,
3260 3258 3314 3312 in
3341 3275 3437 3314 eos
3459 3261 3551 3329 qui

1970 3343 2175 3398 divinis
2223 3345 2636 3414 precationibus
2685 3347 2832 3418 digni
2880 3358 3032 3413 sunt,
3086 3348 3277 3403 ﬁdeles
3334 3367 3555 3420 nempe,

1970 3447 2291 3503 operantur.
2324 3436 2387 3488 Et
2435 3452 2603 3490 aureo
2657 3452 2754 3491 ore
2801 3435 3062 3505 Joannes,
3111 3440 3167 3494 in
3207 3440 3436 3511 cpistola
3483 3444 3557 3497 ad

1968 3525 2368 3594 Pbilippenses.
2396 3526 2624 3588 docens,
2659 3542 2780 3596 qua:
2809 3539 2865 3583 ct
2897 3540 3101 3598 quanta
3133 3547 3232 3600 pro
3277 3533 3559 3588 defunctis

1970 3614 2279 3670 oblationes
2328 3616 2572 3684 valeant,
2628 3619 2742 3673 hare
2781 3634 3001 3690 quoque
3030 3621 3208 3676 dicit:
3248 3625 3460 3679 Etenim
3506 3626 3559 3680 si

1970 3708 2199 3778 gentiles
2232 3724 2338 3762 una
2360 3724 2485 3764 cum
2517 3712 2770 3777 mortuis,
2798 3729 2918 3784 qua:
2947 3714 3023 3769 illi
3052 3714 3154 3770 vivi
3182 3719 3552 3785 possidebant,

1970 3797 2323 3860 comburunt.
2372 3810 2580 3869 quanto
2626 3803 2797 3873 magis
2854 3812 2933 3867 tu,
2987 3804 3080 3874 qui
3141 3806 3315 3863 ﬁdelis
3344 3824 3426 3874 es,
3458 3809 3560 3865 de-

1970 3896 2188 3941 mortuo
2223 3890 2442 3958 propria
2476 3892 2692 3946 mittere
2717 3892 2887 3947 debes
2916 3911 2930 3947 :
2961 3911 3068 3948 non
3094 3908 3171 3962 ut,
3195 3900 3553 3967 quemadmo-

1969 3977 2097 4032 dum
2139 3979 2251 4044 illa,
2285 3980 2423 4035 cinis
2456 3981 2606 4047 ﬁant,
2672 3983 2766 4038 sed
2799 3995 2858 4039 ut
2905 3988 3165 4055 majorem
3213 3990 3289 4043 illi
3321 3993 3548 4061 gloriam

1970 4068 2298 4137 concilient;
2329 4078 2385 4124 et
2418 4071 2462 4125 si
2516 4083 2776 4155 peccator
2810 4084 2894 4128 est
2930 4075 3248 4142 defunctus,
3298 4092 3356 4133 ut
3406 4082 3559 4136 illius.

1936 4171 2191 4233 _pcccata
2232 4164 2563 4231 dissolvunt;
2586 4165 2628 4219 si
2657 4167 2857 4236 justus,
2883 4178 2939 4221 ut
2972 4170 3240 4224 mercedis
3272 4171 3345 4225 illi
3385 4183 3439 4227 ct
3461 4189 3548 4228 re-

1971 4253 2285 4306 tributionis
2328 4256 2456 4307 iinnt
2488 4266 2858 4325 augmentum.
2901 4255 3023 4309 llxc
3067 4275 3288 4329 quoque
3329 4273 3547 4317 consta-

1970 4343 2182 4407 liiliunt,
2221 4358 2341 4412 qua:
2364 4344 2417 4397 in
2447 4346 2554 4398 vita
2587 4347 2727 4399 beati
2763 4346 2991 4401 Joannis
3023 4348 3546 4422 Eleemosynariile-

1895 4458 1937 4516 Β
1968 4446 2194 4502 guntur.
2220 4437 2319 4489 Hic
2339 4436 2603 4505 siquidem
2635 4438 2854 4492 divinus
2887 4442 2992 4503 vir,
3022 4452 3079 4494 ut
3107 4458 3205 4510 pro
3238 4444 3553 4499 demortuis

1967 4542 2201 4597 synaxes
2231 4528 2496 4595 facerent,
2542 4540 2799 4599 tanquam
2828 4549 2947 4601 qua:
2986 4534 3217 4603 plurima
3257 4537 3363 4590 illis
3392 4554 3549 4592 coin-

1966 4620 2124 4671 moda
2167 4630 2567 4688 compararent,
2615 4623 2935 4688 adhortans,
2987 4626 3128 4680 hanc
3176 4630 3549 4684 narrationem

1966 4708 2330 4763 adnectebat:
2363 4709 2591 4766 Jm'enis
2626 4714 2872 4781 quidam,
2905 4733 2932 4768 a
2968 4717 3149 4772 Persis
3178 4720 3229 4772 in
3257 4702 3558 4791 captivita;

1965 4810 2074 4854 tem
2120 4802 2404 4863 adduclus,
2438 4805 2487 4856 in
2519 4819 2797 4859 carcerem
2831 4847 2845 4869 ,
2884 4806 3053 4863 Lethe
3093 4811 3321 4876 dictum,
3355 4816 3498 4882 quod
3526 4858 3543 4879 .

1963 4892 2051 4961 qui
2089 4893 2140 4945 in
2172 4908 2295 4948 eum
2320 4897 2705 4962 trudebantur,
2740 4915 3013 4970 nunquam
3041 4904 3423 4969 educerentur,
3458 4908 3544 4962 in—

1965 4987 2220 5041 trrditur.
2277 4988 2458 5054 Quare
2511 5002 2770 5061 parentes
2848 4995 2945 5061 illi,
3006 4997 3171 5051 veluti
3225 4998 3547 5066 demortuo,

1961 5077 2105 5148 juSIa
2137 5082 2543 5149 persolvebaut.
2574 5085 2960 5142 Verumtamen
2996 5089 3240 5159 juvenis,
3268 5108 3392 5146 cum
3433 5096 3548 5147 sibi

1968 5170 2095 5239 iuga
2134 5174 2526 5242 consuluisset,
2575 5193 2860 5248 regressus
2911 5182 2966 5234 in
3016 5184 3283 5251 patriam,
3324 5200 3550 5239 asseve-

1963 5265 2153 5329 rabat,
2200 5267 2485 5334 praesentia
2524 5270 2833 5338 cujusdam,
2881 5274 3128 5330 candidis
3183 5276 3425 5329 vestibus
3461 5276 3553 5329 in-

1959 5355 2098 5421 duti,
2126 5372 2191 5410 eo
2224 5373 2335 5427 quo
2377 5373 2609 5431 synaxes
2660 5363 2863 5420 ﬁebant
2918 5376 3180 5437 tempore,
3232 5381 3263 5419 e
3310 5366 3553 5422 vinculis

1959 5441 2199 5505 liberari.

2034 5605 2098 5660 Et
2140 5606 2269 5677 quid
2319 5610 2513 5667 multis
2546 5629 2683 5683 opus
2711 5615 2835 5669 est?
2864 5613 3088 5682 Magnus
3113 5613 3404 5683 Macarius,
3446 5635 3551 5689 pro

1960 5700 2191 5754 mortuis
2239 5701 2405 5757 Deum
2459 5720 2711 5769 exorms,
2753 5708 3008 5777 cupiebat
3058 5710 3268 5766 discere
3321 5717 3367 5768 si
3407 5720 3542 5786 quid

1961 5792 2066 5848 illis
2102 5796 2333 5851 mortuis
2367 5797 2764 5866 snpplicatiouc
2804 5801 3161 5858 emolumenti
3214 5810 3532 5873 accederet;
