4058 6196
449 276 557 338 927

1732 248 2155 317 MICHAELIS
2187 244 2454 307 GLYC/E

3613 222 3725 288 9‘28

453 385 602 456 quod
626 399 750 440 cum
783 381 945 437 vellet
980 379 1125 433 Deus
1170 373 1485 438 ostendere,
1535 380 1855 437 certumque
1885 376 2045 421 suum

2169 359 2320 413 [οῦτο
2349 357 2415 427 δὴ
2464 352 2787 425 βουλόμενος
2837 350 2866 403 ό
2915 346 3122 416 Κύριος
3164 337 3468 405 δείξασθαι,
3497 343 3596 390 καὶ
3628 334 3726 386 τὸν

2198 453 2208 456 ’
2289 449 2310 456 ⁸
2393 449 2408 456 ⁸
2640 446 2664 456 ⁵
2806 442 2829 456 ⁸
2918 442 2931 456 ⁹
3172 437 3239 456 -ν”⁸γ
3278 432 3368 456 -Αῗῖ
3423 428 3724 456 λ-υ.-ΑΙ.-.-

454 494 675 534 servum
709 490 771 528 ea
804 472 873 526 de
905 486 963 525 re
989 467 1245 533 reddere,
1275 464 1545 520 idolorum
1577 460 1827 533 prtcsulis
1864 457 2042 511 exsic-

455 583 590 627 cata:
640 568 917 629 calvariae,
975 578 1135 633 quam
1184 562 1299 631 ipse
1348 558 1406 612 in
1462 558 1661 610 itinere
1698 551 2041 612 oil‘enderat,

457 667 679 722 verbum
714 658 963 713 veritatis
1012 653 1341 725 inspiravit:
1392 650 1903 721 qu.n'interrogata
1960 659 2046 697 re-

457 754 676 827 spondit
719 750 902 805 :Cum
932 764 1032 818 pro
1082 745 1315 800 mortuis
1362 742 1633 799 sacriﬁcia
1692 738 1877 802 oﬂ‘ers,
1931 744 2045 789 tum

456 849 710 922 pusillam
744 840 1177 899 consolationem
1211 835 1688 907 persentiscimus.
1712 829 1916 885 Mutua:
1947 828 2050 882 ita-

457 957 563 1012 que
595 951 776 1007 operae
807 930 1086 988 tradendae
1118 939 1247 984 sunt
1273 945 1369 999 pro
1394 928 1627 990 viribus,
1653 934 1705 981 et
1731 923 1914 989 modo,
1937 936 2049 991 quo

459 1033 737 1094 diximus,
777 1026 1012 1081 mortuis
1047 1022 1247 1078 auxilia
1288 1020 1621 1091 praestanda.
1668 1016 1802 1071 Nam
1850 1031 2049 1070 secun—

459 1122 591 1178 dum
622 1119 891 1173 Joannem
929 1115 1327 1167 Damascenum
1352 1151 1368 1175 ,
1402 1109 1632 1178 suscipit
1654 1108 1812 1162 facile
1837 1105 1923 1161 vel
1955 1118 2052 1175 pro

464 1216 532 1269 iis
567 1214 662 1282 qui
696 1208 1005 1276 improvide
1050 1220 1115 1259 ac
1166 1206 1430 1274 iuvparate
1463 1203 1839 1265 decesserunt,
1868 1199 1911 1253 si
1943 1212 2051 1267 qua

464 1319 562 1376 per
594 1301 940 1357 necessarios
969 1307 1025 1352 et
1066 1300 1407 1368 propinquos
1438 1308 1569 1349 suos
1604 1292 1658 1347 in
1699 1290 2051 1361 supplemen-

466 1408 582 1452 tum
616 1395 927 1450 debitorum
964 1390 1287 1450 oﬂ‘crantur,
1322 1387 1497 1456 iisque
1533 1385 1667 1455 ipsis
1720 1384 1775 1438 in
1822 1396 2052 1453 operum

465 1490 851 1554 actionumque
899 1484 1077 1538 locum
1113 1480 1341 1536 ascribit
1371 1488 1425 1533 et
1469 1484 1771 1547 computat.
1817 1472 2053 1529 Attende

471 1582 676 1649 itaque.
705 1579 954 1655 Namque
988 1575 1074 1628 hic
1105 1572 1216 1627 Deo
1247 1572 1442 1643 plenus
1475 1558 1771 1634 auctor,in
1805 1568 2054 1622 oratione

471 1689 566 1727 sua
598 1672 666 1727 de
691 1669 948 1735 mortuis,
981 1668 1139 1722 affert
1167 1683 1425 1735 magnum
1455 1664 1831 1726 Athanasium,
1859 1663 1925 1717 de
1950 1661 2054 1715 illis

470 1765 663 1819 iisdem
699 1764 773 1816 ita
804 1761 1165 1817 disserentem
1202 1774 1217 1811 :
1248 1757 1488 1812 Tametsi
1545 1758 1599 1809 in
1649 1770 1775 1809 aere
1808 1755 1932 1825 quis
1961 1753 2057 1808 de-

472 1864 732 1925 ponatur,
762 1854 920 1908 modo
954 1852 1153 1923 insigni
1183 1851 1347 1906 fuerit
1382 1851 1606 1921 pietate,
1631 1859 1687 1902 tu
1710 1861 2058 1917 nequaquam

472 1961 654 2005 tamen
717 1945 1075 2015 asperneris,
1129 1944 1382 1999 invocato
1437 1944 1588 2013 prius
1642 1943 1865 1998 Christo
1922 1942 2055 2009 Deo,

473 2040 656 2093 oleum
688 2047 743 2093 et
777 2051 969 2092 cereos
1003 2037 1069 2091 ad
1109 2035 1415 2106 sepulcrum
1463 2036 1793 2106 appendere.
1825 2037 2060 2106 Accepta

474 2134 621 2188 enim
655 2129 842 2207 isthmc
874 2126 984 2180 Deo
1016 2135 1167 2191 sunt,
1202 2125 1572 2195 elliciuutque,
1606 2135 1663 2180 ut
1694 2126 1785 2181 ille
1812 2126 1934 2197 plus
1963 2141 2063 2179 no-

479 2222 563 2277 bis
601 2222 815 2284 reddat,
846 2234 1009 2288 quam
1039 2217 1336 2286 acceperit.
1373 2216 1505 2271 Nam
1548 2219 1728 2272 oleum
1766 2227 1822 2273 et
1852 2234 2060 2283 cereos,

473 2316 634 2384 quasi
663 2311 1070 2375 holocaustum,
1110 2307 1484 2377 imponimus;
1536 2310 1713 2365 hostia
1759 2326 1911 2377 vero,
1944 2327 2064 2381 quae

479 2402 761 2474 sanguinis
795 2415 992 2471 expers
1026 2404 1117 2465 sit,
1151 2399 1319 2465 Deum
1362 2401 1641 2470 placamus
1674 2418 1738 2459 ac
1779 2404 2062 2474 leuimus;

432 2524 435 2527 ν
477 2492 862 2552 beneﬁcientia
894 2493 949 2544 in
985 2504 1276 2560 pauperes,
1331 2492 1595 2562 majorem
1634 2493 1905 2550 bonorum
1945 2512 2067 2550 om-

478 2587 627 2644 nium
654 2584 1075 2639 retributionem
1104 2583 1517 2652 consequimur.
1554 2584 1691 2640 Hinc
1718 2600 1826 2640 nou
1874 2602 2067 2656 parum

483 2680 737 2737 utilitatis
771 2678 1034 2741 afferunt,
1067 2676 1196 2731 licet
1234 2692 1297 2732 ea
1338 2676 1447 2731 Deo
1478 2675 1546 2731 ab
1575 2677 1699 2731 aliis
1735 2678 2069 2735 oderuntur.

554 2768 681 2824 Haec
713 2769 905 2823 eadem
949 2783 1181 2838 magnus
1206 2767 1444 2837 Cyrillus
1480 2766 1815 2823 conﬁrmans
1838 2810 1853 2836 ,
1882 2780 2069 2825 osten-

486 2859 750 2930 deusque,
784 2860 1081 2913 memorias
1116 2857 1412 2910 niaximum
1457 2856 1512 2910 in
1552 2856 1772 2911 modum
1798 2856 2072 2911 defunctis

487 2954 768 3025 prodesse,
810 2967 912 3007 nec
940 2964 1064 3006 esse
1093 2950 1317 3014 mirum,
1346 2948 1388 3004 si
1427 2948 1495 3003 ab
1520 2949 1626 3005 alio
1656 2949 1876 3019 quidem
1904 2951 2073 3004 sacri-

2149 449 2317 506 αὒτοῦ
2351 446 2773 518 πληροφορῆσαι
2803 442 3135 512 θεράποντα,
3167 437 3245 504 τῷ
3275 432 3371 487 τοῦ
3419 428 3724 501 ἀρχιερέως

2147 545 2259 599 τῶν
2300 542 2535 597 είδὼλων
2566 536 2889 610 ξηρανθέντι
2916 531 3151 603 κρανίῳ,
3196 521 3241 596 ᾧ
3279 524 3407 579 καθ’
3436 523 3555 577 δδδν
3603 518 3724 610 ένέ-

2148 654 2302 707 τυχε,
2321 634 2483 701 λόγον
2507 608 2769 699 ἀληθείας
2803 626 3150 679 ἐνέπνευσεν.
3183 620 3248 671 ’0
3272 616 3368 669 καὶ
3396 612 3548 707 πρὸς
3560 608 3724 663 αὐτὴν

2153 699 2429 799 ἐρωτηθὲν
2462 720 2607 776 οὕτω
2645 718 2812 789 φησίν
2837 731 2854 748 ’
2890 714 3022 767 Ὅτε
3071 709 3212 780 ὑπὲρ
3238 705 3348 760 τῶν
3380 699 3589 772 νεκρῶν
3628 700 3727 759 τὰς

2154 791 2352 881 θύσίας
2387 812 2724 887 προσφέρεις
2751 852 2767 875 ,
2820 808 2942 862 τότε
2996 800 3349 873 παραμυθίας
3400 793 3602 887 μικράς
3639 791 3727 887 al-

2155 881 2485 980 σθανόμεθα.
2519 881 2731 962 Οὐκοῦν
2776 898 3173 970 ἑπικουρητέον
3223 890 3501 962 ἀλλήλοις,
3527 886 3603 947 ὡς
3635 881 3728 936 δύ-

2154 1021 2346 1078 ναμις,
2378 1004 2476 1058 καὶ
2521 999 2647 1056 καθ’
2700 997 2759 1052 ὃν
2788 995 2993 1065 τρόπον
3024 990 3330 1060 εἰρήκαμεν
3357 984 3470 1043 τοῖς
3495 982 3729 1078 ἀποιχο-

2158 1068 2341 1171 μένοις
2392 1095 2573 1150 δοτέον
2611 1089 2884 1162 βοήθειαν.
2917 1082 3080 1139 Κατά
3108 1080 3218 1148 γὰρ
3250 1078 3340 1129 τὸν
3368 1068 3733 1141 Δαμασκηνὸν

2154 1163 2412 1259 ἶῐωάννην
2462 1188 2677 1257 δέχεται
2722 1183 2807 1236 ὅτι
2859 1178 3095 1249 μάλιστα
3149 1171 3245 1226 καὶ
3297 1170 3367 1223 τὰ
3415 1166 3556 1234 ὑπὲρ
3618 1163 3734 1215 τῶν

2156 1255 2460 1353 ἀνετοίμως
2491 1255 2968 1347 ἀπώημησάντων
3026 1264 3442 1337 προσαγόμενα.
3477 1258 3584 1311 Kal.
3628 1255 3735 1315 τὰς

2155 1377 2307 1447 παρά
2329 1348 2439 1429 τῶν
2467 1371 2684 1427 οίκείων
2714 1363 3131 1437 προσαγομένας
3177 1357 3287 1410 τῶν
3334 1348 3738 1422 ὑστερημάτων

2156 1442 2601 1543 ἀναπληρώσεις,
2630 1468 2711 1530 είς
2742 1463 2904 1533 ἔργον
2951 1457 3161 1518 τούτοις
3213 1454 3309 1506 καὶ
3350 1448 3550 1543 πρξξιν
3585 1442 3741 1543 λογί-

2158 1565 2332 1631 ζεται.
2431 1531 2660 1632 ρόσσχες
2687 1531 2803 1610 οὖν.
2846 1553 2907 1606 '0
2933 1550 3038 1619 γὰρ
3074 1544 3389 1615 διαληφθεὶς
3412 1531 3565 1632 οὗτος
3594 1534 3741 1632 θεῖος

2159 1624 2300 1729 ἀνὴρ
2335 1657 2393 1708 ἐν
2419 1624 2496 1724 τῷ
2643 1650 2772 1712 τοὺς
2799 1643 3163 1729 κοιμηθέντας
3186 1638 3327 1704 λόγῳ
3341 1629 3525 1729 *αὐτοῦ
3558 1624 3740 1696 παρά-

2158 1719 2358 1818 γείτὸν
2381 1719 2552 1815 μέγαν
2580 1739 2901 1793 Ἀθανάσιον
2928 1728 3278 1802 περὶτούτων
3308 1724 3450 1778 οὕτω
3468 1719 3697 1818 λέγοντα
3713 1726 3732 1743 ⁸

2162 1809 2278 1895 ίςᾶν
2320 1809 2400 1900 είς
2448 1809 2586 1905 ἀέρα
2615 1834 2643 1886 ό
2694 1831 2753 1883 ἑν
2790 1825 3049 1895 εὐσεϐείᾳ
3075 1818 3385 1879 τελειωθεὶς
3433 1809 3734 1878 κατατεθῇ.

2167 1933 2242 2005 μὴ
2287 1903 2598 1999 ἀπαναίρου
2633 1920 2917 1994 προσάψαι
2947 1914 3157 1987 κηροίις
3201 1914 3261 1965 ὲν
3304 1908 3385 1978 τῷ
3428 1904 3588 1972 τάφῳ
3642 1903 3741 2005 καὶ

2163 1995 2366 2089 ile-nov,
2402 1995 2642 2091 Χριστὸν
2679 2016 2771 2069 τὸν
2814 2012 2950 2067 Θεὸν
2997 2003 3492 2072 ἐπικαλεσάμενος.
3532 1995 3741 2091 Aen-ta

2164 2119 2273 2188 γὰρ
2313 2085 2488 2170 ταῦτα
2527 2108 2672 2181 Θεῷ,
2715 2107 2813 2162 καὶ
2850 2102 3053 2174 πολλὴν
3081 2097 3142 2163 ὲξ
3173 2095 3341 2152 αὑτοῦ
3381 2085 3745 2188 φέροντα-τὴν

2168 2173 2456 2271 ἀντίδοσιν,
2488 2173 2746 2271 είγιίκαὶ
2775 2196 2977 2269 μᾶλλον
2999 2173 3367 2248 όλοκαύτωσις
3395 2184 3575 2237 ἔοικεν
3600 2173 3742 2271 slva:

2169 2303 2197 2356 δ
2225 2317 2285 2353 τε
2308 2268 2475 2367 κηρὸς
2522 2268 2617 2348 καὶ
2647 2291 2709 2345 τὸ
2757 2268 2970 2343 ἔλαιον*
3011 2282 3203 2350 ὥσπερ
3251 2275 3346 2330 οῦν
3391 2268 3742 2367 ὲξιλασμὺςη

2172 2362 2505 2461 ἀναίμακτος
2536 2385 2721 2449 θυσία,
2754 2382 2789 2451 ἡ
2819 2380 2879 2433 δέ
2926 2394 2988 2445 γε
3034 2374 3171 2445 πρὸς
3202 2370 3330 2431 τοὺς
3373 2369 3639 2461 πένητας.
3659 2362 3748 2417 sia.-

2173 2456 2328 2538 ποιία
2357 2480 2646 2552 προσθήκη
2687 2476 2869 2544 πάσης
2926 2467 3139 2539 ἀγαθῆς
3190 2462 3540 2522 ἀντιδόσεως.
3579 2456 3742 2552 Ὅθεν

2174 2577 2235 2631 οὗ
2280 2546 2489 2646 μικρῶς
2543 2546 2879 2636 ὢφελοῦσιν,
2916 2563 2964 2615 εί
3006 2561 3099 2613 καὶ
3150 2555 3231 2627 τῷ
3274 2554 3393 2623 Θεῷ
3419 2552 3492 2605 τὰ
3520 2546 3749 2602 τοιαῦτα

2176 2670 2309 2739 παρ’
2344 2667 2547 2735 ἑτέρων
2582 2659 2979 2731 προσάγονται.

2248 2734 2563 2826 ΙΫαῦταμὲν
2593 2747 2689 2806 οὖν
2716 2750 2812 2806 καὶ
2835 2749 2863 2801 ὁ
2891 2740 3364 2818 μέγας’Κύριλλος
3390 2734 3746 2795 ὲπιϐεϐαιῶν,

2177 2854 2275 2909 καὶ
2329 2847 2633 2913 δεικνύων,
2673 2844 2749 2907 ὠς
2804 2842 2861 2895 al
2930 2839 3144 2911 μνῆμαι
3206 2836 3275 2890 τὰ
3336 2833 3571 2903 μέγιστα
3620 2829 3749 2891 τοὺς

2181 2938 2580 3016 ἀποιχομένους
2625 2935 2895 3006 ὠφελοῦσι
2921 2974 2937 2999 ,
2974 2933 3070 2985 καὶ
3098 2932 3183 2985 ὅτι
3213 2924 3533 2998 θαυμαστὸν
3570 2922 3749 2981 οὐδὲν,

487 3048 671 3103 ﬁcium
709 3044 816 3099 Deo
865 3043 1145 3107 oﬂ'eratur,
1192 3042 1539 3097 commodum
1589 3050 1771 3095 tamen
1814 3043 1865 3096 in
1902 3043 2064 3096 alium

2176 3015 2482 3108 εῐγείπαρ’
2530 3033 2692 3089 ἄλλου
2733 3030 2832 3101 μὲν
2887 3028 2922 3098 ἡ
2959 3024 3122 3079 θυσία
3166 3021 3245 3092 τῷ
3314 3018 3434 3089 Θεῷ
3482 3015 3753 3087 προσενή-

490 3135 904 3192 lransl'uudatur
926 3173 942 3199 ,
982 3134 1097 3187 haec
1133 3133 1299 3188 etiam
1330 3132 1486 3217 addit
1521 3149 1536 3185 :
1577 3132 1839 3187 Dominus
1891 3142 2064 3188 noster

2180 3107 2392 3194 νεκται,
2424 3126 2694 3181 διαϐαίνει
2733 3122 2791 3175 δὲ
2828 3119 2966 3189 πρὸς
3020 3118 3212 3189 ἕτερον
3264 3114 3297 3183 ἡ
3338 3111 3583 3181 ὠφέλεια
3609 3149 3625 3174 ,
3657 3107 3755 3161 καὶ

486 3229 651 3285 Jesus
682 3228 957 3290 Christus,
1010 3226 1158 3279 hunc
1205 3226 1260 3279 in
1308 3202 1529 3280 modum
1573 3225 1641 3278 ad
1693 3224 2064 3280 centurionem

2177 3224 2311 3278 τάδε
2337 3218 2698 3292 προστίθησιν
2720 3232 2736 3247 ·
2778 3214 2840 3269 Ὀ
2867 3212 3071 3282 Κύριος
3106 3208 3262 3281 ἡμῶν
3278 3203 3487 3277 Ἰησοῦς
3521 3201 3755 3272 Χριστὸς

489 3320 848 3392 respondens,
881 3335 1007 3373 cum
1053 3318 1142 3371 ille
1190 3319 1257 3372 ad
1306 3334 1432 3372 eum
1480 3317 1740 3371 dicebat:
1786 3315 1911 3371 Νοιι
1962 3334 2064 3371 sun;

2181 3316 2326 3371 οὕτω
2381 3312 2521 3383 πρὸς
2575 3311 2663 3365 τὶν
2726 3307 3124 3377 ἑκατόνταρχον
3174 3298 3383 3365 εἰπὼν,
3417 3297 3581 3368 ἡνίκα
3617 3294 3757 3363 πρὸς

490 3414 700 3483 dignus,
733 3421 788 3464 ut
814 3411 979 3464 intres
1007 3410 1104 3463 sub
1135 3419 1329 3463 tectum
1371 3424 1566 3471 meum,
1611 3413 1699 3461 sed
1740 3418 1946 3461 tantum
1983 3409 2064 3463 dic

2180 3409 2344 3465 αὑτὸν
2387 3408 2590 3466 ἐκεῖνος
2624 3403 2854 3469 ἐλεγενο
2893 3402 3017 3453 Οὐκ
3075 3396 3190 3467 είμὶ
3239 3392 3432 3459 ἄξιος,
3486 3392 3588 3445 Ira
3633 3406 3754 3459 μου

490 3504 723 3567 verbum,
750 3511 798 3556 et
835 3501 1119 3555 sanabitur
1147 3515 1278 3569 puer
1309 3515 1453 3554 meus
1487 3514 1505 3553 :
1536 3498 1561 3552 1
1588 3498 1698 3567 ﬁli,
1734 3508 1783 3553 et
1824 3509 1879 3552 ut
1909 3500 2079 3554 credi-

494 3597 642 3659 disti,
679 3596 777 3665 ﬁat
820 3595 951 3661 tibi;
988 3594 1334 3664 apertissime
1384 3594 1851 3658 commoustravit,
1880 3610 1978 3665 per
2002 3595 2083 3647 al-

495 3689 668 3743 terius
694 3686 853 3742 lidcm
898 3696 954 3740 et
1007 3689 1292 3741 absentem
1332 3685 1549 3740 salvari.
1583 3683 1663 3741 Ne
1695 3686 1879 3756 itaque
1905 3688 1958 3740 in
1989 3703 2085 3757 po-

494 3790 703 3833 sterum
765 3777 1017 3833 haesite:
1047 3794 1169 3831 naut
1202 3780 1269 3840 si,
1305 3792 1427 3846 qua:
1456 3777 1526 3833 ab
1550 3778 1655 3832 alio
1688 3793 1784 3848 pro
1817 3779 1925 3833 alio
1953 3779 2085 3833 offe-

497 3881 714 3935 runtur,
751 3868 967 3929 inutilia
1000 3877 1150 3932 sunt,
1182 3868 1301 3939 ipsa
1327 3870 1515 3936 etiam,
1554 3886 1674 3939 qua:
1705 3870 1761 3924 in
1789 3870 1979 3925 divino
2010 3870 2087 3923 la-

496 3976 660 4018 vacro
709 3971 932 4032 propter
982 3960 1351 4016 illuminatum
1403 3973 1772 4034 peraguntur,
1812 3961 1953 4017 nihil
2005 3963 2083 4017 illi

496 4054 814 4126 proﬁcient,
846 4069 973 4108 cum
1043 4068 1304 4109 assensus
1330 4064 1389 4109 et
1421 4055 1821 4110 abrenuntiatio
1845 4056 1914 4111 ab
1940 4055 2082 4120 aliis,

494 4158 553 4203 ct
578 4163 688 4202 non
718 4149 786 4202 ab
812 4149 877 4202 iis
904 4148 997 4218 qui
1017 4146 1473 4203 illuminationem
1493 4150 1794 4220 accipiunt,
1818 4157 2083 4220 peragan-

495 4256 604 4309 ιιιτ.
643 4239 769 4294 llaec
808 4239 852 4294 si
884 4240 955 4294 ita
985 4255 1043 4293 se
1078 4240 1312 4304 habent,
1346 4250 1401 4295 et
1430 4243 1707 4296 memoria
1741 4251 2083 4297 mortuorum

2179 3502 2302 3559 ὑπὸ
2331 3499 2445 3569 τὴν
2473 3496 2703 3565 στέγην
2743 3492 3050 3560 εἰσέλθῃς·
3081 3486 3395 3563 (Ufens
3414 3484 3627 3553 λόγον,
3654 3480 3753 3535 καί

2185 3593 2498 3662 ίαθήσεται
2545 3592 2577 3644 ό
2626 3586 2768 3653 παῖς
2788 3601 2806 3619 ο
2835 3585 3085 3654 Ὕπαγε,
3119 3580 3219 3634 καί
3249 3580 3331 3644 ὡς
3358 3577 3758 3641 ἐπίστευσας,

2182 3683 2488 3757 γενηθήτω
2542 3696 2663 3747 σοι,
2695 3678 3017 3747 σαφέστατα
3073 3674 3242 3738 ἔδειξε
3296 3671 3385 3726 διά
3427 3671 3526 3741 τῆς
3563 3670 3756 3740 ἑτέρου

2183 3781 2421 3840 πίστεως
2452 3776 2547 3829 καὶ
2589 3775 2682 3827 τὸν
2740 3772 2816 3843 μὴ
2863 3771 3113 3842 παρόντα
3161 3767 3493 3837 σωζόμενον.
3528 3763 3623 3834 Μὴ
3658 3758 3760 3815 οὖν

2183 3874 2277 3927 ἐπὶ
2316 3870 2479 3926 πλέον
2526 3865 2860 3938 ἀμφίϐαλλε.
2901 3865 2965 3918 Εί
2993 3863 3102 3934 γὰρ
3149 3862 3218 3915 τά
3250 3860 3382 3928 παρ’
3416 3857 3582 3914 ἄλλου
3614 3855 3761 3925 ὑπὲρ

2184 3967 2372 4035 ἑτέρου
2402 3960 2792 4033 προσαγόμενα
2845 3957 3119 4026 ἀνόνητα,
3151 3954 3245 4008 καὶ
3299 3951 3440 4006 αὐτά
3471 3949 3657 4003 λοιπὸν
3687 3949 3761 4001 τὰ

2183 4058 2277 4112 ἐπὶ
2307 4055 2402 4111 τοῦ
2433 4054 2580 4108 θείου
2630 4049 2859 4122 λουτροῦ
2902 4050 3064 4121 χάριν
3108 4046 3206 4100 τοῦ
3262 4042 3637 4115 φωτιζομένου
3665 4057 3763 4094 τε·

2183 4146 2423 4217 λούμενα
2449 4145 2573 4198 κατ’
2610 4142 2763 4197 οὐδὲν
2793 4139 2959 4194 αὐτὸν
2983 4137 3311 4207 ὠφελοῦσιν,
3346 4138 3444 4191 ac:
3480 4134 3583 4203 τῆς
3630 4149 3764 4184 συν-

2182 4240 2357 4308 ταγῆς
2428 4236 2527 4291 καὶ
2565 4228 2849 4302 ἀπταγῆς
2890 4230 3022 4301 παρ’
3056 4230 3295 4300 ἐτέρων,
3352 4229 3445 4282 καὶ
3516 4227 3580 4281 οὺ
3623 4221 3764 4293 παρ’

494 4332 730 4385 maxime
769 4330 1025 4401 proﬁeuzn
1069 4339 1220 4396 sunt,
1269 4346 1505 4401 vereque
1543 4346 1784 4403 accepta:
1819 4342 1944 4388 sunt
1980 4352 1993 4388 :
2034 4349 2059 4389 s

2186 4331 2369 4387 αὐτῶν
2398 4328 2745 4399 τελουμένων
2791 4325 2900 4379 τῶν
2947 4325 3255 4394 δεχομένων
3287 4322 3349 4374 τὸ
3374 4322 3651 4389 φώτισμα.
3692 4319 3766 4372 Εί

496 4421 549 4477 i.|
582 4422 727 4476 enim
764 4437 874 4475 non
897 4432 1103 4488 essent,
1131 4438 1437 4492 nunquam,
1466 4434 1523 4477 ut
1554 4438 1718 4494 supra
1744 4425 1945 4479 dictum
1974 4435 2064 4480 est.

2184 4425 2242 4479 δὲ
2273 4424 2447 4478 ταῦτα
2473 4398 2645 4484 οὕτως
2676 4419 2814 4489 ἔχει,
2849 4419 2945 4471 καὶ
2968 4418 3088 4471 λίαν
3118 4415 3416 4483 έπωφελεῖς
3448 4414 3673 4474 πάντως
3698 4412 3764 4464 al

495 4514 1055 4570 conuuemorationes
1096 4516 1434 4585 praescriptis
1484 4516 1824 4585 temporibus
1871 4520 2079 4571 consti-

499 4610 734 4664 tuissent
770 4619 1109 4663 mortuorum
1145 4609 1258 4663 ﬁeri
1312 4609 1541 4680 apostoli
1570 4608 1879 4681 Christique
1912 4611 2071 4666 disci-

499 4701 635 4771 puli,
670 4701 758 4757 cui
803 4702 875 4757 sit
902 4702 1073 4772 gloria
1103 4702 1156 4756 in
1188 4702 1386 4757 saecula
1423 4702 1769 4758 sar-culorum.
1803 4706 1996 4759 Amen.

2190 4517 2427 4587 μνῆμαι,
2457 4514 2552 4565 καὶ
2577 4512 2655 4582 τῷ
2677 4512 2789 4565 δντι
2816 4510 3232 4579 εὐπρόσδεκτοιι
3267 4507 3329 4561 Et
3360 4506 3437 4578 μὴ
3464 4505 3575 4575 γὰρ
3601 4503 3766 4555 τοῦτο

2184 4603 2273 4681 ἦν,
2308 4608 2411 4661 οὐκ
2442 4604 2624 4671 ἂν,ὡς
2661 4603 2870 4657 ἀνωθεν
2898 4604 3138 4672 εἴρηται,
3173 4602 3391 4672 μνήμας
3422 4601 3480 4651 ὲν
3520 4595 3770 4667 ὡρισμέ-

2185 4718 2299 4763 νοις
2332 4700 2546 4769 καιροϊς
2590 4695 2913 4759 διετάξαντο
2964 4694 3212 4764 γίνεσθαι
3278 4694 3389 4746 τῶν
3441 4692 3766 4744 τεθνεώτων

2191 4794 2382 4847 ἕνεκεν
2410 4792 2462 4845 oi
2496 4789 2789 4844 ἀπόστολοι
2842 4788 2940 4842 καὶ
2994 4787 3237 4858 μαθηταὶ
3280 4784 3377 4838 τοῦ
3415 4782 3680 4855 Χριστοῦ,
3720 4773 3770 4849 ᾧ

2184 4888 2219 4958 ἡ
2254 4886 2383 4951 δόξα
2413 4886 2493 4949 είς
2524 4884 2652 4948 τοὺς
2698 4883 2904 4947 αἰῶνας
2933 4882 3042 4936 τῶν
3074 4880 3313 4937 αίὼνων.
3347 4878 3549 4948 ’Δμήν.

1899 4996 2235 5054 EPISTOLA
2276 4996 2373 5052 XX
2387 5038 2399 5051 .

1983 5112 2250 5185 (Fr:igm.)

1063 5236 1261 5292 Ad.....
1289 5268 1358 5278 —
1392 5237 1579 5296 Preces
1604 5236 1873 5303 justorum
1903 5218 2064 5291 etiam
2099 5235 2275 5303 impiis
2310 5231 2601 5301 demortuis
2636 5200 2904 5302 proﬁcitur
2944 5245 3058 5283 esse
3087 5230 3190 5299 (Ι).

570 5352 638 5407 Et
658 5352 789 5422 quid
812 5352 880 5409 de
906 5354 1221 5410 hominibus
1249 5355 1355 5425 piis
1382 5356 1596 5429 loquor,
1624 5371 1749 5411 cum
1770 5366 1827 5411 et
1853 5356 2084 5424 quibus-

498 5445 624 5499 dam
674 5445 980 5501 demortuis
1034 5446 1242 5517 impiis,
1298 5455 1355 5502 ut
1418 5448 1596 5502 oratio
1646 5449 1755 5517 jam
1823 5455 2080 5516 exponet,

504 5546 854 5603 peccatorqu
914 5537 1245 5592 solutionem
1299 5527 1665 5607 apportarint'
1687 5550 1879 5605 preces
1904 5535 2081 5604 justi?

2264 5351 2375 5403 Καὶ
2403 5348 2456 5402 τί
2493 5348 2638 5417 λέγω
2679 5349 2811 5419 περὶ
2851 5348 3066 5417 ἀνδρῶν
3095 5344 3365 5411 εὐσεϐῶν,
3404 5345 3543 5397 ὅπου
3571 5360 3637 5412 γε
3670 5346 3768 5397 καὶ

2192 5440 2449 5495 θανοῦσιν
2487 5440 2712 5494 ἀσεϐέσι
2750 5439 2917 5503 τισὶν,
2951 5436 3030 5501 ὡς
3077 5437 3108 5489 ό
3137 5434 3316 5505 λόγος,
3367 5435 3467 5505 ἠδη
3498 5434 3766 5505 γνωρίσει

2192 5551 2275 5588 σοι
2318 5533 2472 5587 λύσιν
2503 5531 2967 5603 ἀμπλακημάτων
2999 5530 3278 5602 ἐπήνεγκε
3327 5529 3544 5583 δικαίου
3583 5531 3721 5601 εὐχή
3752 5547 3768 5595 ;

581 5698 654 5764 (Ι)
696 5697 848 5763 Apud
874 5696 1127 5751 Allatium
1185 5698 1257 5753 De
1303 5696 1448 5749 libris
1483 5695 1847 5749 ecclesiasticis
1886 5694 2210 5758 Crwcorum,
2250 5709 2303 5762 p.
2344 5693 2465 5746 H7.
