4058 6196
490 318 3736 384 at,

1132 466 2041 741 JOANNIS
2172 543 3089 731 DIACONI

1558 867 2667 971 HADRIANOPOLEOS
2714 834 2741 845 ”

896 1094 1045 1208 IN
1126 1090 1709 1208 LAUDEM
1793 1084 2406 1203 JOANNIS
2494 1032 3363 1196 PAL/EOLOGI'

1646 1332 1655 1335 ν
1712 1304 2038 1367 CARMEN
2084 1304 2548 1367 POLITICUM.

1051 1473 1243 1538 (Edidit
1264 1474 1374 1536 Aug
1427 1471 1546 1523 Mar.
1572 1469 1843 1526 Bandiuius
1865 1468 2139 1527 Florentiae
2167 1467 2301 1528 I765,
2326 1466 2395 1527 ιο,
2416 1477 2528 1519 cum
2551 1466 2663 1515 aliis
2685 1465 2936 1533 opusculis
2964 1462 3190 1523 Graecis.)

1687 1794 2574 1894 ARGUMENTUM.

569 2001 825 2058 Collicem
858 1998 1054 2065 XXIII,
1123 1998 1294 2069 plutei
1321 2013 1441 2064 viti,
1482 1995 1833 2052 bibliothecze
1867 1989 2553 2052 Medicae-Laurentium,
2602 1987 2742 2042 varii
2779 1986 2997 2055 generis
3023 1983 3305 2055 opuscula,
3345 1998 3406 2037 ac
3447 1982 3753 2053 pnesertim

502 2094 811 2165 theologica
842 2092 1240 2152 continentem,
1269 2088 1477 2143 claudit
1517 2101 1713 2158 poema
1757 2086 1889 2141 satis
1927 2086 2177 2153 longum,
2215 2082 2470 2137 versibus
2504 2080 2745 2149 politicls
2774 2094 3119 2148 expressum,
3162 2080 3215 2131 in
3260 2079 3499 2139 laudem,
3556 2077 3634 2130 uti
3670 2078 3753 2129 vi-

436 2172 441 2173 ί
500 2183 684 2247 detur,
725 2184 921 2251 imper.
956 2182 1182 2237 Joannis
1221 2178 1527 2247 Palaeologi,
1557 2178 1702 2232 illius
1732 2176 1996 2230 nimirum
2032 2174 2150 2244 qui,
2188 2173 2434 2243 Eugenio
2467 2169 2536 2225 IV
2571 2171 2732 2226 Pent.
2764 2171 2905 2224 Max.
2942 2170 3216 2239 hortante,
3254 2177 3334 2237 ut,
3383 2169 3678 2226 Orientalis
3694 2177 3752 2222 et

500 2276 871 2331 Occidentalis
906 2274 1163 2328 Ecclesiae
1187 2273 1429 2327 dissidiis
1474 2272 1699 2326 tandem
1728 2271 1983 2336 sublatis,
2022 2278 2261 2339 utraque
2286 2283 2398 2323 uno
2428 2266 2602 2323 veluti
2637 2254 2951 2322 dilectionis
2994 2266 3215 2320 vinculo
3249 2266 3521 2336 colligata,
3556 2270 3749 2322 eadem

500 2367 730 2419 sentiret
769 2379 831 2418 ac
869 2363 1100 2423 coleret,
1144 2362 1197 2416 in
1242 2362 1453 2415 Italiam
1499 2362 1565 2414 ad
1612 2360 1910 2415 concilium
1948 2357 2235 2428 prolectus
2284 2364 2370 2411 est
2400 2357 2514 2425 (an.
2558 2356 2742 2426 H39).
2770 2358 2975 2425 Auctor
3017 2357 3305 2427 poematis.
3344 2367 3403 2411 ut
3457 2375 3525 2415 ex
3584 2363 3747 2418 titulo

498 2456 746 2524 ejusdem
796 2456 927 2511 item
957 2456 1189 2511 metrico
1221 2458 1454 2515 eruitur.
1486 2462 1568 2507 est
1592 2451 1836 2517 Joannes
1875 2450 2099 2520 quidam
2135 2462 2458 2507 (nconomus
2520 2459 2576 2503 et
2610 2449 2878 2515 diaconus
2906 2450 3154 2505 ecclesia:
3211 2452 3751 2524 lladrianoiiolitanze

502 2552 598 2618 (ita
636 2548 783 2601 enim
822 2548 1163 2616 ὐρεστιάδος
1190 2560 1379 2601 vocem
1413 2547 1882 2613 interpretamur).
1926 2543 2024 2597 llic
2054 2544 2242 2613 igitur,
2276 2552 2335 2598 ut
2362 2543 2663 2613 Polycarpo
2708 2544 2955 2613 ejusdem
3002 2525 3244 2600 ecclesiae
3276 2548 3506 2603 antistiti
3540 2564 3749 2604 morem

498 2653 742 2721 gereret,
809 2658 836 2695 a
879 2658 986 2712 quo
1017 2643 1067 2695 id
1094 2641 1198 2694 sibi
1228 2655 1427 2694 munus
1447 2637 1836 2693 demandatum
1877 2637 2076 2700 fuerat,
2122 2636 2475 2705 imperatoris
2505 2636 2693 2691 Iaudes
2721 2636 2794 2690 ita
2836 2637 3079 2691 carmine
3114 2642 3490 2709 prosequitur,
3530 2652 3591 2709 ut
3631 2658 3752 2700 om-

501 2749 605 2789 nes
646 2735 847 2804 ingenii
879 2737 1022 2801 vires
1049 2733 1440 2804 industriaeque
1482 2747 1593 2787 sum
1628 2745 1827 2786 nervos
1870 2731 1923 2787 in
1953 2731 2055 2786 hac
2092 2729 2376 2800 provincia
2399 2731 2620 2787 naviter
2643 2730 2897 2793 obeunda
2933 2733 3254 2788 intenderit.
3284 2736 3329 2789 Α
3355 2736 3573 2806 generis
3595 2752 3754 2790 nam-

504 2844 612 2899 que
647 2826 928 2881 nobilitate
959 2827 1336 2909 majorumque
1369 2826 1536 2897 regali
1567 2825 1864 2895 Splendore
1917 2824 2189 2895 poematis
2216 2824 2431 2887 initium
2467 2825 2807 2893 auspicatus,
2841 2826 2908 2879 ad
2938 2826 3108 2894 ipsius
3132 2828 3386 2898 proprias
3410 2830 3591 2893 dotes,
3625 2842 3741 2887 tum

505 2918 775 2986 corporis,
821 2926 933 2970 tum
964 2917 1154 2982 animi,
1184 2917 1547 2973 celebrandas
1577 2916 1963 2986 progreditur;
2004 2930 2166 2985 quem
2195 2915 2584 2985 proptereaoab
2618 2917 2735 2969 oris
2762 2917 2937 2970 [arma
2971 2933 3033 2972 ae
3061 2919 3283 2982 decore,
3322 2920 3562 2987 incessu,
3597 2934 3749 2980 metu

500 3019 560 3063 et
588 3009 827 3079 alloquio
861 3011 1229 3076 commendat,
1262 3010 1500 3080 Josepho
1528 3011 1624 3076 illi,
1661 3012 1818 3080 cuius
1846 3011 1898 3063 in
1933 3010 2102 3065 sacris
2146 3008 2369 3065 Litteris
2401 3010 2750 3079 pulchritudo
2786 3020 3142 3076 memoratur,
3181 3014 3517 3068 siunLintum
3554 3020 3749 3083 praedi-

507 3121 661 3160 cans.
690 3104 870 3161 Animi
907 3120 1032 3161 vero
1061 3107 1180 3176 ejus
1216 3105 1589 3175 praestantiam
1647 3105 1715 3159 iis
1742 3104 1897 3159 eliert
1929 3103 2206 3167 laudibus,
2246 3102 2658 3156 utlortitudine
2694 3102 3075 3172 Sampsouem,
3112 3122 3321 3161 morum
3361 3112 3628 3166 suavitate
3648 3115 3753 3169 Da-

507 3196 714 3262 videm,
758 3197 1029 3265 sapientia
1064 3196 1428 3251 Salomonem
1464 3193 1531 3246 ab
1567 3188 1685 3261 ipso
1711 3192 1905 3246 referri
1939 3190 2277 3260 pronuntiet.
2333 3189 2389 3243 In
2427 3190 2673 3259 ejusdem
2712 3201 2897 3259 postea
2929 3195 3301 3249 muniﬁcentia
3329 3201 3453 3267 erga
3501 3181 3751 3265 subditos

505 3301 571 3353 ac
597 3288 815 3355 profusa
851 3288 1180 3343 liberalitate
1201 3284 1541 3341 decantanda
1579 3285 1784 3337 multus
1824 3284 2172 3343 immoratur,
2207 3297 2368 3363 quem
2404 3281 2529 3335 Tito
2557 3282 2929 3351 Rutilanorutn
2962 3287 3221 3357 principi,
3245 3304 3307 3343 ac
3326 3292 3542 3357 peetieo
3576 3308 3748 3358 more,

507 3378 735 3441 Pactole
774 3377 1025 3446 Niloque,
1061 3392 1197 3432 auro
1238 3377 1591 3432 manantibus
1615 3375 1819 3440 ﬂuviis,
1851 3390 2171 3444 comparare
2197 3373 2423 3427 minime
2449 3373 2686 3428 dubitat.
2724 3375 2968 3446 Magnam
2989 3393 3208 3449 quoque
3242 3384 3509 3449 poematis
3536 3396 3748 3454 partem

506 3471 951 3541 complectuntur
973 3484 1034 3524 ea
1073 3484 1195 3540 quin
1235 3470 1349 3538 ipse
1385 3484 1486 3539 pro
1516 3468 1692 3522 salute
1748 3480 1803 3523 ct
1837 3467 2214 3522 incolumitate
2250 3466 2581 3535 populorum
2616 3468 2859 3549 suscepit
2892 3468 3088 3523 itinera
3130 3486 3191 3524 ac
3226 3473 3623 3541 navigationes,
3663 3493 3752 3549 pe-

508 3563 680 3619 ricula
743 3575 867 3631 qua:
904 3560 1058 3627 adiit,
1082 3559 1293 3615 labores
1325 3574 1465 3631 quos
1484 3560 1803 3624 exantlavit,
1837 3558 1976 3623 bella
2010 3574 2132 3628 qua:
2162 3558 2369 3629 gessit‘;
2409 3573 2519 3627 quo
2545 3558 2763 3628 quidem
2796 3561 2849 3614 iu
2880 3561 3002 3617 loco
3040 3563 3143 3617 suh
3168 3572 3359 3633 oculos
3403 3571 3558 3637 ponit
3616 3589 3759 3642 quo-_

510 3654 674 3713 modo
707 3664 908 3709 exterae
939 3656 1212 3719 nationes,
1238 3655 1362 3724 ejus
1394 3653 1735 3707 humanitate
1768 3652 2066 3717 devinctae,
2110 3662 2306 3721 sponte
2340 3665 2461 3704 sese
2493 3651 2571 3705 illi
2632 3652 2975 3718 dediderint,
3044 3671 3309 3727 regesque
3372 3662 3494 3733 ipsi,
3550 3681 3747 3720 novam

512 3744 644 3809 tanti
684 3745 1032 3815 imperatoris
1058 3747 1342 3826 virtutept,
1378 3744 1703 3815 sapientiam
1736 3745 2291 3813 moderationemque
2317 3742 2677 3808 admirantes,
2724 3748 2844 3821 ejus
2874 3764 2980 3802 non
3032 3753 3195 3819 modo
3240 3756 3489 3819 consiliis
3530 3761 3748 3814 eonati~

509 3842 719 3909 busque
742 3855 851 3895 non
888 3840 1223 3906 obstiterint,
1262 3844 1355 3898 sed
1407 3839 1601 3902 libenti
1632 3840 1816 3893 animo
1848 3854 2068 3912 operam
2089 3856 2241 3905 suam
2294 3848 2574 3915 prmstare,
2616 3840 2939 3910 obsequium
2970 3846 3233 3909 exhibere
3287 3852 3622 3909 studuerim.
3667 3856 3745 3910 Ad

511 3935 646 4004 haec,
672 3955 855 3995 rerum
882 3954 1100 4007 quoque
1133 3939 1345 3992 ratione
1376 3938 1681 3992 carentium
1719 3951 2055 4005 propensum
2094 3938 2505 4006 quodammodo
2532 3941 2777 4011 studium
2807 3958 2934 4012 erga
2962 3945 3160 4012 ipsum,
3226 3957 3282 4000 et
3317 3951 3610 4017 quatndam
3650 3954 3749 4006 be-

510 4031 834 4093 nevolcntia:
859 4030 1094 4098 speciem
1124 4028 1399 4098 adiungit,
1423 4028 1492 4081 ita
1525 4035 1606 4090 ut,
1640 4026 2105 4096 quemadmodum
2135 4029 2203 4080 de
2260 4045 2455 4098 magno
2511 4030 2771 4101 Pompeio
2820 4035 3048 4088 aﬂirmat
3073 4038 3287 4100 Cicero.
3320 4041 3437 4109 ejus
3471 4055 3529 4097 ut
3558 4046 3629 4100 ita
3659 4049 3746 4100 di-

508 4137 627 4181 cam
665 4122 920 4177 cursibus
950 4121 1096 4186 venti
1157 4120 1617 4186 obsecundarint,
1659 4121 1857 4189 (luctus
1894 4120 2226 4188 obedierint,
2265 4125 2435 4175 maria
2464 4125 2917 4193 obtemperarint.
2947 4127 3158 4193 Quibus
3187 4133 3453 4199 expositis
3484 4136 3741 4192 Dat-idem

504 4218 575 4283 βυ
606 4213 794 4267 inferis
826 4212 1049 4275 θιείῑίιις
1092 4220 1143 4264 ει
1176 4210 1243 4264 ad
1268 4212 1607 4271 concincnda
1630 4216 1887 4281 praeclara
1930 4214 2072 4280 regis
2110 4212 2351 4268 facinora
2386 4215 2581 4268 invitat
2617 4224 2797 4283 poeta,
2827 4232 3048 4285 unaque
3082 4220 3305 4275 Romam
3348 4225 3517 4291 ipsam
3557 4236 3571 4294 ς
3599 4228 3745 4282 Con-

505 4305 928 4385 stantinopolim
960 4305 1253 4379 intelligo),
1293 4314 1349 4359 ut
1374 4305 1549 4381 ipsum
1590 4304 1757 4358 veluti
1788 4319 1946 4361 suum
1971 4303 2238 4361 libertatis
2271 4304 2538 4359 vindicem
2569 4322 2630 4359 ae
2674 4306 3025 4365 liberatorem
3061 4309 3341 4375 plausibus
3361 4315 3618 4383 excipiat,
3652 4332 3744 4369 co.

509 4399 783 4463 llorlalur-
819 4398 1058 4452 Tandem
1096 4398 1159 4451 ad
1198 4398 1365 4450 Deum
1398 4397 1664 4463 optimum
1715 4395 2010 4459 Inaximum
2072 4409 2262 4464 preces
2292 4396 2549 4458 ell'undit,
2578 4407 2633 4449 et
2659 4397 2859 4467 ipsum,
2904 4398 3228 4453 incolumem
3264 4402 3462 4457 multos
3487 4405 3540 4456 in
3576 4420 3745 4458 annos

506 4509 571 4551 ac
602 4496 859 4567 sospitem
893 4494 1055 4559 tueri,
1097 4493 1326 4561 ejusque
1360 4490 1649 4558 imperium
1680 4498 1875 4549 contra
1909 4503 2100 4541 omnes
2127 4489 2476 4551 inimicorum
2514 4499 2744 4544 conatus
2772 4491 2993 4553 firmum
3031 4508 3095 4547 ac
3128 4503 3302 4547 tutum
3337 4507 3602 4564 prmstare
3655 4516 3740 4553 ve-

507 4585 592 4651 lit,
621 4588 713 4639 ubi
740 4586 850 4640 lere
884 4585 1067 4638 omnia
1103 4599 1165 4636 ex
1190 4583 1338 4636 divin
1364 4596 1390 4635 s
1421 4580 1646 4635 Litteris
1685 4580 1890 4645 hausit,
1923 4594 1986 4633 ac
2022 4580 2294 4648 praecipue
2321 4595 2387 4634 ex
2428 4582 2562 4651 regii
2598 4584 2738 4637 vatis
2769 4583 3060 4650 Psalterio,
3096 4602 3161 4639 ex
3202 4602 3339 4655 quo,
3376 4600 3579 4657 praeter
3640 4592 3743 4643 alia

510 4680 698 4740 nmlta,
732 4689 903 4733 totum
936 4680 1204 4751 psalmum
1235 4692 1365 4736 cvm
1398 4677 1511 4730 fere
1542 4675 1607 4727 ad
1649 4676 1875 4735 verbum
1911 4675 1965 4727 in
2013 4690 2173 4732 suum
2209 4689 2397 4743 poema
2420 4675 2727 4732 derivavit:
2762 4680 2921 4749 cujus
2954 4681 3006 4733 in
3041 4682 3145 4736 line
3176 4684 3440 4736 nonnulla
3471 4686 3639 4740 etiam
3687 4688 3737 4742 in

508 4771 789 4839 Polycarpi
846 4770 1063 4823 laudem
1110 4769 1404 4837 attingens,
1437 4766 1919 4835 singularetuejus
1958 4766 2213 4833 pietatem
2243 4767 2297 4820 in
2360 4768 2528 4821 Deum
2554 4810 2569 4832 ,
2605 4770 2919 4838 mirumque
2969 4787 3069 4840 pro
3099 4773 3358 4831 secmrdis
3395 4776 3745 4846 imperatoris

438 4892 459 4907 κ
511 4862 670 4914 rebus
700 4860 942 4913 studimn
987 4861 1058 4914 ita
1099 4860 1277 4919 ell'ert,
1304 4871 1364 4913 ut
1397 4860 1572 4918 illum.
1609 4872 1812 4910 novum
1845 4859 2009 4912 veluti
2053 4857 2272 4929 Moysen
2310 4861 2553 4915 extensis
2584 4864 2839 4917 manibus
2875 4880 2974 4930 pro
3023 4866 3328 4921 Israelitico
3365 4872 3569 4938 popqu
3624 4885 3758 4928 vota.

507 4957 821 5015 facientem,
853 4955 1013 5008 nobis
1033 4955 1311 5018 exhibeat,
1346 4970 1409 5008 ac
1436 4955 1697 5025 graphice
1728 4952 2141 5025 quodammodo
2171 4955 2451 5027 dcpingat.
2472 4958 2598 5012 llaec
2624 4960 2792 5025 totius
2816 4961 3000 5029 operis
3024 4977 3237 5017 sunnna
3268 4974 3351 5019 est
3404 4977 3571 5037 atque
3592 4988 3746 5028 como

506 5045 792 5118 pendium.
2850 5094 2855 5103 '

577 5137 731 5191 Nunc
759 5138 1031 5193 sermonis
1077 5138 1215 5191 ratio
1246 5138 1566 5207 postularet,
1600 5146 1661 5190 ut
1691 5137 1896 5205 aliquid
1927 5139 1994 5193 de
2024 5139 2198 5209 ipsius
2230 5149 2453 5197 auctore
2488 5141 2834 5203 diceremus:
2866 5146 2958 5207 sed
3005 5164 3128 5201 cum
3162 5150 3306 5217 nulla
3332 5150 3507 5223 ipsius
3540 5157 3746 5221 mentio

503 5231 645 5300 apud
672 5232 987 5301 scriptores.
1035 5230 1296 5293 Caveum,
1325 5230 1601 5286 Oudinum
1637 5247 1700 5287 ac
1731 5232 2043 5299 Fabricium
2085 5246 2342 5290 occurrat
2375 5235 2523 5303 (quo
2550 5236 2809 5292 lihentius
2834 5241 3075 5295 auctoris
3117 5252 3275 5296 antea
3306 5218 3473 5314 ignoti
3510 5265 3653 5318 opus

504 5325 741 5385 medium
779 5329 1020 5393 proferre
1065 5325 1306 5376 animum
1334 5322 1700 5390 indusimus),
1732 5337 1903 5390 pauca
1931 5321 2179 5392 quaedam
2208 5323 2275 5376 de
2301 5324 2564 5392 dignitate
2594 5340 2700 5393 qua
2733 5326 2785 5378 in
2820 5326 3058 5382 Ecclesia
3088 5329 3611 5402 liadrianopolitana
3641 5338 3743 5390 lul-

502 5418 685 5487 gebat,
724 5416 1108 5473 delibabimus.
1142 5414 1442 5475 QEconomi
1476 5414 1643 5485 igitur
1667 5430 1763 5472 seu
1798 5416 2207 5484 dispensatoris
2240 5414 2496 5468 Ecclesia!
2525 5432 2725 5475 munus
2750 5428 2893 5484 erat,
2925 5422 3431 5485 ecclesiasticarum
3466 5444 3658 5483 rerum
3683 5445 3745 5484 ac

504 5512 857 5585 pecuniarum
883 5524 1160 5562 sacrarum
1186 5509 1722 5569 administrationem
1757 5507 1987 5571 habere,
2018 5521 2221 5574 easque
2251 5508 2560 5561 secundum
2596 5511 2809 5589 preprii
2830 5512 3071 5584 episcopi
3102 5520 3436 5573 sententiam
3470 5522 3525 5576 in
3554 5526 3746 5593 sing..-

503 5601 587 5661 los
614 5601 815 5673 Christi
845 5601 1034 5665 ﬁdeles
1059 5600 1391 5667 distribuere
1418 5613 1581 5688 atque
1605 5616 1854 5675 erogare,
1885 5616 2062 5683 eaque
2095 5594 2275 5655 omnia
2314 5616 2574 5683 peragere
2602 5621 2721 5675 qua;
2756 5588 2998 5665 Isidorus
3057 5611 3111 5680 in
3140 5616 3377 5685 quadam
3403 5588 3737 5701 epistola—ad
