4066 6188
366 301 472 363 989
1282 298 1625 359 JDANNES
1662 296 2245 376 ARGYROPULUS,
2278 323 2345 330 —
2374 297 2710 367 nomn.
2980 365 2988 375 ,
3517 297 3624 357 990

367 412 647 466 rissimum
683 426 808 464 eum
842 418 997 465 vocat
1026 408 1416 479 philosophum
1444 447 1460 472 ,
1493 417 1547 462 ct
1578 408 1834 462 eumdem
1869 408 2046 460 virum
2074 408 2609 477 eloquentissimum,
2652 419 2815 476 atque
2860 406 3007 460 omni
3078 405 3491 473 disciplinarum
3535 424 3624 478 εο-

366 518 499 556 nere
527 504 952 572 praestantiaque
989 501 1307 568 pollentem,
1326 508 1381 553 et
1408 502 1513 553 hoc
1542 514 1652 552 uno
1686 499 1961 552 neminem
1994 499 2065 561 in.
2084 498 2343 550 universo
2371 496 2690 551 Graecorum
2726 512 2927 566 genere
2965 511 3142 565 neque
3179 496 3501 556 doctiorem,
3527 509 3624 549 nec

364 598 752 668 sapientiorem
781 611 901 650 esse
939 595 1249 648 conﬁrmat.
1278 594 1541 648 Eamdem
1578 595 1631 647 in
1687 593 2018 647 sententiam
2050 593 2117 645 de
2160 592 2254 646 illo
2290 593 2353 644 ad
2396 592 2665 646 Donatum
2704 592 3039 646 Acciaiolum
3072 591 3265 646 scribit
3292 591 3426 661 (25),
3457 590 3628 644 hunc-

369 709 477 764 que
506 702 562 747 et
594 692 858 760 reliquam
887 692 1234 759 iuventutem
1263 689 1639 745 Florentinam
1671 690 1881 751 laudat,
1918 688 2067 757 quod
2109 688 2162 740 in
2210 687 2334 741 talis
2372 689 2620 756 tantique
2653 695 2709 741 et
2740 688 2977 741 oratoris
3019 697 3073 740 et
3112 682 3420 755 philosophi
3451 684 3622 737 Gr:rci

365 804 488 843 sese
525 787 855 841 tradiderint
883 786 1253 854 disciplinam.
1286 786 1337 839 Is
1365 786 1481 854 ipse
1505 794 1688 838 autem
1721 784 2055 845 Acciaiolus.
2101 792 2492 852 praeceptorem
2528 784 2675 835 hunc
2715 797 2875 835 suum
2908 780 3225 835 collaudans
3257 776 3394 846 (26),
3428 776 3625 830 Plures

365 878 505 946 jam.
538 878 736 945 inquit,
779 891 976 936 annos,
1014 876 1317 929 doctrinam
1347 875 1574 927 tradidit
1607 874 1790 940 nobs,
1824 884 1973 929 tanta
2006 876 2183 943 c0pia,
2225 885 2332 928 tam
2390 873 2788 942 multiplicibus
2824 873 3099 940 variisque
3144 871 3493 925 sermonibus
3521 908 3535 928 .
3564 880 3625 925 ut

368 974 521 1027 visus
558 973 651 1034 sit,
685 972 1028 1042 temporibus
1054 970 1279 1033 nostris,
1315 979 1565 1023 veterum
1601 968 2054 1038 philosophorum
2098 970 2416 1023 memoriam
2451 982 2740 1021 renovare.
2769 967 2811 1020 A
2856 966 3107 1042 Gortesio
3154 967 3266 1035 (9.7)
3301 979 3471 1033 prope
3502 979 3624 1032 per-

365 1066 543 1119 fectus
575 1065 779 1119 dicitur
809 1065 1201 1133 peripateticus
1231 1072 1287 1115 et
1316 1076 1448 1115 sane
1484 1061 1790 1114 tolerabilis
1826 1060 2098 1128 scriptor;
2136 1062 2204 1114 ab
2240 1059 2502 1128 Alcyouio
2534 1058 2669 1126 (28),
2704 1059 3154 1127 philosomtorum
3196 1072 3309 1112 sure
3345 1057 3625 1110 memoriae

366 1160 528 1215 facile
562 1161 839 1228 princeps.
872 1159 1042 1225 Quam
1074 1159 1213 1211 bene
1243 1156 1311 1211 de
1351 1158 1566 1222 eodem,
1604 1167 1941 1225 prmecptore
1973 1171 2093 1217 suo,
2134 1156 2538 1210 existimaverit
2578 1157 2719 1224 Aug.
2765 1154 3065 1208 Politianus
3091 1191 3106 1215 ,
3154 1169 3316 1217 supra
3362 1153 3622 1220 exposui-

365 1266 511 1305 mus.
545 1252 707 1306 Plttra
742 1254 981 1304 virorum
1012 1248 1302 1302 doctorum
1343 1254 1497 1301 taceo
1549 1246 1865 1301 testimonia
1894 1284 1909 1308 ,
1963 1244 2167 1314 quibus
2198 1244 2265 1298 de
2301 1244 2501 1313 insigni
2552 1244 2862 1312 eximiaque
2899 1242 3047 1295 illius
3078 1242 3395 1295 eruditione
3432 1239 3626 1308 [medi-

367 1354 581 1398 carum.

443 1436 599 1500 Quod
630 1434 816 1489 multis
850 1433 1027 1488 doctis
1062 1434 1383 1487 hominibus
1423 1447 1715 1485 commune
1742 1440 1827 1485 est
1856 1430 2078 1491 vitium.
2105 1441 2166 1483 ut
2200 1430 2516 1500 arrogantia
2558 1429 2823 1487 scientiae,
2868 1441 2974 1495 qua
3004 1424 3235 1494 pollent,
3261 1423 3408 1477 socia
3439 1423 3508 1475 sit
3533 1436 3628 1475 co-
3658 1428 3662 1433 ’

370 1544 595 1595 mesque
623 1567 639 1592 ,
687 1536 742 1580 et
803 1528 906 1581 hac
942 1525 1115 1580 inﬂati
1154 1526 1301 1581 solos
1359 1539 1479 1595 sese
1514 1539 1704 1592 sapere
1752 1532 1967 1593 putent,
2000 1524 2247 1593 aliosque
2278 1538 2390 1591 prae
2428 1537 2487 1575 se
2521 1528 2894 1583 contemnant,
2928 1520 2996 1571 ab
3032 1519 3135 1571 hoc
3168 1516 3306 1571 adeo
3353 1531 3463 1569 non
3495 1514 3630 1568 liber

375 1619 480 1673 fuit
505 1617 900 1689 Argyropulus,
930 1629 991 1672 ut
1023 1619 1212 1687 potius
1239 1617 1288 1673 is
1316 1616 1492 1670 videri
1524 1617 1783 1679 voluerit,
1819 1617 1913 1684 qui
1947 1632 2139 1670 omnes
2183 1615 2328 1671 inter
2356 1616 2411 1669 in
2442 1616 2592 1669 omni
2620 1614 2883 1667 doctrinae
2910 1626 3108 1682 genere
3139 1624 3281 1663 unus
3319 1608 3617 1666 emineret.

372 1720 428 1767 et
461 1712 797 1767 insolentius
830 1726 1174 1766 summorum
1206 1712 1372 1765 etiam
1407 1712 1652 1764 virorum
1685 1711 1998 1779 despexerit
2030 1711 2419 1765 eruditionem.
2458 1709 2629 1764 Totus
2663 1709 2801 1761 adeo
2845 1707 2898 1760 in
2932 1722 2997 1761 co
3029 1706 3285 1759 diversus
3315 1703 3417 1757 fuit
3465 1719 3494 1756 a
3527 1716 3624 1756 ve-

370 1818 488 1865 tere
517 1806 697 1862 sodali
738 1823 858 1870 suo,
894 1806 1189 1862 Theodoro
1216 1807 1385 1868 Gaza,
1420 1806 1510 1872 qui
1552 1807 1834 1859 modestia:
1878 1820 1992 1859 sum
2043 1821 2170 1875 erga
2228 1806 2378 1860 illum
2435 1805 2614 1873 ipsum
2665 1803 2951 1871 singulare
3002 1798 3155 1853 dedit
3210 1800 3627 1851 documentum-

369 1901 613 1967 Etenim,
654 1915 779 1954 cum
813 1898 1128 1955 Aristotelis
1158 1899 1446 1954 Naturalia
1478 1911 1641 1969 atque
1679 1898 1901 1952 Moralia
1931 1898 2311 1970 Argyropulus
2341 1899 2535 1953 Latine
2567 1897 2939 1953 convertisset
2966 1936 2980 1960 ,
3010 1894 3155 1949 Gaza
3187 1892 3436 1961 quaedam
3463 1932 3477 1956 ,
3514 1906 3541 1942 a
3572 1904 3629 1943 se

368 1997 575 2067 pariter
622 1995 904 2061 translata,
955 1995 1291 2058 combussit,
1332 2011 1424 2058 ne,
1480 2005 1539 2049 ut
1590 1994 1783 2049 Jovius
1835 1996 1932 2062 ait,
1981 1995 2585 2055 amicissimi'bomiuis
2624 1992 2893 2049 crescenti
2945 1992 3101 2046 fama:
3136 1991 3456 2051 oilicerent,
3489 1986 3534 2042 si
3564 1986 3629 2040 ad

366 2089 777 2146 aemulationem
814 2088 1004 2143 Odiosa
1050 2089 1463 2159 comparatione
1495 2097 1823 2143 certaretur.
1877 2088 2070 2143 Latina
2115 2092 2261 2143 enim
2294 2130 2309 2154 ,
2341 2090 2523 2148 addit.
2565 2090 2817 2143 ubertate
2852 2087 3141 2141 facundior
3170 2127 3184 2151 ,
3230 2093 3283 2138 et
3315 2084 3630 2137 Graecorum

368 2179 809 2235 modestissimus
844 2180 945 2234 hoc
992 2179 1151 2234 facile
1202 2178 1366 2233 dabat
1416 2178 1557 2233 elate
1605 2179 1898 2233 ambitioso
1947 2190 2002 2234 et
2048 2181 2335 2249 amplioris
2398 2181 2701 2248 percupido
2754 2179 3004 2233 fortuure.
3059 2177 3397 2247 Arrogantiae
3450 2176 3623 2245 ipsius

363 2271 706 2327 luculentum
765 2271 1077 2339 exemplum
1111 2279 1383 2324 memorat
1422 2270 1751 2335 Politianus,
1782 2271 1897 2335 ubi,
1931 2280 2328 2341 praeceptorem
2378 2272 2531 2324 illum
2563 2287 2746 2333 suum,
2784 2271 3107 2324 Ciceronem
3141 2268 3502 2337 philoSOphite
3535 2284 3631 2335 pa-

368 2364 505 2417 riter
540 2372 701 2433 atque
732 2362 1056 2419 Graecarum
1094 2366 1404 2418 litterarqu
1442 2364 1728 2431 imperitiae
1762 2344 2034 2433 arguisse,
2072 2366 2278 2430 refert;
2314 2376 2367 2419 et
2400 2380 2524 2417 cum
2557 2364 2803 2416 omnium
2840 2363 3145 2416 acerrimus
3176 2374 3320 2414 esset
3354 2362 3405 2412 in
3442 2361 3632 2428 dispu-

374 2450 544 2503 tando
577 2462 740 2519 atque
777 2467 965 2505 aurem
994 2450 1164 2520 (quod
1197 2451 1275 2503 ait
1310 2448 1581 2515 Persius),
1618 2451 1866 2505 mordaci
1903 2452 2046 2507 lotus
2077 2464 2255 2514 aceto,
2289 2453 2443 2507 facile
2472 2453 2521 2505 id
2549 2453 2650 2505 sibi
2684 2452 3030 2519 tra‘tcrisquc,
3058 2462 3169 2503 tutu
3203 2451 3425 2519 quidem
3458 2459 3633 2504 secta-

370 2542 581 2601 toribus
616 2541 731 2594 suis
780 2541 1117 2609 persuasisse
1172 2541 1245 2594 ait
1301 2549 1380 2603 ut,
1415 2538 1560 2609 quod
1624 2555 1761 2608 pene
1787 2541 1942 2595 dictu
1982 2558 2201 2612 quoque
2228 2545 2380 2597 nefas
2411 2543 2502 2605 sit,
2540 2559 2635 2610 pro
2667 2558 2931 2597 concesso
2966 2542 3106 2594 inter
3135 2542 3281 2609 ipsos
3311 2542 3630 2599 haberetur,

367 2647 475 2685 nec
509 2633 894 2699 philosophum
931 2631 1105 2686 fuisse
1134 2632 1206 2686 Μ.
1235 2630 1477 2684 Tullium
1510 2646 1615 2685 nec
1650 2631 1863 2686 litteras
1906 2632 2125 2688 Graecas
2158 2634 2413 2687 calluisse
2448 2635 2585 2698 (ρει).

438 2723 545 2780 Sed
576 2732 632 2777 et
661 2723 980 2779 cbriositate
1014 2739 1076 2778 ac
1105 2723 1407 2777 voracitate
1444 2722 1601 2776 fama!
1644 2737 1755 2776 sua:
1811 2724 2077 2777 maculam
2128 2728 2359 2790 aspersit
2394 2725 2768 2793 Argyr-opulus
2794 2764 2806 2787 ,
2845 2724 2888 2776 si
2922 2723 3141 2792 quidem
3185 2720 3339 2776 Jovio
3376 2722 3508 2777 fides
3540 2735 3623 2779 est

368 2813 642 2889 habenda,
679 2817 795 2886 qui,
832 2816 941 2870 viui
967 2824 1022 2870 et
1050 2814 1158 2869 cibi
1185 2828 1341 2883 aeque
1373 2814 1596 2867 avidum
1626 2822 1682 2867 et
1713 2828 1991 2881 capacem,
2039 2822 2093 2867 et
2148 2816 2317 2867 multo
2367 2814 2662 2868 abdomine
2708 2814 3081 2866 ventricosuan
3118 2828 3243 2866 eum
3273 2813 3466 2877 fuisse,
3503 2824 3614 2868 tra-

371 2912 453 2966 dit
488 2913 624 2983 (50).
662 2912 866 2967 Eodem
914 2916 1142 2965 auctore
1168 2951 1183 2975 ,
1220 2910 1411 2964 Romae
1458 2908 1531 2961 ita
1579 2908 1781 2976 opimis
1814 2909 2107 2977 stipendiis
2137 2910 2305 2962 vitam
2361 2892 2636 2974 traduxit,
2673 2917 2735 2960 ut
2770 2916 2879 2961 tota
2925 2909 3231 2962 substantia
3287 2912 3622 2979 quotidianis

370 3006 692 3076 sumptibus
725 3012 1058 3075 asquaretur,
1092 3012 1148 3058 et
1179 3002 1234 3056 in
1266 3010 1515 3056 extremo
1543 3000 1672 3055 vita:
1700 3013 1822 3057 actu
1855 3003 2094 3073 jocatus,
2127 3002 2359 3056 ditiores
2391 3005 2621 3065 amicos,
2649 3002 2775 3056 aeris
2804 3001 2988 3069 alieni,
3024 3003 3247 3057 condito
3280 3014 3628 3068 testamento,

370 3099 623 3155 bteredes
656 3098 1013 3167 relinqueret.

442 3191 724 3259 Prazcipua
767 3189 1096 3261 Argyropuli
1126 3179 1391 3243 doctrinae
1439 3189 1757 3256 ingeniique
1810 3199 2163 3241 monumenta
2214 3199 2343 3244 sunt
2374 3189 2579 3241 Latium
2613 3190 2982 3259 complurium
3020 3193 3332 3247 Aristotelis
3364 3194 3632 3263 librorum

390 3286 878 3352 nterpretatioues.
906 3299 1042 3353 quas
1071 3282 1364 3337 Florentiae
1391 3282 1666 3345 coafecit,
1704 3284 1955 3351 gratique
1995 3284 2079 3335 sui
2116 3298 2247 3351 erga
2285 3297 2430 3334 verae
2471 3281 2692 3334 virtutis
2736 3282 2983 3337 altricem
3026 3285 3250 3339 domum
3301 3287 3621 3350 Mediceatu,

375 3375 545 3429 animi
575 3384 795 3430 exstare
832 3375 1007 3427 voluit
1040 3383 1226 3427 testes.
1259 3373 1334 3426 Ex
1364 3372 1552 3426 Grch
1587 3371 1850 3424 nimittttn
1900 3370 2091 3425 Latine
2126 3370 2397 3424 convertit
2427 3372 2745 3426 AriSIotelis
2774 3372 3229 3438 Pra-dicamcnta;
3271 3374 3345 3427 De
3377 3379 3636 3446 interpre-

372 3467 579 3519 tatione
620 3467 854 3531 librum;
895 3465 1307 3535 Analyticorum
1350 3467 1702 3535 posteriorum
1746 3466 1959 3527 l‘bros;
2000 3464 2237 3533 Physica:
2285 3463 2691 3518 ouscultationis
2745 3468 2915 3521 lilzros
2964 3480 3125 3530 octo;
3174 3469 3247 3521 De
3291 3471 3416 3522 coelo
3460 3471 3634 3525 libros

371 3572 646 3629 quatuor;
696 3560 769 3613 De
806 3563 989 3616 anima
1020 3561 1195 3614 libros
1232 3568 1383 3624 tres;
1431 3560 1925 3631 illetaphysicornm
1964 3560 2138 3613 libros
2189 3558 2525 3623 duodecim;
2581 3560 2893 3614 Etlzicorum
2930 3563 2998 3615 ad
3037 3563 3411 3618 Niromaclmm
3460 3566 3634 3621 libros

372 3650 600 3717 decem;
637 3661 692 3706 et
726 3651 1077 3705 Politicorum
1109 3651 1282 3705 libros
1311 3663 1459 3705 octo.
1496 3650 1792 3705 Versiones
1840 3652 1923 3705 ha:
1971 3651 2382 3720 antiquioribus
2414 3652 2727 3707 Aristotelis
2775 3670 3003 3722 operum
3041 3636 3378 3710 editionibus
3426 3657 3635 3713 Latinis

372 3759 438 3797 ac
472 3746 752 3799 nonnulla:
782 3747 947 3800 etiam
981 3748 1035 3800 in
1061 3742 1854 3815 GraecovLatinisqmbusdam
1883 3748 2164 3817 leguntur.
2191 3747 2314 3802 Mss.
2343 3748 2395 3801 iu
2429 3747 2765 3801 bibliOthcca
2792 3750 3154 3804 Laurentiana
3188 3750 3427 3805 Medicea
3456 3770 3631 3807 asser-

376 3844 599 3897 vantur,
636 3837 845 3905 hasque
882 3837 1233 3891 continentes
1265 3837 1317 3889 in
1356 3837 1449 3889 illa
1487 3846 1705 3891 exstant
1734 3837 1955 3893 codices
1989 3838 2199 3906 aliquot
2232 3837 2662 3902 ntcmbranacei,
2696 3838 3123 3906 elegantissimis
3144 3841 3355 3891 Cosmae
3378 3850 3433 3892 et
3458 3842 3626 3904 Petri,

380 3926 773 3995 Mediceornm,
816 3930 1101 3999 ipsiusque
1152 3930 1493 3999 interpretis,
1522 3932 1774 3984 iconiltus
1804 3932 2057 3984 uoruati
2099 3931 2234 3998 (3i).
2268 3930 2492 3983 Diversa
2528 3940 2575 3981 et
2615 3932 2891 3984 contraria
2934 3932 3075 3984 inter
3112 3950 3169 3986 se
3209 3936 3274 3988 de
3299 3910 3629 4001 Argrmpuii

383 4022 731 4075 versionihus
774 4022 1020 4083 virorum
1062 4023 1351 4077 doctorum
1388 4032 1516 4076 sunt
1541 4023 1747 4093 judicia
1801 4024 1934 4094 (52).
1968 4024 2035 4079 Β.
2067 4022 2462 4076 Volaterranus
2510 4023 2644 4090 (55),
2676 4023 2955 4090 eleganter
2995 4026 3165 4093 magis
3195 4042 3356 4094 quam
3400 4026 3633 4079 ﬁdeliter

374 4117 688 4172 Aristotelis
718 4116 891 4169 libros
914 4130 1038 4169 cum
1078 4115 1416 4170 convertisse
1448 4124 1657 4171 censet.
1689 4115 1889 4169 Contra
1923 4131 1985 4169 ea
2022 4116 2214 4170 Joach.
2241 4115 2527 4168 Perionius
2559 4113 2692 4181 (5i).
2740 4114 2973 4168 fideliter
3007 4118 3175 4195 magis
3212 4132 3372 4184 quam
3437 4127 3628 4173 ornate

378 4210 770 4278 eleganterque
806 4208 929 4262 illos
960 4209 1108 4275 ipsos
1142 4208 1436 4263 translatos
1467 4209 1536 4262 ab
1579 4222 1647 4262 eo
1699 4208 1869 4262 fuisse
1900 4211 1998 4263 ait.
2022 4199 2232 4263 ‘Petrus
2271 4208 2517 4261 Nannius
2552 4207 2664 4275 (55)
2711 4215 2917 4270 autem,
2970 4210 3033 4259 ad
3077 4216 3237 4262 verba
3270 4213 3440 4279 magis
3468 4229 3629 4281 quam

320 4313 329 4319 ·
376 4303 441 4354 ad
474 4316 696 4355 sensum
723 4300 1129 4369 Argyropulum
1159 4300 1485 4364 attendisse,
1522 4299 1807 4369 ipsiusque
1841 4301 1978 4355 adeo
2017 4300 2502 4370 interpretationes
2534 4313 2636 4354 nec
2661 4298 2874 4362 ﬁdeles,
2900 4314 3000 4351 nec
3028 4300 3305 4369 elegantes
3328 4318 3469 4367 esse,
3501 4320 3627 4373 pro.

449 4477 560 4543 (25)
592 4475 791 4529 Eodem
824 4477 958 4543 Epp.
990 4476 1152 4537 libro,
1186 4474 1414 4543 cpistola
1439 4475 1627 4539 25;ex
1660 4492 1761 4542 qua
1786 4476 1952 4531 etiam

381 4546 647 4600 discimus
687 4544 1054 4597 Mediolanum
1106 4561 1153 4597 a.
1212 4544 1347 4598 1456
1398 4546 1800 4615 Argyropulnm
1856 4564 1954 4600 re-

380 4618 547 4675 uisse.
580 4625 635 4668 ct
686 4632 713 4666 a
757 4615 1002 4685 principe
1055 4615 1467 4680 perhumaniter
1512 4618 1954 4685 pcrhettigncqne

380 4695 694 4741 tractatum.
741 4685 805 4735 ad
845 4683 1240 4752 Transalpinos
1307 4683 1615 4748 transiiSse,
1652 4683 1951 4741 reditusiad

377 4755 740 4809 constitutum
775 4765 994 4821 tempus
1027 4768 1121 4821 Spe
1152 4756 1312 4807 far-ta.

452 4824 566 4890 (26)
608 4824 842 4877 Promm.
896 4824 948 4876 in
1012 4826 1410 4891 expositionem
1458 4823 1584 4878 libr.
1650 4825 1953 4879 Etlu'corum

376 4893 709 4953 Aristotelis,
741 4893 805 4943 ad
837 4895 1053 4946 clariss.
1087 4894 1285 4951 virum,
1310 4893 1563 4946 Cosmum
1590 4895 1879 4949 Mediccxn.

451 4963 565 5085 (ἐξ)
598 4961 742 5083 ῗὶαι.
779 4963 843 5015 de
869 4963 1032 5017 docti:
1055 4963 1373 5027 horrrinibus,
1399 4978 1521 5032 pag.
1553 4963 1645 5018 45.

508 5065 518 5084 .
548 5044 558 5085 )
653 5072 665 5084 .
698 5049 742 5085 ε.
777 5049 823 5085 c.

508 5038 558 5095 8)
606 5038 665 5084 L.
698 5049 742 5085 ε.
777 5049 823 5087 c.

769 5049 1091 5165 Politianus,
1127 5102 1349 5157 Misce”.
1384 5118 1434 5156 c.
1467 5106 1527 5157 ιε
1561 5117 1671 5172 quo
1716 5103 1833 5172 ipso
1862 5120 1953 5161 ca-

380 5172 512 5241 pite,
534 5171 864 5243 Ciceronem
898 5174 1125 5243 ejusque
1153 5176 1551 5242 expositionem
1572 5171 1821 5228 Voeab’uli
1866 5177 1953 5228 ὲν-

380 5244 677 5312 τελέχειᾳν,
732 5240 942 5295 Tusculi
1007 5240 1301 5307 Qua’stft,
1337 5244 1425 5304 10.
1480 5259 1585 5312 qua
1642 5245 1949 5299 Tullianam

379 5311 579 5365 Graeca:
607 5311 806 5376 lingua:
839 5312 1202 5381 ignorantiam
1232 5315 1593 5382 comprobare
1637 5315 1950 5370 instituerat

379 5383 779 5449 Argyrtipulus,
812 5396 842 5434 a
887 5383 1161 5435 calumnia
1216 5384 1483 5451 ejusdem,
1526 5385 1683 5451 cujus
1727 5387 1948 5451 quidem

379 5451 515 5502 alias
544 5452 690 5518 apud
716 5468 773 5503 se
791 5467 896 5504 non
927 5452 1106 5520 exigui
1136 5454 1392 5517 ponderis
1415 5456 1799 5509 auctoritatem
1827 5471 1951 5509 esse

383 5520 695 5595 profitetur,
725 5536 790 5574 ex
822 5523 1086 5595 instituo
1102 5522 1344 5595 defendit
1364 5524 1679 5595 Cotoneuus
1706 5528 1951 5595 l’apado-

383 5586 516 5656 poli,
553 5587 591 5641 ι.
629 5606 773 5663 s._c.,
816 5592 910 5663 ubi
944 5590 1087 5645 ,ιονΞί
1140 5592 1337 5663 repetit
1378 5586 1947 5663 narrationem,-quml

380 5661 779 5729 Ανέγιτορηιυς,
804 5661 1126 5719 Ciceronem
1152 5660 1367 5716 Graecas
1408 5661 1616 5717 litteras
1674 5660 1949 5734 ignorasse

2030 5192 2341 5249 'mss_._nopo
2369 5179 2619 5249 vulgatus

2062 4477 2457 4555 prmd_ica\'erit,
2486 4476 2684 4555 addit_:_
2712 4476 2938 4555 Quanitr
2959 4492 3020 4555 s_e_
3045 4494 3149 4531 non
3188 4482 3433 4555 omnino
3459 4484 3628 4555 Argy-

2060 4549 2286 4612 ropulns
2321 4548 2612 4602 delirabat.
2654 4548 2938 4607 Perbellcl
2982 4547 3203 4614 Nempe,
3239 4558 3295 4602 ut
3322 4547 3629 4608 Politianus

2057 4617 2123 4669 de
2169 4616 2370 4669 Graecis
2396 4633 2505 4669 sua:
2536 4618 2713 4669 :etatis
2747 4617 3064 4668 hominibus
3099 4627 3349 4669 testatur.
3401 4619 3629 4669 thlitms

2058 4619 2123 4669 de
2169 4619 2370 4669 Graecis
2396 4633 2505 4669 sua:
2536 4619 2713 4669 :etatis
2747 4619 3064 4668 hominibus
3099 4627 3350 4684 testatur,
3401 4619 3629 4676 Latinos

2058 4686 2110 4737 in
2145 4687 2524 4765 participantur
2554 4687 2897 4765 su:e_lingua:
2922 4686 3296 4757 doctrinaeque
3323 4704 3429 4743 non
3455 4691 3631 4746 libcuo

2060 4764 2141 4808 ter
2173 4755 2415 4808 admittit
2448 4757 2550 4809 ista
2586 4757 2751 4811 natio.

2129 4826 2241 4892 (50)
2284 4825 2441 4879 Couf.
2490 4827 2648 4899 llayle
2673 4827 2709 4879 Ι.
2741 4844 2787 4881 c.
2828 4828 3195 4899 Argympnlo,
3231 4828 3375 4897 quod
3403 4828 3628 4884 Cicero-

2054 4912 2179 4949 nem
2216 4912 2321 4949 non
2360 4897 2535 4965 magni
2570 4899 2779 4957 fecerit.
2811 4897 3117 4952 subiratum
3163 4899 3379 4953 luvium
3415 4900 3529 4955 haec
3562 4905 3630 4958 de

2054 4968 2144 5020 illo
2171 4967 2455 5030 scripsisse
2489 4966 2744 5034 opinatur
2768 4968 2971 5022 llodins
3001 4970 3039 5024 Ι.
3078 4987 3149 5032 c.,
3190 4987 3240 5033 ι».
3278 4969 3401 5024 191.

2128 5038 2237 5105 (51)
2279 5035 2409 5090 Vide
2429 5037 2602 5093 Calai.
2635 5037 2895 5093 Biblioth.
2924 5039 3418 5093 Laurent.-.\ledic.
3442 5057 3469 5094 a
3498 5042 3629 5095 Ber-

2054 5107 2214 5161 nard.
2251 5105 2319 5160 de
2371 5107 2722 5163 Moutl'ancon
2777 5110 2830 5163 in
2891 5109 3143 5164 Biblioth.
3193 5110 3624 5163 bibliothecarum

2653 5193 2703 5244 p.
2739 5180 2863 5242 579,
2898 5181 3023 5243 402,
3054 5181 3176 5236 542,
3205 5181 3308 5231 405
3339 5192 3393 5232 ct
3425 5182 3547 5233 418.

2126 5245 2235 5315 (52)
2268 5245 2521 5302 Pluribus
2556 5249 2649 5300 illa
2696 5260 2913 5303 enarrat
2966 5252 3020 5305 P.
3059 5251 3236 5313 Bayle.
3279 5251 3331 5302 iu
3393 5249 3621 5304 Diction.

2050 5318 2173 5371 hiat.
2205 5328 2251 5370 et
2284 5320 2424 5379 crit,
2464 5328 2592 5371 tom.
2626 5317 2665 5379 Ι,
2701 5335 2817 5389 pag.
2851 5322 2973 5373 508.

2129 5390 2240 5457 (55)
2279 5390 2481 5443 Comm.
2514 5390 2630 5440 urb.
2667 5388 2912 5454 lib.’.\'x1,
2950 5406 3070 5458 pag.
3104 5388 3225 5442 776.

2127 5458 2239 5525 (54)
2270 5460 2431 5511 Teste
2461 5458 2709 5517 'l‘hnano.
2742 5459 2876 5512 Hist.
2907 5461 2940 5513 l.
2978 5475 3127 5517 unt.
3161 5477 3213 5521 p.
3248 5475 3318 5512 m.
3358 5458 3516 5513 1057.

2126 5529 2236 5602 (55)
2298 5530 2629 5602 Συμμίκτῳν
2670 5529 2773 5602 lib.
2833 5546 2867 5590 ι,
2924 5546 3043 5596 cup.
3107 5530 3313 5602 pag.
3361 5528 3625 5602 6.90M.

2056 5598 2261 5667 llaillct,
2295 5600 2499 5669 Jugem.
2552 5598 2638 5651 des
2661 5599 2919 5665 Spartans,
2946 5612 3074 5652 tom.
3112 5598 3198 5662 ιγ,
3231 5616 3352 5670 pag.
3388 5600 3516 5655 555.
