4066 6188
269 340 370 409 993
1198 328 1295 391 DE
1332 317 1856 389 PROCESSIONE
1898 312 2261 375 SPlRlTUS
2299 308 2591 371 SANCTI.
3418 300 3533 365 99t

272 456 507 529 στηκότα
557 449 767 522 χρόνον,
799 446 857 510 ὃς
896 440 1199 516 ἡμῖνάγαν
1252 438 1595 510 βραχύτατος
1650 435 1841 529 ξυγκε-

1965 426 2111 479 ιθτιιιι
2137 423 2393 491 viresque
2460 410 2720 473 deﬁcient
2769 428 2877 469 nou
2913 420 3121 467 tantum
3147 412 3253 467 hoc
3278 412 3537 481 praesenti

1965 525 1968 529 .
2394 512 2407 529 I
2452 509 2609 529 ..ΑΙ-2-
2637 520 2794 529 ..ηΑμ
2835 504 3223 529 ῑι-Α..2,.ι.2.-.κ.υι
3277 503 3501 529 ,ιλ-..ιΑᾹξ

270 522 541 621 χώρηται,
573 541 689 598 ἀλλ’
721 537 828 592 οὐδ’
861 538 951 591 ὅτε
1004 533 1200 621 καιρὸς
1227 530 1339 585 τῶν
1372 529 1483 583 σῶν
1527 522 1839 621 ἐγκωμίων,

270 612 629 694 subissem
656 628 1053 699 λαμπροτάτην
1076 618 1229 692 οἶμαι
1276 620 1344 674 τὰ
1381 619 1452 672 σὰ
1481 612 1843 686 ποιησόμεθα,

1956 525 2227 586 tempore,
2261 512 2411 583 quod
2450 509 2612 565 nobis
2632 520 2798 578 quam
2835 504 3225 560 brevissimum
3274 503 3533 559 concedi-

1951 617 2063 674 tur,
2094 606 2191 662 sed
2240 604 2405 659 etiam
2433 615 2557 656 cum
2588 608 2713 655 tuas
2756 593 3053 652 enarrandi
3083 593 3277 649 laudes
3319 593 3538 647 occasio

269 683 569 800 δέχ’ἢξᾷν-
611 683 672 774 δὲ
698 683 835 773 καὶ.
862 720 949 788 τῇ,
990 683 1060 788 ἦν
1123 683 1267 784 ἐχεις
1304 709 1434 782 περὶ
1473 683 1608 769 τοὺς*
1656 704 1848 772 λόγους

1965 715 2074 757 sese
2108 697 2315 762 tulerit,
2350 703 2406 751 et
2425 690 2845 749 nobilissimum
2873 696 3258 758 argumentum
3297 683 3536 738 orationi

273 795 530 887 σπουδὴν,
562 813 658 879 οὒς
686 812 795 866 τῶν
829 812 887 863 ὲν
940 809 1076 880 ἡμῖν
1100 804 1359 860 ἁπάντων
1386 798 1621 870 νομίζων
1669 795 1730 849 τὸ
1769 812 1849 847 τι-

275 901 569 983 μιώτατον,
608 905 705 959 νῦν
758 904 859 974 μὲν
890 900 1155 970 ἱστορίαις
1204 897 1421 969 χαίρεις
1472 891 1568 945 καὶ
1599 888 1744 958 άπερ
1792 888 1851 939 ὲν

274 978 617 1072 ξυγγραφαῖς
646 994 988 1064 περιέχεται,
1017 989 1115 1045 νῦν
1136 990 1193 1042 δὲ
1227 984 1543 1056 φιλοσοφεῖς
1582 978 1849 1051 ἀκριϐῶς,

272 1069 465 1159 ὥσπερ
492 1106 584 1152 τις
626 1092 684 1142 ὲν
729 1082 1041 1154 ’Δκαδημίᾳ
1079 1079 1333 1152 τραφεὶς,
1381 1076 1415 1147 ἢ
1457 1073 1662 1135 πλοκὰς
1695 1069 1853 1132 εἰδὼς

273 1186 472 1253 λόγων,
507 1181 602 1245 οὓς
654 1178 820 1243 αὐτὸς
855 1177 1084 1242 ἐπλεξεν
1136 1174 1165 1226 ό
1195 1170 1535 1241 Περίπατος.
1596 1164 1851 1253 Μάλιστα

273 1275 319 1329 δ’
348 1249 431 1328 δτι
461 1273 622 1343 μόνος
660 1269 850 1339 σχεδὸν
885 1267 953 1319 τὰ
984 1264 1221 1334 δημόσια
1262 1258 1541 1328 πράττων,
1574 1254 1672 1307 καλ⁵
1700 1249 1846 1305 τοῦτ’

277 1367 544 1435 ὑπάρχων
574 1363 632 1414 ὲν
694 1360 869 1426 πόλει,
907 1359 1048 1428 ὅπερ
1098 1357 1158 1408 ἐν
1194 1353 1412 1422 σώματι
1455 1349 1626 1417 δήπου
1680 1344 1851 1414 ψυχὴ,

276 1460 371 1513 καὶ
397 1460 534 1528 ὅπερ
562 1453 687 1515 νοῦς
719 1453 779 1505 ὲν
819 1450 1009 1515 παντὶ,
1039 1447 1160 1517 οὐδὲ
1188 1447 1300 1499 τῶν
1333 1440 1665 1511 θεολογικῶν
1693 1438 1857 1508 ἄμοι-

280 1567 374 1618 ρος
404 1526 586 1615 ἐγίνου
608 1542 921 1612 δογμάτων.
955 1538 1102 1593 Ἀλλ’
1124 1536 1270 1591 οὕτω
1290 1552 1372 1589 τοι
1396 1533 1579 1595 καλῶς
1604 1530 1699 1586 καὶ
1726 1526 1858 1581 τού-

276 1658 391 1696 των
416 1640 476 1693 τὸ
501 1638 753 1690 πλεῖστον
804 1634 1143 1704 ἐξήσκησας,
1206 1629 1347 1683 ὥστε
1404 1626 1615 1697 μηδένα
1658 1621 1859 1694 ῥᾳδίως

277 1733 585 1797 πιστεύειν,
611 1733 696 1784 ὅτι
728 1746 812 1782 σοι
860 1727 955 1780 καὶ
989 1728 1119 1794 περὶ
1179 1720 1358 1777 ἄλλων
1418 1718 1612 1787 γέγονε
1673 1714 1852 1781 λόγος.

1955 805 2089 845 meae
2127 790 2267 845 facta
2298 796 2391 842 tua
2424 785 2758 842 constituam
2796 800 2809 835 :
2844 795 2955 835 non
3008 780 3193 834 minus
3228 792 3361 832 vero
3390 786 3446 830 et
3471 791 3538 829 eo

1954 898 2065 955 quo
2091 883 2159 937 ad
2201 895 2487 937 sermones
2515 875 2811 933 concitaris
2840 872 3047 940 studio,
3079 886 3218 941 quos
3260 869 3403 924 inter
3450 882 3538 921 res

1955 976 2224 1029 humanas
2263 969 2693 1041 pretiosissimos
2750 975 3052 1035 reputans,
3106 978 3253 1017 nunc
3304 960 3358 1015 in
3408 976 3537 1014 ver-

1956 1066 2143 1120 sandis
2190 1061 2460 1127 historiis,
2490 1071 2545 1115 et
2574 1074 2697 1130 quae
2747 1057 2801 1111 in
2852 1057 3081 1110 aliorum
3115 1050 3542 1108 Commentariis

1956 1157 2335 1220 continentur,
2373 1166 2522 1207 nunc
2548 1157 2809 1205 accurate
2848 1143 3256 1215 philos0phicis
3291 1141 3545 1211 specula-

1959 1247 2224 1310 tionibus,
2257 1243 2485 1314 perinde
2522 1257 2585 1296 ac
2610 1242 2655 1297 si
2695 1230 2750 1295 in
2807 1236 3102 1293 Academia
3152 1233 3454 1298 enutritus,
3492 1241 3550 1284 et

1958 1339 2425 1411 disputationibus
2483 1336 2736 1392 diiIiciles
2796 1333 3107 1402 explicatus
3165 1326 3543 1390 habentibus,

1957 1448 2095 1503 quas
2126 1433 2243 1501 ipse
2268 1432 2549 1499 Peripatus
2579 1429 2785 1498 plexuit
2810 1468 2825 1493 ,
2872 1424 3149 1481 exercitus
3176 1434 3363 1483 esses,
3395 1428 3541 1486 cpe;

1960 1539 2075 1579 ram
2110 1538 2300 1578 navas.
2356 1521 2461 1577 Sed
2509 1521 2653 1575 inter
2702 1519 2810 1572 alia
2864 1515 3162 1586 praecipue,
3196 1510 3345 1583 quod
3392 1510 3545 1564 solus

1961 1616 2078 1672 fere
2116 1631 2205 1673 res
2253 1616 2503 1686 publicas
2546 1614 2969 1674 administrans,
3004 1617 3061 1665 et
3115 1610 3170 1664 in
3217 1605 3441 1663 civitate
3490 1605 3546 1659 id

1962 1726 2217 1780 operans,
2247 1706 2395 1779 quod
2441 1709 2495 1763 in
2528 1723 2760 1777 corpore
2787 1706 2995 1770 anima,
3043 1714 3101 1760 et
3150 1696 3307 1759 mens
3341 1702 3397 1757 in
3427 1701 3549 1755 uui-

278 1828 518 1897 Σημεῖον
558 1792 613 1876 δὲ
665 1823 747 1875 ὅτι
795 1820 902 1880 πᾶς
948 1792 1204 1869 ὁστισοῦν
1257 1809 1539 1878 θεολογίαν
1590 1805 1649 1860 εὖ
1686 1807 1859 1875 ἠσκη-

1965 1818 2191 1869 verso,a
2217 1801 2541 1874 theologicis
2572 1801 2835 1867 decretis,
2865 1800 2946 1854 uti
2975 1813 3167 1854 eorum
3192 1810 3409 1867 expers,
3436 1808 3548 1848 non

280 1896 421 1982 κὼς,
460 1918 660 1985 πεῖραν
692 1912 877 1972 διδοὺς
932 1909 1027 1961 καὶ
1062 1905 1380 1974 λαμϐάνων,
1426 1902 1616 1973 Δἄπεισι
1662 1896 1864 1968 μᾶλλον

280 2010 611 2081 θαυμάζων,
657 2008 690 2077 ἢ
740 2001 1180 2071 θαυμαζόμενος.
1241 1995 1399 2050 Οὕτω
1462 1991 1713 2063 περίεστί
1780 2007 1865 2042 σοι

285 2078 545 2173 μελέτης,
575 2098 666 2151 καὶ
696 2091 870 2150 ταῦτα
898 2093 996 2160 τῆς
1023 2088 1133 2141 τῶν
1187 2083 1384 2139 κοινῶν
1425 2081 1717 2167 φροντίδος.
1746 2078 1865 2146 ἑχό-

282 2158 603 2265 μενοςίκαὶ
642 2189 678 2244 ἀ
733 2188 927 2252 σώζειν
954 2158 1159 2238 -ὲθέλει
1198 2181 1300 2251 τὴν
1345 2178 1626 2249 ἡμετέραν
1674 2158 1866 2228 ἄλλοτε

285 2287 481 2346 ἄλλαις
510 2285 704 2354 τύχαις
731 2281 833 2334 ούκ
861 2280 967 2343 ἔξω
996 2274 1346 2347 πραγμάτων
1373 2265 1560 2335 οὖσαν,
1607 2266 1723 2322 ἀλλ’
1756 2265 1866 2319 αίεὶ

284 2380 635 2449 θνήσκουσαν
658 2374 738 2444 τῷ
766 2373 879 2426 δέει
909 2372 1039 2433 τοὺς
1080 2368 1222 2438 αὐτῇ
1279 2362 1596 2449 πολεμίους.
1660 2358 1868 2428 Χάριεν

280 2471 348 2528 δέ
380 2447 498 2523 σου
529 2468 771 2531 κάκεῖνο,
810 2466 892 2518 ὅτι
919 2462 1108 2533 ’μόνος
1168 2457 1332 2520 αὐτὸς
1388 2447 1500 2518 οἷός
1528 2468 1591 2504 τε
1624 2450 1699 2504 ὢν
1752 2451 1867 2510 τοῖς

281 2560 562 2628 δόγμασιν
590 2555 933 2625 ἐφιστάνειν,
991 2549 1115 2603 οὐδὲ
1155 2547 1256 2618 τὴν
1299 2546 1399 2613 σὴν
1447 2543 1579 2613 ημῖν
1616 2536 1869 2603 ἀπαξιοῖς

284 2651 555 2721 Θεωρίαν,
588 2648 724 2705 ἀλλά
752 2648 934 2715 λέγεις
957 2643 1059 2714 μὲν
1090 2640 1272 2706 αὐτὸς,
1318 2638 1354 2693 ἆ
1416 2652 1499 2688 σοι
1534 2632 1663 2703 περὶ
1712 2631 1868 2685 ὲνὶων

283 2744 465 2806 δοκεῖ,
517 2737 740 2800 ἀκούεις
771 2737 829 2791 δὲ
858 2736 955 2788 καὶ
1009 2731 1192 2804 ἡμῶν,
1222 2723 1250 2783 ὃ
1283 2747 1337 2783 τι
1384 2724 1689 2797 φρονοῦμεν
1740 2722 1870 2789 περὶ

284 2829 499 2896 αὐτῶν,
529 2828 604 2891 ὡς
635 2827 733 2896 οὐχ
769 2819 884 2877 οἷόν
913 2838 974 2875 τε
1013 2820 1073 2875 δν
1128 2820 1229 2887 τὴν
1291 2816 1420 2885 περὶ
1474 2811 1656 2867 αὐτῶν
1710 2807 1871 2873 δόξαν

281 2922 599 2996 ιρῤῶσθαι,
633 2920 700 2973 ἂν
731 2920 806 2990 μὴ
834 2917 931 2971 καὶ
963 2916 1076 2977 τοῖς
1104 2915 1268 2967 είδόσι
1309 2909 1484 2965 ταυτά
1510 2909 1664 2978 δοκῇ.
1697 2904 1870 2968 Αὐτὸς

285 3016 399 3086 μὲν
420 3012 515 3066 οὖν
548 3011 822 3081 μηδέποτε
852 3006 1096 3059 παύσαιο
1125 3002 1392 3064 τοιούτοις
1418 2998 1599 3065 συζῶν
1623 2997 1867 3067 ἀγαθοῖς,

1970 1896 2239 1960 abstines,
2307 1895 2404 1948 sed
2458 1894 2513 1948 in
2548 1893 2639 1947 his
2678 1892 2844 1948 etiam
2879 1889 3022 1946 adeo
3072 1894 3325 1959 prompte
3356 1884 3549 1940 sedula

1967 1987 2379 2050 exercitatione,
2408 2001 2474 2041 ea
2501 1986 2837 2042 incrementa
2869 1984 3089 2053 cepisti,
3145 1988 3208 2035 ut
3255 1994 3420 2035 nemo
3463 1978 3547 2032 fa-

1968 2078 2073 2132 cile
2115 2079 2452 2141 crediderit,
2487 2078 2735 2132 animum
2783 2075 2983 2149 stud-iis
3041 2073 3165 2128 aliis
3214 2071 3546 2141 applicasse.

1968 2169 2179 2223 Indicio
2210 2178 2335 2235 est,
2369 2169 2515 2237 quod
2565 2171 2884 2238 quicunque
2906 2205 2924 2231 ,
2976 2167 3050 2230 in,
3078 2163 3555 2234 speculationibus

1974 2260 2293 2329 t‘heologieis
2322 2261 2749 2325 versatissimus,
2809 2259 2942 2329 quid
2974 2258 3147 2328 possit
3183 2269 3417 2327 uterque
3459 2271 3556 2311 ve—

1971 2363 2145 2408 strum
2179 2355 2421 2410 vicissim
2444 2355 2758 2426 experiens,
2788 2353 3035 2409 abscedit
3066 2352 3347 2407 admirans
3371 2350 3555 2420 potius

1953 2447 2087 2528 ipse
2115 2488 2129 2510 ,
2177 2464 2341 2518 quam
2379 2450 2464 2503 sui
2515 2447 2935 2503 admirationem
2987 2446 3278 2515 injiciens,
3316 2445 3397 2500 sic
3449 2444 3547 2497 tibi

1973 2544 2357 2613 hujuscemodi
2387 2541 2801 2598 exercitationis
2833 2554 3017 2596 rerum
3051 2538 3398 2608 publicarum
3450 2552 3546 2591 cu-

1973 2630 2051 2689 ris
2104 2634 2232 2691 licet
2288 2637 2556 2704 implicito
2593 2652 2606 2689 :
2640 2644 2696 2689 et
2731 2631 2852 2703 quae
2902 2632 3092 2702 patriae
3116 2638 3341 2697 nostra,
3385 2620 3553 2685 variis

1950 2728 2207 2782 -l'ortunze
2261 2728 2479 2782 casnbus
2535 2737 2590 2782 ct
2627 2726 3034 2781 calamitatibus
3075 2723 3309 2779 nimium
3354 2724 3555 2778 misere

1973 2820 2155 2874 fracta:
2179 2862 2194 2885 ,
2231 2831 2287 2875 et
2319 2830 2532 2874 tantum
2571 2835 2677 2874 non
2712 2835 2824 2889 pra:
2852 2818 3097 2875 hosﬁum
3143 2818 3554 2876 imminentium

1975 2912 2081 2967 sibi
2112 2921 2259 2965 metu
2312 2913 2576 2966 continuo
2606 2913 2932 2981 exspiranti,
2966 2928 3126 2983 opem
3155 2912 3301 2968 ferre
3325 2924 3555 2983 possent

1976 3005 2413 3059 comminiscenti
2442 3043 2456 3067 ,
2510 3005 2731 3059 abunde
2762 3016 2866 3061 est.
2898 3006 3052 3063 Litas
3080 3022 3301 3078 quoque
3333 3007 3549 3078 gratiis,

282 3084 324 3162 δ.
359 3124 425 3159 τε
454 3106 632 3159 οίκεῖά
666 3119 830 3172 φασιν
859 3098 1157 3168 ἀνθρώπῳ,
1187 3098 1282 3150 καὶ
1311 3090 1392 3158 οἷς
1421 3093 1598 3146 ἐθέλει
1655 3093 1715 3145 τὸ
1768 3107 1860 3155 μα-

1977 3095 2122 3164 quod
2162 3095 2464 3159 cumsolus
2498 3096 2614 3165 ipse
2662 3111 2853 3166 posses
2881 3084 3168 3155 edicendis
3204 3099 3560 3169 dogmatibus

280 3201 489 3269 κάριον
512 3194 919 3265 περιγίνεσθαι.
964 3191 1159 3259 Ἡμεῖς
1191 3188 1249 3242 δὲ
1301 3187 1489 3249 διττὰς
1537 3184 1739 3246 ειδότες
1785 3199 1869 3235 σοι

280 3291 383 3346 διὰ
414 3288 586 3343 ταῦτα
614 3287 713 3349 τὰς
754 3288 1010 3356 χάριτας,
1062 3276 1137 3336 ὧν
1171 3297 1233 3333 τε
1256 3282 1418 3350 ἡμᾶς.
1441 3278 1631 3344 ἀξιοῖς,
1663 3280 1759 3332 καὶ
1795 3271 1870 3332 ὧν

280 3380 552 3436 ἐντεῦθεν
588 3380 746 3449 κοινῇ
772 3374 1030 3447 χρηστῶν
1085 3372 1455 3442 ἀπολαύομεν,
1519 3370 1871 3441 περιεργότε-

282 3492 395 3548 ρον
437 3474 538 3544 μὲν
570 3474 626 3525 ἐν
653 3473 856 3534 ἄλλοις,
889 3470 985 3524 σοῦ
1010 3468 1513 3537 ξυνεφαπτομένου,
1552 3465 1872 3533 θεολογήσα-

280 3587 400 3640 μεν
426 3567 636 3621 πολλῶν
666 3584 725 3619 τε
778 3565 954 3619 ἄλλων
986 3566 1117 3634 πέρι
1177 3563 1271 3616 καὶ
1326 3563 1391 3631 δὴ
1422 3562 1549 3629 περὶ
1606 3554 1667 3611 οὗ
1717 3559 1872 3625 λόγος

1978 3203 2233 3258 praeesse,
2267 3204 2444 3257 neque
2477 3196 2596 3243 tuas
2640 3189 2801 3246 nobis
2830 3192 3233 3261 speculationes
3261 3207 3555 3262 pernegas,

1979 3282 2071 3337 sed
2100 3282 2357 3337 cdisscris
2389 3292 2444 3335 tu
2475 3284 2696 3351 quidem
2727 3286 2796 3339 de
2837 3286 2904 3340 iis
2932 3285 3134 3355 quibus
3173 3286 3273 3341 tibi
3320 3287 3537 3341 videtur
3590 3346 3599 3351 ,

1979 3361 2144 3429 verba
2184 3377 2427 3441 faciens,
2484 3377 2644 3432 audis
2696 3392 2825 3432 vero
2873 3387 2929 3433 et
2962 3387 3206 3433 nostram
3252 3378 3320 3435 de
3359 3378 3558 3434 iisdem

1980 3473 2345 3535 sententiam,
2385 3476 2540 3541 quasi
2576 3472 2895 3542 opinionem
2928 3471 2997 3527 de
3051 3471 3119 3525 iis
3172 3471 3384 3528 ﬁrmant
3434 3489 3559 3529 esse

1982 3580 2091 3619 non
2125 3581 2285 3634 posse
2318 3567 2618 3632 existimes,
2653 3568 2757 3621 nisi
2803 3575 2860 3621 ct
2889 3567 3155 3622 scitorum
3187 3568 3399 3624 calculo
3437 3582 3562 3624 cor—

280 3663 433 3731 ἠμῖν
480 3660 699 3725 ἐγένετο
762 3656 1053 3728 πρότριταο
1110 3657 1230 3708 νυνὶ
1278 3654 1336 3707 δὲ
1371 3652 1526 3721 όλίγα
1581 3653 1721 3705 ἄττα
1771 3650 1860 3720 oili

1984 3656 2296 3710 roburetur.
2329 3655 2411 3708 Tu
2445 3655 2913 3731 igiturnunquam
2940 3671 3065 3711 cum
3094 3656 3256 3711 bonis
3282 3655 3560 3711 similibus

275 3720 465 3826 xzpw
496 3720 628 3823 περὶ
654 3754 752 3823 τῆς
775 3720 870 3804 τοῦ
902 3720 1059 3816 ἀγίου
1092 3748 1414 3817 Πνεύματος
1448 3745 1675 3815 προόδου
1726 3743 1860 3812 φιλο·

1979 3746 2148 3799 vitam
2201 3748 2396 3816 agendi
2432 3720 2828 3819 lineinIponas,
2861 3764 2982 3817 qua:
3016 3751 3241 3819 propria
3291 3765 3412 3817 esse
3465 3750 3565 3803 ho-

278 3813 637 3915 ἆιρήσομεν.
686 3813 1011 3903 ’ἐκέλευσας
1038 3840 1171 3910 γὰρ,
1235 3813 1327 3893 καὶ
1358 3839 1458 3891 οὐκ
1493 3813 1572 3907 ⁷ἦν
1629 3835 1860 3889 ἀπειθεῖι

1984 3838 2147 3891 minis
2188 3839 2499 3903 traduntur,
2529 3853 2585 3892 et
2629 3843 2830 3909 quibus
2854 3842 3086 3896 beatitas
3124 3844 3241 3910 ipsa
3278 3813 3564 3909 compara-

284 3938 555 4012 τοσαύτῃ
578 3937 829 4008 δυνάμει.

1984 3938 2093 3983 tur.
2127 3930 2238 3983 Nos
2271 3945 2434 3998 porro
2486 3929 2581 3984 tibi
2630 3930 2877 4000 duplices
2907 3933 3113 4003 gratias
3158 3941 3404 4002 agentes,
3440 3940 3558 3986 tum

273 4034 368 4089 ob
400 4047 469 4086 ea
504 4047 625 4101 quae
655 4031 816 4085 nobis
865 4026 1114 4097 impertis
1139 4064 1155 4090 ,
1191 4034 1310 4079 tum
1360 4023 1431 4077 ob
1470 4038 1531 4077 ea
1590 4036 1711 4091 quin
1785 4019 1913 4075 inde
1951 4022 2094 4077 bona
2147 4022 2517 4077 communiter
2548 4025 2936 4094 possidemus,
3008 4026 3282 4082 curiosius
3324 4029 3379 4080 in
3410 4026 3559 4090 aliis,

274 4136 345 4181 te
378 4138 542 4193 opem
573 4120 808 4186 ferente,
843 4119 912 4173 de
941 4119 1106 4172 rebus
1134 4117 1256 4171 aliis
1296 4114 1485 4170 multis
1529 4113 1732 4169 divinis
1791 4115 2105 4169 orationem
2173 4115 2546 4181 instituemus,
2583 4125 2638 4170 et
2661 4116 2729 4172 de
2752 4132 2820 4173 eo
2862 4133 3103 4189 quoque,
3136 4122 3204 4174 de
3254 4135 3367 4190 quo
3426 4129 3561 4175 ante

276 4218 553 4281 triduum
588 4228 904 4271 sermonem
937 4212 1294 4266 contulimus.
1343 4210 1505 4265 Nunc
1572 4225 1701 4265 vero
1769 4224 1942 4280 pauca
1986 4211 2236 4280 quaedam
2268 4214 2323 4267 in
2362 4214 2438 4267 tui
2480 4213 2712 4284 gratiam
2745 4214 2813 4269 de
2838 4213 3080 4284 Spiritus
3119 4216 3295 4271 sancti
3344 4230 3562 4284 process

270 4323 463 4375 sicne
502 4309 1040 4383 philosophabimur.
1109 4306 1711 4385 lmperastilsiquidcm
1740 4348 1755 4371 ,
1812 4316 2087 4377 tantaque
2125 4310 2383 4379 potestati
2428 4326 2638 4365 morem
2673 4326 2785 4365 non
2812 4326 3046 4382 gerere,
3111 4310 3264 4366 haud,
3315 4310 3399 4366 fas
3451 4320 3558 4366 est.

373 4433 446 4504 β’.
477 4431 659 4499 Τριιῖιν
692 4426 787 4484 οὖν
842 4431 1015 4483 ὅντων
1052 4431 1112 4482 ὲν
1156 4432 1272 4491 τοῖς
1334 4428 1501 4493 θείοις
1565 4429 1860 4499 προσώπωι

2049 4431 2103 4484 2.
2145 4429 2283 4484 Cum
2318 4430 2503 4500 itaque
2534 4431 2588 4486 in
2622 4432 2826 4489 divinis
2868 4434 2980 4489 siut
3015 4442 3131 4490 tres
3161 4444 3431 4504 personae,
3468 4449 3560 4489 se-

268 4528 449 4583 κατά
499 4526 599 4587 τὰς
637 4523 956 4590 θεολογικάς
989 4520 1376 4583 ύποτυπώσεις
1428 4539 1487 4573 τε
1541 4523 1634 4573 καὶ
1689 4522 1860 4591 ἀρχὰς

1983 4525 2227 4579 cundum
2266 4523 2571 4593 theologica
2604 4525 2802 4594 placita
2830 4535 2887 4582 et
2934 4526 3228 4596 principia,
3262 4526 3461 4593 Patris,
3509 4536 3567 4582 et

274 4618 546 4687 Πατρός,
584 4616 711 4668 Υίοῦ
752 4632 814 4667 τε
868 4615 966 4667 καὶ
1002 4615 1148 4667 θείου
1174 4614 1541 4681 ,Πνεύματος,
1586 4615 1857 4683 ἡνωμένω

1986 4616 2133 4682 Filii,
2172 4625 2228 4671 et
2257 4615 2498 4684 Spiritus
2519 4598 2715 4682 sancti,
2742 4621 2983 4674 essentia
3013 4619 3237 4689 quidem
3292 4623 3478 4683 unita,
3507 4635 3565 4671 re

268 4712 409 4782 μὲν
444 4711 511 4777 τῇ
554 4707 734 4778 οὐσία,
770 4706 1198 4776 διακρινομένων
1227 4705 1285 4757 δὲ
1324 4710 1446 4767 ταῖς
1475 4707 1698 4774 ἰδιότησι
1755 4709 1860 4775 χρὴ

1985 4724 2116 4762 vero
2155 4707 2428 4762 distincta:
2482 4710 3109 4777 pr0prietatibus,-una,
3155 4710 3318 4765 Pater
3367 4724 3564 4779 nempe

265 4819 469 4877 ματι,
495 4800 737 4871 παράγει
776 4800 876 4867 μὲν
903 4799 962 4851 τὸ
990 4798 1048 4850 ἓν
1076 4799 1103 4849 ό
1128 4798 1344 4867 Πατὴρ,
1377 4798 1693 4866 παράγεται
1737 4797 1794 4849 δὲ
1823 4814 1860 4848 τ.

1985 4800 2261 4870 producit,
2301 4801 2423 4854 dua:
2451 4814 2602 4863 vero,
2624 4799 2794 4856 Filius
2813 4812 2869 4855 et
2893 4801 3130 4871 Spiritus
3160 4802 3560 4871 producuntur.

260 4896 401 4951 δύο
432 4894 562 4957 Υἱός
589 4910 651 4945 τε
672 4893 767 4945 καὶ
792 4891 1017 4961 Πνεῦμα
1058 4893 1234 4958 ἅγιον.
1279 4888 1418 4942 Οὔτε
1463 4892 1572 4958 γὰρ
1625 4891 1718 4956 ἀφ’
1752 4890 1860 4942 ἑαυ

1989 4891 2179 4960 Neque
2223 4890 2370 4946 enim
2421 4895 2521 4948 has
2560 4908 2591 4946 a
2629 4894 2941 4963 semetipsis
2968 4908 3091 4949 esse
3141 4895 3462 4961 addecebat,
3494 4912 3567 4953 ne

261 4990 416 5046 τῶν
448 4988 558 5039 ἔδει
582 4985 735 5039 ταῦτ’
763 4982 931 5049 εἶναι,
962 4984 1051 5036 ἵνα
1078 4984 1153 5053 μὴ
1202 4982 1462 5052 ἑτερότης
1509 4982 1722 5049 γένοιτο
1778 4984 1860 5048 φύς

1990 4997 2203 5041 natura:
2233 4986 2523 5043 diversitas
2576 4988 3063 5057 introduceretur,
3118 5005 3297 5059 neque
3342 5008 3452 5048 una
3498 5008 3567 5048 ex

263 5098 473 5146 σεως,
520 5077 645 5131 οὔτε
679 5079 737 5144 ἐξ
771 5078 1020 5146 ἀλλήλων
1043 5076 1417 5143 παράγεσθαι,
1451 5068 1532 5136 οἷς
1564 5074 1698 5126 αὐτὸ
1722 5074 1860 5126 ὲαυτ‹

1991 5081 2098 5135 alia
2132 5080 2355 5150 produci
2382 5096 2398 5147 ;
2432 5097 2599 5134 unum
2622 5081 2768 5135 enim
2793 5080 3035 5151 seipsum
3084 5084 3389 5153 producere
3422 5086 3566 5139 haud

262 5193 348 5232 τι
420 5172 696 5240 παράγειν
751 5170 1058 5245 ἀμήχανον.
1115 5168 1209 5220 Ἓν
1238 5165 1332 5219 οὖν
1363 5165 1451 5219 διὰ
1523 5164 1683 5217 τοῦτο
1729 5165 1791 5217 τό
1820 5182 1860 5233 γι

1989 5172 2136 5241 potis
2166 5181 2269 5226 est.
2298 5171 2651 5242 Quapropter
2692 5188 2860 5227 unum
2890 5184 2973 5230 est
3002 5175 3331 5244 proiucens,
3364 5185 3560 5231 αξιοι-ιι

266 5266 588 5333 παράγον,
619 5262 687 5315 τὰ
735 5261 792 5313 δὲ
834 5262 998 5314 λοιπὰ
1064 5260 1447 5330 παραγόμενα.
1520 5259 1796 5330 Παράγων
1828 5259 1855 5311 δ

1994 5266 2283 5334 producta.
2306 5264 2371 5318 Et
2400 5263 2561 5319 Pater
2586 5266 2900 5335 producens
2927 5268 3283 5339 productivas
3303 5266 3560 5335 equidem

257 5363 307 5413 ὁ
365 5356 566 5425 Πατὴρ
584 5354 897 5425 πρακτικὰς
921 5353 1189 5422 δήπουθεν
1224 5352 1334 5416 ἔξει
1356 5353 1637 5421 δυνάμεις,
1673 5352 1858 5422 διακρι

1992 5357 2284 5411 facultates
2326 5357 2567 5423 habebit,
2603 5368 2659 5413 et
2699 5360 2846 5428 ipsas
2892 5360 3035 5416 inter
3072 5376 3130 5414 se
3155 5358 3564 5429 quodammodo

262 5450 550 5518 νομένας
575 5463 690 5508 πως
715 5448 810 5499 καὶ
841 5446 1030 5508 αὑτὰς,
1076 5438 1156 5506 οἷς
1185 5442 1251 5495 δι’
1278 5443 1456 5496 αὐτῶν
1491 5444 1860 5513 διακρινόμεν‹

1995 5448 2305 5513 distinctas,
2342 5450 2545 5517 quibus
2570 5449 2843 5505 distincta:
2886 5466 3130 5520 persona:
3160 5449 3561 5519 producuntur,

256 5540 626 5608 παράγεται
655 5537 929 5608 πρόσωπα
956 5575 971 5599 ,
1006 5536 1104 5603 τὴν
1130 5537 1230 5603 μὲν
1322 5535 1411 5585 τὸν
1442 5533 1587 5602 Υἰδν,
1625 5536 1724 5604 τὴν
1750 5538 1799 5588 δ’
1816 5538 1860 5590 αῖ

1995 5540 2222 5594 alteram
2255 5542 2496 5611 quidem,
2528 5558 2634 5611 qua
2668 5541 2888 5609 Filium,
2920 5544 3145 5595 alteram
3185 5554 3424 5604 rursum,
3455 5555 3561 5610 qua

259 5632 507 5693 πάλιν,
537 5624 571 5703 ᾗ
606 5629 851 5699 παράγει
881 5628 942 5679 τὸ
974 5626 1205 5690 Πνεῦμα
1226 5627 1285 5677 τὸ
1314 5627 1491 5693 ἅγιον,
1513 5627 1687 5696 ἀρχάς
1719 5626 1857 5682 οὖσα

1994 5630 2260 5702 Spiritum
2309 5644 2558 5688 sanctum
2610 5635 2899 5703 producit,
2931 5649 3053 5701 qua:
3104 5620 3372 5702 principia
3410 5643 3563 5693 sunt,

253 5744 351 5783 τε
398 5726 497 5775 καὶ
526 5725 805 5789 δυνάμεις,
859 5719 951 5772 καὶ
986 5719 1369 5787 γονιμότητας,
1393 5715 1479 5783 αἷς
1512 5724 1649 5792 μήτε
1708 5738 1859 5791 παρα

1992 5736 2047 5779 et
2100 5724 2425 5790 facultates,
2480 5736 2533 5778 et
2595 5724 2993 5790 fecunditates,
3053 5738 3233 5793 neque
3286 5725 3565 5796 quippiam

565 5820 840 5877 Ρλτιιοι..
884 5818 1002 5875 (in.
1051 5810 1305 5876 CLVIII.
1512 5808 1521 5813 ’

2388 5882 2406 5898 ,
2817 5856 2941 5871 ..-
3172 5817 3249 5879 32
