4066 6188
587 315 698 380 .995

1804 301 2124 362 JOANNIS
2158 300 2308 360 ARG
2322 297 2654 360 YROPULI

3699 311 3786 380 ιιι
3830 289 3837 298 ’

596 423 968 498 producentes
997 462 1011 488 ,
1048 435 1238 489 neque,
1270 418 1551 490 producta:
1589 434 1603 473 :
1639 416 1690 470 id
1741 417 1884 472 enim
1939 425 2023 472 cst
2071 416 2165 487 hy-

2281 416 2510 484 γοάσας,
2533 418 2669 487 μήτε
2693 414 2800 487 μὴν
2823 415 3407 491 παραγομέναςαύτάς.
3423 417 3686 494 Ἑκάτερον
3701 429 3788 499 γὰρ

597 515 826 582 postasis
855 511 1168 583 proprium;
1209 524 1314 566 non
1347 509 1490 565 enim
1520 507 1944 579 perfectionum,
1973 518 2068 574 aut
2093 509 2171 564 fa-

597 608 858 659 cultatum
888 645 901 669 ,
932 619 1170 673 namque
1209 601 1413 671 hzecin
1443 601 1720 670 hypostasi
1776 606 1907 654 sunt
1949 609 2006 655 et
2045 615 2170 654 cum

597 696 874 769 hyposlasi
898 741 912 762 ,
947 704 1326 764 vocanturque
1368 711 1398 748 a
1433 693 1701 764 thcoIOgis
1729 735 1741 758 ,
1774 694 1889 752 hazc
1944 706 2172 761 genera-

597 791 727 855 tiva,
769 787 854 841 illa
891 787 1214 857 produrtiva
1247 775 1475 842 facultas
1500 827 1514 850 ,
1561 773 1992 856 quapropter‘et
2043 799 2171 853 pro-

596 883 889 936 ductorum
927 881 1018 933 hic
1081 880 1302 950 quidem
1358 877 1501 933 fetus
1549 887 1603 932 et
1653 875 1866 938 Filius,
1898 876 1990 929 ille
2042 889 2168 944 pro-

595 973 782 1027 ductio
815 980 870 1027 et
920 973 1158 1042 Spiritus
1190 981 1562 1041 nuncupatur.
1611 967 1841 1040 Oportet
1872 967 2018 1022 enim
2064 965 2130 1020 ea
2156 1005 2172 1030 ,

595 1081 714 1134 qua:
746 1080 812 1131 ex
841 1064 1130 1135 principiis
1157 1075 1304 1124 sunt,
1338 1066 1390 1118 in
1433 1065 1498 1118 iis
1525 1079 1644 1132 quae
1673 1063 1921 1133 ejusdem
1955 1060 2172 1131 generis

598 1168 746 1221 sunt,
792 1157 1030 1226 propriis
1066 1156 1180 1209 suis
1223 1156 1509 1224 principiis
1555 1171 1664 1208 non
1705 1154 1991 1208 dissimilia
2024 1167 2169 1218 esse,

596 1259 646 1300 et
679 1263 744 1301 ex
779 1247 844 1301 iis
871 1263 1087 1316 quoque
1112 1247 1214 1299 sibi
1246 1262 1443 1300 nomen
1478 1246 1765 1300 aSciscere.

665 1385 721 1438 5.
760 1383 898 1437 Cum
932 1399 1063 1436 vero
1110 1383 1500 1451 producturum
1549 1391 1843 1450 utrumque
1883 1399 1948 1436 cx
1983 1396 2172 1436 essen-

600 1475 672 1526 tia
697 1473 910 1527 dicatur
931 1474 1132 1537 Patris,
1159 1475 1272 1542 ipsa
1311 1484 1492 1528 autem
1522 1487 1698 1540 neque
1725 1483 1970 1540 generat,
1997 1487 2174 1540 neque

595 1572 891 1632 generatur
915 1601 932 1628 ,
968 1577 1147 1630 neque
1181 1561 1345 1616 etiam
1381 1560 1654 1629 producit,
1693 1575 1867 1628 neque
1914 1561 2175 1629 produci-

598 1667 726 1719 tur,
778 1663 838 1710 ut
885 1653 1124 1720 theologi
1181 1653 1444 1714 tradunt,
1477 1665 1704 1706 necesse
1749 1660 1833 1704 est
1879 1653 2172 1706 essentiam

597 1747 880 1806 amborum
916 1746 1250 1815 principium
1289 1761 1412 1801 esse
1440 1744 1575 1809 tale,
1625 1761 1733 1814 quo
1765 1747 1924 1799 Pater
1957 1755 2174 1798 utrum-

595 1854 703 1906 que
737 1837 1023 1908 producat,
1084 1838 1278 1892 Filium
1322 1848 1373 1892 et
1424 1837 2005 1906 Spiritnmsanetmn.
2047 1851 2170 1890 cum

596 1926 1002 1996 aliasejusdem
1045 1927 1298 1982 essentia:
1333 1926 1440 1982 sint
1491 1939 1613 1980 cum
1661 1927 1997 1994 producente
2051 1941 2173 1994 pro-

595 2017 780 2082 ducta,
805 2027 860 2072 et
885 2018 1030 2080 inter
1059 2033 1117 2088 se
1149 2018 1416 2086 producta
1442 2034 1550 2073 non
1574 2019 1682 2072 alio
1707 2019 1868 2072 modo
1883 2021 2170 2083 exsistant,

595 2122 758 2176 quam
800 2122 867 2180 es
903 2107 1078 2176 Patris
1108 2107 1347 2178 essentia
1391 2107 1556 2160 veluti
1602 2108 1872 2176 principio
1918 2118 1972 2162 et
2005 2108 2174 2163 facul-

596 2210 730 2264 tate,
761 2215 881 2266 quae
904 2214 1082 2266 neque
1112 2198 1384 2264 producit,
1413 2214 1590 2268 neque
1618 2200 1964 2268 producitur,
1994 2217 2176 2271 neque

597 2289 649 2340 in
684 2303 769 2352 ea,
810 2303 932 2355 quae
961 2303 1025 2340 ex
1057 2287 1242 2356 aliquo
1283 2298 1386 2352 est,
1433 2305 1610 2357 neque
1639 2289 1692 2342 in
1729 2305 1792 2344 ea
1823 2307 1943 2360 quea
1975 2292 2040 2344 ad
2078 2293 2175 2345 ali-

595 2379 726 2450 quid
768 2379 1088 2434 delinitione
1119 2389 1220 2441 est,
1256 2395 1379 2438 eum
1416 2382 1468 2435 in
1500 2383 1660 2438 Patre
1685 2384 1896 2438 scilicet
1927 2387 2171 2452 exsistat,

593 2481 650 2525 et
696 2473 749 2526 in
775 2472 935 2538 Filio,
979 2481 1034 2527 et
1067 2473 1120 2526 in
1150 2473 1383 2542 Spiritu,
1425 2481 1482 2527 et
1523 2473 1692 2529 veluti
1731 2475 2087 2545 principium,
2119 2488 2176 2533 et

593 2563 764 2637 veluti
795 2565 1029 2636 species,
1068 2563 1120 2617 in
1155 2577 1420 2634 quantum
1447 2566 1761 2621 exhibetur.
1791 2568 2172 2624 Verumtamen

594 2654 772 2710 Patris
801 2654 1109 2726 hypostasis
1147 2670 1254 2712 una
1289 2667 1342 2708 et
1370 2658 1584 2719 eadem,
1611 2672 1734 2710 cum
1768 2672 2027 2726 personas
2050 2675 2175 2726 pro-

591 2747 785 2811 ducit,
838 2743 1139 2816 rursnsque
1179 2749 1419 2800 essentia
1466 2763 1633 2804 unum
1681 2759 1736 2802 et
1770 2749 1911 2802 idem
1963 2751 2173 2818 princi-

594 2839 744 2906 pium
794 2847 845 2892 et
893 2839 1160 2904 faenitas,
1227 2840 1337 2910 ipsa
1378 2844 1643 2912 producta
1693 2843 1868 2894 modis
1918 2843 2176 2898 omnibus

591 2929 784 2982 eadem
819 2941 1044 2996 essent;
1076 2934 1181 2985 iltit)
1212 2947 1376 2988 mutui
1402 2932 1659 3001 equidem
1692 2933 1852 3000 plane
1880 2943 2024 2986 esset
2050 2948 2174 3002 per-

592 3039 724 3076 sona
761 3023 1047 3095 produCta,
1081 3024 1187 3077 nisi
1226 3024 1482 3082 essentia:
1525 3032 1580 3076 et
1614 3023 1720 3076 alia
1750 3022 1997 3092 quaedam
2033 3025 2176 3076 incs-

2277 511 2304 562 ὐ
2319 499 2633 570 ποστάσεως
2660 509 2810 574 ἴδιον,
2833 509 2892 562 οὐ
2915 503 3286 579 τελειοτήτὼν,
3302 511 3415 566 οὐδὲ
3432 513 3700 588 δυνάμεων.
3715 519 3790 574 Ἐν

2277 602 2570 664 ὑποστάσει
2595 601 2705 670 γὰρ
2732 599 2797 652 τὰ
2818 597 3045 654 τοιαῦτα
3070 599 3167 652 καὶ
3192 601 3542 668 ἐνυπόστατα.
3565 603 3789 662 Καλιῖται

2274 689 2328 740 δὲ
2352 689 2484 759 πρὸς
2506 689 2615 744 τῶν
2637 689 3031 757 θεολογοὼτων
3060 690 3236 744 αὐτῶν
3255 691 3286 760 ἡ
3307 691 3401 764 μέν
3419 708 3498 757 τις
3519 698 3787 768 γεννητική,

2275 783 2308 850 ἡ
2339 782 2381 833 δ’
2404 777 2472 852 ἦν
2504 780 2849 856 προϐλητικὴ
2878 781 3136 852 δύναμις.
3189 784 3278 834 Διὸ
3311 782 3400 853 θεαὶ
3439 785 3540 836 τῶν
3579 802 3786 855 παραγο-

2279 876 2454 944 μένων
2485 874 2544 926 τὸ
2581 877 2680 944 μὲν
2717 874 2964 950 γέννημα
3013 875 3108 930 καὶ
3164 875 3315 948 Υίδς,
3363 877 3497 940 τὸδὲ
3542 877 3788 948 πρόὸλημο,

2275 967 2367 1017 καὶ
2400 964 2626 1034 Πνεῦμα
2653 965 3144 1042 προσαγορεύεται,
3169 969 3259 1018 Δεῖ
3289 967 3396 1036 γὰρ
3420 967 3483 1036 τὰ
3509 969 3568 1018 ὲκ
3589 967 3684 1020 τῶν
3713 971 3793 1040 άρο
3890 1036 3896 1044 1

2275 1057 2385 1124 χῶν
2417 1057 2474 1106 ὲν
2514 1059 2623 1118 τοῖς
2647 1055 2740 1110 τοῦ
2771 1056 2938 1109 αὐτοῦ
2972 1057 3149 1122 εἴδους
3176 1051 3304 1130 ταῖς
3332 1060 3475 1126 σφῶν
3510 1060 3668 1114 αὐτῶν
3696 1079 3790 1125 πως

2278 1149 2469 1216 ἀρχαῖς
2499 1148 2760 1216 ἐοικέναι,
2823 1150 2916 1202 καὶ
2968 1149 3028 1214 ἐξ
3095 1150 3320 1206 ἐκείνων
3378 1150 3514 1221 ἔχειν
3560 1153 3641 1220 καὶ
3693 1152 3793 1206 1:00-

2277 1258 2436 1310 vaga.

2348 1390 2417 1439 γ.
2459 1373 2610 1428 Ἐπεὶ
2631 1375 2688 1429 δὲ
2733 1379 2846 1428 τοῖν
2899 1378 3306 1448 παραγομένων
3342 1381 3588 1450 ἑκάτερον
3638 1383 3690 1434 ἐκ
3717 1383 3796 1447 τῆς

2278 1468 2468 1530 οὐσίας
2515 1468 2732 1536 λέγεται
2763 1469 2856 1522 τοῦ
2891 1471 3125 1540 Πατρὸς,
3179 1471 3320 1543 αὐτὴ
3375 1474 3430 1526 δὲ
3493 1473 3604 1525 οὐτε
3643 1475 3791 1544 γεννᾷ,

2279 1559 2405 1611 οὔτε
2437 1561 2720 1626 γεννᾶται,
2751 1561 2873 1613 οῦτε
2908 1562 3016 1631 μὴν
3049 1562 3376 1632 προϐάλλει,
3433 1563 3546 1615 οὐτε
3602 1566 3794 1632 mss).-

2280 1654 2449 1716 λεῖαι,
2487 1654 2744 1724 καθάπερ
2777 1657 2824 1706 οἱ
2870 1653 3250 1723 Θεολογοῦντές
3281 1673 3460 1724 φασιν,
3505 1656 3696 1724 ἀνάγκη
3719 1656 3793 1725 τὴν

2280 1749 2469 1801 οὐσίαν
2494 1747 2668 1818 ἀρχὴν
2693 1749 2971 1814 ἑκατέρων
3001 1745 3142 1801 εἶναι
3206 1748 3484 1817 τοιαύτην,
3597 1749 3793 1820 παράγει

2282 1839 2469 1910 Πατὴρ
2503 1840 2785 1911 ἑκάτερον,
2816 1841 2946 1894 Υίόν
2967 1858 3023 1892 τε
3055 1841 3150 1894 καὶ
3183 1841 3408 1910 Πνεῦμα
3437 1842 3598 1909 άγιον.
3625 1841 3792 1902 Ἀλλως

2279 1949 2336 1983 τε
2369 1931 2584 2002 καὶτῆς
2622 1933 2794 2001 αὐτῆς
2818 1933 3010 1996 οὐσίας
3062 1934 3214 1999 ὄντα,
3257 1935 3328 1986 τά
3360 1951 3415 1986 τε
3479 1933 3788 2000 παραγόμενοι

2277 2025 2352 2093 τῷ
2382 2025 2710 2094 παράγοντι,
2772 2029 2866 2078 καὶ
2899 2025 3151 2095 ἀλλήλοις
3208 2027 3279 2078 τὰ
3310 2025 3664 2094 παραγόμενα,
3711 2023 3786 2074 οὐκ

2279 2117 2343 2168 ἂν
2367 2117 2542 2180 ἄλλως
2570 2112 2678 2170 εἷεν
2701 2119 2729 2186 ἢ
2753 2119 2813 2170 ἐκ
2841 2117 2938 2188 τῆς
2968 2119 3062 2170 τοῦ
3094 2119 3308 2188 [lat-pb;
3341 2117 3539 2182 οὐσίας,
3565 2116 3631 2178 ὡς
3654 2116 3790 2184 ἀρχῆς

2281 2209 2691 2278 καὶδυνάμεως,
2715 2210 2749 2280 ἢ
2781 2209 2905 2263 οὔτε
2931 2211 3193 2279 παράγει,
3221 2207 3346 2260 οὔτε
3381 2209 3680 2277 παράγεται,
3703 2205 3787 2258 οὔτ’

2279 2302 2336 2351 ὲν
2357 2300 2432 2370 τῷ
2457 2301 2516 2366 ἐξ
2540 2299 2624 2366 οὐ,
2654 2300 2766 2352 οὐτ’
2794 2302 2851 2353 ἐν
2868 2299 2943 2370 τῷ
2967 2300 3102 2374 πρὸς
3126 2299 3185 2356 όν
3213 2300 3348 2370 ὅρῳ,
3372 2301 3428 2351 ὲν
3454 2299 3526 2368 τῷ
3554 2299 3700 2366 “arpi.
3720 2296 3791 2364 δη·

2278 2391 2409 2461 ὶαδὴ
2441 2391 2572 2444 οὖσα
2602 2393 2698 2445 καὶ
2729 2395 2786 2444 ὲν
2822 2391 2958 2462 Υίῷ,
3006 2393 3100 2446 καὶ
3168 2391 3248 2461 τῷ
3291 2393 3581 2460 Πνεῦματι,
3628 2392 3705 2440 καὶ
3735 2390 3790 2450 ὡς

2239 2475 2253 2489 ’
2278 2487 2421 2557 ἁρχὴ
2456 2488 2552 2540 καὶ
2576 2487 2650 2550 ὡς
2682 2481 2822 2550 εἶδος
2869 2488 2930 2540 τό
2959 2505 3022 2554 γε
3049 2487 3354 2557 διδόμενον.
3405 2486 3554 2538 Ἀλλὰ
3583 2484 3675 2554 μὴν
3719 2486 3791 2546 τίς

2277 2577 2370 2630 τοῦ
2427 2579 2641 2648 Πατρὸς
2674 2579 3027 2644 ὑποστάσεως
3053 2580 3150 2648 τῆς
3183 2579 3358 2650 αὐτῆς
3390 2577 3568 2647 οὔσης,
3591 2579 3665 2631 ὅτε
3687 2592 3795 2655 παρέ

2279 2670 2400 2734 ἁγει
2425 2671 2491 2721 τὰ
2514 2671 2801 2738 πρόσωπα,
2836 2671 2930 2723 καὶ
2958 2671 3058 2738 τῆς
3085 2671 3280 2734 οὐσίας
3319 2672 3446 2740 μιᾶς
3484 2670 3570 2720 καὶ
3611 2667 3694 2736 τῆς
3719 2667 3793 2715 αὖ·

2277 2765 2374 2832 τῆς
2410 2761 2476 2818 αὖ
2500 2765 2661 2818 πάλιν
2689 2765 2860 2837 οὔσης
2889 2765 3061 2836 ἀρχῆς
3089 2767 3181 2826 καὶ
3211 2766 3514 2836 δυνάμεως,
3545 2765 3604 2817 τὰ
3654 2779 3790 2834 παρα·

2279 2857 2486 2924 γόμενα
2506 2859 2572 2909 τὰ
2604 2861 2744 2912 αὐτὰ
2768 2858 2832 2912 ἂν
2857 2854 2921 2929 ἧν
2953 2859 3133 2927 πάντη
3163 2859 3409 2922 πάντως.
3439 2857 3639 2912 Μᾶλλον
3665 2854 3712 2908 δὲ
3749 2851 3793 2903 ἓν

2276 2952 2342 3002 ἂν
2371 2947 2438 3020 ἦν
2474 2952 2550 3020 τῷ
2576 2951 2690 3004 ὄντι
2711 2953 2770 3004 τὸ
2799 2953 3182 3023 παραγόμενον
3218 2953 3534 3023 πρόσωπον,
3581 2949 3623 3001 εί
3654 2949 3717 3017 μὴ
3745 2948 3794 3016 τῇ

2277 3042 2433 3112 οὐσίᾳ
2505 3042 2602 3095 καὶ
2645 3041 2762 3096 ἀλλ’
2790 3044 2928 3097 ἄττα
2976 3041 3164 3112 ξυνῆν.
3225 3043 3300 3096 δι’
3338 3039 3412 3097 ὧν
3443 3041 3666 3109 διάφοροί
3703 3052 3795 3096 πως

590 3124 750 3176 sent,
803 3129 901 3184 per
959 3130 1081 3183 quae
1139 3115 1545 3183 quodaminodo
1592 3116 1882 3178 facultates
1941 3117 2172 3172 diversa:

2275 3134 2503 3202 γένοιντ’
2533 3135 2598 3189 ἂν
2625 3138 2679 3188 αί
2702 3137 2985 3206 δυνάμεις,
3031 3130 3120 3198 αἷς
3152 3135 3284 3202 Υἱὸς
3318 3141 3412 3192 καί
3445 3136 3648 3204 Πνεῦμα
3683 3148 3795 3201 πσρ-

593 3205 814 3269 ﬁcrcnt,
855 3206 1058 3273 quibus
1108 3204 1277 3260 Filius
1310 3214 1365 3260 et
1401 3206 1640 3278 Spiritus
1671 3211 2072 3274 producuntur.
2105 3206 2173 3260 Et

590 3296 706 3347 hrcc
757 3295 962 3348 fuerint
1008 3296 1326 3352 intellectus
1369 3305 1424 3351 et
1476 3297 1726 3356 Voluntas
1756 3335 1770 3360 ,
1819 3298 1908 3351 illa
1954 3298 2173 3366 quidem

590 3387 755 3439 simul
785 3401 908 3460 eum
929 3388 1165 3440 essentia
1199 3389 1528 3458 principium
1553 3389 1856 3443 etlaeultas
1881 3390 2173 3454 exsistens,

593 3495 691 3547 per
721 3479 995 3532 actionem
1054 3481 1427 3547 generationis
1477 3479 1801 3548 productiva
1849 3479 2010 3544 Filii,
2046 3488 2174 3549 pro-’

593 3580 890 3640 ptercaqnc
925 3559 1164 3624 Verbum
1207 3569 1297 3624 Dei
1343 3569 1516 3626 Filius
1545 3587 1572 3624 a
1625 3572 1933 3643 theologica
1968 3573 2206 3628 tonitru

595 3655 968 3728 nuncupatur.
1019 3660 1183 3713 Fetus
1233 3659 1378 3714 enim
1425 3661 1737 3716 intellectus
1781 3672 1865 3714 est
1914 3662 2171 3728 Verbum.

596 3752 860 3806 Voluntas
895 3768 1025 3805 vero
1051 3751 1214 3805 simul
1254 3768 1380 3806 cum
1426 3753 1542 3823 ipsa
1574 3757 1812 3808 essentia
1840 3754 2172 3824 principium

592 3851 648 3894 et
682 3841 910 3896 facultas
937 3841 1208 3896 exsistens
1238 3857 1334 3910 per
1364 3844 1741 3912 operationem
1771 3846 2170 3914 productionis,

593 3934 709 3987 sive
769 3933 1086 4002 spirationis
1152 3934 1473 4004 productiva
1547 3938 1859 4006 hypostasis
1933 3939 2173 4008 Spiritus

592 4029 787 4091 sancti,
822 4043 930 4082 non
969 4038 1032 4083 ut
1053 4027 1387 4098 principium
1419 4031 1672 4091 liberum.
1707 4032 1803 4087 sed
1835 4041 1893 4088 ut
1924 4050 2173 4090 necessa-

594 4123 737 4174 riun:
777 4109 830 4176 et
862 4121 1129 4176 naturalis
1159 4123 1406 4190 quaedam
1459 4124 1691 4180 facultas
1720 4136 1775 4180 et
1814 4128 2170 4198 principium,

593 4221 992 4283 preptereaque
1063 4228 1093 4266 a
1141 4214 1406 4284 theologis
1459 4232 1612 4270 amor
1659 4218 1878 4272 divinus
1933 4218 2173 4289 Spiritus

593 4303 917 4377 appellatur.
954 4305 1139 4360 Virtus
1191 4308 1338 4360 enim
1391 4309 1592 4362 amoris
1648 4310 1901 4376 voluntas
1949 4323 2050 4366 est.
2103 4312 2172 4370 Et

592 4395 734 4448 dicta
779 4396 896 4449 haec
928 4406 1116 4450 nostra
1173 4407 1229 4451 et
1264 4399 1638 4468 theologorum
1691 4401 1886 4468 placita
1938 4417 2168 4457 concor-

593 4487 738 4541 diter
783 4487 925 4545 inter
965 4505 1026 4544 se
1069 4500 1403 4563 congruunt.
1439 4491 1628 4561 Neque
1671 4492 1760 4546 his
1807 4494 1986 4550 minus
2034 4510 2170 4550 con-
2209 4468 2228 4520 ⁸

593 4585 824 4642 veniunt
875 4585 1052 4638 sancti
1103 4584 1393 4654 Augustini
1445 4585 1593 4640 dicta
1649 4585 1704 4638 in
1766 4587 2045 4656 volumine
2104 4588 2169 4642 de

598 4671 890 4738 Trinitate,
943 4677 1000 4730 in
1047 4677 1254 4747 quibus
1298 4680 1618 4734 memoriam
1671 4681 1893 4749 quidem
1941 4697 2169 4752 genera-

597 4766 761 4820 tivam
783 4806 798 4830 ,
832 4769 1167 4824 voluntatem
1205 4785 1333 4824 vero
1363 4773 1681 4840 spirativant
1723 4776 1941 4826 vocavit
1993 4775 2164 4827 lacul—

594 4865 784 4912 tatem.

667 4991 721 5046 4.
764 4990 1111 5048 Manifestum
1145 4997 1331 5070 itaque
1356 5010 1438 5058 est
1487 5018 1553 5056 ex
1579 5001 1774 5069 dictis,
1801 5003 2017 5058 Patrem
2049 5003 2168 5061 fon—

598 5094 704 5137 tem
733 5101 851 5139 csse
883 5087 1127 5153 Deitatis,
1157 5101 1210 5144 et
1241 5091 1414 5147 solam
1435 5109 1678 5162 causam,
1720 5107 1775 5160 et
1801 5097 1972 5164 solam
2003 5097 2173 5168 origi-

595 5189 721 5229 nem
754 5180 1297 5242 supersubstantialis
1327 5183 1636 5241 Divinitatis
1661 5229 1676 5252 ,
1713 5195 1769 5241 et
1794 5187 1972 5252 solum
2020 5190 2174 5258 geni-

599 5279 772 5322 torem
835 5271 1002 5326 simul
1058 5282 1113 5327 et
1176 5259 1600 5344 productorem,
1655 5288 1710 5334 et
1771 5281 1917 5348 alia,
1974 5285 2174 5353 quibus

595 5361 773 5430 ipsum
801 5363 1181 5437 theologorum
1223 5369 1411 5432 schola
1442 5370 1769 5428 cohonestat
1795 5390 1812 5439 ;
1851 5389 1964 5430 non
1993 5376 2172 5432 solum

595 5455 742 5523 quod
787 5456 899 5526 jam
958 5459 1135 5516 dictas
1182 5461 1473 5518 facultates
1511 5475 1676 5534 atque
1724 5466 2094 5525 fecunditates
2143 5486 2176 5524 a

595 5547 813 5600 nemine
856 5549 1088 5616 habeat,
1131 5553 1222 5606 sed
1253 5554 1398 5623 quod
1449 5555 1564 5624 ipse
1594 5556 1742 5618 solus
1784 5559 1854 5612 sit
1895 5559 2071 5618 solum
2118 5561 2172 5614 in

595 5634 794 5689 divinis
829 5641 1157 5705 producens.
1199 5642 1316 5712 Ipse
1353 5647 1557 5699 ctenim
1603 5646 1755 5700 solus
1786 5657 1890 5712 cst,
1921 5650 2016 5717 qui
2062 5651 2170 5720 jam

595 5722 750 5777 dictis
803 5727 1148 5788 facultatibus
1179 5733 1344 5788 veluti
1401 5736 1524 5791 fons
1580 5748 1634 5792 et
1683 5739 2052 5808 principium,
2119 5741 2210 5797 ct'

2281 3231 2490 3297 ἄγεται.
2524 3229 2604 3281 Τὰ
2633 3230 2688 3282 δὲ
2714 3229 2820 3298 ἄρα
2852 3231 2974 3294 νοῦς
2997 3230 3062 3284 ἂν
3088 3227 3199 3284 εἷεν
3232 3233 3331 3284 καὶ
3359 3231 3620 3301 βούλησις,
3669 3226 3693 3277 ὁ
3719 3225 3794 3295 μὲν

2281 3323 2395 3391 ἃμα
2427 3325 2492 3392 τῇ
2525 3323 2686 3394 οὐσίᾳ
2747 3317 2890 3393 ἀρχὴ
2938 3323 3032 3378 καὶ
3089 3323 3325 3395 δύναμις
3370 3324 3445 3377 ὣν
3491 3317 3796 3391 δι’ἑνεμγείας

2278 3416 2378 3482 τῆς
2403 3418 2732 3484 γεννήσεως,
2768 3415 3084 3487 παρακτικὴ
3111 3414 3207 3469 τοῦ
3242 3415 3403 3469 Υίοῦ·
3433 3415 3511 3470 διὸ
3539 3415 3623 3466 καὶ
3657 3410 3796 3476 Λόγος

2275 3510 2302 3559 ό
2325 3506 2418 3560 τοῦ
2449 3506 2584 3560 Θεοῦ
2610 3509 2741 3572 Υἱὸς
2783 3509 2890 3562 ὐπὸ
2927 3511 3024 3580 τῆς
3055 3510 3315 3578 θεολόγον
3369 3509 3590 3580 βροντῆς
3623 3505 3797 3575 ὠνόμα-

2280 3614 2423 3651 σται·
2451 3598 2545 3652 νοῦ
2580 3601 2686 3670 γάρ
2720 3601 2973 3670 γέννημα
3003 3600 3184 3668 λόγος’
3236 3603 3271 3674 η
3324 3602 3368 3656 δ’
3404 3601 3468 3654 αὖ
3516 3600 3710 3668 σύναμα
3747 3596 3797 3662 τῇ

2277 3691 2415 3760 αὐτῇ
2443 3691 2600 3762 οὐσίᾳ
2637 3693 2668 3763 ἡ
2706 3692 2981 3762 βούλησις,
3008 3694 3153 3766 ἀρχὴ
3197 3696 3293 3747 καὶ
3333 3695 3552 3764 δύναμις
3589 3686 3707 3745 οὖσα
3747 3683 3802 3738 δι’

2280 3781 2578 3852 ἐνεργείας
2607 3785 2707 3852 τῆς
2761 3783 3056 3854 προϐολῆς,
3107 3785 3140 3854 ἢ
3198 3785 3473 3848 πνεύσεως
3510 3774 3798 3851 παραχτικὴι

2273 3873 2375 3943 τῆς
2405 3875 2500 3928 τοῦ
2536 3874 2693 3942 ἁγίου
2728 3874 3046 3945 Πνεῦματος
3082 3876 3462 3942 ὑποστάσεως,
3515 3874 3603 3943 οὐχ
3641 3874 3706 3933 ὡς
3727 3870 3801 3939 ἁρ-

2276 3967 2344 4036 χὴ
2364 3956 2736 4033 αὐτεξούσιος,
2783 3967 2898 4020 ἀλλ’
2927 3967 3000 4031 ὡς
3042 3971 3320 4038 ἀναγκαία
3376 3971 3466 4022 καὶ
3520 3965 3704 4037 φυσική
3738 3976 3801 4020 τις

2273 4057 2503 4126 δύναμις
2565 4057 2656 4109 καὶ¹
2713 4059 2853 4128 ἀρχή
2889 4073 2902 4088 °
2942 4058 3023 4112 διὸ
3081 4061 3220 4129 πρὸς
3297 4053 3798 4122 τῶνθεολογοὺντων

2275 4150 2462 4218 ἀγάπη
2503 4147 2564 4201 τὸ
2595 4147 2738 4200 Οεῖον
2773 4149 3036 4217 κέκληται
3067 4149 3314 4219 Πνεῦμα.
3348 4151 3457 4219 Τῆς
3496 4152 3595 4219 γὰρ
3618 4139 3827 4214 ἀγάπης-

2275 4239 2308 4309 ἡ
2342 4238 2572 4310 δύναμις
2622 4239 2902 4310 βούλησις.
2946 4239 3172 4312 Ξυνᾴδει
3211 4243 3267 4294 δὲ
3313 4242 3382 4297 τὰ
3421 4241 3668 4309 λεγόμενα
3707 4237 3824 4320 ταῖςἒ

2278 4331 2380 4384 τῶν
2412 4332 2816 4406 θεολογούντων
2840 4335 3068 4402 φωναῖς,
3093 4335 3192 4406 οὐχ
3217 4331 3384 4406 ἦττον
3405 4334 3460 4387 δὲ
3491 4337 3593 4394 τοῖς
3616 4330 3799 4400 εἰρημὲ-
3822 4333 3828 4360 “ν

2232 4476 2249 4516 ³
2278 4439 2387 4486 νοις
2420 4423 2526 4475 ὐπὸ
2555 4423 2649 4489 τοῦ
2688 4403 2835 4516 ἱεροῦ
2862 4403 3251 4494 Αὐγουστίνου-
3286 4429 3346 4480 ἐν
3399 4427 3476 4498 τῷ
3516 4425 3644 4495 Περὶ
3672 4419 3797 4490 Τριά-

2274 4510 2381 4576 δος
2409 4511 2621 4590 βιϐλίῳ,
2652 4514 2709 4564 ὲν
2735 4508 2817 4574 οἷς
2863 4513 2954 4568 καὶ
2996 4517 3222 4587 μνήμην
3282 4517 3386 4586 μὲν
3413 4539 3418 4544 τ
3446 4516 3542 4586 τὴν
3592 4527 3798 4583 γεννητι·

2276 4604 2398 4674 κήν,
2442 4605 2697 4676 βούλησιν
2755 4606 2812 4658 δὲ
2875 4607 2975 4677 τὴν
3050 4609 3390 4677 πνευστικὴν
3454 4607 3666 4662 ἐκάλεσε
3723 4601 3796 4654 δύο

2227 4719 2241 4732 ·
2277 4716 2460 4766 ναμιν.

2347 5011 2408 5064 δ’.
2439 5014 2676 5083 Φανερὸν
2711 5010 2801 5068 οὖν
2841 5017 2904 5068 ἐκ
2944 5015 3050 5069 τῶν
3078 5019 3404 5087 εἰρημένων,
3458 5020 3536 5072 ὅτι
3587 5020 3614 5070 ὁ
3647 5010 3802 5080 Πατὴρ

2284 5106 2491 5174 πηγαία
2520 5105 2731 5176 θεόῖης,
2778 5110 2877 5161 καὶ
2931 5111 3094 5179 μόνον
3123 5112 3315 5176 αἴτιος,
3366 5113 3462 5166 καὶ
3506 5110 3648 5180 πηγὴ
3690 5105 3802 5177 μόνη

2276 5195 2372 5264 τῆς
2405 5198 2731 5267 ὐπερουσίου
2757 5200 3040 5271 θεότητος,
3073 5204 3168 5255 καὶ
3201 5207 3365 5273 μόνος
3404 5203 3667 5271 γεννήτωρ
3709 5196 3799 5262 ἅμα

2278 5289 2371 5341 καὶ
2406 5291 2728 5360 προϐολεὺς,
2762 5293 2861 5346 ὃσα
2894 5294 2942 5346 τ’
2973 5282 3112 5349 ἄλλα
3139 5298 3276 5366 πρὸς
3316 5297 3426 5356 τῶν
3453 5290 3800 5360 Θεολογούντωῆ

2277 5380 2615 5450 ὠνόμασται,
2643 5367 2704 5436 οὐ
2744 5386 2906 5453 μόνον
2940 5386 3017 5453 τῷ
3058 5391 3209 5458 παρὰ
3261 5388 3488 5458 μηδενὸς
3543 5385 3676 5454 ἔχειν
3716 5377 3796 5436 τὶς

2278 5473 2579 5541 εἰρημένας
2615 5475 2874 5548 δυνάμεις
2910 5479 3003 5532 καὶ
3036 5483 3416 5550 γονιμότητας,
3457 5477 3599 5531 ’ἀλλὰ
3630 5466 3799 5534 καὶτῷ

2284 5565 2442 5630 μόνον
2472 5565 2620 5636 αὐτῷ
2655 5569 2713 5620 ἐν
2747 5571 2858 5632 τοῖς
2892 5569 3060 5634 Θείοις
3083 5565 3224 5625 εἶναι
3257 5572 3348 5624 τὸν
3375 5570 3533 5638 μόνον
3561 5564 3797 5632 mpii”

2276 5669 2369 5706 τα.
2405 5656 2579 5719 Αὐτὸς
2611 5657 2720 5727 γὰρ
2759 5659 2920 5727 μόνος
2944 5659 3094 5712 ἐστὶν
3123 5661 3152 5711 ὁ
3183 5659 3447 5730 παράγων
3471 5658 3584 5718 ταῖς
3611 5645 3800 5721 εἰρημέ·

2281 5760 2398 5807 ναις
2425 5745 2739 5814 δυνάμεσιν,
2782 5748 2856 5810 ὡς
2884 5751 3036 5820 πηγὴ
3065 5752 3157 5804 καὶ
3189 5751 3329 5821 ἀρχὴ
3383 5751 3476 5802 καὶ
3506 5744 3663 5809 αἰτίαν
3713 5735 3789 5789 ἀὶ
