4066 6188
387 297 487 362 997

1301 299 1399 360 DE
1442 298 1964 359 PROCESSIONE
1997 298 2354 359 SPIRITUS
2396 300 2679 360 SANCTI.

3538 304 3644 367 998

384 412 412 464 ὃ
444 428 496 463 τι
520 408 587 463 ἂν
610 409 753 461 εἴποι
784 426 866 473 τις
892 410 999 464 τῶν
1026 409 1247 482 ὁμοίων.
1286 411 1522 481 Φανερὸν
1564 409 1619 463 δὲ
1652 411 1746 465 καὶ
1778 412 1856 463 ὅτι
1902 411 1950 464 αι

2066 426 2251 477 causa,
2289 421 2344 466 ct
2378 410 2645 482 quidquid
2674 408 2823 464 aliud
2860 410 2913 464 in
2941 425 2997 464 re
3026 418 3169 464 tanta
3203 426 3265 464 ac
3290 411 3452 465 simili
3498 413 3650 482 quis‘

384 502 676 585 εἰρημέναι
705 500 798 554 δύο
816 501 1074 571 δυνάμεις
1096 503 1127 571 ἡ
1154 501 1271 555 Θεία
1295 503 1452 554 οὐσία
1474 504 1689 564 πάντως
1711 504 1846 568 ἐστὶ,
1869 508 1961 554 καὶ

336 640 349 663 κ
382 597 451 651 τὰ
472 598 831 667 ἀποδιδόμενα
849 599 925 669 τῷ
945 598 1088 669 θεῷ,
1108 598 1232 663 νοῦς
1250 618 1306 651 τε
1333 602 1423 652 καὶ
1448 601 1727 671 βούλησις.
1745 600 1885 663 Νοῦς
1907 602 1961 653 δὲ

385 690 493 759 ἄρα
509 692 599 742 καὶ
619 689 873 761 βούλησις
886 693 970 743 τε)
984 693 1245 762 ειότητες.
1262 697 1415 745 Δυοῖν
1435 694 1673 761 δὲδντοιν
1693 697 1807 745 τοῖν
1828 712 1893 745 πα
1906 711 1963 763 ρ-

385 784 679 851 αγομένοιν
699 787 1037 853 προσώπῡιν,
1058 785 1187 836 Υἱοῦ
1210 802 1264 836 τε
1290 788 1383 837 καὶ
1409 786 1551 837 Οεῖου
1610 787 1923 853 υνεύμοντος
1945 825 1958 849 ,

387 876 416 925 ό
442 875 539 942 μὲν
561 875 807 944 πρόεισιν
838 878 898 929 ὲκ
924 875 1017 928 τοῦ
1054 871 1340 950 Πατρός,ᾖ
1366 878 1573 945 Πατὴρ,
1612 876 1804 928 διὸκαὶ
1828 876 1962 939 πρὸς

386 965 547 1018 αὑτὸν
580 967 914 1037 ἀναφέρεται
967 970 1032 1037 τῇ
1089 969 1334 1035 υἱότητιο
1384 967 1509 1029 Υἱὸς
1568 969 1677 1036 γὰρ
1724 969 1960 1037 Πατρός,

385 1056 576 1125 ὥσπερ
603 1060 695 1110 καὶ
718 1060 901 1127 Πατὴρ
924 1061 950 1110 ό
972 1062 1160 1129 Πατὴρ
1182 1058 1311 1112 Υἱοιῦ
1336 1061 1578 1126 λέγεται’
1599 1062 1626 1111 ό
1646 1059 1689 1111 δ’
1710 1055 1775 1112 αὖ
1800 1060 1963 1113 πάλιν

387 1150 452 1199 ἐκ
485 1149 578 1200 τοῦ
646 1149 809 1201 αὑτοῦ
846 1151 1056 1219 Πατρός
1133 1151 1514 1221 ἐκπορεύεται,
1544 1152 1641 1220 οὐχ
1750 1152 1958 1220 Πατὴρ,

306 1302 313 1305 _
385 1234 554 1313 ἀλλἰᾖ
584 1240 882 1308 προϐολεὺς
908 1241 1099 1311 δήπου,
1147 1243 1241 1294 καὶ
1262 1243 1604 1311 προϐάλλων,
1645 1246 1739 1295 καὶ
1758 1245 1955 1305 πνέω-ι,

388 1332 480 1383 καὶ⁸
507 1331 606 1382 ὅσα
640 1331 739 1398 τῆς
782 1332 975 1399 ὁμοίας
1029 1333 1157 1385 ὅντα
1206 1335 1466 1402 τυγχάνει
1519 1335 1821 1403 δυνάμεως.
1869 1337 1963 1388 Διὸ

382 1422 476 1474 καὶ
505 1421 641 1489 πρὸς
663 1421 825 1472 αὐτὸν
851 1424 913 1472 τὸ
934 1422 1075 1473 οείον
1096 1424 1433 1489 ἀναφέρεται
1462 1421 1687 1490 Πνεῦμα
1718 1424 1783 1489 τῇ
1830 1440 1903 1491 πρ
1922 1442 1957 1472 ι-

381 1512 536 1580 6οὶῇ.
568 1512 882 1579 Προϐολέως
922 1513 1032 1580 γὰρ
1077 1514 1372 1582 πρόδ).ημα
1414 1513 1656 1580 λέγεται,
1705 1514 1959 1581 καθάπερ

382 1605 475 1654 καὶ
502 1603 798 1670 προϐολεὺς
827 1602 893 1655 αὖ
921 1604 1309 1672 προϐλήματος
1364 1604 1688 1672 προϐολεύς.
1742 1604 1956 1671 Ὠσπερ

379 1695 475 1746 οὖν
494 1693 588 1746 τοῦ
628 1693 935 1762 προϐολὲως
967 1696 995 1745 ὁ
1029 1695 1215 1763 Πατὴρ
1241 1698 1648 1763 προεπινοείται
1677 1696 1819 1749 κατὰ
1860 1696 1958 1763 μὲν

2065 501 2207 570 piam
2239 502 2653 572 excogitaverit,
2684 500 2961 573 producit.
2998 499 3216 555 Clarum
3260 502 3389 557 item
3420 509 3505 557 est
3530 503 3647 558 dico

2068 600 2147 644 tas
2178 591 2312 646 duas
2348 591 2635 647 facultates
2674 591 2915 646 divinam
2966 592 3257 645 essentiam
3302 590 3462 661 plane
3502 608 3646 660 esse,

2064 694 2117 735 et
2170 700 2288 751 qua:
2340 684 2447 737 Deo
2484 683 2869 738 attribuuntur
2904 685 3215 739 intellectus
3269 694 3323 738 et
3368 687 3644 741 voluntas.

2065 773 2381 829 intellectus
2434 777 2616 845 itaque
2672 788 2725 832 et
2760 777 3014 830 voluntas
3072 778 3436 846 perfectiones
3490 788 3638 833 sunt.

2064 863 2448 920 Verumtamen
2480 884 2602 921 cum
2633 883 2899 937 personm,
2924 885 3041 939 qnze
3091 870 3473 939 producuntur
3501 869 3643 925 bime

2063 960 2189 1023 sint,
2226 960 2396 1013 Filius
2417 970 2469 1013 et
2496 960 2732 1030 Spiritus
2765 975 3007 1029 sanctus,
3049 963 3136 1016 ille
3174 963 3397 1031 quidem
3430 962 3642 1031 prosilit

2061 1066 2125 1102 ex
2167 1050 2339 1115 Patre,
2374 1066 2479 1118 qua
2517 1052 2678 1104 Pater
2720 1061 2841 1115 est,
2898 1053 3130 1120 ideoque
3179 1052 3246 1107 ad
3290 1054 3465 1119 ipsum
3506 1051 3644 1106 lilia-

2065 1143 2211 1195 tione
2248 1143 2485 1195 refertur
2524 1159 2536 1195 :
2578 1144 2747 1197 Filius
2776 1144 2918 1197 enim
2955 1143 3131 1197 Patris
3162 1155 3265 1207 est,
3292 1145 3649 1213 quemadmo-

2065 1233 2192 1284 dum
2235 1243 2290 1285 et
2323 1232 2499 1294 Pater,
2537 1232 2658 1285 Filii
2694 1233 2854 1287 Pater
2898 1233 3123 1286 dicitur.
3158 1232 3254 1287 llic
3292 1249 3425 1286 vero
3458 1251 3648 1288 rursus

2062 1340 2125 1377 et
2178 1324 2370 1377 eodem
2414 1326 2572 1378 Patre
2611 1326 2882 1392 procedit,
2925 1341 3034 1379 non
3063 1342 3168 1394 qua
3216 1325 3371 1379 Pater
3417 1335 3519 1390 cst,
3553 1326 3648 1380 sed

2064 1431 2169 1483 qna
2198 1418 2518 1484 productor,
2551 1426 2603 1471 et
2635 1420 2966 1487 producens,
3006 1428 3060 1473 et
3088 1419 3305 1487 spirans
3334 1459 3347 1483 ,
3401 1428 3457 1473 et
3501 1436 3648 1489 quae—

2063 1522 2280 1574 cunque
2311 1511 2415 1562 alia
2437 1510 2667 1563 similem
2689 1510 3001 1564 facultatem
3028 1513 3366 1579 exprimunt.
3389 1512 3651 1581 Propter-

2061 1611 2235 1664 eaqne
2269 1599 2334 1650 ad
2368 1599 2546 1667 ipsum
2586 1601 2800 1655 divinus
2858 1604 3093 1657 refertur
3137 1603 3377 1669 Spiritus
3403 1603 3650 1673 produc-

2066 1691 2233 1742 tione.
2266 1688 2617 1745 Productoris
2645 1693 2791 1745 enim
2817 1694 3104 1761 productio
3132 1694 3357 1760 dicitur,
3397 1692 3559 1747 sicuti
3595 1702 3652 1747 et

379 1785 441 1837 τὸ
463 1786 634 1838 ἀΐδιον
670 1783 754 1851 οὓ,
782 1785 897 1854 ἄμα
938 1787 1045 1855 ¹γὰρ
1094 1785 1218 1838 κατ’
1280 1787 1457 1840 ὲκείνο
1508 1788 1701 1855 Πατήρ
1756 1803 1814 1839 τε
1858 1786 1950 1839 καὶ

2062 1782 2364 1851 productor
2396 1784 2511 1836 vice
2539 1798 2696 1839 versa
2726 1785 2978 1854 producti
3007 1797 3089 1840 est
3109 1787 3426 1854 productor.
3447 1785 3652 1852 Quem-

383 1876 706 1945 προϐολεὺς,
744 1876 1026 1936 συναῖδίως
1074 1874 1314 1937 τοιοῦτος
1346 1873 1444 1939 ὢν,
1489 1876 1630 1928 κατᾶ
1674 1876 1730 1927 δὲ
1776 1875 1835 1926 τὸ
1866 1873 1955 1927 δύο

379 1967 575 2020 νασοαι
610 1968 704 2020 καὶ
739 1968 1025 2034 προάγειν.
1070 1970 1338 2036 Πρότερον
1378 1968 1487 2037 γὰρ
1518 1968 1607 2020 τόν
1661 1968 1786 2021 Υἱδν
1811 1987 1951 2040 παρα

310 2118 315 2123 ,
374 2060 500 2126 ἀγει
523 2057 617 2111 τοῦ
648 2059 983 2125 Πνεόματος,
1015 2059 1116 2128 ἤδη
1144 2059 1431 2128 νοούμενος
1476 2061 1847 2130 ὑφεστηκέναι
1887 2064 1954 2131 τῇ

376 2150 514 2218 πρὸς
550 2150 642 2202 τὸν
688 2150 814 2203 Υἱὸν
844 2151 1088 2219 ἰδιότητι,
1136 2154 1199 2221 τῇ
1245 2154 1573 2222 πατρότητν
1623 2152 1768 2207 οὕτω
1813 2157 1955 2208 καὶὸ

378 2245 503 2305 Υἱὸς
533 2242 599 2295 αὖ
640 2243 805 2295 πάλιν
852 2246 1263 2310 προεπινοεῑται
1315 2244 1411 2296 τοῦ
1468 2245 1805 2314 Πνεῦματος,
1856 2249 1953 2316 οὐχ

372 2336 459 2388 ὅτι
490 2335 587 2404 όύχ
630 2336 745 2404 ἅμα
774 2336 1027 2403 ἀλλήλοις
1054 2338 1347 2399 συναῖδὶως
1381 2337 1552 2390 ἐστίν’
1577 2337 1720 2390 οὕτω
1751 2339 1858 2408 γὰρ
1887 2344 1955 2392 τα

374 2427 503 2497 ’τρία
525 2429 794 2496 πρόσωπα
819 2428 940 2496 ἅμα
999 2429 1175 2497 πάντη
1216 2428 1308 2481 καὶ
1362 2428 1626 2494 ξυναῖδια,
1679 2432 1773 2482 καὶ
1801 2430 1955 2483 02361-

387 2521 503 2588 μώς
530 2519 658 2572 ἄλλο
688 2520 850 2571 ἄλλον
879 2536 942 2587 γε
976 2521 1264 2590 πρότερονο
1317 2521 1413 2573 καὶ
1441 2522 1525 2574 ὅτι
1570 2521 1630 2573 τὸ
1661 2521 1952 2589 γεννᾶσθαι

374 2614 645 2681 πρότερον
672 2614 735 2665 ἐκ
774 2612 875 2682 τῆς
897 2612 994 2665 τοῦ
1023 2615 1309 2682 χρήματος
1337 2613 1554 2681 φύσεως
1577 2613 1671 2666 τοῦ
1718 2613 1956 2682 προϐάλ-

373 2705 588 2766 λεσθαι,
624 2704 716 2756 καὶ
738 2704 798 2755 τὸ
825 2706 1020 2774 γεννᾷν
1048 2705 1143 2756 τοῦ
1195 2704 1547 2774 προϐάλλειν,
1604 2699 1685 2767 οἷς
1725 2722 1954 2773 προεπιο

371 2797 576 2847 νοεῖται
616 2794 803 2864 Πατὴρ
833 2795 926 2846 τοῦ
964 2796 1388 2863 προϐάλλοντος.
1426 2796 1537 2847 Καὶ
1566 2796 1706 2865 αὕτη
1735 2797 1952 2856 πάντως

371 2887 522 2937 ἐστὶν
552 2888 585 2954 ἠ
621 2888 729 2938 τῶν
755 2887 915 2939 θείων
963 2888 1320 2941 ὑποστάσεων
1366 2888 1539 2953 τάξις,
1600 2889 1663 2940 ἐκ
1696 2889 1796 2957 τῆς
1847 2906 1955 2957 πη-

373 2978 534 3045 γαὶας
565 2977 739 3046 ἀρχῆς
763 2978 858 3031 καὶ
885 2978 1023 3047 αὐτὴ
1062 2980 1358 3046 ἀνίσχουσα
1415 2978 1508 3031 τοῦ
1544 2979 1779 3050 Πατρδς,
1832 2981 1952 3033 καθ’

371 3068 490 3137 ῆνὸ
545 3069 735 3139 Πατὴρ
770 3070 871 3139 μὲν
922 3072 1037 3122 τοῖν
1068 3070 1234 3133 δυοῖν,
1284 3059 1332 3124 δ’
1368 3070 1426 3124 δὲ
1472 3072 1601 3135 Υἱὸς
1650 3072 1744 3125 τοῦ
1802 3072 1945 3124 θείου

2061 1873 2358 1928 admodum
2414 1876 2598 1944 itaque
2652 1875 2815 1931 Pater
2879 1877 3034 1946 prius
3096 1877 3424 1948 intelligitur
3483 1894 3645 1947 quam

2061 1967 2381 2034 productor,
2410 1982 2519 2021 non
2555 1971 2856 2022 secundum
2891 1970 3274 2037 aeternitatem;
3306 1986 3541 2042 namque
3580 1987 3644 2027 ea

2060 2057 2220 2110 simul
2258 2074 2363 2112 una
2413 2068 2633 2114 suntet
2682 2061 2842 2113 Pater
2888 2070 2943 2115 et
2978 2061 3321 2127 Productor,
3371 2062 3440 2117 ab
3496 2065 3647 2117 omni

2059 2151 2366 2203 aeternitate
2393 2151 2516 2204 talis
2549 2151 2840 2214 exsistens,
2870 2153 2965 2205 sed
2995 2152 3298 2206 secundum
3328 2152 3645 2213 facultatem

2059 2256 2113 2299 ct
2172 2247 2587 2313 productionem
2632 2246 2836 2315 ;prius
2901 2245 3046 2299 enim
3100 2244 3297 2298 Filium
3369 2245 3645 2314 pro‘dueit,

2058 2354 2218 2401 quam
2271 2339 2575 2407 Spiritum,
2623 2352 2745 2391 cum
2792 2338 2904 2405 jam
2938 2336 3277 2404 intelligatur
3310 2336 3649 2406 proprietate

2058 2428 2123 2480 ad
2183 2428 2419 2492 Filium,
2479 2430 2808 2495 paternitate
2867 2442 3065 2496 nempe
3122 2427 3477 2482 subsistere:
3526 2428 3646 2497 pari

2060 2519 2220 2571 modo
2255 2529 2310 2571 et
2344 2519 2516 2573 Ftlius
2555 2520 2710 2589 prius
2760 2518 3121 2587 intelligitur,
3171 2534 3336 2587 quam
3384 2518 3645 2589 Spiritus,

2059 2626 2167 2663 non
2210 2612 2355 2679 quod
2405 2628 2509 2664 una
2552 2611 2715 2664 simul
2760 2626 2869 2664 non
2904 2610 3015 2665 sint
3048 2610 3238 2662 eadem
3286 2588 3644 2666 :eternltate‘:

2057 2706 2136 2757 sic
2194 2704 2339 2757 enim
2392 2712 2501 2757 tres
2543 2718 2788 2771 personae
2829 2702 2993 2756 simul
3041 2701 3217 2755 modis
3260 2702 3552 2768 omnibus,
3592 2711 3648 2757 et

2056 2794 2366 2853 amiterna,
2416 2801 2473 2845 et
2522 2792 2834 2846 nullatenus
2886 2790 2988 2844 alia
3036 2791 3139 2845 alia
3183 2793 3493 2861 praecedit:
3543 2793 3643 2848 sed

2057 2886 2200 2954 quod
2239 2886 2488 2955 generari
2528 2884 2681 2953 prius
2710 2883 2782 2936 sit
2806 2884 2919 2952 ipsa
2954 2893 3173 2948 natura,
3203 2886 3641 2955 quamprodnci,

2056 2984 2111 3028 ct
2140 2990 2423 3044 generare.
2457 2989 2622 3039 quam
2659 2974 2985 3043 producere,
3020 2976 3220 3044 quibus
3252 2976 3405 3045 prius
3440 2978 3645 3032 intelli-

2055 3068 2202 3133 gitur
2251 3067 2448 3130 Pater,
2482 3082 2643 3135 quam
2693 3067 3023 3136 produceus.
3064 3066 3129 3122 Et
3178 3067 3268 3122 hic
3303 3079 3388 3124 est
3429 3069 3647 3124 divina-

373 3160 689 3228 Πνεύματος
718 3163 1005 3231 πρότερος·
1042 3163 1136 3215 καὶ
1171 3163 1343 3215 ταῦτα
1375 3165 1519 3218 κατὰ
1570 3164 1631 3217 τὸ
1667 3163 1798 3217 αὐτὸ
1856 3162 1949 3215 νῦν

2059 3176 2175 3213 rum
2249 3165 2627 3228 li)p0$lﬂSCOﬂ
2664 3160 2802 3214 ordo
2851 3174 2919 3214 ex
2978 3160 3311 3230 primigenio
3366 3164 3643 3234 principio

371 3252 471 3321 τῆς
495 3254 799 3323 ἁῐδιότητος
821 3254 938 3323 ἅμα
992 3256 1210 3325 Πατρός
1260 3272 1319 3309 τε
1376 3256 1530 3320 ὄντος
1567 3256 1699 3309 Υἱοῦ
1761 3273 1821 3308 τε
1859 3255 1952 3307 καὶ

375 3345 524 3398 θείου
561 3345 903 3417 Ιῐνεύματος.

441 3615 505 3669 ε’.
550 3613 710 3667 ’Ἀλλὰ
732 3614 839 3684 μὴν
870 3613 1094 3666 κάκεῖνο
1131 3616 1242 3675 τοῖς
1267 3615 1580 3685 εἰρημένοις
1632 3613 1951 3682 προσθεῖναι

368 3707 603 3769 δίκαιον,
640 3706 1101 3774 Οεολογικώτατον
1130 3705 1209 3757 ὅψ
1245 3706 1326 3758 ὅτι
1375 3707 1403 3758 ό
1437 3705 1630 3777 Πατὴρ
1687 3710 1951 3780 ἑκάτερον

371 3801 479 3851 τῶν
510 3800 667 3849 θείων
710 3797 951 3865 παράγει
1006 3795 1337 3865 προσώπων,
1390 3797 1505 3849 ῐσον
1529 3797 1709 3866 ἑαυτῷ
1771 3800 1948 3867 πάντη

371 3894 587 3952 πάντως
618 3891 709 3943 καὶ
739 3892 924 3960 ὅμοιον
946 3890 1067 3950 ταῖς
1098 3889 1291 3950 αὐταῖς
1351 3888 1429 3957 τῷ
1459 3888 1678 3958 ἀριθμῷ
1745 3890 1946 3944 τελειό-

370 4001 516 4052 τησι.
558 3985 738 4036 Πάντα
764 3983 872 4051 γὰρ
905 3983 1004 4035 ὅσα
1027 3981 1287 4050 πρόσεστι
1318 3979 1396 4051 τῷ
1438 3981 1616 4050 [Ιατρὶ⁵
1664 3982 1791 4034 ἄνευ
1844 4001 1948 4035 παο

368 4080 653 4147 τρότητος,
688 4076 781 4126 καὶ
826 4075 1038 4143 ὅσαπερ
1070 4073 1407 4143 ὲφαρμόττει
1465 4075 1530 4142 τῇ
1571 4072 1692 4142 θείᾳ
1736 4075 1945 4143 πατρό-

369 4186 513 4239 τητι,
557 4167 650 4221 καὶ
690 4168 816 4221 ἄνευ
849 4166 1189 4237 πατρότητος
1230 4167 1346 4235 ἅμα
1390 4168 1483 4220 καὶ⁴
1515 4166 1813 4229 πνεύσεως,
1855 4169 1948 4219 καὶ

367 4262 579 4328 ἰσαπερ
602 4260 790 4321 αὐταῖς
820 4259 1016 4320 κοινῶς
1044 4259 1405 4329 ὲφαρμόττει,
1436 4260 1594 4313 κοινὰ
1621 4261 1717 4313 καὶ
1741 4262 1852 4322 τοῖς
1883 4262 1947 4312 ἐκ

368 4352 582 4420 ιιατρδς
614 4346 800 4403 εἶναιὸ
844 4349 1153 4418 Θεολογικὸς
1191 4350 1535 4420 παραδίδωσι
1568 4351 1749 4421 λόγος.
1797 4350 1947 4404 Auri

2054 3249 2216 3304 Patre
2250 3266 2542 3319 assurgi-ns
2580 3266 2689 3319 quo
2718 3251 2880 3304 Pater
2913 3261 3149 3322 utraque
3187 3269 3443 3323 persona,
3471 3256 3642 3312 Filius

2055 3359 2187 3395 vero
2236 3342 2446 3411 Spiritu
2492 3352 2683 3396 sancto
2716 3344 2961 3397 anterior
2992 3354 3074 3398 est
3114 3362 3128 3398 :
3168 3346 3295 3400 licet
3338 3349 3641 3403 secundum

2055 3433 2200 3487 idem
2228 3443 2562 3486 momentum
2596 3434 2918 3489 aeternitatis
2984 3435 3165 3501 Pater,
3207 3435 3376 3492 Filius
3418 3450 3474 3493 et
3520 3438 3643 3509 Spi-

2057 3525 2194 3579 ritus
2220 3536 2441 3579 sanctus
2471 3543 2577 3581 una
2603 3527 2767 3581 simul
2800 3528 2927 3582 sint.

2125 3617 2179 3671 5.
2224 3618 2360 3672 Illud
2392 3634 2612 3688 quoque
2647 3623 2758 3689 jam
2795 3619 2958 3675 dictis
2992 3623 3193 3691 apponi
3224 3638 3331 3677 non
3370 3623 3641 3680 absonum

2056 3709 2242 3775 fuerit,
2271 3728 2337 3765 ex
2374 3714 2579 3766 inlimis
2614 3713 2901 3782 theologiaa
2928 3715 3147 3769 areanis
3179 3716 3409 3785 petitum
3439 3735 3453 3772 :
3480 3720 3641 3773 Pater

2054 3814 2121 3852 ex
2158 3799 2357 3853 divinis
2392 3803 2642 3867 personis
2676 3812 2970 3871 utramque
3006 3804 3338 3875 sibimetipsi
3372 3810 3639 3877 :equalem

2052 3904 2150 3958 per
2190 3890 2379 3943 omnia
2427 3901 2483 3944 et
2531 3892 2768 3944 similem
2822 3894 3016 3946 iisdem
3072 3910 3302 3950 numero
3341 3898 3641 3964 perfectio-

2052 3981 2219 4036 nibus
2275 3981 2547 4051 producit.
2588 3982 2942 4052 Quaecunque
2991 3987 3139 4041 enim
3202 3989 3395 4043 insunt
3446 3989 3637 4057 Patri,

2053 4085 2281 4144 excepta
2316 4090 2420 4128 una
2454 4076 2817 4144 paternitate,
2863 4087 2919 4133 et
2951 4079 3019 4133 iis
3050 4094 3173 4148 quae
3206 4080 3405 4135 divinat
3450 4091 3636 4151 pater-

2051 4167 2210 4222 uitati
2270 4169 2620 4221 accommoda
2694 4178 2858 4234 sunt,
2899 4181 3238 4242 exceptaque
3304 4175 3637 4242 paternitatu

2051 4266 2108 4313 et
2167 4258 2507 4326 spiratione,
2555 4269 2611 4314 et
2649 4275 2770 4329 quae
2836 4261 2946 4315 illis
3004 4263 3351 4331 adaptantur,
3387 4281 3636 4320 commu-

2052 4354 2143 4408 nia
2182 4352 2248 4408 iis
2301 4369 2542 4423 quoque,
2603 4356 2698 4424 qui
2752 4370 2818 4408 ex
2865 4355 3026 4410 Patre
3066 4364 3214 4421 sunt,
3251 4358 3626 4427 theologorum

368 4444 470 4513 μὲν
512 4445 642 4511 γὰρ,
681 4444 800 4511 ἢτοι
860 4442 1164 4512 πατρότης,
1222 4444 1313 4496 καὶ
1350 4443 1622 4512 πατρότης
1670 4445 1788 4513 ἃμα
1846 4445 1943 4497 καὶ

2055 4447 2328 4502 sententia
2366 4447 2521 4501 facit.
2561 4448 2655 4502 Illa
2699 4447 3008 4518 siquidem,
3062 4450 3363 4519 paternitas
3410 4466 3628 4521 nempe,

370 4533 729 4598 πνεῦσις,καὶ
765 4533 975 4601 ὅσαπερ
1001 4532 1198 4584 ἕπεται
1248 4535 1313 4602 τῇ
1358 4533 1685 4603 πατρότητι,
1729 4536 1821 4586 καὶ⁵
1875 4532 1941 4586 αὖ

369 4625 534 4678 πάλιν
566 4624 869 4694 πατρότητί
896 4642 953 4675 τε
992 4627 1086 4675 καὶ
1112 4623 1336 4676 πνεύσει
1366 4625 1581 4694 σχέσεις
1618 4627 1726 4677 εἰσὶ
1761 4627 1941 4695 μόνον,

364 4719 426 4769 οὐ
451 4716 811 4785 τελειότητες,
874 4715 1064 4785 ὥσπερ
1105 4716 1200 4767 καὶ
1234 4716 1266 4783 ἡ
1301 4715 1507 4784 υἱότης,
1569 4721 1661 4768 καὶ
1693 4718 1724 4785 ἡ
1774 4717 1830 4767 ὲν
1867 4716 1943 4784 τῷ

366 4806 650 4875 ιινεύματι
700 4805 947 4866 meum;
1016 4805 1098 4858 διὸ
1151 4806 1248 4857 καὶ
1305 4806 1567 4875 ἰδιότητες
1617 4807 1813 4871 ταῦτα,
1865 4809 1944 4858 ἑνὶ

369 4900 518 4967 μόνῳ
536 4898 645 4949 τῶν
672 4899 981 4967 προσώπων
1006 4896 1241 4950 ἑκάστου
1272 4898 1570 4967 προσόντος
1608 4900 1811 4968 ἣκιστα
1862 4917 1944 4951 κιο

366 4988 632 5056 νουμένου
662 4989 757 5039 καὶ
788 4988 1243 5055 μεταπίπτοντος.
1294 4988 1377 5040 Τὰ
1444 4988 1501 5041 δὲ
1568 4991 1720 5059 παρὰ
1769 4990 1942 5042 ταῦτα

368 5079 548 5131 πάντα
587 5077 655 5129 τὰ
696 5078 833 5131 αὑτὰ
884 5079 961 5148 τῷ
985 5079 1204 5149 ἀριθμῷ
1264 5082 1420 5136 κοινὰ
1472 5084 1582 5144 τοῖς
1611 5082 1812 5150 τρισὶν,
1874 5081 1941 5134 ἵν’

365 5172 455 5239 εἴη
483 5172 593 5232 τοῖς
620 5170 798 5233 αὐτοῖς
831 5170 943 5233 ῐσος
984 5173 1079 5224 καὶ
1126 5173 1313 5241 ὅμοιος
1347 5171 1481 5241 Θεὸς
1513 5174 1539 5224 ὁ
1566 5173 1695 5236 Υἱὸς
1724 5170 1840 5244 Θεῷ
1862 5174 1940 5244 τῷ

366 5262 566 5331 Ιιατρὶ,
600 5263 691 5315 καὶ
725 5262 857 5325 Θεὸς
890 5263 950 5314 τὸ
981 5263 1209 5333 Πνεῦμα
1248 5265 1366 5336 Θεῷ
1414 5265 1591 5335 Πατρι
1624 5283 1681 5318 τε
1740 5268 1834 5320 καὶ
1861 5265 1940 5335 τῷ

364 5352 498 5420 Υἱῴ·
534 5354 625 5405 καὶ
650 5353 736 5404 διὰ
764 5353 938 5406 ταῦτα
977 5354 1109 5417 Θεὸς
1141 5353 1223 5418 εἷς
1250 5357 1319 5409 τὰ
1344 5357 1492 5428 τρία,
1541 5361 1607 5429 τῇ
1661 5358 1795 5428 αὑτῇ
1847 5359 1946 5411 καὶ

368 5444 469 5513 μιᾷ
496 5444 682 5515 οὐσία,
714 5447 945 5507 mini;
969 5447 1157 5510 αὐταῖς
1210 5450 1537 5519 τελειότησι,
1591 5452 1687 5506 τοῦ
1733 5455 1938 5525 τρόπου

366 5536 530 5605 μόνου
566 5555 680 5601 πως
703 5538 1138 5603 ὲναλλάττοντος,
1166 5536 1245 5601 οἷς
1270 5542 1326 5591 ὲν
1347 5542 1523 5611 llatth
1548 5545 1649 5612 μὲν
1681 5547 1940 5613 πηγαίως

360 5626 556 5692 ταῦτα,
592 5636 685 5681 καὶ
725 5630 993 5699 ἀνάρχως,
1041 5632 1136 5682 καὶ
1182 5632 1466 5696 ἀναιτίως,
1529 5637 1625 5686 καὶ
1677 5638 1753 5707 μὴ
1808 5639 1937 5709 παρ’

366 5714 525 5770 ἄλλου
564 5736 657 5773 του
720 5722 992 5791 διδόμενα,
1034 5725 1090 5774 ὲν
1120 5721 1175 5775 δὲ
1207 5722 1284 5791 τῷ
1341 5721 1457 5790 Υῐῷ
1510 5725 1605 5777 καὶ
1653 5725 1933 5796 Πνεύματι

2051 4549 2107 4593 et
2129 4540 2427 4609 paternitas
2472 4540 2635 4593 simul
2658 4548 2713 4593 et
2735 4541 2983 4608 spiratio,
3016 4549 3071 4595 et
3098 4556 3218 4610 qua:
3245 4542 3628 4610 paternitatem

2048 4645 2506 4703 consequuntur,
2551 4635 2792 4703 itemque
2847 4639 3237 4704 pateruitatem
3282 4646 3337 4691 ct
3370 4640 3628 4701 spiratio-

2048 4743 2172 4781 nem
2207 4766 2222 4790 ,
2261 4726 2552 4781 relationes
2604 4728 2981 4781 tantummodo
3025 4737 3195 4794 sunt,
3252 4745 3361 4784 non
3413 4734 3629 4800 perfec-

2051 4818 2251 4883 tiones,
2282 4818 2745 4886 quemadmodum
2777 4827 2830 4872 et
2861 4818 3071 4883 liliatio,
3100 4829 3177 4884 et,
3200 4836 3319 4889 quae
3339 4821 3395 4875 in
3416 4820 3623 4891 Spirit-i

2048 4918 2151 4972 est,
2187 4909 2416 4979 spiratio
2449 4926 2461 4961 :
2499 4920 2899 4980 proptereaque
2933 4912 3329 4981 proprietates,
3383 4913 3475 4967 uni
3522 4916 3622 4969 soli

2046 5015 2292 5068 persona:
2345 5002 2658 5072 singulatim
2720 5002 3090 5067 iulizerentes,
3142 5004 3401 5075 nulloque
3464 5008 3629 5060 modo

2047 5106 2167 5146 sese
2197 5103 2497 5155 moventes,
2525 5100 2619 5146 aut
2641 5092 2694 5145 in
2728 5093 2888 5147 aliaat
2911 5096 3241 5151 recidentest
3266 5097 3466 5153 Przetcr
3490 5099 3624 5158 haec,

2048 5183 2305 5235 universa
2342 5181 2549 5250 reliqua
2580 5182 2772 5235 eadem
2807 5198 3039 5238 numero
3073 5186 3252 5241 tribus
3276 5187 3431 5257 juxta
3474 5200 3622 5239 com-

2047 5275 2234 5327 munia
2266 5282 2413 5335 sunt,
2442 5284 2502 5327 ut
2533 5272 2726 5328 iisdem
2762 5277 2985 5345 aequalis
3006 5277 3271 5331 etsimilis
3288 5275 3429 5329 Deus
3451 5275 3623 5331 Filius

2046 5367 2117 5419 sit
2175 5366 2285 5419 Deo
2330 5363 2501 5429 Patri,
2535 5375 2589 5420 et
2620 5367 2763 5420 Deus
2794 5369 3028 5437 Spiritus
3056 5369 3168 5422 Deo
3197 5366 3359 5429 Patri,
3403 5366 3624 5436 Deoque

2046 5455 2184 5510 Filio
2209 5466 2641 5527 ;proptercaque
2664 5459 2764 5512 tria
2792 5459 2905 5512 haec
2926 5460 3068 5511 Deus
3091 5471 3253 5521 unus,
3284 5472 3386 5510 una
3405 5457 3627 5511 eadem-

2045 5564 2151 5617 que
2197 5547 2433 5602 essentia
2471 5547 2772 5617 iisdemque
2820 5546 3253 5617 perfectionibus
3295 5546 3457 5602 modo
3504 5555 3627 5601 tan-

2047 5640 2330 5694 tummodo
2373 5640 2526 5692 vario
2578 5639 2908 5705 diversoque
2933 5677 2948 5698 ,
2990 5652 3100 5705 quo
3127 5635 3182 5690 in
3212 5622 3375 5693 Patre
3401 5637 3623 5707 quidem

2047 5730 2159 5793 inec
2185 5742 2440 5801 tanquam
2468 5730 2521 5783 in
2544 5729 2715 5794 fonte,
2743 5738 2797 5782 et
2820 5728 3026 5798 absque
3056 5730 3326 5802 principio
3347 5740 3405 5789 et
3436 5747 3623 5809 causa,
