4066 6188
498 246 610 313 999
1666 239 1995 303 JOANNIS
2033 238 2535 300 ARGYBOPULI
3615 236 3739 303 1000

504 372 608 413 nec
654 357 723 412 ab
755 357 861 412 alio
902 354 1143 411 exhibita
1174 355 1384 423 insunt,
1419 356 1473 411 in
1520 356 1660 412 Filio
1707 371 1838 411 vero
1869 364 1922 410 et
1953 352 2075 423 Spi-
2107 402 2110 412 .

2132 366 2147 413 ι
2182 353 2312 421 παρ’
2345 350 2507 405 ἄλλου
2539 367 2633 404 του
2666 347 2922 421 διδόμενα
2959 350 3052 403 τοῦ
3090 348 3302 421 Πατρός
3344 348 3444 403 οὐκ
3486 348 3738 421 ἁνὰρχως,

506 451 635 515 ritu,
672 449 741 504 ab
766 440 873 503 alio
900 447 1170 511 exhibita,
1213 447 1375 503 Patre
1407 449 1710 513 duntaxat,
1754 462 1861 501 non
1912 442 2079 499 veluti

2184 443 2245 497 οὐ
2270 445 2537 513 πηγαίως,
2565 442 2673 496 οὐδ’
2696 443 2974 507 ἀναιτίως.
2996 443 3147 513 Μόνη
3167 443 3275 512 γὰρ
3300 443 3449 512 πηγὴ
3472 441 3567 512 τῆς
3586 442 3740 514 ὕπερο

503 541 559 595 in
581 541 752 596 fonte.
782 554 883 593 nec
915 538 1120 606 absque
1143 538 1410 607 principio
1433 547 1487 594 et
1512 551 1697 593 causa.
1729 537 1889 593 Solus
1916 534 2085 604 siqui—

2185 536 2368 588 ουσίου
2419 535 2673 605 θεότητος
2697 537 2725 587 6
2752 535 2963 606 Πατὴρ,
2994 535 3091 589 καὶ
3117 534 3280 604 μόνος
3316 533 3476 598 αὐτὸς
3497 533 3637 586 αἰτία
3658 532 3740 587 καὶ

502 632 625 686 dem
658 631 781 684 fons
830 630 1376 701 supersubstnntialis
1432 629 1737 686 divinitatis
1788 630 1949 683 Pater
1977 635 2082 689 est,

2185 630 2374 692 αἴτιος,
2407 629 2487 680 ὅτι
2515 629 2609 681 καὶ
2651 629 2811 698 μόνος
2843 628 3081 691 ἀναίτιός
3111 644 3170 679 τε
3206 631 3303 682 καὶ
3337 628 3591 697 ἄναρχος.
3619 615 3766 680 Οὐδὲ⁴

501 729 557 774 et
582 719 731 774 solus
754 720 868 789 ipse
904 735 1091 781 causa,
1122 728 1176 773 et
1206 728 1480 785 causator,
1514 719 1661 790 quod
1692 729 1747 773 et
1776 719 1929 772 solus
1966 717 2085 769 sine

2188 721 2294 786 γὰρ
2322 719 2385 770 ἐκ
2406 736 2549 783 τινος
2576 722 2668 772 καὶ
2689 718 2875 782 αὐτὸς,
2911 718 2979 771 ἶν’
3016 718 3101 788 εἴη
3134 719 3227 770 καὶ
3256 716 3420 779 αὐτός
3451 733 3562 779 πως
3586 717 3742 770 αίτια-

503 826 665 865 causa
696 822 749 866 ct
781 812 899 867 sine
929 809 1199 880 principio
1230 819 1312 866 est
1352 828 1367 865 :
1406 827 1586 882 neque
1619 811 1766 865 enim
1795 826 1858 863 ex
1902 809 2086 877 aliquo

2187 812 2299 875 τὸν,
2335 812 2429 864 καὶ
2466 811 2535 863 τὰ
2564 810 2715 882 αὐτῷ
2749 810 3026 880 προσόντα
3066 810 3196 877 παρ’
3230 808 3393 863 ἄλλου
3412 825 3504 861 του
3548 807 3635 861 καὶ
3674 806 3740 876 μὴ

504 904 622 973 ipse
654 914 758 968 cst,
809 912 868 957 ut
898 903 1305 972 quodammodo
1336 913 1391 957 et
1420 904 1536 972 ipse
1571 903 1873 972 productus
1913 901 2003 963 sit,
2034 908 2089 951 et

2189 904 2467 972 ἁνάρχως,
2501 904 2635 974 μηδὲ
2676 902 2946 972 πηγαίως.
2971 902 3143 965 Αὐτὸς
3174 902 3284 972 γὰρ
3322 900 3481 970 μόνος
3508 899 3631 952 Υἱοῦ
3661 900 3740 953 καὶ

504 1012 623 1067 qua:
658 996 710 1047 in
738 996 854 1063 ipso
881 1004 1010 1049 sunt
1036 995 1104 1047 ab
1139 995 1247 1048 alio
1272 995 1555 1065 quopiam,
1586 1004 1640 1048 et
1666 1010 1772 1047 non
1798 993 1914 1047 sine
1938 992 2086 1061 prin-

2193 996 2509 1065 ΙΙνεόματος
2547 995 2691 1065 ἁρχὴ
2758 995 2992 1065 ἄναρχος
3046 995 3141 1049 καὶ
3201 992 3467 1057 ἀναίτιος,
3512 991 3584 1057 ὡς
3638 992 3736 1047 ἑλέ-

504 1088 672 1156 cipio,
707 1100 760 1141 et
791 1097 1047 1155 tanquam
1086 1087 1139 1139 in
1169 1087 1341 1141 fonte.
1376 1085 1659 1154 Siquidem
1692 1085 1806 1155 ipse
1838 1085 1986 1137 solus
2006 1091 2089 1136 est
2190 1104 2381 1155 γομεν,

510 1181 628 1234 Filii
668 1192 723 1232 et
768 1179 1006 1248 Spiritus
1048 1177 1380 1248 principium
1430 1177 1638 1245 absque
1694 1174 2004 1245 principio,
2033 1181 2083 1226 et

505 1273 715 1342 absque
750 1287 945 1335 causa,
982 1279 1039 1324 ut
1070 1270 1414 1324 dicebamus.

577 1404 631 1461 ὃ.
677 1407 994 1462 Produccus
1045 1406 1212 1477 igitur
1262 1407 1420 1461 Pater
1461 1405 1659 1460 Filium
1722 1404 2092 1460 communicat

2266 1404 2636 1476 ς’.Παράγων
2662 1406 2839 1460 τοίνυν
2888 1408 2915 1459 6
2961 1403 3152 1475 Πατὴρ
3209 1403 3303 1457 τὸν
3354 1402 3500 1471 Υίδν,
3547 1401 3740 1456 δίδωσιν

508 1499 610 1568 ipsi
636 1492 888 1551 divinam
942 1498 1234 1552 essentiam
1262 1536 1275 1559 ,
1306 1497 1657 1565 reliquasque
1699 1511 1892 1550 omnes
1944 1496 2091 1549 illius

2194 1498 2342 1569 αὐτῷ
2372 1499 2470 1566 τὴν
2517 1498 2669 1552 θείαν
2696 1500 2909 1564 οὐσίαν,
2939 1500 3034 1552 καὶ
3064 1500 3298 1568 ὅσαιπερ
3360 1495 3524 1564 αὐτῆς
3560 1493 3741 1546 τελειό-

506 1590 910 1660 perfectiones,
942 1590 1019 1659 uti
1076 1599 1131 1643 et
1179 1590 1548 1659 generativam
1607 1599 1663 1643 et
1704 1588 2087 1657 productivain

2194 1609 2380 1661 τητες,
2415 1590 2556 1643 ὥστε
2588 1593 2681 1644 καὶ
2739 1593 2837 1662 τὴν
2880 1590 3209 1659 γεννητικὴν
3266 1588 3361 1641 καὶ
3394 1585 3740 1657 προϐλητικὴν

508 1684 670 1737 simul
703 1682 1036 1736 facultatem.
1063 1681 1197 1735 Cum
1232 1680 1378 1734 enim
1414 1679 1665 1749 ejusdem
1691 1680 1943 1733 essentia:
1967 1693 2065 1755 per

2133 1707 2166 1761 Β
2199 1685 2314 1753 ἅμα
2352 1683 2601 1752 δύναμιν.
2640 1682 2751 1750 Τῆς
2780 1682 2888 1751 γὰρ
2929 1683 3101 1751 αὐτῆς
3138 1679 3328 1741 οὐσίας
3384 1680 3452 1731 τὰ
3501 1677 3739 1746 πρόσωπα

508 1792 658 1832 sena:
687 1775 833 1841 sint,
867 1775 1085 1829 easdem
1116 1789 1335 1843 quoque
1380 1773 1661 1842 possident
1702 1771 2085 1842 perfectiones,

2194 1777 2289 1827 καὶ
2318 1775 2419 1836 τὰς
2446 1774 2615 1835 αὐτὰς
2649 1772 2763 1841 ἔχει
2790 1771 3065 1842 δήπουθεν
3114 1769 3485 1840 τελειότητας,
3533 1767 3603 1828 ὡς
3646 1765 3739 1818 ἐδέ·

508 1877 568 1923 ut
599 1869 1034 1923 demonstratum
1072 1875 1177 1931 est,
1208 1874 1263 1921 et
1287 1865 1601 1920 intellectus
1641 1864 1867 1934 quidem
1911 1872 1966 1917 et
1996 1877 2091 1916 vo-

2192 1867 2390 1920 δεικτο*
2426 1864 2525 1917 καὶ
2542 1866 2665 1926 νοῦς
2691 1864 2746 1916 δὲ
2777 1864 2870 1917 καὶ
2900 1863 3155 1933 βούλησις
3178 1861 3537 1929 τελειότητες.
3559 1857 3741 1919 ’Δλλως

506 1960 691 2012 luntas
732 1955 1103 2025 perfectiones
1149 1965 1298 2010 sunt.
1336 1954 1471 2009 Cum
1506 1954 1750 2023 alioquin
1793 1952 1919 2022 quis
1980 1966 2089 2006 non

2193 1976 2254 2012 τε
2275 1957 2359 2021 τίς
2386 1958 2485 2012 οὐκ
2519 1954 2629 2010 οἶδε
2661 1956 2786 2009 νοῦν
2813 1974 2872 2009 τε
2915 1957 3009 2009 καὶ
3040 1955 3303 2025 βούλησιν
3336 1954 3404 2007 τὰ
3434 1952 3566 2005 αὐτὰ
3587 1952 3737 2020 πάντη

507 2052 657 2106 novit
688 2052 1026 2106 intellectum
1054 2057 1111 2104 et
1142 2050 1479 2103 voluntatem
1507 2047 1697 2101 eadem
1726 2062 1950 2116 prorsus
1975 2060 2089 2105 oni-

2194 2051 2414 2113 πάντως
2443 2054 2499 2103 ὲν
2528 2050 2703 2119 Πατρὶ
2733 2051 2827 2102 καὶ
2854 2048 2968 2118 Υἱῷ
3000 2049 3094 2102 καὶ
3151 2047 3231 2117 τῷ
3264 2046 3575 2112 Πνεύματις
3604 2042 3742 2097 ’Δλλὰ

508 2146 672 2213 niquc
700 2158 763 2197 ex
799 2148 949 2209 parte
974 2142 1025 2194 in
1046 2141 1226 2203 Patre,
1253 2148 1305 2192 et
1335 2138 1495 2202 Filio,
1521 2149 1575 2191 et
1597 2137 1801 2205 Spiritu
1822 2137 2090 2191 ?Verum-

2196 2142 2303 2211 μὴν
2334 2140 2410 2194 ὅθ’
2435 2142 2462 2193 6
2497 2141 2626 2202 Υἱὸς
2660 2141 2947 2211 παρήγετο
2978 2141 3040 2191 ὲκ
3072 2138 3289 2209 Πατρὺς
3320 2137 3403 2205 ὡς,
3448 2136 3665 2206 Πατρός,
3687 2134 3738 2187 οὐ

510 2248 691 2288 tamen
724 2249 847 2288 cuin
886 2232 1058 2286 Filius
1097 2229 1511 2299 producebatur
1548 2244 1575 2282 a
1612 2229 1791 2292 Patre,
1820 2227 2087 2290 utl’atre,

2194 2237 2397 2288 νοεῖται
2426 2233 2483 2286 τὸ
2505 2234 2660 2302 ἅγιον
2694 2232 2920 2302 Πνεῦμα
2969 2233 3033 2285 ἐκ
3077 2230 3173 2284 τοῦ
3204 2230 3420 2301 Πατρδς
3456 2229 3530 2290 ὡς
3570 2227 3740 2297 προόο·

511 2344 618 2380 non
651 2322 972 2394 intelligitur
1004 2321 1243 2391 Spiritus
1283 2329 1504 2374 sanctus
1564 2334 1627 2373 ex
1668 2320 1832 2372 Patre
1864 2329 1921 2373 ut
1967 2334 2094 2387 pro—

2194 2328 2333 2392 λέως
2366 2328 2735 2399 παράγεσθαι.
2771 2325 3188 2394 Προεπινοείται
3242 2324 3358 2394 γὰρ
3410 2324 3436 2375 6
3491 2320 3662 2390 Πατὴρ

512 2421 746 2473 ducente
783 2414 1032 2485 produci.
1079 2412 1524 2481 Prteintelligitur
1553 2411 1700 2465 enim
1749 2410 1941 2472 Pater,
1985 2425 2091 2479 qua

2195 2422 2405 2492 Πατὴρ,
2431 2420 2524 2473 τοῦ
2546 2418 2852 2491 προϐολέως
2937 2416 3261 2486 προὸολεὺς,
3289 2415 3365 2479 ὡς
3383 2414 3608 2482 ἐλέγετο.
3631 2411 3741 2464 Ἀλ-

511 2510 675 2566 Pater
714 2505 1064 2578 producenti,
1110 2502 1217 2574 qua
1262 2506 1576 2574 producens
1608 2511 1693 2556 est
1717 2540 1736 2565 ,
1774 2511 1830 2555 ιιι
1864 2501 2089 2555 diceba-

2193 2511 2300 2574 λως
2335 2528 2393 2563 τε
2424 2512 2515 2563 καὶ
2551 2510 2649 2571 τῆς
2681 2509 3024 2579 πατρότητος
3080 2506 3427 2575 ὑφεστώσης,
3463 2505 3588 2575 μιᾶς
3632 2500 3739 2555 16:6-

514 2620 625 2663 Iur.
656 2608 826 2663 Aliter
860 2604 1222 2675 paternitate,
1255 2618 1377 2672 qua:
1408 2610 1493 2656 est
1543 2616 1647 2653 una
1684 2614 1749 2654 ex
1786 2600 2091 2669 proprietas

2194 2620 2357 2672 τητος
2380 2602 2571 2670 οὐσης,
2596 2600 2693 2670 τὴν
2730 2599 3010 2669 πατρικὴν
3043 2599 3373 2660 ὑπόστασιν,
3402 2598 3638 2665 καθάπερ
3661 2595 3740 2649 irai

512 2704 694 2765 tibus,
726 2700 1033 2754 sustinente
1077 2704 1357 2765 paternam
1418 2693 1791 2764 liypostasim,
1827 2694 1993 2747 veluti
2039 2705 2092 2747 et

2195 2698 2284 2749 τὸν
2330 2697 2458 2748 Υἱὸν
2507 2696 2541 2764 ἡ
2571 2694 2773 2763 νεότης,
2817 2691 2999 2745 καὶτὸ
3056 2691 3339 2763 Πνεῦμαή
3393 2688 3736 2761 προῦολὴ,οὐ›

424 2832 431 2844 ,
510 2795 708 2848 Filium
755 2792 963 2855 filiatio,
1004 2800 1058 2844 et
1086 2789 1350 2859 Spiritum
1385 2786 1692 2857 productio,
1738 2803 1846 2840 non
1903 2787 2030 2855 utiqi

2194 2791 2260 2843 ἂν
2288 2790 2403 2858 ἅμα
2433 2789 2519 2857 εἴη
2552 2788 2849 2857 πατρίτης,
2889 2785 2985 2838 καὶ
3028 2786 3060 2854 ἡ
3090 2785 3147 2837 ὲν
3170 2784 3250 2855 τῷ
3291 2785 3465 2852 Πατρὶ
3496 2781 3739 2853 προϐολή.

510 2887 675 2942 simul
713 2876 1235 2953 fuerit'paternitas,
1268 2890 1343 2945 et,
1372 2896 1492 2947 qua:
1528 2881 1581 2934 in
1620 2880 1781 2934 Patre
1811 2888 1926 2941 est,
1958 2894 2085 2946 pro-

2197 2879 2740 2949 Προεπινοηθήσεται
2796 2879 2907 2947 γὰρ
2964 2880 3251 2947 πατρότης
3323 2879 3423 2947 τῆς
3477 2876 3532 2927 ὲν
3570 2874 3735 2943 Πατρὶ,

510 2981 721 3036 ductio.
753 2976 1212 3046 l’raeintelligetur
1242 2974 1511 3043 siquidem
1542 2974 1841 3042 paternitas
1882 2988 2000 3041 qu;c
2034 2972 2088 3025 in

2194 2973 2392 3026 ταυτὸν
2423 2972 2479 3025 δὲ
2509 2974 2704 3035 εἰπεῖν,
2734 2970 2836 3041 τῆς
2863 2970 3228 3041 ἐνεργητικῆς
3247 2970 3538 3040 προὸυλῆς.
3561 2964 3741 3021 Οὐκοῦν

511 3064 673 3132 Patre
706 3085 809 3138 est,
845 3083 900 3127 et
933 3074 1075 3127 idem
1109 3070 1215 3125 erit
1244 3071 1447 3132 dicere,
1479 3072 1669 3124 activa:
1715 3067 2083 3138 produelioni.

2138 3048 2160 3105 Ῐ·
2197 3067 2289 3120 καὶ
2320 3069 2346 3119 6
2373 3065 2520 3127 Υἱὸς,
2548 3064 2625 3117 ὅθ’
2655 3066 2683 3117 6
2719 3062 2907 3134 Πατὴρ
2977 3064 3054 3125 ὡς
3101 3062 3422 3134 προσολεὺςῖ
3455 3062 3671 3130 παράγει
3695 3057 3744 3113 τὸ

510 3169 693 3236 Quare
721 3177 777 3222 et
805 3166 996 3229 Filius,
1035 3179 1157 3219 cum
1194 3164 1353 3217 Pater
1391 3171 1451 3215 ut
1493 3163 1801 3231 producens
1832 3160 2093 3227 producit

2200 3159 2423 3228 Πνεῦμα
2446 3162 2505 3210 τὸ
2530 3158 2707 3226 ἅγιον,
2756 3156 2856 3227 τὴν
2888 3158 3058 3227 αὐτὴν
3091 3157 3232 3228 ἔχων
3262 3160 3412 3228 παρὰ
3438 3158 3527 3212 τοῦ
3560 3155 3745 3225 Harpe;

513 3262 776 3331 Spiritum
815 3268 1088 3322 sanctum,
1125 3255 1376 3310 eamdem
1409 3255 1692 3326 possidens
1735 3271 1764 3309 a
1795 3254 1953 3307 Patre
1998 3268 2093 3319 per

2148 3309 2157 3315 ,
2195 3254 2280 3305 διὰ
2314 3253 2621 3322 γεννήσεως
2646 3250 2901 3320 δύναμιν,
2965 3252 3066 3320 τὴν
3128 3252 3502 3324 προϐλητίκὴν
3548 3251 3738 3322 δηλαδή,

513 3352 923 3421 generationem
961 3349 1299 3411 facultatem,
1335 3347 1706 3415 productivam
1738 3360 1954 3412 nempe,
1986 3359 2090 3396 una

2198 3341 2717 3411 ξυνεπινοηθήσεται
2746 3342 2824 3411 τῷ
2859 3343 3035 3414 [lupi
3069 3344 3205 3411 πρὸς
3228 3344 3332 3414 τὴν
3394 3343 3484 3397 τοῦ
3520 3343 3737 3412 Πνεῦμα-

513 3458 633 3497 cum
689 3442 848 3495 Patre
903 3439 1238 3506 intelligetur
1298 3438 1350 3488 in
1410 3435 1651 3504 Spiritus
1695 3434 2086 3503 proccssione,

2196 3452 2284 3496 τος
2322 3435 2570 3507 πρόοδον,
2609 3434 2740 3503 μίαν
2771 3433 2939 3489 οὖσαν
2991 3437 3054 3488 ὲκ
3106 3436 3323 3508 Πατρδς
3373 3437 3438 3491 δι’
3465 3436 3603 3502 Υἱοῦ,
3660 3436 3739 3505 μιᾷ

514 3552 633 3603 qua:
663 3549 767 3586 una
801 3530 1074 3585 fueritex
1111 3529 1270 3582 Patre
1304 3543 1401 3597 per
1448 3526 1647 3581 Filium
1674 3567 1687 3593 ,
1729 3542 1834 3580 una
1882 3526 2090 3579 scilicet

2193 3527 2396 3597 δηλαδὴ
2427 3527 2659 3597 δυνάμει
2688 3545 2747 3580 τε
2788 3528 2883 3581 καὶ
2916 3530 3080 3599 ἀρχῇ,
3119 3531 3184 3599 τῇ
3221 3532 3282 3583 ὲν
3307 3532 3477 3600 Πατρὶ
3510 3528 3597 3582 καὶ
3627 3526 3739 3595 Υίῷ,

513 3623 806 3693 ptincipio,
842 3633 895 3676 et
928 3636 1033 3674 una
1070 3621 1357 3684 facultate,
1400 3632 1522 3687 quae
1556 3616 1608 3669 in
1643 3618 1800 3670 l'atre
1845 3627 1900 3669 et
1954 3616 2093 3669 Filio

2197 3626 2254 3676 ὲν
2284 3622 2381 3691 μὲν
2419 3622 2614 3691 ἐκείνῳ
2653 3622 2903 3691 πηγαίως
2932 3621 3099 3692 οῦσης
3155 3624 3252 3677 καὶ
3283 3624 3532 3693 ἀνάρχως
3567 3622 3653 3677 καὶ
3678 3623 3739 3691 μὴ

513 3723 632 3775 est,
670 3714 722 3765 in
774 3712 868 3764 illo
899 3710 1067 3764 veluti
1113 3708 1168 3761 in
1215 3707 1402 3772 fonte,
1445 3716 1501 3761 et
1546 3706 1751 3775 absque
1798 3707 2089 3775 principio,

2198 3712 2327 3784 παρ’
2349 3714 2533 3779 ἄλλου,
2560 3716 2618 3766 ἐν
2649 3713 2707 3766 δὲ
2742 3712 2817 3782 τῷ
2845 3709 2959 3783 Υίῷ
2983 3713 3234 3786 διδομένη
3259 3714 3349 3769 διὰ
3382 3716 3667 3783 γεννήσεως
3688 3714 3739 3765 ὲκ

514 3822 617 3860 nec
647 3806 715 3858 ab
749 3806 858 3857 alio
886 3802 1106 3867 tradita;
1141 3802 1193 3853 in
1240 3800 1378 3853 Filio
1405 3815 1533 3854 vero
1566 3808 1823 3869 tanquam
1851 3815 1917 3852 ex
1945 3816 2092 3867 prin-

2197 3805 2447 3876 ﬂatpbg,
2474 3808 2547 3868 ὡς
2588 3807 2648 3871 ἐξ
2682 3807 2860 3878 ἀρχῆς
2889 3808 3128 3878 ἀνάρχου
3161 3812 3256 3864 καὶ
3311 3811 3493 3880 πηγῆς
3552 3808 3638 3863 καὶ
3667 3808 3740 3862 αι-

514 3900 659 3969 cipio
699 3900 815 3953 sine
847 3896 1144 3967 principio,
1175 3904 1231 3949 et
1263 3894 1448 3955 fonte.
1492 3902 1546 3947 et
1582 3908 1743 3947 causa
1787 3908 1883 3961 per
1928 3908 2091 3962 gene-

2194 3898 2337 3959 τίας,
2363 3897 2420 3961 ἐξ
2450 3892 2515 3969 ἧς
2561 3898 2807 3969 ἑκάτερα
2849 3900 3115 3969 πρόεισιν
3168 3902 3297 3965 Υἱός
3329 3921 3384 3956 τε
3426 3905 3515 3956 καὶ
3546 3900 3739 3969 Πνεῦμα

516 3993 782 4047 rationem
823 3990 1099 4053 exhibita,
1134 4004 1199 4043 ex
1252 4004 1360 4058 qua
1404 3986 1565 4041 ambo
1615 3987 1875 4041 exsiliunt
1919 3986 2091 4042 Filius

2152 4060 2155 4063 ν
2195 3990 2372 4059 ἅγιον.
2412 3990 2577 4042 Ὥστε
2623 3991 2683 4042 τὸ
2714 3989 2942 4060 Πνεῦμα
2974 3992 3031 4044 τὸ
3054 3992 3209 4060 ἆγιον
3232 3995 3452 4057 εἰκότως
3471 3996 3532 4046 ὲκ
3560 3993 3739 4061 Πατρύς

514 4094 569 4138 et
619 4085 857 4154 Spiritus
912 4091 1152 4136 sanctus.
1212 4082 1559 4150 Quapropter
1593 4080 1833 4150 Spiritus
1867 4093 2092 4137 sanctus

2196 4082 2600 4150 ἐκπορεύεσθαι
2629 4082 2849 4150 λέγεται
2892 4084 2958 4137 δι’
2984 4086 3139 4151 Υίοῦ,
3176 4089 3320 4142 κατὰ
3349 4089 3445 4158 τὴν
3476 4064 3740 4155 5mm}-

509 4179 632 4247 jurc
670 4177 866 4230 merito
898 4190 962 4228 ex
999 4175 1159 4229 Patre
1194 4190 1290 4243 per
1314 4174 1509 4227 Filium
1539 4173 1835 4242 procedere
1866 4174 2089 4239 dicitur,

2202 4180 2367 4245 μένην
2399 4177 2701 4244 θεολογίαν.
2727 4177 2863 4230 Οὐδὲ
2889 4178 2996 4248 γὰρ
3027 4182 3089 4231 ὲκ
3119 4181 3283 4250 μόνου
3314 4182 3538 4253 Πατρός,
3571 4180 3646 4232 ἵνα
3679 4179 3740 4248 μὴ

516 4269 823 4324 indubitata
860 4282 922 4321 ac
966 4268 1112 4321 clara
1148 4266 1523 4333 theologorum
1567 4266 1863 4320 sententia.
1909 4268 2091 4337 Neque

2197 4267 2474 4335 νομίζοιτο
2520 4269 2546 4319 ό
2608 4268 2735 4331 Υίδς
2786 4268 2934 4338 αὐτῷ
2987 4271 3263 4339 ἀνόμοιος,
3326 4272 3401 4344 μὴ
3453 4275 3545 4334 τὰς
3599 4271 3740 4331 αὑτὰς

517 4363 661 4415 enim
691 4377 756 4415 ex
782 4359 897 4413 solo
924 4359 1107 4420 Patre,
1137 4371 1204 4411 ne
1237 4356 1406 4411 Filius
1433 4358 1508 4411 illi
1538 4367 1890 4426 reputaretur
1931 4359 2093 4413 dissi-

2218 4357 2342 4426 ἑχων
2368 4359 2711 4428 τελειότητας
2736 4360 2813 4431 τῷ
2846 4361 3046 4431 Πατρὶ,
3079 4364 3171 4415 καὶ
3199 4364 3290 4416 διὰ
3317 4365 3471 4419 τοῦτο
3503 4363 3615 4434 μηδ’
3632 4366 3741 4429 ὁμο·
3820 4392 3824 4400 -

516 4454 684 4517 milis,
723 4462 983 4520 tanquam
1013 4450 1107 4520 qui
1142 4449 1363 4504 easdem
1411 4459 1575 4518 atque
1615 4449 1775 4504 Pater
1801 4450 2097 4518 perfectio-

2201 4448 2403 4512 ούσιος,
2437 4449 2574 4519 ὅπερ
2612 4448 2863 4519 οὐδαμῶς
2908 4451 3134 4504 ἀπέοικε
3190 4455 3254 4522 τῇ
3286 4452 3377 4505 τοῦ
3428 4450 3627 4523 Ἀρείου
3671 4449 3739 4501 αί-

516 4563 615 4601 nes
673 4561 779 4600 non
841 4544 1187 4614 possideret,
1249 4552 1650 4612 proptereaque
1710 4558 1891 4612 neque
1953 4561 2095 4599 eon—

2204 4539 2518 4610 ρέσει,’τὸν
2583 4540 2711 4593 Υίὸν
2768 4541 3133 4616 ἀλλοτριούσῃ
3180 4546 3281 4613 τῆς
3346 4545 3499 4608 θείας
3553 4547 3737 4613 φύσεως

518 4639 926 4699 substantialis,
973 4637 1118 4707 quod
1183 4636 1685 4690 conformissimum
1750 4645 1834 4690 est
1884 4636 2102 4691 Arianae

2200 4630 2293 4684 τοῦ
2331 4632 2564 4700 Πατρός*
2592 4625 2668 4684 ὧν
2702 4635 2811 4703 γὰρ
2838 4636 2892 4687 αί
2924 4635 3183 4705 δυνάμεις
3219 4636 3484 4706 διάφοροι,
3519 4638 3606 4690 καὶ
3622 4632 3740 4688 αὐτά

522 4735 735 4797 luci-esi,
777 4734 868 4801 qui
906 4730 1102 4784 Filium
1128 4727 1313 4781 divina
1346 4738 1544 4780 natura
1590 4728 1764 4781 Patiis
1798 4729 2095 4797 spoliabat.

2203 4724 2267 4777 ἂν
2293 4720 2404 4776 εἷεν
2425 4727 2541 4787 ταῖς
2575 4725 2788 4789 οὐσίαις
2817 4726 3074 4798 διάφορα’
3107 4724 3218 4781 οὐδ’
3250 4725 3316 4783 αὖ
3376 4730 3435 4793 ἐξ
3492 4728 3612 4782 Υίοῦ
3668 4727 3738 4778 ἵνα

522 4826 763 4888 Quorum
822 4822 1022 4877 etenim
1080 4820 1366 4873 facultates
1422 4818 1652 4872 diversa:
1689 4832 1855 4879 sunt.
1916 4832 2101 4876 essent

2206 4816 2279 4885 μὴ
2306 4814 2467 4871 πάλιν
2500 4818 2528 4869 ὁ
2560 4816 2685 4879 Υἱὸς
2721 4818 2864 4888 ἀρχὴ
2918 4818 3200 4887 νομίζοιτο
3253 4822 3507 4891 ἄναρχος,
3545 4817 3740 4876 κάντεῦ-

522 4929 741 4982 quoque
776 4912 969 4966 eadem
1008 4912 1122 4980 ipsa
1150 4910 1385 4963 essentia
1414 4910 1649 4962 diversa.
1688 4909 1874 4978 Neque
1908 4926 2099 4965 rursus

2201 4911 2290 4961 θεν
2324 4911 2484 4965 πάλιν
2526 4911 2808 4982 ἀλλότριος
2841 4914 2938 4982 τῆς
2988 4913 3265 4983 πατρικῆς
3321 4915 3505 4977 οὐσίας
3537 4915 3624 4967 καὶ
3656 4910 3739 4980 φύ-

523 5022 586 5059 cx
636 5004 795 5068 Filio,
830 5019 896 5056 ne
939 5003 1138 5056 iterum
1170 5000 1339 5055 Filius
1372 5001 1701 5069 principium
1753 5003 2100 5057 existimare-

2204 5016 2362 5064 σεως’
2426 5004 2565 5073 πρὸς
2613 5004 2669 5057 δὲ
2726 5005 2819 5057 καὶ
2863 5005 2949 5056 ἵνα
3007 5003 3083 5073 μὴ
3138 5005 3331 5068 υἱωνὸς
3378 5007 3632 5077 νομίζοιτο
3692 5003 3740 5055 τὸ

524 5108 612 5148 tur
636 5098 753 5149 sine
776 5093 1045 5163 principio
1069 5110 1082 5145 :
1105 5092 1341 5159 indeque
1378 5106 1568 5145 rursus
1590 5106 1616 5143 a
1650 5101 1876 5160 paterna
1911 5107 2099 5147 essen-

2203 5096 2429 5165 Πνεῦμα
2457 5097 2517 5148 τὸ
2566 5097 2721 5164 ἅγιον
2761 5098 2853 5151 τοῦ
2902 5102 3140 5174 Πατρὸς,
3176 5105 3271 5159 καὶ
3333 5103 3446 5167 υίὸς
3494 5100 3556 5155 αὖ
3602 5098 3740 5151 πάλιν

522 5192 592 5243 tia
627 5198 932 5254 naturaque
960 5183 1193 5237 alienus.
1225 5183 1302 5237 Ad
1343 5182 1458 5235 haec
1486 5220 1500 5245 ,
1533 5197 1601 5236 ne
1632 5192 1686 5235 ct
1720 5197 1889 5250 nepos
1919 5182 2098 5238 Patris

2202 5188 2297 5241 τοῦ
2329 5189 2461 5242 Υίοῦ
2498 5190 2591 5243 τοῦ
2644 5191 2800 5243 Θεοῦο
2830 5188 2899 5262 ἦν
2931 5195 3038 5264 γὰρ
3066 5196 3131 5249 ἂν
3156 5198 3251 5250 καὶ
3276 5198 3303 5249 ό
3339 5198 3461 5258 Υἱὸς
3512 5189 3574 5248 αὖ
3604 5190 3740 5241 πάλιν

520 5287 869 5351 reputaretur
902 5277 1144 5346 Spiritus
1187 5284 1427 5345 sanctus,
1457 5288 1512 5329 et
1564 5273 1735 5327 Filius
1788 5276 1915 5329 item
1974 5276 2101 5331 Filii

2203 5283 2412 5352 Πατήρ·
2448 5284 2586 5352 πρὸς
2640 5285 2697 5336 δὲ
2744 5284 2839 5337 καὶ
2891 5287 2977 5339 ἴνα
3039 5288 3115 5360 μὴ
3142 5290 3411 5360 νομὶζοιτό
3439 5306 3490 5341 τι
3540 5284 3610 5355 τῷ
3645 5279 3740 5347 Υίῷ

520 5376 637 5429 Dei.
677 5375 831 5429 Esset
860 5372 1006 5427 enim
1047 5370 1290 5425 vicissim
1317 5378 1373 5423 et
1398 5368 1570 5424 Filius
1613 5368 1791 5423 Pater.
1830 5362 1961 5424 Item
1985 5410 1999 5435 ,
2031 5387 2097 5425 ne

2202 5377 2486 5443 προσεῖναι
2517 5374 2592 5438 ὡς
2625 5378 2948 5449 παρακτικὴ
2987 5380 3218 5450 δύναμις
3250 5381 3342 5435 τοῦ
3394 5381 3544 5449 ἁγίου
3598 5369 3739 5427 [ivsti-

520 5467 649 5535 quid
699 5466 834 5519 Filio
872 5465 1089 5526 inesse,
1130 5460 1297 5514 veluti
1346 5460 1727 5528 productivam
1778 5459 2095 5515 facultatem

2204 5482 2392 5533 ματος,
2430 5466 2507 5534 μὴ
2544 5467 2619 5536 τῷ
2661 5468 2808 5538 αὐτῷ
2843 5469 2901 5522 ὃν
2951 5472 3028 5541 τῷ
3054 5472 3274 5543 ἀριθμῷ
3301 5476 3400 5526 κάν
3431 5472 3504 5541 τῷ
3533 5466 3639 5535 Θεῴ
3662 5461 3737 5514 καὶ

521 5557 762 5623 Spiritus
803 5557 1001 5627 sancti,
1031 5555 1409 5623 upinaremur,
1439 5551 1585 5618 quod
1622 5569 1724 5603 non
1755 5562 1901 5604 esset
1952 5551 2096 5605 idem

2203 5557 2398 5627 Πλτρί.
2440 5559 2825 5628 Ἐπεισάγεται
2862 5563 2969 5633 γὰρ
3002 5566 3094 5615 καὶ⁵
3138 5564 3296 5617 τοῦτο
3326 5563 3484 5617 πάλιν
3519 5555 3663 5617 αὖθις
3688 5547 3736 5602 τὸ

523 5662 753 5702 numero
787 5648 841 5700 in
886 5648 996 5701 Deo
1046 5655 1099 5700 et
1133 5647 1314 5703 Patre.
1356 5644 1730 5723 Introdncitnr
1776 5661 2009 5714 namque
2042 5657 2097 5700 et

2202 5651 2299 5719 τῆς
2322 5651 2512 5714 eiiciat;
2538 5654 2813 5721 ἀνόμοιον,
2846 5652 2881 5707 ἃ
2916 5654 2979 5724 δὴ
3011 5656 3188 5710 πάντα
3259 5656 3445 5710 ἀνόσια
3500 5652 3586 5703 καὶ
3638 5640 3736 5696 ἀθί-
