4066 6188
363 315 497 381 1001

1318 319 1416 380 DE
1459 320 1982 382 PROCESSIONE
2019 325 2379 388 SPIRITUS
2418 329 2713 391 SANC’I’I.

3489 328 3629 392 1002

359 452 515 506 μιτα,
547 433 644 487 καὶ
692 433 882 506 πόρρω
909 432 1009 503 τῆς
1044 433 1153 488 τῶν
1182 434 1539 505 Χριστιανῶν
1598 434 1936 504 Ἐκκλησίας

2044 438 2148 495 hoc
2191 457 2411 498 rursum
2440 482 2454 505 .
2486 445 2742 499 essentiae
2788 459 2982 514 nempe
3017 443 3411 499 dissimilitudo
3440 476 3455 505 ,
3506 461 3628 513 qua)

352 530 451 584 καὶ
497 528 759 590 πίστεως.

418 711 488 773 ζ’.
520 700 800 762 Διὰτοῦτο
823 709 879 761 ot
897 708 999 778 τῆς
1050 707 1377 779 Ἐκκλησίας
1413 706 1752 769 διδάσκαλοι,
1782 706 1875 759 καὶ
1900 708 1933 776 ἡ

348 802 616 872 καθολικὴ
649 802 854 872 ἑϐδόμη
917 801 1138 864 σύνοδος
1190 803 1256 855 ὲκ
1286 797 1381 854 τοῦ
1442 800 1657 870 Πατρδς
1715 800 1935 869 ἀπεφή-

352 912 516 950 ναντο
543 893 612 947 δι’
646 894 778 948 Υίοῦ
810 895 874 947 τὸ
919 892 1079 961 ἅγιον
1108 892 1515 961 ἐκπορεύεσθαι
1560 890 1811 959 Πνεῦμα,
1838 891 1938 960 οὐχ

346 989 425 1050 ὡς
458 986 638 1040 αἰτίου
695 986 791 1039 τοῦ
834 985 966 1040 Υίοῦ
1029 986 1205 1048 ὄντος.
1269 984 1382 1038 οὐδ’
1409 984 1483 1045 ὡς
1512 982 1690 1052 ἀρχῆς
1752 980 1938 1041 ἁπλῶς

349 1077 447 1131 καὶ
471 1076 785 1147 προϐολέως
819 1078 919 1147 τῆς
942 1076 1037 1132 τοῦ
1068 1076 1387 1146 Πνεῦματος
1410 1076 1783 1138 ὑποστάσεως,
1823 1073 1939 1128 ἀλλ’

347 1168 424 1230 ὥς
459 1168 734 1233 ξυναιτίου
788 1169 883 1221 καὶ
927 1169 1103 1238 ἀρχῆς
1129 1169 1188 1233 ἐξ
1218 1170 1417 1237 ἀρχῆς,
1452 1166 1561 1220 οὐδ’
1593 1165 1670 1228 ὡς
1705 1165 1779 1235 μὴ
1823 1165 1961 1217 οἴου

347 1277 408 1315 τε
440 1261 595 1323 ὄντος
614 1261 708 1314 τοῦ
738 1262 955 1331 Πατρὸς
990 1262 1176 1330 μόνου,
1214 1262 1395 1329 μόνως
1435 1261 1498 1313 τὸ
1522 1258 1740 1327 Πνεῦμα
1769 1259 1939 1326 παρά-

350 1369 469 1421 γειν
502 1353 564 1405 τδ
593 1352 776 1421 ἆγιον.
810 1346 886 1425 ’ᾙ
912 1355 1019 1424 γὰρ
1037 1354 1101 1407 ἂν
1137 1354 1261 1409 οὐδὲ
1297 1353 1390 1406 τὸν
1429 1354 1556 1405 Υἱὸν
1580 1354 1709 1406 ἄνευ
1796 1350 1940 1412 τινὸς

350 1444 542 1514 ἑτέρου
577 1447 871 1514 προσώπου
918 1447 1179 1516 γεννῆσαι
1217 1447 1377 1515 μόνος
1431 1446 1622 1515 Πατὴρ
1676 1442 1935 1515 ἠδύνατο,

349 1532 433 1599 οἷς
478 1537 581 1606 τῆς
612 1537 783 1604 αὑτῆς
815 1537 934 1590 ἐστι
984 1536 1323 1607 τελειότητος
1383 1536 1493 1589 τῶν
1535 1535 1941 1607 παραγομένων

350 1632 613 1702 ἑκάτερον
644 1632 737 1684 καὶ
762 1629 1287 1699 δυνάμεωςέῐῐατὴρ
1317 1629 1418 1698 μὲν
1468 1628 1579 1699 γάρ
1605 1627 1770 1690 αὑτὸς
1803 1627 1936 1679 αὑτο

351 1722 540 1791 ἀρκως
572 1722 666 1774 τὸν
707 1722 839 1776 Υίὸν
882 1722 1068 1791 γεννᾷ,
1089 1723 1183 1773 καὶ
1209 1720 1271 1773 τὸ
1298 1719 1527 1790 Πνεῦμα
1558 1719 1852 1789 προϐάλλει
1880 1719 1940 1772 τὸ

350 1812 529 1878 ἅγιον,
564 1811 730 1867 αὑτοῦ
772 1828 833 1865 τε
881 1812 1034 1874 ὄντος
1089 1810 1245 1863 ἔσται
1297 1814 1392 1865 καὶ
1445 1813 1473 1864 ὁ
1526 1810 1653 1874 Υἱὸς
1714 1812 1811 1865 καὶ
1872 1810 1931 1863 τὸ

349 1904 601 1971 Πνεῦμα,
632 1903 799 1957 αὑτοῦ
845 1921 905 1957 τε
940 1904 1009 1959 αῦ
1032 1906 1265 1967 ἀπόντος
1294 1908 1360 1975 τῇ
1395 1904 1632 1974 ὲπινοῖα,
1667 1902 1778 1956 οὐδ’
1800 1903 1931 1966 Υἱὸς

348 1998 489 2061 ὅλως
540 1998 721 2060 ἔσται,
780 1996 902 2051 οὑδὲ
950 1998 1013 2051 τὸ
1053 1997 1284 2067 Πνεῦμά
1335 2016 1449 2061 πως
1514 1998 1573 2062 ἐξ
1612 1996 1766 2062 Υἱςῦ,
1822 1996 1935 2051 οὐδ’

350 2090 491 2153 ὅλως
520 2088 578 2142 ἓν
604 2088 759 2142 οὐδὲν
784 2089 894 2142 τῶν
935 2089 1270 2157 προσώπων,
1332 2089 1408 2157 μὴ
1452 2089 1535 2141 ὅτι
1558 2105 1622 2155 γε
1685 2087 1929 2153 πρόοδος,

351 2182 451 2235 καὶ
476 2184 509 2249 ἠ
537 2181 675 2252 πρὸς
701 2180 939 2250 ὕπαρξιν
988 2180 1097 2233 τῶν
1148 2179 1458 2248 προσώπων
1508 2180 1777 2249 ἐνέργεια.
1809 2177 1934 2239 Υἱὸς

351 2272 503 2336 δ’ὡς
562 2272 904 2339 προϐάλλων,
985 2272 1255 2340 παράγων
1325 2288 1446 2335 πως
1505 2271 1601 2323 καὶ
1664 2271 1822 2333 αὐτὸς
1876 2270 1936 2322 τδ

353 2365 584 2436 Πνεῦμα
629 2367 688 2419 τὸ
717 2368 873 2435 άγιον
914 2368 979 2419 ἐκ
1005 2364 1099 2419 τοῦ
1159 2365 1377 2436 Πατρὺς
1437 2365 1650 2434 προϊὸν,
1695 2364 1826 2417 αὑτό
1872 2380 1935 2432 γε

354 2457 679 2526 προϐάλλει,
713 2459 809 2511 καὶ
864 2457 958 2511 τοῦ
989 2457 1203 2529 Πατρδς
1230 2457 1553 2528 προϐάλλων
1611 2457 1933 2528 ἐξήρτηται,

358 2545 438 2615 μὴ
476 2546 559 2598 ὅτι
588 2546 722 2598 καθὸ
740 2546 1030 2614 γεννᾶται,
1060 2546 1196 2599 ἀλλά
1224 2547 1317 2600 καὶ
1416 2545 1737 2616 προϐάλλων
1767 2548 1933 2610 ἐστὶν,

356 2635 444 2701 οἷς
471 2638 558 2691 διὰ
585 2639 891 2708 γεννήσεως
918 2641 1019 2709 τῆς
1052 2638 1222 2705 αὑτῆς
1273 2635 1596 2707 μεταλαϐὼν
1650 2637 1939 2706 δυνάμεως

354 2729 451 2783 τοῦ
476 2730 690 2800 Πατρδς
712 2729 1259 2804 ὡςηπροϐάλλοντοςη
1283 2728 1586 2798 προϐάλλει
1636 2730 1732 2781 καὶ
1775 2729 1937 2791 αὑτὸς

362 2821 693 2892 σῦναμαστῷ
758 2822 939 2892 Πατρλ⁸
980 2823 1042 2876 τὸ
1097 2826 1161 2876 ἐκ
1202 2821 1422 2891 Πατρὸς
1472 2819 1939 2891 προϐαλλόμενον.

360 2915 458 2977 Ὠς
498 2931 562 2983 γε
600 2916 699 2967 καὶ
728 2917 775 2967 εί
824 2915 947 2968 κατ’
971 2916 1219 2967 ἐπίνοιαν
1276 2916 1303 2967 ὁ
1337 2911 1639 2984 προϐολεὺς
1701 2912 1802 2981 μὲν
1846 2910 1940 2965 τοῦ

358 3008 578 3077 Πατρδς
613 3010 938 3079 προηγεῖτο,
975 3007 1035 3060 τὸ
1061 3008 1117 3060 δὲ
1147 3006 1371 3076 Πνεῦμα
1398 3007 1457 3059 τὸ
1483 3006 1640 3073 άγιον
1672 3005 1941 3075 πρότερόν

2040 532 2224 585 omnia
2262 532 2450 603 impia,
2485 534 2719 600 nefaria,
2766 544 2819 591 et
2854 552 2883 590 a
2918 536 3231 591 Christiana
3264 534 3535 590 Ecclcssia
3574 546 3630 589 et

2042 620 2148 675 fide
2186 638 2348 691 quam
2396 624 2825 693 disjunctissima
2864 634 3015 679 sunt;

2115 714 2166 767 7.
2208 714 2347 769 Hine
2372 714 2629 771 doctores
2656 716 2911 771 Ecclesia:
2937 727 2993 772 et
3024 718 3354 772 universalis
3395 716 3625 781 septima

2044 805 2289 875 synodus
2318 806 2723 870 decreverunt,
2757 824 2822 861 ex
2868 808 3029 863 Patre
3080 825 3180 877 per
3216 808 3411 862 Filium
3448 804 3628 875 Spiri-

2045 906 2158 950 tum
2195 908 2445 953 sanetum
2495 898 2801 967 procedere
2829 941 2843 964 ,
2877 915 2985 954 non
3022 901 3189 969 quod»
3216 900 3287 953 sit
3329 914 3492 953 causa
3538 898 3629 950 Fi-
3658 907 3677 926 '

2041 991 2189 1053 lius,
2248 998 2301 1044 et
2356 992 2689 1060 principium
2738 992 3027 1058 absolute,
3074 1003 3128 1047 et
3181 992 3482 1062 productor
3538 993 3631 1059 hy-

2044 1082 2279 1153 postasis
2316 1083 2559 1152 Spiritus
2586 1102 2600 1150 ;
2630 1087 2722 1138 sed
2755 1085 2899 1154 quod
2926 1101 3050 1139 eum
3099 1085 3206 1138 alio
3238 1100 3401 1138 causa
3452 1083 3542 1144 sit,
3574 1093 3630 1136 et

2047 1175 2377 1244 principium
2406 1190 2472 1228 ex
2499 1176 2795 1244 principio,
2858 1191 3037 1244 neque
3064 1176 3210 1245 quod
3247 1192 3354 1228 non
3384 1175 3455 1228 sit
3488 1174 3630 1241 potis

2044 1266 2193 1322 solus
2242 1265 2405 1319 Pater
2453 1265 2804 1334 singulariter
2839 1264 3103 1331 Spiritum
3139 1272 3392 1318 sanctum
3422 1263 3625 1329 produ-

2043 1371 2169 1410 cere
2210 1375 2222 1409 :
2257 1364 2369 1408 tum
2418 1355 2565 1410 enim
2603 1370 2779 1423 neque
2827 1354 3023 1409 Filium
3073 1355 3190 1409 sine
3239 1352 3467 1407 alterius
3494 1336 3628 1420 “per

2043 1462 2189 1502 senae
2222 1462 2326 1517 ope
2363 1448 2516 1502 solus
2565 1462 2829 1517 generare
2863 1447 3130 1516 potuisset
3166 1464 3182 1500 :
3215 1462 3342 1501 cum
3379 1428 3625 1513 eiusdem
3694 1452 3697 1453 '

2043 1543 2114 1596 sit
2150 1540 2507 1611 perfectionis
2542 1538 2927 1609 facultatisqne
2960 1554 3027 1593 ex
3082 1537 3364 1607 productis
3416 1546 3629 1590 utrum-
3678 1526 3683 1531 ’

2044 1650 2172 1704 que.
2213 1634 2348 1689 Nam
2373 1632 2541 1711 Pater
2592 1634 2706 1703 ipse
2759 1632 3095 1686 suilicienter
3131 1630 3329 1684 Filium
3377 1638 3631 1700 generat,

2043 1737 2100 1782 et
2131 1727 2396 1797 Spiritum
2433 1734 2678 1780 sanctum
2710 1724 2985 1794 producit,
3028 1732 3086 1777 et
3115 1737 3238 1797 cum
3272 1722 3361 1775 ille
3386 1732 3491 1781 εει,
3524 1720 3637 1773 erit

2041 1822 2202 1890 plane
2241 1828 2296 1872 et
2333 1818 2528 1881 Filius,
2559 1828 2616 1872 et
2660 1817 2898 1886 Spiritus
2926 1833 2941 1870 :
2971 1825 3026 1869 et
3054 1815 3099 1869 si
3130 1815 3176 1869 is
3220 1812 3487 1868 defecerit
3536 1827 3632 1865 co-

2032 1909 2296 1979 gitatione
2335 1915 2543 1971 nostra,
2575 1921 2803 1976 prorsus
2852 1919 3030 1974 neque
3063 1901 3233 1958 Filius
3259 1903 3385 1967 erit,
3441 1917 3621 1969 neque

2035 2001 2196 2054 etiam
2229 2000 2467 2068 Spiritus
2499 2014 2563 2053 ex
2616 1996 2755 2051 Filio
2778 2038 2792 2059 ,
2832 2004 2886 2050 et
2933 1995 3083 2049 nulla
3117 1995 3338 2064 penitus
3372 2007 3631 2062 persona,

2036 2102 2248 2148 tantum
2305 2090 2480 2150 abest,
2514 2099 2574 2144 ut
2609 2088 2890 2159 processio
2918 2089 3010 2151 sit,
3055 2097 3111 2142 et
3161 2088 3212 2141 in
3249 2085 3628 2141 exsistentiam

2036 2198 2394 2254 personarum
2430 2191 2635 2236 motus.
2682 2180 2855 2233 Filius
2884 2194 3018 2232 vero
3068 2177 3237 2233 veluti
3294 2176 3630 2246 producens,

2038 2290 2140 2330 suo
2179 2274 2343 2330 modo
2395 2273 2731 2342 producens,
2770 2281 2826 2325 et
2862 2272 2977 2341 ipse
3031 2271 3300 2339 Spiritum
3349 2278 3630 2327 sanctum,
3662 2264 3663 2271 “

2036 2384 2099 2423 ex
2131 2368 2293 2421 Patre
2329 2373 2679 2420 emanantem
2716 2346 2996 2433 producit,
3028 2362 3453 2432 producensquc
3485 2361 3630 2415 Patri

2038 2458 2308 2523 adhaeret,
2350 2472 2456 2511 non
2496 2464 2710 2510 tantum
2754 2465 2814 2509 ut
2846 2464 3183 2525 generatur,
3217 2453 3309 2506 sed
3347 2452 3512 2505 etiam
3570 2461 3630 2504 ut

2040 2550 2300 2621 producit
2333 2566 2345 2602 :
2388 2561 2759 2617 namquepcr
2786 2546 3195 2617 generationem
3232 2543 3511 2605 facultatis
3542 2558 3634 2611 pa-

2043 2654 2233 2708 ternae,
2271 2653 2330 2697 ut
2367 2644 2722 2712 producentis
2753 2650 3030 2711 particeps
3062 2630 3261 2701 factus,
3301 2637 3631 2708 producitct

2042 2735 2157 2804 ipse
2219 2751 2326 2790 una
2362 2751 2486 2788 cum
2543 2736 2743 2798 Patre,
2799 2733 2945 2803 quod
2984 2746 3013 2785 a
3069 2732 3230 2786 Patre
3283 2730 3629 2799 produt-itur.

2042 2827 2193 2880 Adeo
2236 2837 2313 2891 ut,
2358 2827 2403 2879 si
2436 2835 2624 2880 nostra
2665 2818 3055 2895 imaginatione
3096 2823 3385 2891 fingamus,
3420 2838 3449 2874 a
3504 2835 3634 2890 pro-

2043 2917 2279 2971 ducente
2315 2918 2530 2971 Patrem
2597 2915 2773 2984 ipsum
2812 2915 3069 2986 prtecedi,
3114 2924 3167 2969 et
3194 2913 3460 2983 Spiritum
3502 2927 3631 2966 san-

2044 3018 2192 3064 ctum
2232 3019 2357 3062 ante
2378 3008 2553 3077 ipsum
2576 3007 2773 3061 Filium
2800 3006 3057 3075 produci,
3084 3006 3252 3061 Filius
3279 3015 3423 3059 esset
3453 3019 3482 3057 a
3507 3017 3635 3073 pro-

356 3117 477 3163 πως
504 3103 568 3153 ὲκ
592 3100 688 3153 τοῦ
715 3100 1033 3170 προϐολέως
1089 3099 1375 3168 παρήγετο
1422 3096 1516 3150 τοῦ
1545 3097 1702 3161 Υίοῦ,
1754 3099 1781 3149 ὁ
1813 3096 1939 3158 Υἱὸς

2045 3100 2273 3155 ductore
2304 3116 2401 3170 per
2429 3099 2718 3169 Spiritum,
2758 3108 2814 3153 et
2843 3097 3084 3167 Spiritus
3114 3098 3328 3160 eadem,
3387 3110 3507 3165 qua:
3574 3094 3629 3148 in

328 3238 333 3245 .
355 3190 427 3247 ἂν
450 3188 521 3262 ἦν
546 3194 611 3244 ὲκ
633 3191 728 3244 τοῦ
772 3192 1082 3261 προϐολέως
1110 3191 1197 3243 διὰ
1214 3188 1307 3243 τοῦ
1338 3189 1676 3258 ῐΙνεύματος,
1702 3188 1760 3240 τὸ
1791 3189 1843 3240 δέ
1876 3205 1937 3255 γε

359 3284 588 3352 Πνεῦμα
628 3286 696 3353 τῇ
722 3283 862 3353 αὑτῇ
899 3282 1072 3351 δήπου
1124 3281 1360 3350 δυνάμει
1410 3284 1476 3351 τῇ
1525 3282 1585 3332 ὲν
1638 3281 1836 3349 Πατρὶ,
1872 3282 1938 3349 τῇ

357 3378 649 3447 γεννητικῇ
690 3374 896 3446 δηλαδὴ
940 3374 1033 3426 τοῦ
1080 3373 1214 3426 Υίοῦ
1247 3373 1503 3444 παρῆγεν
1549 3372 1616 3427 ἂν
1660 3374 1755 3426 καὶ
1807 3372 1940 3425 αὑτὸ

356 3470 448 3522 τὸν
489 3467 619 3520 Υίὺν
649 3468 713 3519 ὲκ
753 3465 851 3520 τοῦ
890 3464 1207 3536 προϐολέως
1248 3463 1326 3528 ὥς
1363 3482 1427 3533 γε
1465 3464 1699 3535 Πατρός*
1734 3465 1833 3535 οὑχ
1858 3465 1939 3519 ὅτι

356 3562 385 3614 ὁ
407 3552 771 3636 προϐολεῦςῇ
810 3558 999 3627 Πατὴρ
1028 3557 1131 3610 οὑκ
1154 3550 1223 3626 ἦν
1270 3555 1337 3608 ἂν
1367 3556 1652 3625 αὐτάρκης
1696 3555 1789 3609 τὸν
1842 3558 1941 3610 αὑ-

355 3647 451 3701 τοῦ
482 3646 745 3715 γεννῆσαι
774 3645 923 3710 Υίὸν,
955 3646 1091 3698 ὃπου
1126 3642 1222 3696 νῦν
1263 3641 1426 3696 αὑτὸν
1456 3642 1747 3712 αὐτάρκως
1778 3643 1939 3710 μόνος

358 3741 549 3809 γεννᾷ,
600 3739 853 3809 καθάπερ
912 3738 1006 3790 καὶ
1052 3736 1175 3789 τότε
1232 3735 1394 3803 μόνος
1439 3734 1728 3804 αὐτάρκως
1759 3735 1825 3787 ἂν
1881 3735 1940 3787 τὸ

360 3832 591 3902 Πνεῦμα
622 3831 839 3899 παρῆγε
886 3831 947 3881 τὸ
979 3828 1156 3897 ἅγιονο
1214 3825 1330 3879 ἀλλ’
1358 3826 1441 3879 ὅτι
1494 3825 1592 3896 τὴν
1651 3825 1821 3897 αὑτὴν
1873 3826 1939 3878 ἂν

359 3920 475 3996 εἶχε
496 3922 823 3992 γεννητικὴν
853 3921 1087 3989 δύναμιν
1134 3920 1214 3989 τῷ
1272 3918 1454 3990 Πατρὶ
1515 3917 1606 3971 διὰ
1660 3918 1936 3979 πνεύσεως

360 4014 512 4084 αὑτῷ
544 4013 813 4075 δοθεῖσαν,
842 4012 916 4072 ὡς
944 4010 1262 4080 τελειότητα
1319 4011 1415 4062 καὶ
1449 4008 1679 4077 δύναμιν
1728 4010 1792 4061 ὲκ
1830 4010 1937 4060 Πα-

361 4106 511 4175 τρὸς,
542 4106 710 4173 μήπω
732 4101 826 4157 τοῦ
851 4101 979 4154 Υίοῦ
1012 4104 1077 4171 τῇ
1112 4100 1332 4170 ἐπινοίᾳ
1355 4100 1778 4169 παραγομένου.
1826 4098 1939 4168 Τὴν

360 4200 418 4253 δὲ
484 4196 937 4266 ξυνεπτυγμένην
975 4193 1180 4263 ταύτην
1227 4193 1510 4261 θεολογίαν
1565 4194 1600 4262 ή
1651 4192 1937 4263 Ῥωμαῖκὴ

361 4289 719 4355 ἀναπτύξασα
747 4286 1051 4356 Ἐκκλησία
1076 4286 1173 4339 καὶ
1210 4286 1281 4339 ἐκ
1317 4284 1423 4338 τοῦ
1470 4284 1607 4338 Υἱοῦ
1645 4284 1710 4337 τὸ
1750 4284 1939 4338 Πνεῦ-

354 4400 444 4451 μα
509 4381 866 4449 ὲθεολόγησεν
939 4378 1367 4447 ἐκπορεύεσθαι,
1426 4376 1592 4430 ταυτδ
1634 4376 1936 4449 βουλομένη

2046 3192 2205 3247 Patre
2238 3202 2343 3255 est,
2379 3192 2653 3255 facultate,
2683 3190 3000 3261 generativa
3030 3204 3227 3258 nempe
3253 3187 3401 3251 Filii,
3422 3185 3629 3257 produ-
3732 3236 3743 3245 ,

2046 3293 2194 3339 ceret
2227 3295 2282 3338 et
2310 3284 2427 3353 ipse
2462 3283 2659 3338 Filium
2693 3298 2760 3338 ex
2793 3281 3127 3353 productore
3160 3291 3415 3350 tauquam
3446 3279 3627 3333 Patre.

2044 3376 2162 3430 Non
2203 3376 2350 3445 quod
2407 3374 2753 3445 producens,
2791 3388 2901 3443 qua
2932 3373 3095 3427 Pater
3151 3380 3271 3438 est,
3330 3385 3440 3424 non
3487 3375 3634 3425 esset

2045 3464 2320 3520 sufﬁciens
2352 3481 2512 3520 suum
2548 3479 2812 3536 generare
2842 3462 3041 3517 Filium
3069 3504 3082 3529 ,
3133 3479 3256 3517 cum
3292 3476 3437 3515 nunc
3476 3460 3633 3514 illum

2045 3556 2386 3612 sufficienter
2431 3557 2583 3612 solus
2630 3565 2895 3627 generat,
2929 3554 3391 3625 quemadmodum
3426 3562 3483 3607 et
3518 3561 3631 3606 tum

2044 3647 2192 3703 solus
2224 3648 2566 3705 sufficienter
2616 3648 2886 3719 Spiritum
2938 3656 3187 3702 sanctum
3231 3644 3631 3716 produxisset:

2044 3741 2140 3794 sed
2171 3740 2313 3809 quod
2350 3740 2577 3809 perinde
2605 3750 2769 3810 atque
2803 3741 2963 3795 Pater
2987 3740 3355 3810 generativam
3402 3736 3635 3792 faculta-

2048 3839 2156 3884 tem
2209 3830 2314 3884 sibi
2360 3846 2459 3900 per
2505 3831 2860 3898 spirationem
2910 3832 3409 3893 communicatam,
3459 3826 3633 3883 veluti

2046 3919 2439 3989 perfectionem
2474 3930 2527 3975 et
2572 3919 2886 3974 facultatem
2915 3921 3297 3989 possedisset,
3334 3933 3459 3977 cum
3497 3934 3633 3971 non-

2044 4012 2173 4065 dum
2210 4002 2383 4065 Filius
2429 4027 2458 4065 a
2505 4012 2664 4066 Patre
2708 4012 3041 4081 cogitatione
3090 4019 3275 4065 nostra
3327 4008 3633 4078 productus

2043 4112 2211 4159 esset.
2254 4104 2320 4158 Et
2367 4104 2508 4159 hanc
2535 4105 2757 4174 quidem
2792 4103 3121 4173 theologiam
3153 4100 3470 4169 implicitam
3520 4096 3646 4154 Ro?

2044 4198 2217 4250 mana‘
2254 4196 2501 4252 Ecclesia
2552 4197 2874 4265 explicans,
2921 4205 2969 4249 et
3035 4210 3099 4247 ex
3155 4190 3321 4247 Filio’
3372 4190 3633 4263 Spiritum

2042 4286 2321 4356 procedere
2376 4286 2789 4351 determinavit;
2822 4285 2876 4339 id
2923 4285 3132 4357 scilicist
3164 4283 3453 4337 insinuans
3477 4324 3491 4349 ,
3537 4297 3633 4351 per

2045 4377 2243 4431 Filium
2276 4391 2342 4430 ex
2382 4377 2566 4442 Patre,
2590 4384 2650 4430 ut
2694 4376 2866 4430 hocce
2910 4354 3157 4439 causam,
3199 4382 3255 4429 et
3297 4374 3500 4427 fontem
3526 4415 3540 4439 ,
3576 4381 3634 4426 et

362 4478 506 4528 νοεῖν
533 4474 622 4527 διὰ
656 4473 848 4526 τούτου
874 4471 952 4539 τῷ
980 4471 1047 4522 δι’
1086 4468 1218 4523 Υίοῦ
1260 4469 1325 4521 ὲκ
1364 4468 1601 4538 Πατρὸς,
1659 4467 1730 4520 ἵν’
1760 4468 1939 4522 αἰτίαν

2047 4468 2379 4538 principium
2411 4468 2651 4538 primum
2696 4466 2875 4523 sancti
2920 4465 3159 4536 Spiritus
3190 4465 3499 4535 bypostasis
3532 4465 3633 4520 Pa-

366 4568 466 4636 μὲν
498 4566 587 4620 διὰ
614 4564 816 4641 ,τούτου
842 4562 938 4615 καὶ
966 4560 1153 4630 πηγὴν
1188 4561 1280 4612 καὶ
1309 4558 1487 4629 ἀρχὴν
1527 4557 1582 4623 ἐξ
1625 4557 1802 4627 ἀρχῆς
1834 4573 1942 4626 πη-

360 4661 529 4727 γαὶαν
586 4660 687 4727 τῆς
726 4655 822 4710 τοῦ
858 4655 1016 4723 ἁγίου
1068 4652 1391 4721 Πνεῦματος
1442 4652 1793 4714 ὑποστάσεως
1854 4651 1945 4704 τὸν

362 4751 588 4822 Πατέρα
619 4748 854 4821 κηρύξῃ,
883 4748 975 4801 καὶ
1004 4747 1143 4801 κατὰ
1178 4746 1281 4816 τὴν
1313 4744 1409 4799 τοῦ
1437 4744 1575 4799 Θεοῦ
1623 4744 1797 4813 Λόγου
1834 4761 1945 4812 φω-

362 4844 482 4913 νὴν,
507 4843 792 4908 ξυναίτιον
821 4841 879 4894 δὲ
915 4840 1009 4893 τὸν
1032 4838 1183 4906 Υίὸν,
1252 4838 1346 4890 καὶ
1394 4838 1576 4907 πηγὴν
1627 4838 1692 4889 ὲκ
1738 4836 1943 4906 πηγῆς.

364 4934 462 4986 κοιλ⁸
486 4932 662 5005 ἀρχῆς
700 4932 801 4998 τῆς
843 4927 1017 4996 αὐτῆς
1074 4927 1450 4990 ὑποστάσεως,
1507 4925 1585 4996 τῷ
1639 4927 1791 4994 παρὰ
1848 4923 1943 4976 τοῦ

365 5021 583 5089 Πατρὺς
611 5018 776 5071 αὑτὸν
808 5016 951 5086 ἔχειν
987 5016 1084 5086 τὴν
1122 5014 1497 5087 προϐλητικὴν
1557 5014 1812 5082 δύναμιν,
1870 5012 1943 5073 ὡς

366 5114 651 5182 ἐλέγομεν,
746 5109 934 5180 Πατὴρ
962 5111 1205 5180 παράγει
1229 5110 1290 5161 τδ
1312 5107 1538 5177 Πνεῦμα
1560 5107 1620 5159 τὸ
1653 5106 1827 5173 ἅγιον.
1856 5105 1946 5156 At?)

368 5208 467 5259 καὶ
513 5204 812 5275 ἀρχοειδῶς
848 5204 947 5272 μὲν
978 5204 1072 5255 καὶ
1105 5200 1555 5273 προηγουμένως,
1590 5190 1757 5267 φαίην
1787 5197 1831 5250 δ’
1856 5198 1942 5259 ἂν,

369 5299 465 5352 καὶ
500 5294 977 5366 προκαταρτικῶς,
998 5297 1095 5348 καὶ
1123 5295 1393 5365 ἀρχικῶς,
1422 5294 1517 5346 καὶ
1534 5292 1740 5362 κυρίως
1764 5292 1828 5343 ὲκ
1852 5288 1944 5340 τοῦ

372 5390 589 5460 Πατρὸς
622 5387 871 5458 προϊέναι
900 5388 1035 5456 φησι
1061 5386 1120 5439 τὸ
1153 5387 1376 5456 Πνεῦμα
1403 5385 1462 5438 τὸ
1494 5384 1673 5454 ἅγιον.
1707 5383 1798 5448 Ἐξ
1818 5382 1945 5436 Υἱοῦ

370 5483 428 5537 δὲ
452 5484 550 5553 οὐχ
573 5481 736 5544 οὑτω,
756 5478 856 5533 κᾶν
880 5480 973 5531 καὶ⁵
995 5478 1055 5541 ἐξ
1085 5479 1249 5530 αὐτοῦ
1271 5483 1336 5547 τῇ
1366 5479 1502 5547 αὐτῇ
1526 5478 1841 5547 παράγηται
1860 5477 1948 5529 δυ-

372 5575 534 5643 νάμει
568 5574 663 5627 καὶ
691 5572 952 5643 προϐολῇ.
976 5569 1109 5623 Οὐδὲ
1132 5570 1238 5637 γὰρ
1267 5568 1436 5629 αἴτιος
1470 5570 1713 5633 ἀναίτιος
1744 5572 1769 5622 ὁ
1800 5571 1945 5633 Υἱὸς,

372 5668 495 5721 οὑδὲ
528 5666 669 5737 ἀρχὴ
696 5665 932 5733 ἄναρχος
964 5663 1061 5731 τῆς
1094 5662 1185 5714 τοῦ
1222 5660 1549 5727 Πνεῦματοςε
1571 5662 1945 5724 ὑποστάσεως.

444 5762 515 5829 η’.
549 5756 739 5811 Ταῦτά
768 5770 847 5806 τοι
900 5752 996 5806 καί
1043 5751 1111 5816 ἐξ
1164 5751 1297 5805 Hoc}
1333 5751 1515 5823 λέγειν
1568 5751 1821 5805 ἐθέσπισε
1851 5755 1944 5805 ,τὸ

2050 4570 2186 4614 trem
2219 4560 2521 4629 evulgaret,
2550 4560 2715 4614 etiam
2747 4559 3052 4614 secundum
3097 4558 3188 4611 Dei
3218 4556 3381 4612 Verbi
3416 4572 3633 4623 vocem,

2047 4661 2099 4703 et
2131 4664 2349 4704 causam
2378 4649 2745 4720 communiter
2779 4650 2999 4716 Filium,
3031 4661 3087 4703 et
3118 4651 3323 4704 fontem
3359 4665 3427 4705 ex
3453 4649 3627 4715 fonte,

2023 4753 2104 4827 ct.
2160 4741 2489 4812 principium
2552 4758 2617 4795 ex
2663 4742 2932 4810 principio
2980 4742 3228 4812 ejusdem
3284 4743 3626 4814 liyposmsis,

2048 4834 2195 4904 quod
2244 4850 2273 4888 a
2337 4833 2500 4889 Patre
2537 4834 2653 4904 ipse
2699 4835 3080 4902 productivam
3121 4836 3472 4899 facultatem,
3520 4850 3629 4905 qua

2048 4928 2209 4982 Pater
2244 4926 2508 4997 Spiritum
2543 4940 2792 4986 sanctum
2846 4933 3131 5001 producit,
3181 4943 3240 4987 ut
3285 4934 3623 4997 dicebamus,

2050 5020 2264 5105 habeat.
2309 5020 2657 5093 Quapropter
2692 5039 2721 5077 a
2756 5024 3079 5095 primigenia
3120 5042 3281 5081 causa
3326 5036 3378 5081 et
3425 5027 3629 5095 princi-

2051 5113 2178 5183 pali,
2219 5113 2476 5170 adderem
2509 5118 2649 5185 ipsc,
2688 5118 2951 5187 primaria
3003 5130 3059 5175 et
3092 5122 3367 5190 praecipua
3423 5129 3477 5175 et
3505 5134 3629 5187 pro-

2051 5208 2164 5273 pria
2198 5222 2227 5261 a
2260 5208 2420 5263 Patre
2453 5210 2752 5277 procedere
2778 5212 2944 5267 tradit
2975 5211 3238 5282 Spiritum
3258 5223 3501 5268 sanctum
3524 5251 3538 5275 ,
3560 5224 3637 5262 ex,

2052 5298 2189 5354 Filio
2221 5315 2350 5355 vero
2380 5316 2485 5355 non
2513 5318 2689 5372 asque,
2717 5305 2848 5361 licet
2886 5316 2941 5362 et
2984 5321 3050 5360 ex
3082 5308 3199 5375 ipso
3235 5303 3424 5357 cadent
3459 5299 3628 5352 facul-

2051 5401 2160 5446 tate
2217 5400 2272 5445 et
2315 5393 3065 5467 productioneproducatur.
3111 5397 3299 5464 Neque
3338 5392 3484 5445 enim
3532 5390 3625 5445 Fi-

2050 5483 2155 5537 lius
2184 5491 2271 5537 est
2299 5499 2462 5538 causa
2509 5486 2629 5541 sine
2677 5502 2839 5544 causa
2869 5530 2884 5553 ,
2931 5503 3107 5554 neque
3143 5485 3468 5553 principium
3506 5483 3624 5539 sine

2052 5574 2321 5643 principio
2349 5576 2658 5645 liypostasis
2686 5577 2945 5648 Spiritus.

2121 5752 2174 5806 8.
2218 5753 2622 5823 Proptcrcaque
2647 5762 2691 5804 ct
2748 5769 2808 5804 ex
2858 5751 2994 5804 Fiiio
3037 5752 3142 5805 dici
3197 5750 3447 5817 Spiritum
3498 5769 3628 5805 suit-
