4066 6188
345 255 488 322 1005

1207 331 1212 336 γ
1266 255 1361 314 DE
1398 251 1924 316 PROCESSIONE
1962 252 2328 313 SPIRITUS
2369 251 2658 316 SANC'I‘L

3466 241 3600 304 1006

341 366 509 426 θείοις
538 361 788 420 ιντεῦθεν
816 364 873 417 αι
901 362 1254 423 ὑποστάσεις,
1311 362 1566 430 καθάπερ
1589 362 1703 424 τοῖς
1730 359 1912 413 θεολο-

2028 368 2164 424 sunt,
2187 359 2264 415 uti
2284 359 2692 415 accuratiorum
2718 355 3096 424 theologorum
3124 353 3374 421 examine
3399 354 3600 405 consti-

343 455 664 540 γικωτέροις
691 454 1003 524 ἐξήτασται.
1032 454 1148 522 Οὐχ
1177 453 1320 505 οὓτω
1359 452 1416 506 δὲ
1449 451 1736 520 ξυμϐαίνει
1792 451 1918 519 περὶ

255 614 274 630 ,
341 547 445 618 τὴν
464 546 522 599 ἑν
551 544 630 616 τῷ
653 546 767 615 Υἱῷ
797 544 1172 619 προϐλητικὴν
1201 543 1457 614 δύναμιν,
1484 545 1586 612 τὴν
1616 545 1679 596 ὲκ
1705 543 1919 612 Πατρὸς

345 637 495 708 αὐτῷ
554 637 839 708 διδομένην
872 638 962 693 διὰ
1018 637 1348 707 γεννήσεως.
1413 635 1560 705 Αὐτὴ
1595 635 1724 704 γάρ,
1783 634 1860 688 ὅθ’
1891 637 1919 686 ὁ

345 727 475 791 Υἱὸς
519 728 821 798 παρῆκται,
878 731 1048 798 μήπω
1094 726 1388 796 νοουμένου
1437 727 1532 778 τοῦ
1599 725 1922 793 Πνεῦματος

343 819 767 890 ἐκπορεύεσθαι,
811 819 1066 890 καθάπερ
1097 820 1336 889 πρόσθεν
1387 818 1670 888 ἐλέγομεν,
1721 818 1786 870 ὲκ
1814 817 1921 868 Πα-

342 912 472 980 τρδς
503 911 712 966 δέδοται
746 911 823 982 τῷ
854 911 968 982 Υξῷ
1005 912 1174 983 μήπω
1209 911 1306 965 τοῦ
1341 912 1557 982 Πατρὸς
1609 910 1686 974 ὡς
1719 907 1921 980 προδο-

344 1005 484 1068 λέως
505 1006 642 1074 αὐτῇ
670 1004 732 1057 τὸ
765 1005 990 1074 Πνεῦμα
1036 1003 1394 1076 προάγοντος.
1443 1004 1534 1056 At?)
1561 1005 1657 1056 καὶ
1686 1005 1754 1072 τῇ
1780 1001 1918 1072 αὐτῇ

343 1096 572 1166 δυνάμει
602 1096 696 1149 καὶ
735 1099 762 1149 ό
813 1089 1024 1170 Υίδς,ᾖ
1077 1096 1400 1166 προϐάλλων
1439 1098 1502 1149 ὲκ
1545 1095 1642 1149 τοῦ
1687 1095 1920 1166 Πατρός,

350 1186 570 1256 σύναμα
603 1188 776 1256 Harp!
807 1189 906 1259 μιᾷ
937 1187 1149 1258 προόδῳ
1188 1188 1247 1241 τὸ
1272 1187 1496 1255 Πνεῦμα
1535 1187 1827 1258 ἐκπορεύει
1865 1176 1924 1239 cf)

348 1275 524 1344 ἅγιον,
554 1275 633 1327 ὅθ’
659 1279 686 1324 ὁ
714 1277 902 1347 Πατὴρ
998 1275 1299 1347 προδολεὺς
1329 1277 1476 1331 αὐτδ
1499 1270 1816 1347 ἐκπορεύέι.
1857 1312 1865 1320 -

423 1363 476 1416 ι’.
523 1364 752 1418 Ἔπειτα
778 1366 836 1418 δὲ
867 1367 963 1421 καὶ
993 1367 1137 1437 πρὸς⁴
1161 1368 1223 1420 ’τὸ
1251 1368 1507 1437 δεύτερον
1539 1368 1694 1432 ἵστω,
1732 1371 1816 1422 ὅτι
1863 1368 1925 1421 τὺ

347 1453 444 1522 τῆς
471 1456 648 1525 ἀρχῆς
678 1458 850 1526 διομα
883 1458 1079 1521 διττῶς
1134 1460 1195 1514 οὺ
1229 1462 1392 1528 μόνον
1436 1464 1549 1522 τοῖς
1584 1461 1922 1530 φιλοσόφοις,

347 1549 484 1602 ἀλλὰ
520 1551 614 1602 καὶ
636 1545 747 1614 τοῖς
775 1551 1088 1622 θεολογοῦσι
1118 1553 1489 1622 λαμϐάνεται,
1523 1555 1620 1608 ἕνα
1656 1556 1756 1626 μὲν
1799 1555 1926 1624 τρό-

349 1657 449 1692 πον
479 1640 556 1702 ὡς
587 1641 840 1710 δύναμις,
867 1642 1029 1697 ἄλλον
1052 1643 1098 1697 δ’
1127 1643 1196 1698 αὖ
1225 1645 1299 1707 ὡς
1335 1647 1650 1716 πρόσωπον,
1714 1648 1746 1716 ἢ
1793 1646 1927 1700 ἄτο-

2024 457 2198 504 tutum
2239 459 2342 506 est.
2389 449 2562 505 Aliter
2600 463 2728 502 vero
2773 461 2831 501 se
2875 445 3041 499 habet
3080 445 3132 498 in
3179 443 3434 497 facultate
3477 457 3601 508 pro-

2023 543 2260 606 ductit'ta,
2289 553 2408 612 qum
2438 542 2494 596 in
2523 541 2662 596 Filio
2685 548 2790 604 est,
2813 553 2878 593 ex
2913 538 3073 592 Patre
3105 535 3206 605 ipsi
3244 550 3340 603 per
3373 550 3599 605 genera-

2025 637 2226 690 tionem
2257 635 2523 689 exhibita.
2560 633 2654 687 illa
2700 634 2844 687 cnim
2873 674 2887 695 ,
2934 647 3056 684 cum
3089 629 3260 682 Filius
3300 628 3601 697 productus

2022 734 2142 790 est,
2197 727 2439 780 nomlum
2501 725 2813 788 intellecto,
2862 719 3128 790 Spiritum
3177 719 3510 790 procedere,
3546 729 3603 772 ut

2023 827 2182 872 antea
2210 817 2416 872 dictum
2450 825 2556 880 est,
2583 831 2648 871 ex
2675 817 2835 870 Patre
2896 811 3132 867 traditur
3162 810 3318 875 Filio,
3359 811 3602 864 nomium

2025 911 2206 976 Patre,
2236 912 2403 966 veluti
2454 911 2804 980 productore,
2835 924 2897 963 ea
2931 907 3196 979 Spiritum
3242 907 3601 976 producente.

2025 1003 2428 1080 Pr0ptereagne
2472 1003 2662 1056 eadem
2710 997 2970 1056 facultate
3004 1010 3061 1056 et
3088 999 3279 1062 Filius,
3320 1014 3426 1068 qua
3474 1014 3604 1068 pro-

2026 1093 2220 1148 ductor
2251 1103 2332 1146 est
2363 1109 2428 1146 ex
2463 1092 2645 1157 Patre,
2683 1093 2842 1147 simul
2874 1107 2998 1147 cum
3032 1093 3188 1146 Patre
3222 1101 3326 1144 una
3381 1105 3603 1159 proces-

2027 1185 2181 1239 sione
2214 1186 2482 1254 Spiritum
2520 1184 2770 1239 sanctum
2814 1182 3090 1252 producit,
3128 1197 3252 1236 cum
3285 1183 3464 1242 Pater,
3499 1197 3604 1250 qua

1991 1281 1995 1284 ’
2029 1278 2328 1346 productu‘r
2358 1286 2463 1339 est,
2515 1267 2665 1330 illum
2693 1274 2966 1344 producit.

2104 1370 2188 1423 lt).
2234 1370 2307 1422 De
2339 1369 2581 1423 secundo
2625 1366 2974 1438 postmodum
3005 1367 3166 1432 sciat,
3194 1364 3454 1435 principii
3507 1376 3608 1416 no-

2032 1477 2196 1524 men,
2241 1477 2347 1516 non
2398 1469 2609 1518 tantum
2663 1477 2692 1515 a
2747 1457 3093 1531 philosophis
3143 1457 3238 1513 sed
3271 1471 3300 1510 a
3339 1443 3609 1524 theologis
3715 1501 3718 1504 ι

2029 1557 2247 1623 quoque
2285 1555 2544 1623 bipartito
2581 1553 2780 1623 accipi,
2820 1561 2876 1606 et
2905 1565 3012 1606 uno
3051 1549 3274 1620 quidem
3317 1549 3496 1609 modo,
3531 1547 3607 1599 uti

2032 1648 2280 1713 facultas,
2335 1649 2442 1702 alio
2491 1649 2566 1702 uti
2634 1651 2886 1716 persona.
2931 1655 3026 1699 aut
3080 1641 3447 1706 individuum,
3514 1650 3604 1692 aut

349 1749 473 1801 μον,
505 1734 543 1802 ἢ
577 1733 898 1797 ὑπόστασις.
924 1736 1190 1790 Καλείται
1235 1737 1292 1790 δὲ
1321 1739 1375 1807 ’ἡ
1428 1737 1526 1808 μὲν
1572 1740 1716 1810 ἀρχὴ
1768 1740 1801 1808 ἡ
1851 1739 1924 1800 ὡς

2030 1738 2340 1808 hyposlasis
2376 1760 2386 1793 :
2431 1747 2661 1793 vocatur
2691 1733 2822 1791 vero
2851 1733 3205 1806 principium,
3251 1743 3310 1786 ut
3355 1719 3607 1792 facultas,

343 1823 598 1893 δύναμις,
632 1819 688 1897 ᾖ,
718 1826 1022 1892 τουτέστιν,
1121 1828 1350 1898 δυνάμει
1376 1831 1470 1883 καὶ
1519 1831 1662 1901 ἀρχῇ
1695 1830 1926 1901 προάγει

343 1920 406 1968 τό
426 1933 490 1984 γε
523 1919 788 1986 προάγον,
819 1919 994 1988 αὐτῆς
1027 1920 1128 1988 μὲν
1144 1923 1205 1974 οὐ
1248 1921 1627 1994 προαγούσης·
1663 1925 1696 1993 ἡ
1727 1923 1836 1993 γάρ
1862 1923 1928 1976 ἂν

343 2007 446 2063 καὶ
474 2009 616 2077 αὐτὴ
641 2007 776 2080 άλλῃ
805 2011 913 2064 τινὶ
935 2013 1164 2082 δυνάμει
1210 2015 1430 2084 παρῆγε
1463 2019 1527 2087 τῇ
1571 2018 1628 2069 ὲν
1650 2016 1806 2086 αὐτῇ,
1837 2018 1928 2068 καὶ

344 2098 486 2170 αὐτὴ
545 2091 709 2153 πάλιν
743 2101 812 2154 αὖ
851 2102 1016 2173 ἑτέρα
1075 2103 1326 2172 δυνάμει,
1366 2106 1664 2160 κάντεῦθεν
1716 2110 1774 2160 ἐν
1815 2110 1927 2170 τοῖς

344 2188 468 2242 καθ’
490 2189 621 2242 αὐτὸ
645 2192 678 2262 ἠ
707 2191 794 2244 ἐπ’
818 2192 1053 2264 άπειρον
1082 2190 1152 2265 ἦν
1189 2196 1564 2267 προχώρησις,
1619 2200 1757 2270 ὅπερ
1807 2199 1927 2255 άτο-

344 2297 470 2332 πονο
503 2282 676 2352 ἀρχῆς
707 2282 764 2336 δὲ
794 2282 962 2353 οὔσης
988 2286 1163 2356 αὐτῆς
1198 2289 1292 2340 καὶ
1330 2290 1640 2360 δυνάμεως,
1757 2295 1930 2362 προά-

343 2388 433 2440 γει
471 2372 533 2424 τὺ
569 2372 736 2443 αὐτὴν
757 2375 996 2444 ἔχον,ὡς
1033 2378 1178 2448 ἀρχὴ
1225 2378 1369 2432 κατὰ
1429 2381 1489 2432 τὸ
1534 2381 1786 2450 δεύτερον
1826 2381 1926 2450 τῆς

343 2460 520 2550 arma;
554 2464 976 2532 σημαινόμενον.
1007 2465 1072 2519 Ἠ
1105 2467 1164 2520 δὲ
1198 2469 1344 2537 ἀρχὴ
1388 2471 1421 2538 ἡ
1445 2468 1520 2531 ὡς
1555 2470 1924 2541 πρόσωπονιῆ

343 2549 570 2620 ἄτομον,
609 2553 648 2622 ἢ.
669 2554 992 2622 ὑπόστασις,
1034 2557 1159 2627 ἥτις
1189 2559 1462 2625 καλεῖται,
1493 2561 1777 2614 τουτέστιν
1801 2562 1925 2632 ἥτις

344 2645 590 2713 παράγει
615 2641 738 2719 τῇῇ
773 2647 1095 2718 δυνάμειτῇ
1141 2651 1200 2702 ἐν
1259 2649 1398 2722 αὐτῇ
1429 2651 1660 2724 δηλαδή.
1723 2655 1926 2708 Τοσαυ-

340 2736 523 2804 ταχῶς
552 2732 646 2790 οὖν
666 2737 760 2790 τοῦ
790 2740 891 2808 τῆς
919 2741 1096 2810 ἀρχῆς
1131 2741 1396 2810 ὀνόματος
1420 2742 1923 2813 ἐπιλαμϐανομένου,

342 2829 394 2880 εί
445 2829 546 2896 μὲν
576 2832 632 2882 ἐν
665 2830 970 2904 Πατρὶααὶ
1019 2832 1135 2904 Υίῷ
1167 2833 1264 2886 δύο
1307 2835 1406 2896 τὰς
1461 2835 1637 2904 ἀρχάς
1672 2836 1794 2905 θείη
1845 2856 1924 2902 τις

343 2920 420 2984 ὡς
461 2921 722 2992 δυνάμεις
753 2925 1156 2996 προϐλητικᾶις,
1187 2923 1279 2990 αἷς
1313 2927 1502 2998 Πατὴρ
1561 2929 1654 2981 καὶ
1709 2929 1836 2993 Υἱὸς
1867 2935 1924 2981 τὺ

344 3012 577 3081 Πνεῦμα
603 3015 942 3084 παράγουσι,
979 3016 1126 3085 μάλα
1161 3019 1394 3084 ἄτοπον,
1433 3020 1528 3072 καὶ
1563 3019 1780 3087 ψευδὲς,
1831 3022 1924 3072 καὶ

343 3102 446 3171 τῆς
463 3095 751 3169 εῡ⁴σε6είας
777 3105 1087 3179 ἀλλότριον.
1114 3101 1192 3179 ’ᾞ
1211 3110 1320 3180 γὰρ
1339 3109 1406 3164 ἂν
1424 3110 1534 3163 οὐδ’
1565 3111 1596 3181 ἡ
1620 3110 1757 3181 αὑτὴ
1771 3112 1928 3165 οὐσία
1956 3095 1996 3127 ι’

342 3197 424 3266 τῷ
463 3197 685 3267 ἀριθμῷ
748 3198 927 3270 Πατρὶ
970 3199 1188 3270 προσῆν
1243 3202 1337 3253 καὶ
1367 3200 1505 3270 Υίῷ,
1578 3195 1660 3264 οἷς
1709 3204 1774 3272 τῇ
1832 3203 1928 3271 τῆς

346 3291 520 3359 αὐτῆς
554 3289 841 3358 δυνάμεως
894 3289 1171 3361 διακρίσει
1226 3293 1319 3346 καὶ
1365 3294 1399 3362 ἡ
1447 3294 1725 3360 διάκρισις
1768 3295 1929 3352 εὐθὺς

343 3380 539 3432 ἕπεται
571 3379 669 3448 τῆς
701 3379 913 3445 οὐσίας,
946 3379 1064 3432 ἔστι
1100 3381 1200 3450 μὲν
1223 3382 1309 3434 ὅτε
1359 3383 1451 3435 καὶ¹
1501 3383 1654 3448 εἴδει,
1709 3383 1826 3435 ἐστι
1884 3382 1928 3433 δ’

345 3470 435 3522 ὅτε
483 3471 576 3523 καὶ
616 3471 695 3542 τῷ
730 3471 943 3542 ἀτόμῳ.
980 3469 1118 3526 Ἀλλ’
1146 3471 1290 3525 οὕτω
1334 3474 1428 3526 δύο
1472 3475 1649 3542 ἀρχάς
1707 3475 1764 3526 ὲν
1814 3476 1928 3526 τοῖν

347 3564 498 3616 δυοῖν
525 3562 601 3626 ὡς
626 3563 889 3634 δυνάμεις
931 3565 1188 3636 οὐδαμῶς
1221 3568 1254 3635 ὴ
1311 3567 1432 3635 ἱερά
1468 3568 1578 3641 τῶν
1638 3568 1927 3637 Ῥωμαίων

344 3651 602 3715 ἐδόξασεν
654 3652 974 3721 Ἐκκλησία.
1005 3647 1211 3707 Πολλοῦ
1242 3671 1306 3722 γε
1369 3655 1467 3708 καὶ
1495 3657 1576 3708 δεῖ
1622 3670 1637 3686 ο
1695 3656 1925 3722 δπουγε,

347 3739 603 3812 καθάπερ
634 3729 924 3810 ἐλέγομεν,
951 3743 1135 3815 πάντη
1159 3743 1260 3814 τὴν
1286 3744 1458 3812 αὐτῆς
1505 3747 1562 3797 ὲν
1590 3745 1767 3813 Πατρὶ
1792 3762 1922 3814 xpo-

346 3832 610 3903 ϐλητικὴν
635 3833 868 3904 δύναμιν
917 3834 1166 3906 τάριθμῷ
1223 3839 1504 3906 προσεῖναι
1569 3835 1784 3902 δοξάζει
1835 3839 1928 3891 κα)⁸

346 3922 424 3990 τῷ
455 3922 589 3991 Υἱῷ,
622 3923 686 3974 ὲκ
717 3923 811 3975 τοῦ
849 3924 1062 3994 [πατρὸς
1090 3923 1239 3994 αὐτῷ
1269 3926 1556 3995 διδομένην
1600 3926 1689 3978 διὰ
1734 3927 1928 3998 γεννή-

349 4030 508 4081 σεως,
532 4014 788 4084 καθάπερ
819 4019 910 4068 καὶ
947 4016 1048 4086 τὴν
1086 4017 1275 4069 οὐσίαν
1298 4018 1492 4086 αὐτὴν,
1530 4019 1629 4070 ὅσα
1687 4035 1749 4070 τε
1790 4019 1928 4072 ἄλλα

349 4106 530 4174 φαμὲν
559 4108 671 4168 τοῖς
711 4105 1028 4176 προσώποις
1077 4111 1141 4161 ὲκ
1171 4109 1270 4178 τῆς
1305 4111 1548 4178 πηγαίοις
1582 4110 1759 4181 ἀρχῆς
1792 4111 1929 4164 δίδο-

349 4199 477 4248 σθαι
511 4197 607 4250 τοῦ
637 4195 774 4276 Θεοῦ
814 4201 905 4252 καὶ
938 4201 1177 4270 Πατρὸς,
1219 4200 1518 4270 κάντεῦθεν
1543 4201 1639 4254 καὶ
1669 4201 1804 4270 μίαν
1832 4202 1929 4255 τά·

351 4290 537 4359 ριθμῷ
577 4291 830 4361 πρόοδον,
869 4293 980 4344 -καὶ
1010 4292 1069 4343 ἓν
1097 4291 1274 4361 δήπου
1310 4293 1532 4362 Πνεῦμα
1583 4293 1643 4344 τὸ
1673 4293 1925 4362 παραγό-

2031 1845 2136 1899 qua
2171 1845 2365 1900 nempe
2391 1815 2651 1886 facultate
2689 1839 2744 1884 et
2767 1827 3036 1898 principio
3065 1825 3374 1896 producens
3402 1811 3609 1894 produ-
3711 1877 3715 1880 ,

2030 1922 2200 1988 ducit,
2243 1927 2356 1994 ipsa
2388 1923 2611 1992 quidem
2643 1922 2794 1976 nullo
2843 1913 3008 1972 niodo
3051 1919 3422 1986 producente;
3457 1927 3610 1966 nam-

2030 2031 2140 2086 que
2175 2025 2289 2070 tum
2317 2025 2371 2071 et
2396 2017 2512 2086 ipsa
2553 2015 2657 2070 alia
2702 2011 2955 2083 quapiam
2991 2010 3267 2075 facultate,
3315 2021 3437 2076 quae
3464 2006 3514 2059 in
3545 2022 3607 2060 ea

2029 2116 2212 2176 esset,
2254 2109 2625 2178 produceret,
2661 2115 2716 2161 et
2765 2106 2880 2172 ipsa
2930 2102 3120 2156 rursus
3169 2101 3272 2154 alia
3325 2099 3606 2158 facultate,

2030 2201 2269 2270 hincque
2300 2199 2548 2256 in‘rebus
2575 2197 2853 2250 similibus
2884 2194 3162 2255 processio
3187 2191 3418 2244 daretur
3445 2188 3499 2240 in
3525 2187 3608 2237 in-
3713 2212 3716 2216 -

2033 2291 2242 2346 finitum
2269 2333 2284 2358 ,
2326 2291 2469 2361 quod
2523 2291 2679 2360 plane
2729 2286 3029 2342 absurdum
3080 2293 3185 2339 est.
3223 2282 3327 2338 Sed
3363 2295 3488 2336 cum
3547 2295 3607 2331 ca

2029 2392 2113 2439 est
2151 2383 2483 2453 principium
2511 2391 2568 2437 et
2610 2379 2860 2442 facultas,
2907 2393 3014 2447 qua
3047 2369 3306 2446 producit
3358 2371 3606 2426 eamdem

2031 2477 2335 2545 possidens,
2368 2473 2444 2530 uti
2473 2475 2828 2545 principium,
2864 2471 3108 2526 secundo
3151 2467 3408 2538 principii
3443 2467 3626 2533 εἰδυῖα.

2001 2566 2213 2632 ,ίίειιιυ,
2247 2566 2508 2635 principii
2566 2564 2775 2618 scilicet
2807 2561 2954 2629 quad
2983 2559 3067 2613 est
3113 2567 3172 2612 ut
3205 2573 3439 2626 persona
3467 2599 3479 2618 ,
3516 2566 3608 2607 aut

2030 2657 2397 2731 individuum,
2431 2665 2526 2710 aut
2557 2655 2888 2726 hypostasis.
2922 2653 3002 2706 sic
3033 2649 3232 2731 vocati,
3277 2648 3368 2717 qui
3404 2646 3606 2715 produ—

2028 2751 2101 2804 cit
2134 2727 2386 2805 facultate
2415 2759 2580 2816 quam
2615 2749 2666 2800 in
2717 2761 2774 2800 se
2824 2744 3014 2798 habet.
3069 2727 3175 2795 Tot
3214 2741 3396 2808 itaque
3432 2739 3606 2790 nitidis

2028 2841 2249 2894 noutine
2279 2840 2534 2910 principii
2562 2847 2805 2906 accepto,
2833 2837 2875 2890 si
2914 2831 2974 2889 in
3019 2835 3180 2888 Patre
3215 2841 3269 2886 et
3310 2831 3446 2885 Filia
3495 2828 3606 2881 duo

2029 2931 2296 3000 principia
2324 2931 2450 2999 quis
2470 2928 2840 2990 constituerit,
2862 2925 3034 2979 veluti
3059 2924 3344 2977 facultates
3369 2920 3606 2989 produc.-

2031 3023 2186 3084 tivas,
2219 3021 2421 3091 quibus
2463 3022 2622 3075 Pater
2649 3029 2704 3073 et
2751 3019 2920 3073 Filius
2965 3016 3234 3087 Spiritum
3271 3002 3600 3084 producunt.

2030 3113 2327 3166 absurdum
2369 3112 2425 3166 id
2463 3112 2852 3180 ma'xitnolicre,
2897 3125 2953 3164 et
2981 3109 3200 3184 falsum,
3234 3115 3291 3161 et
3321 3121 3348 3158 a
3377 3105 3606 3157 veritate

2032 3207 2274 3260 alienum
2313 3203 2893 3261 asseveraverit.’l‘um
2918 3200 3385 3270 s‘iquidem'neque
3414 3194 3604 3251 eadem;

2031 3314 2260 3353 numero
2290 3297 2527 3353 essentia
2551 3296 2698 3352 Patri
2716 3296 2922 3349 inesset
2949 3292 3184 3352 etFilio,
3198 3303 3336 3360 quos
3362 3286 3605 3355 ejusdem

2029 3383 2304 3445 facultatis
2339 3389 2695 3444 distinctione
2738 3387 2924 3441 statim
2977 3393 3033 3439 et
3091 3378 3607 3437 naturaedisti‘nctio

2030 3481 2484 3551 subsequeretur,
2527 3479 2822 3550 aliquando
2845 3475 3049 3546 specie,
3079 3469 3372 3544 aliquando
3412 3469 3606 3525 indivi-

2030 3572 2140 3626 duo
2172 3573 2408 3628 diversa.
2431 3571 2499 3624 Et
2531 3572 2631 3626 hac
2651 3571 2860 3634 ratione
2886 3571 2992 3622 duo
3011 3565 3278 3636 principia
3309 3564 3361 3620 in
3395 3561 3610 3617 duabus

2029 3665 2279 3735 personis
2323 3669 2408 3719 ut'
2444 3663 2734 3719 facultates
2795 3669 3074 3729 nunquam
3121 3672 3277 3712 sacra
3331 3656 3607 3710 Romano-

2031 3753 2150 3809 rum
2191 3755 2429 3810 Ecclesia
2464 3756 2661 3810 tenuit.
2687 3749 2772 3808 Nil
2826 3753 3046 3816 minus;
3080 3762 3227 3810 cum,
3262 3757 3316 3802 ut
3336 3747 3447 3818 jam
3475 3745 3611 3799 dixi-

2030 3859 2173 3908 mus,
2215 3845 2392 3898 modis
2430 3843 2690 3896 omnibus
2715 3842 2964 3895 eamdem
2996 3839 3392 3908 producetttcm
3440 3836 3608 3889 facul-

2031 3920 2223 4000 tatem,
2263 3950 2386 4004 quaa
2435 3934 2491 3988 in
2524 3934 2687 3988 Patre
2717 3941 2802 3985 est
2843 3944 3098 3989 numero,
3134 3931 3186 3982 in
3221 3927 3357 3980 Filio
3389 3941 3608 3994 quoque

2029 4041 2150 4081 esse
2181 4034 2390 4089 censet,
2423 4015 2490 4078 cx
2546 4024 2707 4079 Patre
2739 4019 2842 4090 ipsi
2874 4035 2974 4090 per
3023 4017 3429 4088 generationem
3462 4030 3611 4068 com-

2031 4117 2386 4178 municatam,
2421 4116 2501 4169 uti
2547 4124 2604 4170 et
2649 4111 2943 4169 essentiam
2979 4110 3184 4181 ipsam,
3237 4117 3292 4162 et
3341 4113 3612 4176 quatquot

2030 4211 2134 4264 alia
2167 4209 2418 4279 personis
2445 4223 2513 4262 ex
2547 4205 2876 4276 primigenio
2906 4202 3180 4274 principio
3208 4201 3322 4255 Deo
3356 4207 3413 4254 et
3450 4199 3610 4252 Patre

2031 4301 2350 4354 tribuuntur
2403 4315 2417 4354 :
2475 4297 2714 4366 indeque
2772 4310 2932 4349 unam
2991 4307 3222 4348 numero
3275 4289 3612 4360 progressio.

353 4398 514 4450 μενον
547 4384 611 4434 ἐκ
646 4383 860 4453 Πατρδς
893 4382 960 4452 δι’
993 4381 1152 4447 Υἱοῦ,
1183 4387 1248 4454 τῇ
1278 4385 1378 4454 μιᾷ
1409 4383 1668 4454 τάριθμῷ
1692 4384 1924 4450 δυνάμει

2035 4407 2180 4455 nem,
2210 4399 2266 4444 et
2295 4405 2463 4446 unum
2487 4403 2717 4443 numero
2743 4387 3009 4456 Spiritum
3034 4385 3362 4454 productum
3393 4398 3422 4436 a
3451 4382 3609 4436 Patre

349 4476 415 4544 τῇ
449 4475 508 4526 ἐν
541 4475 770 4543 ἀμφοῖν.
796 4475 858 4527 Et
899 4475 955 4527 δὲ
986 4474 1079 4526 δύο
1125 4477 1298 4546 ἀρχάς
1331 4475 1476 4529 οὕτω
1520 4494 1604 4539 τις
1647 4477 1930 4546 ἐκλαμϐά-

349 4583 464 4618 νειν
484 4566 683 4629 ἐθέλει,
732 4566 988 4637 καθάπερ
1019 4567 1346 4631 ὑποστάσεις
1382 4568 1475 4622 δύο
1509 4570 1602 4622 καὶ
1631 4570 1926 4640 πρόσωπα,

347 4660 403 4711 τί
429 4658 490 4709 τδ
523 4659 726 4712 ἄτοπον
745 4660 878 4728 πρὶς
910 4659 1008 4727 τῆς
1037 4659 1266 4728 Τριάδος
1296 4661 1502 4730 αὑτῆςς
1531 4661 1562 4732 ἤ
1605 4664 1760 4716 ποῖον
1785 4663 1929 4718 κατὰ

349 4751 450 4817 τῆς
484 4749 819 4818 Ἐκκλησίας
857 4750 1112 4803 ἐντεῦθεν
1145 4751 1436 4819 γένοιτ’ἂν
1486 4754 1667 4822 δόγμα
1703 4754 1782 4826 τῷ
1833 4756 1926 4808 τοῦ

363 4841 576 4911 Ἀρείου
606 4843 928 4912 προσεοικός
955 4859 970 4909 ;
999 4845 1109 4896 Καὶ
1138 4844 1372 4896 πειθέτω
1396 4861 1457 4896 σε
1479 4845 1541 4896 τὸ
1568 4849 1666 4916 μιᾷ
1694 4847 1928 4916 δυνάμει

349 4931 449 4992 τάς
493 4932 642 4998 spei;
698 4931 1029 4992 ὑποστάσεις
1051 4931 1150 4998 τὴν
1188 4931 1370 4984 κτίσιν
1417 4931 1718 5002 παράγειν,
1776 4940 1928 5004 τρεῖς

348 5023 528 5092 ἀρχὰς
556 5020 729 5083 οὕτως
757 5022 829 5082 ὡς
853 5021 1201 5085 ὑποστάσεις,
1225 5023 1324 5092 οὐχ
1346 5023 1420 5083 ὼς
1447 5023 1734 5094 δυνάμεις.
1771 5026 1839 5079 '0
1869 5044 1926 5079 τε

350 5115 460 5183 γάρ
477 5112 662 5182 Πατὴρ
683 5113 920 5182 παράγει
950 5111 1050 5182 τὴν
1073 5113 1272 5179 κτίσιν,
1295 5115 1322 5166 ὅ
1341 5115 1388 5167 0'
1416 5115 1542 5178 Υἱὸς
1561 5119 1801 5187 παράγει
1825 5118 1929 5189 τὴν

350 5203 556 5264 κτίσιν,
589 5202 652 5256 τό
683 5220 742 5254 τε
776 5201 1000 5271 Πνεῦμα
1024 5205 1086 5257 τὸ
1110 5205 1269 5275 ἅγιον
1312 5209 1552 5277 παράγει
1577 5211 1676 5278 τὴν
1710 5213 1888 5263 κτίσιν
1912 5227 1925 5241 ·

350 5293 448 5344 καὶ
471 5291 624 5344 οὐδὲν
644 5291 898 5344 ἐντεῦθεν
918 5293 1114 5347 ἕπεται
1131 5297 1354 5364 ἄτοπον,
1374 5298 1484 5351 οὐδ’
1511 5298 1708 5363 ἀσεϐὲς
1725 5299 1924 5371 δόγμα,

349 5383 472 5436 οὐδὲ
500 5383 578 5452 τῷ
603 5384 700 5437 τοῦ
739 5385 952 5456 ’Δρείου
990 5391 1336 5458 προσεοικός.
1395 5391 1542 5455 Ἕως
1587 5392 1695 5462 γὰρ
1721 5392 1787 5447 ἂν
1829 5395 1928 5465 μιᾷ

350 5475 566 5544 θεότητι
586 5477 641 5528 αἱ
667 5477 998 5541 ὑποστάσεις
1054 5481 1444 5548 πληθύνονται,
1493 5485 1754 5539 οὐδέποτε
1805 5489 1926 5541 ἄτο-

289 5591 294 5596 -
349 5581 454 5618 πον
474 5567 756 5638 νομισθείη
790 5569 848 5620 τὸ
875 5571 932 5622 ὲν
958 5570 1056 5639 μιᾷ
1074 5572 1167 5622 καὶ
1185 5571 1254 5641 τῇ
1284 5573 1422 5641 αὐτῇ
1455 5573 1683 5646 δυνάμει
1707 5579 1926 5640 πλείους

349 5655 450 5720 τὰς
488 5657 663 5740 ἀρχάς
691 5657 960 5728 ὑπάρχειν
1001 5659 1075 5722 ὡς
1101 5659 1454 5724 ὑποστάσεις.

2034 4497 2131 4552 per
2164 4481 2398 4544 Filium,
2435 4482 2594 4536 unica
2647 4494 2880 4534 numero
2911 4478 3166 4532 facultate
3192 4518 3206 4540 ,
3240 4490 3362 4546 quae
3395 4474 3449 4528 in
3496 4489 3612 4527 am—

2033 4571 2211 4652 bobps
2239 4581 2344 4626 est.
2375 4570 2528 4636 Quod
2553 4570 2597 4624 si
2628 4569 2753 4638 quis
2781 4569 2891 4622 duo
2921 4567 3190 4637 principia
3215 4567 3286 4619 ita
3318 4563 3610 4632 acceperit,

2031 4655 2189 4733 quasi
2223 4664 2363 4717 duas
2397 4663 2720 4731 hypostases
2749 4669 2804 4713 et
2839 4675 3102 4729 personas
3127 4701 3140 4724 ,
3191 4658 3466 4728 quodnam
3512 4655 3609 4708 ah-

2033 4756 2283 4818 surdum,
2319 4769 2416 4823 per
2450 4753 2772 4807 Trinitatem
2811 4752 3007 4820 ipsam,
3038 4749 3120 4803 vel
3175 4749 3449 4818 quodnam
3485 4746 3612 4800 inde

2038 4847 2305 4902 adversus
2365 4843 2657 4898 Ecclesiam
2719 4843 2957 4911 dogma,
3030 4841 3164 4893 Ario
3223 4838 3609 4905 concordatis,

2031 4937 2315 5007 assurget?
2339 4935 2403 4989 Et
2427 4934 2652 4988 suadeat
2681 4943 2752 4996 te,
2781 4932 2926 5002 quod
2951 4947 3054 4985 una
3080 4930 3335 4985 facultate
3369 4937 3479 4983 tres
3513 4931 3611 4999 hy-

2034 5039 2284 5100 postases
2304 5037 2612 5082 creaturam
2651 5027 2978 5095 producunt,
3001 5024 3099 5076 tria
3144 5023 3411 5092 principia
3460 5037 3612 5091 asque

2033 5131 2195 5191 atque
2220 5121 2756 5191 hypostascs,etnon
2781 5117 3085 5171 facultates.
3111 5115 3252 5170 Tum
3282 5116 3426 5171 enim
3459 5114 3614 5168 Pater

2032 5221 2340 5266 creaturam
2371 5209 2645 5279 producit,
2671 5217 2786 5261 tum
2838 5206 3008 5261 Filius
3053 5215 3356 5260 creaturam
3405 5203 3612 5271 produ-

2033 5305 2144 5368 cit,
2181 5317 2294 5357 tum
2338 5301 2578 5372 Spiritus
2608 5309 2832 5356 sanctus
2876 5309 3183 5355 creaturam
3237 5295 3522 5365 producit;
3555 5303 3611 5345 ct

2032 5397 2170 5449 nihil
2225 5395 2348 5449 inde
2395 5393 2622 5448 absurdi
2657 5393 3037 5463 consequitur,
3073 5402 3249 5456 neque
3277 5385 3470 5452 dogma
3513 5383 3614 5436 im-

2033 5489 2396 5556 pium,neque
2437 5485 2579 5554 quod
2609 5485 2862 5538 Arianam
2910 5479 3156 5536 harrcsim
3191 5475 3408 5529 referat.
3430 5475 3612 5528 Donec

2031 5577 2176 5634 enim
2212 5578 2266 5630 in
2306 5567 2410 5631 una
2435 5577 2639 5631 Deitatc
2671 5577 2987 5645 hypostases
3010 5567 3462 5636 multiplicantur,
3497 5567 3618 5619 nu?-

2031 5672 2141 5724 lum
2185 5669 2485 5725 absurdum
2520 5668 2882 5739 reputabitur,
2926 5666 2980 5716 in”
3011 5678 3116 5715 una
3176 5659 3478 5728 eademque
3536 5671 3614 5710 ta-

1991 5765 1998 5773 '
2039 5761 2238 5818 cultatc
2278 5768 2429 5833 plura
2462 5760 2727 5832 principia
2751 5756 2920 5812 veluti
2962 5755 3284 5825 hypostascs
3321 5751 3614 5829 exsistcrc-
3651 5752 3657 5757 ’
