4066 6188
329 407 479 466 ctat,
512 404 642 473 quid
693 407 1076 471 benevolentia
1123 419 1354 493 ﬂagitat,
1384 428 1636 499 ignorare
1682 438 1911 495 nimium

327 491 550 552 hebetis
584 511 739 566 sane,
776 503 1008 561 nimium
1043 515 1293 571 vecordis
1339 518 1576 577 hominis
1611 541 1733 583 esse
1779 547 1912 586 con-

327 593 456 639 stat.
489 587 554 641 Et
585 589 808 692 iquuod
855 597 1252 672 benevolentia
1282 612 1420 665 ratio
1443 616 1710 683 postulat,
1765 625 1912 692 quod

329 689 360 729 e
392 680 717 743 praeordiis
747 687 956 742 amoris
979 695 1210 764 emergit
1240 680 1520 772 negligere
1557 680 1913 776 postlialiere-

327 777 435 832 que
463 768 584 834 ejus
609 783 694 825 est
725 773 995 845 profecto,
1053 785 1138 838 cui
1183 802 1270 842 res
1300 768 1490 847 eadem
1527 768 1704 865 placet
1747 811 1910 870 atque

323 869 432 910 non
494 859 701 928 placet,
740 866 950 937 quique
989 877 1246 933 maximis
1281 881 1335 935 in
1387 886 1551 942 rebus
1590 890 1913 946 honestissi-

324 948 555 1042 misque
592 964 786 1025 suapte
842 973 1038 1028 sponte
1082 967 1376 1042 delinquit.
1441 976 1649 1036 Omitto
1708 993 1911 1040 mutua

323 1034 723 1097 benevolentia
762 1052 1048 1121 mutuique
1093 1063 1300 1116 amoris
1334 1067 1526 1123 merita
1555 1069 1787 1141 juraque
1822 1090 1910 1129 re-

322 1127 468 1184 ferre
497 1149 512 1187 :
538 1136 741 1202 quibus
789 1143 834 1196 si
886 1146 1158 1216 quispiam
1213 1157 1397 1223 quoad
1429 1127 1576 1216 vires
1605 1127 1932 1234 sup-petunt-

321 1224 471 1282 haud
532 1231 887 1303 respbndeat,
917 1238 1330 1310 ingratitudinis
1355 1249 1627 1308 obnoxius
1651 1224 1910 1325 iniquita-

321 1316 460 1372 tisve
487 1320 707 1378 crimini
737 1343 844 1380 non
880 1329 1076 1400 injuria
1122 1335 1288 1392 fuerit
1319 1357 1331 1392 :
1366 1356 1394 1394 a
1426 1343 1626 1411 quibus
1667 1346 1904 1404 humana

317 1410 571 1478 probitas
625 1415 961 1491 ingenuique
1001 1440 1181 1482 mores
1223 1433 1566 1499 potissimum
1603 1439 1904 1496 abhorrere

314 1498 596 1558 videntur.
626 1505 706 1561 Tu
730 1508 854 1565 vita
881 1514 1051 1569 talem.
1073 1527 1258 1576 tenere
1286 1525 1655 1591 pulcherrime
1680 1547 1901 1588 cursum

313 1592 629 1665 instituisti,
686 1610 745 1656 ut
770 1604 1087 1665 domes‘sticis
1114 1612 1281 1669 rebus
1308 1616 1738 1680 familiaribusve
1763 1627 1902 1682 bene

312 1681 578 1755 lauthue
614 1689 898 1761 dispositis
940 1702 1138 1766 partim
1183 1707 1510 1774 amplissimi
1547 1715 1902 1783 magistratus
1928 1700 1976 1759 Β

312 1773 497 1830 ofﬁcio
530 1793 867 1853 manereque
895 1791 1112 1846 cateris
1134 1794 1456 1854 hominibus
1477 1803 1625 1858 vivas
1660 1823 1672 1858 :
1701 1808 1897 1874 partim

313 1866 373 1921 in
401 1868 711 1928 litterarum
754 1878 853 1933 tibi
894 1883 1094 1938 studiis
1127 1885 1504 1962 doctrinisque
1539 1897 1898 1956 nobilissimis

309 1961 646 2028 satisfacias,
702 1979 991 2042 utramque
1039 1992 1310 2035 summam
1363 1985 1583 2042 vivendi
1626 1993 1896 2046 rationem

310 2054 654 2122 complexus.
686 2059 742 2113 ln
779 2078 886 2132 qua
926 2066 1024 2121 tibi
1066 2084 1154 2124 me
1198 2087 1417 2143 quoque
1443 2079 1697 2134 comitem
1735 2093 1896 2151 atque

310 2146 524 2200 socium
557 2151 799 2207 ascivisti
827 2171 841 2208 :
874 2171 981 2211 non
1015 2159 1222 2218 inscius
1244 2166 1424 2220 studia
1453 2171 1654 2238 quibus
1686 2174 1897 2232 incum-

310 2237 496 2294 bimus
534 2246 861 2314 expeditius,
885 2253 1134 2309 exactius
1169 2255 1271 2310 ilOC
1297 2270 1457 2327 pacto
1485 2265 1751 2324 meliusve
1774 2270 1892 2326 fieri

312 2344 501 2399 posse.
552 2333 664 2405 Ego
699 2338 793 2408 qui
847 2357 936 2396 res
991 2359 1186 2400 omnes
1219 2347 1509 2421 humanas,
1536 2359 1745 2425 optimo
1786 2362 1893 2418 fine

307 2423 546 2492 sublato,
579 2443 747 2483 vanas
794 2446 914 2486 esse
972 2436 1153 2492 nihili
1205 2441 1631 2516 pendendasque
1673 2466 1893 2522 semper

308 2517 499 2582 putavi
532 2535 545 2570 :
583 2519 744 2588 cujus
792 2521 880 2575 illa
911 2529 1183 2584 sententia
1217 2543 1484 2603 perpetua
1531 2538 1634 2594 fuit
1671 2517 1890 2600 :homi-

305 2625 436 2664 nem
477 2614 768 2684 utriusque
811 2617 938 2674 vita
983 2623 1255 2680 rationem
1293 2633 1637 2701 complexum
1672 2642 1891 2698 :oculis

304 2705 590 2774 utrisque,
619 2709 848 2776 pradito
885 2716 1102 2783 corpori
1137 2732 1151 2770 :
1184 2731 1460 2777 carentem
1503 2726 1672 2783 altera
1710 2729 1882 2798 lusco,

303 2798 690 2864 prastantiore
745 2801 940 2858 dextro
980 2818 1202 2877 aspectu
1260 2829 1276 2866 :
1311 2812 1571 2871 inferiore
1609 2819 1832 2876 sinistro
1869 2840 1884 2878 :

304 2899 588 2957 expertem
625 2896 911 2964 utriusque
944 2913 1088 2953 caeco
1125 2903 1347 2970 penitus
1379 2910 1715 2976 persimilem
1742 2913 1882 2970 esse.

2019 454 2402 523 negligendum
2438 475 2559 516 esse
2590 464 2777 518 censui
2814 485 2826 518 :
2859 467 3002 534 quod
3035 467 3256 536 quidem
3294 471 3438 525 haud
3481 489 3592 526 me-

2019 543 2281 602 diocriter
2313 550 2431 604 sine
2467 551 2638 607 dubio
2667 554 2828 609 nobis
2866 557 3114 611 conferet
3143 560 3209 613 ad
3246 561 3298 615 id
3333 564 3398 614 ad
3445 563 3592 631 quod

2019 635 2242 691 tendere
2269 641 2638 712 maximopere
2670 646 2942 714 cupimus.
2975 648 3304 714 Aristotelis,
3340 651 3586 721 inquam,

2016 723 2165 780 illius
2197 731 2370 784 nostri
2418 736 2857 801 praestantissimi
2917 737 3230 809 philosophi
3282 743 3594 811 summique

2015 816 2242 872 artificis
2267 834 2432 888 Opera
2460 826 2725 881 nonnulla
2754 827 3026 882 bonorum
3059 832 3304 886 omnium
3333 834 3446 887 sola
3471 850 3593 887 meo

2007 904 2218 972 judicio
2263 910 2459 974 fontes,
2497 917 2643 971 unde
2704 918 2831 974 finis
2861 920 3138 976 humanus
3180 934 3420 986 emanat,
3481 925 3593 980 ele-

2012 998 2230 1066 gantius
2280 1019 2425 1059 nunc
2479 1007 2766 1064 traducere
2823 1011 3033 1081 tibique
3090 1013 3290 1068 otl‘crre
3340 1015 3459 1068 :ab
3521 1032 3588 1071 eo

2011 1091 2357 1158 potissimum
2409 1097 2567 1152 initio
2601 1109 2844 1170 snmpto,
2907 1118 3018 1171 quo
3049 1105 3278 1159 scientia
3314 1106 3381 1161 de
3410 1107 3592 1162 anima

2014 1182 2268 1238 traditur.
2299 1185 2415 1251 Qua
2443 1188 2606 1257 plane
2638 1206 2747 1244 non
2783 1192 2950 1246 modo
2978 1202 3302 1248 eaterorum
3342 1199 3588 1251 omnium

2010 1272 2393 1340 animantium,
2470 1266 2565 1332 Sed
2615 1289 2861 1335 nostrum
2912 1283 3077 1336 etiam
3110 1284 3456 1339 exactissime
3499 1303 3595 1340 na-

2011 1369 2209 1428 turain,
2272 1365 2632 1438 humanaque
2684 1370 2963 1427 felicitatis
3025 1373 3318 1442 originem,
3374 1388 3592 1442 causas,

2009 1454 2280 1525 principia
2333 1457 2624 1529 fontesque
2673 1462 2960 1531 percipere
3011 1477 3327 1532 possumus.
3363 1465 3499 1518 Nam
3535 1475 3596 1521 ut

2007 1553 2060 1597 te
2103 1560 2210 1599 non
2247 1549 2511 1615 praterit,
2548 1561 2842 1620 utrumque
2891 1567 3035 1607 cura
3094 1568 3202 1607 non
3244 1554 3447 1622 injuria
3495 1569 3594 1608 no-

2009 1634 2093 1688 bis
2119 1651 2240 1692 esse
2273 1653 2288 1690 :
2320 1653 2423 1693 nos
2467 1639 2579 1710 jam
2622 1642 2712 1695 diu
2747 1643 3042 1696 statuimus
3092 1661 3107 1697 :
3148 1659 3331 1699 rerum
3367 1644 3589 1714 inquam

2004 1729 2268 1799 notitiam.
2306 1751 2320 1784 :
2369 1738 2476 1786 tam
2528 1747 2721 1786 earum
2776 1749 2900 1803 qua
2946 1733 3155 1790 nullius
3202 1745 3369 1805 egent
3407 1750 3590 1806 opera

2004 1825 2265 1876 nostra:
2307 1838 2471 1892 quam
2525 1839 2717 1878 earum
2754 1839 2990 1894 quarum
3037 1841 3137 1882 nos
3191 1836 3444 1882 auctores
3494 1842 3586 1882 su-

2002 1925 2123 1964 mus
2155 1929 2167 1964 :
2193 1928 2424 1982 quaque
2448 1915 2548 1969 sub
2573 1923 2846 1985 potestate
2879 1925 3074 1972 nostra
3099 1926 3231 1972 sunt
3261 1919 3538 1973 collocata
3566 1935 3580 1970 :

2001 2012 2057 2057 et
2079 2005 2409 2075 elegantiam
2438 2007 2640 2077 lingua
2671 2026 2686 2064 :
2720 2009 2941 2065 dicendi
2967 2010 3237 2065 rationem
3267 2029 3281 2065 :
3310 2011 3582 2066 delectum

1999 2095 2294 2151 verborum
2328 2115 2341 2152 :
2375 2108 2659 2167 ornatum,
2698 2110 3046 2157 venustatem
3089 2116 3153 2157 ac
3180 2103 3394 2171 capiam
3429 2121 3442 2157 :
3477 2117 3587 2171 quo

1951 2224 1956 2229 ι
2001 2201 2095 2241 res
2124 2189 2531 2259 sententiaque
2574 2191 2802 2246 dictioni
2841 2210 2855 2248 :
2888 2202 2944 2248 et
2974 2194 3147 2259 rebus
3188 2193 3588 2261 sententiisque

1998 2276 2168 2332 dictio
2202 2278 2274 2333 sit
2297 2280 2630 2336 conveniens
2658 2290 2821 2350 atque
2847 2283 3281 2347 accommodata,
3339 2283 3384 2338 si
3411 2281 3590 2336 sensis
3613 2349 3625 2366 ι

1997 2371 2271 2426 orationes
2296 2388 2309 2426 :
2336 2387 2492 2428 sensa
2518 2374 2684 2429 rebus
2704 2374 3168 2430 accommodanda
3194 2375 3327 2437 sint,
3386 2381 3444 2427 ut
3472 2380 3585 2426 tum

1994 2461 2240 2528 ipsorum
2269 2464 2411 2519 ratio
2443 2475 2750 2536 naturaque
2779 2508 2795 2530 ,
2827 2476 2942 2522 tum
2967 2466 3246 2522 institutio
3273 2465 3585 2534 sapientum

1994 2551 2278 2608 hominum
2301 2557 2528 2624 expetit,
2543 2558 2803 2628 efﬂagitat
2826 2568 2989 2629 atque
3007 2557 3274 2627 exposcit.
3294 2557 3413 2611 Non
3440 2556 3584 2609 enim

1993 2644 2030 2698 ii
2064 2645 2228 2701 nobis
2285 2656 2345 2701 ut
2379 2651 2719 2719 exemplaria
2775 2650 2888 2705 sint
2928 2648 3271 2720 proponendi
3321 2665 3333 2701 :
3367 2646 3458 2716 qui
3503 2645 3584 2700 vel

1992 2742 2190 2788 ornatu
2226 2737 2524 2792 verborum
2581 2746 2815 2794 utuntur
2848 2739 2967 2794 sine
3000 2738 3193 2794 notitia
3227 2751 3410 2791 rerum
3453 2753 3466 2790 :
3497 2733 3583 2789 vel

1990 2826 2221 2881 scientia
2253 2828 2466 2896 praediti
2496 2838 2644 2896 sunt,
2696 2830 2817 2885 sine
2859 2830 3053 2900 peritia
3082 2828 3312 2885 rationis
3339 2825 3580 2882 dicendi-

1990 2915 2226 2986 insignis
2281 2919 2528 2987 profecto
2577 2920 2935 2989 turpitudinis
2988 2927 3072 2974 est
3124 2924 3579 2988 utrumque,tam

300 2978 406 3033 Cui
451 2981 640 3050 religio
677 2985 1017 3043 sanctissima
1063 3001 1272 3060 nostra,
1313 2997 1472 3052 nobis
1518 3001 1700 3058 oblata
1747 3005 1884 3061 divi-
1919 3030 1964 3089 ο
1995 3022 2135 3062 vane
2170 3024 2334 3078 quam
2397 3025 2565 3079 prave
2605 3010 2780 3080 loqui,
2831 3025 3141 3080 quanquam
3194 3009 3451 3069 alterum,
3494 3005 3580 3058 vel

302 3073 479 3139 nitus,
536 3073 642 3130 hac
686 3091 906 3146 quoque
943 3081 1155 3139 ratione
1199 3087 1347 3154 quod
1396 3104 1719 3158 perornatos
1764 3113 1893 3166 per-
1922 3073 1944 3108 Ἴ

303 3163 601 3235 feetosque
670 3168 924 3246 homines
982 3184 1217 3244 utroque
1282 3180 1504 3238 vivendi
1565 3187 1730 3242 modo
1779 3191 1897 3246 suis

309 3239 948 3332 pulcherrimis'legibus
975 3239 1358 3339 institutisque
1395 3239 1766 3333 reddereitia-m
1779 3239 1898 3336 na:

307 3357 448 3402 tura
481 3365 643 3418 quam
689 3350 883 3422 Opifici
909 3369 1012 3410 suo
1071 3369 1325 3429 conatur,
1388 3365 1746 3425 vehementer
1783 3373 1898 3441 pla-

311 3449 402 3493 cet
437 3456 450 3494 :
486 3457 647 3510 quem
687 3444 927 3516 denique
957 3460 1158 3518 prater
1189 3453 1527 3512 honestatem
1557 3463 1782 3518 omnino
1811 3481 1898 3520 sa-

307 3531 637 3603 pientiaque
659 3537 835 3592 studia
860 3540 994 3594 nihil
1018 3542 1257 3598 delectat
1283 3563 1296 3599 :
1321 3549 1451 3615 quid
1473 3565 1599 3620 erga
1620 3560 1669 3607 te
1696 3553 1891 3612 faciam

309 3638 496 3693 quaso
523 3626 650 3694 quid
671 3644 825 3698 agam
853 3647 868 3685 :
901 3633 1047 3700 quod
1069 3634 1136 3688 ad
1169 3643 1433 3706 utrosque
1453 3655 1553 3696 nos
1581 3657 1895 3700 accommo-

309 3711 654 3770 datissimum
681 3718 849 3774 fuerit
879 3738 893 3775 :
927 3731 1042 3777 tum
1083 3724 1348 3792 inStante,
1391 3738 1617 3798 urgente
1647 3731 1891 3801 compel-

307 3802 570 3873 lenteque
598 3822 785 3863 amore
823 3827 836 3864 :
876 3822 988 3865 tum
1018 3813 1275 3869 instituto
1306 3817 1433 3871 vita
1465 3819 1697 3887 perinde
1727 3830 1892 3891 atque

308 3903 504 3946 natura
568 3909 846 3964 movente,
876 3910 932 3954 et
965 3903 1136 3956 veluti
1188 3915 1343 3958 recta
1387 3907 1598 3961 ratione
1641 3909 1889 3978 jubente.

307 3983 501 4039 Nonne
537 3986 589 4040 id
639 4005 800 4044 omne
843 3993 987 4060 quod
1021 3995 1244 4051 affectas
1283 3997 1446 4053 modo
1473 4000 1632 4055 nobis
1663 4001 1893 4060 facultas

309 4076 455 4131 adsit
493 4097 506 4133 :
536 4088 595 4133 ut
629 4096 737 4134 non
797 4083 964 4153 inepti
992 4086 1292 4148 videamur.
1327 4105 1434 4144 non
1465 4091 1637 4162 ignari
1676 4096 1894 4164 penitus

308 4168 558 4234 rationis,
591 4170 694 4224 alia
735 4175 941 4241 quavis
993 4176 1290 4234 offerentes
1344 4196 1452 4235 non
1487 4197 1552 4237 ea
1584 4185 1787 4253 quibus
1810 4198 1894 4242 est

307 4275 468 4327 opus.
495 4259 686 4316 Nonne
719 4262 773 4316 id
808 4279 970 4320 omne
997 4267 1141 4334 quod
1189 4269 1255 4323 ad
1288 4282 1604 4340 exoptatum
1652 4276 1892 4330 hominis

2003 3099 2338 3168 impotentia
2389 3101 2534 3157 forte
2584 3101 2827 3165 fortuna,
2875 3101 2958 3156 vel
3010 3098 3267 3170 segnitiei
3316 3097 3578 3152 ratione:

1999 3191 2304 3248 secundum
2346 3193 2528 3263 petitis
2583 3201 2670 3249 est
2717 3190 3116 3263 expetendum.
3166 3189 3580 3261 Conjungamus

1999 3299 2098 3338 nos
2125 3298 2188 3338 ea
2221 3299 2342 3354 qua
2369 3284 2748 3356 conjungenda
2781 3287 3008 3339 omnino
3042 3291 3191 3346 sunt,
3225 3294 3431 3373 non'ea
3460 3292 3581 3347 qua

1998 3376 2118 3430 sine
2154 3375 2423 3430 dedecore
2462 3391 2562 3430 suo
2606 3383 2792 3446 potest
2829 3389 3070 3444 unquam
3115 3373 3454 3444 conjungere
3485 3383 3579 3423 ne-

1999 3482 2110 3533 mo,
2146 3482 2210 3522 ac
2240 3449 2562 3537 sapientiam
2599 3467 2666 3522 ab
2693 3467 2988 3538 elegantia,
3033 3466 3221 3534 lepore
3267 3468 3580 3517 venustate-

1998 3573 2106 3627 que
2135 3558 2432 3613 verborum
2466 3557 2849 3626 orationisque
2898 3572 3007 3609 non
3041 3568 3385 3623 separemus.
3426 3553 3578 3607 lianc

1998 3649 2162 3720 igitur
2191 3665 2413 3719 operam
2443 3649 2561 3719 ipse
2608 3664 2726 3705 mea
2769 3647 3040 3705 sententia
3070 3663 3180 3701 non
3202 3646 3573 3747 inhonestam,

1997 3756 2104 3794 non
2155 3740 2432 3805 inutilem,
2461 3756 2571 3795 non
2625 3737 3002 3811 injucundam,
3058 3753 3165 3792 non
3220 3751 3248 3789 a
3296 3737 3574 3791 communi

1996 3838 2186 3884 nostro
2221 3829 2505 3899 proposito
2535 3847 2548 3882 :
2577 3845 2686 3884 non
2706 3845 2735 3884 a
2764 3838 2951 3883 mutua
2980 3839 3164 3883 nostra
3197 3828 3576 3927 benevolentia

1996 3919 2354 3973 dissidentem
2385 3934 2449 3973 ac
2488 3918 2883 3973 abhorrentem
2921 3935 2934 3971 :
2971 3918 3202 3970 dandam
3250 3931 3373 3970 esse
3419 3918 3574 3984 quasi

1995 4013 2116 4082 lege
2150 4009 2386 4080 quadam
2430 4009 2708 4065 assiduam
2761 4025 2791 4064 a
2828 4023 2916 4063 me
2971 4008 3070 4062 tibi
3121 4007 3575 4076 frequentemque

1995 4104 2212 4172 censui,
2244 4101 2412 4158 statui
2446 4102 2689 4164 definivi,
2721 4111 2886 4171 atque
2927 4099 3087 4164 adeo,
3121 4108 3180 4153 ut
3211 4097 3314 4151 nisi
3363 4105 3575 4151 natura

1995 4196 2369 4262 necessitudo,
2414 4196 2562 4251 nulla
2603 4194 2687 4250 vis
2727 4209 2846 4249 eam
2903 4191 3064 4249 nobis
3093 4191 3335 4273 adimere
3375 4189 3572 4260 possit.

1995 4287 2125 4353 Quae
2153 4301 2276 4340 cum
2310 4285 2385 4340 ita
2412 4287 2546 4350 sint,
2578 4301 2715 4354 opus
2737 4283 3054 4340 Arisrotelis
3077 4283 3144 4337 de
3177 4281 3378 4345 anima,
3403 4278 3573 4334 veluti

269 4386 272 4390 -
309 4353 470 4404 finem
517 4354 676 4409 facile
703 4359 1153 4427 consequendum
1183 4363 1278 4417 tibi
1307 4365 1619 4420 conducere
1664 4377 1839 4436 potest
1873 4386 1886 4422 :
1924 4359 1966 4414 ι)
1998 4387 2198 4431 nostra
2229 4377 2524 4448 quamdam
2557 4353 2734 4446 opera
2777 4384 3014 4446 partem,
3045 4373 3354 4444 elegantius
3382 4372 3573 4425 ultima

307 4443 373 4495 ad
416 4460 580 4512 quem
627 4446 739 4512 jam
787 4449 901 4517 ipse
949 4458 1062 4505 toto
1105 4456 1288 4508 studio
1334 4467 1648 4528 conatuque
1688 4464 1888 4531 pergis.

308 4530 641 4590 Succus'rere
684 4552 848 4606 porro
890 4541 1074 4609 quoad
1126 4543 1268 4598 vires
1302 4546 1433 4598 mihi
1488 4550 1888 4617 suppeditant:

307 4627 741 4694 praeclarissimis
783 4645 848 4684 ac
880 4631 1288 4688 honestissimis
1339 4638 1446 4690 tuis
1474 4639 1674 4694 studiis
1707 4657 1721 4694 :
1759 4658 1890 4714 ope-

309 4733 536 4786 ramque
574 4719 672 4775 tibi
707 4721 838 4775 dare
865 4722 1208 4790 frequentem
1261 4743 1275 4779 :
1320 4731 1536 4784 catcris
1587 4733 1750 4787 rebus
1790 4751 1890 4788 ne-

312 4809 690 4880 gleetisatque
714 4814 1046 4880 posthabitis
1073 4832 1085 4866 :
1113 4831 1290 4885 Opera
1316 4821 1549 4886 pretium
1573 4839 1693 4878 esse
1718 4823 1846 4878 duxi
1874 4844 1887 4879 :

307 4910 473 4968 atque
517 4902 612 4955 tibi
655 4903 774 4957 vias
823 4903 1136 4973 itineraque
1191 4908 1392 4975 quibus
1449 4912 1514 4963 ad
1566 4912 1886 4969 felicitatem

308 4991 602 5046 humanam
635 4996 1141 5066 beatitudinetnque
1166 5011 1309 5053 recta
1340 5003 1609 5071 pergitnr,
1657 5005 1890 5060 demon-

308 5084 533 5138 stranda
559 5100 679 5139 esse
709 5090 918 5154 putavi.
949 5089 1157 5143 Tecum
1183 5106 1290 5143 una
1326 5095 1455 5146 milii
1481 5095 1741 5162 legendos
1765 5112 1888 5152 esse

312 5175 615 5244 scriptorcs
678 5185 733 5230 et
770 5191 1023 5234 auctores
1077 5179 1342 5236 bonarum
1387 5186 1591 5240 artium
1633 5189 1887 5257 pervolur

309 5267 619 5336 tandosque
651 5269 864 5323 censui.
899 5271 1243 5327 Evocandam
1287 5276 1341 5328 in
1383 5277 1555 5331 lucem
1595 5293 1718 5334 esse
1741 5282 1885 5336 veri-

308 5368 478 5412 tatem
522 5361 574 5412 iu
617 5360 722 5416 illis
765 5361 1034 5418 inclusam
1080 5380 1298 5420 onmem
1335 5370 1668 5427 existimavi.
1703 5374 1886 5428 Disse-

309 5449 466 5504 rendi
509 5451 745 5523 denique
782 5455 1056 5511 facultatis
1097 5458 1360 5515 formulas
1403 5478 1466 5517 ac
1517 5465 1758 5521 rationes
1790 5468 1885 5522 de-

310 5545 631 5610 gustandas,
691 5548 828 5601 haud
884 5548 1289 5615 postliabendas
1345 5569 1466 5608 esse
1533 5557 1874 5626 dijudicavi:

313 5633 435 5689 sine
501 5638 702 5706 quibus
764 5640 1105 5712 investigatio
1171 5644 1417 5701 veritatis
1484 5651 1874 5721 perceptioque

2000 4485 2145 4524 nunc
2176 4470 2559 4525 emendatione
2586 4469 2891 4523 limatiusve
2921 4481 3084 4522 causa
3121 4467 3198 4520 tui
3239 4465 3570 4527 traductum,

1996 4559 2075 4613 uti
2127 4559 2384 4614 materies
2443 4558 2573 4625 fert,
2633 4559 2884 4627 ratioque
2934 4557 3245 4627 praescribit
3301 4557 3573 4624 interpreo

1998 4651 2143 4704 tandi
2178 4651 2309 4719 (non
2349 4652 2496 4706 enim
2531 4653 2585 4705 in
2614 4651 2814 4706 talibus
2858 4653 3074 4719 amplus
3117 4663 3345 4718 campus
3375 4662 3574 4701 conce-

1993 4743 2165 4811 ditur)
2201 4741 2410 4812 tibique
2441 4758 2469 4796 a
2518 4742 2679 4797 nobis
2720 4743 2986 4805 oblatum,
3027 4742 3206 4812 legere
3253 4739 3572 4810 aggrediare

1993 4834 2131 4887 bona
2169 4835 2408 4888 fortuna.
2446 4834 2685 4889 Habebis
2714 4843 2768 4889 et
2800 4850 2900 4890 nos
2927 4834 2980 4888 in
3014 4833 3122 4887 hoc
3147 4833 3310 4888 etiam
3339 4831 3572 4901 legendo

1992 4925 2480 4995 percipiendoque,
2515 4926 2775 4996 quoniam
2815 4926 2885 4980 ita
2918 4925 3194 4979 voluimus
3223 4939 3286 4978 ac
3327 4923 3570 4978 institui-

1991 5029 2132 5080 mus,
2167 5017 2415 5078 comites.
2448 5018 2728 5086 adjutores
2757 5033 2820 5072 ac
2854 5018 3041 5083 duces,
3081 5034 3190 5072 non
3223 5018 3409 5087 pigros
3440 5015 3566 5084 qui—

1991 5108 2134 5171 dem,
2161 5125 2269 5163 non
2291 5109 2520 5174 inertes,
2549 5126 2656 5165 non
2683 5126 2897 5181 segnes,
2923 5112 3014 5165 sed
3045 5112 3108 5166 ad
3138 5126 3356 5166 omnem
3387 5123 3568 5177 prom-

1990 5196 2267 5264 ptissimos
2307 5197 2654 5253 subeundum
2705 5200 2976 5262 laborem,
3033 5200 3244 5256 fructus
3313 5197 3470 5264 cujus
3520 5197 3568 5250 is

1987 5289 2414 5357 consequendus
2465 5300 2551 5345 est
2602 5291 2697 5345 tibi
2741 5292 2902 5356 finis,
2949 5291 3019 5345 ob
3059 5306 3221 5360 quem
3272 5299 3468 5341 natura
3513 5296 3566 5340 te

1987 5381 2334 5446 procreavit,
2382 5382 2676 5452 opifexque
2719 5399 2904 5438 rerqu
2957 5383 3100 5436 Deus
3150 5389 3229 5434 tot
3287 5378 3564 5446 tantisque

1986 5471 2202 5524 viribus
2250 5472 2726 5545 facultatibusque.
2765 5472 3176 5529 condecoravit.
3230 5470 3360 5525 Vale
3410 5470 3564 5538 plus-

1994 5580 2154 5631 quam
2188 5565 2474 5621 dimidium
2507 5569 2674 5623 animi
2712 5569 2841 5633 mei,
2879 5575 2936 5620 et
2986 5564 3081 5618 tibi
3120 5561 3392 5633 persuade
3425 5559 3561 5616 mihi

1988 5666 2036 5712 te
2072 5656 2677 5727 cbarioremneu'iinem
2709 5675 2846 5713 esse.
