4066 6188
564 322 700 388 1023

1756 317 2162 381 THEODORI
2186 311 2627 377 'AGALLIANI

3650 320 3768 391 1m

560 438 656 489 καὶ
683 433 739 487 αἰ
764 430 983 500 πρόοδοι
1011 429 1112 499 τῆς
1134 429 1213 492 εἰς
1245 429 1422 484 πάντα
1449 426 1709 499 προνοίας
1736 429 1925 483 αὑτοῦ.
1966 447 1984 480 ι
2027 428 2139 483 Καὶ
2169 433 2212 490 Α
2246 424 2561 495 βουλήσεως
2603 423 2697 478 τοῦ
2748 421 2885 478 Θεοῦ
2934 423 3112 494 λέγων
3143 426 3212 480 τὰ
3254 428 3535 499 κτίσματα.
3564 427 3651 487 Ἐν
3675 439 3768 510 γὰρ

558 529 588 579 ὁ
634 523 1014 595 Δαμασκηνός·
1059 539 1079 573 ι
1116 522 1320 590 Ἔργον
1368 520 1470 590 μὲν
1504 521 1654 583 θείας
1691 520 1906 590 φύσεως
1936 523 1969 592 ή
2007 538 2140 592 προ-

560 616 779 679 αιώνιος
810 614 906 669 καὶ
947 614 1119 677 ἀΐδιος
1151 613 1405 684 γέννησις
1451 612 1544 666 καὶ
1588 606 1941 683 ἐκπόρευσις,
1976 613 2139 683 ἔργον

460 696 465 701 ’
560 706 617 759 δὲ
645 688 815 767 θείας
846 702 1120 774 θελήσεως
1151 704 1185 773 ἡ
1216 701 1415 765 κτίσις.
1452 720 1470 754 ι
1508 702 1618 756 Καὶ
1648 703 1682 772 ή
1716 699 1756 755 ε’
1790 702 2007 766 σύνοδος
2030 702 2140 756 τῶν

559 795 961 865 οίκουμενικῶν
1004 794 1151 847 οῦτω
1181 794 1352 863 λέγει’
1392 810 1412 844 ι
1454 793 1514 847 '0
1545 793 1702 861 Θεὸς,
1734 796 1902 864 φησὶν
1928 796 1957 847 ὁ
1997 795 2140 863 Ὠρι-

561 888 749 958 γένης,
794 886 904 939 ἀπὸ
952 886 1044 939 τοῦ
1100 884 1175 956 μὴ
1209 886 1421 950 κτίζειν
1469 884 1638 939 ἐλθὼν
1683 887 1763 948 εἰς
1804 885 1863 939 τὸ
1910 885 2138 950 κτίζειν,

564 978 788 1039 πάντως
810 976 1025 1047 ὲτράπη
1051 976 1143 1044 ἀφ’
1171 976 1359 1044 ἐτέρου
1386 976 1464 1037 εἰς
1491 974 1700 1045 ἕτερον,
1724 977 1884 1045 ἡμεῖς
1909 975 1966 1028 δὲ
1988 975 2145 1042 λέγο-

568 1084 668 1139 μεν
700 1068 785 1121 ὅτι
814 1068 874 1120 ού
909 1066 1053 1120 κατὰ
1092 1067 1192 1137 τὴν
1226 1066 1389 1133 φύσιν
1434 1067 1671 1136 ἐτράπη,
1705 1066 1841 1120 ἀλλά
1878 1067 2016 1119 κατὰ
2043 1066 2142 1133 τὴν

562 1160 869 1229 ἐνέργειανο
904 1159 1106 1227 μᾶλλον
1134 1159 1190 1211 δὲ
1224 1158 1344 1212 οῦδὲ
1372 1158 1498 1210 κατ’
1530 1158 1705 1227 αῦτήν
1728 1172 1743 1186 ·
1778 1151 1892 1227 εἶχε
1925 1157 2031 1226 γὰρ
2059 1159 2144 1209 ἀεὶ

561 1251 662 1319 τὴν
691 1250 925 1320 δύναμιν
953 1251 1049 1304 τοῦ
1085 1250 1295 1314 κτίζειν
1319 1251 1414 1304 καὶ
1450 1249 1828 1321 δημιουργεῖνο
1859 1249 2143 1321 ἐνηργήθη

564 1342 674 1411 γὰρ
704 1343 736 1411 ή
765 1342 989 1409 τοιαύτη
1017 1342 1247 1409 δύναμις
1278 1342 1366 1394 ὅτε
1400 1338 1704 1411 ἠϐουλήθη.
1742 1357 1764 1391 ι

638 1434 712 1485 Οὐ
744 1432 964 1502 συνᾴδει
988 1434 1104 1495 τοῖς
1132 1431 1378 1501 Πατράσι
1409 1430 1620 1492 τούτοις
1644 1429 1739 1483 καὶ
1768 1423 1920 1492 οὗτος
1947 1423 2142 1499 οἷσπερ

568 1526 722 1578 αὐτοὶ
751 1524 881 1592 περὶ
909 1522 1016 1576 τῶν
1047 1523 1366 1591 κτισμάτων
1389 1525 1808 1592 ἀποφαίνονται,
1837 1521 2013 1575 ταῦτα
2049 1523 2143 1573 καὶ

567 1615 729 1677 αὐτὸς
756 1616 888 1685 περὶ
920 1617 1020 1684 τῆς
1045 1615 1271 1685 πρόοδου
1295 1612 1387 1666 τοῦ
1412 1615 1570 1681 ἁγίου
1602 1615 1743 1668 Πνεύ
1752 1631 1921 1684 ματος
1944 1613 2140 1681 λέγων.

568 1706 697 1759 Ὅτε
738 1707 869 1774 γὰρ,
920 1706 1354 1776 φησὶ,παράγει
1405 1708 1464 1758 τὸ
1512 1706 1737 1775 Πνεῦμα
1769 1708 1795 1758 ό
1847 1705 2056 1773 Πατὴρ,
2106 1706 2138 1772 ή

566 1800 803 1851 συνοῦσα
844 1800 911 1867 τῇ
961 1797 1121 1869 οὐσίᾳ
1160 1797 1439 1869 βούλησις,
1468 1798 1610 1868 ἀρχὴ
1663 1800 1759 1852 καὶ
1804 1797 2037 1865 δύναμις
2076 1795 2143 1849 δι’

564 1890 846 1959 ἐνεργείας
871 1890 970 1955 τῆς
1004 1888 1297 1959 προϐολῆς,
1334 1890 1366 1961 ἢ
1418 1889 1719 1952 πνεύσεως,
1764 1889 1973 1955 γίνεται
2006 1904 2148 1960 παρ-

564 1982 765 2051 ακτικὴ
814 1982 963 2034 αἰτία
1022 1981 1125 2051 τῆς
1168 1982 1261 2035 τοῦ
1318 1982 1474 2050 ἁγίου
1525 1978 1843 2050 Πνεῦματος
1902 1980 2144 2033 ὑποστά-

566 2091 727 2137 σεως.
796 2073 961 2127 Ἃ).λά
1012 2074 1080 2127 τὰ
1134 2075 1231 2143 μὲν
1273 2073 1525 2125 ἐντεῦθεν
1579 2073 1779 2137 ἄτοπα,
1841 2070 2042 2140 μᾶλλον
2089 2071 2147 2122 δὲ

568 2166 872 2235 βλάσςρημα
896 2166 1032 2218 πᾶσι
1062 2164 1217 2230 δῆλα,
1250 2164 1345 2216 καὶ
1372 2163 1431 2215 οὐ
1455 2164 1536 2215 δεῖ
1570 2161 1910 2228 πολυλογείνο
1936 2159 2148 2238 διχάζει

568 2258 623 2308 δὲ
649 2259 745 2308 καὶ
778 2258 877 2324 τὴν
900 2255 1155 2324 βούλησιν
1186 2255 1322 2307 καθό
1357 2257 1473 2307 ἐστι
1505 2255 1648 2324 ἀρχή
1682 2270 1865 2318 τινων,
1905 2253 1985 2313 εἰς
2020 2253 2150 2305 αύτ-

598 2343 849 2408 εξούσιον
881 2343 1052 2411 αὐτὴν
1073 2341 1268 2395 διελὼν
1298 2343 1393 2395 καὶ
1425 2343 1854 2414 ήναγκασμένην
1883 2343 2028 2406 τινὰ,
2049 2342 2149 2393 οῦκ

572 2429 691 2486 οἶδα
721 2432 881 2486 ποίαν
903 2434 1027 2487 τινὰ
1061 2433 1236 2501 λέγων
1258 2434 1548 2502 ἑκατέραν*
1585 2434 1794 2503 προῖὼν
1830 2435 1935 2501 γάρ
1957 2450 2149 2503 φησιν,

574 2526 687 2594 Οὐχ
730 2526 805 2588 ὡς
841 2525 985 2595 ἀρχὴ
1031 2525 1404 2590 αύτεξούσιος,
1458 2524 1574 2577 ἀλλ’
1613 2524 1687 2586 ὡς
1732 2525 2013 2591 ἀναγκαία
2058 2523 2151 2577 καὶ

573 2618 778 2687 φυσική
802 2633 893 2679 τις⁵
918 2615 1151 2687 δύναμις
1182 2621 1276 2670 καὶ
1303 2617 1467 2687 ἀρχὴ,
1496 2612 1597 2668 εἷτ’
1626 2615 1845 2684 ἐπάγει.

1071 2752 1643 2805 ΔΡΓΥΡΟΠΟΥΛΟΣ.

638 2862 729 2913 Διὸ
761 2862 899 2929 πρὸς
943 2862 1051 2914 τῶν
1102 2860 1502 2929 θεολογούντων
1543 2864 1731 2933 ἀγάπη
1779 2861 1840 2915 τὸ
1883 2861 2027 2915 θεῖον
2061 2861 2153 2913 κέ-

569 2954 768 3025 κληται
800 2954 1046 3026 Πνεῦμα⁸
1078 2956 1180 3025 τῆς
1233 2957 1340 3027 γὰρ
1392 2957 1617 3026 ἀγάπης
1666 2957 1699 3024 ὴ
1745 2956 1979 3024 δύναμις
2028 2953 2152 3024 βού·

568 3045 748 3117 λησις.

1127 3183 1587 3237 ΔΓΛΛΛΙΑΝΟΣ.

552 3314 563 3323 υ
639 3295 837 3359 Καλῶς
878 3296 990 3367 ἄρα
1039 3295 1325 3365 ἐλέγομεν,
1369 3298 1570 3367 μᾶλλον
1598 3299 1655 3351 δὲ
1704 3300 1752 3353 οί
1783 3298 2045 3368 θεολόγοι,
2089 3298 2153 3352 Ἦ

569 3391 709 3460 πρὸς
738 3390 839 3461 τήν
863 3382 1229 3461 δημιουργίαν
1262 3392 1440 3453 κτίσις
1466 3391 1562 3443 τοῦ
1595 3392 1703 3444 τῶν
1725 3392 1861 3447 ὅλων
1892 3393 2028 3446 Θεοῦ
2056 3392 2152 3444 τοῦ

570 3488 835 3555 ἀκινήτου
871 3485 1020 3535 ἐστὶν
1052 3485 1085 3553 ή
1134 3482 1395 3553 βούλησις
1424 3483 1615 3548 αὐτοῦ,
1645 3484 1768 3553 ἥτις
1800 3485 1861 3537 οῦ
1902 3486 2001 3556 μιᾷ
2039 3484 2153 3537 τῶν

571 3578 733 3631 θείων
758 3575 1117 3631 ὑποστάσεων
1145 3574 1477 3646 ἀφώρισται·
1506 3575 1661 3645 κοινή
1687 3576 1796 3645 γάρ
1825 3577 1974 3629 ὲστιν
1999 3577 2156 3648 ἐνέρ-

570 3685 696 3735 γεια
728 3670 825 3721 καὶ
870 3668 970 3736 μία
1007 3666 1241 3734 δύναμις
1283 3669 1314 3735 ή
1359 3665 1755 3735 δημιουργική.
1792 3665 1921 3718 Ἰδοὺ
1954 3666 2062 3734 γὰρ
2093 3666 2155 3719 τὸ

571 3761 712 3813 θεῖον
765 3759 989 3829 Πνεῦμα
1050 3758 1392 3827 κεκλημένον
1450 3759 1714 3828 ἀγάπην,
1748 3756 1980 3827 δύναμιν
2040 3758 2155 3827 ἔχει

570 3854 925 3921 παρακτικὴν
956 3851 1152 3905 ἑαυτοῦ
1186 3852 1286 3921 τήν
1320 3850 1601 3922 βούλησιν’
1642 3854 1740 3905 καὶ
1770 3851 2029 3904 οὐδέποτε
2063 3850 2156 3904 τὸν

573 3943 748 4014 ῥύπον
774 3944 966 3998 τοῦτον
990 3945 1347 4015 ἀπονίψονται
1377 3946 1600 3999 Λατῖνοι
1620 3944 1715 3998 τοῦ
1744 3943 1927 4013 λέγειν
1948 3944 2155 4014 κτίσμα

573 4038 636 4090 τὸ
671 4036 894 4108 Πνεῦμα
918 4036 980 4090 τὸ
1009 4037 1190 4105 ἀγιον,
1222 4039 1347 4091 ἐπεὶ
1376 4039 1470 4090 καὶ
1498 4040 1562 4091 ὲκ
1591 4040 1691 4108 τῆς
1724 4038 2036 4109 βουλήσεως
2060 4037 2154 4090 τοῦ

572 4131 710 4185 Θεοῦ
742 4131 1027 4197 δοξάζουσι
1060 4131 1434 4202 παράγεσθαι.

1077 4266 1653 4320 ΔΡΓΥΡΟΠΟΥΛΟΣ.

646 4380 874 4452 Ξυνᾴδει
913 4381 993 4443 δὲ,
1028 4380 1183 4449 φησὶ,
1215 4380 1286 4432 τά
1333 4378 1608 4448 λεγόμενα
1652 4380 1773 4440 ταῖς
1814 4378 1923 4431 τῶν
1970 4378 2153 4431 θεολο-

2242 535 2367 587 κεφ.
2387 519 2479 572 τοῦ
2503 517 2643 586 Περὶ
2661 517 2902 585 τριάδος
2919 517 3149 588 βιϐλίου,
3163 522 3595 586 Καταγέλαστος,
3608 529 3770 596 φησιν,

2241 610 2276 681 ή
2307 609 2576 679 Εὐνομίου
2606 609 2925 679 διαλεκτικὴ
2973 610 3034 676 ἐξ
3060 606 3122 664 οῦ
3171 614 3217 666 οἰ
3253 612 3569 682 Εὐνομιανοί
3597 617 3769 687 αἰρετι-

2244 699 2334 752 κοὶ
2360 698 2695 769 ἀνεφύησσιν.
2729 700 2825 761 ’ος
2858 699 2935 770 μή
2966 699 3218 771 δυνηθεὶς
3247 700 3458 769 νοῆσαι,
3490 700 3521 771 ἢ
3574 703 3640 772 μὴ
3670 704 3771 772 βου-

2242 788 2431 859 ληθεὶς
2460 789 2771 857 πιστεῦσαι,
2803 790 2897 863 τδν
2930 794 3195 862 μονογενῆ
3227 792 3321 845 τοῦ
3363 792 3493 846 Θεοῦ
3523 794 3694 864 Λόγον,
3717 797 3771 850 δι’

2243 874 2306 933 οὗ
2353 882 2421 934 τὰ
2453 881 2633 936 πάντα
2672 881 2909 949 ἐγένετο,
2941 881 3034 935 τοῦ
3081 883 3218 936 Θεοῦ
3268 884 3397 937 Υίδν
3443 880 3577 937 εῖναι
3621 886 3771 952 φύσει,

2243 972 2528 1026 τουτέστιν
2558 974 2622 1025 ὲκ
2646 974 2746 1047 τῆς
2778 972 2968 1035 οὐσίας
2998 973 3093 1025 τοῦ
3126 974 3338 1044 Πατρός
3370 975 3696 1043 γεννηθέντα,
3722 978 3774 1031 οὐ

2244 1062 2344 1133 τῆς
2371 1064 2588 1132 φύσεως
2614 1063 2645 1131 ἢ
2672 1064 2770 1132 τῆς
2796 1064 2987 1127 οὐσίας
3018 1059 3174 1117 εἶπεν
3206 1059 3348 1117 εἶναι
3374 1065 3518 1129 Υἰὸν,
3548 1066 3668 1137 ἀλλά
3694 1070 3776 1134 τῆς

2247 1154 2523 1225 θελήσεως
2552 1155 2646 1208 τοῦ
2680 1154 2838 1208 Θεοῦ·
2877 1154 3296 1226 συμϐεϐηκυῖαν
3323 1156 3557 1227 δηλονότι
3585 1159 3653 1229 τῷ
3679 1159 3778 1230 Θεῷ

2249 1247 2576 1319 βουλόμενος
2630 1249 2983 1319 μαρτυρῆσαι
3024 1248 3247 1319 θέλησιν
3284 1250 3408 1303 καθ’
3454 1250 3519 1321 ήν
3554 1253 3776 1322 ἐγέννησε

2247 1342 2342 1394 τὸν
2375 1342 2526 1394 Υἱόν.

2322 1431 2442 1493 Πῶς
2474 1426 2566 1484 οὖν
2598 1432 2761 1495 αὐτὸς
2787 1431 2896 1486 τῶν
2946 1434 3245 1504 αίρετικῶν
3293 1437 3602 1504 καταγελῶν
3633 1436 3779 1491 ταῦτα

2245 1521 2536 1589 λεγόντων,
2582 1525 2694 1587 τοῖς
2727 1525 2939 1593 ὁμοίοις
2990 1526 3057 1579 ἂν
3113 1528 3439 1597 περιέπεσεν
3455 1546 3469 1594 ;
3515 1524 3579 1601 ἦν
3608 1530 3702 1598 γάρ
3727 1529 3779 1583 ἀν

2244 1615 2418 1683 δήπου
2449 1616 3083 1684 καταγελαστότερος.“0
3104 1619 3160 1672 δὲ
3186 1619 3336 1687 λέγει
3361 1621 3482 1689 περί
3509 1637 3564 1671 τε
3591 1623 3779 1690 μνήμης

2247 1708 2342 1759 καὶ
2369 1705 2642 1775 θελήσεως
2672 1706 2773 1760 οῦκ
2804 1707 2913 1761 ἀπὸ
2936 1710 3033 1776 τῆς
3064 1710 3288 1781 Γραφῆς
3311 1711 3455 1781 ἔχειν
3476 1712 3777 1775 διατείνεται,

2249 1798 2343 1865 ἀφ’
2376 1798 2567 1852 ἑαυτοῦ
2601 1798 2656 1851 δὲ
2704 1799 2964 1868 συνάγειν
2999 1802 3237 1876 έπιϐόλῳ
3281 1804 3391 1858 τινὶ
3431 1803 3658 1873 λογισμῷ
3692 1802 3780 1857 ἀπὸ

2249 1894 2347 1959 τῆς
2378 1891 2602 1959 κτιττῆς
2652 1892 2861 1956 εἰκόνος
2890 1892 2984 1945 τοῦ
3016 1894 3176 1960 Θεοῦ,
3204 1896 3240 1967 ή
3272 1898 3420 1949 ἐστιν
3447 1896 3475 1949 ό
3515 1895 3778 1965 ἄνθρωπος,

2250 1981 2502 2035 εἰκασίαν
2531 1980 2657 2035 τινὰ
2690 1983 3020 2052 παραδιδοὺς
3050 1986 3143 2038 τοῦ
3177 1987 3437 2040 ἀκτίστου
3466 1984 3596 2039 Θεοῦ
3627 2001 3778 2054 παρα-

2251 2073 2476 2128 κατιὼν.
2525 2074 2613 2126 Ἐν
2644 2074 2754 2147 γὰρ
2785 2076 2863 2146 τῷ
2896 2077 3051 2147 αὐτῷ
3089 2077 3374 2148 κεφαλαίῳ
3394 2072 3558 2145 οὗπερ
3589 2076 3778 2147 ἔναγχος

2251 2166 2632 2236 ἐμνήσθημεν,
2656 2165 2801 2219 οὕτω
2832 2169 3022 2236 φησίν·
3064 2187 3082 2221 ι
3126 2168 3290 2222 Ἀλλά
3318 2171 3447 2241 περὶ
3471 2172 3564 2242 τῆς
3590 2170 3779 2229 κτίσεως

2250 2258 2317 2326 ἢν
2346 2258 2603 2326 ἐποίησεν
2629 2259 2656 2310 ὁ
2688 2257 2843 2322 Θεὸς,
2874 2259 3072 2313 ὁπόσον
3105 2254 3210 2313 οἷοί
3236 2278 3295 2313 τε
3339 2260 3612 2330 γενόμεθα,
3643 2258 3780 2311 ἐδιδά-

2252 2347 2424 2417 ξαμεν
2474 2351 2601 2411 τοὺς
2648 2348 2806 2417 λόγον
2848 2351 2978 2420 περὶ
3022 2351 3130 2405 τῶν
3173 2353 3438 2406 τοιούτων
3485 2350 3781 2421 πραγμάτων

2250 2436 2640 2504 ἀπαιτοῦντας,
2680 2439 2756 2502 ὡς
2782 2439 2853 2492 τὰ
2881 2440 3089 2511 ἀόρατα
3120 2441 3291 2494 αὐτοῦ
3319 2442 3407 2494 διὰ
3450 2442 3554 2495 τῶν
3598 2440 3780 2509 γεγονό-

2250 2548 2360 2585 των
2390 2532 2623 2587 καθόσον
2646 2533 2901 2587 δύνανται
2935 2536 3205 2605 νοούμενα
3248 2536 3509 2607 καθορᾷν,
3544 2535 3629 2588 καὶ
3650 2535 3783 2603 μάλιυ

2253 2640 2357 2676 στα
2397 2623 2487 2676 διὰ
2524 2624 2623 2693 τῆς
2673 2624 2900 2695 λογικῆς
2928 2627 2962 2697 ἢ
3000 2627 3195 2697 νοερᾶς
3232 2628 3484 2691 κτίσεως,
3533 2628 3624 2695 τῆς
3659 2640 3783 2692 γενο-

2256 2715 2425 2785 μένης
2457 2714 2577 2769 κατ⁹
2626 2716 2812 2769 εἰκόνα
2840 2717 2999 2783 Θεοῦ,
3029 2718 3099 2771 δι’
3128 2717 3188 2771 οῦ
3229 2718 3420 2791 ὥσπερ
3453 2717 3518 2771 δι’
3556 2717 3781 2784 ἐσόπτρου

2249 2807 2445 2861 ὁπόσον
2475 2808 2756 2873 δύνανται,
2777 2810 2896 2878 εῐγε
2921 2807 3176 2864 δύνανται
3206 2810 3429 2881 βλέπειν
3454 2810 3541 2863 τὸν
3568 2810 3683 2862 Θεὸν
3703 2807 3782 2876 τὴν

2252 2900 2459 2970 Τριάδα
2492 2901 2548 2954 ὲν
2582 2903 2647 2970 τῇ
2686 2901 2934 2971 ἡμετέρᾳ
2968 2902 3180 2973 μνήμῃ,
3212 2904 3311 2956 καὶ
3337 2904 3404 2973 τῇ
3432 2902 3604 2973 νοήσει
3628 2897 3781 2969 καὶτῇ

2252 2988 2492 3059 θελήσει.
2522 2989 2711 3043 Ταῦτα
2755 2989 2812 3043 δὲ
2846 2993 2911 3043 τὰ
2936 2992 3065 3060 τρία
3100 2992 3157 3043 ὲν
3188 2991 3268 3061 τῷ
3301 2990 3449 3061 αὐτῷ
3474 2990 3552 3045 νοτ
3578 2984 3785 3059 φυσικῶς

2254 3079 2437 3133 θεόθεν
2484 3080 2889 3153 καθεστηκότα,
2940 3080 3174 3146 ἕκαστος
3208 3083 3443 3153 ζωηρῶς
3481 3082 3680 3151 θεωρεῖ,
3711 3079 3786 3132 καὶ

2257 3171 2423 3225 πόσον
2449 3174 2593 3243 μέγα
2615 3175 2763 3226 ἐστὶν
2794 3175 2855 3225 ὲν
2881 3173 3053 3242 αύτῷ,
3083 3173 3217 3228 ἔνθα
3244 3176 3457 3244 πέφυκε
3484 3177 3571 3227 καὶ
3596 3176 3625 3243 ή
3646 3172 3786 3232 ἀΐδιος

2254 3266 2350 3317 καὶ
2383 3266 2789 3337 ἀμετάϐλητοςθ
2810 3267 2967 3322 οὐσία
3004 3268 3468 3337 μνημονεύεσθαι,
3500 3269 3589 3320 καὶ
3625 3265 3786 3336 βλέπε-

2256 3354 2404 3420 σθαι,
2447 3355 2539 3407 καὶ
2584 3354 2999 3425 ὲπιθυμεῖσθαι.
3033 3356 3540 3429 ’Λναμιμνήσκεται
3587 3354 3686 3425 γὰρ
3712 3349 3787 3405 διὰ

2253 3440 2355 3509 τῆς
2396 3441 2642 3511 μνήμης,
2689 3442 2947 3513 βλέπεται
2979 3443 3068 3498 διὰ
3109 3446 3210 3515 τῆς
3256 3447 3520 3517 νοήσεως,
3570 3441 3788 3514 περιϐαλ-

2254 3533 2405 3586 λεται
2437 3534 2525 3587 διά
2554 3537 2652 3604 τῆς
2683 3536 2927 3605 ἀγάπης,
2957 3539 3051 3590 καὶ
3078 3537 3427 3591 παντάπασιν
3458 3539 3684 3608 εὑρίσκει
3708 3530 3790 3602 τῆς

2257 3626 2435 3696 ἄκρας
2461 3626 2691 3695 Τριάδος
2719 3628 2818 3698 τὴν
2843 3628 3078 3683 είκόνα.ι
3108 3631 3217 3682 Καὶ
3240 3629 3400 3695 αῦθις
3423 3633 3480 3684 ἑν
3500 3628 3573 3700 τῷ
3593 3626 3671 3697 κγ’
3687 3641 3791 3693 κεφ.

2266 3734 2284 3766 ι
2320 3717 2427 3769 Καὶ
2475 3719 2584 3787 γὰρ
2633 3718 2729 3769 καὶ
2762 3719 2954 3789 μνήμη
2989 3721 3083 3773 τοῦ
3118 3721 3436 3792 ἀνθρώπου,
3469 3722 3563 3790 κιῆ
3594 3720 3790 3791 μάλιστα

2260 3806 2327 3876 ῆν
2361 3807 2461 3860 οὐκ
2489 3809 2600 3877 ἑχει
2632 3810 2700 3861 τὰ
2728 3812 2921 3879 κτήνη,
2972 3810 3256 3866 τουτέστιν
3307 3812 3435 3867 καθ’
3461 3816 3522 3883 ἢν
3567 3812 3629 3864 τά
3659 3814 3793 3877 νοητι

2262 3900 2569 3969 πράγματα
2627 3900 2769 3953 οὕτω
2821 3903 3163 3972 περιέχεται,
3223 3904 3301 3967 ὡς
3358 3907 3432 3975 μὴ
3479 3904 3606 3973 πρὸς
3652 3904 3792 3965 αὖτὴν

2258 3991 2347 4044 διά
2378 3993 2489 4045 τῶν
2522 3991 2616 4044 τοῦ
2663 3992 2917 4063 σώματος
2951 3996 3265 4065 αἰσθήσεων
3296 3996 3569 4067 ἔρχεσθαι,
3598 3992 3723 4046 κατά
3746 3989 3792 4041 τὸ

2260 4083 2465 4154 μέτρον
2510 4084 2713 4155 ἑαυτῆς
2759 4084 2872 4155 ἔχει
2902 4088 2963 4140 ἑν
2991 4086 3119 4158 τῇδε
3145 4090 3212 4159 τῇ
3246 4088 3354 4159 τῆς
3386 4070 3607 4158 Τρῖάδος
3634 4082 3793 4144 εἰκόνι.

2260 4177 2615 4247 ἀσυγκρίτως
2644 4179 2744 4246 μὲν
2771 4179 3047 4249 ἀνόμοιον,
3069 4182 3219 4251 ὅμως
3244 4183 3303 4236 δὲ
3330 4181 3692 4250 όποιανδήτινα
3717 4170 3794 4227 τοῦ

2264 4269 2476 4340 Ιιατρδς
2506 4269 2825 4341 ὁμοιότητα.
2858 4272 2980 4324 Ἔτι
3006 4272 3063 4325 δὲ
3096 4275 3191 4327 καὶ
3222 4275 3254 4344 ή
3289 4275 3474 4345 νόησις
3499 4273 3589 4327 τοῦ
3619 4266 3795 4339 ἀνθρώ-

2264 4378 2389 4425 που,
2414 4363 2447 4432 ή
2470 4362 2559 4415 διὰ
2577 4364 2678 4433 τῆς
2705 4363 2798 4418 τοῦ
2828 4364 3096 4435 λογισμοῦ
3124 4366 3440 4437 προθέσεως
3462 4363 3656 4417 ἐκεῖθεν
3682 4373 3795 4428 μορ·

574 4446 820 4543 γοῦντων
852 4446 1103 4543 φωναῖς,
1127 4474 1225 4543 οὐχ
1250 4466 1416 4543 ἦττον
1450 4446 1506 4524 δὲ
1548 4473 1662 4533 τοῖς
1707 4471 2018 4541 εἰρημένοις
2051 4470 2155 4523 ὑπὸ
2189 4451 2231 4505 θ
2262 4454 2534 4524 φουμένην
2568 4456 2790 4508 ἐπειδὰν
2828 4457 2857 4509 δ
2906 4458 3238 4525 γινώσκεται
3280 4459 3527 4527 λέγηται.
3561 4453 3650 4508 καί
3686 4446 3796 4521 μηδὲ

575 4568 669 4621 τοῦ
698 4567 848 4638 ἱεροῦ
883 4567 1254 4635 Δύγουστίνου
1280 4569 1337 4617 ἐν
1385 4564 1465 4635 τῷ
1503 4568 1629 4634 περὶ
1680 4565 1911 4634 Τριάδος
1943 4562 2153 4633 βιϐλίῳ,

577 4663 633 4715 ὲν
660 4656 739 4722 οἷς
780 4663 1125 4732 καὶμνήμην
1167 4660 1268 4728 μὲν
1297 4660 1396 4728 τὴν
1429 4661 1777 4731 γεννητικὴν,
1814 4658 2067 4729 βούλησιν
2100 4658 2157 4709 δὲ

578 4754 678 4825 τήν
712 4754 1050 4823 πνευστικὴν
1081 4754 1307 4807 ἐκάλεσε
1339 4752 1592 4822 δύναμιν.

1137 4892 1599 4946 ΑΓΔΛΛΙᾹΝΟΣ.

652 5006 757 5059 Φεῦ
806 5009 905 5076 τῆς
953 5008 1352 5077 συκοφαντίαςί
1392 5010 1502 5061 Καὶ
1537 5011 1682 5072 τίνες
1735 5011 1844 5063 τῶν
1894 5010 2158 5079 θεολόγων

581 5098 681 5163 τάς
713 5101 901 5166 φωνὰς
928 5100 1133 5163 ταύτας
1159 5102 1486 5170 παρέδωκαν
1518 5096 1605 5165 αἷς
1652 5102 1868 5172 συνᾴδει
1903 5103 1970 5155 τὰ
2000 5103 2159 5171 λεγό-

582 5205 759 5260 μενα;
790 5190 978 5255 Οὐδεὶς
1006 5191 1202 5259 δήπου.
1235 5194 1525 5247 Διαϐὰλλει
1560 5193 1669 5263 γὰρ
1713 5194 1809 5246 καὶ
1850 5194 1940 5247 τὸν
1977 5212 2159 5265 μακα-

583 5282 854 5352 ριὼτατον
901 5284 1290 5351 Αύγουστίνον,
1326 5286 1401 5348 ὡς
1445 5285 1708 5354 δυνάμεις
1748 5284 2017 5339 καλοῦντα
2063 5284 2158 5339 τοῦ

579 5376 794 5447 ιῙατρὸς
843 5376 942 5448 τὴν
997 5379 1220 5448 μνήμην
1270 5379 1365 5430 καὶ
1412 5378 1512 5446 τήν
1573 5377 1853 5447 βούλησιν,
1910 5378 2011 5446 τήν
2063 5376 2160 5446 μὲν

576 5471 926 5539 γεννητικὴν,
970 5473 1071 5540 τὴν
1122 5470 1381 5540 βούλησιν
1430 5469 1486 5522 δὲ
1533 5470 1885 5539 πνευστικήν.
1921 5469 1996 5521 Ού
2050 5468 2161 5537 γὰρ

578 5558 810 5630 εὕρηταί
836 5578 935 5616 που
964 5563 1071 5614 τῶν
1095 5561 1262 5614 αὑτοῦ
1290 5564 1765 5633 συγγραμμάτων,
1794 5566 1894 5615 ὸσα
1915 5578 1977 5628 γε
1999 5562 2160 5629 ήμεῖς

462 5668 477 5681 ο
582 5648 762 5716 ἴσμεν,
798 5650 943 5704 οῦτω
974 5651 1150 5707 ταῦτα
1183 5653 1481 5722 λεγόμενα,
1529 5654 1731 5723 μδλλον
1760 5652 1816 5703 δὲ
1854 5650 2161 5703 τούναντίον

583 5738 748 5794 ἅπαν.
781 5742 1007 5812 Συνᾴδει
1039 5746 1150 5817 γάρ
1180 5748 1435 5808 κάκεῖνος
1468 5750 1577 5809 τοῖς
1608 5746 1815 5809 λοιποῖς
1852 5744 2029 5812 ἁγίοις
2059 5743 2155 5813 τῆς

2264 4546 2388 4616 μιᾶς
2409 4545 2676 4616 γλώττης,
2696 4548 2833 4601 ἀλλά
2855 4544 3136 4621 καρδίαςῇ
3162 4549 3341 4616 λόγος,
3368 4549 3482 4619 ἔχει
3500 4550 3556 4603 δν
3572 4550 3634 4616 τῇ
3650 4545 3795 4609 οἰκείᾳ

2263 4638 2474 4707 μεγάλῃ
2524 4639 2871 4708 ἀνομοιότητι
2919 4640 3014 4694 καί
3059 4658 3182 4696 τινα
3230 4642 3525 4711 ὁμοιότητα
3555 4639 3641 4693 τοῦ
3670 4633 3795 4689 Υίοῦ.

2264 4734 2371 4782 hau.
2411 4730 2475 4798 δὴ
2513 4731 2602 4783 καὶ
2654 4732 2689 4798 ἡ
2737 4732 2829 4783 τοῦ
2877 4732 3167 4802 ἀνθρώπου
3222 4735 3413 4803 ἀγάπη
3454 4737 3515 4785 ἐκ
3547 4734 3635 4800 τῆς
3679 4724 3797 4794 γνῶ·

2262 4840 2399 4885 σεως
2432 4823 2696 4892 προϊοῦσα
2727 4826 2821 4876 καὶ
2854 4824 2951 4894 τὴν
2986 4829 3210 4895 μνήμην
3242 4828 3589 4879 συνάπτουσα
3613 4822 3696 4873 καὶ
3718 4820 3796 4884 τὴν

2261 4914 2467 4981 νόησιν,
2503 4915 2577 4977 ὡς
2608 4914 2675 4967 ἂν
2707 4918 2861 4984 κοινῇ
2893 4916 2970 4986 τῷ
3001 4917 3177 4986 Πατρί
3202 4934 3261 4969 τε
3288 4917 3388 4969 καὶ
3410 4915 3486 4987 τῷ
3509 4912 3794 4982 γεννήματιο

2259 5007 2384 5059 ὅθεν
2424 5005 2550 5058 οὔτε
2588 5007 2797 5077 Πατήρ,
2833 5006 2958 5059 οὕτε
2992 5008 3241 5077 γέννημα
3281 5002 3421 5060 εἶναι
3466 5009 3674 5066 νοεῖται,
3705 4999 3796 5066 ἔχει

2263 5103 2319 5151 ἐν
2363 5097 2489 5167 τῇδε
2523 5100 2587 5167 τῇ
2629 5097 2798 5149 εἰκόνι
2850 5099 2898 5148 εἰ
2942 5099 3038 5151 καὶ
3078 5098 3200 5150 λίαν
3241 5097 3493 5166 ἀνόμοιον
3539 5086 3797 5163 ὁμοιότητά

2259 5206 2383 5242 τινα
2410 5189 2502 5241 τοῦ
2534 5190 2691 5255 ἁγίου
2720 5188 3088 5253 Πνεύματος.»
3118 5190 3228 5242 Καὶ
3250 5186 3425 5252 αὖθις·
3455 5206 3473 5239 ι
3504 5186 3630 5256 Περὶ
3653 5178 3796 5239 ατοῦ

2261 5281 2419 5349 ἁγίου
2461 5281 2779 5348 ιίνεύματος
2813 5279 2967 5331 οὐδὲν
2996 5280 3053 5332 ὲν
3083 5279 3217 5348 τῷδε
3255 5280 3333 5349 τῷ
3365 5260 3661 5346 αἰνίγματι,
3682 5272 3797 5336 ὅπερ

2261 5375 2450 5443 ὅμοιον
2474 5373 2541 5426 ἂν
2573 5372 2725 5441 αύτῷ
2757 5371 2967 5441 δοκοίη,
3009 5371 3297 5437 ἀπέδειξα,
3334 5374 3414 5425 ὃτι
3444 5370 3519 5440 μὴ
3546 5368 3637 5437 τὴν
3663 5363 3796 5426 θέλη-

2265 5483 2348 5518 σιν
2387 5465 2568 5534 ἡμῶν,
2604 5465 2636 5534 ἢ
2672 5465 2762 5517 τὸν
2795 5464 2994 5535 ἔρωτα,
3026 5464 3060 5534 ἢ
3096 5464 3194 5535 τὴν
3233 5466 3474 5535 ἀγάπην,
3508 5462 3621 5532 ήτις
3653 5455 3798 5527 ὲῤῥω-

2267 5556 2567 5627 μενεστέρα.
2608 5558 2747 5609 εστὶ
2799 5556 3035 5628 θέλησις.
3078 5577 3101 5613 ι
3147 5560 3258 5613 Καὶ
3303 5560 3358 5611 ὲν
3398 5555 3478 5625 τῷ
3526 5557 3599 5606 κε’
3641 5546 3796 5600 πάλιν·

2271 5670 2288 5701 ι
2321 5651 2363 5702 Τ
2367 5652 2493 5702 οῦτο
2527 5650 2585 5703 τὸ
2619 5651 2794 5721 ὄνομα
2844 5653 2922 5721 τῷ
2962 5652 3246 5722 ιΙνεύματι
3278 5651 3352 5721 τῷ
3389 5648 3529 5717 ἁγίῳ
3574 5637 3793 5713 ἁρμόζειν

2265 5742 2459 5812 ὥσπερ
2490 5745 2580 5797 καί
2609 5745 2640 5811 ή
2687 5744 2877 5814 ἀγάπη
2902 5758 2916 5773 ·
2945 5746 2997 5798 τι
3037 5745 3093 5798 δέ
3131 5747 3280 5807 ἐστιν
3326 5743 3510 5811 ἕτερον
3540 5735 3735 5806 ἀγάπην
3765 5727 3794 5794 ἢ
