4066 6188
308 334 450 400 1029

1392 370 1393 373 η
1418 340 1861 402 REFUTATIO
1899 338 2407 399 ARGYROPULI,

3416 346 3557 409 1030

300 452 398 506 καί
421 448 594 514 οὕτως
620 450 795 523 ἀναζῇ
825 451 1191 523 Σαόἇλλιος,ή
1226 457 1283 507 αἱ
1304 455 1564 524 δυνάμεις
1596 458 1807 509 ἔσονται
1841 459 1874 525 ή
1905 462 1949 517 Α
1976 456 2071 505 τοῦ
2099 455 2434 524 Πνεύματος,
2473 459 2579 508 κάκ
2612 457 2803 507 τούτου
2831 460 2925 509 καὶ
2957 458 3249 527 προδολέα.
3287 458 3428 512 Ἀλλ’
3451 461 3554 514 οὐκ

297 542 447 595 αίτία
471 541 567 596 τοῦ
596 543 756 611 ἁγίου
792 543 1127 614 Πνεύματος,
1161 545 1189 599 6
1217 549 1307 599 καὶ
1340 548 1544 617 χεῖρον.

380 633 545 687 Ἀλλὰ
591 634 684 687 καὶ
715 635 749 704 ή
796 636 1011 706 μηχανὴ
1043 635 1141 689 τοῦ
1184 635 1523 704 σοφίσματος
1570 634 1875 703 καταγέλα-

297 740 447 786 στος.
492 726 688 788 Μόνως
730 726 862 797 γὰρ,
906 728 1096 798 φησὶν,
1134 732 1163 783 6
1214 730 1407 799 Πατήρ
1453 730 1600 782 ἐστιν
1656 732 1714 782 ἐν
1762 730 1876 793 τοῖς

299 814 467 878 θείοις
493 816 521 868 6
571 816 734 885 μόνον
778 817 1069 888 παράγων,
1108 820 1203 872 ἆτε
1239 819 1336 872 τοῦ
1381 818 1514 871 Υίοῦ
1558 817 1679 870 κατ’
1710 818 1874 871 αὑτὸν

295 903 392 957 καὶ
436 904 782 973 παράγοντος
830 906 927 961 καὶ
960 908 1375 978 παραγομένου,
1414 908 1502 962 ἴνα
1546 906 1698 978 δείξῃ
1745 905 1872 967 τοὺς

297 996 551 1066 Πατέρας
594 996 753 1051 τοῦτο
799 996 1164 1063 σκοποῦντας,
1204 999 1430 1052 ἐπειδὰν
1469 999 1690 1066 λέγωσι,
1735 997 1809 1060 ὡς
1844 996 1873 1048 6

297 1088 491 1158 Πατὴρ
514 1089 694 1155 μόνως
719 1088 868 1142 αἰτία
906 1088 1006 1143 καὶ
1043 1089 1180 1160 μόνη
1215 1091 1391 1160 πηγή.
1423 1089 1535 1142 Καὶ
1577 1088 1663 1151 τίς
1699 1087 1875 1151 οὕτως

291 1178 522 1244 ἁπλοῦς,
555 1178 700 1233 ὥστε
744 1179 779 1252 ἢ
824 1179 1099 1251 τοσαύτην
1128 1178 1409 1251 ἁπλότητα
1451 1179 1562 1234 τῶν
1609 1179 1871 1249 Πατέρων

290 1272 661 1341 καταγνῶναι,
692 1273 726 1343 ἢ
778 1274 1006 1329 ἐκείνων
1048 1273 1193 1329 οὕτω
1236 1272 1628 1346 διοριζομένων
1681 1271 1872 1342 σαφῶς

288 1362 471 1418 θέλειν
498 1363 905 1434 ἀμφισϐητείνς

364 1456 430 1509 El
463 1457 571 1526 7&9
620 1457 786 1519 αὐτὸς
843 1454 986 1511 οῐδεν
1033 1457 1117 1512 ὃτι
1166 1460 1230 1512 :6
1280 1458 1571 1512 Δατινικδν
1623 1456 1872 1526 ἐκλείψει

289 1547 692 1618 συμπέρασμα,
720 1548 787 1602 ἂν
818 1549 893 1620 μὴ
922 1550 1195 1620 προστεθῇ
1222 1549 1319 1619 τῷ,
1352 1550 1526 1614 Μόνος
1554 1550 1747 1614 αῐτιος,
1775 1549 1870 1603 καί⁸

291 1640 455 1708 μόνος
488 1641 659 1705 αίτία,
692 1640 910 1707 οὐκοῦν,
954 1642 988 1711 ἢ
1033 1640 1360 1710 ἀγνοοῦντες
1404 1642 1453 1695 οί
1503 1641 1651 1710 ἆγιοι
1689 1642 1869 1710 λέγειν

288 1731 497 1798 καλῶς,
522 1731 775 1800 λέγουσιν
796 1732 971 1786 αἴτιον
1003 1733 1165 1803 μόνον
1188 1733 1282 1787 τὸν
1308 1734 1548 1805 Πατέρα,
1571 1735 1724 1796 ὄντος
1749 1730 1865 1797 πως

1981 546 2029 595 εἰ
2058 548 2467 613 προεπινοεῖται
2497 549 2525 599 6
2572 546 2700 606 Υίδς
2741 545 2834 597 τοῦ
2865 546 3182 614 Πνεῦματος
3215 548 3274 609 ἐξ
3304 550 3556 616 ἀνάγκης

1979 637 2074 688 καὶ
2108 636 2300 699 αἴτιος·
2337 637 2419 706 είη
2452 638 2560 706 γὰρ
2590 638 2656 691 ἂν
2696 636 2842 689 οὕτω
2875 638 2969 688 καὶ
3010 638 3037 688 6
3067 636 3255 705 Πατὴρ
3289 638 3380 688 τοῦ
3418 655 3555 704 προ-

1979 724 2179 787 δολέως
2219 728 2393 789 αἴτιος
2435 728 2951 796 προεπινοούμενος.
2993 727 3050 779 Εί
3089 727 3144 779 δὲ
3178 725 3273 777 καὶ
3308 727 3553 795 ἀμυδρό-

1976 834 2136 886 τερον
2162 819 2337 871 ταῦτα
2364 819 2673 888 διενήνοχεν
2702 820 2759 869 ἐν
2792 819 2992 888 Πατρὶ,
3026 821 3056 888 ἢ
3095 818 3220 880 Υίδς
3252 818 3347 870 καὶ
3384 817 3555 870 Πνεῦ-

1982 923 2058 971 μα
2092 907 2159 957 τὰ
2205 906 2560 975 προαγόμενα
2597 908 2749 959 οὐδὲν
2786 908 3053 977 διαφέρει.
3100 907 3190 959 Ἐν
3236 905 3406 975 ὁποίῳ
3442 907 3552 975 7&9

1976 995 2124 1061 γένει
2151 994 2384 1047 τιθεῖντο
2412 995 2513 1062 τῆς
2544 996 2895 1065 διακρίσεως.
2922 998 2950 1049 6
2980 994 3166 1065 Πατὴρ
3196 995 3345 1048 ἔσται
3377 995 3552 1056 αἴτιος

1973 1084 2071 1137 τοῦ
2105 1084 2414 1154 προσολέως
2448 1083 2505 1137 ἐν
2537 1086 2614 1154 τῷ
2648 1086 2843 1155 Πατρί.
2884 1087 3051 1139 Ἀλλά
3074 1086 3234 1139 τοῦτο
3262 1088 3545 1140 ἀδύνατονο

1972 1176 2174 1231 οὐκοῦν
2223 1177 2345 1230 οὐδὲ
2396 1178 2577 1230 ἐκεῖνο
2634 1178 2958 1245 ἀναγκαῖον.
3015 1178 3080 1229 El
3119 1178 3229 1245 7&9
3282 1181 3311 1231 6
3360 1178 3549 1247 Πατὴρ

1973 1270 2386 1337 προεπινοιτται
2409 1268 2506 1321 τοῦ
2538 1267 2671 1322 Υίοῦ
2698 1269 2776 1333 ὡς
2807 1269 2960 1323 αίτία
2984 1267 3176 1331 αὑτοῦ,
3205 1269 3305 1321 οὐκ
3333 1269 3548 1339 ἀνάγκη

1973 1358 2069 1411 καὶ
2096 1358 2192 1410 τὸν
2225 1357 2355 1412 Υἰὺν
2389 1359 2836 1429 προεπινοεϊσθαι
2866 1360 2959 1414 διά
2988 1361 3091 1430 τὴν
3118 1360 3322 1414 αίτίανσ
3354 1360 3417 1414 ού
3443 1360 3550 1431 7&9

1971 1448 2087 1501 ἐστι
2116 1466 2200 1513 τις
2230 1452 2501 1522 ἀνάγκηή
2537 1451 2697 1506 τοῦτο
2736 1454 2987 1508 ποιοῦσαι
3021 1454 3070 1506 εί
3107 1452 3217 1524 7&9
3254 1448 3340 1525 ἦν,
3375 1452 3550 1522 ἐγνω·

1973 1556 2071 1593 σαν
2100 1539 2169 1594 ἀν
2198 1542 2367 1610 αὐτὴν
2396 1544 2445 1595 oi
2484 1543 2653 1597 πάλαι
2684 1543 2945 1611 θεολόγοι.

2043 1634 2153 1687 Καὶ
2183 1633 2342 1703 δῆλον
2369 1635 2478 1689 άπὸ
2507 1634 2602 1688 τοῦ
2633 1636 2783 1706 ἱεροῦ
2814 1638 3098 1691 Βασιλείου
3128 1636 3380 1705 λέγοντος
3412 1645 3546 1709 περὶ

1972 1727 2071 1795 μὲν
2097 1726 2191 1779 τοῦ
2224 1726 2358 1781 Υίοῦ
2387 1729 2520 1799 1:96;
2545 1730 2638 1782 τὸν
2672 1730 2912 1800 Πατέρα,
2950 1732 3072 1793 Πῶς
3101 1732 3167 1785 ἂν
3215 1749 3549 1804 προεπινοη-

288 1821 471 1877 αίτίου
518 1824 613 1877 καὶ
646 1824 740 1877 τοῦ
775 1824 908 1879 Υίοῦ
939 1802 1013 1878 ἐν
1043 1829 1112 1897 τῇ
1147 1826 1362 1895 θεότητι
1406 1802 1573 1893 ἔνδον,
1608 1828 1640 1897 ἢ
1689 1828 1738 1880 εί
1789 1827 1865 1896 μὴ
1899 1802 1937 1856 Β
1966 1805 2081 1887 θείη
2117 1821 2146 1872 6
2175 1819 2300 1883 Υἱὸς
2332 1819 2433 1888 τῆς
2460 1820 2598 1882 ἶδίας
2633 1822 2854 1887 αίτίαςς
2893 1822 3023 1893 περὶ
3055 1822 3111 1875 δὲ
3156 1824 3251 1876 τοῦ
3287 1802 3545 1895 Πνεύμαή-

285 1913 538 1980 ἠγνόουν,
589 1914 726 1983 ὅπερ
774 1909 919 1968 οἶδεν
964 1915 1148 1978 αὐτὸς,
1196 1917 1460 1984 σιγῶντες
1508 1918 1649 1986 ὅπερ
1698 1916 1862 1978 αύτδς

286 2003 636 2073 προστίθησι,
675 2004 755 2075 τῷ
802 2006 1081 2077 Δατινικῷ
1122 2011 1556 2081 συμπεράσματι
1604 2009 1699 2062 καὶ
1737 2008 1860 2061 κατ’

285 2093 453 2147 αὐτὸν
484 2095 743 2164 μάχεται.
1339 2166 1349 2173 ,
1438 2167 1446 2177 ,

357 2178 496 2240 Εἶτα
537 2186 631 2240 καὶ
675 2187 835 2256 λόγον
884 2188 953 2242 ἂν
998 2184 1143 2258 εἶχεν
1170 2192 1204 2259 ή
1235 2189 1522 2262 προσθήκη
1564 2190 1659 2244 τοῦ
1697 2191 1857 2260 μόνου

282 2276 428 2343 τινὰ,
468 2277 522 2330 ετ
546 2294 630 2341 τις
659 2274 730 2350 ἦν
772 2282 800 2333 6
837 2280 1013 2348 λέγων
1056 2281 1147 2335 τὸν
1180 2281 1310 2337 Υίὸν
1339 2282 1660 2354 παράγοντα
1694 2279 1856 2344 εἶναι,

280 2367 381 2420 καὶ
406 2371 815 2439 παραγόμενον,
848 2372 941 2425 καὶ
966 2372 1151 2427 αἰτίαν
1190 2373 1284 2427 καὶ
1312 2375 1575 2438 αίτιατδν,
1596 2374 1639 2447 ﬁ
1672 2390 1724 2426 τι
1747 2390 1859 2427 τοι·

279 2459 465 2515 οῦτον.
513 2461 628 2515 Νῦν
667 2461 726 2516 δι
759 2463 991 2534 μηδενὸς
1034 2466 1192 2519 τοῦτο
1224 2466 1505 2536 λέγοντος,
1540 2467 1656 2529 πῶς
1684 2466 1859 2539 τολμᾷ

279 2544 638 2617 προσθήκαις
669 2550 933 2620 ἀρρήτοις
976 2552 1069 2605 τὸν
1091 2554 1331 2625 φανερὸν
1371 2554 1498 2609 νοῦν
1546 2556 1856 2625 μεταπλάτ-

277 2652 397 2691 τείν
422 2638 531 2692 τῶν
560 2643 845 2712 πατρικῶν
871 2644 1116 2716 ῥήσεωνς

784 2754 1351 2814 ΑΡΓΥΡΟΠΟΥΛΟΣ.

349 2861 588 2932 θανερὸν
616 2861 673 2915 δέ
703 2882 838 2936 φησι
869 2866 951 2921 ὅτι
985 2870 1043 2923 αί
1083 2872 1375 2942 εἰρημέναι
1407 2872 1500 2927 δύο
1530 2874 1788 2945 δυνάμεις
1817 2877 1850 2944 ή

275 2954 404 3007 θεία
445 2956 604 3009 ούσία
649 2958 868 3022 πάντως
917 2961 1056 3027 ἐστὶ,
1108 2966 1202 3016 καὶ
1250 2966 1318 3018 τά
1360 2966 1726 3037 ἀποδιδόμενα
1770 2967 1850 3038 τῷ

271 3042 421 3113 Θεῷ,
452 3045 579 3108 νοῦς
608 3062 667 3098 τε
698 3048 793 3100 καὶ
820 3048 1095 3121 βούλησις.
1125 3051 1269 3116 Νοῦς
1300 3052 1356 3105 δέ
1387 3053 1494 3124 ἄρα
1523 3058 1617 3108 καὶ
1648 3055 1849 3126 βούλη-

275 3150 365 3196 σις
396 3133 757 3206 τελειότητες.

836 3254 1184 3313 ΑΓΔΛΛΙΑΝ
1190 3260 1294 3314 ΟΣ.

347 3362 458 3415 Καὶ
502 3363 666 3418 πόθεν
709 3366 826 3421 ἐστὶ
862 3369 1119 3439 φανερὸν,
1151 3373 1243 3426 καὶ
1292 3373 1375 3437 τίς
1423 3375 1532 3427 τῶν
1586 3376 1853 3446 θεολόγων

271 3452 448 3505 ταῦτα
476 3456 799 3525 ἐτύπωσενς
844 3459 1006 3513 Ἀλλά
1036 3464 1130 3515 καὶ
1172 3463 1329 3519 τοῦτο
1378 3466 1437 3519 τὸ
1488 3469 1652 3537 μέρος
1701 3472 1851 3538 ἐλέγ-

273 3560 409 3612 χειν,
439 3544 628 3617 ἐπειδὴ
655 3550 751 3602 καὶ
777 3549 944 3619 ἄλλης
972 3553 1207 3608 ἅπτεται
1232 3560 1639 3627 πραγματείας,
1668 3562 1848 3616 ὲάσθω

269 3636 332 3689 τό
357 3653 431 3705 γε,
448 3637 566 3695 νῦν⁹
596 3639 664 3693 τὰ
687 3641 731 3693 δ’
754 3641 1005 3697 ἐντεῦθεν
1037 3645 1425 3717 θεωρήσωμεν.

774 3754 1344 3813 ΔΡΓΥΡΟΠΟΥΛΟΣ.

346 3868 505 3920 Δυοῒν
548 3867 609 3921 δὲ
661 3869 841 3923 δντοιν
888 3873 1002 3926 τοῖν
1058 3876 1469 3944 παραγομένοιν
1528 3878 1844 3945 προσώποιν

273 3958 406 4012 Υίοῦ
436 3977 497 4012 τε
545 3960 643 4014 καὶ
677 3962 821 4016 θείου
873 3963 1213 4034 Πνεύματος,
1253 3970 1281 4021 6
1333 3969 1433 4037 μὲν
1479 3970 1730 4040 πρόεισιν
1781 3972 1844 4024 ἐκ

267 4048 367 4103 τοῦ
397 4052 614 4118 Πατρὸς
645 4047 679 4126 ᾗ
710 4055 918 4129 Πατὴρ,
953 4056 1037 4109 διὸ
1069 4058 1163 4110 καὶ
1211 4060 1347 4127 πρὸς
1383 4061 1547 4114 αὐτὸν
1581 4063 1846 4132 ἀναφέρε-

268 4155 363 4193 ται
396 4143 462 4210 τῇ
496 4142 727 4212 υίότητι*
760 4144 891 4206 Υίὺς
914 4146 1021 4217 γάρ
1045 4148 1284 4217 Πατρός,
1312 4149 1501 4220 ὥσπερ
1528 4153 1623 4204 καὶ
1658 4154 1845 4224 Πατὴρ

228 4280 237 4289 ,
270 4233 300 4283 6
331 4232 521 4303 Πατὴρ
556 4234 687 4288 Υίοῦ
721 4236 961 4305 λέγεται.
992 4239 1065 4290 Τὸ
1098 4239 1143 4291 δ’
1174 4240 1437 4295 αῦιπάλιν
1468 4244 1529 4293 ἐκ
1552 4243 1647 4294 τοῦ
1680 4244 1842 4297 αὐτοῦ

269 4320 483 4390 Πατρδς
508 4324 891 4393 ἐκπορεύεται,
918 4327 1016 4397 οὐχ
1043 4322 1077 4402 ᾖ
1106 4329 1314 4400 Πατὴρ,
1341 4332 1455 4385 ἀλλ’
1545 4333 1842 4401 προδολεὺς

263 4409 436 4479 δήπου
468 4413 561 4465 καὶ
591 4416 912 4482 προδάλλων
933 4420 1030 4470 καὶ
1057 4420 1254 4485 πνέων,
1282 4422 1376 4474 καὶ
1396 4422 1497 4475 ὅσα
1521 4424 1618 4492 τῆς
1646 4422 1841 4493 ὁμοίας

261 4499 396 4555 ὄντα
420 4504 685 4572 τυγχάνει
720 4506 1023 4576 δυνάμεως.

817 4618 1277 4677 ΔΓΑΔΛΙΑΝΟΣ.

348 4722 568 4797 Ἐπειδὴ
599 4727 675 4791 ῶς
718 4730 777 4782 ἐν
824 4732 1165 4801 πορίσματος
1208 4735 1382 4802 τάξει,
1437 4738 1613 4791 καίτοι
1661 4739 1836 4811 μηδα-

262 4820 369 4891 μοῦ
402 4829 669 4892 πρότερον
704 4831 1192 4899 συμπερανάμενος
1214 4834 1310 4897 τὰς
1346 4834 1454 4888 τῶν
1486 4836 1833 4905 Χριστιανῶν

256 4914 436 4982 ἀρχάς
488 4915 724 4980 τέθεικε,
786 4921 881 4972 xal
930 4923 1136 4987 ταύτας
1192 4927 1314 4995 μεθ’
1367 4928 1684 4998 ύπαλλαγῆς
1736 4931 1833 4983 καὶ

259 5007 583 5076 προσθήκης
615 5012 755 5064 κατὰ
790 5013 852 5064 τὸ
895 5018 1180 5086 συμφέρον
1230 5018 1382 5085 αὐτὸ,
1419 5020 1452 5089 ἢ
1495 5022 1553 5075 τό
1599 5038 1660 5090 γε
1701 5023 1833 5093 ἁλη-

258 5095 519 5166 θέστερον
549 5099 739 5167 φάναι,
767 5102 862 5155 ἐπὶ
886 5104 1062 5180 βλάϐῃ
1096 5110 1160 5177 τῇ
1201 5110 1443 5181 σφετέρᾳ
1472 5112 1830 5183 προσλαμϐά-

256 5204 359 5251 νει,
387 5188 471 5241 ὃτι
499 5192 527 5243 6
562 5191 661 5262 μὲν
697 5192 825 5257 Υίὸς
864 5197 1109 5267 πρόεισιν
1156 5202 1217 5254 ὲκ
1272 5202 1507 5271 Πατρὸς,
1638 5206 1828 5278 Πατὴρ

256 5280 484 5345 ἐκεῖνος,
515 5284 576 5336 τὺ
600 5284 656 5339 δὲ
692 5287 918 5358 Πνεῦμα
950 5292 1306 5361 ἐκπιρεύεται
1334 5297 1398 5348 ὲκ
1428 5295 1519 5348 τοῦ
1554 5298 1766 5369 Πατρός

256 5369 557 5439 προὸολεὺς
593 5378 820 5444 ἐκεῖνος,
862 5381 916 5432 εί
960 5384 1053 5434 καὶ
1098 5385 1260 5447 αὐτὸς
1307 5386 1546 5455 ἀφελῶς,
1597 5390 1712 5442 ἀλλ’
1744 5369 1826 5445 ὅτι

253 5464 320 5528 τῇ
344 5460 484 5529 λέξει
509 5467 676 5537 δηλοῖ,
698 5472 895 5540 πάσχει
916 5470 972 5524 δὲ
998 5473 1219 5528 τοιαῦτα
1244 5477 1413 5547 μυρία
1432 5482 1491 5532 ὲν
1511 5483 1620 5543 τοῖς
1645 5482 1826 5551 λόγοις

254 5566 486 5618 τούτοις.

324 5642 461 5697 Εἶτα
493 5648 686 5719 ἐπάγει
720 5652 803 5706 ὅτι
833 5655 861 5707 6
894 5655 1082 5727 Πατὴρ
1117 5663 1529 5727 προεπινοείται
1563 5665 1656 5717 τοῦ
1688 5683 1821 5737 προ-

252 5735 471 5807 ϐολέως,
506 5741 588 5796 ivx
636 5746 729 5799 καὶ
769 5746 860 5801 τὸν
895 5748 1024 5806 Υίὸν
1075 5754 1611 5825 προεπινοησόμενον
1667 5735 1818 5831 δεέξῃ

304 5976 341 6009 ρ

1966 1926 2058 1971 τος
2094 1908 2231 1978 πρὸς
2259 1908 2351 1961 τὸν
2378 1908 2527 1975 Υἱὸν,
2556 1910 2616 1963 ού
2645 1910 2735 1964 τὸν
2777 1910 2942 1963 αὐτὸν
2972 1912 3324 1977 ἀποδιδόντος
3357 1912 3543 1981 λόγον.

1968 2001 2029 2053 Εἰ
2056 2001 2164 2068 7&9
2197 2001 2416 2071 ἐφρόνει
2462 2000 2643 2065 τοῦτο,
2673 2002 2778 2055 κᾶν
2816 2002 3023 2071 ἔλεγεν.
3069 2004 3232 2059 Ἀλλά
3266 2007 3319 2059 τί
3364 2022 3537 2075 φησι;

1969 2092 2090 2156 Πῶς
2124 2093 2190 2146 ἂν
2228 2092 2552 2163 διατμηθείη
2590 2095 2622 2163 ἠ
2660 2094 2864 2165 άμεσος
2894 2096 3083 2165 σχέσις
3114 2096 3211 2150 τοῦ
3240 2096 3370 2151 Υίοῦ
3402 2100 3543 2169 πρὶς

1964 2187 2055 2237 τὸν
2085 2185 2341 2252 Πατέρας
2378 2187 2487 2239 Καὶ
2517 2186 2677 2249 αὖθις
2709 2190 2768 2240 ἐν
2796 2190 2862 2259 τῇ
2903 2190 3044 2259 Πρὸς
3076 2190 3176 2251 τὰς
3227 2192 3539 2254 κανονικάςο

1976 2272 2116 2326 Ἀλλ’
2161 2274 2283 2327 οὐδὲ
2327 2274 2421 2328 τοῦ
2481 2276 2825 2343 Μονογενοῦς
2881 2277 3148 2347 πρότερον
3199 2279 3259 2333 τὸ
3310 2280 3541 2351 Πνεῦμα

1963 2365 2202 2435 δηλονότι
2225 2367 2285 2418 :6
2308 2366 2484 2435 ἆγιονο
2519 2368 2670 2421 οὐδὲν
2688 2367 2795 2439 7&9
2827 2369 2996 2437 μέσον
3024 2369 3156 2423 Υίοῦ
3182 2371 3275 2424 καὶ
3298 2372 3537 2442 Πατρός.

1966 2459 2073 2511 Καὶ
2123 2458 2152 2510 6
2193 2457 2445 2526 θεολόγος
2498 2459 2817 2532 Γρηγόριος,
2857 2448 3128 2525 ’δεδοικὼς
3175 2462 3268 2518 :6v
3316 2465 3539 2535 Πατέρα

1963 2548 2309 2618 προτιμῆσαι
2364 2548 2457 2602 τοῦ
2507 2550 2637 2604 Υίοῦ
2687 2552 2774 2606 διὰ
2826 2552 2925 2623 τὴν
2980 2553 3177 2625 ἀρχὴν,
3234 2554 3312 2626 μή
3362 2556 3540 2627 ἀρχὴν

1962 2641 2121 2693 αὑτὸν
2148 2642 2455 2695 ἐλαττόνων
2502 2643 2775 2714 ἀποφήνῃ,
2824 2646 3044 2713 ἐπάγει·
3103 2664 3122 2697 ι
3168 2646 3337 2714 Θέλω,
3377 2649 3534 2719 φησὶ,

1961 2734 2054 2784 τὸν
2087 2733 2214 2785 Υίὸν
2243 2733 2583 2803 προτιμῆσαι
2606 2734 2700 2788 τοῦ
2734 2735 3049 2806 Πνεύματος
3072 2736 3147 2801 ὡς
3179 2739 3321 2804 Υίὸν,
3346 2742 3410 2796 ού
3436 2743 3539 2813 μὲν

1959 2822 2054 2877 οῦν
2080 2822 2154 2886 ῶς
2189 2824 2364 2894 ἀρχὴν
2391 2828 2482 2878 καὶ
2513 2825 2698 2880 αὐτόν.
2729 2826 2795 2879 Τί
2821 2830 2929 2900 γὰρ
2967 2830 3207 2885 ἐκώλυεν
3239 2834 3286 2885 εί
3317 2834 3538 2904 ἐφρόνει

1962 2914 2123 2968 τοῦτο
2153 2917 2348 2979 είπεῖν,
2377 2918 2452 2979 ὼς
2483 2918 2657 2989 ἀρχὴν
2688 2920 2784 2973 καὶ
2812 2921 2975 2973 αὐτὸν
3007 2923 3151 2991 μετά
3190 2923 3285 2977 τοῦ
3320 2928 3537 2998 Ila-:96;

1960 3008 2054 3060 καὶ
2076 3007 2176 3061 οὐκ
2200 3008 2446 3079 ἐδιδάχθη
2465 3010 2624 3063 τοῦτο
2642 3013 2792 3083 παρὰ
2814 3012 2909 3067 τοῦ
2928 3016 3165 3087 Πατρός;
3183 3016 3347 3073 Ὅθεν
3372 3019 3463 3090 δῆ)
3475 3036 3536 3074 ον

1881 3131 1926 3189 C
1959 3099 2041 3150 ὅτι
2080 3098 2201 3151 οὔτε
2234 3102 2410 3153 αἴτιον
2440 3099 2712 3173 ἐφρόνουν
2741 3108 2789 3159 οἱ
2828 3107 3065 3177 θεολόγοι
3094 3112 3187 3166 τὸν
3222 3111 3372 3177 Υίδν,
3412 3113 3535 3169 οὐδὲ

1961 3190 2047 3242 διὰ
2075 3191 2234 3245 τοῦτο
2266 3193 2520 3259 ἐδόξαζον
2551 3201 3023 3266 προεκφωνείσθαι
3054 3202 3220 3257 αὐτὸν
3240 3204 3335 3258 τοῦ
3360 3206 3537 3261 Πνεύ-

1961 3296 2150 3350 ματος.

2042 3374 2194 3427 Ἐπεὶ
2230 3376 2275 3429 δ’
2301 3378 2655 3448 ἀμωσγέπως
2684 3382 2842 3448 τάξιν
2872 3384 2980 3440 ἔδει
3019 3390 3144 3442 τινὰ
3170 3391 3230 3444 ὲν
3256 3396 3322 3465 τῇ
3355 3397 3537 3465 ἐκφω-

1959 3470 2111 3538 νήσει
2146 3471 2253 3523 τῶν
2288 3471 2447 3524 θείων
2498 3475 2783 3543 ὀνομάτων
2828 3471 2995 3543 εἶναι,
3036 3481 3239 3549 μᾶλλον
3278 3484 3425 3548 εἰκὸς
3464 3482 3535 3558 ἦν

1953 3563 2044 3614 τὸν
2088 3562 2217 3615 Υίὸν
2264 3564 2357 3617 τοῦ
2398 3566 2717 3635 Πνεύματος
2762 3572 3151 3642 προτετάχθαι,
3185 3574 3253 3626 δι’
3285 3575 3423 3630 ἀλλα
3469 3595 3531 3632 τε

1953 3654 2145 3719 πολλὰ,
2183 3658 2277 3709 καὶ
2304 3658 2392 3711 διὰ
2420 3659 2480 3711 :6
2510 3659 2606 3730 τὴν
2637 3660 2822 3730 κοινὴν
2847 3664 3023 3732 ἀρχὴν
3058 3664 3240 3719 αὐτῶν
3278 3667 3357 3739 τῷ
3390 3669 3531 3740 πρὸς

1952 3747 2045 3798 τὸν
2076 3747 2204 3800 Υίὺν
2232 3749 2729 3822 ἀνταναιρερομένῳ
2764 3757 3247 3826 προσηγορεῦσθαι
3278 3762 3526 3832 ὀνόματι,

1948 3838 2025 3903 τῷ
2053 3838 2310 3907 πατρικῷ
2341 3840 2603 3906 δηλονότι.
2644 3842 2755 3894 Καὶ
2800 3844 2957 3911 δῆλον
2985 3848 3049 3897 ἐκ
3080 3849 3186 3900 τῶν
3229 3852 3421 3919 ἁγίων,
3454 3854 3532 3917 ὡς

1950 3929 2076 3981 Υίὸν
2106 3930 2393 3996 λεγόντων,
2429 3932 2523 3983 κα).
2563 3932 2713 3984 οὐδὲν
2762 3934 2928 4000 μέσον
2972 3937 3103 3990 Υίοῦ
3140 3940 3235 3991 καὶ
3287 3943 3524 4013 Πατρός,

1952 4020 2049 4074 καὶ
2080 4021 2148 4073 τὰ
2180 4019 2424 4085 τοιαῦτα,
2450 4021 2521 4086 ὡς
2556 4023 2729 4076 αἴτιον
2768 4024 2826 4077 δὲ
2863 4027 3136 4097 οὐδαμῶς·
3170 4031 3231 4083 οὐ
3272 4034 3384 4104 γὰρ
3410 4035 3529 4090 ἐδό.

1947 4128 2034 4163 κει
2067 4114 2182 4175 τοῖς
2227 4112 2403 4180 ἁγίοις
2448 4114 2630 4179 τοῦτο,
2661 4117 2863 4181 πάντες
2913 4119 2971 4172 δὲ
3019 4121 3096 4191 τῷ
3149 4123 3323 4194 Πατρὶ
3375 4127 3524 4197 μόνῳ

1945 4204 2095 4256 τουτὶ
2129 4206 2528 4275 μαρτυροῦσιν.

2400 4300 3012 4380 «ΑΡΓΥΡΟΠΟΥΛΟΣ.

2026 4430 2114 4493 Ὠς
2143 4432 2273 4498 γοῦν
2304 4432 2399 4485 τοῦ
2450 4438 2759 4505 προϐολέως
2788 4442 2816 4491 6
2849 4442 3044 4514 Πατὴρ
3089 4452 3519 4520 προεπινοεϊται,

1867 4494 1918 4555 D
1944 4523 2085 4581 κατά
2118 4494 2217 4591 μὲν
2250 4526 2309 4578 τὸ
2340 4494 2509 4580 ἀΐδιον
2540 4528 2624 4594 οὒ,
2659 4494 2776 4601 ἅμα
2810 4535 2918 4605 7&9
2950 4494 3071 4589 κατ’

1938 4633 1997 4668 τε
2030 4617 2124 4668 καὶ
2169 4619 2469 4686 προδολεὺς
2514 4625 2821 4689 συναῐδίως,
2865 4628 3111 4693 τοιοῦτος
3138 4629 3237 4696 ὢν,
3291 4636 3431 4688 κατά
3456 4639 3516 4692 δὲ

1936 4709 1999 4759 τὸ
2032 4708 2292 4762 δύνασθαι
2341 4713 2435 4764 καὶ
2470 4716 2760 4783 προάγειν,
2800 4721 3071 4792 πρότερον
3104 4725 3214 4793 γὰρ
3250 4728 3341 4779 τὸν
3385 4729 3513 4784 λ’ίὸν

1939 4794 2177 4889 παράγει
2208 4796 2304 4849 τοῦ
2340 4798 2658 4869 Πνεύματος
2683 4805 2781 4876 ἤδη
2817 4811 3113 4879 νοούμενος
3140 4814 3514 4889 ὑφεστηκέναι

1937 4888 2001 4955 τῇ
2046 4888 2180 4955 πρὸς
2202 4891 2290 4942 τὸν
2324 4891 2452 4944 Υίὸν
2488 4894 2711 4965 ἰδιότητι
2760 4902 2825 4968 τῇ
2873 4906 3200 4975 πατρότητιο
3237 4908 3380 4965 οὕτω
3415 4917 3513 4968 καὶ

1934 4979 1962 5029 6
1997 4979 2122 5043 Υίὸς
2161 4979 2228 5035 αὖ
2266 4986 2431 5037 πάλιν
2466 4995 2874 5056 πρνιεπινοεῖται
2906 4999 2998 5049 τοῦ
3045 5001 3409 5081 Πνεύματος..

2493 5101 2929 5159 ΑΓΔΛΛΙΔΝΟΣ
2942 5142 2955 5157 .

2005 5209 2114 5260 Καὶ
2159 5209 2269 5263 ἀπὸ
2312 5212 2471 5275 ποίας
2501 5216 2749 5285 ἀνάγκης
2796 5219 3054 5295 ἐφάνη,ἢ
3093 5227 3180 5280 διὰ
3227 5229 3369 5293 τίνος
3397 5232 3509 5285 τῶν

1933 5300 2203 5370 θεολόγων
2233 5303 2530 5377 ἀπεδείχθη
2559 5310 2639 5361 ὅτι
2684 5312 2712 5362 6
2748 5312 2936 5385 Πατὴρ
2969 5323 3373 5386 προεπινοεῖται
3409 5324 3506 5376 τοῦ

1933 5393 2279 5463 προὸολέωςς
2330 5396 2391 5450 Εί
2436 5399 2492 5450 δέ
2541 5401 2675 5455 διότι
2725 5404 2753 5455 6
2802 5405 2925 5467 Υἱὸς
2976 5408 3070 5460 τοῦ
3123 5411 3508 5482 προϐλήματος

1935 5490 2363 5555 προεπινοείται,
2420 5491 2469 5542 εἰ
2529 5494 2664 5563 μηδὲ
2718 5496 2747 5547 6
2814 5497 2939 5560 Υἱὸς
2992 5507 3392 5568 προεπινοείται
3446 5508 3506 5574 ἐξ

1929 5578 2175 5648 ἀνάγκης
2198 5576 2274 5643 ὥς
2304 5583 2502 5647 αἴτιος,
2530 5588 2644 5648 πῶς
2680 5588 2743 5640 ἐκ
2769 5589 2861 5640 τοῦ
2897 5589 2989 5641 τὸν
3016 5593 3317 5665 γεννήτορά
3340 5614 3507 5668 προε-

1928 5671 2237 5725 πινοεῖσθαι
2292 5673 2387 5726 τοῦ
2440 5677 2751 5746 προϐολέως
2786 5678 2846 5742 ἐξ
2883 5680 3130 5753 ἀνάγκης
3171 5685 3264 5741 τοῦ
3307 5673 3519 5761 γεννήέη

1928 5779 2099 5832 ματος
2132 5766 2160 5819 6
2203 5766 2331 5832 Υίὸς
2371 5768 2524 5825 ἔσται
2569 5772 2776 5840 αίτιος;
2813 5773 3021 5831 Τούτου
3068 5781 3177 5849 γὰρ
3211 5782 3374 5842 ἕνεκα
3405 5788 3506 5852 τὴν
