4066 6188
569 362 704 422 ωσι

1757 353 2155 413 THEODORI
2198 353 2620 416 AGALLIANI

3692 360 3829 425 1032

569 472 662 524 106
708 469 1037 536 γεννήτορος
1088 466 1222 534 πρὸς
1273 455 1367 517 τὸν
1407 464 1676 533 προϐολέα
1711 464 1866 530 τάξιν
1901 469 2144 534 προῡπο-
2177 470 2219 527 Α
2250 465 2521 537 φλυαρίας
2567 466 2885 532 ἐξώκειλαν,
2922 469 3045 532 Πῶς
3074 469 3130 522 δὲ
3177 468 3271 523 καὶ
3303 469 3401 521 οὐκ
3446 470 3602 524 ἄνοια
3654 476 3822 545 πολλή

566 561 804 626 τίθησιν,
834 559 928 607 καὶ
962 559 1009 606 εἰ
1048 560 1124 622 μὴ
1157 552 1271 605 οἷόν
1320 555 1377 605 τὲ
1428 556 1599 619 ἐστιν,
1630 554 1662 624 ἦ
1701 556 1828 624 μίαν
1863 552 2003 607 εἶναι
2042 555 2143 623 τὴν

570 646 910 718 προακτικὴν
942 645 1172 713 δύναμιν
1213 647 1270 697 ἐν
1304 647 1502 717 Πατρὶ,
1534 648 1565 715 ἢ
1601 646 1659 698 ἓν
1692 643 1834 699 εἶναι
1886 648 1977 699 τὸν
2016 665 2141 715 γεν-

549 741 768 809 νήτορα
823 739 918 791 καὶ
957 736 1232 806 προϐολέα
1287 739 1376 791 διὰ
1425 738 1486 790 τὸ
1540 738 1988 806 προεπινοείσθαι
2043 742 2142 808 τὴν

562 833 795 901 δύναμιν
844 831 945 899 τῆς
987 829 1295 897 δυνάμεως,
1326 830 1392 881 ἵν’
1425 830 1681 882 ἐντεῦθεν
1708 832 1802 882 καὶ
1837 832 1868 900 ἡ
1911 833 2141 900 προεπε-

562 942 681 977 νοια
726 923 835 975 τῶν
880 923 1186 994 προϊόντων
1236 921 1543 989 προσώπων
1576 920 1922 992 ἀκολουθήσῃ
1973 923 2068 975 καὶ
2105 925 2145 993 ἦ

562 1018 715 1081 τάξις
747 1018 779 1084 ἡ
828 1015 886 1066 ὲν
918 1015 1122 1077 αὐτοῖς,
1179 1014 1297 1075 πῶς
1344 1014 1371 1064 6
1432 1013 1623 1079 Πατὴρ
1672 1015 1829 1066 καὶὸ
1864 1014 1990 1077 Υἱὸς
2044 1016 2141 1075 μία

562 1109 717 1160 ἐσται
754 1106 896 1176 ἀρχὴ
943 1106 1037 1159 τοῦ
1087 1105 1428 1174 Πνεὺματος,
1472 1106 1527 1155 ἐν
1576 1098 1656 1164 οἷς
1704 1106 1765 1157 16
1813 1106 2142 1175 προϐάλλειν

563 1203 658 1255 καὶ
685 1203 719 1271 ἡ
755 1201 900 1269 ἁρχὴ
931 1201 1025 1252 καὶ
1052 1200 1118 1252 τὰ
1144 1198 1392 1263 τοιαῦτα,
1429 1199 1496 1251 τά
1538 1200 1636 1266 μὲν
1668 1198 1762 1252 106
1792 1202 2140 1269 προεπινοεῖο

565 1294 689 1347 σθαί
728 1295 912 1357 ἐστιν;
946 1293 1023 1343 Οὑ
1065 1292 1174 1361 γὰρ
1200 1291 1532 1359 ἀρνήσαιντο
1576 1291 2017 1359 προεπινοείσθαι
2043 1291 2141 1362 τὴν

563 1386 622 1436 ἐν
668 1385 843 1453 Πατρὶ
878 1384 1111 1453 δύναμιν
1164 1383 1262 1450 τῆς
1317 1385 1373 1435 ἐν
1418 1385 1643 1451 ἀμφοῖν.
1688 1385 1803 1452 είγε
1856 1385 1996 1453 μηδὲ
2049 1387 2141 1437 τὸν

567 1476 788 1545 Πατέρα
817 1476 956 1537 ὅλως
994 1474 1331 1545 ἀρνήσαιντο
1361 1474 1455 1545 106
1500 1476 1629 1528 Υίοῦ
1666 1478 2137 1545 προεπινοείσθαι.

637 1566 770 1622 Εἶτα
803 1572 850 1621 εξ
903 1568 1002 1637 μὲν
1035 1568 1096 1621 16
1147 1566 1337 1639 Πατὴρ
1368 1568 1443 1630 ὡς
1476 1568 1568 1622 τὸν
1602 1570 1775 1621 αῐτιον
1809 1570 1941 1635 νοεῖ,
1981 1587 2142 1638 προε-

562 1667 833 1716 πινοεῖται
867 1662 964 1731 μὲν
994 1662 1114 1714 τότε
1146 1660 1238 1713 τοῦ
1276 1658 1611 1729 προϐολέως,
1644 1665 2055 1730 προεπινοεϊται
2088 1664 2142 1716 δέ

565 1757 671 1823 ἄρα
702 1755 795 1807 καὶ
822 1755 918 1806 τοῦ
949 1755 1294 1823 γεννήτορος,
1324 1751 1383 1804 ὅν
1409 1752 1610 1823 τρόπον
1634 1752 1702 1806 τὰ
1726 1754 2009 1822 κοινότερα
2034 1754 2141 1807 τῶν

2246 575 2297 611 τι
2325 560 2433 613 τῶν
2465 561 2523 611 ἐν
2546 560 2623 630 τῷ
2650 553 2958 633 ἀγεννήτῳ,
2986 558 3101 616 οἷον
3128 564 3206 633 τῷ
3244 562 3569 633 προϐάλλειν
3598 564 3831 636 ὕστερον

2246 644 2386 702 εἶναι
2420 650 2601 718 λέγειν
2631 650 2740 705 τῶν
2774 656 2837 706 ἐκ
2869 653 2962 706 τοῦ
2990 654 3292 723 ἀγεννήτου
3325 644 3507 721 τινός;
3537 654 3677 709 ἔστω
3712 658 3830 726 γὰρ

2244 740 2327 792 ὃτι
2364 743 2392 793 6
2419 743 2702 813 γεννήτωρ
2741 745 2837 797 τοῦ
2880 745 3196 816 προϐολέως
3243 750 3673 815 προεπινοείται’
3706 747 3826 800 ἀλλ’

2242 832 2342 905 ,οὑχ
2373 833 2398 885 ὅ
2426 850 2489 901 γε
2518 835 2647 898 Υἰὸς
2667 836 2756 890 διὰ
2783 838 2941 891 τοῦτο
2972 838 3430 907 τοῦμπροϐολέως,
3468 841 3533 894 ἵν’
3626 844 3655 894 6
3690 858 3829 911 προ-

2246 921 2437 986 ϐολεὺς
2466 925 2497 994 ἣ
2525 928 2586 979 16
2627 929 2955 996 προϐάλλειν
2986 931 3164 982 κοινὸν
3199 931 3374 1000 Πατρὶ
3397 932 3492 986 καὶ
3520 932 3657 1001 Υἰῷ,
3684 934 3824 986 ἀλλά

2248 1015 2449 1081 μᾶλλον
2478 1018 2645 1088 ἄμφω
2671 1021 2771 1084 τὰς
2801 1022 3007 1084 αἰτίας,
3040 1025 3088 1074 εἰ
3123 1024 3219 1075 καὶ
3251 1024 3478 1093 δοίημεν
3513 1026 3570 1077 ἐν
3604 1027 3825 1088 ἑαυταῖς

2245 1104 2388 1173 ἔχειν
2418 1108 2571 1175 τάξιν
2637 1111 2782 1176 τινὰ,
2830 1112 2862 1181 ἦ
2906 1113 3121 1167 τοιάσδε
3162 1114 3340 1177 αἰτίας
3387 1116 3550 1184 μόνον
3594 1134 3826 1187 προεπι-

2244 1198 2483 1252 νοείσθαι
2514 1200 2623 1253 τῶν
2658 1203 2942 1267 αἰτιατῶν,
2978 1204 3203 1273 εὔλογον
3234 1207 3301 1260 ἂν
3335 1208 3422 1275 εἴη
3460 1207 3682 1276 μᾶλλον,
3715 1210 3827 1261 ἀπὸ

2244 1288 2345 1355 τῆς
2372 1291 2481 1343 τῶν
2510 1293 2629 1345 κατ’
2662 1294 2833 1357 αὑτὰς
2855 1297 3248 1366 προαγομένων
3273 1282 3587 1368 προσώπων
3611 1299 3825 1363 τάξεως

2243 1382 2630 1453 λαμϐανόντων
2655 1390 2687 1455 ἡ
2698 1388 2813 1457 μῶν
2841 1389 2940 1459 τὴν
2968 1391 3099 1461 περὶ
3125 1391 3308 1445 αὐτῶν
3336 1392 3582 1445 ἐπίνοιαν
3614 1392 3741 1444 ὅσον
3760 1393 3825 1445 16

2244 1476 2327 1544 ἐφ’
2358 1479 2511 1547 ἡμῖν,
2544 1480 2665 1532 ἐκεῖ
2691 1480 2746 1533 δὲ
2777 1481 3050 1553 μηδεμίαν
3082 1483 3330 1553 ἀνάγκην
3360 1478 3502 1535 εἶναι
3536 1483 3825 1536 πιστεύειν

2241 1566 2336 1619 τοῦ
2356 1568 2502 1638 ἔχειν
2523 1567 2719 1635 οὑτως,
2738 1572 2814 1633 ὡς
2836 1573 2869 1642 ἡ
2892 1573 3139 1642 ἡμετέρα
3161 1571 3564 1641 προϋποτίθησι
3584 1573 3823 1625 ἐπίνοια·

2243 1659 2484 1728 ἀῤῥητος
2529 1660 2640 1732 γὰρ
2680 1665 2776 1715 καὶ
2822 1664 3115 1733 ἀνενόητος
3148 1664 3176 1715 6
3208 1664 3411 1733 τρόπος
3445 1662 3541 1715 καὶ
3586 1664 3620 1733 ἡ
3668 1663 3827 1729 τάξις

2246 1750 2352 1802 τῶν
2379 1749 2541 1805 θείων
2567 1754 2795 1808 ἐκείνων
2828 1756 3073 1824 προόδων
3103 1755 3214 1808 τῶν
3248 1755 3519 1822 θεολόγων
3552 1755 3826 1822 λεγόντων

560 1845 726 1920 ἦττον
778 1847 974 1900 κοινῶν
1034 1844 1532 1915 προσεπινοοῦνται
1587 1847 1646 1897 ἐν
1702 1849 1767 1915 τῇ
1834 1846 2142 1921 τελεωτέρα
2176 1816 2534 1911 θάκούομεν.
2580 1845 2677 1897 καὶ
2731 1845 2790 1897 τὸ
2836 1848 2965 1916 περὶ
3024 1847 3234 1899 τούτων
3291 1844 3478 1914 ζητεῖν
3524 1846 3825 1916 αἱρετικῶν

434 1954 455 1965 “
562 1939 815 2008 ἐνεργείᾳ
853 1936 948 1989 τοῦ
1003 1935 1119 1991 νοῦ.
1165 1935 1522 2005 Ἐναντίωςῆ
1584 1938 1642 1989 ἐν
1691 1940 1756 2007 τῇ
1812 1939 2141 2010 ἀτελεστέρᾳ

563 2032 893 2100 συμπίπτει,
936 2030 1029 2082 καὶ
1078 2027 1332 2080 ἐντεῦθεν
1384 2028 1484 2080 οὑκ
1541 2028 1608 2081 ἂν
1665 2030 1751 2098 εἴη
1789 2046 1874 2091 τις
1923 2031 2140 2101 ἀνάγκη

560 2122 699 2173 ὥστε
756 2121 850 2175 καὶ
901 2119 992 2171 τὸν
1044 2118 1169 2171 Υίὸν
1221 2117 1396 2172 αἴτιον
1456 2112 1597 2171 εῖναι
1650 2120 1743 2172 106
1798 2120 2139 2191 Πνεύματος·

562 2214 681 2281 ἅμα
711 2232 768 2265 τε
812 2214 921 2280 γὰρ
956 2212 1111 2264 ἔσται
1145 2211 1425 2280 γεννήτωρ
1476 2212 1570 2263 καὶ
1605 2212 1927 2282 προϐολεὺς,
1960 2212 2035 2277 ὡς
2072 2215 2140 2267 τά

562 2306 1015 2374 ἁντιδιῃρημένα,
1064 2304 1156 2354 καὶ
1198 2302 1313 2371 ἅμα
1370 2303 1494 2367 Υἰος
1531 2307 1625 2359 καὶ
1680 2305 1904 2376 Πνεῦμα
1956 2309 2017 2361 06
2050 2308 2141 2363 διὰ

560 2400 657 2470 τὴν
689 2399 789 2466 τῆς
834 2397 1015 2459 αἰτίας
1066 2396 1221 2460 τάξιν
1250 2394 1342 2447 τοῦ
1380 2394 1509 2448 Υἰοῦ
1550 2397 2035 2468 προθεωρουμένου
2071 2402 2138 2468 τῇ

559 2491 797 2560 ἐπινοίᾳ,
830 2489 904 2552 ὡς
942 2490 1171 2558 ἔφημεν.
1195 2489 1255 2541 Εἰ
1290 2488 1346 2540 δὲ
1372 2488 1431 2540 16
1464 2487 1651 2557 Πατὴρ
1676 2488 1750 2550 ὡς
1784 2490 1873 2542 τὸν
1908 2493 2137 2558 γεννῶν-

558 2603 628 2639 τα
657 2586 789 2647 νοεῖ,
821 2583 939 2644 πῶς
969 2586 996 2635 6
1026 2583 1213 2651 Πατὴρ
1246 2584 1652 2651 προεπινοεῖται
1677 2581 1770 2635 τοῦ
1795 2584 2136 2652 προϐολέως;

560 2681 622 2733 Εἰ
655 2680 753 2750 μὲν
788 2678 897 2748 γὰρ
994 2680 1020 2731 6
1044 2677 1233 2747 Πατὴρ
1258 2672 1391 2747 πρὸς
1420 2677 1512 2728 16v
1539 2676 1666 2730 Υἰὸν
1702 2676 1939 2745 λέγεται,
1968 2679 2138 2749 ταύτῃ

559 2789 623 2836 γε
657 2770 754 2824 καὶ
786 2770 815 2822 6
848 2767 1149 2839 προϐολεὺς
1196 2767 1599 2835 προεπινοεῖται
1645 2767 1739 2818 τοῦ
1791 2770 2136 2838 γεννήτοροε,

557 2860 591 2939 ᾖ
625 2864 760 2934 πρὸς
790 2863 851 2914 16
895 2860 1191 2930 πρόϐλημα
1221 2860 1318 2912 καὶ
1361 2857 1527 2921 αὐτὸς
1563 2858 1798 2925 λέγεται.
1836 2858 2139 2912 Κάντεῡθεν

556 2954 787 3024 οὐδεμία
835 2953 1053 3021 ἀνάγκη
1086 2953 1223 3021 1196;
1268 2950 1328 3002 16
1366 2951 1457 3002 τὸν
1500 2950 1625 3003 Υίὸν
1675 2951 1940 3020 πρότερον
1974 2948 2134 3016 εἶναι,

557 3049 632 3110 ὡς
669 3048 828 3108 0616;
860 3045 1022 3112 ἀξιοῖ.
1058 3045 1121 3097 Εί
1154 3044 1212 3097 δὲ
1244 3044 1337 3097 καὶ
1371 3042 1447 3105 ὼς
1472 3043 1612 3109 ἕξεις
1644 3044 1783 3103 τινὲς
1810 3042 1841 3113 ἢ
1867 3044 2136 3113 ἐνέργειαι

557 3140 849 3210 νοοὺμεναι
884 3138 1062 3192 ταῦτα
1095 3140 1152 3191 ἐν
1183 3138 1359 3205 Πατρὶ
1388 3137 1486 3205 τὴν
1512 3135 1665 3199 τάξιν
1694 3134 1875 3199 ἕξουσι
1905 3138 2133 3204 ταύτην,
2161 3163 2205 3226 C

557 3233 1015 3303 προεπινοοῦνται
1042 3232 1150 3301 γάρ
1184 3248 1286 3283 που
1320 3230 1395 3293 ῶς
1430 3231 1567 3282 εἰσιν
1601 3231 1656 3281 ἐν
1687 3229 1767 3298 τῷ
1808 3232 2000 3297 Πατρὶ,
2030 3232 2135 3283 τῶν

556 3329 629 3389 ῶς
659 3329 794 3394 πρὸς
827 3326 896 3400 τὰ
944 3325 1202 3391 προϊόντα
1234 3324 1449 3393 ἔχουσιν
1499 3322 1531 3393 ἢ
1564 3323 1802 3389 λέγεται.
1839 3324 1891 3375 τί
1942 3323 2134 3377 τούτου

556 3419 755 3488 γένοιτ’
799 3418 864 3470 ἂν
918 3418 1296 3482 ἀτοπώτερον,
1343 3417 1506 3467 Ἀνευ
1540 3415 1649 3482 γὰρ
1700 3406 1914 3467 πολλῶν
1960 3415 2135 3469 ἄλλων

555 3511 663 3564 τῶν
700 3508 1111 3578 συμϐαινόντων
1141 3505 1332 3573 ὥσπερ
1365 3504 1655 3574 ήδιαφορὰ
1687 3503 1782 3556 106
1815 3507 2011 3576 γεννᾷν
2046 3506 2138 3559 καὶ

555 3600 885 3671 προϐάλλειν
920 3600 976 3651 ἐν
1000 3598 1078 3666 τῷ
1132 3598 1325 3666 Πατρϊ,
1363 3598 1420 3648 ἐν
1452 3596 1527 3665 τῷ
1564 3597 1941 3668 ἀσθενεστέρῳ
1989 3598 2135 3666 γένει

555 3694 664 3744 τῶν
691 3692 1017 3759 διακρίσεων
1042 3689 1197 3753 οὖσα,
1225 3688 1321 3739 καὶ
1347 3689 1488 3740 κατά
1509 3689 1636 3750 τοὺς
1658 3690 1922 3750 Λατίνους
1948 3692 2003 3742 ἐν
2026 3691 2135 3751 τοϊς

557 3783 964 3852 προαγομένοις
1004 3780 1354 3848 ἰσχυρότερον
1388 3778 1684 3846 διαλάμπει
1736 3782 2135 3850 πραγματικῶς

555 3872 1015 3941 διακρινομένοιςο
1048 3867 1194 3920 οὕτω
1227 3864 1383 3937 καὶὴ
1424 3870 1746 3937 προεπίνοια
1772 3872 1872 3923 οὑκ
1903 3870 1980 3923 ἔτ’
2012 3872 2133 3942 ἂνὴ

555 3963 694 4032 αὑτὴ
725 3963 810 4031 εἴη
845 3960 901 4013 ἔν
930 3978 987 4013 τε
1025 3961 1319 4031 γεννήτορι
1360 3962 1453 4012 καὶ
1477 3960 1736 4028 προϐολεί
1770 3965 1861 4014 καὶ
1894 3962 2009 4032 Υἱῴ
2040 3965 2133 4017 καὶ

556 4053 927 4123 προϐλήματι,
962 4052 1097 4107 ἀλλά
1141 4052 1325 4122 πολλῷ
1355 4052 1509 4105 ἔσται
1559 4052 1698 4122 αὕτη
1738 4054 1955 4124 ἐκείνης
1984 4055 2134 4125 ἰσχυ-

559 4147 778 4217 ροτέρα,
823 4146 917 4198 καὶ
966 4146 1066 4197 οὑκ
1102 4143 1178 4196 ἐτ’
1223 4144 1290 4197 ἂν
1340 4144 1427 4213 εἴη
1482 4146 1803 4215 προεπίνοια
1850 4146 2051 4213 μᾶλλον
2099 4147 2131 4216 ἦ

555 4238 690 4307 άλλη
732 4254 818 4299 τις
865 4238 1173 4306 προήγησις
1218 4234 1327 4286 τῶν
1378 4236 1871 4305 ἀπηγορευμένων,
1919 4238 1986 4306 ἢν
2041 4239 2133 4290 καί⁵

554 4329 719 4391 αὑτὸς
766 4330 912 4382 ἔοικε
963 4328 1269 4397 βούλεσθαι.
1306 4328 1376 4379 Ἦ
1429 4328 1474 4379 τί
1508 4327 1756 4396 βούλεται
1795 4329 1966 4398 αὑτῷ,
1999 4330 2079 4381 ὅτι
2106 4331 2133 4380 6

557 4421 748 4489 Πατὴρ
784 4419 1052 4489 πρότερον
1080 4418 1323 4488 παράγει
1355 4417 1447 4468 16v
1486 4418 1611 4470 Υίὸν
1656 4417 1752 4469 τοῦ
1787 4416 2127 4486 Πνεὺματος,

2245 1928 2388 1986 εἶναι
2416 1937 2447 2004 ἡ
2477 1933 2530 1999 ς’
2559 1936 2668 1988 τῶν
2714 1937 3116 2006 οἰκουμενικῶν
3157 1938 3498 2007 ἀπεφήνατο.
3531 1938 3724 2008 Τούτῳ
3750 1940 3826 2007 τῷ

2245 2025 2431 2095 τρόπῳ
2464 2029 2561 2079 καὶ
2588 2028 2689 2096 τῆς
2731 2029 2941 2098 Ἀρείου
2971 2029 3067 2081 καὶ
3095 2030 3363 2098 Εὑνομίου
3396 2029 3824 2099 φρενοϐλαϐείας

2243 2118 2304 2169 06
2346 2122 2784 2189 μετασχήσομεν.
2817 2123 2924 2174 Καὶ
2970 2123 3077 2192 γὰρ
3119 2123 3281 2185 αὐτὸς
3325 2124 3587 2190 Εὑνόμιος
3624 2123 3686 2174 ἐκ
3715 2140 3822 2174 τοι-

2240 2209 2417 2265 ούτων
2458 2212 2623 2267 τινῶν
2665 2214 3035 2283 προεπινοιῶν
3078 2204 3263 2279 κακῶς
3294 2214 3602 2283 τιθεμένων
3631 2215 3819 2284 ὥσπερ

2242 2305 2508 2374 ἀφορμῶν
2537 2304 2880 2374 ὁρμώμενος,
2906 2307 3005 2375 τὴν
3037 2307 3181 2360 κατά
3201 2307 3291 2359 τὸν
3310 2307 3410 2374 τῆς
3436 2310 3613 2369 αἰτίας
3635 2307 3816 2375 λόγον,

2243 2396 2337 2448 καὶ
2368 2397 2572 2467 τρόπον
2600 2398 2709 2451 τῶν
2749 2399 2920 2467 τριῶν
2964 2400 3320 2455 ὑποστάσεων
3364 2402 3422 2453 ἐν
3470 2401 3685 2470 ἐνότητι
3720 2403 3821 2469 <96-

2246 2504 2382 2561 σεως
2411 2488 2685 2559 διάκρισιν
2715 2490 2797 2552 εἰς
2837 2493 2935 2560 τὴν
2968 2492 3027 2543 ἐν
3062 2494 3127 2562 τῇ
3164 2491 3326 2559 φύσει
3359 2492 3628 2561 διαφοράν
3663 2495 3819 2561 μετέ-

2242 2595 2374 2647 φερε
2407 2582 2501 2632 κα¹ι
2530 2581 2627 2643 τὰς
2654 2582 2762 2634 ἀπὸ
2793 2582 2886 2635 τοῦ
2918 2582 3078 2651 λόγου
3118 2583 3217 2652 τῆς
3257 2582 3435 2645 αἰτίας
3472 2584 3820 2651 προθεωρίας

2242 2673 2336 2724 καὶ
2363 2671 2823 2742 προαριθμήσεις,
2856 2672 2912 2726 αἱ
2945 2673 3002 2726 16
3032 2673 3340 2743 ἀσύγχυτον
3362 2674 3689 2743 ἐργάζονται
3710 2673 3821 2725 τῶν

2242 2765 2596 2819 ὑποστάσεων
2631 2765 2957 2834 ὑπερθέσεις
2989 2767 3086 2818 καὶ
3118 2768 3339 2833 ὑφέσεις
3365 2767 3697 2836 ἀξιωμάτων
3728 2769 3821 2817 καὶ

2242 2856 2478 2924 φύσεων,
2522 2856 2843 2924 ἐπισφαλῶς
2890 2856 3069 2923 ἔλεγε,
3115 2855 3355 2926 βαθμούς
3405 2874 3557 2919 τινας
3603 2857 3820 2923 φύσεων

2243 2946 2513 2998 συνετίθει
2539 2946 2615 3008 ὡς
2644 2947 2974 3015 ἀξιωμάτων
2998 2948 3031 3015 ἢ
3065 2947 3305 3016 προόδων
3330 2947 3535 3017 ἕτεροι,
3561 2947 3622 2999 δν
3649 2949 3822 3018 ἀπορ-

2243 3033 2490 3103 ραπίζων
2520 3036 2547 3085 6
2578 3036 2802 3102 Νὑσσης
2849 3036 3150 3106 Γρηγόριος
3177 3036 3363 3106 φησιν’
3411 3054 3429 3085 ι
3464 3034 3527 3088 Εἰ
3568 3037 3670 3105 μέν
3697 3053 3819 3089 τινα

2241 3127 2500 3196 χρονικὴν
2540 3127 2779 3195 ἔμφασιν
2826 3128 3137 3197 ὑπερετίθει
3187 3128 3287 3196 τῆς
3328 3127 3423 3181 106
3474 3129 3819 3197 Μονογενοῦς

2244 3219 2599 3281 ὑποστάσεως
2631 3221 2660 3271 6
2707 3218 2798 3272 τὸν
2836 3220 3055 3290 Πατέρα
3089 3219 3183 3273 τοῦ
3229 3220 3359 3274 Υἰοῦ
3410 3223 3555 3292 μόνῳ
3602 3223 3680 3291 τῷ
3722 3223 3819 3290 τῆς

2244 3312 2421 3372 αἰτίας
2467 3311 2612 3380 λόγῳ
2653 3312 3009 3380 προθεωρῶν,
3042 3311 3269 3374 εἰκότως
3301 3313 3365 3365 ἂν
3393 3315 3422 3365 6
3453 3314 3549 3381 τῆς
3581 3314 3817 3381 οϊδιότη-

2242 3420 2335 3463 τος
2358 3406 2491 3470 ἡμῖν
2520 3404 2650 3471 περὶ
2676 3404 2805 3456 Υίοῦ
2839 3405 2993 3471 λόγος
3029 3403 3421 3458 ἐκινδυνεύετε).
3457 3423 3477 3455 ι
3514 3400 3648 3456 Εἶτα
3678 3407 3813 3458 ἐπά-

2242 3512 2350 3563 γει’
2406 3516 2423 3548 ι
2467 3498 2527 3549 Ὀ
2562 3498 2617 3549 δὲ
2660 3497 2821 3559 αὐτὸς
2868 3498 3000 3567 ἡμῖν
3054 3499 3151 3550 καὶ⁸
3197 3498 3321 3566 περί
3360 3498 3456 3549 τοῦ
3500 3498 3819 3568 Πνεὺματος

2243 3589 2420 3657 λόγος,
2452 3592 2508 3642 ὲν
2546 3591 2682 3661 μόνῃ
2712 3592 2777 3659 τῇ
2810 3589 2960 3652 τάξει
2989 3589 3089 3660 τὴν
3117 3588 3380 3659 διαφορὰν
3408 3587 3567 3658 ἔχων·
3598 3592 3676 3651 ὡς
3710 3590 3823 3658 γὰρ

2245 3686 2579 3737 συνάπτεται
2609 3684 2686 3751 τῷ
2722 3686 2896 3755 Πατρὶ
2929 3685 2957 3735 6
2992 3684 3141 3746 Υἱὸς,
3177 3684 3272 3737 καὶ
3300 3684 3359 3748 ἐξ
3387 3682 3555 3735 αὑτοῦ
3586 3684 3649 3735 16
3679 3678 3821 3735 εἶναι

2243 3776 2403 3844 ἔχων,
2437 3777 2535 3844 οὑχ
2566 3777 2840 3845 ὑστερίζει
2874 3779 3014 3830 κατά
3046 3778 3144 3847 τὴν
3169 3776 3425 3845 ὓπαρξιν,
3462 3776 3607 3829 οὑτω
3654 3779 3820 3830 πάλιν

2243 3872 2337 3923 καὶ
2385 3869 2477 3922 106
2527 3871 2869 3938 Μονογενοῦς
2902 3871 3085 3939 ἔχεται
3135 3871 3197 3922 τὸ
3250 3868 3477 3939 Πνεῦμα
3526 3870 3587 3921 τὸ
3639 3871 3819 3936 ἅγιον,

2243 3962 2456 4031 ἐπινοίᾳ
2491 3961 2630 4033 μόνῃ
2657 3963 2799 4013 κατὰ
2827 3961 2917 4013 16v
2944 3962 3041 4029 τῆς
3069 3960 3252 4023 αἰτίας
3279 3962 3435 4028 λόγον
3466 3961 3820 4031 προθεωρουι

2246 4054 2408 4122 μένου
2453 4054 2551 4121 τῆς
2597 4052 2691 4106 τοῦ
2742 4053 3059 4122 Πνεὺματος
3107 4054 3483 4117 ὑποστάσεως,
3538 4054 3683 4107 ὥστε
3718 4055 3817 4106 τοῦ

2240 4141 2402 4209 λόγου
2432 4142 2530 4210 τῆς
2552 4142 2734 4205 αἰτίας
2759 4142 3201 4213 ὑπεξῃρημένου,
3227 4145 3284 4196 ἐν
3310 4144 3505 4214 μηδενί
3532 4144 3631 4213 τὴν
3661 4146 3819 4214 ἁγίαν

2241 4235 2450 4304 Τριάδα
2477 4235 2615 4304 πρὸς
2652 4237 2853 4307 ἑαυτὴν
2888 4212 3221 4304 ἀσύμφωνον
3252 4212 3417 4306 ἔχειν.
3456 4237 3536 4289 Τά
3565 4212 3702 4304 γοῦν
3730 4212 3819 4289 161

2241 4327 2298 4378 ἐν
2326 4328 2547 4396 ἑκάστῳ
2591 4329 2701 4380 τῶν
2744 4330 3057 4397 προσώπων
3086 4327 3244 4395 λόγον
3273 4328 3369 4394 τῆς
3418 4327 3601 4389 αἰτίας
3652 4329 3818 4396 μόνον

2242 4416 2686 4487 προθεωροῦνται
2722 4422 2796 4488 ’τῇ
2834 4420 3069 4487 ἐπινοίᾳ,
3102 4422 3194 4472 καὶ
3220 4419 3549 4487 προλέγεται
3587 4422 3656 4472 τὰ
3698 4419 3818 4471 θεῖα

556 4514 649 4565 καὶ
675 4513 756 4565 ὃτι
790 4513 1096 4581 ὑφέστηκεν
1129 4513 1196 4581 τῇ
1232 4510 1369 4580 πρὸς
1417 4511 1507 4560 τὸν
1548 4509 1676 4560 Υἰὺν
1724 4509 1968 4579 ἰδιότητι,
2005 4512 2133 4577 πρὶν
2168 4526 2211 4581 ι)
2242 4509 2529 4576 πρόσωπα,
2544 4510 2707 4571 αὑτὸς
2732 4513 2841 4579 γάρ
2869 4510 3017 4561 ἐστιν
3039 4512 3065 4562 6
3087 4512 3263 4570 διδοὺς
3283 4513 3381 4573 τας
3412 4511 3707 4579 ἰδιότητας,
3733 4507 3816 4571 αἶς

557 4609 621 4656 ἂν
654 4603 939 4674 προϐάλλῃ
973 4604 1034 4656 16
1065 4601 1324 4671 Πνεῦμα;
1359 4599 1516 4653 Οὕτω
1550 4600 1655 4669 γὰρ
1688 4601 1934 4670 ἐναργῶς
1970 4601 2129 4663 ἀξιοῖ.

554 4696 742 4749 Ταῦτα
772 4696 828 4748 δὲ
857 4696 939 4757 τίς
974 4693 1233 4759 ἀκούσας,
1267 4693 1364 4744 οὑκ
1393 4694 1555 4755 εὐθὺς
1588 4693 1653 4745 ἂν
1682 4695 1885 4756 πάντας
1924 4695 2135 4763 ’Δρεια-

555 4789 679 4848 νοῦς
723 4789 1032 4855 ἐννοήσειε;
1071 4785 1136 4836 Τί
1173 4785 1281 4853 γὰρ
1312 4783 1438 4836 ἄλλο
1472 4786 1666 4837 ἐκεῖνοι
1697 4783 1901 4851 ἔλεγον,
1929 4784 1960 4854 ἢ
2001 4788 2077 4837 ὅτι
2110 4789 2137 4839 6

555 4878 687 4937 θεὸς
716 4876 983 4946 πρότερον
1016 4875 1114 4943 μὲν
1141 4874 1233 4926 16v
1268 4874 1421 4938 Υἰὸν,
1458 4868 1575 4924 εἶτα
1607 4874 1665 4925 16
1701 4875 1924 4941 Πνεῦμα
1958 4876 2138 4944 παρή-

559 4983 749 5032 γαγεν,
787 4967 917 5018 ἕνιοί
967 4966 1022 5016 δέ
1052 4966 1133 5016 ὅτι
1176 4967 1203 5017 6
1235 4964 1359 5025 Υἱὸς
1408 4964 1565 5015 τοῦτο
1610 4966 1969 5032 παρήγαγεν,
2004 4966 2138 5017 Οὐδὲ

558 5061 667 5127 γὰρ
712 5059 909 5109 ἐκεῖνοι
940 5057 1117 5125 χρόνῳ
1145 5056 1243 5125 τὴν
1274 5054 1543 5123 διαφοράν
1585 5054 1793 5107 ἐτίθουν
1824 5056 2031 5117 ἁπλῶς·
2079 5054 2142 5119 ἐξ

558 5151 731 5205 ἀϊδίου
764 5150 831 5219 γὰ
841 5166 873 5216 ρ
899 5149 1083 5217 ἔλεγον
1107 5145 1469 5216 γεγεννῆσθαι
1496 5147 1586 5198 τὸν
1608 5146 1756 5210 Υίὸν,
1785 5146 1953 5199 καὶτὸ
1972 5146 2140 5199 Πνεῦ-

561 5262 638 5312 μα
672 5242 951 5314 προελθεῖν
978 5242 1077 5293 οὑκ
1113 5242 1170 5290 ἐν
1204 5237 1279 5307 τῷ
1311 5238 1472 5290 παντὶ
1498 5236 1659 5305 τῷδε.
1696 5236 1860 5289 Ἀλλά
1887 5238 2140 5301 τοιαύτας

557 5336 709 5398 τινας
754 5332 1112 5402 προεπινοίας
1146 5329 1386 5390 τιθέντες
1427 5329 1528 5380 οὐκ
1569 5328 1833 5393 εὐσεϐῶς,
1877 5330 1936 5395 ἐξ
1975 5331 2142 5396 ἀνάγ-

562 5447 661 5497 κης
699 5429 793 5481 καὶ
842 5426 938 5495 τὴν
989 5420 1110 5475 κατ’
1163 5421 1351 5474 οὐσίαν
1401 5420 1621 5488 εἰσῆγον
1670 5420 1960 5489 διαφοράν.
2000 5417 2142 5471 Ἀλλ’

559 5522 720 5589 εἰπερ
745 5517 968 5589 ⁴ᾔδεισαν
1002 5515 1118 5576 πῶς
1140 5513 1221 5566 δεῖ
1246 5512 1345 5582 τὴν
1373 5511 1718 5580 προθεωρίαν
1745 5514 1839 5564 καὶ
1863 5512 1958 5581 τὴν
1984 5529 2145 5581 προε-

558 5616 773 5664 πίνοιαν
809 5610 1007 5675 λέγειν,
1048 5609 1140 5659 καί⁸
1186 5606 1303 5667 πῶς
1352 5606 1412 5657 τὸ
1447 5603 1833 5672 προτετάχθαι,
1862 5607 1954 5655 καὶ
1997 5604 2145 5665 ὅπως

559 5704 619 5753 τὸ
648 5702 916 5769 πρότερον
950 5699 1127 5750 οὐδενὶ
1166 5697 1354 5765 τρόπῳ
1384 5697 1530 5746 ἐστὶν
1574 5693 1788 5760 ἀληθῶς
1824 5692 1947 5744 οὔτε
1982 5697 2143 5755 νοεῖν,

564 5791 691 5841 οὒτε
734 5791 911 5855 λέγειν
950 5791 1042 5840 ἐπί
1097 5790 1205 5839 τῶν
1248 5788 1428 5850 θείων,
1479 5785 1576 5838 οὑκ
1630 5785 1715 5837 ἂν
1754 5786 1831 5845 εἰς
1891 5784 2145 5848 τοιαύτας

2238 4599 2629 4668 διακρίνονται,
2673 4601 2706 4669 ἢ
2749 4601 2894 4653 τοῦτ’
2943 4603 3077 4654 0616
3126 4602 3186 4654 τὸ
3241 4603 3541 4671 λαμϐάνειν
3600 4607 3666 4655 ἐκ
3722 4604 3813 4656 106

2244 4691 2452 4761 Πατρός
2486 4695 2665 4744 πάντα
2711 4694 2850 4761 μετὰ
2892 4693 2996 4762 τῆς
3026 4692 3261 4761 φύσεως,
3296 4696 3581 4747 τουτέστιν
3614 4697 3648 4765 ἡ
3684 4697 3814 4767 πρὸς

2240 4783 2405 4835 αὑτὸν
2438 4783 2636 4852 ἰδιότης
2670 4784 2873 4850 αὐτοῖς,
2912 4786 3007 4853 τῆς
3037 4787 3281 4855 ἀρρήτου
3311 4785 3417 4837 τῶν
3454 4789 3677 4854 τρόπων
3704 4788 3817 4839 δια-

2241 4874 2440 4939 φορᾶς,
2474 4874 2570 4925 καὶ
2617 4874 2756 4925 αὐτὰ
2797 4874 3184 4943 διακρινούσης
3214 4875 3483 4942 ἀλλήλων.
3519 4876 3628 4927 Καὶ
3658 4876 3688 4927 6
3725 4877 3819 4945 μὲν

2243 4962 2430 5032 Πατὴρ
2465 4962 2573 5015 τῶν
2601 4964 2659 5029 ἐξ
2685 4964 2852 5015 αὑτοῦ
2889 4964 3229 5033 διακρίνεται
3262 4967 3405 5017 κατὰ
3430 4965 3491 5017 τὸ
3519 4964 3706 5018 αῐτιον
3732 4968 3818 5018 καὶ

2242 5055 2509 5119 αἰτιατὺν,
2541 5056 2616 5118 ὡς
2653 5058 2681 5109 6
2733 5057 2893 5119 αὑτὸς
2925 5056 3069 5121 ἀξιοῖ
3118 5057 3421 5126 Γρηγόριος
3469 5057 3668 5124 λέγων’
3713 5059 3817 5127 Τὴν

2245 5146 2385 5197 κατὰ
2410 5146 2469 5198 16
2500 5145 2676 5200 αἴτιον
2737 5150 2835 5201 καὶ
2889 5148 3134 5201 αἰτιατὺν
3177 5149 3441 5219 διαφοράν
3473 5151 3573 5202 οὑκ
3626 5152 3819 5219 ἀρνού-

2248 5235 2409 5303 μεθα,
2436 5237 2494 5287 ἐν
2527 5228 2571 5302 ᾧ
2603 5235 2751 5305 μόνῳ
2778 5234 3157 5305 διακρίνεσθαι
3191 5236 3251 5289 τὸ
3280 5235 3471 5305 ἕτερον
3500 5234 3595 5288 τοῦ
3624 5237 3817 5303 ἑτέρου

2245 5326 2721 5394 καταλαμϐάνειν,
2758 5324 2898 5379 ἀλλά
2950 5328 3012 5378 τὸ
3047 5327 3111 5378 ἐκ
3158 5327 3254 5379 τοῦ
3299 5328 3477 5379 αἰτίου
3528 5328 3664 5397 ἄλλη
3719 5327 3815 5377 τινὶ

2244 5417 2496 5486 διαφορᾷ,
2531 5419 2626 5473 καὶ
2649 5418 2711 5470 οὑ
2741 5420 2805 5487 τῇ
2864 5418 3003 5487 αὑτῇ
3041 5417 3398 5489 διακρίνεται.
3434 5417 3637 5487 ’Δλλην
3694 5420 3816 5486 γάρ,

2248 5510 2404 5576 φησι,
2434 5509 2702 5577 διαφορὰν
2763 5510 3080 5580 ἐννοοῦμεν,
3120 5512 3189 5580 ἣν
3226 5510 3458 5563 ἐνταῦθα
3492 5511 3650 5578 λόγον
3689 5512 3817 5576 φησὶ

2246 5604 2340 5667 τῆ,
2376 5600 2575 5664 αἰτίας.
2602 5597 2673 5672 ᾯ
2702 5604 3009 5672 συμφώνως
3042 5604 3253 5672 φθάσας
3283 5606 3387 5673 ἔφη
3416 5605 3510 5656 καὶ
3536 5607 3565 5656 6
3605 5601 3817 5654 Ἰουστί-

2252 5710 2361 5759 νος,
2405 5693 2498 5756 Ὠς
2534 5697 2561 5745 6
2596 5695 2718 5759 Υἱὸς
2746 5699 2807 5749 ἐκ
2836 5696 2929 5749 τοῦ
2960 5697 3193 5766 Πατρὸς,
3218 5697 3360 5751 οὕτω
3392 5699 3485 5750 καὶ
3516 5699 3576 5748 τὸ
3604 5691 3819 5762 Πνεῦμα

2252 5787 2311 5838 τὸ
2350 5790 2501 5854 αγιον
2554 5790 2617 5840 ἐκ
2655 5789 2748 5840 106
2807 5791 3038 5859 Πατρὶς,
3070 5791 3208 5860 πλήν
3261 5807 3320 5859 γε
3358 5783 3446 5843 δία
3485 5788 3571 5842 106
3622 5786 3818 5853 τρόπω
