4066 6188
365 159 499 263 1041

1483 193 1910 256 REFUTATIO
1950 192 2454 252 ARGYROPULI.

3445 187 3581 253 1042

359 314 491 369 αὐτὸ
528 311 721 381 ἐτέρας
741 309 950 375 οὐσίας,
983 307 1298 376 λειπόμενον
1326 309 1424 376 τῆς
1455 307 1641 375 κοινῆς
1688 305 1920 372 δυνάμε-
1946 305 1989 359 Δ
2020 302 2231 371 θεότης.
2262 303 2420 355 K616
2454 303 2626 370 μέγας
2654 303 2969 366 Ἀθανάσιος
2998 305 3053 356 ἐν
3075 304 3153 376 τῷ
3191 306 3347 359 Κατά
3368 306 3582 376 ’Δρεια-

358 424 452 468 ως.
484 404 595 458 K61
621 403 709 457 6:6
734 401 892 457 τοῦτο
918 402 1069 455 οὐδὲν
1099 401 1277 455 δεινὸν
1297 402 1360 453 ἐκ
1388 399 1548 469 μόνου
1578 397 1671 451 τοῦ
1707 400 1916 467 Πατρός

340 497 542 565 ,λέγειν
564 494 623 547 :6
651 493 874 563 Πνεῦμα
901 493 962 546 :6
990 494 1145 560 ἅγιον
1176 508 1193 525 ο
1229 489 1414 560 ἐπειδὴ
1463 490 1524 544 :6
1572 486 1915 558 προϐάλλειν,

357 586 545 656 ὥσπερ
574 586 664 639 1:61
688 588 749 636 :6
770 584 967 653 γεννᾷν
998 584 1077 652 τῷ
1106 636 1107 639 η
1132 584 1306 650 [16:91
1368 580 1515 651 μόνῳ
1570 580 1831 648 προσήκει
1883 580 1916 650 ἢ

355 678 637 748 ἀγιννήτῳ
657 677 752 729 1:61
781 675 1014 745 θεογόνῳ
1034 675 1129 728 1:61
1159 675 1301 743 ἀρχῇ
1336 673 1428 725 καὶ
1450 672 1505 723 εί
1550 687 1601 722 τι
1632 670 1871 722 τοιοῦτον
1900 683 1915 701 ο

352 771 415 823 οὐ
440 768 547 839 769
570 763 648 829 51,-
676 768 852 829 αῐτιος
880 769 913 836 ἡ
949 766 1143 835 Τριάς,
1165 764 1315 818 ἔνδον
1349 764 1407 818 ἐν
1440 764 1505 833 τῇ
1566 760 1781 831 θεότητι
1826 758 1917 828 δη-

353 855 490 926 λαδὴ
523 856 599 917 ὡς
629 848 710 915 εἷς
739 853 1072 924 δημιουργὸς
1098 853 1196 922 τῆς
1225 854 1475 917 κτίσεως,
1514 849 1603 903 διὰ
1638 849 1796 901 τοῦτο
1839 843 1920 911 εἷς

354 947 529 1007 αίτιος
560 947 588 997 6
614 943 802 1013 Πατὴρ
827 943 989 1018 μόνος
1016 958 1035 978 ο
1063 942 1125 996 οὐ
1147 942 1256 1011 γὰρ
1290 940 1429 1011 μετά
1472 940 1733 1006 συζυγίας
1780 937 1921 992 κατά

354 1039 448 1092 τὸν
470 1037 732 1106 Θεολόγον
769 1037 1089 1109 Γρηγόριον,
1113 1037 1229 1095 ἀλλ’
1244 1030 1398 1100 οὗτος
1427 1037 1525 1105 τὴν
1550 1035 1799 1089 ἐναντίαν
1830 1034 1920 1103 δή·-

355 1139 459 1176 που
490 1124 600 1186 τοῖς
628 1122 803 1192 ἁγίοις
828 1128 1147 1196 φερόμενος.

857 1236 1424 1292 ΔΡΓΥΡΟΠΟΥΛΟΣ.

427 1342 562 1396 Οὐδέ
594 1342 704 1412 γὰρ
753 1343 817 1396 ἐκ
848 1344 1011 1413 μόνου
1045 1344 1277 1415 Πατρὸς,
1326 1344 1413 1397 ἵνα
1460 1344 1534 1414 μὴ
1569 1343 1842 1412 νομίζοιτο
1892 1346 1920 1397 6

365 1428 486 1491 Υἱὸς
509 1428 661 1498 αὐτῷ
689 1430 966 1498 ἀνόμοιος,
993 1431 1067 1500 μὴ
1089 1431 1188 1494 τὰς
1216 1432 1383 1495 αὐτάς
1413 1432 1555 1502 ἔχων
1574 1433 1920 1501 τελειότητας

276 1520 280 1524 “
356 1520 437 1588 τῷ
472 1520 667 1589 Πατρί.
697 1522 808 1574 Καὶ
839 1521 928 1575 διά
963 1522 1123 1577 τοῦτο
1150 1524 1273 1593 μηδ’
1301 1524 1605 1593 ὁμοούσιος,
1645 1526 1779 1596 ὅπερ
1824 1526 1918 1577 οὐ-

355 1611 544 1679 δαμῶς
570 1612 792 1666 ἀπέοικε
821 1616 888 1682 τῇ
920 1613 1015 1667 τοῦ
1057 1614 1269 1683 Ἀρείου
1292 1615 1503 1685 αἱρέσει
1536 1616 1631 1670 τὸν
1667 1617 1793 1670 Υίδν
1831 1618 1924 1671 ἀλ·
1954 1627 1999 1687 Β

358 1698 646 1773 λοτριούσῃ
672 1700 773 1773 τῆς
807 1700 961 1767 θείας
994 1702 1207 1772 φύσεως
1231 1704 1327 1757 τοῦ
1371 1705 1602 1775 Πατρός.

908 1817 1368 1874 ΔΓΔΔΛῙΑΝΟΣ.

440 1926 603 1995 Ἀλλ’,
663 1922 709 1981 ὦ
734 1929 876 1996 ⁹τάν,
906 1930 969 1984 οὐ
1002 1930 1093 1984 τὸν
1120 1931 1249 1985 Υίὺν
1296 1932 1579 2003 ὴλλοτρίου
1621 1933 1783 2004 μόνον
1822 1933 1920 2002 τῆς

359 2019 509 2077 θείας
537 2022 565 2073 6
592 2020 807 2091 ’Δριιος
838 2021 1074 2089 φύσεως,
1100 2023 1236 2078 ἀλλά
1270 2024 1362 2076 καὶ
1396 2025 1458 2077 :6
1486 2024 1639 2093 ἅγιον
1675 2025 1915 2094 Πνεῦμα.

361 2108 693 2177 Μακεδόνιος
734 2111 792 2165 δέ
833 2112 985 2166 οὐδὲν
1034 2106 1198 2184 ἦττον
1242 2115 1513 2185 αἱρετικδς
1566 2115 1598 2185 ἢ
1638 2116 1666 2167 6
1700 2116 1920 2184 Ἀρειος

360 2202 491 2271 περὶ
533 2201 628 2255 τοῦ
662 2204 978 2274 Πνεύματος
1011 2205 1174 2275 μόνου
1203 2204 1364 2259 τοῦτο
1392 2206 1584 2259 νοσῶν.
1620 2205 1793 2275 Εἴπερ
1827 2205 1920 2259 οῦν

360 2294 519 2361 ἡμεῖς
558 2294 825 2363 Ἀρειανοὶ
855 2296 946 2349 καὶ
976 2295 1387 2367 συγχωροῦντες
1419 2298 1496 2367 τῷ
1544 2298 1659 2368 Υίῷ
1697 2297 1796 2359 τὰς
1825 2296 1918 2351 τοῦ

360 2386 572 2455 Πατρδς
611 2387 977 2457 τελειότητας,
1010 2389 1077 2454 ἀς
1103 2390 1231 2453 ἴσως
1272 2390 1368 2445 1:61
1394 2390 1629 2459 φυσικὰς
1663 2386 1799 2444 εἶναι
1831 2408 1918 2443 πι-

361 2477 592 2540 στεύεις,
625 2478 706 2531 σοὶ
738 2479 957 2544 πάντως
995 2482 1094 2551 οὐχ
1141 2481 1489 2536 ὑπολείπεται
1537 2483 1694 2549 λόγος
1734 2476 1778 2550 ᾧ
1803 2484 1917 2536 6:6-

357 2558 579 2638 δράσεις
628 2572 728 2640 τὴν
786 2571 1116 2628 Μακεδονίου
1161 2575 1380 2645 μανίαν.
1436 2574 1574 2627 Ἀλλ’
1603 2576 1735 2646 ἡμῖν
1775 2575 1920 2628 εὐλό-

360 2676 491 2729 γους
529 2662 839 2717 ἀποδιδοῦσι
882 2666 1010 2728 τούς
1054 2666 1182 2734 περὶ
1214 2665 1403 2720 τούτου
1426 2666 1634 2735 λόγους,
1668 2669 1775 2721 κάκ
1809 2668 1920 2723 τῶν

356 2753 529 2820 ἁγίων
556 2756 944 2829 κυρουμένους,
977 2756 1153 2810 ἔνεστι
1185 2757 1383 2827 ῥᾳδίως
1411 2757 1471 2810 τὸ
1512 2757 1764 2827 ἔγκλημα
1807 2758 1921 2812 δια-

356 2840 643 2895 λύσασθαι.
675 2844 748 2896 Σύ
782 2843 838 2897 δέ
878 2844 1103 2918 τοιαύτῃ
1144 2845 1293 2899 θέσει
1325 2847 1677 2917 ἐνισχημένος
1707 2847 1798 2901 καὶ
1825 2847 1919 2900 οῦ-

2022 394 2126 446 νῶν
2176 393 2415 463 πρώτῳ,
2455 413 2472 445 ι
2508 395 2643 463 Φέρε
2700 394 2871 448 τοίνυν
2928 395 3147 464 ἴδωμεν,
3191 397 3344 466 φησὶ,
3375 396 3441 449 τὰ
3488 398 3583 449 τοῦ

2024 484 2378 554 Πατρδς,’ίνα
2422 486 2514 537 καὶ
2571 485 2669 554 τὴν
2721 487 2905 540 εἰκόνα
2955 487 3268 555 ἐπιγνῶμεν
3315 489 3363 539 εἰ
3415 486 3582 539 αὐτοῦ

2020 574 2191 630 ἐστιν.
2239 575 2432 637 ’Δῖδιός
2475 576 2622 629 ἐστιν
2672 578 2700 628 6
2753 577 2961 646 Πατὴρς
2994 576 3281 641 ἀθάνατος,
3308 577 3580 646 βασιλεὺς.

2017 664 2262 727 δυνατὸς,
2292 665 2428 732 φῶς,
2463 668 2882 735 παντοκράτωρ,
2913 668 3067 733 Θεὸς,
3104 668 3325 736 Κύριος,
3357 669 3583 733 κτίστης

2019 756 2113 808 καὶ
2143 758 2395 827 ποιητής.
2435 758 2622 812 Ταῦτα
2650 758 2732 810 δεῖ
2753 756 2892 811 εἶναι
2932 762 2989 811 ἐν
3020 761 3084 827 τῇ
3118 760 3308 822 εἰκόνι,
3340 760 3427 814 ἵνα
3456 760 3585 828 ἀλη-

2020 844 2129 909 θῶς
2158 846 2299 905 ότδν
2332 847 2460 901 Υίδν
2490 848 2749 917 ἑωρακὼς
2782 849 2864 919 ἴδῃ
2898 848 2986 901 τὸν
3024 850 3266 918 Πατέρα.

2093 937 2153 989 Εἰ
2180 936 2274 990 οῦν
2297 938 2516 1009 ᾔδεισαν
2536 938 2585 991 οί
2612 939 2759 1007 ἅγιοι
2785 941 3082 1003 ἀκινδύνως
3106 941 3257 1010 ἔχειν
3280 940 3339 993 :6
3359 941 3583 1010 αίτιονῆ

2021 1036 2294 1090 συναίτιον
2328 1035 2405 1107 τῷ
2440 1038 2618 1107 [16:91
2652 1038 2931 1092 πιστεύειν
2958 1040 3048 1092 τὸν
3080 1040 3231 1104 Υίὸν,
3254 1040 3350 1093 1:61
3377 1041 3441 1092 ἐκ
3467 1026 3609 1091 τούέ

2018 1144 2110 1183 του
2132 1129 2515 1200 περιγίνεσθαι
2540 1129 2690 1197 αὐτῷ
2711 1129 2810 1198 τὴν
2835 1130 3054 1197 ἰσότητα
3077 1132 3174 1183 1:61
3196 1129 3589 1198 ὁμοουσιότητα

2019 1222 2153 1293 πρὸς
2197 1220 2290 1279 τὸν
2328 1219 2568 1289 Πατέρα.
2603 1220 2663 1271 ἐν
2699 1218 2844 1272 τίσιν
2875 1218 3055 1278 ἄλλοις
3102 1218 3281 1285 ἀγῶσι
3318 1217 3493 1285 τούτῳ
3522 1217 3588 1270 ἂν

2018 1310 2323 1380 ἐχρήσαντο
2349 1324 2365 1375 ;
2396 1308 2429 1377 ἢ
2463 1307 2627 1361 πόθεν
2656 1308 2876 1363 ἄλλοθεν
2905 1308 2963 1363 ἐν
2986 1310 3098 1371 τοῖς
3122 1306 3265 1360 κατὰ
3290 1306 3588 1375 Νεστορίου

2016 1402 2196 1469 λόγοις
2238 1400 2555 1471 ἐπεχείρουν
2593 1401 2660 1454 ἂν
2688 1399 2947 1470 πρότερόν
2971 1416 3031 1452 τε
3070 1399 3162 1452 καὶ
3215 1397 3592 1466 γενναιότερον

2020 1492 2052 1563 ἥ
2097 1494 2162 1547 ἐκ
2198 1493 2424 1560 τούτου’,
2477 1491 2616 1546 Ἀλλ’
2649 1490 2885 1561 οὐδαμοῦ
2936 1491 3044 1544 τῶν
3098 1488 3365 1543 τοιούτων
3417 1488 3593 1555 λόγων

2004 1584 2237 1639 ’πολλῶν
2266 1576 2436 1638 ὄντων
2471 1583 2716 1637 τοιοῦτόν
2744 1600 2797 1636 τι
2826 1582 3167 1651 εὑρίσκεται,
3201 1581 3229 1635 δ
3260 1580 3358 1650 οὐχ
3398 1579 3474 1644 ὼς
3502 1580 3595 1631 ἁν-

2028 1677 2251 1747 ίσχυρον
2283 1674 2579 1746 παρώφθη.
2611 1673 2721 1728 οὐδ’
2748 1674 2823 1738 ὡς
2867 1675 2926 1726 ἐν
2967 1673 3226 1743 παρέργῳ
3257 1672 3357 1742 τῆς
3402 1671 3591 1741 χρείας

2025 1770 2103 1822 δν.
2132 1768 2195 1823 Εί
2222 1767 2332 1837 γὰρ
2356 1763 2425 1837 ἦν
2456 1765 2676 1836 ἀληθὲς,
2710 1766 2929 1821 πάντων
2962 1763 3028 1817 ἃν
3056 1759 3124 1834 ἦν
3154 1762 3503 1833 ίσχυρότερόν
3532 1780 3593 1815 τε

2025 1861 2119 1915 καὶ
2162 1859 2638 1929 προύργιαίτερον.
2676 1858 2844 1911 ’Λλλα
2870 1857 2926 1909 δὲ
2969 1856 3139 1926 μυρία
3167 1873 3250 1919 τις
3280 1855 3501 1924 εὑρήσει
3533 1856 3592 1907 ἐν

2024 1954 2145 2014 ταῖς
2188 1950 2295 2020 τῶν
2327 1950 2500 2018 ἁγίων
2529 1949 2795 2020 γραφαῖς,
2829 1947 2865 2002 6
2898 1948 2959 2000 :6
2994 1946 3279 2013 όμοούσιον
3322 1947 3390 2015 τῇ
3425 1946 3590 2013 61:59-

2024 2018 2202 2116 ουσίῳ⁹
2221 2044 2409 2114 Τριάδι
2450 2018 2957 2106 κατασκευάζουσιν
2986 2040 3094 2095 61:6
3126 2039 3233 2093 τῶν
3270 2037 3595 2108 θεοπρεπῶν

2025 2135 2349 2205 ἀξιωμάτων
2381 2132 2575 2184 κοινῶν
2607 2133 2800 2197 ὄντων,
2835 2128 3072 2198 οὐδαμοῦ
3100 2128 3157 2181 δὲ
3189 2127 3298 2181 61:6
3323 2126 3431 2180 τῶν
3459 2128 3592 2179 ὐπο-

1990 2240 1993 2245 '
2028 2222 2297 2276 στατικῶν
2345 2220 2701 2289 τελειοτήτων
2753 2220 2850 2273 1:61
2891 2220 3001 2271 τῶν
3037 2218 3319 2288 ίδιοτὴτων
3342 2233 3355 2247 ·
3401 2216 3461 2269 οὐ
3492 2216 3599 2285 γὰρ

2027 2313 2304 2380 πεφύκασι
2333 2307 2790 2362 κοινοποιεῖσθαι’
2836 2306 3038 2377 μᾶλλον
3068 2307 3166 2375 μὲν
3195 2305 3288 2359 οῦν
3337 2304 3600 2374 αἱρέσεων

2027 2406 2119 2457 1:61
2156 2401 2509 2473 βλασφημίας
2538 2401 2717 2468 ἔδοξεν
2746 2400 2891 2472 ἀρχὴ
2919 2399 3078 2453 τοῦτο
3108 2402 3221 2463 τοῖς
3248 2399 3449 2467 ἁγίοις,
3478 2398 3602 2452 ὅθεν

2028 2496 2123 2549 1:61
2153 2494 2354 2556 πάντες
2384 2494 2743 2564 άπεπήδησαν
2766 2491 2954 2546 τούτου
2987 2491 3064 2554 ὡς
3087 2492 3195 2545 61:6
3222 2493 3415 2562 πυρός.

2098 2585 2161 2639 EI
2198 2585 2382 2638 τοίνυν
2433 2585 2570 2655 μόνη
2619 2582 2772 2654 πηγὴ
2822 2583 2921 2651 τῆς
2973 2581 3297 2647 ὐπερουσίου
3349 2582 3600 2651 θεότητός

2028 2679 2178 2730 ἐστιν
2205 2679 2232 2728 6
2261 2677 2449 2745 Πατὴρ
2478 2676 2574 2727 καὶ
2612 2674 2811 2743 ἰδιότης
2841 2672 3007 2728 αὐτοῦ
3036 2674 3157 2725 ἐστι
3189 2673 3249 2725 :6
3282 2670 3424 2725 εἶναι
3455 2675 3600 2743 ἀρχὴ

2026 2769 2121 2825 1:61
2174 2768 2323 2821 αίτία
2365 2767 2469 2837 τῆς
2500 2768 2560 2819 ἐν
2607 2765 2722 2836 Υίῷ
2773 2764 2868 2818 1:61
2900 2765 3184 2834 Πνεύματι
3215 2764 3602 2835 θεωρουμένης

2029 2863 2303 2933 θεότητος,
2333 2862 2429 2916 1:61
2461 2861 2622 2932 μόνος
2649 2862 2826 2923 αἴτιος
2854 2859 3214 2931 κηρύττεται,
3253 2860 3313 2924 ἐξ
3342 2859 3507 2913 αὐτοῦ
3545 2861 3603 2913 δέ

358 2948 469 3029 τίιξς
502 2933 648 3029 ἔχεξγ
675 2933 927 3029 οἰόμενοξ
970 2934 1047 3029 ιῖξς
1093 2937 1355 3029 ὑποτίθης
1398 2939 1525 3000 τοὺς
1567 2938 1781 3007 λόγους,
1820 2942 1918 3010 οὐχ
1952 2970 1997 3029 ο
2027 2957 2143 3008 ἐστι
2174 2954 2235 3007 τδ
2263 2953 2485 3024 Πνεῦμα
2516 2953 2607 3007 καὶ
2642 2953 2739 3023 οὐχ
2764 2953 3066 3023 ἑτέρωθεν,
3101 2955 3166 3007 ἐκ
3201 2952 3299 3006 τοῦ
3330 2952 3459 3006 nos
3494 2954 3605 3021 γὰρ

358 3015 467 3083 οἷός
498 3039 555 3075 τε
588 3012 689 3096 ἔσῃ
714 3024 843 3077 ποτὲ
880 3024 972 3079 τὸν
993 3026 1405 3096 Μακεδονισμδν
1430 3031 1712 3098 ἐκφυγεῖν.

427 3114 599 3176 Αὐτὸς
639 3114 749 3185 γάρ
790 3115 1109 3186 ἀπεφήνατο
1141 3118 1429 3189 πρότερον,
1470 3120 1545 3185 ὡς
1569 3116 1645 3175 ὧν
1673 3125 1726 3175 αἱ
1769 3124 1923 3179 δυνά-

362 3220 484 3270 μεις
520 3205 791 3275 διάφοροι,
826 3206 921 3259 1:61
946 3207 1083 3261 αὐτά
1120 3206 1187 3261 ἂν
1211 3204 1324 3262 εἷεν
1345 3212 1463 3274 ταῖς
1496 3212 1706 3277 οὐσίαις
1732 3214 1924 3282 διάφο-

366 3308 454 3361 ρα.
484 3290 655 3347 Είοῦν
683 3293 852 3358 ὅντως
877 3296 979 3350 οῐει
1004 3296 1113 3351 δεῖν
1145 3302 1425 3369 προσεῖναι
1449 3301 1526 3372 τῷ
1560 3302 1672 3373 Υἱῷ
1702 3305 1803 3367 τὰς
1833 3306 1927 3358 δυ-

361 3387 554 3452 νάμεις
592 3387 685 3440 1:61
726 3388 1066 3457 τελειότητας
1106 3389 1200 3442 τοῦ
1249 3390 1483 3461 Πατρὸς,
1518 3393 1668 3445 πᾶσα
1712 3396 1925 3466 ἀνάγκη

362 3480 642 3549 προσεῖναι
670 3480 764 3534 1:61
791 3481 867 3552 τῷ
900 3482 1199 3552 Πνεύματι.
1229 3478 1362 3536 Εῐτα
1393 3484 1548 3537 ἔσται
1582 3488 1609 3539 6
1638 3488 1767 3550 Υἱὸς
1797 3506 1923 3555 γεν-

362 3571 582 3641 νητικὸς
614 3574 706 3625 1:61
736 3574 1122 3643 προσλητικός.
1162 3573 1392 3643 Ὁμοίως
1417 3575 1474 3628 δέ
1499 3578 1591 3629 1:61
1616 3577 1676 3629 :6
1705 3580 1928 3650 Πνεῦμα

364 3667 683 3734 γεννητικὸν
714 3666 811 3720 1:61
833 3666 1221 3737 προϐλητικδν,
1257 3668 1359 3722 κᾶν
1387 3668 1436 3719 εί
1469 3668 1544 3739 μὴ
1572 3669 1693 3739 είκῆ
1724 3674 1929 3739 γεννῶν

366 3758 628 3827 ἑκάτερον
658 3758 751 3812 καὶ
780 3759 1108 3829 προϐάλλον.
1248 3766 1254 3771 ’

436 3851 498 3902 EE
528 3851 583 3902 δέ
617 3851 645 3903 6
681 3851 805 3915 Υἱὸς
836 3851 1125 3921 ἐνεργήσει
1166 3854 1309 3908 κατά
1337 3854 1436 3924 τὴν
1466 3855 1755 3925 ἑκατέραν,
1786 3856 1846 3908 :6
1872 3856 1930 3909 δέ

366 3941 593 4011 Πνεῦμα
647 3941 766 3996 κατ’
810 3944 1124 4017 οὐδετέραν,
1166 3946 1195 3998 6
1231 3946 1287 3998 δέ
1334 3946 1525 4017 Πατὴρ
1577 3946 1698 4000 κατ’
1740 3947 1929 4017 ἄμφω,

367 4034 446 4092 ὧν
473 4038 528 4091 δὲ
556 4038 612 4092 αί
639 4038 914 4109 ἐνέργειαι
944 4040 1215 4110 διάφοροι,
1250 4041 1346 4095 καὶ
1393 4041 1535 4096 αὐτὰ
1581 4041 1647 4094 ἂν
1685 4043 1773 4111 εἴη
1813 4043 1930 4105 ταῖς

366 4129 580 4194 οὐσίαις
611 4132 864 4203 διάφορα,
902 4133 997 4186 καὶ
1026 4132 1206 4202 πολλῷ
1237 4132 1439 4202 μᾶλλον
1478 4134 1553 4195 ὡς
1582 4132 1676 4186 καὶ
1709 4132 1817 4186 τῶν
1842 4133 1931 4185 δυ-

367 4223 606 4290 νάμεων,
636 4222 797 4276 ἕνεκά
827 4240 890 4291 γε
918 4224 1026 4276 τῶν
1043 4223 1333 4294 ἐνεργειῶν
1358 4223 1533 4277 οὐσῶν
1552 4240 1566 4255 '
1598 4224 1813 4287 01:61:5:,
1841 4224 1931 4275 ποῖ

368 4316 430 4367 :6
461 4317 692 4384 πρᾶγμα
711 4314 853 4385 ἥξει.
880 4315 1043 4369 Ὥστε
1092 4316 1152 4369 οὐ
1211 4315 1370 4385 μόνον

368 4407 462 4460 καὶ
490 4408 705 4477 Ἄρειος
733 4406 894 4468 αὐτὸς
923 4407 1298 4476 ἀναπέφηνας,
1332 4408 1426 4460 1:61
1451 4406 1624 4471 οὐδεὶς
1658 4409 1933 4479 ἐξαιρήσε-

368 4497 464 4551 ται
493 4514 552 4550 σε
572 4486 736 4565 ’λόγος
756 4496 849 4550 τοῦ
884 4497 1058 4551 δεινοῦ
1081 4498 1295 4552 τούτου.

451 4589 642 4659 Ἡμεῖς
661 4589 719 4642 δέ
747 4589 807 4642 τό
836 4604 894 4642 τε
925 4590 1121 4659 γεννᾷν
1151 4592 1248 4642 1:61
1276 4591 1338 4644 τὸ
1382 4592 1710 4662 προϐάλλειν
1736 4592 1937 4646 τελειό-

369 4696 540 4748 τητας
569 4680 937 4742 ὐποστατικάς
967 4697 1151 4751 φαμεν
1176 4680 1271 4734 τοῦ
1308 4684 1581 4753 πατρικοῦ
1612 4684 1936 4753 προσώπου,

374 4770 450 4832 ὡς
476 4774 545 4841 τῇ
573 4773 731 4844 οὐσίᾳ
764 4773 841 4842 μὴ
874 4773 1141 4837 συνούσας
1178 4774 1272 4827 τοῦ
1306 4775 1542 4844 Πατρὺς,
1571 4774 1686 4829 ἀλλ’
1787 4778 1938 4830 ἐστιν

372 4861 431 4911 ἐν
480 4862 656 4932 [16:91
696 4862 857 4933 αῦτη,
890 4864 1129 4935 ἰδιότητα
1155 4865 1319 4919 αὐτοῦ
1360 4865 1497 4935 πρὸς
1522 4866 1633 4919 τῶν
1672 4867 1939 4937 θεολόγων

373 4953 662 5018 ἀκούοντες
692 4956 793 5026 τὴν
819 4958 1016 5029 ἀρχὴν,
1048 4959 1142 5012 1:61
1171 4960 1230 5011 :6
1254 4959 1522 5027 θεογόνον,
1550 4960 1774 5031 καὶςτὴν
1805 4979 1941 5031 καρ⁴

374 5048 652 5114 πογονίαν,
696 5049 754 5101 ἐν
803 5046 884 5113 οἷς
929 5053 1124 5123 γεννᾷν
1156 5048 1249 5104 1:61
1288 5051 1616 5122 προϐάλλειν
1667 5054 1805 5116 ἐστὶ,
1846 5055 1941 5106 1:61

377 5138 467 5191 6:6
496 5138 653 5193 τοῦτο
672 5141 882 5208 ἀνάγκη
921 5142 1213 5214 μηδέτερον
1246 5143 1472 5209 τούτων,
1510 5144 1541 5212 ἢ
1578 5142 1708 5212 γοῦν
1730 5144 1791 5197 τὸ
1820 5162 1942 5212 75v-

376 5233 475 5300 νᾷν
530 5232 565 5302 ἢ
616 5234 675 5286 :6
711 5234 1079 5303 ιπροϐάλλῑιν,
1135 5236 1259 5307 μηδ’
1300 5236 1475 5306 ἑτέρῳ
1521 5237 1942 5291 κοινοποιεῖσθαι

376 5322 487 5374 τῶν
548 5323 607 5385 ἐξ
650 5323 819 5377 αὐτοῦ
878 5324 1209 5392 προσώπων,
1238 5325 1352 5379 ἀλλ’
1398 5326 1547 5396 αὐτῷ
1577 5328 1724 5399 μόνῳ
1767 5346 1941 5399 προσ-

378 5416 541 5467 εἶναι.
563 5415 641 5469 T6
672 5416 780 5486 769
804 5417 1080 5487 θεοπρεπῆ
1102 5420 1281 5473 πάντα
1306 5423 1369 5491 τῇ
1394 5423 1491 5494 ὃλῃ
1517 5423 1750 5494 θεαρχίᾳ
1773 5424 1913 5493 πρόσ
1930 5456 1942 5465 -

382 5522 552 5568 εστιν,
584 5503 662 5569 οἷς
692 5508 982 5577 σύμφωνος
1016 5510 1313 5580 Γρηγόριος
1343 5514 1520 5567 κοινὸν
1561 5517 1736 5583 λέγων
1768 5518 1942 5586 [16:91

388 5598 484 5655 1:61
516 5599 628 5675 Υῑιῖξ
667 5600 759 5657 καὶ
796 5600 945 5677 ἁγίῳ
963 5601 1235 5672 Πνεύματι
1264 5605 1323 5655 :6
1359 5605 1433 5675 μὴ
1466 5585 1745 5675 γεγονέναί
1775 5612 1866 5669 καὶ
1908 5615 1937 5681 η

2028 3048 2087 3101 :6
2119 3046 2346 3116 Πνεῦμα
2372 3047 2434 3100 οὐ
2457 3046 2692 3115 λέγομεν
2714 3061 2728 3075 ·
2753 3045 2872 3099 δέον
2904 3045 3060 3099 οὐδέν
3096 3047 3251 3098 ἐστιν
3278 3043 3498 3113 εὔλογον
3527 3047 3603 3114 μὴ

2028 3139 2314 3211 νομισθείη
2364 3156 2451 3201 τις
2493 3139 2793 3209 Ἀρειανδς,
2818 3142 2881 3191 ἐκ
2918 3136 3015 3191 τοῦ
3065 3136 3277 3209 Πατρὺς
3315 3138 3481 3207 μόνου
3520 3136 3607 3188 λέ-

2028 3250 2140 3301 γων
2175 3232 2571 3302 ἐκπορεύεσθαι
2602 3232 2660 3285 :6
2682 3231 2908 3301 Πνεῦμα
2930 3231 2992 3283 :6
3022 3230 3181 3298 ἅγιον
3199 3269 3214 3285 .

2102 3326 2227 3388 Πῶς
2259 3324 2369 3395 γὰρ
2394 3326 2442 3377 εἰ
2466 3325 2560 3377 1:61
2594 3323 2714 3377 λίαν
2741 3324 2962 3387 εὐσεὸἐς
2987 3322 3083 3377 1:61
3121 3325 3187 3391 τῇ
3208 3320 3317 3375 τῶν
3354 3321 3609 3373 διδασκά-

2030 3420 2137 3473 λων
2156 3417 2407 3487 θεολογίᾳ
2431 3418 2728 3487 σύμφωνον
2753 3416 2815 3469 τὸ
2839 3416 3136 3485 λεγόμεν’.ν
3163 3432 3176 3481 ;
3210 3414 3382 3477 Αὐτὸς
3413 3414 3468 3466 δέ
3500 3413 3608 3478 ἄρα

2029 3515 2057 3566 ὁ
2080 3512 2198 3564 λίαν
2232 3509 2422 3571 δεδιὼς
2458 3510 2549 3562 1:61
2574 3508 2842 3561 ἐκκλίνων
2893 3507 2953 3560 :6
2981 3508 3081 3576 τῆς
3108 3506 3299 3569 οὐσίας
3331 3504 3607 3573 ἀνόμοιον,

2032 3604 2123 3657 1:61
2169 3594 2302 3656 λίαν
2354 3601 2433 3671 τῷ
2480 3602 2712 3673 τοιούτῳ
2762 3599 2999 3670 κρημνῷ
3030 3600 3099 3652 δι’
3128 3595 3203 3653 ὧν
3254 3584 3611 3666 ἐπινενόηκας

2033 3712 2100 3748 πε
2109 3696 2490 3768 ριπέπτωκας.

2530 3808 3113 3862 ΑΡΓΥΡΟΠΟΥΛΟΣ.

2108 3923 2205 3975 Διὰ
2254 3923 2413 3976 τοῦτο
2459 3921 2508 3973 οί
2561 3920 2660 3990 τῆς
2704 3920 3035 3989 Ἑκκλησίας
3068 3922 3406 3987 διδάσκαλοι,
3454 3923 3610 3989 καὶὴ

2033 4014 2295 4082 καθολικὴ
2326 4013 2371 4076 ζ’
2416 4011 2633 4074 σύνοδος
2688 4012 2752 4064 ἐκ
2800 4010 2894 4064 τοῦ
2934 4012 3147 4082 Πατρδς
3186 4014 3507 4083 ἀπεφήνατο
3546 4012 3614 4065 δι’

2033 4106 2164 4160 Υίοῦ
2201 4107 2260 4159 :6
2285 4106 2440 4174 ἅγιον
2474 4104 2875 4174 ἐκπορεύεσθαι
2910 4104 3156 4176 Πνεῦμα,
3190 4105 3287 4174 οὐχ
3328 4105 3403 4168 ὡς
3439 4105 3613 4158 αἰτίου

2033 4193 2126 4247 τοῦ
2154 4194 2285 4247 Υίοῦ
2320 4193 2492 4259 ὄντος,
2521 4193 2633 4246 οὐδ’
2655 4194 2731 4257 ὡς
2762 4194 2936 4266 ἀρχῆς
2967 4194 3156 4259 ἁπλῶς
3183 4196 3275 4247 καὶ
3302 4195 3616 4265 προόολέως

1418 4314 1763 4377 Μακεδόνως,
1799 4285 1932 4368 ἀλλὰ
1966 4302 2007 4355 ι)
2033 4287 2129 4356 τῆς
2156 4285 2247 4339 τοῦ
2287 4286 2604 4356 Πνεύματος
2632 4286 3007 4351 ὑποστάσεως,
3053 4286 3169 4341 ἀλλ’
3214 4288 3289 4350 ὡς
3337 4288 3614 4341 συναιτίου

2039 4380 2134 4432 καὶ
2160 4380 2336 4448 ἀρχῆς
2370 4378 2465 4433 καὶ
2499 4379 2559 4445 ἐξ
2588 4380 2785 4451 ἀρχῆς.

2593 4492 3055 4547 ΑΓΑΛΛΙΔΝΟΣ.

2110 4611 2220 4663 Καὶ
2258 4608 2432 4664 ταῦτα
2465 4611 2558 4663 ἐπὶ
2593 4613 2931 4682 συκοφαντίᾳ
2959 4612 3069 4666 τῶν
3097 4612 3433 4668 διδασκάλων
3463 4613 3615 4682 51911-

2037 4718 2126 4754 :6:
2170 4702 2263 4754 1:61
2304 4701 2405 4771 τῆς
2450 4703 2495 4765 ζ’
2532 4702 2750 4756 συνόδου
2775 4720 2789 4736 ·
2824 4704 2948 4758 ἐπεὶ
2976 4704 3084 4775 769
3116 4704 3230 4758 οὔτ’
3261 4706 3456 4776 ἀρχὴν,
3491 4704 3617 4758 οὔτε

2042 4792 2317 4845 συναίτιον
2349 4790 2440 4843 τὸν
2478 4792 2608 4845 Υίὸν
2632 4792 2727 4845 τοῦ
2760 4792 2918 4862 ἁγίου
2960 4794 3279 4864 Πνεύματος
3312 4796 3619 4866 ἐφρόνησαν

2040 4883 2073 4952 ἢ
2107 4878 2227 4935 είπέ
2254 4900 2340 4946 τις
2363 4882 2474 4936 τῶν
2505 4884 2702 4952 ἁγίων,
2726 4884 2801 4948 ὡς
2823 4884 2887 4938 ἐκ
2914 4902 2978 4954 γε
3008 4887 3117 4940 τῶν
3149 4887 3456 4956 εἰρημένων
3485 4887 3620 4940 ἀπο-

2039 4972 2333 5038 δέδεικται,
2370 4974 2485 5035 πῶς
2518 4970 2629 5028 οἷόν
2657 4976 2703 5028 τ’
2733 4975 2800 5029 ἂν
2844 4972 2913 5048 ἦν
2942 4978 3003 5030 ἐν
3030 4977 3111 5046 τῷ
3161 4977 3229 5031 δι’
3261 4976 3393 5030 Υίοῦ
3440 4979 3620 5031 συναί-

2042 5082 2158 5119 τιον
2185 5066 2264 5137 τῷ
2296 5068 2472 5140 [16:91
2501 5067 2595 5121 τὸν
2618 5068 2747 5121 Υίὸν
2770 5070 2913 5123 νοεῖν
2944 5068 3039 5122 τοῦ
3068 5070 3228 5139 άγίου
3264 5069 3577 5139 Πνεύματος
3602 5086 3617 5132 ;

2055 5156 2197 5210 Ἀλλ’
2224 5159 2305 5213 ὅτι
2335 5160 2437 5230 μέν
2468 5177 2613 5223 τινες
2641 5159 2748 5212 τῶν
2769 5160 3106 5215 διδασκάλων
3142 5162 3269 5233 περὶ
3311 5163 3410 5230 τῆς
3443 5159 3618 5212 ἀϊδίου

2046 5249 2337 5318 ὑπάρξεως
2367 5250 2460 5305 τοῦ
2494 5251 2813 5321 Πνεύματος
2848 5252 3226 5321 θεολογοῦντες
3258 5251 3335 5320 τῷ
3378 5250 3446 5303 δι’
3487 5248 3618 5300 Υίοῦ

2045 5328 2371 5411 ὲὶίρπῆσσιντο,
2408 5344 2502 5397 1:61
2527 5346 2612 5407 τίς
2641 5340 2709 5416 ἦν
2737 5347 2765 5399 6
2793 5346 3037 5416 5605617,.
3054 5344 3259 5396 τούτων
3292 5341 3435 5406 νοῦς,
3467 5340 3618 5395 ἄλλοι

2048 5433 2154 5500 πρὸ
2186 5433 2343 5501 ἡμῶν
2392 5432 2731 5505 ἐξηγήσαντο
2755 5452 2770 5467 ·
2813 5437 3001 5506 χαρίεν
3023 5434 3068 5487 δ’
3100 5434 3166 5487 ἂν
3195 5428 3284 5500 ἦν,
3318 5433 3367 5484 εί
3402 5433 3618 5485 Λατῖνοι

2048 5523 2220 5576 αἴτιον
2262 5524 2450 5588 ἁπλῶς
2503 5527 2596 5578 1:61
2639 5528 2811 5596 ἀρχὴν
2855 5527 3038 5591 ἔλεγον
3069 5524 3160 5574 τὸν
3192 5522 3338 5586 Υίύν,
3387 5523 3473 5577 ἵνα
3521 5524 3615 5576 καὶ

2048 5615 2231 5680 χεῖρον
2281 5618 2498 5670 πάντων
2552 5615 2845 5674 αἱρετικῶν
2896 5611 3234 5668 ἐδυσσέϐουν.
3298 5612 3467 5669 Τοῦτο
3504 5614 3614 5670 γὰρ
