4066 6188
365 244 501 310 1045

1487 239 1928 301 REFUTATIO
1966 241 2376 303 ARGYROPU
2387 242 2477 305 LI.

3467 242 3600 306 1046

364 361 555 430 Θωμᾶ.
582 359 654 412 Σύ
688 357 746 411 δέ
777 357 876 428 τὴν
906 354 1352 425 ξυνεπτυγμένην
1384 346 1619 407 ἐκείνων
1647 352 1930 422 θεολογίαν
1952 368 2004 427 Α
2030 354 2122 409 καὶ
2146 355 2287 409 κατὰ
2325 356 2507 424 πάσης
2533 354 2763 424 χωρίσαι
2791 358 2971 425 γυμνῇ
2998 357 3062 425 τῇ
3106 355 3312 423 κεφαλῇ
3350 354 3450 423 τῆς
3483 357 3601 409 θεό-

363 449 507 525 κατὰ
533 450 595 501 τὸ
626 448 710 501 σοὶ
730 446 922 501 δοκοῦν
952 446 1259 510 ἁνέπτυξας
1289 445 1467 515 δόγμα
1491 445 1703 513 κυρῶν,
1742 445 1928 499 κάκεί-

364 557 478 601 νοις
502 539 802 607 ἄγνωστον,
838 540 1071 601 καὶτοῖς
1107 537 1287 605 λόγοις
1318 536 1419 603 τῆς
1438 535 1749 605 όρθοδοξίας
1780 535 1930 588 ἀντί-

368 630 556 684 παλον.
581 629 707 690 Πῶς
737 628 849 697 γάρ
876 630 944 682 ἂν
969 630 1063 681 καὶ
1094 627 1355 698 ἐφρόνουν
1389 625 1549 680 τοῦτο
1585 628 1633 678 οἰ
1665 627 1931 679 θειότατοι

364 722 588 786 ἐκεῖνοι,
619 720 744 791 μήτ’
787 722 853 772 ἐκ
888 720 986 786 τῆς
1023 719 1172 781 θείας
1202 718 1552 791 τψραιδόσεως
1593 717 1737 771 τοῦτ’
1787 717 1933 782 εἰλη-

369 813 552 880 φότες,
578 811 706 881 μήτ’
734 810 846 865 ἀπὸ
874 813 973 878 τῆς
1002 809 1369 877 ἀποστολικῆς
1391 809 1762 871 διδασκαλίας,
1791 809 1932 878 μήτε

369 904 521 972 παρά
564 903 664 971 τῆς
699 900 1028 970 Ἐκκλησίας
1083 900 1274 970 αὐτῆς,
1326 901 1639 953 τούναντίον
1690 901 1790 967 μὲν
1843 896 1935 952 οὖν

367 994 494 1059 ὅρον
520 991 804 1060 εἰληφότες
839 991 1051 1060 μυρίοις
1077 990 1293 1060 δεσμοῖς
1320 991 1414 1044 καὶ
1442 990 1735 1059 ἐπιτιμίοις
1760 1007 1936 1042 κατω-

370 1082 712 1151 χυρωμὲνον,
742 1082 804 1134 τὸ
833 1080 1055 1148 Πνεῦμα
1085 1080 1148 1132 τὸ
1176 1082 1330 1147 ἆγιον
1379 1083 1443 1135 ἐκ
1470 1078 1562 1134 τόῦ
1588 1081 1800 1148 Πατρὸς
1837 1081 1937 1149 μὲν

372 1170 790 1239 ἐκπορεύεσθαι,
828 1166 1009 1239 Πατρϊ
1034 1169 1091 1221 δέ
1130 1170 1224 1222 καὶ
1249 1170 1364 1238 Υἰῷ
1405 1166 1939 1239 συμπροσκυνεῖσθαι

372 1261 467 1313 καὶ
494 1259 911 1325 συνδοξάξεσθαι
942 1262 1035 1312 καὶ
1058 1262 1275 1329 φρονεῖν
1310 1261 1406 1313 καὶ
1428 1260 1761 1330 κηρύττεινς

443 1352 578 1405 Δίαν
606 1352 663 1405 δὲ
691 1352 784 1404 καὶ
814 1352 1065 1421 τολμηρά
1096 1368 1185 1422 μοι
1219 1350 1368 1404 δοκεῖ
1396 1353 1427 1421 ὴ
1456 1352 1718 1424 ἐπαγωγὴ
1751 1354 1817 1423 ἢν
1848 1354 1944 1405 ἐπ-

374 1442 603 1510 ήγαγες,
655 1442 715 1507 ἐξ
767 1440 899 1494 Υἰοῦ
922 1440 999 1507 ,δὲ
1030 1443 1128 1510 οὐχ
1162 1439 1357 1506 οὕτως,
1392 1440 1583 1494 εἰπών.
1625 1441 1938 1495 Ἐκντούτον

373 1532 480 1600 γὰρ
513 1531 573 1583 τὸ
599 1531 775 1584 διττὸν
816 1531 916 1598 τῆς
958 1532 1136 1590 αἰτίας
1182 1530 1475 1601 πρόδηλον.
1512 1526 1573 1583 Εἰ
1618 1532 1726 1601 γὰρ
1769 1530 1943 1595 ἄλλως

378 1624 479 1685 μὲν
505 1622 658 1674 ἐστιν
688 1624 715 1673 6
743 1621 931 1691 Πατὴρ
960 1623 1104 1690 ἀρχὴ
1128 1624 1160 1691 ἡ
1188 1621 1281 1674 τοῦ
1303 1623 1459 1690 ἁγίου
1491 1624 1826 1691 Πνεύματος,
1851 1624 1939 1677 άλ-

2031 463 2213 515 τητος.
2266 444 2425 499 Ἀλλά
2458 445 2550 498 καὶ
2578 447 2607 499 6
2638 446 2913 510 πολιτικός
2938 464 3072 513 φησι
3098 447 3284 515 νόμος,
3312 448 3596 515 Αἰρετικός

2033 539 2150 590 ἐστι
2179 536 2275 590 καὶ
2303 537 2417 598 τοῖς
2450 534 2747 607 αἱρετικῶν
2779 538 3064 591 ὑπόκειται
3108 539 3315 605 νόμοις,
3350 540 3379 589 6
3407 538 3603 607 μικρὸν

2034 628 2164 696 γοῦν
2193 645 2245 680 τι
2271 629 2370 697 τῆς
2395 626 2563 696 όρθῆς
2591 628 2827 692 πίστεως
2860 629 3262 698 παρεκκλίνων.

2546 739 3113 795 ΑΡΓΥΡΟΠΟΥΛΟΣ.

2117 854 2432 922 ’Δντιφάσει
2464 854 2570 920 γὰρ
2618 852 2684 906 ἂν
2735 853 3121 922 περιέπιπτεν,
3154 853 3203 905 εἰ
3248 852 3419 914 οὕτως
3466 850 3604 922 ἐνόει

2036 943 2217 1011 ταυτὶ,
2251 943 2345 996 καὶ
2377 943 2437 1009 ἐξ
2474 942 2605 995 Υἰοῦ
2637 941 2697 994 τὸ
2725 942 2952 1013 Πνεῦμα
2985 942 3349 1015 κηρύττουσα.

2597 1053 3057 1106 ΔΓΑΛΛΙΑΝΟΣ.

2111 1170 2226 1222 Καὶ
2271 1168 2414 1220 πάνυ
2448 1166 2549 1234 μέν
2579 1165 2672 1218 οῦν
2702 1168 2769 1234 τῇ
2800 1166 2938 1234 αὐτῇ
2972 1165 3259 1231 ἀντιφάσει
3287 1164 3608 1231 περιπίπτει

2044 1261 2138 1314 καὶ
2170 1260 2286 1326 νῦν,
2318 1258 2453 1311 Θεὸν
2478 1256 2817 1327 ὁμολογοῦσα
2857 1256 2918 1307 τδ
2962 1254 3207 1322 Πνεῦμα,
3259 1254 3353 1306 καὶ
3405 1254 3609 1322 κτίσμα

1996 1338 2005 1343 ’
2043 1348 2107 1405 αῦ
2142 1349 2396 1415 ποιοῦσα,
2427 1350 2510 1401 ὅτι
2540 1350 2726 1418 στερεῖ
2746 1346 2907 1401 τοῦτο
2930 1344 3225 1406 οὐσιώιῖους
3256 1343 3350 1397 καὶ
3377 1346 3611 1412 φυσικῆς

2043 1443 2347 1513 δυνάμεως,
2378 1440 2471 1495 καὶ
2502 1440 2593 1494 διὰ
2618 1438 2774 1493 τοῦτο
2805 1438 2988 1507 κοινῆς
3025 1436 3199 1504 Πατρὶ
3233 1437 3326 1489 καὶ
3358 1434 3473 1503 Υἰῷ
3511 1435 3611 1502 τῆς

2046 1534 2418 1606 προὸλητικῆς
2445 1547 2458 1563 ·
2487 1532 2581 1584 καὶ
2600 1530 2682 1583 ἐτι
2716 1529 2980 1599 διαφοράν
3007 1526 3192 1601 ἀρχῶν
3220 1525 3607 1598 παραδιδοῦσα,

1996 1636 2007 1696 ς
2047 1630 2137 1682 τὸν
2188 1626 2294 1696 μὲν
2348 1623 2576 1694 Πατέρα
2607 1621 2846 1691 λέγουσα
2878 1619 3113 1688 ἄναρχον
3167 1616 3363 1688 ἀρχὴν,
3424 1618 3514 1670 τὸν
3557 1618 3612 1671 δὲ

375 1713 479 1777 λως
512 1714 569 1768 δὲ
596 1716 626 1767 6
653 1714 803 1781 Υἰδς,
835 1716 895 1766 τὸ
927 1713 975 1766 δ’
1009 1714 1182 1777 ἄλλως
1212 1718 1303 1768 καὶ
1328 1716 1501 1778 ἄλλως
1541 1716 1805 1785 διαφοράν
1833 1719 1943 1769 εἰσ·
1974 1692 2016 1746 Β
2051 1692 2387 1787 Υἰδνῄἀρχὴν
2442 1692 2519 1783 ἐξῆ
2556 1712 2755 1786 ἀρχῆς.
2784 1710 2906 1782 ἥτις
2934 1707 3171 1779 διαφορὰ
3207 1708 3304 1779 τὴν
3348 1707 3613 1777 δυαρχίαν

376 1806 523 1873 ἀγει,
558 1806 622 1858 σύ
648 1805 705 1859 δὲ
734 1804 880 1858 τοῦθ’
914 1803 1058 1858 οῦτω
1088 1806 1386 1873 πιστεύεις,
1410 1808 1838 1875 περιπέπτωκας
1872 1808 1939 1877 τῇ

373 1895 608 1965 δυαρχίᾳ
636 1895 830 1964 δήπου.
859 1894 981 1959 Πῶς
1016 1896 1125 1967 γὰρ
1155 1896 1352 1966 ἡαύτὴ
1381 1897 1475 1948 καὶ
1511 1896 1607 1965 μία
1643 1898 1729 1965 εἰη
1759 1894 1824 1948 ἂν
1850 1896 1944 1963 ἁρ-

375 1986 469 2057 χὴ,
522 1986 1006 2056 διακεκριμμένων
1060 1987 1231 2040 ὄντων
1274 1988 1382 2039 τῶν
1443 1986 1775 2056 προσώπων,
1815 2002 1947 2055 προ-

376 2079 618 2146 αγόντων
646 2077 703 2129 δὲ
729 2078 788 2130 οὐ
815 2079 950 2130 καθὸ
976 2080 1115 2132 εἰσιν
1144 2079 1204 2130 ἒν
1246 2082 1311 2147 τῇ
1340 2079 1521 2148 οὐσίᾳ,
1552 2078 1645 2131 καὶ
1671 2078 1948 2146 διαφόρων

349 2171 547 2243 ηδντων
579 2172 688 2224 τῶν
722 2172 939 2239 τρόπων
971 2174 1069 2241 τῆς
1116 2173 1483 2242 προαγωγῆςς
1519 2172 1592 2222 Τὸ
1617 2170 1673 2221 δέ
1705 2173 1772 2239 τῇ
1808 2171 1947 2240 αὐτῇ

376 2266 607 2333 δυνάμει
656 2269 749 2321 καὶ
785 2265 1025 2337 προὸολῇ
1066 2268 1233 2320 ταυτό
1272 2284 1363 2335 μοι
1391 2266 1542 2319 δοκεῖ
1578 2266 1835 2319 δύνασθαι
1868 2263 1945 2332 τῷ

379 2356 546 2424 φάναι
579 2358 721 2421 τινὰ,
754 2357 847 2410 δύο
879 2359 1135 2421 τέκτονας
1165 2357 1516 2419 συνελθόντας
1550 2358 1614 2425 τῇ
1657 2358 1713 2407 ἐν
1763 2355 1947 2422 σφίσιν

380 2447 564 2507 αὐτοῖς
596 2446 697 2517 μιᾷ
751 2447 980 2514 δυνάμει
1017 2446 1117 2515 τῆς
1147 2446 1317 2516 αὐτῆς
1345 2448 1537 2515 τέχνης
1580 2444 1708 2512 μίαν
1757 2444 1947 2512 κλίνην

382 2537 680 2602 συνθεῖναι,
705 2537 733 2589 ὃ
756 2538 928 2608 πόσης
956 2539 1330 2609 βλασφημίας,
1362 2539 1421 2589 οὐ
1447 2536 1679 2606 χαλεπὸν
1707 2534 1949 2588 συνιέναι

379 2629 507 2692 τοὺς
542 2629 852 2700 σώφρονας.

886 2742 1453 2801 ΑΡΓΥΡΟΠΟΥΛΟΣ.

448 2854 620 2908 Ὅθεν
646 2856 703 2909 δὲ
737 2856 792 2908 εἰ
815 2874 915 2911 που
940 2860 1031 2911 τὸν
1059 2860 1186 2912 Υἰὸν
1220 2858 1389 2929 ἀρχὴν
1422 2858 1517 2912 καὶ
1548 2856 1731 2912 αἰτίαν
1755 2859 1943 2927 φησὶν,

379 2945 417 3014 ἢ
455 2944 725 3017 ξυγχωρεῖ
758 2948 935 3017 λέγων
966 2950 1065 3018 τῆς
1098 2949 1194 3002 τοῦ
1226 2950 1544 3018 Πνεύματος
1573 2940 1943 3011 ὑποστάσεως,

383 3038 642 3110 καθάπερ
674 3041 733 3092 ἐν
764 3041 841 3109 τῷ
874 3042 986 3112 ὅρῳ
1012 3041 1112 3111 τῆς
1144 3043 1293 3112 ἱερᾶς
1316 3042 1608 3111 καθολικῆς
1642 3039 1693 3110 η’
1727 3040 1947 3093 συνόδου
1975 3023 2019 3083 c

380 3130 484 3197 τῆς
513 3130 571 3183 ἐν
598 3131 909 3203 Φλωρεντίᾳ
932 3134 1262 3203 γέγραπται,
1298 3134 1397 3203 οὐχ
1422 3131 1607 3195 άπλῶς
1634 3130 1807 3202 ἀρχὴν
1839 3130 1949 3183 οὐδ’

382 3218 566 3271 αἰτίαν
610 3218 858 3287 βούλεται
902 3217 1042 3276 εἶναι
1087 3224 1274 3285 αὐτὸν,
1332 3222 1449 3275 ἀλλ’
1482 3221 1659 3294 ἀρχὴν
1686 3223 1743 3287 ἐξ
1774 3222 1949 3292 ἀρχῆς

387 3309 482 3362 καὶ
514 3309 717 3374 αἰτίας,
738 3311 979 3383 αἴτιον
1005 3314 1080 3377 ώς
1112 3314 1404 3368 συναίτιον.

956 3425 1408 3479 ΔΓΑΛΛΙΑΝΟΣ.

471 3538 560 3599 Ὦς
585 3541 772 3610 χάριεν
797 3537 861 3593 ἂν
886 3533 953 3608 ἦν
986 3537 1086 3605 τῆς
1117 3537 1339 3591 συνόδου
1375 3537 1577 3607 ταύτης
1602 3536 1780 3600 τοῦτο,
1813 3538 1865 3587 εἰ
1888 3552 1949 3601 γε

389 3633 471 3687 δεῖ
525 3634 729 3702 ταύτην
786 3631 927 3685 οὕτω
980 3632 1286 3694 καλεῖσθαι,
1324 3630 1415 3684 καὶ
1460 3630 1561 3685 ὃσα
1614 3628 1952 3700 προσέθηκεν

389 3717 543 3786 οὗτος
596 3724 836 3788 ἀκούειν,
867 3723 1002 3776 ἀλλὰ
1054 3722 1130 3793 μὴ
1170 3721 1487 3774 τούναντίον
1538 3720 1705 3782 ἅπαν,
1751 3720 1799 3771 εἰ
1855 3719 1953 3771 σὺν

390 3816 502 3877 τοῖς
535 3815 712 3877 ἄλλοις
751 3817 843 3867 καὶ
872 3813 1079 3883 ταύτην
1110 3813 1205 3882 τὴν
1238 3810 1591 3880 βλασφημίαν
1625 3807 1949 3879 ἐξενηνόχει.

894 3925 1463 3981 ΔΡΓΥΡΟΠΟΥΛΟΣ.

401 4059 405 4063 '
474 4041 685 4103 ’Δπλῶς
726 4039 908 4111 ἀρχὴν
940 4040 1037 4093 καὶ
1073 4039 1316 4091 αἰτιατδν
1362 4038 1489 4089 Υἰδν
1540 4034 1949 4105 δογματίσασα·

393 4133 538 4189 οὕτω
567 4134 675 4201 γὰρ
708 4132 773 4186 ἂν
798 4132 893 4184 καὶ
922 4132 1101 4186 πᾶσαν
1128 4130 1341 4201 αἵρεσιν
1371 4133 1437 4201 τῇ
1464 4129 1756 4198 δυσσεόεἰᾳ
1789 4128 1956 4197 ὐπερ-

392 4224 701 4294 ηκόντισενί

950 4333 1075 4387 ΔΓΑ
1086 4332 1404 4386 ΔΛΙΑΝΟΣ.

464 4451 529 4504 Εἰ
558 4448 668 4520 γάρ
700 4448 795 4503 καὶ
827 4446 919 4500 δύο
946 4445 1156 4508 αἰτίους
1193 4446 1342 4499 ποιεῖ
1362 4444 1456 4499 τὸν
1495 4443 1671 4499 αἴτιον
1700 4443 1794 4497 καὶ
1836 4461 1957 4496 συν-

393 4542 590 4607 αίτιον,
626 4540 720 4595 καὶ
744 4539 833 4593 διὰ
862 4538 1036 4610 μέσης
1073 4533 1138 4591 αὖ
1174 4537 1529 4600 ὑποστάσεως
1555 4536 1703 4598 θείας
1726 4535 1957 4604 ὑφίστα-

393 4651 485 4687 ται
516 4634 576 4686 τδ
610 4630 834 4702 Πνεῦμα
883 4630 944 4683 τὸ
976 4630 1132 4698 ἅγιον
1172 4630 1236 4682 ἐκ
1270 4628 1364 4683 τοῦ
1416 4627 1628 4698 Πατρδς
1665 4626 1959 4680 ἐθέσπισεν

394 4724 454 4777 τδ
472 4723 541 4777 δι’
570 4721 699 4776 Υἰοῦ
728 4722 974 4791 προῖὲναι
998 4718 1170 4782 οὕτως
1202 4719 1678 4790 ἐκλαμϐανομένη,
1709 4724 1802 4773 καὶ
1834 4738 1957 4772 σνν-

394 4817 578 4873 τάττει
612 4815 671 4868 τὸ
697 4813 923 4883 Πνεῦμα
953 4812 1066 4876 τοῖς
1096 4811 1262 4876 ὅλοις,
1294 4805 1371 4865 ὧν
1402 4812 1551 4866 ἐστιν
1582 4811 1724 4883 ἁρχὴ
1768 4811 1824 4880 ἐξ
1861 4812 1959 4882 ἁρ-

394 4908 496 4977 χῆς
521 4908 550 4959 6
586 4905 730 4967 Υἰός.
773 4904 915 4958 Ἀλλ’
941 4905 1072 4966 ἴσως
1120 4901 1295 4957 ταῦτα
1335 4902 1415 4965 εἰς
1456 4898 1687 4956 ἀτοπίαν
1734 4902 1957 4955 ἐκείνων

392 4997 623 5050 ἐλάττω.
653 4996 716 5049 Εἰ
738 4994 793 5049 δέ
822 5011 884 5062 γε
904 4993 996 5047 δύο
1020 4991 1359 5062 βλασφημίαι
1386 4992 1720 5063 προκέοιντο,
1752 4993 1957 5061 μείζων

395 5105 455 5141 τε
508 5087 602 5139 καὶ
650 5085 906 5152 ἐλάττων,
932 5085 992 5138 οὐ
1024 5085 1114 5140 διά
1140 5082 1298 5139 τοῦτο
1344 5085 1388 5155 ήξ
1416 5083 1658 5137 ἐλάττων
1706 5086 1955 5154 αἱρετέα,

394 5181 477 5233 ὅτι
500 5180 533 5248 ἡ
562 5170 724 5248 ἐτέρά
755 5177 998 5247 σφοδρῶς
1027 5175 1338 5245 ἀπείρηται,
1368 5174 1536 5245 εἴπερ
1569 5173 1707 5231 ὅλως
1755 5178 1856 5229 κάν
1888 5178 1953 5245 τῇ

396 5272 519 5340 ἰερᾷ
549 5270 797 5340 θεολογία
826 5268 1066 5337 βαθμοὺς
1093 5262 1232 5321 εἶναι
1261 5267 1341 5320 δεῖ
1360 5268 1467 5319 τῶν
1487 5268 1765 5323 τοιούτων.
1801 5269 1955 5320 Ἑπεί

394 5365 462 5432 τῇ
486 5379 549 5429 γε
579 5361 807 5428 δυνάμει
840 5360 1035 5429 ἐπίσης
1062 5362 1236 5415 πάντα
1262 5361 1322 5413 τὸ
1359 5360 1653 5428 κεφάλαιον
1687 5359 1953 5413 ἀπόλλυσι

396 5455 537 5505 κατὰ
592 5452 687 5506 τὸν
743 5451 1001 5519 Θεολόγον
1060 5451 1363 5521 Γρηγόριον
1412 5454 1469 5505 ἐν
1512 5452 1587 5522 τῷ
1615 5450 1818 5521 πρώτῳ
1851 5452 1955 5504 τῶν

392 5546 724 5614 Είρηνικῶν
778 5543 1087 5613 φάσκοντα·
1129 5544 1238 5596 Καὶ
1284 5544 1345 5595 τὸ
1396 5545 1689 5613 περικόψαι
1741 5562 1791 5597 τι
1846 5546 1955 5598 τῶν

400 5639 590 5711 τριῶν,
612 5640 647 5711 ἢ
678 5635 1038 5705 ἀποξενῶσαι,
1070 5634 1181 5687 ἴσον
1216 5636 1348 5705 ἡμῖν
1378 5637 1469 5687 καὶ
1506 5636 1562 5689 τὸ
1585 5639 1693 5693 πᾶν
1725 5640 1951 5702 ἁνεὶείν,

2046 1810 2256 1876 εἰσάγει
2282 1804 2568 1879 προδήλως

2532 1912 3105 1969 ΔΡΓΥΡΟΠΟΥΛΟΣ.

2117 2039 2264 2091 Μίαν
2314 2033 2451 2105 αὐτή
2503 2047 2636 2101 φησι
2684 2028 2865 2099 ἀρχὴν
2922 2025 3251 2098 πρεσϐεύειν
3300 2024 3396 2078 τοῦ
3455 2024 3610 2079 ἀνίου

2049 2128 2383 2199 Πνεύματος.

2592 2236 3048 2291 ΑΓΛΛΛΙΛΝΟΣ.

2132 2354 2273 2408 Ἀλλ’
2302 2356 2330 2406 ὁ
2360 2352 2621 2420 Θεολόγος
2666 2350 2976 2421 Γρηγόριος
3010 2349 3108 2420 οὐχ
3140 2346 3284 2401 οὕτω
3312 2346 3612 2417 παραδίδω-

2050 2464 2156 2512 σιν,
2189 2446 2310 2500 οὐδέ
2339 2445 2576 2517 ἄναρχον
2604 2445 2780 2517 ἀρχήν
2808 2459 2941 2513 φησι
2982 2441 3074 2495 τὸν
3109 2440 3355 2510 Πατέρα,
3395 2440 3481 2493 ἵνα
3512 2438 3617 2507 χὼ-

2054 2554 2153 2606 ραν
2177 2537 2276 2608 ἔχῃ
2304 2539 2337 2607 ή
2370 2537 2532 2606 καινὴ
2563 2535 2703 2606 αὓτη
2738 2532 3009 2601 θεολογία,
3045 2534 3139 2587 καὶ
3167 2534 3194 2584 ό
3224 2531 3349 2591 Υἱὸς
3385 2530 3528 2603 ἀρχὴ
3556 2533 3616 2595 ἐξ

2048 2630 2289 2699 όινάρχου
2324 2628 2411 2697 εἴη
2439 2628 2584 2681 ἔνδον
2612 2627 2669 2681 ἐν
2700 2629 2763 2697 τῇ
2808 2625 3043 2694 θεότητι,
3083 2623 3198 2676 ἀλλ’
3236 2621 3473 2691 ἰδιότητα
3520 2620 3614 2672 τοῦ

2050 2722 2319 2792 πατρικοῦ
2352 2721 2641 2790 προσώπου
2675 2718 2735 2773 τὸ
2765 2719 3000 2789 ἄναρχον
3032 2718 3126 2770 καὶ
3149 2716 3248 2787 τὴν
3284 2715 3460 2784 ἀρχὴν
3486 2717 3615 2773 νοεῖ,

2050 2813 2247 2882 λέγων,
2286 2832 2302 2863 ι
2324 2811 2392 2866 Αἰ
2418 2812 2471 2864 δέ
2502 2811 2763 2881 ἰδιότητες
2784 2809 2995 2879 Πατρὸς
3031 2808 3130 2875 μὲν
3150 2808 3242 2861 καὶ
3270 2807 3503 2879 ἅνάρχου
3522 2807 3616 2858 καὶ

2049 2901 2223 2971 ἀρχῆς
2260 2901 2665 2971 ἐπινοουμένου,
2698 2899 2826 2953 Υἰοῦ
2878 2899 2972 2953 καὶ
3007 2899 3333 2968 λεγομένου,
3389 2895 3520 2949 Υίοῦ
3560 2896 3617 2948 δὲ

2052 2993 2288 3062 ἀνάνρχου
2326 2992 2423 3060 μὲν
2458 2991 2718 3060 οὐδαμοῦ,
2762 2992 2935 3062 ἀρχῆς
2973 2991 3028 3044 δὲ
3067 2991 3176 3044 τῶν
3206 2990 3362 3044 ὅλων.
3406 3008 3425 3041 ι
3485 2984 3618 3042 Εἶτα

2052 3082 2170 3146 πῶς
2226 3083 2285 3137 οὐ
2328 3082 2422 3137 δύο
2468 3086 2641 3155 ἀρχάς
2675 3087 2841 3150 ποιεῖ,
2877 3084 2935 3137 ἓν
2970 3084 3264 3153 πρόσωπον
3298 3083 3356 3136 τὸ
3392 3081 3617 3149 Πνεῦμα

2052 3175 2189 3244 πρὸς
2238 3174 2330 3228 δύο
2384 3176 2735 3248 ἀναφέρουσα
2783 3179 3051 3255 πρόσωπα
3096 3173 3473 3235 ὐποστατικῶς
3523 3173 3617 3225 καὶ
3702 3245 3709 3251 _

2053 3268 2420 3337 προσωπικῶς
2445 3285 2460 3335 ,'
2495 3269 2559 3322 Δί
2593 3270 2701 3337 γὰρ
2730 3268 2877 3322 ἔνδον
2904 3267 3173 3337 ἀναφοραὶ⁵
3203 3264 3511 3336 προσώπων
3542 3265 3619 3316 εἰ-

2053 3357 2159 3422 σιν,
2185 3357 2285 3410 οὐκ
2321 3357 2511 3420 οὐσίας
2538 3376 2598 3415 τε
2631 3359 2722 3411 καὶ
2745 3358 3053 3426 δυνάμεως.

2542 3470 3109 3526 ΑΡΓΥΡΟΠΟΥΛΟΣ.

2124 3583 2187 3635 Εἰ
2243 3582 2299 3636 δὲ
2350 3581 2555 3636 τούτων
2592 3581 2682 3651 ὐφ’
2716 3582 2872 3653 ἡμῶν
2924 3582 3228 3652 εἰρημένων
3268 3598 3355 3644 τις
3398 3581 3614 3649 ἀποροῖ,

2055 3673 2271 3741 πρῶτον
2302 3675 2402 3741 μὲν
2428 3674 2542 3736 πῶς
2582 3671 2676 3727 οῦν
2720 3675 2747 3726 ό
2786 3673 2915 3737 Υἰδς
2947 3676 3007 3728 οὐ
3040 3675 3221 3743 γεννᾷ,
3254 3673 3507 3742 καθάπερ
3556 3671 3616 3740 δὴ

2054 3765 2149 3816 καὶ
2189 3764 2500 3835 προϐάλλει,
2552 3765 2647 3833 τῆς
2691 3765 2861 3833 αὐτῆς
2907 3766 3327 3835 μεταλαγχάνων
3366 3782 3616 3834 γεννητισ

2054 3856 2156 3922 κῆς
2208 3856 2489 3923 δυνάμεως
2539 3856 2617 3923 τῷ
2669 3857 2882 3926 Πατρί;
2934 3857 2965 3926 ἢ
3018 3857 3134 3920 πῶς
3185 3859 3247 3909 τὸ
3295 3857 3516 3925 Πνεῦμα
3562 3858 3620 3908 τ“›

2056 3946 2211 4013 ἅγιον
2260 3945 2385 3998 οὔτε
2436 3945 2728 4014 προϐάλλει
2780 3946 2904 3999 οὔτε
2966 3949 3129 4017 γεννᾷ
3184 3948 3292 4001 τῶν
3339 3948 3620 4021 δυνάμεων

2054 4037 2258 4106 ἐτέρων
2324 4036 2498 4090 οὐσῶν
2552 4038 2610 4089 ἐν
2661 4036 2812 4107 αὐτῷ
2866 4037 3120 4106 καθάπερ
3183 4038 3242 4090 ἐν
3290 4037 3467 4107 Πατρὶ
3526 4037 3623 4089 καί⁵

2059 4129 2170 4200 ru;
2192 4146 2208 4197 ;

2609 4244 3064 4297 ΑΓΑΛΛΙΑΝΟΣ.

2135 4360 2275 4425 Ἤδη
2307 4356 2401 4411 νῦν
2422 4356 2922 4429 άνακεκαλυμμένῃ
2944 4359 3010 4427 τῇ
3042 4357 3252 4429 κεφαλῇ
3283 4357 3343 4410 τὸ
3362 4356 3621 4428 άτόπημα

2058 4449 2353 4520 ἐξέρρηξεν
2385 4449 2468 4500 ὅτι
2508 4449 2536 4501 6
2576 4445 2706 4511 Υἰδς
2739 4447 2854 4519 ἔχει
2897 4447 2996 4517 τὴν
3032 4449 3355 4520 γεννηυιὴν
3394 4448 3622 4519 δύναμιν

2056 4539 2149 4594 τοῦ
2171 4538 2383 4608 Πατρδς
2416 4540 2551 4609 μετά
2580 4540 2679 4610 τῆς
2712 4537 3108 4609 προῦλητικῆς,
3139 4538 3399 4601 ὡσαύτως
3440 4539 3535 4590 καὶ
3563 4537 3623 4589 τὸ

2058 4632 2306 4701 Πνεῦμα.
2344 4631 2453 4684 Καὶ
2482 4630 2676 4683 σκόπει
2706 4630 2766 4683 τὸ
2799 4630 3227 4697 καταναγκάσαν
3256 4630 3442 4684 αὐτόν.
3486 4629 3621 4683 Συν-

2057 4724 2376 4793 αισθόμενος
2412 4723 2517 4790 ὅτι,
2550 4725 2599 4776 εἰ
2631 4725 2658 4775 6
2684 4723 2813 4785 Υἱὸς
2842 4722 2953 4792 ἔχει
2986 4722 3083 4792 τὴν
3116 4719 3511 4794 προδλητικὴν,
3542 4720 3622 4772 δεῖ

2060 4815 2153 4869 καὶ
2176 4817 2237 4868 τὸ
2266 4814 2487 4884 Πνεῦμα
2518 4814 2619 4885 τὴν
2650 4812 2977 4884 γεννητικὴν
3008 4813 3178 4883 ἐχειν,
3212 4813 3305 4866 καὶ
3345 4813 3513 4881 αὐτὴν
3542 4811 3624 4864 ἐτι

2057 4909 2155 4981 την
2178 4906 2572 4977 προδλητικην,
2604 4905 2679 4968 ώς
2712 4905 2807 4960 καὶ
2838 4904 2927 4975 ὑφ’
2959 4903 3117 4976 ἡμῶν
3151 4905 3238 4959 ἀεὶ
3266 4906 3479 4973 λέγεται
3514 4903 3624 4965 δεῖν

2058 5001 2372 5055 ἀκολουθεῖν
2401 5001 2473 5064 ὡς
2499 4999 2699 5055 ἄτοπα.
2738 5000 2801 5053 Εἰ
2837 5002 2866 5055 6
2906 5000 3032 5066 Υἰδς
3073 5003 3155 5072 εἴη
3195 5001 3494 5071 προόολεύς
3532 4999 3620 5052 καί

2058 5094 2157 5147 οὐκ
2204 5093 2345 5163 ἔχων
2395 5092 2722 5162 ἀποφυγεῖν,
2759 5092 2820 5145 οὐ
2862 5096 3134 5164 συγχωρεῖ
3173 5095 3382 5156 τούτοις
3430 5094 3504 5154 ὼς
3548 5090 3620 5160 μὴ

2059 5188 2302 5249 ἀτόποιςο
2344 5185 2436 5238 καί⁵
2459 5185 2546 5240 ἵνα
2573 5186 2719 5257 δείξῃ
2750 5186 2923 5240 ταῦτα
2945 5188 3018 5258 μὴ
3046 5187 3176 5241 ὄντα
3207 5187 3404 5247 ἄτοπα,
3432 5184 3619 5236 ἀδυναο

2061 5276 2189 5347 μίας
2220 5274 2421 5345 μᾶλλον
2449 5276 2481 5346 ἢ
2506 5276 2767 5346 δυνάμεις
2796 5277 3085 5332 ἀποδίδωσι
3115 5280 3229 5339 τοῖς
3256 5275 3422 5336 θείοις
3454 5289 3616 5342 προσσ

2056 5366 2225 5426 ώποις
2258 5364 2355 5417 καὶ
2389 5366 2678 5436 στερήσεις
2709 5369 2805 5419 καὶ
2834 5366 2900 5420 τά
2928 5368 3169 5421 τοιαῦτα.

2141 5456 2396 5525 Ἀπορίας
2428 5456 2560 5523 γοῦν
2595 5456 2758 5526 δῆθεν
2788 5456 3081 5527 ἐκθέμενος
3109 5456 3224 5519 δύο,
3254 5454 3341 5507 ἶνα
3376 5453 3493 5515 ταῖς
3527 5452 3612 5505 λύ-

2062 5565 2176 5599 σεσι
2204 5546 2427 5617 κυρὼσῃ
2466 5549 2532 5600 τὰ
2554 5550 2903 5618 ἀτοπήματα,
2929 5542 3009 5608 οἷς
3036 5548 3101 5603 ἄν
3135 5563 3219 5608 τις
3251 5546 3617 5614 ἐπαπορήσειε

2059 5637 2304 5705 δικαίως,
2352 5637 2645 5708 θεραπείας
2694 5642 2784 5691 καὶ
2828 5637 3012 5701 λύσεις
3052 5635 3323 5701 ἐπιφέρει,
3360 5635 3616 5693 δοκούτῖις
