4066 6188
414 228 551 300 ιοιῑ

1580 233 1979 294 THEODOIH
2027 234 2448 295 AGALLIANI

3540 227 3672 298 10ίὸ

415 345 537 413 μὲν,
572 346 671 399 οὐκ
699 345 866 408 οὐσας
893 347 974 411 δὲ,
1003 347 1133 400 ὡστ’
1173 348 1328 403 οὐδὲν
1386 349 1591 419 μᾶλλον
1635 351 1864 405 λύεσθαι
1901 351 2000 414 τὰς
2030 357 2075 414 Α
2105 350 2260 417 οὗτος
2290 356 2730 424 ἀναγκαζόμενος
2760 356 3063 425 ὁμολογεῖν,
3094 355 3241 423 λέγει
3280 356 3377 424 τὴν
3429 369 3679 423 γεννητιο

410 438 670 504 οπορίας,
707 437 739 508 ἢ
776 440 1085 491 συνδεῖσοαι
1122 442 1555 510 καρτερώτερον.
1592 444 1703 497 Καὶ
1733 443 1869 513 πρὸς
1893 442 1991 511 μὲν

410 528 511 597 τὴν
533 531 759 599 πρώτην
788 532 898 582 τῶν
930 532 1198 599 ἀποριῶν,
1229 534 1296 603 ἢν
1329 536 1425 588 καὶ
1455 534 1762 604 φθάσαντες
1787 536 1881 589 νῦν
1907 536 1989 601 ἐξ·

413 618 670 688 εθέμεοα,
695 620 850 674 λύσιν
874 622 1169 675 ἀποδίδωσι
1192 624 1420 695 ταύτην.

918 735 1496 792 ΑΡΓΥΡΟΠΟΥΛΟΣ.

487 846 596 899 Τοῦ
628 847 840 912 Πατρδς
866 847 958 900 τὸν
985 848 1113 902 Υίδν
1136 851 1457 918 γεννῶντος,
1489 854 1555 923 τῇ
1582 856 1876 925 γεννητικῇ
1908 853 1995 907 δυ-

414 938 603 1006 νάμει,
644 938 893 1005 καθάπερ
918 939 1199 1007 ἐλέγομεν,
1250 943 1282 1011 ὴ
1318 943 1575 1013 γέννησις
1624 944 1897 1015 συνῆπται
1928 948 1994 1017 τῇ

416 1031 615 1095 ἑαυτῆς
642 1030 871 1099 δυνάμει
898 1029 933 1101 ἢ
966 1033 994 1084 6
1022 1032 1171 1097 Υἱὸς,
1203 1035 1298 1087 καὶ
1327 1034 1395 1087 τὰ
1426 1020 1576 1105 έξῆς.

424 1156 429 1163 ·
948 1146 962 1158 ‘
982 1145 1446 1204 ΔΓΔΛΔῙΑΝΟΣ.

491 1254 637 1323 Πρὸς
687 1255 723 1308 ἃ
758 1254 823 1325 δὴ
862 1254 956 1309 καὶ
994 1257 1156 1325 ἡμεῖς
1185 1258 1703 1330 ἀνταποκρινόμεοα
1744 1262 1998 1330 λέγοντες

419 1342 593 1406 εὐτως
616 1360 628 1373 ·
664 1345 811 1401 Μίαν
834 1346 1091 1414 γέννησιν
1121 1345 1258 1400 οἶδεν
1281 1350 1309 1401 6
1334 1349 1489 1417 λόγος
1522 1351 1711 1405 καλεῖν
1743 1354 1799 1405 ἐν
1826 1354 1999 1423 Πατρὶ

423 1436 516 1487 καὶ
546 1435 683 1505 Υίῴ,
715 1438 815 1507 οὐχ
842 1437 1107 1501 ὡσαύτως
1136 1440 1195 1493 ἐν
1238 1441 1445 1512 ἀμφοῖν
1486 1441 1893 1514 θεωρουμένην.
1936 1444 2000 1498 Ἢ

425 1525 526 1591 μὲν
557 1531 665 1596 γὰρ
694 1527 801 1581 ἀπὸ
829 1528 921 1581 τοῦ
947 1532 1147 1600 γεννᾷν
1176 1531 1485 1604 είλημμένη
1513 1535 1842 1606 ἐνεργητική
1882 1538 1999 1589 ἐστι

425 1616 519 1669 καὶ
562 1618 866 1688 συνᾴδουσα
907 1620 983 1689 τῷ
1020 1623 1504 1694 συμπεπλεγμένῳ
1537 1627 1886 1698 γνωριστικῷ
1922 1629 2001 1698 τῷ

2099 447 2201 515 κὴν
2226 444 2456 515 δύναμιν
2477 444 2711 499 δίδοσθαι
2750 447 2826 515 τῷ
2862 445 2997 515 Υίῷ,
3020 446 3118 514 οὐχ
3149 445 3220 507 ὡς
3260 444 3519 511 δύναμιν,
3556 442 3681 494 ἀλλ’

2097 537 2175 599 ὡς
2224 536 2562 603 τελειότητα.
2601 538 2786 605 Ἀρκεῖ
2816 537 2915 608 μὲν
2953 534 3046 592 οὖν
3075 537 3208 598 ἴσως
3245 536 3327 589 ὅτι
3375 535 3469 587 καὶ
3514 535 3677 595 αὐτὶς

2099 627 2371 697 ὡμολόγει
2425 629 2500 698 μὴ
2549 630 2624 690 ὡς
2659 630 2893 695 δύναμιν
2934 632 3034 698 τὴν
3063 627 3388 696 γεννητικὴν
3435 624 3672 678 δίδοσθαι

2101 720 2178 789 τῷ
2212 720 2349 790 Υίῷ,
2385 720 2502 772 ἀλλ’
2530 720 2606 783 ὡς
2634 720 2948 790 τελειότητα
2975 738 2991 753 ·
3028 720 3184 787 ἔλεγε
3214 719 3260 771 δ’
3288 720 3438 785 ὅμως
3467 718 3523 777 ἐς
3554 716 3677 768 δεῦ-

2104 826 2189 878 ρο,
2227 810 2310 863 ὅτι
2353 808 2454 878 τὴν
2500 810 2827 881 γεννητικὴν
2873 810 3103 879 δύναμιν
3155 810 3267 880 ἔχει
3321 811 3349 862 6
3376 808 3523 873 Υἱὸς,
3559 808 3678 875 ἦτοι

2102 900 2200 971 τὴν
2235 902 2328 954 τοῦ
2362 903 2579 972 γεννᾷν,
2610 903 2963 972 ἀντιφάσκων
3002 902 3178 971 ἑαυτῷ
3201 919 3216 935 ο
3267 901 3360 955 καὶ
3400 902 3461 954 οὐ
3514 902 3678 969 μέχρι

2104 991 2319 1055 τούτου,
2349 992 2484 1046 ἀλλὰ
2526 995 2621 1070 καὶ
2664 993 2742 1061 τῷ
2786 993 3069 1062 Πνεύματι
3122 991 3503 1060 μεταδίδοσθαί
3544 1006 3681 1058 φησι

2104 1081 2203 1151 τῆς
2231 1081 2559 1151 γεννητικῆς
2602 1098 2663 1135 τε
2710 1083 2807 1135 καὶ
2860 1083 3253 1152 προϐλητικῆς,
3297 1083 3395 1135 οὐκ
3423 1077 3522 1133 οἶδ’
3553 1081 3581 1133 6
3626 1097 3683 1131 τι

2106 1172 2296 1227 παθὼν
2326 1173 2421 1226 καλ⁸
2443 1173 2611 1227 πόθεν
2638 1175 2881 1243 κινηθεὶς
2909 1176 2988 1237 είς
3021 1173 3294 1240 τοσαύτην
3322 1172 3553 1225 ἀτοπίαν
3583 1175 3682 1238 έμε

2107 1270 2317 1329 πεσεῖν,
2369 1271 2463 1320 καὶ
2489 1267 2585 1329 τὰς
2637 1267 2785 1331 θείας
2831 1267 3159 1328 ὑποστάσεις
3195 1262 3369 1327 οὕτως
3412 1263 3682 1329 ἀτιμάσαι

2108 1360 2397 1429 δυνάμεων
2452 1359 2833 1430 ἀνενεργήτων
2876 1358 3183 1418 κοινωνοὺς
3228 1355 3465 1421 ἀξιώσας
3509 1354 3684 1415 αὐτάς

2108 1452 2305 1513 εἰπεῖν,
2357 1450 2417 1503 ὃν
2444 1451 2645 1520 τρόπον
2692 1449 2788 1503 καὶ
2836 1450 2899 1501 τὸ
2940 1448 3139 1519 βρέφος
3182 1445 3415 1514 λέγομεν
3454 1444 3686 1512 δυνάμει

2108 1543 2522 1613 γραμματικὸν,
2555 1541 2630 1605 ὡς
2659 1541 2721 1594 τὸ
2758 1540 2986 1609 Πνεῦμα
3015 1536 3080 1593 αὖ
3114 1541 3178 1592 ἐκ
3217 1537 3500 1606 δυνάμεως
3551 1552 3685 1603 προ⁴

2110 1636 2304 1701 ελθεῖν,
2358 1630 2648 1708 ᾔδυνάμει
2692 1636 2780 1689 ὅτε
2826 1635 3085 1701 ἐγεννᾶτο
3140 1635 3169 1686 6
3205 1631 3358 1695 Υίδς,
3403 1627 3556 1682 οῦπω
3584 1627 3686 1696 τὴν

426 1709 616 1781 Πατὴρ
640 1710 890 1780 ὀνόματι,
918 1712 950 1782 ἡ
982 1713 1039 1766 δὲ
1070 1713 1305 1767 ἀπὸτοῦ
1335 1717 1629 1783 γεννᾶσθαι
1664 1719 1756 1772 καὶ
1781 1736 2006 1790 συμφω-
2040 1707 2080 1761 Β
2111 1707 2394 1797 ἐνέργειαν
2422 1726 2624 1797 ἐχούσῃ
2656 1725 3013 1796 συνημμένην
3053 1723 3213 1793 αὐτῇ,
3246 1720 3382 1776 ἀλλὰ
3423 1718 3515 1772 τοῦ
3551 1717 3685 1771 Υίοῦ

424 1800 591 1853 νοῦσα
620 1802 698 1872 τῷ
728 1803 858 1867 Υἱὸς
902 1804 1131 1872 ὀνόματι
1171 1808 1438 1877 γεννητὴν
1460 1809 1768 1863 ὑπόστασιν
1804 1813 2006 1882 σημαί-

423 1911 593 1959 νοντι,
622 1895 684 1946 οὐ
718 1897 1067 1968 γεννητικὴν.

511 1987 789 2052 Ὡσαύτως
812 1988 904 2043 οῦν
929 1991 1021 2044 καὶ
1050 1992 1082 2062 ἡ
1107 1990 1334 2061 δύναμις
1357 1995 1390 2063 ὴ
1422 1994 1558 2065 πρὸς
1585 1995 1645 2048 τὸ
1674 1998 1869 2067 γεννᾷν
1895 1997 2023 2050 δια-·

428 2078 583 2148 φέρει
614 2081 712 2150 τῆς
744 2084 882 2152 πρὸς
910 2085 972 2137 τδ
1003 2086 1296 2152 γεννᾶσθαι
1336 2086 1644 2157 δυνάμεως.
1692 2082 1790 2140 Ὧν
1831 2092 1864 2161 ἡ
1909 2092 2008 2160 μὲν

428 2169 575 2222 ἔστιν
611 2172 668 2225 ἐν
712 2172 791 2241 τῷ
819 2174 1011 2242 Πατρὶ,
1047 2176 1079 2246 ἡ
1127 2175 1181 2228 δὲ
1212 2177 1270 2228 ἐν
1308 2177 1385 2247 τῷ
1421 2177 1557 2245 Υίῷ.
1598 2178 1707 2232 Καὶ
1757 2180 2007 2250 καθάπερ

428 2263 489 2314 τὸ
523 2257 663 2316 εἶναι
692 2262 788 2317 τοῦ
816 2256 1034 2335 Πατρὶς
1063 2268 1157 2320 καὶ
1185 2267 1245 2320 τὸ
1292 2266 1432 2337 εῖναι
1471 2270 1563 2323 τοῦ
1616 2269 1747 2323 Υἱοῦ
1793 2272 1852 2323 ἓν
1893 2275 2008 2325 ἐστι

430 2358 523 2407 καὶ
560 2357 746 2423 ταυτδ,
779 2356 897 2410 ἀλλ’
932 2358 992 2410 οὐ
1046 2361 1317 2430 προσήκει
1363 2361 1441 2430 τῷ
1469 2361 1583 2432 Υίῷ
1631 2358 1772 2415 εἶναι
1814 2363 2007 2433 Πατρὶ,

431 2446 552 2499 οὐδὲ
576 2447 638 2499 τὸ
660 2448 933 2502 ἀνάπαλιν
957 2467 972 2484 ο
1001 2449 1175 2514 οὕτως
1205 2453 1251 2504 εί
1284 2452 1380 2505 καὶ
1410 2454 1521 2515 τοῖς
1549 2452 1730 2515 ἄλλοις
1754 2453 1889 2506 πᾶσι
1915 2454 2009 2523 Θή-

433 2554 598 2607 σομεν
632 2535 774 2593 εἶναι
824 2541 923 2610 τὴν
968 2542 1298 2611 γεννητικὴν
1327 2542 1559 2611 δύναμιν
1600 2546 1657 2596 ἐν
1692 2543 1868 2613 Πατρὶ
1916 2543 2010 2595 καὶ

432 2630 547 2701 Υ.ῷ
574 2632 667 2684 καὶ
698 2632 797 2703 τὴν
825 2632 1101 2705 γέννησιν,
1138 2633 1275 2687 ἀλλά
1308 2636 1423 2698 τοῖς
1468 2635 1615 2705 ὅροις
1659 2635 2011 2705 διαφέρουσιν

430 2724 777 2793 ἀνκφορικῶς
793 2724 1247 2796 διακρινομένοις,
1274 2727 1348 2789 ὡς
1365 2728 1458 2779 καὶ
1497 2731 1565 2781 τά
1589 2728 1722 2782 ἄλλα
1747 2729 1925 2782 πάντα
1953 2729 2012 2781 ἓν

432 2816 581 2867 ἐστιν
611 2818 669 2868 ἐν
710 2817 884 2885 Πατρὶ
920 2817 1014 2869 καὶ
1034 2816 1185 2887 ⁶Υἱῷ,
1215 2818 1353 2885 πλὴν
1383 2818 1459 2888 τῷ
1499 2819 1598 2888 μὲν
1630 2822 1769 2873 κατά
1790 2820 1892 2884 τὴν
1916 2820 2009 2873 τοῦ

430 2905 665 2969 διδόντος
689 2907 992 2976 ἀναφορὰν,
1017 2909 1093 2978 τῷ
1119 2908 1174 2962 δὲ
1194 2911 1336 2964 κατά
1366 2910 1466 2981 τὴν
1495 2911 1587 2963 τοῦ
1617 2912 2008 2980 λαμϐάνοντος*

431 2997 529 3049 καὶ⁵
572 2997 747 3061 οὕτως
780 2996 904 3051 οὔτε
934 2997 1033 3069 τὴν
1067 3001 1123 3053 ἐν
1154 3001 1231 3071 τῷ
1265 3001 1440 3072 Πατρὶ
1472 3002 1725 3071 γέννησιν
1761 3003 1794 3070 ἦ
1821 3003 1876 3054 ἐν
1905 3003 2010 3053 Πα-

431 3089 524 3157 τρὶ
554 3089 637 3141 δεῖ
683 3084 819 3142 εἶναι
852 3092 908 3143 ἐν
944 3089 1019 3157 τῷ
1065 3090 1199 3160 Υίῷ,
1233 3093 1320 3145 ἵνα
1352 3094 1426 3164 μὴ
1462 3093 1647 3163 Πατὴρ
1692 3097 1719 3147 ὁ
1748 3093 1872 3157 Υίδς
1904 3095 2012 3163 εἴη,

431 3178 555 3233 οὒτε
581 3180 680 3249 τὴν
715 3183 774 3234 ἐν
809 3181 887 3252 τῷ
919 3181 1033 3253 Υίῷ
1061 3182 1095 3253 ἦ
1132 3184 1279 3237 ἐστιν
1319 3186 1377 3237 ἐν
1406 3184 1518 3254 Υίῷ
1549 3183 1631 3235 δεῖ
1663 3180 1801 3237 εἶναι
1841 3185 1897 3236 ἐν
1938 3181 2015 3251 τῷ

433 3275 632 3345 Πατρὶ,
672 3274 759 3326 ἵνα
797 3276 873 3346 μὴ
908 3275 1039 3340 Υἱὸς
1065 3277 1094 3329 6
1126 3277 1313 3347 Πατὴρ
1340 3278 1587 3347 γένηται.

948 3391 1519 3445 ΑΡΓΥΡΟΠΟΥΛΟΣ.

520 3505 608 3570 Ὦς
639 3506 698 3560 δέ
728 3506 825 3560 καὶ
857 3506 958 3573 τὴν
981 3505 1215 3577 δύναμιν
1254 3506 1355 3574 τὴν
1379 3505 1731 3576 γεννητικὴν.

998 3620 1460 3676 ΑΓΔΛΛΙΑΝΟΣ.
1554 3663 1573 3673 -

511 3737 573 3788 El
609 3737 708 3805 μὲν
737 3732 831 3789 οὖν
856 3738 884 3789 6
916 3737 1107 3807 Πατὴρ
1132 3737 1307 3790 ἐδίδου
1354 3736 1432 3798 τῷ
1468 3735 1583 3804 Υίῷ
1612 3735 1710 3805 τὴν
1742 3734 2017 3804 γέννησιν,

439 3821 473 3901 ᾖ
511 3826 699 3898 γεννᾷ,
743 3828 839 3881 καὶ
869 3828 968 3897 τὴν
1001 3829 1136 3898 πρὸς
1169 3829 1339 3899 αὐτὴν
1381 3828 1631 3897 δύναμιν,
1664 3828 1771 3880 ἔδει
1814 3826 1880 3880 ἂν
1926 3828 2021 3879 καὶ

437 3921 529 3971 τὸν
561 3916 690 3970 Υίὸν
719 3918 946 3989 γεννᾷνο
983 3920 1034 3972 εί
1063 3918 1120 3972 δέ
1154 3920 1229 3989 μὴ
1258 3920 1423 3988 γεννᾷ
1456 3919 1484 3970 6
1510 3918 1658 3982 Υίὸε,
1693 3918 1812 3971 οὐδὲ
1836 3916 2019 3970 τοιαύ-

438 4027 538 4079 την
578 4007 729 4079 αὐτῷ
758 4008 944 4063 δίδωσι
975 4008 1208 4080 δύναμιν
1242 4010 1332 4063 καὶ
1362 4010 1663 4079 ἐνέργειαν,
1698 4008 1815 4062 ἀλλ’
1847 4008 1879 4078 ἦ
1911 4008 2019 4078 ἄρα

438 4104 549 4158 τῶν
570 4103 967 4172 ἀντικειμένων
1001 4119 1141 4168 πως,
1168 4103 1336 4172 ἠγουν
1360 4102 1457 4172 τὴν
1480 4100 1579 4154 τοῦ
1604 4100 1899 4169 γεννᾶσθαι
1931 4099 2021 4152 δύ-

441 4215 627 4267 ναμιν,
660 4200 755 4252 καὶ
785 4198 886 4267 τὴν
919 4195 1229 4264 παθητικὴν
1260 4194 1535 4264 γέννησιν.
1567 4193 1771 4246 Τούτου
1803 4189 1897 4246 οὖν
1936 4194 2020 4245 λέ-

441 4306 628 4356 γοντος
678 4290 761 4343 ὅτι
804 4291 837 4359 ἠ
867 4288 1123 4356 γέννησις
1159 4287 1434 4353 συνῆπται
1466 4288 1533 4356 τῇ
1565 4286 1763 4349 ἑαυτῆς
1792 4283 2020 4353 δυνάμει

2110 1818 2463 1889 γεννηθέντος
2492 1818 2694 1889 ταύτην
2721 1818 2986 1887 λαϐούσῃ.
3020 1814 3117 1870 καὶ
3159 1815 3257 1867 ὅσα
3290 1811 3516 1866 τοιαῦτα
3569 1812 3687 1863 ἐτε-
3775 1832 3779 1833 ν

2114 1931 2392 1984 ρατευετο.

2182 2006 2444 2075 Νομίσειε
2470 2006 2515 2059 δ’
2551 2007 2615 2062 ἄν
2648 2024 2733 2070 τις
2765 2005 2897 2070 ἴσως
2927 2006 3029 2069 ὅτι,
3063 2003 3151 2057 ἵνα
3179 2001 3254 2072 μὴ
3298 2000 3331 2069 ἡ
3368 2001 3468 2069 τῆς
3495 1995 3688 2058 οὐσίας

2112 2100 2302 2170 ἑνότης
2329 2100 2698 2172 διασπασθείη
2726 2094 2916 2162 δεδιὼς
2944 2098 3037 2151 τὸν
3076 2096 3235 2164 λόγον
3282 2094 3425 2148 οῦτω
3454 2090 3686 2151 διέθετο,

2111 2191 2207 2244 καὶ
2253 2192 2351 2253 τὰς
2388 2191 2650 2261 δυνάμεις
2682 2190 2890 2252 ταύτας
2925 2189 3269 2257 τελειότητας
3318 2187 3415 2254 τῆς
3469 2183 3688 2250 φύσεως

2111 2281 2436 2352 ἡγούμενος,
2467 2282 2665 2352 ἐπίσης
2716 2282 2781 2351 τῇ
2834 2280 2953 2351 θείᾳ
3006 2278 3115 2331 τῶν
3143 2275 3454 2348 προσώπων
3495 2271 3687 2339 Τριάδι

2110 2375 2453 2443 διενείματο⁸
2487 2371 2605 2425 ἀλλ’
2644 2372 2745 2425 οὐκ
2795 2370 3012 2439 ἐπίσης,
3051 2369 3212 2435 εἴπερ
3241 2364 3319 2435 τῷ
3362 2363 3539 2437 Πατρ¹ι¹
3590 2360 3690 2428 μὲν

2115 2466 2262 2536 μόνῳ
2296 2467 2433 2536 μετὰ
2459 2466 2557 2535 τῆς
2580 2465 2887 2534 ἐνεργείας,
2911 2465 3026 2525 τοῖς
3044 2463 3100 2514 δέ
3126 2460 3334 2522 λοιποῖς
3361 2455 3683 2525 ἀπράκτους

2113 2560 2207 2612 καὶ
2234 2558 2417 2622 κοινάς
2455 2557 2672 2611 δίδωσι·
2723 2556 2805 2610 διδ
2844 2554 2941 2609 καὶ
2981 2554 3189 2625 σφόδρα
3236 2547 3691 2619 περιπέπτωκεν,

2111 2653 2233 2708 ὅθεν
2261 2652 2383 2706 λίαν
2422 2651 2706 2719 ἐξέφευγε.
2738 2649 2863 2712 Πῶς
2899 2648 3009 2719 γὰρ
3041 2647 3109 2701 ἂν
3151 2643 3253 2713 τῆς
3279 2643 3450 2712 αὐτῆς
3483 2638 3567 2708 εἴη
3599 2637 3693 2690 οὐ·

2115 2746 2258 2812 σίας,
2292 2743 2361 2799 τὰ
2392 2743 2467 2814 μὴ
2505 2746 2570 2814 τῇ
2604 2744 2741 2813 αὐτῇ
2771 2740 3073 2807 τελειότητι
3095 2739 3291 2807 ἐπίσης
3326 2730 3695 2804 ἐνεργοῦντας

2114 2838 2177 2890 ΕΞ
2208 2838 2265 2890 δέ
2306 2837 2469 2905 ἀρκεῖ
2501 2834 2636 2905 πρὸς
2674 2834 2778 2904 τὴν
2810 2834 3040 2902 ἑνότητα
3068 2830 3170 2897 τῆς
3203 2828 3394 2889 οὐσίας
3430 2825 3492 2879 τὸ
3532 2823 3686 2892 ἔχειν

2112 2929 2206 2982 τὸν
2232 2929 2361 2981 Υίδν
2394 2928 2493 2998 τὴν
2519 2927 2846 2997 γεννητικὴν
2875 2926 3005 2978 ἄνευ
3032 2921 3332 2994 ἐνεργείας,
3366 2918 3503 2972 διότι
3531 2915 3689 2969 συνέ-

2040 3057 2083 3114 c
2116 3021 2343 3086 ζευκται
2373 3023 2437 3091 τῇ
2469 3019 2742 3091 γεννήσει,
2770 3018 2831 3072 τὸ
2858 3018 2917 3071 δέ
2945 3016 3171 3086 Πνεῦμα
3192 3016 3252 3069 τὸ
3272 3013 3428 3083 ἅγιον
3449 3011 3569 3114 ἔχει
3590 3009 3697 3063 καὶ

2121 3114 2436 3184 ἀμφοτέρας
2489 3112 2613 3183 δίχα
2676 3112 2770 3165 καὶ
2811 3110 2942 3164 αὐτὸ
2998 3110 3109 3163 τῶν
3156 3105 3471 3177 ἐνεργειῶν,
3515 3102 3600 3166 τίς
3652 3104 3692 3173 ἠ

2119 3207 2333 3273 ἀνάγκη
2384 3204 2479 3258 τοῦ
2528 3204 2672 3274 ἔχειν
2712 3202 2803 3256 τὸν
2842 3203 2969 3255 Υίδν
3003 3202 3103 3271 τὴν
3131 3194 3504 3267 προϐλητικὴν
3550 3193 3696 3263 μετὰ

2117 3298 2214 3365 τῆς
2248 3296 2555 3366 ἐνεργείας,
2587 3294 2801 3347 πολλῶν
2826 3291 3083 3345 ἐντεῦθεν
3114 3290 3332 3343 ἀτόπων
3362 3284 3690 3356 φυομένωνς

2131 3389 2397 3451 Ἐσώζετο
2418 3389 2527 3457 γὰρ
2572 3387 2640 3441 ἂν
2665 3388 2756 3439 καὶ
2782 3385 2953 3448 οὕτως
2988 3386 3022 3454 ἡ
3067 3384 3166 3452 τῆς
3205 3380 3393 3443 οὐσίας
3432 3378 3619 3446 ἑνότης

2122 3475 2588 3543 συναγωνίζεσθαι
2620 3476 2784 3539 δοκεῖ,
2814 3474 2950 3543 πρὸς
2985 3473 3061 3539 τῷ
3111 3471 3209 3525 καὶ
3257 3469 3326 3523 τά
3358 3468 3534 3522 ἄτοπα
3568 3482 3697 3518 σιω-

2122 3571 2349 3622 πᾶσοαι.
2384 3567 2546 3619 Ἀλλά
2577 3565 2781 3634 μᾶλλον
2806 3566 2854 3617 εί
2876 3565 3123 3633 σύνεστιν
3136 3562 3457 3641 μὴγέννησις
3480 3559 3548 3628 τῇ
3571 3557 3698 3609 ἑαυ-

2119 3663 2217 3732 τῆς
2241 3662 2491 3729 δυνάμει,
2517 3661 2549 3730 ἡ
2582 3659 2637 3711 δέ
2662 3659 2913 3727 γέννησις
2945 3654 3066 3710 κατ’
3093 3656 3373 3724 ἐνέργειαν
3403 3651 3463 3704 οὐ
3484 3649 3700 3703 δέδοται

2120 3754 2195 3822 τῷ
2234 3753 2345 3821 Υίῷ
2377 3740 2498 3804 οὐδὲ
2532 3750 2607 3819 τῷ
2641 3749 2940 3819 Πνεύματι,
2972 3745 3095 3799 οὐδέ
3146 3746 3180 3817 ἡ
3219 3744 3449 3813 δύναμις
3500 3739 3699 3801 αὐτῆς.

2120 3845 2241 3898 οὐδέ
2275 3844 2351 3913 τῷ
2384 3842 2498 3909 Υἰῷ
2529 3844 2636 3911 ἄρα
2673 3841 2788 3911 ἅμα
2816 3838 2894 3909 τῷ
2929 3838 3196 3908 προῖόντι,
3231 3835 3307 3898 ὡς
3348 3836 3377 3887 6
3406 3832 3564 3900 λόγος
3606 3829 3701 3883 διὰ

2120 3939 2228 3991 τῶν
2250 3938 2423 4003 ἀγίων
2459 3934 2718 4003 ἀπεδόθη.

2193 4025 2309 4082 Εἶθ’
2342 4027 2531 4096 ὡσπερ
2560 4026 2742 4087 ἀὐτὸς
2779 4023 2974 4076 ἑαυτὸν
3006 4019 3345 4091 ἀνατρέπων,
3387 4017 3476 4079 Ὠς
3533 4031 3703 4085 μετα-

2120 4120 2323 4183 δίδωσι,
2358 4118 2542 4188 φησὶν,
2593 4119 2620 4169 ό
2676 4116 2866 4186 Πατὴρ
2912 4116 3025 4177 τοῖς
3074 4113 3132 4179 ἐξ
3180 4110 3345 4166 αὐτοῦ
3394 4108 3507 4162 τῶν
3538 4107 3701 4159 δυνά-

2126 4229 2291 4282 μεων,
2361 4212 2435 4275 ὡς
2488 4209 2842 4280 τελειοτήτων
2893 4206 3073 4278 μόνον,
3119 4205 3218 4274 οὐχ
3271 4205 3346 4266 ὡς
3370 4202 3700 4271 δυνάμεων.

2124 4304 2235 4357 Καὶ
2278 4304 2361 4366 τίς
2392 4303 2458 4357 ἀν
2493 4303 2580 4371 εἴη
2608 4302 2884 4370 τελειότης
2919 4301 2977 4353 ἐν
3007 4297 3083 4369 τῷ
3116 4296 3255 4365 Θεῷ,
3294 4294 3370 4364 μὴ
3408 4294 3504 4347 καὶ
3552 4291 3703 4361 ἔργῳ

444 4376 477 4456 ᾖ
511 4382 685 4444 διοιδς
716 4382 975 4464 γεννᾶται
1005 4381 1070 4433 ἐκ
1098 4377 1187 4433 τοῦ
1224 4378 1459 4447 Πατρδς,
1494 4377 1729 4445 ποτέραν
1760 4375 2014 4443 γέννησιν
2048 4387 2094 4445 D
2121 4395 2495 4464 Teluoupévm
2532 4394 2566 4464 ἢ
2606 4394 2727 4447 καθ’
2770 4394 2837 4463 ἢν
2891 4389 3146 4443 οὐδέποτε
3196 4387 3429 4456 ἐνεργεῖ,
3472 4384 3505 4452 ἦ
3554 4382 3702 4447 ὲνέρ.

446 4454 531 4527 καὶ
569 4454 1062 4544 ποτέραντύναμιν
1084 4472 1167 4527 δεῖ
1196 4472 1335 4525 νοεῖν
1361 4470 1457 4540 τὴν
1488 4467 1859 4538 ἐνεργητικῶς
1887 4467 2022 4537 λαμ-

443 4566 769 4636 ὁλνομένην,
803 4564 835 4634 ἢ
867 4566 965 4627 τὴν
1001 4562 1474 4634 παθητικῶς;Μὴ
1508 4560 1891 4631 διορισαμένου
1915 4559 2023 4629 γάρ

443 4657 659 4724 τούτου,
692 4660 895 4729 ἄπορος
932 4656 1152 4720 πάντως
1204 4659 1231 4710 ὁ
1261 4656 1418 4723 λόγος
1465 4655 1635 4709 ἐστίν.
1664 4653 1843 4708 ηἈλλά
1882 4651 2025 4704 κατά

444 4748 571 4812 τοὺς
603 4750 891 4818 Θεμελίους
926 4749 1027 4817 τῆς
1059 4748 1321 4812 πίστεως,
1356 4746 1451 4800 καὶ
1485 4746 1559 4809 ὡς
1597 4745 1932 4816 ὑπαγορεύει
1964 4743 2025 4797 τὺ

447 4839 669 4908 ἀληθὲς,
698 4841 922 4904 εὐσεϐὲς
945 4841 1010 4893 ἂν
1040 4841 1127 4908 εἴη
1163 4840 1344 4908 λέγειν
1373 4838 1447 4902 ὡς
1486 4839 1613 4891 ὅταν
1642 4839 1670 4891 6
1698 4838 1853 4907 λόγος
1890 4837 2026 4905 πρὸς

445 4933 539 4985 τὸν
586 4933 811 5004 Πατέρα
847 4933 944 5005 τὴν
993 4932 1297 5003 ἀπόὸλεψιν
1351 4933 1474 5004 ἔχῃ,
1518 4931 1887 5000 ἐκλαμϐάνειν
1945 4930 2027 4981 δεῖ

448 5027 547 5095 τὴν
576 5026 807 5096 δύναμιν
863 5027 959 5079 καὶ
1006 5029 1104 5098 τὴν
1148 5026 1401 5098 γέννησιν
1440 5023 1845 5094 ἐνεργητικῶςο
1892 5020 2027 5073 ίδιον

454 5117 558 5186 γάρ
588 5118 705 5169 ἐστι
745 5116 839 5169 τοῦ
872 5118 1086 5188 Πατρδς
1134 5118 1198 5171 τὸ
1228 5120 1459 5189 γεννᾷν’
1494 5118 1625 5170 ὅταν
1664 5117 1720 5169 δὲ
1762 5113 1899 5186 πρὸς
1934 5114 2027 5165 τὸν

450 5211 600 5276 Υίδν,
627 5212 721 5265 καὶ
753 5211 985 5281 δύναμιν
1022 5212 1118 5265 καὶ
1141 5212 1396 5281 γέννησιν
1422 5207 1734 5280 παθητικὴν
1760 5208 1842 5260 δεῖ
1865 5208 2023 5259 νοεῖνο

451 5305 585 5358 ἴδιον
609 5305 720 5375 γάρ
748 5305 911 5359 αὐτοῦ
940 5305 1001 5358 τὸ
1037 5306 1334 5374 γεννᾶσθαι
1368 5306 1507 5358 κατὰ
1538 5303 1665 5363 τοὺς
1701 5300 1983 5367 Θεολόγους
2012 5313 2025 5327 ·

450 5397 794 5468 γεννώμενος
835 5399 967 5470 γὰρ,
1002 5397 1063 5452 τὸ
1085 5394 1227 5452 εἶναι
1256 5396 1524 5467 λαμϐάνει
1567 5394 1657 5448 διά
1698 5394 2026 5462 γεννήσεως,

454 5491 666 5543 καὶλδιὰ
690 5493 847 5546 τοῦτο
880 5492 1030 5555 Υἱός.

527 5584 639 5635 Οὐκ
668 5583 889 5648 εὐσεϐὲς
926 5583 972 5639 δ’
994 5554 1062 5639 ἀν
1094 5586 1179 5654 εἴη
1215 5584 1411 5652 λέγειν,
1444 5582 1526 5634 ὅτι
1560 5554 1629 5632 «τὸ
1670 5582 1863 5649 γεννᾷν
1896 5579 2043 5645 λαμ--

462 5678 614 5730 ϐάλει
649 5678 735 5733 διά
764 5681 1091 5750 γεννήσεως,
1126 5681 1186 5733 οὐ
1217 5679 1323 5748 γὰρ
1365 5680 1458 5735 καὶ
1493 5679 1705 5748 ΙΙλτήρ.
1748 5678 1811 5728 Ὃ
1843 5673 1906 5742 δὴ
1936 5673 2029 5725 κλὶ

2126 4489 2250 4555 γειά
2309 4488 2461 4550 ἐστι;
2500 4486 2734 4553 Πότερον
2787 4479 2879 4537 οῦν
2930 4477 2999 4552 ἦν
3045 4481 3253 4551 βέλτιον
3298 4478 3394 4540 τάς
3440 4490 3702 4543 προακτι-

2126 4576 2229 4641 κάς
2269 4577 2528 4645 δυνάμεις
2556 4574 2678 4627 τῶν
2732 4574 2891 4629 Θείων
2939 4570 3249 4641 προσώπων
3291 4562 3371 4620 ἐνὶ
3422 4566 3704 4636 προσώπῳ

2125 4669 2202 4740 τῷ
2266 4666 2517 4738 πατρικῷ
2560 4664 2860 4738 ἀφορίζειν,
2910 4664 2977 4717 ἵν’
3026 4665 3202 4716 ἐκεῖνο
3245 4660 3404 4731 μόνον
3570 4672 3706 4725 προ-

2128 4761 2282 4829 άγον,
2311 4759 2378 4812 τά
2412 4758 2469 4811 δὲ
2498 4756 2667 4810 λοιπά
2730 4756 3084 4826 προαγόμενα
3135 4753 3230 4804 καὶ
3279 4751 3336 4802 ἐν
3370 4748 3512 4818 ἀρχῇ
3545 4744 3703 4810 ἔλεγε

2128 4853 2310 4915 καλῶς
2362 4849 2521 4903 τοῦτο
2566 4848 2765 4916 λέγων,
2800 4846 2899 4909 τὰς
2927 4845 2973 4896 δ’
3008 4839 3549 4911 ἁνταποκρινομένας
3596 4852 3702 4886 πα-

2129 4940 2354 5011 θητικὰς
2389 4938 2697 4993 ἀποδιδόναι
2749 4934 2981 5000 τούτοις,
3041 4932 3138 5002 οὐχ
3192 4928 3354 5003 ἦττον
3401 4927 3703 4996 δυναμένας

2129 5035 2209 5095 εἰς
2234 5032 2324 5083 τὸν
2354 5030 2454 5100 τῆς
2490 5029 2734 5097 ἰσότητος
2769 5025 2947 5095 λόγον,
2983 5023 3133 5076 οὐδὲν
3159 5026 3267 5090 γὰρ
3301 5020 3385 5082 είς
3410 5018 3576 5086 τιμὴν
3607 5014 3703 5067 τοῦ

2131 5125 2389 5195 γεννῆσαι
2415 5121 2551 5174 Θεὸν
2586 5120 2646 5172 τὸ
2678 5120 2743 5172 ἐκ
2773 5116 2907 5171 Θεοῦ
2942 5114 3296 5184 γεννηθῆναι,
3335 5110 3598 5171 ὡσαύτως
3646 5107 3703 5158 δὲ

2132 5216 2377 5287 καὶπερὶ
2419 5214 2514 5266 τοῦ
2549 5210 2894 5280 Πνεύματος·
2929 5208 2964 5279 ἢ
2999 5207 3088 5260 ἵνα
3115 5206 3277 5275 μόνον
3321 5204 3417 5256 καὶ
3449 5202 3539 5253 τὸν
3576 5200 3703 5252 Υίὸν

2131 5304 2403 5374 προῦολέα
2453 5300 2845 5372 κατασκευάσῃ
2887 5298 2984 5361 τὰς
3035 5294 3373 5366 προακτικάς
3422 5290 3702 5360 δυνάμεις,

2132 5398 2188 5453 αἳ
2236 5397 2311 5459 ὡς
2360 5397 2619 5464 ἰδιότητες
2678 5392 3064 5455 ὐποστατικαὶ,
3124 5388 3218 5440 καὶ
3281 5384 3375 5439 τοῦ
3431 5382 3702 5452 πατρικοῦ

2136 5489 2427 5558 προσώπου
2472 5487 2815 5551 συστατικαὶ,
2854 5485 2948 5537 καὶ
2970 5483 3047 5552 τῷ
3075 5481 3251 5549 Πατρὶ
3287 5479 3434 5549 μόνῳ
3464 5474 3707 5544 λογίζονο

2135 5599 2243 5641 ται,
2270 5579 2447 5633 δοίναι
2488 5581 2597 5641 τοῖς
2626 5575 2684 5642 ἐξ
2708 5577 2873 5629 αὐτοῦ
2905 5573 3176 5644 προϊοῦσι,
3208 5574 3302 5626 καὶ
3342 5571 3479 5640 μετά
3510 5570 3570 5621 τὸ
3610 5568 3707 5619 τὸν

2139 5672 2354 5741 Πατέρα
2400 5672 2656 5740 στερῆσαι
2694 5668 2795 5725 τῶν
2828 5668 3064 5735 how};
3098 5667 3227 5720 Τότε
3265 5666 3359 5719 καὶ
3394 5665 3490 5726 τὰς
3525 5661 3583 5725 ἐξ
3608 5659 3707 5712 αὐ-
