4066 6188
397 319 533 403 ιοιο

1518 322 1949 383 REFUTATIO
1990 321 2498 383 ARGYROPULI.

3494 328 3631 385 1οῗιο

390 435 484 490 τοῦ
508 432 803 505 προίούσας
839 433 1163 496 ὑποστάσεις
1186 434 1523 505 καθυϐρίζει,
1555 435 1837 503 δυνάμεων
1861 438 1956 487 αὐ·-
1981 439 2028 496 Α
2061 437 2135 505 μὴ
2182 436 2247 505 τῇ
2292 436 2449 506 οὐσίᾳ
2488 434 2795 504 παράγουσι
2841 434 2941 504 τὴν
2986 434 3166 487 κτίσιν
3202 434 3455 498 εἰδικῶς⁶
3489 438 3625 491 ὥστε
3664 482 3681 495 .

390 526 488 589 τάς
520 526 897 594 ἀνενεργήτων
929 526 1186 594 μετόχους
1218 525 1411 590 εἰπὼν,
1462 526 1557 580 καὶ
1602 527 1808 596 μυρίων
1849 527 1953 577 δειο

393 618 502 671 νῶν
530 616 625 671 καὶ
649 615 1008 686 βλασφημιῶν
1044 615 1260 685 ἀναπλῆ
1286 617 1346 669 τὸ
1381 616 1741 686 σύγγραμμα.
1786 617 1952 670 Ἀλλὰ

392 707 554 761 πάλιν
586 705 775 774 ὥσπερ
811 705 916 756 ὑπὸ
950 705 1049 772 τῆς
1082 705 1340 772 ἀληθείας
1372 690 1828 773 συνελαυνόμενος
1858 705 1953 758 αὖε-

390 798 474 860 θις
505 798 729 865 ἀφαιρεῖ
775 795 883 849 ἀπὸ
928 795 1023 847 τοῦ
1060 794 1187 848 Υίοῦ
1212 796 1304 848 καὶ
1328 796 1421 849 τοῦ
1453 796 1766 864 Πνεύματος
1798 795 1833 850 δ.
1867 795 1952 849 δέ·

386 889 578 941 δωκεν.
612 888 683 940 ‘ll
719 886 770 938 τί
819 886 948 939 ἄλλο
992 886 1239 956 βούλεται
1292 887 1464 955 λέγων
1505 888 1587 939 ὅτι
1630 888 1658 939 ὁ
1710 886 1837 948 Υἱὸς
1867 886 1955 939 διὰ

386 981 547 1033 τοῦτο
572 981 631 1032 οὑ
662 981 848 1048 γεννᾷ,
875 979 993 1032 οὐδὲ
1028 980 1087 1032 τὺ
1119 979 1397 1048 Πνεῦμαῆ
1432 981 1615 1049 γεννᾷ,
1651 979 1683 1049 ἦ
1715 979 1966 1050 προϐάλ-”

388 1072 491 1132 λει,
531 1070 663 1121 διότι
708 1067 943 1120 σύνεισιν
979 1070 1032 1119 αί
1076 1068 1183 1120 τῶν
1234 1068 1480 1135 προόδων
1516 1070 1789 1138 ἐνέργειαι
1832 1070 1953 1130 ταῖς

387 1162 597 1215 ἑαυτῶν
628 1161 954 1228 δυνάμεσιν;
981 1160 1104 1213 Εἰσὶ
1125 1160 1313 1229 δὲάρα
1342 1161 1399 1211 ὲν
1427 1158 1505 1228 τῷ
1540 1160 1736 1228 Πατρὶ,
1764 1160 1952 1227 ὥσπερ

380 1253 442 1304 αἱ
479 1252 832 1319 ἑνεργητικαὶ
866 1250 1084 1318 πρόοδοι
1127 1250 1184 1303 αἶ
1216 1250 1278 1302 οὐ
1310 1250 1699 1317 μεταδίδονται,
1734 1249 1855 1303 οὐδὲ
1895 1251 1952 1303 αἱ

390 1341 660 1410 σύστοιχοι
681 1342 885 1393 τούτων
915 1340 1196 1410 δυνάμεις,
1228 1341 1315 1393 ἵνα
1342 1342 1415 1411 μὴ
1448 1342 1717 1410 ἄπρακτοι
1743 1343 1835 1395 καὶ
1862 1358 1954 1394 κε-

330 1502 331 1505 η
389 1432 475 1485 ναὶ
503 1425 637 1484 ὦσιν
668 1433 727 1483 ἑν
761 1433 964 1494 αὐτοῖς.
999 1415 1360 1485 Οὐκοῦνόὑτε
1396 1430 1457 1483 τὸ
1489 1430 1712 1501 Πνεῦμα
1742 1430 1951 1485 οὐδετέ-

389 1539 485 1589 ραν
516 1520 628 1589 ἔχει
656 1519 903 1589 δύναμιν,
928 1519 1055 1572 οὐτε
1093 1521 1200 1589 γάρ
1236 1522 1419 1591 γεννᾷ,
1461 1519 1586 1572 οὐτε
1636 1519 1948 1587 προϐάλλει,

383 1609 506 1662 οὐτε
562 1609 653 1661 τὸν
711 1608 839 1661 Υἱὺν
883 1609 967 1661 δεῖ
1004 1609 1148 1678 ἔχειν
1179 1607 1486 1673 οὐδετέραν,
1517 1609 1640 1661 ἐπεὶ
1685 1610 1821 1680 μηδὲ
1852 1609 1949 1678 τὴν

382 1702 597 1771 ἑτέραν.
633 1699 703 1751 Ἢ
732 1701 840 1769 γὰρ
862 1699 1049 1768 ἄμφω,
1079 1699 1112 1769 ἢ
1152 1698 1274 1769 μηδ’
1296 1699 1508 1770 ἑτέραν,
1533 1701 1722 1771 ὥσπερ
1743 1696 1835 1753 οὑν
1853 1701 1951 1755 καὶ

2057 526 2290 578 ἐνταῦθα
2346 527 2612 594 πρόδηλος
2662 528 2695 597 ή
2736 525 2836 594 τῆς
2864 527 3039 596 ἀρχῆς
3063 526 3252 595 ἑνότης
3282 528 3338 578 ὲν
3371 529 3480 590 τοῖς
3515 547 3623 599 τρι-

2056 610 2270 675 σίν,·ὄτι
2302 611 2392 662 καὶ
2429 611 2694 682 πρόδηλος
2727 614 2758 680 ἡ
2792 613 2893 679 τῆς
2926 613 3210 693 δυνάμεως
3249 616 3524 679 κοινωνία,
3546 619 3622 670 ὅτι

2056 700 2121 752 οὐ
2159 700 2300 755 κατά
2332 701 2427 762 τὰς
2457 703 2805 767 ὑποστάσεις,
2835 704 2967 757 ἀλλά
3003 705 3136 758 καθὸ
3164 705 3221 757 ἓν
3245 707 3349 759 είσι
3374 711 3439 778 τῇ
3471 710 3621 779 οὐσίᾳ

2054 792 2155 859 τὴν
2186 793 2364 844 κτίσιν
2393 793 2758 860 παράγουσιν,
2790 794 2932 847 ὥστε
2974 796 3106 848 καθὸ
3137 796 3195 849 ἓν
3232 799 3337 850 είσι
3367 802 3432 865 τῇ
3465 800 3619 852 δυνά-

2060 897 2171 950 μει,
2201 884 2315 935 ἐκεῖ
2344 882 2400 935 δὲ
2424 884 2520 953 οὐχ
2546 884 2737 948 οὕτως.
2768 887 2842 939 Οὐ
2873 889 2982 955 γὰρ
3018 882 3129 940 οἷόν
3161 906 3220 941 τε
3250 891 3348 959 τὴν
3382 891 3621 959 προϐλη-

2054 971 2216 1041 τικὴν
2273 972 2475 1043 ταύτην
2538 975 2781 1044 δύναμιν
2816 978 3046 1046 οὐσιώδη
3104 980 3270 1047 φάναι
3314 981 3511 1047 ἐφόσον
3560 982 3620 1033 οὐ

2056 1064 2316 1126 πρόσεστι
2346 1065 2440 1115 καὶ
2480 1066 2557 1134 τῷ
2588 1067 2889 1135 Πνεύματι,
2917 1070 3270 1137 προσωπικὸν
3297 1071 3354 1124 δέ
3385 1073 3558 1135 ἐστιν,
3596 1072 3622 1123 δ

2057 1154 2132 1222 μή
2168 1156 2313 1206 ἐστιν
2338 1156 2617 1219 οὐσιῶδες,
2648 1158 2740 1209 καὶ
2773 1158 2869 1227 ὅλῃ
2894 1160 2959 1225 τῇ
2984 1158 3104 1226 θείᾳ
3131 1160 3291 1226 φύσει
3317 1164 3620 1230 προσῆκον·

2054 1243 2423 1313 προσωπικὴν
2448 1243 2504 1295 δὲ
2546 1244 2773 1312 δύναμιν
2812 1246 2871 1298 ἑν
2900 1246 3077 1311 Πατρὶ
3114 1248 3212 1300 καὶ
3239 1248 3351 1315 Υίῷ
3384 1251 3515 1317 μίαν
3548 1250 3623 1304 εί-

2052 1349 2139 1385 ναι
2188 1333 2476 1395 ἀδύνατον,
2529 1334 2757 1403 οὐσιώδη
2806 1335 2862 1387 δὲ
2914 1338 3009 1388 καὶ
3054 1336 3148 1408 ὅλῃ
3189 1340 3255 1407 τῇ
3297 1338 3416 1409 θείᾳ
3465 1342 3624 1407 φύσει

2052 1425 2435 1494 προσήκουσαν
2469 1425 2550 1477 ἔτι
2586 1427 3011 1497 ἀδυνατώτερον.
3056 1430 3258 1483 Μέλλοι
3292 1433 3402 1502 γάρ
3437 1435 3505 1487 ἂν
3534 1434 3626 1487 οὑ-

2051 1516 2238 1587 τως,ἢ
2286 1517 2381 1570 καὶ
2424 1518 2556 1570 αὐτὸ
2608 1518 2668 1569 τὸ
2710 1518 2931 1587 Πνεῦμα
2963 1520 3310 1589 προϐάλλειν,
3351 1523 3383 1593 ἢ
3417 1523 3624 1594 ἔρημον

2050 1607 2340 1670 οὑσιώδους
2376 1608 2659 1677 δυνάμεως
2687 1608 2766 1673 ὃν,
2808 1609 2884 1677 μὴ
2928 1612 2985 1661 ἑν
3016 1615 3082 1682 τῇ
3131 1612 3352 1683 θεότητι
3401 1618 3501 1686 τῆς
3525 1617 3622 1669 τοῦ

2052 1699 2264 1769 Πατρὸς
2300 1701 2393 1751 καὶ
2414 1699 2545 1752 Υίοῦ
2573 1700 2762 1761 οὐσίας
2802 1696 2964 1755 εἶναι.

383 1794 443 1844 τὸ
474 1789 713 1860 Πνεῦμα.
760 1789 903 1843 Ἀλλ’
927 1791 1224 1859 ἐπενόησεν
1252 1789 1414 1854 αὐτὸς
1448 1789 1713 1859 ἀνάγκην,
1811 1808 1947 1861 παρ-
1974 1781 2021 1853 Β
2120 1790 2195 1847 Ei,
2215 1791 2314 1859 μὲν
2341 1786 2435 1843 οὖν
2467 1787 2577 1853 οἷόν
2622 1807 2679 1843 τε
2714 1785 2783 1859 ἦν
2828 1789 2925 1859 τὴν
2965 1791 3338 1863 προϐλητικὴν
3386 1795 3620 1865 δύναμιν

386 1885 566 1953 ίστησι
622 1883 713 1934 τδν
763 1880 890 1934 Υίδν
940 1880 1086 1950 ἔχειν
1141 1883 1240 1950 τὴν
1295 1881 1667 1952 προϐλητικήν
1719 1881 1949 1952 δύναμιν

380 1977 480 2044 τὴν
509 1976 567 2027 ἑν
599 1974 775 2044 Πατρὶ
796 1972 946 2042 αὐτῷ
977 1972 1263 2043 διδομέιην
1292 1973 1380 2026 διά
1414 1974 1737 2042 γεννήσεως.

889 2085 1456 2141 ΛΡΓΥΡΟΠΟΥΛΟΣ.

460 2200 607 2268 Δύτὴ
642 2198 749 2267 γάρ
783 2197 864 2253 ὅθ’
901 2197 1028 2261 Υίὸς
1079 2199 1381 2267 παρῆκται,
1437 2195 1604 2265 μήπω
1656 2195 1947 2265 νοουμένου

381 2291 475 2345 τοῦ
542 2291 857 2360 Πνεύματος
919 2287 1350 2358 ἐκπορεύεσθαι,
1410 2287 1662 2356 καθάπερ
1714 2287 1948 2357 πρόσθεν

384 2384 665 2452 ἐλέγομεν,
712 2382 778 2434 ἑκ
831 2378 1040 2449 Πατρὺς
1078 2378 1277 2431 δίδοται
1325 2376 1402 2445 τῷ
1458 2375 1575 2444 Υῑῷ
1631 2377 1797 2446 μήπω
1854 2376 1946 2429 τοῦ

387 2475 593 2545 ιΙατρὸς
624 2473 700 2535 ὡς
733 2471 1041 2541 προϐολέως
1073 2471 1207 2540 αὐτῇ
1244 2470 1304 2522 τὸ
1335 2465 1562 2537 Πνεῦμα
1591 2471 1944 2537 προάγοντος.

947 2582 1403 2637 ΑΓΑΛΛΙΑΝΟΣ.

456 2704 523 2757 Τί
554 2704 678 2775 φῂς,
714 2702 1005 2771 άνθρωπε;
1035 2697 1426 2767 ξυμϐαίνουσιν
1454 2695 1560 2768 άρα
1603 2698 1669 2767 τῃ
1706 2696 1949 2767 ἡμετέρᾳ

380 2795 567 2863 νοήσει
618 2794 674 2846 αί
709 2792 849 2845 θεῖαι
877 2791 971 2844 καὶ
1011 2788 1371 2858 ἀκατανόητοι
1403 2787 1621 2857 πρόοδοι
1659 2788 1768 2840 τῶν
1811 2789 1947 2840 ὑπο·-

381 2886 625 2938 στάσεων
665 2884 891 2937 ἐκείνων
942 2882 1051 2935 τῶν
1100 2881 1285 2946 θείων,
1338 2880 1431 2933 καὶ
1471 2880 1663 2949 χρόνος
1712 2878 1946 2931 ἐνταῦθα

382 2981 671 3047 Θεωρεῖται
698 2977 872 3031 καὶτὸ
906 2976 1169 3044 πρότερον
1200 2975 1291 3027 καὶ
1317 2973 1561 3043 ὕστερον.
1589 2973 1653 3024 Τί
1689 2972 1795 3041 γὰρ
1819 2971 1946 3026 ἄλλο

383 3070 633 3139 βούλεται
668 3068 749 3129 τὸ,
776 3066 995 3118 Δέδοται
1030 3065 1108 3133 τῷ
1141 3063 1275 3132 Υίῷ,
1313 3064 1479 3133 μήπω
1509 3062 1605 3115 τοῦ
1634 3064 1846 3133 Πατρὺς
1870 3064 1945 3127 ὡς

2054 1882 2321 1952 ὑπάρχειν
2366 1883 2461 1935 καὶ
2504 1881 2582 1951 τῷ
2621 1882 2756 1951 Υίῴ,
2787 1883 2883 1935 καὶ
2927 1884 3062 1955 μήτε
3106 1885 3140 1954 ή
3176 1886 3269 1939 τοῦ
3303 1887 3618 1956 Πνεύματος

2053 1971 2244 2042 θεότης
2280 1972 2670 2035 ἑκινδυνεύετο,
2704 1976 2843 2042 μήτε
2895 1976 2933 2040 ή
2980 1972 3087 2029 τῶν
3142 1978 3449 2048 προσώπων
3502 1981 3618 2034 διά-

2051 2085 2232 2136 κρισις
2257 2086 2271 2100 °
2301 2069 2453 2122 οὐδὲν
2505 2068 2573 2122 ἂν
2620 2064 2687 2139 ἦν
2710 2068 2947 2138 χαλεπὸν
2992 2069 3084 2123 διὰ
3118 2072 3216 2140 τὴν
3257 2072 3522 2143 διαίρεσιν
3553 2078 3617 2146 ῆν

2049 2158 2233 2229 τίθησι
2292 2159 2391 2228 τῆς
2442 2160 2636 2231 ἀρχῆς,
2690 2162 2891 2226 τρόπον
2926 2162 3046 2215 τινὰ
3110 2164 3241 2232 μίαν
3292 2166 3466 2237 ἀρχὴν
3518 2170 3616 2221 τοῦ

2051 2249 2367 2318 Πνεύματος
2397 2248 2564 2301 εἰπὼν
2607 2249 2700 2301 τὸν
2733 2251 2953 2320 Πατέρα
3002 2251 3100 2303 καὶ
3131 2252 3222 2304 τὸν
3257 2254 3402 2318 rm,
3433 2258 3515 2311 ὅτι
3553 2263 3616 2329 τῇ

2049 2342 2203 2409 κοινῇ
2228 2339 2321 2393 καὶ
2354 2339 2457 2410 μιᾷ
2480 2338 2637 2410 οὐσίᾳ
2668 2339 2827 2392 τοῦτο
2858 2338 3100 2407 προῆγον
3124 2342 3224 2395 ἄν·
3253 2343 3376 2396 ἐπεὶ
3409 2345 3465 2398 δὲ
3490 2348 3617 2401 ἀδύι-

2049 2446 2209 2483 νατον
2254 2430 2520 2499 ὑπάρχειν
2563 2429 2642 2499 τῷ
2682 2429 2796 2498 Υίῴ
2841 2430 2939 2497 τὴν
2966 2430 3223 2501 τοιαύτην
3267 2433 3498 2505 δύναμιν
3530 2440 3616 2493 διά

2049 2536 2107 2571 τε
2146 2519 2213 2571 τά
2261 2520 2357 2581 νῦν
2411 2520 2698 2590 εἰρημένα,
2746 2519 2840 2571 καὶ
2887 2517 3061 2572 ἄλλων
3112 2521 3321 2575 πολλῶν
3366 2524 3527 2579 ἕνεκα
3580 2529 3616 2583 ἃ

2051 2609 2485 2678 παραλέλειπται
2516 2610 2676 2681 χάριν
2706 2614 3020 2680 συντομίας,
3052 2612 3112 2664 οὐ
3140 2612 3271 2667 διότι
3298 2616 3530 2685 ἠδύνατο
3550 2620 3616 2673 ἂν

2047 2699 2233 2767 τρόπῳ
2300 2696 2399 2766 μία
2451 2696 2590 2750 εἶναι
2633 2700 2692 2751 ἑν
2751 2700 2976 2766 ἀμφοῖν,
3033 2699 3090 2752 σῖ
3146 2716 3209 2767 γε
3270 2704 3364 2755 καὶ
3414 2706 3615 2776 ἀμφοῖν

2050 2788 2262 2855 παρῆν·
2291 2787 2377 2839 διὰ
2416 2787 2576 2839 τοῦτο
2618 2789 2998 2859 πιστεύσωμεν
3045 2792 3135 2844 καὶ
3177 2792 3254 2862 τῷ
3286 2793 3398 2863 ru;
3440 2797 3614 2851 ταῦτα

2048 2881 2354 2948 προσεῖναι,
2378 2879 2528 2946 παρά
2553 2878 2753 2946 φαῦλον
2778 2880 2993 2948 θέμενοι
3027 2881 3230 2946 ἐκεῖνα,
3259 2884 3327 2938 δι’
3357 2886 3458 2943 ὅσα
3485 2889 3613 2942 ἀδύ-

2048 2969 2207 3022 νατόν
2241 2970 2357 3022 ἑστι
2396 2972 2681 3039 προσεῖναι
2711 2971 2807 3024 καὶ
2840 2972 2918 3041 τῷ
2966 2972 3079 3042 Υίῷ
3119 2974 3325 3045 ταύτην
3381 2979 3613 3047 μέγιστα

2048 3056 2196 3121 ὅντα,
2232 3062 2325 3111 καὶ
2344 3058 2446 3127 οὐχ
2480 3051 2566 3110 οἵα
2592 3059 2907 3128 παρῶφθαι,
2934 3056 3008 3114 ὦν
3040 3061 3155 3115 ἔνια
3185 3065 3279 3118 καὶ
3306 3069 3362 3120 ὲν
3390 3072 3504 3133 τοῖς
3537 3073 3613 3124 εί-

380 3128 691 3229 προϐολέως
716 3128 777 3209 τὸ
799 3154 1021 3225 Πνεῦμα
1047 3128 1414 3224 προάγοντοςς
1455 3152 1619 3206 Ἀλλὰ
1648 3128 1946 3221 ταῦταμὲν
1969 3128 2015 3191 C
2049 3141 2304 3218 ρημένοις
2330 3148 2447 3201 ἐστὶ
2479 3149 2573 3201 καὶ
2592 3149 2680 3202 διά
2705 3150 2813 3202 τῶν
2841 3150 3012 3218 ἁγίων
3044 3153 3419 3213 ἀποδέδεικται
3442 3175 3457 3191 ·
3483 3128 3612 3215 *οἷον

380 3251 456 3312 ὡς
490 3245 937 3317 προεληλεγμὲνα
970 3247 1061 3295 καὶ
1090 3243 1506 3309 αὐτεξὲλεγκτα,
1534 3245 1627 3295 καὶ
1663 3242 1942 3313 προδήλως

382 3342 698 3412 βλάσφημα,
731 3336 851 3390 οὐδὲ
884 3335 1092 3389 πολλῶν
1121 3336 1329 3388 δέονται
1355 3319 1528 3403 λόγων
1548 3351 1562 3366 ο
1602 3335 1735 3402 πρὸς
1761 3335 1817 3387 δὲ
1846 3333 1944 3403 τὴν

379 3433 639 3499 δευτέραν
696 3427 805 3480 τῶν
853 3426 1096 3495 ἀποριῶν
1158 3426 1248 3479 καὶ
1293 3426 1392 3495 τήν
1440 3424 1594 3478 λύσιν
1632 3426 1800 3495 αὐτῆς
1851 3424 1943 3477 ῖω-

387 3538 508 3591 μεν.

464 3612 588 3674 Πῶς
620 3606 713 3665 οὖν
745 3611 807 3662 οὐ
827 3608 920 3663 δύο
941 3608 1110 3677 ἀρχαὶ
1129 3607 1272 3661 δυοῖν
1300 3607 1469 3659 ὅντων
1492 3606 1599 3658 τῶν
1620 3604 1944 3674 προϐαλλόν-

384 3716 517 3764 των,
545 3698 577 3767 ῆ
602 3698 715 3760 πῶς
739 3697 800 3749 οὐ
828 3694 1140 3764 ξυναλοιφὴ,
1171 3697 1219 3747 εί
1250 3693 1345 3747 δύο
1370 3693 1467 3763 μία
1498 3694 1674 3763 ἀρχῆς
1711 3695 1848 3763 Πρὸς
1879 3695 1941 3763 δὴ

384 3791 484 3857 τὴν
509 3787 764 3856 τοιαύτην
785 3787 1017 3858 ἀπορίαν
1038 3786 1233 3852 ἐπάγει
1255 3784 1356 3852 μὲν
1380 3783 1572 3848 πολλὰ,
1602 3784 1773 3835 δοκῶν
1797 3783 1943 3836 λύειν

386 3880 578 3948 αὐτὴν,
615 3878 768 3931 οὐδὲν
796 3878 852 3930 δὲ
877 3877 1024 3945 ὑγιές
1056 3877 1205 3928 ἑστιν
1241 3874 1437 3927 αὐτῶν.
1474 3875 1681 3941 Διαιρεῖ
1712 3874 1812 3941 μὲν
1836 3873 1943 3943 γάρ

382 3970 480 4039 την
513 3967 688 4038 ἀρχὴν
735 3967 814 4029 είς
861 3958 1173 4036 δύναμιν,ᾕ
1208 3963 1435 4032 προάγει
1475 3962 1535 4014 τὸ
1568 3961 1943 4033 προαγόμενον

383 4063 694 4131 πρόσωπον,
724 4057 816 4111 καὶ⁹
838 4059 917 4119 είς
949 4056 1326 4124 τὸ-ιπρόσωπον
1360 4052 1490 4105 αὐτὸ
1523 4051 1551 4104 ὃ
1574 4051 1824 4120 προάγει,
1850 4052 1946 4104 καὶ

382 4152 771 4222 συμπεραίνων
833 4150 1027 4211 οἴεται,
1097 4146 1262 4214 μηδὲν
1320 4140 1461 4197 εἶναι
1523 4144 1745 4209 ἄτοπον,
1808 4141 1943 4212 μηδὲ

381 4236 874 4308 παραϐλάπτεσθαι
902 4237 963 4287 τὸ
999 4233 1284 4303 μοναδικὸν
1314 4235 1412 4301 τῆς
1436 4233 1632 4302 ἀρχῆς,
1667 4234 1714 4285 ει
1739 4233 1831 4284 δύο
1862 4232 1946 4284 λέ-

383 4351 569 4405 γοιντο
618 4333 884 4402 πρόσωπα
944 4327 1319 4397 προϐάλλοντα
1372 4327 1468 4379 καὶ
1516 4325 1608 4378 δύο
1650 4326 1816 4395 ἀρχαὶ
1871 4326 1943 4388 ὡς

2044 3239 2108 3292 τὸ
2136 3240 2372 3309 ίδιέτητα
2415 3240 2508 3292 τοῦ
2542 3240 2757 3310 Πατρὸς
2802 3235 2940 3295 εἶναι
2967 3232 3066 3313 τὴν
3099 3247 3272 3317 ἀρχὴν
3313 3250 3405 3301 καὶ
3434 3250 3492 3303 τδ
3525 3253 3612 3305 αῖ-

2045 3345 2178 3394 τιον,
2221 3333 2315 3382 καὶ
2342 3331 2399 3383 τὸ
2420 3331 2663 3401 γόνιμον,
2691 3334 2780 3385 καὶ
2811 3334 2879 3386 τά
2901 3336 3125 3388 τοιαῦτα
3156 3338 3298 3391 κατά
3338 3343 3462 3404 τοὺς
3489 3343 3607 3397 Oso-

2026 3421 2236 3488 -λόγους
2263 3419 2346 3484 οἷς
2375 3423 2435 3474 οὐ
2468 3423 2685 3491 συνᾴδει
2718 3424 2780 3477 τὸ
2821 3428 2915 3477 καὶ
2942 3426 3035 3478 τὸν
3064 3427 3191 3482 Υίὸν
3223 3431 3492 3500 προϐολέα
3532 3432 3610 3487 εἷς

2045 3530 2132 3565 ναι
2162 3512 2255 3565 τοῦ
2283 3513 2622 3582 Πνεύματος,
2653 3514 2687 3584 ἢ
2719 3515 2909 3579 αῖτιον,
2937 3516 2970 3586 ἢ
3020 3518 3120 3571 ὅσα
3148 3521 3374 3574 τοιαῦτα
3408 3524 3459 3576 οῖ
3510 3527 3609 3597 τὴν

2046 3601 2325 3669 θεολογίαν
2384 3604 2493 3655 τῶν
2550 3604 2726 3671 ἁγίων
2773 3606 3239 3675 παραφθείροντες
3296 3615 3607 3684 ἐπισφαλῶς

2045 3692 2316 3761 λέγουσιν.
2354 3693 2570 3765 Ὠσπερ
2608 3692 2701 3746 οῦν
2732 3695 2778 3745 εί
2805 3694 2893 3748 διὰ
2923 3697 2990 3749 τά
3025 3700 3291 3766 πρόσωπα
3323 3706 3449 3774 τρία
3479 3707 3609 3761 ὄντα

2043 3788 2192 3852 τρεῖς
2222 3785 2486 3854 ἐλέγομεν
2517 3785 2694 3849 θεοὺς,
2722 3788 2821 3857 τὴν
2853 3789 3145 3845 πολυθεῖαν
3172 3796 3270 3847 οὐκ
3306 3797 3373 3849 ἂν
3416 3799 3610 3868 ἐξεφύ-

2045 3891 2216 3942 γομεν
2237 3914 2252 3939 ,
2282 3877 2387 3927 κᾶν
2417 3878 2614 3928 ὁπόσον
2644 3881 2708 3945 τῇ
2748 3882 2847 3949 μιᾷ
2879 3880 3094 3949 θεότητι
3130 3888 3565 3957 καταφεύγωμεν
3590 3908 3603 3921 ο

2044 3968 2214 4031 οὑτως
2243 3969 2365 4021 οὐδὲ
2390 3970 2606 4025 Λατῖνοι
2643 3974 2739 4039 τὴν
2772 3972 3029 4041 θεαρχίαν
3059 3976 3467 4049 ἑκφευξοῦνται,
3502 3985 3605 4048 ἕως

2044 4059 2137 4112 δύο
2170 4061 2435 4126 πρόσωπα
2457 4062 2550 4113 δύο
2580 4062 2982 4132 προϐάλλοντας
3004 4068 3275 4137 λέγοντες,
3317 4072 3418 4125 κᾶν
3456 4075 3609 4146 διαρ-

2048 4152 2276 4221 ραγῶσι,
2307 4154 2437 4221 μίαν
2468 4155 2527 4207 ἑν
2556 4154 2758 4223 ἀμφοῖν
2799 4155 3027 4225 δύναμιν
3066 4160 3437 4235 προϐλητικὴν
3468 4165 3606 4223 εῖναι

2049 4242 2303 4312 βοῶντες.
2375 4244 2589 4314 ’Ὥσπερ
2651 4244 2759 4314 γάρ
2820 4248 2994 4301 ἐκεῖνο
3064 4251 3197 4303 πᾶσι
3262 4255 3375 4317 τοῖς
3430 4258 3608 4326 ἀγίοις

2048 4335 2239 4399 ἀσεϐὲς
2286 4336 2462 4401 ἔδοξεν
2510 4332 2669 4403 εῖναι,
2700 4335 2840 4391 οὕτω
2883 4339 2976 4390 καὶ
3024 4340 3182 4394 τοῦτο
3232 4346 3366 4398 πᾶσι
3419 4351 3609 4402 σεσιώ-

384 4421 674 4490 πρόσωπα,
702 4419 823 4469 ἐπεὶ
855 4416 954 4485 μιᾷ
981 4415 1205 4483 δυνάμει
1238 4415 1331 4467 καὶ
1353 4417 1420 4485 τῇ
1451 4415 1588 4485 αὐτῇ
1619 4415 1695 4484 τῷ
1722 4414 1943 4484 ἀριθμῷ
1979 4454 2019 4508 D
2052 4441 2246 4493 una“

384 4512 799 4583 προϐάλλουσιν.

466 4604 692 4670 Ἐρείδει
726 4603 781 4655 δὲ
804 4602 894 4654 τὸν
927 4602 1084 4668 λόγον
1106 4605 1200 4656 καὶ
1222 4599 1338 4663 πῶς
1363 4617 1381 4667 ;
1407 4600 1566 4670 Τρεῖς
1602 4600 1777 4669 ἀρχὰς
1806 4596 1943 4652 εἶναι

376 4696 558 4760 λέγων
586 4695 687 4763 τῆς
723 4697 974 4754 κτίσεως,
1003 4693 1095 4744 τὸν
1126 4692 1343 4761 Πατέρα
1371 4692 1465 4744 καὶ
1497 4691 1588 4743 τὸν
1616 4691 1742 4761 Υίὸν
1769 4692 1862 4743 καὶ
1886 4692 1945 4743 τὸ

378 4784 537 4852 ἅγιον
588 4783 835 4853 Πνεῦμα,
871 4785 969 4853 μιᾷ
1014 4784 1069 4835 δὲ
1093 4784 1240 4852 ὅμως
1289 4784 1518 4852 δυνάμει
1566 4784 1940 4853 δημιουργεῖν,

375 4875 457 4926 διὸ
490 4875 583 4925 καὶ
604 4874 699 4926 ἕνα
724 4869 862 4927 εἶναι
886 4873 1219 4943 δημιουργὸν
1249 4872 1342 4925 καὶ
1367 4870 1487 4925 καθ’
1511 4873 1806 4943 ὁμοιότητα
1827 4871 1944 4925 τού-

375 4983 472 5017 του
508 4966 667 5033 φησὶ,
701 4964 871 5035 μηδὲν
894 4964 1124 5019 κωλύειν
1161 4965 1252 5017 καὶ
1283 4964 1377 5017 δύο
1398 4963 1573 5032 ἀρχάς
1608 4963 1697 5018 τὸν
1727 4964 1944 5033 Πατέρα

377 5055 561 5122 λέγειν
595 5060 690 5107 καὶ
719 5056 810 5108 τὸν
841 5054 990 5121 Υἱδν,
1029 5057 1123 5110 καὶ
1157 5055 1251 5109 δύο
1285 5054 1659 5125 προϐάλλοντα
1671 5074 1687 5116 ;
1710 5070 1725 5088 ’
1760 5056 1857 5108 Eva.
1888 5056 1944 5108 δὲ

375 5150 526 5216 ὅμως
557 5146 854 5215 προϐολέα,
890 5147 968 5218 τῷ
1000 5150 1129 5217 μίαν
1151 5149 1207 5200 ἑν
1232 5147 1435 5217 ἀμφοῖν
1467 5147 1836 5217 προϐλητικὴν
1869 5142 1944 5199 εῖ-

376 5254 467 5289 ναι
531 5235 798 5304 δύναμινο
860 5236 1060 5290 ὡσανεὶ
1127 5237 1312 5304 ἑλεγεν
1373 5237 1455 5289 ὃτι
1512 5238 1663 5305 τρεῖς
1724 5238 1790 5288 ἂν
1856 5236 1944 5289 λέ-

374 5343 556 5394 γοιντο
586 5327 700 5379 θεοὶ
725 5326 800 5389 ὡς
824 5328 949 5395 τρία
980 5328 1266 5397 πρόσωπα,
1296 5328 1392 5397 μία
1424 5327 1573 5397 ὅμως
1598 5326 1807 5395 θεότης.

460 5418 621 5470 Ἀλλὰ
641 5417 947 5471 τούναντίον
970 5416 1204 5481 ἅπαντες
1239 5420 1388 5487 ἅγιοι
1412 5420 1658 5488 λέγουσιν
1681 5420 1940 5489 εὐσεϐῶς,

374 5512 458 5563 ὅτι
487 5513 543 5564 αξ
573 5514 721 5580 τρεῖς
753 5510 1077 5574 ὑποστάσεις
1117 5512 1224 5563 εἰσὶ
1266 5513 1365 5580 μία
1390 5515 1487 5581 τῆς
1523 5516 1751 5578 κτίσεως
1772 5514 1938 5584 ἀρχὴν

374 5600 456 5653 ὅτι
492 5604 631 5655 κατά
661 5604 760 5671 τὴν
800 5602 1027 5671 ἑνότητα
1060 5601 1161 5669 τῆς
1183 5603 1368 5665 οὐσίας
1393 5605 1567 5657 αὐτῶν
1605 5608 1636 5674 ἠ
1680 5606 1941 5675 δημιουρ-

374 5693 505 5763 γικὴ
538 5697 825 5763 πρόσεστιν
858 5694 1048 5755 αὐτοῖς
1074 5692 1320 5760 δύναμις,
1349 5696 1440 5747 καὶ
1473 5697 1743 5765 ἐνέργεια,
1767 5700 1812 5750 εξ
1848 5702 1939 5750 καὶ

2118 4514 2330 4570 Οὐκοῦν
2363 4518 2484 4572 ἐπεὶ
2524 4519 2636 4581 τοῖς
2670 4518 2929 4582 τοιούτοις
2965 4523 3063 4592 οὐχ
3103 4524 3303 4587 ίκανῶς
3341 4526 3527 4582 λύεται
3573 4530 3605 4599 ή

2045 4605 2249 4674 ἀπορία
2282 4608 2374 4657 καὶ
2401 4606 2459 4658 τὸ
2489 4606 2583 4658 δύο
2617 4608 2787 4677 ἀρχάς
2821 4610 2997 4677 λέγειν
3026 4612 3116 4665 τὸν
3153 4615 3367 4684 Πατέρα
3396 4617 3491 4671 καὶ
3517 4619 3608 4671 τὸν

2050 4694 2194 4759 Υίὸν,
2226 4695 2426 4762 φαῦλόν
2456 4697 2604 4748 ἑστιν
2627 4697 2720 4748 καὶ
2748 4699 3023 4766 αἱρετικὸν
3058 4703 3150 4755 καὶ
3179 4704 3239 4756 τὸ
3277 4706 3405 4774 μίαν
3433 4708 3609 4778 ἀρχὴν

2046 4787 2144 4849 τὰς
2178 4787 2271 4839 δύο
2303 4786 2480 4854 λέγειν
2508 4789 2856 4857 ὑποστάσεις,
2900 4796 2993 4845 καὶ
3032 4792 3130 4864 τήν
3186 4792 3514 4869 συναλοιφὴν
3545 4803 3606 4854 οὐ

2044 4874 2435 4944 διαπέφευγεν.
2471 4871 2565 4940 Οἷς
2595 4878 2703 4948 άρα
2736 4881 3057 4949 περιπίπτει
3095 4886 3122 4937 ό
3148 4885 3319 4939 ταῦτα
3347 4888 3535 4953 ἀξιῶν.

2117 4969 2227 5021 Καὶ
2256 4968 2318 5039 δὴ
2352 4970 2442 5023 τὸν
2475 4970 2631 5039 λόγον
2664 4971 2888 5027 τελειῶν
2918 4970 3089 5029 πολλὰ
3126 4978 3226 5046 μὲν
3258 4983 3382 5051 περὶ
3413 4982 3605 5036 ἑαυτοῦ

2049 5060 2540 5130 μεγαλορρημονεῖ,
2575 5062 2732 5114 ἐνίων
2765 5078 2823 5114 τε
2873 5067 3264 5135 κατεπαίρεται
3312 5072 3409 5140 τὴν
3454 5075 3582 5125 ὲναν

2044 5147 2166 5200 τίαν
2188 5151 2361 5219 δήπου
2380 5149 2553 5219 τούτῳ
2578 5151 2914 5220 φερομένων,
2942 5160 3249 5227 κομπηροῖς
3270 5176 3378 5213 τισι
3397 5162 3605 5229 ῥήμασι

2045 5239 2348 5309 λεληθότως
2377 5241 2582 5294 τούτων
2604 5242 3038 5313 καθαπτόμενος,
3070 5241 3145 5302 ὧν
3179 5250 3304 5317 ἡμῖν
3336 5250 3488 5314 λόγος
3517 5251 3605 5302 οὐ-

1939 5382 1944 5387 .
2044 5333 2149 5393 651;
2183 5334 2292 5395 τοῖς
2341 5350 2403 5400 γε
2434 5334 2710 5404 σώφροσιν
2755 5335 2960 5405 ἀφιεῖσι
3013 5338 3111 5408 τὴν
3153 5342 3335 5405 κρίσιν
3376 5337 3602 5401 τούτων,

2044 5426 2132 5489 ἐφ’
2166 5419 2210 5490 ᾧ
2241 5424 2447 5493 πότερα
2491 5426 2741 5496 ποτέροις
2789 5431 3054 5498 προσήκει
3084 5428 3410 5495 διαγνῶναι·
3442 5429 3604 5498 ήμείς

2043 5518 2098 5568 δὲ
2130 5518 2188 5568 οὐ
2224 5518 2357 5587 πρὸς
2405 5519 2500 5588 τὴν
2533 5521 2764 5573 καθόλου
2796 5520 2929 5591 ὐλην
2959 5522 3058 5588 τῆς
3108 5520 3312 5588 μεταξὺ
3355 5521 3513 5591 ήμῶν
3543 5539 3603 5574 τε

2045 5609 2139 5660 καὶ
2172 5609 2414 5662 Λατίνων
2440 5611 2701 5680 διαφορᾶς
2732 5611 2823 5662 τὸν
2862 5610 3107 5679 παρόντα
3133 5610 3288 5677 λόγον
3319 5612 3607 5682 ἐνεστησά-

2048 5701 2210 5767 μεοα,
2237 5701 2320 5752 ἵνα
2355 5702 2855 5767 κατασκευάσωμεν
2888 5699 2945 5751 τὸ
2974 5701 3184 5753 ἑαυτῶν
3214 5705 3603 5765 συμπέρασμα.
