4066 6188
381 328 516 395 1053

1237 332 1405 394 JOBI
1443 331 1787 394 MONACHI
1831 330 2281 393 PROOEMIUM
2319 328 2399 391 ΙΝ
2444 328 2811 389 PSALMOS.

3482 325 3619 394 1054

1166 651 1742 765 JOSEPHI
1860 650 2823 767 PATRIARCHZE

1178 878 1183 883 ’
1598 899 2404 990 EPITAPHIUM.

928 1050 1071 1112 (Acta
1103 1061 1241 1100 conc.
1269 1050 1490 1101 Florent.
1516 1050 1577 1100 ab
1599 1047 1801 1100 Horatio
1820 1051 2100 1101 Iustiniano
2132 1051 2353 1104 collecta.
2383 1054 2547 1103 Romre
2575 1054 2844 1116 i638,t'ol.,
2870 1067 2917 1117 p.
2943 1055 3076 1115 281..)

382 1326 637 1381 Ecclesiae
665 1322 894 1379 antistes
932 1323 1141 1379 fueram
1176 1327 1268 1395 qui
1298 1340 1525 1396 magnus
1552 1322 1699 1392 ane,

453 1417 550 1470 llic
572 1418 727 1486 jaceo
752 1431 977 1487 magnus
1016 1416 1275 1489 religione
1303 1414 1523 1487 Joseplt.

383 1508 494 1564 lloc
516 1525 681 1563 unum
718 1519 987 1578 optaram.
1010 1508 1148 1563 miro
1179 1507 1540 1564 inflammatus
1569 1524 1775 1578 amore,

461 1597 609 1655 Unus
640 1613 697 1653 ut
730 1600 959 1668 Europae
985 1598 1194 1665 cultus,
1227 1608 1280 1653 et
1315 1616 1415 1653 una
1445 1603 1597 1657 titles.

383 1691 589 1746 Italiam
624 1691 775 1762 petii,
802 1690 981 1746 ftedus
1003 1691 1366 1761 percussimus
1397 1709 1599 1761 unum;

1974 1350 2028 1407 Α
2122 1330 2427 1401 Iunctaque
2453 1330 2709 1387 Romanae
2740 1341 2824 1389 est
2857 1347 2944 1390 me
2967 1336 3103 1390 duce
3132 1334 3297 1391 Graia
3316 1304 3486 1395 .tides.

2060 1424 2168 1479 Nec
2200 1438 2351 1479 mora
2368 1425 2669 1490 adecubui,
2697 1440 2845 1480 nunc
2876 1440 2960 1479 me
2989 1428 3261 1482 Florentia
3290 1442 3490 1496 servat,

2131 1515 2248 1581 Qua
2280 1528 2426 1570 nunc
2455 1514 2747 1571 concilium
2791 1514 2971 1569 ﬂoruit
3002 1518 3136 1573 urbe
3173 1533 3409 1576 sacrum.

2059 1604 2232 1671 Felix,
2268 1606 2360 1675 qui
2382 1614 2535 1660 tanto
2558 1606 2791 1661 donaret-
2824 1622 3048 1664 munere
3078 1609 3292 1675 vivens,
3334 1636 3337 1639 ν

2128 1695 2230 1761 Qui
2265 1708 2508 1752 morerer
2535 1697 2647 1753 vati
2681 1712 2902 1768 compos
2921 1706 2975 1753 et
3000 1698 3117 1769 ipse
3145 1699 3271 1755 mei.

940 1968 943 1971 “
1126 2025 1530 2307 JOB
1662 2024 2857 2213 MONACHUS

1702 2479 2317 2574 MONITUM.

458 2782 642 2838 Codex
702 2777 1055 2834 Taurinensis
1084 2775 1390 2833 CLXXVIII
1427 2778 1477 2841 b,
1514 2774 1584 2841 ll,
1609 2777 1701 2838 52,
1736 2779 2083 2839 clmrtaceus,
2141 2784 2399 2831 constans
2454 2774 2597 2832 foliis
2629 2776 2714 2841 70,
2760 2775 2943 2831 smculi
2978 2792 3090 2831 xvr.
3135 2775 3257 2829 ’1ὼὸ
3294 2777 3624 2849 ἁμαρτωλοῦ

379 2870 548 2941 ἠθικὴ
566 2869 767 2938 θεωρία
793 2852 872 2930 είς
896 2868 991 2929 τὰς
1018 2867 1177 2935 ἁγίας
1204 2865 1391 2934 φωνὰς
1418 2863 1820 2934 τοῦνπροφήτου
1842 2862 2026 2931 Δαβίδ.

2073 2864 2176 2919 labi
2200 2870 2489 2936 peccatoris
2521 2868 2721 2923 thenria
2751 2870 2967 2922 moralis
3002 2872 3054 2923 in
3078 2880 3294 2924 sanctas
3327 2887 3467 2925 voces
3498 2886 3624 2939 pro-

381 2962 550 3031 pheta:
573 2960 811 3013 Davidis.
853 2958 947 3012 Est
1008 2958 1260 3011 nimirum
1317 2955 1739 3008 commentarius
1792 2954 1846 3006 in
1899 2952 2167 3015 Psalmos,
2227 2969 2331 3006 non
2381 2956 2595 3021 quidem
2648 2971 2857 3022 omnes,
2892 2957 2986 3011 sed
3018 2958 3325 3025 quindecim
3366 2960 3627 3012 duntaxat

383 3049 615 3117 priores.
650 3046 778 3112 Ejus
811 3052 1005 3099 auctor
1034 3044 1234 3097 dicitur
1264 3040 1430 3096 Jobus
1461 3051 1723 3109 peccator.
1756 3039 1890 3105 Quis
1921 3049 2100 3092 autem
2146 3036 2307 3090 fuerit
2353 3037 2439 3091 hic
2481 3035 2649 3090 Jobus
2688 3049 2952 3106 peccator,
2986 3054 3171 3108 magna
3210 3041 3339 3095 licet
3382 3040 3626 3095 adhibita

384 3134 688 3203 diligentia,
708 3132 849 3199 apud
884 3130 1155 3184 neminem
1189 3142 1375 3181 eorum
1404 3129 1647 3197 reperire
1680 3129 1953 3197 potuimus
1985 3125 2077 3193 qui
2103 3126 2168 3176 de
2199 3122 2497 3191 Scriptura:
2520 3126 2926 3195 interpretibus,
2950 3127 3031 3182 vel
3056 3126 3258 3183 Gmcis
3287 3127 3369 3182 vel
3396 3126 3627 3209 Latinis,

386 3222 551 3277 verba
576 3220 845 3276 iecerunt.
882 3216 1239 3273 Praemittitur
1262 3215 1418 3271 initio
1448 3217 1796 3285 prooemium,
1834 3213 1980 3284 quod
2007 3210 2313 3280 hujusmodi
2336 3220 2442 3266 est.

1377 3478 1676 3591 JOBI
1768 3471 2651 3587 PECCATORIS
2734 3606 2739 3615 ι

1778 3695 2215 3760 PROGSMIUM

1160 3892 2004 3985 COMMENTARII
2087 3891 2213 3979 IN
2292 3890 2859 3982 PSALMOS.
2932 3850 2935 3853 ’

458 4162 666 4224 Σκοπός
716 4160 863 4214 ἐστιν
908 4161 1045 4229 ἡμῖν
1096 4158 1610 4229 αὐτοσχεδιάζουσιν
1649 4161 1706 4211 ιν
1756 4157 1833 4226 τῷ
1863 4159 1965 4220 τὰς
1994 4164 2042 4222 Α

2144 4160 2352 4230 Scopus
2376 4170 2457 4216 est
2482 4160 2638 4215 nobis
2665 4168 2857 4229 sponte
2881 4157 2969 4213 hic
3000 4158 3283 4213 Daridicas
3321 4173 3476 4213 voces
3507 4175 3630 4213 rur-

392 4256 544 4326 ἱερὰς
578 4253 867 4315 Δαυὴικὰς
901 4251 1085 4319 φωνὰς
1115 4251 1451 4316 ἀναξαίνειν,
1493 4250 1566 4311 ὠς
1596 4250 1961 4319 ἀρωματικήν

390 4364 510 4398 τινα
546 4344 909 4415 θυμιαμάτων
963 4340 1190 4394 εὐωδίαν
1248 4340 1669 4403 ἀνασκαλλουσι,
1721 4340 1811 4391 καὶ
1863 4338 1964 4407 ψυ-

389 4438 492 4507 χὴν
559 4436 656 4489 καὶ
700 4435 939 4489 διάνοιαν
1003 4433 1099 4485 καὶ
1156 4433 1341 4485 πᾶσαν
1380 4429 1827 4500 εὐφραινομένοις
1877 4429 1963 4497 αί-

392 4528 623 4598 σθησιν,
679 4526 776 4593 οὐχ
827 4526 909 4579 ὅτι
959 4526 1008 4577 οἱ
1063 4522 1232 4575 πάλαι
1285 4522 1416 4575 θεῖοι
1472 4523 1568 4590 τῆς
1635 4519 1961 4590 Ἐκκλησίας

391 4614 768 4684 καθηγεμόνες
822 4614 917 4666 καὶ
963 4610 1200 4677 θεολόγοι
1252 4608 1285 4679 ἢ
1336 4608 1567 4671 ἐλλιπῶς
1618 4608 1710 4660 καὶ
1757 4606 1959 4670 ταύτας

393 4704 534 4774 μετὰ
564 4705 673 4757 τῶν
717 4702 892 4758 ἄλλων
922 4700 1301 4770 ἐξηγούμενοι,
1332 4699 1364 4765 ἢ
1402 4696 1651 4751 ὁπωσοῦν
1680 4698 1964 4768 ἡμελημέο

389 4811 498 4857 va);
536 4794 912 4863 ἐπεσκέψαντό
940 4809 998 4846 τε
1031 4794 1123 4846 καὶ
1154 4789 1556 4859 τεθεωρήκασι,
1585 4790 1813 4852 καὶτοῖς
1847 4788 1963 4859 μετ’

390 4888 590 4949 αὐτοὺς
650 4888 782 4958 ἡμῖν
845 4884 1337 4954 παραδεδώκασιν,
1401 4881 1704 4950 οὐμενοῦν
1770 4880 1963 4950 πόρρω

389 4977 553 5031 τοῦτο
574 4979 671 5047 τῆς
693 4978 921 5031 ἐκείνων
959 4977 1153 5047 σοφίας
1187 4974 1303 5044 ἅμα
1334 4973 1426 5025 καὶ
1455 4972 1697 5043 χάριτος.
1730 4971 1959 5034 Μεστῶς

390 5071 500 5142 γὰρ
552 5072 646 5123 καὶ
696 5070 936 5134 τελείως,
970 5072 1065 5123 καὶ
1111 5069 1185 5131 ὡς
1238 5067 1336 5120 οὐκ
1372 5066 1439 5119 ἂν
1493 5065 1736 5133 ἄμεινον,
1785 5064 1964 5117 πάντα

396 5163 627 5225 ἐκείνοις
660 5161 874 5232 εἴρηται
920 5163 1014 5216 καὶ
1062 5160 1476 5229 ἀναγέγραπται
1505 5172 1519 5188 ο
1561 5158 1657 5211 καὶ
1703 5156 1772 5209 τὰ
1800 5154 1967 5208 ἐλλεί-

391 5270 563 5307 ποντα
608 5256 750 5308 κατὰ
794 5255 953 5325 τήνδε
980 5256 1082 5324 τὴν
1118 5253 1457 5322 Δεσποτικὴν
1502 5249 1835 5318 ἐπαγγελίαν
1874 5247 1967 5301 ὑπ’

392 5346 573 5399 αὐτῶν
604 5349 671 5416 τῇ
714 5347 942 5415 δυνάμει
975 5346 1068 5396 καὶ
1102 5347 1284 5414 χάριτι
1331 5343 1425 5397 τοῦ
1461 5342 1616 5411 ἁγίου
1651 5340 1964 5411 ίινεύματος

390 5436 856 5506 ἀναπεπλήρωται
883 5452 897 5467 ο
929 5435 1064 5487 ἀλλὰ
1096 5436 1263 5505 μηδὲν
1295 5435 1423 5487 ἄλλο
1453 5436 1591 5505 μετά
1620 5435 1719 5497 τὰς
1751 5449 1969 5487 κανονι-

392 5528 491 5590 xei;
528 5529 749 5597 Γραφὰς
782 5529 816 5600 ἢ
846 5526 1048 5591 ταύτας
1104 5527 1401 5597 ἐξαιρέτως
1434 5529 1586 5581 πνεῖν
1638 5527 1731 5579 καὶ
1783 5528 1965 5581 λαλεῖν

390 5621 487 5672 καὶ
517 5621 594 5690 τῷ
631 5622 707 5687 νῷ
738 5621 1012 5689 στρέφειν,
1050 5621 1143 5671 καί
1173 5619 1262 5669 διὰ
1296 5617 1412 5686 βίου
1446 5620 1649 5680 παντὸς
1681 5620 1963 5673 ἐνδιαιτᾶ-

393 5711 517 5763 σθαι
558 5713 785 5775 ταύταις
839 5711 1224 5784 προῃρημένος
1275 5709 1374 5763 καὶ
1424 5709 1590 5778 μηδὲν
1646 5710 1791 5779 ἔχειν
1830 5713 1958 5765 ἄλλο

2068 4264 2185 4305 Sunt
2213 4261 2469 4313 atterere,
2522 4260 2776 4318 tanquam
2808 4251 3156 4303 aromaticam
3192 4248 3481 4314 quamdam
3513 4252 3632 4321 tlty-

2070 4338 2385 4392 n;iamatunt
2436 4337 2789 4408 fragrantiatn
2838 4338 3307 4404 investigantibus,
3343 4336 3482 4393 unde
3509 4341 3630 4394 ani-

2071 4446 2191 4485 tnus
2216 4470 2230 4495 ,
2292 4446 2482 4492 mens.
2528 4431 2813 4498 omnisque
2876 4442 3070 4484 sensus
3104 4429 3479 4485 exhilaretur:
3528 4444 3634 4484 non

2073 4525 2302 4591 utique,
2367 4524 2507 4591 quod
2556 4522 2762 4592 antiqui
2825 4521 3078 4577 Ecclesia:
3150 4522 3414 4591 magistri,
3472 4532 3637 4591 atque

2075 4615 2310 4684 theologi
2368 4615 2679 4685 imperfecte
2734 4614 2850 4668 illas
2908 4623 3029 4683 post
3068 4616 3204 4670 alios
3258 4615 3627 4684 exposuerint,
3662 4666 3677 4683 ,

2072 4717 2167 4759 aut
2216 4706 2699 4775 quomodocnnque
2742 4705 3076 4775 negligenter
3125 4705 3588 4761 consideraverint
3617 4746 3636 4773 ,

2074 4807 2237 4865 atque
2278 4795 2633 4865 ittSpexet-int,
2684 4794 2952 4865 nobisque
3017 4794 3387 4851 dilucidandos
3421 4789 3545 4865 post
3574 4810 3636 4851 se

2072 4887 2413 4957 reliquerint.
2474 4885 2590 4941 Non
2634 4902 2766 4941 sane
2797 4905 2811 4941 :
2838 4885 2979 4942 absit
3011 4888 3112 4942 hoc
3139 4902 3323 4942 eorum
3353 4888 3635 4957 sapientiae

2070 4977 2231 5032 simul
2288 4989 2343 5032 et
2405 4978 2594 5049 gratia;
2645 4993 2867 5047 prorsus
2922 4978 3177 5049 injurium
3214 4994 3227 5032 :
3264 4980 3418 5047 plene
3467 4983 3636 5045 enim,

2071 5071 2447 5142 absolutoque,
2470 5081 2545 5147 et
2579 5082 2703 5141 apto
2750 5071 2931 5136 modo,
2972 5086 3080 5142 quo
3122 5087 3229 5127 non
3264 5076 3453 5128 melior
3480 5072 3634 5136 alter,

2071 5164 2253 5217 omnia
2290 5166 2358 5217 ab
2405 5164 2535 5233 ipsis
2593 5163 2848 5218 dicuntur
2903 5164 3415 5234 describunturqtte.
3448 5163 3512 5216 Et.
3541 5163 3641 5215 im-

2077 5254 2337 5323 perfecta,
2355 5256 2647 5309 secundum
2670 5253 3080 5324 permissionem
3117 5272 3145 5307 a
3167 5254 3393 5308 Domino
3419 5253 3642 5314 iactatu,

2074 5348 2141 5397 ab
2171 5345 2303 5415 ipsis
2332 5350 2550 5410 virtute,
2584 5362 2646 5401 ac
2696 5347 2838 5402 dono
2890 5347 3062 5402 sancti
3116 5345 3348 5414 Spiritus
3374 5339 3643 5409 completa

2077 5446 2222 5491 sunt.
2268 5436 2373 5492 Sed
2426 5453 2547 5491 cutn
2607 5440 2741 5494 nihil
2802 5441 2872 5495 sit
2931 5439 3076 5493 aliud
3123 5445 3320 5503 praeter
3350 5432 3646 5488 canonica

2075 5527 2421 5595 Scripturas,
2465 5527 2610 5597 quod
2663 5530 2965 5584 vehementi
3041 5523 3315 5579 desiderio
3368 5523 3647 5593 persequi,

2075 5636 2174 5674 nec
2219 5636 2322 5675 non
2356 5621 2556 5691 eloqui,
2605 5637 2667 5676 ac
2714 5630 2891 5675 mente
2948 5618 3184 5683 volvere,
3244 5618 3503 5687 omnique
3528 5619 3651 5671 vitae

2083 5728 2245 5769 cursu
2318 5714 2642 5783 investigare
2696 5709 3103 5775 constituerim,
3171 5706 3415 5779 nihilque
3472 5709 3653 5767 utilius
