4066 6188
561 351 705 417 1055

1877 339 2153 399 BARTH.
2195 338 2295 400 DE
2334 337 2522 400 JANO

3682 337 3823 405 1956

561 460 865 514 existimem
894 457 945 510 in
994 455 1100 509 hoc
1133 451 1259 507 vitae
1289 458 1434 507 statu
1459 489 1475 515 ,
1510 465 1673 521 quam
1708 458 1918 521 tempus
1949 450 2142 519 partim
2172 482 2184 513 λ

2262 448 2533 519 προῦργου
2564 446 2663 503 νῦν
2704 450 2765 504 ἐν
2793 446 2981 519 τοιῷδε
3029 446 3209 517 καιρῷ
3241 447 3336 501 καὶ
3364 448 3619 519 σχήματι,
3653 454 3707 531 εί
3741 455 3851 521 μὴ.

565 554 617 605 in
654 552 803 605 hisce
833 541 1239 613 investigandis,
1264 551 1424 611 atque
1448 542 1500 595 in
1536 541 1742 596 orando
1767 549 1944 594 terere
1974 540 2141 609 (quod

568 639 769 693 utinam
819 643 872 687 et
919 632 1102 686 caeteri
1146 628 1442 684 Christiani
1500 626 1843 698 praestarent)
1882 627 2141 693 reliquum

565 728 691 782 duxi
714 741 779 779 ex
797 724 1074 778 beatorum
1098 722 1337 777 'Patrum
1353 727 1520 789 atque
1550 720 1837 775 doctorum
1861 718 2145 773 sententiis

566 818 847 887 plusquam
923 813 1321 869 sufﬁcientibus
1383 820 1504 880 post
1552 810 1785 877 primum
1850 822 2147 877 verumque

567 910 748 961 lumen
798 906 1109 959 illuminans
1156 918 1371 958 omnem
1425 902 1699 957 hominem
1750 900 2055 955 venientem
2091 900 2143 953 in

570 1000 717 1052 hunc
746 993 1026 1061 mundum,
1080 995 1226 1049 illius
1268 994 1431 1049 verba
1480 1002 1696 1049 atternaz
1735 993 1891 1057 vitae,
1924 1006 1987 1046 ac
2012 1006 2148 1059 prae-

570 1094 726 1155 cepta
759 1085 1054 1148 illustrare,
1084 1091 1138 1137 et
1156 1082 1642 1152 quomodocnnque
1670 1094 1769 1151 ego
1786 1094 2001 1149 quoque
2024 1078 2146 1134 illo-

574 1195 692 1232 rum
728 1177 980 1246 precibus
1014 1175 1207 1239 l‘tdens,
1253 1182 1409 1241 putre
1452 1185 1785 1240 parvumque
1823 1170 2020 1224 mentis
2049 1184 2149 1224 na-

572 1269 774 1336 vigium
792 1267 851 1327 in
881 1264 1100 1335 pelagus
1120 1262 1417 1331 spiritualis
1442 1275 1629 1316 eorum
1649 1260 1892 1316 scientia:
1917 1259 2108 1329 impuli
2131 1276 2145 1314 :

574 1357 834 1428 quocirca
865 1356 1088 1410 illorum
1120 1353 1347 1408 utilibus
1374 1363 1427 1405 et
1470 1352 1877 1423 praegrandibus
1918 1352 2049 1407 oleis
2072 1347 2147 1419 (1)

575 1462 641 1501 ac
685 1446 944 1501 oneribus
995 1453 1142 1498 tutus
1200 1443 1310 1512 jam
1358 1456 1593 1496 excurro
1647 1441 1944 1510 rapideque
1976 1442 2143 1495 feror.

576 1538 730 1592 Dicat
781 1545 960 1590 autem
1019 1535 1141 1603 quis
1181 1548 1196 1585 :
1244 1532 1542 1601 elegantior
1587 1530 1819 1585 forsitan
1876 1529 2149 1583 nonnullis

573 1628 846 1697 videbitur
910 1624 1179 1681 recentior
1229 1624 1317 1679 hic
1359 1631 1542 1677 noster
1592 1620 1858 1675 tractandi
1939 1619 2147 1674 modus.

578 1716 995 1788 Sapientissimo
1022 1715 1191 1781 igitur
1245 1711 1448 1767 rectori
1512 1711 1844 1786 Dominoque
1872 1709 2153 1764 universo-

2248 540 2408 596 τάσδε
2443 540 2603 607 μόνον
2635 541 2692 591 ἐν
2721 540 2888 608 εὐχῆς
2927 538 3084 609 μέρει
3130 538 3477 607 ποιούμενος.
3513 540 3733 595 Γινοιτο
3760 543 3820 595 δὲ

2250 634 2345 687 καὶ
2400 634 2567 686 πᾶσιν
2617 631 2819 701 ὁμοίως
2846 634 2961 696 τοῖς
3003 630 3116 687 ἀπὸ
3146 630 3390 700 Χριστοῦ
3442 631 3821 702 καλουμένοις,

2250 726 2436 777 λοιπὸν
2486 725 2577 777 ἐπὶ
2604 726 2724 786 ταῖς
2756 723 2867 777 τῶν
2898 724 3189 795 μακαρίων
3238 723 3497 792 Πατέρων
3535 724 3631 776 καὶ
3675 724 3823 777 διδα-

2250 812 2465 870 σκάλων
2489 816 2688 883 φωναῖς
2708 814 3058 884 ἀποχρώσαις
3089 816 3228 883 μετὰ
3250 812 3312 866 τὸ
3341 812 3556 882 πρῶτον
3577 814 3672 867 καὶ
3696 813 3826 882 ἀληε

2251 908 2397 961 θινὶν
2451 907 2566 977 φῶς
2599 907 2659 960 τδ
2690 907 2928 975 φωτίζον
2974 906 3152 959 πάντα
3208 904 3497 973 ἄνθρωπον
3533 906 3831 974 ἐρχόμενον

2247 1002 2329 1063 είς
2377 998 2469 1052 τὸν
2509 999 2739 1067 κόσμον,
2781 998 2877 1051 καὶ
2921 996 2989 1050 τὰ
3014 995 3225 1050 ἐκείνου
3264 995 3412 1065 ζωῆς
3447 996 3674 1049 αἰωνίου
3730 997 3828 1065 M-

2251 1108 2399 1161 ματα
2444 1091 2539 1145 καὶ
2589 1089 2898 1158 ἐντάλματα
2929 1087 3165 1156 φωτίσαι
3205 1088 3299 1141 καὶ
3350 1086 3617 1150 ὁντινοῦν,
3660 1087 3819 1153 κάγὼ

2247 1185 2367 1243 ταῖς
2396 1182 2584 1249 εὐχαῖς
2612 1180 2839 1233 ἐκείνων
2873 1176 3232 1248 τεθαρρηκὼς
3260 1176 3321 1229 τὸ
3356 1175 3557 1245 σαθρὸν
3592 1178 3691 1229 καὶ
3730 1193 3822 1244 μι-

2251 1274 2382 1342 κρὸν
2414 1272 2653 1334 διανοίας
2686 1270 2911 1323 ἀκάτιον
2936 1268 3075 1338 πρὸς
3096 1267 3157 1320 τὸ
3196 1267 3433 1334 πέλαγος
3475 1266 3693 1335 καθῆκα
3725 1268 3825 1334 τῆς

2233 1362 2434 1416 ἀὐτῶν
2479 1362 2859 1431 πνευματικῆς
2913 1360 3191 1425 γνώσεως,
3239 1358 3324 1425 ἐφ’
3353 1349 3397 1425 ᾧ
3441 1360 3561 1421 ταῖς
3612 1356 3827 1409 τούτων

2250 1452 2514 1523 χρησταῖς
2534 1452 2628 1504 καὶ
2654 1449 3005 1520 μυριοςρόροις
3026 1449 3217 1503 ὁλκάσι
3238 1449 3332 1501 καὶ
3353 1448 3624 1517 φορτίσιν,
3653 1448 3831 1517 ἀσφα-

2250 1543 2355 1605 λῶς
2407 1539 2815 1610 συμπαραθὲειν
2840 1544 2917 1590 *τε
2965 1538 3062 1591 καὶ
3115 1535 3507 1606 συμπέτεσθαι.
3567 1534 3732 1588 Εῐποι
3781 1535 3836 1587 δ’

2252 1633 2317 1685 ἄν
2340 1649 2447 1695 τις,
2480 1634 2555 1694 ὡς
2584 1632 2746 1692 ἐνίοις
2779 1630 2920 1694 δόξει
2959 1629 3099 1699 τάχα
3130 1628 3198 1696 δὴ
3232 1626 3571 1697 κομψότερον
3595 1626 3662 1679 τδ
3688 1626 3827 1695 ἠμί·

2256 1740 2435 1794 τερον,
2488 1723 2571 1775 ὅτι
2628 1738 2731 1773 που
2784 1723 2878 1773 καὶ
2917 1720 3116 1788 τρόπον
3164 1719 3501 1789 καινότερον.
3537 1718 3635 1788 Τῷ
3683 1717 3832 1787 αὑτῷ

577 1826 698 1864 rum
735 1810 842 1864 Deo
863 1807 1106 1862 conﬁsus
1145 1820 1288 1868 sum,
1332 1804 1554 1874 ejusque
1587 1802 1783 1868 Verbo,
1813 1811 1869 1857 et
1893 1800 2025 1870 ipsis
2055 1800 2153 1854 ad-
2181 1793 2184 1802 “

2262 1792 2412 1883 σοὴῷ
2445 1812 2754 1881 κυϐερνήτῃ
2786 1810 2881 1862 καὶ
2916 1811 3136 1864 πάντων
3166 1810 3412 1882 Δεσπότῃ
3440 1808 3731 1880 θαρρήσας
3759 1808 3834 1877 τῷ

580 1900 868 1968 ministris,
904 1899 1102 1968 quibus
1159 1906 1413 1965 tanquam
1465 1892 1848 1949 instrumentis
1880 1892 2071 1958 utitur,
2102 1899 2159 1945 et

2262 1906 2378 1975 Θεῷ
2410 1906 2501 1958 καὶ
2523 1904 2702 1974 Λόγῳ,
2729 1904 2823 1957 καὶ
2857 1903 2968 1964 τοῖς
2994 1901 3179 1963 αὐτοῖς
3210 1902 3492 1970 συνεργοῖς
3518 1900 3620 1953 καὶ
3649 1900 3833 1962 ὅπλοις

580 1992 814 2048 rationis
841 1990 1119 2060 animique
1140 1987 1315 2044 nostri
1341 1988 1509 2041 duces
1537 1996 1700 2056 atque
1720 1986 1978 2041 custodes
2010 1994 2158 2050 sunt,

580 2096 743 2154 atque
789 2083 1045 2139 secundis
1107 2081 1303 2147 ventis,
1359 2095 1459 2135 nec
1491 2095 1598 2136 non
1657 2078 1858 2134 auxilio
1897 2086 1952 2133 et
1974 2068 2157 2148 gratia

581 2175 755 2231 sancti
782 2174 1042 2245 Spirilus,
1093 2172 1250 2240 cujus
1299 2172 1501 2226 virtute
1541 2172 1870 2241 illorumque
1905 2170 2159 2239 precibus

470 2315 481 2325 ,
583 2267 636 2319 in
674 2276 887 2335 portum
917 2264 1172 2319 devectus
1220 2261 1297 2316 fui
1344 2269 1451 2316 tam
1491 2276 1653 2331 opere
1688 2276 1851 2330 quam
1905 2276 2156 2315 sermone

585 2356 780 2410 divinae
839 2353 1149 2408 voluntatis.
1198 2351 1353 2408 Unde
1397 2366 1505 2406 non
1562 2361 1672 2405 tam
1718 2350 1879 2405 facile
1910 2350 2032 2420 quis
2060 2364 2161 2404 nos

585 2444 887 2511 damnabit,
902 2444 946 2499 si
968 2443 1098 2514 quid
1130 2452 1277 2497 tanta
1300 2442 1495 2497 ﬁducia
1521 2442 1862 2511 protulimus,
1887 2452 1942 2495 et
1964 2442 2161 2511 longis,

586 2536 977 2605 multiplicibus
1012 2534 1345 2604 utilibusque
1370 2543 1682 2589 sanctorum
1706 2533 1928 2588 Patrum
1961 2547 2170 2588 sermo-

587 2628 754 2682 nibus
794 2636 917 2697 post
980 2626 1260 2697 multoszet
1282 2626 1537 2695 optimos,
1561 2625 1651 2693 qui
1685 2624 1862 2679 adhuc
1891 2623 2012 2681 illos
2040 2624 2168 2680 sub-

587 2719 758 2775 secuti
801 2728 947 2785 sunt,
982 2728 1037 2774 et
1074 2733 1175 2773 nos
1205 2717 1408 2787 aliquid
1439 2716 1777 2772 suﬂecimus.

663 3068 745 3139 (l)
790 3069 1153 3142 Instrumenta
1184 3069 1381 3137 quibus
1415 3083 1578 3123 naves
1607 3069 1999 3124 subducuntur.

2265 1994 2359 2048 καὶ
2398 1993 2621 2046 σκεύεσι
2672 1994 2785 2056 τοῖς
2835 1993 2932 2046 τοῦ
2961 1993 3123 2060 λόγου
3179 1991 3516 2062 προστάταις
3569 1992 3668 2044 καὶ
3728 1992 3832 2044 τῶν

2262 2084 2451 2156 ψυχῶν
2498 2084 2659 2155 ἡμῶν
2709 2085 2909 2154 φύλαξι
2962 2086 3056 2138 καὶ
3098 2086 3166 2155 τῇ
3219 2084 3358 2155 αὐτῇ
3397 2084 3506 2137 τῶν
3539 2084 3602 2148 ἐξ
3648 2084 3836 2154 οὐρίας

2264 2176 2484 2246 ἀνέμων
2527 2177 2841 2247 ἐπικουρίᾳ,
2876 2178 2943 2247 τῇ
2987 2175 3211 2246 βοηθείᾳ
3234 2175 3327 2228 καὶ
3364 2176 3547 2244 χάριτι
3574 2174 3669 2228 τοῦ
3697 2192 3836 2227 παν-

2262 2271 2421 2336 αγίου
2475 2267 2815 2337 Πνεύματος,
2851 2262 2911 2322 οὗ
2960 2270 3028 2337 τῇ
3069 2267 3295 2336 δυνάμει
3349 2267 3442 2319 καὶ⁵
3486 2268 3604 2325 ταῖς
3662 2267 3837 2329 λιταῖς

2268 2360 2494 2412 ἐκείνων
2535 2360 2616 2423 είς
2668 2359 2863 2427 λιμένα
2892 2359 3177 2428 κατήχθην
3219 2358 3317 2411 καὶ
3346 2360 3401 2410 ἐν
3436 2357 3618 2424 λόγοις
3652 2358 3745 2411 καὶ
3782 2360 3839 2411 ἐν

2268 2451 2453 2520 ἔργοις
2490 2451 2585 2503 τοῦ
2622 2450 2768 2502 θείου
2805 2449 3128 2520 θελήματος.
3165 2447 3329 2501 Ὅθεν
3367 2448 3468 2501 οὐκ
3494 2448 3564 2517 ᾷν
3593 2464 3679 2510 τις
3711 2446 3838 2508 ἴσως

2272 2540 2470 2610 ῥᾳδίως
2508 2526 2664 2609 ἡμῶν
2715 2538 3038 2609 καταγνοίη,
3078 2540 3128 2591 εί
3162 2538 3301 2607 πρὸς
3330 2538 3487 2591 τόσον
3529 2536 3837 2611 τετόλμης

2269 2631 2665 2700 ἐξηνέχθημεν,
2706 2631 2802 2684 καὶ
2846 2630 2922 2700 μὴ
2969 2632 3090 2693 ταῖς
3122 2631 3363 2701 μακραῖς
3405 2630 3500 2681 καὶ
3531 2627 3837 2680 πολυειδέσι

2279 2724 2372 2777 καὶ
2407 2724 2670 2793 χρησταῖς
2723 2721 2965 2790 ὁμιλίαις
3011 2722 3121 2775 τῶν
3176 2720 3335 2775 θείων
3396 2719 3665 2789 Πατέρων
3709 2717 3839 2787 μετὰ

2279 2813 2489 2865 πολλῶν
2536 2806 2633 2865 καὶ
2678 2811 2857 2865 καλῶν
2912 2812 3022 2866 τῶν
3079 2810 3197 2883 μετ’
3248 2811 3487 2875 ἐκείνους
3534 2810 3636 2864 καὶ
3686 2809 3838 2877 ἡμεῖς

2277 2904 2646 2975 ὴρκέσθημεν.

649 3237 3819 3291 M

843 3466 2527 3738 BARTHOLOM/EI
2654 3466 2933 3642 DE
3073 3460 3631 3642 ,ΙΑΝο

1857 3861 2180 3923 ORDlNIS
2221 3858 2588 3924 MINORUM

994 4123 1576 4218 EPISTOLA
1656 4125 1802 4213 DE
1878 4121 2718 4214 CRUDELITATE
2792 4118 3449 4213 TURCARUM

1465 4370 1566 4443 (Ex
1603 4366 1725 4423 cod.
1760 4364 1897 4422 1150
1930 4366 2275 4423 bibliotheca:
2312 4366 2371 4421 S.
2418 4366 2699 4422 Michaelis
2730 4365 2993 4434 Venetae.)

673 4665 979 4723 Venerabili
1008 4664 1280 4734 Religioso
1315 4678 1379 4719 ac
1405 4663 1757 4719 Praedicatori
1785 4662 1986 4719 eximio
2013 4661 2173 4717 fratri
2202 4672 2244 4731 (ι
2278 4659 2592 4729 praedicatio
2643 4668 2756 4713 tua.
2812 4656 2964 4713 Nunc
3016 4663 3201 4711 autem
3254 4654 3567 4711 vehementi
3593 4667 3838 4724 cuperem

604 4760 826 4813 Alberto
859 4759 924 4810 ile
947 4754 1200 4809 Sartiano
1228 4753 1438 4807 ordinis
1466 4753 1730 4808 Minorum
1765 4751 2007 4808 Venetiis
2038 4768 2177 4823 pra:-

607 4849 831 4911 dicanti,
861 4848 1000 4917 patri
1043 4861 1145 4903 suo
1179 4840 1245 4901 in
1282 4843 1502 4901 Christo
1539 4845 1664 4902 Jesu
1701 4845 1992 4916 plurimum
2023 4859 2181 4915 pera-

608 4941 825 4993 mando.

674 5030 912 5093 Iamdiu,
965 5030 1272 5086 venerande
1324 5030 1396 5084 mi
1450 5040 1645 5100 pater,
1700 5030 1920 5095 videre,
1979 5027 2179 5096 alloqui

604 5124 827 5192 pariter,
853 5131 905 5176 et
923 5123 1216 5192 amplexari
1243 5123 1677 5177 desideraverant
1697 5136 1981 5191 personam
2008 5128 2174 5184 tuam,

602 5215 697 5270 sed
739 5215 978 5268 nondum
1032 5214 1147 5268 haec
1197 5215 1329 5269 mihi
1365 5230 1625 5271 concessa
1668 5223 1754 5270 est
1776 5214 1971 5284 gratia.
2038 5212 2171 5266 Nam

603 5303 735 5357 dum
780 5317 883 5371 ego
929 5301 984 5356 in
1036 5300 1347 5358 Occidentis
1404 5307 1648 5374 partibus
1700 5319 1907 5370 versor,
1981 5319 2074 5357 vos
2106 5304 2172 5367 ad

599 5397 876 5451 Orientem
910 5393 1170 5465 pergitis;
1208 5395 1260 5449 in
1282 5394 1505 5450 Oriente
1537 5411 1633 5451 vos
1663 5412 1936 5467 quaerens,
1973 5395 2039 5449 ad
2072 5376 2173 5450 Oc-

601 5484 834 5540 cidentis
890 5486 1121 5553 patriam
1184 5488 1459 5543 remeatis.
1519 5486 1623 5543 Sed
1680 5488 1782 5543 hoc
1851 5497 2020 5543 totum
2078 5485 2172 5541 Dei

603 5577 829 5631 consilio
875 5576 1074 5633 factum
1121 5589 1323 5648 putem,
1380 5595 1528 5644 cum,
1575 5589 1631 5634 ut
1678 5580 1864 5633 auditu
1935 5580 2171 5648 percepi,

604 5682 709 5720 non
732 5682 940 5737 parum,
994 5679 1054 5725 ut
1106 5672 1263 5740 solet,
1322 5672 1466 5729 utilis
1501 5673 1597 5727 fuit
1625 5670 1863 5728 Venetiis
1900 5672 2001 5726 hoc
2029 5686 2171 5726 anno

2276 4750 2575 4815 desiderio,
2628 4749 2755 4805 dum
2802 4756 2983 4805 tamen
3037 4746 3255 4803 favente
3305 4747 3535 4803 Domino
3565 4747 3841 4813 utriusque

2276 4841 2534 4898 Ecclesiae
2567 4840 2694 4894 unio
2716 4839 3041 4906 celebretur,
3071 4854 3169 4894 vos
3209 4840 3336 4893 istas
3357 4848 3415 4895 et
3441 4839 3731 4895 ulteriores
3762 4836 3841 4891 vi-

2212 4992 2227 5005 ,
2276 4935 2442 4990 sitare
2464 4941 2667 5003 partes,
2691 4933 2857 4987 solito
2886 4932 3280 5001 praedicationis
3302 4940 3405 4985 tuae
3426 4939 3588 5001 atque
3608 4929 3843 4985 scientia

2277 5028 2481 5097 pariter
2510 5037 2564 5082 et
2610 5026 2735 5079 vita:
2772 5024 3403 5096 magisterio,.quoniam
3455 5024 3840 5093 permaximum

2282 5122 2585 5174 animarum
2634 5117 2867 5173 fructum
2928 5116 3005 5172 ibi
3060 5117 3335 5171 cernimus
3394 5115 3509 5169 ﬁeri
3560 5130 3721 5184 posse
3753 5127 3841 5183 per

2278 5214 2497 5268 fratres.
2551 5210 2762 5267 Omissa
2826 5207 3273 5273 enim‘Graacia,
3343 5217 3451 5262 tota
3513 5208 3741 5276 insuper
3792 5212 3843 5257 et

2281 5305 2537 5369 Turchia,
2592 5319 2711 5373 quae
2757 5301 2891 5358 alias
2943 5301 3067 5356 Asia
3102 5301 3416 5363 vocabatur,
3458 5299 3545 5353 ubi
3589 5306 3716 5351 sunt
3744 5295 3842 5349 illa:

2279 5409 2483 5467 septem
2538 5396 2809 5460 ecclesiae,
2836 5410 2957 5464 quae
2998 5395 3053 5449 in
3090 5392 3408 5462 Apocalypsi
3443 5391 3706 5459 leguntur,
3727 5387 3844 5441 ubi-

2279 5504 2385 5557 que
2411 5487 2665 5543 inimicus
2691 5486 2890 5541 Christi
2911 5483 3120 5539 Teucer
3139 5482 3492 5553 prittcipatur,
3515 5480 3579 5531 ad
3609 5488 3840 5538 praesens

2281 5579 2707 5635 innumerabiles
2740 5578 2918 5633 adhuc
2954 5585 3168 5632 restant
3202 5572 3382 5645 populi
3423 5566 3717 5625 Christiani
3767 5568 3844 5616 ul-

2281 5680 2363 5725 tra
2394 5669 2636 5726 Maurum
2699 5685 2868 5736 mare,
2929 5682 2990 5725 se
3036 5668 3139 5723 sub
3189 5663 3495 5720 Graecorum
3530 5660 3636 5714 ritu
3676 5667 3840 5723 usque
