4066 6188
280 219 297 281 l
310 219 418 283 057

1436 211 1674 272 EPIST.
1717 207 2015 270 CONTRA
2060 207 2381 269 TURCAS.

3394 200 3527 265 1058

274 337 440 390 hodie
519 333 904 401 gubernantes.
952 306 1384 398 Ceorgianorum
1435 325 1646 394 primo,
1684 322 1733 375 id
1776 330 1858 375 est
1891 323 2131 388 Aputat,
2188 319 2441 388 quoniam
2499 332 2641 371 anno
2687 318 2930 388 quolibet
2986 332 3088 370 non
3144 315 3318 368 minus
3372 331 3535 385 quam

269 426 522 495 Georgize
548 440 775 493 regnum
831 438 938 475 non
983 437 1204 490 parvum
1260 428 1362 482 cs1,
1418 417 1507 471 ubi
1547 415 1852 469 Alexander

275 535 372 573 rex
405 517 563 572 hodie
588 517 924 585 principatur
945 556 960 576 ,
994 515 1131 566 ultra
1164 509 1595 577 Trapesundam.
1629 508 1853 560 [iussin-

276 624 471 662 ttornm
500 607 724 673 patriam
757 616 810 658 et
836 603 1211 657 Rutheoorum
1243 600 1345 654 sub
1370 614 1471 651 axe
1496 597 1616 666 quis
1646 612 1857 665 peratu-

277 700 468 753 bnlare
514 705 691 764 potest
748 710 919 763 usque
967 694 1031 747 ad
1078 690 1302 761 paludes
1352 687 1647 755 Meotides,
1706 687 1850 756 quod

276 780 432 843 mare
462 787 758 842 Abbachuc
804 786 1026 847 dicitur,
1050 785 1378 851 explicatam
1405 783 1427 836 ἶ
1452 781 1653 837 Omitto
1701 779 1855 833 Chir-

274 879 511 934 cassiatu
567 893 629 930 ac
678 874 996 945 Vogariam,
1049 873 1415 941 Mingrilliam,
1481 870 1852 929 Walacltiam,

276 972 469 1025 Patras
490 970 647 1039 juxta
678 982 849 1032 mare,
875 975 1113 1019 attamen
1146 965 1248 1019 sub
1287 965 1389 1017 ritu
1415 964 1749 1017 Graecorum.
1785 959 1857 1012 De

275 1062 531 1117 Armenis
563 1068 716 1114 taceo
739 1099 754 1124 ,
792 1072 929 1127 quos
972 1060 1037 1109 ad
1090 1070 1329 1123 praesens
1361 1069 1518 1121 spero
1549 1054 1615 1106 ad
1646 1051 1853 1105 Italiam

277 1154 464 1207 venire
510 1151 758 1207 videbitis
796 1150 955 1203 simul
1005 1164 1127 1203 cunt
1160 1158 1353 1201 nostro
1379 1156 1530 1213 patre
1561 1144 1729 1198 fratre
1762 1144 1860 1196 Ja-

277 1245 414 1298 cobo
445 1244 511 1296 ad
560 1243 716 1297 fidem
753 1241 1096 1295 Catholicam
1135 1239 1498 1303 reducendos,
1537 1238 1693 1306 longe
1722 1234 1857 1289 faci-

277 1337 432 1390 lioris
480 1333 862 1387 conversionis
896 1343 949 1386 ct
993 1331 1236 1384 veritatis
1274 1328 1548 1397 capiendae
1589 1327 1857 1381 avidiores

276 1429 403 1481 aliis
436 1427 784 1487 nationibus.
834 1432 993 1491 atque
1042 1422 1587 1504 heuevolentissimos
1636 1417 1858 1471 Latino-

275 1537 418 1574 rum.
466 1518 806 1573 Cltristianos
858 1516 1078 1583 insuper
1124 1513 1445 1568 innumeros
1480 1514 1533 1566 itt
1582 1510 1859 1565 montibus

271 1612 485 1671 Ctesiis.
522 1623 684 1678 atque
716 1611 768 1662 in
804 1609 983 1662 Persia
1007 1616 1063 1662 et
1091 1606 1312 1677 Scythia
1339 1606 1467 1660 hinc
1495 1606 1617 1659 inde
1646 1604 1858 1674 disper-

1962 413 2146 466 dccem
2198 411 2278 464 vel
2340 411 2649 479 quindecim
2702 409 2908 472 millia,
2962 411 3219 478 pauciora
3272 406 3431 469 dico,
3481 416 3541 455 ut

1959 505 2171 567 Credas,
2228 503 2530 557 animarum
2578 502 2791 571 rapiat?
2854 502 3093 555 Dicerem
3149 497 3535 568 quinquaginta

1962 596 2154 660 millia,
2195 596 2239 649 si
2269 596 2543 656 crederes,
2575 607 2736 662 atque
2761 593 3035 648 Christum
3067 590 3250 651 Jesum
3292 599 3346 644 et
3377 589 3539 642 minis

1957 700 2011 744 et
2043 687 2317 741 blanditiis
2360 701 2557 755 negare
2633 684 2953 754 compellat?
2992 682 3189 736 Verum
3235 697 3336 734 non
3373 696 3534 748 parva

1962 780 2089 834 tnilti
2126 779 2403 846 consurgit
2431 768 2738 839 admiratio,
2770 778 2811 830 si
2843 776 3007 830 etiam
3034 790 3175 829 unus
3199 773 3541 829 Christianus

1961 872 2269 940 ampliusin
2308 872 2415 925 illis
2455 871 2701 939 partibus
2745 870 3034 939 reperitur.
3066 866 3200 920 Nam
3245 864 3539 921 Corinthus

1960 962 2072 1015 sola
2104 961 2395 1030 pedagiuut
2428 962 2763 1029 captivorum
2798 962 2860 1013 de
2883 959 3131 1028 Gallipoli
3166 958 3217 1011 in
3246 957 3535 1010 Turchiam

1963 1054 2358 1106 transeuntium
2393 1052 2635 1120 quolibet
2675 1067 2817 1106 anno
2862 1052 3061 1104 emitti:
3091 1050 3253 1103 miilia
3286 1060 3339 1102 et
3375 1047 3539 1102 millia

1960 1145 2308 1199 ducatorum.
2348 1144 2426 1199 Oli
2493 1142 2658 1210 igitur
2703 1154 2921 1210 peccata
2972 1143 3407 1195 Christianorum
3433 1156 3540 1210 quo

1963 1236 2213 1291 tenditis?
2271 1250 2378 1304 quo
2421 1250 2516 1289 vos
2562 1233 2893 1297 comlucitis,
2941 1248 3049 1301 qua
3105 1234 3389 1296 servitute,
3433 1249 3543 1303 quo

1960 1325 2253 1394 cpprobrio
2289 1340 2385 1379 vos
2413 1323 2697 1392 subiacere
2728 1323 3097 1387 compellitis?
3132 1323 3237 1377 Sed
3262 1320 3393 1391 quid
3427 1338 3541 1375 mo-

1963 1418 2318 1486 rorantplius,
2340 1418 2725 1471 humanissime
2759 1419 2939 1480 Pater,
2958 1416 3086 1485 quid
3111 1415 3302 1468 differo
3329 1430 3542 1478 novam,

1961 1525 2067 1563 non
2101 1526 2319 1573 novam,
2347 1511 2437 1565 sed
2469 1510 2667 1579 satpius
2702 1512 2955 1563 usitatam
3008 1509 3434 1564 Christianorum
3461 1524 3547 1561 ca-

1962 1601 2267 1656 laniitosam
2301 1614 2532 1671 stragem
2560 1601 2904 1671 flebileutque
2934 1616 3190 1663 narrare,
3217 1615 3376 1670 quam
3403 1599 3546 1651 vidi-

274 1719 390 1764 sos,
424 1701 513 1756 ubi
549 1710 861 1755 nostrorum
895 1698 1132 1752 fratrum
1182 1698 1299 1750 loca
1338 1695 1604 1749 fratribtts
1629 1704 1852 1748 vacuata
1886 1678 1928 1737 Β
1960 1708 2079 1746 mus
2119 1691 2206 1744 bis
2228 1692 2458 1745 diebus?
2480 1690 2683 1745 Tremit
2711 1700 2924 1756 manus,
2946 1692 3157 1761 plorant
3186 1690 3546 1751 oculi,horret

273 1792 615 1853 consistunt,
672 1787 851 1842 adhuc
903 1788 1061 1841 hodie
1116 1786 1478 1853 coguoveritis
1529 1786 1668 1838 inter
1707 1785 1854 1853 ipSllS

275 1880 535 1935 Tartaros
578 1880 907 1934 habitantes.
953 1878 1067 1943 Qua
1094 1878 1161 1931 de
1193 1893 1252 1930 re
1286 1890 1391 1929 non
1437 1873 1709 1937 inutilem,
1752 1876 1861 1925 imo

274 1971 799 2042 opportunissimam
834 1981 1027 2038 reputo
1049 1979 1101 2023 et
1131 1978 1389 2031 vestram,
1422 1976 1479 2021 et
1504 1965 1670 2019 vestri
1700 1965 1855 2018 simi-

276 2064 409 2119 lium
437 2062 772 2132 personasin
809 2061 1053 2129 partibus
1087 2059 1214 2123 illis,
1245 2074 1402 2113 sacra
1429 2068 1610 2112 tamen
1628 2057 1861 2118 unione,

276 2157 321 2209 si
358 2155 502 2210 Deus
545 2154 881 2223 permiserit,
934 2153 1188 2220 primitus
1228 2137 1529 2206 celebrata:
1561 2151 1689 2213 Sed,
1719 2150 1859 2202 ltcu!

280 2247 414 2303 heul
449 2245 578 2316 quid
629 2246 731 2300 ista
760 2259 1146 2309 commemoro,
1182 2260 1304 2298 cum
1328 2243 1487 2312 longe
1515 2243 1699 2312 potius
1735 2239 1866 2295 flere

278 2339 467 2402 libeat,
493 2352 654 2407 quam
686 2336 889 2406 aliquid
933 2335 1057 2390 boni
1104 2350 1201 2405 per
1237 2336 1550 2404 supradicta
1588 2332 1861 2402 sperate?

277 2427 455 2492 Flere,
493 2429 737 2496 inquam.
766 2442 831 2480 ex
877 2426 1084 2480 intimis
1110 2425 1292 2479 cordis
1333 2425 1461 2489 mei,
1492 2432 1548 2477 et
1578 2424 1643 2476 ad
1679 2423 1857 2477 sidera

277 2536 451 2586 usque
474 2519 731 2582 clamare,
766 2530 825 2572 ut
854 2519 969 2572 istis
1018 2517 1262 2587 partibus
1296 2517 1612 2579 liberandis,
1639 2516 1690 2568 in
1726 2531 1863 2584 qua-

280 2626 398 2665 runt
435 2611 615 2665 medio
650 2610 800 2678 quasi
850 2624 1065 2672 smnus,
1115 2608 1438 2677 quandoque
1476 2608 1743 2661 miserans
1772 2620 1862 2658 su-

278 2703 624 2770 perintendat
660 2701 992 2765 Altissimus,
1021 2716 1121 2753 nec
1146 2698 1328 2752 tandiu
1352 2708 1571 2767 peccata
1607 2698 1860 2766 respiciat

276 2792 635 2862 populorum,
700 2806 979 2860 quousque
1039 2789 1473 2844 Christianitatis
1546 2802 1741 2842 nomen
1805 2789 1857 2842 in

277 2886 515 2939 Orientis
565 2894 621 2939 et
673 2882 1074 2953 Septentrionis
1143 2882 1392 2951 partibus
1446 2882 1849 2949 exstinguatur.

278 2978 570 3044 Deficiunt,
628 2977 761 3030 lteul
822 2974 1069 3043 quotidie
1112 2974 1439 3038 Christiani,
1486 2983 1540 3027 et
1594 2982 1859 3042 augentur

276 3070 473 3124 diaboli
506 3078 806 3124 sectatores
831 3106 847 3131 ,
880 3079 931 3121 et
966 3083 1194 3121 numero
1231 3075 1284 3120 et
1314 3066 1513 3120 virtute
1551 3079 1854 3118 armorum.

273 3162 415 3215 Nam
453 3160 536 3213 vix
563 3169 644 3214 est
689 3160 907 3220 civitas,
968 3169 1210 3211 castrum
1266 3158 1347 3212 vel
1397 3157 1542 3221 villa,
1566 3165 1619 3209 et
1655 3155 1741 3207 vix
1775 3165 1861 3209 est

275 3256 417 3318 dies,
453 3254 635 3322 inqua
666 3260 719 3307 et
757 3253 810 3305 iu
839 3251 1101 3313 Turehia,
1136 3259 1190 3304 ct
1214 3250 1524 3327 inGra'cia.
1558 3263 1661 3301 non
1699 3247 1859 3301 modo

278 3351 475 3400 timore
511 3347 592 3399 vel
652 3347 833 3408 mittis,
884 3360 1072 3398 verum
1117 3343 1285 3397 multo
1347 3342 1518 3411 magis
1567 3341 1777 3396 deliciis
1806 3348 1861 3394 et

285 3441 489 3492 honore
518 3437 721 3492 Christi
767 3450 960 3502 nomen
1007 3435 1412 3488 sanctissimum
1466 3448 1571 3487 non
1613 3446 1857 3502 uegezur,

284 3539 342 3583 et
381 3530 650 3584 Mahumet
698 3528 896 3582 diaboli
944 3527 1083 3579 filius
1134 3535 1379 3594 portetur
1405 3525 1469 3577 ad
1509 3539 1764 3589 summa;
1801 3532 1860 3577 et

283 3624 424 3691 quod
451 3622 590 3677 forte
623 3621 931 3685 miraberis,
977 3622 1045 3675 ab
1089 3618 1173 3673 his
1220 3618 1571 3688 quandoque,
1607 3618 1696 3687 qui
1728 3616 1863 3668 divi-

288 3717 402 3778 liis,
438 3726 490 3768 et
530 3718 757 3778 honore,
808 3719 863 3766 et
909 3712 1196 3781 prudentia
1250 3710 1427 3764 saeculi
1474 3710 1857 3779 fungebantur.

282 3807 387 3861 Sed
424 3816 482 3860 ut
533 3810 806 3876 pacti-rita
846 3805 1034 3859 sileam
1086 3802 1247 3867 mala,
1311 3803 1376 3856 ad
1426 3818 1544 3870 qua:
1589 3804 1859 3855 narranda

284 3903 485 3955 nullam
520 3913 645 3966 puto
677 3899 913 3969 linguam
944 3894 1197 3949 sufﬁcere
1220 3909 1399 3963 posse,
1438 3902 1651 3962 tangant
1682 3893 1861 3945 brevi-

281 4006 386 4060 ter,
412 3994 553 4063 qnod
611 4007 783 4059 nuper
822 3989 995 4044 oculis
1055 3987 1189 4043 meis
1223 3989 1335 4056 ipse
1374 3986 1602 4054 inspexi,
1640 3995 1697 4038 ut
1725 3993 1778 4038 et
1807 3996 1859 4037 tit

280 4091 428 4142 scias
464 4097 516 4141 et
543 4100 757 4139 mecum
789 4083 1035 4153 plangas,
1074 4092 1126 4137 et
1177 4082 1220 4137 si
1250 4096 1385 4150 quos
1412 4079 1688 4133 inveneris
1713 4079 1859 4133 onmi

282 4181 617 4248 nonpietate
668 4179 920 4241 nudatos,
963 4178 1111 4246 ipsos
1163 4176 1327 4228 etiam
1367 4173 1498 4226 flere
1542 4172 1858 4240 compellas.

356 4270 560 4324 Memor
579 4285 700 4324 esse
721 4276 894 4338 potes,
929 4277 986 4322 ιιι
1009 4267 1191 4327 credo,
1222 4266 1414 4318 dilecte
1432 4262 1614 4325 Pater,
1642 4264 1859 4333 quando

1965 1789 2154 1837 charta
2203 1794 2259 1839 et
2288 1785 2530 1839 calamus
2582 1786 2682 1839 ista
2746 1798 2958 1842 notare.
2984 1786 3088 1841 Ubi
3114 1795 3195 1841 est
3227 1786 3318 1839 ille
3355 1785 3549 1840 llierc‘

1968 1878 2105 1931 mias
2137 1878 2418 1945 propheta,
2454 1878 2546 1948 qui
2583 1894 2687 1931 non
2725 1894 2885 1932 uitam
2922 1878 3091 1932 solam
3126 1878 3322 1932 defleat
3356 1878 3550 1931 civita-

1965 1976 2099 2034 tem,
2122 1970 2217 2023 sed
2245 1982 2376 2035 tres,
2418 1970 2512 2023 sed
2553 1979 2811 2041 quatuor,
2859 1972 2954 2025 sed
2998 1982 3178 2024 castra
3208 1981 3370 2039 atque
3396 1971 3550 2024 vittas

1963 2057 2299 2121 innumeras,
2359 2073 2608 2129 magnam
2661 2061 2782 2114 dico
2833 2076 2898 2115 ac
2952 2061 3247 2115 notabilem
3294 2062 3547 2129 patriam,

1966 2147 2365 2205 habitatoribus
2422 2160 2475 2203 et
2525 2152 2733 2207 divitiis
2768 2152 3257 2220 opulentissimam,
3304 2153 3416 2221 jam
3454 2153 3549 2204 de-

1964 2248 2223 2294 structam
2262 2243 2316 2295 iit
2365 2243 2718 2312 cineremque
2750 2246 3050 2309 redactam,
3093 2246 3158 2299 de
3196 2259 3382 2299 mense
3402 2244 3550 2296 vitie-

1964 2335 2094 2389 licet
2129 2334 2355 2405 Augusti
2381 2340 2672 2407 praesentis
2705 2340 2865 2403 anni;
2901 2340 3133 2410 patriam
3164 2340 3283 2393 dico
3312 2337 3547 2393 ﬁdelium

1962 2429 2310 2496 populorum,
2365 2430 2457 2500 qui
2522 2428 2768 2485 Saxones
2824 2441 3211 2500 nuncupantur
3258 2432 3314 2485 in
3371 2432 3546 2499 patria

1962 2517 2361 2589 Transylvana,
2390 2536 2534 2589 quae,
2597 2530 2656 2575 ιιι
2683 2521 2851 2575 frater
2893 2522 3028 2575 mihi
3065 2532 3246 2575 narrat
3275 2535 3335 2573 ex
3369 2524 3547 2589 prceda

1967 2612 2302 2679 redemptus,
2343 2623 2472 2665 octo
2517 2613 2729 2666 dierum
2780 2612 3119 2683 longitudine
3142 2623 3198 2668 et
3233 2613 3392 2667 triuttt
3425 2612 3547 2665 lati-

1966 2704 2153 2759 tudine
2191 2705 2541 2767 tendebatur,
2589 2720 2709 2773 quae
2750 2707 2900 2775 prius
2934 2705 3293 2775 Septemsolia
3324 2705 3543 2759 diccba-

1965 2806 2071 2861 tur,
2103 2811 2244 2850 nunc
2297 2811 2426 2851 vero
2471 2796 2598 2865 quid
2655 2798 2973 2851 nominetur
3021 2797 3233 2866 ignoro,
3271 2796 3376 2851 nisi
3403 2794 3544 2850 forte

1964 2888 2116 2942 locus
2164 2889 2568 2943 lamentationis
2619 2900 2673 2943 et
2722 2890 2993 2957 planctus.
3050 2890 3185 2956 Quis
3231 2904 3362 2960 ergo
3396 2888 3546 2942 dabit

1912 3034 1927 3054 .
1964 2979 2132 3048 capiti
2167 2995 2288 3035 meo
2354 2996 2572 3049 aquam,
2620 2992 2676 3034 itt
2731 2985 2937 3050 plorem
2991 2983 3077 3037 die
3129 2998 3192 3037 ac
3217 2992 3395 3047 nocte,
3434 2995 3543 3033 non

1967 3087 2149 3127 muros
2173 3084 2225 3125 et
2247 3071 2482 3141 parietes
2519 3073 2840 3136 destruetos,
2873 3075 2965 3127 sed
2997 3073 3362 3127 inuuuterasa
3408 3072 3544 3125 imas

1962 3176 2300 3233 cxportatas,
2328 3176 2383 3219 et
2429 3167 2535 3235 jam
2584 3165 2801 3221 diabolo
2861 3167 3091 3221 traditas
3116 3167 3180 3221 ad
3216 3166 3541 3224 vorandum,

1962 3274 2102 3327 (ιιιςιι,
2129 3266 2187 3311 ut
2227 3260 2445 3323 dicitur,
2507 3259 2573 3312 ad
2630 3260 2874 3331 triginta,
2911 3270 2964 3315 et
3002 3259 3140 3313 forte
3182 3256 3541 3328 quadraginta

1965 3350 2187 3405 millium
2213 3366 2495 3406 numerum
2526 3354 2930 3406 cxtcnluntur?
2964 3351 3080 3407 0h!
3114 3351 3239 3420 quis
3272 3349 3401 3403 tttilii
3433 3350 3543 3411 det,

1970 3458 2074 3496 non
2099 3441 2358 3509 Maronis,
2383 3458 2487 3497 non
2508 3441 2668 3497 Tullii
2692 3444 3057 3511 eloquentiam
3070 3445 3149 3498 ιιιεέ
3170 3442 3540 3501 scribendum,

1964 3547 2086 3601 quae
2118 3533 2169 3586 in
2198 3533 2283 3588 his
2318 3534 2561 3603 profecto
2606 3536 3010 3599 succumberet,
3059 3535 3151 3588 sed
3187 3534 3367 3603 potius
3400 3533 3543 3584 toni-

1965 3624 2071 3677 trui
2140 3640 2328 3679 vocem
2387 3634 2442 3679 et
2491 3642 2694 3695 pennas
2765 3637 3045 3681 ventorum
3103 3626 3424 3689 ascendere,
3481 3639 3546 3678 ac

1964 3732 2127 3785 super
2154 3718 2592 3772 Christianorum
2620 3720 2851 3788 patriam
2880 3720 3131 3782 volitare,
3165 3734 3273 3774 non
3305 3727 3363 3771 ut
3387 3720 3547 3772 modo

1962 3805 2126 3858 corda
2165 3806 2397 3874 lapidea,
2434 3822 2617 3860 verum
2654 3810 2755 3876 ipsi
2793 3822 3007 3862 montes
3046 3824 3102 3863 et
3149 3811 3314 3864 valles
3342 3826 3370 3863 a
3399 3812 3548 3865 vocis

1965 3896 2347 3962 magnitudine
2383 3899 2728 3950 terreantur?
2764 3897 2879 3951 Non
2937 3900 3162 3952 audiunt
3212 3902 3312 3953 ista
3361 3901 3546 3954 miseri

1961 3985 2281 4053 Christiani,
2313 3997 2366 4041 et
2402 3987 2652 4061 fortassis
2681 3987 2867 4042 audita
2926 4004 3029 4042 non
3061 3991 3305 4045 credent.
3342 3992 3549 4044 Audie~

1967 4089 2112 4141 runt,
2136 4079 2323 4144 credo,
2357 4091 2410 4134 et
2447 4082 2703 4135 libentius
2729 4081 3100 4145 crediderunt,
3126 4082 3395 4138 Teucrum
3424 4100 3547 4138 esse

1962 4175 2485 4247 COt.ﬂit'lUIll;qnod
2530 4192 2637 4231 non
2695 4176 2768 4230 sit
2821 4191 3037 4240 verum,
3099 4178 3202 4232 hoc
3259 4177 3547 4233 ttiamfestc

1964 4267 2326 4329 demonstrat,
2348 4269 2491 4337 quod
2521 4266 2631 4337 jam
2670 4270 2753 4324 bis
2787 4269 2869 4325 vel
2898 4280 2980 4324 ter
3024 4287 3199 4341 usque
3239 4272 3399 4326 modo
3429 4282 3550 4340 post

283 4378 315 4412 a
351 4361 576 4414 Domino
602 4371 793 4414 nostro
819 4375 954 4429 papa
980 4359 1325 4414 sanctissimo
1346 4357 1599 4411 destinati
1632 4361 1697 4409 ad
1731 4372 1859 4425 par-
1892 4371 1939 4429 ι)
1970 4360 2199 4415 reditum
2224 4364 2289 4416 ad
2318 4363 2442 4417 illas
2485 4374 2669 4432 partes
2702 4365 3005 4418 exercitum
3044 4365 3358 4423 destinavit.
3391 4368 3544 4432 Quod

286 4465 369 4507 tes
400 4454 565 4516 istas,
596 4469 624 4505 a
659 4450 898 4507 Venetiis
932 4453 1321 4513 discessimus,
1364 4449 1451 4503 ubi
1489 4458 1543 4503 et
1584 4459 1636 4503 tu
1680 4452 1858 4503 subito

282 4544 357 4597 ab
390 4541 728 4597 Hierusalem
769 4542 986 4596 rediens
1018 4541 1344 4610 applicuisti.
1371 4541 1644 4609 quomodo
1672 4540 1860 4608 vulga-

282 4638 444 4691 batur
498 4638 696 4690 ibidem
755 4636 948 4689 diebus
996 4634 1292 4703 proximis,
1346 4632 1627 4701 llungaros
1680 4634 1859 4700 aliqua

281 4726 619 4780 Teucrorum
693 4727 904 4796 navigia
968 4726 1359 4789 cultibussisse,
1414 4740 1511 4779 nec
1560 4728 1858 4779 nonetiam

282 4818 548 4886 plurimos
590 4818 855 4871 occidisse
897 4816 1137 4869 illorum.
1191 4814 1338 4877 Haec,
1396 4814 1637 4884 inquam,
1680 4816 1862 4869 omnia

280 4923 411 4961 vera
446 4907 680 4961 fuerunt.
731 4909 861 4972 Sed,
912 4910 953 4960 si
1002 4906 1344 4976 postmodum
1388 4908 1615 4961 audistis
1647 4906 1861 4976 ignoro,

282 5007 426 5069 quod
463 5016 525 5054 cx
560 5003 661 5055 hoc
697 5003 906 5055 Teucer
954 5003 1068 5068 ipse
1112 5001 1308 5061 iratus,
1345 4998 1474 5052 illuc
1502 5016 1623 5053 eunt
1667 5016 1862 5068 tnagno

280 5097 523 5147 exercitu
546 5097 905 5162 personaliter
933 5095 1220 5156 accedens,
1266 5092 1549 5160 plusquam
1584 5093 1860 5160 sexaginta

279 5188 476 5251 millia,
517 5202 571 5238 ut
607 5188 827 5251 dicitur,
888 5190 1191 5241 animarum
1254 5186 1552 5255 asportavit
1602 5187 1665 5237 de
1698 5201 1863 5253 regno

284 5276 486 5342 Basia;
539 5277 831 5345 llungariae
892 5281 1213 5343 convicitto;
1268 5294 1523 5346 quarum,
1570 5276 1615 5330 si
1652 5278 1863 5344 quaead

284 5382 526 5436 praesens
577 5370 737 5422 etiam
783 5369 983 5422 Christi
1048 5371 1423 5434 recordentur,
1457 5370 1723 5422 incertunt
1759 5379 1863 5423 est.

284 5458 501 5511 Miraris
542 5460 690 5514 hoc?
730 5459 837 5513 Sed
888 5461 1057 5515 multo
1096 5464 1272 5530 magis
1322 5463 1537 5517 mireris
1572 5474 1624 5517 et
1660 5465 1863 5527 doleas,

282 5552 427 5619 quod
483 5567 514 5605 a
562 5553 748 5622 viginti
806 5551 1046 5620 quinque
1098 5568 1162 5606 ac
1221 5555 1439 5623 triginta
1499 5556 1657 5611 annis
1706 5557 1863 5618 citra,

284 5660 448 5701 quam
486 5660 592 5697 non
644 5662 809 5709 parvo
862 5646 1059 5697 damno
1109 5646 1208 5698 sibi
1245 5656 1298 5699 et
1346 5650 1683 5704 verecundia:
1714 5668 1866 5704 cont-

573 5743 830 5801 l’A't‘noL.
889 5743 1004 5799 Gtt.
1048 5740 1305 5799 CLVlll.

1968 4457 2010 4506 si
2040 4464 2094 4508 et
2122 4470 2308 4509 verum
2349 4465 2434 4510 est
2467 4457 2665 4510 multos
2707 4473 2773 4511 ex
2808 4459 2920 4511 suis
2950 4474 3056 4513 non
3085 4474 3206 4514 esse
3234 4459 3547 4526 defunctos,

1966 4545 2147 4613 potius
2199 4545 2404 4606 labore,
2461 4558 2636 4615 peste,
2694 4548 2857 4612 fatue,
2917 4566 3078 4618 quam
3130 4551 3331 4620 gladio,
3389 4553 3544 4619 quid,

1966 4654 2171 4706 quaeso,
2210 4639 2406 4692 mirum
2432 4650 2516 4693 est
2542 4641 2594 4693 in
2627 4643 2868 4695 exercitu
2900 4652 3273 4697 tercentotum
3319 4646 3545 4698 millium

1969 4733 2249 4784 hominum
2284 4732 2498 4800 aliquos
2526 4735 2681 4797 mori,
2702 4749 2835 4801 quos
2862 4736 3021 4789 etiam
3044 4752 3141 4804 pro
3172 4738 3361 4806 majori
3397 4750 3549 4808 parte

1969 4823 2187 4876 noveris
2253 4824 2635 4879 Christianos?
2701 4827 2815 4890 Qua
2865 4829 2931 4880 de
2987 4844 3063 4895 rc,
3116 4845 3439 4900 quocunque
3493 4844 3544 4885 ιι

1969 4923 2173 4982 vertas,
2237 4918 2405 4969 habes
2460 4918 2742 4972 materiam
2809 4919 3040 4975 deﬂendi
3106 4924 3407 4992 copiosam.
3444 4926 3543 4982 Ubi

1970 5023 2111 5061 nunc.
2148 5010 2313 5077 igitur
2343 5012 2576 5079 amplius
2603 5014 2850 5068 ecclesia:
2890 5015 2941 5067 in
2969 5018 3143 5084 patria
3174 5020 3286 5084 illa,
3332 5036 3544 5081 cruces,

1969 5102 2193 5164 calices,
2220 5104 2477 5167 missalia,
2529 5107 2878 5173 paramenta?
2932 5110 3018 5163 ubi
3070 5121 3383 5166 sanctorum
3425 5115 3548 5167 reli-

1969 5190 2146 5256 quiaz?
2173 5202 2226 5243 et
2247 5194 2388 5258 quod
2426 5194 2605 5260 majus
2638 5205 2721 5250 est
2749 5199 3028 5264 omnibus,
3060 5201 3115 5254 in
3144 5202 3277 5257 locis
3300 5203 3548 5272 pluribus

1969 5297 2166 5349 corpus
2199 5284 2406 5338 Domini
2438 5292 2858 5344 consecratum?
2893 5292 3038 5347 lleul
3076 5312 3185 5363 quo
3228 5296 3543 5362 opprobrio,

1970 5388 2079 5441 quo
2104 5374 2307 5438 derisu,
2340 5389 2541 5444 quanta
2570 5393 2699 5435 sunt
2732 5384 2985 5438 illusione
3016 5386 3248 5471 deject’a,
3283 5404 3345 5439 ae
3387 5389 3545 5457 pcdi-
3603 5382 3613 5392 ’

1970 5464 2071 5518 bus
2097 5467 2457 5522 concaleata?
2486 5469 2581 5526 Ubi
2607 5484 2690 5525 est
2721 5490 2865 5526 nunc
2899 5474 2987 5526 ille
3012 5472 3155 5526 Deus
3178 5464 3544 5543 omnipotens,

1970 5558 2061 5627 qui
2088 5559 2198 5627 regi
2228 5558 2543 5616 Balthassar
2590 5567 2862 5620 irascatur
2914 5567 3057 5620 vasis
3099 5570 3279 5637 templi
3333 5571 3546 5627 Domitii

1976 5653 2211 5721 turpiter
2245 5655 2535 5710 abutcttti?
2575 5658 2754 5719 Certe,
2794 5666 2849 5710 ut
2880 5660 3164 5714 manifeste
3195 5676 3441 5736 appit'ct,
3474 5670 3546 5721 si-

3155 5756 3231 5816 34
