4066 6188
528 236 662 301 14ὶ59
724 282 729 287 ι
1628 288 1641 303 κ
1815 235 2086 299 BARTH.

2223 238 2237 297 ἰ
2277 241 2310 300 J
2322 241 2466 299 ,ΝΟ
3644 231 3782 301 Ῑῦϐεἱ

523 373 626 425 αιιει
656 361 842 409 nostra
879 369 983 408 non
1024 354 1275 416 vidimus,
1313 352 1422 422 jam
1456 368 1563 407 non
1607 363 1683 407 est
1728 356 2014 424 propheta,
2044 364 2099 409 et
2135 365 2171 418 Α
2207 368 2355 411 iuras
2405 358 2521 411 fore
2566 372 2623 409 se
2655 356 2905 418 credunt,
2967 365 3126 423 atque
3177 353 3475 408 ert-duntur
3528 355 3597 407 ab
3630 354 3778 417 aliis,

523 463 625 501 nos
655 460 758 499 non
807 445 1083 514 cognoscit
1129 444 1359 510 amplius
1408 443 1579 508 Deus;
1636 454 1687 496 et
1731 445 1945 509 merito,
1976 461 2096 500 cum

527 544 580 589 et
618 550 716 591 nos
748 535 922 604 ipsum
954 549 1053 589 nec
1074 533 1302 602 amplius
1336 537 1739 603 cognoscimus.
1776 535 1882 589 Sed
1916 551 2099 604 prose-

528 643 758 696 quamur
786 628 1080 696 inceptum.
1117 625 1253 681 Tres
1287 627 1469 696 magni
1507 639 1716 680 montes
1744 630 1978 694 capitum
2016 645 2101 677 oc-

526 722 765 774 c‘sorum
828 718 1109 773 hominum
1167 719 1290 771 farti
1354 730 1477 773 sunt
1522 720 1614 783 ibi,
1658 722 1745 787 qui
1784 736 1841 773 se
1880 721 2100 787 pacifice

528 823 714 869 eorum
745 806 997 861 manibus
1040 806 1253 863 tradere
1298 806 1608 865 noluerunt,
1640 808 1958 875 corporibus
1995 822 2090 875 per

529 915 767 953 convexa
804 900 1075 952 montium
1111 898 1386 961 retulatis,
1438 897 1577 964 lupis
1606 907 1657 948 et
1689 897 1914 951 canibus
1940 908 2101 965 atque

529 992 719 1045 avibus
752 992 1019 1045 horrenda
1068 992 1306 1056 cibatio;
1357 991 1688 1053 Sacerdotes,
1734 990 1992 1059 religiosi,
2022 989 2104 1055 ju-

528 1103 693 1141 venes
719 1096 771 1140 et
802 1087 1027 1154 antiqui,
1085 1086 1210 1139 dum
1244 1094 1423 1140 tamen
1467 1085 1744 1137 ambulare
1776 1095 2014 1153 possent,
2048 1085 2099 1137 in

531 1179 738 1231 catenis
772 1177 962 1232 ferreis
987 1179 1226 1246 perducti
1278 1187 1407 1232 sunt
1455 1178 1519 1228 atl
1574 1177 1773 1231 caudis
1801 1193 2103 1246 equorum;

533 1267 798 1333 reliquum
832 1282 959 1321 vero
997 1267 1187 1335 vulgus
1232 1282 1354 1320 cum
1418 1268 1598 1334 pueris
1619 1277 1672 1319 et
1706 1266 2019 1319 mulieribus
2047 1277 2106 1319 ut

532 1374 730 1427 pet-ora
766 1375 794 1411 a
820 1359 1047 1414 canibus
1081 1360 1306 1427 impulsa
1335 1370 1481 1424 sunt,
1519 1358 1721 1427 absque
1762 1358 1865 1411 ulla
1896 1359 2108 1412 iniseri-

533 1450 719 1502 cordia
749 1450 827 1503 vel
871 1450 1109 1518 pietate;
1156 1465 1385 1519 quorum
1414 1449 1458 1504 si
1496 1449 1617 1514 quis
1657 1450 1862 1513 labore,
1901 1447 1987 1500 siti
2023 1447 2105 1501 vel

534 1543 720 1596 dolore
764 1544 940 1611 potius
962 1543 1350 1596 inambulando
1372 1541 1688 1603 tardaverit,
1716 1556 1748 1591 o
1774 1542 1911 1594 bone
1940 1539 2103 1594 Jesul

535 1635 780 1702 protinus
809 1634 860 1686 in
886 1636 1017 1688 duas
1042 1634 1246 1687 tl.visus
1272 1642 1449 1701 partes
1472 1632 1543 1685 ibi
1572 1632 1732 1686 vitam
1765 1647 1884 1684 cum
1916 1631 2099 1684 labore

2213 449 2540 514 videremus,
2576 447 2658 501 vel
2682 448 2820 502 forte
2848 448 3157 501 videremur
3189 445 3571 499 miserabiliter
3597 446 3790 499 ruina-
3876 514 3883 523 ι

2209 550 2312 596 tos.
2332 542 2581 605 Mentior,
2602 541 2644 594 si
2676 554 2782 594 non
2809 540 2993 608 plures
3015 540 3137 592 novi
3165 555 3231 592 ex
3258 537 3487 592 diversis
3501 538 3786 591 ordinibus

2211 631 2492 699 religiosos
2511 631 2667 697 ho'lje
2688 631 2968 685 Christum
2990 628 3390 683 ferventissime
3406 627 3783 696 praedicantes.

2215 737 2338 776 cras
2386 736 2511 775 vero
2560 722 2734 789 ipsum
2778 722 3007 789 turpiter
3054 720 3405 787 abnegarent.
3436 717 3614 783 Quare
3651 716 3781 770 nulli

2215 813 2265 863 itt
2301 826 2361 865 se
2401 811 2673 865 ﬁdendum
2707 819 2811 875 est,
2841 810 3095 863 omnibus
3121 823 3251 864 vero
3278 809 3576 863 timendum
3601 807 3784 861 utilius

2210 912 2366 971 puto.
2401 902 2504 956 Sed
2541 904 2827 957 redeamus
2859 903 2923 955 ad
2958 902 3154 971 prima.

2288 993 2395 1048 Nos
2449 994 2630 1063 igitur,
2692 994 2781 1061 qui
2843 994 2893 1047 in
2935 994 3052 1047 istis
3098 991 3341 1062 partibus
3373 991 3701 1052 habitamus,
3731 998 3785 1041 et

2214 1084 2521 1151 supradicta
2555 1083 2734 1136 oumia
2765 1098 2889 1136 vera
2916 1097 3038 1137 esse
3070 1091 3124 1135 et
3158 1085 3360 1135 scimus
3390 1091 3442 1134 et
3494 1083 3782 1149 tangimus,

2216 1183 2266 1226 et
2301 1189 2454 1241 aeque
2496 1174 2704 1243 majora
2742 1184 2797 1227 et
2837 1175 3039 1244 pejora,
3087 1188 3249 1241 quam
3278 1188 3572 1233 narremus,
3600 1172 3785 1239 qualia

2216 1281 2336 1321 esse
2365 1267 2646 1321 existimas
2685 1268 2846 1320 corda
2886 1267 3113 1318 nostra?
3144 1264 3363 1325 Fateor,
3398 1274 3577 1317 tantus
3607 1263 3785 1323 dolor,

2228 1369 2376 1413 tanta
2407 1358 2602 1411 mentis
2638 1357 2908 1426 angustia,
2947 1363 3095 1410 tanta
3142 1371 3309 1423 super
3345 1369 3444 1407 nos
3485 1354 3790 1406 amaritudo

2216 1448 2511 1515 convaluit,
2549 1458 2605 1501 ιιι
2627 1448 2787 1516 longo
2811 1447 2923 1512 jam
2962 1458 3206 1517 tempore
3238 1462 3334 1501 nec
3358 1448 3515 1501 cibus
3541 1446 3646 1508 ori,
3685 1460 3789 1498 nec

2217 1556 2439 1595 somnus
2474 1540 2645 1593 oculis
2696 1540 2798 1594 nisi
2862 1539 3035 1593 tristis
3085 1550 3362 1607 appareat.
3415 1540 3535 1607 ipse
3573 1552 3790 1605 quoque

2222 1632 2353 1687 solis
2375 1639 2646 1701 aspectus,
2681 1642 2841 1699 atque
2879 1633 3234 1685 viridantium
3286 1632 3563 1701 regionum
3586 1639 3651 1684 et
3676 1646 3794 1682 ma—

535 1727 728 1779 liuivit.
763 1725 1004 1791 Quorum
1058 1735 1203 1778 tanta
1245 1734 1329 1778 est
1372 1723 1777 1789 tnultitudo,ut,
1815 1732 1950 1776 teste
1973 1739 2103 1775 eon-
2138 1712 2178 1767 Β
2213 1724 2291 1777 ris
2322 1734 2375 1777 et
2409 1733 2589 1786 terras,
2619 1723 2891 1792 plant-tutu
2936 1722 3116 1792 potius
3154 1723 3415 1785 excitant,
3464 1737 3624 1788 quam
3650 1721 3796 1774 sola-

534 1818 783 1879 scietttia,
818 1818 1073 1885 praedicto
1108 1815 1279 1869 fratre
1333 1826 1588 1869 narrante
1634 1815 1873 1884 percepi,
1907 1813 2114 1868 delibe-

538 1924 664 1963 rans
687 1910 738 1961 iit
765 1923 822 1963 se
844 1923 942 1977 pro
965 1907 1208 1977 quolibet
1235 1907 1492 1961 defuncto
1510 1908 1689 1961 dicere
1718 1906 1790 1959 De
1810 1905 2114 1973 profundis,

536 2011 590 2053 et
620 2015 725 2053 non
757 2000 941 2054 valens
998 2016 1107 2070 prie
1142 1999 1487 2054 multitudine
1535 2000 1865 2061 occisorum,
1902 1998 2113 2050 tandem

536 2091 836 2147 orationem
882 2092 1028 2146 illam
1091 2091 1296 2145 Incliua
1343 2093 1689 2162 lacrymando
1737 2091 1972 2145 dicebat.
2008 2088 2116 2144 Nec

540 2187 596 2237 iu
635 2186 737 2239 hoc
772 2200 877 2239 uno
915 2186 1050 2240 forte
1082 2185 1221 2251 loco,
1285 2195 1342 2237 ut
1407 2185 1603 2252 aliquis
1632 2185 1986 2245 existimaret,
2020 2183 2114 2237 scd

542 2291 637 2347 per
665 2276 853 2345 viginti
884 2276 1164 2331 diaetarutu
1214 2278 1467 2344 spatium,
1493 2279 1631 2329 unde
1663 2276 1909 2345 praedicti
1936 2286 2113 2329 trans-

544 2374 718 2420 ierant
773 2365 1049 2433 captivati,
1080 2377 1130 2421 et
1162 2382 1322 2437 quant
1356 2367 1589 2421 maxime
1630 2366 1681 2420 iu
1712 2365 2113 2433 lladrianopoli,

545 2458 633 2510 ubi
689 2467 839 2510 extra
896 2457 1201 2510 habitacula
1264 2467 1411 2509 tanta
1472 2471 1758 2522 corporum
1825 2456 2116 2509 multitudo

548 2554 867 2616 consumpta
894 2549 1057 2618 jacet,
1086 2559 1194 2602 tum
1220 2550 1416 2619 partim
1444 2557 1728 2615 corrupta,
1762 2548 1957 2614 partim
1990 2562 2117 2602 \cl‘O

549 2658 576 2693 a
619 2640 847 2695 canibus
882 2643 1161 2706 devorata,
1204 2649 1261 2693 ttt
1301 2639 1615 2694 incredibile
1660 2640 1913 2708 cuiquam
1952 2637 2113 2700 foret,

549 2733 649 2787 nisi
676 2734 914 2801 pt-Opriis
941 2733 1114 2787 oculis
1171 2733 1495 2800 aspexisset.
1548 2731 2116 2801 Projiciunturinter-

545 2827 668 2877 dum
712 2827 880 2894 aliqui
932 2827 1228 2879 morientes
1292 2824 1344 2877 iu
1402 2835 1766 2878 mercatorum
1803 2824 2114 2876 Latinorum

546 2926 864 2986 conspcrtu,
893 2931 1028 2986 quos
1064 2918 1107 2970 si
1145 2918 1265 2987 quis
1304 2916 1385 2969 vel
1420 2916 1675 2985 sepelire,
1716 2916 1797 2968 vel
1825 2917 1950 2969 inde
1971 2929 2116 2967 amo-

546 3026 696 3079 vere,
733 3011 908 3067 solum
940 3010 1136 3066 faetore
1159 3012 1341 3081 potius
1369 3026 1529 3080 quam
1554 3010 1775 3078 pietate,
1801 3010 2112 3074 tentaverit,

547 3119 646 3157 nec
680 3104 801 3166 hoc,
828 3105 934 3157 nisi
982 3104 1128 3171 prius
1183 3106 1358 3172 pretio
1411 3103 1558 3165 dato,
1597 3102 1755 3154 liceat
1804 3100 1910 3154 ullo
1940 3084 2113 3169 Paeto.

544 3194 625 3251 Ob
660 3196 674 3249 !
710 3196 895 3249 beatos
943 3196 1062 3249 illos
1112 3194 1347 3265 appello,
1381 3193 1481 3247 nisi
1516 3191 1653 3248 forte
1696 3192 1967 3263 desperati
1993 3192 2120 3246 dor-

545 3287 786 3340 mierint.
815 3285 948 3338 Nam
981 3288 1086 3339 alia
1115 3301 1267 3347 voce.
1298 3286 1566 3355 ﬂebilique
1606 3287 1751 3341 luctu
1785 3289 2119 3353 clamabant,

544 3375 673 3430 dum
737 3377 1114 3445 capiebantur,
1172 3378 1605 3446 impellebantur,
1656 3380 2046 3434 occidebantur
2072 3389 2125 3432 et

550 3470 703 3539 pttcri
736 3479 788 3524 et
818 3469 1105 3534 lactentes,
1139 3468 1369 3540 juvenes
1409 3481 1464 3525 et
1495 3473 1755 3541 virgines,
1785 3472 1884 3525 viri
1916 3482 1969 3526 et
1998 3489 2120 3525 mtt-

546 3562 731 3616 lieres.
787 3560 832 3615 0
890 3570 966 3625 tu,
1029 3563 1120 3631 qui
1179 3562 1229 3615 in
1267 3563 1420 3616 cmlis
1466 3563 1697 3626 habitas,
1726 3567 1988 3632 numquid
2018 3567 2119 3618 ista

528 3652 909 3721 reensi‘deras?
942 3668 1068 3705 num
1096 3652 1179 3706 vel
1225 3654 1490 3705 modii-um
1536 3654 1731 3721 pietate
1773 3656 2006 3709 moveris
2031 3657 2052 3709 ?
2078 3658 2123 3711 0

552 3712 713 3809 Virgo
746 3742 922 3807 beata,
958 3757 991 3796 ο
1024 3743 1195 3796 sancti
1244 3754 1555 3813 sanctwque
1586 3743 1703 3808 Dei,
1737 3745 1823 3798 ubi
1858 3762 2000 3816 spes,
2034 3748 2120 3800 ubi

548 3834 872 3909 conﬁdentia
894 3845 1078 3890 nostra
1113 3834 1163 3888 iu
1198 3836 1393 3889 vobis?
1427 3840 1503 3890 An
1530 3840 1668 3892 forte
1697 3839 1878 3908 pOtius
1912 3838 2121 3909 decepti

548 3942 759 3987 sumus.
791 3927 914 3996 quia
942 3936 1122 3982 nostra
1154 3927 1286 3982 fides
1326 3929 1499 3982 inanis
1522 3942 1571 3983 et
1607 3930 1736 3984 falsa
1768 3932 1886 3986 eSt?
1908 3933 2119 3999 Beatos,

550 4021 789 4089 inquam,
826 4020 1056 4076 dixerim
1091 4021 1233 4084 illos,
1285 4022 1328 4076 si
1385 4025 1655 4091 patienter
1700 4026 2015 4079 sustulerint
2042 4028 2123 4079 fa-

552 4125 713 4173 metn,
748 4114 917 4175 sitim,
948 4112 1210 4174 laborem,
1243 4114 1505 4181 dolorem,
1543 4116 1928 4172 servitudinetn
1962 4127 2124 4187 atque

551 4214 802 4257 mortem.
846 4203 954 4257 Sed
986 4220 1088 4281 qua
1129 4206 1337 4259 ratione
1372 4208 1558 4261 beatos
1607 4208 1725 4261 illos
1766 4210 1961 4275 dicam,
1998 4224 2121 4262 cum

553 4297 811 4350 continuo
839 4296 1104 4368 abncgeut
1135 4297 1342 4353 Christi
1372 4301 1556 4363 tidem,
1586 4305 1818 4354 maxime
1840 4300 2121 4369 utriusque

2221 1832 2366 1878 men,
2432 1830 2531 1870 nec
2592 1830 2658 1870 ex
2705 1829 2811 1884 quo
2865 1816 2917 1868 in
2981 1815 3100 1869 istis
3140 1814 3386 1883 partibus
3439 1813 3659 1875 fuimus,
3706 1813 3793 1863 vel

2218 1909 2381 1963 unius
2429 1909 2617 1963 saltem
2662 1910 2809 1963 horae
2868 1908 3148 1975 potuimus
3209 1908 3408 1961 habere
3453 1906 3689 1975 quietem
3722 1919 3792 1955 ex

2221 2001 2328 2064 his,
2363 2014 2483 2069 quae
2536 2001 2790 2053 continue
2845 1999 3122 2064 audimus,
3184 2008 3241 2053 et
3280 2013 3386 2051 non
3432 1997 3631 2059 minus,
3672 2011 3795 2065 qua:

2217 2093 2394 2147 oculis
2426 2093 2722 2145 cernimus.
2767 2091 2966 2145 Sumus
3018 2091 3162 2143 enim
3216 2091 3269 2144 in
3300 2089 3789 2157 Constantinopoli,

2218 2184 2648 2238 eminentissimo
2684 2185 2821 2248 loco,
2876 2184 2927 2235 in
2975 2182 3193 2251 Capella
3250 2181 3498 2235 videlicet
3524 2180 3791 2234 Constan-

2221 2279 2316 2330 tini
2349 2276 2504 2346 juxta
2549 2276 2809 2343 palatium
2850 2276 2986 2344 ejus,
3032 2289 3192 2344 quam
3225 2275 3398 2327 sancti
3434 2272 3795 2341 Hieronymus

2219 2379 2272 2423 et
2306 2368 2638 2436 Augustinus
2689 2378 2743 2420 et
2793 2368 3052 2422 Nicolaus
3089 2382 3209 2419 cum
3258 2365 3485 2433 reliquis
3534 2364 3793 2417 terceutis

2218 2460 2512 2513 octodecim
2542 2459 2791 2512 Patribns
2834 2458 3308 2512 Chalcedonensis
3357 2456 3573 2510 concilii
3603 2470 3796 2508 conse-

2220 2562 2466 2615 crarunt,
2505 2554 2646 2605 unde
2698 2567 2862 2621 supra
2918 2550 3192 2619 speculam
3245 2551 3605 2603 ascendentes
3634 2547 3792 2601 facile

2220 2660 2511 2715 possumus
2546 2656 2712 2698 totam
2764 2645 3074 2713 prospicere
3120 2638 3417 2707 civitatein,
3460 2641 3587 2695 olim
3626 2641 3793 2694 totius

2220 2740 2368 2793 orbis
2398 2738 2940 2800 excellentissimam,
2984 2749 3127 2788 nunc
3153 2751 3281 2788 vero
3310 2745 3460 2787 tanta
3488 2733 3793 2786 calamitate

2220 2830 2506 2899 dejectam,
2541 2825 2749 2880 utilere
2792 2828 2971 2893 potius
3012 2826 3196 2883 hbeat.
3235 2840 3395 2893 quam
3427 2823 3629 2885 mirari,
3661 2838 3786 2873 cum

2221 2934 2327 2976 tam
2366 2938 2429 2977 ex
2456 2922 2585 2980 situ.
2622 2936 2782 2989 qttam
2818 2935 2879 2972 ex
2913 2920 3159 2972 :edil‘teits
3198 2930 3251 2971 et
3282 2920 3492 2971 caeteris
3527 2926 3791 2985 Opportu-

2144 3040 2185 3099 α
2222 3019 2305 3069 nis
2364 3015 2499 3069 alter
2554 3014 2868 3068 deliciarum
2956 3012 3125 3067 fuisse
3179 3012 3465 3082 paradisus
3514 3020 3794 3079 appareat,

2225 3119 2411 3176 to'que
2442 3107 2702 3161 cet-lesias
2726 3117 2779 3160 et
2807 3107 3137 3159 monasteria
3172 3104 3599 3174 stupeutlissinta
3641 3104 3795 3155 ruina

2224 3199 2459 3267 rollapsa
2493 3200 2639 3251 intus
2668 3209 2723 3253 et
2752 3209 2903 3252 extra
2940 3213 3099 3265 quam
3141 3200 3396 3263 maxime,
3426 3207 3486 3250 ut
3515 3202 3798 3249 monaste-

2225 3306 2425 3343 riortttn
2487 3290 2690 3360 sylvnm
2744 3291 2925 3359 potius
2974 3288 3227 3357 primitus
3278 3288 3676 3351 existimasses,
3738 3288 3792 3339 in

2223 3397 2450 3451 quorum
2501 3381 2742 3447 quolibet
2796 3392 2850 3435 et
2910 3382 3125 3436 ducenti
3173 3390 3228 3434 et
3283 3383 3540 3447 tercenti,
3567 3391 3615 3433 et
3645 3379 3788 3432 tniltc

2226 3474 2475 3529 monachi
2537 3474 2862 3538 residebant,
2901 3474 3089 3529 laudes
3134 3475 3417 3528 Altissitno
3452 3474 3795 3527 decantantes

2226 3565 2277 3617 in
2304 3576 2411 3619 tam
2444 3565 2751 3620 dulcissima
2790 3566 3046 3630 tnelodia,
3079 3568 3219 3634 quod
3267 3566 3379 3633 ipse
3409 3579 3504 3618 aer
3534 3566 3586 3617 in
3618 3564 3793 3616 noctis

2228 3655 2404 3709 medio
2468 3657 2892 3726 circumquaque
2950 3660 3244 3711 resonabat
3297 3656 3448 3724 quasi
3496 3655 3795 3725 angi-licata

2229 3748 2594 3802 harmoniam.
2633 3747 2785 3801 Nunc
2835 3764 2982 3812 vero,
3024 3749 3156 3816 proh
3212 3749 3394 3803 dolori
3448 3756 3503 3802 et
3548 3748 3711 3817 spina:
3745 3756 3801 3798 et

2227 3854 2418 3907 vepres
2448 3854 2614 3909 super
2633 3857 2815 3894 muros
2840 3842 3162 3905 ascendunt,
3192 3853 3245 3896 et
3270 3842 3341 3897 ibi
3366 3850 3615 3896 resonant
3645 3841 3801 3895 ululae

2225 3939 2280 3985 et
2340 3932 2606 3986 bubones.
2644 3932 2838 3987 Verum
2900 3935 2943 3988 si
2988 3936 3109 4003 quis
3167 3935 3414 3989 civitates
3467 3934 3798 3994 destructas,

2226 4022 2355 4076 olim
2385 4024 2683 4089 mirabiles,
2714 4033 2775 4083 ut
2806 4024 3079 4080 Cbaleedo
3109 4035 3165 4079 et
3202 4024 3405 4090 Nicaea,
3439 4025 3592 4093 quasi
3621 4025 3765 4076 conti
3786 4051 3800 4061 ο

2228 4129 2360 4181 gues
2391 4116 2476 4168 isti
2508 4115 2648 4177 urbi,
2683 4129 2747 4168 ac
2771 4118 2905 4169 alias
2932 4117 3217 4184 plurimas,
3260 4132 3483 4184 quarum
3512 4131 3609 4169 nec
3644 4115 3801 4167 modo

2230 4208 2384 4275 signa
2428 4217 2713 4275 apparent,
2747 4210 3039 4277 aspiceret,
3090 4226 3195 4263 non
3236 4222 3366 4278 puto
3416 4219 3594 4277 posset
3626 4207 3802 4261 comi-

2234 4313 2361 4351 tere
2390 4312 2448 4351 se
2481 4312 2509 4349 a
2556 4296 2706 4364 ﬂetu,
2741 4315 2858 4369 qua:
2907 4316 3002 4369 per
3039 4302 3335 4355 infidelium
3386 4314 3575 4351 manus
3618 4300 3795 4351 omnia

553 4403 719 4442 sexus
748 4389 996 4456 juvenes,
1041 4386 1132 4454 qui
1177 4399 1324 4443 tanta
1380 4390 1637 4443 facilitate
1673 4402 2060 4460 pervertuntur
2091 4408 2119 4444 a
2160 4386 2202 4440 D
2234 4389 2507 4443 destructa
2542 4403 2688 4445 sunt.
2726 4392 2848 4445 “me
2884 4393 3083 4461 stt-pius
3129 4394 3421 4461 loquimur,
3453 4393 3565 4445 btec
3597 4390 3799 4459 plangi-

556 4481 679 4543 lltle,
711 4489 764 4534 et
791 4481 855 4534 ad
879 4479 1314 4535 Christianorum
1344 4482 1679 4535 inimicitia-tu
1712 4495 2126 4548 convertuntur,

555 4573 682 4639 quia
718 4574 941 4628 credere
990 4574 1140 4643 quasi
1194 4572 1473 4640 incipiant,
1508 4575 1552 4628 si
1602 4575 1714 4627 ﬁeri
1745 4585 1941 4643 potest,
1985 4576 2126 4629 utin

558 4678 799 4717 errorem
834 4664 1163 4719 inducantur
1191 4674 1246 4718 et
1295 4665 1479 4719 electi.
1518 4664 1562 4717 0
1595 4665 1825 4720 altitudo
1853 4668 2130 4736 sapientiae

558 4763 614 4807 et
649 4755 887 4808 SCit‘nlilP
913 4755 1029 4822 Dei,
1058 4772 1219 4826 quam
1275 4757 1843 4825 incomprehensibilia
1879 4768 2005 4811 sunt
2035 4759 2129 4825 ju-

557 4847 696 4900 dicia
745 4847 862 4913 ejus
920 4856 974 4901 et
1033 4848 1456 4919 ltinBSligtlblles_
1494 4853 1594 4903 vite
1640 4850 1800 4918 cjusl
1837 4852 1878 4903 Ο
1916 4860 2046 4918 quot
2077 4862 2132 4904 et

558 4947 792 5008 quantos
818 4954 940 4993 esse
967 4943 1130 4995 credo
1160 4943 1209 4993 in
1243 4943 1466 5006 mundo,
1498 4944 1590 5011 qui
1626 4944 1876 4996 videntur
1910 4955 1959 4997 et
1997 4959 2053 4996 re
2078 4952 2131 4997 et

558 5030 777 5085 nomine
810 5031 1129 5097 Christiani,
1159 5049 1295 5102 quos
1319 5035 1365 5088 si
1415 5037 1497 5089 vel
1537 5036 1811 5089 modieum
1855 5036 1971 5090 haec
2008 5051 2126 5105 per-

556 5125 855 5180 secutionis
908 5128 1098 5194 pruina
1146 5131 1421 5183 decoxerit
1475 5130 1558 5183 vel
1593 5132 1774 5199 potius
1818 5130 2131 5185 detnulsw‘it

556 5218 738 5271 t-arnis
770 5218 965 5271 blanda
1001 5218 1228 5273 dulcedo
1255 5262 1269 5286 ,
1320 5221 1481 5276 facile
1520 5232 1718 5291 negent
1750 5221 2049 5286 Christum,
2079 5234 2132 5277 et

559 5312 743 5364 dicant
774 5324 898 5364 cum
930 5309 1090 5365 Petro
1129 5328 1140 5365 :
1178 5311 1293 5366 Non
1339 5314 1461 5366 novi
1506 5327 1650 5365 eum.
1682 5311 1727 5365 0
1774 5315 1977 5366 utinam
2009 5315 2132 5369 talis

560 5402 825 5468 probatio,
860 5400 982 5455 talis
1016 5403 1372 5470 experientia,
1425 5403 1546 5457 talis
1576 5403 1771 5458 lorea:
1804 5420 1907 5457 non
1951 5406 2147 5459 veniat.

560 5506 724 5560 super
755 5509 876 5558 nos,
927 5495 971 5547 si
1019 5505 1406 5563 consumptnra
1451 5495 1610 5561 foret,
1667 5512 1769 5550 non
1818 5498 2130 5564 probatura,

561 5598 735 5651 neque
766 5585 816 5638 iu
843 5590 1175 5656 temporibus
1230 5589 1455 5650 nostris,
1523 5590 1669 5644 salva
1703 5590 1913 5643 Domini
1944 5591 2134 5644 volun-

564 5686 705 5740 tate;
762 5679 1018 5746 quoniam
1049 5682 1222 5747 multi,
1267 5684 1356 5751 qui
1401 5682 1679 5736 columnas
1712 5681 2018 5738 immobiles
2050 5683 2135 5735 fu-

2234 4498 2374 4545 mus,
2414 4483 2465 4535 itt
2503 4482 2587 4537 bis
2626 4495 2679 4537 et
2710 4485 2982 4538 similibus
3014 4484 3372 4537 lamentaudis
3415 4482 3669 4550 temporis
3691 4496 3795 4533 non

2233 4590 2453 4641 parvam
2497 4585 2703 4643 partem
2726 4577 3117 4639 consumimus,
3150 4576 3330 4644 potius
3352 4584 3607 4643 optantes
3638 4572 3793 4636 mori,

2235 4682 2396 4733 quam
2432 4666 2622 4719 ultima
2663 4668 2845 4720 videre
2881 4666 3040 4731 mala,
3072 4666 3308 4735 quotidie
3336 4672 3680 4733 augmentum
3714 4678 3797 4715 stt-

2233 4759 2431 4810 mentia
2460 4768 2655 4809 nostra:
2694 4761 2887 4825 gentis.
2930 4757 2992 4809 Et
3024 4758 3168 4827 quod
3210 4758 3329 4824 plus
3373 4757 3613 4809 dolorem
3642 4769 3799 4819 exag-

2230 4860 2383 4920 gerat
2400 4859 2564 4921 atque
2583 4850 2887 4913 eonlirmat,
2907 4864 3028 4902 cum
3048 4850 3240 4917 quibus
3260 4846 3373 4898 ltree
3396 4846 3795 4897 communicare

2232 4956 2285 4999 et
2323 4961 2535 5015 pmnam
2562 4945 2817 4999 alleviare
2838 4946 3126 5014 possimus,
3151 4944 3364 5010 penitus
3389 4956 3498 4995 non
3523 4940 3794 4993 habemus.

2233 5036 2366 5090 Nam
2394 5039 2435 5091 si
2466 5040 2555 5106 qui
2595 5039 2647 5091 in
2687 5038 2770 5091 his
2805 5037 3049 5106 partibus
3078 5034 3157 5088 vel
3193 5042 3493 5093 mOrautur,
3532 5030 3609 5082 vel
3638 5028 3797 5081 adve-

2234 5131 2389 5184 niunt
2429 5130 2746 5195 Christiani,
2783 5138 2928 5182 tanta
2978 5126 3291 5194 temporalis
3338 5125 3475 5178 lucri
3514 5120 3799 5186 cupiditate

2235 5225 2617 5285 exardescttnt,
2647 5232 2704 5275 ut
2735 5222 2819 5275 vel
2859 5235 2963 5273 non
3003 5221 3102 5274 ista
3133 5217 3504 5278 considerent,
3533 5214 3633 5273 vel,
3660 5210 3798 5279 quod

2234 5316 2564 5371 horrendum
2606 5328 2689 5369 est
2729 5315 2930 5377 dicere,
2984 5314 3216 5367 latenter
3261 5318 3540 5376 exoptem.
3568 5305 3701 5358 Ecce
3735 5317 3799 5354 ex

2236 5411 2569 5463 'l'eucrorum
2627 5407 2796 5461 lucris
2858 5406 3050 5459 bursas
3111 5403 3359 5471 implent,
3394 5410 3451 5454 et
3498 5401 3700 5466 seipsos
3733 5412 3801 5445 cs

2234 5500 2669 5573 Christianorum
2700 5498 2963 5567 sanguine
3015 5495 3381 5563 locupletant;
3421 5492 3514 5544 sed
3544 5505 3636 5559 pro
3669 5485 3801 5539 tanti

2238 5593 2437 5645 doloris
2476 5590 2745 5644 levantine
2794 5587 3138 5655 subjunctutn
3180 5595 3283 5648 est,
3319 5584 3460 5654 quod
3499 5578 3806 5650 nuperrime

2241 5687 2582 5740 verissimum
2613 5683 2954 5748 audivimus;
2989 5690 3108 5751 post
3153 5678 3383 5733 reditum
3432 5686 3665 5743 namque
3693 5684 3805 5721 ma~
