4066 6188
361 230 495 303 lost

1530 244 1773 311 EPIST.
1819 248 2121 308 CONTRA
2159 251 2476 317 TURCAS.

3488 248 3623 312 106?.

360 353 448 418 gni
486 348 759 404 exercitus
782 346 1114 405 Teucrorum
1138 352 1322 407 subito
1354 366 1416 408 ex
1446 369 1527 409 ets
1558 357 1745 425 viginti
1777 359 1941 412 millia
1976 367 2014 423 Α
2051 365 2139 417 vix
2175 379 2338 417 unum
2383 363 2626 433 reperies
2665 360 3061 417 Christianum.
3094 360 3161 415 Et
3198 368 3376 414 tamen
3410 374 3623 416 constat

360 442 446 496 vel
485 441 634 496 circa
682 443 999 507 retroversi,
1050 442 1332 514 ﬂungaros
1362 448 1516 517 quasi
1567 447 1680 515 jam
1716 463 1938 503 securos

362 530 738 597 repentisslute
773 530 1089 586 invaserunt
1121 535 1171 586 in
1204 534 1439 602 quadam
1483 537 1785 604 provincia,
1818 552 1939 605 qua:

364 622 566 675 dicitur
599 619 931 685 Siculorum,
959 623 1116 685 quasi
1174 622 1234 676 in
1296 624 1475 678 medio
1511 624 1837 692 Httngarite;
1872 640 1936 680 ex

363 713 584 780 quibus,
615 723 675 766 ut
725 712 919 779 fertur,
980 715 1200 783 triginta
1251 716 1402 770 mille
1454 718 1664 771 animos
1691 730 1941 787 pttrlave-

366 812 512 855 runt.
557 801 747 857 Testes
781 815 930 866 sunt,
960 805 1050 872 qui
1088 806 1342 859 viderunt
1365 822 1469 859 non
1504 808 1672 862 modo
1700 811 1942 877 captivos

364 895 514 960 duci,
542 911 728 951 verum
762 896 995 963 plurium
1035 897 1296 951 nobilium
1331 910 1387 953 et
1416 900 1725 969 principum
1761 902 1939 967 capita

362 987 608 1041 abscissa
638 987 826 1054 ιιι-ο]ἱεί
861 997 988 1040 ante
1036 988 1198 1055 pedes
1246 991 1596 1057 imperatoris
1627 1007 1812 1044 comm
1846 1008 1941 1057 per

361 1078 720 1145 Capitanenm
753 1079 924 1142 ilium,
954 1080 1041 1146 qui
1078 1081 1177 1132 ista
1205 1082 1427 1148 peregit,
1454 1090 1509 1135 et
1536 1086 1634 1136 huc
1669 1086 1732 1136 de
1756 1100 1941 1137 tncnsc

364 1166 719 1234 SAa-ptembris.
740 1168 1065 1234 iterumque
1086 1170 1257 1222 alium
1303 1171 1502 1225 direxit
1536 1173 1588 1224 in
1634 1172 1752 1240 ipso
1774 1172 1942 1227 Octo-

369 1260 487 1313 lirio
512 1263 837 1325 exercitum;
880 1259 923 1312 si
953 1259 1080 1328 quid
1122 1261 1245 1313 maii
1276 1261 1486 1322 fecerit,
1521 1279 1626 1317 non
1663 1273 1939 1328 narratur,

373 1361 431 1403 et
461 1352 541 1405 sic
579 1362 783 1418 terque,
820 1360 1140 1419 Quaterqnc,
1185 1353 1473 1421 deciesque
1507 1354 1558 1406 in
1608 1369 1770 1418 anno,
1800 1371 1943 1409 nunc

367 1443 497 1505 huc,
533 1457 674 1495 nunc.
712 1442 859 1506 illuc,
891 1444 1236 1496 formicarum
1293 1459 1443 1497 more
1498 1457 1688 1499 euntes
1737 1455 1789 1499 et
1819 1449 1945 1500 red-

364 1544 581 1599 euntes,
618 1548 937 1601 semperque
993 1534 1143 1589 lucra
1183 1545 1480 1603 portantes,
1522 1551 1587 1589 ac
1651 1539 1693 1590 si
1730 1552 1941 1590 onmem

369 1624 807 1677 Christianorum
839 1634 1042 1679 terram
1075 1626 1217 1679 Deus
1245 1628 1326 1681 eis
1355 1627 1638 1681 tradiderit
1661 1629 1942 1695 possiden-

369 1716 511 1767 dam.
549 1713 830 1783 Tantaque
881 1726 1003 1770 sunt
1038 1718 1331 1771 securitate
1384 1719 1583 1772 firmati
1614 1731 1666 1772 et
1701 1721 1935 1774 ro'oorati
1978 1699 2016 1751 Β

368 1806 648 1872 victoriis,
713 1817 978 1875 tantaque
1044 1809 1289 1863 lucrandi
1353 1811 1653 1879 cupiditate
1723 1812 1936 1865 accensi

365 1914 561 1954 omnes
596 1901 824 1969 pariter,
850 1903 992 1969 quod
1028 1901 1399 1957 indubitanter
1430 1918 1490 1958 se
1516 1906 1735 1958 credant
1769 1916 1936 1957 totam

368 1995 842 2049 Christianitatem
872 1996 924 2050 in
950 2010 1117 2064 parvo
1161 2008 1408 2067 tempore
1432 1999 1830 2053 destructums.
1879 2001 1941 2052 lit

368 2088 514 2156 quis,
556 2103 769 2157 quzeso,
796 2088 895 2142 ista
929 2105 1039 2143 non
1076 2093 1342 2149 credet-rt.
1375 2093 1417 2145 si
1445 2108 1565 2162 qua:
1597 2094 1857 2154 videmus,
1889 2104 1941 2147 et

370 2181 488 2247 ipse
511 2181 759 2234 videret?
785 2180 1042 2237 Videmus
1092 2199 1324 2252 namque
1360 2187 1411 2237 in
1440 2188 1678 2238 exercitu
1710 2188 1943 2239 transire

376 2287 485 2327 non
534 2272 709 2329 solum
746 2275 978 2328 rusticos
1006 2284 1059 2328 et
1095 2283 1340 2343 pastores
1371 2277 1625 2342 inermes,
1661 2281 1775 2331 solo
1815 2295 1941 2331 arcu

380 2365 460 2420 vel
493 2381 624 2421 ense
671 2367 928 2433 munitos,
962 2369 1056 2421 sed
1096 2368 1298 2438 passim
1340 2384 1497 2425 senes
1519 2382 1573 2424 et
1603 2387 1796 2424 cttrvos
1837 2387 1946 2439 prae

381 2483 391 2511 ι
441 2461 552 2513 mia
588 2462 909 2530 antiquitate
944 2462 1119 2516 asella
1142 2462 1418 2529 devectus,
1449 2473 1571 2532 post
1600 2464 1714 2517 dies
1744 2478 1946 2533 paucos

376 2552 666 2607 redeuntes
701 2561 811 2606 tres
845 2553 926 2608 vel
974 2562 1206 2622 quatuor
1236 2553 1465 2622 juvenes
1512 2555 1655 2609 collo
1688 2564 1742 2608 ct
1776 2556 1946 2607 mani-

375 2646 475 2698 bus
503 2654 622 2713 post
662 2654 809 2714 terga
860 2646 1055 2715 ligatos
1104 2660 1285 2699 secum
1342 2646 1541 2701 ducere
1589 2663 1683 2715 per
1713 2648 1944 2700 mediam

368 2732 925 2802 COIISlalllilloltoiitll,
974 2747 1029 2789 et
1072 2737 1308 2791 transire
1353 2737 1404 2789 in
1443 2748 1735 2804 conspectu
1775 2736 1946 2790 Vens-

370 2836 550 2880 torum
581 2838 637 2881 et
665 2828 1017 2883 Janueusium
1047 2841 1436 2883 mercatorum.
1464 2829 1539 2883 lbi
1574 2832 1626 2884 in
1656 2842 1945 2900 COttSpeclll

374 2921 622 2973 omnium
678 2921 949 2974 interdum
1003 2921 1197 2976 sistere
1248 2920 1472 2987 faciunt,
1526 2932 1583 2975 ut
1632 2937 1823 2977 omnes
1871 2924 1951 2976 vi-

372 3014 565 3079 deant,
593 3028 794 3084 cosque
842 3013 1059 3083 injuriis
1112 3022 1169 3067 et
1212 3013 1531 3068 verberibus
1576 3013 1944 3083 colapbizant,
1977 3051 2021 3108 ϐ

378 3109 450 3159 ita
480 3116 539 3161 ut
572 3122 731 3161 nemo
759 3107 956 3161 audeat
993 3108 1409 3173 contradicere;
1447 3108 1491 3161 si
1532 3122 1759 3177 pensare
1799 3108 1949 3169 velit,

380 3209 441 3254 ut
461 3201 666 3255 veritas
699 3215 757 3255 se
798 3200 1001 3255 habet?
1037 3202 1162 3268 quia
1202 3200 1292 3267 qui
1332 3215 1472 3254 anno
1502 3201 1778 3269 przeterito
1806 3200 1951 3254 ducti

382 3303 510 3347 sunt
534 3294 759 3360 captivi,
788 3294 888 3347 hoc
927 3308 1068 3347 anno
1097 3292 1319 3357 Teucri,
1354 3291 1799 3362 Teucrorumque
1831 3308 1953 3347 om-

385 3388 536 3440 nium
575 3386 907 3440 crudeliores
939 3384 1141 3451 effecti,
1184 3388 1236 3439 in
1288 3387 1528 3440 exercitu
1580 3387 1764 3454 primi,
1789 3389 1952 3440 auda-

390 3478 474 3530 cia
526 3487 580 3531 et
629 3477 946 3532 fortitudine
1012 3479 1411 3547 promptiores,
1459 3479 1615 3547 quasi
1675 3478 1955 3547 religionis

389 3570 588 3637 pietate
612 3572 765 3637 moti,
815 3582 872 3625 nt
930 3571 1178 3635 credunt,
1227 3570 1379 3625 Fidei
1438 3573 1664 3626 veritate
1716 3582 1952 3637 reperta,

394 3665 661 3732 propriam
711 3666 937 3734 patriam
1003 3667 1218 3717 tradere
1268 3664 1560 3728 festinant;
1594 3662 1699 3718 hoc
1741 3679 1957 3731 quoque

385 3758 729 3825 potissimum
767 3758 909 3811 in'er
954 3758 1135 3810 omnia
1187 3766 1395 3825 optma,
1440 3767 1667 3823 patrem,
1705 3764 1955 3817 matrem,

386 3848 582 3901 fratres
598 3858 649 3902 et
670 3863 905 3910 sorores,
937 3860 1268 3914 caeterosquc
1284 3847 1717 3913 consanguineos
1738 3861 1954 3913 capere,

384 3950 439 3994 et
458 3943 522 3994 ad
550 3942 727 3993 lumen
750 3942 942 3995 ducere
970 3938 1231 3993 veritatis.
1253 3937 1296 3992 0
1312 3939 1659 4006 stupendum,
1679 3952 1711 3990 ο
1737 3935 1961 4002 profun-

380 4034 511 4087 dum
557 4036 820 4104 judicium
866 4034 983 4093 Dei,
1010 4032 1104 4086 sed
1131 4033 1340 4086 nonnisi
1364 4032 1589 4101 justum,
1616 4030 1853 4100 quandiu
1881 4030 1958 4084 ira

384 4144 483 4179 sua
508 4142 676 4195 super
700 4141 801 4182 nos
834 4125 1129 4181 desaeviet?
1154 4128 1389 4195 qnandiu
1430 4125 1597 4179 nostri
1612 4124 1961 4178 obliviscetur

382 4218 734 4273 Altissimus?
762 4218 981 4273 Utinam
1014 4236 1119 4272 non
1142 4219 1193 4270 iu
1220 4218 1416 4271 tinem!
1452 4217 1609 4282 Vere,
1640 4230 1787 4277 vere,
1810 4223 1963 4284 pater

386 4312 784 4374 amantissime,
819 4313 1116 4368 timendum
1140 4320 1246 4373 est,
1272 4328 1337 4364 ne
1362 4313 1600 4379 peccatis
1629 4310 1826 4365 nostris
1846 4310 1958 4364 exi~

2046 456 2335 521 praedictas
2362 469 2554 511 omnes
2588 454 2752 508 fuisse
2791 454 2998 522 patrias
3024 452 3480 507 Christianorum.
3516 452 3625 505 Sed

2048 542 2296 613 haecjam
2338 544 2515 612 sopita
2567 554 2693 597 sunt
2745 541 3087 609 longitudine
3124 542 3408 610 temporis.
3446 540 3628 595 Redeo

2047 636 2111 689 ad
2154 635 2273 691 dies
2317 645 2557 689 nostros.
2602 634 2926 701 Octttagiuta
2974 633 3058 687 vel
3109 634 3267 700 paulo
3296 632 3476 701 plures
3500 633 3624 683 anni

2048 736 2195 789 sunt,
2231 727 2373 795 quod
2404 743 2500 782 nec
2523 742 2665 781 unus
2689 727 2901 782 Teucer
2922 727 3289 794 reperiebatur
3317 726 3367 777 in
3394 724 3621 781 Griecia.

2053 817 2420 873 Transierunt
2448 820 2611 874 etiam
2639 820 2707 873 ab
2747 820 2880 888 ipsis
2917 818 3244 875 Christianis
3285 818 3515 881 advecti,
3549 826 3627 867 to-

2051 920 2274 979 tamque
2300 911 2441 964 illam
2470 911 2703 980 patriam
2731 911 3050 979 implevere,
3082 926 3203 978 quae
3235 911 3340 965 nisi
3366 911 3431 966 de
3462 911 3626 965 celeri

2051 1002 2401 1069 providentur
2454 1002 2715 1066 remedio,
2774 1002 3040 1057 efﬁcietur
3088 1003 3201 1055 cito
3251 1003 3391 1057 sicut
3428 1002 3626 1056 Arabia

2046 1094 2128 1146 vel
2154 1093 2436 1163 Egyptns.
2474 1093 2709 1147 Patriam
2743 1094 2865 1148 dico
2904 1094 3089 1158 latam,
3147 1094 3480 1163 populosam,
3514 1095 3630 1163 glo-

2049 1184 2368 1239 riosissiutis
2418 1185 2736 1240 civitatibus
2782 1184 3120 1249 decor-alam,
3169 1201 3291 1254 quae
3340 1200 3531 1239 Omnes
3560 1186 3626 1238 ad

2047 1288 2311 1343 prmseus.
2344 1288 2403 1330 ut
2456 1278 2535 1331 sic
2591 1276 2791 1339 dicam,
2846 1277 2912 1329 ad
2950 1275 3174 1330 nihilum
3221 1276 3452 1330 redacta:
3477 1284 3624 1339 sunt,

2049 1367 2447 1422 habitatoribus
2483 1377 2757 1434 vacuatus;
2807 1370 2894 1422 ubi
2946 1369 3251 1422 Alexander
3280 1367 3630 1437 Magnusim-

2048 1461 2291 1527 peravit;
2356 1460 2447 1513 ubi
2514 1461 2779 1524 Atheuae,
2838 1459 3129 1524 Corinthi,
3201 1461 3626 1527 Spartanorum.

2053 1552 2647 1616 Tltessalonicettsium,
2702 1552 3125 1619 l’ltilippensiutn
3170 1553 3443 1617 civitates,
3491 1565 3628 1620 quas

2053 1647 2213 1698 modo
2242 1646 2485 1715 aspicere
2518 1644 2692 1697 luctus
2720 1653 2820 1698 est.
2850 1644 3053 1698 Parnm
3087 1652 3188 1702 est.
3219 1643 3361 1710 quod
3388 1642 3519 1707 dixi,
3547 1658 3629 1696 re-

2051 1748 2240 1805 spectu
2283 1737 2628 1805 sequentium
2663 1744 2710 1788 et
2751 1735 3016 1789 factorum
3052 1745 3104 1787 et
3156 1734 3479 1801 liendortun,
3525 1734 3626 1788 nisi

2053 1827 2305 1895 respiciat
2333 1838 2387 1882 et
2427 1838 2737 1881 succurrat.
2771 1827 2868 1881 libi
2923 1842 3087 1889 nunc,
3115 1842 3319 1895 quaeso,
3336 1837 3423 1881 cst
3455 1827 3626 1895 patria

2054 1918 2348 1979 Dalmatiae,
2412 1917 2667 1980 Croatize,
2716 1916 2950 1981 Bosniaa,
3038 1916 3283 1977 “ascite,
3332 1916 3625 1986 Bulgariae,

2051 2012 2310 2076 Albaniae,
2366 2010 2681 2073 Walacltim,
2729 2027 2892 2079 regna
2946 2027 3052 2064 non
3111 2026 3303 2077 parva,
3344 2012 3394 2063 in
3444 2011 3630 2079 paucis

2050 2105 2211 2171 annis
2237 2104 2637 2158 habitatoribus
2668 2104 2896 2169 spoliata
2921 2103 2944 2153 ‘3
2969 2103 3045 2155 Ad
3082 2102 3412 2170 littngariatn
3447 2103 3628 2163 venio,

2031 2199 2118 2249 -tle
2148 2211 2276 2266 qua,
2311 2205 2368 2249 ttt
2397 2197 2614 2261 dicitur,
2642 2210 2672 2249 a
2723 2195 2913 2248 diebus
2960 2210 3067 2247 non
3117 2195 3296 2248 multis
3344 2195 3627 2263 plusquam

2056 2296 2297 2340 tercenla
2346 2285 2539 2345 millia,
2592 2285 2770 2339 verius
2823 2285 3081 2338 dixissem
3136 2294 3397 2339 sexcenta
3465 2285 3630 2339 millia

2055 2379 2357 2431 animarum
2414 2386 2627 2445 portata
2672 2385 2815 2429 sunt.
2872 2376 3137 2430 Credisne
3187 2391 3317 2444 ergo
3374 2374 3634 2443 possibile

2057 2472 2192 2535 fore,
2246 2471 2390 2539 quod
2449 2470 2633 2533 timeo,
2687 2484 2754 2523 ne
2811 2468 3023 2523 scilicet
3072 2469 3219 2534 justo
3269 2466 3358 2520 Dei
3397 2466 3629 2537 judicio,

2057 2573 2263 2617 tantum
2295 2562 2433 2632 ignis
2461 2562 2564 2615 iste
2607 2560 2886 2629 procedat,
2927 2569 2985 2613 ut
3016 2572 3287 2627 occupare
3329 2558 3501 2626 possit
3525 2565 3634 2612 ter-

2059 2656 2239 2710 minos
2285 2654 2668 2709 Christianos?
2701 2654 2840 2718 Quid
2890 2652 3052 2719 igitur
3100 2666 3241 2705 nunc
3282 2649 3492 2704 faciunt
3528 2650 3633 2704 mi-

2059 2749 2166 2801 seri
2200 2746 2540 2799 Christiani?
2570 2746 2698 2810 quid
2732 2760 2919 2799 eorum
2953 2743 3268 2814 principes?
3290 2742 3417 2812 quid
3449 2753 3634 2810 pasto-

2057 2854 2146 2893 res
2211 2838 2503 2892 Ecclesiae?
2537 2837 2910 2901 Dormiuntne,
2965 2852 3033 2888 an
3088 2834 3391 2904 lethargum
3452 2833 3634 2902 potius

2059 2931 2358 3001 patiuntur,
2400 2940 2457 2982 ttt
2518 2928 2778 2997 paulatim
2805 2934 3122 2996 exspectent
3165 2924 3631 2979 Christianitatem

2059 3022 2350 3079 consumi?
2385 3022 2601 3075 Ludunt
2646 3023 2698 3075 in
2743 3022 2910 3076 hastis
2960 3028 3013 3073 et
3054 3020 3289 3084 choreis,
3328 3017 3411 3071 vel
3458 3018 3635 3085 potius

2056 3116 2301 3169 lacerant
2336 3117 2678 3182 semetipsos.
2708 3110 2928 3168 Interim
2961 3112 3170 3167 Teucer
3192 3110 3404 3165 Christi
3438 3123 3632 3162 nomen

2055 3208 2380 3277 exstinguit,
2446 3207 2558 3276 jam
2592 3207 2818 3276 juravit,
2877 3204 2989 3273 jam
3043 3219 3102 3258 se
3141 3202 3250 3257 Deo
3288 3217 3387 3256 suo
3416 3200 3635 3255 devovit

2056 3301 2208 3355 nullo
2247 3310 2401 3369 pacto
2460 3298 2771 3366 quiescere,
2830 3299 2940 3352 nisi
2993 3312 3155 3365 quam
3207 3297 3371 3351 citius
3422 3295 3473 3349 itt
3526 3301 3634 3346 tota

2057 3392 2351 3462 l‘lttngarita
2408 3390 2618 3444 cantari
2686 3390 2851 3443 faciat
2904 3390 3088 3443 laudes
3140 3387 3485 3442 Mabutnetis.
3519 3383 3634 3439 Heu

2059 3485 2188 3547 ben,
2227 3499 2337 3538 non
2373 3484 2524 3536 mttlti
2559 3482 2684 3535 anni
2710 3491 2858 3544 sunt,
2890 3480 3031 3547 quod
3063 3494 3160 3534 nec
3194 3477 3429 3532 Teucres
3461 3476 3637 3529 nomi-

2061 3576 2294 3630 nabatur
2330 3576 2383 3629 in
2428 3578 2649 3637 mundo,
2690 3573 2791 3628 nisi
2836 3582 3079 3642 pastores
3119 3574 3266 3638 juxta
3312 3570 3637 3624 Damasi-nm

2061 3669 2112 3720 in
2150 3668 2479 3737 quibusnam
2514 3668 2699 3722 nescio
2750 3668 3027 3720 montibus
3058 3666 3389 3727 habitantes,
3423 3662 3632 3724 rttStici,

2060 3758 2289 3820 indocti,
2333 3759 2629 3819 silvestres,
2686 3757 2803 3812 sine
2827 3758 3022 3813 litteris
3047 3796 3061 3821 ,
3093 3758 3210 3811 sine
3247 3757 3473 3811 scientia
3503 3753 3634 3816 ulla,

2061 3857 2121 3900 ut
2152 3857 2275 3901 sunt
2311 3849 2474 3900 etiam
2511 3862 2688 3914 usque
2724 3849 2905 3901 nrodo.
2945 3849 3098 3901 Nunc
3140 3862 3267 3900 vero
3298 3863 3429 3901 auro
3456 3846 3636 3901 vestiti

2061 3947 2114 3992 et
2142 3938 2391 4005 gemmis,
2427 3939 2643 4005 regibus
2678 3948 2732 3991 et
2784 3938 3207 4005 imperatoribus
3241 3938 3635 4006 principautur,

2065 4046 2161 4085 nec
2188 4031 2305 4085 suis
2332 4031 2579 4085 laborant
2609 4031 2881 4095 manibus,
2920 4030 3012 4084 sed
3060 4041 3314 4097 tanquam
3351 4029 3554 4083 dotnitti
3584 4030 3635 4081 in

2067 4123 2201 4191 ipsis
2236 4124 2428 4191 tapetis
2454 4125 2635 4177 aureis
2668 4135 2723 4177 et
2767 4123 3019 4177 mollibus
3061 4121 3435 4190 pulvinaribus
3476 4136 3640 4174 accu-

2065 4216 2219 4278 bant,
2273 4231 2575 4283 eorumque
2620 4215 2853 4269 luxuriis
2900 4215 3149 4284 turpibus
3210 4224 3263 4270 et.
3321 4215 3635 4278 immundis,

2065 4307 2195 4359 olim
2228 4305 2459 4368 nobiles,
2490 4302 2631 4361 nunc
2671 4305 2849 4359 Sclavi
2894 4305 3226 4360 famulantur
3261 4307 3441 4359 miseri
3477 4305 3640 4359 Chri-

387 4406 670 4472 gt'lriibus,
708 4421 828 4474 qua:
878 4418 1123 4458 crescere
1156 4406 1397 4469 quotidie
1434 4403 1731 4464 cernimus,
1771 4401 1956 4471 putius
1995 4403 2036 4456 D
2062 4396 2246 4451 atiaui.
2271 4393 2406 4448 Nam
2432 4398 2586 4461 pauci
2614 4399 2853 4465 ipsorum
2880 4406 3026 4458 sunt,
3060 4397 3151 4465 qui
3184 4405 3307 4450 urto
3332 4395 3411 4449 vel
3431 4396 3634 4462 decem,

381 4513 546 4565 quam
568 4498 759 4563 minui,
777 4508 981 4553 tantum
998 4498 1074 4550 ira
1094 4497 1286 4550 divime
1301 4497 1525 4565 iustitia:
1543 4495 1881 4557 exardescat,
1900 4504 1958 4546 ut

386 4596 452 4645 ad
492 4594 629 4645 lines
677 4606 855 4661 usque
883 4600 1150 4645 terrarum
1198 4598 1425 4658 occupet
1460 4590 1596 4658 ignis
1623 4590 1745 4653 iste,
1786 4588 1875 4655 qui
1907 4590 1957 4639 in

391 4689 507 4740 dies
533 4687 751 4741 extendi
786 4687 1046 4746 cernitur,
1091 4693 1145 4737 et
1190 4684 1366 4751 spatia
1412 4682 1606 4735 latiora
1649 4681 1958 4749 complecti.

387 4779 529 4834 Ecce
559 4779 773 4835 ducenti
810 4782 892 4832 vel
924 4780 1070 4831 circa
1100 4776 1225 4829 anni
1257 4785 1406 4839 sunt,
1436 4778 1656 4845 quando
1692 4786 1800 4830 tota
1834 4775 1958 4829 Asia

385 4886 559 4940 usque
586 4873 649 4923 ad
700 4869 1044 4923 Antiochiam
1066 4875 1121 4923 et
1176 4868 1336 4930 ultra,
1382 4867 1813 4921 Christianorum
1844 4879 1961 4920 erat

384 4963 596 5030 repulit
619 4964 889 5026 habitata;
921 4975 1061 5014 nunc
1081 4973 1211 5013 vero
1250 4959 1503 5029 paulatim
1528 4959 1619 5012 tali
1660 4960 1780 5028 igne
1814 4973 1962 5011 cont-

386 5056 542 5105 busta
576 5060 679 5113 est,
713 5062 772 5104 ιιι
817 5066 1019 5119 paucos
1055 5051 1125 5103 ibi
1177 5050 1416 5116 reperias
1459 5047 1825 5108 Christianos,
1856 5048 1959 5101 nisi

386 5148 526 5201 forte
549 5146 773 5200 Sclavos
791 5145 1051 5214 obsequio
1068 5145 1404 5199 Teucrorum
1433 5143 1738 5210 deputatus.
1759 5140 1961 5193 Omitto

392 5242 630 5311 Syriam,
661 5240 884 5293 Terram
930 5249 1196 5303 sanetam,
1229 5237 1563 5300 Armeniam,
1594 5236 1869 5299 Arabiam,
1908 5249 1960 5289 et

392 5350 561 5400 usque
603 5335 668 5387 ad
696 5333 1076 5387 Alexandriam
1107 5330 1312 5397 patrias
1347 5332 1785 5392 circumstantes,
1821 5344 1958 5397 quas

390 5441 581 5479 omnes
624 5426 1059 5479 Christianorum
1095 5423 1266 5476 fuisse
1306 5438 1403 5489 pro
1439 5421 1629 5490 majori
1665 5432 1816 5489 parte
1853 5436 1956 5473 non

387 5517 551 5585 longo
609 5519 717 5587 jam
794 5527 1035 5581 tempore
1103 5516 1450 5567 manifestum
1511 5524 1613 5569 est.
1694 5515 1871 5569 Taceo
1898 5515 1962 5568 de

390 5608 646 5678 A‘lgypto,
672 5607 969 5675 Altltiopia,
997 5606 1197 5666 Persia,
1234 5616 1286 5658 et
1318 5608 1458 5672 quod
1488 5607 1657 5673 majus
1681 5618 1761 5659 est
1786 5610 1964 5659 muni-

390 5706 513 5767 bus,
548 5712 658 5756 tota
697 5701 896 5762 Africa,
937 5698 1027 5751 ubi
1061 5700 1161 5753 nisi
1188 5696 1326 5750 forte
1363 5697 1569 5764 alians
1601 5710 1956 5762 mercatores,

2068 4489 2247 4558 magni
2287 4505 2415 4543 vero
2465 4491 2687 4560 triginta
2718 4500 2772 4545 et
2806 4499 3059 4554 centum;
3112 4490 3315 4542 minimi
3352 4504 3476 4542 vero
3504 4491 3639 4543 duos

2064 4582 2147 4634 vel
2183 4595 2293 4636 tres
2325 4582 2390 4635 ad
2427 4584 2602 4635 minus
2627 4584 2855 4639 Sclavos
2873 4599 2975 4638 non
3012 4583 3246 4636 habeant
3275 4582 3635 4637 Christianos.

2061 4675 2271 4739 Quibus
2296 4688 2393 4727 eos
2418 4675 2751 4742 opprobriis,
2769 4691 2877 4744 quo
2900 4676 3107 4741 derisu,
3133 4677 3329 4744 quibus
3353 4676 3566 4746 injuriis
3587 4686 3640 4729 et

2064 4768 2386 4823 Verberibus
2420 4770 2787 4838 tyrannizent,
2840 4780 3066 4823 narrent
3124 4770 3198 4833 lli,
3237 4770 3327 4839 qtti
3375 4771 3634 4830 sentiunt,

2065 4862 2251 4915 dicant
2282 4860 2607 4915 Christiani.
2637 4860 2850 4915 Utinam
2876 4863 3003 4915 talia
3042 4864 3356 4931 probarent,
3379 4865 3467 4932 qui
3503 4866 3637 4919 tanti

2064 4967 2192 5010 sunt
2223 4971 2385 5010 causa
2455 4956 2605 5021 mali,
2665 4973 2841 5026 neque
2894 4973 3016 5011 cum
3075 4969 3296 5026 possent
3324 4960 3637 5023 subvenire,

2064 5058 2375 5118 procurant.

2140 5141 2404 5197 Deltcet'et
2459 5142 2587 5198 mihi
2648 5153 2885 5211 tempus,
2931 5148 3318 5202 humanissime
3364 5146 3544 5208 Pater,
3590 5147 3634 5199 si

2064 5248 2255 5291 cuncta
2294 5237 2485 5291 vellem
2534 5237 2969 5291 Christianorum
3015 5240 3209 5293 damna
3262 5252 3316 5292 et
3348 5237 3636 5305 Opprobria

2066 5340 2424 5397 pertractare,
2478 5344 2599 5397 qua:
2649 5332 2924 5384 cernimus
2979 5332 3029 5382 in
3086 5336 3328 5399 partibus
3372 5330 3508 5393 istis,
3540 5346 3637 5382 nec

2068 5420 2404 5472 millesimam
2446 5435 2632 5472 eorum
2692 5432 2896 5489 partem
2949 5420 3282 5473 sufﬁcienter
3329 5420 3635 5484 exprimere

2068 5529 2149 5563 Ine
2188 5528 2346 5581 posse
2397 5517 2630 5567 contido.
2695 5517 2961 5581 Exsurgat
3011 5514 3184 5579 [totius
3230 5511 3501 5579 Josepbus
3546 5515 3639 5568 ille

2069 5612 2251 5657 rhetor
2290 5606 2581 5668 excellens,
2632 5616 2884 5672 exsurgat
2938 5603 3224 5663 llouierus,
3254 5618 3310 5658 et
3341 5606 3500 5659 unius
3526 5622 3634 5660 non

2070 5698 2217 5750 urbis
2253 5698 2447 5763 solum,
2498 5707 2553 5749 ut
2615 5698 2712 5759 illi,
2767 5697 2863 5750 sed
2930 5699 3113 5750 decem
3164 5707 3219 5751 et
3269 5708 3507 5765 centum,
3536 5700 3633 5754 sed
