4066 6188
522 247 658 311 i063

1830 246 2113 307 BARTII.
2158 247 2253 307 DE
2298 246 2490 307 JANU

3624 242 3763 308 ιθοι

519 359 689 423 :nitlc,
718 357 809 413 sed
845 357 1003 413 trium
1050 365 1104 414 et
1126 366 1359 427 quatuor
1414 356 1662 423 millium,
1697 356 1805 412 imo
1872 359 2086 427 triginta
2124 371 2160 425 Α
2198 358 2273 411 ris
2308 356 2465 418 ἡνία»,
2503 354 2772 422 quomodo
2808 363 2863 408 et
2899 353 3135 408 Venetize
3165 365 3218 409 et
3264 354 3433 409 lanna
3461 367 3517 412 et
3548 372 3765 414 cmterze

477 463 571 514 μοι
622 450 980 520 quadraginta
1033 465 1347 519 regnorum,
1413 449 1457 505 si
1508 459 1761 519 possunt,
1803 451 1988 506 ruinas
2036 460 2088 502 et

520 541 859 594 calamitates
887 550 1163 595 enarrent.
1206 539 1478 610 Exsurgat
1504 558 1626 597 cum
1661 543 1743 596 eis
1773 542 1936 597 simul
1963 540 2090 596 Ilie-

519 634 737 696 remias,
764 643 816 687 et
844 631 1020 687 ﬂendo
1051 633 1307 701 suspiret,
1340 643 1391 687 et
1425 634 1573 688 dicat
1604 633 1919 699 :Quomodo
1940 634 2093 687 sedet

518 729 632 783 sola
659 726 1043 782 Christianitas
1072 727 1226 796 plena
1262 727 1492 797 populis,
1535 727 1677 780 facta
1710 735 1797 780 est
1829 726 1981 792 quasi
2015 727 2091 779 vi-

516 822 619 872 dua
655 821 871 873 domina
907 820 1176 888 gentium,
1210 820 1464 888 princeps
1516 818 1918 887 provinciarum
1950 816 2088 870 facta

515 921 599 965 est
637 914 740 966 sub
797 912 1031 967 tributo?
1060 910 1287 966 Plorans
1328 912 1552 981 ploravit
1604 911 1657 965 in
1713 920 1891 974 nocte,
1924 920 1977 965 et
2012 910 2089 963 la-

513 1020 715 1075 crymte
775 1006 827 1057 in
884 1004 1117 1057 maxillis
1157 1004 1312 1073 ejus;
1358 1019 1460 1055 non
1507 1013 1589 1057 est
1653 1004 1741 1069 qui
1782 1003 2092 1057 consoletur

512 1107 632 1147 eam
667 1108 733 1147 ex
786 1095 1039 1149 omnibus
1094 1094 1281 1148 charis
1324 1094 1468 1160 ejus.
1522 1097 1721 1149 Omnes
1785 1092 1943 1146 amici
1974 1092 2092 1156 ejus

511 1193 839 1252 spreverunt
873 1198 1018 1245 eam,
1074 1196 1128 1238 et
1180 1184 1323 1253 quod
1379 1184 1530 1253 pejus
1592 1193 1696 1248 est,
1735 1178 1859 1241 facti
1889 1194 2013 1237 sunt
2043 1184 2089 1234 ei

514 1273 763 1327 inimici?
790 1272 901 1327 Viae
937 1273 1067 1328 Sion
1117 1290 1243 1329 vere
1276 1276 1433 1329 modo
1474 1275 1679 1345 lugent,
1710 1289 1773 1329 eo
1805 1277 1947 1343 quod
1987 1292 2088 1327 non

516 1364 624 1425 sit,
652 1362 741 1431 qui
778 1363 961 1417 Veniat
988 1365 1052 1416 ad
1102 1363 1523 1428 solemnitatem,
1551 1376 1658 1420 etc.
1718 1364 1951 1429 Miraris,
1982 1367 2090 1417 fra-

515 1463 617 1512 ter.
656 1455 779 1523 quia
813 1456 922 1509 dixi
974 1455 1190 1525 triginta
1224 1456 1306 1510 vel
1344 1457 1701 1526 quadraginta
1742 1473 2033 1527 regnorum
2072 1475 2085 1520 ;

511 1549 764 1611 obsecro,
796 1562 860 1601 ne
894 1547 1128 1612 mireris,
1166 1549 1422 1616 quoniam
1476 1550 1588 1605 haec
1611 1561 1667 1605 et
1710 1554 1898 1606 eadem
1950 1556 2087 1607 mali

510 1650 565 1693 et
594 1654 751 1709 mque
776 1640 859 1693 his
890 1639 1120 1711 majora,
1163 1657 1282 1710 quae
1314 1640 1510 1697 Teucri
1556 1641 1804 1698 fecerunt
1832 1643 1889 1698 in
1919 1648 2088 1714 parti-

512 1732 614 1787 bus
646 1732 785 1797 istis,
809 1730 1027 1787 Tartari
1061 1743 1113 1787 et
1146 1735 1352 1802 operati
1400 1746 1548 1801 sunt,
1578 1748 1633 1790 et
1666 1737 1925 1791 continue
1950 1754 2083 1804 ope-

512 1835 707 1879 rantur
763 1826 815 1879 in
883 1826 1127 1891 partibus
1169 1829 1309 1881 ultra
1370 1829 1615 1893 remotis,
1668 1838 1723 1883 et
1773 1839 1830 1883 ut
1859 1841 2084 1886 caateras

519 1919 765 1970 omittam
797 1919 1018 1986 patrias,
1054 1934 1173 1988 qua:
1198 1920 1531 1975 dinumerari
1559 1925 1641 1976 vix
1669 1933 1908 1992 possent,
1940 1933 2083 1977 tanta

516 2011 760 2078 quotidie
792 2010 930 2064 mala
960 2010 1199 2065 inferunt
1245 2011 1298 2065 in
1352 2012 1572 2078 Russia,
1604 2015 1745 2083 quod
1795 2015 1972 2067 nullus
2004 2024 2088 2068 est

513 2118 710 2163 anuus,
740 2103 868 2170 quin
899 2102 1117 2171 triginta
1162 2112 1215 2157 et
1246 2103 1429 2171 plures
1464 2122 1630 2160 naves
1666 2104 1883 2162 Selavis
1914 2108 2087 2177 plena:

513 2195 1038 2263 Constantinopolim
1079 2211 1185 2248 non
1240 2195 1483 2259 veniant,
1518 2197 1607 2263 qtti
1661 2214 1688 2249 a
1727 2196 1971 2252 Tartaris
2000 2214 2085 2253 ve-

515 2290 786 2341 nundatnr
821 2297 878 2340 ut
918 2302 1113 2355 pecora
1170 2289 1223 2341 in
1269 2288 1597 2354 Moncastro,
1635 2290 1686 2344 in
1736 2291 1881 2344 Taua
1936 2302 1987 2347 et
2032 2293 2084 2346 in

512 2379 739 2434 civitate
785 2380 953 2443 Cale,
1001 2394 1101 2434 nec
1150 2380 1204 2434 bi
1250 2390 1376 2434 sunt
1419 2381 1626 2435 decima
1663 2382 1746 2435 ιιι-1
1784 2385 2084 2437 centesima

514 2486 659 2537 pars,
686 2472 773 2540 qui
803 2472 1093 2539 capiuntur
1142 2474 1209 2526 ab
1258 2473 1356 2526 eis.
1406 2472 1775 2541 Siugulariter
1815 2476 2086 2528 istoattno

514 2564 568 2617 in
599 2561 772 2626 Taua,
806 2563 857 2616 in
916 2578 1023 2633 quo
1084 2573 1229 2619 tanta
1279 2566 1596 2620 Sclavorum
1656 2566 1939 2621 multitudo
1963 2581 2088 2621 ven-

513 2658 686 2712 deuda
717 2657 979 2726 perducta
1014 2667 1115 2720 est,
1146 2669 1203 2711 ttt
1237 2673 1340 2727 ego
1381 2660 1495 2728 ipse
1550 2659 1618 2713 ab
1657 2660 1768 2725 illo,
1802 2660 1895 2730 qui
1927 2660 2084 2723 vidit,

516 2749 725 2816 accepi,
793 2749 935 2817 quod
1000 2763 1097 2816 pro
1149 2761 1404 2819 quatuor,
1459 2760 1513 2805 et
1576 2766 1692 2817 Sex,
1721 2763 1776 2806 et
1802 2752 1989 2807 decem
2017 2754 2082 2807 ad

514 2842 631 2903 tlus
656 2839 879 2896 ﬂorenis
911 2842 1071 2895 etiam
1105 2842 1271 2896 millia
1297 2842 1558 2911 juveuum
1589 2859 1772 2899 emere
1801 2845 2081 2912 potuisset.

514 2931 619 2985 Sed
671 2947 768 3000 pro
820 2932 1165 2986 multitudine
1219 2944 1274 2987 et
1334 2934 1477 2989 fame
1520 2935 1707 3002 rejecti
1753 2946 1900 3002 sunt,
1944 2945 1998 2991 et
2028 2944 2085 2991 ut

2195 450 2440 504 civitates
2472 448 2639 503 Italia:
2669 449 3024 516 quatiuntur!
3061 442 3222 504 Certe
3248 452 3422 520 magis
3457 452 3762 506 mirandum

2194 549 2297 608 est,
2329 555 2499 611 quare
2544 558 2647 596 non
2699 543 2915 610 penitus
2963 542 3076 596 sint
3129 543 3339 600 deletae.
3382 543 3626 601 Vidimus
3678 548 3765 601 his

2193 635 2383 689 diebus
2413 634 2769 705 quadraginta
2803 642 2979 687 mutos
3027 635 3254 702 chalybe
3277 648 3536 692 oneratos
3561 637 3629 691 ab
3660 638 3763 691 hac

2194 728 2415 783 civitate
2446 728 2510 782 ad
2542 727 2979 795 Hadrianopolim
3026 728 3168 792 duci,
3195 744 3300 798 quo
3335 739 3390 784 et
3435 730 3532 797 ipsi
3566 730 3763 784 Teucri

2196 821 2442 874 derident
2474 821 2701 889 turpiter
2749 820 3091 875 Christianos
3139 832 3324 890 aperte
3360 820 3642 878 dicentes:
3674 823 3768 875 Vi-

2194 912 2335 976 dete,
2378 912 2585 973 miseri,
2620 913 2920 965 caecitatem
2981 921 3259 977 vestram;
3316 928 3445 969 ecce
3483 929 3576 966 vos
3610 917 3767 967 nobis

2194 1018 2342 1056 arma
2376 1002 2678 1071 porrigitis,
2714 1014 2772 1056 ut
2799 1018 2895 1057 vos
2946 1005 3159 1071 penitus
3203 1005 3543 1059 occidamus.
3573 1005 3764 1071 Qualia

2195 1095 2293 1147 ista
2323 1095 2417 1147 tibi
2454 1094 2725 1159 videntur,
2751 1095 2946 1150 dilecte
2982 1095 3194 1148 frater?
3235 1110 3404 1164 quare
3433 1112 3538 1149 non
3566 1113 3629 1149 ex
3663 1098 3769 1149 hac

2192 1187 2356 1240 etiam
2388 1185 2504 1240 sola
2530 1201 2693 1241 causa
2719 1187 2772 1240 in
2803 1188 3044 1247 civitate,
3095 1187 3146 1239 in
3184 1202 3289 1254 qua
3321 1189 3599 1255 praedicas,
3635 1202 3765 1253 pro-

2196 1279 2419 1338 nuntias
2469 1281 2548 1333 eis
2584 1278 2878 1334 manifeSIe
2936 1281 3195 1335 ruinam?
3244 1282 3349 1335 Sed
3400 1280 3765 1335 indubitanter

2192 1370 2327 1433 scio,
2367 1370 2506 1435 quod
2537 1369 2692 1423 facis.
2726 1369 2963 1434 Clamas,
3002 1381 3057 1424 et
3088 1387 3191 1424 non
3220 1372 3445 1425 audiris.
3486 1372 3588 1425 Sed
3608 1374 3768 1425 adest

2191 1459 2456 1530 ﬂagellum
2483 1460 2918 1530 Dei,quodjuste
2948 1463 3194 1517 verberat
3225 1464 3621 1533 delinquentes.
3652 1464 3760 1518 Sed

2191 1552 2275 1605 vis
2306 1566 2601 1621 parumper
2630 1561 2966 1606 revertamur
3005 1555 3069 1607 ad
3096 1555 3373 1611 Tartarus.

2271 1643 2424 1697 Anno
2485 1643 2591 1698 isto
2644 1644 2713 1699 de.
2775 1660 2961 1700 mense
2988 1647 3245 1715 Augusti.
3304 1649 3519 1716 quando
3557 1646 3767 1702 Teucer

2189 1735 2498 1788 destruebat
2537 1733 2887 1804 Httngariztm,
2943 1752 3115 1790 novus
3172 1738 3479 1805 imperator
3526 1740 3763 1805 electus,

2196 1834 2252 1878 ιιι
2287 1826 2376 1879 hic
2431 1842 2460 1880 a
2515 1827 2760 1895 pluribus
2814 1827 3007 1891 fertur,
3066 1844 3172 1881 non
3230 1827 3461 1891 allirmo,
3499 1832 3764 1897 quianon

2192 1919 2338 1985 vidi;
2373 1929 2425 1973 tu
2460 1921 2655 1974 tnelius
2714 1921 2819 1975 ista
2883 1935 3203 1991 cognosces,
3254 1937 3375 1974 cmn
3408 1920 3632 1976 Polonis
3667 1939 3769 1990 pu-

2189 2025 2359 2079 gnans
2383 2026 2479 2079 pro
2511 2026 2677 2080 regno
2707 2010 3013 2078 l'lnngarite,
3050 2013 3193 2079 ipsos
3229 2011 3545 2078 debellavit,
3604 2015 3765 2067 imm-

2192 2118 2481 2171 merosque
2511 2102 2730 2166 occidit,
2766 2103 3004 2171 intelligo
3049 2104 3410 2159 Christianus.
3441 2105 3591 2158 Tunc
3632 2105 3764 2158 Tar-

2191 2196 2291 2248 tari
2329 2195 2604 2249 convicini
2633 2193 2850 2249 Polouis
2882 2196 3127 2251 videntes
3163 2198 3505 2251 Christianos
3537 2200 3759 2266 populos

2189 2297 2484 2355 occupatos
2536 2288 2588 2342 in
2632 2288 2809 2354 bellis,
2870 2286 3143 2341 Polouiam
3198 2290 3465 2345 invasere.
3520 2291 3656 2357 Quid
3688 2292 3761 2343 ibi

2192 2378 2441 2441 fecerint,
2472 2394 2732 2433 enarrare
2762 2396 2867 2432 non
2911 2380 3139 2435 sufﬁcio.
3188 2380 3333 2451 Ipsos
3389 2383 3681 2450 interroga,
3717 2383 3763 2436 si

2189 2473 2280 2542 qui
2316 2473 2438 2526 inde
2466 2482 2751 2526 venerunt.
2775 2470 2925 2524 Talia
2955 2483 3081 2525 sunt
3105 2473 3398 2526 munimina
3435 2474 3765 2542 principum,

2191 2565 2320 2618 talia
2356 2563 2601 2627 consilia,
2630 2564 2756 2618 talis
2796 2573 2881 2619 est
2911 2564 3107 2617 militia
3156 2573 3344 2619 contra
3382 2565 3613 2633 populos
3643 2566 3767 2617 inti-

2190 2656 2357 2710 deles.
2395 2653 2510 2710 lleu
2548 2657 2784 2717 miseris.
2815 2655 2907 2724 qui
2951 2666 3005 2710 et
3052 2657 3250 2711 debent
3278 2667 3331 2711 ct
3366 2668 3601 2725 possunt
3631 2662 3768 2711 sub~

2188 2752 2372 2807 venire
2395 2762 2449 2806 et
2491 2768 2597 2806 non
2652 2751 2876 2805 faciunt.
2939 2750 3049 2805 Nec
3099 2751 3231 2820 ipsis
3269 2750 3440 2804 defuit
3497 2751 3769 2805 advisatio

2189 2854 2315 2900 ante
2364 2822 2600 2914 tempus.
2656 2844 2787 2898 Nam
2837 2854 2895 2898 et
2940 2859 3040 2914 ego
3086 2860 3152 2898 ex
3199 2856 3353 2913 parte
3391 2845 3652 2909 majorum
3711 2854 3771 2899 et

2192 2937 2389 2992 fratres
2426 2938 2621 3001 direxi,
2681 2946 2735 2992 et
2793 2937 3000 2991 litteras
3051 2935 3332 3006 plusquam
3379 2936 3599 3006 triginta
3630 2952 3767 2990 cou-

514 3026 684 3095 magis
708 3027 770 3078 de
792 3025 1229 3081 Christianorum
1257 3027 1432 3095 gloria
1469 3028 1706 3095 gaudeas
1735 3037 1791 3083 et
1817 3028 2082 3095 exsultes,
2117 3065 2159 3118 ε
2194 3030 2385 3095 scripsi
2421 3031 2510 3084 diu
2560 3039 2685 3085 ante
2731 3031 2794 3085 de
2847 3044 3032 3084 mense
3083 3029 3387 3096 Decembri,
3436 3030 3651 3099 quando
3679 3031 3768 3083 ille

512 3119 728 3174 noveris
749 3159 763 3181 ,
797 3122 940 3189 quod
982 3119 1048 3174 de
1078 3119 1278 3189 Cayro,
1318 3120 1387 3175 de
1411 3120 1758 3188 Alexandria,
1795 3131 1849 3177 et
1876 3136 1940 3175 ex
1971 3122 2091 3177 aliis

510 3213 759 3283 partibus
774 3211 1012 3267 Orientis
1032 3213 1284 3267 Saraceni
1308 3229 1633 3269 mercatores
1650 3215 1944 3270 adveniunt
1957 3232 2092 3283 quo-

513 3308 641 3359 libet
666 3312 829 3369 anno,
873 3306 1198 3377 quandoque
1228 3324 1255 3359 a
1287 3305 1512 3362 Sullano
1541 3308 1751 3373 directi,
1776 3310 1841 3367 ad
1879 3308 2087 3373 Cafam,

511 3398 577 3450 ad
608 3395 816 3452 Tanain
846 3409 902 3453 et
929 3399 1311 3464 Moncastrum,
1336 3411 1390 3454 et
1415 3399 1481 3454 ad
1506 3401 1640 3454 alias
1660 3400 2088 3455 Christianorum

514 3501 708 3556 terras,
735 3502 787 3546 et
815 3491 888 3545 ibi
926 3508 954 3544 a
986 3490 1313 3547 Christianis
1336 3491 1677 3548 Christianos
1699 3502 1886 3548 emunt
1918 3498 2089 3564 pretio

514 3599 734 3653 magno,
795 3600 1065 3654 superque
1125 3583 1562 3639 Christianorqu
1620 3602 1790 3641 naves
1844 3596 2085 3655 portant,

514 3676 641 3743 quia
671 3675 771 3743 ipsi
830 3690 934 3729 non
988 3676 1210 3741 habent,
1271 3676 1336 3729 ad
1397 3677 1625 3743 patriam
1676 3692 1852 3739 suam,
1895 3686 1954 3730 ut
1982 3693 2087 3731 non

513 3768 675 3822 modo
698 3767 925 3823 Sclavos
952 3768 1211 3833 habeant,
1258 3767 1350 3822 sed
1386 3778 1442 3821 ut
1477 3769 1734 3825 libentius
1762 3770 1963 3825 faciant
1986 3769 2088 3825 Sa-

517 3873 761 3925 racenos,
822 3860 1256 3915 Christianorum
1300 3861 1641 3930 postmodum
1694 3863 1962 3918 inimicos.
2005 3862 2084 3919 0h

512 3952 699 4005 divina
759 3952 995 4021 iustitia,
1053 3961 1201 4007 certe
1251 3953 1447 4007 mirum
1495 3960 1602 4017 est,
1648 3969 1819 4023 quare
1876 3965 2085 4009 tantum

513 4046 745 4100 sustinet
773 4044 1143 4100 Christianos!
1183 4046 1275 4101 sed
1315 4047 1560 4115 quotidie
1599 4049 1915 4117 mysterium
1956 4063 2087 4117 ope-

513 4148 687 4194 ratur.
725 4139 987 4208 Exspecta
1041 4154 1353 4209 parumper,
1382 4140 1707 4195 venerabilis
1737 4153 1909 4211 pater,
1942 4141 2083 4195 aliud

456 4260 457 4263 η
513 4231 705 4286 audire
741 4231 1008 4295 mirabile,
1037 4230 1466 4300 delaetahileque
1509 4248 1610 4287 non
1649 4247 1857 4301 parum.
1889 4231 2084 4287 Teucri

512 4338 620 4377 non
658 4322 855 4377 habent
882 4338 1054 4389 arma,
1091 4333 1149 4377 ut
1184 4322 1416 4387 dicitur;
1460 4324 1503 4377 si
1558 4334 1610 4376 tu
1645 4325 1821 4379 credis
1848 4326 1947 4379 hoc
1979 4327 2082 4379 im-

2202 3123 2427 3188 parabat
2455 3125 2752 3178 exercitum
2787 3133 2973 3178 contra
3010 3125 3189 3192 ipsos;
3225 3134 3277 3177 et
3305 3125 3400 3177 has
3426 3124 3493 3176 ad
3525 3123 3763 3190 impera-

2201 3223 2372 3268 torem
2397 3224 2451 3269 et
2475 3215 2646 3269 duces
2676 3216 2825 3278 misi,
2848 3229 2983 3283 quas
3008 3224 3062 3268 et
3089 3217 3393 3269 habuerunt
3419 3226 3474 3268 et
3496 3216 3761 3284 legerunt,

2200 3320 2301 3359 nec
2332 3315 2685 3370 curaverunt,
2713 3316 2874 3376 prout
2904 3307 3079 3361 exitus
3109 3307 3224 3376 ipse
3258 3307 3613 3360 demonstrat.
3642 3307 3762 3360 Cla-

2199 3398 2382 3451 mabat
2412 3399 2574 3452 etiam
2606 3399 2657 3452 in
2690 3408 2980 3468 conspectu
3011 3400 3153 3468 regis
3214 3409 3269 3454 et
3297 3400 3593 3468 principum
3628 3398 3748 3449 tuba

2200 3490 2286 3544 illa
2317 3490 2412 3545 Dei
2443 3490 2610 3545 frater
2637 3489 2873 3545 Jacobus
2898 3499 3106 3556 noster,
3140 3492 3328 3560 eisque
3357 3490 3411 3544 in
3449 3490 3630 3544 faciem
3663 3488 3751 3540 iu-

2192 3582 2367 3653 jurias
2436 3582 2753 3653 irrogabat:
2793 3582 2949 3646 Ecce,
3004 3583 3210 3646 dicens,
3276 3583 3483 3647 miseri,
3531 3581 3758 3650 patriam

2197 3686 2432 3730 vestram
2462 3676 2625 3731 alieni
2645 3676 2901 3745 spoliant,
2922 3691 3119 3731 uxores
3146 3686 3355 3732 vestras
3386 3676 3437 3729 in
3466 3685 3761 3744 conspectu

2197 3777 2379 3823 vestro
2418 3767 2747 3836 vituperant,
2785 3775 2839 3822 et
2883 3767 3085 3821 ducunt
3124 3777 3181 3821 et
3218 3767 3414 3822 fratres
3442 3774 3497 3820 et
3541 3766 3676 3819 ﬁlios
3707 3766 3761 3817 in

2196 3858 2428 3922 catenis,
2460 3872 2560 3913 nec
2605 3859 2833 3913 curatis.
2886 3857 2991 3927 Ipsi
3042 3874 3169 3914 vero
3213 3860 3328 3914 haec
3360 3868 3413 3913 et
3440 3860 3634 3913 similia
3667 3876 3767 3913 au-

2194 3947 2405 4003 dientes
2443 3956 2497 4003 et
2552 3948 2816 4013 ridentes,
2874 3950 3220 4007 insensibiles
3289 3952 3620 4006 videbantur.
3690 3952 3762 4006 Et

2194 4042 2336 4111 quod
2377 4042 2496 4110 plus
2526 4051 2629 4105 est,
2674 4042 2925 4097 dominus
2965 4053 3153 4098 noster
3209 4058 3343 4112 papa
3382 4043 3763 4098 sanctissimus

2194 4147 2419 4187 munera
2481 4134 2561 4188 eis
2613 4134 2760 4189 misit
2812 4142 3039 4197 aeterna,
3113 4135 3497 4204 indulgentiam
3552 4136 3760 4190 scilicet

2192 4231 2563 4294 peccatorum,
2601 4223 2646 4277 si
2677 4225 2767 4293 qui
2805 4235 2991 4280 contra
3022 4226 3268 4282 inﬁdeles
3313 4243 3463 4282 arma
3496 4224 3760 4297 sumpsis-

2193 4316 2588 4383 sent.Quando
2636 4316 2820 4387 igitur,
2880 4318 3097 4388 quando
3149 4321 3530 4375 excitabantur
3577 4321 3757 4375 miseri

514 4414 768 4483 possibile
793 4413 929 4479 fore,
979 4429 1099 4467 cum
1170 4422 1349 4468 tantas
1401 4414 1833 4469 Christianorum
1886 4419 2086 4484 pan-ius
2120 4422 2169 4480 υ
2195 4404 2589 4463 Cbristiani‘IO
2627 4410 2846 4479 quando
2903 4412 3007 4464 erit
3064 4422 3273 4481 tempus
3304 4412 3473 4466 illud?
3496 4413 3541 4468 si
3574 4413 3758 4468 videro

515 4509 976 4575 easnoliaverint;
1028 4522 1157 4563 ecce
1203 4509 1515 4562 veniuntde
1567 4506 1717 4561 Italia
1759 4517 2089 4563 mercatores

512 4600 712 4666 Latini,
739 4609 793 4657 et
826 4601 1038 4664 Veneti,
1066 4610 1119 4655 et
1157 4598 1476 4661 Januenses,
1497 4608 1551 4655 et
1581 4602 1780 4663 caeleri,
1799 4608 1852 4655 et
1880 4616 1944 4655 ex
1977 4616 2089 4654 ma-

513 4708 613 4760 gna
639 4692 876 4761 ipsorum
909 4691 1112 4761 pietate
1161 4701 1215 4743 et
1263 4692 1436 4762 gratia
1475 4697 1663 4743 contra
1713 4689 1793 4745 fas
1837 4699 1891 4744 et
1918 4690 2088 4754 nefas,

513 4784 810 4849 galeaset
858 4799 1022 4839 naves
1078 4785 1287 4852 plenas,
1349 4800 1451 4836 u-m
1508 4783 1787 4846 ferro,sed
1836 4783 2087 4852 chalybe,

516 4884 732 4939 portant
754 4876 805 4929 in
827 4875 1155 4929 abundantia
1188 4883 1356 4938 tanta,
1379 4882 1436 4929 ut
1466 4875 1549 4929 vix
1580 4878 1796 4931 credam
1822 4877 1873 4930 in
1909 4877 2085 4946 aliqua

515 4965 736 5020 civitate
759 4966 926 5021 Italiae
980 4969 1033 5022 in
1091 4979 1199 5021 tam
1256 4969 1395 5021 hono
1426 4968 1541 5021 foro
1574 4979 1628 5023 et
1662 4970 1712 5022 in
1748 4978 1893 5022 tanta
1932 4972 2085 5037 copia

516 5058 766 5126 reperiri,
801 5067 1005 5127 quanta
1032 5059 1085 5113 in
1124 5058 1395 5128 Gallipoli,
1434 5058 1566 5114 Pera
1605 5069 1656 5113 et
1697 5058 2083 5129 Hadrianopoli

520 5155 824 5222 reperitur;
856 5155 1107 5220 mentior,
1149 5155 1193 5209 si
1244 5169 1351 5209 non
1394 5154 1506 5209 vidi
1555 5154 1727 5208 oculis
1757 5154 1926 5220 meis;
1954 5155 2082 5208 etin

517 5246 707 5316 galeis,
742 5246 940 5316 quibus
964 5247 1232 5301 venimus.
1263 5245 1368 5300 Sed
1415 5245 1562 5307 audi,
1618 5247 1886 5314 quomodo
1916 5262 2086 5300 excu-

518 5337 749 5392 santur?
774 5353 880 5391 non
904 5335 1131 5391 Teucris
1160 5338 1422 5394 vendunt.
1457 5336 1551 5391 sed
1573 5335 1772 5392 Judteis
1788 5346 1841 5391 et
1862 5335 2086 5401 Graecis,

519 5428 680 5481 etilli
717 5428 1055 5496 postmodum
1109 5426 1217 5481 illis
1268 5428 1504 5497 propriis
1567 5428 1816 5483 manibus
1850 5427 2089 5495 largiun-

521 5533 629 5571 tur.
660 5518 724 5572 Et
752 5519 873 5582 hoc,
906 5529 963 5572 ut
1016 5518 1289 5572 acutiores
1335 5518 1542 5587 gladios
1598 5516 1799 5571 faciant
1832 5518 1896 5571 ad
1929 5516 2087 5570 Chii-

526 5611 824 5663 stiauorum
854 5609 1061 5664 viscera
1094 5609 1438 5663 effundenda.
1467 5607 1511 5662 Ο
1544 5608 1634 5662 Dei
1662 5609 1854 5677 pietas,
1884 5618 2087 5676 quanta

524 5702 761 5756 sustinet
787 5701 801 5755 l
832 5711 1037 5771 quanto
1072 5700 1257 5757 ditfers
1289 5713 1532 5771 tempore
1572 5701 1882 5756 vindicaret
1923 5700 2085 5754 mita-

2194 4499 2365 4554 oculis
2396 4501 2553 4563 meis,
2583 4512 2871 4571 antequam
2907 4502 3125 4557 moriar.
3157 4503 3279 4558 lltec
3313 4505 3443 4559 mihi
3486 4520 3630 4574 spes.
3664 4506 3757 4559 sed

2197 4592 2351 4646 valde
2383 4595 2600 4660 debilis,
2629 4594 2725 4649 sed
2755 4596 2907 4649 valde
2945 4610 3152 4651 remOta
3183 4608 3291 4662 est,
3319 4609 3370 4651 et
3396 4613 3535 4667 pene
3573 4600 3760 4667 desire-

2196 4687 2392 4740 ratioui
2425 4687 2536 4757 jam
2581 4689 2846 4758 proxima.
2885 4689 2986 4745 Ubi
3026 4704 3166 4745 nunc
3200 4700 3283 4745 est
3340 4706 3565 4760 regnum
3596 4692 3761 4746 Frau-

2192 4779 2290 4833 cia:
2317 4780 2633 4847 gloriosum,
2658 4782 2801 4850 quod
2825 4782 2934 4851 jam
2955 4784 3178 4847 antiquo
3205 4793 3443 4851 tempore
3461 4783 3759 4838 Saracenos

2191 4885 2258 4924 ex
2285 4867 2545 4937 Hispania
2574 4872 2820 4941 depulit?
2882 4872 2968 4926 ubi
3033 4874 3325 4943 Anglorum
3382 4875 3618 4942 potentia
3647 4890 3763 4926 ma-

2191 4963 2334 5030 gna?
2394 4962 2518 5017 Haec
2561 4964 2669 5018 duo
2726 4966 2791 5017 ad
2835 4963 3062 5019 invicem
3118 4978 3441 5037 consumpta
3487 4967 3761 5025 sunt.Uhi

2194 5068 2339 5108 nunc
2371 5056 2681 5125 Aragonum
2706 5070 2823 5120 rex,
2856 5055 3152 5111 infidelium
3188 5059 3394 5125 pavor?
3424 5059 3511 5113 ubi
3539 5060 3760 5128 reliqua:

2192 5147 2449 5216 potentiae
2507 5156 2561 5200 et
2604 5148 2784 5203 caeteri
2839 5150 3110 5217 principes
3152 5149 3485 5207 Christiani?
3516 5154 3764 5208 Alauiaui

2191 5237 2367 5291 odiosi
2391 5246 2516 5293 sunt
2562 5236 2829 5305 llungaris
2856 5247 2909 5291 et
2940 5236 3216 5294 Bohemis.
3250 5238 3488 5308 Hungari
3511 5256 3631 5294 cum
3658 5239 3763 5292 Po-

2190 5330 2330 5384 lonis
2387 5341 2643 5398 pugnant.
2706 5329 2955 5384 Ecclesia:
3001 5340 3245 5400 pastores
3295 5348 3414 5386 cum
3462 5333 3768 5403 pastoribus

2191 5432 2313 5477 sunt
2342 5422 2518 5486 divisi,
2556 5423 2784 5478 barones
2825 5438 2947 5477 cum
3009 5424 3324 5488 baronibus,
3369 5426 3611 5481 civitates
3639 5441 3767 5478 cum

2192 5516 2502 5571 civitatibus
2554 5518 2784 5572 invicem
2813 5532 2872 5572 se
2917 5530 3264 5584 consumunt,
3320 5520 3392 5575 ita
3431 5531 3507 5583 ut,
3539 5522 3581 5574 si
3617 5519 3769 5574 nulla

2191 5608 2257 5659 ab
2287 5608 2595 5662 extrinseco
2650 5609 2816 5662 altera
2876 5611 3178 5679 persecutio
3230 5612 3513 5674 inferatur,
3548 5612 3767 5667 sibimet

2190 5698 2456 5755 sufﬁciant
2488 5700 2553 5755 ad
2585 5702 2820 5757 ruinam.
2853 5701 2994 5759 Etut
3023 5705 3242 5762 silenter
3265 5706 3556 5769 insinuem,
3582 5706 3775 5768 timeo,
