4066 6188
376 294 515 357 i065

1543 308 1791 374 EPIST.
1836 312 2138 372 CONTRA
2178 313 2504 375 TURCAS.

3488 320 3627 384 1066

367 414 560 475 frater,
590 412 755 468 timeo
803 431 869 471 ne
904 416 1013 485 jam
1079 427 1295 489 tempus
1343 423 1547 478 ultimm
1578 425 1943 481 tribulationis
1976 436 2017 489 Α
2053 426 2279 480 tendere
2312 428 2377 479 ad
2402 427 2734 483 nocendum.
2764 430 3357 495 Quatecordialissime
3395 450 3631 491 exorau-

364 501 664 559 advenerit.
698 500 1063 563 Vehementer
1118 509 1426 578 angustior,
1470 511 1666 566 dilecte
1716 513 1810 576 mi,
1838 514 1939 568 ista

362 594 664 658 revolvere,
720 609 844 650 cum
905 606 959 651 et
1011 599 1240 667 plurima
1295 609 1508 656 restent
1555 618 1708 670 teque
1732 603 1940 673 majOra

362 686 660 754 praedictis,
714 702 832 755 qua:
874 703 943 743 ex
996 690 1115 759 ipso
1159 694 1493 749 narrationis
1525 693 1685 748 ttedio
1720 704 1943 761 praeter-

361 778 539 832 mitto.

440 872 564 928 llzec
595 884 773 929 autem
831 889 1022 943 pauca,
1079 891 1200 944 quae
1240 877 1305 929 de
1354 878 1536 932 multis
1564 878 1718 945 quasi
1760 876 1945 946 pradio

366 966 571 1029 hando,
606 983 712 1020 non
772 967 1096 1035 explicando
1152 969 1467 1036 perstrinxi,
1533 985 1629 1038 pro
1662 978 1813 1022 tanto
1846 968 1944 1023 tibi

368 1056 680 1125 significare
708 1057 919 1121 curavi,
956 1066 1013 1110 ut
1067 1059 1245 1128 primo
1293 1060 1406 1113 haec
1451 1068 1706 1126 tanquam
1742 1074 1770 1111 a
1799 1058 1944 1114 fideli

367 1158 622 1202 narrante
653 1163 775 1203 esse
802 1164 930 1203 vera
957 1164 1281 1217 cognoscas,
1320 1151 1699 1219 cognoscendo
1735 1151 1942 1205 condo-

364 1240 500 1301 leas,
542 1250 594 1293 et
628 1241 753 1295 aliis
810 1242 1153 1309 praedicando
1199 1242 1511 1307 denunties,
1558 1243 1651 1312 qui
1697 1243 1801 1297 ista
1838 1258 1943 1297 non

364 1331 615 1394 credunt,
655 1341 815 1400 atque
840 1331 1026 1389 fideles
1069 1334 1302 1399 animas,
1337 1334 1382 1388 si
1421 1350 1540 1403 qme
1579 1335 1942 1400 reperiuntur,

366 1421 420 1474 in
455 1420 655 1476 mundo
672 1433 942 1489 gestantes
968 1416 1434 1491 viscerapietatis,
1464 1441 1649 1489 orare,
1685 1426 1945 1492 clamare,

365 1523 418 1566 et
444 1512 570 1566 flere
597 1524 723 1567 ante
760 1516 922 1582 pedes
968 1514 1166 1571 divinae
1200 1516 1498 1587 liiajestatis
1520 1518 1770 1584 inducas,
1810 1519 1945 1572 utin

362 1617 517 1661 tanto
548 1606 793 1674 periculo
828 1606 942 1662 suis
969 1608 1242 1672 fidelibus,
1279 1609 1360 1661 vel
1392 1608 1580 1663 saltem
1614 1602 1713 1663 suo
1738 1609 1943 1663 nomini

366 1698 665 1752 subvenire
719 1698 998 1768 dignetur.
1050 1698 1183 1753 Nam
1246 1700 1290 1754 si
1314 1700 1381 1753 ab
1445 1701 1562 1770 ipso
1608 1699 1941 1767 adiutorium

2052 517 2177 569 dum
2234 526 2338 579 est,
2398 526 2456 570 ut
2511 517 2557 572 si
2616 519 2918 575 obsidionis
2975 537 3136 576 casus
3175 523 3458 586 acciderit,
3513 526 3630 592 ipse

2049 605 2267 671 adjuvet
2302 606 2461 669 Deus,
2495 606 2753 675 quoniam
2800 611 2866 663 de
2913 610 3085 675 italia,
3116 612 3261 666 unde
3316 612 3389 664 illi
3422 612 3626 668 civitati

2049 698 2295 750 succurri
2322 696 2545 752 forsitan
2582 700 2872 764 timuisset,
2911 704 3141 756 maxime
3185 718 3213 756 a
3243 703 3465 759 Venetis
3490 744 3503 768 ,
3531 718 3628 772 pe-

2050 788 2194 841 nitus
2222 798 2307 843 est
2341 805 2605 856 securus;
2656 806 2720 847 ex
2771 808 2878 860 quo
2928 808 3032 847 non
3083 795 3323 848 creditur
3369 803 3480 849 toto
3516 811 3628 849 sua:

2050 887 2291 945 tempore
2320 881 2608 934 vitaibnuc
2672 881 2842 937 fuisse
2905 891 3014 937 tam
3062 883 3274 938 fortiter
3304 885 3623 947 animatum,

2051 976 2266 1036 tamque
2319 971 2638 1039 dispositum
2704 974 2768 1026 ad
2819 973 2942 1038 hoc,
3003 976 3275 1044 quomodo
3329 990 3470 1029 nunc
3509 986 3623 1038 est;

2049 1059 2194 1127 quod
2239 1070 2293 1114 et
2333 1062 2437 1115 alia
2474 1062 2585 1129 jam
2629 1063 2788 1117 dictis
2830 1064 3022 1118 imlicia
3072 1066 3356 1122 manifesta
3402 1068 3629 1121 demou-

2050 1159 2249 1205 strant.
2300 1151 2437 1206 Nam
2474 1154 2696 1223 triginta
2754 1155 2919 1210 millia
2976 1157 3252 1225 piconum,
3299 1158 3630 1227 totidemque

2052 1242 2371 1295 malleorum
2399 1252 2562 1310 atque
2589 1243 2833 1313 palarum
2858 1244 2925 1299 de
2952 1248 3094 1300 ferro
3124 1263 3438 1317 magnarum
3469 1250 3629 1303 modo

2051 1332 2229 1399 parari
2264 1332 2412 1388 fecit.
2471 1333 2549 1387 Tu
2609 1344 2814 1401 autent,
2847 1339 2913 1391 ad
2958 1338 3085 1408 quid
3132 1338 3277 1393 ista?
3316 1340 3625 1395 considera.

2049 1421 2274 1491 insuper
2310 1439 2582 1493 nunquam
2628 1428 2943 1494 manducat,
2993 1437 3046 1483 et
3089 1444 3213 1483 raro
3239 1446 3365 1484 cum
3406 1430 3520 1485 suis
3550 1435 3631 1485 lo-

2048 1513 2255 1580 quitur,
2317 1516 2534 1584 quando
2579 1518 2771 1572 civitas
2835 1518 3443 1591 Coustantinopolitana
3500 1538 3625 1577 cum

2048 1606 2283 1675 suspirio
2307 1607 2615 1676 proferatur
2661 1611 2713 1665 itt
2779 1612 3035 1667 medium.
3087 1613 3151 1667 Et
3176 1629 3284 1668 non
3322 1615 3627 1678 immerito;

2051 1713 2175 1751 cum
2205 1714 2301 1768 per
2331 1702 2506 1769 ipsam
2537 1702 2701 1756 etiam
2736 1704 2898 1759 maris
2930 1706 3225 1775 potentiam
3256 1706 3413 1761 facile
3446 1717 3630 1777 posset

367 1800 613 1845 nostrum
632 1807 737 1845 non
765 1793 969 1856 veniat,
994 1791 1193 1847 frustra
1226 1802 1578 1861 exspectatur
1599 1794 1667 1847 ab
1694 1793 1935 1857 homine,
1974 1784 2342 1859 Bac-quirere.
2394 1794 2577 1860 Adde,
2633 1797 2676 1849 si
2726 1798 2856 1867 quid
2908 1800 3164 1868 pooderis
3221 1808 3325 1863 est,
3381 1800 3524 1869 quod
3563 1801 3629 1853 de

368 1882 421 1936 in
452 1897 560 1951 quo
591 1894 674 1937 est
704 1896 841 1938 vana
882 1884 1053 1947 salus.
1096 1892 1151 1939 et
1205 1884 1294 1952 qui
1343 1893 1525 1955 sperat
1559 1886 1613 1938 in
1643 1897 1729 1946 eo,
1756 1884 1936 1953 potius

368 1972 708 2029 maledictus.
734 1974 842 2030 Sed
890 1986 942 2030 et
986 1978 1099 2031 hazc
1135 1978 1413 2046 potissima
1465 1992 1628 2032 causa
1673 1987 1779 2040 est,
1819 1990 1941 2044 quae

368 2081 455 2120 me
483 2067 576 2121 tibi
609 2068 674 2121 ad
703 2069 800 2123 ista
827 2068 1113 2124 scribenda
1145 2070 1460 2133 commovit,
1488 2079 1546 2124 ut
1574 2080 1628 2124 tu
1659 2069 1937 2134 videlicet,

369 2160 461 2227 qui
486 2159 687 2215 Christi
720 2161 921 2231 pietate
949 2173 1005 2217 et
1046 2163 1350 2218 animarum
1383 2163 1498 2217 zelo
1527 2179 1822 2219 succensus
1856 2177 1937 2230 es,

369 2252 568 2319 quique
598 2253 823 2308 scientia
851 2264 904 2309 et
932 2255 1237 2323 eloquentia
1271 2255 1463 2321 flores,
1503 2256 1739 2310 litteram
1776 2255 1937 2309 istaut

372 2356 533 2409 quam
561 2345 653 2397 tibi
711 2347 964 2411 conficio,
1021 2348 1225 2419 dirigas
1274 2358 1329 2403 et
1361 2364 1617 2412 exornes,
1669 2364 1731 2402 ac
1759 2348 1940 2402 debita

376 2442 575 2504 pietate
608 2447 660 2491 et
691 2441 957 2508 gravitate
987 2456 1282 2510 componas
1303 2478 1323 2502 .
1357 2450 1624 2509 quatenus
1655 2440 1815 2510 digna
1850 2441 1943 2494 fiat

371 2526 426 2578 in
484 2538 773 2597 conspectu
829 2546 1014 2599 regum
1085 2543 1138 2585 et
1192 2533 1496 2601 principum
1548 2545 1827 2599 apparere,
1894 2530 1941 2584 si

366 2616 511 2673 forte
538 2621 762 2675 audiant
793 2632 848 2677 et
871 2633 1266 2678 convertantur
1292 2623 1620 2692 quandoque
1646 2625 1711 2677 ad
1742 2621 1943 2678 Christi

364 2708 494 2766 Iesu
535 2711 783 2780 iniuriam
820 2714 1224 2769 vindicandam.
1253 2714 1368 2770 Nisi
1401 2716 1578 2784 potius
1611 2730 1641 2769 e
1664 2714 1943 2771 contrario

364 2804 716 2875 iudicaveris,
755 2814 906 2860 tanto
935 2808 1002 2859 ad
1049 2807 1153 2861 sibi
1193 2806 1353 2862 fidem
1387 2807 1726 2875 prmbendam
1769 2806 1942 2876 aptio-

366 2909 478 2950 rem
498 2912 638 2959 esse.
659 2911 865 2965 quanto
886 2914 987 2953 non
1010 2898 1334 2967 composito,
1359 2914 1465 2953 non
1497 2909 1687 2952 ornato
1704 2897 1941 2967 eloquia,

369 2990 461 3041 sed
495 2990 634 3057 stylo
659 2988 890 3057 simplici
923 2989 1290 3059 conscriptam
1333 2991 1565 3057 quisque
1596 2987 1940 3054 cognoverit;

2040 1883 2290 1938 omnibus
2321 1885 2477 1951 villis,
2511 1888 2825 1943 civitatibus
2862 1898 2916 1943 et
2952 1890 3190 1944 rasteliis
3237 1906 3336 1942 suo
3363 1891 3629 1959 sultjeCIis

2042 1975 2297 2041 imperio,
2327 1992 2448 2045 quae
2483 1977 2623 2033 forte
2673 1990 2891 2033 centum
2950 1981 3112 2033 millia
3167 1991 3317 2045 sunt,
3353 1981 3623 2034 decimam

2041 2080 2336 2135 puerorum
2378 2078 2583 2137 partem
2624 2070 2692 2125 de
2716 2070 3069 2133 Christianis,
3108 2073 3251 2140 quod
3300 2072 3448 2141 prius
3481 2088 3631 2125 nuu-

2041 2172 2203 2226 qatam
2232 2156 2454 2225 fecerat,
2484 2176 2654 2229 nuper
2705 2163 2923 2230 accepit
2953 2178 2983 2216 a
3016 2163 3201 2215 decem
3247 2178 3418 2231 usque
3445 2162 3513 2217 ad
3551 2165 3630 2216 vi-

2043 2247 2176 2316 ginti
2205 2249 2379 2304 aztatis
2405 2265 2609 2315 annos,
2645 2240 2783 2320 quos
2829 2267 2959 2308 suos
3006 2253 3274 2322 speciales
3321 2252 3543 2308 Sclavos
3575 2265 3635 2308 cr

2040 2339 2378 2409 Armigeros,
2432 2353 2486 2397 et
2529 2345 2673 2411 quod
2720 2344 2875 2413 pejus
2911 2354 3019 2409 est,
3092 2347 3396 2402 Saracenos
3425 2346 3625 2401 effecit.

2046 2427 2198 2485 Unde
2233 2432 2519 2489 manifeste
2559 2445 2800 2504 apparet,
2832 2447 2888 2488 ttt
2914 2451 3178 2489 summam
3210 2438 3450 2491 omnium
3482 2438 3637 2491 brevi-

2044 2525 2212 2579 verbo
2251 2527 2594 2591 concludam,
2650 2544 2795 2582 nunc
2852 2528 3229 2583 infaliibiliter
3262 2530 3467 2582 instare
3497 2539 3636 2583 tem-

2046 2632 2198 2686 pora,
2237 2628 2295 2673 ut
2333 2631 2425 2673 aut
2461 2620 2575 2689 ipse
2603 2621 2849 2677 destruat
2874 2623 3235 2685 Christianos,
3272 2632 3371 2679 aut
3402 2639 3429 2676 a
3469 2621 3632 2677 Chri-

2046 2711 2241 2765 stianis
2314 2713 2537 2781 penittts
2589 2713 2855 2779 deleatur,
2902 2730 3131 2785 quormn
3193 2715 3424 2783 primum
3467 2716 3630 2768 velte-

2047 2812 2258 2858 menter
2284 2818 2546 2872 expaveo,
2578 2804 2808 2858 altermn
2841 2807 3017 2873 potius
3038 2807 3180 2861 Deus
3208 2808 3321 2873 ipse
3340 2808 3622 2861 conreda'.

2047 2897 2199 2963 Quod
2237 2906 2416 2953 tamen
2471 2914 2570 2954 nec
2624 2900 3024 2973 desperandum
3076 2914 3180 2956 est.
3229 2901 3362 2956 Nam
3415 2902 3622 2969 publica

2049 2991 2192 3043 inter
2218 2988 2524 3044 Saracenos
2552 3000 2605 3043 et
2630 2990 2867 3044 Teucros
2892 2989 3033 3043 fama
3059 2991 3328 3061 divulgata
3367 2990 3623 3050 defertur,

370 3083 514 3147 quod
547 3090 715 3133 totum
745 3090 928 3134 vestro
959 3081 1165 3147 judicio
1198 3081 1538 3149 derelinquo.
1579 3078 1741 3134 Facio
1783 3079 1938 3133 fidem
1971 3121 2012 3177 ο
2052 3082 2261 3136 instare
2295 3092 2508 3151 tempus
2538 3084 2921 3137 destructionis
2950 3099 3164 3151 eorum,
3189 3096 3242 3138 et
3268 3084 3377 3153 jam
3406 3093 3626 3150 praeter-

371 3174 576 3239 vcrbis,
607 3188 711 3227 non
750 3173 1024 3244 lacrymis,
1050 3189 1157 3229 non
1199 3173 1392 3237 dolori,
1413 3188 1530 3242 qua:
1560 3172 1733 3241 potius
1763 3171 1942 3240 quoti-

373 3267 462 3320 die
496 3276 850 3331 renovantur,
886 3280 1067 3331 orans,
1102 3275 1155 3319 et
1186 3272 1492 3331 protestans
1520 3272 1570 3317 te
1603 3279 1699 3333 per
1737 3263 1941 3316 viscera

369 3355 496 3410 Jesu
525 3356 750 3421 Christi,
785 3366 841 3410 ut
875 3357 989 3411 haec
1033 3358 1261 3420 scribas,
1306 3357 1418 3411 haec
1457 3356 1623 3421 dicas,
1659 3356 1773 3409 haec
1807 3369 1945 3423 pra:-

372 3448 524 3502 dices
555 3450 649 3502 toti
682 3449 901 3516 mundo,
936 3456 990 3503 et
1030 3451 1209 3517 parvis
1255 3458 1309 3503 et
1352 3449 1558 3517 magnis
1598 3446 1839 3501 dominis
1888 3456 1942 3499 et

375 3542 642 3611 praelatis,
673 3542 845 3612 utqui
898 3551 1123 3611 possunt
1178 3543 1486 3610 pugnando,
1536 3540 1626 3607 qui
1677 3554 1782 3591 non
1820 3534 1944 3606 pos-

380 3644 527 3698 sunt,
574 3636 761 3689 saltem
802 3636 1009 3690 orando
1048 3635 1396 3690 subveniant.
1430 3632 1582 3699 Quod
1630 3631 1674 3685 si
1723 3631 1940 3694 vellent,

373 3726 601 3780 Domino
643 3726 1008 3795 permittente,
1074 3738 1181 3781 tant
1222 3725 1375 3781 facile
1429 3727 1565 3779 foret
1622 3738 1942 3779 succurrere

374 3827 525 3872 tanto
577 3818 789 3886 morbo,
839 3829 1103 3888 quantum
1157 3821 1204 3873 ei
1254 3818 1345 3887 qui
1378 3817 1601 3887 przefata
1632 3815 1940 3886 pet-legerit,

371 3908 710 3977 incredibile,
743 3911 849 3964 i~uo
875 3910 1208 3981 imposdbile
1234 3910 1523 3963 videretur.

446 4000 523 4056 De
556 4012 778 4067 caetero,
825 4000 1015 4066 frater,
1044 4012 1355 4071 compatere
1409 3999 1586 4064 nobis,
1619 3999 1708 4069 qui
1745 4011 1942 4066 supra-

372 4094 516 4147 dicta
568 4095 808 4163 quotidie
850 4096 1093 4150 videmus
1152 4104 1208 4150 et
1271 4096 1577 4161 tangimus;
1633 4102 1944 4161 compatere

374 4186 551 4256 magis
604 4187 818 4242 miseris
874 4188 1183 4259 eaptivatis,
1234 4201 1463 4257 quorum
1502 4184 1672 4238 multo
1725 4182 1943 4251 gravius

374 4288 458 4333 est
487 4280 786 4348 periculum
818 4283 1145 4343 animarum,
1193 4292 1352 4348 quam
1394 4276 1510 4346 ipsa
1540 4274 1788 4343 corporis
1823 4287 1943 4327 ser-

374 4371 584 4426 vitudo.
608 4370 713 4425 Sed
756 4372 992 4425 maxime
1023 4367 1417 4439 compasslonis
1448 4366 1649 4436 pietate
1677 4364 1944 4434 liquescat

2047 3173 2195 3237 iisse,
2222 3181 2280 3226 ut
2332 3188 2521 3228 eorum
2555 3175 2797 3242 quzedam
2828 3176 3123 3244 prepbetia?
3164 3176 3459 3231 declarant.
3516 3174 3622 3229 Sed

2041 3281 2106 3321 ex
2137 3282 2324 3321 eorum
2358 3267 2725 3337 eleemosynis
2757 3279 2810 3321 et
2838 3268 3040 3337 pietate
3073 3268 3126 3321 in
3167 3285 3456 3337 pauperes,
3481 3270 3627 3338 quod

2043 3373 2230 3412 verum
2291 3366 2396 3424 est,
2448 3369 2503 3412 et
2563 3376 2629 3413 ex
2684 3371 2996 3414 nostrorum
3059 3361 3433 3429 castigatione,
3483 3360 3625 3429 quod

2046 3450 2225 3502 verius
2252 3458 2358 3515 est,
2398 3464 2569 3518 usque
2588 3450 2653 3507 ,in
2682 3466 2924 3520 praesens
2951 3466 3073 3506 esse
3097 3450 3344 3518 dilatum,
3377 3462 3423 3505 et
3449 3452 3627 3505 adhuc

2044 3548 2097 3593 ct
2124 3540 2327 3593 diutius
2353 3540 2737 3595 diﬂerettdum.

2113 3628 2157 3685 Ο
2183 3630 2194 3682 l
2218 3632 2305 3686 ubi
2342 3647 2483 3687 nunc
2505 3644 2589 3687 est
2620 3634 2725 3688 dux
2765 3633 2853 3687 ille
2888 3631 3413 3697 Christianissimus,
3443 3634 3621 3698 furtis,

2043 3721 2165 3788 pius
2194 3721 2565 3789 Guttofredus,
2598 3723 2780 3778 Boxon
2826 3726 2983 3792 (sic),
3015 3724 3311 3781 Balduinus
3341 3736 3394 3779 et
3430 3724 3624 3795 reliqui

2049 3811 2325 3879 prinripes
2360 3827 2456 3879 per
2488 3813 2693 3867 infinita
2726 3816 2923 3869 saecula
2972 3817 3233 3882 gloriosi?
3268 3818 3357 3885 qtti
3413 3816 3617 3871 Christi
3652 3798 3667 3807 ﬂ

2045 3901 2173 3955 Jesu
2205 3904 2515 3971 sepulcrum
2554 3905 2618 3957 de
2661 3905 2957 3958 infidelittnt
2996 3906 3247 3958 manilius
3282 3906 3626 3958 liberarunt?

2046 4007 2101 4049 et
2133 4004 2189 4048 ut
2220 3996 2379 4064 paulo
2408 3996 2568 4050 altius
2612 4008 2874 4062 repetam,
2912 3997 2999 4049 ttbi
3044 3995 3267 4050 Carolus
3300 3996 3390 4050 ille
3428 3995 3625 4048 nobilis

2049 4084 2379 4139 Francorum
2434 4100 2550 4151 rex,
2592 4088 2747 4156 cujus
2800 4087 3079 4141 caelestem
3116 4095 3169 4139 et
3216 4095 3471 4140 a-ternam
3508 4086 3624 4154 glo-

2050 4178 2183 4231 riam
2222 4177 2362 4231 nulla
2390 4178 2591 4231 delebit
2627 4188 2779 4242 tetas,
2820 4180 3075 4247 nullaque
3125 4178 3363 4233 oblivio?
3392 4181 3482 4246 qui
3513 4195 3627 4231 non

2048 4266 2208 4320 modo
2266 4265 2583 4320 fortitudine
2635 4277 2689 4321 et
2749 4269 2938 4332 armis,
3002 4284 3187 4323 verum
3244 4272 3415 4322 multo
3450 4271 3628 4338 magis

2046 4358 2332 4427 prudentia
2359 4367 2414 4431 et
2450 4360 2646 4427 pietate
2687 4357 2895 4414 Christi
2928 4358 3057 4414 Jesu
3091 4360 3342 4430 iniuriam
3374 4361 3623 4415 vindica-

375 4476 539 4531 supra
593 4460 830 4529 reliquos
875 4459 1237 4521 Christianos,
1279 4471 1417 4523 quos
1466 4466 1615 4508 tanta
1667 4453 1943 4507 cernimus
1980 4471 2022 4525 ι)
2057 4461 2141 4505 tus
2170 4462 2274 4516 est,
2309 4452 2573 4521 cujusque
2598 4452 2755 4506 fidem
2787 4462 2839 4506 et
2868 4453 3068 4506 cultum
3108 4454 3162 4507 in
3202 4452 3515 4507 Occidentis
3565 4463 3621 4508 et

381 4553 687 4606 miseranda
716 4551 955 4619 perditos
996 4551 1257 4605 caecitate.
1293 4548 1573 4603 Postremo
1599 4544 1819 4607 fratres,
1852 4546 1942 4614 qui

378 4660 588 4697 mecum
616 4654 741 4697 sunt
768 4659 959 4699 novem
1012 4658 1238 4697 numero
1276 4642 1420 4696 inter
1459 4641 1694 4695 novitios
1732 4647 1785 4692 et
1816 4653 1944 4705 pro-

381 4734 569 4798 fessos,
598 4736 702 4789 tuis
724 4746 776 4788 et
806 4735 1031 4789 aliorum
1065 4743 1273 4803 patrum
1329 4731 1668 4786 orationibus
1704 4744 1763 4783 se
1794 4743 1959 4783 τοίη-η

381 4830 662 4881 mendant.
704 4826 875 4893 Quam
914 4828 1153 4880 maxime
1182 4834 1361 4879 autem
1395 4838 1553 4877 orare
1580 4821 1944 4889 complaceat,

379 4932 441 4970 ac
488 4916 607 4972 aliis
660 4919 1041 4972 commendare
1092 4916 1369 4971 civitatem
1412 4914 1594 4977 istam,
1653 4926 1773 4980 qua:
1797 4909 1944 4963 Tett-

377 5024 531 5062 crum
585 5023 681 5076 pro
740 5025 884 5064 anno
944 5007 1192 5079 sequenti
1241 5003 1711 5060 vehementissime
1771 5003 1943 5064 timet,

374 5104 696 5174 iudicioque
723 5105 964 5159 omnium
1022 5103 1179 5157 valde
1235 5099 1529 5154 timendum
1558 5106 1662 5162 est,
1688 5096 1942 5164 quoniam

378 5198 482 5251 tria
519 5198 683 5251 tnillia
728 5208 784 5251 et
818 5211 883 5251 eo
926 5196 1158 5265 amplius
1203 5193 1457 5263 juvenum
1507 5190 1946 5245 Christianorum

377 5284 443 5337 ad
492 5299 643 5339 mare
674 5285 954 5348 conduxit,
1012 5296 1216 5352 eosque
1258 5282 1525 5336 instruere
1574 5280 1699 5334 fecit
1741 5279 1948 5349 optime

380 5376 669 5441 remigare,
727 5376 1015 5443 galeasque
1059 5375 1315 5443 continue
1370 5382 1525 5442 parat
1566 5372 1635 5427 ad
1690 5386 1943 5442 pugnam.

376 5466 533 5531 Quod
572 5466 614 5519 si
648 5466 803 5520 istam
833 5466 1104 5520 civitatem
1133 5466 1357 5531 ceperit,
1382 5466 1521 5536 quod
1546 5465 1687 5519 Dens
1716 5473 1946 5528 avertat,

379 5558 478 5610 heu
503 5557 515 5609 l
540 5556 641 5609 heu
665 5558 676 5609 !
701 5555 1425 5624 t:ctrrisChristianis,quos
1453 5561 1516 5611 de
1544 5556 1685 5611 facili
1716 5567 1949 5625 postmo-

377 5652 503 5700 dum
535 5664 845 5717 oppugnare
874 5647 1099 5717 poterit,
1128 5656 1179 5699 ct
1216 5661 1311 5714 per
1341 5664 1484 5701 mare
1516 5661 1568 5701 ct
1606 5664 1699 5717 per
1725 5659 1944 5710 terram,

376 5755 499 5796 tum
536 5743 603 5798 ad
638 5757 876 5812 pra-sctis
909 5741 1136 5798 alteram
1183 5739 1350 5795 solam
1379 5755 1611 5826 manum
1650 5741 1821 5811 possit
1852 5756 1946 5797 εχ·
1976 5816 1985 5822 ν

2052 4545 2286 4599 Orientis
2308 4545 2551 4612 partibus
2568 4543 2863 4612 ampliavit,
2881 4551 3139 4611 tantaque
3156 4552 3209 4596 et
3228 4545 3310 4597 sui
3331 4552 3385 4596 et
3402 4559 3629 4597 suorum

2051 4635 2227 4689 adhuc
2249 4644 2333 4688 est
2360 4634 2549 4701 gloria,
2583 4645 2641 4688 ut
2671 4634 2843 4703 ipsum
2874 4632 3206 4686 Francorum
3237 4648 3429 4687 nomen
3457 4636 3633 4688 etiam

2052 4725 2308 4779 Barbaris
2368 4725 2612 4781 terribile
2664 4725 2933 4788 videatur,
2989 4740 3285 4792 oumesque
3323 4726 3630 4781 Christiani-

2028 4816 2479 4872 'Oecidentalium
2520 4817 2798 4884 regionum
2827 4834 2921 4885 per
2952 4827 3120 4870 totmn
3145 4815 3416 4872 Orientem
3450 4817 3621 4871 Fran-

2049 4926 2234 4964 corum
2313 4909 2535 4964 nomine
2603 4911 2963 4979 appellentur.
3018 4907 3062 4965 Ο
3128 4910 3294 4979 igitur
3350 4927 3505 4983 reges
3568 4921 3623 4966 et

2048 5003 2322 5072 principes
2353 5001 2677 5067 Christiani,
2705 5002 2909 5071 surgite
2940 5003 3081 5074 jam,
3116 5005 3239 5070 quia
3282 5012 3491 5073 tempus
3517 5015 3617 5056 est.

2048 5096 2215 5150 Adest
2267 5095 2596 5164 exemplum,
2636 5095 2793 5148 adest
2862 5094 3054 5153 honor.
3103 5095 3255 5148 adest
3297 5093 3619 5155 necessitas,

2051 5188 2300 5240 hortatur
2350 5187 2585 5254 justitia,
2643 5186 2863 5255 religio,
2919 5186 3084 5249 fides;
3136 5200 3264 5240 ecce
3314 5186 3617 5237 communis

2051 5280 2228 5334 hostis
2257 5280 2308 5332 in
2339 5291 2631 5349 conspectu
2664 5289 2770 5343 est,
2812 5280 2904 5349 qui
2947 5289 3134 5334 contra
3162 5278 3437 5333 Christum
3462 5280 3621 5341 caput

2049 5372 2242 5435 erexit,
2271 5371 2427 5426 fortis
2471 5372 2524 5426 in
2577 5373 2814 5435 timidos.
2850 5373 2902 5426 itt
2945 5372 3178 5425 audaces
3203 5364 3451 5435 pavidus,
3489 5362 3617 5432 quid

2050 5463 2249 5534 agitis?
2280 5462 2457 5527 Vires,
2497 5477 2616 5533 qua:
2648 5476 2757 5516 non
2806 5463 2964 5515 modo
2998 5462 3064 5512 ad
3103 5452 3459 5510 resistendum
3520 5466 3618 5519 pa—

2051 5558 2229 5627 ganis,
2265 5571 2450 5610 verum
2494 5557 2559 5610 ad
2605 5555 2809 5610 Christi
2844 5567 3035 5605 nomen
3081 5547 3446 5618 ampliandum
3477 5543 3619 5599 suffi-

2050 5657 2255 5710 cerent,
2307 5646 2359 5699 itt
2414 5660 2511 5700 vos
2563 5636 2899 5703 consumitis,
2944 5639 3188 5706 bellaque
3235 5638 3346 5707 geri
3397 5635 3617 5705 placuit,

2054 5739 2225 5797 nullos
2254 5738 2501 5797 habitura
2530 5736 2849 5803 triumphos.
2881 5732 3052 5801 Unde,
3085 5747 3289 5804 qttmso,
3318 5730 3627 5786 Alexandre
