4066 6188
337 299 476 365 106‘.)

1118 300 1601 361 EPIIEMERID.
1650 300 1747 361 DE
1779 301 2041 362 CPOl.IS
2077 304 2699 368 EXPUGNATlONE.

3457 303 3595 370 1070

333 413 644 485 versa.quia
665 409 1045 467 salutationem
1068 411 1360 466 militarem
1375 411 1579 477 omisit,
1606 410 1916 466 bomharda:
1948 421 1993 474 Α
2102 412 2262 469 Febr.
2289 414 2380 468 26.
2415 412 2530 467 Una
2585 413 2798 466 navium
2839 410 3165 465 Venet-arum
3203 427 3322 479 quae
3356 412 3402 468 vi
3454 418 3595 483 pacti

336 504 770 580 grandiorisietu
801 505 1098 573 mergitur;
1128 504 1418 559 nauclerus
1455 515 1578 574 post
1610 504 1677 557 14
1699 505 1908 558 dierum

336 599 708 668 captivitatem
738 595 934 649 sultani
971 594 1127 664 jussu
1155 595 1221 648 ad
1248 595 1706 664 palum'adigitur,
1735 596 1911 651 accito

337 691 481 746 inter
500 691 767 757 palatinos
788 684 993 752 scriba,
1027 686 1287 739 Dominici
1313 684 1517 739 Maistri
1544 686 1677 750 iilio;
1706 688 1908 753 nautis,

338 787 524 853 paucis
568 780 832 848 exceptis,
879 779 966 845 qui
1016 776 1522 843 Constantinopolin
1567 778 1718 831 missi
1762 788 1915 844 sunt,

338 891 489 933 serra
525 890 620 945 per
671 872 904 925 medium
936 884 1133 938 corpus
1165 868 1373 921 divisis.
1405 866 1542 922 Sunt
1595 869 1685 935 qui
1730 868 1913 921 dicant

338 982 559 1021 causam
603 962 770 1015 fuisse
797 959 923 1014 belli
961 969 1146 1011 coiitra
1177 958 1407 1011 Venetos
1427 957 1587 1012 Fabr.
1613 956 1912 1011 Cernerum

342 1059 542 1114 infecta
599 1070 657 1109 re
687 1050 1151 1120 ConstantinOpoli
1198 1066 1496 1105 reversuro.

419 1146 575 1201 1455.
601 1144 740 1198 Hine
763 1143 886 1197 inde
906 1142 1177 1195 Barbarus
1198 1156 1283 1194 res
1312 1145 1568 1206 quasdam
1594 1152 1744 1195 extra
1777 1152 1911 1196 tem-

344 1239 490 1306 poris
524 1236 790 1289 rationem
845 1242 1055 1286 narrat.
1090 1231 1272 1285 Mense
1319 1231 1440 1285 Jan.
1476 1231 1612 1286 H55
1638 1234 1765 1286 sult.
1806 1234 1914 1287 vim

345 1329 652 1394 pedestrem
701 1339 765 1377 ac
828 1323 1076 1377 navalem
1139 1320 1429 1375 maximam
1467 1322 1914 1394 urbi'admovet.

346 1417 532 1472 Mense
554 1415 853 1470 Februario
903 1422 1191 1478 tormenta,
1213 1412 1401 1467 decem
1435 1414 1660 1467 millium
1690 1414 1917 1470 cohorte

345 1510 789 1578 stipante,prope
817 1505 1272 1579 urbem-adducit.
1293 1506 1494 1560 Eodem
1530 1521 1716 1561 mense
1745 1507 1918 1563 Cruci

342 1615 465 1651 cum
520 1596 691 1651 tribus
712 1579 955 1664 navigiis
1004 1593 1259 1650 'l‘urciam
1309 1596 1548 1660 intrant,
1581 1610 1645 1650 ac
1677 1597 1919 1665 captivos

240 1681 253 1693 ’
344 1686 821 1755 Constantinopoli
856 1687 1115 1750 vendunt,
1139 1688 1341 1741 sultani
1366 1688 1501 1742 iram
1536 1689 1923 1743 accendentes.

420 1779 577 1833 “52.
605 1778 803 1832 Mcntio
831 1778 1058 1830 duarum
1093 1778 1394 1831 triremium
1433 1777 1758 1833 Venetarum
1782 1778 1918 1831 duce
1956 1776 1997 1828 Β

345 1871 599 1925 Gabriele
645 1870 944 1925 Trevisauo
976 1870 1166 1940 Cpolin
1198 1871 1539 1939 appulsarum
1565 1910 1580 1935 ,
1618 1886 1737 1940 qua:
1763 1870 1918 1937 jussu

343 1975 573 2019 senatus
626 1963 809 2017 Veneti
864 1964 967 2015 tria
1012 1962 1222 2031 navigia
1252 1964 1503 2015 oneraria
1560 1978 1588 2015 a
1624 1964 1922 2017 martAza-

345 2057 466 2110 vico
518 2054 760 2125 profecta
792 2054 1211 2110 comitabantur.
1234 2054 1399 2108 Navis
1443 2055 1572 2108 item
1619 2054 1923 2110 Genueusis

348 2162 375 2197 a
437 2161 573 2215 papa
636 2146 802 2199 missa
866 2153 1202 2198 memoratur
1259 2144 1524 2199 Isidorum
1578 2143 1914 2210 cardinalcm

347 2241 416 2311 (cl
458 2239 714 2310 gardenal
759 2240 820 2292 de
876 2237 1062 2308 Rosia)
1114 2248 1335 2307 gestans
1385 2246 1444 2292 ut
1497 2247 1785 2307 utramque
1821 2237 1921 2294 Ec-

348 2331 571 2384 clesiam
634 2329 994 2394 coaciliaret,
1042 2328 1149 2382 200
1210 2328 1509 2398 sagittariis
1566 2331 1920 2399 stipantibus,

350 2420 440 2487 qui
471 2421 654 2472 urbem
700 2423 841 2473 male
899 2418 1137 2472 habitam
1188 2420 1586 2483 defenderent;
1622 2429 1745 2473 oclo
1792 2421 1921 2473 item

350 2525 520 2563 naves
555 2526 672 2563 cum
713 2518 1016 2565 commeatu
1040 2524 1070 2563 e
1098 2508 1259 2564 Creta
1284 2510 1536 2565 aderant.

417 2601 552 2655 Nov.
578 2603 661 2655 l0.
686 2602 796 2656 Duo
821 2618 1011 2671 magna
1044 2602 1255 2670 navigia
1276 2621 1304 2657 e
1331 2602 1673 2657 Chersoneso
1688 2601 1919 2655 Taurica

345 2695 627 2749 venientia
692 2696 825 2748 duce
886 2692 1219 2764 Hieronymo
1265 2694 1543 2749 Μονοδὶηο
1592 2693 1922 2765 (Jerolnemo

349 2785 640 2855 dior-(xiiii)
675 2785 869 2839 Turcis
888 2800 919 2840 e
944 2786 1172 2840 castello
1189 2785 1557 2840 clamantibus
1577 2796 1632 2839 ut
1649 2786 1921 2839 anchoras

345 2877 621 2945 jacerent,
650 2877 933 2946 aegerrime
968 2876 1283 2931 obedientes
1307 2886 1535 2931 mortem
1567 2889 1751 2931 tamen
1782 2876 1922 2931 ellu-

345 2979 561 3037 geruut.
595 2967 720 3021 llaec
751 2969 839 3021 ubi
891 2966 1163 3023 Ba.barus
1194 2970 1399 3034 retulit,
1452 2969 1642 3023 ordine
1674 2970 1923 3037 protinus

347 3062 739 3126 chronologico
773 3071 830 3115 ut
861 3069 1020 3123 antea
1056 3063 1427 3131 progreditur.

420 3154 547 3207 Dec.
570 3120 648 3207 Ξῖ
670 3152 889 3208 Castelli
919 3120 1136 3208 Turcici
1158 3120 1382 3208 "milites
1415 3154 1736 3224 prazsidiarii
1769 3156 1927 3209 trire-
1952 3120 1998 3183 C‘

347 3262 487 3300 metu
521 3246 776 3302 Venetam
825 3244 942 3301 Jac.
978 3244 1120 3301 Coeo
1160 3246 1294 3301 duce
1326 3246 1670 3317 Trapezunte
1702 3247 1913 3318 (Trabe-

344 3338 546 3407 xonda)
572 3338 875 3392 venientem
908 3339 1045 3392 male
1067 3346 1336 3405 tractant;
1369 3356 1486 3409 qua:
1510 3350 1688 3394 tamen
1713 3341 1924 3396 incolu-

350 3430 453 3484 mis
483 3430 672 3495 Cpolin
712 3430 979 3498 pervenit.

424 3522 579 3574 “52.
609 3522 733 3577 Dec.
769 3522 836 3576 i9.
864 3531 918 3576 et
971 3524 1058 3577 l5.
1090 3522 1352 3578 Ecclesia:
1391 3524 1676 3593 utriusque
1706 3525 1836 3579 unio
1871 3526 1923 3578 in

350 3612 408 3667 S.
444 3613 661 3683 Sophim
688 3614 918 3667 eeclesia
953 3616 1271 3668 solemniter
1302 3617 1650 3668 conﬁrmata.
1684 3613 1896 3684 impera

347 3716 452 3769 tor,
526 3705 821 3761 cardinalis
878 3706 1201 3767 (iussorum,
1260 3708 1549 3776 episcopus
1635 3706 1919 3778 Mitylenes

357 3794 705 3859 (Leonardus
730 3796 1005 3866 Citiensis)
1035 3809 1088 3851 et
1112 3795 1426 3852 Graecorum
1460 3798 1695 3852 barones
1728 3799 1780 3851 in
1822 3815 1914 3852 ea-

346 3893 469 3945 dem
522 3892 755 3946 ecclesia
790 3894 856 3946 de
908 3893 1240 3946 necessitate
1290 3892 1595 3946 deliberant
1630 3908 1793 3948 naves
1823 3894 1924 3948 Ve-

347 3993 501 4036 netas
540 3983 592 4036 in
620 3984 887 4037 auxilium
927 3986 1076 4038 urbis
1107 3985 1401 4038 retinendi.

421 4067 547 4123 Dec.
568 4070 656 4122 Μ.
677 4072 932 4139 Sequitur
949 4073 1209 4140 quidquid
1245 4072 1361 4125 viva
1391 4088 1520 4129 voce
1542 4089 1605 4127 ac
1631 4075 1831 4143 scripto
1853 4091 1932 4129 m-

348 4172 427 4215 ter
449 4162 804 4227 cardinaleni,
825 4166 1138 4232 episcopum
1171 4164 1608 4236 Mityleneusem.
1651 4168 1931 4238 magistra-

347 4263 437 4307 tus
467 4253 708 4322 Graecos,
746 4266 1029 4324 pudorem
1062 4255 1349 4314 Venetum.
1384 4259 1673 4314 naucleros
1739 4275 1802 4315 ac
1859 4260 1923 4314 2|

345 4346 776 4411 spectatissimos
805 4346 856 4401 in
886 4349 1020 4401 urbe
1063 4347 1216 4417 Cpoli
1272 4349 1503 4404 Venetos
1564 4349 1926 4405 deliberatum

2026 506 2179 560 abire
2205 522 2309 558 non
2331 505 2620 570 debebant,
2652 502 2814 556 ducta
2848 519 2874 555 a
2897 502 2957 555 Ρ.
2982 502 3233 558 Davanzo
3254 520 3376 565 cum
3397 504 3428 559 ϐ
3448 506 3599 559 navi-

2031 601 2130 654 bus
2156 596 2509 667 emporeticis
2531 603 2691 648 vento
2710 593 2951 648 secundo
2978 593 3159 661 adjuta
3175 612 3205 649 e
3230 606 3383 664 portu
3402 598 3596 652 evasit.

2105 689 2258 743 Mart.
2297 687 2380 739 ιιι.
2412 688 2735 757 Imperatori
2788 686 2891 740 hoc
2944 687 3255 740 sollicitanti
3296 691 3400 743 dux
3439 691 3600 742 trire-

2032 783 2207 837 mium
2224 780 2555 835 Tanensium
2593 780 2824 849 remiges
2856 794 2983 834 suos
3024 781 3089 832 ad
3135 780 3378 834 locorum
3417 782 3598 834 muni-

2030 878 2230 931 tionem
2274 884 2330 928 et
2361 874 2428 926 ad
2477 872 2735 943 palatium
2777 888 2944 943 prope
2974 883 3187 941 portam
3225 875 3595 944 cyuegeticam

2028 962 2557 1019 circumvallandu'n
2600 962 2941 1016 adhibendos
2984 964 3173 1017 tradit.

2100 1056 2263 1108 Mart.
2301 1055 2395 1109 5i.
2453 1054 2653 1107 Eodem
2689 1070 2853 1121 porro
2884 1057 3056 1108 sancti
3095 1054 3317 1109 Sabbati
3360 1055 3467 1120 dic,
3510 1057 3602 1122 qui

2030 1148 2248 1217 quidem
2288 1164 2411 1200 cum
2463 1148 2532 1201 29
2575 1147 2720 1212 Maii,
2756 1147 2847 1214 qui
2888 1147 3075 1199 Martis
3122 1148 3237 1200 dies
3269 1159 3408 1211 erat,
3451 1166 3600 1200 con-

2030 1240 2201 1310 gruit,
2251 1239 2501 1307 remiges,
2540 1238 2766 1306 jubeute
2799 1236 2985 1299 Diedo,
3019 1238 3177 1291 navis
3229 1246 3479 1304 patrono,
3514 1255 3607 1293 co-

2032 1348 2145 1386 ram
2181 1332 2508 1398 imperatore
2545 1340 2593 1383 et
2628 1328 2973 1397 magnalihus
3003 1328 3175 1384 fossas
3204 1329 3435 1384 faciunt.

2101 1422 2302 1489 Aprilis
2318 1423 2373 1477 2.
2395 1420 2634 1475 Bartbol.
2659 1421 2894 1490 Soligus,
2912 1420 3241 1490 imperatore
3266 1424 3338 1475 ita
3358 1421 3605 1490 jubente,

2034 1522 2221 1579 portus
2266 1512 2468 1565 ostium
2502 1512 2693 1580 Cpolin
2740 1511 2884 1565 inter
2935 1528 2999 1565 ac
3035 1513 3223 1566 Peram
3260 1513 3465 1568 famosa
3500 1514 3604 1567 ista

2031 1620 2221 1661 eazena
2242 1605 2416 1660 ferrea
2442 1606 2584 1676 (quac
2612 1616 2804 1662 errat-te
2825 1605 3173 1678 describitur)
3200 1607 3459 1661 oet-ludit.

2104 1697 2426 1766 Imperator,
2455 1710 2689 1766 quatuor
2718 1697 3045 1751 Venetorum
3084 1698 3359 1751 nobilibus
3386 1698 3490 1750 hoc
3519 1713 3605 1749 ro-

2028 1789 2306 1857 gantibus,
2326 1798 2557 1858 quatuor
2584 1770 2975 1858 praecipitarunt
3009 1789 3159 1843 urbis
3183 1798 3457 1857 portarum
3485 1804 3606 1841 vcr-

2030 1897 2124 1934 sus
2148 1881 2518 1934 continentem
2546 1880 2850 1934 custodiam
2884 1880 3069 1942 tradit,
3112 1889 3321 1949 portam
3348 1878 3605 1933 Crcsrara

2031 1971 2349 2041 (χρυσῆυἳ)
2392 1971 2649 2024 Calatino
2705 1969 3039 2034 Cmttarino;
3100 1970 3389 2022 secundam
3440 1966 3605 2019 Fahr.

2029 2065 2304 2129 (lornaro;
2335 2065 2553 2117 tertium
2600 2079 2719 2131 qua:
2747 2062 2847 2130 τῆς
2892 2062 3080 2129 limi;
3115 2060 3447 2122 nominatur,
3489 2059 3603 2113 Nic.

2030 2156 2329 2223 Mozenigo,
2359 2153 2782 2207 Blachernarum
2818 2151 3051 2220 denique
3073 2160 3282 2218 portam
3316 2150 3607 2221 Dolphino.

2102 2246 2417 2319 sequuntur
2450 2244 2667 2297 nomina
2726 2242 2793 2295 68
2834 2242 3095 2294 nobilium
3133 2242 3462 2297 Venetorum
3513 2242 3608 2309 qui

2032 2338 2151 2392 urbi
2197 2339 2434 2392 obsessa:
2480 2337 2728 2397 aderam,
2772 2332 2913 2386 inter
2945 2348 3081 2401 quos
3113 2343 3305 2385 auctor
3340 2332 3610 2402 Epheme-

2033 2428 2206 2481 ridum
2256 2426 2572 2480 nominatur
2613 2426 2860 2477 medicus
2898 2422 3114 2474 navium
3144 2418 3500 2474 Tanensium.

2102 2516 2277 2585 April.
2401 2515 2664 2569 Sullanus
2691 2514 3027 2567 .‘lahumctes
3060 2526 3181 2565 cum
3214 2512 3315 2564 160
3347 2512 3611 2567 militibus

2027 2609 2063 2662 2
2110 2608 2203 2678 ir}
2240 2606 2373 2659 mill.
2414 2603 2529 2657 Ital.
2569 2603 2635 2656 ab
2666 2604 2797 2655 urbe
2823 2610 3001 2654 castra
3037 2608 3293 2651 metatur.

2103 2698 2274 2766 April.
2323 2697 2375 2751 6.
2411 2695 2551 2749 Hinc
2582 2700 2647 2747 ad
2689 2694 2921 2747 milliare
2965 2707 3129 2744 unum
3166 2691 3229 2743 ad
3262 2705 3447 2743 muros
3474 2691 3609 2743 mari

2030 2788 2275 2858 objectos
2308 2785 2559 2856 procedit
2595 2795 2649 2839 et
2685 2784 2848 2853 paulo
2879 2784 3080 2837 abhinc
3118 2784 3169 2836 in
3208 2784 3427 2851 regione
3462 2782 3610 2835 urbis

2031 2879 2356 2933 occidentali
2393 2878 2518 2931 inde
2552 2896 2580 2932 a
2608 2888 2757 2946 porta
2793 2879 2972 2930 Aurea
3006 2890 3177 2945 usque
3223 2874 3289 2928 ad
3316 2873 3610 2945 Cynegeti-

2032 2990 2149 3027 cam
2180 2971 2330 3041 perii
2362 2972 2494 3025 utili.
2532 2971 2656 3025 Ital.
2692 2980 2872 3024 Castra
2910 2968 3080 3037 ponit.

2104 3065 2218 3120 Sub
2249 3065 2440 3119 eodem
2475 3064 2559 3117 die
2590 3064 2889 3132 imperator
2932 3076 3053 3115 cum
3114 3061 3303 3114 multis
3340 3060 3615 3115 nobilibus

2032 3157 2419 3224 equitibusque
2444 3153 2508 3207 ad
2536 3162 2746 3222 portam
2771 3157 3037 3220 Auream;
3082 3165 3280 3222 praetor
3305 3165 3483 3207 autem
3518 3154 3613 3209 Mi-

2032 3257 2214 3299 nottus
2237 3260 2357 3298 cum
2388 3243 2638 3313 plurimis
2659 3241 2879 3297 Venetis
2908 3245 3303 3299 mercatoribus
3331 3245 3381 3296 in
3412 3244 3613 3313 palatio

2034 3336 2387 3407 imperatorio
2414 3337 2530 3389 loca
2548 3351 2642 3387 sua
2672 3350 2967 3403 occupasse
2996 3337 3306 3390 traduntur.
3346 3334 3613 3404 Legimus

2031 3431 2255 3498 insuper
2287 3428 2431 3497 quod
2470 3443 2700 3496 magnus
2733 3426 2869 3490 Dux,
2906 3427 3141 3495 primunt
3181 3428 3479 3481 secundum
3517 3427 3615 3478 im-

2031 3532 2339 3589 pcratorcm
2384 3522 2557 3574 locum
2621 3532 2817 3574 tenens
2876 3520 3053 3590 portui
3106 3519 3344 3587 praefuit,
3390 3519 3476 3574 ubi
3518 3520 3618 3573 iOO

2029 3616 2080 3669 ei
2123 3616 2248 3684 equi
2286 3615 2457 3683 parati
2487 3613 2744 3676 stabant;
2773 3614 2917 3681 (μιηά
2956 3612 3093 3666 mttri
3122 3610 3381 3665 maritimi
3431 3624 3615 3665 custo-

2031 3707 2118 3761 dia
2148 3707 2433 3761 monachis
2459 3708 2594 3760 duee
2622 3704 2868 3761 Manuele
2897 3706 3129 3774 (iiagaro
3153 3703 3402 3774 (Ἵιιγρον
3432 3703 3607 3759 (ἴγδιςὶ

2030 3796 2331 3866 appellant)
2363 3810 2425 3849 ac
2464 3793 2745 3864 Neophyto
2797 3793 3071 3848 Rhodensi
3132 3792 3417 3846 commissa
3482 3790 3617 3854 fuit;

2030 3887 2173 3955 quod
2197 3886 2433 3953 denique
2459 3884 2565 3937 alia
2588 3886 2832 3951 quaedam
2864 3884 3013 3936 urbis
3040 3884 3185 3949 regio
3211 3884 3461 3952 Dorgano
3498 3884 3613 3951 (qui

2033 3979 2219 4047 procul
2266 3976 2430 4031 dubio
2470 3976 2609 4031 idem
2651 3985 2736 4029 est
2779 3990 2903 4030 eum
2956 3975 3201 4042 principe
3251 3974 3529 4039 Orcbano)
3564 3984 3620 4027 et

2035 4070 2503 4125 mercenariorum
2526 4067 2737 4123 cohorti
2764 4067 3064 4122 Turcarum
3097 4066 3187 4138 qui
3221 4082 3249 4120 a
3280 4067 3499 4122 sultano
3525 4068 3619 4121 de-

2033 4165 2299 4226 fecerant,
2333 4161 2688 4217 custodienda
2721 4161 2821 4215 fuit
2847 4161 3042 4215 tradita
3072 4177 3084 4213 :
3121 4176 3243 4230 qum
3271 4159 3459 4215 omnia
3476 4160 3619 4214 sicut

2032 4256 2138 4310 alia
2171 4270 2292 4324 quze
2324 4255 2481 4308 modo
2515 4253 2820 4318 retulimus,
2858 4268 2987 4308 cum
3033 4251 3321 4308 Plu-auum
3355 4251 3617 4307 relatione

2035 4364 2364 4418 comparare
2394 4363 2456 4401 ac
2494 4347 2777 4402 discutere
2813 4346 3259 4417 superscdemus.

348 4439 480 4503 fuit,
518 4438 872 4509 additumque
926 4442 1210 4496 decretum
1242 4451 1298 4495 ut
1335 4453 1648 4497 memorata:
1676 4444 1929 4500 triremes
1960 4453 2008 4513 ι)
2110 4437 2308 4493 Eodem
2340 4439 2427 4492 die
2478 4439 2779 4507 imperator
2805 4438 3128 4494 classiarios
3180 4440 3275 4509 qui
3314 4449 3424 4496 tres
3455 4457 3618 4510 supra

352 4527 673 4599 Byzantium
729 4546 797 4584 ne
835 4531 1229 4600 relinquerent.
1261 4531 1441 4603 (Conf.
1474 4530 1732 4587 Phrantz.
1774 4534 1927 4602 238.)

423 4619 550 4675 Dic.
598 4621 784 4677 17-520.
837 4622 1124 4677 Duodecim
1170 4623 1275 4676 viri
1317 4623 1576 4678 nobilium
1602 4624 1929 4680 Venetorum
1968 4682 1971 4685 _

351 4722 476 4780 post
500 4723 765 4767 maturam
791 4714 1237 4767 deliberationem
1262 4716 1565 4768 decernunt
1591 4730 1695 4785 qua
1723 4717 1932 4771 ratione

351 4821 418 4858 ae
454 4809 613 4859 modo
654 4820 846 4862 recens
887 4808 1104 4861 decreta
1146 4807 1362 4861 senatui
1398 4805 1605 4862 Veneto
1637 4808 1932 4863 deferenda

348 4898 481 4953 sint.

426 4988 588 5045 1455.
623 4988 749 5046 Jan.
775 4989 866 5044 26.
898 4989 1091 5045 Veneti
1120 5005 1244 5045 cum
1280 4990 1612 5060 imperatore
1638 4989 1931 5060 paciscun-

351 5091 460 5143 tur,
505 5097 565 5136 ea
600 5084 717 5152 lege
751 5093 811 5136 ut
849 5084 1088 5152 ipsorum
1115 5098 1286 5139 naves
1314 5082 1433 5138 sine
1461 5083 1622 5153 hujus
1660 5083 1930 5154 permissu

349 5176 541 5228 urbem
571 5191 636 5229 ne
658 5176 939 5239 deserant,
969 5185 1022 5231 et
1054 5187 1112 5231 ut
1132 5176 1403 5233 onerandi
1427 5191 1522 5232 eas
1545 5186 1709 5248 atque
1731 5192 1935 5231 exone-

351 5263 509 5319 randi
538 5266 771 5321 facultas
804 5268 885 5320 eis
910 5282 1127 5337 semper
1157 5279 1358 5339 praesto
1384 5270 1476 5326 sit.

421 5358 628 5414 Eodem
684 5359 771 5414 die
826 5359 1194 5428 Justinianus,
1236 5362 1422 5418 Genua
1479 5363 1761 5433 profectus
1809 5381 1931 5420 cum

351 5450 569 5506 duobus
632 5451 863 5519 navigiis
908 5462 963 5505 et
997 5453 1100 5507 700
1134 5455 1396 5511 militibus
1434 5457 1757 5525 auxiliariis,
1788 5459 1935 5514 venit

349 5541 569 5611 Cpolin,
594 5552 649 5597 et
684 5544 755 5599 ab
788 5545 1118 5610 imperatore
1148 5546 1257 5598 dus
1284 5548 1562 5614 copiarum
1601 5548 1933 5618 pedestrium

353 5642 409 5687 et
443 5631 737 5701 praefectus
782 5632 934 5686 urbis
967 5630 1328 5690 occidentalis
1368 5635 1436 5693 ab
1468 5638 1713 5696 exercitu
1769 5638 1935 5695 sulta.

361 5726 485 5782 nico
516 5733 837 5797 Oppugnataz
864 5726 1196 5783 declaratur.

2036 4534 2211 4587 dictas
2240 4530 2570 4586 Venetorum
2614 4532 2875 4585 triremes
2905 4530 3211 4596 Tanenses,
3259 4543 3318 4585 ut
3377 4542 3428 4586 et
3484 4535 3623 4587 duas

2034 4626 2189 4689 alias,
2211 4624 2405 4690 quibus
2431 4623 2757 4677 Trevisanus
2778 4635 3034 4692 praeerat,
3063 4624 3275 4693 agmine
3315 4623 3457 4679 facto
3489 4640 3616 4693 pro-

2035 4718 2230 4772 cedere
2256 4716 2442 4784 jussit,
2472 4725 2530 4771 ut
2554 4726 2606 4771 et
2632 4715 2785 4771 urbis
2814 4715 3011 4771 incolis
3038 4718 3278 4773 animum
3308 4717 3537 4774 adderet
3562 4731 3617 4774 et

2039 4812 2290 4865 hostibus
2328 4822 2532 4864 ntetum
2568 4809 2842 4880 injiceret.

2110 4905 2238 4973 Apr.
2283 4904 2336 4959 9.
2390 4903 2665 4959 Concione
2719 4910 3017 4955 convocata
3065 4901 3133 4955 de
3164 4900 3339 4958 classe
3368 4901 3503 4960 bene
3536 4914 3619 4960 at-

2034 5010 2141 5064 que
2202 4997 2407 5049 utiliter
2472 4993 2779 5047 adhibenda
2847 4992 3171 5048 deliberant.
3238 4993 3369 5049 inde
3423 5011 3615 5049 novem

2035 5099 2126 5141 aut
2194 5088 2381 5143 decem
2445 5101 2612 5140 naves
2673 5085 2993 5154 grandiores
3050 5102 3153 5140 una
3216 5103 3338 5140 cum
3395 5087 3618 5139 ducibus

2037 5179 2423 5235 nominantur:
2465 5179 2519 5249 (ὅ
2572 5177 2914 5244 Genuenses,
2948 5180 2982 5235 3
3032 5178 3347 5239 Cretenses,
3384 5177 3407 5230 ί
3442 5179 3620 5232 Anco-

2039 5271 2301 5335 nensisJ
2345 5272 2714 5341 imperatoria)
2750 5286 2930 5341 ;-qu:n
2977 5286 3167 5326 omnes
3204 5268 3491 5325 certamini
3536 5268 3619 5323 l‘u-

2038 5378 2159 5418 turo
2194 5364 2479 5419 destinatae
2524 5381 2778 5434 magnam
2816 5374 3006 5435 portus
3034 5373 3285 5418 catenam
3352 5359 3616 5428 cingunt,

2036 5459 2159 5511 dum
2192 5456 2243 5510 in
2278 5456 2551 5525 superiori
2589 5468 2774 5526 portus
2797 5455 3017 5524 regione
3052 5454 3112 5505 l7
3155 5452 3277 5505 alia:
3333 5464 3619 5505 reservan-

2038 5560 2123 5602 tur
2142 5542 2326 5613 ;'inter
2350 5564 2442 5604 eas
2472 5549 2505 5603 5
2538 5550 2787 5604 triremes
2814 5547 3093 5601 Tanenses
3114 5561 3236 5598 cum
3262 5544 3472 5599 duabus
3495 5543 3623 5599 aliis

2042 5636 2373 5693 Venetorum
2444 5639 2718 5692 communi
2775 5635 3057 5691 securitati
3106 5643 3461 5700 consecratae,
3497 5636 3619 5691 e15

2041 5712 2408 5802 imperatoria:
2437 5729 2579 5787 malo
2616 5727 2893 5798 armisque
2928 5726 3217 5785 deuudata:
3242 5738 3623 5789 recensentur.
