4066 6188
501 323 630 387 lt7l

1417 332 1729 393 NICOLAI
1774 334 2117 395 BARBARI
2161 337 2499 397 PATlllCIl
2544 338 2825 399 VENETI

3628 343 3766 409 1072

572 440 752 508 April.
809 441 895 496 ll.
931 439 1194 497 Su‘tanus
1227 457 1498 502 tormenta
1527 461 1653 504 ante
1695 468 1878 509 muros
1942 457 2077 509 mari
2106 465 2156 520 Α
2189 456 2421 511 tantibus
2445 458 2655 512 duabus
2684 459 3000 513 triremibus
3024 469 3218 516 armat.
3252 461 3357 517 Sed
3381 464 3757 522 Genuensium

497 532 776 601 oppositos
814 535 1208 602 quadripartita
1251 540 1404 605 ponit
1468 542 1565 609 (cf.
1622 542 1944 613 Phrautzes,
1978 549 2067 617 qui

494 625 686 679 scribit
714 641 727 678 :
762 624 852 677 Ἐν
885 626 1074 689 τόποις
1102 628 1364 701 τέσσαρσι
1396 634 1490 686 καὶ
1528 633 1659 686 δέκα
1686 635 1753 687 τὰ
1780 638 1933 709 τείχη
1967 642 2066 709 τῆς

501 717 717 779 Πόλεως
740 716 1015 789 ἔτυπτον).
1051 720 1185 775 Tres
1216 724 1413 777 deinde
1450 726 1758 784 bombarda:
1793 735 1855 783 ad
1891 734 2068 801 impe-

498 810 698 863 ratoris
745 810 1005 879 palatium
1056 811 1485 883 Blachernense;
1522 820 1663 877 item
1728 831 1838 876 tres
1875 835 2065 877 contra

497 911 709 967 portam
742 902 845 972 τῆς
888 905 1115 974 Πηγῆς;
1152 910 1273 962 dure
1329 911 1383 962 iu
1448 921 1656 979 portam
1700 916 1957 983 Auream,
2010 928 2066 975 et

493 1001 726 1057 quatuor
760 993 810 1045 in
839 992 897 1047 S.
928 993 1158 1049 Rmnani
1197 1007 1400 1065 portam
1428 1001 1649 1057 directas
1678 1016 1843 1073 sunt;
1875 1022 1904 1060 e
1942 1010 2066 1076 qui-

495 1082 594 1136 bus
634 1082 823 1153 ingens
857 1084 945 1139 illa
978 1085 1116 1141 1200
1148 1088 1407 1144 librarum
1441 1101 1494 1147 et
1530 1094 1634 1148 alia
1664 1096 1768 1151 800
1801 1099 2059 1154 librarum

496 1186 881 1229 memorantur.

564 1263 735 1331 April.
764 1265 948 1321 1247.
978 1267 1306 1325 Duodecimo
1330 1272 1414 1326 die
1443 1276 1572 1343 Apr.
1601 1275 1734 1346 (sec.
1757 1278 2062 1337 Phrantzen

492 1357 683 1424 quinto
716 1356 944 1426 decimo)
993 1361 1186 1415 classis
1230 1361 1530 1419 Turcarum
1563 1384 1593 1421 e
1627 1370 1846 1438 regione
1877 1386 2064 1442 portus

491 1455 761 1523 Cpolitani
806 1458 1074 1515 anchoras
1116 1462 1284 1531 jacit;
1338 1464 1514 1533 Cujus,
1549 1462 1786 1518 Barbare
1815 1476 2059 1528 auctore,

495 1561 753 1599 numerus
773 1546 875 1601 fuit
892 1548 1015 1613 145,
1033 1564 1063 1603 e
1082 1553 1271 1618 quibus
1294 1552 1359 1605 12
1378 1552 1625 1605 triremes
1648 1553 1802 1621 plane
1820 1564 2061 1622 armatae,

493 1634 665 1689 70-80
692 1636 921 1692 liburnae
969 1640 1229 1709 majores,
1260 1640 1426 1696 20-25
1466 1646 1802 1711 parandariaa
1841 1646 2059 1715 (onera-

496 1728 589 1779 tiae
639 1728 688 1780 in
740 1727 864 1781 belli
918 1732 1124 1801 usum),
1187 1746 1396 1787 castera:
1450 1737 1706 1790 actuaria:
1754 1740 2060 1792 traduntur.

494 1816 610 1870 lluc
642 1816 781 1871 adde
823 1820 1093 1889 navigium
1115 1825 1425 1877 onerariutn
1460 1826 1624 1879 anteis
1649 1828 1823 1897 globis
1847 1827 2063 1896 (verisi-

494 1908 673 1962 milius
702 1919 885 1963 autem
933 1911 1197 1978 lapidibus
1232 1914 1649 1987 projecliltbus),
1684 1918 1910 1972 materie
1946 1919 2060 1973 bel-

491 2000 593 2053 lica
626 2013 878 2055 onustum
928 2003 1246 2072 SinOpense.
1290 2006 1496 2061 CIaSsis
1532 2006 1759 2063 Turcica
1799 2011 1954 2077 longe
1994 2011 2061 2064 ab

491 2091 622 2144 urbe
642 2091 790 2146 littus
806 2094 1148 2149 Anatolieum
1174 2106 1340 2152 tenet.
1366 2099 1468 2161 Qui
1501 2101 1550 2153 in
1582 2103 1715 2156 urbe
1743 2103 2062 2157 obsidentur

491 2187 891 2255 aggressionem
927 2190 1159 2243 hosﬁum
1193 2191 1245 2244 in
1281 2197 1447 2245 armis
1471 2197 1690 2249 assiduo
1713 2209 2055 2264 exspectant.

486 2275 638 2330 Intus
701 2289 898 2346 praeter
977 2289 1245 2338 torruenta
1305 2287 1672 2343 indesinenter
1736 2293 1952 2359 explosa
2008 2301 2062 2345 et

492 2369 635 2421 leves
678 2380 863 2423 contra
908 2367 1239 2429 J.-nissarios
1299 2391 1503 2447 pugnas
1557 2381 1694 2434 nihil
1757 2392 2059 2437 memoratu

497 2458 553 2509 lit
589 2458 828 2525 dignum.

555 2550 725 2618 April.
753 2550 837 2604 18.
870 2552 942 2605 Ea
971 2567 1090 2622 qua:
1119 2555 1258 2609 diem
1288 2557 1488 2624 Aprilis
1516 2559 1784 2614 decimum
1809 2570 2057 2615 octavum

487 2643 764 2708 praecessit
788 2655 947 2699 nocte
965 2647 1243 2715 aggressio
1267 2647 1570 2704 Turearrrrrr
1595 2653 1767 2721 primo
1798 2669 1827 2705 a
1856 2652 2061 2707 Graecis

488 2734 762 2797 paululum
796 2738 1128 2792 tremefactis
1178 2741 1498 2810 repellitur;
1559 2744 1811 2798 occidere
1870 2743 2061 2799 Turca:

485 2827 769 2893 plusquam
796 2828 1039 2881 ducenti.
1902 2835 1907 2841 ’

554 2916 731 2983 April.
750 2916 838 2971 ΞΟ.
862 2918 1129 2976 Vicesimo
1142 2924 1438 2978 obsidionis
1460 2926 1545 2981 die
1563 2940 1792 2997 quatuor
1811 2931 2062 2990 Genuen-

483 3004 622 3058 sium
665 3021 830 3060 naves
871 3008 1163 3066 auxiliares
1211 3009 1616 3083 Hellespontum
1674 3016 1901 3085 intrant,
1943 3037 2060 3091 qua:

484 3110 604 3168 post
622 3099 657 3154 2
670 3136 692 3150 ..
705 3114 762 3156 ut
778 3103 807 3155 Ξ
823 3103 1071 3157 horarum
1091 3121 1320 3175 pugnam
1336 3106 1638 3163 Turcarum
1659 3113 2058 3181 aggressionem

486 3194 699 3247 fortuna
743 3193 914 3263 adjuti
950 3198 1249 3265 repellunt;
1281 3198 1394 3253 sole
1419 3200 1538 3253 dein
1572 3202 1850 3256 occidente
1875 3204 2060 3260 obses—
2088 3171 2131 3230 ο

484 3300 666 3336 sorum
699 3287 948 3340 triremes
979 3285 1358 3342 Genuensibus
1392 3290 1563 3345 obvia:
1595 3292 1696 3346 bos
1730 3308 1850 3346 cum
1886 3295 2056 3364 jubilo

485 3385 547 3423 ac
580 3373 817 3427 musices
850 3386 1123 3429 concentu
1155 3378 1206 3430 in
1242 3391 1457 3448 portum
1492 3381 1881 3437 iutrornittuut.

554 3463 752 3532 Aprilis
781 3466 873 3520 2|.
917 3468 1247 3523 Malurrnetes
1281 3485 1403 3522 cum
1458 3470 1630 3524 l0000
1675 3473 1948 3540 equitibus
1986 3475 2053 3529 ad

483 3552 713 3609 classem
742 3559 1002 3624 procedit,
1040 3562 1091 3613 in
1120 3562 1402 3630 copiarum
1437 3563 1705 3616 navalium
1742 3563 2049 3634 praefectum

482 3650 677 3702 acerbe
709 3650 980 3704 iuvelritur
1029 3663 1083 3705 et
1114 3655 1219 3706 vita
1273 3654 1524 3707 incolumi
1568 3671 1763 3709 munus
1803 3657 2052 3713 abdicare

480 3738 666 3807 jubet;
716 3743 801 3795 cui
837 3743 982 3797 Petri
1025 3744 1327 3799 Lauredarri
1381 3746 1521 3802 filius
1561 3749 1907 3817 jactabunda:
1943 3767 2054 3804 ruc-

485 3836 669 3889 nroria:
705 3834 956 3906 (fortasse
999 3840 1075 3894 rei
1110 3839 1325 3896 Venetae
1356 3842 1605 3898 desertor
1637 3843 1856 3914 aliquis)
1889 3846 2046 3901 classi

480 3925 794 3992 prarlicitur.

554 4018 633 4071 Ad
671 4022 919 4075 eumdem
956 4023 1098 4078 diem
1130 4024 1245 4077 dira
1282 4026 1518 4080 vastatio
1551 4027 1618 4081 ab
1642 4029 1879 4083 hostium
1919 4044 2047 4098 pro-

474 4112 747 4182 jectilibus
806 4116 858 4168 in
897 4116 1115 4186 regione
1162 4117 1485 4171 occidentali
1522 4119 1691 4185 faeta,
1758 4122 1925 4175 turris
1972 4125 2037 4175 ad

479 4203 537 4256 S.
566 4204 790 4258 Romani
820 4217 1027 4276 portam
1060 4210 1176 4263 sitae
1225 4211 1420 4277 ruina;
1458 4213 1746 4266 conamina
1795 4214 2049 4269 obsesso-

479 4314 596 4349 rum
624 4297 690 4351 ad
734 4299 1081 4354 reficiendum
1137 4302 1394 4355 damnum
1428 4304 1757 4359 referuntur.

550 4389 748 4454 Aprilis
777 4390 869 4443 22.
927 4392 1200 4448 Diellom.
1252 4393 1550 4449 Turcarum
1604 4397 1706 4450 hoc
1741 4398 1827 4451 die
1878 4413 2042 4453 nach

2189 548 2379 602 Peram
2428 550 2782 604 habitantium
2847 549 3130 619 pra‘frctus
3181 570 3243 607 ea
3278 556 3341 606 de
3393 570 3449 610 re
3480 557 3757 629 sultanuut

2178 641 2467 695 certiorem
2493 640 2618 695 facit
2643 628 2739 706 {ac
2757 641 3072 698 Germenses
3089 644 3209 713 ipsi,
3240 646 3486 702 homines
3507 648 3756 714 perfidis-

2177 733 2324 793 simi,
2349 748 2470 785 eum
2506 733 2732 787 ducibus
2774 732 2993 788 Venetis
3016 740 3177 790 hosce
3204 748 3518 807 permovent
3551 751 3605 793 ut
3627 755 3753 806 pro-

2178 824 2410 889 positum
2446 840 2707 878 conamen
2747 826 2836 879 alii
2888 826 3033 879 nocti
3079 838 3439 893 reservarem,
3490 831 3751 884 auxilium

2176 930 2333 969 suum
2371 915 2695 983 pollicendo,
2724 933 2781 970 re
2811 931 2933 970 vera
2965 926 3143 971 autem
3163 917 3356 973 Turcis
3393 922 3646 976 omnibus
3674 923 3756 975 vi-

2176 1005 2331 1061 ribus
2357 1009 2612 1060 auxilium
2654 1008 2835 1062 laturi.

2244 1099 2416 1167 April.
2469 1097 2659 1152 25-27.
2714 1101 2825 1151 Hoc
2870 1100 3128 1168 temporis
3165 1100 3449 1155 intervallo
3509 1117 3619 1171 quo
3663 1104 3742 1157 nil

2173 1200 2473 1243 memoratu
2498 1189 2719 1258 dignum
2746 1191 2960 1256 accidit,
2993 1190 3258 1245 Barbarus
3282 1192 3573 1246 infortunia
3607 1194 3751 1248 ulte-

2172 1283 2313 1336 riora
2374 1280 2626 1335 Numinis
2675 1282 2841 1336 divini
2902 1283 3157 1336 ultionem
3209 1297 3330 1336 esse
3374 1285 3626 1350 epiuatur
3673 1289 3749 1339 ob

2173 1382 2393 1440 peccata
2444 1389 2671 1440 quorum
2702 1381 2830 1426 aetas
2865 1374 2962 1426 ista
3002 1388 3091 1426 rea
3121 1382 3289 1427 esset.

2243 1465 2409 1533 Apr-il.
2443 1465 2532 1521 28.
2570 1464 2639 1518 Ea
2664 1475 2819 1518 nocte
2845 1465 2963 1518 duae
2988 1464 3237 1518 triremes
3256 1464 3420 1520 Gabr.
3451 1466 3750 1521 Trevisano

2172 1570 2222 1611 et
2258 1556 2401 1612 llier.
2435 1557 2703 1611 Morosino
2745 1556 2925 1625 equite
2968 1565 3130 1623 atque
3163 1555 3282 1610 Jac.
3319 1557 3465 1611 (Σοεο
3494 1559 3745 1622 ducibus,

2171 1648 2471 1701 Turcarum
2505 1661 2667 1700 naves
2700 1646 2753 1697 in
2788 1654 2943 1712 portu
2974 1645 3097 1713 igne
3118 1648 3393 1701 crernaudi
3439 1664 3536 1717 spe
3575 1651 3750 1703 desti-

2175 1747 2422 1790 tuuntur.
2455 1735 2650 1789 Fusius
2683 1735 2732 1787 id
2766 1750 3029 1789 conamen
3061 1734 3333 1792 Barbarus
3365 1753 3524 1807 quam
3559 1742 3746 1794 caeteri

2101 1841 2141 1894 Β
2172 1841 2362 1881 omnes
2415 1836 2626 1879 narrat.

2243 1918 2412 1986 April.
2439 1916 2529 1971 29.
2559 1917 2871 1971 Navarclrus
2912 1916 3113 1971 Diedus
3139 1918 3330 1972 ducem
3351 1918 3589 1973 triremis
3608 1918 3750 1972 Tra-

2168 2011 2472 2081 pezuntinre
2506 2010 2554 2061 in
2583 2007 2713 2063 Coci
2736 2009 2981 2062 destituti
3008 2010 3181 2063 locum
3210 2008 3532 2078 Delphinum
3566 2015 3748 2066 nomi-

2169 2116 2297 2166 nat;
2354 2104 2436 2156 cui
2498 2102 2548 2154 in
2579 2101 2935 2154 custodienda
2971 2100 3391 2155 Blaelreruarum
3448 2112 3600 2171 porta
3646 2100 3738 2159 Jn.

2164 2193 2517 2248 Lauredanus
2574 2192 2938 2245 substituitur.
2976 2190 3104 2256 Qua:
3165 2192 3361 2245 daruua
3415 2193 3729 2248 obsidentes

2172 2282 2422 2336 obsessis
2456 2280 2714 2344 inferunt,
2750 2280 2817 2332 ab
2848 2279 2995 2333 hisee
3037 2279 3188 2333 illico
3219 2292 3563 2349 reparantur.
3590 2280 3741 2337 Nibil

2166 2381 2429 2442 prmterea
2449 2373 2589 2441 quod
2614 2374 2873 2424 memoria
2901 2371 3122 2439 diguuru
3148 2370 3239 2434 sit,
3266 2380 3448 2426 actum
3476 2372 3528 2423 in
3555 2387 3743 2426 mense

2165 2464 2346 2532 aprili.

2237 2558 2378 2612 Maii.
2406 2558 2455 2618 l,
2480 2557 2534 2611 2.
2562 2557 2704 2611 ldem
2726 2556 2791 2611 de
2811 2557 3019 2611 duobus
3038 2556 3189 2612 hisce
3207 2557 3396 2612 diebus
3422 2557 3737 2612 dicendum.

2165 2638 2553 2703 A‘iureutorum
2584 2651 2634 2701 iu
2662 2652 2794 2704 urbe
2817 2650 3066 2719 penuria.

2233 2744 2361 2796 Maii
2394 2744 2447 2805 ὅ,
2470 2743 2523 2796 4.
2561 2740 2826 2811 Cpolitani
2860 2741 3109 2795 hostibus
3142 2742 3194 2793 in
3222 2751 3378 2809 portu
3413 2740 3551 2794 duas
3579 2741 3741 2795 bom-

2164 2835 2360 2890 bardas
2391 2844 2685 2902 opponunt;
2716 2834 2908 2888 Turcae
2936 2833 3070 2887 duas
3100 2832 3343 2901 ejusdem
3377 2832 3588 2899 generis
3612 2848 3738 2885 ma-

2162 2926 2350 2979 chinas
2372 2935 2592 2991 ponunt.
2631 2923 2731 2979 Per
2761 2925 2947 2978 decem
2979 2924 3099 2977 dein
3129 2924 3244 2977 dies
3272 2938 3334 2977 ac
3366 2922 3588 2976 totidem
3637 2938 3741 2976 no-

2164 3027 2283 3070 ctes
2320 3018 2577 3086 utrinque
2613 3026 2882 3070 tormenta
2914 3018 3111 3069 sudant
3142 3015 3261 3069 sine
3298 3014 3497 3069 effectu
3530 3030 3740 3068 memo-

2168 3106 2344 3160 rabili.
2378 3106 2725 3175 Imperatoris
2751 3105 2907 3176 jussu
2941 3104 3091 3169 navis
3129 3106 3369 3157 actuaria
3405 3118 3591 3158 versus
3625 3103 3739 3156 Ne-

2167 3194 2417 3264 groponti
2467 3196 2703 3249 insulam
2739 3195 2993 3253 mittitur.
3028 3193 3353 3247 Venetorum
3381 3193 3608 3246 classem
3634 3208 3736 3246 ex-

2166 3290 2429 3356 quisitura
2475 3298 2529 3341 et
2565 3304 2591 3339 a
2628 3286 2677 3340 ι.
2720 3285 3041 3341 Lauredano
3074 3285 3409 3356 postulatura
3441 3296 3499 3338 ut
3531 3287 3646 3339 urbi
3676 3288 3730 3340 in

2168 3378 2429 3431 extremis
2489 3379 2665 3448 agenti
2726 3379 2846 3433 sine
2897 3393 3043 3431 mora
3100 3387 3473 3431 succurreret.
3520 3377 3579 3429 Et
3611 3378 3724 3430 hcce

2165 3469 2380 3537 quidem
2422 3469 2523 3524 sub
2551 3468 2754 3539 vexillo
2785 3468 3015 3523 Turcico
3046 3479 3099 3523 et
3141 3470 3397 3523 simulato
3429 3470 3721 3524 Turcarum

2174 3561 2500 3615 vestimento
2545 3560 2964 3631 Archipelagum
3004 3548 3269 3629 pervadit,
3306 3561 3398 3615 sed
3434 3578 3490 3615 re
3528 3558 3729 3613 infecta

2163 3653 2351 3722 Cpolin
2393 3658 2704 3708 revertitur.
2826 3658 2829 3661 λ

2233 3746 2359 3801 Maii
2388 3747 2439 3801 5.
2475 3747 2660 3801 Turcaa
2689 3746 2868 3814 plures
2900 3747 3227 3800 hombardas
3260 3746 3313 3799 in
3346 3756 3530 3799 monte
3576 3744 3736 3799 Pera:

2162 3839 2478 3893 imminente
2523 3841 2746 3903 sistunt,
2790 3850 2952 3908 atque
3002 3840 3124 3891 inde
3179 3839 3419 3891 hostium
3461 3851 3632 3891 naves
3675 3837 3734 3889 in

2160 3941 2315 4000 portu
2352 3945 2444 3999 per
2472 3939 2637 3984 totam
2664 3939 2867 3983 eatena:
2908 3945 3115 3997 magna:
3157 3929 3542 3998 longitudinem
3597 3938 3722 3979 tor-

2164 4023 2357 4077 mentis
2383 4030 2586 4091 petnnt.
2617 4019 2683 4073 Et
2710 4022 2903 4076 tertius
2928 4021 3144 4090 quidem
3178 4034 3363 4075 amcos
3385 4020 3572 4087 globus
3597 4034 3732 4087 pro-

2155 4116 2332 4183 jectus
2365 4112 2702 4168 Genuensem
2756 4127 2949 4166 navem
2982 4113 3253 4167 mercibus
3310 4127 3374 4166 ac
3422 4122 3733 4165 commeatu

2164 4207 2374 4274 plenam
2410 4205 2461 4257 in
2496 4204 2661 4258 nraris
2693 4205 2797 4257 ima
2832 4205 3095 4259 detrudit.
3126 4205 3562 4258 Christianorum
3603 4204 3736 4257 inde

2160 4313 2322 4351 naves
2358 4296 2504 4350 Pera:
2533 4298 2731 4349 nuerria
2760 4311 2865 4350 non
2895 4297 3015 4349 sine
3042 4297 3238 4349 damno
3274 4304 3543 4363 repetunt.
3577 4294 3733 4347 Tur-

2162 4404 2239 4443 ca:
2300 4399 2583 4458 postquam
2643 4388 2830 4441 eadem
2897 4398 3160 4442 tormenta
3212 4388 3489 4457 Kynegion
3538 4402 3733 4442 versus

476 4481 510 4534 5
539 4482 671 4535 mill.
709 4483 826 4537 ltal.
876 4483 1068 4539 itinere
1104 4485 1348 4541 terrestri
1396 4501 1424 4539 a
1462 4486 1700 4556 Bosporo
1734 4490 1784 4542 in
1829 4501 2041 4557 portum
2082 4510 2129 4569 ι)
2159 4481 2276 4534 sine
2307 4480 2497 4533 θίῘοσῑυ
2530 4480 2879 4541 dilexissem:
2932 4491 3203 4548 ιτοεινειιιο
3235 4480 3299 4532 δίε
3344 4494 3465 4548 Ψιίὲ
3519 4481 3730 4534 υιωηίι

477 4575 818 4642 (Σροιὶιειιιυιιι
848 4586 1308 4647 transportantur.
1338 4579 1546 4634 Auctor
1576 4594 1760 4635 uosrer
1782 4598 1887 4635 non
1922 4584 2040 4637 siue

475 4667 639 4719 animi
664 4669 983 4735 aegritudine
1010 4670 1194 4735 refert,
1221 4670 1287 4725 72
1315 4688 1478 4727 naves
1501 4685 1742 4727 armatas
1771 4674 2034 4744 cylindris
2094 4694 2097 4697 ·

474 4760 759 4826 impositas
781 4775 874 4828 per
905 4771 1142 4814 montem
1177 4762 1264 4815 cui
1298 4760 1431 4815 Pera
1480 4763 1544 4815 ad
1602 4764 2039 4832 septentrionem

475 4846 694 4911 insidet,
729 4867 756 4901 a
790 4851 910 4905 lixis
942 4861 993 4904 et
1044 4851 1318 4919 plebecula
1350 4852 1587 4908 Turcica
1632 4856 1880 4909 manibus
1921 4866 2046 4909 tra-

474 4947 591 4992 ctas
615 4939 803 4993 fuisse.
832 4939 1097 5009 Cpoiitani
1123 4942 1174 4995 irt
1210 4945 1342 4998 urle
1371 4945 1584 5011 inclusi,
1612 4961 1837 5013 quorum
1858 4948 2046 5016 paucis

474 5031 701 5083 navilnrs
745 5033 997 5099 utrinque
1030 5037 1327 5103 periculurn
1374 5037 1441 5089 ab
1478 5037 1714 5090 hostium
1742 5042 1915 5091 classe
1943 5038 2042 5092 im-

473 5121 661 5184 minet,
723 5121 996 5175 triremem
1034 5140 1196 5177 uuarn
1256 5127 1495 5194 prresidii
1556 5127 1675 5181 loco
1725 5129 1790 5182 ad
1846 5129 2041 5182 fretum

470 5214 611 5282 quod
643 5213 793 5268 Pera
820 5213 1027 5282 adjacet
1067 5227 1291 5283 ponunt,
1325 5219 1499 5271 navali
1535 5221 1789 5289 praefecto
1816 5220 2031 5290 signum

470 5306 742 5371 daturaru,
763 5308 849 5359 ubi
875 5307 1059 5377 hostes
1090 5307 1229 5362 forte
1260 5311 1661 5379 aggressionem
1688 5321 2037 5367 conarentur.

540 5400 739 5468 Aprilis
766 5400 856 5454 23.
890 5403 949 5453 ln
978 5402 1092 5455 aede
1133 5401 1190 5455 S.
1229 5401 1409 5458 Maria:
1441 5404 1825 5477 (llodegetriaa,
1863 5415 1919 5459 ut
1955 5408 2033 5458 vi-

472 5492 655 5562 detur)
692 5494 788 5547 viri
834 5495 899 5548 ad
934 5495 1035 5549 hoc
1089 5497 1369 5551 convocati
1417 5499 1721 5555 deliberant
1764 5502 2036 5570 quomodo

468 5584 704 5637 lrosrium
740 5600 951 5641 navese
992 5600 1147 5654 portu
1182 5590 1463 5660 ejiciendze
1503 5591 1698 5647 forent.

537 5675 739 5742 Aprilis
785 5676 877 5730 ‘24.
931 5677 1165 5731 Domnus
1218 5681 1333 5735 Jac.
1382 5681 1577 5748 Cocus,
1616 5683 1851 5736 triremis
1895 5681 2038 5735 illius

469 5760 880 5828 Trapezuutina'.
896 5778 1176 5834 patronus,
1194 5769 1328 5826 duas
1356 5771 1847 5845 navesonerarias,
1869 5772 2036 5825 comi-

2160 4572 2415 4627 interiora
2445 4571 2725 4639 tegebant,
2763 4573 3037 4626 addidere.

2230 4662 2353 4715 Maii
2385 4662 2438 4715 6.
2472 4662 2581 4717 Hac
2605 4677 2820 4732 quoque
2852 4662 3129 4716 Dominiea
3176 4661 3263 4716 die
3295 4672 3562 4715 tormenta
3602 4676 3729 4728 pcr-

2155 4766 2317 4824 petuo
2350 4754 2661 4809 fulrrtittant.

2224 4845 2348 4900 Maii
2385 4846 2437 4900 7.
2465 4845 2754 4914 Aggressio
2781 4855 3044 4899 nocturna
3069 4862 3096 4897 a
3131 4843 3307 4898 30000
3345 4842 3542 4898 Turcis
3572 4841 3721 4895 facta

2155 4938 2368 4992 fortiter
2431 4939 2747 5006 repellitur;
2781 4938 2831 4990 in
2884 4952 2989 5006 qua
3038 4938 3304 4990 clamores
3345 4937 3595 5003 stupendi
3648 4937 3722 4989 ad

2146 5032 2501 5087 Anatolieum
2543 5045 2712 5099 usque
2776 5045 2925 5084 mare
2976 5032 3331 5096 pervadentes
3386 5030 3629 5084 fecerunt
3664 5039 3727 5080 ut

2150 5126 2301 5179 urbis
2332 5124 2649 5177 defensores
2673 5133 2813 5175 terra
2841 5122 3082 5188 marique
3115 5121 3181 5175 ad
3206 5136 3438 5190 pugnam
3463 5135 3521 5174 se
3536 5122 3727 5173 accin-

2146 5226 2358 5286 gerent.
2379 5215 2462 5269 Nil
2489 5225 2666 5267 tamen
2697 5228 2727 5267 a
2749 5212 2947 5266 Turcis
2967 5213 3104 5271 ultra
3141 5222 3427 5273 tentatum,
3450 5214 3553 5266 nisi
3571 5214 3720 5281 quod

2145 5307 2503 5362 abiturientes
2528 5308 2703 5373 ignem
2742 5311 2912 5371 portae
2946 5302 3205 5356 Palatina:
3252 5303 3520 5367 subdunt;
3552 5318 3717 5369 quam

2142 5403 2337 5455 deinde
2367 5398 2538 5452 Graeci
2574 5411 2728 5450 muro
2756 5399 3071 5450 obstruunt.
3129 5395 3303 5449 Naves
3346 5395 3516 5465 priori
3567 5396 3715 5479 circa

2142 5504 2388 5548 catenam
2422 5492 2660 5544 statione
2685 5490 2869 5557 potita:
2898 5497 3046 5541 sunt.
3702 5480 3713 5481 ί

2216 5583 2338 5636 Maii
2371 5582 2426 5637 8.
2458 5583 2743 5638 Decretum
2781 5595 2808 5632 a
2866 5581 3289 5635 Duodeeinrviris
3325 5587 3409 5633 est
3463 5589 3521 5633 ut
3553 5579 3716 5633 trire-

2142 5692 2258 5731 mes
2279 5675 2557 5731 Tauenses
2607 5685 2920 5729 exonerata:
2948 5676 3001 5727 in
3033 5672 3512 5727 armamentarium
3541 5681 3719 5724 trans-

2142 5778 2509 5841 portarentur.
2563 5765 2799 5821 Navibus
2827 5765 2905 5820 sic
2931 5762 3293 5821 exonerandis
3314 5770 3525 5818 armata
3552 5774 3714 5815 manu
