4066 6188
409 322 551 385 1073

1187 326 1673 389 EPHEMEHID.
1722 329 1816 389 DE
1862 332 2136 391 CPULIS
2182 332 2811 397 EXPUUNATIONE.

3533 336 3668 398 1074

406 434 704 501 obsistunt,
754 450 819 489 ne
863 438 963 491 sub
995 438 1281 493 arbitrium
1325 439 1636 494 Graecorum
1693 440 1987 505 caderent,
2022 450 2065 504 Α
2097 454 2353 512 quantam
2389 447 2711 516 sagittarum
2754 447 2947 500 molem
2992 447 3042 500 in
3073 448 3258 501 urbem
3296 448 3665 518 proiecerunt,

406 529 664 584 triremes
694 528 937 583 dicentes
953 530 1055 585 sibi
1083 547 1179 600 pro
1200 533 1450 585 domibus
1501 546 1669 598 esse;
1706 534 1860 595 mari,
1892 547 1988 586 ne-

406 637 515 691 que
552 637 684 676 vero
716 623 767 675 in
808 624 1104 679 continenti
1137 626 1241 679 sibi
1276 625 1563 678 vivendum
1599 633 1693 678 aut
1746 626 1990 679 morien-

410 716 540 767 dum
568 730 711 770 esse.
733 713 859 770 Hec
899 719 1167 771 sententia
1200 718 1363 782 vicit;
1389 728 1443 771 et
1471 718 1572 787 ipsi
1602 727 1655 771 et
1681 719 1989 772 uavarehus

415 807 467 859 iu
496 806 679 859 littore
714 806 961 861 Peratico
998 818 1303 865 remanent.
1337 807 1628 862 Tormenta
1661 812 1804 863 circa
1854 826 1984 880 por-

414 908 522 950 tam
558 900 617 952 S.
641 898 870 952 Romani
905 910 1167 969 perpetuo
1194 900 1381 970 globos
1410 901 1726 969 projiciunt.

484 990 609 1044 Maii
644 992 696 1047 9.
735 992 1077 1064 Dom.,Gabr.
1110 995 1437 1051 Trevisanus
1455 1011 1517 1049 ex
1543 998 1818 1050 voluntate
1845 997 1990 1050 Duo-

415 1082 837 1138 decimvirorum
865 1085 944 1140 sic
971 1085 1277 1154 jubentium
1328 1086 1432 1141 400
1468 1088 1674 1141 milites
1714 1104 1745 1142 e
1778 1090 1989 1145 duabus

417 1174 731 1230 triremibus
779 1179 1072 1232 arcessitos
1124 1192 1281 1233 muro
1338 1180 1580 1233 terrestri
1629 1180 1989 1235 custodiendo

415 1265 702 1332 impendit.

490 1356 612 1409 Maii
648 1356 733 1410 lO.
775 1355 832 1409 ln
873 1358 1134 1431 concione
1173 1358 1353 1413 habita
1386 1377 1413 1413 a
1442 1360 1731 1417 duodecim
1772 1362 1901 1417 viris
1935 1363 1987 1416 in

416 1448 534 1502 mde
557 1448 612 1501 S.
635 1446 819 1502 Mariae.
840 1448 992 1503 Dom.
1017 1450 1212 1504 Diedus
1242 1453 1549 1507 navarcbns
1575 1453 1762 1508 classis
1783 1470 1843 1508 ea
1873 1454 1988 1523 lege

417 1541 754 1615 designatur,
790 1550 845 1593 ut
880 1552 1066 1609 portus
1091 1545 1365 1613 totiusque
1391 1546 1462 1598 rei
1489 1548 1775 1601 maritima:
1800 1562 1986 1601 cnram

417 1648 518 1685 pro
553 1633 707 1685 llllllO
740 1644 913 1699 gerat.

490 1730 612 1782 Maii
644 1731 727 1782 ll.
762 1730 904 1783 Hem
940 1741 1327 1786 tormentorum
1359 1734 1603 1789 funestus
1630 1736 1801 1791 labor.

2095 544 2151 587 ut
2172 533 2259 599 qui
2296 535 2437 588 intus
2455 546 2637 589 essent
2663 547 2910 591 extremo
2936 539 3130 592 timore
3154 538 3518 595 afficerentur.

2170 625 2292 679 Maii
2324 625 2410 681 19.
2448 625 2561 681 Hoc
2610 628 2825 682 demum
2881 640 3125 699 tempore
3173 647 3307 700 pons
3363 630 3666 696 copiam-tis

2069 718 2321 773 navibus
2365 718 2642 773 confectus
2673 736 2701 772 a
2732 718 2921 774 Galata
2978 721 3043 774 ad
3093 722 3370 791 Kynegiou
3399 724 3667 776 exsistere

2091 809 2279 877 cwpit,
2326 820 2384 863 ut
2435 809 2707 865 Barbarus
2755 812 2928 877 dicit;
2985 812 3279 866 secundum
3339 813 3663 866 Phrantzem

2094 914 2222 954 vero
2254 911 2373 969 post
2413 919 2576 956 naves
2622 913 3021 972 transportatas
3080 906 3255 959 locum
3295 904 3569 962 habuerit.
3609 912 3667 956 ut

2091 999 2372 1047 taceamus
2403 994 2811 1062 chronologiam
2858 998 3228 1049 confusiorem
3256 995 3548 1057 Leonardi,
3572 995 3662 1063 qui

2091 1100 2213 1137 eum
2257 1096 2382 1139 ante
2409 1100 2640 1153 pugnam
2679 1088 2923 1140 navalem
2958 1087 3157 1140 factum
3192 1105 3315 1142 esse
3345 1104 3468 1142 cum
3500 1090 3663 1139 totius

2092 1174 2296 1228 mensis
2350 1175 2655 1228 differentia
2696 1185 2903 1229 censi-t.
2958 1175 3117 1229 Certe
3159 1176 3332 1228 Ducas
3376 1178 3475 1229 hac
3528 1179 3577 1229 in
3609 1192 3664 1230 re

2092 1281 2213 1317 cum
2255 1264 2495 1339 Bai-baro
2524 1277 2711 1319 nostro
2740 1266 2960 1336 propius
2992 1268 3292 1320 consentit.
3339 1267 3530 1320 Turcre
3554 1268 3669 1337 glo-

2093 1360 2189 1411 bos
2220 1372 2387 1411 zereus
2424 1357 2475 1410 in
2506 1358 2691 1411 hostes
2725 1368 2984 1425 torquere
3017 1368 3068 1411 et
3124 1375 3302 1413 aerem
3336 1360 3665 1416 clamoribus

2094 1447 2300 1515 replere
2331 1464 2435 1502 tt0n
2475 1448 2747 1505 desistunt
2778 1468 2791 1516 ;
2825 1452 3031 1505 obsessi
3073 1454 3267 1504 damna
3319 1453 3469 1506 illata
3505 1468 3663 1522 repa-

2093 1550 2233 1592 rant.

2162 1633 2286 1686 Maii
2321 1633 2414 1688 20.
2454 1634 2723 1689 Barbarus
2758 1635 3093 1689 inclusorum
3132 1646 3358 1690 cenatus
3392 1645 3451 1689 ιιι
3483 1651 3666 1689 muros

2094 1725 2306 1780 hiantes
2334 1727 2618 1782 reficerent
2652 1726 2837 1791 refert,
2870 1729 2956 1781 cui
2990 1731 3140 1796 operi
3180 1730 3455 1793 mulieres,
3491 1730 3663 1793 pueri,

496 1823 617 1873 Maii
656 1822 735 1877 12.
770 1821 962 1876 Tui-ca:
1002 1822 1178 1877 50000
1211 1841 1330 1879 cum
1366 1828 1542 1881 solitis
1571 1830 1901 1887 clamoribus
1938 1845 1992 1887 ει
2030 1831 2066 1883 Β
2095 1833 2273 1879 senes.
2306 1819 2660 1873 ecclesiastici
2696 1822 2837 1874 vires
2865 1822 3417 1887 suasimpendebant.
3446 1821 3668 1874 Mentiu-

420 1914 647 1979 strrpitu
701 1923 1081 1983 tympanorum
1148 1916 1518 1986 tibiarumque
1552 1917 1773 1972 dissono
1833 1922 1991 1975 clau-

421 2022 550 2072 gnre
581 2019 796 2057 murum
830 2006 975 2057 circa
1007 2006 1271 2075 palatium
1309 2008 1471 2061 situm
1508 2011 1865 2078 adoriuntur;
1896 2014 1988 2067 sed

424 2096 795 2149 misericordia
835 2095 964 2151 Jesu
998 2098 1201 2152 Clll'i>li
1256 2100 1549 2168 perniciem
1591 2114 1891 2157 extremam
1924 2108 1992 2160 ab

423 2192 556 2244 urbe
600 2191 699 2242 hac
732 2194 851 2245 vice
883 2191 1099 2256 avertit,
1129 2192 1275 2259 quia,
1311 2201 1369 2245 ut
1402 2192 1673 2247 Barbarus
1718 2195 1992 2263 opinatur,

426 2281 612 2350 Cpolis
677 2283 944 2335 excidium
996 2285 1291 2336 semiudum
1328 2283 1385 2338 S.
1426 2285 1616 2350 imper.
1653 2285 1993 2340 Constantini

426 2374 760 2441 pt‘tipltetiattt
797 2388 902 2426 non
930 2375 1203 2443 praesenti,
1229 2375 1321 2427 sed
1358 2376 1601 2429 ulteriori
1649 2378 1786 2431 luna:
1843 2379 1991 2447 phasi

432 2474 758 2515 reservatum
791 2474 956 2517 (ἕδεσι.

500 2554 621 2607 Maii
657 2555 739 2608 15.
773 2556 925 2608 Dom.
951 2556 1285 2610 Trevisanus
1324 2556 1516 2609 classis
1549 2557 1837 2623 pra-fectu:
1869 2573 1991 2612 eum

428 2646 691 2700 militibus
740 2649 852 2701 suis
889 2648 954 2700 ad
997 2660 1194 2703 terram
1248 2650 1445 2703 uicenia
1487 2649 1811 2702 defensurus
1869 2650 1992 2703 Itesa

427 2738 666 2807 appellit.
703 2740 777 2793 Eo
806 2741 924 2794 loco
953 2744 1017 2792 ad
1049 2740 1410 2809 expugnatam
1456 2757 1626 2810 usque
1662 2743 1849 2794 urbem
1888 2756 1993 2795 nou

427 2833 964 2888 recedit.Secuudnm
987 2833 1308 2886 Pbrautzi-m
1330 2833 1470 2886 inter
1491 2832 1761 2902 Kynegion
1780 2845 1832 2885 et
1852 2834 1997 2899 pa'a-

426 2930 557 2981 tium
571 2925 874 2980 Caesareum
896 2936 1161 2993 pastorem
1180 2940 1373 2987 se,nou
1398 2939 1666 2980 mei-Cena:
1682 2931 1788 2976 :um
1808 2925 1993 2994 gessit.

495 3018 912 3072 Turmeutorum
967 3034 1063 3087 per
1087 3019 1137 3071 id
1198 3028 1412 3085 tempus
1472 3033 1578 3071 non
1660 3018 1998 3086 interruptus

425 3111 568 3182 ignis
600 3123 789 3164 contra
830 3125 1037 3163 murum
1064 3109 1478 3163 occidentalem.

498 3204 621 3258 Maii
649 3204 734 3258 14.
757 3202 969 3268 Turne,
994 3212 1051 3254 ut
1073 3202 1184 3270 jam
1212 3203 1462 3266 vidimus,
1482 3207 1749 3256 tormenta
1769 3216 1798 3254 a
1818 3212 1998 3255 monte

438 3297 623 3364 Ἀγίου
656 3294 931 3363 Θεοδώρου
956 3310 1050 3364 prr
1078 3292 1268 3346 Pcram
1300 3307 1515 3347 versum
1568 3295 1841 3361 Κυνηγὶου
1872 3309 1994 3360 por-

429 3401 537 3445 tam
568 3406 597 3444 e
621 3394 837 3459 regione
872 3398 1063 3457 portus
1094 3391 1317 3441 trahunt
1358 3396 1411 3441 et
1472 3388 1813 3456 postmodum
1859 3402 2000 3454 pone

431 3492 642 3552 portam
674 3483 731 3536 S.
767 3483 996 3535 ltoiuani
1050 3489 1274 3548 ponunt,
1312 3480 1400 3534 ubi
1429 3494 1618 3532 murus
1659 3477 1895 3548 pessime
1921 3479 1997 3530 la-

431 3575 675 3636 borabat,
697 3575 941 3643 quamvis
973 3572 1180 3626 obsessi
1230 3569 1439 3624 damnis
1475 3570 1639 3622 illatis
1669 3585 1765 3637 pro
1794 3570 1998 3624 viribus

431 3670 641 3724 mederi
665 3670 966 3722 studerent.
1014 3664 1269 3719 Trecenti
1304 3662 1405 3715 viri
1462 3663 1749 3713 maximam
1780 3671 1993 3728 partem

428 3761 815 3829 pyrotechnita:
846 3768 899 3813 et
926 3756 1189 3827 sagittarii
1244 3756 1403 3808 istam
1442 3764 1648 3823 portam
1702 3764 1994 3821 ercupant,

427 3870 615 3910 orunes
638 3851 929 3923 peregrini,
960 3850 1202 3919 exceptis
1232 3847 1457 3913 Greecis,
1485 3861 1719 3916 quorum
1768 3847 1995 3914 pusilla-

425 3952 725 4003 nitnitatem
756 3956 944 3999 auctor
968 3955 1148 3997 noster
1171 3957 1358 3995 severe
1390 3941 1643 4009 castigat.

500 4040 621 4095 Maii
653 4040 734 4094 l5.
762 4038 1180 4092 Tornientorum
1210 4030 1501 4099 irrequieta
1528 4030 1771 4101 explosro
1791 4036 1845 4084 et
1870 4043 1998 4099 par-

430 4135 563 4187 tium
598 4135 723 4186 inde
754 4133 999 4196 laesarum
1034 4127 1220 4181 sedula
1271 4122 1542 4193 reparatio
1571 4138 1585 4188 ;
1627 4132 1879 4176 caeterum
1919 4122 1999 4177 iu-

426 4229 621 4284 ducite.

498 4321 623 4376 Maii
657 4321 737 4374 l6.
774 4316 1074 4371 Turcarum
1117 4314 1325 4380 aliquot
1362 4325 1527 4363 naves
1562 4308 1819 4362 actuariae
1854 4315 1997 4361 cate-

427 4431 508 4470 nze
543 4416 688 4468 circa
723 4418 934 4481 portum
969 4405 1411 4476 appropinquant
1443 4409 1496 4456 et
1524 4401 1870 4453 obsessorum
1901 4414 1998 4454 na-

2099 1930 2217 1965 ncm
2247 1925 2503 1981 prmtcrea
2536 1913 2767 1981 ingentis
2787 1914 2932 1967 illius
2954 1914 3216 1967 machina:
3235 1912 3360 1966 facit
3386 1913 3664 1966 l‘lllOIibr.

2097 2006 2300 2073 lapides
2329 2008 2730 2070 emitteutis,et
2773 2024 2877 2077 qua
2934 2006 3263 2060 inﬂammata
3312 2022 3415 2058 non
3468 2007 3663 2059 muenia

2098 2102 2329 2159 tan'um,
2362 2096 2453 2148 sed
2491 2097 2645 2150 urbis
2678 2102 3047 2163 pavimentum
3087 2111 3147 2149 ac
3178 2111 3344 2149 naves
3401 2098 3452 2148 iu
3510 2108 3667 2163 portu

2097 2188 2579 2240 vehetmeutissime
2601 2188 3069 2241 eoucutiebanlur.

2167 2278 2290 2332 Maii
2316 2278 2404 2331 2|.
2445 2278 2579 2331 Tota
2609 2278 2799 2331 classis
2837 2278 3072 2331 hostium
3109 2277 3200 2330 ditt
3256 2288 3380 2329 ante
3415 2276 3543 2329 solis
3581 2292 3670 2329 or-

2099 2379 2210 2423 tum
2256 2370 2658 2438 aggressionem
2700 2370 2970 2435 minatur;
3007 2378 3290 2439 postquam
3337 2378 3518 2421 autem
3566 2370 3670 2420 ob-

2098 2476 2375 2514 scs>orum
2420 2463 2633 2529 navigia
2669 2463 2734 2515 ad
2768 2462 3115 2532 pugnandum
3152 2470 3334 2530 parata
3377 2462 3519 2513 circa
3556 2475 3669 2514 ma-

2098 2568 2257 2621 gnam
2285 2564 2530 2608 catenam
2556 2554 2839 2619 vidissent,
2870 2553 3003 2608 nihil
3038 2563 3335 2613 tentarunt,
3358 2551 3465 2604 imo
3490 2565 3673 2603 reces-

2099 2655 2308 2698 serunt.

2169 2737 2337 2789 Iidem
2371 2737 2681 2790 cuniculum
2725 2751 2753 2788 a
2780 2734 2974 2790 Turcis
3008 2735 3294 2789 snfl'ossum
3325 2735 3415 2789 ubi
3436 2735 3675 2789 detexis-

2099 2837 2220 2878 sent
2252 2840 2417 2895 pr0pe
2440 2840 2648 2894 portam
2679 2827 3024 2893 Caligariam,
3053 2830 3462 2885 obstruxerunt.
3494 2825 3668 2879 fossu-

2103 2932 2294 2986 rcsque
2332 2919 2696 2973 trucidarunt.
2748 2920 2924 2973 Nihilo
2975 2921 3152 2974 secius
3210 2922 3375 2973 hocce
3416 2919 3499 2972 die
3552 2934 3671 2971 mu-

2101 3027 2198 3065 rus
2232 3022 2286 3065 et
2318 3014 2483 3066 turris
2518 3013 2615 3081 ipsi
2654 3014 2987 3081 propinquus
3021 3012 3308 3065 admodum
3363 3011 3487 3064 hesa
3518 3021 3669 3074 sunt,

2102 3113 2156 3158 ct
2188 3120 2277 3174 qui
2314 3105 2455 3159 intra
2492 3107 2680 3159 urbem
2734 3114 2911 3168 erant,
2973 3103 3239 3157 indefesso
3279 3102 3461 3157 labore
3505 3111 3671 3171 atque

2102 3197 2361 3249 aerumnis
2392 3200 2629 3248 membra
2661 3211 2801 3265 ξρετε]
2852 3195 3141 3249 habebant.

2176 3289 2293 3341 Maii
2325 3288 2417 3341 22.
2442 3288 2739 3343 Cunicnlns
2771 3303 2935 3357 prope
2967 3298 3177 3358 portam
3211 3286 3538 3357 Caligariam
3578 3288 3669 3341 de«

2101 3396 2210 3434 nuo
2239 3382 2553 3434 obstructus
2595 3397 2745 3449 spem
2784 3384 3051 3435 fossorum
3087 3380 3297 3434 fefellit.
3329 3380 3465 3436 Miro
3494 3390 3669 3434 antem

2102 3475 2311 3529 ctelesti
2339 3474 2651 3543 spectaculo
2684 3485 2975 3540 conspecto
2998 3473 3292 3543 (Barbarus
3327 3489 3670 3529 communem

2084 3568 2240 3620 luna:
2275 3567 2505 3633 ellipsim
2541 3567 2860 3633 nuncupat),
2888 3566 3183 3633 Cpolitani,
3210 3569 3502 3635 prophetia:
3529 3569 3674 3622 Con-

2100 3658 2321 3711 stantini
2371 3658 2501 3728 imp.
2533 3672 2830 3725 metueres,
2872 3659 3087 3727 signum
3121 3659 3291 3713 ruina:
3320 3661 3669 3724 imminentis,

2101 3751 2290 3805 'l‘urcaa
2326 3754 2565 3806 victoria:
2607 3754 2801 3819 pignus
2840 3753 3111 3807 viderunt.

2173 3840 2294 3893 Maii
2321 3842 2413 3893 25.
2444 3840 2659 3895 Tertius
2694 3859 2849 3908 porro
2880 3844 3166 3894 cuniculus
3190 3859 3361 3913 prope
3386 3845 3671 3913 Caligaria:

2102 3943 2309 4000 portam
2340 3942 2391 3984 et
2420 3932 2675 4000 palatium
2703 3935 3047 4001 imperatoris
3081 3934 3333 3987 inventus
3369 3952 3534 3989 causa
3567 3936 3671 3989 fuit

2101 4039 2198 4077 Cur
2224 4024 2594 4077 machinarum
2632 4024 2947 4077 bellicarum
2976 4025 3211 4079 artifices
3250 4026 3457 4092 aliquot
3506 4043 3669 4080 tnamt

2106 4126 2471 4183 caperentur;
2505 4117 2593 4183 qui
2626 4126 2909 4185 postquam
2940 4116 3076 4184 jussi
3115 4116 3377 4169 dixissent
3410 4117 3496 4170 ubi
3533 4120 3668 4172 Ioco-

2104 4222 2220 4259 rum
2247 4207 2335 4259 alii
2362 4209 2595 4261 cuniculi
2622 4210 2808 4261 structi
2844 4217 3053 4271 csseut,
3082 4208 3341 4262 ahscissis
3398 4210 3672 4279 capitibus

2102 4317 2197 4370 per
2232 4317 2416 4355 muros
2451 4301 2503 4355 in
2526 4300 2831 4354 Turcarum
2870 4310 3048 4354 castra
3071 4301 3259 4370 deiecti
3284 4312 3429 4355 sum.
3459 4332 3527 4342 —
3558 4304 3673 4358 Hoc

2102 4396 2290 4448 eodem
2340 4394 2424 4447 die
2468 4392 2623 4447 navis
2650 4394 2912 4458 actuaria,
2942 4402 3132 4461 quarto
3164 4393 3281 4470 ejus
3317 4397 3518 4448 mensis
3559 4396 3672 4461 die,

426 4527 519 4566 ves
546 4508 863 4562 adoriuntur
891 4521 905 4567 ;
943 4500 1122 4555 subito
1162 4507 1341 4552 autem
1373 4505 1515 4549 metu
1555 4509 1621 4547 ne
1665 4493 1997 4561 repellantur
2031 4504 2071 4558 ι)
2103 4486 2168 4539 ad
2188 4486 2535 4553 quaerendam
2558 4484 2889 4538 Venetorum
2919 4485 3147 4537 classem
3183 4486 3235 4537 in
3255 4484 3672 4556 Archipelagum

425 4600 598 4664 inviti,
631 4610 775 4650 retro
815 4594 1036 4647 abeunt.
1076 4587 1321 4642 Cuniculi
1354 4601 1384 4639 a
1413 4585 1605 4639 Turcis
1645 4584 1825 4640 effossi
1848 4585 1992 4637 circa

423 4701 630 4759 portam
648 4689 852 4756 Kaligat
867 4686 973 4739 iam
988 4699 1015 4736 a
1033 4681 1225 4749 Magno
1244 4682 1379 4734 duce
1401 4680 1594 4734 detecti
1615 4676 1992 4743 frustratique.

496 4784 612 4839 Maii
666 4783 753 4835 Π.
799 4779 1049 4845 Quinque
1106 4773 1408 4828 Turcarum
1459 4788 1623 4826 naves
1675 4769 1994 4838 explorandi

418 4891 549 4939 ergo
603 4875 670 4927 ad
726 4881 970 4925 catenam
1032 4881 1206 4935 usque
1258 4874 1448 4933 portus
1512 4861 1834 4930 procedunt.
1900 4860 1995 4914 sed

418 4968 488 5020 70
518 4965 715 5020 ictibus
752 4963 924 5030 iisque
960 4962 1127 5014 irritts
1158 4958 1372 5025 excepti
1405 4971 1510 5026 qua
1564 4954 1797 5005 maxima
1835 4960 1993 5021 pote-

421 5068 545 5114 rant
599 5057 880 5111 celeritate
933 5053 1233 5123 aufugiunt.
1279 5049 1349 5103 At
1391 5062 1578 5102 omnes
1629 5052 1879 5099 metuunt
1930 5058 1997 5097 ne

420 5152 597 5207 hostis
620 5150 746 5205 totis
764 5150 969 5203 viribus
989 5148 1176 5201 urbem
1202 5144 1503 5203 adoriatur,
1520 5139 1608 5194 cui
1635 5138 1816 5193 resisti
1837 5151 1998 5206 posse

419 5260 610 5300 omnes
639 5244 1019 5312 desperabatit.

490 5337 612 5392 Maii
645 5337 732 5390 l8.
762 5336 953 5388 'l‘urcae
975 5351 1069 5402 per
1103 5334 1277 5387 noctis
1309 5329 1540 5403 spatium
1568 5326 1850 5383 machinas
1878 5324 1999 5382 illas

421 5430 666 5492 turritas,
697 5444 723 5480 a
752 5426 994 5479 Barbare
1022 5438 1239 5492 quoque
1269 5435 1456 5477 nostro
1478 5437 1598 5476 cum
1637 5417 1997 5474 admiratione

421 5531 773 5583 memoratas,
798 5517 1094 5572 conficiunt
1122 5533 1137 5581 ;
1164 5532 1264 5570 nec
1290 5517 1424 5571 Satis
1453 5515 1637 5568 mirari
1660 5517 1835 5583 potuit
1858 5511 1998 5565 Tur-

422 5628 515 5669 cas
542 5614 595 5667 id
627 5624 861 5681 quatuor
903 5610 1051 5661 horis
1082 5608 1384 5662 confecisse
1421 5609 1563 5674 quod
1597 5620 1787 5660 omnes
1837 5605 1998 5659 Citri-

422 5702 798 5772 stianiCpoliu
850 5698 1566 5756 habitantestotiusmensis
1589 5697 1762 5764 spatio
1820 5696 1997 5749 fact-re

426 5797 817 5868 nequivissent.
848 5798 920 5852 De
979 5810 1185 5850 summa
1235 5794 1333 5847 hac
1389 5806 1510 5848 arce
1544 5786 1996 5847 Turczeitumane

2107 4579 2295 4641 mis-sn,
2326 4575 2677 4629 ancicarmn
2712 4579 2929 4629 navium
2976 4576 3198 4628 insidias
3229 4576 3411 4644 elapsa
3459 4578 3511 4630 in
3551 4593 3676 4648 por-

2106 4681 2215 4723 tuin
2254 4672 2563 4723 revertitur.
2598 4699 2668 4708 —
2699 4668 2841 4724 Urbs
2881 4679 3139 4723 continuo
3173 4678 3565 4724 tormentorum
3599 4671 3676 4725 la-

2104 4763 2233 4817 bore
2272 4762 2581 4815 infestatur.

2173 4856 2296 4909 Maii
2331 4856 2424 4909 2t.
2461 4858 2695 4920 Quartus
2733 4873 2891 4926 quem
2929 4858 3105 4911 denuo
3166 4873 3332 4925 prope
3390 4858 3675 4927 Caligaria:

2102 4953 2421 5004 delexerunt
2452 4962 2657 5019 portam
2716 4949 3001 5003 cuniculus
3053 4964 3271 5003 murum
3308 4951 3449 5003 haud
3483 4967 3672 5019 parum

2101 5041 2261 5094 laesit.
2306 5041 2479 5095 Ferox
2509 5044 2630 5095 inde
2659 5058 2687 5094 a
2723 5039 3018 5093 Turcarum
3045 5043 3241 5093 castris
3263 5042 3469 5095 clamor
3502 5056 3563 5092 ac
3592 5052 3676 5106 Ju-

2107 5134 2298 5187 hilatio
2331 5146 2547 5204 propter
2587 5149 2820 5204 pugnam
2855 5133 3172 5186 alcatoriam
3217 5134 3440 5204 jamjani
3474 5133 3674 5183 instau'

2102 5237 2231 5279 lcttl.
2272 5226 2502 5280 Ultimus
2537 5227 2819 5280 cuniculus
2847 5242 3015 5296 prope
3043 5243 3205 5297 supra
3236 5226 3437 5279 dictam
3462 5233 3669 5290 portam

2104 5329 2350 5385 repertus
2380 5319 2430 5371 iu
2462 5320 2593 5371 urbe
2624 5318 2860 5373 inclusos
2890 5320 3123 5371 maxime
3140 5315 3431 5371 terrefecit.
3472 5342 3527 5353 —
3564 5312 3673 5367 Ma-

2101 5414 2275 5465 china:
2304 5412 2507 5465 bellicae
2553 5415 2727 5481 ignem
2761 5428 2822 5465 ac
2854 5413 3062 5481 lapides
3097 5412 3146 5460 in
3188 5409 3379 5460 urbem
3418 5410 3671 5463 emittere

2101 5520 2209 5558 non
2240 5514 2474 5558 CCSSBIll.

2179 5598 2303 5652 Maii
2328 5598 2419 5652 26.
2449 5600 2601 5668 Ignes
2637 5597 2761 5652 festi
2818 5595 2927 5648 late
2961 5605 3207 5663 patentes
3237 5602 3285 5647 et
3324 5593 3576 5661 jubilatio
3614 5594 3669 5648 in

2102 5691 2399 5745 Turcarum
2427 5692 2620 5744 castris
2641 5696 2857 5758 prepter
2881 5688 3063 5742 urbem
3084 5685 3334 5757 proximo
3353 5686 3439 5740 die
3467 5686 3514 5739 vi
3543 5688 3673 5740 ado-

2107 5782 2372 5838 riendani.
2406 5779 2671 5850 Cpolitaui
2705 5778 2986 5850 liciparam
3021 5778 3268 5851 precibus
3299 5792 3361 5834 ac
3390 5777 3671 5847 suppliciis
