4066 6188
476 318 614 379 10Ἱὸ

1101 316 1405 377 NItZULAI
1444 316 1785 374 BARBABI
1830 314 2172 375 PATRlCll
2217 316 2501 377 VENETI
2539 314 3120 377 EPHEMERIDES.

3577 314 3720 375 1075

468 431 672 482 adeunt
701 436 760 482 ut
794 442 821 478 a
856 429 1134 496 gentilium
1162 427 1348 481 furore
1372 428 1757 482 liberarentur.
1786 457 1848 467 —
1885 426 2039 482 0mi-
2069 453 2116 501 Α
2145 428 2219 483 illi
2248 429 2425 483 scalas
2472 430 2641 484 muris
2677 430 2967 483 admovere
3012 436 3293 495 conantes,
3332 430 3530 500 ingenti
3584 446 3716 485 cum

475 536 603 574 nosa
635 519 917 585 trepidatio
947 520 1000 572 in
1033 520 1261 573 navibus
1291 519 1557 573 Τυτιιὶίτίε.

538 613 607 667 27
630 613 776 667 Maii.
802 611 1016 665 Domin.
1038 609 1259 666 Postera
1290 627 1505 680 quoque
1536 626 1637 666 nox
1666 610 1815 667 festis
1837 611 2043 665 Turca-

466 715 590 755 rum
635 701 935 755 illustratur
986 701 1221 767 ignibus.
1256 700 1531 756 Clamores
1562 702 1754 755 sublati
1788 702 2044 756 obsesso-

469 811 586 848 rum
613 809 772 848 aures
794 795 1135 863 obstrepunt,
1158 795 1222 847 ad
1246 795 1388 848 Asia:
1412 810 1582 863 usque
1604 795 1782 848 littora
1809 794 2037 862 profusi.

467 887 708 956 Ingentia
746 886 883 941 muri
915 885 1144 941 labentis
1179 890 1371 940 rudera
1423 902 1546 940 cum
1600 887 1814 957 fragore
1865 888 2042 956 proci-

466 980 620 1036 dunt.
651 977 739 1030 cui
782 976 858 1032 rei
886 977 1083 1030 mederi
1118 978 1382 1046 Cpolitani
1432 978 1485 1032 in
1517 994 1714 1033 vanum
1748 987 2034 1033 conantur.

541 1068 660 1120 Maii
688 1069 777 1123 28.
815 1070 1073 1124 Sullanus
1104 1070 1171 1122 ad
1205 1070 1444 1139 tympani
1486 1086 1679 1125 sonum
1731 1086 1825 1138 per
1859 1079 2038 1123 castra

464 1160 601 1213 edici
640 1161 792 1229 jubet
824 1171 882 1215 ut
910 1177 1009 1215 suo
1038 1163 1268 1230 quisque
1324 1164 1446 1215 loco
1494 1172 1757 1226 maneret,
1811 1171 2036 1215 mortem

469 1253 707 1305 minatus
756 1252 804 1305 ei
851 1253 941 1322 qtti
995 1254 1151 1307 aliter
1188 1252 1397 1317 fecerit,
1442 1256 1511 1309 ob
1569 1256 1757 1308 urbem
1816 1264 2033 1321 postero

464 1360 626 1397 mane
679 1345 933 1400 omnibus
996 1346 1206 1401 viribus
1264 1347 1636 1415 premendam.
1685 1346 1805 1401 Jam
1868 1347 2035 1415 igitur

464 1437 604 1490 2000
639 1436 799 1491 scalae
854 1437 1234 1492 admoventur.
1272 1436 1328 1492 In
1373 1438 1677 1494 Turcarnm
1731 1439 1925 1493 castris
1948 1438 2035 1491 alii

462 1528 598 1579 alios
625 1530 816 1596 praeire
844 1528 1251 1596 exspectatione
1294 1527 1633 1582 inﬂammant
1663 1547 1676 1582 :
1712 1528 1909 1598 quippe
1933 1525 2026 1595 qui

466 1630 545 1672 tot
577 1619 884 1673 Christiana
912 1622 1178 1688 mancipia
1213 1620 1532 1690 prebensuri
1562 1621 1671 1674 sint
1714 1628 1771 1673 ut
1804 1633 1909 1672 uno
1942 1632 2037 1669 att-

463 1725 555 1767 reo
579 1713 685 1767 duo
705 1714 815 1767 sint
834 1713 1096 1768 habituri.
1120 1712 1431 1769 Graecorum
1456 1713 1654 1768 barbas
1680 1713 1890 1782 laqueis
1915 1722 2038 1767 tor-

2148 522 2348 575 dantnu
2388 521 2745 590 repelluntur,
2769 522 2861 576 sed
2895 523 2963 575 ab
2985 522 3395 591 insequentibus
3429 534 3572 576 tanta
3600 526 3720 577 vio-

2146 612 2310 667 lentia
2342 612 2405 665 ad
2454 628 2635 666 muros
2664 613 2977 681 adiguntur,
3013 622 3072 665 ut
3106 630 3213 667 uno
3242 613 3323 666 vel
3354 615 3522 667 altero
3556 616 3717 667 modo

2149 705 2483 772 pereundum
2529 705 2661 775 ipsis
2707 717 2872 759 esset.
2912 705 2980 760 Ut
3007 704 3286 759 Barbarus
3318 718 3520 768 mouet,
3549 706 3720 761 sulta-

2147 812 2247 848 nus
2279 780 2616 850 Christianos
2652 797 2783 850 istos
2815 806 3100 866 prupterea
3143 796 3195 850 iu
3226 798 3398 865 prima
3428 798 3544 853 acie
3588 814 3720 853 con-

2144 886 2398 942 stitucrat
2454 898 2512 943 ut
2556 889 2872 944 certissime
2896 890 3050 942 morti
3087 903 3513 957 eXpOnerentur.
3565 890 3708 944 Tur-

2145 995 2329 1033 carum
2358 990 2535 1033 autem
2564 982 2685 1034 vitae
2712 991 2982 1050 parceret,
3014 991 3067 1035 et
3100 990 3155 1034 ιιι
3177 995 3272 1050 per
3300 996 3485 1034 eorum
3530 981 3613 1035 vel
3640 982 3718 1034 ir-

2146 1070 2304 1122 ritam
2366 1070 2773 1135 aggressionem
2826 1070 3133 1125 defensores
3165 1072 3316 1124 urbis
3349 1069 3632 1139 fatigaret;
3661 1073 3715 1124 id

2144 1160 2285 1228 quod
2320 1175 2376 1213 re
2407 1161 2518 1227 ipsa
2556 1163 2742 1214 evenit
2766 1163 3018 1215 secunda:
3046 1162 3182 1216 aciei
3215 1163 3562 1231 processione
3589 1163 3716 1217 licet

2145 1266 2172 1302 a
2214 1251 2513 1319 sagittariis
2541 1261 2596 1306 et
2631 1253 3025 1307 botnbardariis
3058 1253 3211 1308 urbis
3246 1253 3415 1308 multo
3437 1270 3556 1307 cum
3583 1271 3719 1308 san-

2143 1343 2305 1412 guine
2338 1344 2652 1413 repellatur.
2691 1344 2893 1400 Deinde
2930 1346 3091 1400 tertia
3143 1346 3343 1402 sultani
3375 1349 3517 1403 acies
3556 1350 3717 1403 novis

2142 1435 2345 1490 viribus
2374 1444 2429 1490 et
2460 1452 2579 1490 cum
2603 1438 2838 1491 clamore
2866 1437 3022 1508 longe
3057 1438 3268 1508 lateque
3295 1441 3504 1504 audito,
3531 1440 3713 1509 janis-

2142 1530 2268 1582 sarii
2309 1539 2362 1581 et
2391 1531 2555 1584 robur
2586 1533 2859 1584 exercitus
2889 1530 3103 1585 leonum
3134 1530 3305 1585 instar
3331 1543 3717 1601 prorumpunt.

2142 1614 2256 1669 Non
2307 1618 2646 1673 obstantibus
2716 1621 3077 1677 multitudinis
3132 1622 3370 1688 ntbattze,
3416 1625 3717 1691 praesertim

2144 1710 2450 1777 mulierum,
2474 1712 2723 1780 precibus
2759 1728 2823 1767 ac
2855 1713 3353 1779 lamentationibus,
3386 1694 3720 1784 et'quamvis

458 1806 694 1873 quendis
754 1820 813 1859 se
869 1806 1211 1860 adhibituros
1238 1820 1359 1861 esse
1391 1806 1739 1874 jocabantur,
1772 1806 1912 1860 unde
1946 1822 2036 1861 ca-
2070 1789 2111 1844 Β
2140 1813 2571 1869 propugnatores
2596 1803 2645 1855 in
2674 1818 2855 1857 muros
2876 1794 3166 1858 fortissime
3186 1814 3479 1871 certarent,
3501 1807 3717 1860 oriente

462 1912 561 1951 nes
580 1912 707 1950 suos
724 1897 1033 1965 alligarent.
1049 1926 1120 1937 -—
1146 1896 1408 1952 Machina:
1426 1911 1671 1951 extremo
1688 1898 1881 1951 ardore
1908 1899 2038 1967 lapi-

462 1987 559 2039 des
596 1997 876 2040 evomunt.
897 1987 1169 2042 Barbarus
1191 1985 1507 2041 Graecorum
1528 1988 1808 2041 avnritiam
1830 2003 1892 2042 ac
1918 2004 2039 2057 per-

466 2081 778 2135 versitatem
807 2090 1031 2135 strenuo
1076 2082 1378 2148 vituperat.
1417 2079 1533 2134 Non
1570 2080 1717 2134 enim
1774 2081 1877 2134 nisi
1912 2082 2037 2135 data

464 2172 963 2239 pecuniaauxilium
990 2172 1351 2226 vendiderunt
1372 2188 1544 2240 eaque
1567 2188 1626 2224 re
1647 2172 1767 2226 urbi
1800 2173 2037 2226 immane

460 2273 725 2330 quantum
750 2264 931 2316 damni
978 2263 1291 2317 intulerunt.
1329 2290 1400 2302 —
1429 2263 1664 2317 lubente
1721 2264 1846 2317 dein
1894 2279 2034 2333 pra:-

464 2355 631 2415 l'ccto,
678 2351 874 2407 Veneti
912 2354 976 2406 ad
1008 2369 1222 2407 murum
1257 2353 1571 2408 interiorem
1622 2355 1928 2408 consistunt
1980 2365 2036 2408 nt

461 2445 567 2513 (sic
594 2445 736 2497 enitn
765 2444 1048 2512 praefectus
1079 2461 1263 2498 eorum
1299 2446 1573 2513 monebat)
1608 2460 1702 2511 per
1730 2443 1895 2498 Deum
1934 2444 2035 2497 im-

467 2532 778 2599 mortalem,
807 2543 965 2588 terra:
990 2533 1220 2588 salutem
1252 2543 1305 2587 et
1332 2534 1575 2587 Omnium
1598 2534 2031 2588 Christianorum

465 2626 723 2678 honorem
750 2624 1006 2679 vivantet
1024 2626 1349 2678 moriantur.
1379 2656 1444 2666 —
1474 2624 1583 2678 Nec
1608 2626 1786 2677 minus
1809 2625 2033 2679 classia-

465 2716 532 2769 rii
562 2717 705 2770 circa
739 2731 986 2785 magnam
1018 2726 1204 2784 portus
1231 2726 1480 2769 catenam
1515 2715 1580 2767 ad
1602 2730 1833 2782 pugnam
1864 2730 1922 2767 se
1941 2729 2031 2769 ac-

459 2811 708 2876 cingunt.
732 2837 802 2846 ——
831 2806 1046 2861 lutcrim
1103 2806 1346 2860 sultanus
1391 2822 1513 2860 cum
1568 2805 1741 2860 10000
1774 2806 2034 2860 militibus

460 2903 531 2956 ad
571 2901 800 2955 classem
832 2900 1150 2970 provehitur
1192 2906 1246 2951 et
1282 2909 1565 2968 postquam
1607 2914 1727 2952 cum
1762 2899 2032 2952 navarcho

461 3003 519 3048 ct
549 2994 756 3048 taeter-is
789 2991 1148 3059 pulemarcbis
1180 2990 1395 3044 Baccho
1426 2990 1731 3058 largissime
1762 2990 1826 3042 ad
1854 2989 2032 3044 ebrie-

464 3094 625 3136 tatem
662 3099 832 3152 usquc
856 3082 1193 3150 indulsisset,
1226 3082 1277 3133 in
1303 3090 1482 3134 castra
1508 3082 1901 3137 revertitur.—-
1932 3079 2032 3133 Per

462 3183 632 3228 totum
659 3174 817 3226 istum
844 3172 983 3226 diem
1008 3188 1172 3242 grave
1203 3171 1493 3226 Turcicum
1542 3180 1855 3241 tympanum
1885 3187 2031 3225 reso-

466 3276 562 3320 nat
591 3276 646 3319 et
677 3282 783 3320 nox
811 3264 1104 3334 insequens
1133 3263 1283 3321 festis
1312 3264 1525 3335 ignlbus
1557 3266 1790 3320 maxime
1817 3264 2033 3334 conspi—

460 3374 561 3412 cua
590 3368 675 3413 est
701 3368 756 3413 et
782 3358 1107 3412 clamoribus
1134 3358 1228 3427 qui
1269 3359 1479 3411 auctori
1503 3368 1694 3413 nostro
1726 3372 1792 3412 ex
1822 3357 2031 3411 imoitt-

463 3453 616 3505 l'erno
648 3451 834 3505 venire
866 3451 1138 3515 videntur,
1169 3462 1422 3514 resonat;
1456 3459 1510 3502 et
1541 3450 1667 3503 dum
1723 3450 1913 3504 Turcrc
1940 3449 2031 3503 diu

460 3555 734 3615 ncetuque
756 3543 1127 3599 Mohamedem
1152 3542 1405 3612 precibus
1429 3558 1526 3612 pro
1548 3542 1838 3597 obtinenda
1869 3543 2035 3597 victo-

462 3637 537 3689 ria
562 3637 847 3705 praedaque
886 3633 1131 3705 fatigant,
1177 3634 1469 3688 Christiani
1503 3642 1631 3687 ante
1665 3631 1947 3701 Deiparam
1979 3640 2034 3687 et

457 3743 648 3780 omnes
696 3736 912 3781 sanctos
948 3725 1218 3795 provoluti
1253 3741 1375 3779 cum
1430 3726 1630 3794 gemitu
1672 3739 1735 3778 ac
1773 3724 2030 3794 lacrytnis

460 3817 837 3873 Lberationem
874 3832 902 3872 e
931 3817 1182 3872 manibus
1216 3817 1499 3888 gentilium
1535 3818 1779 3886 impense
1824 3814 2031 3885 eillagi-

460 3922 597 3967 tant.
628 3911 757 3964 Atat
791 3908 931 3965 Deus
962 3910 1222 3966 Dominus
1248 3922 1430 3966 noster
1473 3909 1875 3981 pro'voluntate
1934 3923 2030 3961 sua

456 4003 779 4059 inexorabili
813 4003 1053 4058 decrevit
1087 4014 1147 4058 ut
1180 4019 1244 4059 eo
1273 4005 1390 4073 ipso
1414 4004 1500 4058 die
1527 4014 1693 4074 caput
1715 4003 2026 4058 Graecorum

455 4100 510 4150 iu
542 4111 731 4149 manus
764 4094 1087 4149 Mobametis
1113 4097 1324 4150 veniret
1360 4095 1429 4163 (et
1478 4106 1655 4151 nostra
1691 4095 1885 4165 Signar
1928 4097 2028 4150 Dio

450 4197 520 4245 de
566 4194 617 4245 fa
649 4208 805 4258 περι-α
838 4191 1098 4244 sententia
1128 4201 1311 4243 contra
1340 4188 1543 4253 Griexi,
1578 4193 1668 4244 cite
1695 4192 1743 4243 el
1775 4190 1909 4244 volsa
1939 4192 2031 4244 clte

449 4295 638 4354 questa
667 4284 794 4337 siuti
823 4283 1049 4337 nudasse
1078 4284 1129 4336 in
1167 4297 1345 4353 questa
1378 4300 1541 4337 zorno
1578 4286 1631 4336 in
1665 4300 1787 4337 man
1816 4286 1878 4336 de
1907 4282 2029 4335 illa-

450 4379 666 4446 comet).

2142 1892 2253 1946 sole
2284 1891 2472 1946 Turcae
2507 1894 2723 1963 pulvere
2758 1909 2788 1949 e
2839 1904 3108 1950 tormento
3144 1895 3232 1949 illo
3267 1896 3503 1950 maximo
3534 1897 3717 1951 emata

2141 1985 2339 2041 obtecti
2373 1987 2596 2039 trecenti
2626 1986 2799 2055 primo
2832 2002 3017 2041 muros
3056 1988 3380 2056 transgressi
3428 2000 3570 2043 sunt.
3606 1990 3713 2043 Sel

2139 2085 2426 2145 postquam
2468 2086 2521 2128 et
2554 2077 2608 2130 hi
2660 2077 2761 2146 ipsi
2816 2076 3099 2131 audaciam
3162 2088 3335 2132 morte
3376 2081 3713 2146 exliiassent,

2140 2167 2391 2236 idemque
2438 2178 2769 2239 stratagema
2819 2182 3129 2222 renovatum
3166 2168 3386 2228 fuisset.
3433 2183 3709 2239 postremo

2139 2262 2203 2313 ad
2236 2259 2411 2316 50000
2442 2261 2638 2315 milites
2666 2277 2760 2332 per
2790 2260 3047 2330 disjectas
3082 2261 3226 2316 circa
3254 2260 3310 2317 S.
3338 2260 3565 2316 Romani
3589 2280 3713 2330 por-

2142 2363 2245 2406 tam
2280 2353 2420 2407 tnuri
2474 2363 2657 2421 partes
2681 2370 2802 2408 cum
2838 2355 3069 2423 impetu,
3096 2355 3272 2424 qualis
3304 2356 3539 2409 ferarum
3588 2371 3715 2407 esse

2138 2448 2297 2511 solet,
2330 2446 2384 2498 in
2429 2446 2619 2499 urbem
2647 2446 2981 2514 irruperunt.
3024 2444 3124 2498 Tot
3148 2460 3276 2498 vero
3308 2445 3360 2497 in
3416 2462 3478 2497 ea
3531 2456 3715 2512 strage

2138 2534 2325 2590 Turcae
2375 2535 2725 2598 ceciderunt,
2756 2545 2833 2601 ιιι,
2875 2538 2920 2590 si
2974 2534 3213 2589 Barbaro
3265 2536 3420 2601 fides,
3443 2536 3511 2589 40
3543 2552 3709 2590 naves

2136 2627 2398 2681 onerariae
2425 2627 2775 2682 cadaveribus
2804 2627 3237 2695 transportandis
3255 2629 3337 2681 vix
3372 2629 3708 2682 snll‘ceerint.

2136 2714 2278 2770 Idem
2313 2716 2480 2770 refert
2538 2726 2797 2787 praterea
2836 2715 3201 2771 Iustinianum
3255 2700 3592 2772 vulneratum
3630 2731 3711 2780 et,

2136 2808 2342 2861 Turcas
2380 2809 2491 2878 jam
2524 2808 2656 2862 urbe
2694 2809 2850 2878 potiri
2880 2809 3228 2873 clamantem,
3278 2810 3413 2876 fngre
3452 2810 3708 2863 omnibus

2135 2914 2354 2952 causam
2402 2900 2694 2954 exstitisse.
2732 2899 2789 2953 in
2824 2903 2955 2955 urbe
3006 2901 3054 2953 vi
3110 2910 3265 2970 capta
3310 2899 3499 2954 Turcaa
3559 2902 3711 2954 nulla

2135 2994 2310 3045 aetatis
2342 3008 2614 3062 sexusque
2647 2993 2853 3048 ratione
2883 2993 3068 3047 habita
3105 2993 3417 3062 sanguinem
3451 2993 3704 3057 fundunt,

2058 3124 2103 3184 α
2137 3088 2306 3141 donec
2340 3087 2597 3151 inermes,
2630 3088 2772 3142 inter
2799 3104 2936 3157 quos
2971 3098 3308 3140 mercatores
3342 3087 3575 3143 Venetos
3610 3087 3706 3155 qui

2137 3181 2190 3232 in
2229 3180 2384 3234 ccllis
2418 3194 2475 3234 se
2517 3180 2861 3246 abdiderant,
2889 3179 3064 3249 pretio
3116 3179 3351 3235 vendere
3389 3180 3559 3234 Satius
3587 3194 3713 3234 esse

2132 3270 2445 3339 judicarint.
2494 3270 2680 3325 Sancti
2724 3270 2885 3325 Marci
2941 3279 2994 3325 et
3033 3271 3378 3341 imperatoris
3423 3271 3629 3324 vexillis
3674 3284 3708 3323 ο

2140 3359 2374 3415 ιοίι-ἱιιιις
2442 3362 2666 3431 direptis
2725 3363 3100 3429 imperatoris,
3135 3363 3483 3417 substituitur
3547 3361 3698 3414 canis

2137 3452 2351 3508 Turcici
2407 3464 2463 3508 ut
2503 3466 2841 3524 ntmtrnpant.
2875 3455 3034 3511 Urbis
3067 3457 3252 3522 itaque
3302 3452 3698 3524 expugnatione

2136 3548 2352 3609 eugnita
2392 3548 2702 3617 quicunque
2742 3548 2807 3602 70
2863 3565 3022 3603 naves
3064 3549 3116 3601 in
3165 3560 3325 3618 portu
3369 3547 3620 3599 tenebant
3647 3554 3706 3597 et

2137 3654 2329 3706 magna
2362 3640 2554 3694 classis
2590 3656 2684 3708 per
2720 3638 3127 3707 Hellespontum
3172 3637 3365 3701 adfuit,
3424 3652 3490 3691 ne
3521 3633 3705 3706 przt‘da

2138 3732 2337 3799 ingenti
2370 3730 2786 3794 frustrarentur,
2823 3746 2940 3798 qua:
2974 3747 3039 3784 eo
3091 3732 3209 3799 ipso
3246 3737 3522 3783 momento
3564 3739 3704 3782 tem-

2136 3825 2283 3894 p0ris
2320 3823 2546 3895 navigiis
2575 3824 2779 3892 imponi
2817 3833 2993 3891 empta
3024 3835 3161 3877 erat.
3199 3822 3389 3877 Refert
3430 3822 3703 3873 Barbaros

2135 3920 2278 3984 quod
2326 3916 2516 3970 Turcaa
2570 3916 2718 3971 omni
2767 3917 2973 3978 domui,
3007 3915 3357 3977 monasterio,
3391 3912 3706 3967 ecclesiam:

2132 4027 2291 4080 quam
2334 4011 2555 4079 ingressi
2602 4017 2777 4073 erant,
2809 4008 3113 4062 vexillolum
3163 4006 3508 4076 prmfixcrunt
3560 4005 3708 4070 quod

2133 4118 2227 4158 eos
2258 4104 2345 4169 qui
2388 4101 2659 4170 prwdandi
2721 4117 2883 4156 causa
2912 4101 3388 4168 subsequebantur
3439 4097 3509 4149 ab
3562 4095 3706 4148 ulte-

2134 4199 2243 4251 rius
2279 4196 2618 4263 procedendo
2660 4195 2944 4248 avocabat.
2992 4191 3122 4247 Plus
3163 4189 3378 4246 200000
3431 4187 3707 4258 ejusmodi

2131 4287 2425 4356 signaculis
2443 4302 2538 4356 per
2559 4296 2723 4339 lotam
2751 4285 2933 4339 urbem
2958 4284 3112 4337 allisa
3136 4282 3302 4336 fuisse
3333 4280 3603 4343 videntur,
3629 4281 3710 4332 si-

2130 4381 2348 4448 quidem
2372 4394 2560 4448 magna
2586 4393 2711 4447 pars
2738 4377 2992 4431 domuum
3022 4377 3206 4430 decem
3234 4373 3502 4439 ejusmodi
3532 4371 3706 4439 signis

526 4470 652 4525 Maii
677 4472 767 4526 29.
794 4470 1065 4525 Barbarus
1081 4468 1333 4538 antiquas
1358 4469 1423 4524 de
1451 4471 1664 4525 excidio
1685 4471 2022 4540 regniGra'ci
2062 4482 2105 4538 ῐ)
2136 4469 2391 4523 decorata
2424 4477 2563 4522 erat.
2603 4468 3034 4523 Christianorum
3067 4466 3261 4521 deinde
3296 4473 3511 4532 strages
3553 4471 3701 4515 tanta

453 4563 766 4631 prophetias
792 4569 1138 4622 rememorat,
1156 4575 1385 4628 quarum
1406 4560 1716 4629 adimpletio
1735 4563 2026 4616 secundum

455 4654 684 4722 plurima
707 4654 907 4706 indicia
940 4652 1064 4706 huic
1097 4651 1197 4721 ipsi
1237 4650 1342 4706 diei
1375 4662 1647 4705 reservata
1679 4651 1861 4706 fuerit.
1892 4652 2028 4706 Ter.

455 4749 528 4800 tia
555 4758 680 4801 ante
720 4748 852 4801 solis
886 4757 1071 4800 ortum
1106 4748 1234 4799 hora
1267 4744 1510 4799 sultanus
1535 4746 1706 4799 trinos
1725 4746 2022 4811 exercitus,

452 4855 683 4909 quorum
718 4838 1086 4907 unusquisque
1125 4836 1300 4892 50000
1343 4848 1579 4892 armatos
1633 4836 1884 4903 haberet,
1938 4854 2028 4891 ur-

456 4934 580 4988 bem
614 4944 801 4983 versus
835 4929 1128 4999 procedere
1146 4928 1319 4997 jubet.
1359 4927 1534 4981 Prima
1573 4928 1794 4997 quidem
1826 4930 2028 4984 cohors

452 5023 783 5079 Christianis
821 5022 1107 5076 constabat
1140 5036 1277 5091 quos
1312 5019 1504 5075 Turca:
1535 5023 1600 5074 ad
1634 5038 1823 5090 pugna:
1847 5022 2025 5077 socie-

453 5125 618 5171 tatem
655 5119 985 5181 coegerant;
1018 5111 1257 5166 sccunda
1294 5113 1448 5168 turba
1478 5111 1681 5166 imbelli
1714 5112 1883 5182 (zeute
1926 5129 2028 5167 me-

452 5209 618 5273 ntula,
648 5205 738 5259 zoé
770 5202 964 5258 vilanie
1000 5205 1076 5257 tal
1126 5203 1398 5275 sentat'a);
1436 5204 1592 5258 tet-tia
1645 5216 1824 5258 autem
1857 5205 2030 5273 janis-

451 5301 612 5355 sariis
631 5313 686 5354 et
701 5300 974 5356 exercitus
1001 5298 1195 5353 robore
1219 5300 1519 5368 composita
1546 5307 1664 5351 erat
1690 5316 1705 5366 ;
1739 5310 1859 5367 post
1888 5315 2029 5370 quos

454 5397 670 5450 tandem
695 5395 942 5449 sultanus
973 5394 1148 5447 locum
1182 5406 1339 5445 suum
1376 5393 1698 5462 occupabat.
1735 5393 1811 5446 Ae
1868 5393 2025 5461 primi

526 5532 601 5603 (l)
638 5551 655 5583 ι
693 5532 765 5585 De
793 5531 1267 5603 l‘impcradorrmai
1298 5544 1402 5583 non
1432 5546 1489 5585 se
1514 5531 1635 5598 pote
1656 5545 1816 5603 saver
1840 5531 2025 5603 novela

453 5605 506 5655 di
539 5605 655 5654 fatt't
689 5604 789 5665 soi,
823 5604 877 5656 ni
928 5619 1071 5665 vivo,
1109 5602 1162 5656 ni
1196 5613 1372 5655 murto
1400 5618 1414 5666 ;
1454 5618 1533 5654 ma
1562 5602 1742 5666 alguni
1779 5604 1901 5655 dixe
1928 5602 2027 5655 che

450 5674 503 5725 el
532 5672 589 5725 fu
618 5674 756 5726 visto
798 5674 850 5725 in
879 5674 959 5726 ncl
990 5687 1213 5726 numero
1238 5673 1288 5724 di
1325 5671 1473 5735 corpi
1509 5671 1665 5723 murti
1694 5686 1708 5731 ;
1742 5671 1791 5723 el
1820 5674 1945 5737 qual
1974 5676 2026 5723 l‘o

452 5744 588 5807 dito,
612 5743 708 5797 che
735 5742 859 5798 clsc
890 5744 1073 5812 Sunga
1126 5741 1176 5795 al
1209 5741 1349 5798 intra
1384 5741 1481 5797 che
1508 5740 1627 5797 fcxc
1654 5740 1669 5794 i
1696 5740 1897 5796 Turchi
1929 5743 2025 5797 ala

2136 4558 2236 4612 fuit
2268 4571 2324 4613 ut
2356 4561 2452 4613 via:
2474 4559 2699 4629 publica:
2738 4560 2817 4612 vel
2847 4568 2968 4629 post
3000 4557 3227 4611 imbrem
3261 4554 3437 4625 aquis,
3464 4556 3545 4609 sic
3581 4569 3709 4606 san-

2132 4651 2293 4718 guine
2320 4651 2539 4705 inundat
2555 4660 2733 4715 entur,
2751 4661 2805 4704 et
2821 4652 3083 4704 cadavera
3102 4665 3154 4702 tn
3171 4646 3554 4715 Propontidem
3575 4660 3705 4714 pro-

2127 4742 2268 4809 jecta
2328 4757 2610 4812 pomorum
2639 4744 2806 4794 instar
2837 4742 2893 4795 in
2923 4757 3140 4808 (equore
3186 4750 3458 4793 natarent.
3498 4739 3706 4790 Auctor

2136 4845 2319 4889 noster
2343 4837 2409 4891 de
2441 4838 2546 4890 vita
2580 4846 2632 4890 et
2667 4842 2838 4890 morte
2869 4833 3211 4902 imperatoris
3233 4831 3367 4885 nihil
3395 4834 3528 4884 certi
3547 4845 3706 4885 com-

2135 4937 2341 4996 portum
2380 4943 2499 4983 esse
2519 4928 2675 4993 dicit,
2711 4928 2815 4981 nisi
2857 4930 3023 4996 quod,
3056 4935 3111 4979 ut
3158 4926 3324 4993 aliqui
3375 4931 3701 4987 memorant,

2132 5038 2329 5091 corpus
2362 5023 2479 5092 ejus
2522 5024 2664 5077 inter
2721 5037 2814 5075 eos
2850 5023 3125 5075 inventum
3179 5020 3384 5085 estqui
3417 5032 3448 5070 a
3507 5016 3706 5070 Turcis

2132 5125 2339 5185 portam
2372 5116 2430 5170 S.
2464 5115 2692 5170 Romani
2740 5115 3070 5169 intrantibus
3123 5116 3373 5182 oppressi
3425 5112 3575 5166 fuere
3599 5112 3704 5181 (l).

2133 5208 2189 5264 ld
2225 5226 2435 5280 quoque
2466 5210 2627 5265 refert
2653 5210 2922 5263 Barbarus
2951 5210 3093 5276 quod
3122 5206 3404 5262 Venetiani
3438 5206 3701 5276 supersti-

2134 5315 2212 5358 tes
2244 5304 2293 5359 id
2325 5314 2554 5374 egerunt
2582 5313 2641 5357 ut
2668 5318 2755 5357 res
2776 5317 2923 5366 suas,
2950 5301 3253 5369 praesertim
3285 5315 3473 5365 naves,
3502 5302 3553 5353 in
3585 5308 3704 5351 tuto

2132 5393 2479 5450 collocarent.
2508 5393 2652 5449 later
2673 5407 2766 5447 eos
2796 5393 2886 5462 qui
2906 5393 3057 5446 salva
3086 5393 3196 5445 vita
3229 5401 3542 5455 evaserunt,
3565 5406 3703 5457 prae-

2132 5540 2285 5599 porta
2310 5530 2376 5584 de
2420 5544 2521 5583 san
2570 5530 2833 5584 Romano.
2876 5549 2894 5580 ι
2953 5528 3007 5582 lu
3062 5530 3305 5597 margine
3345 5545 3453 5584 ms.
3508 5526 3698 5599 Veneti

2132 5596 2374 5672 legitur:
2412 5618 2430 5651 ι
2473 5601 2855 5668 L’imperator,
2892 5615 3132 5672 pregava
3179 5596 3279 5652 σιω
3338 5600 3373 5672 li
3424 5602 3543 5672 suoi
3594 5596 3699 5650 l’a-

2134 5669 2399 5733 mazasse,
2442 5680 2495 5724 et
2546 5671 2590 5724 si
2621 5683 2799 5723 messe
2831 5672 2966 5723 nella
3031 5669 3170 5723 furia
3203 5685 3303 5721 con
3338 5670 3386 5721 la
3418 5671 3603 5736 spada,
3641 5674 3698 5722 et

2135 5757 2315 5812 casco,
2351 5753 2403 5796 et
2446 5741 2634 5805 rilcvo,
2678 5741 2768 5811 poi
2800 5755 3052 5813 recasco;
3090 5751 3140 5795 ct
3177 5740 3291 5795 cosi
3332 5739 3491 5797 mori.
3528 5758 3546 5794 ι
