4068 6286
320 475 3552 544 ..ῃ

1346 740 1632 877 ΑΙ)
1811 733 2552 879 ΟΡΕΒΑ

750 1097 1715 1311 SANCTI
1953 1099 2310 1307 AN
2329 1098 3137 1309 SELMI

1183 1521 2661 1679 PROLEGOMENA.

1840 1860 2069 1877 ﬂ

922 2106 1849 2202 ILLUSTRISSIMO
1907 2105 2943 2216 NOBILISSIMOQUE

1805 2382 2054 2425 DOMINO

566 2581 744 2693 Ι).
824 2580 1536 2698 δΔαοΒο
1610 2583 2413 2699 Νιαοιιιο
2492 2586 3321 2703 οοιΒεκνι·

1573 2882 1856 2945 ABBATI
1891 2882 2292 2959 BECCENDI,

808 3129 1024 3174 ιιιιιοιι
1055 3130 1129 3173 AC
1165 3128 1411 3173 DOMINO
1446 3129 1823 3175 CHARITA’HS
1854 3131 2051 3174 SUPBA
2087 3132 2378 3188 LIGERIM,
2412 3133 2666 3178 NECNON
2698 3136 3029 3182 AMBERTE=
3154 3132 3155 3135 “

365 3366 497 3443 Qui
528 3366 777 3431 cunctis
814 3368 1253 3449 supereminet
1302 3383 1494 3429 sacrae
1531 3365 1839 3428 doctrinae
1865 3366 2210 3444 magistris,
2246 3366 2688 3434 illustrissime
2720 3370 3007 3444 domine,
3040 3372 3096 3434 is
3136 3374 3253 3435 tibi
3289 3392 3358 3437 se
3390 3376 3555 3438 sistit

288 3506 362 3561 ut
414 3496 482 3559 in
531 3495 670 3576 ejus
713 3496 1047 3576 amplexus
1096 3510 1271 3566 ruas,
1312 3494 1504 3573 'quem
1551 3498 1618 3554 ut
1663 3497 1907 3570 patrem
1948 3492 2149 3564 colis;
2202 3498 2262 3555 et
2313 3510 2461 3555 eum
2512 3500 2794 3560 attentus
2847 3498 3199 3575 auscultes,
3242 3518 3435 3581 quem
3486 3509 3554 3566 ut

288 3622 671 3699 magistrum
706 3619 1046 3692 revereris,
1083 3618 1196 3697 qui
1229 3615 1510 3697 purioris
1539 3614 1878 3693 theologiae
1909 3613 2428 3678 studiosissimus
2459 3634 2552 3681 es.

366 3765 429 3825 ιε
460 3764 599 3843 ipse
636 3780 813 3835 suas,
854 3767 915 3824 et
945 3760 1209 3841 quidem
1240 3765 1647 3838 expurgatas,
1685 3759 1801 3821 tibi
1837 3760 2022 3822 olfert
2054 3758 2388 3834 lectiones,
2419 3759 2489 3823 in
2522 3763 2763 3842 quibus
2794 3764 2943 3826 unis
2980 3782 3053 3828 ea
3088 3767 3305 3829 omnia
3337 3773 3555 3833 teneas

284 3888 433 3951 Quae
474 3886 539 3948 in
579 3884 824 3949 caateris
854 3883 1066 3963 legisti
1100 3902 1115 3941 :
1155 3888 1223 3945 ut
1271 3898 1416 3962 quae
1465 3896 1541 3943 eo
1589 3888 1952 3961 exponente
2003 3884 2288 3960 noveris,
2344 3900 2415 3946 ea
2454 3890 2513 3946 te
2570 3884 2837 3950 docente
2883 3894 3109 3952 omnes
3165 3891 3554 3972 quandoque

283 4008 567 4071 discant;

369 4151 714 4213 Anselmus
749 4153 867 4225 est,
902 4167 976 4213 ex
1013 4149 1237 4211 abbate
1266 4146 1566 4209 Beccensi
1602 4146 2078 4209 Cantuariensis
2115 4146 2664 4224 archiepiscopus,
2698 4148 2833 4218 aui,
2876 4164 2994 4210 suo
3030 4150 3283 4212 tandem
3329 4152 3552 4229 splen-

287 4273 428 4336 dori
460 4274 834 4346 restitutus,
868 4273 1156 4335 abbatem
1198 4273 1586 4334 Beccensem
1634 4286 1754 4331 suo
1789 4269 1883 4331 sic
1924 4268 2242 4347 adgaudet
2289 4267 2614 4331 illustrare
2662 4269 2931 4338 lumine.
2966 4279 3037 4333 ut
3070 4273 3135 4334 in
3186 4275 3401 4353 gratim
3450 4274 3552 4336 vi-

285 4414 427 4459 cem
465 4398 606 4478 ipse
637 4404 750 4461 tuo
784 4397 1049 4460 nomine
1077 4394 1391 4458 illustrior
1420 4395 1564 4467 fiat;
1601 4399 1662 4457 et
1698 4394 1781 4457 ita
1815 4393 2179 4473 splendenti
2230 4392 2536 4456 Anselmo
2568 4394 2646 4456 ab
2685 4410 2761 4457 eo
2794 4393 3153 4460 illustratus
3182 4398 3320 4479 ipse
3356 4397 3552 4461 all'ul—

279 4510 459 4572 gens.

364 4636 692 4700 Hactenus
733 4636 835 4699 vel
869 4634 1170 4706 mutilus,
1206 4633 1305 4698 vel
1350 4632 1603 4696 mendis
1634 4632 1839 4696 foedus
1874 4632 2034 4695 adeo
2064 4632 2336 4695 vilueral
2368 4638 2434 4694 ut
2478 4634 2830 4715 nequidem
2865 4635 3221 4716 legeretur,
3255 4656 3332 4702 eo
3369 4642 3546 4722 quod

278 4761 389 4824 vix
423 4779 495 4826 ac
538 4779 621 4825 ne
654 4761 759 4824 vix
797 4759 1059 4841 quidem
1098 4758 1574 4837 intelligeretur
1610 4779 1626 4818 :
1666 4758 1881 4837 ipsum
1921 4756 2111 4820 modo
2159 4758 2385 4821 nativae
2424 4776 2556 4821 sum
2587 4760 2938 4839 integritati
2972 4780 3046 4826 ac
3088 4763 3349 4843 puritati
3408 4766 3550 4828 red-

278 4885 595 4960 didimus,
630 4884 942 4949 consultis
985 4882 1509 4963 quampluribus,
1543 4898 1706 4962 quos
1764 4880 2199 4963 undequaque
2249 4884 2753 4962 corrogavimus,
2796 4887 3130 4950 codicibus
3196 4888 3549 4950 manuscri-

279 5005 444 5085 ptis;
483 5007 644 5070 adeo
682 5013 751 5071 ut
787 5006 900 5087 qui
932 5005 1296 5069 offendebat
1331 5005 1397 5067 in
1432 5003 1878 5084 singulis,jam
1916 5005 2237 5083 integrum
2270 5006 2592 5072 inoffenso
2623 5009 2917 5073 decurrat
2944 5011 3147 5091 pede;
3182 5019 3242 5075 et
3274 5010 3384 5090 qui
3421 5009 3547 5072 liae-

275 5130 460 5194 rebat
496 5130 564 5192 in
598 5131 832 5204 verbis,
869 5146 1136 5192 sensum
1167 5127 1374 5192 facilis
1410 5128 1702 5205 attingat.
2658 5136 2661 5139 ‘

358 5271 495 5331 Jam
529 5287 680 5348 ergo
722 5277 796 5333 ut
843 5271 905 5331 S.
957 5268 1246 5331 Anselmi
1279 5268 1487 5346 Opera
1519 5267 1769 5331 cunctis
1805 5267 1948 5329 ﬁant
1986 5268 2184 5331 amori
2217 5287 2286 5332 ac
2329 5271 2569 5345 studio,
2605 5272 2760 5352 quid
2794 5279 3088 5353 superest
3136 5275 3263 5337 nisi
3318 5283 3383 5339 ut
3432 5284 3544 5342 tuo

273 5387 566 5467 fulgeant
620 5390 931 5452 nomine?
981 5387 1123 5462 Quo
1175 5387 1349 5451 enim
1397 5387 1650 5449 felicius
1699 5404 1891 5467 quam
1942 5394 2078 5461 tuo,
2128 5388 2331 5450 sancti
2374 5390 2551 5452 illius
2590 5391 2869 5454 doctoris
2919 5393 3123 5474 Opera
3172 5396 3545 5475 prodirent?

264 5507 609 5587 Quidquid
643 5508 709 5570 in
743 5507 1031 5571 scientiis
1062 5507 1288 5579 altum,
1320 5505 1641 5587 quidquid
1675 5505 1906 5596 mirum
1938 5507 2005 5567 in
2040 5508 2308 5581 artibus,
2335 5508 2456 5572 hoc
2486 5510 2765 5573 Colberti
2796 5530 3029 5576 nomen
3060 5514 3206 5593 jure
3238 5516 3536 5594 celebrat,

273 5633 438 5697 dum
475 5636 672 5698 ambit
720 5626 1008 5697 tutelam.
1041 5634 1276 5716 Ecquis
1318 5635 1456 5714 ejus
1495 5652 1619 5697 non
1654 5634 1920 5699 ambiret
1973 5638 2440 5727 patrocinium,
2479 5641 2615 5717 qui,
2656 5640 2808 5703 dum
2866 5661 2915 5703 Γ(
2937 5644 3032 5720 gis
3072 5645 3380 5724 regnique
3433 5646 3539 5708 ad-

525 5739 797 5797 PATROL.
832 5738 1105 5799 CLVIII.
3034 5748 3061 5803 1
