4068 6286
496 392 794 456 minister
838 388 1296 455 secretioribus
1333 394 1572 457 assidet
1620 393 1952 467 consiliis,
1990 393 2083 455 sic
2110 392 2401 454 omnium
2438 398 2768 471 promovet
2817 393 2921 457 vei
2950 394 3229 476 protegit
3275 395 3527 472 studia,
3574 402 3647 463 ut
3676 376 3768 461 in

497 522 645 601 ipso
671 516 945 581 habeant
974 516 1388 580 scientiarum
1424 521 1674 583 alumni
1706 508 2142 594 Meczenatem,
2171 537 2399 584 omnes
2433 520 2688 585 litterati
2722 528 3088 601 patronum.

576 667 649 728 In
700 672 759 729 te
790 682 975 744 ergo,
1011 663 1454 726 illustrissime
1487 660 1784 741 domine,
1819 672 1891 730 ut
1927 665 2115 730 nobis
2154 666 2263 741 sit,
2286 671 2492 747 quem
2526 668 2593 729 in
2624 669 2892 730 Parente
2922 685 2991 730 se
3026 665 3263 730 habere
3292 665 3607 746 gloriatur
3637 682 3768 731 non

498 785 701 861 Gallia
734 786 925 850 modo
947 830 963 858 ,
994 786 1108 848 sed
1144 787 1397 863 Europa
1420 830 1435 859 ,
1474 783 1585 846 sed
1602 770 1786 848 ‘totus
1817 788 2026 861 orbis,
2060 789 2411 850 Anselmus
2443 760 2745 867 primawo
2781 805 2901 852 suo
2936 787 3267 869 splendori
3297 788 3622 864 redditus,
3652 794 3768 851 tuo

499 908 763 972 nomine
797 907 987 987 gestit
1026 905 1355 985 insigniri,
1387 905 1502 987 qui
1542 905 1696 968 olim
1730 905 1971 984 Galliae,
2003 910 2272 990 Anglize,
2307 911 2402 974 vel
2442 910 2644 989 magis
2681 910 2859 973 orbis
2887 908 3236 974 Christiani
3286 910 3486 973 decus
3536 909 3659 974 fuit
3707 914 3768 975 et

508 1017 1023 1093 ornamentqu
1386 1022 1401 1027 ’
1616 1080 1619 1085 .
1686 1027 1691 1036 '
1844 1090 1847 1091 ν
2092 1084 2093 1087 η

830 1017 1023 1093 ιυωζς
1386 1022 1401 1027 “
1616 1080 1619 1085 .
1686 1027 1691 1036 “
1844 1090 1847 1091 ί
2092 1084 2093 1087 η
2418 1031 2428 1037 “

581 1170 643 1230 ιε
686 1185 765 1230 ex
796 1169 1024 1233 abbate
1056 1156 1388 1243 Beccensi,
1413 1166 1601 1247 cujus
1630 1167 1845 1229 locum
1884 1170 2090 1237 tenes,
2116 1170 2191 1225 ad
2226 1168 2464 1233 infulas
2493 1171 2737 1249 raptus,
2766 1184 2927 1247 quas
2960 1172 3030 1230 ut
3061 1142 3352 1230 scientiae
3375 1166 3771 1251 pietatisque

502 1294 728 1357 merito
765 1296 1245 1375 quamprimum
1278 1296 1594 1369 obtinens,
1625 1295 1758 1375 jam
1784 1295 1877 1378 _in
1921 1293 2212 1356 omnium
2250 1301 2417 1361 votis
2454 1305 2582 1374 est;
2622 1298 2718 1372 is,
2775 1297 3068 1378 inquam,
3116 1313 3233 1360 sua
3261 1294 3470 1375 Opera
3495 1308 3626 1354 non
3662 1296 3778 1353 tuo

507 1414 826 1489 examini,
867 1424 938 1477 ut
979 1415 1135 1478 olim
1167 1414 1506 1479 Lanl‘ranci
1541 1432 1856 1489 censurae,
1890 1414 2265 1495 corrigenda
2294 1413 2570 1494 subjicit,
2603 1417 2717 1482 sed
2765 1417 3120 1492 emendata,
3163 1417 3290 1480 tuis
3328 1414 3569 1478 studiis
3616 1396 3777 1475 tuaa-

500 1550 629 1613 que
663 1533 876 1596 tutelae
904 1534 1269 1597 committit.

579 1674 758 1736 Unus
809 1673 972 1737 forte
1023 1674 1360 1738 miraberis
1401 1676 1575 1756 quod
1618 1676 2097 1756 Theologorum
2136 1674 2322 1740 facile
2357 1681 2655 1755 princeps
2698 1679 2758 1737 te
2807 1693 2999 1739 sacrae
3044 1677 3352 1743 doctrinae
3397 1676 3760 1754 alumnum,

501 1811 639 1856 suae
673 1803 912 1873 quaerat
941 1795 1179 1859 habere
1213 1803 1513 1859 tutorem.
1554 1798 1690 1860 Hoc
1728 1815 1927 1860 unum
1962 1798 2029 1859 in
2056 1788 2143 1861 ‘te
2177 1795 2491 1860 mirantur
2536 1812 2764 1860 omnes
2795 1797 2970 1875 quod
3006 1803 3127 1860 tuae
3154 1798 3436 1877 parentis
3470 1813 3599 1859 non
3646 1802 3777 1860 tam

503 1913 807 1976 alumnus
844 1932 1034 1994 quam
1069 1921 1264 1989 actor,
1303 1922 1364 1979 et
1404 1916 1637 1979 vindex
1668 1919 1763 1980 sis
1809 1919 2013 1997 magis
2054 1935 2249 1998 quam
2284 1917 2663 1998 discipulus.
2710 1915 3166 1987 Sublimiorem
3210 1933 3360 1983 sane
3402 1918 3771 1998 intelligen-

502 2036 660 2097 tiam
714 2037 959 2117 spirant
1008 2024 1201 2119 bujua
1240 2039 1444 2125 sancti
1482 2040 1763 2104 doctoris
1800 2042 2003 2122 Opera
2018 2063 2044 2131 ξ
2078 2031 2336 2117 iverum,
2368 2059 2499 2123 quo
2542 2040 2785 2116 ferves,
2819 2041 3073 2104 animus
3119 2056 3240 2125 nec
3290 2042 3778 2131 sublimioribus

503 2158 732 2238 impar.

584 2302 644 2363 S.
681 2303 1029 2366 Anselmus
1076 2322 1242 2368 unus
1292 2306 1430 2386 ipse
1464 2313 1562 2369 est
1595 2308 1711 2385 qui
1751 2324 2020 2369 summae
2053 2306 2350 2369 essentiae
2388 2303 2739 2387 majestatis
2776 2320 2848 2366 ea
2896 2300 3265 2366 humilitate
3299 2304 3619 2362 scrutatus
3657 2307 3777 2389 est,

504 2440 648 2501 quae
679 2441 807 2519 non
851 2428 1402 2517 opprimeretura
1449 2428 1683 2523 gloria;
1717 2433 1778 2515 et
1812 2445 1885 2515 ea
1933 2427 2248 2523 sapientia
2277 2426 2519 2506 attigit,
2564 2423 3136 2523 quaeintelligeret
3181 2419 3355 2502 quod
3402 2420 3525 2481 lida
3569 2423 3776 2486 credi-

503 2544 618 2608 dit.
652 2536 831 2610 Unus
862 2551 999 2630 ipse
1038 2557 1135 2613 est
1169 2549 1527 2631 qui'divini
1564 2550 1759 2613 Verbi
1792 2548 2233 2617 oeconomiam
2249 2549 2345 2615 sic
2374 2547 2699 2627 exposuit,
2731 2553 2807 2608 ut
2835 2543 3011 2625 quod
3042 2525 3295 2625 caperet
3332 2558 3558 2616 nemo,
3591 2559 3783 2604 nemo

506 2684 631 2729 non
684 2671 1141 2750 apprehendat,
1188 2674 1303 2754 qui
1347 2690 1492 2737 cum
1533 2674 1675 2752 ipso
1729 2691 1843 2753 per
1884 2672 2072 2735 (idem
2109 2672 2189 2735 ad
2242 2670 2648 2734 intellectum
2700 2667 3066 2750 profecerit.
3113 2669 3298 2731 Unus
3348 2668 3490 2748 ipse
3533 2672 3629 2729 est
3673 2668 3785 2747 qui

504 2790 717 2867 angeli
763 2797 825 2854 et
866 2791 1151 2856 hominis
1187 2812 1431 2867 casum,
1477 2794 1955 2875 originalisque
1984 2792 2153 2865 labis
2205 2794 2532 2870 traducem
2580 2791 2675 2855 sic
2731 2790 3110 2864 edisseruit,
3160 2797 3244 2878 tut
3290 2789 3468 2871 quod
3517 2793 3784 2851 caeteros

515 2908 841 2983 occultum
876 2910 1239 2993 latuit,jam
1268 2914 1573 2976 omnibus
1610 2913 1714 2976 liat
1743 2911 2192 2987 manifestum,
2236 2911 2353 2993 qui
2385 2912 2531 2998 ideo
2566 2910 2837 2975 credunt
2865 2888 3351 2989 utintelligant.
3384 2911 3561 2973 Unus
3592 2926 3785 2990 porro

508 3040 646 3115 ipse
696 3042 792 3099 est
847 3036 961 3119 qui
997 3054 1160 3111 eam,
1208 3053 1401 3119 quam
1439 3036 1623 3117 pauci
1670 3041 2010 3116 penetrare
2044 3034 2289 3109 valent,
2326 3033 2568 3097 divinae
2603 3032 3052 3114 praescientiaa‘,
3092 3031 3683 3112 praedestinationis
3725 3040 3787 3095 et

506 3157 725 3238 gratiae
757 3176 903 3222 cum
944 3158 1220 3220 humana
1249 3158 1548 3220 libertate
1580 3155 1986 3220 concordiam
2031 3173 2103 3218 ea
2144 3156 2285 3235 lege
2316 3153 2703 3239 composuit,
2735 3159 2806 3216 ut
2842 3157 3058 3234 pereat
3088 3169 3355 3218 necesse
3397 3152 3483 3215 sit
3526 3152 3642 3233 qui
3690 3153 3788 3218 sic

510 3292 709 3346 unum
745 3281 1434 3346 defendit'utalterum
1464 3288 1676 3363 neget.

582 3423 731 3484 Haec
766 3428 942 3496 sunt,
992 3410 1428 3486 illustrissime
1472 3423 1758 3497 domine,
1792 3440 1936 3503 quas
1968 3424 2032 3484 S.
2080 3422 2431 3486 Anselmus
2468 3423 2732 3503 sapuit:
2774 3421 2909 3485 haec
2940 3429 3094 3485 sunt
3138 3438 3282 3502 quae
3331 3423 3393 3485 S.
3432 3421 3783 3485 Anselmus

511 3543 766 3617 docuit;
807 3552 868 3607 et
898 3544 1163 3626 quidem
1196 3544 1331 3607 haec
1360 3546 1507 3619 alta,
1548 3545 1682 3608 haec
1713 3540 1965 3608 summa
1994 3552 2192 3620 sunt,
2226 3548 2337 3609 sed
2373 3553 2440 3608 et
2470 3545 2617 3609 ideo
2650 3547 2780 3608 luis
2813 3545 3007 3627 digna
3041 3546 3299 3621 studiis,
3332 3546 3574 3626 quibus
3608 3547 3677 3609 in
3718 3546 3787 3608 id

511 3686 714 3730 unum
753 3668 963 3731 tendis
1002 3676 1071 3731 ut
1098 3669 1240 3735 Deo
1279 3668 1471 3748 digna
1504 3670 1739 3754 sapias.
1775 3669 1892 3731 His
1924 3669 2144 3750 itaque
2175 3669 2288 3750 qui
2324 3670 2395 3732 in
2426 3669 2630 3732 sancti
2677 3667 2949 3749 hujusce
2987 3668 3270 3731 doctoris
3322 3668 3645 3748 Operibus
3685 3668 3785 3732 la-

512 3794 667 3863 tent,
700 3788 934 3852 divinae
972 3788 1310 3868 sapientiae
1343 3789 1662 3852 thesauris
1699 3796 1757 3852 te
1788 3791 1935 3870 quis
1971 3789 2252 3869 dignior,
2286 3791 2483 3884 velte
2519 3790 2678 3870 quid
2707 3791 3016 3866 dignius?
3044 3770 3178 3851 Hos
3208 3789 3415 3877 igitur.
3446 3807 3523 3853 eo
3569 3792 3783 3854 animo

513 3910 817 3990 “Cipi”,
855 3928 987 3992 quo
1021 3913 1198 3992 ipsos
1229 3913 1296 3975 in
1332 3931 1482 3978 ante.
1503 3931 1649 3994 erga
1698 3921 1757 3979 te
1808 3915 2189 3978 reverentiae
2224 3916 2617 3998 obsequium
2652 3923 2765 3978 tuo
2812 3913 3060 3976 nomini
3116 3911 3317 3986 dicat,
3357 3912 3471 3991 qui
3509 3920 3580 3976 ut
3621 3912 3783 3976 nihil

513 4046 796 4111 unquam
832 4032 964 4096 nisi
996 4039 1270 4112 rectum,
1306 4034 1434 4099 nisi
1471 4041 1810 4113 sanctum,-
1848 4053 1994 4101 cum
2030 4036 2336 4101 Anselmo
2369 4037 2609 4118 sapias,
2647 4041 2708 4100 et
2740 4033 2809 4098 in
2842 4034 2976 4097 Deo
3017 4049 3274 4114 semper
3320 4031 3552 4110 valeas,
3601 4040 3783 4097 aeter-

513 4167 667 4215 num
700 4163 1017 4234 precatur.

742 4676 745 4677 ⁷
835 4670 978 4735 Τίοί

1580 5191 1584 5195 “
1982 5109 2464 5174 Addictissimus
2496 5111 2565 5173 F.
2608 5112 2893 5174 GABRIEL
2924 5111 3271 5174 Gennnnon
3293 5156 3310 5187 ,

1602 5212 1930 5293 Presbyter
1973 5232 2044 5273 ac
2078 5204 2410 5275 monachus
2458 5214 2524 5275 in
2560 5205 3038 5293 congregatione
3063 5213 3285 5277 Sancti
3316 5208 3552 5274 Maura.
