4068 6286
198 714 225 751 is

499 310 623 400 IN
707 306 1095 432 OMNIA
1178 307 1304 429 s.‘
1348 303 1852 417 ANSELM]

1949 298 2335 436 OPERA
2400 295 3208 407 PROLOQUIUM

318 709 585 783 Quidquid
610 709 777 766 verbo
807 708 903 764 Dei
931 707 1107 773 edocti
1154 705 1443 767 credimus,
1478 703 1530 757 id
1575 700 1828 771 intelligi-
1863 707 1908 764 Α
1936 698 2132 757 librum
2167 699 2238 754 De
2270 699 2575 755 excellentia
2602 698 2667 753 Β.
2707 699 2960 771 Virginis,
2989 696 3188 757 librum
3216 697 3292 756 De
3322 701 3519 760 caleat!

244 821 365 861 mus
391 803 491 877 SS.
528 801 748 856 Patrum
788 800 1150 858 voluminibus
1184 796 1407 862 eruditi;
1438 805 1493 851 et
1541 810 1609 850 ex
1657 795 1834 866 publi-

134 888 149 911 ⁵
244 899 324 953 cis
364 897 511 961 hisce
558 892 815 948 Ecclesiae
858 890 1439 970 fontibus‘uberiores
1482 887 1863 958 purioresque‘

244 998 447 1045 nostra:
488 986 612 1040 fidei
666 985 859 1041 latices
903 983 1233 1038 hauriendos
1288 995 1409 1037 esse
1464 996 1572 1035 non
1630 979 1839 1061 dubitat

243 1068 491 1152 quisquis
521 1077 785 1133 catholice
822 1077 985 1146 sapit.
1012 1075 1166 1131 Unde
1191 1089 1295 1129 non
1323 1071 1636 1152 evolvendis
1672 1062 1834 1126 modo

240 1150 328 1227 his
354 1187 525 1226 sacra:
546 1169 807 1225 doctrina:
826 1167 1104 1223 codicibus
1132 1165 1225 1220 loli
1256 1150 1550 1220 incubuere
1575 1158 1842 1233 quotquot

238 1246 373 1317 vere
401 1262 545 1327 docti
573 1260 809 1324 fuerunt,
832 1260 927 1314 sed
956 1267 1013 1314 et
1043 1259 1096 1312 in
1126 1257 1233 1312 illis
1264 1255 1451 1311 sedulo
1474 1255 1841 1326 expurgandis

241 1370 273 1409 a
302 1354 428 1410 labe
457 1363 513 1408 et
537 1353 791 1408 sordibus
834 1367 970 1422 quas
1014 1348 1314 1420 temporum
1351 1347 1505 1419 lapsu
1549 1357 1605 1403 et
1634 1344 1841 1402 exscri-

238 1451 464 1513 ptorum
515 1441 813 1497 nescientis
851 1425 1189 1496 velincuria
1243 1430 1673 1500 contraxerant,
1706 1428 1841 1489 ὀπη-

238 1548 392 1598 lien),
426 1542 483 1587 ut
526 1548 625 1603 par
650 1540 789 1598 erat,
840 1532 1247 1600 insumpserunt
1299 1544 1521 1601 operam
1575 1534 1842 1595 quotquot

236 1625 463 1680 veritati
511 1639 621 1680 non
673 1621 946 1683 discenda:
981 1620 1186 1689 solum,
1228 1622 1326 1678 sed
1365 1630 1417 1673 et
1454 1617 1689 1691 posteris
1723 1625 1839 1673 tra-

239 1717 435 1771 dendee
472 1715 847 1786 invigilarunt.
1094 1726 1099 1731 '

310 1802 446 1864 llzec
478 1822 746 1879 nusquam
788 1806 1007 1873 laudata
1054 1805 1186 1860 satis
1215 1802 1625 1883 monachorum,
1662 1809 1717 1858 et
1742 1816 1842 1872 pro

237 1901 484 1979 caeteris,
512 1900 557 1955 si
607 1898 874 1954 Eadmero
916 1895 1210 1961 credimus,
1260 1886 1557 1964 ipsiusmet'
1592 1892 1865 1947 Anselmi'

237 1994 458 2059 studia;
495 1992 584 2048 hic
620 1991 740 2063 pius
772 1991 931 2065 juxta
962 2001 1027 2042 ac
1050 1986 1199 2069 utilis
1226 2000 1415 2040 eorum
1461 1984 1633 2049 labor,
1662 1983 1752 2069 qui
1782 1992 1865 2037 ut

1939 792 2279 858 beatitudine,
2313 802 2369 846 et
2394 791 2590 846 librum
2616 791 2695 845 De
2716 791 3169 847 similitudinibus.

2009 882 2134 938 Haec
2164 892 2341 937 autem
2370 880 2431 937 ut
2456 883 2645 938 ordine
2675 882 2854 953 aliquo
2875 885 3174 954 prodirent,
3202 886 3255 940 in
3283 895 3521 958 quatuor

1938 985 2124 1049 partes
2169 977 2454 1032 distributa
2486 985 2631 1032 sunt.
2676 975 2857 1033 Prima
2902 966 3029 1048 pars
3075 978 3316 1035 continet
3355 995 3521 1051 opera

1942 1070 2208 1145 didactica
2250 1086 2357 1125 seu
2404 1070 2744 1141 dogmatica;
2801 1071 2904 1126 hoc
2956 1081 3075 1135 est,
3118 1082 3376 1127 tractatus
3428 1072 3521 1141 qui

1944 1158 2227 1230 theologia:
2264 1160 2346 1215 vel
2396 1162 2556 1214 etiam
2590 1161 2943 1231 philosophia:
2978 1162 3175 1231 placita
3221 1175 3520 1234 exponunt.

1934 1248 2123 1305 Altera
2156 1266 2283 1320 pars
2315 1250 2474 1305 habet
2501 1250 2845 1322 parzcnetica,
2896 1248 3144 1308 homilias
3176 1255 3427 1311 videlicet
3468 1267 3525 1312 et

1940 1344 2368 1400 exhortationes.
2407 1342 2590 1398 Tertia
2640 1344 2867 1399 includit
2898 1347 3158 1412 ascetica,
3210 1348 3262 1402 id
3303 1359 3386 1404 est
3415 1363 3526 1403 me-

1945 1436 2241 1491 ditationes
2274 1444 2327 1492 et
2353 1435 2647 1491 orationes.
2678 1436 2881 1503 Quarta
2909 1436 3165 1507 epistolas
3190 1432 3451 1496 continet.

1976 1536 1980 1541 '
2014 1530 2328 1602 Dogmatica
2355 1530 2433 1585 sic
2455 1526 2836 1601 disposuimus,
2880 1540 2937 1584 ut
2976 1547 3081 1587 non
3107 1533 3285 1587 mtatis
3311 1521 3528 1601 Ordine,

1941 1621 2036 1677 sed
2077 1620 2231 1690 juxta
2281 1619 2508 1689 subjecti
2547 1636 2641 1677 seu
2690 1624 2995 1693 argumenti
3048 1624 3387 1693 dignitatem,
3435 1636 3530 1679 aut

1942 1706 2184 1767 methodi
2221 1712 2376 1783 legis,
2428 1714 2804 1783 procederent.
2840 1713 2931 1768 Sic
2980 1729 3099 1783 qure
3148 1714 3216 1769 de
3265 1715 3370 1769 Deo
3423 1731 3531 1770 uno

1943 1798 2131 1867 agunt,
2187 1800 2398 1858 scilicet
2444 1802 2806 1872 Monologion,
2856 1804 3213 1876 Proslogion,
3262 1816 3316 1860 ct
3369 1803 3532 1862 Liber

1945 1900 2135 1946 contra
2165 1892 2603 1963 Respondentem
2648 1910 2747 1964 pro
2796 1896 3116 1965 insipiente;
3166 1895 3362 1952 deinde
3410 1911 3533 1966 quae

1946 1978 2011 2032 de
2039 1977 2150 2031 Deo
2179 1978 2323 2032 trino
2363 1977 2504 2033 liber
2537 1978 2614 2032 De
2646 1980 2754 2047 ﬁde
2786 1978 3084 2043 Trinitatis,
3128 1978 3265 2050 etc.,
3303 1991 3358 2036 et
3393 1982 3533 2037 liber

236 2085 487 2155 scientiae
516 2085 721 2155 pariter
744 2096 808 2137 ac
840 2078 1062 2135 virtutis
1098 2065 1348 2145 exemplo
1379 2076 1533 2129 nobis
1563 2067 1838 2143 przcirent,
1873 2085 1916 2146 Β
1948 2065 2024 2119 De
2063 2067 2392 2136 processione
2441 2067 2674 2133 Spiritus
2703 2070 2892 2123 sancti.
2940 2069 3078 2124 Tum
3106 2086 3227 2140 qua:
3269 2072 3335 2126 de
3362 2071 3533 2127 Verbi

239 2190 353 2230 non
388 2174 631 2246 legendis
672 2171 956 2235 duntaxat,
991 2168 1085 2225 sed
1122 2176 1177 2223 et
1226 2164 1580 2222 emendandis
1619 2173 1842 2220 sancto-

1860 2256 1867 2271 ι
1950 2248 2027 2305 De
2055 2262 2302 2321 conceptu
2333 2251 2596 2321 virginali,
2630 2262 2738 2308 etc.
2759 2295 2774 2321 ,
2796 2252 2946 2324 justo
2976 2255 3168 2310 ordine
3197 2257 3532 2326 procedunt:

239 2281 369 2321 rum
400 2263 622 2333 scriptis
653 2261 991 2331 impalluere.

312 2357 495 2411 Avitae
552 2350 803 2420 hujusce
852 2350 1074 2422 pietatis
1138 2345 1394 2419 avitiun
1430 2349 1589 2405 istius
1640 2348 1871 2404 laboris-

237 2445 435 2507 ωηιιηί
465 2443 727 2499 nonnulla
755 2450 1068 2498 sanctorqu
1111 2440 1394 2496 doctorum
1429 2454 1596 2509 opera
1620 2440 1731 2509 jam
1764 2447 1850 2509 ty-

237 2537 330 2608 pis
386 2524 778 2606 purgatoribu's
823 2518 1028 2603 excusa
1095 2528 1489 2603 dederunt,‘et
1532 2529 1849 2584 excutienda

238 2630 552 2683 etiamnum
603 2631 801 2695 parant
850 2616 1033 2692 plures
1084 2614 1524 2690 congregationis
1570 2618 1629 2673 S.
1677 2617 1851 2672 Mauri

240 2727 465 2775 ascetce.
505 2715 614 2783 N05
646 2716 700 2771 in
746 2714 814 2770 S.
847 2711 1171 2769 Anselmum
1214 2725 1283 2767 ex
1335 2711 1533 2766 abbate
1588 2708 1849 2765 Becccnsi

240 2811 704 2867 Cmrtuariensem
772 2808 1243 2878 archiepiscOpnm
1306 2805 1636 2872 incidimus;
1696 2801 1849 2872 cujus

243 2902 499 2972 scripta,
557 2901 685 2956 dum
738 2898 1078 2955 sublimioris
1140 2895 1401 2951 doctrina:
1473 2884 1851 2965 splendoribus

244 2993 374 3048 hinc
396 3015 410 3022 ι
429 2982 553 3047 inde
588 2982 872 3054 micarent,
902 2989 1037 3044 adeo
1066 2986 1321 3057 cerrupta
1364 2986 1846 3057 deprehendimus,

249 3094 307 3141 ut
343 3085 442 3139 vix
473 3097 578 3137 una
607 3089 917 3152 superesset
946 3079 1110 3134 in'cis
1134 3080 1343 3148 integra
1371 3079 1661 3133 sententia.

316 3175 451 3230 lianc
502 3182 563 3229 ut
610 3174 809 3229 nativa:
869 3187 981 3228 sua:
1028 3171 1254 3241 puritati
1314 3170 1675 3226 redderentur
1727 3169 1838 3239 plu-

249 3246 341 3333 res
388 3265 771 3321 consuluimus
835 3252 1055 3320 codices
1106 3276 1237 3316 mss.
1281 3276 1419 3331 quos
1483 3260 1626 3317 ultro
1692 3261 1849 3316 nobis

249 3359 669 3431 suppeditavere
715 3356 1058 3412 bibliotheca:
1106 3370 1214 3408 non
1273 3352 1560 3423 ignobiles,
1603 3351 1852 3408 videlicet
1895 3410 1898 3414 Α

252 3452 424 3523 Regia
449 3491 464 3515 ,
505 3448 782 3505 Victorius
810 3486 827 3514 ,
866 3432 1138 3508 .Thuuna,
1194 3443 1579 3501 Cisterciensis
1600 3486 1619 3511 ,
1644 3442 1852 3500 .Cotto-
1879 3470 1924 3532 ρ

252 3544 419 3598 niana
468 3541 523 3595 in
581 3538 817 3610 Anglia,
868 3535 1235 3612 Tornaeensis
1285 3534 1644 3596 Martiniana,
1705 3533 1839 3587 elar.

254 3634 316 3687 γ.
366 3636 433 3689 D.
473 3629 615 3703 Joly,
656 3629 1006 3701 przecentoris
1057 3627 1402 3691 Parisiensis,
1454 3635 1509 3680 et
1557 3627 1625 3682 cl.
1672 3626 1735 3681 V.
1786 3627 1848 3680 D'.

255 3726 412 3795 Bigot
464 3710 929 3790 Rothomagensis
980 3737 993 3774 :
1046 3733 1149 3773 nec
1218 3717 1502 3773 omisimus
1570 3717 1853 3771 bibliothe-

257 3831 483 3879 carum,
529 3798 839 3876 Bcccensis,
901 3799 1400 3876 Gemmeticensis,
1449 3807 1506 3863 S.
1575 3806 1853 3862 Michaelis

259 3907 311 3961 in
351 3907 574 3968 Monte,
621 3901 995 3964 Corbeiensis,
1041 3910 1096 3957 et
1150 3900 1709 3965 San-Germanensis,
1759 3915 1853 3954 ex-

260 3998 520 4067 emplaria
572 4006 703 4051 mss.
759 3993 1143 4050 Consuluimus
1188 4000 1244 4046 et
1283 3993 1463 4047 varias
1507 3990 1564 4048 S.
1612 3992 1850 4049 Anselmi

263 4087 496 4157 Operum
529 4086 793 4141 editiones
815 4085 1007 4149 ;.(luas
1038 4080 1231 4152 nempe
1264 4081 1525 4136 Gothicas
1563 4083 1681 4134 sine
1733 4083 1853 4137 loco

264 4190 310 4235 et
348 4169 537 4234 anno:
566 4192 726 4231 unam
762 4174 1288 4245 Nurembergensem
1339 4168 1482 4227 anno
1513 4170 1685 4237 H91;
1721 4175 1852 4227 duas

264 4271 619 4334 Parisieuscs,
642 4284 803 4323 uuam
830 4283 977 4321 anno
1001 4266 1157 4331 1544,
1181 4275 1233 4320 et
1257 4266 1484 4321 alteram
1510 4281 1652 4320 anno
1689 4264 1849 4321 1549.

269 4363 524 4418 Venetam
559 4359 888 4426 ann01559,
930 4359 1071 4414 duas
1099 4350 1478 4423 ColonienSes,
1515 4372 1676 4411 unam
1708 4374 1851 4413 anno

267 4453 434 4520 1575,
469 4454 699 4507 alteram
735 4437 894 4506 anno
942 4448 1110 4515 1612;
1151 4456 1206 4502 et
1240 4447 1653 4516 Lugdunensem
1678 4488 1692 4515 ,
1732 4463 1852 4519 quae

267 4544 451 4599 ultima
484 4554 598 4610 est,
630 4560 773 4599 anno
803 4542 963 4598 1650.
1010 4572 1014 4577 -

334 4637 416 4692 Ad
469 4637 698 4692 istorum
729 4651 849 4691 cum
898 4649 1244 4700 exeusorum,
1278 4642 1389 4689 tum
1429 4651 1559 4690 mss.
1586 4635 1743 4689 ﬁdem
1784 4651 1849 4690 ea

226 4714 231 4719 ί
269 4744 385 4799 qua:
431 4731 487 4783 in
520 4730 575 4784 S.
613 4729 849 4783 Ans’elmi
898 4727 1167 4798 Operibus
1208 4728 1291 4781 vel
1321 4737 1589 4797 expuncta
1638 4728 1853 4781 luerunt

270 4821 352 4877 vel
388 4822 617 4887 omissa,
650 4820 1019 4885 restituimus;
1071 4835 1192 4890 quae
1246 4820 1385 4873 male
1436 4819 1666 4883 inserta,
1714 4835 1852 4874 rese-
1882 4838 1932 4895 ι)
1957 4830 2145 4871 omnes
2170 4816 2615 4885 complectentem
2645 4811 3330 4888 quminmssbibliothecze
3353 4824 3540 4880 Cotto-

272 4914 508 4980 cnimus;
543 4922 599 4967 et
640 4927 763 4981 qua:
806 4912 858 4965 in
909 4912 1013 4966 alia
1062 4914 1225 4967 verba
1274 4912 1477 4966 aliosve
1501 4928 1695 4968 sensus
1741 4914 1855 4969 dis-

276 5013 467 5070 tracta,
524 5004 577 5058 in
620 5002 861 5057 auctoris
906 5003 1070 5057 verba
1118 5010 1464 5072 mentemque
1510 5002 1575 5058 eo
1620 5019 1726 5073 quo
1760 5019 1859 5074 po-

276 5098 473 5152 tuimus
516 5094 730 5167 studio,
774 5103 828 5150 et
853 5108 915 5149 ea
947 5109 1052 5167 qua
1086 5094 1373 5150 debuimus
1410 5095 1748 5163 sinceritate,
1780 5111 1859 5151 re-

277 5179 546 5239 duxhnus.

298 5298 305 5301 -
342 5274 415 5329 Ea
447 5278 613 5332 etiam
647 5292 766 5347 qua:
797 5274 855 5331 S.
888 5275 1132 5331 Ansel’mi
1158 5284 1376 5347 constat
1397 5291 1504 5332 non
1528 5292 1673 5344 esse,
1699 5278 1858 5334 abiis

279 5369 651 5439 qnazjureipsi
682 5369 1161 5434 retribuuntnr,ex
1188 5382 1343 5437 requa
1372 5378 1739 5432 secernentes,
1768 5368 1856 5422 illa

275 5457 358 5513 vel
399 5460 452 5513 in
503 5459 817 5529 Appendice
870 5461 1245 5530 seposuimus,
1287 5460 1373 5514 vel
1420 5460 1565 5515 inter
1607 5458 1856 5514 Eadmeri

278 5547 473 5620 Opera,
512 5551 604 5622 qui
636 5551 818 5621 aliqua
860 5553 1003 5607 haud
1035 5551 1197 5607 dubie
1246 5552 1468 5621 scripsit
1508 5568 1573 5606 ex
1620 5551 1705 5606 his
1737 5566 1858 5620 quae

282 5639 422 5695 inter
461 5639 519 5697 S.
558 5641 799 5698 Ansclml
851 5641 1025 5713 Opera
1077 5640 1558 5712 circumferuntur,
1607 5640 1858 5700 videlicet

1947 2157 2344 2224 lucarnatioue,
2385 2158 2642 2215 nimirum
2674 2160 2794 2239 libri
2826 2160 2937 2216 Cur
2961 2161 3102 2238 Deus
3131 2166 3285 2218 homo
3316 2164 3371 2218 et
3396 2164 3535 2220 liher

1950 2341 2035 2397 his
2078 2349 2260 2397 tamen
2296 2342 2578 2412 praemisso
2623 2343 2805 2399 libello
2845 2343 2925 2399 De
2968 2338 3236 2401 voluntate
3266 2346 3385 2411 Dei,
3432 2363 3538 2404 nec

1948 2432 2059 2488 non
2082 2433 2222 2489 libro
2258 2434 2336 2490 De
2363 2453 2489 2490 casu
2518 2437 2737 2504 diaboli,
2767 2447 2825 2491 ut
2855 2447 2980 2507 pote
3005 2439 3097 2509 qui
3132 2440 3199 2507 ad
3228 2440 3424 2495 divinae
3450 2440 3539 2495 ln-

1953 2526 2288 2581 carnationis
2325 2526 2738 2598 intelligentiam
2785 2530 3115 2585 conducunt.
3167 2530 3370 2587 Deinde
3399 2531 3539 2587 liber

1953 2614 2028 2670 De
2057 2617 2337 2670 concordia
2364 2620 2709 2687 praescientite
2737 2635 2855 2674 cum
2884 2619 3065 2674 libero
3113 2622 3365 2687 arbitrio;
3411 2624 3537 2693 qui-

1949 2709 2051 2764 bus
2074 2709 2281 2778 pariter
2301 2725 2369 2765 ex
2391 2710 2644 2781 legitimae
2672 2711 2910 2767 methodi
2937 2715 3259 2783 praescripto
3295 2715 3542 2783 prteiisso

1949 2801 2257 2857 debuerunt
2285 2803 2483 2875 dialogi
2514 2804 2591 2859 De
2636 2806 2849 2859 veritate
2891 2815 2946 2861 et
2977 2804 3054 2861 De
3102 2800 3265 2861 libero
3293 2808 3540 2872 arbitrio,

1950 2899 2004 2947 et
2027 2882 2243 2948 libellus
2271 2892 2349 2949 De
2375 2894 2660 2949 voluntate.
2703 2894 2835 2949 Post
2862 2896 2977 2952 hmo
3013 2898 3133 2953 libri
3164 2912 3259 2953 seu
3292 2900 3540 2970 epistolas

1950 3001 2071 3056 qtne
2102 2985 2169 3041 de
2216 2987 2575 3043 sacramentis
2620 2986 2824 3058 aliquid
2874 2996 3131 3056 tractant,
3178 2992 3367 3062 quales
3411 3002 3544 3051 sunt

1952 3077 2192 3147 epistola:
2224 3078 2299 3132 De
2344 3095 2551 3150 azyma,
2603 3078 2680 3134 De
2720 3085 3174 3136 sacramentorum
3219 3085 3540 3151 diversitate,

1950 3170 2029 3226 De
2068 3172 2382 3242 presbyteris
2414 3155 2834 3239 “concubinariis,
2864 3182 2924 3229 et
2971 3173 3048 3228 De
3081 3177 3278 3244 nuptiis
3307 3193 3537 3231 consan-

1950 3262 2282 3332 guineorum.
2331 3260 2571 3315 Primam
2622 3262 2763 3317 hanc
2809 3270 3019 3331 partem
3065 3262 3269 3319 claudit
3313 3266 3543 3336 qmestio

1956 3350 2264 3417 dialectica,
2313 3366 2433 3419 quae
2479 3361 2564 3406 est
2593 3361 2974 3422 argumentum
3008 3352 3205 3425 dialogi
3236 3354 3315 3410 De
3362 3373 3545 3427 grant-

1954 3443 2170 3497 malico.

2026 3535 2386 3602 Parmnetica,
2423 3538 2681 3596 videlicet
2711 3538 2983 3598 homilias-
3011 3542 3312 3598 secundum
3339 3541 3543 3600 seriem

1952 3627 2215 3683 librorum
2251 3638 2307 3685 et
2334 3630 2697 3701 capitulorum
2739 3631 3039 3703 Scriptura:
3070 3649 3192 3705 qua:
3232 3633 3286 3688 in
3317 3634 3399 3690 eis
3443 3649 3545 3689 ex-

1953 3721 2266 3791 planantur,
2282 3720 2409 3790 jure
2439 3718 2834 3781 distribuimus.
2863 3725 3138 3791 Ascelica,
3173 3728 3279 3782 hoc
3314 3735 3399 3781 est
3428 3741 3544 3783 mo-

1954 3814 2248 3868 ditationcs
2289 3824 2343 3869 et
2383 3816 2661 3872 orationes
2702 3821 2782 3873 sic
2813 3817 3185 3887 distinximus.
3219 3826 3281 3874 ut
3309 3818 3545 3874 medita-

1955 3901 2128 3957 tiones
2143 3902 2341 3972 quibus
2371 3919 2524 3959 mens
2554 3905 2721 3960 Deum
2749 3907 3173 3975 contemplatur,
3203 3908 3397 3963 Jeinde
3418 3923 3545 3962 ora-

1953 3994 2149 4059 tiones,
2180 3995 2377 4064 quibus
2408 3996 2574 4050 Deum
2624 3997 2804 4049 anima
2837 3997 3009 4053 ﬁdelis
3048 3999 3284 4063 invocat,
3325 4008 3388 4054 et
3415 4015 3541 4054 sano

1954 4092 2165 4137 ctorum
2195 4084 2450 4155 sullragia
2480 4096 2689 4143 exorat.
2718 4086 3032 4155 singulatim
3064 4088 3411 4156 protulimus.

2023 4174 2079 4227 In
2113 4173 2196 4226 his
2243 4175 2317 4228 ita
2366 4176 2759 4247 distinguendis
2804 4177 2949 4232 hunc
2997 4179 3239 4234 ordinem
3287 4179 3543 4238 duximus

1952 4265 2373 4319 observandum.
2407 4265 2815 4323 Prmmittuntur
2853 4267 3233 4323 meditationes
3268 4270 3386 4325 sive
3410 4286 3539 4326 ora-

1953 4356 2129 4411 tiones
2165 4356 2360 4426 quibus
2403 4369 2554 4412 mens
2579 4361 2974 4430 computtgitur,
3038 4369 3151 4414 tum
3196 4360 3300 4414 illa:
3344 4361 3542 4417 subse-

1952 4455 2194 4516 quuntur
2248 4448 2444 4517 quibus
2506 4461 2692 4503 amore
2763 4444 3030 4505 virtutum
3091 4451 3273 4507 anima
3325 4452 3543 4509 inarde-

1951 4539 2074 4593 scit.

2022 4632 2193 4687 Porro
2226 4634 2577 4703 cpistolarum
2613 4638 2966 4697 tribuslibris
2992 4655 3128 4710 quos
3164 4643 3377 4712 primus
3420 4641 3539 4698 cdt-

1954 4726 2109 4780 derat
2172 4725 2234 4779 ι).
2284 4724 2575 4793 Picardus,
2632 4738 2882 4797 quartum
2938 4732 3259 4793 adiecimus.
3312 4742 3540 4790 caetera!

1958 4909 2134 4964 nianze
2177 4911 2464 4964 habentur.
2502 4910 2619 4979 Ipsa
2652 4926 2817 4974 etum,
2853 4927 3078 4966 numero
3108 4929 3271 4983 supra
3314 4923 3536 4971 centum

1959 5014 2079 5069 qua:
2124 5001 2387 5053 hactenus
2434 5000 2650 5055 inedita:
2693 5010 2850 5067 sunt,
2903 5003 3056 5057 solita
3104 5019 3200 5058 sua
3245 5019 3373 5076 erga
3424 5010 3539 5063 veri

1960 5090 2235 5146 studiosos
2270 5090 2605 5145 humanitate
2633 5091 2788 5146 nobis
2821 5094 3236 5147 communicavit
3266 5092 3329 5147 ν.
3369 5096 3439 5149 ei.
3469 5096 3534 5151 D.

1960 5185 2176 5247 Cotton,
2227 5186 2459 5242 instante
2506 5188 2645 5256 apud
2690 5202 2813 5242 eum
2864 5186 3119 5257 singulari
3163 5187 3542 5247 benevolenti-1

1963 5281 2027 5337 ν.
2065 5280 2133 5335 cl.
2182 5278 2241 5332 D.
2274 5278 2414 5349 Joly,
2448 5281 2560 5349 regi
2609 5295 2637 5334 a
2683 5274 2942 5344 consiiiis,
2980 5279 3031 5332 in
3079 5279 3268 5351 Anglia
3306 5291 3419 5337 tum
3452 5297 3541 5337 rc-

1960 5373 2190 5427 sidcnte.
2231 5367 2529 5423 Nonnullas
2554 5370 2773 5437 insuper
2802 5384 2868 5422 ex
2895 5384 3028 5423 mss.
3058 5370 3398 5426 bibliothecae
3428 5381 3541 5426 tum

1961 5462 2175 5532 Regia),
2225 5468 2335 5515 tum
2382 5458 2726 5525 Gislenianm,
2780 5467 2889 5513 tum
2942 5459 3282 5515 Martiniana:
3334 5459 3543 5516 Tutum.

1960 5554 2158 5621 censis,
2196 5563 2305 5607 tum
2332 5550 2661 5620 Itemigiame
2684 5548 3002 5619 Bernensis,
3041 5552 3093 5606 in
3122 5567 3226 5621 qua
3263 5551 3538 5621 fragmen-

1963 5654 2072 5700 tun
2106 5643 2274 5714 magis
2301 5650 2379 5697 est
2412 5657 2573 5713 quam
2605 5642 2851 5712 cpistola,
2885 5644 3342 5715 deprompsimus;
3372 5652 3426 5697 et
3449 5657 3543 5699 eas
