4068 6286
527 284 590 338 l5
1545 277 1602 333 S.
1644 273 2012 332 ANSILLML’S
2049 273 2401 329 CANTUML
2438 272 2748 328 AllClllEl‘.
3715 271 3781 325 M

515 397 711 468 partim
745 395 924 458 tertio,
964 394 1158 464 partim
1190 401 1384 462 quarto
1414 391 1552 445 libro
1580 392 1936 454 anneximns;
1972 405 2096 457 paro
2124 400 2169 455 Α
2200 388 2472 459 diligentia
2519 404 2583 442 cx
2629 404 2730 442 ms.
2786 387 2971 443 codice
3022 387 3428 457 transcriptum,
3475 393 3531 442 et
3566 386 3639 467 ad
3679 401 3780 440 nos

521 491 615 543 tim
647 503 861 558 quoque
911 489 962 540 in
997 486 1402 554 Supplemento,
1439 492 1558 552 post
1593 475 1846 548 indicem,
1874 483 2098 552 evulga-

515 581 715 644 vimus,
767 592 832 632 eo
884 576 1024 646 quod
1076 576 1231 630 nobis
1283 589 1390 628 non
1447 574 1785 629 occurrerint
1836 573 1939 627 nisi
1981 573 2094 642 jant

514 670 729 724 excusis
763 668 1014 724 omnibus
1062 667 1180 721 aliis
1213 665 1386 721 sancti
1429 665 1654 736 hujusce
1699 664 1940 719 doctoris
1967 679 2094 733 ope-

519 760 690 814 ribus.

587 848 954 918 Appendieem
1001 847 1401 916 snhjunximus,
1431 848 1482 902 in
1511 861 1616 917 qua
1641 861 1703 902 ea
1729 861 1894 917 opera
1939 861 2095 915 sepo-

514 943 615 996 sita
646 951 772 998 sunt
798 956 940 1011 quae,
967 941 1068 996 etsi
1097 940 1340 994 Auselnti
1373 955 1566 994 nomen
1592 937 1726 994 falso
1754 937 2093 1008 przeferrent,

515 1051 618 1088 non
649 1043 825 1088 tamen
856 1048 1082 1104 prorsus
1117 1032 1448 1087 excludenda
1491 1032 1825 1096 censuimus,
1862 1047 1926 1085 eo
1952 1031 2094 1099 quod

513 1126 639 1180 alibi
671 1127 815 1182 edita
848 1142 954 1181 non
995 1134 1238 1190 exstent;
1285 1141 1403 1194 quae
1437 1123 1582 1178 enim
1629 1123 1683 1177 in
1712 1123 1834 1177 aliis
1865 1121 2093 1176 volumi-

514 1218 672 1272 nibus
712 1231 914 1271 cxeusa
956 1226 1104 1280 sunt,
1157 1217 1238 1271 his
1280 1217 1418 1286 typis
1449 1231 1552 1270 non
1584 1215 1970 1284 expressimus.
2005 1212 2097 1268 Sic

512 1306 709 1360 librum
751 1306 826 1360 De
863 1307 1104 1361 membris
1162 1318 1213 1362 et
1257 1308 1461 1360 artibus
1515 1306 1622 1361 Deo
1669 1305 1954 1372 attributis,
2002 1306 2093 1377 qui

512 1400 655 1454 inter
683 1399 741 1454 S.
773 1399 1085 1471 llieronymi
1115 1409 1168 1456 et
1199 1400 1254 1453 S.
1283 1400 1565 1471 Augustini
1594 1415 1759 1471 opera
1787 1399 2092 1470 reperitur;

513 1492 591 1545 sic
623 1490 817 1545 librum
848 1490 924 1545 De
954 1507 1166 1562 corpore
1195 1502 1241 1546 et
1269 1492 1523 1561 sanguine
1551 1491 1781 1557 Domini,
1823 1492 1912 1560 qui
1959 1491 2094 1547 inci-

513 1584 622 1650 pit:
649 1581 784 1652 Lego
805 1593 850 1636 et
875 1582 1064 1654 relego,
1088 1593 1220 1649 etc.,
1243 1593 1299 1638 et
1323 1581 1744 1638 interGuillelmi
1772 1582 1829 1636 S.
1857 1581 2096 1638 Theodo-

514 1672 610 1726 t'ici
642 1671 853 1725 abbatis
881 1670 1056 1741 Opera
1092 1673 1144 1727 in
1173 1672 1506 1728 Bibliotheca
1540 1671 1886 1726 Cistereiensi
1915 1673 2092 1727 editus

511 1770 626 1825 est;
667 1761 744 1816 sic
790 1763 1022 1831 denique
1050 1762 1215 1816 libros
1263 1761 1338 1816 De
1379 1763 1607 1831 imagine
1650 1762 1855 1826 mundi,
1904 1762 1996 1832 qui
2042 1763 2092 1816 in

521 1856 850 1912 Bibliotheca
899 1857 1003 1912 PP.
1050 1857 1290 1912 Honorio
1339 1857 1737 1925 Augustodcnsi
1794 1857 2092 1925 tribuitur,

512 1946 734 1999 omnino
791 1947 1140 2000 exclusimus.
1199 1947 1499 2016 Disputatio
1558 1963 1686 2002 vero
1744 1947 1916 2002 Judaei
1969 1963 2092 2003 cum

511 2033 854 2102 Christiano,
909 2053 1070 2107 quam
1125 2036 1462 2092 Gislehertus
1513 2038 1682 2092 abbas
1750 2037 2094 2092 Westmona-

517 2127 668 2182 stet-ii
701 2128 937 2197 scripsit,
970 2129 1056 2183 hic
1085 2128 1260 2181 locum
1283 2127 1598 2183 obtinnitco
1628 2130 1769 2198 quod
1801 2129 1866 2182 ad
1901 2127 1956 2184 S.
1986 2129 2095 2183 An-

514 2217 742 2272 sehnum
771 2217 838 2272 ab
867 2229 1087 2274 auctore
1116 2220 1319 2274 directa
1353 2219 1539 2286 fuerit,
1565 2236 1662 2276 nec
1695 2221 1748 2275 in
1791 2220 1962 2276 lucem
1992 2221 2092 2274 ha-

512 2314 700 2360 ctenus
730 2308 869 2362 edita
903 2308 992 2362 sit.

583 2395 685 2465 Ipsi
721 2411 785 2450 ex
815 2396 1040 2464 subjecti
1077 2397 1306 2466 paritale
1341 2397 1682 2466 adjunximus
1711 2397 1936 2452 alterum
1967 2399 2092 2452 Dia-

510 2483 690 2554 logum
720 2485 888 2540 Judaei
922 2502 975 2541 et
1012 2485 1326 2552 Christiani,
1373 2503 1476 2542 non
1509 2488 1596 2542 ditt
1629 2495 1749 2557 post
1788 2504 1817 2541 a
1851 2487 2094 2557 lluperto

524 2576 780 2634 l’uiticnsi
809 2581 1184 2650 compositum.
1233 2580 1283 2634 ls
1317 2581 1384 2635 ab
1424 2582 1538 2651 ipso
1581 2591 1808 2637 vocatur
1854 2583 2091 2638 Annulus

511 2669 669 2736 ﬁdei;
694 2670 759 2723 de
787 2685 892 2739 quo
924 2670 1166 2738 pluribus
1199 2672 1250 2725 in
1295 2671 1428 2727 locis
1458 2672 1567 2726 dixi
1606 2671 1658 2725 in
1702 2672 1960 2742 Apologia
1995 2688 2092 2742 pro

519 2761 776 2831 Rupertii.
811 2763 960 2818 llunc
994 2779 1116 2818 cum
1161 2764 1250 2817 diu
1283 2765 1752 2833 conquisivissem,
1786 2774 1970 2834 utpote
1999 2765 2091 2834 qui

514 2853 710 2908 scirem
744 2855 846 2910 hoc
887 2872 1022 2927 opus
1071 2857 1122 2911 in
1168 2857 1326 2912 editis
1365 2857 1658 2913 Tuiticnsis
1700 2859 1912 2914 abbatis
1946 2861 2089 2914 desi-

511 2947 712 3012 derari,
748 2949 920 3004 l'anste
973 2951 1188 3004 tandem
1241 2961 1435 3006 nactus
1483 2967 1624 3015 sum,
1680 2961 1735 3007 et
1785 2952 1848 3005 li.
1905 2951 1966 3006 Ρ.
2024 2951 2088 3005 D.

513 3039 727 3096 Martini
785 3043 850 3098 de
906 3041 1107 3108 Busch,
1161 3044 1358 3114 prioris
1413 3045 1725 3100 monasterii
1784 3044 2088 3112 Lmtiensis,

519 3239 1513 3257 ——*_

2202 481 2377 534 amice
2428 481 2836 545 transmissum,
2893 481 3094 550 publici
3145 479 3289 547 juris
3349 480 3598 544 fecimus,
3653 494 3777 534 eum

2205 571 2484 640 aptissime
2550 571 2709 624 alteri
2765 571 2992 627 alterius
3048 572 3264 627 abbatis
3320 580 3512 627 contra
3563 569 3778 626 Judzeos

2197 662 2419 730 Dialogo
2444 662 2808 719 adnectentes.

2267 753 2764 810 Commentationes
2793 755 2844 809 in
2871 754 3206 822 Matthaaum,
3235 754 3288 809 in
3321 752 3543 810 Cantica
3573 755 3774 818 cantic,

2197 843 2252 898 in
2295 845 2701 916 Apocalypsim,
2745 854 2800 900 et
2849 847 2902 901 in
2934 846 3204 917 Epistolas
3247 844 3421 911 Pauli,
3478 845 3566 900 bic
3613 861 3777 900 excu-

2197 935 2402 991 dendas
2426 953 2530 992 non
2578 938 2856 1002 duximus,
2906 953 3027 992 cum
3078 938 3235 993 nobis
3282 945 3493 992 constet
3533 951 3627 990 eas
3669 951 3773 988 non

2195 1043 2315 1084 esse
2344 1029 2606 1096 Anselmi,
2639 1031 2732 1084 sed
2761 1030 2993 1084 maxime
3029 1029 3259 1094 llervaei,
3285 1029 3537 1085 monachi
3579 1027 3774 1096 Burgi-

2196 1122 2465 1188 dolensis;
2503 1131 2558 1178 et
2595 1123 2810 1177 animus
2838 1123 2906 1178 sit
2933 1137 3124 1177 omnes
3159 1122 3277 1194 ejus
3307 1123 3361 1177 in
3387 1135 3599 1177 sacram
3628 1117 3776 1173 Scri-

2195 1221 2408 1281 pturam
2442 1212 2886 1278 connuentarios,
2929 1227 3066 1282 quos
3109 1213 3162 1266 in
3205 1227 3336 1266 mss.
3367 1211 3650 1267 codicibus
3678 1210 3776 1264 ha-

2196 1301 2403 1368 bemus,
2429 1305 2549 1360 aliis
2579 1305 2720 1376 typis
2748 1305 2930 1370 edere,
2973 1320 3096 1359 cum
3126 1313 3366 1374 tempora
3399 1302 3628 1357 dabunt.

2269 1392 2507 1452 Tandem
2554 1397 2644 1452 hic
2689 1397 2963 1452 monuisse
2985 1396 3160 1466 jvtvat,
3207 1397 3261 1451 1ο
3301 1395 3588 1451 nonnullas
3633 1393 3776 1449 forte

2197 1485 2606 1543 exhortationes
2655 1495 2712 1543 et
2751 1488 3046 1553 orationes,
3099 1487 3272 1542 aliave
3323 1483 3580 1559 op‘uscula
3631 1484 3775 1538 inter

2198 1578 2256 1632 ὃ.
2296 1577 2537 1632 Anselmi
2581 1577 2747 1635 libros
2788 1580 2876 1635 hic
2902 1579 3055 1650 quasi
3099 1579 3393 1645 recenseri,
3438 1591 3559 1648 quze
3592 1585 3770 1629 tamen

2201 1669 2318 1738 ejus
2341 1685 2460 1726 esse
2489 1669 2708 1724 minime
2733 1681 2974 1736 constat;
3001 1681 3056 1725 at
3083 1671 3211 1740 quid
3239 1671 3286 1726 ei
3311 1670 3434 1740 jure
3462 1667 3773 1740 at'judican-

2130 1753 2171 1807 Β
2197 1761 2324 1816 dum
2354 1763 2444 1825 sit,
2472 1762 2709 1817 severior
2745 1776 2972 1816 censura
3000 1763 3137 1816 inira
3183 1761 3515 1838 subjicienda
3556 1760 3776 1814 demon-

2196 1852 2422 1917 stt-abit;
2454 1851 2514 1906 2°
2544 1851 2934 1922 castigationes
2975 1849 3216 1923 singulas
3253 1865 3548 1920 omnesque
3592 1849 3774 1902 varias

2194 1943 2455 1999 lectiones
2483 1943 2549 1997 ad
2577 1943 2738 1998 ﬁnem
2761 1941 2996 2012 Operam
3030 1943 3334 1998 accuratius
3363 1941 3763 2012 scrupulosius-

2194 2049 2301 2104 quc
2331 2033 2583 2089 collectas
2611 2034 2793 2089 recudi
2821 2031 2957 2104 (Nos
3004 2033 3073 2086 ad
3119 2031 3312 2086 calcem
3351 2033 3681 2102 paginarum,
3715 2039 3771 2084 ut

2193 2126 2353 2180 moris
2400 2135 2473 2179 est
2503 2126 2698 2192 nostri,
2747 2127 3040 2195 posuimus.
3098 2125 3256 2178 Ent'r.
3305 2122 3678 2194 PATROLOG.),
3711 2132 3771 2176 ut

2193 2236 2353 2290 quam
2411 2219 2560 2274 varie
2610 2234 2739 2274 mss.
2796 2218 2975 2289 legant
3030 2219 3096 2272 ah
3147 2218 3382 2272 editione
3426 2215 3767 2286 Lugdunensi

2190 2312 2322 2378 anni
2354 2311 2516 2378 1650,
2551 2327 2704 2373 cum.
2719 2327 2822 2382 qua
2853 2312 2966 2380 ipsa
2995 2309 3344 2376 contulimus,
3385 2309 3596 2365 noverit
3619 2309 3770 2380 quis-

2192 2407 2313 2476 quis
2348 2405 2464 2459 istis
2493 2405 2723 2460 voluerit
2752 2405 3054 2460 intendere.

2261 2496 2550 2564 Caeterum,
2597 2513 2666 2552 ne
2715 2496 2845 2567 quid
2893 2496 3079 2567 opella:
3121 2505 3322 2552 nostra:
3368 2495 3495 2551 huic
3542 2494 3767 2549 editiori

2193 2588 2355 2652 desit,
2387 2589 2720 2658 singulorum
2753 2604 2873 2659 qua:
2904 2589 2957 2643 in
2995 2589 3098 2644 hoc
3127 2589 3397 2644 volumine
3425 2588 3773 2642 continentur

2191 2696 2415 2749 operum
2447 2695 2730 2736 censuram
2757 2677 3128 2747 subjiciemus,
3161 2695 3229 2734 ex
3258 2694 3362 2750 qua
3402 2677 3564 2733 facile
3591 2677 3771 2747 quivis

2191 2772 2371 2842 spuria
2403 2789 2432 2826 a
2480 2771 2736 2843 legitimis
2781 2771 2840 2825 S.
2885 2771 3126 2827 Ansclmi
3169 2772 3424 2842 operibus
3454 2771 3768 2832 discernet;

2191 2875 2244 2922 et
2267 2881 2372 2934 qua
2401 2875 2562 2919 :etatc
2590 2879 2764 2934 quove
2787 2875 3010 2920 auctore
3034 2866 3454 2935 unumquodque
3483 2862 3769 2932 prodierit,

2189 2965 2450 3025 quantum
2483 2955 2534 3008 in
2564 2955 2648 3010 his
2678 2954 2949 3022 conjicere
2983 2955 3162 3020 datur,
3193 2955 3342 3009 nullo
3371 2954 3559 3009 labore
3587 2953 3774 3022 digno-

2190 3055 2338 3102 seet:
2371 3055 2560 3100 nostro
2588 3045 2805 3100 interim
2833 3045 3058 3100 fruazur.

949 3385 1523 3503 OPERUM
1639 3386 1758 3502 S.
1870 3383 2487 3500 ANSELMI
2604 3381 3306 3502 CENSUBA.

1003 3704 1248 3759 (Sensum
1282 3701 1588 3772 Ma‘nologii.

591 3794 742 3848 Hunc
791 3793 985 3848 librttm
1038 3794 1236 3848 habent
1283 3809 1472 3849 omnes
1517 3793 1804 3856 editiones,
1844 3801 1899 3846 et
1938 3791 2086 3846 illum

513 3887 772 3940 Anseltno
800 3885 1109 3952 adjudicant
1137 3887 1317 3940 omnia
1347 3901 1467 3939 ettm
1498 3899 1696 3938 excusa
1743 3895 1854 3937 tum
1892 3899 2088 3937 manu-

512 3978 731 4046 scripta.
779 3976 927 4032 illius
968 3976 1082 4047 ipSe
1129 3977 1374 4033 meminit
1417 3975 1661 4045 pluribus
1691 3975 1744 4030 in
1771 3973 1903 4031 locis
1947 3975 2088 4030 intra

511 4067 764 4122 citandis.

582 4158 695 4212 lloc
733 4173 866 4228 Oplls
907 4174 1014 4228 quo
1054 4159 1244 4214 ordine
1281 4167 1337 4212 et
1371 4172 1475 4226 qua
1505 4164 1664 4211 aetate
1698 4156 1960 4226 scriptum
1991 4156 2086 4221 sit,

513 4263 622 4302 non
655 4249 726 4301 ita
752 4258 989 4302 constat.
1019 4247 1150 4301 lllud
1176 4256 1298 4317 post
1323 4258 1555 4317 quatuor
1584 4246 1854 4317 Dialogus,
1884 4248 1950 4302 de
1970 4247 2089 4316 qni-

512 4343 610 4394 bus
641 4340 797 4408 infra,
830 4339 1090 4408 scriptum
1124 4340 1348 4394 innuere
1389 4339 1598 4393 videtur
1628 4339 1924 4393 Eadmerns
1951 4337 2010 4410 (ι.
2046 4354 2083 4392 t.

514 4433 592 4486 De
653 4431 766 4486 Vita
813 4429 870 4487 S.
915 4432 1170 4496 Anselmi,
1213 4431 1314 4486 col.
1353 4431 1466 4500 6'5),
1509 4448 1572 4486 ex
1618 4431 1770 4499 cujus
1813 4431 1918 4486 ﬁde
1946 4430 2087 4484 idem

513 4524 693 4575 caeteri
723 4531 966 4584 censent,
992 4522 1238 4590 quintum
1268 4522 1441 4576 locum
1467 4523 1591 4576 huic
1613 4523 1761 4590 operi
1790 4523 2091 4576 conceden-

519 4623 618 4664 tes.
655 4609 850 4665 Verum
886 4611 1108 4678 hujusce
1142 4611 1264 4666 libri
1305 4613 1508 4667 mentio
1537 4613 1701 4667 multa
1740 4613 1800 4667 lit
1833 4613 1886 4666 in
1916 4612 2088 4682 primo

516 4703 694 4772 rapite
719 4704 880 4773 primi
908 4705 1165 4758 horumce
1206 4704 1572 4776 Dialogorum,
1608 4705 1804 4775 dialogi
1840 4703 2090 4760 videlicet

516 4796 590 4850 De
625 4798 855 4850 raritate.
905 4794 1058 4851 Unde
1095 4797 1286 4852 confici
1332 4799 1545 4852 videtur
1576 4799 1719 4854 lmuc
1765 4798 1959 4852 librum
1989 4797 2089 4851 ltu-

511 4884 746 4953 jusmodi
776 4885 1004 4956 dialogis
1032 4902 1136 4940 non
1175 4902 1297 4942 esse
1325 4890 1700 4958 posteriorem.
1726 4887 1891 4942 Pater
1915 4886 2090 4942 Theo-

513 4977 708 5047 phylus
757 4976 1088 5047 Raynandus
1140 4989 1291 5047 putat
1341 4979 1418 5049 (in
1468 4978 1628 5048 hujus
1681 4978 1801 5032 libri
1853 4979 2084 5047 syntaxi,

2117 3705 2161 3766 C
2194 3700 2327 3754 atria
2375 3699 2749 3768 exponendum
2805 3698 3066 3761 resumit,
3116 3707 3173 3752 et
3222 3699 3357 3753 bene
3403 3697 3638 3768 positum
3691 3698 3771 3753 sic

2191 3791 2530 3845 demonstrat
2572 3799 2631 3844 ut
2675 3789 2971 3859 discipulus
3017 3790 3149 3845 nihil
3199 3789 3316 3858 ejus
3360 3792 3556 3846 rationi
3612 3806 3771 3861 posse

2191 3882 2354 3952 objici
2391 3874 2733 3952 resp'ondeal.
2769 3881 2962 3936 Totam
2999 3881 3163 3953 igitur
3211 3881 3435 3950 hujusce
3463 3884 3656 3954 dialogi
3685 3899 3774 3938 se-

2190 3975 2325 4030 riem
2358 3974 2681 4039 attendenti,
2713 3975 2815 4029 ista
2852 3991 2916 4030 ex
2950 3974 3254 4046 Monologio
3281 3991 3385 4031 non
3427 3975 3601 4032 fuisse
3643 3977 3770 4030 huic

2190 4063 2404 4136 dialogo
2457 4064 2665 4135 adjecta
2727 4065 2913 4136 liquet.
2975 4067 3128 4122 Adde
3184 4067 3328 4137 quod
3391 4069 3570 4122 omnia
3635 4083 3770 4121 mss.

2190 4158 2267 4213 sic
2317 4157 2521 4229 legunt.
2551 4159 2661 4214 Nec
2690 4159 2989 4214 Eadmerus
3034 4160 3136 4214 hoc
3180 4175 3317 4228 opus
3362 4169 3485 4229 post
3528 4158 3773 4228 dialogrs

2191 4248 2393 4302 editum
2430 4249 2647 4313 asserit,
2689 4248 2782 4304 sed
2827 4259 3112 4318 postquam
3153 4250 3220 4302 ab
3248 4249 3506 4304 Anselmo
3535 4246 3772 4316 scriptos

2191 4337 2362 4393 fuisse
2391 4339 2553 4394 hosce
2587 4337 2839 4408 Dialogos
2865 4339 3021 4405 dixit,
3046 4338 3319 4408 subjungit
3347 4355 3360 4391 :
3398 4335 3543 4392 Ferit
3565 4353 3770 4408 quoque

2191 4427 2420 4482 libellum
2444 4445 2602 4482 unum
2624 4444 2774 4496 quem
2796 4429 2849 4482 Μ
2856 4429 3134 4500 analogian
3154 4427 3586 4500 appellavit,qu;e
3607 4429 3770 4482 verba

2191 4535 2297 4576 non
2341 4531 2575 4591 arguunt
2616 4523 2762 4577 hunc
2797 4522 2992 4576 librum
3042 4537 3147 4577 non
3189 4522 3294 4577 nisi
3343 4531 3464 4591 post
3516 4521 3771 4590 Dialogus

2189 4615 2477 4684 prodiisse.
2509 4613 2664 4682 Quod
2699 4623 2878 4669 autem
2910 4614 3197 4686 Monologii
3239 4614 3454 4668 nomine
3493 4613 3630 4668 liber
3666 4613 3768 4666 iste

2191 4703 2499 4773 proferatur
2530 4705 2582 4758 in
2621 4705 2646 4758 l
2679 4714 2734 4760 et
2762 4704 2830 4758 10
2891 4704 2987 4776 [αι.
3032 4705 3122 4777 ll]
3150 4705 3328 4775 capite
3359 4705 3516 4760 istius
3549 4704 3768 4774 dialogi,

2192 4795 2352 4850 facile
2380 4797 2686 4851 censuerim
2719 4797 2820 4852 hoc
2852 4797 3156 4867 appositum
3173 4805 3460 4868 postquam
3482 4796 3774 4851 Anselmns

2192 4886 2352 4956 hujus
2379 4889 2560 4958 operis
2597 4888 2807 4943 titulum
2836 4889 3163 4955 immutavit,
3201 4899 3256 4943 et
3283 4888 3639 4960 Monologium
3671 4903 3768 4942 vo-

2193 4979 2347 5033 citari
2375 4979 2562 5034 voluit.
2591 4978 2813 5034 Constat
2838 4993 2968 5049 ergo
2994 4979 3096 5034 hoc
3118 4994 3256 5050 opus
3276 4980 3344 5034 ab
3368 4980 3626 5036 Anselmo
3648 4994 3773 5034 esse

511 5080 563 5131 ῃ.
591 5061 718 5132 455)
744 5063 845 5116 ista
867 5077 930 5117 ex
957 5061 1257 5133 Monologio
1286 5074 1472 5132 postea
1503 5065 1706 5116 inserta
1739 5064 1852 5117 sive
1881 5071 2085 5116 attexta
2120 5067 2164 5122 D
2191 5067 2550 5137 compositum
2599 5077 2885 5138 antequam
2928 5069 3201 5141 dialogum
3243 5069 3320 5123 De
3367 5069 3578 5124 veritate
3628 5071 3767 5123 scti-

515 5151 683 5207 fuisse
713 5153 838 5208 huic
869 5153 1101 5226 dialogo.
1133 5153 1230 5207 Cui
1275 5151 1604 5221 conjectura:
1645 5151 1832 5206 favere
1874 5152 2088 5205 videtur

518 5244 660 5313 quod
694 5261 887 5300 nomen
919 5246 1227 5318 Monologii,
1264 5261 1370 5315 quo
1407 5261 1471 5299 cu
1509 5247 1559 5299 in
1599 5247 1774 5314 capite
1821 5245 1957 5298 liber
1986 5244 2090 5299 iste

513 5345 764 5400 vocatur,
793 5352 896 5391 non
937 5338 1099 5394 fuerit
1124 5340 1172 5394 ei
1200 5340 1478 5408 praeﬁxum
1511 5337 1611 5391 nisi
1643 5338 1732 5392 diu
1769 5347 1885 5407 post
1913 5338 2089 5393 editos

514 5426 820 5494 hujusmodi
853 5428 1123 5500 Dialogos,
1169 5439 1226 5484 ut
1268 5429 1408 5484 infra
1453 5429 1682 5484 dicetur.
1727 5428 2092 5482 Nihilominus

515 5531 696 5576 tamen
725 5521 862 5576 fallit
889 5523 999 5576 hrec
1027 5522 1369 5592 conjectatio.
1405 5520 1537 5575 Nam
1561 5520 1662 5576 hoc
1682 5519 1824 5591 quod
1848 5521 2082 5590 discipu-

513 5610 598 5666 lus
631 5612 681 5666 in
717 5629 783 5668 eo
815 5613 989 5682 primo
1016 5615 1194 5683 capite
1237 5613 1536 5667 adduxerat
1580 5628 1644 5668 ex
1675 5613 1995 5681 Monologio,
2034 5615 2085 5667 id

517 5703 567 5754 in
603 5703 814 5757 decimo
838 5703 1074 5769 ejusdem
1107 5702 1303 5771 dialogi
1341 5703 1516 5770 capite
1546 5704 1803 5772 magister
1834 5718 1897 5755 ex
1927 5703 2084 5755 indu-

2192 5159 2382 5227 pserit.

2275 5249 2463 5304 Verum
2506 5263 2611 5304 non
2651 5249 3205 5320 scriptionis'ordine
3250 5249 3536 5313 duntaxat,
3580 5247 3674 5303 scd
3716 5257 3770 5304 et

2193 5340 2493 5407 argumenti
2517 5339 2779 5410 dignitate
2803 5342 3037 5410 primum
3063 5352 3164 5397 est.
3192 5341 3246 5395 In
3274 5355 3338 5394 eo
3361 5341 3504 5395 enim
3528 5340 3775 5410 pluribus

2193 5440 2248 5483 et
2274 5430 2490 5500 quidem
2529 5431 2853 5486 necessariis
2885 5432 3184 5488 rationibus
3225 5432 3341 5486 sine
3363 5431 3769 5500 Scripturarnm

2197 5521 2519 5573 auctoritate
2562 5518 2619 5572 S.
2658 5519 2947 5574 Ansclmus
2986 5521 3036 5574 itt
3067 5536 3293 5590 persona
3327 5520 3553 5590 alit'ujus
3584 5535 3765 5573 secum

2196 5609 2570 5665 ratiocinantis
2611 5611 2804 5679 probat
2841 5611 3101 5680 quidquid
3137 5613 3240 5666 ﬁde
3269 5614 3333 5666 de
3361 5612 3450 5665 Dei
3479 5611 3767 5664 t'xistcnlia

2194 5710 2242 5753 et
2274 5701 2506 5753 essentia
2543 5701 2832 5754 credimus.
2864 5699 3007 5771 Illinc
3041 5702 3167 5756 illud
3203 5719 3338 5771 opus
3369 5705 3722 5768 inscripserat
