4068 6286
289 387 351 442 17
1341 389 1661 448 eENSURA
1692 388 1977 448 OPERUM
2010 393 2068 448 S.
2115 392 2436 448 ANSELML
2560 386 2562 388 ⁷
3469 397 3530 450 18

287 502 594 571 Exemplum
631 505 921 560 meditandi
949 505 1014 561 tle
1041 506 1242 560 ratione
1267 507 1412 576 ﬁdei,
1446 505 1592 560 nullo
1615 507 1856 561 auctoris
1884 508 1929 566 Α

259 597 499 670 nomine
525 597 833 666 praeposito,
883 606 942 652 ut
980 597 1200 669 praefert
1245 613 1346 654 ms.
1392 598 1673 668 Sagiense,
1713 599 1856 668 quod

284 696 569 759 prepterea
596 688 808 743 caeteris
835 688 1113 758 antiquius
1141 688 1409 756 ducimus;
1448 688 1644 744 deinde
1669 687 1855 744 Mono-

282 779 480 846 logium
520 779 872 849 nuncupavit.
905 778 1128 852 Hugone
1150 795 1280 836 vero
1305 779 1647 848 Lugdunensi
1673 780 1856 836 archi-

279 873 532 941 episcopo
563 871 792 942 jubente
827 879 888 926 ut
925 887 1122 928 nomen
1167 888 1324 928 suum
1351 872 1426 926 illi
1453 871 1851 942 praescriberet,

279 963 395 1030 ipse
419 961 532 1031 jam
575 963 744 1018 abbas
773 963 1084 1028 Becccnsis,
1118 963 1247 1019 illud
1277 963 1660 1034 Monologium,
1687 963 1739 1018 id
1769 971 1854 1018 est

279 1053 654 1122 Soliloquium,
685 1053 1004 1110 nominavit.
1039 1055 1165 1110 [hec
1194 1069 1258 1109 ex
1294 1054 1408 1124 ipso
1436 1054 1645 1109 discere
1671 1063 1754 1108 est
1798 1053 1851 1107 in

276 1141 394 1212 ejus
436 1141 661 1212 prologo
707 1143 773 1196 ad
815 1142 1129 1214 Proslogion
1162 1153 1218 1197 et
1259 1143 1312 1197 in
1358 1143 1628 1212 capitibus
1656 1141 1688 1195 4
1721 1149 1776 1196 ει
1819 1140 1852 1194 9

277 1231 403 1285 libri
434 1231 510 1284 De
545 1232 651 1300 ﬁde
688 1231 837 1285 Trin.
876 1244 924 1286 et
963 1234 1028 1287 de
1062 1237 1267 1287 ineant.
1321 1232 1492 1293 Verbi,
1533 1243 1588 1286 et
1638 1233 1690 1286 iu
1733 1233 1853 1302 ejus

275 1321 507 1390 epistola
551 1323 618 1376 ad
667 1321 972 1394 Hugonem,
1012 1338 1133 1394 quae
1181 1331 1266 1378 est
1317 1323 1379 1378 17
1425 1321 1545 1377 libri
1599 1337 1659 1388 ιι,
1701 1330 1758 1377 ει
1797 1322 1850 1376 in

273 1411 503 1480 epistola
549 1412 615 1468 ad
661 1413 1046 1480 Lanfrancum,
1095 1430 1214 1485 qua:
1251 1423 1338 1470 est
1379 1414 1447 1470 65
1478 1414 1602 1469 libri
1649 1429 1686 1482 ι,
1715 1421 1769 1468 ει
1797 1413 1849 1468 in

272 1502 436 1573 epist.
489 1504 557 1558 ad
605 1502 947 1572 Mauricium,
999 1519 1119 1576 qua:
1165 1514 1251 1562 est
1304 1505 1374 1561 05
1431 1505 1669 1576 ejusdem
1725 1504 1850 1561 libri

267 1594 458 1664 primi.

337 1683 498 1739 Hu‘nc
532 1695 715 1742 autem
752 1685 948 1742 librum
981 1686 1307 1744 instantibus
1332 1687 1444 1742 suis
1467 1686 1770 1752 monachis,
1794 1695 1851 1742 et

268 1775 510 1830 naxime
533 1774 816 1841 Mauricio,
843 1777 1151 1844 Ansclmus,
1184 1787 1296 1832 tum
1324 1777 1483 1833 Becci
1516 1778 1686 1848 prior,
1712 1777 1850 1832 scri-

2195 507 2440 564 Cexsuns
2471 506 2842 578 Responsionis
2871 525 2964 579 pro
2995 509 3288 580 insipiente.

2027 593 2162 648 Cum
2219 597 2553 666 Pt‘oslogium
2606 597 2658 651 in
2700 612 2892 652 manus
2942 599 3222 668 cujusdam
3271 603 3532 663 venisset,

1955 685 2046 755 qui
2088 685 2229 740 hanc
2256 686 2496 742 Anselmi
2523 688 3074 757 argumentationem,
3103 689 3156 742 id
3189 690 3331 760 quod
3360 692 3534 762 majus

1954 776 2181 846 cogitari
2207 776 2404 846 nequit,
2427 785 2503 830 est
2531 777 2717 833 saltem
2747 779 2802 833 in
2826 778 3110 846 intellectu,
3141 796 3264 851 ergo
3284 790 3331 835 et
3361 799 3532 837 neces-

1954 867 2098 921 sario
2143 866 2315 936 reipsa
2357 867 2563 934 existet,
2612 884 2722 923 non
2769 878 2945 924 ratam
2988 884 3118 925 esse
3156 881 3378 940 putans,
3413 887 3530 926 eam

1955 956 2202 1013 refellere
2247 957 2506 1028 gestiens,
2545 959 2810 1030 scriptum
2861 960 2992 1015 illud
3031 961 3223 1025 edidit,
3257 972 3317 1017 ut
3349 974 3534 1016 narrat

1953 1045 2256 1102 Eadmerus
2291 1047 2384 1104 lib.
2417 1063 2436 1102 ι
2474 1048 2550 1104 1)ε
2577 1047 2700 1104 Vita
2736 1047 2794 1104 S.
2831 1049 3094 1117 Anselmi,
3140 1051 3246 1106 col.
3281 1052 3378 1107 cit.
3424 1052 3536 1107 lloc

1953 1150 2090 1206 Opus
2125 1137 2308 1192 varias
2338 1137 2502 1193 habet
2532 1138 2951 1206 intitulationes,
2997 1155 3135 1210 quas
3183 1143 3366 1199 videre
3410 1142 3535 1199 licet

1955 1226 2010 1281 in
2035 1229 2205 1284 variis
2241 1229 2467 1300 hujusce
2501 1230 2666 1286 libelli
2697 1230 3022 1288 lectionibus
3054 1234 3122 1287 ad
3159 1234 3366 1289 calcem
3391 1238 3531 1304 0pc-

1952 1336 2073 1376 rum
2120 1321 2330 1392 positis.
2381 1321 2439 1377 ln
2480 1322 2639 1393 hujus
2680 1325 3048 1394 responsionis
3087 1325 3195 1382 line
3241 1327 3534 1398 plurimum

1953 1410 2366 1464 commendatur
2391 1409 2529 1465 liber
2555 1411 2841 1484 Proslogii.

2014 1497 2250 1567 Hujusce
2276 1515 2406 1556 vero
2449 1501 2838 1572 Responsionis
2874 1505 2995 1574 quis
3021 1513 3211 1560 auctor
3240 1515 3383 1563 esset
3420 1508 3528 1563 An-

1949 1591 2153 1647 selmus
2181 1592 2317 1647 adeo
2349 1600 2528 1648 tacere
2549 1592 2740 1658 voluit,
2771 1604 2827 1649 ut
2855 1609 2978 1650 eum
3001 1611 3106 1650 non
3129 1612 3248 1652 esse
3273 1597 3532 1666 insipien-

1953 1680 2083 1750 tem,
2127 1684 2222 1739 sed
2265 1681 2600 1739 Catholicum
2649 1684 2851 1742 dixisse
2886 1688 3020 1741 satis
3050 1703 3170 1742 esse
3203 1691 3422 1745 duxerit
3476 1691 3529 1744 in

1951 1774 2175 1846 prologo
2224 1775 2304 1831 sui
2354 1775 2711 1848 Apologetici,
2762 1791 2885 1847 pag.
2935 1777 3022 1831 37.
3077 1778 3230 1835 Unde
3265 1781 3529 1837 hactenus

265 1869 397 1936 psit,
425 1879 481 1926 et
501 1881 790 1940 antequam
811 1870 1110 1940 evulgaret,
1140 1870 1522 1940 corrigendum
1547 1868 1851 1925 Lanfranco
1881 1853 1924 1912 Β
1955 1864 2182 1934 hujusce
2226 1865 2625 1936 Respondentis
2665 1882 2862 1923 nomen
2906 1869 3146 1923 auditum
3179 1885 3284 1925 non
3330 1871 3534 1938 fuerat,

260 1958 373 2028 iam
409 1973 519 2017 tum
555 1963 964 2034 archiepiscopo
1005 1963 1174 2028 misit,
1215 1970 1274 2017 ut
1311 1963 1438 2033 ipse
1469 1962 1584 2017 suis
1627 1961 1694 2016 ad
1726 1977 1848 2018 eum

263 2053 516 2121 epistolis
554 2063 803 2112 testatur.
837 2053 972 2110 Vide
1012 2053 1109 2110 lib.
1138 2069 1214 2121 Iv,
1247 2053 1410 2126 epist.
1447 2052 1570 2120 102,
1597 2060 1653 2108 ει
1681 2051 1776 2108 lib.
1807 2068 1846 2118 ι,

260 2149 431 2215 epist.
457 2145 544 2201 65.

333 2237 476 2290 Cum
507 2245 686 2290 autem
720 2235 779 2291 S.
816 2235 1104 2292 Anselmus
1129 2250 1194 2292 eo
1232 2235 1286 2291 in
1317 2235 1458 2292 libro
1483 2235 1713 2291 dixisset
1745 2249 1850 2290 non

258 2327 492 2398 proprie
513 2327 620 2382 dici
651 2329 703 2382 in
732 2328 843 2384 Deo
867 2339 976 2385 tres
995 2343 1257 2400 personas
1278 2330 1552 2401 quomodo
1587 2339 1702 2385 tres
1726 2329 1852 2384 sub.

260 2418 528 2485 stantias,
564 2427 693 2484 etc.,
737 2419 863 2476 inde
905 2433 935 2474 ε
981 2419 1256 2474 nonnullis
1299 2421 1667 2491 reprehensus
1688 2429 1792 2484 est,
1821 2435 1851 2474 a

261 2524 504 2578 quorum
537 2523 766 2564 censura
795 2523 854 2566 se
879 2509 1180 2564 vindicavit
1209 2509 1270 2564 Β.
1299 2509 1587 2580 Augustini
1615 2507 1844 2563 auctori-

265 2609 404 2660 tate,
437 2607 498 2652 ut
523 2599 639 2668 ipse
667 2599 844 2655 adhuc
880 2599 1034 2669 prior
1061 2599 1257 2654 scribit
1281 2599 1550 2654 Rainaldo
1587 2598 1769 2654 abbati
1801 2599 1854 2654 in

263 2687 500 2758 epistola
531 2703 651 2758 qua:
676 2698 761 2744 est.
785 2687 853 2742 74
888 2687 925 2742 l.
954 2703 992 2754 ι,
1025 2697 1082 2743 ει
1107 2687 1416 2744 Lanfranco
1446 2688 1856 2758 archiepiscopo

266 2783 320 2839 in
353 2779 518 2852 epist.
547 2795 668 2851 qua:
697 2789 779 2836 est
801 2779 870 2835 68
895 2779 990 2836 lib.
1023 2795 1062 2835 ι.

773 2871 1024 2928 (Ξειιευιιλ
1066 2869 1348 2943 Proslogii.

348 2961 529 3032 Hujus
559 2961 680 3016 libri
705 2971 1084 3033 argumentum
1110 2972 1167 3018 et
1197 2962 1617 3017 intitulationcm
1643 2961 1853 3016 discere

267 3054 454 3124 quivis
487 3061 666 3124 potest
701 3055 770 3110 ab
815 3055 1086 3110 Eadmero
1120 3056 1174 3110 in
1208 3055 1300 3110 lib.
1345 3070 1363 3108 ι
1401 3054 1475 3109 De
1501 3054 1608 3108 vita
1655 3054 1712 3110 S.
1738 3055 1852 3109 An-

269 3144 430 3199 selmi
477 3144 604 3214 (col.
648 3144 762 3216 65),
822 3160 887 3199 ex
941 3145 1162 3216 prologo
1209 3143 1438 3216 hujusce
1489 3144 1633 3212 libri,
1684 3154 1739 3200 et
1783 3161 1852 3201 cx

269 3235 434 3305 epist.
475 3234 532 3289 11
567 3244 624 3290 ει
659 3235 725 3290 17
766 3235 890 3291 libri
935 3253 994 3291 ιι.
1029 3236 1145 3292 Hoc
1171 3251 1306 3307 Opus
1337 3237 1477 3292 inter
1502 3236 1607 3290 alia
1637 3235 1696 3291 S.
1741 3238 1849 3291 An-

272 3325 429 3379 selmi
467 3334 650 3380 exstat
695 3326 748 3380 in
791 3325 1044 3382 omnibus
1087 3326 1250 3382 editis
1289 3342 1356 3382 ac
1401 3341 1533 3382 mss.
1580 3325 1639 3380 In
1689 3325 1850 3381 editis

272 3413 494 3482 quidem
527 3414 846 3470 inscribitur
881 3414 1252 3486 Prosologion,
1307 3416 1400 3471 sed
1437 3431 1536 3486 per
1565 3431 1847 3470 errorem:

277 3503 663 3561 inscribendus
688 3506 831 3562 enim
856 3515 940 3560 est
963 3505 1063 3561 iste
1112 3505 1269 3570 liber,
1297 3504 1632 3576 Proslogion,
1670 3515 1730 3558 ut
1757 3506 1852 3560 ha-

271 3597 399 3655 bent
430 3617 559 3656 mss.
593 3601 698 3657 464
742 3611 796 3658 ει
826 3602 967 3658 2267
1019 3602 1370 3659 Bibliotheca:
1413 3605 1595 3674 Regia:
1639 3612 1695 3659 et
1744 3602 1850 3657 alia

274 3693 610 3762 antiquiora,
637 3701 696 3748 ut
715 3693 902 3748 videre
922 3693 1053 3749 licet
1077 3693 1129 3749 in
1151 3695 1598 3766 castigationibus
1626 3708 1763 3764 quas
1784 3692 1851 3747 ad

273 3783 483 3838 calcem
512 3782 748 3854 Operum
771 3784 1069 3855 posuimus.

341 3873 499 3942 Quod
521 3875 811 3931 Anselmus
833 3876 1011 3932 adhuc
1033 3877 1184 3948 prior
1207 3877 1388 3944 Becci,
1415 3887 1470 3933 et
1492 3879 1707 3948 quidem
1731 3888 1851 3948 post

276 3964 659 4036 Monologium,
692 3967 865 4036 ipsum
896 3971 1265 4038 composuerit
1305 3974 1391 4038 (ab
1449 3986 1577 4024 ann.
1609 3969 1747 4024 1065
1781 3970 1850 4023 ad

276 4073 364 4112 en.
395 4057 583 4127 1077),
619 4072 687 4114 ex
718 4059 983 4115 Eadmero
1016 4060 1120 4116 loc.
1164 4063 1258 4116 cit.
1291 4061 1465 4131 palam
1495 4069 1599 4117 est.
1631 4061 1759 4127 Quae
1787 4075 1852 4115 eo

279 4144 331 4199 in
377 4146 644 4215 opusculo
698 4147 766 4202 de
821 4146 1004 4201 divina
1062 4155 1258 4201 natura
1324 4157 1382 4202 et
1429 4147 1548 4217 ejus
1603 4146 1850 4217 personis

279 4231 334 4287 S.
362 4235 653 4291 Ansehnus
673 4236 991 4301 edisseruit,
1015 4236 1129 4305 ipse
1150 4237 1496 4292 commendat
1521 4237 1574 4290 in
1596 4253 1644 4292 c.
1668 4236 1702 4290 4
1728 4235 1848 4289 libri

278 4323 352 4381 De
393 4326 503 4396 fide
554 4325 829 4382 Trinitatis
873 4335 922 4380 et
952 4326 1016 4380 de
1064 4324 1438 4380 Incarnatione
1495 4324 1668 4380 Verbi.
1721 4325 1851 4392 Quae

277 4425 458 4471 autem
499 4416 554 4470 in
596 4431 660 4471 eo
689 4417 755 4472 de
783 4417 946 4487 pleno
986 4416 1338 4471 beatitudinis
1373 4417 1569 4487 gaudio
1607 4415 1850 4472 elocutus

1952 1959 2096 2030 quod
2121 1974 2219 2015 nos
2245 1958 2637 2017 declaravimus
2663 1976 2729 2016 ex
2759 1975 2892 2017 mss.
2915 1962 3017 2017 fide
3037 1979 3155 2031 quae
3177 1963 3530 2020 Gaunilonem

1952 2049 2519 2122 Majoris-Monasterii
2577 2053 2904 2110 monachum
2955 2055 3116 2125 hujus
3161 2043 3532 2126 responsionis

1950 2154 2233 2200 auctorem
2283 2145 2646 2216 proclamant.
2702 2145 2833 2202 Vide
2870 2147 3055 2203 varias
3093 2149 3317 2218 hujusce
3365 2159 3418 2206 et
3449 2166 3533 2206 se-

1955 2235 2176 2302 quentis
2217 2235 2460 2304 opusculi
2509 2236 2792 2292 lectiones.
2837 2238 3144 2308 Abeatjam
3182 2257 3314 2310 ergo
3345 2242 3530 2310 procul

1957 2323 2234 2382 Francisci
2267 2325 2380 2381 Pici
2404 2326 2672 2382 sententia
2697 2328 2800 2384 hoc
2820 2343 2956 2398 opus
2982 2331 3270 2386 tribuentis
3296 2331 3532 2387 ιιυυθι-ιο

1955 2415 2135 2483 Olkot,
2179 2433 2339 2487 quem
2391 2427 2607 2478 constat
2645 2421 2894 2477 ducentis
2936 2423 3093 2477 antiis
3131 2439 3252 2478 esse
3278 2423 3536 2478 Ansclmo

1949 2507 2247 2576 iuniorem.
2280 2509 2330 2564 Is
2360 2509 2575 2580 quidem
2603 2519 2660 2566 et
2685 2527 2807 2567 cum
2830 2527 2896 2569 eo
2920 2513 3010 2568 alii
3041 2515 3181 2570 hanc
3205 2513 3264 2570 S.
3292 2516 3531 2570 Anselmi

1958 2598 2453 2666 ratiocinationem,
2499 2601 2667 2657 veluti
2716 2619 2837 2674 quae
2883 2604 2936 2659 in
2983 2605 3211 2676 logicam
3261 2619 3533 2677 peccaret,

1956 2689 2336 2758 exploserunt;
2385 2692 2478 2747 sed
2529 2692 2706 2747 ausim
2757 2693 2939 2749 dicere
2981 2697 3124 2765 quod
3164 2713 3263 2751 nec
3303 2713 3421 2752 eam
3455 2700 3530 2751 iu-

1958 2783 2305 2837 tellexerunt.
2356 2783 2506 2840 Alius
2553 2783 2691 2840 forte
2737 2783 2960 2842 dabitur
3007 2787 3073 2843 de
3123 2803 3188 2843 ea
3231 2790 3532 2843 disserendi

1953 2873 2126 2929 locus.

1955 2982 2203 3040 CENSURA
2234 3001 2372 3040 metu
2407 2986 2967 3061 contraGannilonem
2997 2990 3388 3058 respondentem
3433 3008 3528 3061 pro

2590 3059 2885 3128 insipiente.

2029 3145 2258 3212 Quidam
2295 3147 2353 3201 S.
2387 3147 2630 3203 Anselmi
2663 3147 2872 3202 amicus
2897 3149 2964 3202 ad
3000 3165 3120 3203 eum
3151 3151 3300 3205 misit
3327 3150 3530 3205 Cauni-

1907 3227 1920 3246 ⁴
1955 3233 2094 3290 Iouis
2127 3237 2558 3306 responsionem.
2596 3252 2760 3306 quam
2798 3247 2855 3292 ut
2883 3247 3104 3292 sanctus
3135 3240 3326 3294 doctor
3358 3240 3531 3294 cousi-

1953 3325 2186 3392 deravit,
2235 3328 2452 3392 gavisus
2483 3337 2584 3394 est,
2615 3336 2670 3380 et
2691 3341 2832 3392 eam,
2860 3327 3110 3397 adjuncta
3141 3327 3529 3387 confutationc.

1952 3417 2125 3471 eidem
2157 3416 2332 3470 amico
2365 3417 2595 3480 remisit,
2636 3425 2693 3468 ιιι
2727 3423 2956 3469 testatur
2988 3415 3288 3470 Eadmerus
3319 3415 3354 3469 I.
3387 3431 3403 3469 ι
3447 3416 3522 3468 De

1952 3509 2058 3562 vita
2091 3510 2150 3564 S.
2180 3509 2442 3575 Anselmi,
2479 3509 2584 3564 col.
2622 3509 2717 3564 cit.
2751 3507 2877 3562 llaec
2915 3507 3219 3564 confutatio
3245 3507 3443 3579 legitur
3474 3509 3526 3562 in

1953 3603 2206 3658 omnibus
2238 3601 2296 3657 S.
2328 3601 2568 3657 Anselmi
2614 3610 2722 3656 tam
2757 3600 2972 3656 excusis
3000 3615 3164 3670 quam
3209 3614 3340 3654 mss.
3375 3600 3524 3654 codi-

1953 3691 2128 3748 cibus.
2173 3692 2228 3746 ιιι
2266 3707 2398 3748 mss.
2444 3691 2548 3747 142
2594 3690 2940 3746 bibliothecae
2989 3689 3196 3744 Domus
3240 3687 3298 3744 S.
3356 3687 3530 3751 Petri,

1956 3791 2119 3839 tract.
2148 3786 2205 3850 ’5,
2241 3793 2419 3840 exstat
2463 3784 2564 3840 sub
2607 3785 2710 3838 hoc
2742 3782 2898 3837 titulo
2933 3799 2946 3836 :
2980 3781 3176 3837 Contra
3205 3782 3528 3849 insipientes.

1954 3874 2010 3930 In
2056 3891 2186 3931 mss.
2234 3875 2482 3930 biblioth.
2521 3874 2656 3930 aula:
2696 3872 3044 3936 Pembroch.,
3085 3879 3239 3925 tract.
3293 3871 3346 3935 8,
3389 3871 3531 3924 hunc

1954 3964 2176 4036 praefert
2217 3965 2429 4019 titulum
2460 3979 2475 4017 :
2506 3962 2702 4018 Contra
2752 3963 3143 4034 respondentem
3180 3961 3530 4029 insipientem.

1953 4057 2009 4112 ln
2041 4075 2104 4112 ea
2137 4055 2450 4126 spectabilis
2476 4063 2560 4109 est
2596 4053 2834 4108 Anselmi
2877 4052 3166 4114 modestia,
3208 4051 3323 4120 qui,
3356 4061 3416 4103 ιιι
3445 4066 3530 4105 re-

1954 4147 2063 4202 fert
2094 4146 2392 4201 Eadmcrus
2417 4143 2538 4198 loco
2564 4143 2683 4206 cit.,
2717 4142 2920 4213 gratias
2955 4141 3066 4212 agit
3107 4154 3206 4194 suo
3238 4139 3530 4208 reprehen-

1955 4238 2108 4302 sori;
2159 4251 2318 4306 quem
2353 4252 2458 4291 non
2507 4234 2849 4304 insipientem
2887 4233 2979 4290 sed
3027 4231 3365 4288 Catholicum
3419 4232 3532 4301 ipse

1957 4327 2276 4401 pronuntiat
2325 4329 2378 4383 in
2428 4343 2539 4383 sure
2586 4326 2956 4396 responsionis
2996 4323 3242 4397 prologo,
3277 4333 3332 4377 ιιι
3369 4338 3529 4392 quem

1954 4437 2060 4476 non
2084 4418 2487 4482 malevolentia,
2505 4418 2596 4473 sed
2625 4415 3020 4479 benevolentia,
3044 4431 3164 4486 qum
3193 4415 3292 4485 ipsi
3319 4414 3529 4468 inﬁrma

278 4516 379 4572 est,
405 4506 620 4578 Hugoni
648 4507 862 4564 incluso
894 4507 1119 4580 legenda
1141 4509 1378 4565 consulit
1409 4509 1460 4564 in
1500 4498 1587 4578 ep.
1617 4507 1690 4563 22
1720 4508 1755 4562 1.
1786 4523 1846 4564 ιι.
1883 4531 1928 4585 ι)
1955 4512 2072 4567 visa
2109 4519 2257 4575 sunt,
2301 4508 2628 4566 confutanda
2664 4506 2973 4575 suscepisse
2999 4507 3244 4570 censuit;
3276 4516 3334 4559 ut
3372 4506 3446 4557 ait
3479 4505 3530 4557 iu

279 4595 388 4652 Etsi
415 4597 633 4653 libellus
669 4598 771 4654 iste
804 4599 1196 4655 sententiarum
1241 4615 1304 4656 ac
1331 4599 1693 4655 subtilissima:
1715 4614 1848 4654 con-

279 4689 646 4758 templationis
669 4689 906 4760 pondere
929 4705 1160 4760 magnus
1180 4698 1348 4756 esset,
1368 4700 1426 4745 ut
1453 4691 1528 4746 ait
1546 4690 1850 4745 Willelmus

279 4780 544 4837 Gemmet.
574 4781 668 4836 lib.
701 4797 754 4836 vr
791 4782 933 4838 Hist.
967 4781 1315 4848 Northman.,
1351 4799 1401 4838 c.
1427 4784 1492 4848 9,
1521 4783 1741 4852 quidam
1772 4791 1853 4837 ta-

278 4887 395 4928 men
443 4873 602 4943 hujus
633 4873 763 4930 libri
803 4875 1273 4930 ratiocinationem
1313 4875 1591 4947 confutare
1633 4889 1847 4944 aggresc

277 4979 366 5020 sus
408 4975 520 5032 est,
571 4967 636 5022 de
679 4981 788 5038 quo
827 4968 881 5022 in
922 4967 1194 5037 sequentis
1227 4967 1470 5037 opusculi
1505 4981 1736 5022 censura
1771 4965 1852 5020 di-

277 5069 483 5111 CCDIUS.

343 5145 754 5202 Observandum
777 5146 866 5202 hic
889 5156 1138 5218 superest
1158 5147 1301 5219 quod
1333 5163 1454 5203 cum
1477 5146 1535 5203 S.
1563 5146 1851 5203 Anselmus

280 5235 532 5292 indubius
555 5239 628 5293 sit
651 5238 873 5308 hujusce
901 5240 1140 5310 opusculi
1167 5248 1373 5304 auctor,
1399 5253 1464 5294 ex
1488 5255 1593 5310 quo
1614 5238 1851 5294 maxima

278 5338 400 5393 pars
427 5327 720 5392 Manualis,
764 5331 909 5399 quod
956 5328 1013 5384 S.
1056 5329 1339 5401 Augustini
1373 5331 1628 5401 operibus
1662 5329 1853 5384 iusrri-

281 5424 386 5484 tur,
414 5418 648 5473 conﬂata
674 5428 775 5483 est,
811 5419 1016 5490 liquido
1053 5429 1267 5475 constat
1297 5420 1542 5476 Manuale
1573 5420 1711 5475 istud
1744 5436 1851 5475 non

278 5507 589 5578 Augustini,
620 5512 715 5565 sed
752 5527 946 5582 magna
970 5528 1035 5566 ex
1067 5521 1220 5582 parte
1251 5513 1488 5568 Anselmi
1515 5512 1680 5567 fetum
1707 5528 1848 5575 esse.

277 5606 336 5651 ut
358 5599 496 5654 infra
523 5601 1018 5658 demonstrabimus
1047 5603 1097 5657 in
1121 5619 1349 5659 censura
1374 5603 1734 5660 Meditationis
1759 5603 1846 5669 21,

273 5701 396 5762 quae
427 5691 614 5764 incipit
643 5710 658 5748 ;
689 5691 788 5748 Eia
819 5711 972 5762 nunc,
1003 5702 1131 5763 etc.,
1162 5703 1213 5752 et
1237 5710 1302 5753 ex
1333 5695 1437 5752 isto
1463 5696 1720 5769 opusculo
1742 5705 1855 5754 tom

272 5790 531 5854 excerpta
560 5793 663 5840 est.

1953 4603 2174 4672 hujusce
2221 4599 2556 4672 Apologetici
2608 4597 2872 4652 clausula.
2919 4595 3044 4650 Hzec
3081 4595 3140 4650 S.
3191 4594 3531 4654 Ansclmum,

1953 4694 2079 4749 dum
2119 4691 2273 4748 Becci
2323 4691 2472 4762 prior
2512 4697 2656 4744 esset
2702 4687 2870 4758 (circa
2912 4703 3003 4741 an.
3039 4685 3200 4756 1070)
3243 4685 3534 4756 scripsisse

1954 4785 2213 4842 discimus
2235 4783 2301 4838 ab
2333 4782 2607 4836 Eadmero
2632 4781 2799 4834 citato
2832 4779 2970 4835 loco.

1953 4897 2198 4954 CENSUBA
2232 4910 2374 4951 unm
2408 4908 2502 4950 seu
2531 4908 2800 4949 εριετοιηε
2838 4891 2913 4945 De
2943 4891 3046 4960 ﬁde
3081 4890 3353 4945 Trinitatis
3384 4899 3431 4943 et
3463 4889 3526 4942 de

2444 4963 2824 5018 Incarnatione
2862 4961 3037 5016 Verbi.

2023 5057 2124 5113 Hic
2149 5057 2287 5112 liber
2318 5063 2495 5110 exstat
2519 5055 2571 5109 in
2601 5054 2852 5109 omnibus
2881 5052 2995 5106 sive
3021 5065 3148 5104 mss.
3179 5049 3291 5102 sive
3317 5048 3534 5102 excusis

1954 5149 2128 5205 sancti
2165 5147 2410 5203 Anselmi
2451 5144 2889 5215 exemplaribus;
2932 5152 2986 5197 et
3025 5141 3240 5211 quidem
3279 5141 3532 5195 inventus

1954 5248 2036 5295 est
2069 5239 2147 5294 sic
2186 5245 2516 5308 prtenotatus
2559 5251 2574 5291 :
2622 5234 2775 5290 Liber
2809 5235 2912 5289 sive
2933 5233 3150 5302 epistola
3182 5233 3244 5286 de
3275 5232 3400 5301 ﬁde,
3430 5250 3531 5287 seu

1959 5330 2111 5385 Liber
2130 5332 2193 5385 de
2214 5329 2585 5384 Inearnatione
2613 5327 2773 5382 Verbi
2805 5335 2986 5380 contra
3013 5323 3251 5390 Jttda'os,
3280 5334 3337 5380 ut
3369 5326 3530 5380 fidem

1957 5423 2086 5477 facit
2111 5423 2334 5493 hujusce
2361 5421 2528 5478 libelli
2561 5419 2809 5490 prml‘atio
2839 5419 2891 5472 in
2929 5418 3257 5475 cditiouibus
3283 5419 3530 5474 Gothiris

1956 5528 2076 5583 qua:
2104 5526 2203 5566 nec
2225 5526 2426 5566 annum
2452 5525 2553 5566 nec
2576 5510 2751 5564 locum
2775 5508 2997 5577 habent,
3030 5517 3084 5564 ct
3117 5510 3168 5563 in
3199 5524 3427 5578 quarum
3453 5509 3533 5562 al-

1957 5613 2068 5658 tera
2091 5603 2414 5658 omittuntur
2457 5603 2571 5656 haec
2596 5600 2777 5665 verba,
2826 5611 3007 5655 contra
3033 5599 3283 5664 Judteos;
3315 5613 3434 5668 quae
3473 5609 3528 5653 et

1956 5698 2007 5752 in
2032 5693 2484 5762 subsequentibus
2502 5701 2686 5762 postea
2707 5693 3032 5750 oditionious
3054 5693 3247 5747 merito
3261 5696 3527 5763 exp-meta

1958 5794 2101 5846 sunt.
2135 5785 2467 5858 lrrcpseraut
2500 5784 2664 5852 enim,
2713 5794 2771 5841 ut
2798 5787 3046 5860 conjicio,
3090 5801 3155 5841 ex
3203 5783 3522 5849 Trithemio,
